4060 6396
374 347 498 415 1551
1702 343 1953 408 PROCOI

2091 342 2336 405 G‘AZIEI
3502 337 3638 402 1552

432 461 778 534 Apotlinarii.
804 491 873 501 η-
890 424 1124 515 Nomine
1170 458 1320 514 enim
1351 457 1563 513 Christi
1586 469 1781 513 omnes
1811 474 1942 529 pur-
1975 463 2020 519 Α

358 552 1287 627 gantur,sanantur,baptizantur,
1347 549 1496 621 quod
1546 565 1734 605 veram
1786 550 1947 605 nobis

359 648 547 703 odoris
567 646 889 703 suavitatem
946 642 1183 706 confert,
1217 640 1505 711 Spiritum,
1536 640 1783 711 inquam,
1815 655 1947 695 san-

360 750 533 801 ctum,
566 751 874 809 nomenque
916 738 1018 791 hoc
1067 735 1318 803 cll‘usum,
1351 735 1594 808 Spiritus
1621 735 1945 792 eﬂusioncm

362 833 416 885 in
441 844 635 884 omnes
665 828 1094 898 operaturjuxta
1147 826 1284 880 illttd
1328 845 1340 881 :
1379 846 1397 879 ι
1449 826 1643 882 Sanati
1691 829 1829 882 estis
1891 835 1946 881 et

358 921 640 987 iustiﬁcati
658 920 791 974 estis
814 918 868 972 in
895 917 1117 971 nomine
1133 915 1347 973 Domini
1363 918 1538 973 nostri
1559 917 1688 973 Jesu
1711 917 1942 982 Christi,

357 1024 413 1067 et
442 1014 494 1067 in
531 1012 735 1081 Spiritu
766 1008 858 1064 Dei
893 1008 1069 1064 nostri
1102 1008 1145 1062 ⁵.
1187 1027 1206 1060 ι
1229 1006 1361 1076 Quae
1391 1009 1521 1063 dum
1580 1022 1780 1062 nomen
1840 1008 1944 1061 hoc

362 1113 601 1173 prtestat,
620 1102 744 1175 jure
761 1103 958 1157 merito
985 1110 1324 1172 unguentum
1346 1100 1578 1157 eﬁ‘usum
1611 1100 1835 1154 dicitur.

432 1196 723 1264 Propterea
753 1192 1165 1248 adolescentulw
1193 1190 1494 1246 dilexerunt
1539 1200 1588 1245 te
1616 1207 1629 1244 :
1657 1188 1850 1265 [νειιε.
1872 1188 1941 1262 5]
1978 1250 1984 1259 1

360 1294 638 1339 traxerunt
675 1295 723 1340 te
754 1299 773 1340 :
794 1294 912 1355 post
956 1293 1002 1339 te
1032 1286 1086 1338 in
1133 1285 1350 1340 odorem
1385 1290 1775 1354 unguentorum
1817 1291 1940 1335 tuo-

357 1397 473 1433 τιιηι
511 1394 807 1433 curramus.

427 1469 689 1540 Gregorii.
715 1498 788 1510 —
817 1467 952 1535 Quis
974 1468 1119 1524 enim
1166 1465 1484 1521 istiusmodi
1514 1465 1942 1536 pulchritudinis

354 1575 542 1613 amore
578 1573 684 1613 non
718 1558 992 1629 capietur,
1041 1557 1340 1614 dummodo
1373 1558 1638 1629 praeditus
1672 1558 1744 1614 sit
1776 1559 1941 1612 oculo

354 1666 466 1719 quo
496 1648 646 1707 cerni
672 1646 1219 1719 possit?Traxerunt
1280 1649 1465 1720 itaque
1504 1648 1683 1718 ipsum
1708 1648 1775 1703 ad
1815 1648 1941 1703 red-

355 1741 672 1803 :unaudum,
706 1740 784 1796 ait
825 1741 973 1796 enim
1020 1739 1302 1812 Sapientia
1338 1757 1354 1795 :
1416 1759 1434 1793 ι
1498 1738 1613 1811 Ego
1646 1738 1940 1810 diligentes

361 1845 450 1885 tne
472 1831 643 1900 diligo
667 1830 711 1885 ⁸.
754 1848 775 1881 ι

342 1906 345 1909 ’
427 1921 636 1993 Cyrilli.
666 1952 737 1961 -—
769 1920 1226 1981 Adolescentulus
1270 1928 1389 1976 erat
1443 1918 1648 1977 Paulus
1686 1919 1873 1979 dicens
1926 1935 1939 1973 :

362 2028 380 2058 ι
407 2010 601 2063 Omnia
620 2023 842 2078 possunt
862 2010 914 2063 iu
945 2023 1012 2063 eo
1028 2008 1120 2076 qui
1147 2023 1235 2064 nte
1263 2005 1558 2075 confortat,
1598 2006 1878 2062 Christo‘.
1915 2024 1934 2059 ι

353 2097 583 2168 PrOpter
615 2096 759 2166 quod
780 2098 943 2151 etiam
984 2096 1176 2150 dilexit
1205 2096 1364 2152 valde
1411 2096 1541 2150 dum
1594 2095 1671 2151 ait
1706 2112 1719 2150 :
1758 2114 1777 2147 ι
1808 2096 1944 2162 Quis

358 2206 457 2245 uos
495 2187 819 2257 soput‘abita
842 2186 1118 2241 charitate
1144 2187 1348 2239 Christi
1382 2185 1443 2240 7?
1474 2203 1491 2237 ι
1528 2184 1813 2251 Quomodo
1843 2200 1943 2240 au-

359 2291 464 2349 tem
497 2279 676 2347 ipsum
710 2285 1062 2333 attraxerunt
1099 2277 1237 2332 ille?
1264 2277 1401 2333 Dum
1430 2278 1678 2350 vestigiis
1707 2278 1829 2348 eius
1858 2279 1943 2333 in-

355 2370 630 2424 sistebant
690 2378 745 2423 et
799 2366 1147 2436 Evangelicis
1204 2367 1502 2443 unguentis
1584 2366 1939 2421 fruebantur.

354 2463 514 2528 Quod
565 2463 610 2518 si
648 2476 964 2525 curramus,
1021 2472 1081 2516 ut
1110 2478 1238 2518 mox
1267 2463 1344 2517 ait
1394 2462 1939 2518 adolescentularum

355 2571 561 2619 sermo,
622 2572 641 2607 ι
684 2561 809 2625 post
853 2553 1146 2611 Dominum
1185 2553 1352 2609 Deum
1390 2555 1801 2610 ainbulabitnus
1832 2554 1873 2607 '.
1915 2571 1934 2605 ι

428 2643 736 2699 Introduxit
763 2660 843 2698 me
864 2659 956 2699 rea;
975 2644 1029 2699 in
1072 2643 1374 2699 cubiculum
1405 2660 1582 2699 suum.

429 2735 689 2809 Gregorii.
720 2767 791 2778 —-
828 2738 1044 2797 Animae
1073 2739 1296 2807 quidem
1332 2737 1517 2811 adhuc
1546 2728 1782 2811 juvenes
1807 2752 1937 2793 cur-

357 2836 487 2882 runt
516 2830 568 2883 iu
602 2829 830 2885 odorem
865 2839 1295 2900 unguentorum.
1335 2828 1550 2899 Sponsa
1578 2839 1760 2885 autem
1816 2844 1940 2900 per-

358 2927 501 2975 ιυοιιι
557 2921 705 2976 sicut
734 2919 941 2975 Paulus
992 2919 1369 2981 introducitur
1406 2920 1461 2974 in
1519 2919 1828 2993 penetralia
1887 2928 1942 2977 et

357 3030 586 3082 icgnum
624 3015 917 3069 malorum.

433 3107 699 3179 Origeuis.
728 3135 805 3175 -ν
821 3103 1096 3174 Loquitur
1125 3103 1192 3160 de
1219 3104 1701 3175 impcnetralibus,
1723 3116 1832 3160 etc.

429 3256 649 3360 Cyrilli:
691 3316 761 3331 --
793 3284 1041 3358 Regnum
1096 3282 1508 3355 quodammodo
1567 3283 1806 3367 appellat
1858 3283 1946 3340 hic

302 3392 321 3403 ‘
357 3382 705 3437 cubiculum.

437 3470 575 3526 ΝΗ.
601 3503 669 3513 --
692 3469 1018 3529 Cubiculum
1051 3467 1182 3524 dicit
1205 3482 1406 3541 corpus
1430 3467 1769 3523 Dominicum
1800 3467 1947 3538 quod

358 3565 669 3620 introduxit
728 3564 887 3620 beata
964 3563 1150 3617 anima
1220 3559 1332 3616 Deo
1389 3558 1570 3616 Verbo
1617 3559 1947 3617 cohabitans

357 3668 413 3715 et
452 3648 601 3713 nu'nc
647 3672 771 3713 cunt
820 3672 887 3712 eo
936 3668 1193 3728 regnans.
1256 3650 1460 3708 Deinde
1490 3654 1638 3723 quod
1683 3668 1782 3722 par
1828 3663 1950 3709 erat

350 3746 592 3821 patiens
646 3763 769 3821 qua:
789 3748 857 3802 de
888 3744 1176 3821 Syuagoga
1242 3743 1507 3809 videbant
1559 3750 1733 3813 ipsam
1789 3747 1949 3817 quasi

359 3841 685 3912 gloriantem
711 3846 765 3894 et
812 3835 1052 3911 superbo
1108 3849 1262 3907 gestu
1304 3834 1472 3900 illud,
1511 3832 1824 3889 Introduxit
1868 3851 1949 3890 me

359 3940 521 3993 rexi"
549 3935 850 3995 cubiculum
880 3949 1057 3999 suum,
1087 3932 1155 3987 ad
1178 3931 1621 3995 adulescentulas
1641 3931 1946 4002 dicentem;

358 4032 466 4087 hoc
500 4038 624 4099 apte
645 4026 709 4081 ad
740 4040 970 4096 scopum
996 4026 1289 4080 sententia:
1317 4039 1680 4097 cognoscens,
1698 4036 1751 4087 et
1780 4027 1949 4082 obor-

360 4130 471 4173 tam
501 4120 635 4188 ipsis
676 4133 742 4170 ex
776 4117 880 4170 hac
903 4117 1225 4185 narratione
1250 4115 1574 4186 zelotypiam
1601 4115 1945 4187 conjectans,

360 4209 761 4281 qnmiguohilis
792 4214 846 4261 et
872 4208 1028 4276 nigra
1064 4221 1125 4261 se
1156 4204 1653 4262 itliscouvenieutc
1680 4208 1951 4264 cubiculo

362 4303 506 4372 regis
552 4298 833 4370 dignatam
882 4296 1185 4366 gloriatur;
1229 4298 1397 4367 quod,
1432 4306 1491 4359 ut
1558 4298 1794 4359 aiebam,
1845 4299 1952 4354 illae

363 4396 536 4462 ipsum
607 4388 1014 4460 quodammodo
1062 4389 1496 4459 contempserint
1574 4399 1630 4444 ct
1680 4390 1953 4448 irriserint

2133 454 2587 521 Ἀπολιναρίου.
2617 480 2688 492 υ·-
2719 452 2810 523 Τῷ
2852 454 2963 525 γὰρ
3000 453 3226 520 ὀνόματι
3269 449 3364 504 τοῦ
3399 452 3639 522 Χριστοῦ

2046 543 2435 618 καθαρίζονται
2460 543 2657 609 πάντα,
2684 542 2893 611 ἰῶνται,
2917 542 3296 616 βαπτίζονται,
3322 541 3420 613 τὴν
3447 544 3637 610 ἀληθι-

2046 636 2145 706 νὴν
2180 636 2315 706 ἡμῖν
2343 632 2575 707 εύωδίαν
2606 633 2961 700 ἑνοικίζονται
2985 651 2997 664 ·
3040 633 3190 704 λέγει
3229 632 3288 687 δὲ
3318 633 3380 686 τὸ
3411 633 3639 700 Πνεῦμα

2045 724 2107 779 τὸ
2159 724 2338 793 ἅγιον,
2384 725 2480 779 καὶ
2512 723 2574 777 τὸ
2625 725 2858 795 ἐκχυθὲν
2905 725 3078 795 ὄνομα
3123 723 3225 796 τὴν
3272 722 3494 794 ἔκχυσιν
3543 726 3639 779 τοῦ

2046 814 2365 884 Πνεύματος
2397 814 2492 867 ἐπὶ
2523 812 2728 877 πάντας
2751 813 3070 884 ἐργάζεται,
3105 813 3249 867 κατὰ
3275 813 3356 877 τὸ,
3388 831 3407 865 ι
3450 813 3641 882 Ἠγιάο

2048 902 2212 972 σθητε
2234 903 2328 955 καὶ
2349 900 2707 973 ἐδικαιώθητε
2724 902 2782 955 ἐν
2800 902 2876 974 τῷ
2894 902 3120 974 ὀνόματι
3139 901 3233 956 τοῦ
3257 903 3341 955 Κυ
3349 902 3466 975 ρίου
3483 905 3515 974 ἡ
3522 904 3640 973 μῶν

2058 991 2233 1064 Ἰησοῦ
2256 992 2615 1063 Χριστοῦ,καὶ
2632 996 2689 1047 ὲν
2711 993 2790 1063 τῷ
2807 993 3089 1065 Πνεύματι
3109 992 3202 1047 τοῦ
3227 992 3364 1047 Θεοῦ
3384 995 3543 1065 ἡμῶν
3566 1011 3582 1027 ·
3610 1014 3630 1048 ι

2046 1084 2192 1155 ἆπερ
2228 1085 2416 1141 ποιοῦν
2468 1082 2730 1155 τοῦνομα,
2774 1085 2947 1156 μύρον
2974 1085 3201 1149 εἰκότως
3239 1086 3563 1141 ἐκκενωθέν.

2118 1178 2220 1229 Διὰ
2252 1174 2430 1230 τοῦτο
2484 1173 2758 1240 νεάνιδες
2790 1171 3122 1245 ἠγάπησών·
3182 1187 3286 1227 σε·
3314 1169 3413 1245 [γ’]
3440 1173 3643 1228 εἵλκυ-

2044 1258 2166 1314 σάν
2208 1276 2315 1314 σε·
2348 1261 2545 1315 ὀπίσω
2588 1274 2706 1317 σου
2749 1265 2834 1330 εις
2885 1262 3090 1333 ὀσμὴν
3116 1261 3313 1332 μύρου
3338 1277 3458 1316 σου
3499 1260 3639 1330 δρα-

2039 1352 2298 1422 μοῦμεν.

2114 1444 2471 1515 Γρηγορίου.
2520 1474 2593 1485 —
2645 1445 2744 1507 Τίς
2785 1443 2894 1515 γὰρ
2942 1443 3187 1498 τοιούτου
3236 1441 3471 1506 κάλλους
3544 1442 3639 1495 ἁν-

2043 1536 2296 1608 έραστος,
2332 1538 2381 1589 εί
2430 1535 2590 1607 μόνον
2624 1535 2903 1606 ὀφθαλμὸν
2951 1536 3063 1605 ἔχει
3097 1535 3190 1587 τὸν
3227 1533 3529 1587 ὲνατενίσαι
3567 1534 3635 1604 τῇ

2045 1628 2164 1701 ὥρᾳ
2185 1628 2486 1699 δυνάμενον
2514 1646 2529 1695 ;
2564 1628 2839 1682 Εἵλκυσαν
2873 1623 2970 1682 οὖν
3004 1626 3167 1681 αὑτὸν
3195 1626 3276 1690 είς
3313 1624 3635 1694 ἀνταγάπη-

2045 1737 2165 1775 σιν·
2195 1723 2362 1791 φησὶν
2407 1720 2518 1791 γὰρ
2549 1723 2586 1793 ἡ
2625 1720 2828 1792 Σοφία·
2871 1739 2890 1773 ι
2942 1718 3087 1789 Ἐγὼ
3108 1719 3236 1783 τοὺς
3279 1718 3383 1790 ἐμὲ
3423 1716 3639 1786 φιλοῦνο

1970 1804 2019 1866 Β
2047 1830 2147 1876 τας
2180 1813 2407 1883 ἀγαπῶ.
2445 1831 2465 1866 ι

2114 1905 2516 1974 Κυρίλλου.-
2541 1904 2741 1968 Νεᾶνις
2771 1901 2849 1977 (6i
2880 1898 2948 1975 ἦν
2972 1901 3070 1957 καὶ
3090 1900 3303 1966 Παῦλος
3325 1918 3341 1935 ·
3371 1920 3389 1951 ι
3427 1899 3634 1965 Πάντα,

2044 1997 2241 2065 λέγων,
2270 1995 2442 2067 ίσχύω
2489 1997 2548 2049 ὲν
2583 1994 2664 2066 τῷ
2698 1993 3088 2066 ἐνδυναμοῦντί
3122 2010 3188 2064 με
3223 1991 3467 2064 Χριστῷ,
3510 2008 3529 2042 ι
3561 1990 3641 2046 διδ

2044 2088 2139 2140 καὶ
2168 2085 2288 2140 λίαν
2321 2086 2580 2157 ἠγάπησε
2606 2086 2832 2154 φάσκων
2855 2101 2869 2115 ·
2921 2102 2940 2135 ι
2972 2083 3067 2147 Τίς
3105 2083 3254 2154 ἡμᾶς
3279 2081 3506 2153 χωρίσει
3532 2081 3641 2134 ἀπὸ

2042 2180 2144 2248 τῆς
2186 2179 2408 2249 ἀγάπης
2429 2177 2526 2231 τοῦ
2554 2176 2792 2247 Χριστοῦ
2808 2192 2829 2253 ';
2860 2194 2878 2229 ι
2921 2174 3038 2238 πῶς
3059 2174 3115 2228 δὲ
3146 2175 3310 2228 αὑτὸν
3346 2173 3637 2237 animum;

2044 2264 2487 2337 ἁκολουθήσασαι
2521 2264 2636 2328 τοῖς
2678 2266 2885 2336 ῐχνεσιν
2928 2262 3118 2328 αὑτοῦ,
3146 2264 3241 2317 καὶ
3272 2262 3381 2317 τῶν
3405 2263 3640 2331 εὐαγγε-

2046 2357 2219 2411 λικῶν
2245 2355 2630 2411 ἀπολαύσασαι
2663 2356 2853 2427 μύρων
2873 2371 2887 2387 ·
2915 2355 2933 2376 “
2960 2356 3011 2408 εί
3041 2354 3098 2409 δὲ
3129 2354 3476 2425 δραμοῦμεν,
3500 2353 3641 2425 ἔχων

2042 2449 2152 2504 τῶν
2189 2450 2446 2505 νεανίδων
2483 2451 2513 2503 ό
2548 2449 2730 2518 λόγος,
2763 2466 2783 2501 ι
2832 2448 2975 2502 κατὰ
3011 2447 3073 2501 τὸ
3099 2447 3276 2500 ὀπίσω
3304 2446 3511 2516 Κυρίου
3542 2444 3640 2499 τοῦ

2043 2541 2183 2597 Θεοῦ
2210 2540 2621 2615 πορευσόμεθα.
2660 2559 2679 2592 ι

2112 2632 2416 2703 Εὶσήταγέ
2431 2646 2509 2701 με
2534 2634 2566 2686 ό
2588 2628 2895 2696 ,βασιλεὺς
2920 2632 3015 2705 ,είς
3036 2629 3103 2683 τὸ
3127 2627 3395 2698 ταμιεῖον
3428 2629 3637 2686 αὐτοῦ.

2114 2727 2133 2748 ⁶
2174 2725 2525 2794 Γρηγορίου.
2552 2752 2625 2764 -
2647 2721 2833 2793 Αιμὲν
2854 2722 2937 2775 ἔτι
2961 2721 3330 2791 νηπιάζουσαι
3363 2721 3640 2793 προστρέ-

2043 2832 2237 2886 χουσαι
2278 2818 2344 2886 τῇ
2390 2815 2620 2884 εὐωδίᾳ·
2658 2815 2693 2883 ἡ
2729 2813 2787 2866 δὲ
2830 2812 3186 2867 τελειωθεῖσα
3215 2812 3405 2883 νύμφη
3455 2813 3541 2877 είς
3570 2813 3643 2868 τὰ

2042 2907 2212 2961 ἄδυτα
2241 2905 2316 2970 ώς
2352 2908 2379 2959 ό
2409 2904 2621 2970 Παῦλος
2653 2904 2934 2974 είσάγεται
2963 2904 3061 2959 καὶ
3115 2904 3197 2967 είς
3230 2902 3329 2976 τὴν
3362 2902 3642 2974 βασιλείαν

2042 2996 2150 3049 τῶν
2180 2997 2447 3069 οὖρανῶν.

2130 3089 2487 3160 Ὠριγένουᾳ
2510 3117 2583 3131 -
2613 3089 2821 3158 Ἤγουν
2855 3088 3120 3149 ἀδύνατον
3163 3089 3266 3159 τὴν
3314 3087 3642 3161 ἀξιέραστον

1972 3155 2016 3214 ο
2046 3155 2219 3251 λέγεζ,
2244 3155 2301 3236 δὲ.
2331 3198 2385 3235 τ.
2417 3180 2469 3235 λ.
2504 3181 2608 3253 (7).

2120 3275 2493 3343 ‘Kvpluov.
2555 3303 2624 3314 -—
2668 3273 2905 3328 Ἥντινα
2954 3270 3236 3344 βασιλείαν
3279 3274 3531 3340 ταμιεῖον
3580 3273 3645 3331 ὲν

2046 3367 2162 3430 τοῖς
2188 3365 2427 3436 παροῦσι
2465 3365 2899 3437 προσαγορεύει.

2118 3457 2350 3511 Νείλου
2368 3455 2468 3525 (8).
2491 3486 2562 3497 -
2580 3456 2864 3526 Ταμιεῖον,
2890 3456 2951 3508 τὸ
2984 3454 3142 3524 σῶμα
3164 3455 3314 3523 λέγει
3337 3457 3399 3509 τὸ
3429 3457 3643 3528 Κυρια-

2048 3549 2167 3616 κδν,
2192 3550 2272 3612 είς
2299 3548 2328 3603 ὃ
2355 3550 2610 3618 εἰσῆκται
2642 3550 2676 3620 ὴ
2712 3547 2964 3618 μακαρία
2992 3548 3142 3618 ψυχὴ
3173 3550 3545 3620 συνοικήσασα
3562 3549 3647 3620 τῷ

2049 3642 2171 3714 Θεῷ
2195 3641 2357 3713 Λόγῳ
2390 3643 2488 3696 καὶ
2516 3640 2998 3714 συμϐασιλεύουσα
3032 3642 3135 3698 σὺν.
3170 3642 3349 3712 αὐτῷ·
3392 3644 3474 3707 είς
3503 3644 3669 3715 ὅπερκ

2050 3734 2246 3789 παθεῖν
2267 3729 2335 3806 ἦν
2351 3732 2498 3794 εἰκὸς
2516 3732 2615 3795 τὰς
2638 3731 2745 3786 ἀπὸ
2762 3732 2859 3803 τῆς
2876 3732 3212 3802 Συναγωγῆς
3234 3731 3450 3800 ὁρώσας
3466 3735 3644 3806 αὐτὴν

2047 3826 2251 3881 ὡσανεὶ
2295 3825 2737 3897 φρυαττομένην,
2770 3826 2867 3878 καὶ
2903 3824 3044 3895 μετὰ
3085 3826 3366 3897 σχήματος
3406 3825 3645 3898 σοϐαροῦ

2012 3922 2017 3929 “
2047 3918 2133 3985 τὸ,
2155 3915 2460 3987 Είσήγαγέ
2469 3933 2547 3986 με
2564 3918 2597 3970 ὁ
2612 3915 2916 3982 ,βασιλεὺς
2932 3918 3020 3982 είς
3039 3915 3107 3969 τὸ
3137 3916 3405 3987 ταμιεῖον
3430 3918 3644 3983 αὑτοῦ,

2051 4010 2189 4080 πρὸς
2204 4011 2302 4073 τὰς
2319 4008 2566 4072 νεάνιδας
2578 4007 2862 4076 λέγουσαν·
2878 4008 3025 4062 τοῦτ’
3044 4008 3332 4073 εύσκόπως
3350 4012 3416 4082 τῇ
3447 4010 3645 4085 γνώμῃ

2052 4100 2349 4166 συνειδυῖα,
2367 4100 2459 4154 καὶ
2474 4100 2573 4169 τὴν
2591 4097 2902 4167 κινηθεῖσαν
2920 4098 3110 4162 αὑταῖς
3121 4100 3186 4152 ἐκ
3199 4100 3292 4153 τοῦ
3305 4100 3649 4172 διηγήματος

2054 4190 2389 4263 ζηλοτυπίαν
2422 4191 2807 4260 στοχασαμένη
2838 4205 2852 4220 ·
2882 4190 2934 4243 εί
2954 4189 3064 4244 τῶν
3098 4190 3339 4255 ἐκείναις
3374 4193 3650 4265 καθηκόν-

2056 4300 2166 4337 των
2193 4270 2466 4351 ταμὶείων
2507 4280 2604 4335 τοῦ
2637 4281 2901 4353 βασιλέως
2933 4282 3263 4356 ὴδυσμενὴς
3291 4287 3384 4340 καὶ
3413 4287 3650 4358 μέλαινα

2054 4370 2324 4442 ἠξιῶσθαι
2355 4372 2531 4441 αὐχεῖ,
2558 4370 2699 4442 ὅπερ
2731 4367 2889 4425 εἷπον
2928 4371 2993 4426 ἂν
3021 4371 3648 4439 ὲκεῖναι,ἐξουδενοῦσαι

361 4461 597 4534 candide
636 4479 811 4533 fateri
840 4476 1067 4531 minime
1104 4476 1409 4543 erubescit,
1444 4477 1794 4551 adjungendo
1814 4494 1947 4535 cau-

2061 4466 2228 4536 αύτὴν
2261 4465 2357 4518 καὶ
2380 4461 2771 4535 χλευάζουσαι,
2804 4464 2961 4519 τοῦτο
2980 4465 3340 4537 εὐγνωμόνως
3362 4468 3650 4539 ὁμολογεῖν

361 4587 479 4626 sam
507 4587 607 4625 cur
638 4570 904 4626 benevole
934 4584 965 4623 a
1002 4584 1207 4640 sponso
1246 4571 1572 4644 compellata
1611 4573 1707 4630 sit.

439 4738 788 4809 Exsultemus
807 4752 1127 4808 rt’la’lemur
1150 4755 1205 4807 in
1245 4762 1316 4809 te.

438 4842 1270 4914 Procopii.——Adolescentulaa
1328 4843 1522 4898 dicunt
1583 4859 1801 4915 sponsae
1851 4845 1957 4899 im-

348 4937 576 5006 pertire
596 4934 988 5006 cognitionem,
1026 4933 1492 5003 quemadmodum
1554 4935 1601 4991 is
1629 4936 1722 5006 qui
1783 4952 1953 5007 supra

372 5033 565 5093 pectus
590 5022 798 5078 Christi
824 5024 1078 5093 recubuit
1103 5033 1157 5079 et
1179 5024 1248 5078 ab
1277 5030 1346 5080 eo
1377 5025 1612 5082 dilectus
1671 5026 1776 5081 l‘uit
1797 5028 1953 5084 theo-

373 5114 578 5182 logiam
608 5113 900 5170 nobiscum
926 5115 1382 5170 communicavit.

448 5201 716 5278 Gregorii.
752 5234 821 5245 —
860 5204 965 5262 Per
991 5206 1132 5262 hanc
1153 5208 1483 5263 sententiam
1523 5209 1956 5265 ecclesiasticam

445 5387 468 5421 ⁸
496 5386 515 5442 Ι
548 5387 677 5444 Cor.
720 5403 793 5455 Vl,
818 5389 903 5447 ll.
942 5387 964 5419 ³
990 5385 1158 5441 Prov.
1201 5403 1325 5453 vni,
1358 5387 1449 5440 l7.
1526 5388 1546 5417 ⁵
1576 5385 1815 5459 Philipp.
1847 5405 1921 5456 tv,
1950 5388 2036 5443 l5.

2048 4558 2186 4631 αὕτη
2209 4560 2309 4637 ob}:
2340 4556 2694 4627 αἰσχύνεται·
2735 4559 2871 4628 μετὰ
2895 4557 2988 4611 τοῦ
3020 4558 3370 4629 προστιθέναι
3428 4560 3527 4632 τὴν
3556 4564 3648 4615 αἰ-

2048 4652 2192 4718 τίαν,
2208 4649 2304 4705 τοῦ
2326 4650 2825 4723 εὐλόγωςείρῆσθαι
2854 4650 3025 4723 αὐτὴν
3052 4651 3206 4723 παρὰ
3229 4650 3325 4706 τοῦ
3342 4652 3602 4725 Νυμφίου
3628 4695 3644 4710 .

2137 4742 2657 4813 Ἀγαλλιασὼμεθὶι
2694 4744 2795 4798 καί
2826 4744 3257 4815 εὐφρανθῶμεν
3293 4743 3367 4800 ἐν
3396 4747 3519 4802 σοι.

2124 4843 2489 4911 Προκοπιόυ.
2517 4871 2586 4883 --
2620 4841 2684 4895 Δί
2729 4841 2972 4903 νεάνιδες
2995 4843 3062 4912 τῇ
3090 4841 3284 4914 νύμφῃ
3314 4841 3487 4911 φασί·
3533 4842 3650 4897 Μι-

2056 4935 2216 5000 caro;
2245 4933 2345 5004 τῆς
2396 4933 2782 5003 ἐπιγνώσεως·
2819 4931 3079 5004 καθάπερ
3121 4934 3151 4986 ὁ
3181 4934 3649 5005 προσαναπαύσα-

2064 5044 2224 5100 μενος
2260 5025 2339 5098 τῷ
2378 5025 2567 5097 στήθει
2613 5026 2879 5097 Χριστοῦ,
2931 5025 3028 5079 καὶ
3076 5025 3325 5097 φιληθεὶς
3377 5025 3439 5092 ἐξ
3479 5026 3650 5083 αὑτοῦ

2066 5120 2343 5194 μετέδωκε
2380 5120 2482 5190 τῆς
2510 5119 2793 5189 θεολογίας
2832 5120 2985 5190 ἡμῖν.
3452 5174 3459 5181 ,

2134 5213 2491 5284 Γρηγορίου.
2525 5244 2593 5254 -
2632 5212 2707 5284 (9)
2740 5212 2840 5266 Διὰ
2887 5211 3093 5285 ταύτης
3134 5212 3237 5285 τῆς
3286 5212 3500 5286 ῥήσεως
3546 5212 3653 5285 τὴν

2116 5390 2134 5421 ⁷
2158 5386 2319 5447 Rom.
2353 5406 2472 5454 \‘Ill,
2495 5390 2583 5446 55.
2660 5393 2681 5426 ⁸
2707 5389 2847 5448 Osee
2877 5407 2953 5460 ιιι,
2980 5390 3067 5446 l0.

1921 5525 2148 5583 ΝΟΤᾸΕ.

447 5663 691 5737 (Gillzcc
742 5665 796 5720 in
859 5666 920 5722 C.
990 5663 1051 5721 B.
1113 5664 1216 5721 sub
1244 5663 1467 5720 nomine
1498 5663 1747 5738 Gregorii
1775 5666 1951 5723 conti-
2034 5652 2045 5661 ’

379 5746 644 5806 nitantur.

449 5803 527 5872 (7)
558 5805 764 5862 Patrol.
794 5815 834 5861 t.
869 5803 1038 5873 XVII,
1073 5805 1180 5861 col.
1208 5804 1337 5867 255,
1375 5806 1498 5862 556.

2258 5663 2539 5749 §_cholium
2566 5656 3107 5749 sequensanonymi
3136 5676 3223 5749 est
3255 5669 3308 5724 in

2140 5737 2240 5859 (ml
2270 5734 2395 5789 llmc
2449 5735 2509 5790 in
2562 5737 2623 5791 C.
2655 5734 2717 5792 Β.
2745 5738 2848 5794 sub
2912 5734 3136 5797 nomine
3184 5739 3439 5812 Procopii
3474 5740 3662 5796 conti-

2148 5823 2215 5858 an
2250 5822 2333 5859 ιιι.

2069 5822 2333 5860 ιιυίιιιιυι.
