4060 6462
414 409 573 474 1557

1344 410 1885 472 COMMENTARII
1935 409 2023 471 IN
2080 365 2403 471 CANTICA
2440 408 2736 470 CANTIC.

3558 395 3701 465 1553

408 517 555 587 αὔτη
583 515 694 587 γὰρ
724 513 987 587 ἀμπελὼν
1008 530 1022 546 ·
1048 514 1163 569 ἀλλ’
1181 514 1291 585 ἐγὼ
1304 516 1537 588 ταύτην,
1556 518 1742 588 φησιν,
1761 516 1863 569 οὐκ
1886 513 2011 582 ἐφύ-

2137 516 2242 581 Quae
2272 520 2416 571 enim
2440 524 2600 570 erant
2637 514 2773 570 mihi
2814 512 2992 579 lucra,
3042 513 3155 569 haec
3200 510 3442 567 arbitror
3472 518 3695 581 propter

408 608 579 674 λαεα·
638 607 797 663 ἅτινα
827 607 937 678 γὰρ
967 602 1037 678 ἦν
1069 624 1161 678 μοι
1207 608 1398 678 κέρδη,
1452 608 1625 661 ταῦτα
1666 608 1881 679 ἥγημαι
1918 605 2005 659 διὰ

407 700 504 754 τὸν
531 698 770 771 Χριστὸν
807 688 1042 767 ζημίαν·
1084 697 1160 762 ὣς
1195 715 1360 768 φησιν
1394 702 1423 752 ὁ
1467 699 1737 769 μακάριος
1768 697 2004 760 Παῦλος.

484 790 561 855 ς’.
606 790 1000 858 Ἀπάτγειλόν
1016 807 1117 858 μοι
1158 790 1231 843 ὃν
1254 790 1574 863 ἠγάπησεν
1603 790 1642 856 ἡ
1673 788 1846 858 ψυχή
1865 806 2008 857 μου,

410 881 535 936 τοῦ
580 882 940 949 ποιμαίνεις,
994 880 1113 934 ποῦ
1170 880 1457 947 κοιτάζὶης
1516 880 1587 933 ἐν
1627 879 2006 948 μεσημϐρίᾳ*

404 960 924 1041 μήποτέγένωμαι
948 970 1093 1024 ὡσεὶ
1126 971 1609 1040 περιϐίκῖλομένη
1641 970 1734 1024 ἐπ’
1763 969 2011 1039 ἀγέλαις

412 1063 671 1129 ἑταίρων
705 1077 845 1116 σου.

485 1152 848 1223 ιζρητορίὸυ.
885 1183 957 1194 -
989 1151 1244 1223 Τοῦνομά
1295 1168 1428 1216 σου,
1486 1153 1673 1223 φησὶν,
1707 1151 1910 1221 ἀγνοῶ,
1946 1151 2012 1203 ἐκ

414 1245 473 1299 δὲ
502 1246 607 1315 τῆς
631 1246 855 1317 ἀγάπης
890 1245 1044 1299 καλῶ
1068 1264 1083 1278 ο
1133 1244 1336 1314 ἀγαπῶ
1364 1246 1475 1315 γὰρ
1504 1245 1730 1307 είκότως
1758 1243 1850 1295 τὸν
1884 1243 2014 1309 ἀτα-

417 1337 676 1406 -ιιήσαντα
706 1335 805 1391 καὶ
835 1337 935 1407 τὴν
965 1336 1148 1407 ψυχὴν
1179 1336 1343 1401 θέντα
1383 1336 1523 1405 ὑπὲρ
1556 1334 1692 1404 ἐμοῦ
1715 1351 1726 1363 ·
1761 1336 1857 1386 καὶ⁸
1890 1332 2013 1401 βού-

414 1426 586 1497 λομαί
636 1443 735 1480 σου
806 1428 910 1498 τὴν
963 1428 1139 1499 νομὴν
1190 1427 1426 1498 εὑροῦσα
1493 1424 1878 1496 ἐμφορηθῆναι
1915 1426 2016 1491 τῆς

414 1519 644 1573 αίωνίου
668 1519 910 1591 τρυφῆς,
942 1513 1008 1592 ἦς
1035 1522 1063 1573 ὁ
1099 1519 1174 1591 μὴ
1216 1519 1406 1589 φαγὼν
1442 1518 1507 1571 ού
1550 1517 1773 1570 δύναται
1808 1518 1889 1578 εἰς
1915 1516 2016 1586 τὴν

416 1609 572 1678 ζωὴν
595 1609 867 1663 εἰσελθεῖν
888 1626 901 1639 ·
938 1610 1068 1663 ἔνθα
1104 1627 1171 1679 με
1200 1609 1562 1675 ἀναπαύσεις,
1591 1610 1649 1660 ἐν
1684 1607 1859 1675 ἀσκίῳ
1900 1624 2016 1677 φω-

414 1702 475 1754 τὶ
502 1703 604 1771 τῆς
633 1701 989 1766 ἀναστάσεως
1013 1719 1026 1731 ·
1060 1702 1198 1755 ἀλλά
1227 1720 1295 1773 με
1340 1701 1552 1766 δίδαξον
1586 1700 1699 1761 πῶς
1730 1700 1847 1752 ἔστι
1890 1697 2016 1752 τού-

414 1808 530 1845 των
580 1794 789 1862 τυχεῖν,
840 1794 1040 1863 μήπως
1081 1793 1466 1862 ἀποσφαλεῖσα
1524 1794 1644 1853 ταῖς
1702 1790 2017 1859 ἀλλοτρίαις

416 1880 654 1949 ἐμπέσω
678 1881 790 1934 τῶν
819 1880 930 1933 σῶν
965 1880 1233 1950 ποιμνίων
1266 1879 1490 1947 ἀγέλαις
1509 1895 1522 1908 ’
1552 1878 1766 1947 ἀγωνιᾷ.
1791 1877 1900 1946 γὰρ
1937 1877 2017 1939 εἰς

416 1970 484 2024 τὸ
517 1970 756 2038 φυλάξαι
788 1969 952 2041 μέχρι
970 1970 1163 2033 τέλους
1193 1970 1333 2038 ὅπερ
1365 1969 1635 2037 ἐκτήσατο
1671 1967 1891 2031 καλλος,
1923 1968 2019 2020 καὶ

417 2060 561 2129 mp).
594 2059 785 2113 τούτου
826 2059 1164 2115 πυνθάνεται
1191 2076 1205 2090 ’
1244 2062 1273 2113 ὁ
1314 2060 1369 2113 δὲ
1402 2059 1635 2129 νυμφίος
1688 2058 1891 2128 μείζων
1919 2056 2020 2110 πό-

419 2151 520 2204 θον
552 2151 807 2216 ἐξάπτων
849 2151 1215 2207 ἀναϐάλλεται
1262 2152 1362 2222 τὴν
1413 2152 1738 2223 ἀπόκρισιν·
1776 2151 1829 2204 οἱ
1876 2151 2021 2218 φίλοι

415 2243 481 2293 δὲ
511 2242 908 2313 ἀποκρίνονται
949 2243 1046 2296 τοῦ
1106 2242 1365 2313 νυμφίου,
1405 2245 1499 2296 καὶ
1540 2243 1758 2310 λέγουσι
1796 2243 1866 2294 τὰ
1920 2242 2020 2293 ὲπο

415 2336 695 2406 αγὸμενα,
722 2335 814 2389 τὸν
856 2335 1063 2405 τρόπον
1110 2336 1213 2404 τῆς
1262 2335 1371 2388 τῶν
1431 2333 1742 2406 προσόντων
1801 2332 2023 2402 ἀγαθῶν

420 2428 768 2497 ἀσφαλείας,
824 2428 914 2482 διὰ
968 2428 1283 2498 συμϐουλῆς
1339 2428 1743 2500 ὑφηγούμενοι·
1796 2425 1913 2480 ἔστι
1965 2427 2023 2480 δὲ

421 2518 849 2588 κεκαλυμμένος
876 2519 906 2571 ό
936 2520 1069 2587 παρ’
1105 2519 1334 2572 ἐκείνων
1374 2520 1558 2588 λόγος.

500 2633 831 2701 Κυρίλλου.
861 2662 933 2674 -
971 2632 1258 2705 Ἐταίρους
1302 2634 1481 2687 αὐτοῦ
1516 2635 1647 2696 τοὺς
1690 2635 2025 2701 ἀποστόλους

430 2724 586 2777 καλεῖ
609 2741 622 2754 ⁸
652 2725 758 2796 ἔφη
782 2726 922 2797 γάρ’
953 2744 972 2776 ι
997 2727 1111 2780 Οὐκ
1137 2726 1218 2779 ἔτι
1250 2726 1398 2794 λέγω
1431 2726 1573 2795 ὑμᾶς
1606 2726 1850 2793 δούλους,
1882 2729 2022 2782 ἀλλὰ

436 2815 641 2881 ιρὲλους.
687 2834 707 2865 ι
757 2817 906 2868 Φίλοι
936 2817 1047 2884 γάρ
1076 2820 1220 2870 ἐστε.
1265 2817 1755 2886 Περιϐαλλομένη
1790 2819 1847 2871 δὲ
1873 2819 2024 2887 λέγει

427 2906 826 2977 καλυπτομένη
854 2923 868 2936 ·
921 2907 1175 2977 λέγοντος
1227 2908 1442 2961 Παύλου
1475 2924 1489 2938 ’
1532 2909 1696 2962 «Ὅτι
1739 2909 1867 2979 ἄχρι
1920 2912 2024 2981 τῆς

426 2999 678 3066 σήμερον
735 3000 990 3071 ἡμέρας.
1049 3000 1214 3071 ἡνίκα
1265 2999 1711 3067 ἀναγινώσκεται
1776 3004 2025 3075 Μωσῆς,

426 3090 705 3161 κάλυμμα
752 3094 842 3144 ἐπὶ
894 3093 999 3162 τὴν
1052 3092 1287 3162 καρδίαν
1334 3092 1513 3145 αὐτῶν
1558 3097 1761 3147 κεῖται.
1808 3115 1827 3146 ι
1870 3094 2028 3168 Φωνὴ

425 3179 526 3236 οὖν
567 3184 601 3253 ἡ
637 3183 975 3252 μετανοοῦσα
1003 3183 1299 3255 συναγωγὴ
1325 3184 1461 3256 πρὸς
1493 3185 1756 3256 Χριστὸν,
1774 3174 2024 3257 Άήλωσόν

2139 3215 2229 3258 tur
2262 3174 2538 3273 paenitens
2581 3201 2871 3272 Synagoga
2906 3200 2986 3254 ait
3017 3214 3033 3256 :
3064 3197 3304 3253 Ostende
3354 3196 3486 3250 mihi
3541 3201 3736 3250 temet-

424 3293 529 3345 μοι
555 3275 777 3338 σαυτὸν,
825 3276 977 3340 ὅπως
1019 3277 1093 3346 μὴ
1136 3278 1246 3329 τῶν
1293 3277 1529 3347 ἑταίρων
1580 3294 1673 3332 σου
1719 3279 2029 3350 ποιμαίνων

423 3368 530 3430 τὰς
560 3366 913 3436 Ἐκκλησίας,
938 3367 1050 3436 εγὼ
1091 3366 1189 3420 ἐπὶ
1230 3366 1332 3438 τὴν
1382 3368 1612 3439 καρδίαν
1648 3369 1818 3439 μείνω
1840 3368 1903 3422 τὸ
1932 3371 2033 3425 κά-

424 3461 494 3512 λυ
503 3476 631 3528 μμα
663 3459 885 3530 ἔχουσα.

502 3554 573 3616 ζ’.
613 3553 759 3607 Ἐὰν
776 3552 863 3623 μὴ
893 3552 1053 3623 γνῷς
1081 3553 1354 3621 σεαυτὴν
1381 3554 1419 3621 ἡ
1449 3553 1610 3623 καλὴ
1628 3554 1699 3609 ἐν
1728 3554 2028 3625 γυναιξὶν,

422 3645 649 3710 ἔξελθε
681 3644 763 3700 σὺ
801 3646 872 3699 ἐν
927 3646 1212 3715 πτέρναις
1255 3645 1374 3700 τῶν
1422 3647 1716 3716 ποιμνίων
1764 3660 1905 3714 σου,
1934 3646 2034 3704 καὶ

425 3739 720 3807 ποιᾷιαινε
760 3737 865 3805 τὰς
909 3739 1157 3809 ἐρίφους
1210 3753 1329 3794 σου
1371 3739 1471 3792 ἐπὶ
1507 3740 1867 3811 σκηνώμασι
1914 3740 2036 3795 τῶν

425 3831 764 3900 ποιμένων.
1020 3860 1042 3893 ς

504 3923 872 3992 I'pnropi'ov.
910 3949 983 3965 —-
1027 3921 1200 3976 Τοῦτο
1252 3922 1646 3993 φυλακτήριον,
1689 3923 1750 3975 τὸ
1804 3921 2037 3992 σεαυτὴν

435 4016 776 4085 ὶπιγνῶναι·
809 4017 839 4069 ὁ
885 4014 944 4069 δὲ
980 4017 1096 4078 τοίς
1121 4013 1229 4068 τῶν
1265 4013 1713 4085 προοδευσάντιυν
1748 4013 2036 4083 πεπλανη-

436 4110 625 4179 μένοις
655 4108 863 4177 ἴχνεσιν
900 4106 1301 4177 ἀκολουθήσας,
1341 4106 1567 4175 λήσεται
1600 4106 1680 4167 είς
1731 4105 1919 4176 ἔριφον
1947 4108 2038 4158 ἀν-

428 4205 482 4253 τὶ
542 4199 824 4270 προϐάτου
877 4197 1223 4269 μεταϐαλών.
1289 4197 1395 4250 Τοῦ
1454 4197 1699 4266 νυμφίου
1755 4196 1939 4250 τοίνυν
1989 4197 2037 4249 οξ

428 4294 585 4363 eam
618 4291 815 4363 φασίνο
856 4291 943 4356 Ὣς
980 4293 1046 4345 ἐκ
1072 4291 1332 4363 μελαίνης
1368 4288 1517 4360 ψυχὴ
1560 4288 1836 4359 γενομένη
1869 4289 2037 4360 καλὴ,

430 4387 487 4440 ετ
524 4402 613 4439 σοι
645 4383 834 4455 μέλλει
864 4383 957 4437 τοῦ
1002 4382 1239 4452 φυλάξαι
1288 4381 1350 4434 το
1378 4381 1596 4446 κάλλος,
1637 4379 1712 4451 μὴ
1744 4381 2037 4436 ἀκολούθει

430 4477 912 4548 πεπλανημένοις,
968 4478 1180 4548 μήποτε
1228 4474 1535 4545 προστεθῇς
1565 4476 1632 4544 τῇ
1677 4474 1789 4526 τῶν
1823 4474 2034 4544 ἐρίφων

2109 605 2393 662 Christum
2421 608 2770 675 detrimenta,
2795 615 2856 662 ut
2886 607 3084 663 beatus
3117 604 3323 660 Paulus
3357 603 3456 658 ait.

2185 788 2351 844 Vens.
2386 790 2440 846 6.
2474 791 2749 845 Annuntia
2784 792 2913 845 milii
2936 807 3089 862 quem
3124 790 3316 844 dilexit
3352 788 3533 843 anima
3558 805 3696 853 mea,

2106 881 2199 935 ’τιίὴ
2251 883 2450 951 pascis,
2506 883 2593 936 ubi
2636 884 2799 938 cubas
2853 885 2907 937 in
2937 883 3201 938 meridie:
3247 898 3310 936 ne
3329 882 3467 950 forte
3503 880 3702 952 e/ﬁciar

2114 972 2522 1042 sicutadoperta
2563 989 2724 1043 super
2770 989 2950 1043 greges
2989 974 3254 1029 sodalium
3283 980 3522 1027 tuorum.

2188 1156 2446 1226 Gregorii.
2485 1185 2554 1197 —
2585 1153 2820 1220 Nomen,
2852 1155 3053 1225 inquit,
3112 1161 3269 1208 tuum
3324 1153 3539 1223 ignoro,
3597 1150 3694 1207 sed

2115 1266 2179 1303 es
2249 1247 2542 1303 dilectione
2596 1248 2856 1317 appello:
2905 1247 3075 1318 diligo
3126 1247 3400 1311 enim,ut
3439 1261 3535 1316 par
3595 1254 3703 1308 est,

2116 1346 2435 1414 diligentem
2479 1351 2533 1397 et
2566 1344 2807 1413 animam
2832 1359 2985 1397 snam
3023 1356 3122 1411 pro
3175 1357 3262 1394 me
3294 1349 3611 1411 ponentem,
3649 1348 3707 1393 et

2118 1454 2240 1492 cum
2290 1452 2493 1506 pascua
2543 1443 2634 1488 tua
2698 1435 3026 1499 invenerim,
3071 1434 3268 1503 repleri
3327 1434 3452 1486 volo
3484 1432 3698 1486 caelesti

2118 1531 2242 1585 ciba
2282 1544 2440 1599 quem
2460 1531 2554 1600 qui
2588 1543 2700 1583 non
2728 1528 2991 1590 comedit,
3028 1528 3080 1581 in
3116 1527 3284 1580 vitam
3343 1525 3555 1579 intrare
3614 1539 3710 1577 ne-

2120 1624 2270 1689 quit;
2304 1621 2380 1675 ibi
2421 1635 2509 1676 me
2546 1620 2895 1689 requiescere
2932 1619 3101 1673 facies
3163 1620 3216 1671 in
3270 1618 3393 1671 luce
3453 1629 3707 1670 resurre-

2120 1714 2343 1779 ctionis,
2375 1727 2497 1783 quae
2528 1713 2722 1767 umbra
2760 1719 2932 1767 caret.
2962 1712 3031 1765 At
3059 1711 3198 1766 doce
3230 1725 3316 1765 me
3363 1725 3471 1779 qua
3499 1709 3712 1761 ratione

2125 1804 2207 1859 las
2232 1805 2302 1858 sit
2331 1804 2449 1858 haec
2491 1801 2746 1875 adipisci,
2781 1818 2851 1857 ne
2884 1802 3028 1857 forte
3078 1802 3346 1856 oberrans
3398 1801 3456 1854 in
3500 1799 3713 1851 alienos

2125 1900 2193 1950 ah
2231 1896 2427 1951 ovibus
2451 1894 2564 1950 tuis
2600 1910 2798 1966 greges
2826 1894 3268 1960 incidam.Quam
3301 1893 3447 1946 enim
3467 1891 3712 1947 obtinuit

2124 1987 2593 2060 pulchritudinem
2626 1987 2695 2041 ad
2761 1985 2923 2041 linem
2970 2002 3142 2057 usque
3194 1986 3478 2040 cusmdire
3520 1982 3715 2037 nititur

2123 2090 2177 2136 et
2209 2080 2276 2134 de
2297 2081 2397 2134 hac
2424 2080 2748 2152 interrogat.
2786 2078 3040 2148 Sponsus
3076 2085 3259 2131 autem
3293 2076 3471 2145 majus
3514 2088 3711 2128 accen—

2124 2176 2257 2230 dens
2305 2173 2671 2239 desiderium,
2703 2171 2896 2229 differt
2956 2185 3283 2240 responsum
3325 2186 3339 2222 :
3372 2167 3542 2222 amici
3580 2178 3715 2219 vero

2125 2275 2177 2320 et
2217 2265 2506 2336 sequentia
2532 2265 2743 2330 dicunt,
2768 2263 3052 2334 quomodo
3084 2261 3195 2315 sint
3256 2262 3310 2314 in
3339 2266 3459 2314 tuto
3496 2259 3707 2321 futura,

2125 2375 2246 2428 qua-
2275 2360 2322 2412 ei
2364 2359 2561 2411 adsunt
2598 2360 2760 2418 bona,
2808 2336 3155 2425 respondent.
3178 2352 3524 2407 consulendo
3548 2362 3717 2419 expo-

2129 2462 2341 2507 nentes.
2370 2449 2467 2505 Est
2487 2459 2673 2506 autem
2711 2456 2860 2504 tecta
2882 2463 3103 2518 quoque
3137 2461 3328 2500 earum
3364 2444 3567 2498 oratio.

2200 2651 2417 2723 Cgrilli.
2443 2681 2516 2694 —
2548 2651 2725 2707 Aliter
2754 2651 2922 2707 etiam
2949 2649 3173 2704 sodales
3205 2654 3365 2701 vocat
3387 2643 3672 2714 apuswlos
3699 2658 3715 2695 :

2131 2746 2209 2798 ait
2245 2745 2389 2799 enim
2423 2763 2436 2800 :
2473 2743 2649 2799 «.Jam
2691 2759 2803 2799 non
2838 2742 3019 2798 dicam
3054 2756 3148 2795 vos
3191 2753 3403 2804 servos,
3439 2736 3534 2792 sed
3580 2737 3712 2789 ami-

2131 2852 2227 2889 cos
2265 2837 2329 2887 ‘°.
2370 2855 2389 2889 ι
2435 2835 2613 2890 Amici
2643 2835 2792 2891 enim
2820 2832 3276 2901 estis.Adoperta
3312 2845 3441 2884 vero
3503 2816 3635 2891 ait;'
3664 2828 3717 2881 id

2131 2937 2217 2982 est
2242 2927 2477 2991 obtecta,
2510 2924 2730 2979 dicente
2752 2922 2966 2978 Paulo:
3003 2940 3021 2974 ι
3061 2921 3336 2987 Quoniam
3414 2932 3596 2987 usque
3656 2916 3713 2971 in

2136 3021 2461 3072 hodiernum
2496 3016 2639 3071 diem
2674 3030 2801 3070 cum
2827 3012 3033 3084 legitur
3059 3012 3296 3083 Moyses,
3341 3010 3590 3064 velamen
3613 3021 3716 3078 ρο-

2137 3114 2301 3167 situm
2329 3119 2412 3165 est
2446 3124 2612 3179 super
2645 3121 2743 3163 eor
2765 3121 2957 3162 eorum
2994 3105 3060 3158 “.
3109 3124 3128 3156 ι
3166 3105 3246 3158 Διί
3302 3103 3584 3158 Christum
3624 3100 3724 3172 igi-

2134 3294 2336 3364 ipsum,
2364 3309 2434 3349 ne
2467 3291 2662 3347 amicis
2702 3292 2815 3346 tuis
2870 3288 3158 3345 Ecclesias
3185 3287 3563 3358 pascentibus,
3623 3297 3727 3355 ego

2136 3401 2388 3442 maneam
2413 3401 2578 3455 super
2601 3398 2698 3439 cor
2724 3382 2976 3438 velamen
3029 3382 3260 3437 habens.

2206 3565 2373 3621 Vens.
2410 3566 2465 3621 7.
2504 3562 2631 3619 Nisi
2656 3562 2957 3635 cognoveris
2990 3570 3060 3625 te,
3094 3577 3124 3614 ο
3178 3556 3404 3628 pulchra
3447 3556 3588 3611 inter
3613 3571 3728 3609 um-

2138 3658 2291 3713 lieres
2314 3698 2329 3720 ,
2353 3656 2597 3727 egredere
2617 3666 2672 3710 tu
2698 3656 2754 3709 in
2778 3653 3016 3725 vestigiis
3035 3668 3274 3724 gregum,
3298 3659 3348 3705 et
3370 3664 3531 3719 pasce
3549 3646 3727 3703 hwdos

2140 3759 2256 3805 tuos
2288 3750 2341 3805 in
2377 3748 2738 3803 tabernaculis
2769 3756 3067 3816 pastorum.

2212 3925 2475 3997 Gregorii.
2514 3954 2573 3965 —
2601 3922 2728 3978 Haec
2756 3922 2853 3976 tibi
2912 3920 3168 3975 custodia
3226 3921 3318 3985 sit,
3380 3917 3728 3988 temetipsam

2138 4032 2325 4073 nosse.
2352 4016 2455 4083 Qui
2495 4030 2623 4069 vero
2691 4012 2947 4068 erratieis
2990 4010 3421 4082 praecedentium
3479 4007 3731 4078 vestigiis

2142 4107 2367 4171 insistit,
2417 4104 2633 4158 desinet
2687 4102 2741 4156 in
2796 4102 3009 4156 haedum
3058 4113 3159 4170 pro
3206 4112 3308 4152 ove
3394 4110 3724 4151 conversus.

2141 4198 2342 4269 Sponsi
2365 4212 2493 4265 ergo
2521 4193 2684 4248 amici
2721 4194 2911 4249 dicunt
2945 4210 2957 4245 :
2998 4191 3041 4245 0
3093 4190 3298 4252 anima,
3331 4202 3453 4259 quae
3477 4202 3542 4242 ex
3575 4185 3729 4255 nigra

2146 4292 2288 4346 facta
2316 4306 2377 4345 es
2401 4289 2653 4359 pulchra,
2696 4287 2852 4342 si'est
2883 4283 2978 4338 tibi
3015 4298 3147 4337 cura
3198 4279 3458 4337 servandi
3496 4277 3729 4350 pulchri-

2144 4386 2408 4447 tudinem,
2431 4383 2540 4437 noli
2571 4389 2822 4436 errantes
2853 4378 3030 4448 sequi.
3065 4391 3133 4429 ne
3167 4374 3390 4445 quando
3441 4371 3726 4426 haedorum

2145 4496 2172 4532 a
2198 4475 2443 4533 sinistris
2473 4471 2798 4528 collocando
2834 4469 2984 4540 gregi
3043 4466 3389 4537 adjungaris.
3417 4463 3517 4518 Est
3542 4470 3733 4517 autem

430 4570 641 4640 ἀγέλῃ,
672 4571 740 4639 τῇ
781 4567 1028 4639 λαϐούσῃ
1064 4566 1164 4638 τὴν
1209 4565 1398 4619 στάσιν
1453 4567 1553 4635 τὴν
1586 4564 1644 4631 ἐξ
1685 4565 2024 4634 ἀριστερῶν·

2143 4572 2343 4625 clarior
2364 4576 2418 4623 et
2445 4567 2659 4639 syntaxi
2707 4561 3098 4634 congruentior
3165 4559 3442 4629 scriptura
3476 4574 3489 4610 :
3531 4556 3587 4611 Si
3618 4571 3730 4612 non

429 4661 555 4713 ἔστι
603 4659 663 4712 δὲ
710 4659 1019 4730 σαφεστέρα
1065 4657 1253 4730 γραφὴ
1295 4657 1388 4711 καὶ
1416 4655 1660 4727 τηροῦσα
1705 4656 1807 4727 τὴν
1841 4656 2037 4710 σύντα-

430 4749 683 4816 ξινοἚάν
715 4751 788 4821 μὴ
812 4748 959 4819 γνῷς
985 4748 1240 4817 σεαυτὴν,
1276 4749 1310 4817 ἡ
1334 4746 1472 4818 καλὴ
1504 4749 1563 4799 ἐν
1591 4747 1860 4816 γυναιξὶν,
1890 4748 2038 4814 ἐξελ-

428 4844 498 4895 θε
551 4842 623 4894 ἐκ
682 4840 791 4894 τῶν
846 4839 1098 4912 πτερνῶν
1151 4839 1246 4893 τοῦ
1304 4838 1582 4909 ποιμνίου,
1620 4840 1715 4893 καὶ
1747 4842 2036 4908 ποιμανεῖς

427 4935 666 5005 ἐρίφους
689 4952 705 4965 ·
739 4934 863 4987 ἀντὶ
894 4933 1276 5003 σκηνωμάτων
1305 4931 1574 5002 ποιμνίων
1600 4949 1612 4961 ·
1664 4916 1753 4986 ἵνα
1785 4931 1848 4984 τὸ
1875 4932 2041 4995 ἔξελ-

428 5032 506 5079 θε
544 5025 673 5077 ἀντὶ
709 5023 804 5078 τοῦ
834 5024 1158 5092 ἐξελεύσῃ.
1334 5074 1345 5079 ,
1988 5012 1991 5015 ’

514 5117 807 5182 Φίλωνος.
848 5145 920 5157 --
955 5115 1187 5185 Ἕτερος
1216 5116 1310 5168 τὸν
1331 5115 1491 5184 λόγον
1526 5114 1602 5176 ὡς
1632 5113 1742 5168 ἀπὸ
1769 5114 1863 5168 τοῦ
1895 5132 2035 5183 νυμ-

436 5208 572 5279 φίου
609 5210 746 5281 φησι
779 5209 916 5279 πρὸς
946 5207 1046 5278 τὴν
1082 5209 1139 5261 ἐν
1168 5207 1370 5271 πάσαις
1400 5211 1521 5269 ταῖς
1552 5209 1902 5276 συναγωγαῖς
1935 5207 2036 5277 μό-

431 5319 544 5371 νην
572 5296 740 5354 οὖσαν
778 5301 953 5371 καλὴν
976 5340 993 5367 ,
1027 5301 1109 5354 ὅτι
1142 5298 1319 5353 Γνῶθι
1347 5298 1451 5351 ποῦ
1481 5293 1550 5369 ἧς
1578 5300 1674 5352 καὶ
1707 5298 1811 5351 ποῦ
1840 5296 1937 5349 νῦν
1966 5292 2035 5361 εἴ,

434 5395 545 5448 καὶ
576 5393 732 5463 παρά
763 5396 913 5456 τίνος
964 5392 1109 5463 ἔχεις
1139 5391 1202 5445 τὸ
1236 5392 1436 5454 κάλλος
1460 5406 1474 5421 °
1510 5393 1561 5444 εἰ
1599 5391 1657 5444 δὲ
1696 5389 1901 5460 σαυτὴν
1944 5389 2040 5442 ἁν-

434 5483 605 5550 αξίαν
630 5485 728 5553 τῆς
760 5484 901 5554 ἐμῆς
927 5483 1087 5554 δόξης
1118 5485 1315 5547 ποιεῖς,
1357 5482 1613 5553 ποίμαινε
1635 5480 1744 5535 τῶν
1776 5481 2041 5551 ἀμαρτω-

434 5575 553 5628 λῶν
579 5576 680 5639 τὰς
711 5575 893 5646 ψυχὰς
942 5577 1000 5628 ὲν
1045 5577 1157 5639 τοῖς
1185 5573 1512 5645 σκηνώμασι
1544 5573 1652 5628 τῶν
1685 5571 1782 5628 τοῦ
1822 5571 2043 5643 Ἰσραὴλ

440 5665 744 5737 βασιλέων.

515 5841 560 5873 ⁸⁸
581 5839 850 5901 1031).“.
889 5844 971 5897 i5.
1053 5842 1150 5896 “ll
1186 5841 1315 5897 Cor.
1342 5838 1428 5908 ut,
1462 5841 1541 5896 15.

963 5940 1010 5976 κ

2144 4677 2445 4734 cOguoseas
2474 4661 2705 4729 teips-am
2733 4675 2747 4714 :
2781 4672 2814 4711 ο
2847 4655 3077 4727 pulchra
3109 4654 3252 4724 inter
3272 4652 3553 4716 mulieres,
3576 4665 3734 4718 egre-

2146 4760 2278 4814 dere
2310 4772 2341 4811 e
2376 4752 2620 4823 vestigiis
2642 4764 2888 4821 gregum,
2911 4753 2964 4800 et
2994 4759 3186 4816 pasces
3208 4742 3397 4797 haedos
3421 4756 3519 4811 pro
3548 4741 3734 4796 taber-

2148 4851 2363 4907 naculis
2404 4853 2686 4915 pastorum
2726 4859 2738 4894 :
2771 4849 2831 4894 ut
2874 4838 2948 4893 sit
2989 4835 3235 4909 egredere
3269 4848 3367 4906 pro
3414 4832 3729 4905 egredieris.
3816 4888 3833 4915 ,ν

2222 5115 2486 5172 Philonis.
2521 5110 2762 5164 —Alius
2794 5094 2934 5160 vero'
2970 5104 3047 5158 ait
3079 5103 3243 5174 quasi
3300 5100 3491 5171 Sponsi
3518 5114 3734 5156 sermo-
3791 5128 3803 5138 -

2149 5223 2271 5263 nem
2299 5221 2423 5260 esse
2444 5202 2510 5257 ad
2544 5216 2665 5257 eam
2719 5214 2841 5269 qua:
2866 5212 2933 5252 ex
2959 5195 3221 5250 omnibus
3254 5192 3551 5265 synagogis
3610 5191 3731 5247 sola

2150 5274 2376 5369 pulchra
2428 5300 2516 5350 est
2574 5310 2587 5346 :
2645 5289 2868 5346 noveris
2923 5286 3016 5343 ubi
3068 5284 3265 5348 fueris,
3316 5291 3369 5337 et
3422 5283 3513 5336 ubi
3568 5280 3733 5336 modo

2149 5392 2250 5455 sis,
2302 5398 2357 5443 et
2415 5402 2578 5458 equo
2620 5384 2826 5439 habeas
2886 5378 3382 5452 pulchritudinem.
3421 5374 3477 5429 Si
3546 5382 3729 5428 autem

2151 5481 2497 5551 temetipsam
2532 5493 2651 5533 mea
2676 5476 2850 5547 gloria
2874 5472 3156 5544 indignam
3184 5467 3390 5531 reddis,
3418 5478 3581 5535 pasce
3606 5476 3734 5537 pec—

2152 5585 2401 5632 catorum
2428 5573 2641 5628 animas
2679 5569 2735 5625 in
2767 5562 3144 5625 tabernaculis
3177 5576 3364 5631 regum
3402 5556 3592 5613 lsrael.

3764 1604 3781 1641 4
