4060 6404
350 292 486 360 1563

344 503 455 569 vis,
481 511 543 557 ut
557 503 920 557 scintillarum
946 503 1134 573 specie
1154 503 1412 558 irradiari
1428 503 1723 558 videantur
1743 506 1933 564 verba,

344 612 470 665 qua:
505 596 732 649 insitqu
766 597 833 650 iis
861 596 1197 650 intellectum
1230 604 1421 650 exacte
1442 606 1717 665 nequeam
1751 598 1935 664 eXpri-

347 704 527 743 mere.
556 687 638 743 Tu
681 698 861 743 autem
890 689 973 742 his
1004 689 1245 757 acceptis
1287 704 1382 758 per
1420 687 1577 742 {idem
1612 688 1710 743 lies
1746 689 1934 756 suhju.

345 779 466 844 gale
496 789 551 833 et
582 778 956 833 habitaculum
989 778 1111 847 ejus
1136 781 1227 848 qui
1260 779 1312 831 in
1356 788 1407 833 te
1437 780 1809 833 reeiinaturus
1838 789 1922 832 est
1952 790 1955 791 '

349 885 444 937 per
466 870 545 922 tui
570 869 1022 923 inltahitationem
1051 869 1358 937 :cjuseuim
1392 881 1444 923 et
1462 869 1617 923 sedes
1638 872 1748 924 eris
1773 880 1825 924 et
1848 872 1938 924 do~

349 977 474 1015 mus
514 960 658 1027 lies;
700 976 824 1014 cum
871 961 1031 1015 amici
1074 962 1263 1031 sponsi
1295 963 1409 1016 haec
1451 978 1599 1029 pura:
1645 962 1927 1016 dedissent

346 1053 546 1123 virgini
585 1054 801 1116 anima‘,
825 1055 878 1107 hi
916 1062 1098 1108 autem
1130 1073 1148 1106 ι
1178 1064 1305 1108 sunt
1336 1055 1793 1109 administratorii
1826 1057 1939 1124 spi-

347 1148 487 1201 ritus
537 1147 589 1199 in
623 1147 996 1201 ministerium
1041 1147 1197 1202 missi
1230 1154 1455 1217 propter
1512 1164 1611 1203 eos
1642 1149 1735 1218 qui
1769 1148 1941 1203 haere-

346 1239 567 1293 ditatent
622 1239 846 1310 capient
887 1241 1084 1296 salutis
1120 1242 1184 1297 ιδ.
1224 1258 1244 1292 ι

415 1424 938 1485 PI:ilonis.—Etiam
964 1428 1355 1485 similitudines
1384 1420 1500 1482 a‘uri
1524 1436 1650 1483 sunt
1674 1437 1947 1499 martyres

344 1525 604 1589 tanquam
625 1535 817 1574 aurum
851 1522 904 1575 in
943 1521 1066 1591 igne
1097 1521 1333 1590 probati,
1355 1520 1607 1590 stigmata
1638 1517 1846 1575 Christi
1889 1522 1942 1573 iu

346 1626 576 1681 corpore
621 1628 721 1667 suo
766 1621 1050 1682 portantes
1100 1612 1235 1667 :sed
1291 1622 1343 1666 et
1396 1612 1449 1665 in
1480 1619 1732 1681 tempore
1766 1612 1944 1680 pacis,

345 1719 454 1757 non
490 1706 667 1759 solum
706 1705 757 1756 in
784 1704 1263 1773 persecutionihus
1300 1711 1585 1772 angustant
1620 1711 1941 1772 arctamqne

1692 302 2049 363 PROCOPII
2080 303 2323 364 GAZ:EI

346 408 765 465 similitudines.
797 409 949 465 Talis
968 411 1115 466 enim
1143 410 1337 466 horum
1364 425 1684 468 sermonum
1717 414 1929 483 argenti
1965 425 2008 473 Α
2038 416 2112 471 ὡς

2192 414 2583 482 ἐναυγάσματα
2654 408 3046 483 σπινθηροειδῆ
3132 412 3311 467 δοκεῖν
3364 408 3505 468 εἶναι
3560 415 3631 469 τὰ

2043 508 2285 578 ῥήματα,
2357 506 2432 577 μὴ
2490 506 2763 577 δυνάμενα
2827 505 2895 559 δι’
2946 505 3235 577 ἀκριϐείας
3284 507 3527 577 ἐμφῆναι
3574 508 3638 561 τὸ

2040 596 2359 663 ἐγκείμενον
2414 596 2632 666 νόηματ
2675 597 2739 650 σὺ
2790 595 2848 649 δέ
2895 598 3073 650 ταῦτα
3102 597 3400 668 δεξαμένη,
3433 598 3641 663 ὑποζύ-

2040 688 2156 757 γιὸν
2192 705 2251 740 τε
2283 687 2377 741 καὶ
2407 690 2725 759 οἰκητήριον
2785 689 2990 759 γενήσῃ
3035 687 3124 741 διά
3168 689 3425 754 πίστεως,
3456 689 3554 744 τοῦ
3581 692 3638 744 ἐν

2043 782 2126 833 σοὶ
2160 780 2540 834 ἀνακλίνεσθαι
2568 781 2855 852 μέλλοντος
2886 781 2974 835 διὰ
3003 782 3104 852 τῆς
3148 784 3207 836 ἐν
3238 785 3323 836 σοι
3380 785 3640 854 κατοική-

2044 888 2181 933 σεως
2205 888 2220 903 ’
2249 872 2344 925 τοῦ
2377 870 2486 942 γὰρ
2513 872 2679 924 αὐτοῦ
2723 873 2820 925 καὶ
2872 872 3062 944 θρόνος
3084 874 3185 947 ἔσῃ
3236 876 3330 929 καὶ
3361 871 3510 937 οἶκος
3546 891 3636 945 γε-

2043 966 2180 1036 νήσῃ
2205 982 2217 994 ·
2245 964 2421 1017 ταῦτα
2450 964 2558 1017 τῶν
2595 964 2766 1034 φίλων
2793 964 2887 1017 τοῦ
2915 965 3155 1035 νυμφίου
3195 970 3261 1037 τῇ
3296 967 3515 1038 καθαρᾷ
3544 967 3639 1021 καλ

2044 1059 2298 1129 παρθένῳ
2328 1060 2717 1129 χαρισαμὲνων
2765 1059 2911 1131 ψυχῇ
2942 1100 2957 1123 ,
2996 1056 3122 1113 εἶεν
3153 1059 3205 1113 δ’
3245 1060 3323 1115 ἂν
3352 1058 3519 1117 οὗτοι
3567 1063 3640 1116 τὰ

2043 1154 2424 1220 λειτουργικὰ
2475 1152 2791 1220 πνεύματα
2836 1155 2926 1215 εις
2973 1149 3292 1205 διακονίαν
3337 1153 3640 1207 ἀποστελ-

2043 1243 2272 1309 λόμενα
2306 1242 2405 1297 διὰ
2451 1243 2594 1309 τοὺς
2616 1241 2964 1313 μέλλοντας
3005 1244 3406 1311 κληρονομεῖν
3444 1260 3641 1313 σωτη-

2036 1333 2200 1400 ρίαν.

2118 1428 2408 1493 Φίλωνος.
2450 1456 2510 1468 -
2538 1427 2651 1483 Καὶ
2679 1426 3002 1499 ὁμοιώματα
3029 1428 3141 1498 (2i)
3170 1428 3395 1500 χρυσίου
3421 1431 3471 1483 oi
3497 1430 3643 1502 μάρ-

2046 1537 2229 1589 τυρες,
2269 1519 2344 1581 ὡς
2371 1521 2575 1589 χρυσὸς
2603 1521 2662 1573 ὲν
2691 1520 2826 1591 πυρὶ
2879 1520 3311 1591 δοκιμασθέντες
3331 1540 3346 1553 ο
3377 1523 3638 1592 φέροντες

2048 1612 2141 1663 ἐπὶ
2173 1609 2265 1662 τοῦ
2304 1610 2559 1680 σώματος
2593 1611 2658 1665 τὰ
2707 1611 2986 1681 στίγματα
3034 1612 3129 1665 τοῦ
3181 1612 3419 1682 Χριστοῦ
3456 1615 3552 1666 καὶ
3580 1614 3640 1667 ἐν

2052 1700 2229 1771 καιρῴ
2271 1701 2328 1754 δέ
2378 1702 2604 1772 εἰρήνης
2648 1702 2711 1755 οὐ
2765 1702 2926 1773 μόνον
2972 1704 3032 1756 ἐν
3086 1703 3347 1773 διωγμοῖς
3379 1721 3392 1735 ·
3441 1703 3531 1758 διά
3579 1704 3640 1760 τὸ

345 1796 489 1849 viam
526 1796 911 1859 incedendum,
946 1796 1120 1850 donec
1148 1811 1243 1850 rex
1274 1796 1327 1849 in
1365 1794 1784 1864 regeneratioue
1832 1796 1930 1849 ad—

2046 1794 2258 1847 ἑλέσθαι
2292 1795 2398 1866 τὴν
2445 1794 2641 1865 στενὴν
2669 1796 2764 1847 καὶ
2811 1794 3181 1867 τεθλιμμένην
3222 1796 3329 1859 ἕως
3380 1791 3442 1852 οὗ
3468 1796 3498 1850 ὁ
3536 1796 3638 1869 βα-

348 1899 527 1941 VCIIIﬂ'
543 1928 557 1941 .

414 1978 628 2049 Cyrilli.
652 2012 722 2021 ——
750 1981 845 2038 Vel
870 1992 1151 2055 argentum
1193 1985 1438 2055 quidem,
1475 1996 1532 2040 ut
1552 1986 1607 2039 in
1636 1984 1930 2054 Scriptura

345 2074 506 2134 solet,
540 2075 722 2129 divina
744 2077 995 2131 doctrina
1039 2078 1132 2143 sit,
1171 2093 1379 2131 aurum
1418 2095 1550 2133 vero
1574 2079 1762 2133 divina
1806 2079 1938 2132 cha-

345 2169 595 2221 rismata.
614 2168 808 2223 Omnia
830 2187 951 2239 qua:
969 2172 1174 2226 Christi
1193 2172 1490 2226 adventum
1513 2182 1936 2243 prmcesserunl,

346 2259 736 2314 similitudines
791 2273 951 2315 erant
1010 2271 1065 2316 et
1122 2265 1334 2317 umbra:
1394 2262 1702 2317 futurorum
1758 2267 1941 2333 (prout

345 2349 643 2417 Apostolus
666 2355 764 2416 ait)
794 2354 1081 2407 honorum.
1107 2354 1177 2406 At
1209 2354 1300 2407 uhi
1334 2353 1591 2409 Christus
1614 2354 1938 2419 resurrexit,

346 2440 583 2509 perfecta
608 2443 925 2499 hominibus
947 2459 1178 2499 munera
1198 2446 1435 2516 largitus
1458 2456 1563 2500 est.
1592 2448 1733 2500 Ante
1754 2461 1941 2500 resur-

342 2536 638 2587 rectionem
679 2551 809 2589 vero
850 2536 1245 2592 similitudines
1280 2538 1622 2594 habebamus
1653 2555 1683 2593 a
1732 2538 1940 2594 sodali-

342 2622 448 2680 bus
468 2626 611 2692 ejus,
640 2636 751 2680 tum
779 2628 916 2695 lege,
946 2637 1058 2681 tum
1093 2630 1396 2699 prophetis.

422 2713 645 2767 Nardus
678 2733 792 2769 mea
821 2717 965 2770 dedit
988 2718 1205 2772 odorem
1238 2735 1418 2773 suum.

422 2805 703 2875 Procopii.
736 2839 807 2847 —
836 2808 1073 2863 Suavem
1106 2812 1331 2863 odorem
1368 2809 1503 2864 dicit
1537 2825 1568 2866 e
1614 2811 1789 2867 variis
1831 2811 1942 2865 vir-

347 2899 582 2965 tutibus,
622 2910 881 2969 tauquam
910 2900 1143 2956 ﬂoribus
1173 2916 1395 2970 sponsae
1426 2903 1799 2970 compositum
1829 2920 1845 2970 ;
1875 2903 1923 2958 si

348 2991 570 3059 quidem
603 2992 656 3045 in
692 2994 989 3062 semetipsa
1039 2991 1230 3047 olfacit
1262 3009 1488 3049 suavem
1520 2995 1749 3050 odorem
1776 2993 1940 3050 Chri-

345 3084 419 3139 sti
454 3102 470 3152 ;
510 3086 597 3140 vel
629 3087 797 3139 etiam
826 3087 1140 3155 passionem
1174 3086 1295 3154 ejus
1327 3086 1488 3145 dixit.
1526 3089 1579 3140 in
1617 3103 1723 3155 qua
1756 3089 1936 3141 alaba-

344 3184 523 3231 strum
561 3175 1072 3245 unguentiell‘usum
1090 3176 1243 3231 dedit
1274 3176 1475 3246 ubique
1497 3179 1721 3232 odorem
1747 3194 1933 3234 suum.

419 3266 685 3337 Origcnis.
716 3299 787 3309 —
809 3268 944 3322 Nam
991 3269 1205 3339 sponsi,
1238 3270 1436 3338 inquit,
1469 3270 1692 3327 odorem
1722 3282 1828 3326 etc.

406 3449 757 3518 Gregori£.——
791 3448 1264 3516 Quemadmodum
1326 3448 1473 3503 enim
1524 3465 1647 3511 vos,
1726 3449 1934 3519 inquit,

347 3540 801 3603 administratorii
842 3541 1099 3611 spiritus,
1130 3557 1237 3596 non
1272 3541 1453 3611 ipsum
1490 3541 1768 3596 sincerum
1800 3541 1937 3594 divi-

345 3634 535 3689 nitatis
587 3649 805 3697 aurum,
836 3636 932 3688 sed
991 3650 1091 3703 per
1150 3650 1244 3690 eas
1282 3634 1487 3688 mentis
1541 3636 1939 3704 conceptiones

346 3742 487 3796 quas
523 3742 722 3793 capere
759 3741 1059 3795 possumus
1085 3726 1247 3780 nobis
1280 3726 1501 3779 donatis
1524 3726 1641 3779 auri
1677 3727 1942 3781 similitu-

344 3819 528 3884 dines,
558 3834 667 3874 non
696 3818 941 3872 dilucida
966 3819 1219 3873 oratione
1240 3833 1363 3887 quae
1391 3826 1524 3872 sunt
1551 3816 1675 3887 ejus
1694 3820 1943 3886 aperien-

344 3920 452 3972 tes,
496 3910 590 3964 sed
632 3925 724 3979 per
758 3909 990 3979 exiguas
1024 3910 1319 3963 rationalis
1346 3911 1559 3980 argenti
1598 3919 1759 3965 notas
1798 3926 1940 3981 prae-

348 4000 543 4065 hrntes
583 3999 857 4070 quasdam
893 4007 1231 4068 apparentes
1281 3998 1403 4068 ejus
1471 4000 1619 4071 quod
1669 4000 1942 4071 quaeritur

344 4094 557 4161 species
589 4130 606 4156 ,
638 4095 718 4146 sic
749 4102 803 4145 et
824 4108 926 4164 ego
964 4108 1060 4162 per
1092 4092 1440 4147 intellectum
1470 4094 1635 4165 hujus
1669 4095 1940 4165 unguenti

342 4186 489 4237 illius
508 4183 681 4253 ipsius
697 4186 900 4239 bonum
920 4184 1146 4239 odorem
1163 4199 1328 4240 sensu
1347 4188 1587 4255 percepi.
1611 4185 1940 4242 Istiusmodi

343 4287 525 4329 autem
554 4276 686 4330 mihi
735 4276 952 4330 videtur
983 4276 1189 4333 habere
1232 4293 1458 4332 sensum
1488 4297 1500 4332 :
1574 4276 1946 4341 Quemadmo-

341 4370 470 4421 dum
496 4384 559 4422 οι
596 4364 832 4422 diversis
857 4367 1198 4422 aromatibus
1223 4369 1529 4422 secundum
1565 4368 1730 4420 aliam
1774 4376 1944 4437 atque

2042 1888 2226 1949 σιλεὺς
2251 1889 2310 1938 ἐν
2332 1888 2399 1955 τῇ
2427 1886 2830 1958 παλιγγενεσία
2858 1888 3262 1959 παραγῶηται.

2111 1981 2445 2047 Κυρίλλου.
2470 2010 2540 2020 -
2571 1981 2779 2047 ιἨγουν
2815 1980 3086 2051 ἀργύριον
3124 1982 3223 2052 μὲν
3257 1983 3316 2035 ἐν
3346 1983 3412 2053 τῇ
3443 1981 3640 2054 Γραφῇ

2041 2073 2307 2142 συνήθως,
2345 2074 2378 2143 ἡ
2406 2071 2525 2125 θεία
2547 2071 2877 2127 διδασκαλία
2900 2089 2914 2104 ο
2952 2073 3180 2145 χρυσίον
3205 2074 3264 2126 δὲ
3295 2074 3364 2131 τὰ
3394 2074 3517 2128 θεῖα
3538 2090 3642 2145 χα-

2042 2164 2326 2235 ρίσματα·
2381 2166 2563 2219 πάντα.
2617 2164 2676 2218 δὲ
2729 2166 2837 2235 προ
2868 2167 2969 2234 τῆς
3026 2166 3324 2236 ἐπιδημίας
3369 2166 3637 2238 Χριστοῦ,

2039 2254 2365 2324 ὁμοιώματα
2420 2252 2489 2326 ἦν
2528 2258 2623 2310 καὶ
2682 2256 2812 2310 σκιά
2862 2258 2971 2310 τῶν
3015 2259 3343 2328 μελλόντων,
3374 2258 3518 2312 κατὰ
3545 2258 3640 2313 τὸν

2042 2345 2391 2411 Ἀπόστολον,
2426 2345 2652 2413 ἀγαθῶν
2673 2361 2686 2376 °
2716 2347 2959 2409 ἀναστὰς
2994 2348 3051 2400 δὲ
3082 2347 3317 2418 Χριστὸς
3360 2347 3429 2401 τά
3455 2347 3638 2401 τέλεια

2040 2439 2152 2498 τοῖς
2172 2435 2481 2507 ἀνθρώποις
2510 2437 2847 2509 δεδώρηται’
2911 2438 3019 2509 πρὸ
3069 2439 3125 2491 δὲ
3151 2439 3250 2509 τῆς
3284 2439 3640 2502 ἀναστάσεως

2040 2526 2370 2597 ὁμοιώματα
2403 2526 2651 2598 εἴχομεν,
2684 2529 2837 2600 παρὰ
2861 2529 2973 2584 τῶν
3030 2529 3271 2584 ἐπαίνων
3322 2528 3511 2596 αὐτοῦ,
3541 2528 3639 2585 τοῦ

2040 2637 2099 2672 τε
2136 2620 2301 2688 νόμου
2336 2621 2431 2673 καὶ
2469 2621 2579 2674 τῶν
2612 2620 2935 2693 προφητῶν.
3364 2618 3373 2621 ⁷

2108 2711 2345 2781 Νάρδος
2394 2711 2623 2767 ἔδωκεν
2664 2714 2870 2783 ὀσμὴν
2898 2714 3108 2769 αὐτοῦ.

2112 2806 2476 2873 Προκοπίου.
2508 2834 2577 2847 -—
2609 2807 2853 2860 Εὑωδίαν
2886 2808 3052 2877 φησὶν
3098 2808 3167 2878 ἐκ
3211 2805 3475 2860 ποικίλων
3504 2806 3638 2878 ἀρε-

2039 2898 2150 2950 τῶν
2180 2897 2435 2968 καθάπερ
2466 2896 2526 2961 ἐξ
2552 2896 2763 2950 ἀνθέων
2791 2895 3169 2967 συναγομένην
3217 2898 3285 2965 τῇ
3322 2895 3507 2966 νύμφῃ
3534 2911 3548 2925 ·
3578 2897 3638 2948 ἐν

2042 2993 2207 3062 ἐαυτῇ
2235 2991 2344 3061 γὰρ
2362 2990 2724 3060 ὁσφραίνεται
2754 2991 2853 3060 τῆς
2878 2990 3110 3053 εὐωδίας
3141 2983 3381 3059 Χριστοῦ
3404 3004 3417 3019 °
3449 2986 3546 3041 καὶ
3582 2987 3633 3041 εί

2042 3085 2103 3137 τὸ
2128 3085 2301 3149 πάθος
2329 3081 2484 3139 εἶπεν
2514 3084 2706 3148 αὐτοῦ,
2738 3084 2823 3153 ἐφ’
2862 3075 2907 3151 ᾧ
2939 3082 3032 3136 καὶ
3062 3082 3122 3136 τὸ
3148 3082 3491 3153 ἀλάϐαστρον
3538 3079 3633 3135 τοῦ

2044 3178 2219 3247 μύρου
2254 3177 2413 3247 χυθὲν
2444 3176 2670 3230 διέδωκε
2712 3174 2991 3245 πανταχοῦ
3013 3173 3349 3244 τὴνὸσμήν.

2120 3268 2477 3339 Ὠριγένους.
2520 3298 2590 3309 -
2624 3267 2735 3338 Τὴν
2768 3269 2877 3338 γὰρ
2910 3265 3005 3320 τοῦ
3058 3266 3296 3337 νυμφίου
3352 3264 3519 3335 φησὶν
3541 3260 3635 3317 ὁσ-

2042 3362 2170 3433 μὴν,
2197 3377 2256 3417 κε
2282 3379 2333 3414 τ.
2362 3361 2412 3415 λ.
2448 3361 2583 3433 (22).

2111 3452 2462 3520 Γρηγοριόυ.
2481 3451 2652 3514 -Ὢς
2670 3450 2780 3521 γὰρ
2804 3451 2988 3521 ὑμεῖς,
3016 3442 3171 3520 φησὶ,
3196 3448 3263 3502 τὰ
3278 3447 3634 3519 λειτουργικὰ

2042 3541 2351 3611 πνεύματα,
2388 3542 2487 3594 οὐκ
2519 3541 2651 3594 αὐτὸ
2681 3541 2742 3593 τὸ
2776 3542 3056 3611 ἀκήρατον
3081 3541 3182 3617 τῆς
3207 3539 3463 3610 θεότητος
3497 3555 3632 3609 χρυ-

2042 3633 2175 3697 σίον,
2205 3633 2318 3686 ἀλλ’
2346 3633 2671 3704 ὁμοιώματα
2704 3633 2793 3686 διά
2820 3632 2931 3687 τῶν
2971 3631 3298 3704 χωρητικῶν
3345 3633 3480 3703 ἡμῖν
3507 3647 3634 3701 νοη-

2045 3727 2234 3797 μάτων
2262 3725 2358 3780 τοῦ
2381 3727 2606 3797 χρυσίου
2637 3726 2933 3797 χαρίζεσθε
2957 3744 2969 3757 ·
2999 3728 3059 3779 ού
3084 3725 3351 3795 τηλαυγεῖ
3378 3725 3455 3794 τῷ
3485 3723 3632 3794 λόγῳ

2040 3819 2111 3872 τὰ
2140 3821 2262 3873 κατ’
2296 3819 2463 3873 αὐτὸν
2494 3819 2933 3882 ὲκκαλύπτοντες
2958 3858 2972 3880 ,
3011 3819 3146 3872 ἀλλὰ
3169 3819 3256 3871 διὰ
3284 3817 3383 3886 τῆς
3426 3815 3634 3886 βραχύ-

2042 3930 2203 3981 τητος
2242 3911 2350 3964 τῶν
2397 3910 2490 3963 τοῦ
2526 3910 2754 3978 λογικοῦ
2788 3911 3054 3981 ἀργυρίου
3088 3908 3402 3978 στιγμάτων
3456 3908 3635 3978 ἐμφά-

2045 4022 2157 4068 σεις
2184 4004 2336 4068 τινὰς
2367 4004 2781 4074 παρασχόμενοι
2816 4003 2907 4056 τοῦ
2932 4001 3285 4073 ζητουμένου,
3314 4000 3457 4054 οὕτω
3478 4000 3635 4069 κάγὼ

2042 4096 2133 4150 διὰ
2159 4098 2256 4166 τῆς
2285 4096 2577 4159 ἐπιπνοίας
2610 4096 2707 4148 τοῦ
2740 4097 2876 4166 ἐμοῦ
2919 4096 3116 4165 μύρου,
3153 4093 3251 4158 τὴν
3286 4094 3454 4147 αὐτοῦ
3495 4092 3639 4146 ὲκεί-

2044 4203 2135 4240 νου
2163 4185 2392 4240 εὐωδίαν
2430 4189 2496 4257 τῇ
2545 4187 2797 4256 αἰσθήσει
2829 4185 3249 4257 παρεδεξάμην·
3278 4184 3520 4239 τοιοῦτον
3548 4184 3631 4247 δὲ,

2050 4278 2142 4347 μοὶ
2158 4277 2324 4342 δοκεῖ,
2357 4276 2481 4330 νοῦν
2505 4276 2619 4347 ἔχει
2640 4294 2655 4309 ·
2686 4278 2901 4347 Ὥσπερ
2928 4279 2991 4331 ἐκ
3008 4277 3278 4348 διαφόρων
3301 4277 3635 4348 ἀρωμάτων,

2047 4370 2207 4423 ἄλλου
2246 4370 2365 4422 κατ’
2391 4368 2560 4439 ἄλλην
2591 4368 2829 4438 ἰδιότητα
2860 4368 3258 4433 εὐπνοούντων,
3300 4370 3521 4439 τεχνικὴ
3551 4385 3641 4431 τις

341 4463 504 4514 aliam
562 4462 951 4532 proprietatem
977 4458 1370 4530 fragrantibus,
1396 4459 1698 4514 artificiosa
1723 4466 1777 4514 et
1807 4475 1926 4514 mo-

2046 4463 2139 4521 καὶ
2170 4460 2446 4531 ἔμμετρος
2476 4459 2621 4530 μίξις
2655 4460 2714 4512 τὸ
2745 4457 2990 4512 τοιοῦτον
3034 4458 3413 4530 ἀπεργάζεται
3463 4459 3637 4530 μύρον

341 4554 530 4606 derata
560 4552 765 4617 mistio,
797 4553 906 4607 tale
935 4551 1100 4607 ellicit
1135 4562 1470 4622 unguentum
1501 4568 1567 4606 ex
1600 4553 1666 4607 iis
1689 4567 1813 4622 qua:
1844 4552 1926 4606 si-

343 4646 451 4698 nml
488 4644 834 4714 injiciuntur,
864 4644 1030 4700 unius
1067 4643 1353 4713 cujusdam
1406 4643 1590 4699 herlm
1639 4643 1934 4699 odoriferae

340 4736 430 4789 cui
475 4752 671 4792 nomen
728 4736 961 4801 nardus,
1004 4750 1126 4806 qua:
1161 4736 1259 4789 toti
1293 4736 1685 4804 compositioni
1719 4751 1919 4789 nomen

342 4830 589 4898 prmbet:
624 4829 705 4884 sic
744 4828 935 4899 utique
981 4828 1028 4883 si
1060 4829 1185 4898 quis
1220 4842 1439 4881 omnem
1489 4827 1628 4882 bene
1677 4827 1916 4881 olentem

341 4923 529 4975 Ilurem
562 4936 628 4975 ex
662 4921 835 4975 variis
884 4921 1150 4974 virtutqu
1188 4921 1360 4988 pratis
1386 4918 1695 4989 collegerit,
1735 4926 1791 4971 et
1829 4928 1914 4972 to-

341 5021 450 5066 tam
469 5011 634 5066 vitam
653 5026 809 5064 suam
832 5028 996 5064 unum
1017 5009 1207 5064 fer-erit
1230 5021 1562 5081 unguentum
1592 5028 1685 5079 per
1715 5011 1921 5063 bonum

341 5104 566 5158 odorem
600 5103 944 5170 singulorum
984 5104 1103 5155 ιὶιω
1143 5104 1475 5168 studiorum,
1512 5111 1565 5156 et
1603 5119 1699 5171 p-r
1731 5102 1916 5154 oumia

343 5195 631 5267 perii-etus
686 5197 945 5258 evaserit,
978 5196 1032 5247 in
1058 5196 1236 5264 ipsmn
1275 5196 1499 5266 quidem
1531 5194 1621 5248 Dei
1654 5194 1922 5267 Verbum,

348 5298 605 5357 tauquam
634 5289 685 5340 in
716 5288 850 5341 solis
885 5289 1097 5351 orbem,
1127 5287 1196 5339 oh
1242 5288 1600 5341 eminentiam
1662 5288 1917 5341 obtutum

344 5382 513 5453 ﬁgere
566 5381 892 5435 naturaliter
938 5395 1046 5434 non
1079 5392 1299 5449 pmest;
1343 5380 1436 5435 sed
1485 5381 1539 5434 in
1584 5380 1763 5451 seipso
1805 5388 1926 5432 tan-

354 5488 519 5540 quam
559 5472 611 5525 in
646 5472 875 5541 speculo
908 5472 1080 5526 solem
1115 5471 1332 5539 aspicit.
1359 5470 1507 5525 Illius
1533 5471 1678 5524 enim
1720 5486 1858 5524 vera:
1879 5479 1932 5523 et

402 5588 447 5621 ιι
474 5558 637 5643 ιιριῖέ.
673 5603 707 5652 1,
737 5588 818 5645 ιιι.

2044 4559 2171 4629 μιᾶς
2209 4571 2358 4618 τινος
2385 4553 2528 4617 πόας
2554 4552 2790 4616 εὐώδους
2821 4554 2887 4606 ἐκ
2929 4553 3039 4607 τῶν
3089 4554 3634 4624 συνεμϐαλλομένων,

2037 4645 2069 4724 ᾖ
2105 4651 2277 4718 ὄνομα
2308 4646 2501 4717 νάρδος
2530 4646 2698 4713 ἐστὶν,
2729 4646 2837 4717 ὅλῳ
2886 4644 2966 4714 τῷ
3008 4645 3502 4714 κατασκευάσματι
3535 4661 3638 4698 πε-

2037 4740 2366 4811 ριεχομένης
2411 4738 2472 4792 τὸ
2505 4737 2711 4808 ὄνομα·
2753 4737 2899 4803 οὕτω
2956 4737 3053 4792 καὶ⁸
3103 4736 3159 4790 εἴ
3210 4755 3295 4800 τις
3332 4738 3444 4790 πᾶν
3475 4735 3638 4799 ἄνθος

2032 4831 2259 4893 εὐωδίας
2280 4828 2471 4883 ἐκτῶν
2501 4828 2767 4882 ποικίλων
2793 4830 2891 4899 τῆς
2916 4829 3122 4900 ἀρετῆς
3148 4828 3440 4909 λειμώνων
3472 4828 3635 4883 ἀνθο-

2028 4920 2265 4992 λογήσα;
2291 4922 2386 4974 καὶ
2418 4919 2597 4974 πάντα
2626 4919 2827 4975 ἑαυτοῦ
2852 4919 2943 4973 τὸν
2972 4919 3089 4990 βίον
3120 4919 3180 4973 ἐν
3205 4920 3378 4991 μύρον
3409 4921 3497 4974 διὰ
3534 4921 3636 4991 τῆς

2028 5013 2136 5066 τῶν
2166 5012 2289 5067 καθ’
2320 5013 2552 5067 ἕκαστον
2579 5012 3041 5083 ἐπιτηδευμάτων
3076 5012 3338 5083 εὐοσμίας
3385 5013 3663 5082 ἀπεργα--

2030 5107 2287 5175 σάμενος,
2311 5104 2401 5158 διὰ
2423 5105 2644 5159 πάντων
2671 5105 2886 5174 γένοιτο
2911 5104 3143 5168 τέλειος,
3167 5104 3307 5174 πρὶς
3341 5104 3507 5158 αὑτὸν
3534 5104 3634 5176 μὲν

2029 5200 2120 5251 τον
2153 5198 2286 5252 Θεὸν
2315 5199 2509 5265 Λόγον,
2538 5200 2613 5261 ὡς
2634 5198 2772 5269 πρὸς
2795 5198 2947 5268 ἡλίου
2979 5197 3179 5252 κύκλον
3203 5197 3411 5251 ἀτενῶν
3441 5197 3631 5251 ἐνιδεῖν

2030 5290 2191 5357 φύσιν
2210 5290 2323 5361 ,οὐκ
2364 5291 2500 5360 ἔχει,
2530 5289 2619 5343 διὰ
2645 5289 2705 5342 τὸ
2737 5290 3137 5360 ὑπερκείμενον
3179 5289 3280 5360 τῆς
3312 5289 3520 5352 οὐσίας,
3573 5291 3632 5341 ἐν
3691 5338 3713 5353 ,

2039 5383 2217 5453 ἑαυτῴ
2243 5382 2320 5447 δὲ,
2354 5384 2610 5452 καθάπερ
2641 5384 2699 5435 ἐν
2723 5384 3040 5453 κατόπτρῳ,
3074 5381 3291 5452 βλέπειν
3321 5383 3412 5433 τὸν
3441 5380 3593 5449 ἥλιον
3613 5393 3629 5409 ο

2040 5476 2096 5526 αἱ
2126 5478 2234 5545 γὰρ
2269 5476 2367 5544 τῆς
2402 5475 2661 5544 ἀληθινῆς
2716 5476 2809 5528 καὶ
2853 5475 3005 5538 θείας
3048 5474 3250 5547 ἀρετῆς
3298 5475 3521 5537 ἀκτῖνες
3551 5488 3626 5542 τῳ

1867 5606 2100 5665 NOTAE.

548 5699 658 5777 ἰξαὶ
684 5699 1005 5777 ὁμοιώματα
1026 5732 1094 5743 -
1124 5701 1504 5777 ’παραγένηται
1530 5702 1582 5757 iu
1615 5704 1676 5758 (Ζ.
1709 5703 1765 5757 Ιῖ.
1802 5714 1922 5760 cont

2046 5714 2193 5761 tutur
2234 5708 2337 5762 sub
2369 5707 2588 5761 nomine
2611 5706 2873 5777 Gregorii.

304 5848 328 5865 ’
418 5771 530 5840 (9-2)
559 5769 765 5824 Ραιιόί.
788 5779 826 5824 t.
859 5769 1022 5838 XVII,
1053 5772 1158 5827 col.
1200 5769 1325 5825 ‘26”.
