4060 6402
2252 172 2285 206 /

447 302 467 365 1
480 305 582 367 567

1780 313 2023 376 PROCO

2127 316 2136 374 ί
2175 317 2419 378 ϐΑΖβΕΙ
3587 313 3727 377 1568

439 436 638 476 sensus
662 420 901 476 oblectat
934 439 949 489 ;
991 422 1074 479 vel
1127 438 1248 479 cum
1294 423 1480 481 l‘ructu
1514 425 1628 497 iam
1662 426 1909 498 perfecto
1968 430 2023 482 in

2128 428 2321 500 διπλῆς
2349 425 2445 484 οὖν
2468 429 2639 504 οὔσης
2670 432 2730 485 ὲν
2753 431 2831 503 τῷ
2866 432 3057 504 βότρυῖ
3084 431 3185 503 τῆς
3222 429 3602 505 ἀπολαύσεως,
3626 430 3732 501 τῆς

439 522 627 566 nostra
672 513 839 567 situm
892 522 978 569 est
1030 524 1305 585 potestate
1372 526 1468 572 aut
1507 516 1631 588 ejus
1691 520 2023 576 comestione

2138 520 2238 590 μὲν
2267 522 2333 575 ὲκ
2363 539 2461 576 του
2482 522 2701 589 ἄνθους,
2730 525 2862 579 ὅταν
2904 524 3172 595 εὐφραίνῃ
3211 527 3280 596 τῇ
3311 524 3511 595 εὐωδίᾳ
3538 522 3607 576 τά
3639 522 3732 576 al-

436 602 721 663 de!cctari.
764 614 860 660 aut
912 605 967 659 in
1007 607 1276 663 conviviis
1337 607 1465 663 vino
1519 610 1841 667 exhilarari.
1927 613 2023 669 Hic

2135 612 2425 683 σθητήρια,
2453 613 2557 684 τῆς
2587 615 2644 669 δὶ
2665 615 2757 670 διὰ
2774 614 2873 670 τοῦ
2910 615 3292 680 τελειωθέντος
3332 615 3434 687 ήδη
3482 611 3727 684 καρποῦ,

438 708 641 770 sponsa
678 694 858 749 adhuc
895 694 1180 750 ﬂorentem
1207 695 1432 752 botrum
1464 698 1756 771 decerpit,
1788 702 2028 774 Cyprum

436 787 569 841 vitis
601 787 788 842 ﬂorem
831 789 1137 858 appellans.
1186 789 1293 856 Qui
1327 792 1473 847 enim
1504 802 1671 849 natus
1707 804 1793 850 est
1820 799 1979 853 nobis
2010 840 2025 865 ,

437 891 575 946 puer
606 875 789 942 Jesus,
831 879 884 932 in
920 878 1155 936 diversis
1189 880 1371 950 ipsum
1444 885 1881 955 suscipientibus
1941 890 2030 944 di-

437 984 602 1023 verso
645 972 810 1024 modo
846 972 1141 1040 proﬁciens
1172 966 1443 1044 s'apientia
1468 988 1521 1033 et
1550 986 1714 1035 aetate
1752 989 1805 1035 et
1852 981 2028 1051 gratia

434 1074 546 1113 non
581 1059 634 1113 in
666 1062 923 1117 omnibus
954 1063 1096 1118 idem
1133 1074 1218 1119 est
1239 1106 1254 1132 ,
1288 1067 1382 1123 sed
1414 1083 1514 1138 pro
1537 1084 1795 1126 mensura
1822 1072 1946 1141 ejus
1974 1074 2026 1127 in

433 1165 545 1221 quo
582 1152 817 1219 exsistit,
853 1153 1157 1209 secundum
1184 1159 1544 1228 capacitatem
1576 1161 1727 1217 illius
1748 1162 1840 1233 qui
1873 1163 2026 1218 illum

433 1242 582 1311 cepit
612 1238 738 1298 talis
768 1253 1017 1314 apparet,
1053 1247 1143 1302 vel
1185 1247 1374 1305 infans
1402 1288 1419 1314 ,
1454 1251 1538 1306 vel
1570 1252 1871 1322 proficiens
1898 1295 1914 1317 .
1940 1256 2027 1309 vel

433 1332 729 1396 perlectus,
767 1333 923 1404 juxta
977 1344 1233 1392 naturam
1289 1339 1429 1394 botri
1475 1379 1492 1404 ,
1523 1343 1615 1413 qui
1673 1358 1782 1403 non
1836 1346 2027 1400 eadem

431 1435 649 1489 semper
687 1425 870 1491 specie
905 1424 958 1478 in
992 1427 1103 1481 vite
1140 1416 1516 1498 conspicitur,
1554 1430 1665 1487 sed
1714 1448 1823 1488 una
1900 1450 2025 1490 cum

431 1521 683 1580 tempore
720 1513 952 1570 formam
983 1525 1179 1585 mutat,
1204 1516 1426 1585 ﬂorens,
1451 1537 1712 1589 vernans,
1728 1524 2025 1595 perfectus,

433 1612 704 1669 maturus,
736 1607 925 1662 vinum
956 1608 1153 1665 iactus.
1188 1609 1287 1666 llic
1329 1620 1415 1667 est
1450 1628 1582 1685 ergo
1619 1615 1817 1672 botrus
1839 1617 2025 1689 Cypri,

434 1699 628 1757 botrus
667 1704 856 1758 vinum
913 1706 1261 1773 promittens,
1300 1709 1543 1763 uomlnm
1610 1720 1791 1766 autem
1836 1714 2026 1769 vinum

431 1797 729 1860 exsistens,
790 1796 888 1851 sed
943 1813 1040 1868 per
1069 1798 1257 1855 ﬂorem
1317 1817 1592 1860 nascens:
1658 1819 1784 1875 spes
1844 1816 2024 1862 autem

426 1891 515 1937 est
544 1884 644 1940 ﬂos
696 1886 766 1941 de
807 1886 991 1943 futura
1043 1892 1221 1962 gratia
1260 1890 1418 1948 (idem
1463 1893 1691 1953 faciens.
1723 1897 2024 1954 Odoratum

428 1981 579 2033 enim
607 1980 849 2037 delectat
893 1990 1023 2039 ante
1051 1996 1273 2055 gustum
1303 2027 1317 2048 .
1353 1987 1624 2045 bonorum
1656 1994 2026 2062 exspectatio-

433 2089 502 2128 ne
526 2114 540 2134 .
566 2075 681 2144 spei
701 2077 1005 2145 vaporibus
1033 2079 1201 2133 animi
1236 2095 1441 2135 sensus
1473 2097 1750 2138 recreans.
1777 2084 2027 2154 Ailjectio

425 2174 613 2219 autem
647 2168 902 2222 vocabuli
947 2168 1123 2224 Gaddi
1189 2172 1468 2242 signiﬁcat
1530 2177 1709 2229 locum
1767 2177 2023 2246 pinguem

430 2256 486 2307 in
538 2270 647 2324 quo
675 2258 806 2312 vitis
878 2260 1104 2316 radices
1145 2275 1315 2331 agens
1385 2263 1630 2333 opimmn
1685 2281 1751 2320 ac
1804 2282 2023 2323 suavem

428 2344 669 2399 fructum
705 2346 837 2401 edit.
874 2347 968 2402 Sic
1007 2351 1155 2403 enim
1209 2352 1302 2419 qtti
1359 2353 1427 2407 de
1478 2353 1724 2407 locorum
1776 2358 2027 2412 scribunt

429 2434 659 2490 historia
680 2436 873 2490 dicunt
928 2446 1133 2493 sortem
1169 2438 1342 2496 Gaddi
1408 2458 1532 2498 esse
1588 2447 1895 2514 appositam
1958 2450 2024 2503 ad

352 2520 371 2537 '
428 2527 657 2580 alenilos
686 2529 895 2584 botros.
936 2530 1212 2596 Quoniam
1269 2534 1436 2603 igitur
1489 2537 1582 2604 qui
1647 2538 1748 2605 legi
1808 2542 2023 2594 Domini

425 2617 763 2670 voluntatem
816 2618 979 2673 habet
1050 2631 1468 2692 congruentem,
1522 2626 1616 2680 ditt
1648 2634 1703 2680 et
1731 2640 1897 2682 noctu
1967 2631 2021 2684 in

425 2723 494 2763 ea
523 2709 796 2765 meditans
833 2749 850 2775 ,
896 2712 1132 2767 edicitur
1203 2715 1368 2769 arbor
1423 2731 1641 2787 semper
1669 2722 1981 2787 germinans
2004 2763 2020 2788 ,

429 2811 695 2868 aquarum
726 2799 1019 2858 aﬂluxibus
1052 2804 1275 2875 pinguis
1325 2806 1586 2876 evadens,
1624 2824 1835 2881 suoque
1881 2820 2021 2867 tem-

428 2905 563 2960 pore
594 2899 902 2961 opportune
931 2894 1171 2948 fructum
1208 2896 1393 2951 ferens
1425 2912 1488 2951 ea
1519 2899 1587 2954 de
1630 2915 1796 2956 causa
1859 2918 2024 2974 spon-

322 2984 351 2999 "
429 2980 478 3034 si
512 2982 669 3036 vinea
712 2983 765 3037 in
801 2980 977 3037 Gaddi
1010 2998 1144 3053 agro
1178 2986 1368 3057 pingui
1436 2988 1579 3044 actis
1634 2987 1911 3049 radicibus
1965 2996 2018 3050 in

2132 706 2261 759 ὅταν
2291 706 2511 778 ὑπάρχῃ
2535 709 2655 761 κατ’
2684 708 2958 775 ἐξουσίαν,
2984 708 3135 780 ἢτῆς
3162 708 3422 780 βρώσεως
3455 722 3731 776 κατατρυο

2132 796 2321 868 φᾷν,ἢ
2359 798 2687 868 συμποσίοις
2721 800 2801 870 τῷ
2828 800 2958 871 οίνῳ
3010 799 3436 871 φαιδρύνεσθαι·
3488 798 3731 873 ἐνταῦθα

2131 890 2165 959 ἡ
2192 891 2380 961 νύμφη
2412 890 2494 944 ἔτι
2525 891 2617 945 τὸν
2652 890 2919 946 ἀνθοῦντα
2958 892 3158 964 βότρυν
3202 893 3578 961 καρποφορεῐ⁶
3607 887 3730 943 Κύ-

2131 998 2270 1049 προν
2302 984 2400 1054 τὴν
2428 984 2682 1056 οίνάνθην
2725 984 3162 1054 κατονομάζουσι
3183 1003 3195 1018 ·
3224 984 3285 1037 τὸ
3314 984 3425 1054 γὰρ
3464 982 3729 1052 γεννηθὲν

2131 1076 2264 1146 ήμῖν
2292 1076 2504 1130 παιδίον
2527 1075 2736 1147 Ἰησοῦς
2760 1078 2818 1130 ἐν
2856 1077 2970 1139 τοῖς
2998 1075 3321 1146 δεξαμένοις
3369 1075 3564 1137 αὐτὸν,
3605 1074 3730 1128 δια.-

2130 1167 2313 1239 φόρως
2346 1168 2681 1238 προκόπτων
2710 1167 2877 1239 σοφία
2906 1168 3002 1222 καὶ
3033 1168 3221 1239 ἡλικίᾳ
3260 1166 3355 1219 καὶ
3385 1166 3591 1237 χάριτι,
3622 1165 3729 1219 οὐκ

2128 1259 2190 1313 ὲν
2220 1260 2388 1313 πᾶσιν
2409 1261 2438 1313 6
2468 1260 2634 1324 αὐτός
2664 1262 2835 1324 ἐστιν,
2882 1259 3021 1313 ἀλλά
3056 1260 3194 1331 πρὸς
3237 1259 3301 1312 τὸ
3342 1258 3541 1328 μέτρον
3593 1259 3652 1310 ἐν
3679 1250 3728 1325 ᾧ

2129 1347 2373 1413 γίνεται·
2405 1345 2587 1425 καθὼς
2623 1348 2690 1403 ἂν
2718 1350 2746 1401 6
2779 1348 2974 1418 χωρῶν
3006 1349 3324 1418 ίκανότητος
3372 1347 3492 1417 ἔχῃ,
3544 1348 3726 1400 τοιοῦ-

2129 1457 2222 1503 τος
2249 1440 2522 1508 φαίνεται,
2553 1440 2586 1513 ἢ
2616 1441 2923 1511 νηπιάζων,
2960 1441 2992 1512 ἢ
3026 1441 3374 1513 προκόπτων,
3420 1438 3453 1511 ἢ
3480 1438 3724 1493 τελειού-

2133 1548 2314 1602 μενος,
2349 1532 2492 1586 κατά
2514 1534 2613 1602 τήν
2642 1533 2737 1587 τοῦ
2779 1534 3008 1605 βότρυος
3053 1532 3250 1602 φύσιν·
3292 1530 3352 1594 ὃς
3397 1531 3458 1584 οὐ
3487 1530 3722 1584 πάντοτε

2135 1623 2397 1693 μετάτοῦ
2451 1624 2620 1677 αὐτοῦ
2666 1624 2840 1689 εἴδους
2891 1625 2985 1678 ἐπὶ
3039 1623 3142 1693 τῆς
3189 1622 3437 1694 ἀμπέλου
3481 1623 3717 1693 ὁρᾶται·

2132 1715 2269 1769 ἀλλά
2295 1715 2391 1769 καὶ¹
2426 1716 2849 1781 συνεξαλλάσσει
2875 1716 2955 1788 τῷ
3005 1716 3185 1788 χρόνῳ
3230 1715 3290 1767 τὸ
3314 1711 3479 1778 εἶδος,
3515 1712 3718 1775 ἀνθῶν,

2132 1806 2858 1879 κυπρίζων,λτελειούμενος,
2884 1808 3305 1876 πεπαινόμενος,
3333 1801 3474 1868 οἶνος
3501 1804 3726 1874 γινόμε-

2128 1915 2220 1961 νος
2242 1915 2255 1929 ·
2286 1896 2463 1961 οὕτως
2489 1898 2672 1953 τοίνυν
2692 1900 2721 1951 6
2744 1898 2843 1967 τῆς
2868 1897 3097 1968 Κύπρου
3127 1896 3325 1967 βότρυς
3378 1893 3496 1947 ἐστὶ
3524 1892 3724 1963 βότρυς

2127 1987 2269 2044 οῐνον
2301 1990 2808 2062 ἐπαγγελλόμενος,
2850 1987 3007 2045 οὔπω
3037 1988 3094 2043 δὲ
3125 1984 3289 2051 οἶνος.
3329 1986 3466 2041 ἀλλά
3503 1983 3592 2039 διά
3621 1983 3722 2038 τοῦ

2127 2083 2322 2147 ἄνθους
2347 2083 2631 2154 γινόμενος
2657 2099 2673 2114 ·
2707 2084 2741 2153 ή
2765 2082 2824 2136 δὲ
2852 2081 3007 2144 ἐλπὶς
3044 2080 3106 2135 τδ
3128 2079 3289 2143 ἄνθος
3309 2079 3446 2141 ἐστὶ,
3466 2078 3566 2148 την
3594 2078 3722 2130 ἐσο-

2131 2174 2485 2244 μένηνχάριν
2511 2172 2879 2243 πιστούμενον
2903 2189 2918 2204 ·
2940 2170 3045 2243 τὴν
3063 2170 3335 2241 ὄσφρησιν
3353 2167 3465 2239 γάρ
3485 2167 3723 2239 εὐφραί-

2127 2281 2210 2317 νει
2240 2266 2362 2317 ἀντὶ
2391 2267 2491 2333 τῆς
2519 2262 2761 2331 γεύσεως
2782 2265 2849 2333 τῇ
2877 2260 3179 2333 προσδοκίᾳ
3200 2259 3309 2313 τῶν
3341 2258 3584 2326 ἀγαθῶν,
3603 2259 3723 2320 τοῖς

2124 2355 2319 2423 ἀτμοῖς
2347 2355 2454 2407 τῶν
2473 2353 2700 2407 ἐλπίδων
2722 2354 2915 2424 ὴδύνον
2932 2353 3001 2405 τά
3025 2353 3125 2422 τῆς
3152 2351 3333 2420 ψυχῆς
3358 2348 3718 2416 αἰσθητήρια·

2126 2449 2161 2518 ἡ
2186 2447 2245 2501 δὲ
2275 2445 2370 2500 τοῦ
2401 2443 2590 2499 Γαδδὶ
2639 2445 2931 2515 προσθήκη
2979 2443 3240 2512 σημαίνει
3277 2441 3371 2493 τὸν
3415 2437 3578 2491 πίονα
3602 2438 3721 2506 χῶ-

2129 2556 2253 2610 ρον,
2306 2532 2352 2607 ᾧ
2407 2537 2702 2609 ριζωθείσα
2755 2535 3085 2607 ήᾶμπελος,
3126 2533 3390 2603 εύτροφον
3440 2530 3537 2583 καὶ
3582 2528 3721 2599 ἡδὺν

2124 2630 2338 2700 καρπὸν
2362 2627 2769 2699 ἀπεργάζεται·
2801 2627 2945 2681 οὕτω
2975 2626 3083 2697 γὰρ
3105 2628 3200 2679 καὶ
3225 2628 3273 2678 οἱ
3302 2622 3544 2683 τοπικῶς
3571 2623 3723 2674 ἱστο-

2126 2721 2392 2790 ρήσαντες
2433 2718 2653 2788 λέγουσι
2684 2717 2777 2769 τὸν
2821 2716 3022 2786 κλῆρον
3050 2715 3144 2794 τοῦ
3195 2714 3355 2767 Γαδδὶ
3391 2710 3722 2781 ἐπιτηδείως

2124 2811 2271 2881 ἔχειν
2297 2810 2431 2880 πρὸς
2468 2807 2765 2879 εύτροφίαν
2798 2805 3040 2876 βοτρύων
3063 2823 3076 2837 ·
3119 2805 3309 2874 ἐπειδὴ
3349 2803 3530 2856 τοίνυν
3570 2804 3598 2854 ὁ
3635 2801 3721 2869 τῷ

2122 2903 2274 2972 νόμῳ
2303 2900 2513 2971 Κυρίου
2565 2899 2861 2969 σύμφωνον
2918 2897 3060 2967 ἔχων
3106 2896 3171 2949 τὸ
3198 2894 3438 2964 Θέλημα,
3491 2892 3587 2947 καὶ
3625 2892 3723 2945 διὰ.

2124 2996 2306 3064 πάσης
2327 2992 2520 3057 νυκτός
2572 3007 2633 3045 τε
2682 2991 2795 3044 καῖ
2826 2972 3044 3061 ἧμέρας
3097 2987 3301 3057 ταύτην
3331 2988 3431 3056 τὴν
3483 2984 3722 3055 μελέτην

433 3073 705 3141 profunda
739 3076 1076 3146 cogitatione
1108 3093 1229 3144 quae
1275 3093 1373 3148 per
1426 3080 1618 3136 divina
1690 3082 2017 3141 documenta

2127 3085 2468 3155 ποιούμενος,
2503 3081 2759 3145 ἀειθαλὲς
2792 3082 3000 3149 γίνεται
3032 3080 3273 3151 δένδρον,
3312 3080 3431 3141 ταῖς
3455 3076 3565 3130 τῶν
3588 3076 3723 3129 ὑδά-

430 3166 695 3248 irrigatur
727 3176 781 3223 et
807 3179 1038 3239 augetur
1071 3168 1359 3226 ﬂorentem
1413 3172 1560 3230 hunc
1610 3185 1665 3230 et
1694 3189 2014 3233 vernantem

2127 3193 2230 3230 των
2256 3177 2544 3248 ἐπιρροαῖς
2572 3173 2923 3244 πιαινόμενος
2948 3190 2960 3204 ·
2993 3170 3188 3226 τούτου
3225 3172 3388 3242 χάριν
3432 3171 3527 3223 καὶ
3564 3167 3722 3234 ἡγοῦ

432 3240 658 3312 ὺοιίηιηι
690 3256 974 3327 produxit,
1019 3262 1214 3331 sponsi
1277 3262 1467 3317 formae
1530 3265 1913 3323 assimilatum.
1962 3268 2018 3323 Si

2127 3240 2367 3337 νυμφίου.
2390 3240 2634 3338 ἀμπελος
2659 3269 2716 3319 ὲν
2841 3265 3001 3318 Γαδδὶ
3032 3262 3110 3334 τῷ
3131 3240 3276 3316 πίονι
3305 3240 3456 3332 τόπῳ
3481 3261 3685 3333 ὲρῤιζω
3708 3287 3724 3299 -

429 3348 576 3401 cnim
620 3349 733 3418 ipse
762 3349 989 3420 quidem
1018 3350 1171 3418 vitis,
1213 3368 1311 3408 nos
1379 3362 1562 3409 autem
1634 3354 1928 3426 palmites,
1961 3358 2018 3414 in

2129 3362 2271 3430 μέν-η
2306 3359 2500 3430 βαθείᾳ
2550 3362 2614 3429 τῇ
2661 3358 2877 3429 διανοίᾳ
2910 3357 2998 3411 διὰ
3032 3356 3138 3410 τῶν
3174 3356 3335 3409 θείων
3366 3354 3725 3423 διδαγμάτων

432 3437 554 3509 ipso
584 3440 772 3510 utique
800 3442 892 3512 qui
942 3443 1069 3498 vitis
1095 3452 1180 3498 est
1211 3443 1449 3500 fructum
1482 3446 1734 3506 ferinms.

2129 3451 2511 3522 καταρδομέιη
2553 3450 2647 3504 καὶ
2702 3448 2949 3518 αὔξουσα
2999 3449 3092 3502 τὸν
3142 3446 3347 3517 εὐανθῆ
3386 3445 3577 3499 τοῦτον
3621 3451 3726 3504 καὶ

432 3533 773 3603 κυπρίζοντα
808 3533 1004 3606 βότρυν
1030 3536 1314 3608 ἐξήνθησε,
1359 3538 1498 3610 πρὸς
1523 3540 1627 3612 τὴν
1655 3540 1753 3595 τοῦ
1781 3540 2019 3613 νυμφίου
2084 3525 2301 3614 μομᾷὴν
2355 3543 2732 3614 ὁμοιούμενον.
2766 3543 2828 3596 Ei
2853 3541 2962 3614 γὰρ
3034 3540 3197 3605 αὐτὸς
3246 3540 3405 3612 μὲνὴ
3445 3538 3723 3610 ἄμπελος,

430 3627 595 3696 ἡμεῖς
626 3626 684 3679 δὲ
711 3626 778 3680 τὰ
807 3627 1096 3698 κλήματα,
1125 3631 1185 3683 ὲν
1218 3630 1357 3702 αὐτῇ
1391 3632 1635 3703 δηλονότι
1665 3637 1732 3706 τῇ
1764 3636 1999 3706 ἀμπέλῳ
2019 3636 2498 3707 καρποφορούμεν.
3063 3640 3070 3653 ’

509 3720 647 3774 Nili.
686 3722 1012 3776 «Bon-um
1040 3725 1224 3795 Cypri,
1257 3728 1340 3779 vel
1374 3725 1659 3783 ﬂorentem
1683 3743 1850 3783 uvam
1867 3745 2023 3786 sumn

2199 3732 2441 3784 Νείλου.
2472 3759 2545 3771 --
2574 3730 2781 3800 Βότρυν
2806 3729 3034 3800 Κύπρου
3066 3727 3099 3801 ἢ
3129 3727 3229 3800 τήν
3267 3724 3535 3781 ἀνθοῦσαν
3562 3725 3723 3795 λέγει

427 3813 568 3868 dicit
596 3813 937 3876 l‘ratruelem.
1002 3817 1086 3871 vel
1145 3833 1212 3872 ex
1259 3819 1444 3892 Cypro
1506 3821 1725 3875 botrmn
1765 3823 2023 3879 eximium

2128 3822 2429 3893 σταφυλὴν,
2461 3822 2495 3893 ἦ
2522 3823 2615 3875 τὸν
2645 3824 2710 3876 ἐκ
2738 3823 2840 3892 τῆς
2867 3820 3096 3892 Κύπρου
3128 3819 3348 3892 βότρυν,
3396 3820 3528 3882 ἴσως
3570 3818 3725 3884 ἐξαί-

428 3906 566 3974 quid
610 3906 867 3962 fortassis
931 3907 1034 3963 ista
1081 3911 1274 3977 patria
1324 3912 1379 3964 in
1432 3911 1713 3967 botrorum
1749 3913 2023 3969 fertilitate

2127 3915 2281 3985 ρετόν
2310 3932 2362 3968 τι
2417 3913 2650 3985 ἐχούσης
2709 3913 2811 3983 τῆς
2843 3912 3122 3985 πατρίδος,
3155 3912 3377 3983 et)me
3434 3912 3677 3981 βοτρύων
3699 3927 3718 3941 ·

428 3999 729 4053 obtinente.
780 3997 971 4054 Utrum
996 4011 1178 4057 autem
1210 4004 1408 4059 horum
1436 4006 1505 4061 de
1544 4019 1749 4077 sponsa
1780 4008 2019 4073 dicatur,

2127 4005 2391 4075 ὁπότερον
2408 4004 2465 4057 δὲ
2488 4003 2695 4056 τούτων
2719 4002 2788 4056 ἀν
2812 4002 3039 4074 λέγηται
3066 4002 3221 4073 παρὰ
3248 4002 3346 4072 τῆς
3373 4001 3613 4072 νύμφης,
3636 3999 3722 4070 τῷ

428 4088 723 4158 pesteriori
779 4094 1054 4148 consentit
1095 4098 1325 4160 sensui;
1365 4098 1566 4153 etenim
1599 4101 1647 4153 si
1703 4099 2019 4155 fratruelctn

2129 4096 2307 4149 ὀπίσω
2332 4096 2547 4167 συνᾴδει
2577 4096 2828 4166 νοήματι·
2854 4097 2949 4149 καὶ
2975 4094 3086 4165 γὰρ
3111 4092 3379 4148 ἀνθοῦσαν
3408 4093 3557 4162 λέγει
3588 4110 3723 4146 στα-

428 4198 593 4238 suum
613 4181 895 4237 ﬂorentem
926 4185 1159 4252 appellet
1190 4201 1373 4248 uvam,
1401 4186 1559 4242 istius
1592 4188 1735 4242 modi
1768 4189 1898 4258 quid
1926 4189 2021 4254 ait,

2131 4188 2305 4259 φυλὴν
2325 4189 2420 4241 τὸν
2452 4186 2655 4257 εαυτῆς
2687 4187 2995 4258 ἀδελφιδδν,
3026 4185 3238 4240 τοιοῦτο
3276 4186 3465 4255 λέγει·
3498 4185 3581 4239 ὃτι
3610 4185 3720 4248 ἕως

433 4277 614 4345 ipsum
669 4290 866 4346 nempe
901 4276 1031 4331 dum
1084 4278 1263 4332 adlmc
1318 4280 1371 4333 in
1426 4284 1817 4350 apparentibus
1883 4285 2023 4352 peri-

2129 4282 2277 4334 ὲστὶν
2303 4283 2358 4333 ἐν
2397 4282 2507 4343 τοῖς
2532 4280 2753 4333 δοκοῦσι
2788 4281 3205 4352 περιστατικοῑς
3226 4317 3241 4343 ,
3273 4277 3557 4349 κυπρίζων
3596 4278 3716 4330 ἐστὶ

430 4369 574 4423 culis
604 4380 854 4424 versatur
882 4412 897 4436 ,
936 4384 1257 4425 vernamem
1311 4388 1435 4428 esse
1468 4374 1683 4428 betrum
1719 4417 1735 4441 ,
1789 4376 1884 4430 sed
1927 4377 2018 4444 qui

2129 4373 2359 4443 βότρυς·
2406 4373 2548 4445 πλὴν
2586 4375 2693 4426 τῶν
2734 4373 2801 4427 δι’
2853 4374 3069 4437 ἐλπίδος
3118 4372 3576 4441 ἀπεκδεχομένων
3614 4371 3714 4437 τὴν

431 4475 530 4530 per
562 4476 715 4530 spem
752 4461 860 4530 iam
890 4464 1205 4533 conceperit
1234 4480 1390 4519 suam
1430 4466 1822 4535 perfectionem
1886 4470 2015 4523 dum

2127 4464 2314 4517 τούτου
2376 4463 2687 4517 τελείωσιν·
2744 4465 2868 4534 ἐμοὶ
2912 4464 2969 4517 δὲ
3033 4464 3129 4517 καὶ
3181 4463 3239 4516 ὲν
3277 4462 3358 4533 τῷ
3426 4461 3575 4516 ἄνθει
3614 4460 3711 4523 ἂν,

432 4553 614 4608 adhuc
650 4553 703 4607 in
736 4552 869 4609 ﬂore
902 4565 1025 4623 est;
1085 4565 1138 4610 et
1185 4557 1311 4610 licet
1347 4558 1581 4612 necdum
1615 4562 2011 4624 comestionis,

2127 4557 2170 4609 εἰ
2198 4558 2289 4610 καὶ
2320 4555 2395 4627 μὴ
2422 4557 2522 4627 τὴν
2550 4557 2615 4610 ἐκ
2642 4556 2741 4626 τῆς
2763 4555 3042 4628 βρὼτεως.
3067 4555 3205 4610 ἀλλά
3233 4554 3367 4625 γοῦν
3400 4553 3499 4624 τὴν
3527 4555 3592 4607 ὲκ
3610 4552 3713 4622 τῆς

431 4645 558 4699 boui
599 4655 779 4699 tamen
810 4645 1000 4703 odoris
1033 4646 1349 4703 l'ruitionem
1414 4650 1618 4719 prtehet
1642 4692 1657 4715 ,
1688 4662 1740 4706 et
1774 4668 2021 4709 resurre-

2127 4649 2352 4712 εὐωδίας
2379 4649 2611 4721 παρέχει
2636 4649 2961 4711 ἀπόλαυσιν,
2987 4650 3084 4703 καὶ
3107 4648 3208 4721 τὴν
3239 4648 3338 4717 τῆς
3358 4648 3714 4710 ἀναστάσεως

431 4739 633 4792 ctionis
688 4738 893 4793 iudicat
950 4737 1355 4808 juenmlitatem
1385 4781 1398 4804 ,
1435 4742 1557 4811 ipso
1592 4744 1724 4798 ﬂore
1769 4743 2010 4799 fructum

2127 4743 2412 4811 ὐποτραίνει
2461 4741 2841 4813 εὐφροσύνην·
2906 4742 2986 4813 τῷ
3050 4740 3200 4794 ἄνθει
3263 4739 3570 4810 λεληθότως
3618 4738 3713 4792 τδν

432 4831 662 4885 latenter
691 4832 1113 4896 suliinsinuans,
1144 4848 1209 4887 ac
1231 4833 1383 4889 [loris
1419 4836 1638 4889 interim
1670 4837 1842 4890 odore
1870 4838 2013 4891 bono

2127 4834 2336 4902 καρπὸν
2366 4835 2697 4902 ὑποκυλίων,
2734 4834 2828 4887 καὶ
2852 4837 2917 4905 τῇ
2965 4833 3168 4904 εὐωδίᾳ.
3201 4831 3301 4887 τοῦ
3344 4833 3541 4896 ἄνθους
3572 4830 3712 4894 τέως

427 4925 749 4977 cottsolans.
794 4923 891 4977 Est
921 4925 1067 4978 enim
1107 4925 1160 4978 in
1202 4927 1379 4980 vineis
1438 4927 1680 4996 lingaddi
1728 4930 1873 4997 quod
1934 4931 2019 4984 in-

431 5021 766 5077 terpretatur
796 5014 990 5069 oculus
1028 5016 1370 5071 temationis.
1404 5016 1613 5070 Etenim
1657 5017 1925 5077 Dominus
1960 5024 2012 5077 in

431 5115 599 5153 cnice
632 5117 980 5171 suspensus,
1047 5112 1306 5173 tanquam
1376 5106 1428 5158 in
1499 5106 1622 5159 loco
1697 5115 2020 5167 trntatiunis

434 5195 682 5248 omnium
722 5196 899 5250 oculis
932 5203 1051 5249 erat
1109 5199 1393 5266 expositus
1449 5200 1680 5254 multum
1751 5202 2020 5272 despera-

433 5286 603 5342 tionis
630 5286 897 5354 objiciens
931 5288 1293 5353 intuentibus,
1326 5299 1568 5345 attamen
1600 5293 1825 5347 minime
1855 5310 2020 5351 scau-

434 5376 780 5431 rlalizabatur
827 5379 1010 5432 anima
1057 5377 1295 5447 perfecta
1322 5418 1336 5446 ,
1369 5396 1492 5451 qua;
1541 5382 1835 5450 perfectam
1893 5400 2022 5455 erga

438 5468 621 5537 ipsum
675 5468 911 5523 habeth
939 5468 1294 5524 dilectionem
1333 5479 1389 5525 et
1447 5488 1517 5527 ett
1582 5475 1870 5543 prophetis
1906 5476 2014 5530 sibi

439 5558 827 5629 persuadebat,
867 5561 972 5615 hoc
1009 5562 1323 5631 oportuisse
1353 5562 1491 5617 ﬁeri.
1543 5563 1657 5619 Etsi
1698 5567 1841 5619 enim
1882 5568 2026 5621 mul-

441 5662 527 5707 tos
566 5651 651 5706 vel
702 5651 865 5706 etiam
899 5669 1088 5709 omnes
1112 5670 1173 5709 ea
1205 5670 1328 5724 qme
1380 5655 1580 5710 ﬁebant
1611 5659 2019 5726 pcrturbarcut,

446 5760 533 5801 me
567 5754 749 5811 tamen
780 5746 913 5801 nihil
950 5748 1143 5803 horum
1165 5750 1572 5805 commovitaut
1599 5752 1838 5808 titubare
1871 5753 2016 5817 fecit,

2124 4925 2622 4996 παραμυθούμενος
2642 4943 2658 4960 ·
2688 4928 2747 4979 ὲν
2779 4925 3069 4996 ἀμπελῶσι
3099 4924 3209 4995 γάρ
3250 4925 3508 4979 causam
3528 4924 3709 4988 Γαδδὶ,

2121 5019 2257 5087 ὅπερ
2288 5018 2674 5089 ἑρμηνεύεται,
2694 5018 2974 5089 ὀφθαλμὸς
2991 5014 3352 5088 πειρατηρίου
3375 5033 3389 5048 ·
3421 5016 3516 5069 καὶ
3551 5018 3659 5087 γάρ
3681 5016 3712 5069 6

2123 5106 2330 5178 Κύριος
2375 5109 2723 5179 κρεμάμενος
2782 5109 2842 5161 ὲν
2896 5107 3116 5179 σταυρῷ
3152 5108 3228 5170 ὡς
3277 5109 3338 5160 ἑν
3368 5107 3711 5179 πειρατηρίῳ

2120 5202 2234 5261 τοῖς
2257 5198 2511 5253 ἀπάντων
2536 5200 2859 5270 ὀφθαλμοῖς,
2884 5199 3088 5271 πολλὴν
3110 5199 3424 5269 ἀμηχανίαν
3455 5199 3710 5269 παρέχων

2123 5293 2237 5353 τοῖς
2262 5290 2462 5362 όρῶσιν
2481 5305 2494 5318 °
2532 5290 2648 5344 ἀλλ’
2677 5293 2780 5345 οὐκ
2801 5290 3223 5355 ὲσκανδαλίζετο
3269 5292 3304 5362 ἡ
3325 5290 3509 5343 τελεία
3536 5290 3707 5360 ψυχὴ,

2124 5382 2337 5435 τελείαν
2369 5383 2569 5453 ἔχουσα
2596 5385 2695 5455 τὴν
2744 5386 2824 5448 εἰς
2869 5384 3033 5438 αὐτὸν
3063 5383 3312 5452 ἀγάπην,
3346 5384 3440 5437 καὶ¹
3484 5384 3549 5437 ὲκ
3596 5381 3708 5435 τῶν

2132 5478 2479 5549 προφητειῶν
2525 5478 2889 5549 πεπεισμένη,
2923 5479 3006 5532 ὅτι
3041 5477 3218 5532 ταῦτα
3265 5476 3374 5531 ἔδει
3426 5475 3705 5544 γενέσθαι·

2126 5572 2220 5624 καὶ
2250 5570 2359 5641 γὰρ
2392 5569 2641 5634 πολλοὺς,
2680 5571 2868 5639 φησὶν,
2912 5568 2943 5639 ἦ
2974 5570 3069 5622 καὶ
3099 5568 3311 5631 πάντας
3363 5566 3594 5636 ἐτάραξε
3641 5565 3709 5620 τά

2125 5663 2487 5733 γεγενημένα,
2532 5662 2646 5715 ἀλλ’
2680 5662 2832 5716 οὐδὲν
2878 5661 2981 5732 ἐμὲ
3028 5660 3237 5715 τούτων
3294 5657 3703 5729 παρεκίνησεν·

2125 5756 2244 5805 οὐδὲ
2292 5755 2538 5808 διστάται
2590 5754 3040 5825 παρεσκεύασεν·
3099 5755 3146 5805 εί
3190 5751 3245 5805 δὲ
3298 5752 3393 5805 καὶ
3434 5750 3575 5804 κατὰ
3606 5750 3705 5819 τὴν
