4060 6428
411 354 552 423 1569

1366 351 1906 415 (ΖΟΜΜΕΝΤΑΗΙΙ
1948 351 2029 411 ΙΝ
2071 348 2391 410 CANTICA
2432 347 2726 409 CANTIC.

3549 345 3690 410 1570

405 469 585 539 ἀλλην
609 466 859 539 ικδοχὴν,
894 467 1089 539 βότρυς
1121 466 1354 537 Κύπρου
1407 466 1547 533 ἐστὶ,
1578 465 1841 518 σκεπτέον
1891 463 1994 526 πῶς

2112 460 2269 526 Quod
2320 461 2366 515 si
2407 474 2542 516 vero
2575 459 2739 514 etiam
2771 454 3071 513 secundum
3095 454 3259 511 aliam
3301 458 3696 527 expositionem

404 562 509 632 τῆς
543 563 778 634 Κύπρου
830 559 1030 631 βότρυς
1067 558 1168 623 ὢν,
1210 559 1312 613 οὐκ
1344 559 1403 613 ἐν
1431 554 1724 628 ἀμπελῶσι
1750 555 2003 627 Κύπρου,

403 655 523 709 ἀλλ’
547 652 803 706 ἘνΓαδδὶ
827 653 1052 721 λέγεται
1081 649 1224 707 εἶναι
1244 669 1258 683 ·
1291 652 1434 724 τάχα
1462 652 1558 724 οὖν
1592 653 1683 706 ὅτε
1714 647 1784 724 ἦν
1805 652 1865 705 ἐν
1893 652 2006 715 τοῖς

401 743 633 806 κόλποις
658 743 755 798 τοῦ
779 744 1017 815 Πατρδς,
1043 745 1150 817 πρὸ
1169 746 1270 816 τῆς
1288 722 1778 817 ἐνανθρῖυπήσεως,
1806 745 2005 817 βότρυς

397 830 470 907 ἦν
498 837 601 905 τῆς
625 835 853 907 Κύπρου
882 837 1017 900 Θεὸς
1045 838 1221 906 Λόγος
1248 837 1324 892 ῶν
1346 857 1359 871 ·
1393 840 1479 893 ὅτε
1499 838 1557 893 δὲ
1578 838 1656 909 τῷ
1694 839 1885 911 κόσμῳ
1913 839 2004 893 διὰ

401 929 612 997 σαρκὸς
644 927 1024 998 ἐπεδήμησεν,
1045 930 1105 981 ὲν
1135 928 1426 999 ἀμπελῶσι
1471 929 1663 998 γέγονε
1694 934 1760 1002 τῇ
1802 930 1998 984 Γαδδίο

400 1012 519 1093 ὲν
548 1019 599 1071 οἱ
627 1018 900 1090 ὀφθαλμοὶ
918 1018 1012 1073 τοῦ
1040 1021 1403 1092 πειρατηρίου
1428 1021 1531 1074 οὐκ
1554 1020 1770 1092 ἔχοντες
1792 1022 1998 1097 ἀκριϐῆ

402 1109 503 1179 τὴν
538 1112 638 1181 τῆς
667 1109 927 1181 ἀληθείας
947 1112 1277 1185 κατάληψιν,
1312 1113 1747 1182 δυσδιάγνωστον
1776 1114 1999 1169 ἐποίουν

401 1202 465 1254 τὸ
490 1202 840 1274 φαινόμενον,
873 1204 1182 1276 ίσορῤεπῶς
1220 1205 1323 1275 τῆς
1360 1206 1601 1270 διανοίας
1647 1207 1734 1277 ἐφ’
1759 1206 1998 1280 ἑκάτερα

400 1293 685 1363 κινούσης,
712 1294 807 1347 ἐπί
824 1312 887 1348 τε
911 1297 1010 1367 τὴν
1032 1295 1223 1368 θεῖκὴν
1250 1296 1410 1362 ἀξίαν
1436 1298 1523 1351 διά
1547 1297 1607 1351 τὸ
1633 1298 1866 1371 μέγεθος
1886 1298 1997 1352 τῶν

398 1384 720 1455 θαυμάτων,
751 1386 845 1439 ὲπί
869 1402 930 1441 τε
962 1385 1064 1460 τὴν
1092 1387 1444 1461 ἀνθρωπίνην
1481 1389 1758 1444 εὐτέλειαν
1791 1390 1880 1444 διὰ
1928 1389 1997 1444 τὰ

395 1474 554 1545 πάθη
572 1492 588 1508 ο
628 1476 768 1544 μετά
797 1475 931 1544 γοῦν
961 1476 1063 1549 τὴν
1080 1478 1360 1549 τοιαύτην,
1390 1479 1449 1535 ἐν
1470 1496 1530 1533 τε
1559 1482 1679 1543 ταῖς
1706 1480 1993 1553 πράξεσιν,

395 1562 457 1614 εν
483 1579 547 1616 τε
581 1567 698 1627 τοῖς
738 1563 1008 1634 δόγμασιν
1059 1566 1248 1632 αὐτοῖς
1291 1568 1581 1641 ἀκρίϐειαν
1628 1570 1997 1642 ἀμειϐόμενος

392 1653 574 1726 αὐτὴν
599 1657 630 1709 ό
659 1657 919 1727 νυμφίος,
951 1657 1155 1728 μᾶλλον
1183 1659 1244 1714 δὲ
1275 1659 1345 1714 τὰ
1374 1661 1651 1732 προσόντα
1682 1663 1823 1736 αὐτῇ
1859 1681 1992 1736 φησι

398 1747 727 1819 μαρτυρῶν,
753 1747 912 1804 Ἰδοὺ
938 1746 998 1805 σῖ
1017 1750 1204 1819 καλὴ,
1224 1752 1318 1806 καὶ
1350 1754 1419 1808 τά
1440 1752 1591 1824 ἑξῆς.

470 1928 560 1982 ιδ’.
590 1927 750 1984 Ἰδοὺ
774 1922 835 1982 εἷ
856 1928 1042 1998 καλὴ,
1064 1932 1107 2000 ἠ
1133 1932 1405 2000 πλησίον
1413 1950 1556 2004 μου,
1578 1933 1708 1989 ἰδοὺ
1731 1932 1989 2008 εἶκαλὴ,

391 2021 699 2089 ὀφθαλμοί
721 2034 841 2073 σου
870 2022 1215 2090 περιστεραί
1218 2061 1233 2077 .

462 2112 829 2180 Γρηγορίου.
864 2141 934 2153 ——
968 2113 1059 2167 Ἐν
1095 2113 1198 2183 μὲν
1225 2116 1343 2178 τοῖς
1368 2103 1662 2187 φθάσασιν,
1711 2110 1881 2175 ἵππου
1906 2138 1992 2176 τι-

387 2204 485 2266 νὸς
507 2203 819 2275 εὐμορφίαν
845 2203 923 2275 τῷ
946 2208 1263 2279 φαινομένῳ
1292 2210 1796 2283 προσεμαρτύρησε
1819 2227 1836 2243 ·
1894 2213 1992 2269 νῦν

388 2296 448 2349 δὲ
468 2295 551 2359 ὡς
576 2296 852 2368 παρθένου
877 2296 1063 2350 λοιπὸν
1098 2297 1424 2370 ἀποδέχεται
1446 2301 1507 2354 τὸ
1547 2303 1828 2373 ἀναφανὲν
1857 2307 1992 2361 κάλ-

388 2386 511 2451 λος,
567 2388 664 2440 καί
697 2403 865 2456 φησιν
889 2403 905 2419 ο
947 2387 1093 2441 Ἰδοὺ
1145 2385 1204 2442 ετ
1241 2390 1424 2462 καλὴ,
1454 2393 1492 2461 ή
1534 2395 1805 2464 πλησίον
1828 2415 1950 2468 μου
1973 2412 1988 2427 ⁸

392 2478 646 2532 παιδεύει
681 2478 737 2532 δὲ
784 2478 876 2532 διὰ
920 2478 1191 2543 τούτωνό
1237 2481 1415 2551 λόγος,
1463 2486 1669 2558 ταύτην
1702 2484 1840 2543 εἶναι
1891 2488 1988 2544 τοῦ

394 2569 632 2633 κάλλους
660 2571 761 2640 τὴν
786 2570 1151 2642 ἐπανάληψιν,
1181 2573 1245 2627 τδ
1270 2575 1501 2647 πλησίον
1540 2578 1646 2648 τῆς
1694 2580 1789 2634 τοῦ
1820 2581 1987 2637 καλοῦ

398 2661 657 2728 γενέσθαι
704 2662 891 2733 πηγῆς
911 2679 925 2693 ο
956 2664 1224 2735 πρότερον
1244 2666 1364 2739 ’μὲν
1406 2668 1537 2740 γὰρ,
1566 2672 1754 2740 φησὶν,
1785 2675 1887 2727 οὐκ
1919 2669 1989 2745 ἦς

402 2752 576 2823 καλή*
622 2752 761 2807 διότι
805 2753 902 2807 τοῦ
958 2755 1268 2826 ἀρχετύπου
1313 2759 1546 2825 κάλλους
1579 2763 1989 2830 ἀποξενωθεῖσα

392 2848 459 2915 τῇ
490 2848 709 2917 πονηρᾷ
761 2848 1063 2915 γειτνιάσει
1113 2850 1214 2920 τῆς
1242 2852 1443 2918 κακίας
1477 2856 1618 2927 πρὸς
1653 2857 1716 2911 τὸ
1749 2859 1990 2931 εἰδεχθὲς

388 2937 698 3009 ἠλλοιώθης
717 2954 733 2969 °
786 2940 1076 2995 ἀποστᾶσα
1127 2942 1185 2996 δὲ
1214 2943 1310 2999 νῦν
1338 2945 1438 3016 τῆς
1460 2946 1556 3000 τοῦ
1586 2949 1759 3004 κακοῦ
1789 2968 1988 3006 κοινω-

388 3027 540 3091 νίας,
567 3030 663 3082 καὶ
688 3030 814 3098 ἐμοὶ
840 3031 1196 3103 πλησιάσασα
1216 3036 1296 3107 τῷ
1327 3037 1628 3111 ἀρχετύπῳ
1659 3041 1867 3108 κάλλει,
1892 3044 1987 3098 καὶ

2108 554 2300 606 botrus
2336 550 2498 622 Cypri
2551 552 2625 607 sit
2662 593 2677 617 ,
2741 550 3207 605 considerandum
3258 551 3534 618 quomodo
3571 566 3697 606 cum

2106 639 2268 712 Cypri
2299 641 2492 695 botrns
2509 650 2656 695 esset
2683 681 2696 699 .
2736 655 2844 693 non
2877 640 2947 694 in.
2994 641 3170 694 vineis
3227 639 3391 711 Cypri
3433 640 3529 694 sed
3586 640 3697 696 En-

2106 732 2266 802 gaddi
2306 747 2430 788 esse
2459 732 2709 791 dicitur?
2742 729 3022 787 Fortassis
3071 732 3263 801 utique
3307 730 3529 801 quando
3579 739 3698 785 erat

2104 825 2159 879 in
2204 824 2329 878 sinu
2379 822 2581 890 Patris,
2627 832 2756 878 ante
2824 822 3287 889 incarnationem,
3325 823 3520 877 hotrus
3576 830 3696 876 erat

2103 913 2247 971 Deus
2274 913 2509 970 Verbum
2537 916 2809 971 exsistens
2832 930 2848 981 ;
2872 914 3095 985 quando
3120 923 3302 968 autem
3326 914 3395 968 ad
3422 914 3687 968 mundum
3707 910 3721 925 '

2102 1022 2201 1078 per
2238 1022 2463 1062 carnem
2495 1007 2737 1073 advenit,
2772 1007 2827 1061 in
2852 1008 3030 1061 vineis
3051 1005 3266 1062 exstitit
3297 1004 3469 1061 Gaddi
3511 1007 3563 1061 in
3587 1020 3694 1075 qua

2101 1099 2246 1154 oeuli
2280 1099 2598 1154 tentationis
2640 1112 2746 1153 non
2780 1099 3050 1154 habentes
3084 1109 3402 1153 accuratam
3430 1099 3694 1153 veritatis

2100 1190 2674 1260 comprehensionem,
2707 1205 2832 1245 eum
2867 1190 2960 1259 qui
2986 1191 3285 1259 apparebat
3309 1191 3531 1260 cognitu
3557 1190 3695 1244 ditii-

2099 1281 2261 1337 cilem
2297 1280 2625 1345 reddebant,
2665 1281 2795 1337 dum
2832 1296 2992 1336 mens
3018 1281 3088 1335 ad
3122 1289 3356 1351 utraque
3407 1282 3695 1349 aequaliter

2101 1373 2486 1442 inclinaretur,
2523 1374 2588 1428 ad
2626 1373 2868 1429 divinam
2903 1373 3498 1446 dignitatcm‘propter
3527 1374 3694 1458 mira:-

2098 1468 2244 1535 cula,
2276 1476 2332 1524 et
2372 1469 2438 1523 ad
2491 1469 2791 1523 humanam
2819 1468 3088 1523 vilitatem
3125 1478 3351 1537 propter
3381 1466 3690 1536 passiones.

2097 1559 2399 1632 Postquam
2431 1560 2623 1631 igitur,
2670 1570 2778 1615 tam
2862 1560 2919 1614 in
2963 1560 3225 1630 operibus
3271 1572 3435 1628 quam
3479 1559 3537 1612 in
3587 1557 3694 1612 do-

2097 1652 2300 1707 ctrinis
2343 1652 2506 1708 talem
2545 1651 2665 1723 ejus
2724 1651 3066 1722 diligentiam
3094 1651 3321 1705 alternis
3355 1649 3693 1704 exercuisset

2100 1746 2361 1815 Sponsus,
2407 1744 2583 1816 magis
2617 1759 2680 1800 ea
2711 1760 2834 1814 quae
2865 1744 2970 1814 ipsi
3003 1742 3258 1807 aderant,
3305 1756 3407 1796 suo
3439 1742 3692 1796 testimo-

2024 1815 2068 1873 Β
2105 1837 2199 1891 nio
2232 1815 2592 1901 confirmans,
2620 1838 2728 1891 ait:
2768 1834 2934 1899 Ecce,
2962 1835 3182 1903 pulchra
3209 1849 3296 1897 es,
3338 1841 3450 1888 etc.

2166 1927 2335 1984 Vens.
2378 1928 2463 1982 H.
2500 1927 2635 1983 Ecce
2656 1928 2887 1999 pulchra
2916 1945 2992 1994 es,
3021 1927 3318 1996 propinqua
3368 1939 3513 1988 utea,
3573 1935 3692 1975 ecce

2092 2020 2317 2093 pulchra
2346 2037 2400 2075 es
2431 2036 2449 2074 :
2504 2020 2644 2074 oculi
2676 2021 2754 2074 tui
2779 2018 3062 2074 columbce.

2164 2112 2425 2184 Gregorii.
2450 2141 2519 2153 ——
2562 2111 2621 2165 In
2648 2109 3088 2181 prmedentibus
3119 2106 3346 2178 quidem
3393 2104 3469 2160 illi
3496 2102 3692 2172 cujus-

2091 2205 2216 2261 dam
2243 2206 2370 2275 equi
2403 2214 2768 2276 apparentem
2804 2203 2911 2258 suh
2954 2200 3280 2257 testimonio
3317 2197 3515 2252 tribuit
3565 2197 3689 2264 pul-

2092 2297 2488 2363 chritudinem,
2508 2312 2658 2351 nunc
2678 2309 2810 2349 vero
2843 2298 3119 2364 tanquam’
3137 2288 3370 2360 virginis
3390 2287 3461 2344 de
3488 2294 3691 2341 caetero

2091 2388 2148 2443 in
2176 2389 2295 2458 ipsa
2327 2390 2676 2442 relucentem
2711 2384 2981 2453 approbat
3028 2387 3375 2436 venustatem
3412 2416 3427 2441 ,
3461 2383 3519 2431 et
3566 2376 3685 2429 ait:

2091 2479 2228 2534 Ecce
2247 2479 2468 2549 pulchra
2488 2495 2564 2544 es,
2584 2477 2878 2546 propinqua
2894 2491 3031 2529 mea.
3053 2472 3222 2526 Docet
3248 2477 3431 2524 autem
3452 2482 3547 2537 per
3573 2467 3689 2521 hac

2092 2574 2272 2629 oratio
2302 2573 2447 2628 hanc
2471 2568 2900 2640 pulchritudinis
2928 2580 3053 2620 esse
3085 2560 3514 2630 resumptionem
3536 2557 3688 2627 quod

2089 2663 2234 2719 fonti
2276 2658 2719 2733 pulchritudinis
2742 2655 3059 2727 propinqua
3083 2651 3228 2706 facta
3247 2650 3337 2705 sit.
3364 2645 3501 2700 Nam
3530 2646 3688 2716 prius

2089 2756 2338 2833 quidem,
2376 2758 2580 2828 inquit,
2620 2768 2730 2809 non
2760 2767 2887 2809 eras
2921 2750 3174 2821 pulchra,
3209 2744 3356 2816 quod
3395 2743 3535 2797 mala
3567 2741 3685 2796 vitii

2091 2849 2628 2923 appropinquatione
2659 2860 2690 2900 a
2741 2842 3005 2914 primaria
3067 2840 3381 2895 abalienata
3436 2834 3689 2907 pulchri-

2090 2944 2281 2999 tudine
2309 2982 2323 3008 ,
2376 2941 2433 2996 in
2470 2938 2882 2995 deformitatem
2915 2933 3091 2988 fueris
3128 2937 3496 2987 commutata.
3531 2926 3691 2982 Nunc

2089 3030 2271 3088 autem
2308 3048 2338 3085 a
2376 3030 2502 3084 mali
2541 3028 2809 3085 societate
2839 3025 3111 3080 recedens
3175 3022 3424 3092 mihique
3475 3034 3683 3092 appro-

385 3122 536 3216 αύτὴ
567 3121 709 3216 καλὴ
731 3123 982 3216 γέγονας,
1014 3121 1128 3216 οἷόν
1152 3145 1205 3181 τι
1231 3129 1540 3201 κάτοπτρον
1565 3132 1645 3204 τῷ
1665 3134 1786 3206 ἐμῷ
1810 3152 1994 3216 χαρατ

2099 3126 2368 3197 pinqnans
2406 3163 2421 3189 ,
2474 3120 2775 3192 exemplari
2837 3115 3242 3201 pulchritudini
3291 3115 3406 3184 ipsa
3468 3128 3691 3183 quoque

386 3214 563 3282 κτῆρι
586 3214 1014 3285 ἑμμορφωθεῖσα
1033 3234 1048 3250 ·
1069 3213 1190 3272 εἶτα
1217 3220 1484 3295 ἐπισχὼν,
1507 3222 1604 3276 καὶ
1623 3217 1734 3279 οἷον
1750 3226 1807 3280 ὲν
1829 3213 1992 3297 προσέ

383 3305 541 3376 Θήκῃ
572 3306 682 3358 τινὶ
709 3306 804 3360 καὶ
826 3308 1079 3363 ἐπιτάσει
1109 3312 1410 3384 γενομένην
1438 3313 1535 3368 τοῦ
1563 3316 1796 3383 κάλλους
1820 3319 1990 3392 αὐτὴν

383 3397 759 3468 θεασάμενος,
794 3400 959 3455 πάλιν
1007 3402 1102 3456 τὸν
1134 3403 1300 3458 αὐτὸν
1347 3407 1803 3484 ἐπαναλάμσανει
1834 3410 1991 3479 λόγον

268 3554 271 3559 Ι
383 3487 605 3541 εἰπών’
675 3489 824 3544 Ἰδοὺ
881 3486 943 3545 εἴ
973 3494 1169 3559 καλή*
1221 3494 1338 3548 ἀλλ’
1370 3496 1432 3549 ἐν
1468 3495 1545 3569 τῷ
1585 3498 1844 3570 προτέρῳ
1890 3498 1991 3571 τὴν

386 3576 631 3649 πλησίον
658 3580 975 3652 ὠνόμασεν·
1010 3582 1247 3639 ἐνταῦθα
1271 3584 1450 3658 δὲτὴν
1483 3588 1547 3641 ἐκ
1592 3588 1688 3642 τοῦ
1728 3590 1993 3661 ὀνόματος

385 3669 507 3723 τῶν
562 3670 719 3724 εἱδῶν
776 3671 1226 3755 γνωριζομένην
1298 3675 1629 3747 Ὀφθαλμοί
1691 3694 1812 3734 σου
1858 3679 1989 3751 γὰρ,

387 3754 575 3832 φησι,
609 3764 959 3833 περιστεραί
980 3781 996 3796 ⁸
1023 3766 1291 3836 πρότερον
1337 3767 1438 3838 μὲν
1472 3768 1582 3835 γὰρ
1606 3769 1695 3822 ὅτε
1729 3769 1805 3841 τῷ
1841 3770 1993 3842 ῐππῳ

386 3851 758 3923 ἀφωμοιώθη,
815 3854 877 3907 ὲν
919 3855 1132 3924 σιαγόνι
1186 3874 1249 3911 τε
1295 3858 1390 3911 καὶ
1426 3859 1733 3932 τραχήλῳὸ
1767 3860 1991 3925 ἔπαινος

392 3940 462 4015 ἧν
483 3961 499 3975 ·
554 3942 655 3999 νῦν
682 3944 739 3998 δὲ
791 3946 883 4000 ὅτε
916 3946 983 4000 τὸ
1019 3947 1154 4003 ἴδιον
1203 3950 1376 4023 αὐτῆς
1428 3951 1674 4022 ἀνεφάνη
1707 3952 1927 4021 κάλλος,
1956 3955 1989 4024 ἡ

392 4036 503 4090 τῶν
533 4032 835 4109 ὀφθαλμῶν
854 4037 1014 4111 χάρις
1039 4042 1477 4114 ὲγκωμιάζεταιο
1506 4046 1534 4097 ό
1560 4043 1620 4097 δὲ
1648 4044 1759 4098 τῶν
1790 4043 1990 4113 ὀφθαλο

390 4130 519 4201 μῶν
538 4130 781 4197 ἔπαινος,
810 4132 872 4186 τὸ
902 4134 1232 4206 περιστερᾶς
1254 4130 1394 4190 εἶναι
1423 4135 1492 4190 τὰ
1511 4135 1737 4206 ὄμματα
1759 4152 1775 4169 ο
1803 4137 1993 4209 ἐπειδὴ

388 4222 538 4293 πρὸς
569 4222 599 4276 δ
634 4223 702 4278 ἄν
729 4240 817 4288 τις
861 4224 1171 4298 ὲνατενίσῃ,
1217 4225 1410 4281 τούτου
1449 4228 1665 4299 δέχεται
1708 4229 1767 4283 ἐν
1806 4229 1993 4302 ἑαυτῷ

386 4317 459 4371 τὸ
486 4317 744 4390 ὁμοίωμα
767 4337 782 4352 ο
825 4321 924 4374 καὶ
956 4320 1069 4393 γάρ
1093 4339 1260 4393 φασιν
1286 4324 1337 4377 οἱ
1370 4322 1440 4377 τὰ
1470 4323 1695 4379 τοιαῦτα
1740 4324 1993 4393 φυσιολό-

390 4424 514 4476 γων
541 4409 942 4481 ἐπιστήμονες,
995 4411 1071 4475 ὡς
1119 4412 1221 4477 τὰς
1254 4411 1365 4467 τῶν
1414 4412 1651 4468 εἰδώλων
1681 4413 1994 4483 ἐμπτώσεις

2096 3218 2327 3288 pulchra
2361 3215 2619 3280 evasisti,
2662 3214 2815 3267 velut
2877 3208 3161 3280 quoddam
3212 3206 3505 3278 speculqu
3566 3219 3691 3259 meo

2095 3309 2405 3366 characteri
2439 3305 2809 3362 conformata.
2846 3301 3057 3358 Deinde
3084 3316 3212 3355 cum
3245 3314 3307 3354 se
3340 3298 3690 3354 cohibuisset

2093 3413 2149 3459 et
2177 3418 2298 3459 eam
2330 3401 2501 3456 veluti
2531 3402 2585 3455 in
2617 3399 2855 3471 quadam
2926 3395 3211 3451 additione
3262 3400 3316 3449 et
3369 3392 3691 3448 accessione

2094 3493 2505 3565 contemplatus
2531 3502 2679 3549 esset
2708 3489 3166 3561 pulchritudinis,
3194 3501 3391 3542 rursus
3429 3486 3690 3541 eamdem

2091 3588 2294 3660 repetit
2320 3587 2627 3643 orationem
2656 3624 2670 3648 ,
2703 3584 2899 3639 dicens
2929 3599 2944 3636 :
2995 3579 3132 3635 Ecce
3178 3579 3407 3649 pulchra
3437 3596 3516 3634 es.
3582 3577 3689 3634 Sed

2094 3683 2252 3754 prius
2281 3694 2401 3736 eam
2444 3676 2756 3734 nominavit
2789 3673 3159 3745 propinquam
3191 3688 3206 3737 ;
3239 3673 3333 3726 hic
3384 3680 3567 3726 autem
3622 3686 3692 3728 ex

2095 3774 2278 3843 specie
2307 3770 2593 3839 oculorum
2624 3768 2930 3835 cognitam.
2976 3764 3132 3820 Oculi
3158 3764 3303 3818 enim
3339 3763 3439 3832 tui,
3466 3762 3644 3833 inquit
3671 3802 3689 3830 ,

2096 3863 2372 3918 columbae.
2410 3861 2576 3916 Prius
2604 3861 2751 3914 enim
2798 3856 3023 3928 quando
3052 3871 3195 3927 equo
3218 3856 3322 3910 fuit
3350 3856 3686 3919 assimilata,

2097 3955 2218 4010 laus
2246 3963 2365 4010 erat
2416 3954 2471 4007 in
2523 3952 2751 4006 maxilla
2784 3960 2840 4005 et
2884 3949 3049 4014 collo,
3114 3962 3262 4001 nunc
3319 3955 3503 4002 autem
3563 3961 3690 4002 cum

2093 4047 2216 4118 ejus
2262 4045 2487 4116 propria
2527 4042 2788 4113 apparuit
2830 4039 3213 4111 pulchritudo,
3248 4038 3510 4094 laudatur
3562 4057 3689 4111 gra-

2094 4140 2168 4193 tia
2193 4140 2315 4209 ejus
2348 4137 2660 4200 oculorum.
2691 4134 2838 4189 Laus
2869 4142 3052 4187 autem
3079 4131 3202 4203 ejus
3227 4134 3515 4188 oculorum
3543 4134 3693 4204 quod

2096 4232 2209 4289 sint
2251 4231 2399 4286 oculi
2453 4229 2747 4295 columbm,
2809 4226 3079 4297 siquidem
3139 4226 3195 4281 iu
3234 4226 3387 4297 quod
3432 4227 3560 4297 quis
3598 4228 3696 4283 dc-

2097 4326 2279 4380 tixerit
2327 4324 2546 4391 oculos,
2581 4321 2705 4392 ejus
2743 4320 2799 4374 in
2857 4334 2916 4375 se
2966 4319 3202 4390 suscipit
3246 4314 3690 4375 similitudinem.

2096 4416 2348 4472 Tradunt
2375 4417 2522 4471 enim
2553 4415 2646 4485 qui
2680 4420 2815 4469 sunt
2844 4412 3053 4483 praediti
3107 4411 3338 4467 scientia
3370 4410 3692 4481 hujusmodi

391 4496 690 4568 δεχόμενος
717 4500 747 4552 ὁ
771 4498 1076 4571 ὀφθαλμὸς,
1095 4500 1153 4555 αἲ
1201 4502 1312 4558 τῶν
1345 4502 1559 4574 ὁρατῶν
1604 4503 1989 4576 ἀπορρέουσιν,

2099 4525 2284 4565 rerum
2327 4508 2665 4564 naturalium
2702 4547 2718 4572 ,
2779 4505 2928 4577 quod
3007 4504 3206 4559 oculus
3264 4503 3692 4559 simulacrorum

391 4586 578 4652 οὕτως
612 4591 829 4662 ἐνεργεί
856 4592 955 4662 τὴν
986 4590 1111 4662 ὄψιν
1132 4608 1151 4625 ο
1185 4593 1221 4665 ἢ
1252 4594 1452 4666 μηκέτι
1494 4590 1635 4665 αἷμα
1665 4597 1763 4650 καὶ
1790 4595 1993 4667 σάρκα,

392 4681 652 4737 τουτέστι
680 4682 775 4738 τὸν
799 4686 1114 4757 σωματικὸν
1140 4683 1276 4758 βίον,
1305 4688 1581 4759 βλέπουσα
1618 4688 1830 4761 νύμφη,
1858 4690 1997 4744 ἀλλά

390 4773 505 4845 τῆς
534 4778 861 4849 σωματικῆς
893 4778 1275 4849 προσπαθείας
1319 4779 1740 4854 ἀπηλλαγμένη,
1765 4783 1998 4848 εἰκότως

391 4869 466 4923 τὸ
486 4868 587 4939 τῆς
614 4870 950 4942 περιστερᾶς
980 4866 1120 4936 εἶδος
1152 4874 1211 4925 ὲν
1236 4876 1353 4937 τοῖς
1385 4874 1635 4946 ὄμμασιν
1663 4875 1811 4948 ἔχειν
1840 4876 1997 4946 λέγε-

392 4977 494 5017 ται
513 4976 530 4991 ·
545 4961 828 5017 τουτέστιν
852 4962 945 5018 τὸν
960 4966 1285 5039 χαρακτῆρα
1303 4966 1405 5039 τῆς
1421 4972 1805 5042 πνευματικῆς
1821 4970 1993 5041 ζωῆς,

392 5052 486 5125 τῷ
511 5053 809 5127 διορατικῷ
831 5057 932 5129 τῆς
955 5055 1136 5129 ψυχῆς
1162 5060 1516 5128 ἐναυγάσασα
1533 5078 1547 5093 ·
1582 5062 1677 5116 καὶ
1704 5065 1935 5132 ἐπείπερ
1967 5066 1995 5117 ὁ

390 5144 647 5217 καθαρὸς
668 5147 841 5217 αὐτῆς
863 5147 1162 5219 ὀφθαλμὸς,
1189 5149 1438 5215 δεκτικὸς
1465 5151 1558 5205 τοῦ
1599 5154 1698 5223 τῆς
1737 5170 1995 5225 περιστε-

397 5242 507 5313 ρᾶς
525 5242 877 5313 χαρακτῆρος
901 5243 1147 5312 γέγονεν,
1172 5244 1340 5316 ἧγουν
1360 5245 1454 5298 τοῦ
1480 5247 1638 5314 ἀγίου
1658 5246 1998 5318 Πνεύματος,

392 5332 491 5385 διὰ
539 5330 701 5386 τοῦτο
745 5335 919 5405 χωρεῖ
947 5335 1041 5388 καὶ
1061 5334 1123 5388 τὸ
1167 5334 1262 5388 τοῦ
1304 5337 1538 5406 νυμφίου
1570 5335 1764 5401 κάλλος
1799 5336 1995 5391 θεάσα-

397 5422 530 5477 σθαι
548 5439 563 5453 ·
598 5444 617 5476 ι
656 5425 848 5488 Οὐδεὶς
874 5425 982 5497 γὰρ
1007 5424 1229 5480 δύναται
1262 5428 1438 5481 εἰπεῖν
1461 5429 1664 5500 Κύριον
1691 5429 1921 5501 Ἰησοῦν,
1951 5430 1998 5482 εἰ

397 5509 483 5585 μὴ
512 5514 572 5566 ἐν
600 5513 883 5584 Πνεύμωτι
911 5514 1074 5587 ἁγίῳ.
1113 5534 1132 5568 ι

472 5780 521 5816 ¹⁶
557 5780 743 5841 lCor.
785 5799 884 5847 xu.
922 5785 980 5840 5.

2096 4603 2447 4658 incursiones
2505 4616 2574 4656 ex
2646 4599 2812 4655 rebus
2874 4596 3307 4668 aspectabilibus
3366 4605 3693 4678 emanautes

2095 4695 2381 4766 excipiens
2413 4737 2430 4761 ,
2492 4694 2567 4749 ita
2616 4692 2821 4748 formet
2870 4690 3165 4746 visionem.
3200 4688 3370 4763 Igitur
3408 4704 3519 4744 non
3572 4705 3695 4744 am-

2097 4788 2245 4859 plius
2278 4786 2347 4843 ad
2374 4800 2598 4842 carnem
2628 4791 2684 4840 et
2709 4784 3043 4854 sanguinem
3068 4821 3084 4847 ,
3128 4780 3234 4838 hoc
3263 4792 3348 4837 est
3399 4780 3466 4835 ad
3512 4780 3687 4836 vitam

2099 4878 2443 4949 corporalem
2475 4889 2676 4947 sponsa
2701 4873 3028 4945 respiciens,
3067 4873 3163 4930 sed
3195 4886 3225 4926 a
3255 4886 3522 4942 corporea
3557 4873 3692 4929 affe—

2101 4970 2284 5026 ctione
2310 4970 2567 5034 liberata,
2599 4967 2796 5022 merito
2840 4963 3108 5020 columba:
3136 4963 3374 5034 speciem
3426 4965 3478 5018 in
3514 4967 3692 5021 oculis

2101 5063 2309 5118 habere
2337 5062 2558 5127 dicitur,
2607 5061 2711 5114 hoc
2748 5054 2833 5113 est
2877 5061 3250 5112 characterem
3284 5056 3408 5112 vitae
3430 5059 3692 5130 spiritalis

2102 5154 2411 5225 perspicaci
2438 5152 2609 5206 animi
2660 5149 2923 5205 facultate
2984 5136 3275 5204 illustrari.
3317 5146 3382 5202 Et
3430 5150 3690 5219 quoniam

2100 5260 2276 5316 purus
2302 5245 2424 5315 ejus
2458 5244 2653 5298 oculus
2683 5257 2857 5312 capax
2892 5241 3069 5297 factus
3093 5249 3179 5296 cst
3212 5242 3552 5296 charactcris
3593 5255 3692 5294 co-

2102 5339 2320 5401 lnmbm,
2338 5354 2535 5407 nempe
2552 5336 2797 5407 Spiritus
2815 5337 3016 5402 sancti,
3035 5346 3323 5407 propterea
3338 5336 3503 5390 etiam
3520 5351 3579 5388 ea
3590 5350 3690 5404 pax

2100 5438 2186 5486 est
2214 5429 2628 5499 contemplandi
2678 5430 2870 5500 sponsi
2926 5429 3419 5501 pulchritudinem.
3457 5448 3475 5480 ι
3521 5427 3692 5483 Nemo

2107 5523 2251 5576 enim
2280 5530 2463 5590 potest
2488 5522 2673 5577 dicere
2712 5522 2999 5577 Dominum
3033 5520 3244 5590 Iesum,
3266 5520 3372 5576 nisi
3402 5521 3454 5575 in
3482 5518 3694 5593 Spiritu

2106 5621 2300 5667 sancto
2329 5613 2394 5667 “.
2445 5631 2463 5664 ι
