4060 6406
380 295 524 359 1573

1302 293 1841 366 ΕΟΜΜΕΝΤᾹΒΙΙ
1891 298 1970 357 1N
2005 294 2331 357 CANTICA
2363 294 2657 355 CANTIC.

3520 295 3543 359 1
3557 298 3660 362 574

351 412 386 476 ἡ
429 405 765 489 ἀνθρωπείαὶ
788 407 952 475 φύσις
984 407 1204 461 σύσκεον
1237 412 1301 480 τῇ
1320 411 1601 484 οἰκονομίᾳ
1618 412 1941 481 γενόμενονο

2064 409 2341 481 suhjttngit
2390 406 2633 463 Lectulus
2682 414 2866 461 uoster
2917 407 3196 461 umbrosus
3227 423 3246 462 :
3279 407 3385 464 hoc
3422 421 3507 464 est
3544 410 3667 466 :Te

350 498 521 571 ἦλθες
541 499 653 570 γάρ
668 502 753 564 σὺ,
774 499 965 570 φησὶν,
994 501 1022 552 ὁ
1050 500 1215 564 καλὸς
1241 490 1544 571 ἁδελφιδδς,
1571 505 1774 576 ὡραῖος
1802 507 1941 575 πρὸς

349 594 420 661 τῇ
446 591 609 661 κλίνῃ
637 589 798 661 ἡμῶν
833 589 1055 654 σύσκιος
1098 592 1394 663 γενόμενος
1417 611 1430 624 ·
1479 595 1701 665 ὡραῖος,
1738 596 1852 649 ἀλλ’
1883 596 1957 659 ὡς

351 678 652 749 χωροῦμεν
679 677 942 743 δέξασθαι
963 696 977 708 ·
1029 680 1123 733 καὶ
1174 681 1283 751 γὰρ
1313 684 1345 753 ἡ
1372 684 1511 753 προς
1543 684 1642 755 τὴν
1675 684 1959 755 ἀνθρωπό-

348 787 497 841 τῃτα
557 771 943 835 ὲπανάπαυσίς
998 790 1113 837 σου,
1177 774 1502 829 συνεσκίασε
1531 779 1597 848 τῇ
1650 777 1816 847 σαρκὶ
1859 776 1959 844 τὴν

350 861 636 930 θεύτητα·
686 863 812 915 ἐπεὶ
876 864 961 927 τίς
1009 865 1074 917 ἂν
1127 865 1401 935 ὑπέστησε
1448 868 1549 936 τὴν
1612 869 1956 938 ὲμφάνειαν;

352 952 567 1031 Κλίνην
597 954 653 1007 δὲ
684 954 968 1026 ὀνομάζει,
1019 954 1093 1018 ὡς
1161 957 1370 1028 νύμφη,
1401 962 1468 1031 τῇ
1500 963 1736 1031 τροπικῇ
1776 977 1958 1030 σημα-

356 1030 451 1116 cf;
500 1049 571 1119 τῇ
617 1046 756 1118 πρὸς
778 1046 838 1100 τὸ
861 1046 1017 1100 Θεῖον
1048 1047 1376 1119 ἀνάκρασιν,
1418 1030 1511 1104 καὶ
1540 1030 1830 1105 κοινωνίαν
1867 1053 1962 1105 ἀν·-

360 1136 649 1206 θρωπίνης
697 1137 888 1200 οὐσίας
952 1137 1373 1209 ὲρμηνεύουσα·
1430 1142 1638 1212 ταύτην
1681 1144 1737 1197 δὲ
1769 1144 1961 1198 οὐκᾶν

359 1228 538 1291 ἄλλως
590 1223 660 1298 ἦν
722 1229 954 1283 δυνατὸν
983 1232 1261 1299 γενέσθαι,
1293 1235 1343 1287 εί
1388 1235 1464 1306 μὴ
1494 1235 1585 1290 διὰ
1613 1236 1709 1289 τοῦ
1736 1238 1960 1293 συσκίου

356 1322 494 1389 ἡμῖν
537 1320 779 1391 φανῆναι
845 1322 937 1375 τὸν
995 1322 1201 1394 Κύριον
1232 1342 1246 1355 ·
1313 1325 1372 1389 ὃς
1416 1327 1476 1379 οὐ
1507 1329 1743 1399 νυμφίος
1778 1332 1960 1401 μόνον,

358 1411 498 1465 ἀλλά
531 1412 627 1464 καὶ
643 1412 931 1483 οἰκοδόμος
963 1415 1112 1468 ἐστίν
1130 1432 1144 1446 ·
1171 1417 1335 1473 αὐτὸν
1365 1420 1499 1489 ἡμῖν
1519 1421 1614 1474 καὶ
1638 1422 1964 1492 τεχνιτεύων

357 1504 454 1557 τὸν
486 1500 660 1567 οἷκον,
694 1505 787 1571 καὶ
845 1504 947 1577 ὕλη
998 1507 1098 1578 τῆς
1153 1509 1350 1581 τέχνης
1407 1513 1732 1584 γενόμενος⁸
1763 1515 1964 1586 ὄροφον

358 1595 474 1664 γὰρ
508 1586 795 1651 ἐπιϐάλλει
818 1596 899 1662 τῷ
949 1598 1109 1668 οἴκῳ,
1152 1598 1240 1653 διὰ
1260 1600 1365 1671 τῆς
1397 1602 1643 1673 ἀσήπτου
1675 1604 1809 1675 ὕλης
1833 1592 1965 1660 καλ-

358 1684 621 1749 λωπίζων
652 1686 713 1738 τὸ
732 1686 895 1757 ἔργον
917 1703 933 1718 ·
988 1688 1214 1761 τοιαύτη
1262 1691 1321 1744 δέ
1352 1694 1559 1766 ἐστινὴ
1593 1696 1786 1768 κέδρος
1804 1699 1901 1753 καὶ
1929 1699 1964 1771 ἡ

360 1780 712 1847 κυπάρισσος
732 1793 746 1807 ⁶
796 1779 981 1851 κέδροι
1029 1781 1131 1851 μὲν
1160 1784 1273 1854 γὰρ
1301 1784 1390 1839 διὰ
1411 1785 1473 1839 τὸ
1495 1787 1793 1859 ἐπιμήκεις
1819 1784 1962 1845 εἶναι

359 1869 441 1939 τῷ
464 1869 663 1923 πλάτει
700 1870 792 1923 τοῦ
818 1871 969 1924 οἴκου
1013 1872 1090 1942 τῷ
1148 1875 1333 1948 ὀρόφῳ
1365 1877 1800 1951 διαλαμϐάνουσι
1821 1899 1834 1912 ·
1860 1901 1960 1937 κυ-

284 2004 297 2015 .
360 1962 630 2030 πάρισσοι
683 1961 739 2015 δὲ
764 1962 853 2015 διὰ
894 1964 990 2033 τῆς
1012 1967 1311 2037 γενομένης
1348 1972 1697 2039 φατνώσεως,
1738 1974 1839 2045 τὴν
1873 1974 1962 2029 ἔν-

357 2052 521 2106 δοθεν
548 2053 647 2107 τοῦ
670 2052 825 2107 οἴκου
852 2057 1204 2128 κατασκευὴν
1232 2059 1565 2130 ώραῖζουσιν
1583 2077 1598 2091 ·
1638 2064 1827 2137 ἐπειδὴ
1852 2066 1962 2137 γὰρ

356 2147 420 2199 ὲν
443 2145 527 2217 τῷ
551 2147 873 2216 Εὐαγγελίῳ
902 2152 931 2202 ὀ
961 2149 1167 2219 Κύριος
1189 2150 1391 2222 βροχὴν
1426 2155 1686 2225 ὀνομάζει
1710 2157 1811 2221 τὰς
1840 2175 1963 2211 ποιο

357 2237 524 2301 κίλας
556 2237 667 2292 τῶν
693 2241 1023 2310 πειρασμῶν
1049 2242 1358 2313 προσῦὠεὰς
1382 2245 1477 2298 ἐπὶ
1507 2247 1602 2301 τοῦ
1650 2248 1835 2312 καλῶς
1862 2249 1961 2320 τὴν

357 2330 544 2384 οἰκίαν
575 2331 671 2383 ἐπὶ
699 2331 797 2401 τὴν
828 2333 1033 2405 πέτραν
1086 2335 1547 2408 οἰκοδομήσαντος
1572 2356 1587 2371 ο
1631 2342 1713 2394 ὅτι
1752 2343 1961 2412 κατέϐη

357 2424 395 2494 ἡ
420 2423 620 2493 βροχὴ,
653 2423 1048 2505 καὶμέπνευσαν
1066 2428 1114 2480 οἱ
1147 2427 1363 2499 ἄνεμοι,
1395 2433 1494 2485 καὶ
1525 2428 1691 2503 ἦλθον
1722 2437 1771 2487 οί
1798 2452 1963 2488 ποτα-

364 2515 481 2585 μοὶ,
514 2518 614 2567 καὶ
643 2515 854 2579 ἀπαθὲς
874 2516 1091 2587 ἔμεινεν
1126 2521 1184 2573 ὲν
1205 2520 1418 2586 τούτοις
1437 2522 1507 2577 τὰ
1525 2525 1955 2598 οἰκοδομήματα·

363 2606 526 2675 χρεία
546 2606 809 2660 τοιούτων
840 2609 974 2677 ἡμῖν
1003 2607 1198 2677 δοκῶν,
1251 2611 1458 2677 αἵτινές
1504 2617 1644 2670 εἰσιν
1681 2619 1739 2671 αἱ
1770 2618 1962 2688 ἀρεταὶ

372 2694 430 2748 αῖ
463 2694 561 2758 τὰς
595 2695 923 2766 πειρασμῶν
948 2697 1218 2769 ὲπιρροἁς
1265 2702 1326 2753 οὐ
1369 2703 1710 2774 προσίενται,
1740 2710 1962 2776 στερεοὶ

373 2782 646 2839 uicatim).
672 2787 944 2840 άνένδοτοι
963 2802 977 2818 ·
1033 2791 1126 2841 καὶ⁶
1157 2790 1216 2843 τὸ
1249 2793 1389 2863 πρὸς
1417 2796 1618 2850 κακίαν
1654 2798 1962 2867 ἀμέθεκτον

366 2879 425 2929 ἐν
469 2880 587 2941 τοῖς
643 2882 975 2950 πειρασμοῖς
1011 2880 1410 2947 διασώζουσαι·
1462 2888 1675 2957 μήποτε
1728 2890 1963 2959 μαλακι-

366 2970 592 3033 σθέντες
620 2969 709 3023 διὰ
734 2970 836 3038 τῆς
865 2971 973 3025 τῶν
997 2972 1337 3044 παθημάτων
1386 2978 1746 3048 ὲμπτώσεως,
1791 2981 1961 3034 κοῖλοι

364 3061 687 3132 γενώμεθα,
753 3064 851 3116 καὶ
897 3064 997 3134 τὴν
1035 3067 1301 3139 ἑπιρῤοὴν
1330 3067 1437 3121 τῶν
1467 3069 1725 3124 τοιούτων
1752 3072 1961 3127 ὑδάτων

362 3151 578 3218 ἔξωθεν
619 3153 713 3205 ἐπὶ
742 3153 841 3224 τὴν
895 3153 1129 3225 καρδίαν
1178 3156 1505 3227 εἰσρέουσαν
1559 3161 1710 3224 ἐντὸς
1732 3162 1843 3215 τῶν
1869 3179 1963 3214 τα-

364 3245 570 3314 μιείων
622 3244 1083 3316 παραδεξώμεθα,
1142 3247 1214 3300 δι’
1288 3242 1363 3302 ὧν
1406 3249 1694 3321 φθείρεται
1724 3255 1855 3323 ἡμῖν
1894 3255 1964 3309 τὰ

358 3335 618 3389 ἀπόθετα
637 3352 651 3366 ⁸
683 3336 978 3391 αἰνίττεται
1002 3338 1057 3392 δὲ
1080 3338 1169 3393 διὰ
1192 3339 1300 3393 τῶν
1323 3340 1495 3395 δοκῶν
1518 3344 1615 3397 καὶ
1636 3344 1729 3397 τοῦ
1748 3344 1963 3412 φατνώ-

361 3445 551 3501 ματος
581 3429 610 3481 ὁ
649 3428 832 3498 λόγος,
858 3430 997 3502 ὅπερ
1030 3433 1180 3487 ἐστὶν
1201 3432 1475 3506 εὔρυθμός
1499 3453 1585 3500 τις
1614 3438 1708 3490 καὶ
1745 3438 1964 3507 διάγλυ-

361 3530 470 3594 φος
496 3520 735 3575 σανίδων
767 3522 950 3591 πῆξις,
986 3523 1047 3576 τδ
1064 3524 1163 3594 τῆς
1195 3524 1397 3595 ὀρόφου
1430 3526 1624 3591 κάλλος
1657 3527 1962 3584 διαποικίλ-

359 3611 571 3666 leuca.“
597 3611 695 3665 xui.
723 3612 824 3682 τῆς
874 3612 1133 3677 εὐπνοίας
1189 3616 1290 3685 τῆς
1322 3616 1570 3684 φυσικῶς
1620 3620 1967 3689 παρακολου-

364 3703 572 3775 θούσης
618 3707 688 3775 τῇ
738 3704 1090 3777 κυπαρίσσῳ,
1134 3706 1258 3776 ἥτις
1313 3708 1411 3761 καὶ
1459 3709 1752 3779 σηπεδόνος
1816 3712 1964 3767 ἐστὶν

363 3795 778 3866 ἀπαράδεκτος,
837 3796 930 3849 καὶ
980 3797 1120 3867 πρὸς
1166 3799 1347 3852 πᾶσαν
1392 3800 1708 3872 τεκτονικὴν
1750 3802 1965 3871 φιλοτε-

366 3890 525 3959 χνίαν
588 3889 897 3959 ἐπιτήδειος
923 3904 936 3918 ο
968 3889 1048 3960 τῷ
1064 3890 1139 3961 μὴ
1168 3892 1329 3961 μόνον
1366 3894 1424 3946 ὲν
1448 3896 1515 3964 τῇ
1547 3893 1690 3965 ψυχῇ
1715 3896 1813 3958 τὰς
1834 3897 1961 3966 ἀρε-

373 3980 468 4043 τὰς
504 3982 568 4034 ὲν
593 3980 707 4045 ἕξει
743 3980 1144 4047 κατορθοῦσθαι
1170 3983 1313 4037 κατὰ
1342 3984 1403 4037 τὸ
1436 3985 1640 4049 ἄδολον,
1664 3986 1797 4039 ἀλλὰ
1829 3987 1966 4059 μηδὲ

371 4073 465 4143 τῆς
481 4075 636 4127 κατὰ
672 4073 735 4126 τὸ
759 4074 1083 4144 φαινόμενον
1108 4075 1526 4148 εὐσχημοσύνης
1544 4078 1763 4148 ἀμελῶς
1784 4079 1927 4150 ἔχειν
1949 4097 1963 4110 ·

363 4167 472 4237 χρὴ
505 4166 620 4239 γὰρ
654 4170 905 4238 προνοεῖν
930 4167 1075 4221 καλὰ
1090 4168 1324 4223 ἐνώπιον
1352 4171 1489 4224 Θεοῦ
1513 4173 1607 4225 καὶ
1636 4173 1732 4227 ἀνθ
1743 4174 1962 4244 ρώπων·

361 4260 462 4313 καὶ
482 4258 610 4328 Θεῷ
648 4260 746 4329 μὲν
797 4259 1243 4329 πεφανερῶσθαι,
1305 4262 1627 4334 ἀνθρώπους
1666 4264 1723 4318 δὲ
1756 4265 1965 4319 πείθειν

362 4350 466 4403 καὶ
505 4350 685 4422 καλὴν
739 4351 1051 4422 μαρτυρίαν
1080 4351 1226 4422 ἔχειν
1271 4354 1382 4408 ἀπὸ
1410 4354 1519 4408 τῶν
1559 4355 1790 4421 ἔξωθεν·
1824 4358 1965 4429 λάμ-

2060 502 2307 569 cognovit
2374 502 2490 554 sive
2541 507 2841 570 cognoscet
2894 499 3148 554 humana
3195 507 3393 557 natura
3436 503 3664 557 umbro-

2014 638 2019 645 .
2059 608 2179 647 smn
2220 591 2445 647 factum~
2463 608 2559 663 per
2579 592 3075 662 dispensationem.
3125 593 3332 647 Venisti
3377 596 3546 657 enim,
3580 595 3666 649 in-

2060 683 2214 751 quit,
2273 690 2330 736 tu
2378 683 2608 752 pulcher
2656 683 2966 748 fratruelis,
3009 683 3075 738 ad
3136 684 3340 739 lectum
3384 697 3664 753 nostrum,

2063 774 2245 830 factus
2275 775 2594 830 umbrosus.
2630 774 2933 846 Speciosus
2967 775 3061 831 sed
3095 784 3261 845 prout
3301 790 3504 845 capere
3537 791 3665 844 pos-

2063 881 2277 921 sumus.
2331 866 2548 920 Etenim
2607 876 2698 921 tua
2726 883 2851 920 cum
2909 867 3258 922 humanitate
3303 868 3667 922 commoratio

2061 957 2413 1013 obumbravit
2443 972 2611 1012 carne
2664 957 3033 1013 divinitatem.
3075 957 3338 1029 Alioquin
3374 960 3501 1029 quis
3539 973 3666 1013 sus-

2063 1051 2320 1107 tinuisset
2374 1052 2823 1121 apparitionem?
2882 1052 3107 1105 Lectum
3171 1060 3356 1106 autem
3416 1054 3663 1105 nomine.

2076 1158 2282 1213 sponsa
2305 1145 2516 1213 tr0pica
2552 1143 2966 1214 significatione
2999 1143 3376 1212 interpretans
3412 1144 3666 1197 humanae

2065 1244 2277 1290 naturae
2307 1250 2430 1290 cum
2468 1235 2658 1289 divina
2702 1235 3267 1305 contemperationem
3309 1244 3474 1304 atque
3517 1250 3668 1289 com-

2066 1326 2523 1382 municationem.
2554 1325 2698 1382 Fieri
2731 1338 2915 1381 autem
2948 1341 3058 1380 non
3091 1334 3305 1395 poterat
3334 1335 3394 1382 ut
3413 1342 3477 1381 ea
3496 1335 3662 1386 esset.

2067 1418 2177 1473 nisi
2206 1434 2301 1488 per
2343 1418 2450 1473 hoc
2481 1417 2629 1488 quod
2668 1417 2933 1473 Dominus
2967 1418 3264 1473 umbrosus
3314 1435 3411 1487 per
3462 1435 3667 1490 corpus

2079 1509 2249 1564 nobis
2281 1509 2557 1579 apparuit,
2611 1508 2705 1578 qui
2759 1524 2869 1562 non
2920 1508 3097 1562 solum
3140 1513 3228 1562 est
3263 1523 3526 1576 Sponsus,
3569 1509 3665 1562 sed

2066 1601 2234 1657 etiam
2292 1601 2410 1671 ipse
2454 1599 2765 1656 {adificatas
2801 1600 2854 1654 in
2911 1600 3076 1654 nobis
3126 1597 3230 1653 fttit
3285 1597 3571 1664 Dominus,
3613 1609 3668 1654 et

2068 1691 2268 1747 domus
2311 1693 2648 1748 architectus
2687 1698 2741 1746 et
2793 1690 2933 1745 artis
2988 1688 3239 1755 materia,
3285 1697 3487 1744 tectum
3520 1692 3666 1745 enim

1996 1781 2299 1852 Bimponit
2356 1782 2545 1837 domui
2593 1796 2692 1851 per
2749 1781 3036 1835 materiam
3087 1781 3481 1848 imputribilem
3528 1800 3668 1852 opus

2064 1888 2272 1929 ornans
2304 1891 2319 1928 :
2356 1874 2482 1928 talis
2508 1884 2595 1929 εει
2623 1881 2809 1927 autem
2843 1872 3047 1926 cedrus
3066 1879 3119 1926 et
3145 1888 3471 1944 cupressus.
3503 1875 3667 1930 tiedri

2063 1981 2302 2037 namque
2351 1966 2500 2037 quod
2559 1981 2807 2037 procera:
2867 1967 3010 2029 sint,
3064 1966 3416 2023 latitudinem
3470 1970 3667 2024 domus

2063 2064 2211 2112 tecto
2263 2058 2748 2127 complectuntur;
2778 2057 3031 2125 cupressi
3079 2068 3268 2112 autem
3305 2074 3403 2128 per
3441 2074 3505 2112 ea
3544 2075 3667 2128 qua:

2063 2148 2325 2204 dicuntur
2388 2150 2689 2220 laquearia,
2715 2151 2968 2205 decorem
3000 2150 3207 2205 addunt
3230 2152 3458 2206 interna:
3483 2155 3667 2221 operis

2063 2241 2488 2297 constructioni.
2527 2241 2666 2295 Cum
2709 2243 2857 2295 enim
2919 2241 2975 2295 in
3021 2241 3321 2311 Evangelio
3399 2241 3667 2299 Dominus

2062 2333 2297 2391 imbrem
2333 2342 2492 2389 vocet
2523 2334 2709 2389 varios
2754 2335 3124 2387 tentationum
3176 2335 3442 2399 insultus,
3474 2335 3666 2390 dit-ens

2062 2427 2132 2482 de
2164 2441 2233 2481 eo
2260 2426 2356 2497 qui
2391 2433 2543 2481 recte
2569 2427 2795 2480 domum
2827 2441 2994 2495 supra
3027 2436 3236 2494 petram
3260 2425 3662 2481 a-diftcarerat:

2062 2518 2210 2589 quod
2234 2518 2584 2574 descenderit
2606 2518 2804 2582 imber,
2836 2524 2890 2572 et
2921 2516 3177 2572 flaverint
3204 2518 3378 2582 venti,
3412 2526 3466 2572 et
3501 2535 3666 2572 vene-

2063 2608 2175 2663 rint
2206 2608 2390 2674 lluvii;
2421 2616 2475 2663 et
2506 2609 2562 2662 in
2594 2607 2663 2663 iis
2709 2608 2939 2662 illaesum
2970 2608 3240 2662 manserit
3269 2609 3563 2662 aedilicium
3592 2609 3661 2665 ³⁸.

2062 2701 2214 2771 Opus
2257 2709 2344 2757 est
2370 2699 2534 2756 nobis
2570 2699 2887 2755 istiusmodi
2941 2698 3197 2764 trabibus
3238 2715 3363 2769 qua:
3392 2710 3522 2754 sunt
3558 2701 3668 2755 vir-

2064 2799 2213 2846 tutes
2234 2806 2356 2861 quae
2373 2792 2748 2865 tentalionum
2785 2790 3100 2845 alluviones
3130 2805 3240 2844 non
3272 2792 3664 2860 intromittant,

2064 2891 2255 2952 utpote
2313 2882 2490 2937 firmae
2517 2900 2579 2936 ac
2613 2882 2806 2937 solidas
2833 2923 2847 2946 ,
2883 2898 3008 2951 qua:
3039 2897 3149 2936 non
3183 2882 3348 2937 facile
3382 2883 3586 2938 cedant
3610 2892 3666 2938 et

2063 2970 2168 3025 hoc
2194 2973 2441 3025 servient
2497 2982 2554 3024 nt
2608 2973 2660 3024 in
2716 2971 3121 3025 tentationibns
3163 2985 3193 3024 a
3241 2972 3377 3026 vitio
3431 2974 3665 3029 minime

2064 3063 2461 3128 emolliantur;
2495 3078 2563 3117 ne
2603 3079 2700 3133 per
2730 3060 3054 3132 passionum
3091 3063 3458 3131 ingruentium
3494 3067 3667 3121 emol-

2066 3154 2145 3207 liti
2197 3169 2529 3221 excavemur
2576 3163 2630 3208 ct
2679 3155 2952 3222 ejusmodi
2996 3169 3266 3223 aquarum
3319 3158 3667 3214 extrinsecus

2067 3246 2120 3300 in
2151 3261 2250 3300 cor
2284 3246 2627 3300 influentium
2662 3245 2932 3300 iulluxum
2971 3247 3114 3300 intra
3138 3249 3440 3317 penetralia
3461 3250 3665 3304 admit-

2066 3345 2248 3391 tamus
2279 3337 2484 3406 quibus
2510 3336 2669 3391 nobis
2700 3346 2931 3406 pereant
2971 3352 3093 3408 qua:
3124 3346 3253 3392 sunt
3279 3339 3539 3408 reposita.
3573 3341 3667 3395 ln—

2066 3428 2251 3482 sinuat
2273 3436 2549 3491 autem,nt
2572 3430 2787 3497 opinor,
2814 3443 2998 3483 sermo
3023 3444 3119 3498 per
3150 3429 3336 3484 trabes
3369 3437 3421 3484 et
3444 3430 3667 3499 laquea-

2068 3521 2148 3575 ria
2185 3522 2329 3591 (qua:
2363 3529 2494 3576 sunt
2530 3529 2657 3589 apta
2691 3521 2940 3589 quaedam
2981 3528 3035 3575 et
3069 3521 3343 3575 concinna
3388 3537 3451 3576 ac
3489 3524 3667 3578 celata

2067 3627 2320 3669 asserum
2355 3613 2686 3683 compactio,
2725 3613 2854 3667 tecti
2882 3614 3104 3668 varians
3144 3613 3665 3687 pulchritudinem),

2066 3715 2121 3760 et
2156 3704 2515 3775 fragrantiam
2554 3719 2678 3773 qua:
2718 3704 3053 3758 naturaliter
3090 3706 3436 3776 eyparissnm
3467 3722 3664 3762 conse-

2068 3796 2277 3865 quitur,
2306 3810 2540 3865 quaaque
2579 3796 2789 3848 nullam
2817 3795 3062 3848 admittit
3097 3797 3468 3866 putredinem,
3502 3807 3556 3852 et
3581 3806 3667 3851 est

2069 3898 2193 3958 apta
2239 3888 2306 3941 ad
2358 3901 2522 3941 omne
2575 3886 2871 3939 artificium
2929 3886 3145 3952 fabrile,
3204 3904 3313 3942 non
3374 3890 3552 3944 solum
3612 3890 3664 3942 in

2068 3980 2288 4035 occulto
2312 3978 2623 4034 habituales
2651 3978 2849 4032 anima:
2869 3977 3101 4033 virtutes
3124 3990 3277 4034 recte
3295 3980 3662 4045 ordinandas,

2066 4069 2163 4126 sed
2210 4085 2311 4125 nec
2361 4085 2481 4124 eam
2537 4085 2662 4138 quae
2713 4067 2925 4122 deforis
2970 4080 3201 4141 apparet
3247 4071 3554 4126 decentiam
3599 4088 3665 4125 ac

2068 4163 2414 4218 honestatem
2444 4176 2570 4216 esse
2603 4161 3010 4230 negligentiam.
3061 4162 3205 4216 Sunt
3274 4164 3419 4235 enim
3474 4166 3662 4233 provi-

2069 4253 2246 4308 denda
2280 4252 2423 4307 bona
2472 4266 2658 4305 coram
2708 4250 2816 4304 Deo
2844 4260 2898 4306 et
2951 4252 3293 4320 hominibus,
3347 4265 3399 4309 et
3448 4262 3666 4325 oportet

2070 4345 2182 4401 Deo
2230 4344 2451 4415 quidem
2498 4360 2620 4399 esse
2668 4343 3049 4409 manifestam,
3104 4346 3426 4403 hominibus
3478 4358 3662 4403 autem

364 4457 495 4493 πειν
526 4457 588 4494 τε
614 4444 729 4505 τοῖς
773 4445 1053 4512 φωτεινοῖς
1083 4442 1268 4516 ἔργοις
1291 4444 1602 4517 ἔμπροσθεν
1622 4440 1729 4502 τῶν
1751 4449 1962 4521 ἀνθρώ-

2072 4436 2406 4504 pcrsuadcrc
2427 4445 2480 4490 et
2506 4438 2708 4491 bonum
2737 4437 2943 4492 habere
2974 4439 3352 4493 testimonium
3386 4442 3530 4511 apud
3566 4458 3664 4496 eos

362 4551 513 4600 πων,
547 4536 643 4587 καὶ
677 4535 1037 4605 εὐσχημόνως
1061 4541 1388 4608 περιπατεῖν
1420 4539 1555 4609 πρὸς
1583 4540 1709 4604 τοὺς
1733 4541 1963 4608 ἔξωθεν·

356 4624 548 4678 ταῦτά
585 4627 707 4679 ἐστι
736 4626 806 4681 τὰ
849 4629 1187 4699 φατνώματα
1257 4629 1325 4682 τὰ
1361 4629 1450 4684 διὰ
1480 4631 1578 4701 τῆς
1605 4632 1698 4685 τοῦ
1729 4633 1965 4703 Χριστοῦ

306 4750 327 4785 ,
356 4713 619 4779 εὐωδίας,
639 4709 704 4786 ἦς
719 4714 952 4787 αἴνιγμά
981 4719 1131 4771 ἐστιν
1161 4720 1555 4790 ήκυπάρισσος
1580 4724 1637 4777 ἐν
1667 4726 1733 4796 τῇ
1763 4726 1966 4797 εὐσχη-

360 4801 587 4875 μοσύνῃ
602 4803 696 4857 τοῦ
732 4804 846 4875 βίου
874 4806 1354 4880 φιλοτεχνούμενα.

435 4976 689 5030 Νείλου.
735 5007 804 5017 -—
849 4978 1266 5051 Συγγνωμόνως
1292 4983 1456 5040 πάλιν
1488 4985 1649 5059 αὐτὴ,
1680 4989 1881 5060 μᾶλλον
1909 4991 1964 5044 δὲ

363 5067 817 5142 ὲκπλησσομένη,
844 5072 938 5125 ἐπὶ
974 5072 1050 5144 τῷ
1066 5074 1299 5130 ἀκοῦσαι
1332 5077 1475 5151 καλὴ
1508 5082 1661 5153 παρὰ
1700 5084 1792 5137 τοῦ
1829 5101 1963 5153 νυμ-

363 5162 495 5230 ιρίου
517 5178 532 5192 ·
576 5161 723 5233 μόνῳ
752 5163 863 5234 γὰρ
889 5163 1085 5237 ἐκείνῳ
1118 5166 1218 5238 τὴν
1240 5171 1499 5242 τοιαύτην
1542 5173 1831 5246 ἐπίκλησιν
1861 5178 1961 5247 ἁρ-

366 5254 564 5324 μόζειν
587 5254 828 5326 ἐνόμιζε,
864 5256 1044 5328 θνητῷ
1069 5257 1128 5311 δὲ
1164 5259 1341 5313 οὐδενί
1367 5278 1381 5294 ο
1418 5264 1622 5328 εὐθέως
1671 5266 1757 5319 ἐπ’
1802 5267 1963 5320 αὐτὸν

366 5348 712 5418 ἀναστρέφει
737 5348 838 5419 τὴν
859 5352 1188 5422 μαρτυρίαν·
1204 5353 1354 5408 Ἰδοὺ
1385 5352 1446 5409 εἴ
1458 5359 1650 5424 καλὸς
1669 5362 1701 5412 ό
1720 5359 1963 5428 ἀδελφι-

364 5438 475 5506 ὃός
511 5437 1028 5509 μου,).έγουσα,καί
1052 5462 1118 5513 γε
1134 5445 1351 5514 ὡραῖος
1380 5450 1550 5518 πρὸς,
1580 5452 1700 5506 ἀντὶ
1725 5450 1839 5514 τοῦ,
1866 5469 1967 5507 πε-

355 5529 618 5599 ρισσῶς·
650 5529 792 5583 οὓτω
822 5534 930 5603 γάρ
948 5551 1055 5587 τισι
1076 5536 1309 5609 διαιρεῖν
1326 5539 1474 5605 ἔδοξε
1495 5557 1506 5568 ’
1537 5542 1631 5595 καὶ
1663 5542 1969 5611 μετὰτοῦτο

446 5711 491 5743 ιε
530 5686 854 5779 stantem,
889 5714 979 5782 ει,
1007 5713 1100 5772 εδ.

2071 4530 2164 4600 qui
2196 4529 2331 4583 foris
2362 4537 2515 4590 sunt,
2545 4538 2600 4583 et
2625 4529 2933 4599 splendidis
2964 4531 3150 4585 lucere
3180 4532 3443 4600 operibus
3475 4547 3660 4607 coram

2073 4620 2414 4688 hominibus,
2448 4631 2502 4675 et
2539 4622 2743 4676 decore
2786 4621 3132 4693 honesteque
3182 4623 3468 4678 ambulare
3516 4627 3660 4695 apud

2070 4728 2165 4768 eos
2189 4714 2282 4784 qui
2316 4712 2453 4769 foris
2489 4721 2618 4768 sunt
2657 4731 2670 4767 :
2709 4714 2825 4768 ha-c
2860 4722 2992 4769 sunt
3025 4716 3305 4785 laquearia
3336 4731 3433 4786 per
3454 4714 3659 4769 bonum

2067 4805 2274 4861 Christi
2329 4807 2554 4867 odorem
2608 4806 2769 4875 cujus
2825 4808 3053 4877 amigma
3085 4816 3171 4864 est
3218 4822 3552 4879 cupressus,
3606 4812 3661 4865 in

2068 4897 2193 4950 vita:
2226 4898 2515 4949 IiOllOalﬂlc
2540 4895 2840 4949 artificiose
2868 4895 3171 4950 elaborata.

2142 4986 2281 5044 Nili.
2313 5017 2383 5028 —
2417 4985 2685 5041 Benevole
2732 5002 2948 5041 rursum
2993 4988 3132 5055 ipsa,
3175 4988 3305 5058 qttin
3348 4990 3534 5059 potius
3563 4991 3663 5048 ob-

2067 5078 2375 5149 stupefacta
2405 5079 2549 5149 quod
2583 5078 2799 5133 audiret
2831 5093 2890 5132 se
2918 5080 3202 5148 pulchram
3247 5097 3273 5133 a
3298 5094 3303 5097 '
3325 5097 3529 5151 sponso
3558 5098 3662 5137 no-

2067 5172 2295 5237 minari,
2348 5171 2475 5241 (ipsi
2514 5186 2749 5241 namque
2789 5170 2912 5237 soli,
2962 5173 3277 5227 nzortalium
3329 5190 3458 5229 vero
3500 5177 3659 5240 nulli,

2067 5262 2380 5319 istiusmodi
2447 5262 2870 5331 appellationem
2979 5279 3284 5332 congruere
3375 5269 3658 5336 putabat),

2072 5355 2256 5409 statim
2316 5352 2382 5405 ad
2436 5353 2613 5422 ipsum
2667 5355 2943 5408 convertit
2988 5357 3368 5411 testimonium
3414 5358 3656 5414 dicens:

2075 5450 2212 5500 Ecce
2233 5443 2452 5515 pulcher
2494 5460 2572 5508 es,
2610 5443 3076 5512 fratruelis‘meus,
3108 5456 3156 5500 et
3199 5448 3464 5515 formosus
3500 5450 3657 5519 πρὸς,

2079 5556 2174 5609 pro
2209 5536 2379 5603 valde,
2418 5537 2496 5593 sic
2528 5537 2671 5591 enim
2702 5537 3033 5607 quibusdam
3071 5538 3279 5614 placuit
3304 5540 3661 5629 distinguere,
