4060 6392
473 293 613 361 1575
642 306 667 317 ’

1820 282 2176 346 PROCOPII
2209 284 2457 345 GAZ.‘EI

3638 288 3769 357 ιιιδ

465 415 521 463 et
560 412 755 478 postea
788 402 923 460 illud
969 420 983 458 :
1027 402 1219 456 Lectus
1266 406 1446 455 noster
1493 402 1797 462 umbrosus,
1847 413 2053 467 corpus

2187 401 2241 451 ΙΙ
2264 398 2444 465 κλίνη
2468 394 2637 466 ἡμῶν
2659 396 2937 461 σύσκιος*
2953 395 3011 449 τὸ
3029 395 3188 466 σῶμα
3215 394 3541 462 λέγοντεςτί)
3569 406 3713 454 κοινὲ
3754 434 3767 449 .

383 510 389 514 ’
467 502 715 556 dicentes
745 509 1038 553 commune
1072 496 1125 548 in
1157 508 1272 562 quo
1312 492 1670 561 requiescunt
1721 489 1908 552 ambo,
1950 489 2064 542 sci-

468 592 598 646 licet
629 591 776 645 Deus
802 587 1044 643 Verbum
1073 593 1130 639 et
1160 582 1342 636 anima
1373 582 1531 636 beata
1556 598 1570 648 ;
1600 589 1831 636 cavrnle
1863 592 2067 647 sponso

470 699 542 738 ne
585 682 705 752 ipsa
752 681 849 735 tnb
883 681 976 734 dio
1017 687 1354 742 moraretur,
1409 692 1478 730 ne
1511 660 1708 730 rursus
1750 691 1816 730 ex
1861 674 2068 743 injuria

470 775 754 830 radiorum
789 771 922 827 solis
952 771 1166 826 adversi
1200 769 1405 825 veteris
1430 768 1738 840 nigredinis
1767 768 2068 839 quidquam

471 876 784 939 pateretur.
815 864 1132 919 Secundum
1183 863 1347 917 aliam
1377 879 1509 919 vero
1564 863 2068 933 interpunctionem

472 960 557 1014 sic
600 959 938 1029 intelligetur
971 970 1037 1010 ac
1090 956 1137 1012 si
1177 971 1383 1027 sponsa
1418 956 1566 1011 dicat
1606 974 1619 1009 :
1662 954 1707 1010 Ο
1741 962 1969 1025 sp’onse,
2012 962 2070 1005 tu

472 1050 622 1106 solus
652 1065 779 1105 vere
807 1049 1011 1104 diceris
1054 1048 1285 1119 pulcher
1314 1057 1371 1103 et
1399 1047 1702 1114 formosus,
1750 1063 1856 1102 non
1887 1045 2072 1101 adsci-

471 1139 783 1205 titiam,sed
806 1140 1117 1193 naturalem
1145 1138 1361 1194 habens
1383 1138 1951 1208 pniclnriludineun.M
1980 1135 2070 1189 ubi

471 1228 712 1283 lectulus
760 1242 985 1297 quoque
1048 1236 1239 1282 noster
1300 1225 1483 1281 factus
1530 1243 1589 1282 es
1639 1236 1692 1281 et
1752 1228 2071 1287 umbrosus,

472 1334 669 1388 puram
702 1317 924 1387 quidem
958 1319 1170 1372 habens
1204 1318 1434 1372 formam
1487 1317 1744 1383 deitalis,
1782 1318 1878 1373 sed
1928 1333 2075 1372 eam-

472 1412 597 1466 dem
653 1411 992 1465 obumbrans
1040 1408 1212 1464 l'orma
1264 1411 1443 1475 servi;
1475 1416 1531 1465 et
1569 1412 1722 1478 quasi
1762 1410 1867 1464 sub
1919 1412 2073 1466 vela-

473 1511 664 1557 mento
697 1502 885 1583 carnis
921 1517 1042 1571 quae
1068 1501 1290 1571 quidem
1324 1501 1635 1556 divinitatis
1683 1504 1906 1573 propria
1943 1515 2077 1557 sunt

472 1606 735 1664 cperans,
784 1595 880 1649 sed
930 1594 1155 1663 cognitu
1207 1592 1453 1648 difﬁcilis
1494 1593 1796 1651 exsistens.
1849 1604 2077 1664 propter

427 1750 430 1754 ι
472 1693 857 1755 ,εειιηιθιιιιιιη
891 1682 1143 1752 corporis
1169 1682 1313 1752 quod
1350 1698 1415 1737 ea
1441 1696 1564 1752 qua:
1608 1682 1839 1736 mirifice
1890 1695 2075 1753 patra-

480 1787 533 1830 ta
565 1787 692 1832 sunt
720 1777 891 1831 abdit.

552 1867 820 1940 Origenis.
849 1897 919 1910 —-
941 1867 1100 1923 Nunc
1148 1880 1353 1937 sponsa
1385 1865 1624 1935 primum
1663 1867 1777 1923 visa
1809 1877 1894 1924 est
1921 1881 2080 1924 accnv

480 1963 661 2017 ratius
696 1961 1011 2031 inspexisse
1061 1960 1256 2031 θροιιεὶ
1291 1959 1783 2029 pulchritudinem,
1815 1970 1923 2015 etc.

1176 2136 1302 2190 ΞΑΡ.
1350 2134 1415 2189 il.

1176 2136 1302 2190 Ἀρ.
1350 2136 1415 2189 ll.

553 2210 721 2288 Vens.
758 2231 807 2283 l.
850 2228 963 2299 Ego
995 2229 1099 2297 ﬂos
1127 2136 1323 2297 etiam,
1359 2226 1534 2280 lilium
1561 2226 1905 2280 conveniam.

568 2402 785 2475 Cyrilli.
850 2432 920 2444 —
969 2401 1260 2470 Tanquam
1323 2412 1545 2472 recepto
1611 2404 1727 2475 jam
1787 2406 2081 2460 desursum

484 2495 692 2560 imbre,
738 2493 1000 2565 editoqne
1060 2493 1283 2549 virtutis
1340 2502 1530 2561 partu,
1588 2496 1793 2567 agresti
1855 2508 1916 2551 se
1962 2495 2083 2551 ﬂori

493 2601 699 2656 sponsa
735 2594 1070 2654 comparat:
1122 2587 1482 2657 ostenditque
1522 2595 1866 2658 quantopere
1906 2588 2087 2658 prosit

480 2678 688 2734 Christi
723 2677 1018 2746 adventus,
1073 2678 1351 2748 siquidem
1388 2680 1564 2736 valles
1602 2696 1826 2752 quoque
1875 2681 2077 2736 semini

483 2770 715 2824 cuilibet
762 2771 1002 2840 ineptas,
1049 2768 1283 2826 ﬂoribus
1309 2771 1584 2840 ejusmodi
1636 2772 1830 2842 plenas
1864 2782 2080 2827 narrat.

369 2890 375 2895 α
482 2861 705 2917 Etenim
735 2876 796 2915 se
836 2860 1038 2914 vallem
1083 2861 1347 2931 appellat,
1391 2871 1685 2933 propterea
1728 2864 1877 2933 quod
1915 2876 1944 2917 a
1974 2864 2087 2919 dae-

486 2952 746 3008 monibus
771 2951 902 3006 olim
930 2951 1126 3006 incolis
1145 2951 1408 3021 depressa
1443 2951 1649 3009 fuerat.

566 3155 832 3210 Philonis.
858 3184 931 3195 —
954 3151 1083 3208 llaec
1111 3152 1247 3208 dicit
1281 3167 1527 3225 sponsa;
1568 3152 1780 3208 audivit
1829 3153 1976 3208 enim
2014 3154 2086 3209 ab

489 3247 634 3302 Isaia
668 3263 682 3300 :
712 3262 733 3295 ι
772 3242 1022 3299 Exsultet
1049 3242 1293 3308 deserta,
1330 3248 1387 3297 et
1417 3241 1610 3297 ﬂoreat
1644 3250 1703 3295 ut
1739 3243 1913 3297 lilium
1945 3244 1987 3275 "
2010 3262 2028 3294 ι
2067 3256 2084 3307 ;

490 3346 600 3396 eta
623 3337 858 3393 Domino
892 3354 906 3389 :
946 3355 965 3388 ι
998 3334 1359 3390 Considerate
1386 3334 1498 3388 lilia
1527 3335 1643 3405 agri
1663 3334 1747 3388 ’δε
1781 3354 1799 3386 ι
1825 3332 2089 3389 Dominus

493 3431 682 3487 dicere
731 3426 971 3483 intendit
1020 3441 1115 3481 eos
1150 3429 1245 3496 qui
1280 3441 1452 3496 super
1485 3433 1687 3480 terram
1724 3433 1855 3481 sunt
1903 3426 2088 3482 lideles

494 3531 621 3595 post
666 3530 899 3576 mortem
950 3519 1262 3574 ﬂorescere.
1318 3516 1519 3572 Lilium
1581 3518 1729 3573 enim
1757 3519 2090 3575 convallium

495 3622 775 3672 mortuum
804 3612 1076 3683 designat.

567 3707 696 3763 Haac
721 3721 924 3777 sponsa
959 3705 1027 3760 de
1080 3703 1375 3774 semetipsa
1410 3703 1670 3759 edisserit
1698 3702 1931 3759 dicens:
1971 3703 2084 3775 Ego

502 3796 800 3871 postquam
858 3794 963 3849 fuit
1009 3795 1064 3848 in
1114 3792 1258 3848 lecto
1319 3802 1514 3848 nostro
1564 3808 1813 3863 sponsus
1857 3809 2091 3864 corpore

495 3872 861 3945 obumbratus
891 3927 907 3952 ,
943 3884 1037 3955 qui
1087 3883 1382 3939 aediﬁcavit
1421 3882 1527 3939 sibi
1567 3883 1793 3938 domum
1855 3898 1942 3939 me
1974 3882 2089 3938 vir-

496 3990 677 4037 tutum
708 3980 889 4037 eedris
916 3986 1141 4049 tegens;
1168 3975 1315 4031 facta
1349 3984 1495 4044 Sum,
1526 3977 1727 4047 inquit,
1762 3976 1863 4032 llos
1890 3975 2091 4031 odori-

498 4074 653 4130 l‘erus
687 4079 741 4128 et
788 4086 960 4141 purus
1014 4068 1451 4140 splendidusque
1482 4084 1547 4123 ex
1590 4068 1832 4122 humana
1867 4077 2087 4135 natura,

499 4169 559 4222 in
608 4165 902 4220 latitudine
945 4164 1152 4232 campi,
1198 4159 1468 4232 elegantia
1521 4160 1745 4228 coloris,
1799 4168 1853 4216 et
1901 4160 2090 4215 odoris

501 4254 834 4326 fragrantia,
857 4253 1073 4309 caeteris
1098 4250 1330 4306 ﬂoribus
1359 4251 1717 4317 antecellens,
1747 4250 1920 4305 lilium
1945 4267 2091 4305 nun-

498 4355 767 4418 cupatum
819 4343 1179 4399 continentiae
1232 4341 1525 4412 splendore
1575 4357 1929 4399 corruseans.
1987 4341 2091 4398 Hic

2169 491 2228 542 ἐν
2275 481 2319 556 ᾧ
2378 487 2714 541 ἀνεπαύοντο
2767 486 3094 556 ἀμφότεροι,
3131 488 3160 538 ὅ
3191 503 3250 538 τε
3279 487 3413 550 Θεὸς
3469 488 3643 559 Λόγος
3675 494 3770 545 καὶ

2170 582 2205 651 ἡ
2238 580 2482 651 μακαρία
2506 579 2651 650 ψυχή
2675 594 2688 608 °
2722 577 3041 648 φειδομένου
3080 577 3174 631 τοῦ
3228 579 3464 649 νυμφίου
3502 579 3767 653 ὕπαιθρον

2172 672 2341 742 αὐτὴν
2377 672 2557 742 ἔχειν·
2622 670 2698 742 μὴ
2750 669 2914 723 πάλιν
2974 669 3032 735 ἐξ
3081 670 3345 740 ἐπηρείας
3392 668 3486 723 τοῦ
3518 673 3767 726 ἐναντίου
3874 690 3879 697 '

2172 765 2325 836 ἡλίου
2375 766 2598 827 ἀκτῖνος
2632 763 2783 836 πάθῃ
2827 780 2882 816 τι
2926 764 3027 833 τῆς
3077 763 3315 826 παλαιᾶς
3363 762 3765 835 μελανότητοςο

2171 869 2315 912 κατα
2369 856 2425 909 δὲ
2469 854 2568 926 τὴν
2620 855 2818 925 ἑτέραν
2868 853 3154 921 διαίρεσιν,
3205 851 3351 905 οὕτω
3394 852 3765 923 νοηθήσεταιο
3819 886 3827 899 ι

2171 949 2374 1003 ὡσανεὶ
2393 948 2493 1018 τῆς
2512 946 2731 1017 νύμφης
2748 945 3037 1015 λεγούσης,
3083 945 3181 1011 ὅτι,
3197 940 3264 997 Ὠ
3286 945 3506 1014 νυμφίε,
3527 946 3591 998 σὺ
3610 947 3769 1016 μόνος

2174 1038 2241 1093 ἂν
2270 1040 2490 1103 ἐνδίκως
2523 1039 2704 1107 λέγοιο
2736 1038 2898 1100 καλὸς
2923 1038 3018 1090 καί
3071 1053 3136 1104 γε
3178 1036 3401 1107 ὡραῖος,
3542 1037 3771 1108 ἐπίκτηυ

2173 1150 2289 1197 τον,
2323 1130 2461 1200 ἀλλᾲ
2484 1129 2711 1198 φυσικὸν
2738 1126 2877 1199 ἔχων
2912 1127 2971 1179 τὸ
2997 1125 3213 1189 κάλλος·
3245 1127 3337 1178 καὶ
3363 1125 3499 1196 πρὸς
3528 1125 3685 1198 κλίνῃ
3713 1127 3771 1181 δὲ

2175 1225 2335 1297 ἡμῶν
2350 1226 2665 1295 γενόμενος,
2682 1222 2879 1294 ὡραῖος
2910 1217 2958 1274 εἳ
2985 1220 3076 1273 καὶ
3096 1220 3339 1281 σύσκιος,
3366 1219 3464 1287 τὴν
3500 1218 3599 1288 μὲν
3621 1217 3769 1272 θείαν

2174 1317 2275 1388 τῆς
2291 1316 2547 1385 θεότητος
2569 1316 2660 1368 καὶ
2687 1310 2967 1383 ἀκραιφνῆ
2994 1310 3232 1380 μορφὴν,
3249 1309 3344 1361 καὶ
3365 1306 3442 1370 ὡς
3461 1307 3567 1359 ὑπὸ
3591 1322 3769 1377 nepa-

2177 1405 2490 1475 πετάσματι
2543 1404 2610 1474 τῇ
2647 1402 2842 1474 σαρκὶ,
2887 1399 3128 1471 ἐνεργῶν
3157 1398 3257 1467 μὲν
3299 1395 3367 1449 τὰ
3395 1398 3490 1466 τῆς
3519 1396 3772 1467 θεότητος

2178 1499 2291 1552 ίδια
2308 1511 2321 1524 ·
2369 1497 2452 1550 διδ
2478 1495 2828 1563 ’ἅάγνωστος
2882 1492 2942 1547 δὲ
2984 1490 3281 1561 γενόμενος
3307 1487 3396 1542 διὰ
3420 1487 3527 1558 τὴν
3546 1487 3773 1556 ἐπικρύ-

2182 1604 2424 1643 πτουσαν
2475 1586 2543 1640 τὰ
2596 1583 2996 1655 ἐπιτελούμενα
3048 1579 3369 1653 παραδόξως
3396 1577 3491 1632 τοῦ
3520 1576 3771 1648 σώματος

2181 1698 2249 1733 πε
2258 1680 2497 1752 ριὸολήν.

2266 1856 2629 1927 Ὠριτέι·ους.
2678 1880 2750 1894 --
2808 1847 2924 1904 Νῦν
2968 1848 3114 1902 ἔοικε
3164 1847 3428 1919 πρότερον
3473 1844 3773 1918 ἐνεωρακέ-

2181 1969 2273 2006 ναι
2320 1945 2646 2022 τρανότερον
2698 1961 2760 1998 τε
2813 1942 2908 1997 τοῦ
2948 1941 3186 2013 νυμφίου
3245 1938 3494 2008 κάλλειή
3558 1937 3769 2011 νύμφη.

2182 2062 2239 2098 κ.
2267 2060 2319 2098 τ.
2353 2041 2403 2095 λ.
2440 2039 2580 2110 {25).

2794 2125 3048 2180 ΚΕΦΑΛ.
3093 2124 3169 2177 B'.

2250 2232 2323 2280 α’.
2367 2223 2516 2293 Ἐγὼ
2572 2221 2757 2287 ἄνθος
2806 2218 2914 2273 τοῦ
2959 2215 3194 2281 πεδίου,
3249 2214 3460 2283 κρίνον
3491 2211 3617 2267 τῶν
3656 2228 3773 2266 κοι-

2180 2319 2405 2375 λάδων.

2254 2415 2586 2482 Κυριλλου.
2617 2437 2686 2450 --·
2734 2408 2822 2472 Ὠς
2847 2405 3126 2476 δεξαμένη
3155 2406 3188 2475 ἡ
3216 2402 3403 2473 νύμφη
3446 2401 3544 2455 τὸν
3572 2399 3774 2455 ἄνωθεν

2186 2508 2362 2573 ὑετὸν,
2383 2506 2479 2560 καὶ
2513 2504 2751 2559 τεκοῦσα
2770 2501 2872 2572 τὴν
2922 2498 3144 2568 ἀρετὴν,
3179 2496 3330 2550 ἄνθει
3366 2494 3575 2565 ἑαυτὴν
3602 2508 3774 2563 παρα⁹

2182 2599 2370 2654 θάλλει
2403 2596 2591 2650 πεδίου
2610 2612 2624 2626 ’
2650 2593 2898 2648 δείκνυσι
2918 2590 2976 2645 δὲ
3009 2590 3133 2642 ὅσον
3162 2585 3503 2656 ὠφέλησενή
3529 2584 3625 2637 τοῦ
3649 2585 3776 2651 Χρι-

2186 2686 2314 2740 στοῦ
2354 2684 2643 2753 ἐπιδημία,
2681 2683 2815 2734 ὅπου
2841 2696 2905 2747 γε
2934 2678 3030 2731 καὶ
3058 2677 3159 2741 τὰς
3181 2675 3435 2738 κοιλάδας
3455 2674 3562 2738 τὰς
3596 2674 3775 2727 ἀνεπι-

2183 2777 2434 2847 τηδείους
2486 2774 2623 2845 πρὸς
2670 2772 2708 2826 ἃ
2757 2768 3179 2839 παντασπόρον,
3253 2766 3514 2820 τοιούτων
3576 2764 3776 2837 μεστὰς

2184 2868 2391 2934 ἔδειξεν
2417 2865 2626 2920 ἀνθέων
2651 2880 2665 2895 ο
2690 2862 2914 2916 κοιλάδα
2959 2860 3069 2932 γὰρ
3109 2859 3259 2928 λέγει
3301 2856 3401 2929 τὴν
3449 2855 3777 2910 ἁποκοιλαν-

2188 2959 2378 3013 θεῖσαν
2457 2955 2567 3010 ἀπὸ
2617 2953 2731 3008 τῶν
2776 2952 3122 3023 οἰκησάντων
3176 2949 3351 3020 αὐτὴν
3412 2947 3591 3001 πάλαι
3664 2948 3778 3001 δαι-

2111 3094 2159 3155 c
2197 3052 2395 3155 μόνων.

2262 3144 2549 3206 Φίλωνος.
2604 3166 2674 3182 --
2712 3136 2901 3190 ταῦτά
2925 3150 3091 3204 φησιν
3149 3135 3183 3204 ἡ
3248 3132 3439 3202 νύμφη
3499 3127 3777 3203 ἀκούσασα

2192 3234 2344 3306 παρὰ
2386 3233 2634 3297 Ἡσαΐου,
2668 3249 2686 3282 ι
2714 3226 3094 3298 ’Λγαλλιάσθω
3118 3225 3348 3295 ἔρημος,
3377 3223 3473 3278 xui.
3498 3225 3577 3287 ὡς
3602 3221 3777 3290 κρίνον

2189 3324 2458 3378 ἁνθείτω·
2492 3341 2511 3374 ι
2542 3324 2636 3375 καὶ
2668 3318 2825 3391 παρὰ
2860 3318 2953 3372 τοῦ
2989 3316 3221 3388 Κυρίου,
3258 3331 3278 3367 ι
3317 3311 3682 3384 Καταμάθετε
3716 3312 3778 3364 τὰ

2190 3416 2353 3488 κρίνα
2383 3414 2478 3469 τοῦ
2516 3412 2692 3485 ἀγροῦ
2713 3429 2728 3444 ο
2754 3411 2942 3480 »λέγει
2970 3409 3016 3464 δ’
3049 3410 3116 3463 ἂν
3145 3411 3174 3462 ὁ
3193 3406 3398 3480 Κύριος
3428 3408 3525 3460 ἐπὶ
3561 3404 3665 3475 γῆς
3688 3422 3779 3472 γε·

2191 3505 2429 3574 γονέναι,
2486 3505 2565 3567 ὡς
2620 3502 2934 3573 ἀνθήσωσιν
2983 3501 3035 3553 οἱ
3076 3498 3261 3552 πιστοὶ
3301 3499 3398 3552 καὶ
3443 3499 3504 3551 ἐν
3538 3496 3615 3569 τῷ

2189 3598 2352 3654 τοῦτο
2366 3598 2476 3669 γὰρ
2503 3596 2766 3651 κοιλάδων
2790 3594 2978 3666 κρίνον
3007 3593 3034 3647 ὃ
3074 3593 3192 3646 ἐστι
3222 3590 3439 3662 νεκρός.

2263 3690 2596 3760 Γρηγορίου
2627 3687 2762 3759 (26).
2795 3712 2863 3728 -ι-
2888 3684 3079 3739 Ταῦτα
3127 3685 3162 3756 ἡ
3206 3683 3396 3755 νύμφη
3426 3682 3557 3752 περὶ
3587 3680 3782 3751 ἑαυτῆς

2190 3780 2531 3849 διεξέρχεται
2556 3777 2827 3845 λέγουσαι
2869 3772 3013 3842 Ἐγὼ
3044 3770 3181 3842 μετὰ
3249 3770 3312 3824 τὸ
3343 3768 3603 3836 γενέσθαι
3633 3770 3690 3821 ἐν
3716 3769 3779 3836 τῇ

2191 3873 2355 3945 κλίνῃ
2380 3870 2539 3941 ἡμῶν
2563 3869 2653 3923 τδν
2682 3868 2921 3937 νυμφίον
2978 3863 3382 3939 συσκιασθέντα
3427 3860 3506 3930 τῷ
3550 3859 3779 3929 σώματι,

2190 3962 2252 4028 ὃς
2304 3961 2660 4033 ᾠκοδόμησεν
2712 3960 2771 4012 ἐν
2792 3955 2971 4027 ἐαυτῷ
3024 3955 3117 4008 τὸν
3149 3949 3305 4007 οἷκον
3359 3951 3483 4022 ἐμὲ,
3527 3953 3646 4013 ταῖς
3676 3946 3781 4000 τῶν

2192 4052 2407 4126 ἀρετῶν
2462 4051 2677 4123 κέδροις
2735 4047 3022 4120 ὠρόφωσε,
3090 4046 3309 4115 γέγονε,
3362 4044 3571 4112 φησιν,
3626 4038 3781 4100 ἄνθος

2195 4147 2433 4219 εὔοσμον
2462 4163 2522 4199 τε
2553 4145 2649 4199 καὶ
2677 4142 2921 4215 καθαρὸν
2950 4142 3047 4195 καὶ
3091 4137 3372 4209 λαμπρὸν,
3402 4137 3468 4189 ἐκ
3495 4136 3597 4205 τῆς
3626 4137 3683 4187 ἐν
3706 4131 3781 4202 τῷ

2195 4240 2389 4295 πλάτει
2408 4235 2766 4309 ἀνθρωπίνης
2793 4233 3013 4302 φύσεως
3073 4230 3167 4284 τοῦ
3199 4227 3408 4292 πεδίου,
3441 4226 3694 4295 εὐχροίας
3723 4239 3779 4274 τε

2195 4332 2291 4387 καὶ
2324 4330 2579 4396 εὐωδίας,
2608 4328 2721 4382 τῶν
2744 4325 2949 4381 λοιπῶν
2978 4322 3186 4379 ἀνθέων
3202 4320 3484 4391 διαφέρον,
3510 4317 3541 4371 δ
3567 4316 3781 4385 λέγεται

499 4448 690 4495 autem
733 4451 962 4507 campus
993 4435 1419 4505 comparatione
1451 4433 1683 4489 verticis
1709 4434 1950 4491 caelestis
1977 4435 2081 4490 val-

2198 4424 2407 4498 κρίνον,
2437 4424 2539 4494 τὴν
2572 4420 2675 4493 τῆς
2733 4416 3095 4491 σωφροσύνης
3130 4411 3532 4507 ἀπαστράπτον
3564 4421 3782 4507 μαρμα-

499 4529 571 4585 lis
598 4528 941 4592 nominatur,
985 4528 1043 4580 in
1082 4541 1193 4597 quo
1229 4526 1369 4581 bene
1397 4527 1543 4581 culta
1583 4540 1648 4581 ex
1698 4527 1808 4581 imo
1840 4528 2001 4583 vallis
2031 4528 2087 4583 in

498 4621 672 4675 altum
718 4617 994 4684 educitur,
1030 4617 1178 4673 sicut
1209 4617 1316 4673 fert
1349 4625 1548 4673 natura
1576 4617 1674 4672 lilii
1704 4633 1814 4689 quo
1843 4619 2005 4674 etiam
2031 4619 2085 4674 in

498 4711 721 4770 sublimi
768 4726 869 4766 sua
905 4710 985 4765 illi
1023 4717 1241 4766 constet
1275 4710 1652 4781 pulchritudo,
1687 4717 1906 4766 terrena
1935 4724 2091 4766 com-

500 4805 763 4859 mistione
792 4802 1018 4857 minime
1042 4802 1271 4872 polluta,
1305 4816 1409 4856 nec
1432 4803 1557 4856 vita:
1586 4802 1760 4871 Spinis
1787 4817 1819 4857 a
1837 4803 2092 4872 malignis

502 4893 800 4948 virtutibus
853 4892 1144 4960 suﬁ‘ocata,
1177 4906 1318 4962 quas
1350 4892 1551 4947 diaboli
1596 4892 1737 4949 tilias
1768 4894 1933 4949 tacite
1959 4892 2095 4947 insi-

501 4984 716 5038 nuavit.

582 5247 718 5303 Nili.
749 5279 821 5292 -—
850 5246 1046 5302 Lilium
1085 5250 1322 5319 seipsam
1371 5255 1550 5307 vocnt,
1600 5244 1682 5299 vel
1726 5242 1870 5312 quod
1907 5243 2091 5298 decori

506 5338 581 5395 sit
629 5339 869 5395 vallibus
930 5349 1152 5409 propter
1206 5338 1483 5393 actionum
1543 5350 1639 5391 seu
1695 5335 2089 5405 cogitationum

508 5430 875 5487 humilitatem
922 5435 1003 5487 sic
1043 5431 1364 5494 nominatis,
1410 5431 1465 5483 in
1515 5428 1763 5497 utrisque
1811 5427 2093 5497 splendide

581 5576 626 5609 "
660 5576 764 5633 lsa.
807 5593 971 5646 xxxv,
1004 5578 1057 5632 ί.
1134 5578 1179 5610 ²⁹
1225 5575 1419 5631 Matth.
1448 5592 1525 5641 vt,
1552 5574 1644 5630 9.8.

2197 4497 2405 4587 ρυγὴνο
2461 4513 2528 4568 τὸ
2569 4512 2752 4568 πεδίον
2799 4509 2965 4564 τοῦτο
3030 4505 3318 4579 συγκρίσει
3375 4502 3476 4575 τῆς
3530 4497 3782 4571 οὐρανίας

2194 4606 2386 4679 ἁψῖδος
2412 4603 2600 4669 κοιλὰς
2656 4602 2987 4674 ὀνομάζεται
3005 4616 3021 4632 ο
3050 4602 3108 4664 ἐν
3130 4591 3178 4667 ᾧ
3207 4599 3241 4667 ἡ
3281 4591 3667 4666 γεωργηθεῖσα
3692 4604 3782 4679 και

2186 4677 2307 4761 -λῶς
2330 4697 2396 4751 ἐκ
2432 4695 2535 4749 τοῦ
2588 4694 2774 4749 κοίλου
2826 4691 2964 4762 πρὸς
2993 4689 3058 4743 τὸ
3086 4687 3221 4758 ὕψος
3264 4684 3556 4749 ἐκδίδοται,
3587 4679 3665 4744 ὡς
3688 4677 3782 4733 καὶ

2194 4789 2293 4845 τοῦ
2318 4788 2505 4860 κρίνου
2526 4788 2560 4858 ἡ
2579 4785 2774 4857 φύσις·
2799 4784 2875 4847 ὡς
2900 4782 2968 4836 ἂν
3001 4783 3060 4835 ἐν
3091 4778 3355 4851 μετεώρῳ
3384 4773 3624 4846 καθαρὸν
3645 4770 3778 4840 αὐτῇ

2193 4880 2430 4953 διαμένῃ
2457 4878 2520 4933 τδ
2546 4878 2746 4941 κάλλος
2771 4879 2839 4948 τῇ
2858 4874 2999 4947 πρὸς
3030 4872 3130 4944 τὴν
3166 4871 3272 4942 γῆν
3310 4866 3566 4939 ἐπιμιξίᾳ
3588 4864 3663 4936 μὴ
3690 4878 3782 4953 μσς

2196 4949 2537 5043 λυνόμενον.κ
2577 4968 2715 5038 μηδὲ
2758 4965 3209 5037 συμπνιγόμενον
3238 4961 3362 5023 ταῖς
3391 4956 3662 5043 ἀκάνθαις
3687 4949 3781 5043 τοῦ

2198 5040 2341 5135 βίον,
2410 5063 2534 5123 ταῖς
2566 5060 2833 5129 πονηραῖς
2881 5055 3179 5127 δυνάμεσιν
3204 5068 3221 5085 °
3263 5051 3330 5114 ἃς
3381 5048 3478 5103 τοῦ
3535 5040 3780 5125 διαϐόλου

2199 5152 2512 5223 θυγατέρας
2540 5150 2680 5204 κατὰ
2713 5149 2776 5203 τὸ
2806 5149 3149 5217 σιωπόμενον
3172 5142 3420 5215 ᾐνίξατο.

2268 5246 2511 5299 Νείλου.
2543 5274 2614 5284 —-
2646 5242 2850 5314 Κρίνον
2914 5240 3138 5310 ἑαυτὴν,
3173 5239 3362 5306 φησιν,
3399 5234 3431 5305 ἥ
3462 5232 3551 5287 διὰ
3588 5230 3647 5283 τὸ
3688 5230 3783 5297 ἐμ-

2201 5338 2435 5410 πρέπειν
2476 5338 2597 5399 ταῖς
2647 5336 2734 5388 διὰ
2761 5334 3127 5399 ταπεινότητα
3159 5329 3408 5400 πράξεων
3435 5325 3466 5395 ἢ
3500 5321 3783 5394 νοημάτων

2203 5431 2415 5494 κοίλαις
2474 5427 2927 5498 ὀνομαζομέναις,
3002 5424 3239 5494 φαιδρῶς
3290 5422 3347 5475 ὲν
3382 5417 3664 5488 ἑκατέροις
3692 5426 3783 5465 κε·-

2039 5666 2273 5724 ΝΟΤιΕ.

579 5769 697 5841 (ιε)
732 5766 939 5823 Palrol.
974 5780 1014 5825 l.
1051 5749 1219 5839 XVII,
1252 5767 1513 5825 001.260.
1562 5824 1571 5839 ,

2267 5761 2380 5832 (26)
2404 5762 2691 5831 Anonyma
2719 5767 2848 5814 sunt
2872 5758 2927 5813 in
2956 5755 3016 5812 C.
3048 5755 3106 5810 Β.
