4060 6388
396 365 537 432 1:377

1362 363 1900 425 COMMENTARII
1939 361 2018 421 IN
2057 361 2375 421 CANTICA
2403 359 2695 420 CANTIC.

3514 351 3534 414 l
3547 354 3644 416 578

393 483 720 555 κοσμημὲνη
754 484 842 534 καὶ
872 480 1168 550 λάμπουσα
1191 495 1206 508 °
1235 478 1268 549 ἦ
1306 478 1386 531 ὅτι
1413 461 1617 548 κρίνειν
1662 477 1844 547 μέλλει
1873 475 1972 537 τὰς

2081 483 2267 526 ornata
2289 481 2342 526 ct
2369 475 2619 527 relucens
2649 488 2662 523 :
2695 468 2775 523 vel
2806 467 2949 538 quod
2981 465 3034 520 in
3065 465 3247 520 futuro
3273 464 3478 535 judicio
3503 466 3642 535 judi~

392 573 653 635 τοιαύτας
684 570 862 640 ψυχὰς
897 573 955 622 ἐν
999 569 1077 639 τῷ
1105 568 1354 639 μέλλοντι
1393 565 1457 621 ἐκ
1500 567 1838 637 συγκρίσεως
1866 565 1974 618 τῶν

396 666 545 718 ἰδίων
578 661 1044 733 κατορθωμάτων,
1075 660 1227 712 οὐδὲν
1251 659 1444 728 ἔχουσα
1478 662 1534 711 ἐν
1549 663 1612 730 τῇ
1629 658 1787 728 φύσει
1814 658 1974 709 πλέον

392 753 715 816 ἐκείνωνώς
740 751 1042 809 Νινευίται,
1071 755 1166 803 καὶ
1195 750 1482 819 βασίλισσα
1503 749 1677 802 Νότου
1712 763 1968 818 κατακρι-

391 849 479 899 νεῖ
505 846 607 915 τὴν
654 846 883 899 ἄπιστον
929 844 1122 910 γενεάν
1153 860 1168 874 ο
1206 843 1362 905 ἄνθος
1397 842 1452 894 δὲ
1497 842 1591 894 τοῦ
1620 841 1802 893 πεδίου
1834 835 1973 892 εἶναι

393 938 650 1004 λέγεται,
711 936 855 1003 τάχα
921 934 1021 1004 μὲν
1091 935 1197 988 τῶν
1251 934 1515 987 κοιλάδων
1567 933 1973 1002 σημαιυουσὼν,

395 1032 492 1082 καὶ
519 1027 610 1081 διὰ
636 1027 698 1084 εδ
733 1027 994 1080 ταπεινὸν
1048 1027 1139 1079 καὶ
1203 1006 1574 1094 ἀγεώργητον,
1631 1025 1728 1076 καὶ
1767 1022 1857 1075 διὰ
1917 1023 1976 1075 τὸ

398 1117 783 1188 πληθυντικῶς
809 1115 1172 1186 ὀνομάζεσθαι
1201 1115 1270 1167 τὰ
1307 1117 1371 1168 ἐκ
1395 1114 1592 1186 βάθους
1621 1114 1872 1176 ἀσεϐείας
1896 1115 1976 1176 είς

397 1210 695 1277 ἐπίγνωσιν
739 1207 965 1260 ἐλθόντα
1001 1205 1128 1276 ἔθνη
1151 1221 1163 1235 ·
1196 1205 1287 1259 τοῦ
1314 1206 1370 1260 δέ
1412 1205 1596 1259 πεδίου
1629 1205 1724 1258 τοῦ
1760 1204 1977 1274 Ἰσραὴλ

393 1303 486 1356 διὰ
504 1302 569 1354 τὸ
589 1299 972 1370 ἐξομαλείσθαι
1025 1297 1159 1367 πρὸς
1219 1298 1635 1367 ἐπιτηδειότητα
1677 1295 1972 1365 γεωργίας,

395 1396 510 1455 τοῖς
541 1393 896 1463 προφητικοίς
928 1390 1027 1444 καὶ
1087 1391 1329 1459 νομικοῖς
1375 1389 1764 1459 παιδεύμασιν·
1792 1386 1976 1449 καλῶς

394 1485 453 1537 δὲ
480 1485 580 1537 καὶ
615 1483 821 1535 τούτων
883 1483 1005 1551 οὐχὶ
1057 1483 1268 1552 καρπὸς
1295 1481 1409 1534 ἀλλ’
1433 1482 1590 1544 ἄνθος
1627 1477 1765 1534 εἶναι
1824 1480 1976 1548 λέγε-

396 1591 515 1627 ταιο
554 1574 710 1628 οὔπω
755 1574 864 1643 γὰρ
897 1574 957 1626 τὺ
1016 1573 1110 1626 τοῦ
1157 1572 1390 1642 σταυροῦ
1423 1574 1522 1643 τὴν
1550 1572 1653 1641 γῆν
1685 1573 1975 1640 ἀνατέμνει

395 1668 654 1735 ἄροτρον,
679 1666 815 1734 ὅπερ
859 1664 1096 1733 ἐπέθηκε
1131 1666 1243 1726 τοῖς
1294 1665 1609 1727 ἀποστόλοις
1637 1663 1712 1726 ὡς
1736 1664 1917 1734 βουσὶν
1947 1666 1975 1716 ὁ

398 1756 628 1827 Κύριος,
674 1755 909 1825 ζυγάδην
944 1757 1036 1808 ἐπὶ
1071 1757 1168 1827 τὴν
1218 1755 1492 1826 γεωργίαν
1524 1754 1849 1818 ἀποστείλας
1878 1756 1974 1808 αὺ-

392 1849 552 1911 τοὺς,
592 1848 803 1900 οὐδέπω
847 1848 1042 1918 αἵματι
1101 1847 1391 1900 πεπότιστο
1449 1847 1806 1918 Δεσποτικῷ⁶
1894 1847 1975 1900 διδ

395 1937 652 2008 ἄκαρπος
683 1933 750 2004 ἦν
789 1937 882 1990 καὶ
914 1934 1125 2006 στείρα.

483 2135 844 2203 Ὠριτιοὲνους⁸
875 2166 942 2180 -
987 2135 1181 2197 Ἀνθος
1213 2135 1361 2200 λέγει
1405 2135 1465 2187 τὸ
1491 2134 1675 2189 ὁδεῦον
1695 2135 1786 2187 ἐπὶ
1803 2136 1863 2187 τὸ
1895 2151 1978 2202 γε·

391 2228 593 2280 νέσθαι
617 2227 848 2297 καρπὸς,
866 2244 920 2280 κ.
955 2243 1006 2280 τ.
1039 2225 1086 2279 λ.
1117 2225 1250 2296 (27).

473 2365 538 2433 β’.
583 2363 677 2428 Ὠς
704 2363 912 2430 κρίνον
935 2361 1006 2414 ἐν
1029 2360 1196 2430 μέσῳ
1245 2361 1544 2424 ἀκανθῶν,
1575 2362 1730 2415 οὕτω
1757 2363 1796 2431 ἠ
1824 2365 1978 2430 πλη-

391 2458 542 2511 σίον
570 2472 691 2524 μου
722 2454 839 2507 ἀνὰ
860 2453 1058 2520 μέσον
1081 2453 1201 2506 τῶν
1225 2453 1582 2522 θυγατέρων.

467 2587 1076 2658 Γρηγορίου.-Ὅσην
1105 2587 1320 2657 ὁρῶμεν
1347 2588 1446 2656 τῆς
1464 2589 1543 2651 είς
1563 2587 1623 2640 τὸ
1641 2587 1772 2656 ὕψος
1789 2588 1975 2642 ἀνόδου

403 2683 500 2752 τὴν
528 2680 814 2751 προκοπὴν
843 2680 934 2732 ἐπὶ
957 2682 1052 2750 τῆς
1077 2679 1255 2749 ψυχῆς
1285 2680 1596 2748 γινομένην.
1627 2679 1824 2749 Πρώτη
1853 2680 1978 2732 ἄνο-

405 2774 512 2837 ὃος,
545 2772 610 2824 τὸ
633 2771 772 2841 πρδς
833 2771 930 2840 τὴν
963 2769 1346 2841 καθαιρετικὴν
1377 2772 1474 2839 τῆς
1522 2771 1770 2832 ἐναντίας
1829 2771 1980 2824 δυνά-

398 2879 548 2931 μεως
579 2862 748 2913 ἵππον
776 2859 1131 2929 ὁμοιωθῆναι.
1163 2859 1400 2930 Δευτέρα
1435 2859 1643 2922 ἄνοδος,
1667 2859 1728 2912 τὸ
1751 2861 1977 2930 πλησίον

395 2956 572 3022 αὐτὴν
602 2952 879 3020 γενέσθαι,
905 2953 1000 3004 καὶ
1022 2953 1351 3022 περιστερᾶς
1382 2953 1606 3022 ποιῆσαι
1638 2953 1706 3006 τὰ
1734 2953 1975 3022 ὄμματα.

397 3047 575 3116 Τρίτη
605 3046 782 3097 τοίνυν
807 3043 990 3106 ἄνοδος
1011 3043 1070 3095 τὸ
1106 3043 1302 3114 μηκέτι
1325 3043 1572 3112 πλησίον,
1602 3043 1716 3096 ἀλλ’
1744 3043 1978 3112 ἀδελφὴν

2077 572 2266 618 catura
2325 563 2396 618 sit
2453 561 2762 617 istiusmodi
2839 558 3050 612 animas
3097 572 3162 610 ex
3241 556 3651 625 comparatione

2079 670 2306 708 suorum
2335 663 2486 708 recte
2515 660 2816 724 gestorum,
2868 665 2990 703 eum
3033 649 3087 701 in
3138 659 3328 702 natura
3362 649 3493 702 nihil
3537 663 3652 702 am-

2079 743 2224 812 plius
2254 742 2362 796 illis
2394 742 2611 804 habeat,
2654 741 2796 793 sicut
2826 737 3079 790 Ninivitaa
3130 752 3192 791 ac
3237 753 3419 806 regina
3467 737 3650 790 Austri

2077 832 2524 886 condcmnabunt
2559 829 2893 884 incredulam
2939 829 3368 898 generationem.
3399 825 3525 880 Flos
3551 844 3650 881 au-

2078 934 2186 978 tem
2241 925 2416 992 campi
2474 938 2596 978 esse
2635 922 2858 985 dicitur,
2895 919 3149 974 fortassis
3177 919 3395 990 quidem
3427 919 3648 972 vallium

2078 1016 2507 1085 signilieatarum
2559 1023 2671 1066 tum
2726 1020 2946 1082 propter
2988 1012 3348 1065 humilitatem
3393 1011 3653 1064 culturae-

2076 1123 2182 1176 qne
2229 1105 2567 1169 carcntiam,
2618 1113 2733 1156 tum
2801 1101 2935 1171 quia
2985 1102 3268 1171 pluraliter
3342 1102 3423 1178 sic
3477 1101 3653 1154 nomi-

2077 1205 2281 1251 nantur
2308 1202 2498 1265 gentes
2537 1209 2602 1249 ex
2633 1191 2909 1264 profundo
2943 1191 3241 1260 impietatis
3271 1190 3338 1244 ad
3382 1190 3654 1259 cognitio-

2077 1303 2200 1342 nem
2233 1286 2551 1350 venientes;
2578 1284 2754 1353 campi
2787 1298 2914 1338 vero
2938 1282 3126 1348 Israel,
3160 1283 3287 1351 quia
3322 1281 3655 1351 propheticis

2077 1393 2142 1433 ac
2186 1377 2449 1447 legalibus
2497 1375 2767 1429 doctrinis
2802 1371 2868 1426 ad
2899 1372 3286 1442 agriculturam
3319 1371 3486 1439 probe
3507 1385 3654 1424 com-

2078 1470 2250 1539 parati
2273 1484 2336 1521 ac
2353 1467 2686 1536 complanati
2714 1473 2864 1519 sunt.
2884 1464 3240 1520 liectcantem
3268 1466 3430 1515 etiam
3457 1464 3650 1516 horum

2079 1559 2311 1613 necdum
2361 1556 2598 1621 fructus,
2656 1555 2754 1612 sed
2802 1554 2902 1609 llos
2942 1570 3067 1610 esse
3126 1553 3353 1618 dicitur,
3410 1553 3652 1606 nondum

2076 1651 2219 1707 enim
2261 1650 2442 1704 crucis
2471 1657 2715 1701 aratrum
2758 1655 2960 1701 terram
2997 1629 3330 1715 proscindit,
3364 1644 3510 1713 quod
3555 1643 3657 1694 lio-

2078 1743 2258 1796 uiinus
2291 1741 2833 1810 apostolistanquam
2876 1737 3052 1793 bobus
3076 1737 3342 1807 jugaliter
3372 1736 3654 1804 imposuit,

2011 1809 2050 1862 Β
2079 1834 2148 1887 ad
2187 1809 2581 1902 agriculturam
2622 1830 2747 1885 illos
2782 1829 3009 1884 mittens
3057 1846 3070 1882 :
3107 1828 3338 1882 necdum
3389 1829 3658 1896 sanguine

2080 1923 2360 1979 Dominico
2408 1923 2578 1992 rigata
2611 1929 2768 1986 erat,
2802 1929 3133 1990 quapropter
3184 1918 3507 1990 infrngifera
3548 1933 3650 1972 ste-

2080 2016 2308 2087 rilisque
2339 2013 2655 2068 exsistebat.

2151 2153 2416 2223 Origeuis.
2451 2181 2522 2190 —
2553 2149 2769 2204 Florem
2811 2148 2943 2204 dicit
2982 2149 3032 2203 id
3066 2148 3208 2219 quod
3249 2147 3302 2201 iu
3358 2147 3439 2198 via
3481 2153 3564 2199 est
3602 2151 3658 2196 nt

2080 2243 2301 2298 fructus
2337 2242 2450 2305 ﬁat,
2477 2251 2585 2296 etc.

2153 2379 2318 2434 Vrsas.
2347 2377 2404 2431 2.
2439 2377 2589 2432 Sicut
2622 2377 2796 2430 lilium
2824 2377 2878 2430 in
2910 2377 3083 2430 medio
3113 2375 3503 2445 spinarum,sic
3532 2389 3658 2443 pro-

2078 2471 2276 2540 pinqua
2308 2485 2421 2522 mea
2453 2469 2508 2522 in
2538 2467 2710 2521 medio
2731 2468 2991 2535 ﬁliarum.

2151 2603 2464 2673 Gregorii.-
2486 2602 2765 2667 Quantum
2817 2600 3063 2654 videmus
3093 2615 3386 2654 ascensum
3408 2602 3461 2654 in
3487 2601 3656 2654 altum

2081 2707 2291 2752 tantum
2320 2695 2566 2750 videmus
2583 2709 2706 2749 esse
2735 2693 2933 2747 animai
2957 2692 3263 2762 protectum
3290 2711 3305 2747 :
3335 2693 3542 2762 primus
3567 2707 3656 2747 as-

2083 2805 2285 2844 census
2301 2794 2386 2842 est
2409 2787 2701 2841 assimilari
2722 2787 2878 2855 equis
2901 2787 2992 2856 qui
3016 2788 3267 2840 virtutem
3290 2786 3659 2839 adversariam

2083 2895 2115 2934 e
2139 2878 2317 2934 medio
2339 2877 2701 2942 sustulerunt;
2723 2876 3166 2945 secundus,quod
3192 2874 3334 2929 facta
3357 2877 3428 2929 sit
3447 2876 3662 2945 propiu-

2081 2985 2188 3039 qua
2212 2970 2424 3037 sibique
2445 2967 2632 3022 fecerit
2656 2968 2848 3020 oculos
2871 2967 3134 3020 columba:
3154 2984 3167 3028 ;
3189 2967 3405 3030 tertius,
3433 2965 3545 3034 jam
3576 2981 3664 3019 as-

2083 3075 2294 3115 census
2319 3059 2463 3128 quod
2496 3059 2657 3114 etiam
2706 3074 2866 3113 soror
2897 3058 3113 3112 Domini
3139 3060 3470 3114 nominetur.
3505 3079 3524 3111 ι
3556 3057 3663 3125 Qui

393 3139 494 3192 τοῦ
527 3139 802 3191 Δεσπότου
855 3136 1246 3205 ὀνομασθῆναι.
1282 3137 1414 3198 «Ὃς
1459 3137 1525 3190 ἂν
1568 3138 1790 3211 ποιήσῃ,
1819 3139 1976 3207 φησὶ,

2083 3151 2230 3206 enim
2282 3149 2494 3215 iecerit,
2550 3150 2752 3219 inquit,
2787 3151 3122 3204 voluntatem
3177 3149 3357 3205 Patris
3397 3151 3536 3210 mei.
3576 3152 3662 3204 hic

393 3233 460 3286 τὸ
492 3231 711 3300 Θέλημα
768 3228 862 3282 τοῦ
903 3229 1114 3300 Πατρός
1166 3246 1268 3299 μου
1300 3229 1394 3282 τοῦ
1434 3233 1491 3283 ἐν
1540 3233 1652 3290 τοῖς
1705 3233 1972 3300 οὐρανοῖς,

391 3319 562 3386 οὗτος
603 3321 631 3373 ὁ
673 3320 900 3390 ἀδελφός
953 3337 1078 3388 μου,
1111 3322 1206 3373 καὶ
1245 3321 1448 3392 ἀδελφή
1494 3338 1620 3390 μου,
1656 3321 1749 3374 καὶ
1797 3323 1978 3392 μήτηρ

393 3417 577 3470 ἐστίν.
619 3435 636 3466 ι
684 3415 838 3468 Ἐπεὶ
884 3410 978 3467 οὖν
1005 3415 1232 3484 γέγονεν
1288 3415 1476 3478 ἄνθος,
1529 3414 1693 3484 μηδὲν
1726 3415 1831 3467 ὑπὸ
1870 3415 1980 3466 τῶν

393 3508 800 3579 ἀκανθηφόρων
847 3507 1173 3577 πειρασμῶν
1229 3507 1365 3576 πρὸς
1418 3506 1480 3560 τὸ
1513 3505 1768 3574 γενέσθαι
1795 3507 1980 3577 κρίνον

394 3598 844 3670 παραῶαόεἰσα,
883 3597 1250 3666 ἐπιλαϐομένη
1287 3596 1344 3648 δέ
1370 3596 1461 3648 τοῦ
1483 3595 1616 3648 λαοῦ
1648 3597 1742 3648 καὶ
1775 3596 1867 3649 τοῦ
1897 3597 1978 3649 οτ-

393 3709 502 3744 κου
531 3689 633 3743 τοῦ
665 3691 870 3760 πατρὸς
925 3689 1118 3759 αὐτῆς,
1155 3687 1291 3757 πρὸς
1332 3687 1423 3740 τὸν
1451 3686 1703 3758 ἀληθινὸν
1725 3682 1830 3740 εῐδε
1864 3689 1978 3740 Ha.-

390 3787 556 3854 τέρα,
579 3784 665 3837 διδ
693 3783 789 3836 καὶ
828 3780 1032 3853 ἀδελφὴ
1083 3782 1177 3834 τοῦ
1227 3779 1357 3834 Υίοῦ
1402 3781 1746 3851 ὀνομάζεται,
1778 3783 1856 3855 τῷ
1883 3783 1986 3854 τῆς

393 3877 679 3939 υἱοθεσίας
749 3875 1019 3944 πνεύματι
1068 3874 1206 3942 πρὸς
1257 3874 1356 3945 τὴν
1412 3875 1734 3943 συγγένειαν
1783 3876 1986 3946 ταύτην

403 3965 961 4037 μεταποιηθεῖσα,καὶ
983 3965 1082 4034 τῆς
1109 3965 1246 4034 πρὸς
1271 3965 1370 4026 τὰς
1391 3964 1694 4034 θυγατέρας
1722 3965 1815 4018 τοῦ
1837 3966 1990 4034 ψευδ-

2087 3242 2257 3296 frater
2292 3249 2347 3294 et
2383 3255 2540 3295 soror
2577 3249 2632 3294 et
2669 3249 2842 3296 mater
2888 3255 2974 3295 est
3015 3241 3080 3295 ".
3122 3259 3140 3292 ι
3182 3241 3473 3311 Postquam
3528 3258 3663 3310 ergo
3700 3279 3702 3282 ι

2087 3332 2231 3388 facta
2271 3342 2354 3387 est
2383 3332 2508 3396 llos,
2535 3332 2669 3386 nihil
2695 3347 2723 3386 a
2761 3333 2998 3402 spinosis
3033 3333 3162 3388 laesa
3195 3333 3301 3386 fuit
3345 3335 3666 3388 tentationi-

2087 3425 2189 3479 bus
2221 3425 2512 3494 quominus
2546 3433 2691 3478 esset
2723 3425 2931 3488 lilium;
2961 3425 3129 3479 oblita
3161 3425 3344 3495 populi
3371 3433 3424 3478 et
3464 3425 3665 3481 domus

2088 3518 2258 3588 patris
2289 3525 2344 3571 et
2379 3516 2570 3571 matris
2602 3533 2737 3580 sure,
2769 3517 2984 3585 aspexit
3019 3517 3085 3571 ad
3116 3534 3300 3571 verum
3344 3517 3580 3584 Patrem,
3609 3529 3664 3574 et

2088 3623 2118 3661 a
2145 3607 2254 3662 Deo
2285 3614 2517 3661 vocatur
2547 3621 2706 3660 soror
2738 3605 2884 3668 Filii,
2933 3607 3127 3675 spiritu
3154 3607 3384 3661 liliorum
3411 3609 3664 3676 ad0ptio-

2087 3699 2178 3754 nis
2216 3699 2271 3752 in
2303 3698 2442 3751 hanc
2479 3697 2734 3766 adoptata
2763 3699 3179 3767 cognationem;
3212 3707 3267 3752 et
3305 3699 3374 3752 ab
3418 3699 3507 3752 illa
3539 3698 3663 3753 falsi

2090 3786 2330 3842 nominis
2359 3786 2529 3854 patris
2555 3783 2816 3856 [ﬁliarum
2847 3786 3260 3858 communione]
3296 3788 3522 3842 liberata
3575 3807 3664 3843 se-

2092 3878 2209 3946 ipsa
2242 3892 2435 3932 rursus
2475 3875 2532 3930 ﬁt
2553 3862 2865 3940 sublimior,
2898 3885 2952 3931 et
2976 3879 3176 3947 aspicit
3219 3881 3540 3949 mysterium
3568 3897 3665 3951 per

2095 3969 2286 4023 oculos
2311 3967 2601 4032 columbae,
2652 3967 2872 4038 spiritu,
2913 3968 3159 4037 inquam,
3189 3970 3503 4038 pr0phetim.

397 4062 625 4131 ωνύμου
652 4062 857 4131 πατρὸς
895 4060 1182 4121 κοινωνίας
1213 4058 1615 4132 ἀπαλλαγεῖσα,
1644 4060 1806 4114 πάλιν
1833 4062 2042 4129 γίνεται
2057 4061 2258 4132 ἑαυτῆς
2284 4061 2622 4133 ὑψηλοτέρα,
2654 4062 2747 4115 καὶ
2783 4061 2971 4130 βλέπει
2993 4064 3052 4116 τὸ
3089 4066 3406 4135 μυστήριον,
3437 4065 3525 4119 διὰ
3555 4068 3663 4120 τῶν

390 4157 497 4223 τῆς
557 4155 890 4224 περιστερᾶς
940 4152 1236 4223 ὀφθαλμῶν
1262 4169 1275 4183 ·
1315 4151 1459 4220 λέγω
1487 4151 1544 4204 δὲ
1577 4151 1654 4222 τῷ
1684 4152 1953 4223 πνεύματι
1977 4153 2078 4224 τῆς
2109 4153 2464 4224 προςρητείας.

466 4293 621 4362 Αὕτη
645 4293 780 4361 (ΞΤ)
806 4290 900 4344 τοῦ
925 4290 1179 4360 Νυμφίου
1203 4290 1399 4360 ἐστὶνή
1433 4291 1610 4360 φωνὴ,
1633 4289 1986 4360 μαρτυροῦσα

390 4391 464 4458 τῇ
499 4385 710 4456 Νύμφῃ
741 4383 901 4437 πλέον
922 4371 996 4436 ὧν
1017 4383 1182 4453 ἐαυτῇ
1217 4381 1768 4454 προσεμαρτύρησεν·
1796 4381 1981 4452 ἐπειδὴ

392 4482 510 4546 γὰο
552 4478 752 4547 ἐαυτὴν
784 4473 906 4528 ε’ίπε
937 4476 1143 4547 κρίνον,
1197 4476 1295 4538 τὰς
1323 4475 1379 4528 δὲ
1412 4474 1604 4537 λοιπὰς
1643 4474 1822 4544 ψυχὰς
1865 4492 1980 4527 κοι-

394 4565 589 4628 λάδας,
622 4564 654 4633 ἢ
687 4561 1175 4634 μετριοφρονοῦσα,
1207 4562 1238 4632 ἢ
1273 4563 1367 4616 καὶ
1398 4564 1714 4633 ἀγνοήσασα
1738 4580 1753 4594 ·
1784 4564 1845 4616 οὐ
1872 4565 1979 4616 πᾶν

398 4659 776 4730 στοχαζομένη
811 4659 910 4728 τῆς
945 4658 1330 4729 ἀληθείας⁶τὴν
1359 4656 1648 4729 σύγκρισιν
1688 4660 1981 4728 ἐποιήσατο

397 4752 564 4812 αὐτὸς
591 4751 620 4802 ὁ
663 4750 863 4819 μᾶλλον
906 4749 1066 4812 είδὼς
1094 4749 1202 4802 τῶν
1249 4749 1550 4820 γινομένων
1593 4750 1981 4804 καταστάσεων

396 4844 502 4905 τὰς
556 4841 854 4910 ἰδιότητας·
904 4841 998 4893 καὶ
1041 4842 1212 4912 κρίνῳ
1243 4841 1341 4911 μὲν
1380 4839 1584 4911 ταύτην
1636 4839 1981 4912 παρεικάζει,

394 4933 487 4986 διὰ.
518 4933 582 4985 τὸ
617 4932 860 5002 μηδόλως
893 4933 990 5000 τὴν
1024 4933 1135 4986 ἀπὸ
1178 4932 1286 4985 τῶν
1335 4931 1663 5002 σωματικῶν
1715 4933 1984 5004 μέριμναν

395 5023 786 5093 ἀναδέχεσθαι,
827 5023 1204 5093 ἀφροντίστως
1235 5023 1291 5076 δὲ
1316 5025 1428 5086 τοῖς
1458 5023 1855 5095 παρατυχοῦσι,
1885 5025 1982 5095 τὴν

398 5113 498 5168 τοῦ
556 5113 807 5184 σώματος
857 5113 1170 5184 ἐκπληροῦν
1218 5114 1430 5186 χρείαν,
1469 5115 1848 5186 ἀταλαίπωρον
1891 5118 1985 5170 καὶ

400 5203 754 5271 αὐτοσχέδιον
780 5202 881 5273 τὴν
940 5202 1219 5274 διαγωγὴν
1277 5203 1539 5274 ἑλομένην
1572 5205 1661 5258 διὰ
1705 5206 1804 5276 τὴν
1856 5206 1984 5276 περὶ

475 5371 520 5400 ³³
570 5368 760 5422 Matth.
791 5385 887 5434 xu,
929 5369 1020 5423 49.

2167 4288 2300 4342 Nili.
2334 4314 2405 4330 -α
2442 4290 2568 4343 Hazc
2607 4296 2690 4342 est
2739 4305 2841 4342 vox
2884 4289 3107 4355 Sponsil
3142 4289 3368 4359 Sponsa:
3419 4295 3666 4348 testimo-

2091 4379 2240 4434 nium
2295 4381 2591 4450 przebentis
2651 4381 2808 4447 longe
2849 4380 3184 4437 luculentius
3232 4397 3394 4451 quam
3434 4384 3547 4454 ipsa
3597 4388 3664 4441 de

2089 4489 2150 4528 se
2175 4481 2332 4526 antea
2359 4473 2733 4542 perhibuerat.
2759 4470 3053 4542 Postquam
3077 4475 3222 4528 enim
3259 4477 3374 4545 ipsa
3403 4493 3462 4532 se
3487 4478 3659 4533 lilium

2089 4572 2332 4628 vocarat,
2364 4573 2590 4619 caeteras
2621 4580 2749 4619 vero
2779 4566 2993 4622 animas
3018 4568 3207 4630 valles,
3237 4571 3477 4625 modeste
3507 4571 3573 4626 de
3603 4588 3662 4627 se

2088 4658 2329 4712 sentiens
2369 4658 2452 4712 vel
2481 4660 2646 4712 etiam
2679 4659 2970 4728 ignorans;
3007 4674 3114 4712 non
3150 4663 3374 4716 omnino
3406 4675 3661 4716 assecuta

2089 4748 2451 4817 conjectando
2480 4749 2803 4813 veritatem;
2841 4751 3304 4818 comparationem
3355 4753 3444 4806 ille
3503 4753 3663 4808 insti-

2091 4842 2197 4897 tuit
2244 4841 2339 4910 qui
2386 4857 2576 4895 eorum
2633 4857 2754 4906 quae
2809 4839 2946 4894 fiunt
2997 4849 3240 4896 statuum
3297 4845 3661 4913 pr0prietates

2092 4933 2266 5003 magis
2293 4933 2463 4999 novit,
2502 4941 2557 4986 et
2587 4933 2701 4987 lilio
2725 4933 2942 5002 quidem
2977 4933 3144 5001 ipsam
3186 4936 3478 5001 assimilat,
3513 4939 3660 5007 quod

2086 5025 2312 5080 omnino
2344 5025 2550 5078 nullam
2585 5039 2767 5078 rerum
2803 5025 3172 5093 corporalium
3204 5026 3460 5082 admittat
3506 5031 3661 5085 solli-

2087 5117 2426 5180 citudinem;
2459 5115 2553 5170 sed
2586 5117 2705 5170 sine
2733 5131 2868 5170 cura
2901 5116 2968 5171 iis
2997 5131 3119 5186 qua:
3149 5117 3444 5190 obtingunt
3469 5137 3663 5192 corpo-

2087 5209 2166 5262 ris
2200 5209 2416 5278 expleat
2441 5209 2849 5272 uccessitatem,
2877 5209 3086 5263 beatam
3120 5224 3184 5263 ac
3209 5213 3398 5281 paucis
3429 5224 3660 5271 conten-

1956 5499 2186 5557 NOTAE.

481 5667 597 5728 (27)
636 5665 839 5720 Patrol.
875 5673 918 5718 t.
951 5662 1118 5726 XVII,
1147 5664 1253 5717 col.
1286 5663 1414 5727 260,
1448 5662 1575 5717 961.

479 5722 621 5809 (ΞΤ)
670 5735 793 5790 Haec
825 5737 878 5789 in
923 5735 987 5788 Ο.
1030 5722 1234 5788 ν.ἐιιι›
1279 5722 1498 5788 nomine
1556 5731 1799 5803 Gregorii
1842 5744 1974 5785 con-

739 5829 1010 5887 Ρλτιιοι.
1059 5826 1176 5886 Gn.
1201 5825 1576 5886 LXXXVII.

2085 5658 2390 5741 tino-antur,
2427 5667 2736 5741 eturevera
2788 5676 2895 5716 non
2927 5663 3282 5722 inveniuntur
3319 5669 3370 5723 in
3410 5671 3665 5741 operibus

2082 5731 2244 5786 editis
2278 5730 2451 5786 sancti
2489 5727 2618 5783 Nili.

3221 5830 3300 5888 50
