4060 6392
430 231 567 294 15Ἷῦ

1758 225 2108 287 PROCOPII
2139 225 2382 286 GAZ.’E[

3434 289 3441 293 .
3536 229 3674 293 1580

422 352 533 398 tam
583 344 789 416 eligens
833 342 1044 398 vivendi
1077 343 1365 407 rationem,
1396 350 1615 413 propter
1667 357 1786 396 eam
1822 359 1984 413 quam

2104 341 2191 411 τῆς
2226 342 2505 409 βασιλείας
2542 344 2651 396 τῶν
2697 342 2943 413 οὐρανῶν
2990 342 3269 414 φροντίδα,
3302 340 3374 406 ὡς
3410 344 3466 396 ὲν
3498 346 3674 412 Εὖατ,

423 438 561 507 gerit
594 452 779 491 curam
804 438 872 491 de
899 449 1067 506 regno
1098 436 1385 500 omlorum,
1409 444 1569 504 prout
1603 436 1656 488 in
1694 435 1997 506 Evangeliis

427 527 746 583 ostenditur
783 546 796 581 :
835 528 1010 598 spinis
1050 542 1182 581 vero
1226 539 1454 581 canoras
1500 527 1814 582 assimilans
1864 530 1993 599 quia

423 633 613 674 curam
640 634 858 677 omnem
886 620 1032 673 circa
1067 616 1351 673 saecularia
1373 616 1668 684 habebant,
1687 628 1736 672 et
1764 619 1995 673 necdum

423 719 621 766 norant
666 725 829 766 curas
884 711 954 766 iis
1006 709 1285 779 impensas
1324 709 1440 762 ﬁeri
1485 710 1693 779 spinas,
1731 714 1827 767 scd
1878 714 1999 770 illas

423 803 575 872 ipsas
620 818 683 858 ex
740 819 936 873 magno
988 802 1135 858 circa
1192 799 1317 857 illas
1363 801 1765 861 sollicitudines
1816 805 1999 861 stadio

421 892 665 948 evasisse
697 892 905 962 spinas.

496 1006 658 1061 Vens.
694 1005 748 1059 5.
788 1005 936 1060 Sicut
982 1005 1183 1060 malum
1227 1007 1283 1060 in
1336 1006 1493 1076 lignis
1532 1005 1714 1073 silvia,
1754 1007 1832 1061 sic
1877 1007 1997 1077 fra-

424 1099 606 1152 truelis
650 1114 794 1152 meus
831 1098 969 1152 inter
1018 1097 1222 1154 medios
1274 1098 1439 1169 ﬁlios.

493 1207 753 1278 Gregorii.
789 1239 861 1250 —
896 1209 1036 1275 Quid
1077 1224 1161 1264 cst
1191 1220 1321 1281 ergo
1370 1210 1517 1280 quod
1568 1212 1740 1267 vidit?
1793 1212 1995 1266 Silvam

421 1299 556 1353 solet
589 1301 873 1357 nominare
920 1301 1207 1372 Scriptura
1248 1304 1555 1360 silvestrem
1601 1304 1880 1358 hominum
1912 1305 1998 1360 vi-

422 1397 531 1443 tam
563 1392 619 1444 in
654 1406 763 1461 qua
805 1392 1087 1446 luxuriant
1121 1393 1271 1447 varia
1310 1409 1508 1463 genera
1552 1395 1895 1464 passionum,
1939 1395 1993 1449 in

421 1496 528 1550 qua
576 1482 896 1535 nidulantur
936 1482 1063 1538 ferte
1107 1483 1372 1550 exitioszr,
1406 1492 1462 1538 et
1495 1484 1744 1540 homines
1793 1485 1996 1540 laedunt

420 1590 654 1643 quarum
676 1585 881 1641 natura
910 1576 1121 1644 inluce
1143 1591 1207 1630 ac
1235 1576 1349 1631 sole
1382 1577 1557 1633 otiosa
1587 1593 1913 1647 permanens
1940 1581 1992 1634 iu

418 1666 663 1721 tenebris
700 1667 806 1720 vim
837 1682 991 1723 suam
1021 1669 1215 1722 exerit.
1243 1666 1538 1739 Propterea
1569 1670 1621 1723 in
1664 1669 1801 1724 silva
1833 1672 1988 1741 plan-

2101 432 2303 505 γελίοις
2328 432 2601 487 δείκνυται
2623 450 2635 463 ·
2679 434 2940 497 ἀκάνθαις
2976 434 3031 487 δὲ
3086 433 3184 497 τὰς
3218 433 3412 497 λοιπὰς
3452 435 3673 505 ὁμοιῶν,

2100 502 2187 579 διᾶ
2227 542 2287 579 το
2316 528 2495 579 πᾶσαν
2524 529 2623 598 τὴν
2670 527 2939 598 μέριμναν
2974 526 3103 597 περὶ
3143 526 3212 579 τὰ
3243 502 3671 598 βιωτικὰνέσχηο

2101 619 2288 671 κένιιο
2327 620 2421 672 καὶ
2453 620 2649 689 μηκέτι
2680 620 2738 671 ὲν
2778 621 2898 681 ταῖς
2931 617 3174 689 φροντίσι
3211 617 3465 687 γενέσθαι
3505 619 3670 672 ἀκάνο

2100 712 2219 777 θας,
2248 713 2362 766 ἀλλ’
2394 713 2562 776 αὑτὰς
2588 712 2804 782 ἐκείνης
2836 711 2913 783 τῷ
2952 713 3018 765 ἑκ
3046 711 3245 783 πολλῆς
3273 711 3375 781 τῆς
3408 713 3540 781 περὶ⁵
3572 712 3672 774 τὰς

2102 804 2371 876 μερίμνας
2395 805 2628 875 σπουδῆς
2657 804 2986 876 πεποιῆσθαι
3010 804 3151 858 κατά
3172 804 3393 868 ταύτας.

2180 1006 2278 1073 Ὠς
2295 1006 2499 1075 μῆλον
2536 998 2605 1061 ἐν·
2655 1008 2780 1074 τοῖς
2830 1007 3043 1075 ξύλοις
3073 1007 3180 1062 τοῦ
3203 1006 3461 1077 δρυμοῦ,
3484 1007 3675 1073 οὕτως

2097 1095 2422 1165 ὰδελφιδός
2435 1114 2554 1166 μου
2599 1096 2716 1151 ἀνὰ
2736 1096 2933 1167 μέσον
2955 1095 3073 1150 τῶν
3102 1095 3269 1155 υιῶν.

2167 1205 2522 1275 Γρηγορίου.
2551 1234 2624 1246 -
2648 1204 2712 1259 Τί
2741 1202 2836 1260 οὖν
2869 1206 3019 1260 ἐστιν
3056 1205 3085 1261 δ
3128 1205 3421 1271 τεθέαταις
3458 1206 3676 1276 Δρυμὸν

2096 1297 2354 1368 ὀνομάζει
2406 1298 2653 1370 συνήθως
2696 1300 2730 1369 ἡ
2794 1298 2927 1367 ἁγία
2983 1297 3175 1370 Γραφὴ
3224 1298 3315 1353 τὸν
3362 1297 3537 1368 ὑλώδη
3564 1298 3678 1351 τῶν

2096 1387 2397 1460 ἀνθρώπων
2424 1389 2557 1459 βίον,
2581 1391 2673 1445 τὸν
2702 1391 2768 1444 τὰ
2790 1391 3008 1444 ποικίλα
3037 1393 3145 1446 τῶν
3175 1391 3517 1461 παθημάτων
3560 1391 3676 1460 εἴδη

2097 1479 2532 1549 ὑλομανήσαντα,
2563 1481 2623 1533 ιν
2649 1473 2695 1548 ᾧ
2726 1480 2794 1534 τὰ
2823 1480 3097 1552 φθαρτικὰ
3124 1481 3290 1552 θηρία
3328 1481 3561 1549 φωλεύει
3584 1482 3677 1536 καὶ

2096 1570 2224 1634 τοὺς
2259 1570 2579 1639 ἀνθρώπους
2611 1572 2955 1641 λυμαίνεται,
2993 1564 3068 1625 ὧν
3094 1574 3129 1642 ἡ
3154 1572 3315 1641 φύσις
3342 1573 3399 1624 ὲν
3421 1572 3560 1641 φωτὶ
3584 1574 3679 1627 καὶ⁸

2103 1662 2238 1732 ἡλίῳ
2275 1664 2635 1734 ἀνενέργητος
2695 1665 2949 1734 μένουσα,
2990 1664 3078 1718 διὰ
3116 1665 3338 1727 σκότους
3378 1662 3476 1735 τὴν
3523 1654 3677 1734 ίσχῖν

419 1768 568 1811 tatur
621 1759 821 1812 malum
868 1779 883 1813 ;
938 1750 991 1812 in
1033 1752 1297 1829 quantum
1334 1759 1551 1829 quidem
1591 1761 1815 1831 lignum,
1866 1778 1990 1817 cum

2104 1752 2236 1821 ἔχει.
2268 1754 2366 1808 Διὰ
2396 1753 2556 1808 τοῦτο
2582 1753 2778 1824 φύεται
2809 1756 2866 1808 ὲν
2895 1755 2972 1824 τῷ
2992 1754 3182 1825 δρυμῷ
3203 1755 3264 1808 τὸ
3295 1754 3461 1825 μῆλον
3480 1771 3495 1786 ο
3543 1755 3678 1807 καθὸ

420 1850 651 1919 reliquis
672 1859 758 1905 est
784 1850 1030 1919 ejusdem
1064 1850 1349 1906 essentiae:
1379 1870 1398 1903 ι
1436 1850 1703 1908 Tentatus
1725 1855 1870 1908 enim
1902 1871 1997 1925 per

2104 1847 2202 1915 μὲν
2226 1845 2381 1911 ξύλον
2411 1849 2524 1910 τοῖς
2554 1846 2763 1910 λοιποῖς
2797 1848 3085 1917 ὁμοούσιον
3136 1848 3382 1920 ὑπάρχον
3400 1862 3414 1878 ’
3444 1866 3464 1899 ι
3496 1847 3677 1901 Ἐπει-

418 1944 603 1995 omnia
658 1957 756 2012 pro
793 1940 1159 1998 similitudine
1215 1943 1422 2013 absque
1465 1952 1691 2013 peccato
1738 1947 1805 1999 υ.
1868 1965 1886 1997 ι
1939 1947 1996 2002 In

417 2043 681 2101 quantum
712 2050 841 2089 vero
869 2035 1052 2089 fructu
1086 2049 1187 2091 suo
1230 2035 1578 2089 dulcedinem
1635 2036 1793 2091 aliert
1828 2040 1996 2095 animi

418 2126 697 2190 sensibus,
731 2126 992 2196 majorem
1030 2126 1340 2181 habetcum
1373 2128 1519 2197 ligno
1551 2130 1995 2197 inzrqnalitatem,

418 2235 581 2288 quam
615 2220 786 2272 lilimu
825 2234 950 2274 cum
987 2218 1186 2288 spinis,
1218 2229 1277 2274 ut
1320 2218 1466 2289 quod
1508 2221 1755 2275 suaviter
1785 2228 1996 2275 tantum

420 2309 594 2377 spirat
618 2319 672 2363 et
697 2310 815 2363 visu
848 2310 1111 2371 oblectat,
1142 2325 1362 2378 pomum
1392 2320 1575 2365 autem
1604 2322 1658 2365 et
1689 2310 1919 2365 odoratu
1946 2320 2000 2368 et

419 2408 583 2461 gustu
626 2414 688 2452 ac
737 2398 855 2452 visu
905 2398 1069 2454 dulce
1103 2405 1208 2453 est.
1245 2397 1411 2454 Recte
1445 2416 1576 2470 ergo
1617 2400 1753 2454 vidit
1777 2399 1997 2471 Sponsa

416 2505 542 2559 qua:
571 2490 642 2543 sit
675 2490 757 2544 sui
792 2505 821 2542 a
852 2488 1084 2543 Domino
1114 2489 1447 2564 dill‘erentia,
1472 2492 1731 2561 quoniam
1763 2493 1855 2547 ille
1877 2493 1999 2564 qui-
2030 2520 2033 2523 -

419 2581 542 2633 dem
584 2571 637 2633 et
668 2577 826 2633 nobis
871 2578 931 2631 ﬁt
968 2578 1155 2632 laetitia
1177 2563 1485 2645 oculorum,
1521 2589 1578 2633 nl
1609 2582 1703 2651 qui
1737 2582 1790 2635 in
1821 2563 1904 2638 eis
1928 2585 2000 2639 sit

420 2670 509 2721 lux
557 2676 611 2721 et
657 2676 997 2736 unguentum
1038 2666 1296 2723 oiloratui
1326 2677 1379 2723 et
1401 2670 1511 2724 vita
1553 2672 1997 2729 comedentibus.

424 2761 671 2813 llnmana
723 2775 889 2827 porro
945 2752 1139 2815 natura
1177 2777 1273 2831 per
1319 2761 1575 2817 virtutem
1634 2762 1893 2830 perfecta,
1943 2766 2001 2820 lit

423 2853 542 2912 llos.
582 2870 689 2907 non
740 2856 919 2908 solum
959 2852 1258 2923 agricolam
1307 2856 1578 2917 nutriens.
1619 2856 1713 2911 sed
1760 2858 1997 2928 seipsam

421 2961 715 2999 mormuts.
771 2945 965 3000 Cibum
1023 2954 1205 3001 autem
1267 2963 1376 3001 non
1426 2948 1528 3017 ipsi
1568 2949 1742 3003 datori
1796 2960 1997 3020 parat:

423 3041 682 3105 quoniam
715 3037 983 3091 bonorum
1035 3045 1351 3092 nostrorum
1393 3054 1501 3092 non
1557 3048 1698 3111 eget.
1730 3039 1998 3096 Ca-tcrum

2100 1935 2277 2007 ράσθη
2303 1937 2413 2007 γὰρ
2463 1938 2582 1991 καθ’
2634 1939 2930 2009 ὁμοιότητα
2980 1941 3221 2001 πάντων,
3278 1932 3446 2010 χωρὶς
3488 1939 3674 2010 ἁμαρ-

2099 2028 2218 2091 τίας
2238 2044 2253 2059 ·
2284 2046 2304 2080 ο
2339 2029 2474 2082 καθὸ
2504 2028 2561 2082 δὲ
2594 2029 2873 2097 γλυκαίνει
2904 2028 2981 2100 τῷ
3016 2029 3214 2101 καρπῷ
3260 2029 3329 2083 τὰ
3365 2029 3467 2100 τῆς
3490 2029 3675 2100 ψυχῆς

2100 2119 2456 2189 αἰσθητήρια,
2492 2120 2715 2176 πλείονα
2734 2122 2834 2193 τὴν
2863 2123 2998 2193 πρὸς
3030 2123 3120 2176 τὸν
3154 2120 3361 2192 δρυμὸν
3392 2120 3506 2191 ἔχει
3538 2139 3679 2193 παρ-

2098 2211 2369 2282 αλλαγήν·
2406 2211 2439 2283 ἢ
2470 2214 2594 2267 ὅσον
2621 2213 2737 2284 ἔχει
2784 2215 2923 2286 πρὸς
2961 2214 3060 2279 τὰς
3084 2214 3327 2277 ἀκάνθας
3369 2213 3430 2267 τὸ
3471 2214 3676 2280 κρίνον,

2098 2304 2237 2375 ὅπερ
2289 2303 2518 2358 εὔπνουν
2562 2307 2678 2358 ἐστὶ
2737 2308 2897 2377 μόνον
2946 2307 3042 2361 καὶ
3085 2306 3278 2377 τέρπει
3332 2309 3399 2378 τῇ
3442 2307 3572 2377 θέᾳ·
3619 2308 3679 2358 τὸ

2098 2397 2155 2451 δὲ
2210 2397 2379 2468 μῆλον
2441 2398 2538 2469 ἡδὺ
2591 2400 2728 2471 πρὸς
2796 2400 2971 2471 ὀσμὴν
3043 2401 3146 2472 τὴν
3192 2400 3289 2453 καὶ
3337 2399 3525 2468 γεῦσιν
3588 2400 3681 2453 καὶ

2102 2491 2248 2545 θέαν.
2300 2491 2497 2555 Καλῶς
2543 2492 2636 2547 οὖν
2660 2489 2798 2548 εἶδεν
2818 2496 2851 2565 ἡ
2873 2495 3059 2567 νύμφη
3084 2495 3146 2549 τὸ
3192 2495 3393 2563 ἑαυτῆς
3423 2494 3560 2565 πρὸς
3589 2494 3680 2547 τὸν

2101 2584 2380 2655 Δεσπότην
2408 2586 2665 2656 διάφορον
2685 2604 2699 2619 ·
2722 2587 2804 2641 δτι
2833 2588 3043 2649 ἐκεῖνος
3069 2587 3336 2658 μὲνημῶν
3358 2588 3452 2641 καὶ
3476 2586 3682 2656 ὀφθαλ-

2104 2673 2220 2743 μῶν
2245 2676 2459 2743 γίνεται
2490 2678 2673 2747 χάρις,
2706 2678 2822 2748 φῶς
2855 2677 3159 2749 γινόμενος,
3182 2678 3279 2733 καὶ
3306 2678 3479 2749 μύρον
3516 2678 3575 2730 ἐν
3615 2679 3680 2749 τῇ

2099 2766 2386 2837 ὀσφρήσει,
2442 2768 2538 2822 καὶ
2595 2768 2709 2840 ζωὴ
2754 2771 2866 2835 τοῖς
2912 2770 3200 2825 ἐσθίουσιν.
3249 2768 3315 2822 Ἢ
3378 2769 3435 2823 δὲ
3468 2770 3683 2840 ἀνθρω-

2101 2859 2232 2929 πίνη
2258 2858 2418 2929 φύσις
2471 2860 2539 2915 δι’
2562 2861 2763 2932 ἀρετῆς
2821 2861 3187 2928 τελειωθεῖσα.
3228 2860 3386 2923 ἄνθος
3451 2862 3683 2927 γίνεται,

2105 2952 2263 3022 μόνον
2301 2953 2363 3006 οὗ
2390 2952 2481 3006 τὸν
2526 2952 2770 3023 γεωργὸν
2797 2953 3089 3024 τρέφουσα,
3138 2952 3277 3007 ἀλλὰ
3312 2953 3513 3023 ἑαυτὴν
3558 2952 3683 3006 καλ-

2101 3044 2435 3109 λωπίζουσαο
2460 3047 2666 3117 τροφὴν
2684 3044 2739 3098 δὲ
2760 3044 2833 3116 μὴ
2863 3046 3181 3115 γεωργοῢσα
3204 3046 3281 3115 τῷ
3295 3045 3537 3117 χορηγῷ·
3558 3044 3684 3097 Τῶν

427 3128 690 3183 Dominus
723 3128 904 3183 factus
934 3135 1022 3183 est
1045 3129 1203 3197 quasi
1235 3131 1437 3183 malmu
1465 3131 1516 3184 in
1565 3133 1720 3198 silva,
1744 3134 1871 3201 quia
1901 3134 2001 3185 hu-

2106 3136 2215 3206 γὰρ
2245 3134 2467 3204 ἀγαθῶν
2499 3153 2600 3207 μον
2629 3137 2691 3190 οὗ
2715 3136 2902 3207 χρείαν
2926 3135 3135 3207 ἐχεις,δ
3175 3135 3460 3207 θεοπὰτωρ
3486 3134 3683 3206 φησιν’

380 3274 391 3281 ,
424 3238 641 3299 numam
677 3221 915 3277 inseruit
943 3232 1193 3276 naturam
1238 3223 1305 3276 ad
1336 3224 1572 3294 speciem
1602 3233 1656 3280 et
1704 3225 1770 3278 ad
1816 3226 2001 3282 odoris

422 3316 703 3385 eduliique
737 3316 1087 3371 suavitatem.
1128 3314 1240 3370 Nos
1276 3317 1446 3372 enim
1480 3317 1638 3373 bonis
1683 3318 1831 3375 illius
1872 3335 2000 3389 ege-

425 3423 580 3473 mus;
632 3415 992 3477 quapropter,
1029 3406 1107 3461 ait
1154 3407 1400 3478 Sponsa,
1448 3409 1576 3479 quia
1627 3409 1834 3479 fructus
1886 3411 2000 3481 ejus

423 3498 597 3552 dulcis
627 3500 680 3551 iu
702 3507 916 3568 gutture
942 3515 1055 3577 m_eo
1087 3515 1106 3553 :
1139 3497 1377 3555 Fructus
1404 3510 1587 3556 autem
1620 3510 1706 3555 est
1749 3501 2000 3556 doctrina

424 3590 492 3643 de
532 3606 637 3659 qua
676 3590 841 3646 David
882 3591 958 3647 ait
994 3609 1010 3647 :
1050 3611 1071 3644 ι
1116 3591 1290 3659 Quam
1330 3592 1514 3647 dulcia
1565 3591 1818 3649 faucibus
1866 3596 2002 3649 meis

425 3681 641 3749 eloquia
674 3689 790 3742 tua,
828 3697 993 3750 super
1032 3684 1137 3737 mel
1169 3683 1251 3737 ori
1284 3697 1404 3738 meo
1432 3682 1498 3736 ".
1532 3701 1552 3735 ι
1591 3680 1760 3739 Filios
1817 3689 2000 3737 autem

426 3771 562 3824 dicit
596 3787 703 3824 non
731 3772 939 3825 amicos
970 3771 1183 3841 sponsi,
1214 3770 1310 3826 sed
1341 3772 1692 3827 tenebrarum
1717 3772 1810 3843 qui
1833 3779 1888 3827 et
1911 3772 2005 3827 lilii

425 3861 521 3912 irae
549 3869 942 3930 nuncupantur
980 3864 1050 3915 ab
1089 3859 1482 3916 communitate
1519 3876 1767 3930 operum.

2110 3227 2296 3296 κρίνον
2337 3226 2439 3296 μὲν
2500 3225 2597 3279 οὖν
2649 3226 2726 3290 ῶς
2780 3226 2991 3298 ἔφημεν
3032 3227 3446 3298 ὴτελειουμένη
3504 3226 3685 3296 ψυχὴ,

2109 3316 2309 3385 ἑαυτὴν
2341 3316 2524 3387 μίνον,
2554 3315 2631 3380 ὡς
2670 3316 2906 3388 ἔφημεν,
2953 3317 3368 3382 καλλωπίζουσα
3388 3335 3402 3349 ο
3431 3320 3461 3371 ὀ
3483 3318 3541 3371 δὲ
3572 3318 3687 3370 Κύ-

2110 3426 2225 3478 ριος
2246 3407 2323 3471 ὼς
2354 3408 2524 3477 μῆλον
2544 3408 2769 3476 γέγονεν
2797 3410 2856 3462 ὲν
2876 3409 3089 3479 δρυμῷο
3111 3410 3194 3463 ὅτι
3219 3409 3319 3479 τὴν
3341 3408 3689 3479 ἀνθρωπίνην

2107 3500 2481 3571 ὲνεκέντρισεν
2510 3500 2693 3570 φύσιν,
2735 3500 2872 3572 πρὸς
2908 3500 2970 3554 τὸ
3014 3501 3218 3572 ὡραῖόν
3266 3518 3327 3555 τε
3365 3503 3461 3556 καὶ
3491 3502 3689 3565 εὑῶδες

2108 3590 2206 3644 καὶ
2236 3590 2515 3660 βρώσιμον
2539 3607 2551 3622 ·
2583 3592 2744 3661 ἡμεῖς
2770 3590 2879 3664 γὰρ
2906 3590 3017 3646 τῶν
3056 3592 3266 3646 ἐκείνου
3305 3591 3540 3662 δεόμεθα
3563 3606 3577 3621 ⁶
3604 3591 3690 3645 διὸ

2108 3682 2272 3751 φησιν
2300 3684 2331 3751 ἡ
2356 3680 2583 3752 Νύμφη,
2605 3683 2688 3735 ὄτι.
2711 3682 2774 3736 Ὀ
2793 3682 3020 3751 καρπὸς
3035 3678 3222 3737 αὐτοῦ
3252 3682 3483 3753 γλυκὺς
3515 3682 3586 3735 ἐν
3609 3679 3692 3747 τῷ

2105 3772 2363 3841 λάρυγγιι
2380 3790 2501 3847 μου
2520 3789 2534 3803 ⁸
2565 3773 2772 3845 καρπὸς
2796 3774 2853 3828 δὲ
2876 3776 2909 3846 ὴ
2933 3774 3272 3841 διδασκαλία,
3299 3775 3430 3844 περὶ
3450 3768 3517 3847 ἦς
3541 3774 3690 3842 λέγει

2111 3863 2275 3916 Δαόίδ
2298 3879 2311 3893 ·
2350 3882 2369 3915 ι
2420 3864 2509 3927 Ὠς
2536 3865 2742 3932 γλυκέα
2769 3864 2851 3936 τῷ
2892 3864 3127 3937 λάρυγγί
3168 3881 3269 3935 μου
3292 3867 3360 3917 τὰ
3388 3866 3544 3932 λόγια
3570 3881 3687 3929 σου,

425 3951 566 4024 ὑπὲρ
589 3952 709 4023 μέλι
732 3953 810 4025 τῷ
838 3953 1068 4025 στόματί
1088 3954 1222 4023 μουί
1260 3973 1278 4005 ι
1306 3956 1323 3973 ⁶
1344 3952 1486 4008 Υίῶν
1522 3954 1579 4008 δὲ
1600 3953 1751 4023 λέγει
1780 3956 1841 4010 ού
1881 3955 2050 4026 φίλων
2086 3956 2248 4011 τινῶν
2274 3956 2370 4011 τοῦ
2396 3956 2671 4028 Νυμφίου,
2706 3957 2840 4012 ἀλλὰ
2870 3957 2964 4011 τοῦ
2999 3958 3246 4022 σκότους,
3292 3954 3341 4008 οἳ
3388 3956 3482 4009 καί⁵
3522 3955 3693 4010 τέκνα

421 4041 594 4112 ὀργῆς
623 4046 688 4114 τῇ
727 4043 984 4114 κοινωνίᾳ
1015 4042 1124 4097 τῶν
1154 4042 1332 4114 ἔργων
1365 4044 1741 4116 ὀνομάζονται..

506 4160 644 4215 Nili.
670 4188 738 4200 ——
770 4158 1122 4231 Comparatio
1172 4161 1396 4233 quidem
1445 4160 1693 4217 ostendit
1729 4163 2001 4220 excellen-

2175 4167 2421 4221 Νείλου.
2447 4165 2698 4219 Δείκνυσι
2728 4165 2830 4236 τὴν
2870 4167 3176 4238 ὑπεροχήνο
3210 4166 3421 4231 πάντας
3453 4166 3561 4238 γὰρ
3590 4166 3686 4220 ἁν-

424 4252 582 4303 tiam.
629 4246 844 4317 Sponsa
874 4263 1112 4319 namque
1134 4263 1330 4307 omnes
1374 4250 1625 4305 homines
1656 4251 1804 4322 ligna
1847 4250 1998 4306 silva:

427 4338 740 4411 appellavit,
777 4346 833 4392 at
869 4339 1142 4409 Sponsum
1182 4355 1343 4396 suum
1384 4340 1521 4395 dixit
1571 4342 1773 4396 malum
1829 4340 2005 4410 {rugi-

426 4432 625 4486 ferum.
667 4429 802 4485 Cum
848 4430 996 4485 enim
1054 4430 1174 4500 ipse
1228 4432 1373 4487 illam
1421 4430 1533 4501 jam
1580 4432 1697 4489 suis
1746 4432 2001 4490 laudibus
2062 4452 2069 4453 ’

426 4519 780 4588 praevenisset
808 4526 863 4573 ct
887 4532 1013 4573 cum
1046 4518 1159 4574 lilio
1192 4517 1519 4575 contulisset
1545 4521 1703 4590 quasi
1740 4521 1796 4575 in
1825 4521 2003 4577 medio

428 4612 711 4677 Spinarum
747 4607 1040 4662 mulierum
1085 4606 1463 4677 reliquarum:
1497 4607 1614 4676 ipse
1652 4608 1829 4667 vicem
1880 4607 2006 4662 red-

425 4703 507 4757 dit
537 4700 739 4756 malmn
774 4713 899 4753 eum
930 4697 1214 4768 appellans
1242 4697 1297 4752 in
1317 4695 1499 4751 medio
1526 4697 1801 4767 lignorum
1827 4696 2001 4761 silvre,

428 4792 691 4859 quoniam
726 4791 841 4861 ipse
872 4790 1093 4861 quidem
1133 4790 1318 4861 planta
1367 4786 1638 4860 frugifera
1691 4801 1813 4854 cst,
1850 4788 2000 4858 ligna

431 4899 558 4938 vero
597 4885 747 4940 silva:
797 4880 1119 4954 infrugifera
1146 4921 1164 4948 ,
1194 4890 1248 4938 et
1301 4896 1365 4937 ea
1408 4895 1515 4950 qua
1562 4888 1824 4950 petantur
1864 4896 2005 4951 aqua

429 4989 581 5028 suam
606 4975 677 5029 ab
699 4990 765 5028 eo
788 4972 1153 5028 dill’erentiam
1186 4972 1475 5028 manifeste
1497 4971 1802 5038 declarant,
1832 4971 2006 5041 siqui-

428 5067 551 5120 dem
581 5064 648 5119 de
686 5065 772 5119 his
817 5063 1183 5120 Ecclesiastes
1209 5066 1324 5119 ait:
1369 5082 1388 5115 ι
1416 5061 1545 5118 Feci
1581 5062 1713 5116 mihi
1762 5062 2005 5133 piscinas

430 5170 696 5224 aquarum
722 5154 787 5209 ad
821 5155 1157 5225 irrigandum
1180 5170 1242 5211 ex
1268 5156 1349 5210 eis
1381 5152 1578 5210 saltum
1603 5154 2002 5224 germinantem

432 5250 575 5319 ligna
602 5248 667 5302 “.
701 5266 720 5300 ι
762 5246 836 5304 De
860 5247 981 5319 ipso
1012 5256 1193 5303 autem
1240 5245 1447 5302 David:
1495 5265 1513 5298 ι
1545 5246 1611 5300 Ει
1644 5246 1771 5311 erit,
1799 5245 1999 5315 inquit,

431 5342 576 5396 sicut
628 5341 859 5413 lignum,
888 5340 1035 5413 quod
1079 5341 1382 5413 plantatum
1426 5349 1508 5394 est
1539 5354 1699 5395 secus
1732 5340 2001 5398 decnrsus

510 5626 552 5655 "
592 5628 757 5687 Hebr.
789 5649 861 5697 tv,
893 5630 978 5685 l5.
1055 5630 1265 5684 "l’sal.
1300 5645 1485 5695 cxmt,
1529 5632 1641 5686 [03.

2107 4255 2357 4326 θρώπους
2401 4255 2524 4311 εἶπε
2578 4257 2711 4322 ξύλα
2764 4257 2970 4329 δρυμοῦ
2999 4261 3033 4327 ἡ
3084 4258 3289 4330 Νύμφη
3323 4258 3398 4323 ὡς
3427 4260 3686 4329 ἄκαρπαο

2109 4349 2279 4421 μῆλον
2308 4350 2366 4404 δὲ
2396 4346 2548 4406 εἷπεν
2586 4352 2661 4415 ὡς
2701 4350 2980 4425 ἔγκαρπον
3019 4352 3112 4406 τὸν
3152 4352 3351 4422 εαυτῆς
3394 4352 3647 4422 Νυμφίον
3670 4393 3686 4408 .

2121 4438 2357 4494 Ἐκείνου
2384 4440 2495 4513 γὰρ
2542 4441 2642 4521 ἤδη
2697 4443 3001 4511 φθάσαντος
3041 4444 3213 4514 αὐτὴν
3266 4446 3380 4506 τοῖς
3446 4444 3689 4507 ἐπαίνοις

2109 4530 2211 4582 καὶ
2272 4529 2445 4602 κρίνῳ
2492 4532 2949 4601 παρεικάσαντος,
2983 4532 3059 4597 ῶς
3105 4535 3163 4587 έν
3228 4534 3379 4605 μέσῳ
3434 4534 3689 4588 ἀκανθῶν

2110 4617 2222 4670 τῶν
2247 4617 2453 4672 λοιπῶν
2477 4619 2772 4688 γυναικῶν,
2804 4620 2941 4691 αὕτη
2974 4620 3136 4676 πάλιν
3167 4621 3558 4692 ἁνταμείὸεται
3582 4627 3689 4695 μῆ-

2109 4710 2200 4764 λον
2231 4710 2393 4765 αὐτὸν
2425 4713 2483 4765 ὲν
2517 4712 2670 4783 μέσῳ
2716 4712 2893 4779 ξύλων
2936 4713 3144 4785 δρυμοῦ
3176 4713 3683 4787 προσαγορεύουσα,

2110 4803 2194 4856 ὅτι
2224 4802 2386 4865 αὐτὸς
2422 4804 2518 4874 μὲν
2555 4802 2833 4874 ἔγκαρπύν
2860 4805 2976 4859 ἐστι
3026 4805 3214 4875 φυτὸν,
3234 4805 3305 4859 τὰ
3328 4805 3385 4859 δὲ
3425 4806 3560 4872 ξύλα
3593 4807 3685 4860 τοῦ

2114 4897 2324 4967 δρυμοῦ
2374 4898 2600 4970 ἄκαρπα
2624 4915 2639 4931 ·
2690 4900 2887 4971 καὶτῷ
2922 4902 3014 4970 ἀφ’
3043 4896 3105 4955 οὗ
3156 4901 3467 4966 ποτίζονται
3511 4902 3685 4968 ὕδατι,

2110 4988 2210 5059 τὴν
2234 4988 2369 5058 πρὸς
2397 4989 2537 5042 αὐτὰ
2563 4990 2837 5062 διαφορὰν
2872 4992 3062 5061 σαφῶς
3099 4992 3527 5064 ἐνδεικνύμενος·
3561 4995 3688 5064 περὶ

2114 5078 2212 5147 μὲν
2234 5080 2345 5149 γὰρ
2376 5080 2581 5133 τούτων
2601 5083 2629 5134 ὁ
2657 5082 3089 5154 Ἐκκλησιαστής
3112 5097 3157 5136 ἰ
3180 5085 3563 5156 Ἐποιησάμην
3593 5102 3689 5138 κο-

2116 5166 2457 5240 λυμϐήθρας,
2500 5171 2687 5240 φησὶν,
2732 5172 2967 5239 ὑδάτων,
2997 5174 3093 5227 τοῦ
3138 5175 3357 5230 ποτίσαι
3387 5177 3482 5230 ἀπ’
3508 5176 3689 5229 αὐτῶν

2111 5258 2317 5330 δρυμὸν
2349 5259 2597 5331 βλαστῶν
2627 5264 2726 5318 καὶ.
2746 5265 2817 5319 τὰ
2852 5265 2989 5331 ξύλα
3009 5285 3054 5320 ἰ
3085 5268 3214 5339 περὶ
3242 5267 3298 5323 δὲ
3314 5267 3505 5323 τούτου
3527 5266 3689 5321 Δαὸίδ

2109 5365 2263 5420 φησι·
2296 5371 2315 5404 ι
2343 5353 2452 5407 Καὶ
2476 5353 2627 5409 ἔσται
2646 5356 2806 5420 ῶςτδ
2838 5357 2991 5424 ξύλον
3014 5359 3076 5414 τὸ
3100 5360 3506 5435 πεφυτευμένον
3539 5359 3689 5432 παρὰ
