4060 6412
392 338 528 403 1581

1344 338 1877 401 COMMENTARII
1916 339 2001 401 IN
2035 338 2355 402 CANTICA
2396 340 2687 403 CANTIC.

3528 346 3661 408 1582

378 456 483 514 τὰς
515 448 782 513 διεξόδους
816 444 921 500 τῶν
977 442 1210 500 ὑδάτων·
1249 464 1267 498 ι
1302 445 1402 516 οὐχ
1429 446 1616 516 ὅμοιον
1639 443 1695 499 δὲ
1720 446 1964 510 ἀεννάοις

2079 460 2335 517 aquarum
2363 448 2431 502 ".
2463 467 2482 501 ι
2520 447 2636 504 Non
2665 458 2846 504 autem
2878 450 3058 506 simile
3081 459 3165 507 est
3195 458 3530 524 perennibus
3556 463 3664 516 cir-

383 538 819 613 περιρρεόμενον
875 534 1033 589 ὕδασι
1070 534 1412 600 ποτίζεσθαι,
1441 536 1534 588 καὶ
1571 535 1842 597 ἐπινοίαις
1873 534 1965 587 ἁν-

384 629 697 701 θρωπξναις
721 630 779 680 ἐν
828 625 1190 697 κολυμϐήθρᾳ
1242 623 1592 695 συναχθεϊσιν
1643 623 1966 695 ἀρδεύεσθαι

384 721 565 774 ὕδασι·
590 720 653 773 τὸ
689 717 788 789 μὲν
814 717 923 786 γὰρ
971 716 1067 768 τὸν
1110 716 1362 786 οὐράνιον
1413 714 1670 783 σημαίνει
1699 713 1877 783 λόγον,
1908 714 1968 767 τὸ

380 813 563 881 δὲτὴν
618 808 969 879 ἀνθρωπίνην
1020 806 1411 861 διδασκαλίαν·
1466 804 1641 859 ἔπειθ’
1687 804 1877 876 ὥσπερ
1909 803 1969 857 τὸ

385 902 564 972 μῆλον
617 897 1093 975 ἐμπεριεχομένην
1128 896 1206 967 τῷ
1232 896 1467 967 δέρματι
1534 896 1821 966 φυλάττων
1871 896 1969 966 τὴν

383 994 644 1055 εὐωδίαν,
676 992 771 1046 καὶ
808 992 904 1044 ἐπὶ
923 991 984 1043 τὸ
1012 990 1118 1057 ἔξω
1147 988 1315 1059 αὐτὴν
1345 989 1669 1051 διαδίδωσιν,
1706 986 1849 1042 οὓτω
1873 988 1971 1041 καὶ

380 1086 418 1154 ἡ
449 1083 647 1151 θεότης
702 1076 1173 1151 ὲνεκρύπτετο,τῷ
1204 1076 1460 1145 σώματι·
1486 1077 1636 1146 ὅμως
1681 1075 1778 1146 τὴν
1822 1074 1972 1146 ἐνέρ-

381 1193 543 1245 γειαν
569 1173 816 1236 διεδίδου,
842 1173 936 1226 καὶ
961 1172 1057 1225 ἐπὶ
1090 1170 1186 1224 τοῦ
1223 1169 1329 1234 ἔξω
1360 1168 1690 1237 φαινομένου
1718 1167 1967 1238 σαρκίουο

384 1267 519 1321 σκιά
539 1267 596 1320 δὲ
618 1267 679 1319 ὲν
780 1262 1132 1332 ἐπεθύμησεν
1183 1259 1410 1314 καθίσαι
1454 1261 1488 1331 ἡ
1520 1258 1747 1329 Νύμφη,
1780 1257 1972 1328 ἐπειδὴ

385 1360 597 1430 μᾶλλον
622 1360 688 1411 ὲκ
719 1356 829 1410 τῶν
874 1354 1091 1425 φύλλων
1125 1355 1160 1424 ἡ
1190 1352 1318 1407 σκιά
1376 1351 1620 1421 πέφυκεν
1663 1353 1738 1415 ὡς
1791 1351 1884 1405 ἐπὶ
1914 1350 1977 1404 τὸ

380 1452 642 1505 πλεῖστον
671 1447 941 1518 γίνεσθαι,
965 1447 1046 1518 τῷ
1079 1447 1447 1518 συγκραιφνεῖ
1462 1448 1562 1516 τῆς
1585 1444 1695 1498 τῶν
1725 1444 1976 1498 πετάλων

382 1544 664 1605 ἑνὼσεως.
691 1543 793 1611 τὴν
822 1540 1058 1613 ἡλιακὴν
1103 1541 1302 1595 ἀκτῖνα
1348 1537 1806 1609 ἀποτειχείζουσα
1826 1553 1839 1568 ·
1875 1536 1978 1591 ὅσα

380 1635 484 1691 οἷν
514 1635 661 1690 κατά
713 1634 880 1703 φύσιν
933 1633 1034 1702 τῆς
1062 1631 1483 1704 ἀνθρωπότητος
1516 1630 1766 1684 ἐπετέλει
1798 1631 1827 1683 ό
1867 1631 1979 1683 Κυ-

381 1729 584 1797 ριακεις
606 1726 898 1796 ἄνθρωπος
923 1723 1124 1777 ἐσθίων
1146 1724 1243 1776 καὶ
1278 1722 1474 1785 πίνων,
1506 1722 1600 1774 κα)⁸
1628 1722 1729 1774 ὅσα
1760 1720 1976 1791 φύσεως

2072 538 2371 591 cumﬂuum
2402 539 2560 609 aquis
2594 541 2769 608 putari
2798 551 2852 595 et
2882 540 3140 597 humanis
3169 544 3663 607 adinventionibus

2073 628 2127 681 in
2175 618 2388 699 piscina
2438 630 2649 686 coactis
2696 631 2859 702 aquis
2930 633 3196 703 irrigari:
3234 634 3371 691 illud
3425 654 3662 711 namque

2071 721 2352 775 coaleslem
2378 736 2712 787 sermonem,
2744 724 2847 778 hoc
2874 739 3005 779 vero
3032 726 3329 781 humanam
3350 730 3659 786 doctrinam

2073 811 2366 883 signiﬁcat.
2416 814 2625 869 Deinde
2657 814 2789 884 quia
2824 816 3049 883 malum,
3102 818 3503 875 circumdatam
3537 838 3666 876 cor-

2075 904 2182 956 tice
2224 903 2548 958 custodiens
2599 903 2789 960 odoris
2824 908 3175 972 suavitatem,
3213 909 3360 981 illam
3394 911 3531 968 foris
3561 913 3664 967 dif~

2074 993 2253 1047 fundit
2294 1012 2308 1049 :
2348 996 2429 1050 sic
2480 995 2647 1050 etiam
2698 997 2957 1053 divinitas
3017 1015 3253 1070 corpore
3322 1004 3661 1070 abdebatur,

2077 1085 2212 1142 l'oris
2248 1093 2428 1142 tamen
2461 1090 2627 1141 etiam
2663 1089 2720 1144 in
2757 1105 2925 1146 carne
2959 1102 3314 1162 apparentem
3347 1110 3503 1150 suam
3534 1113 3665 1167 pro-

2075 1177 2240 1233 debat
2270 1177 2665 1235 ell'lcacitatem.
2721 1179 2927 1236 Umbra
2988 1198 3152 1253 porro
3211 1186 3265 1240 in
3321 1204 3426 1258 qua
3472 1189 3665 1244 scdere.

2078 1266 2293 1339 Sponsa
2339 1271 2672 1327 desideravit
2707 1275 2853 1343 (cum
2884 1282 2940 1326 ut
2966 1274 3259 1343 plurimum
3289 1292 3352 1333 ex
3388 1278 3534 1336 foliis
3566 1298 3664 1349 μου

2079 1364 2190 1418 tius
2250 1378 2413 1433 quam
2475 1364 2696 1420 aliunde
2728 1364 2918 1420 umbra
2972 1364 3086 1420 ﬁeri
3126 1376 3291 1436 sinet,
3356 1372 3484 1425 dum
3535 1374 3661 1427 viri-

2076 1456 2329 1510 dantium
2367 1455 2539 1512 densa
2572 1457 2970 1528 conjunctione
3018 1458 3272 1514 foliorum
3313 1463 3548 1518 solarcm
3578 1479 3665 1517 ra-

2078 1547 2228 1600 dium
2261 1548 2443 1620 arcet)
2471 1590 2487 1611 ,
2518 1560 2649 1604 sum
2670 1564 2880 1620 ea-qua:
2914 1549 3231 1606 Dominicus
3265 1552 3428 1606 homo
3468 1570 3666 1610 secun-

2078 1635 2206 1688 dum
2261 1646 2510 1690 naturam
2560 1636 2859 1693 humanam
2911 1638 3248 1709 perﬁciebat,
3279 1641 3592 1697 comedens
3614 1653 3668 1698 ct

2083 1721 2277 1779 bibens
2315 1732 2369 1777 et
2425 1740 2766 1794 quaecunque
2817 1734 2979 1780 erant
3026 1740 3192 1796 opera
3244 1738 3499 1795 naturae,
3536 1730 3667 1799 q’nia

376 1817 453 1891 ἦν
478 1819 657 1891 ξργα·
699 1816 891 1886 ἐπειδὴ
940 1815 1081 1886 μετά
1133 1830 1279 1878 τινος
1336 1812 1606 1883 ὠφελείας
1655 1811 1830 1865 ἐποίει
1880 1811 1975 1865 καὶ

2079 1823 2201 1863 cum
2236 1810 2417 1880 aliqua
2454 1811 2693 1867 utilitate
2743 1813 2910 1866 etiam
2960 1813 3076 1868 haec
3120 1814 3311 1870 obibat
3353 1818 3572 1871 modum
3611 1818 3666 1872 in

378 1910 563 1963 ταῦτα
602 1909 821 1979 μέτρον,
922 1912 986 1967 οὐ
1057 1905 1157 1976 τῆς
1174 1903 1409 1975 ὀρέξεως
1433 1903 1493 1957 τὸ
1511 1903 1814 1974 ἄπληστον,
1838 1902 1980 1957 ἀλλά

378 2003 488 2072 τῆς
513 2001 706 2073 χρείας
739 1998 1030 2068 γινώσκων
1057 1996 1121 2051 τδ
1149 1994 1425 2066 αὔταρκες
1451 2011 1467 2028 ο
1507 1994 1721 2067 καρπὸς
1749 1994 1858 2065 γὰρ
1881 1992 1976 2048 τοῦ

380 2092 569 2161 μήλου
616 2092 673 2143 αί
700 2091 821 2144 κατ’
851 2087 1055 2160 ἀρετὴν
1090 2086 1344 2158 πράξεις,
1378 2084 1439 2151 ὃς
1465 2087 1560 2140 καὶ
1586 2087 1795 2156 γλυκὺς
1814 2086 1975 2154 γεγέ-

381 2200 548 2254 νηται
570 2183 629 2235 ὲν
654 2181 733 2250 τῷ
758 2179 996 2252 λάρυγγι
1028 2180 1200 2250 αὐτῆς
1221 2194 1236 2212 ο
1270 2179 1370 2250 τὴν
1421 2178 1524 2250 τῆς
1548 2179 1730 2249 ψυχῆς
1779 2177 1974 2250 αίσθη-

378 2292 475 2328 σιν
506 2274 786 2344 εὐφράνας
813 2275 877 2343 τῇ
909 2273 1121 2344 χρηστῇ
1155 2270 1410 2341 ποιότητι
1444 2272 1542 2337 τῆς
1569 2269 1837 2338 γεύσεωςο
1862 2269 1975 2341 ἔχει

379 2366 441 2419 δὲ
477 2367 615 2435 πρὸς
644 2368 712 2435 τῇ
734 2362 898 2434 ὴθικῇ
929 2362 1104 2434 ταύτῃ
1139 2360 1366 2433 θεωρία,
1400 2360 1497 2415 καὶ
1546 2359 1896 2433 δογματικὴν
1917 2361 1978 2413 τὺ

382 2459 581 2527 ῥητόν.
632 2457 696 2509 El
722 2455 830 2526 γὰρ
886 2454 1043 2507 σκιάν
1098 2453 1212 2524 ἔχει
1243 2455 1272 2506 ὁ
1312 2453 1474 2523 νόμος
1517 2450 1626 2505 τῶν
1676 2450 1976 2523 μελλόντων

381 2545 636 2613 ἀγαθῶν,
670 2547 765 2598 καὶ
793 2544 909 2596 ἐστι
930 2544 1052 2595 τινὰ
1082 2542 1192 2595 τῶν
1222 2541 1527 2612 μελλόντων
1547 2557 1562 2574 ⁸
1597 2541 1659 2595 τὸ
1707 2540 1765 2593 δὲ
1817 2539 1976 2611 σῶμα

386 2635 651 2706 Χριστοῦ,
675 2634 770 2704 ἀφ’
797 2629 856 2688 οὗ
883 2633 974 2686 καὶ
996 2635 1030 2704 ἡ
1065 2632 1195 2686 σκιᾶ
1220 2632 1655 2702 παρυφίσταται,
1684 2633 1742 2684 ὲν
1758 2634 1826 2703 τῇ
1847 2633 1976 2703 σκιᾷ

390 2729 484 2782 τοῦ
508 2730 702 2795 νόμου.
725 2725 925 2791 Καλῶς
947 2725 1200 2778 ἐκάθισεν
1221 2726 1256 2797 ἠ
1284 2724 1492 2795 Νύμφη
1511 2740 1525 2756 ο
1570 2726 1670 2777 ούκ
1694 2724 1859 2778 αὐτὸν
1882 2726 1976 2777 τὸν

390 2819 547 2889 νόμον
583 2817 820 2872 ποιοῦσα
847 2817 1174 2889 σωματικῶς
1200 2857 1215 2882 ,
1237 2817 1374 2871 ἀλλά
1394 2817 1462 2869 τὰ
1483 2815 1543 2881 ἐξ
1586 2816 1755 2870 αὐτοῦ
1778 2833 1977 2886 σημαι-

381 2911 621 2981 νόμενα·
654 2908 901 2979 ἀργοῦσιν.
931 2908 1030 2979 μὲν
1059 2908 1166 2962 τῶν
1188 2906 1441 2962 τυπικῶν
1464 2908 1971 2978 παραγγελμάτωνο

382 3000 589 3070 ἀργίαν
627 2999 737 3069 γὰρ
767 3000 801 3069 ἡ
835 2998 1055 3062 κάθισις
1080 2998 1359 3070 σημαίνει,
1391 2996 1485 3051 τοῦ
1517 2997 1736 3069 καρποῦ
1761 2997 1817 3050 δὲ
1840 2998 1976 3051 ἀπο-

382 3093 633 3147 λαύουσα
679 3092 955 3154 πλουσίως
1014 3093 1112 3145 καὶ
1157 3090 1335 3159 τούτῳ
1389 3091 1826 3171 ένευωχουμένη,
1881 3090 1977 3144 καὶ

2083 1899 2151 1955 iis
2175 1916 2285 1955 non
2317 1901 2637 1971 cupiditatis
2677 1902 3157 1963 itnmnderantiam
3192 1906 3287 1961 sed
3320 1910 3669 1964 necessitatis

2080 1991 2463 2048 sulﬁcientiam
2491 1996 2696 2050 sciens.
2718 1993 2958 2050 Fructus
2988 1996 3135 2050 enim
3170 1998 3296 2052 mali
3330 2010 3456 2054 sunt
3502 2017 3667 2069 opera

2078 2075 2343 2140 virtutum
2367 2086 2461 2156 qui
2492 2094 2548 2141 et
2574 2086 2754 2142 dulcis
2791 2087 2970 2144 factus
2996 2098 3079 2144 est
3112 2090 3168 2143 in
3201 2099 3423 2158 gutture
3456 2090 3665 2159 ipsius;

2078 2173 2283 2243 optima
2311 2175 2580 2245 qualitate
2602 2184 2798 2247 gustus
2828 2176 3113 2232 oblectaus
3138 2195 3151 2231 :
3179 2186 3376 2248 pneter
3402 2183 3665 2235 moralem

2080 2273 2262 2319 autem
2321 2265 2465 2321 hanc
2508 2268 3029 2338 contemplationem
3077 2269 3259 2323 etiam.
3290 2269 3664 2340 degmaticam

2079 2358 2387 2414 doctrinam
2426 2361 2514 2416 hic
2549 2370 2742 2417 textus
2773 2364 3063 2427 continet,
3103 2364 3376 2433 siquidem
3415 2367 3665 2423 umbram

2081 2452 2240 2507 habet
2286 2453 2371 2509 lex
2408 2453 2722 2510 futurorum
2777 2457 3050 2511 honorum
3086 2457 3151 2521 ",
3177 2469 3230 2512 et
3259 2468 3387 2513 sunt
3414 2458 3664 2529 quaedam

2079 2541 2272 2595 umbra
2325 2541 2673 2608 futurorum,
2724 2558 2928 2612 corpus
2978 2551 3104 2597 rc‘ro
3152 2543 3360 2599 Christi
3392 2561 3561 2615 aquo
3611 2555 3667 2602 ct

2080 2633 2274 2688 umbra
2302 2632 2518 2689 exsistit
2546 2634 2599 2687 in
2625 2635 2814 2688 umbra
2836 2636 2990 2706 legis.
3011 2634 3247 2690 Pulchre
3277 2638 3421 2693 sedit
3452 2636 3665 2707 Sponsa

2079 2739 2189 2778 non
2230 2724 2403 2793 ipsam
2452 2725 2621 2795 legem
2673 2725 2879 2780 faciens
2912 2727 3296 2796 corporaliter,
3332 2728 3425 2781 sed
3458 2743 3580 2797 quae
3612 2730 3667 2780 in

2077 2832 2139 2870 ea
2169 2815 2554 2886 signiﬁcantur
2576 2836 2591 2884 ;
2615 2832 2820 2871 vacans
2844 2816 3065 2886 quidem
3096 2819 3299 2889 typicis
3332 2819 3530 2874 edictis
3551 2824 3668 2886 (va-

2078 2909 2347 2964 cationem
2372 2907 2518 2962 enim
2539 2908 2714 2963 sessio
2741 2907 3039 2980 designat),
3072 2908 3169 2963 sed
3203 2908 3476 2964 fructibus
3503 2909 3665 2964 abun-

2077 3000 2275 3054 danter
2299 2998 2490 3054 I‘rueus
2520 2999 2710 3069 eisque
2739 3013 2799 3054 se
2822 3013 3106 3062 recreans,
3136 3006 3253 3052 tum
3284 2998 3515 3066 olfactu,
3548 3009 3665 3055 tum

2077 3102 2264 3163 gustu,
2303 3106 2429 3146 cum
2464 3090 2830 3147 delectatione
2863 3098 3028 3161 atque
3066 3090 3362 3159 fruitione;
3408 3095 3536 3162 quia
3559 3094 3666 3148 cibi

380 3186 681 3255 ὀσφρήσει,
729 3185 825 3239 καὶ
875 3183 1087 3253 γεύσει,
1142 3184 1237 3237 καὶ
1262 3182 1454 3256 τέρψει
1506 3168 1618 3237 καὶ·
1654 3181 1973 3236 ἀπολαύσει’

2080 3184 2299 3256 quidem
2347 3192 2564 3255 gustus,
2616 3183 3000 3240 delectationis
3033 3197 3184 3238 ‘vero
3234 3183 3664 3240 instrumentum

386 3279 586 3350 ἐπειδὴ
619 3279 831 3350 τροφῆς
857 3278 961 3349 μὲν
994 3279 1029 3349 ή
1061 3275 1252 3346 γεῦσις
1284 3276 1539 3348 ὖργανον,
1564 3275 1809 3347 τέρψεως
1831 3276 1864 3347 ἡ
1888 3274 1979 3328 ὅσ·

386 3387 618 3440 casam:-

473 3459 921 3531 Ὠριγένους.-
944 3460 1197 3532 Ἐπρεπε
1230 3461 1298 3531 τῇ
1322 3459 1550 3532 Νύμφῃ,
1584 3477 1640 3515 κ.
1670 3479 1722 3516 τ.
1758 3461 1809 3519 λ,
1842 3460 1977 3533 (28).

461 3554 758 3618 Φίλωνος.
790 3581 857 3593 —
891 3551 1102 3619 Ἤγουν
1156 3552 1289 3605 υἱῶν
1332 3551 1442 3605 τῶν
1474 3551 1744 3606 Ἰουδαίων
1791 3554 1979 3624 φησὶν,

386 3646 537 3701 κατά
560 3647 621 3700 τὸ
647 3647 837 3709 ιΥίοὺς
860 3645 1053 3716 ὲγέννη
1063 3661 1182 3709 ea,»
1208 3642 1303 3709 οὓς
1326 3642 1401 3708 ὡς
1421 3645 1709 3716 ἀκάρπους
1734 3646 1825 3698 καὶ
1849 3644 1981 3710 ξύλα

385 3738 606 3810 δρυμοῦ
666 3740 1132 3809 προσωνόμασενο
1169 3729 1244 3790 ὧν
1279 3737 1340 3789 ὲν
1385 3736 1540 3807 μέσῳ
1591 3736 1734 3789 κατά
1794 3736 1978 3806 σάρκα

386 3822 631 3901 Χριστὸς
658 3870 673 3894 ,
711 3816 805 3883 ἆτε
859 3825 1221 3899 μετασχηκὼς
1249 3828 1481 3898 αἵματος
1512 3828 1609 3880 καὶ
1639 3827 1866 3897 σαρκὸς,
1906 3821 1981 3881 ὧν

385 3924 448 3977 τὸ
466 3922 645 3994 μῆλον
667 3919 830 3974 είκὼν
857 3920 915 3973 ὲν
949 3919 1127 3987 ἑαυτῷ
1163 3917 1330 3989 φέρον
1350 3918 1411 3971 τὸ
1438 3916 1670 3987 ἐρυθρὸν
1712 3918 1806 3971 καὶ
1854 3916 1982 3969 λευ-

392 4016 509 4079 κδν,
545 4012 644 4067 καὶ
668 4012 764 4082 μὲν
795 4014 888 4065 καὶ
916 4010 1233 4075 εὖωδιάζον.

472 4215 930 4284 Ἀπολιναρίου.
959 4243 1029 4255 -
1070 4213 1205 4268 Τότε
1263 4212 1320 4266 δὲ
1365 4188 1581 4284 ἀληθῶς
1629 4176 1983 4283 γλυκαίνεται

385 4311 460 4365 τὰ
483 4312 589 4380 τῆς
614 4308 791 4380 ψυχῆς
824 4323 930 4377 μου
964 4305 1325 4377 αἰσθητήρια,
1354 4307 1485 4360 ὅταν
1517 4308 1665 4377 ἡμᾶς
1709 4309 1846 4379 apt;
1891 4309 1984 4361 τὸν

387 4406 458 4457 ὲκ
479 4403 596 4456 τῶν
617 4393 941 4474 πειρασμῶν
965 4399 1209 4471 φλογμὸν
1232 4400 1266 4470 ἡ
1297 4396 1394 4451 τοῦ
1422 4398 1595 4470 μήλου
1630 4400 1760 4453 σκιά
1781 4401 1986 4454 διατει-

2080 3286 2164 3333 est
2185 3277 2473 3332 odoratus.

2156 3459 2421 3532 Origem's.
2452 3491 2522 3502 —
2564 3461 2799 3517 Decebat
2828 3464 3125 3532 Sponsam,
3159 3469 3268 3517 etc.

2152 3552 2491 3607 Pliilonis.-—
2513 3550 2611 3608 Vel
2644 3568 2738 3623 per
2779 3554 2924 3610 ﬂlios
2951 3552 3173 3609 Judteos
3208 3553 3487 3624 intelligit,
3510 3552 3669 3624 juxta

2084 3644 2215 3699 illud
2253 3662 2267 3699 :
2312 3662 2329 3696 ι
2356 3644 2524 3701 Filios
2553 3646 2716 3713 genui
2750 3646 2837 3713 ’⁶;
2871 3662 2889 3696 ι
2926 3659 3067 3714 quos
3096 3644 3260 3700 etiam
3293 3628 3554 3714 tanquam
3588 3644 3672 3697 in-

2084 3735 2381 3808 frugil‘eros
2412 3739 2552 3809 ligna
2600 3738 2753 3793 silva:
2782 3737 3099 3809 appellavit,
3128 3752 3364 3808 quorum
3406 3737 3461 3792 in
3488 3737 3673 3792 medio

2083 3829 2387 3884 secundum
2424 3844 2648 3884 carnem
2682 3828 2959 3893 Christus,
2992 3839 3184 3899 utpote
3234 3828 3509 3900 particeps
3540 3843 3671 3883 san-

2085 3921 2267 3991 guinis
2300 3929 2354 3976 et
2383 3924 2589 3985 carnis,
2629 3936 2862 3991 quorum
2911 3921 3105 3990 imago
3140 3927 3227 3975 est
3277 3917 3481 3973 malum
3527 3919 3583 3974 in
3615 3935 3674 3973 se

2086 4013 2345 4067 ruborem
2381 4022 2435 4069 et
2466 4015 2763 4069 candorem
2803 4014 3005 4077 ferens,
3039 4025 3141 4067 nec
3172 4024 3282 4066 non
3323 4010 3515 4065 odoris
3547 4027 3675 4068 sua-

2087 4107 2332 4161 vitatem.

2156 4196 2501 4286 Apollinarii.
2547 4247 2615 4259 --
2649 4216 2805 4271 Tunc
2853 4222 3038 4270 autem
3085 4228 3216 4271 vero
3257 4212 3452 4269 dulces
3497 4214 3674 4270 reddit

2087 4308 2255 4362 animi
2319 4323 2556 4374 sensus,
2615 4308 2838 4383 quando
2893 4322 2995 4362 nos
3065 4312 3259 4361 contra
3317 4305 3674 4361 lentationutn

2086 4407 2280 4454 :estum
2304 4399 2548 4457 defendit
2567 4417 2636 4456 ne
2655 4417 2684 4453 a
2710 4400 2804 4456 tali
2826 4399 2942 4457 sole
2962 4399 3280 4455 aduramur.
3300 4395 3470 4450 Aliter
3492 4406 3674 4454 autem

388 4495 548 4566 χὶσῃ,
575 4493 650 4556 ὡς
673 4492 748 4565 μὴ
768 4490 872 4545 ὑπὸ
925 4490 1021 4544 τοῦ
1067 4487 1310 4544 τοιούτου
1362 4488 1515 4559 ἡλίου
1574 4490 1940 4558 συγκαίεσθαι
1964 4508 1975 4524 ·

2089 4504 2198 4544 non
2236 4505 2532 4560 possumus
2583 4492 2689 4547 sub
2717 4492 2913 4547 umbra
2968 4490 3101 4562 ligni
3157 4490 3284 4543 vitae
3331 4486 3669 4560 refrigerari,

385 4588 498 4641 οὐκ
545 4585 663 4639 ἐστι
684 4584 742 4638 δὲ
765 4582 945 4647 ἄλλως
972 4581 1049 4647 ὡς
1071 4581 1176 4635 ύπδ
1208 4581 1308 4652 τὴν
1338 4578 1500 4633 σκιὰν
1542 4580 1639 4633 τού
1672 4580 1836 4647 ξύλου
1881 4582 1983 4652 τῆς

387 4678 547 4747 ζωῆς
596 4673 870 4744 ἀναψύξαι
904 4689 918 4703 ⁸
951 4672 1027 4745 μὴ
1048 4673 1146 4742 τῆς
1176 4671 1482 4743 ἐπιθυμίας
1513 4673 1651 4743 πρὸς
1696 4673 1857 4727 τοῦτο
1883 4674 1983 4745 τὴν

385 4768 580 4840 ψυχὴν
594 4767 926 4837 ἀγαγούσης.

464 4880 535 4939 δ’.
560 4878 931 4950 Είσοτάγετέ
954 4896 1032 4950 με
1058 4881 1147 4946 είς
1173 4876 1344 4934 οἷκον
1370 4880 1475 4935 τοῦ
1506 4880 1697 4935 οἴνου.

480 4993 839 5064 Ὠριγένους.
867 5022 935 5034 -—
966 4991 1009 5047 Τ
1015 4991 1156 5047 αὕτα
1190 4994 1351 5062 πρὸς,
1382 5009 1439 5047 κ.
1462 5011 1511 5045 τ.
1545 4991 1599 5046 λ.
1635 4993 1768 5062 (‘29).

468 5085 828 5156 Γρηγορίου.
859 5114 933 5125 -
960 5083 1032 5137 Ἦ
1063 5082 1181 5147 πῶς
1229 5084 1418 5155 τρέχει
1442 5083 1533 5136 τὸν
1568 5081 1732 5137 καλὸν
1779 5082 1982 5153 δρόμον

388 5180 493 5233 καὶ
556 5175 699 5231 θεῖον
724 5179 759 5249 ἡ
784 5176 966 5240 καλῶς
992 5178 1059 5247 τῇ
1092 5175 1249 5246 ἵππῳ
1294 5176 1732 5247 παρεικασθείσα
1794 5174 1979 5245 ψυχή;

2093 4582 2199 4638 nisi
2233 4582 2567 4639 desiderium
2591 4597 2660 4639 eo
2685 4583 2931 4639 animum
2963 4581 3275 4638 adduxerit.

2167 4884 2333 4941 Vens.
2364 4885 2420 4941 4.
2452 4883 2786 4940 Introducite
2817 4899 2899 4939 me
2926 4884 2981 4937 in
3013 4883 3228 4937 domum
3255 4885 3383 4939 vini.

2164 4994 2429 5067 Origenis.
2466 5026 2536 5036 —-
2569 4994 2692 5051 Haec
2727 4993 2817 5057 ad,
2852 5004 2959 5049 etc.

2165 5086 2790 5159 Gregorii.0quomodo
2827 5087 2895 5141 ad
2933 5087 3181 5142 divinum
3222 5104 3446 5145 cursum
3481 5105 3677 5163 prope-

2092 5186 2174 5231 rat
2199 5178 2379 5230 anima
2404 5192 2527 5246 qua:
2552 5185 2699 5231 recte
2717 5177 2871 5247 prius
2892 5192 3045 5249 equa:
3066 5179 3371 5234 assimilata
3392 5179 3518 5235 est?
3539 5180 3672 5234 Nam

389 5271 513 5332 τοῖς
547 5269 656 5341 γὰρ
683 5267 997 5340 ἔμπροσθεν
1025 5268 1482 5338 ὲπεκτεινομὲνη,
1505 5267 1605 5320 οὐκ
1634 5267 1975 5338 ἀρκεῖταιτῷ

2092 5270 2158 5323 ad
2190 5271 2471 5324 anteriora
2499 5285 2559 5325 se
2585 5271 2887 5326 extendens
2916 5287 3025 5327 non
3059 5282 3144 5327 est
3172 5281 3427 5328 contenta
3461 5285 3676 5327 cratem

389 5362 496 5431 τῆς
535 5358 732 5429 σοφίας
765 5358 1040 5432 κρατῆρι·
1073 5359 1192 5413 ἀλλ’
1218 5360 1298 5422 είς
1326 5359 1501 5426 αὐτὴν
1529 5359 1651 5429 τὴν
1681 5358 1842 5428 ληνόν
1884 5360 1975 5414 τοῦ

2091 5361 2393 5433 sapientia},
2434 5361 2531 5416 sed
2575 5363 2632 5418 in
2687 5364 2923 5432 ipsomet
2982 5366 3250 5421 torculari
3286 5365 3400 5421 vini
3452 5364 3669 5436 mysuci

835 5484 855 5505 ο

471 5523 519 5553 ³⁸
561 5521 739 5578 Eccle.
765 5539 825 5589 ll,
849 5523 901 5576 6.
976 5523 1024 5555 "
1048 5521 1193 5591 Psal.
1224 5521 1330 5587 t,3.
1404 5521 1449 5552 "
1470 5509 1576 5575 lsa.
1607 5537 1645 5586 ι,
1678 5521 1735 5576 9.

746 5614 749 5619 ’
1931 5636 2166 5693 NOTAE.

472 5765 587 5831 εὶς,
616 5722 823 5816 ῥαιὲυι.
862 5769 901 5814 ί.
936 5758 1101 5817 XVII.
1126 5763 1228 5815 col.
1253 5760 1384 5815 ‘23}.
1612 5736 1619 5741 Ι

2162 5754 2272 5826 (ἓθ)
2312 5754 2513 5810 nan-al.
2542 5764 2578 5810 ι.
2622 5754 2789 5829 xvn,
2824 5759 2932 5815 col.
2965 5758 3093 5818 εει.
