4060 6402
468 243 605 311 1583

1763 254 2112 318 PROCOPII
2142 253 2385 315 GAZ/El

3584 263 3712 328 1584

461 358 667 413 versari
697 357 995 426 desiderat,
1017 369 1074 417 et
1104 361 1160 418 in
1191 361 1299 418 vite
1329 361 1438 432 illaf
1465 377 1586 435 qua:
1635 363 1799 419 talem
1835 365 2032 420 botrun

2159 363 2429 433 μυστικοῦ
2482 365 2623 417 οἴνου
2677 363 2931 432 γενέσθαι
2981 365 3176 418 ποθετο
3219 366 3311 419 καὶ
3350 367 3447 440 τὴν
3483 371 3715 441 ἄμπελον

463 449 584 504 alit.

530 539 725 596 Merito
769 538 980 608 expetit
1011 535 1224 608 Sponsa
1265 538 1526 610 deinceps
1557 541 1834 598 introduci
1867 541 1920 597 in
1948 543 2049 598 do-

2151 455 2370 527 έκείνην
2391 456 2492 526 τὴν
2515 454 2755 510 τοιοῦτον
2785 454 2980 526 βότρυν
3005 456 3371 528 ἐκτρέφουσα.

2219 548 2461 601 Νείλου.
2478 577 2548 588 -
2576 549 2688 619 (50)
2713 549 2952 611 Εἰκότως
2986 551 3260 620 ἀπαιτεῖή
3287 551 3490 623 Νύμφη
3513 555 3710 626 λοιπὸν,

460 649 611 687 mum
661 631 773 685 vini
808 649 822 684 :
853 645 977 685 cum
1011 631 1156 685 enim
1193 631 1246 684 in
1283 646 1445 686 cruce
1479 633 1642 688 botro
1672 649 1950 703 suspenso
1991 645 2032 688 el

2147 638 2208 690 τὸ
2239 639 2559 709 εἰσαχθῆναι
2610 641 2692 703 είς
2718 640 2808 693 τὸν
2841 637 2992 694 οἷκον
3032 641 3126 694 τοῦ
3156 642 3326 696 οἴνου.
3364 645 3578 719 Ἐπειδὴ
3608 651 3707 722 γὰρ

461 725 530 780 ab
606 723 866 778 omnibus
921 723 1206 776 exinanito
1264 722 1444 791 (quod
1485 725 1668 780 adhuc
1731 725 2045 796 vernaret),

459 831 570 870 non
591 815 846 870 omnibus
870 825 1154 883 appareret
1175 813 1286 866 vini
1319 830 1478 881 usus;
1504 816 1617 870 haec
1649 819 1762 870 sola
1789 830 1912 887 pOSt
1937 833 2049 870 ma-

2147 733 2206 784 ὲν
2243 729 2320 800 τῷ
2349 729 2568 800 σταυρῷ
2604 731 2696 783 τὸν
2752 731 2948 802 βότρυν
2999 733 3373 803 κρεμάμενον,
3422 738 3513 789 καὶ
3568 743 3710 812 παρά

2149 821 2364 875 πάντων
2413 821 2830 892 ἐξουθενηθέντα
2882 823 2970 877 διὰ
3017 825 3078 878 τὸ
3125 825 3204 877 έτι
3256 827 3605 898 κυπρίξοντα,
3637 835 3709 903 μὴ

459 908 833 964 nifestandum
895 917 1024 961 ante
1073 908 1306 961 credidit
1349 908 1584 963 llrmiter
1633 911 1820 963 animo
1876 911 2032 964 istius

2147 913 2312 964 πᾶσιν
2343 914 2648 981 ἐπιφαίνειν
2675 914 2773 983 τὴν
2797 914 2892 966 τοῦ
2923 917 3065 968 οἴνου
3098 915 3296 988 χρῆσιν
3325 918 3456 989 μόνη
3480 919 3537 972 τὸ
3559 920 3708 974 ὓστε-

460 999 638 1067 modi;
672 999 995 1069 praecipiens
1028 999 1438 1067 cogitationem,
1472 1001 1628 1070 quasi
1667 1010 1797 1056 ante
1831 1013 2043 1070 tempus

456 1093 568 1146 vini
597 1131 612 1156 ,
645 1093 834 1146 vinum
864 1091 917 1144 in
959 1099 1226 1144 ventante
1261 1107 1366 1145 uva
1398 1094 1823 1162 contemplatith
1848 1132 1862 1156 ,
1902 1104 1956 1146 et
1987 1093 2040 1145 in

455 1199 623 1240 cruce
675 1182 917 1238 versanti
949 1184 1330 1238 testimonium
1361 1185 1595 1254 desuper
1627 1185 1935 1238 adhibendo
1958 1183 2040 1238 di-

456 1276 724 1340 vinitatis,
750 1283 806 1329 et
827 1274 954 1329 dum
980 1275 1358 1336 tribularetur,
1387 1275 1624 1329 futuram
1648 1277 1768 1347 ejus
1797 1277 1852 1332 in
1874 1290 2040 1332 cruce

453 1367 744 1438 pendentis
762 1379 880 1419 uvae
895 1364 1372 1434 praedicationem,
1399 1369 1556 1436 quasi
1581 1366 1694 1436 jam
1725 1367 2039 1438 promulga-

452 1468 563 1512 tam
593 1457 826 1512 llrmiter
852 1466 1065 1521 tenens,
1093 1457 1341 1525 illudque
1375 1458 1477 1527 ipsi
1509 1467 1638 1514 ante
1660 1475 1843 1513 rerum
1872 1474 2036 1514 even-

451 1555 569 1602 tum
599 1589 614 1614 ,
645 1547 795 1619 quod
831 1549 955 1603 aliis
984 1557 1115 1619 post
1148 1555 1405 1602 eventum
1439 1550 1748 1606 accidebat.
1787 1551 1903 1606 Hoc
1935 1552 2035 1622 igi-

451 1651 541 1694 tur
568 1639 831 1694 eximium
866 1638 1026 1695 istius
1058 1639 1204 1693 modi
1241 1639 1439 1708 judicii
1474 1641 1759 1709 prazmium
1792 1643 2032 1711 postulat

455 1719 768 1785 iu'domum
821 1730 932 1785 vini
984 1731 1296 1801 ingressum
1330 1749 1343 1784 :
1375 1732 1422 1786 si
1472 1743 1656 1788 autem
1707 1735 1894 1789 vinum
1948 1745 2034 1791 est

453 1819 692 1874 Verbum
755 1821 938 1889 utique
979 1819 1178 1874 donius
1211 1821 1324 1874 vini
1348 1819 1510 1876 Pater
1537 1823 1628 1886 sit,
1657 1823 1710 1877 in
1744 1824 1864 1894 ipso
1889 1825 2035 1879 enim

452 1911 726 1980 reperitur
750 1909 1007 1965 Verbum.
1035 1910 1330 1981 Postquam
1357 1928 1489 1982 ergo
1515 1915 1567 1967 in
1600 1913 1696 1967 tali
1727 1914 1890 1968 domo
1913 1930 2034 1969 ver-

449 2005 694 2064 sabatur,
741 2010 890 2056 recte
918 2001 1080 2055 etiam
1113 2003 1363 2057 ordinari
1411 2005 1464 2057 in
1495 2019 1554 2058 se
1579 2006 1818 2075 postulat
1851 2005 2034 2059 chari-

449 2103 652 2160 tatcm,
702 2103 760 2146 ut
801 2109 924 2163 quae
963 2109 1058 2162 per
1096 2095 1258 2149 talem
1284 2095 1624 2162 instantiam,
1661 2097 1772 2165 jam
1826 2097 2031 2165 pridem

445 2190 684 2245 evaserit
717 2187 881 2260 iligna
926 2188 1240 2250 dilectione,
1275 2203 1384 2258 qua
1424 2188 1667 2244 Charitas
1702 2190 1756 2242 in
1798 2189 1913 2258 ipsa
1946 2203 2035 2240 or-

445 2281 754 2346 dinaretur,
777 2297 884 2335 non
912 2281 1147 2351 amplius
1173 2289 1231 2335 ut
1259 2281 1463 2336 accidit
1488 2281 1636 2335 illam
1667 2281 2032 2349 diligentium,

446 2372 548 2426 sed
582 2381 640 2427 ut
675 2375 746 2428 sit
774 2374 918 2427 inter
944 2373 1231 2427 ordinatos
1258 2380 1313 2427 et
1339 2372 1563 2439 electos,
1583 2387 1647 2426 ex
1674 2371 1860 2426 debito
1878 2371 2032 2425 deiu-

443 2481 572 2534 ceps
619 2465 953 2520 dilectarum
1010 2478 1244 2519 numero
1296 2463 1575 2519 exsistens
1624 2473 1678 2518 et
1717 2465 1897 2518 locum
1933 2463 2032 2516 ob-

453 2558 654 2611 tinens.

510 2745 849 2814 Apotliuarii.
883 2773 953 2785 —
1008 2743 1184 2799 Etiam
1214 2744 1403 2799 vinutn
1455 2745 1524 2799 ad
1567 2744 1808 2798 laetitiam
1847 2744 2030 2798 cordis

441 2834 590 2902 iuxta
663 2831 1009 2887 Psalmistam
1048 2831 1275 2896 dicitur,
1334 2839 1390 2886 et
1430 2832 1617 2886 vinum
1658 2831 1794 2886 bene
1852 2833 2026 2892 olens.

441 2929 593 2997 iuxta
628 2925 974 2980 Zachariam.
1320 2911 1348 2934 ⁸

507 3016 776 3086 Congruit
833 3030 1014 3072 autem
1089 3024 1371 3070 extranea:
1439 3015 1667 3088 Sponsae
1715 3017 1896 3072 illud:
1931 3015 2098 3089 ἵης-ρ

349 3096 352 3098 ⁷
439 3111 702 3164 traducite
746 3125 826 3163 me
857 3110 912 3162 in
954 3108 1172 3183 domum
1211 3110 1342 3174 viui,
1378 3110 1650 3182 siquidem
1712 3112 1865 3181 prius
1915 3127 2021 3166 non

437 3213 557 3258 erat
618 3203 672 3255 in
734 3203 896 3255 vinea
932 3218 946 3254 :
982 3217 1108 3255 nam
1161 3211 1286 3272 post
1330 3216 1426 3257 eos
1465 3203 1558 3272 qui
1598 3202 1746 3257 circa
1808 3204 2023 3258 tertium

437 3302 490 3345 et
535 3301 749 3346 sextam
803 3298 858 3345 et
901 3306 1100 3345 nonam
1150 3291 1341 3344 horam
1381 3293 1554 3346 vocati
1600 3302 1749 3354 sunt,
1783 3291 1886 3347 sul)
1922 3307 2023 3346 nu-

436 3384 705 3439 decimam
732 3383 845 3437 haec
885 3390 1134 3446 vocatur,
1164 3389 1456 3451 postquam
1487 3382 1801 3437 audiverat:
1835 3401 1853 3434 ι
1883 3383 2022 3449 Quid

439 3465 737 3527 liic'statis
784 3479 899 3524 tota
955 3469 1044 3524 die
1097 3469 1398 3538 otiosi?,lte
1433 3479 1489 3524 et
1541 3486 1640 3526 vos
1705 3472 1759 3525 in
1807 3471 2020 3525 vineam

437 3579 614 3617 meam
644 3563 711 3616 ⁸⁷.
751 3581 769 3614 ι
805 3562 994 3617 Otiosa
1047 3577 1287 3632 namque
1335 3573 1455 3618 erat
1493 3563 1622 3633 quia
1663 3563 1766 3618 sibi
1803 3565 2022 3634 propria

439 3670 547 3708 non
595 3655 947 3722 operabatur,
997 3653 1092 3709 sed
1122 3669 1247 3708 cum
1297 3653 1506 3708 alienas
1537 3654 1730 3708 vineas
1774 3654 2021 3708 custodi-

440 3755 542 3807 ret,
572 3745 737 3797 etiam
782 3743 1024 3813 primum
1059 3743 1265 3813 accipit
1292 3744 1575 3812 praemium
1607 3743 2021 3807 charitatis,si-

382 3872 384 3874 -
434 3851 604 3908 suum
665 3838 897 3905 regium,
931 3833 1134 3889 donum
1197 3835 1484 3904 spiritale:
1519 3833 1665 3888 unde
1713 3842 1768 3888 et
1797 3833 2017 3900 Aquila,

437 3926 720 3983 Ordinavit
758 3925 811 3977 in
853 3939 932 3976 me
961 3923 1295 3989 charitatem,
1329 3922 1744 3978 ait.Cbaritatis
1765 3923 1912 3978 enim
1934 3931 2022 3978 est

435 4021 570 4077 illud
607 4036 622 4075 :
668 4037 687 4070 ι
721 4017 996 4073 Vololtuic
1025 4019 1326 4074 novissimo
1354 4019 1486 4073 dare
1519 4019 1664 4072 sicut
1686 4025 1740 4072 et
1770 4017 1870 4072 tibi
1895 4018 1959 4071 ³⁸.
1997 4037 2016 4068 ι

507 4112 769 4168 Urdinate
797 4111 855 4163 in
887 4125 966 4161 me
987 4109 1329 4162 charitatem.

507 4202 844 4274 Gregorii.—
865 4199 925 4254 lu
961 4199 1276 4254 desideran
1300 4199 1411 4270 jam
1443 4199 1733 4262 exsistens,
1755 4197 1823 4253 ad
1849 4198 2025 4267 majus

435 4297 632 4348 iterum
649 4290 924 4354 exsilit,et
941 4287 1016 4344 ait
1038 4288 1201 4344 :Cum
1225 4288 1338 4358 jam
1359 4289 1464 4345 sim
1486 4289 1540 4342 in
1557 4288 1720 4345 domo
1739 4290 1869 4352 viui,
1895 4289 2025 4344 sub—

2145 1019 2240 1074 ρον
2271 1003 2799 1075 ἀποδειχθησόμενον
2839 1007 3270 1075 προεπίστευσεν
3295 1009 3351 1060 ὲν
3371 1009 3448 1079 τῷ
3477 1008 3710 1084 λογισμῷ

2142 1097 2241 1166 τὴν
2275 1098 2532 1167 τοιαύτην
2564 1099 3047 1169 προκαθιδρύσασα
3081 1099 3294 1178 εὔνοιαν
3315 1117 3331 1133 ο
3366 1101 3442 1164 ὡς
3473 1105 3576 1174 πρὸ
3597 1123 3710 1158 και-

2145 1187 2238 1259 ροῢ
2284 1189 2380 1242 τοῦ
2434 1190 2577 1241 οἴνου
2621 1192 2678 1242 ἐν
2709 1193 2774 1261 τῇ
2811 1187 3158 1263 κυπριζούσῃ
3216 1191 3457 1263 σταφυλῇ
3489 1193 3709 1265 θεωρεῖν

2140 1281 2200 1333 ἐν
2233 1281 2312 1352 τῷ
2364 1281 2584 1352 σταυρῷ
2641 1283 2753 1336 ὄντι
2799 1282 2934 1348 ἄνω,
2996 1283 3227 1352 θεότητα
3253 1291 3704 1356 προσμαρτυρεῖν,

2139 1371 2234 1426 καὶ
2267 1373 2330 1425 τὸ
2356 1373 2706 1426 ἐκθλίϐεσθαι
2757 1373 2953 1444 μέλλον
3011 1374 3110 1444 τῆς
3141 1375 3200 1427 ὲν
3233 1373 3311 1445 τῷ
3339 1375 3554 1446 σταυρῷ
3589 1396 3706 1430 στα-

2136 1465 2311 1535 φυλῆς
2337 1467 2617 1537 κήρυγμα,
2649 1466 2726 1528 ὡς
2751 1466 2852 1537 ήδη
2905 1465 3237 1536 λαλούμενον
3302 1465 3534 1536 βεϐαίως
3577 1485 3707 1522 κατ-

2135 1555 2338 1626 έχουσα
2361 1573 2375 1587 ο
2404 1558 2629 1611 κάκεῖνο
2675 1556 2929 1612 παθοῦσα
2977 1557 3086 1628 πρὸ
3113 1561 3213 1628 τῆς
3234 1556 3345 1619 τῶν
3368 1560 3704 1628 πραγμάτων
3745 1618 3748 1622 _

2136 1648 2435 1714 ἐκϐάσεως,
2469 1649 2604 1718 ὅπερ
2627 1651 2674 1701 ot
2706 1647 2892 1701 πολλοὶ
2922 1650 3062 1717 μετὰ
3085 1650 3186 1720 τὴν
3215 1648 3444 1702 ἔκϐασιν
3490 1649 3703 1704 ἔπαθον⁸

2137 1741 2273 1810 ὅπερ
2299 1741 2467 1810 γέρας
2527 1738 2810 1810 ἐξαίρετον
2861 1739 2961 1807 τῆς
2992 1739 3249 1808 τοιαύτης
3282 1740 3538 1808 κρίσεως,
3571 1741 3704 1793 αἰτεῖ

2134 1832 2236 1901 τὴν
2273 1833 2331 1884 ἐν
2360 1831 2438 1902 τῷ
2459 1831 2592 1902 οἴκῳ
2620 1831 2714 1884 τοῦ
2741 1831 2888 1883 οἴνου
2917 1830 3129 1884 εἴσοδον
3150 1849 3164 1862 ο
3199 1833 3248 1883 εί
3282 1831 3338 1884 δὲ
3380 1827 3523 1895 οἶνός
3562 1834 3705 1886 ἐστιν

2133 1924 2161 1976 ὁ
2191 1921 2369 1990 λόγος,
2423 1919 2571 1985 οἶκος
2595 1921 2690 1974 τοῦ
2749 1922 2895 1975 οἴνου
2939 1925 3026 1992 εἴη
3059 1921 3125 1974 ἂν
3155 1925 3182 1975 ό
3213 1923 3430 1992 ιΙατήρ’
3457 1924 3514 1974 ὲν
3536 1924 3707 1994 τούτῳ

2132 2014 2239 2084 γὰρ
2264 2014 2578 2085 εὑρίσκεται
2612 2017 2640 2066 ὁ
2683 2014 2890 2082 Λόγος,
2921 2015 3060 2082 μετά
3098 2015 3154 2067 δὲ
3188 2015 3250 2066 τὸ
3274 2014 3527 2082 γενέσθαι
3549 2018 3604 2067 ὲν
3627 2016 3702 2086 τῷ

2133 2101 2360 2172 τοιούτῳ
2380 2102 2513 2173 οἴκῳ
2547 2102 2744 2167 καλῶς,
2779 2102 2876 2156 καὶ
2917 2104 3155 2173 ταγῆναι
3204 2105 3301 2175 τὴν
3371 2105 3589 2175 ἀγάπην
3620 2108 3703 2158 ἐπ’

2134 2193 2272 2262 αὐτῇ
2304 2191 2575 2261 βούλεται,
2628 2192 2785 2257 ἀξίαν
2828 2190 3049 2263 ἀγάπης
3076 2192 3177 2262 ήδη
3206 2191 3293 2245 διὰ
3319 2193 3420 2263 τὴν
3455 2192 3703 2264 τοιαύτην

2133 2285 2383 2338 ἔνστασιν
2415 2285 2794 2356 γεγενημένην
2820 2301 2833 2315 ’
2866 2284 3010 2338 ὥστε
3059 2284 3301 2354 ταγῆναι
3334 2287 3420 2338 ἐπ’
3449 2286 3584 2354 αὐτῇ
3609 2286 3702 2354 τὴν

2131 2377 2373 2445 ἀγάπην,
2441 2376 2638 2451 μηκέτι
2662 2376 2738 2438 ὡς
2774 2376 2964 2445 ἔτυχεν
2997 2376 3166 2446 αὐτὴν
3193 2375 3558 2444 ἀγαπώντων,
3589 2377 3703 2430 ἀλλ’

2131 2469 2327 2530 ἐντοῖς
2375 2469 2732 2536 τεταγμένοις
2782 2469 2876 2522 καὶ
2941 2467 3273 2538 ὡρισμένοις
3326 2468 3438 2522 τῶν
3493 2469 3551 2533 ἐξ
3605 2470 3700 2537 όφ-

2131 2560 2282 2630 ειλῆς
2345 2559 2531 2613 λοιπὸν
2589 2559 2972 2636 ἀγαπωμένων
3030 2559 3198 2614 οὖσαν
3229 2601 3244 2626 ,
3303 2560 3560 2631 ἀριθμεῖν
3612 2562 3699 2614 καῖ

2131 2654 2217 2724 ἔχε
2228 2670 2293 2708 ιν.
2771 2718 2779 2724 ,

2215 2742 2654 2810 Ἀπολιναρίου.
2673 2771 2731 2782 -
2758 2742 2870 2795 Καὶ
2903 2737 3046 2805 οἶνος
3073 2745 3150 2807 είς
3177 2742 3528 2814 ,εὐφροσύνην
3565 2763 3698 2818 καρ-

2129 2835 2248 2899 δίας
2275 2835 2417 2888 κατά
2445 2836 2538 2888 τὸν
2567 2834 2861 2905 ψαλμῳδὸν
2883 2835 3102 2902 λέγεται
3127 2852 3139 2867 ·
3177 2835 3273 2888 καὶ
3305 2825 3454 2901 οῐνος
3485 2838 3701 2893 εύωδιά-

2133 2925 2239 2988 ζων
2263 2923 2406 2977 κατὰ
2439 2924 2528 2976 τὸν
2559 2924 2860 2994 Ζαχαρίαν.
3537 2958 3542 2962 -

2207 3015 2450 3084 Ἠρμοζε
2496 3015 2553 3067 δὲ
2597 3019 2662 3084 τῇ
2705 3013 2934 3085 ὲπήλυδι
2979 3013 3167 3085 νύμφῃ
3198 3015 3286 3079 τὸ,
3337 3015 3702 3087 Εἰσαγάτετέ

2127 3123 2203 3174 με
2231 3108 2316 3170 εἰς
2349 3102 2517 3158 οἷκον
2561 3105 2670 3158 τοῦ
2728 3105 2934 3159 οἴνου·
2972 3105 3032 3156 οὐ
3061 3105 3170 3174 γάρ
3215 3100 3283 3176 ἦν
3335 3106 3398 3158 τὸ
3443 3109 3700 3179 πρότερον

2131 3198 2262 3252 εἵσω
2282 3198 2376 3251 τοῦ
2404 3197 2724 3268 ἀμπελῶνος
2751 3214 2761 3227 ·
2803 3197 2941 3266 μετά
2966 3198 3073 3270 γάρ
3107 3199 3205 3260 τὰς
3235 3200 3364 3268 περλ¹
3389 3200 3584 3270 τρίτην
3614 3201 3704 3252 καὶ

2130 3291 2295 3360 ἕκτην
2347 3292 2442 3344 καὶ
2476 3289 2706 3358 ὲννάτην
2761 3287 3083 3356 κληθέντας,
3145 3289 3249 3342 ὑπὸ
3283 3290 3384 3361 τὴν
3417 3291 3702 3358 ἑνδεκάτην

2130 3382 2269 3452 αὕτη
2299 3381 2580 3435 καλεῖται’
2605 3380 2915 3444 ἀκούσασα,
2955 3400 2973 3432 ι
3003 3381 3067 3432 Τί
3103 3374 3204 3434 ὧδε
3258 3381 3532 3452 ἑστήκατε
3578 3380 3703 3450 ὃλην

2128 3477 2226 3544 τὴν
2248 3475 2462 3546 ἡμέραν
2488 3473 2645 3544 ἀργοί
2675 3489 2689 3538 ;
2783 3471 3089 3541 Πορεύεσθε
3116 3473 3198 3536 είς
3255 3472 3348 3526 τὸν
3377 3474 3727 3544 ἀμπελῶναί

2129 3568 2288 3636 ῆργει
2351 3567 2482 3636 γὰρ,
2514 3567 2598 3618 ὃτι
2626 3564 2701 3635 μὴ
2731 3563 2801 3617 τά
2841 3565 3019 3617 οἰκεῖα
3086 3564 3395 3631 εἰργάζετο,
3423 3565 3704 3636 ἀλλοτρίας

2130 3652 2408 3724 ἀμπέλους
2461 3653 2842 3722 φυλάττουσα·
2885 3653 2983 3705 καὶ⁵
3031 3651 3302 3722 λαμϐάνει
3351 3653 3570 3723 πρῶτον
3610 3654 3705 3721 τὴν

2129 3748 2190 3812 ἐξ
2214 3748 2436 3818 ἀγάπης
2489 3746 2682 3816 τιμὴν,
2717 3745 2809 3798 τὸν
2835 3743 3168 3816 χαρακτῆρα
3204 3746 3296 3797 τὸν
3320 3727 3622 3814 βασιλικὸν,
3647 3745 3705 3797 τὸ

2127 3839 2300 3910 δῶρον
2327 3839 2388 3892 τὸ
2448 3835 2820 3912 πνευματικόν
2851 3851 2863 3864 ·
2899 3835 2978 3888 διδ
3026 3836 3120 3889 καὶ
3159 3835 3419 3901 Ἀκύλας,
3456 3836 3705 3900 Ἔταξεν

2127 3930 2222 3984 ἐπ’
2250 3928 2355 3999 ἐμὲ
2376 3928 2639 3997 ἀγάπην,
2695 3926 2862 3996 φησίν
2882 3943 2896 3958 ο
2940 3926 3160 3994 ἀγάπης
3208 3925 3338 3998 γάρ,
3371 3927 3437 3982 τὸ
3456 3969 3471 3994 ,
3515 3947 3532 3980 ι
3556 3927 3704 3980 (θέλω

2127 4017 2303 4087 τούτῳ
2326 4016 2404 4086 τῷ
2433 4016 2646 4086 ἐσχάτῳ
2674 4013 2857 4067 δοῦναι
2885 4015 2960 4077 ὡς
2993 4014 3087 4066 καὶ
3115 4014 3218 4068 σοί.
3253 4034 3272 4067 ι

2205 4110 2426 4174 Τάξατε
2447 4108 2537 4160 ἐπ’
2569 4106 2675 4176 ἐμὲ
2701 4104 2963 4175 ἀγάπην.

2201 4201 2554 4270 Γρηγοριου.
2582 4229 2653 4242 -
2688 4195 2870 4260 Ἐντὸς
2905 4194 3000 4249 τοῦ
3035 4195 3384 4265 ποθουμένου
3410 4197 3701 4268 γενομένη,

2133 4293 2224 4346 ἐπὶ
2252 4291 2312 4345 τὸ
2349 4291 2530 4362 μεῖζον
2555 4289 2719 4342 πάλιν
2749 4286 3051 4352 ἐξάλλεται,
3079 4287 3174 4339 καὶ
3205 4289 3393 4358 φησίν·
3445 4289 3702 4358 Ἐπείπερ

429 4386 588 4463 jicite
608 4398 693 4438 me
713 4381 993 4448 clmritati,
1009 4395 1130 4450 quae
1153 4390 1238 4436 est
1259 4396 1439 4448 secus,
1460 4383 1573 4437 sive
1602 4382 1848 4437 ordinate
1873 4382 1927 4434 in
1944 4395 2032 4434 me

2135 4383 2339 4451 γέγονα
2362 4383 2418 4435 ὲν
2451 4379 2529 4451 τῷ
2559 4380 2693 4449 οἴκῳ
2722 4379 2816 4432 τοῦ
2846 4379 3012 4438 οἴνου.
3050 4377 3356 4442 ύποτάξατέ
3389 4397 3457 4450 με
3481 4384 3545 4452 τῇ
3575 4381 3703 4448 ἀγάο

436 4475 781 4531 cliaritatem.
810 4472 1312 4542 Quomodocunque
1325 4473 1468 4528 enim
1489 4475 1660 4528 utaris
1677 4474 1824 4528 verbi
1849 4473 2028 4528 iuver-

2134 4490 2233 4547 πῃ,
2268 4475 2302 4544 ἦ
2341 4475 2424 4536 τίς
2455 4474 2602 4524 ἐστιν
2637 4474 2665 4524 ὁ
2695 4470 2848 4534 Θεός·
2885 4471 2918 4542 ἢ
2954 4469 3150 4534 τάξατε
3178 4471 3272 4523 ἐπὶ
3304 4471 3405 4537 ἐμὲ
3435 4472 3533 4542 τὴν
3567 4471 3700 4538 ἀγά-

433 4563 751 4626 siono.idem
769 4571 853 4617 est
869 4563 1014 4632 quod
1042 4577 1136 4631 per
1151 4570 1442 4632 utrumth
1457 4562 1936 4633 signiﬁcatur,sive
1957 4581 2021 4620 ετ

2133 4582 2241 4634 πην
2271 4581 2283 4593 ·
2320 4563 2516 4616 ταυτὸν
2537 4563 2645 4634 γάρ
2682 4561 2872 4615 ὲστιτδ
2900 4560 3304 4632 σημαινόμενον
3327 4561 3395 4613 δι’
3416 4561 3700 4631 ἑκατέρου,

433 4676 500 4712 eo
522 4655 666 4726 quod
703 4655 817 4724 ipsa
854 4652 1114 4707 charitati
1135 4653 1489 4723 subjiciatur,
1504 4656 1617 4709 sive
1637 4671 1701 4709 ex
1720 4669 1785 4710 eo
1801 4656 1943 4724 quod
1967 4657 2021 4711 in

2132 4659 2277 4720 ’ὁπως
2312 4656 2378 4710 ἂν
2409 4656 2587 4726 χρήσῃ
2613 4641 3024 4726 τῇάναστροφῇ
3080 4652 3170 4706 τοῦ
3217 4653 3402 4722 λόγου,
3428 4654 3493 4707 ἔκ
3522 4671 3580 4705 τε
3610 4651 3701 4706 τοῦ

435 4749 553 4816 ipsa
581 4745 823 4800 cliaritas
869 4744 1176 4798 ordinetur.
1212 4743 1302 4798 Vel
1325 4745 1553 4800 forsitan
1571 4747 1734 4800 etiam
1760 4747 2023 4802 docemur

2132 4751 2233 4803 ὑπὸ
2251 4752 2348 4819 τὴν
2374 4748 2594 4818 ἀγάπην
2648 4746 2912 4817 ταχθῆναι
2972 4745 3067 4799 καὶ
3092 4746 3149 4798 ἐν
3169 4747 3235 4816 τῇ
3272 4744 3364 4798 τοῦ
3424 4745 3524 4816 τὴν
3571 4746 3702 4813 ἀγά-

438 4832 743 4903 cujusmodi
762 4834 832 4889 sit
865 4833 976 4889 Deo
993 4834 1302 4888 exhibenda
1317 4834 1561 4891 Charitas
1589 4844 1643 4891 et
1663 4835 2021 4906 quemadmo--

2132 4857 2235 4909 πην
2309 4840 2448 4910 αὐτῇ
2515 4836 2780 4908 ταχθῆναι
2828 4851 2844 4867 ⁸
2906 4837 2939 4906 ἢ
3000 4831 3149 4906 τάχα
3202 4836 3297 4889 καὶ
3341 4835 3700 4904 διδασκόμεθα

440 4925 567 4980 dum
605 4925 659 4978 in
699 4940 758 4978 se
799 4924 1032 4980 invicem
1061 4925 1286 4981 atl‘ectos
1329 4940 1453 4981 esse
1479 4935 1753 4996 oporteat,
1785 4941 1854 4981 ne
1879 4928 2017 4982 forte

446 5014 761 5073 inordinata
801 5021 856 5068 et
905 5016 1122 5070 inversa
1173 5015 1261 5068 [lat
1310 5015 1606 5071 charitatis
1669 5017 2011 5086 adimpletio.

448 5107 673 5178 Oportet
691 5106 837 5158 enim
865 5105 1032 5161 Deum
1056 5105 1282 5177 diligere
1305 5124 1372 5162 ex
1396 5116 1511 5163 tota
1539 5116 1811 5175 autma,et
1835 5107 2018 5170 corde.

451 5211 507 5255 et
537 5199 757 5259 virtute,
794 5199 1098 5266 proximum
1127 5211 1307 5254 autem
1338 5201 1482 5256 sicut
1505 5202 1770 5271 seipsum,
1795 5210 1850 5256 et
1877 5217 2011 5257 uxo-

473 5393 478 5398 ’
510 5399 556 5431 ’⁷
589 5396 780 5449 Matth.
806 5413 904 5463 xx,
954 5396 1009 5450 6.
1080 5398 1125 5429 "
1161 5397 1292 5452 ἰδίει·
1328 5401 1412 5452 14-

2121 4930 2240 4982 οἴαν
2295 4927 2622 4996 ἀνατεθῆναι
2689 4926 2959 4995 προσήκει
3008 4925 3089 4995 τῷ
3136 4924 3256 4995 Θεῷ
3294 4923 3393 4996 τὴν
3443 4925 3698 4992 ἀγάπην.

2119 5023 2214 5074 καὶ
2247 5021 2395 5082 ὅπως
2425 5019 2560 5088 πρὸς
2593 5019 2719 5080 τοὺς
2773 5017 2968 5080 ἄλλους
3002 5019 3148 5087 ἔχειν
3168 5033 3182 5047 ·
3212 5017 3435 5087 μήποτε
3467 5015 3700 5078 ἄτακτός

2125 5129 2210 5176 τις
2246 5113 2342 5165 καὶ
2383 5109 2772 5180 ἀνηλλαγμένη
2823 5109 3052 5179 γένηται
3104 5109 3205 5177 τῆς
3255 5109 3478 5178 ἀγάπης
3514 5107 3700 5177 ἡάπο·

2127 5203 2404 5271 πλήρωσις
2433 5215 2447 5230 ⁶
2481 5200 2614 5253 Θεὸν
2641 5199 2750 5270 γὰρ
2777 5199 2838 5271 δὴ
2869 5201 3087 5274 ἀγαπᾷν
3119 5197 3176 5263 ἐξ
3199 5199 3324 5269 ὅλης
3374 5198 3552 5268 ψυχῆς
3607 5194 3698 5250 καὶ

1986 5505 2214 5561 NOTAE.

508 5631 622 5697 (50)
667 5627 943 5684 Scltolium
1002 5631 1102 5685 hoc
1144 5629 1200 5685 in
1241 5630 1304 5684 C.
1350 5627 1410 5681 Β.
1453 5626 1718 5698 Gregorio
1764 5622 2084 5678 ascribitur.
