4060 6414
347 434 487 500 1535

1301 441 1843 505 COMMENTARII
1883 414 1965 501 1N
1989 437 2310 502 CANTICA
2338 442 2633 506 CANTIC.

3479 444 3613 509 1586

341 544 578 616 καρδίας
628 546 724 599 καὶ
766 546 1078 620 δυνάμεως,
1129 549 1221 603 τὸν
1249 551 1307 604 δὲ
1340 552 1569 624 πλησίον
1596 553 1674 617 ὡς
1699 552 1917 606 ἑαυτόνε

2039 567 2152 607 rem
2184 553 2231 610 si
2270 556 2511 626 purioris
2555 555 2778 628 quidem
2809 562 2896 611 est
2929 554 3149 621 animae,
3179 555 3323 611 sicut
3361 545 3613 614 Christus

343 640 581 704 γυναῖκα
619 637 695 701 δὲ,
721 640 771 692 εί
806 642 907 710 μέν
963 640 1052 705 τίς
1107 643 1245 707 ἔστι,
1297 644 1692 716 καθαρωτέραν
1723 643 1927 714 ψυχῆς,

336 728 421 805 ᾡς
447 729 478 781 ὁ
506 728 744 798 Χριστὸς
805 730 907 800 τὴν
945 731 1274 803 Ἐκκλησίαν
1293 750 1307 764 ·
1335 736 1363 786 ὁ
1387 733 1446 787 δὲ
1492 734 1929 805 ἐμπαθέστερος,

338 820 418 879 ὡς
447 820 510 873 τὸ
538 821 671 874 ἴδιον
729 821 887 892 σῶμα
909 839 924 852 ·
966 823 1058 876 τὸν
1105 823 1317 895 ἐχθρὸν
1349 825 1427 891 δὲ,
1460 826 1519 878 ὲν
1547 825 1625 897 τῷ
1657 826 1731 898 μὴ
1758 827 1931 880 κακὸν

339 910 465 963 ἀντὶ
495 912 670 964 κακοῦ
696 911 900 978 δοῦναι,
930 913 1045 965 ἀλλ’
1063 916 1354 988 εὐεργεσίᾳ
1382 916 1481 988 τὴν
1522 917 1734 971 ἀδικίαν
1770 917 1933 988 ἀμεί-

335 998 586 1066 ψασθαι·
622 1001 790 1071 φησὶν
827 997 924 1054 οὖν
968 1002 1188 1073 ἀγάπην
1243 1005 1587 1076 τεταγμένην
1625 1007 1927 1079 ποιήσατε’

346 1093 422 1160 μὴ
450 1093 549 1144 καὶ
574 1092 740 1146 πάλιν
783 1094 1028 1156 ἐκπέσω,
1096 1097 1488 1166 συντηροῦντες
1538 1098 1637 1169 τὴν
1701 1100 1837 1172 πρὸς
1868 1101 1930 1156 τὸ

343 1183 597 1251 κρεῖττον
627 1184 805 1255 ῥοπήν
823 1197 838 1212 ⁶
864 1187 959 1238 καὶ
985 1186 1101 1250 πῶς
1134 1187 1234 1257 μὲν
1257 1189 1478 1260 ἀγαπᾷν
1507 1190 1599 1244 τὸν
1632 1189 1766 1244 Θεὸν
1797 1192 1926 1263 χρὴ,

341 1273 465 1337 πῶς
490 1273 551 1327 δὲ
578 1275 672 1328 τὸν
696 1274 931 1347 πλησίον
977 1278 1333 1343 διδάσκοντα,
1365 1280 1398 1352 ἢ
1432 1280 1528 1334 καὶ
1558 1280 1719 1335 τοῦτο
1766 1284 1928 1353 τυχόν

338 1363 492 1417 ἐστιν
524 1364 825 1436 ὑπονοῆσαι
852 1368 940 1421 διὰ
985 1367 1080 1420 τοῦ
1113 1369 1274 1438 λόγου
1297 1386 1312 1402 ·
1341 1371 1532 1443 ἐπειδὴ
1570 1373 1924 1443 ἀγαπηθείσα

338 1455 494 1525 παρὰ
526 1455 628 1524 τὴν
651 1456 875 1528 πρώτην
905 1459 997 1513 διά
1024 1461 1121 1533 τῆς
1147 1463 1457 1534 παρακοῆς,
1488 1466 1677 1526 ἐντοῖς
1711 1466 1924 1535 ἐλθροῖς

336 1546 631 1619 ὲλογὶσθην
655 1563 671 1579 ο
717 1549 815 1603 νῦν
847 1549 904 1604 δὲ
942 1551 1107 1606 πάλιν
1156 1553 1238 1616 είς
1287 1553 1387 1625 τὴν
1424 1555 1594 1626 αὐτὴν
1621 1557 1926 1628 ἐπανῆλθον

334 1639 502 1710 χάριν
535 1640 606 1694 δι’
632 1641 854 1714 ἀγάπης
891 1643 971 1715 τῷ
1004 1645 1254 1717 Δεσπότῃ
1315 1649 1757 1720 συναρμοσθεῐσα
1781 1669 1794 1682 ο
1829 1669 1926 1704 κυ-

337 1731 560 1804 ρώσατὲ
593 1751 685 1803 μοι
705 1734 765 1788 τὸ
786 1734 874 1801 διὰ
901 1738 1002 1808 τῆς
1024 1739 1248 1809 χάριτος
1275 1740 1616 1812 τεταγμένον
1658 1744 1755 1798 καὶ
1788 1747 1924 1815 ἀμε-

331 1820 628 1885 τάστατον,
649 1822 805 1891 ὑμεῖς
827 1827 877 1878 oi
908 1826 1056 1896 φίλοι
1078 1828 1175 1881 τοῦ
1199 1830 1480 1901 Νυμφίου,
1501 1832 1569 1886 δι’
1600 1835 1925 1904 ἐπιμελείας

332 1914 434 1966 καὶ
492 1917 771 1986 προσοχῆς
798 1918 859 1970 ἐν
887 1917 968 1988 τῷ
999 1919 1186 1992 παγίῳ
1244 1924 1639 1996 ωντηροῦντές
1683 1944 1775 1998 μοι
1823 1929 1923 1999 τὴν

331 2005 476 2074 πρὶς
497 2007 562 2059 τὸ
599 2011 849 2078 κρεῖττον
879 2012 1072 2081 μονήν.

401 2113 468 2170 ε’.
509 2119 843 2187 Στηρίσατέ
868 2138 944 2190 με
963 2122 1035 2176 ἐν
1053 2124 1289 2192 μύροις.

400 2227 764 2295 Γρηγορίου.
791 2258 862 2269 -
898 2229 1163 2284 Τουτέστι
1217 2236 1337 2297 ταῖς
1391 2235 1652 2305 ἀρεταϊς’
1705 2237 1801 2290 καὶ
1857 2241 1918 2292 οὐ

228 2386 233 2393 ἡ
331 2316 497 2385 μόνον
538 2318 605 2370 τὸ
656 2318 878 2388 βλέπειν
907 2320 969 2374 τὸ
999 2322 1223 2390 ἀγαθὸν,
1283 2327 1380 2378 καὶ
1408 2326 1469 2379 ὲν
1503 2329 1769 2399 μετουσίᾳ
1825 2329 1918 2383 τοῦ

326 2410 644 2480 κρείττονος
667 2411 918 2479 γίνεσθαί
970 2416 1118 2468 ἐστιν
1177 2418 1372 2486 ἀρετὴ,
1400 2417 1537 2472 ἀλλά
1570 2421 1667 2474 καὶ
1696 2422 1756 2474 τὸ
1782 2423 1920 2492 ἀμε-

324 2501 617 2552 τάπτωτον
648 2504 706 2553 ὲν
755 2502 832 2571 τῷ
878 2503 1029 2575 καλῷ
1081 2505 1476 2569 διασώσασθαιο
1513 2510 1544 2562 ὁ
1571 2510 1750 2563 τοίνυν
1784 2528 1919 2582 στη-

329 2586 592 2657 ριχθῆναι
642 2588 971 2660 βουλόμενος
1012 2595 1069 2647 ὲν
1100 2597 1215 2657 τοῖς
1262 2596 1480 2667 μύροις,
1513 2597 1576 2651 τὸ
1608 2598 1827 2669 βέϐαιον
1858 2602 1918 2654 ἐν

330 2686 446 2746 ταῖς
476 2683 712 2753 ἀρεταῖς
744 2686 894 2756 αὑτῷ
929 2689 1332 2757 προσγενέσθαι
1372 2690 1528 2761 ζητεῖ
1549 2709 1564 2725 °
1594 2693 1766 2765 ἀρετὴ
1807 2694 1917 2765 γὰρ

335 2774 394 2825 τὺ
416 2773 614 2844 μύρον,
642 2776 778 2830 διότι
802 2778 979 2849 πάσης
996 2780 1264 2845 δυσωδίας
1289 2783 1708 2853 ἁμαρτημάτων
1739 2785 1918 2857 κεχώ-

329 2880 510 2931 ρισται
530 2881 544 2895 ο
585 2868 620 2936 ἡ
647 2866 754 2936 γὰρ
785 2868 1030 2940 ἁμαρτία
1060 2871 1322 2942 δυσώδης.
1357 2873 1457 2929 Διά
1482 2875 1671 2939 τοῦτο.
1707 2881 1919 2948 Στηρί-

325 2954 479 3008 σατέ
498 2974 579 3024 με
607 2958 679 3010 ἐν
698 2959 931 3027 μύροις,
972 2964 1338 3020 στοιϐάσατέ
1362 2983 1440 3035 με
1457 2966 1528 3021 ἐν
1550 2969 1775 3038 μήλοις
1794 2986 1806 2999 ·
1827 2970 1919 3025 ὅτι

326 3048 665 3117 τετρωμένη
698 3050 931 3122 ἀγάπης
963 3051 1099 3124 ὲιτώι
1870 3120 1875 3126 -

390 3160 644 3217 Νείλου.
678 3192 741 3204 -
786 3165 962 3236 Τάχα,
985 3166 1020 3237 ἢ
1041 3166 1117 3230 ὡς
1144 3168 1387 3240 ἀμοιϐὴν
1408 3176 1524 3225 τῶν
1552 3174 1914 3246 κατορθωμέ·

322 3270 436 3306 νων
461 3254 693 3308 ἀπαιτεῖ
707 3257 768 3308 τὸ
795 3257 853 3309 ὲν
882 3256 1097 3322 τούτοις
1136 3261 1413 3329 γενέσθαι,
1444 3262 1477 3334 ἢ
1508 3263 1584 3326 ὡς
1607 3264 1912 3336 ὲπιτετρω-

324 3345 471 3416 μέν-η
494 3346 577 3418 τῷ
621 3348 791 3418 πόθῳ,
848 3351 1206 3422 παραμυθίαν
1238 3353 1316 3417 ὡς
1361 3354 1428 3408 ἂν
1467 3355 1548 3409 εἴα
1565 3372 1615 3410 οι
1672 3375 1757 3423 τις
1816 3361 1913 3412 καὶ

318 3438 714 3509 ψυχαγωγίαν.
752 3442 968 3516 Ἐπειδὴ
991 3446 1099 3516 γὰρ
1137 3444 1328 3518 ὥσπερ
1377 3449 1530 3514 ἐξελύ
1564 3468 1625 3504 το
1673 3452 1776 3506 ὑπὸ
1814 3452 1916 3523 τῆς

320 3529 468 3599 πρὸς
502 3531 598 3583 τὸν
629 3533 992 3604 ἀγαπώμενον
1023 3539 1268 3608 μνήμης,
1306 3541 1663 3612 στηριχθῆναι
1723 3543 1822 3614 μὲν
1852 3546 1910 3597 ὲν

323 3619 532 3691 μύροις
556 3623 657 3692 τῆς
686 3622 936 3696 θεωρίας,
965 3628 1358 3698 στοιδασθῆναι
1383 3631 1439 3685 δὲ
1467 3633 1525 3686 ὲν
1560 3634 1753 3705 μήλοις
1804 3635 1914 3690 τῶν

320 3711 633 3779 θαυμάτων
659 3713 752 3767 τοῦ
777 3715 1031 3800 Νυμφίου
1055 3722 1149 3773 καὶ
1177 3721 1272 3774 τοῦ
1294 3724 1509 3794 καρποῦ
1534 3725 1642 3778 τῶν
1663 3726 1915 3798 πράξεων

320 3801 627 3871 ἐπιθυμεῖ·
692 3806 881 3879 ἐπειδὴ
910 3810 943 3881 ή
976 3812 1077 3879 μὲν
1128 3813 1330 3885 θεωρία
1362 3818 1427 3887 τῇ
1455 3817 1565 3872 τῶν
1624 3822 1914 3890 νοημάτων

322 3893 610 3964 τέρπουσα
664 3898 1044 3972 γλαφυρότητι
1084 3904 1228 3975 ὀσμὴ
1294 3906 1516 3979 μύρων·
1552 3912 1586 3979 ἡ
1615 3910 1670 3964 δὲ
1712 3911 1914 3983 πρᾶξις

334 3987 463 4053 μετὰ
482 3987 585 4039 τοῦ
606 3991 897 4061 τροφίμου,
930 3994 1028 4047 καὶ⁹
1062 3995 1124 4048 τὸ
1161 3998 1364 4062 εὐῶδες
1422 3999 1559 4071 ἔχει.
1595 4004 1747 4057 Ποιεί
1802 3993 1936 4079 γὰρ’

331 4080 419 4131 καὶ
440 4079 522 4166 τὰ
544 4080 653 4151 τῆς
685 4083 888 4153 ἀρετῆς
909 4086 1047 4157 ἔργα
1078 4089 1273 4161 χαρὰν,
1297 4094 1362 4163 τῇ
1392 4094 1502 4149 τῶν
1532 4095 1780 4165 ἀμοιὸὧν
1819 4098 1909 4151 ἐλ-

323 4169 436 4223 πίδι
461 4170 569 4239 τὴν
600 4174 906 4246 συνείδησιν
938 4176 1033 4232 τοῦ
1074 4181 1445 4253 ἐργαζομένου
1506 4184 1870 4259 εὐφραίνοντα
1892 4205 1907 4220 °

316 4264 467 4328 τινὲς
495 4264 558 4317 δὲ
579 4264 663 4331 τὺ,
687 4269 1047 4325 Στοιϐάσατέ
1066 4289 1144 4342 με
1173 4274 1245 4328 ἐν
1261 4275 1501 4344 μήλοις,
1533 4280 1664 4351 περὶ
1699 4281 1794 4335 τοῦ
1817 4281 1911 4336 θα-

316 4352 490 4408 νάτου
523 4351 710 4410 εἷπονο
735 4358 810 4423 ὡς
837 4362 938 4432 τῆς
962 4361 1203 4436 Νύμφης
1249 4364 1582 4442 βουλομένης
1631 4373 1770 4444 μετά
1801 4374 1913 4430 τῶν

314 4445 502 4539 ἁγίων
554 4448 852 4522 ἀξιωθῆναι
908 4455 1089 4526 ταφῆς
1119 4473 1134 4488 ο
1187 4458 1405 4524 πάντως
1460 4462 1703 4529 ἐκείνους
1755 4467 1905 4539 μῆλα

2036 644 2338 701 Ecclesiam
2365 665 2380 715 ;
2415 648 2502 704 sin
2530 656 2711 705 autem
2743 657 2828 705 est
2853 649 3040 703 animo
3077 648 3498 720 perturbatiori,
3537 650 3613 704 si-

2033 746 2129 792 cut
2157 752 2361 808 corpus
2394 739 2673 810 proprium
2703 757 2720 807 ;
2753 739 3040 796 inimicum
3064 746 3249 795 autem
3282 739 3340 793 in
3377 754 3445 795 eo
3466 739 3611 809 quod

2033 842 2141 883 non
2190 827 2487 883 reddamus
2529 828 2729 884 malum
2777 843 2876 899 pro
2930 829 3100 895 malo,
3143 829 3239 884 sed
3273 844 3373 899 pro
3409 828 3611 899 injuria

2032 915 2362 972 beneﬁcium
2412 917 2739 973 referamus.
2790 917 3130 973 Charitatem
3183 917 3369 990 igitur,
3409 917 3610 987 inquit,

2029 1006 2341 1063 ordinatam
2371 1007 2554 1076 facite,
2598 1023 2669 1064 ne
2699 1009 2898 1064 iterum
2934 1009 3192 1065 excidam
3217 1026 3235 1071 ς
3266 1023 3616 1077 conservan-

2032 1109 2116 1154 tes
2145 1099 2214 1153 ad
2250 1099 2303 1155 id
2345 1102 2493 1169 quod
2522 1100 2720 1157 melius
2751 1108 2838 1157 est
2869 1102 3334 1173 pr'Opensionem;
3380 1110 3436 1158 et
3468 1117 3608 1173 ιμιο-

2031 1185 2195 1242 modo
2243 1186 2463 1256 quidem
2509 1186 2678 1243 Deum
2721 1187 2953 1259 diligere
2992 1197 3287 1258 oporteat,
3332 1188 3610 1260 quomodo

2029 1290 2161 1330 vero
2194 1276 2506 1346 proximum
2541 1276 2829 1334 docentes.
2867 1275 2965 1333 Vel
2998 1276 3144 1333 forte
3174 1295 3273 1349 per
3306 1280 3412 1335 hoc
3441 1280 3615 1335 etiam

2030 1366 2158 1422 licet
2197 1365 2522 1438 intelligere.
2574 1367 2730 1435 Quod
2755 1369 3017 1438 quoniam
3050 1384 3171 1437 quae
3207 1370 3444 1439 primum
3485 1368 3610 1424 fue-

2030 1471 2146 1510 ram
2178 1457 2399 1522 dilecta,
2448 1467 2672 1529 propter
2706 1459 3147 1514 inobcdientiam
3181 1461 3324 1515 inter
3356 1460 3611 1515 inimicos

2029 1548 2108 1604 fui
2139 1559 2480 1620 computata,
2519 1565 2667 1605 nunc
2693 1550 2761 1606 ad
2793 1550 3050 1606 eamdem
3084 1565 3304 1605 reversa
3335 1564 3458 1605 sum
3489 1565 3611 1619 gra-

2029 1642 2184 1707 tiam,
2220 1655 2316 1710 per
2355 1639 2679 1696 charitatem
2719 1639 2955 1696 Domino
3002 1640 3311 1711 conjuncta
3359 1659 3371 1695 :
3409 1641 3612 1694 conﬁr-

2026 1743 2173 1788 mate
2210 1733 2345 1789 mihi
2377 1733 2542 1804 hujus
2579 1735 2770 1804 gratiae
2816 1735 3172 1790 stabilitatem
3198 1742 3255 1788 et
3296 1734 3612 1789 immutabi'

2030 1825 2259 1891 litatem,
2311 1840 2410 1882 vos
2460 1826 2625 1881 amici
2669 1824 2870 1897 Sponsi
2908 1828 3093 1882 studio
3131 1834 3186 1882 et
3214 1827 3517 1898 diligentia,
3557 1827 3612 1879 in

1958 1893 2001 1949 Β
2030 1917 2305 1973 soliditate
2335 1893 2733 1974 conservantes
2764 1918 2898 1974 mihi
2923 1917 2993 1972 ad
3026 1917 3079 1973 id
3118 1917 3266 1989 quod
3301 1893 3500 1973 melius
3525 1925 3612 1972 est

2026 2007 2470 2079 propensionem.

2100 2116 2262 2171 Vens.
2295 2116 2346 2171 5.
2394 2115 2604 2177 Fulcite
2624 2132 2704 2171 me
2728 2116 2784 2170 in
2810 2116 3115 2186 unguentis.

2093 2226 2360 2299 Gregorii.
2390 2259 2460 2270 ——
2500 2226 2614 2284 Hoc
2642 2233 2728 2282 est
2766 2226 3084 2282 virtutibus.
3124 2223 3317 2280 Virtus
3344 2223 3490 2279 enim
3527 2235 3611 2277 est

2012 2336 2124 2377 non
2151 2319 2325 2376 solum
2353 2322 2553 2375 bonum
2586 2320 2808 2384 intueri,
2841 2330 2898 2374 et
2945 2332 3065 2373 esse
3095 2315 3418 2387 participem
3486 2312 3607 2381 ejus

2014 2413 2159 2482 quod
2211 2407 2298 2467 est
2347 2411 2712 2478 melius;svd
2771 2413 2935 2467 etiam
3000 2408 3499 2466 inimutahilitatem
3547 2407 3601 2459 iu

2016 2505 2162 2559 bono
2186 2518 2534 2560 conservare.
2569 2502 2671 2571 Qui
2708 2517 2837 2575 ergo
2879 2502 2996 2557 vult
3027 2500 3205 2557 fulciri
3243 2499 3297 2555 in
3322 2496 3615 2568 unguentis

2018 2598 2218 2668 quaerit
2240 2597 2343 2654 sibi
2371 2602 2565 2653 adesse
2593 2599 2906 2652 firmitatem
2957 2596 3011 2652 in
3069 2594 3386 2650 virtutibus.
3429 2591 3612 2645 Virtus

2018 2683 2166 2739 enim
2198 2688 2284 2737 est
2314 2679 2946 2751 unguentum,quoniam
2963 2685 3048 2733 est
3068 2676 3316 2746 seiuncta
3362 2674 3431 2729 ab
3446 2675 3602 2732 omni

2020 2780 2161 2829 tetro
2193 2771 2363 2827 odore
2403 2777 2781 2841 peccatorum.
2825 2766 3121 2824 Peccatum
3176 2766 3322 2821 enim
3367 2763 3600 2819 fetidum

2017 2872 2102 2920 est
2134 2881 2148 2917 :
2183 2862 2478 2932 Propterea
2511 2861 2697 2929 fulcite
2736 2875 2815 2914 me
2850 2859 2908 2912 in
2939 2858 3245 2928 unguentis,
3289 2855 3490 2923 stipata
3516 2864 3598 2903 me

2018 2956 2071 3007 in
2106 2956 2288 3021 malis,
2320 2955 2449 3024 quia
2485 2942 3077 3008 uulneratchharitatis
3113 2964 3207 3020 ego
3246 2964 3387 3002 sunt.

2092 3168 2233 3224 Nili.
2268 3199 2337 3210 —
2361 3165 2456 3222 Vel
2490 3165 2732 3222 fortasse
2778 3166 2938 3235 quasi
2971 3165 3478 3234 compensationem
3519 3178 3604 3219 ro-

2024 3272 2113 3316 cte
2139 3270 2446 3330 gestorum,
2476 3260 2531 3313 in
2567 3259 2651 3313 his
2681 3244 2888 3314 versari
2920 3258 3186 3328 postulat,
3219 3256 3303 3310 vel
3342 3263 3612 3326 tanquam

2024 3351 2204 3406 adhuc
2248 3366 2438 3405 atnorc
2476 3349 2764 3406 vulnerata
2802 3347 3267 3409 consolationem,
3314 3360 3381 3400 ac
3408 3346 3453 3400 si
3478 3345 3612 3414 quis

2024 3445 2170 3499 dicat
2200 3443 2622 3498 recreationem.
2659 3441 2797 3496 Cum
2817 3439 2963 3496 enim
2985 3439 3051 3493 ad
3075 3438 3259 3492 dilecti
3284 3436 3610 3492 memoriam

2022 3535 2181 3604 quasi
2223 3532 2467 3589 resoluta
2492 3531 2585 3599 sit,
2614 3530 2797 3586 Πιιείιί
2819 3527 3042 3597 quidem
3063 3528 3118 3581 in
3148 3527 3443 3597 unguentis
3468 3542 3613 3580 conv

2024 3622 2420 3693 templationis,
2467 3620 2663 3691 stipari
2702 3635 2834 3675 vero
2865 3619 2922 3674 in
2964 3618 3164 3685 malis,
3207 3617 3603 3672 miraculorum

2024 3715 2224 3783 Sponsi
2262 3722 2316 3768 et
2350 3712 2534 3775 fructu
2595 3712 2877 3767 actionum
2923 3709 3288 3780 concupiscit.
3331 3709 3603 3776 Quoniam

2023 3803 2419 3873 contemplatio
2463 3800 2686 3873 quidem
2734 3800 3247 3855 considerationum
3300 3800 3609 3860 varietate,

2020 3903 2283 3965 tauquam
2313 3904 2721 3966 unguentorum
2751 3891 2890 3947 odor
2910 3890 3186 3958 oblectat;
3235 3889 3380 3945 actio
3413 3898 3601 3943 autem

2023 3999 2129 4040 una
2144 3998 2272 4039 cum
2295 3984 2558 4039 alimento
2580 3984 2785 4039 bonum
2804 3984 3031 4040 odorem
3058 3982 3243 4038 habet.
3259 3980 3436 4049 Opera
3457 3977 3604 4032 enim

2023 4076 2245 4131 virtutis
2277 4076 2533 4146 gaudium
2576 4076 2821 4146 pariunt,
2860 4073 3007 4146 quod
3048 4071 3442 4129 conscientiam
3471 4082 3604 4138 ope-

2019 4171 2197 4228 rantis
2257 4184 2354 4240 spe
2402 4169 2919 4241 compensationum
2977 4168 3272 4225 exhilarat.
3333 4162 3605 4221 Nonnulli

2019 4278 2152 4318 vero
2185 4258 2431 4331 :Stipate
2456 4261 2512 4315 in
2559 4260 2721 4316 malis
2759 4260 2828 4316 de
2868 4269 3048 4317 morte
3090 4259 3414 4330 accipiunt,
3455 4273 3519 4312 ac
3546 4258 3603 4313 s'r

2022 4355 2237 4427 Sponsa
2285 4361 2608 4409 sanctorum
2655 4352 2943 4423 sepultura
2987 4351 3202 4423 dignari
3247 4351 3420 4413 velit,
3476 4350 3606 4406 illos

2018 4448 2245 4504 omnino
2285 4447 2426 4501 mala
2463 4444 2771 4515 intelligens
2819 4444 2915 4516 qui
2958 4443 3218 4500 dixerunt
3262 4462 3276 4498 :
3313 4460 3332 4495 ι
3374 4442 3582 4499 Christi

312 4536 626 4639 νικήσαντες
681 4541 809 4605 τοὺς
871 4543 1128 4610 εἰπόντας
1158 4563 1173 4578 ο
1228 4567 1246 4599 ι
1284 4546 1525 4621 Χριστοῦ
1565 4536 1767 4610 εὐωδία
1812 4536 1909 4612 ἐσ-

2022 4542 2197 4595 bouus
2221 4538 2360 4596 odor
2394 4552 2589 4595 sumus
2617 4537 2743 4592 ⁸⁸⁸.»

314 4645 449 4695 μεν.
473 4646 496 4680 ι

388 4738 764 4796 Στοιϐάσατέ
777 4759 857 4809 με
878 4743 949 4798 ἐν
963 4745 1183 4814 μήλοις

386 4849 725 4935 Κιξρίλλου.
751 4852 973 4919 -Τοῖς
1022 4859 1399 4926 εὐαγγελικοῖς
1454 4881 1522 4934 με
1567 4866 1910 4935 ἀσφαλίσατε

305 4938 536 5007 λόγοιςο
565 4933 712 4995 οὗτοι
760 4943 870 5014 γὰρ
900 4947 1034 5016 ἡμῖν
1080 4950 1432 5016 εὐωδιάζουσι
1460 4933 1737 5025 Χριστόν.
1774 4960 1906 5013 Συν-

303 5030 584 5101 ταχθείην
610 5031 688 5099 δὲ,
721 5036 881 5105 φησὶ,
918 5039 1071 5106 κάγὼ
1104 5042 1245 5111 μετὰ
1277 5044 1386 5098 τῶν
1407 5047 1579 5114 ἁγίων
1599 5050 1763 5103 αὑτοῦ
1784 5068 1798 5081 ο
1832 5051 1909 5117 ὼς

304 5123 433 5192 γὰρ
471 5124 641 5212 αὐτὸς
699 5127 891 5198 μῆλον,
923 5130 1095 5195 οὕτως
1128 5132 1407 5204 σύσσωμοι
1443 5139 1538 5192 καὶ
1568 5141 1906 5212 συμμέτοχοι

304 5211 492 5266 αὑτοῦ
525 5214 692 5285 μῆλα.

380 5327 757 5391 Προκοπίου.
806 5363 869 5374 -
931 5334 1055 5399 Τοῖς
1106 5339 1250 5393 κατὰ
1304 5340 1437 5397 Θεὸν
1490 5343 1899 5418 πλεονεκτήμα-

311 5434 432 5473 σιν.

384 5532 749 5601 Γρηγορίου.
776 5566 841 5576 -
879 5536 991 5609 (5i)
1015 5539 1142 5615 ,Ἵνα
1171 5530 1401 5600 πάντοτε
1433 5549 1512 5611 εἰς
1539 5547 1672 5619 ὕψος
1698 5550 1901 5617 ὁρῶσα,

382 5711 459 5749 ³⁸
487 5711 529 5769 ll
560 5713 690 5772 Cor.
725 5735 788 5783 ιι,
825 5719 906 5777 15.

2089 4757 2296 4828 Slipate
2318 4775 2397 4813 me
2425 4759 2481 4811 in
2515 4756 2697 4812 malis.

2088 4872 2302 4946 Cyrilli.
2347 4870 2696 4940 Evangelicis
2747 4866 3083 4923 communito
3126 4880 3213 4920 me
3269 4862 3541 4917 doctrinis
3577 4878 3594 4916 :

2016 4967 2099 5021 bat
2144 4965 2348 5035 quippe
2392 4963 2551 5018 nobis
2596 4959 2805 5017 Christi
2849 4958 3076 5013 odorem
3118 4954 3429 5011 aﬂundunt.
3467 4950 3591 5008 Uti-

2014 5072 2141 5112 nam
2172 5057 2410 5111 colloccr
2438 5069 2542 5125 ego
2558 5067 2798 5124 quoque,
2826 5049 3027 5120 inquit,
3063 5064 3188 5104 cum
3215 5048 3420 5131 sanctis
3434 5046 3589 5115 ejus!

2016 5145 2148 5202 Nam
2181 5146 2330 5201 sicut
2369 5145 2486 5215 ipse
2516 5158 2737 5213 pomum
2761 5149 2867 5207 est,
2896 5141 2970 5194 ita
3002 5140 3167 5194 etiam
3190 5137 3281 5209 qui
3312 5145 3442 5194 sunt
3462 5150 3589 5192 cum

2014 5252 2080 5294 eo
2105 5236 2385 5307 corporali
2413 5244 2467 5291 ct
2488 5235 2811 5305 participes,
2855 5246 3016 5304 poma
3058 5229 3206 5288 ﬂent.

2082 5349 2351 5417 Procopii.
2387 5379 2456 5392 -—
2479 5347 2537 5404 1d
2563 5353 2652 5403 est
2681 5344 2925 5403 sortibus
2956 5343 3262 5401 secundum
3289 5339 3455 5399 Deum
3476 5355 3590 5393 mc-

2008 5445 2261 5501 lioribus.

2081 5558 2147 5616 iit
2211 5573 2426 5629 semper
2478 5556 2534 5610 in
2586 5555 2757 5614 altum
2827 5553 3104 5626 aspiciens
3160 5551 3303 5608 bona
3360 5548 3579 5605 intuear

1788 5868 1807 5876 -
1843 5816 2078 5874 ΝΟΤκΕ.

387 5926 510 5998 (ει)
536 5925 669 5996 Quae
704 5940 1013 6001 sequuntur
1072 5950 1125 5987 ιιι
1159 5935 1221 5989 C.
1270 5934 1327 5992 Β.
1364 5944 1423 5991 ιιι
1458 5936 1618 5990 vcrla
1662 5936 1913 6006 Procopii

2021 5935 2176 5992 ntinu
2187 5943 2372 5991 antur.
