4060 6402
494 328 627 396 1587
1799 344 2048 408 PBOCO]

2187 346 2428 408 GAZREI
3604 355 3726 426 1583

490 444 739 514 exempla
798 445 852 500 in
888 461 1092 517 sponso
1132 446 1397 502 exhibita.
1439 445 1551 502 Illic
1602 448 1745 503 enim
1820 466 2048 506 mansne

2175 450 2357 518 βλέπω
2421 451 2558 524 πρὸς
2583 454 2651 507 τὰ
2686 455 2795 507 τῶν
2849 457 3071 525 ἀγαθῶν
3132 459 3526 532 ὑποδείγματα,
3556 466 3613 520 ὲν
3654 467 3724 537 τῷ

492 532 646 595 tudo,
684 534 797 590 illic
829 536 1143 606 placitlitas,
1179 536 1290 591 illic
1335 536 1659 607 iniuriarum
1708 539 1910 594 ohlivio
1938 557 2048 611 erg:

2176 544 2751 616 Nopcgiqiﬁstuvdpsva
2773 565 2786 579 ·
2808 549 2924 603 ἐκεῖ
2951 551 3060 623 γὰρ
3085 554 3351 625 πραότης,
3387 555 3503 608 ἐκεῖ
3527 556 3587 611 τδ
3605 532 3723 631 adp;

490 624 745 683 inimicos
806 634 861 681 et
916 627 1230 699 benignitas
1269 644 1396 697 erga
1438 628 1707 698 lugentes,
1738 630 1848 685 illic
1888 632 2061 686 conti-

2177 652 2361 705 γητον,
2395 638 2513 689 ἐκεῖ
2539 638 2598 691 τὸ
2636 638 2769 709 πρὸς
2800 640 2928 703 τούς
2960 640 3186 712 ἐχθροὺς
3217 644 3611 714 ἀμνησίκακον,
3640 648 3729 705 καὶ

492 715 702 780 nentia,
737 715 1162 785 ‘longanimitas,
1214 727 1381 787 atque
1438 720 1641 774 similia
1678 735 1800 790 quae
1839 722 2048 786 pulchri

2170 728 2232 779 τδ
2253 729 2391 798 πρδς
2435 731 2562 793 τοὺς
2620 731 2936 798 λυποῦντας
2973 735 3356 807 φιλάνθρωπον
3379 757 3392 769 ο
3416 742 3529 794 ἐκεῖ
3556 743 3613 796 τὸ
3643 746 3724 813 ἐγ·

488 798 687 862 ordine
710 809 1042 862 concinnata
1104 809 1483 878 gratissimum
1511 813 1886 880 spectaculum
1917 813 2071 868 exhi-

486 901 617 953 lzent
673 898 801 952 dum
846 898 914 953 ad
954 899 1197 957 caelestis
1260 902 1387 955 vitae
1427 904 1697 958 rationem
1765 904 2064 959 adducunt.

486 988 686 1044 Malum
712 998 898 1045 autem
931 991 1187 1047 Christus
1233 1000 1318 1047 est
1362 1004 1591 1063 propter
1617 996 1912 1049 candorem
1941 1011 2065 1050 car-

2171 818 2372 887 κρατὲς
2401 822 2494 873 καὶ
2517 823 2887 894 μακρύθυμον,
2931 824 3028 881 καὶ
3056 829 3123 882 τὰ
3147 831 3331 900 ὃμοια·
3362 831 3399 887 ἃ
3431 834 3567 889 κατὰ
3588 836 3730 901 τάξιν
3818 844 3821 849 ’

2168 908 2670 999 έπισυναπτόμενα,
2709 916 3081 990 χαριεστάτην
3109 920 3240 974 θέαν
3267 924 3580 992 ἐργάζεται,
3602 929 3729 999 πρὸς

2166 998 2299 1069 ὕψος
2361 1001 2639 1070 πολιτείας
2690 1009 3065 1077 ἐπανάγοντα·
3118 1013 3292 1082 μῆλον
3326 1013 3382 1067 δὲ
3415 1017 3442 1068 6
3472 998 3726 1087 Χριστός,

487 1082 570 1135 nis
601 1088 654 1135 et
680 1083 936 1139 ruborem
960 1084 1277 1155 sanguinis,
1302 1100 1368 1141 ac
1398 1100 1624 1141 suavem
1654 1088 2048 1157 prmdicationii

2162 1090 2249 1146 διὰ
2265 1094 2325 1147 τὸ
2341 1093 2531 1148 λευκόν
2558 1096 2660 1166 τῆς
2683 1099 2887 1169 σαρκὸς
2919 1101 3014 1154 καὶ
3039 1102 3100 1155 τὸ
3118 1103 3351 1176 ἐρυθρὸν
3373 1104 3468 1158 τοῦ
3489 1082 3727 1177 αἷμα-τος,

481 1174 730 1231 odorem.

552 1266 819 1334 Urigenis.
860 1298 933 1309 —-
960 1266 1335 1339 Symmachus
1369 1269 1452 1324 sic
1487 1268 1678 1336 edidlt,
1711 1278 1819 1326 etc.

550 1441 693 1507 Quia
734 1459 916 1499 amore
942 1443 1220 1498 vulnerata
1248 1460 1388 1500 sum.

549 1534 815 1605 Gregorii.
856 1564 925 1576 —
950 1534 1049 1590 llis
1089 1534 1255 1592 dictis
1292 1535 1479 1591 laudat
1527 1536 1877 1621 spgittarium
1919 1535 2055 1606 aia-

480 1626 701 1682 culandi
739 1627 1045 1698 peritia,‘ut
1084 1628 1178 1697 qui
1216 1628 1384 1682 telum
1427 1636 1579 1683 recte
1621 1629 1675 1682 in
1705 1628 1884 1699 ipsam
1916 1629 2054 1683 diri-

477 1729 590 1789 gat.
638 1717 932 1773 Vulnerata
969 1719 1140 1782 enim,
1193 1719 1393 1789 inquit,
1426 1719 1731 1773 dilectionis
1769 1735 1888 1773 sum
1935 1736 2050 1790 ego.

2162 1186 2255 1238 καὶ
2284 1186 2383 1257 τὴν
2410 1187 2507 1273 τοῦ
2540 1188 2901 1261 κηρύγματος
2932 1193 3180 1251 εὐωδίαν.

2242 1276 2595 1346 Ὡριγένόυς.
2651 1310 2721 1322 -
2788 1282 2845 1336 '0
2905 1283 3204 1357 Σύμμαχος
3275 1286 3448 1354 οὕτως
3512 1289 3728 1348 ἐκδέδω-

2159 1384 2280 1433 κεν,
2330 1388 2384 1424 κ.
2410 1387 2461 1424 τ.
2495 1372 2545 1426 λ.
2577 1372 2712 1442 (52).

2230 1458 2351 1514 Ὅτι
2390 1462 2722 1531 τπρωμέιη
2764 1463 2999 1531 ἀγάπης
3035 1465 3168 1534 ἐγώ.

2224 1554 2848 1621 Γρηγορίου.-Ταῦτα
2877 1554 3129 1619 εἰποῦσα,
3150 1559 3365 1613 ἐπαινεῖ
3394 1559 3488 1613 τὸν
3515 1559 3729 1632 τοξότην

2152 1642 2251 1711 τῆς
2280 1644 2566 1713 εὐστοχίας
2585 1644 2660 1709 ὡς
2688 1644 2870 1709 καλῶς
2891 1646 2979 1700 ἐπ’
3005 1648 3179 1718 αὐτὴν
3197 1647 3261 1701 τὸ
3278 1650 3431 1713 τέλος
3466 1649 3725 1705 ἰθύνοντα·

2159 1732 2493 1803 Τετρωμένη
2548 1736 2679 1806 γὰρ,
2718 1736 2906 1808 φησὶν,
2948 1738 3183 1808 ἀγάπης
3215 1739 3329 1808 ἐγώ
3356 1757 3368 1770 ·
3392 1741 3627 1798 δείκνυσι
3658 1744 3729 1814 τῷ

478 1806 731 1863 Ostendit
770 1811 873 1863 hac
913 1807 1165 1864 oratione
1195 1809 1363 1865 telum
1392 1810 1535 1878 quod
1569 1809 1723 1864 cordi
1758 1810 1871 1863 alte
1918 1811 2048 1865 insi-

2159 1820 2305 1893 λόγῳ
2323 1823 2385 1876 τδ
2415 1822 2569 1893 βέλος
2597 1825 2659 1878 τὸ
2688 1828 2755 1896 τῇ
2781 1806 3213 1899 παρδίᾳβάθους
3236 1806 3560 1901 ἐγκείμενον
3581 1849 3593 1863 '
3620 1835 3648 1887 6
3676 1806 3729 1887 δέ

477 1896 609 1952 det:
648 1898 975 1969 sagittarius
1005 1907 1190 1954 autem
1231 1899 1399 1969 hujus
1448 1898 1541 1954 teli
1574 1907 1659 1953 est
1706 1898 1931 1954 dilectio
1954 1914 2052 1955 seu

476 1988 724 2044 uharitas
750 2005 764 2043 :
788 1988 1114 2044 charitatem
1138 1995 1322 2043 autem
1352 2003 1479 2044 esse
1505 1988 1675 2043 Deum
1708 1976 2002 2044 didicimus
2022 2005 2053 2045 a

482 2078 770 2150 Scriptura
791 2082 862 2145 ",
893 2079 988 2151 qui
1014 2080 1250 2136 electum
1278 2096 1440 2136 suum
1472 2081 1817 2150 unigenitum
1861 2080 2051 2138 Jesum

473 2172 762 2228 Christum
789 2172 991 2230 emittit
1029 2173 1082 2227 in
1112 2187 1208 2228 eos
1240 2173 1333 2242 qui
1362 2182 1658 2228 servantur
1698 2173 1892 2242 spiritu
1927 2174 2053 2227 vita:

478 2265 750 2333 triplicem
785 2264 960 2318 aculei
985 2263 1276 2333 cuspidem
1301 2262 1563 2319 illiniens.
1584 2263 1839 2322 Aculeus
1865 2271 2050 2318 autent

472 2365 557 2413 est
598 2358 752 2419 titles,
791 2368 848 2410 ut
879 2372 1000 2426 quae
1035 2358 1086 2411 in
1114 2371 1222 2427 quo
1260 2356 1448 2418 fuerit,
1481 2371 1606 2411 cum
1642 2359 1842 2427 sagitta
1884 2356 2051 2413 simul

476 2448 715 2503 adducat
746 2450 1120 2519 sagittarium,
1178 2456 1235 2502 ut
1262 2449 1396 2506 dicit
1432 2448 1698 2505 Dominus
1726 2470 1739 2505 :
1778 2450 2048 2517 Quoniam

477 2557 498 2591 ι
529 2537 640 2609 Ego
660 2547 714 2593 et
751 2536 914 2591 Pater
943 2538 1224 2594 veniemus
1257 2549 1307 2593 et
1350 2539 1695 2595 mansionem
1743 2545 1885 2609 apud
1925 2556 2046 2596 eam

473 2626 739 2684 iaciemus
772 2628 835 2682 ³⁸.
872 2647 889 2681 ι
940 2626 1095 2686 Videt
1137 2645 1269 2700 ergo
1296 2646 1420 2701 quae
1456 2647 1551 2701 per
1590 2632 1810 2686 divinas
1844 2647 2045 2687 ascen--

472 2721 658 2776 siones
703 2721 756 2774 in
808 2721 976 2775 altum
1032 2723 1244 2777 sublata
1287 2732 1371 2779 est
1410 2723 1614 2791 aninia,
1665 2724 1825 2778 dulce
1875 2725 2044 2778 telum

434 2798 441 2804 ’
471 2813 766 2868 charitatis
795 2829 904 2884 quo
964 2816 1217 2869 sauciata
1248 2815 1350 2868 l'uit
1380 2816 1435 2870 in
1464 2816 1783 2884 semetipsa.
1810 2816 1951 2870 etde
1979 2830 2046 2871 eo

471 2904 696 2959 vulnere
734 2905 1004 2975 gloriatur
1042 2906 1233 2961 dicens
1278 2925 1292 2960 :
1330 2906 1597 2972 Quoniam
1636 2907 1917 2962 vulnerata
1961 2909 2045 2962 di-

473 2998 712 3051 lectionis
739 3013 857 3050 sum
896 3014 989 3067 ego
1019 3013 1038 3052 :
1077 2997 1186 3052 Nec
1226 2998 1329 3052 hoc
1367 3000 1576 3061 solum,
1612 2998 1708 3055 sed
1755 3007 1808 3054 et
1836 3002 1953 3070 ipsa
1988 3001 2047 3055 tit

474 3090 641 3143 tolum
685 3089 739 3142 in
778 3089 1034 3144 manilius
1068 3088 1339 3159 sagittarii
1377 3108 1390 3144 :
1433 3089 1657 3145 sinistra
1700 3090 1921 3161 quidem
1950 3106 2044 3145 ca-

2159 1913 2382 1982 τοξότης
2395 1914 2490 1968 τοῦ
2508 1914 2717 1985 βέλους,
2735 1918 2767 1985 ἡ
2787 1917 2976 1988 ἀγάπη
3011 1918 3128 1972 ὲστί
3152 1935 3165 1949 ·
3184 1918 3283 1991 τὴν
3302 1921 3368 1985 ,δὲ
3395 1924 3616 1994 ἀγάπην
3645 1925 3728 1978 τὸν

2159 2005 2291 2059 θεὸν
2328 2002 2468 2060 εἶναι
2510 2008 2666 2078 παρὰ
2712 2009 2813 2079 τῆς
2841 2010 3066 2081 Γραφῆς
3116 2012 3547 2084 μεμαθήκαμεν,
3577 2016 3633 2082 ὃς
3675 2019 3731 2069 τὸ

2159 2097 2418 2151 ἐκλεκτὸν
2451 2099 2607 2169 βέλος
2634 2100 2725 2153 τὸν
2759 2101 3023 2171 μονογενῆ
3055 2101 3184 2156 Υἱδν
3216 2104 3310 2157 ἐπὶ
3334 2106 3459 2169 τοὺς
3495 2107 3730 2174 σωζομέ-

2157 2205 2281 2252 νους
2300 2189 2597 2261 ἐκπέμπει,
2620 2190 2698 2262 τῷ
2729 2190 3006 2263 πνεύματι
3031 2193 3145 2263 τῆς
3161 2193 3310 2263 ζωῆς
3370 2196 3472 2267 τὴν
3502 2199 3729 2269 τριπλῆν
3773 2253 3778 2257 ,

2155 2279 2258 2349 τῆς
2298 2281 2481 2345 ἀκίδος
2529 2281 2716 2351 ἀκμὴν
2772 2282 3158 2353 περιχρῶσανο
3206 2286 3332 2348 ἀκὶς
3376 2286 3433 2340 δὲ
3480 2288 3515 2357 ἡ
3556 2288 3729 2349 πίστις

2156 2372 2302 2425 ἐστίν
2326 2385 2341 2401 °
2389 2372 2476 2426 ἵνα
2521 2373 2580 2426 ἐν
2610 2366 2655 2441 ᾧ
2683 2371 2750 2426 ἂν
2775 2374 3002 2444 γένηται
3051 2377 3423 2449 συνεισαγάγῃ
3478 2381 3616 2448 μετά
3637 2381 3726 2434 τοῦ

2157 2462 2345 2533 βέλους
2371 2466 2467 2517 καὶ
2495 2463 2586 2519 τὸν
2615 2464 2861 2536 τοξότην,
2905 2465 2983 2530 ὥς
3016 2483 3178 2537 φησιν
3217 2470 3245 2521 6
3278 2469 3514 2540 Κύριος·
3556 2489 3574 2522 ι
3595 2471 3726 2539 Ἐγὼ

2153 2556 2250 2609 καὶ
2296 2557 2324 2610 6
2374 2555 2567 2627 Πατὴρ
2613 2556 2993 2627 ἐλευσόμεθα,
3046 2560 3141 2611 καὶ
3196 2561 3366 2630 μονὴν
3407 2562 3544 2634 παρ’
3588 2564 3727 2634 αὐτῷ

2154 2649 2472 2718 ποιήσομεν.
2494 2665 2514 2699 ι
2558 2648 2690 2720 Ὁρᾷ
2720 2648 2900 2702 τοίνυν
2930 2651 2964 2721 ἡ
2989 2649 3077 2703 διὰ
3103 2650 3211 2704 τῶν
3233 2650 3392 2706 θείων
3414 2654 3728 2711 ἀναϐάσεων
3750 2666 3765 2673 “

2154 2739 2433 2808 ὑψωοεῖσα
2460 2737 2610 2811 ψυχὴ
2631 2739 2691 2793 τὺ
2715 2739 2889 2808 γλυκὺ
2916 2741 3016 2812 τῆς
3039 2742 3265 2814 ἀγάπης
3295 2743 3451 2814 βέλος
3478 2747 3543 2799 ὲν
3563 2748 3724 2819 ἑαυτῇ

2150 2822 2196 2898 ᾧ
2227 2828 2440 2901 ἐτρώθη
2460 2845 2475 2861 ⁸
2508 2830 2604 2884 καὶ
2641 2829 2906 2902 καύχημα
2927 2834 3164 2887 ποιεῖται
3190 2833 3289 2901 τὴν
3313 2836 3577 2905 τοιαύτην
3599 2837 3722 2907 πλη-

2150 2925 2255 2993 γὴν
2284 2923 2689 2993 λέγουσαοότι
2708 2926 3041 2995 τετρωμένη
3075 2927 3312 2999 ἀγάπης
3339 2929 3454 3000 ἐγώ
3475 2947 3491 2963 ο
3529 2932 3594 2986 οὐ
3627 2932 3728 3003 μὴν

2150 3014 2289 3095 ἀλλά
2315 3016 2409 3069 καὶ
2442 3014 2581 3086 αὐτὴ
2609 3015 2823 3084 γίνεται
2855 3015 3010 3088 βέλος
3038 3020 3097 3073 ὲν
3120 3022 3240 3084 ταῖς
3274 3039 3333 3092 χε
3343 3022 3433 3093 pol.
3458 3022 3558 3077 τοῦ
3584 3024 3727 3089 τοξό-

2150 3124 2266 3167 του,
2301 3107 2404 3177 τῆς
2438 3107 2537 3177 μὲν
2571 3107 2854 3179 εὐωνύμου
2900 3109 2999 3181 τὴν
3040 3112 3282 3183 κεφαλὴν
3321 3112 3458 3185 πρὸς
3489 3114 3586 3169 τὸν
3623 3116 3728 3171 ἀνω

474 3190 569 3247 put
601 3180 667 3233 ad
704 3196 1008 3251 supernum
1051 3196 1282 3251 scopum
1315 3182 1610 3251 dirigcnle,
1656 3183 1875 3239 dextera
1920 3200 2047 3241 vero

2154 3197 2355 3252 σκοπὸν
2382 3197 2716 3271 εὐθυνούσης
2735 3239 2750 3263 ,
2780 3203 2882 3272 τῆς
2918 3180 3102 3268 δεξιᾶς
3131 3203 3189 3258 δὲ
3222 3180 3589 3277 πρδςνὲαυτὴν
3619 3206 3729 3261 δια-

472 3275 642 3326 ιιοιιιηι
671 3273 735 3326 ad
762 3289 822 3329 se
856 3274 1167 3328 attrahente
1210 3274 1321 3328 :ait
1344 3290 1515 3345 ergo:
1819 3346 1825 3354 ι

545 3364 712 3422 Vsus.
744 3366 797 3421 6.
846 3364 1005 3421 vaa
1035 3366 1150 3437 ejus
1182 3368 1277 3421 sub
1319 3371 1490 3437 capite
1524 3386 1636 3424 meo
1668 3379 1715 3423 et
1740 3369 1956 3426 dextera
1981 3372 2047 3425 il-

478 3462 493 3510 Ι
504 3462 579 3510 ius
614 3458 962 3522 amplectetur
985 3475 1085 3513 me.
1542 3466 1547 3471 '
1810 3514 1831 3523 ,

546 3546 760 3614 Cyrilti.
794 3579 859 3589 —
886 3547 1121 3604 Sinistra
1161 3548 1362 3603 dicitur
1392 3548 1502 3611 lex,
1536 3549 1761 3606 dextera
1806 3549 2047 3620 Evange-

475 3639 630 3690 liwu.
689 3638 777 3692 Vel
826 3638 1044 3694 sinistra
1091 3640 1443 3710 intelligenda
1489 3648 1575 3695 cst
1630 3657 1872 3712 prarsens
1911 3645 2047 3705 vita,

473 3731 504 3781 «ι
532 3740 698 3783 ~xtcra
747 3738 930 3784 autent
991 3728 1175 3785 futura
1208 3750 1220 3785 :
1263 3746 1386 3801 qua!
1420 3732 1639 3802 quidem
1678 3747 1764 3786 me
1806 3734 2049 3804 comple-

473 3831 675 3887 (τιμίων,
698 3829 985 3890 postquam
1016 3821 1080 3877 iis
1102 3822 1193 3891 qui
1219 3837 1247 3875 a
1279 3821 1492 3878 dextris
1518 3823 1904 3879 eruntdictum
1925 3823 2045 3880 fue-

472 3916 544 3965 rit
579 3931 591 3966 :
636 3931 654 3964 ι
698 3909 912 3980 Venite,
943 3914 1212 3968 benedicti
1246 3914 1423 3971 Patris
1456 3916 1558 3969 mei
1596 3916 1661 3971 ".
1703 3935 1721 3967 ι
2016 3901 2025 3911 ’

544 4002 804 4075 Gregorii.
832 4036 902 4048 —
945 4004 1083 4061 Dicit
1105 4006 1272 4061 etiam
1305 4007 1433 4061 alibi
1471 4025 1484 4062 :
1528 4026 1546 4059 ι
1581 4006 2047 4078 Longitudovitse

2147 3289 2532 3361 λαμόανούσης
2569 3290 2631 3343 τὸ
2670 3290 2854 3361 βέλοςο
2896 3293 3048 3363 φωνὴ
3087 3290 3203 3348 οὖν·
3699 3362 3710 3374 _

2219 3386 2291 3446 ς’.
2337 3380 2661 3451 Εὐώνυμος
2705 3383 2895 3438 αὐτοῦ
2938 3385 3058 3440 ὑπὸ
3109 3386 3225 3452 τὴν
3270 3388 3552 3458 κεφαλήν·
3592 3407 3727 3459 μου.

2148 3472 2245 3527 καὶ
2283 3472 2321 3540 ἡ
2361 3472 2532 3538 δεξιὰ
2567 3474 2755 3528 αὐτοῦ
2795 3477 3199 3546 περιλήψεταί
3237 3486 3329 3548 με.

2219 3566 2609 3634 Κυρίλλου.-
2639 3564 2974 3637 Εὐώνυμοςό
2996 3569 3180 3641 νόμος,
3210 3570 3360 3639 δεξιά
3387 3572 3447 3625 τὸ
3484 3574 3725 3643 Εὐαγγέ

2148 3654 2262 3707 λιον
2284 3675 2296 3686 ·
2334 3654 2366 3725 ἢ
2394 3656 2490 3708 καὶ
2519 3655 2800 3727 εὐώνυμος
2829 3658 2858 3710 6
2888 3657 3077 3730 παρὼν
3112 3658 3250 3730 βίος,
3268 3660 3420 3725 δεξιά
3438 3664 3466 3716 6
3497 3664 3725 3733 μέλλωνσ

2146 3750 2181 3821 ἦ
2214 3768 2297 3813 τις
2344 3767 2411 3822 με
2446 3750 2832 3822 περιλήψεται,
2867 3752 2997 3808 ὅταν
3044 3756 3158 3817 τοῖς
3214 3756 3281 3809 ἐκ
3326 3755 3519 3822 δεξιῶν
3562 3758 3726 3829 είπῃ·

2156 3860 2172 3892 ι
2207 3839 2371 3894 Δεῦτε
2409 3843 2457 3894 οἱ
2495 3840 2856 3913 εὐλογημένοι
2893 3842 2987 3896 τοῦ
3027 3845 3242 3916 Πατρός
3281 3863 3405 3916 μου.
3436 3864 3456 3897 ›

2218 4016 2381 4085 Λέγει
2406 4016 2515 4087 ('53)
2539 4015 2595 4069 δὲ
2614 4017 2716 4072 καὶ
2743 4016 2972 4089 ἑτέρωθι
3003 4020 3178 4089 μῆκος
3206 4017 3323 4090 βίου
3349 4020 3439 4073 καὶ
3467 4020 3564 4091 ἔτη
3587 4019 3729 4088 ζωῆς

470 4104 524 4153 et
558 4098 687 4151 anni
722 4096 845 4153 vita:
875 4107 1006 4153 sunt
1045 4097 1097 4151 iu
1135 4098 1358 4153 dextera
1384 4099 1669 4169 sapientia:
1695 4119 1707 4153 :
1735 4101 1788 4154 iu
1819 4100 2043 4155 sinistra

2154 4111 2204 4162 ὲν
2234 4112 2300 4179 τῇ
2333 4107 2483 4179 δεξιᾷ
2506 4108 2604 4178 τῆς
2639 4108 2831 4179 σοφίας
2857 4126 2871 4138 ·
2908 4111 2967 4163 ἐν
2997 4110 3053 4163 δὲ
3079 4113 3144 4183 τῇ
3178 4112 3464 4182 ἀριστερᾷ,
3500 4111 3730 4175 πλοῦτος

472 4205 603 4239 νυνι)
646 4187 852 4242 divitiae
908 4197 964 4241 et
996 4186 1171 4258 gloria
1203 4187 1272 4241 “.
1316 4205 1334 4239 ι
1384 4185 1618 4242 Dextera
1673 4190 1841 4259 igitur
1896 4189 2047 4242 illius

2154 4200 2242 4255 καὶ
2269 4199 2397 4267 δόξα
2418 4218 2431 4232 ⁸
2464 4201 2614 4266 δεξιὰ
2641 4200 2772 4269 γοῦν
2807 4202 2979 4272 αὐτῆς
3011 4203 3044 4274 ή
3073 4202 3183 4256 τῶν
3212 4204 3374 4257 θείων
3406 4204 3688 4275 ἐπιστήμη
3714 4220 3726 4231 ·

473 4280 793 4334 divinorum
845 4278 1083 4334 scientia
1115 4287 1202 4334 est
1244 4295 1310 4334 ex
1344 4294 1453 4348 qua
1492 4290 1694 4333 n-tcrna
1747 4280 1855 4334 vita
1899 4280 2046 4335 exsi-

2154 4293 2205 4358 ὲξ
2227 4289 2295 4365 ἦς
2328 4294 2362 4364 ἡ
2394 4292 2612 4356 αἰώνιος
2643 4292 2756 4365 ζωή
2780 4311 2794 4325 ·
2832 4294 3099 4366 ἀριστερά
3145 4294 3204 4347 δὲ
3240 4296 3272 4363 ἠ
3302 4293 3414 4347 τῶν
3451 4293 3729 4367 ἀνθρωπί-

473 4375 604 4437 siit;
660 4373 886 4428 sinistra
929 4388 1059 4428 vero
1099 4373 1340 4444 cognitio
1374 4364 1558 4429 reruni
1609 4375 1968 4427 humanarum
2014 4389 2046 4428 e

2154 4403 2251 4440 νων
2272 4385 2492 4455 γνῶσις,
2515 4385 2575 4451 ἐξ
2598 4378 2674 4441 ὧν
2698 4385 2933 4448 πλοῦτος
2958 4387 3055 4441 καὶ
3076 4386 3206 4452 δόξα
3225 4402 3238 4416 ·
3265 4387 3415 4455 λέγει
3442 4386 3626 4441 τοίνυν
3649 4386 3729 4439 δτι

472 4469 673 4533 quibus
705 4466 911 4522 divitiae
944 4475 995 4522 et
1026 4465 1223 4538 gloria,
1250 4465 1328 4520 ait
1359 4465 1528 4533 igitur
1565 4485 1578 4519 :
1615 4464 1766 4521 Mens
1787 4480 1905 4519 mra
1946 4482 2043 4520 su-

2154 4475 2403 4547 ὑπερέχει
2431 4476 2460 4528 6
2491 4473 2616 4537 νοῦς
2647 4493 2752 4545 μου
2779 4474 2848 4528 τά
2875 4475 3195 4545 ἀνθρώπινα
3216 4491 3231 4507 θ
3259 4474 3352 4529 καὶ
3380 4477 3411 4544 ἡ
3444 4475 3565 4528 θεία
3587 4474 3728 4543 γνῶ-

474 4567 627 4625 νιιτιιι
659 4559 898 4613 humana
927 4568 982 4613 et
1007 4558 1192 4611 dixina
1226 4558 1469 4628 cognitio
1499 4567 1644 4628 teget
1680 4575 1785 4633 me.
1823 4558 2037 4613 Etenim

2154 4585 2234 4630 σις
2268 4567 2499 4636 καλύψει
2544 4584 2640 4636 με.
2685 4566 2797 4620 Καὶ
2845 4567 2954 4637 γὰρ
3000 4571 3216 4638 ἔρηται
3264 4567 3462 4621 πάλιν
3491 4567 3731 4637 Τίμησον

469 4664 664 4702 rursus
703 4647 913 4704 dictum
954 4655 1043 4702 cst
1085 4664 1097 4699 :
1129 4644 1345 4701 llonora
1379 4646 1527 4700 illam
1569 4656 1629 4702 ut
1670 4657 1722 4703 te
1754 4649 2044 4718 amplecra-

472 4749 584 4795 tur.
634 4737 887 4795 Ostendit
919 4737 1104 4808 itaque
1141 4737 1392 4791 eurudem
1427 4752 1552 4792 esse
1583 4748 1637 4793 et
1680 4736 1952 4808 Sponsum
1990 4748 2045 4794 et

473 4847 499 4882 s
519 4832 813 4896 igituruium
843 4839 1118 4893 nostrum,
1155 4836 1210 4883 et
1250 4825 1521 4897 Sponsam
1546 4842 1612 4884 ac
1637 4830 1893 4899 sagittam
1921 4845 2044 4885 esse

473 4936 508 4987 p
533 4936 665 4971 iram
692 4920 953 4974 animam.
993 4919 1146 4974 Sicut
1197 4921 1365 4973 telum
1395 4935 1527 4990 ergo
1574 4920 1640 4975 ad
1673 4921 1875 4976 bonum
1912 4922 2050 4976 diri-

476 5032 506 5084 g
535 5027 554 5066 t
578 5028 805 5081 δαυρηιη
832 5032 847 5080 ;
882 5014 963 5070 sic
988 5025 1041 5069 et
1061 5015 1244 5085 Spons
1265 5031 1335 5068 nm
1371 5015 1438 5069 ad
1469 5016 1916 5073 communienem
1959 5037 2048 5076 as-

475 5106 643 5160 sumit
680 5105 1011 5174 incorrupta:
1037 5108 1445 5175 perpetuitatis.
1476 5104 1900 5176 Longitudinem
1927 5112 2051 5167 vita:

476 5205 644 5256 etiam
699 5203 748 5253 iu
788 5202 887 5254 hac
925 5201 1029 5253 vita
1080 5218 1177 5270 per
1217 5203 1502 5257 dexteram
1545 5205 1812 5273 praebens,
1862 5215 1918 5259 et
1950 5221 2044 5275 per

479 5286 755 5340 sinistram
805 5285 1029 5341 divitias
1089 5288 1356 5343 bonorum
1406 5302 1738 5346 aeternorum
1818 5303 1873 5348 et
1948 5291 2040 5347 Dei

480 5379 727 5447 gloriam,
774 5380 933 5450 cujus
972 5389 1225 5450 expertes
1262 5394 1389 5438 sunt
1419 5386 1510 5454 qui
1560 5388 1744 5439 mundi
1814 5388 2041 5450 gloriam

2149 4659 2340 4729 αὐτὴν,
2366 4659 2453 4712 ἵνα
2481 4676 2539 4712 σε
2563 4659 2857 4732 περιλάϐῃ.
2890 4660 3144 4713 Δείκνυσι
3169 4658 3370 4719 τοίνυν,
3402 4660 3483 4712 ὅτι
3518 4653 3732 4720 ὀάὐτὺς

2151 4752 2247 4804 καὶ
2282 4750 2532 4821 Νυμφίος
2564 4752 2656 4804 καὶ
2685 4751 2907 4822 τοξότης
2939 4750 3095 4822 ἡμῶν
3125 4753 3263 4812 ἐστι,
3287 4751 3491 4822 Νύμφη
3535 4767 3596 4803 τε
3638 4751 3733 4804 καὶ

2156 4842 2308 4908 βέλος
2337 4845 2370 4913 ή
2401 4841 2790 4914 κεκαθαρμένη
2821 4842 3005 4913 ψυχή·
3042 4843 3118 4906 ὡς
3150 4841 3301 4913 βέλος
3333 4837 3427 4895 οὖν
3466 4840 3603 4912 πρὸς
3640 4841 3731 4893 τὸν

2155 4934 2361 5002 ἀγαθὸν
2411 4933 2629 4989 εὐθύνει
2672 4936 2908 4988 σκοπόν·
2956 4934 3033 4997 ὣς
3059 4934 3297 5004 Νύμφην
3334 4931 3411 4998 εις
3449 4932 3732 4986 κοινωνίαν

2118 5079 2120 5081 .
2155 5025 2526 5096 ἀναλαμϐάνει
2557 5027 2657 5095 τῆς
2699 5026 2978 5097 ἀφθάρτου
3025 5027 3326 5095 ἀῖδιότητος
3350 5041 3365 5054 ο
3407 5026 3581 5095 μῆκος
3615 5023 3732 5094 βίου

2157 5120 2250 5173 καὶ
2283 5119 2378 5189 ἐτη
2415 5118 2581 5188 ζωῆς,
2612 5119 2702 5172 διὰ
2744 5119 2844 5189 τῆς
2891 5118 3071 5183 δεξιᾶς
3122 5117 3479 5189 χαριζόμενος
3503 5134 3516 5148 ·
3556 5116 3644 5171 διὰ
3675 5116 3733 5171 δὲ

2151 5210 2249 5279 τῆς
2275 5210 2593 5278 ἀριστερᾶς,
2617 5208 2708 5262 τὸν
2733 5208 2841 5261 τῶν
2872 5208 3104 5261 αἰωνίων
3131 5208 3354 5275 ἀγαθῶν
3385 5205 3615 5260 πλοῦτον
3642 5207 3732 5263 xuii.

2148 5301 2248 5371 τὴν
2271 5302 2364 5355 τοῦ
2387 5300 2522 5355 Θεοῦ
2550 5301 2741 5367 δόξαν,
2765 5298 2830 5374 ἦς
2860 5301 2908 5356 οἱ
2936 5301 3033 5372 τὴν
3066 5300 3161 5354 τοῦ
3202 5300 3408 5371 κόσμου
3444 5296 3733 5368 ζητοῦντες

2154 5393 2309 5458 δόξαν
2352 5393 2609 5463 ἁμέτοχοι
2641 5392 2878 5463 γίνονται
2904 5409 2915 5422 ·
2948 5393 3037 5446 διὰ
3065 5392 3224 5445 τοῦτό
3252 5409 3421 5462 φησιν
3443 5431 3458 5459 ,
3488 5392 3591 5460 ὅτι,
3622 5392 3733 5444 Et)-

450 5504 459 5547 f
550 5519 596 5549 ss
623 5516 639 5570 ι
668 5518 924 5587 Nam",
954 5519 1039 5576 {6.
1118 5522 1161 5553 ³ο
1191 5520 1350 5575 Joan.
1384 5523 1598 5582 τηρῶ.
1676 5523 1716 5553 ³¹
1754 5521 1912 5577 Prov.
1952 5542 2033 5591 ιιι,

2154 5569 2159 5581 .
2240 5531 2282 5561 ³²
2317 5528 2508 5582 Matth.
2544 5544 2668 5591 xxv,
2712 5529 2801 5583 3i.

1957 5615 2183 5672 ᾸΟΤΑΞ.

555 5707 664 5773 (ὃῖ)
698 5706 900 5761 Patrol.
934 5718 972 5761 t.
1000 5708 1163 5773 XVII,
1200 5711 1304 5762 t'ul.
1328 5710 1454 5765 261.

556 5779 666 5847 (33)
707 5781 760 5833 lu
792 5780 848 5828 t2.
880 5780 936 5833 tl.
984 5782 1094 5833 haec
1133 5794 1255 5835 sunt
1286 5781 1557 5850 Gregorii,
1613 5780 1736 5834 dum
1777 5783 1829 5835 in
1862 5782 1922 5836 (Ζ.
1983 5782 2039 5837 V.
2075 5786 2177 5840 sub
2211 5783 2429 5839 nomine
2462 5782 2647 5854 tiyrilli
2672 5782 3075 5838 inscribuntur.

3986 3534 3996 3567 1

3992 3628 3996 3663 l

3990 3812 3996 3843 Ι
