4060 6402
363 258 400 325 χ
478 243 615 309 1591

1815 251 2167 314 PROCOPII
2195 255 2440 318 GAZ/EI

3609 253 3742 319 1592

554 353 814 425 Gregorii.
843 386 915 396 —-
938 355 1135 411 Anima
1158 356 1212 411 in
1250 357 1486 414 sublime
1518 361 1891 427 ascendendo,
1925 379 2045 433 pro-

2226 368 2580 439 Γρηγοριου.
2603 364 2754 420 -Ἦ
2777 364 2915 439 πρὸς
2934 364 2997 419 τὸ
3023 364 3159 437 ὕψος
3179 362 3574 437 ἀναδραμοῦσα
3607 365 3745 436 ψυχὴ

482 459 682 514 perans
739 446 1084 503 discentibus
1136 449 1429 504 animabus
1475 465 1825 522 progressum
1872 453 1939 508 ad
2002 454 2054 508 id

481 534 631 605 quod
673 535 979 605 perfectum
1030 549 1116 593 est
1147 553 1450 608 exponens,
1507 556 1602 610 per
1648 542 2053 611 adjurationem

481 640 578 679 eas
622 626 688 680 ad
727 627 862 680 iram
909 627 1135 683 virtutis
1170 628 1719 694 maauducit.diccns
1748 650 1762 687 :
1788 632 1944 699 Quod
1984 632 2054 697 si,

482 731 518 771 ο
549 716 838 786 discipula:
854 718 1370 789 animm,prolueitis
1395 721 1690 776 virtutibus
1722 738 1895 793 usque
1923 723 2052 777 dum

481 810 761 865 suscitatis
799 818 855 864 et
900 811 1209 881 expergisci
1255 813 1475 867 faciatis
1510 813 1863 878 charitatem,
1906 815 2055 885 quod

480 899 692 968 estjam
730 901 955 955 elevatae
984 908 1040 955 et
1074 916 1295 971 semper
1325 918 1423 972 per
1444 903 1751 972 profectum
1797 904 1851 958 in
1878 903 2054 974 majus

479 1000 675 1054 auctae,
701 990 875 1047 donec
912 993 977 1048 ad
1010 993 1172 1048 finem
1202 994 1387 1048 veniat
1415 996 1555 1049 bona
1578 996 1753 1065 ipsius
1776 997 2051 1061 voluntas,

481 1089 540 1133 ut
566 1080 617 1134 in
653 1096 820 1136 carne
846 1083 1035 1139 vivens
1054 1100 1163 1138 non
1199 1086 1439 1155 amplius
1471 1086 1778 1141 secundmn
1829 1102 2050 1142 carnem

478 1172 646 1239 vivat,
678 1181 734 1228 et
780 1175 830 1228 in
865 1190 996 1244 agro
1033 1176 1198 1246 hujus
1241 1176 1428 1230 mtmdi
1454 1176 1678 1247 degens.
1712 1178 1942 1232 virtutes
1973 1177 2055 1230 in-

481 1249 700 1318 tueatur
735 1266 1039 1335 angelicas,
1075 1282 1174 1337 per
1197 1268 1516 1337 passionum
1550 1269 1904 1334 vacuitatem,
1957 1283 2055 1322 an-

479 1354 711 1425 gelicam
738 1356 1035 1424 puritatem
1069 1356 1363 1411 imitando.
1398 1356 1643 1412 Virtutes
1674 1358 1818 1413 enim
1838 1358 2054 1413 etvires

480 1443 598 1512 agri
633 1446 750 1499 sive
789 1445 977 1498 mundi
1020 1445 1164 1499 sicut
1208 1448 1471 1517 angelicae
1527 1447 1799 1513 virtutes;
1843 1445 2055 1502 aﬂirmo

480 1550 576 1590 vos
603 1536 914 1605 angelicum
951 1538 1006 1591 in
1055 1540 1471 1607 regeneratione
1502 1548 1705 1594 statuat
1743 1539 2050 1594 habituros.

440 1629 457 1691 _'
486 1624 577 1684 Vis
611 1638 793 1681 autem
820 1641 905 1683 cst
938 1631 1222 1700 potentia;
1261 1632 1307 1685 si
1331 1632 1552 1700 quidem
1583 1632 1938 1702 singulariter
1971 1631 2055 1685 di-

444 1708 449 1715 ’
479 1719 714 1783 citur,ad
743 1721 987 1774 divinum
1009 1737 1208 1777 numen
1233 1723 1472 1777 refertur
1489 1740 1685 1780 sensus
1710 1724 1873 1779 istius
1895 1723 2045 1778 modi
2080 1711 2124 1770 θ

477 1812 664 1879 vocis;
696 1812 781 1866 sin
828 1827 959 1865 vero
996 1814 1616 1883 pluraliter,angelicam
1650 1824 1905 1869 naturam
1951 1830 2052 1868 ex-

477 1900 648 1956 hibet.
695 1903 830 1955 lllud
875 1912 1057 1956 autem
1111 1902 1362 1972 adjuravi
1395 1919 1495 1974 pro
1534 1904 1731 1973 adjuro
1785 1903 2047 1972 positum.

474 1986 855 2042 .luramentum
884 2004 1047 2058 porro
1076 1997 1160 2045 est
1179 2005 1364 2044 sermo
1392 2006 1485 2060 per
1508 2006 1565 2044 se
1595 1990 1882 2045 veritatem
1910 2004 2052 2043 con-

475 2076 724 2137 firmans.
753 2077 960 2131 dicitur
984 2064 1167 2133 autem
1189 2079 1590 2148 juramentum,
1613 2079 1730 2135 sive
1752 2079 1900 2149 juret
1925 2079 2050 2147 quis

475 2168 590 2223 sive
611 2167 918 2237 adjuretur.

548 2279 903 2337 Nili.—lllud
918 2284 1154 2338 excitare
1172 2284 1457 2339 manifeste
1477 2283 1697 2353 quidem
1724 2282 1939 2337 filiabus
1958 2279 2050 2336 Je-

474 2370 713 2426 rusalem
737 2372 969 2438 dictum,
988 2373 1083 2429 sed
1109 2374 1163 2429 in
1187 2389 1298 2445 quo
1314 2375 1662 2437 charitatem,
1685 2391 1750 2427 an
1774 2374 1827 2427 in
1852 2371 2048 2442 scipsis

472 2475 540 2512 an
566 2460 618 2513 in
650 2474 962 2528 sponso,an
985 2463 1036 2515 in
1062 2463 1178 2533 ipsa
1200 2465 1476 2534 loquente,
1507 2480 1612 2518 non
1638 2464 1837 2534 liquet:
1868 2462 2045 2532 siqui-

472 2550 593 2603 dem
641 2551 807 2621 igitur
856 2552 911 2606 in
954 2553 1062 2608 illis
1113 2554 1689 2610 cbaritatemexcltari
1725 2555 1839 2609 vult
1868 2557 2048 2623 potest

472 2641 779 2697 istius:uodi
818 2644 944 2712 quid
973 2645 1157 2701 dicere
1182 2664 1195 2699 :
1219 2644 1266 2702 Ο
1289 2648 1454 2701 tarda-
1477 2656 1529 2701 et
1552 2661 1671 2717 qum
1694 2646 1909 2716 prosint
1935 2659 2043 2698 non

474 2736 798 2800 sentientes,
838 2737 1102 2806 quantum
1132 2740 1272 2795 lucri
1303 2756 1399 2810 per
1422 2728 1694 2795 inscitiam
1742 2739 2043 2810 negligitis,

471 2828 617 2893 quod
641 2827 1001 2898 diligentibus
1037 2829 1313 2900 Sponsum
1345 2848 1408 2886 ex
1436 2832 1733 2887 dilectione
1764 2832 1999 2902 obtingit
2025 2831 2040 2884 l

473 2917 684 2987 Adjuro
717 2935 812 2974 vos
841 2936 938 2990 per
954 2921 1184 2977 virtutes
1211 2923 1327 2991 agri
1355 2939 1477 2993 qua:
1499 2939 1589 2979 res
1625 2924 1811 2978 mundi
1843 2924 2045 2995 guber-

471 3015 606 3061 nant
634 3017 687 3062 et
720 3010 863 3064 vires
886 3010 1130 3079 ipsarum
1144 3013 1348 3082 quibus
1380 3012 1731 3068 adversarios
1755 3020 2042 3077 enervant,

469 3100 716 3157 excitare
750 3103 984 3172 sopitam
1041 3104 1092 3156 in
1145 3104 1302 3159 vobis
1341 3116 1394 3159 et
1437 3104 1854 3175 expergefacere
1912 3118 2043 3174 erga

472 3188 748 3265 Sponsum
770 3193 1094 3247 charita‘tem
1116 3201 1171 3248 et
1194 3209 1492 3263 agnoscere
1524 3196 1859 3265 voluptatem
1878 3210 2041 3265 quam

469 3298 534 3335 ex
563 3260 684 3350 Ejus
707 3283 1047 3352 experientia
1089 3260 1268 3352 capio.
1307 3260 1862 3340 Adhortatur—autem
1896 3260 2044 3355 ipsas

470 3372 689 3425 illarum
722 3372 940 3426 lucrmn
966 3382 1221 3442 spectans
1244 3382 1297 3429 et
1321 3359 1610 3434 utilitatem
1639 3391 1828 3430 earum
1866 3376 2046 3431 consi-

470 3465 671 3519 derans
700 3463 782 3530 :si
823 3475 1006 3516 autem
1035 3465 1235 3534 Sponsi
1270 3467 1598 3537 cltaritatem
1636 3468 1866 3521 excitari
1900 3467 2040 3530 vult,

472 3553 596 3616 hoc,
617 3554 820 3624 inquit,
845 3554 1042 3624 adjuro
1070 3572 1187 3621 \os,
1217 3556 1338 3609 lilia:
1367 3554 1697 3624 Jerusalem,
1719 3566 1777 3610 ut
1813 3557 1877 3610 ad
1902 3556 2043 3612 dile-

469 3655 618 3696 ctum
652 3660 832 3699 meum
872 3646 1173 3706 accedatis,
1202 3660 1494 3713 meumque
1522 3644 1773 3700 affectum
1810 3648 1910 3717 ipsi
1947 3663 2044 3701 an-

469 3734 757 3801 nnntictis,
815 3734 1092 3805 quomodo
1140 3735 1317 3805 ipsum
1363 3734 1598 3805 diligens
1632 3737 1781 3791 domi
1820 3751 2044 3791 manere

468 3839 578 3877 non
610 3824 768 3879 valeo
798 3825 1106 3895 expellente
1148 3841 1233 3880 me
1262 3824 1540 3881 desiderio
1589 3834 1644 3881 et
1693 3841 1890 3882 omnes
1926 3826 2040 3881 vias

465 3913 621 3968 obire
649 3918 901 3983 cogente,
937 3928 1067 3967 num
1096 3913 1237 3970 forte
1273 3913 1496 3969 fortuna
1532 3914 1698 3969 etiam
1735 3926 1918 3970 amato
1949 3929 2041 3970 oc-

463 4024 708 4064 curram.
749 4005 1090 4064 Subdubitat
1131 4008 1275 4063 enim
1315 4009 1574 4065 fortassis
1622 4023 1691 4064 an
1728 4024 1918 4064 revera
1958 4009 2041 4064 di-

465 4103 691 4173 ligatur,
723 4100 940 4155 tametsi
986 4100 1100 4169 jam
1135 4101 1346 4169 pridem
1377 4101 1496 4157 visa
1533 4101 1605 4156 sit
1632 4102 1949 4156 occurrisse
1976 4116 2040 4156 ac

465 4209 752 4251 sermones
781 4208 809 4246 a
839 4189 1060 4262 Sponso
1108 4192 1385 4246 iuaudisse
1434 4192 1529 4261 qui
1564 4190 1916 4247 dilectionem
1951 4192 2043 4247 de-

464 4290 773 4341 monstrent
803 4300 818 4337 :
851 4282 1108 4336 subducit
1138 4297 1197 4337 se
1229 4297 1466 4352 namque
1494 4282 1742 4350 Sponsus
1775 4298 1885 4337 non
1912 4298 2040 4337 raro

2157 461 2278 521 ταῖς
2313 458 2785 531 μαθητευομέναις
2828 457 3054 528 ψυχαῖς,
3096 456 3196 528 τὴν
3249 456 3384 527 πρδς
3427 455 3495 510 τδ
3541 456 3745 510 τέλειον

2157 550 2387 621 πρόοδον
2417 549 2769 620 ὑφηγουμένη
2793 548 2883 601 διά
2903 546 2997 602 τοῦ
3028 544 3298 618 ὀρκισμοῦ
3327 546 3467 617 προς
3495 546 3595 599 τὸν
3614 549 3743 601 κατ’

2156 642 2360 713 ἀρετὴν
2394 642 2725 713 χειραγωγεῖ
2761 640 2876 711 βίον
2907 639 3193 708 φάσκουσα
3216 655 3230 668 ’
3270 639 3352 691 ὅτι
3397 638 3502 692 έάν
3544 639 3599 692 αἱ
3644 656 3745 707 μα·

2156 734 2512 805 θητευόμεναι
2537 732 2707 803 ψυχαὶ
2737 730 3081 802 προκόπτητε
3117 730 3237 792 ταῖς
3284 729 3518 798 ἀρεταῖς
3551 729 3744 799 μέχρις

2156 826 2223 880 ἃν
2250 825 2500 897 έγείρητε
2532 825 2627 878 καὶ
2659 823 2973 893 ἐξεγείρητε
3003 821 3100 892 τὴν
3131 820 3386 890 ἀγάπην,
3419 821 3569 890 ὅπερ
3598 821 3745 873 ἐστὶν

2154 917 2468 988 ὑψουμένης
2494 934 2554 970 τε
2591 916 2685 969 καὶ
2711 915 2799 981 ἀεὶ
2824 914 2914 969 διὰ
2947 912 3268 985 προσθήκης
3302 912 3439 982 πρὸς
3463 912 3528 965 τὸ
3559 910 3742 980 μεῖζον

2154 1007 2585 1077 ὲπαυξουμένης,
2625 1006 2720 1079 καὶ
2745 1007 2824 1070 είς
2852 1004 3024 1074 πέρας
3066 1003 3193 1075 ἔλθῃ
3232 1003 3294 1056 τὸ
3337 1003 3545 1069 ἀγαθὸν
3573 1001 3741 1056 αὑτοῦ

2155 1099 2387 1170 θέλημα,
2419 1097 2558 1151 ὥστε
2602 1099 2661 1150 ὲν
2694 1096 2859 1166 σαρκὶ
2893 1094 3095 1160 ζῶσαν.
3131 1094 3329 1163 μηκέτι
3367 1096 3513 1146 κατὰ
3562 1092 3742 1162 σάρκα

2155 1190 2272 1259 ζῇν,
2296 1190 2389 1242 καὶ
2417 1191 2474 1242 ὲν
2498 1188 2574 1258 τῷ
2601 1186 2758 1259 ἀγρῷ
2785 1186 2878 1240 τοῦ
2911 1186 3119 1254 κόσμου
3142 1186 3457 1254 διάγουσαν,
3479 1185 3620 1251 πρὸς
3644 1183 3743 1245 τάς

2153 1282 2416 1352 δυνάμεις
2469 1281 2685 1352 βλέπειν
2733 1280 2832 1342 τάς
2884 1278 3223 1346 ἀγγελικάς·
3256 1276 3611 1348 μιμουμένας
3663 1276 3742 1328 δι’

2154 1373 2425 1436 ἀπαθείας
2446 1373 2546 1443 τὴν
2579 1369 2876 1443 ἀγγελικὴν
2906 1369 3258 1439 καθαρότητα
3277 1366 3604 1435 ’.δυνάμεις
3634 1365 3741 1435 γὰρ

2154 1466 2249 1519 τοῦ
2292 1465 2465 1535 ἀγροῦ
2512 1466 2632 1537 ἦτοι
2679 1462 2775 1517 τοῦ
2834 1463 3062 1531 κόσμου,
3096 1458 3390 1527 ἀγηελῑκαὶ
3432 1457 3735 1525 δυνάμεις·

2157 1559 2349 1613 πιστού
2359 1576 2513 1629 μεναι
2549 1558 2689 1627 ὑμᾶς
2716 1553 3015 1623 ἀγγελικὴν
3036 1552 3174 1617 ἕξειν
3189 1553 3245 1605 ὲν
3258 1555 3324 1623 τῇ
3339 1548 3739 1617 παλιγγενεσία

2157 1651 2497 1704 κατάστασιν
2517 1662 2530 1676 ⁸
2566 1649 2719 1716 ἰσχὺς
2748 1648 2804 1699 δὲ
2834 1645 2927 1699 καὶ
2951 1644 3179 1711 δύναμις
3206 1643 3254 1695 εί
3286 1642 3387 1713 μὲν
3419 1639 3621 1702 ἑνικῶς
3651 1637 3738 1690 λέ-

2152 1759 2332 1811 γεται,
2351 1740 2489 1812 πρὸς
2520 1740 2581 1792 τὸ
2607 1740 2758 1792 Θείον
2786 1736 3163 1805 ἀναπέμπεται
3191 1737 3224 1805 ἡ
3256 1733 3468 1787 διάνοια
3504 1732 3606 1801 τῆς
3628 1748 3738 1805 τοι·

2154 1832 2326 1901 αύτης
2377 1830 2591 1901 φωνῆς·
2631 1831 2678 1882 εἰ
2726 1829 2781 1881 δὲ
2822 1826 3254 1896 πληνθυντικῶς,
3283 1826 3384 1894 τὴν
3431 1820 3735 1890 ἀγγελικὴν

2154 1923 2315 1993 φύσιν
2348 1923 2647 1993 παρίστησι
2671 1936 2685 1950 ο
2722 1919 2781 1973 τὸ
2814 1919 2871 1973 δὲ
2899 1917 3147 1993 ὥρκισα,
3174 1916 3294 1970 ἀντὶ
3334 1914 3430 1968 τοῦ
3479 1912 3694 1979 ὁρκίζω
3715 1928 3729 1942 ·

2152 2015 2316 2083 ὅρκος
2340 2013 2396 2065 δέ
2425 2014 2542 2064 ἐστι
2569 2009 2726 2077 λόγος
2752 2008 3113 2079 πιστούμενος
3143 2005 3210 2059 δι’
3237 2003 3434 2059 ἑαυτοῦ
3466 2002 3570 2074 τὴν
3600 2003 3734 2073 ἀλή-

2153 2105 2336 2159 θειανο
2381 2103 2545 2174 ὅρκος
2584 2101 2641 2155 δὲ
2687 2100 2941 2169 λέγεται,
2978 2097 3084 2152 κᾶν
3115 2097 3314 2168 δμνυσί
3356 2113 3442 2159 τις
3488 2094 3594 2149 κᾶν
3638 2094 3732 2165 δρ-

2153 2195 2326 2265 κωθῇ.
2698 2252 2701 2255 ,
3746 2248 3758 2260 .

2219 2286 2460 2340 Νείλου.
2489 2312 2554 2324 -—
2586 2282 2661 2335 Τὸ
2695 2280 2793 2351 μὲν
2825 2278 3123 2349 διεγεῖραι,
3155 2276 3345 2348 σαφῶς
3384 2278 3510 2340 ταῖς
3561 2274 3729 2340 θυγα-

2150 2381 2342 2448 τράσιν
2374 2374 2732 2444 Ἰερουσαλὴμ
2762 2372 2978 2441 εἴρηται
2999 2390 3013 2402 ·
3046 2370 3145 2441 τὴν
3175 2373 3231 2424 ὲν
3259 2370 3367 2423 τίνι
3398 2368 3458 2423 δὲ
3483 2368 3728 2437 ἀγάπην,

2149 2469 2249 2538 τὴν
2280 2471 2336 2521 ἐν
2375 2470 2586 2530 αὐταῖς,
2618 2465 2651 2535 ἢ
2685 2463 2784 2534 τὴν
2810 2465 2868 2516 ἐν
2898 2462 2981 2540 ’τῷ
3006 2463 3244 2533 νυμφίῳ,
3280 2461 3313 2531 ἢ
3338 2461 3440 2531 τὴν
3468 2461 3615 2528 αὐτῇ
3640 2457 3716 2510 λε-

2113 2561 2340 2631 ·γούσῃ,
2383 2559 2577 2629 ἄδηλον
2632 2560 2692 2611 Εἰ
2727 2557 2825 2627 μὲν
2858 2555 2952 2610 οὖν
2980 2554 3080 2625 τὴν
3130 2554 3189 2606 ὲν
3239 2551 3477 2612 ἐκείναις
3507 2549 3729 2617 ἀγάπην

2147 2651 2491 2721 διεγερθῆναι
2520 2650 2782 2720 βούλεται,
2804 2646 3028 2702 δύναται
3057 2643 3300 2697 τοιοῦτόν
3326 2659 3380 2695 τι
3408 2641 3624 2710 λέγειν·
3647 2641 3724 2693 ὅτι

2146 2738 2217 2796 Ὦ
2245 2742 2459 2811 βραδεῖς
2482 2740 2575 2794 καὶ
2591 2736 2975 2806 ἀσυναίσθητοι
3005 2735 3112 2789 τῶν
3136 2731 3547 2803 συμφερόντων.
3568 2729 3729 2782 πόσον

2147 2833 2337 2902 κέρδος
2369 2831 2648 2901 παρορᾶτε
2682 2829 2770 2882 διά
2800 2826 3091 2896 ἀπειρίανί
3127 2824 3300 2895 Ὅπερ
3326 2824 3438 2885 τοῖς
3469 2820 3725 2888 ἀγαπῶσι

2147 2924 2239 2976 τὸν
2280 2920 2556 2990 Νυμφὶον,
2604 2921 2668 2972 ὲκ
2710 2918 2805 2970 τοῦ
2836 2917 3056 2986 ἀγαπᾷν
3104 2913 3488 2985 περιγίνεται·
3522 2908 3727 2980 ὁρκίζω

2150 3015 2293 3084 ὑμᾶς
2323 3011 2464 3065 κατὰ
2493 3011 2600 3064 τῶν
2626 3009 2905 3079 δυνάμεων
2936 3007 3029 3061 τοῦ
3057 3003 3255 3077 άγροῦ,
3283 3003 3391 3057 τῶν
3416 3002 3491 3056 τὰ
3511 3000 3607 3055 τοῦ
3637 3000 3726 3054 κό-

2150 3120 2287 3173 σμου
2317 3100 2654 3164 διοικουσῶν,
2673 3100 2768 3153 καὶ
2794 3098 2890 3167 τῆς
2918 3096 3097 3166 ἰσχύος
3126 3086 3362 3165 αὐτῶνῇ
3391 3088 3725 3161 καταργοῦσι

2146 3195 2271 3257 τοὺς
2318 3192 2614 3254 ἐναντίους,
2649 3191 2859 3259 ἐγεῖραι
2908 3185 3273 3242 καθεύδουσαν
3320 3185 3379 3237 ὲν
3432 3184 3602 3254 ὑμῖν,
3635 3182 3722 3235 καὶ

2145 3285 2414 3354 ἐξεγεῖραι
2441 3283 2539 3354 τὴν
2575 3282 2710 3353 πρὸς
2738 3281 2828 3333 τὸν
2847 3278 3099 3350 Νυμφίον
3116 3276 3339 3344 ἀγάπην
3357 3293 3372 3307 ·
3397 3276 3495 3328 καὶ
3525 3274 3723 3343 γνῶναι

2142 3378 2243 3447 τὴν
2274 3376 2467 3447 ἡδονὴν
2490 3375 2589 3444 τὴν
2615 3373 2776 3443 ἐμὴν,
2805 3374 2869 3425 ὲκ
2897 3371 2992 3424 τοῦ
3038 3371 3095 3423 έν
3128 3368 3294 3439 πείρᾳ
3338 3367 3596 3437 γενέσθαι
3630 3364 3724 3417 αὐ-

2136 3469 2273 3538 τῆς·
2325 3466 2637 3537 παρακαλεῖ
2666 3465 2723 3520 δὲ
2759 3465 2931 3528 αὑτὰς
2974 3463 3036 3517 τὸ
3077 3463 3301 3519 ἐκείνων
3350 3460 3545 3529 κέρδος
3598 3473 3724 3511 σκο-

2143 3561 2343 3625 ποῦσα,
2372 3560 2466 3612 καὶ
2494 3558 2592 3629 τὴν
2618 3558 2883 3627 ὠφέλειαν
2918 3555 3098 3609 αὐτῶν
3138 3554 3494 3624 λογιζομένη·
3530 3552 3627 3605 ἐὰν
3668 3549 3722 3601 δὲ

2141 3653 2240 3721 τὴν
2284 3651 2377 3704 τοῦ
2404 3650 2657 3720 Νυμφίου
2702 3649 2923 3718 ἀγάπην
2974 3647 3317 3718 διεγερθῆναι
3369 3645 3541 3718 θέλῃ,
3568 3641 3723 3697 τοῦτό

2143 3759 2339 3813 φησιν’
2379 3740 2611 3813 Ὁρκίζω
2642 3736 2806 3811 ὑμᾶς,
2831 3738 3128 3809 θυγατέρες
3162 3735 3540 3807 Ἰερουσαλὴμ,
3562 3750 3722 3805 προσο

2142 3834 2319 3887 εὶθεῖν
2350 3832 2429 3902 τῷ
2473 3831 2565 3884 ὑπ’
2589 3830 2725 3899 ἐμοῦ
2774 3829 3139 3899 ἠγαπημένῳ,
3171 3827 3266 3881 καὶ
3297 3826 3358 3879 τὸ
3390 3826 3524 3895 ἐμὸν
3554 3823 3722 3885 πάθος

2142 3922 2463 3990 ἀναγγεῖλαι
2489 3919 2640 3991 αὐτῷ
2661 3937 2673 3949 ·
2700 3919 2850 3982 ὅπως
2878 3917 3041 3972 αὑτὸν
3067 3916 3338 3984 ἀγαπῶσα
3366 3917 3506 3969 οίκοι
3541 3915 3721 3984 μένειν

2140 4014 2199 4066 οὐ
2226 4012 2484 4082 δύναμαι,
2518 4008 2891 4075 ἐξελαύνοντος
2926 4024 3028 4078 μου
3057 4005 3153 4061 τοῦ
3181 4007 3348 4061 πόθου
3367 4044 3384 4072 ,
3419 4007 3513 4060 καὶ
3543 4005 3720 4066 πάσας

2142 4103 2353 4156 ἐπιέναι
2379 4102 2477 4165 τὰς
2503 4101 2656 4163 ὀδοὺς
2681 4098 3105 4167 ἀναγκάζοντος,
3141 4101 3308 4168 μήπω
3339 4096 3436 4151 καὶ
3463 4097 3530 4148 ὲκ
3554 4095 3721 4165 τύχης

2143 4196 2376 4264 συναντῇ
2429 4192 2504 4264 τῷ
2554 4192 2908 4261 ποθουμένῳ·
2959 4191 3242 4261 ἀμφιϐάλῃ
3290 4190 3398 4261 γὰρ
3448 4189 3613 4260 τάχα,
3647 4188 3717 4256 μή

2143 4302 2273 4337 ποτε
2319 4284 2419 4337 οὐκ
2466 4281 2684 4351 ἀληθῶς
2729 4282 3011 4349 ἀγαπᾶται
3033 4298 3046 4310 ο
3083 4281 3177 4334 καὶ
3206 4279 3306 4351 ἤδη
3338 4279 3593 4348 φαίνεται
3628 4276 3717 4329 καὶ

464 4384 525 4430 ut
554 4375 819 4444 majorem
850 4374 1051 4428 excitet
1082 4385 1324 4428 amorem
1353 4386 1404 4428 et
1457 4375 1829 4429 tabescentem
1886 4388 2040 4428 resu-

2146 4376 2478 4447 συντυχοῦσα
2521 4375 2615 4429 καὶ
2660 4374 2816 4442 λόγον
2846 4372 3129 4427 ἀκούσασα
3161 4371 3314 4441 παρά
3342 4370 3435 4424 τοῦ
3466 4368 3715 4440 Νυμφίου

463 4471 621 4526 scitet
651 4467 1038 4538 cupiditatem.
1070 4463 1130 4518 In
1153 4466 1480 4536 quibusdam
1516 4475 1695 4521 autem
1718 4466 2043 4535 exemplari-

465 4563 568 4613 l:ns
609 4556 842 4610 habetur
876 4573 890 4610 :
923 4553 998 4607 Ne
1021 4555 1292 4609 suscitatis
1324 4571 1495 4625 neque
1512 4556 1764 4626 evigilare
1796 4554 2036 4625 faciatis.

460 4650 601 4716 Quia
647 4664 756 4704 non
796 4662 937 4717 opus
981 4646 1159 4700 habeo
1205 4646 1546 4710 mediatore;
1604 4649 1720 4703 scio
1760 4648 1905 4702 enim
1953 4661 2039 4701 me

460 4744 676 4811 dignam
709 4739 829 4810 ipso
856 4734 1149 4797 redditam.
1184 4737 1328 4793 unde
1348 4737 1685 4793 voluntatem
1706 4738 1828 4808 ejus
1860 4736 1927 4792 ad
1951 4737 2034 4792 di-

2140 4465 2240 4536 τὴν
2293 4464 2517 4533 ἀγάπην
2563 4462 2886 4533 δηλοῦντος’
2941 4463 3216 4532 ὑποχωρεῖ
3258 4461 3367 4531 γάρ
3411 4463 3439 4514 ὁ
3468 4458 3716 4530 Νυμφίος

2141 4556 2431 4620 πολλάκις,
2463 4556 2647 4609 πλεῖον
2678 4556 2848 4622 αὐτῆς
2878 4555 2970 4608 τὸν
3002 4554 3178 4626 ἔρωτα
3205 4552 3507 4623 διεγείρων,
3535 4552 3629 4606 καὶ
3659 4549 3717 4603 τὸ

2145 4647 2545 4720 μαραινόμενον
2569 4647 2666 4716 τῆς
2683 4646 2980 4715 ἐπιθυμίας
2997 4644 3374 4717 ἀναρριπίζων
3392 4661 3407 4677 ο
3444 4645 3502 4697 έν
3528 4660 3636 4698 τισι
3659 4640 3736 4713 δὲ.

2141 4737 2249 4791 τῶν
2288 4735 2641 4809 ἀντιγράφων
2675 4735 2810 4807 ἔχει,
2841 4736 2937 4803 Μὴ
2966 4736 3251 4804 ἑγείρητε.
3307 4734 3457 4801 μηδὲ
3492 4733 3712 4803 ἐξεγεί-

459 4833 749 4888 lectionem
798 4844 976 4886 meam
1037 4829 1265 4885 excito:
1315 4844 1423 4884 non
1485 4831 1630 4885 enim
1691 4830 2036 4886 lenocinatur

2146 4847 2302 4898 ρητε,
2336 4829 2430 4881 ἐὰν
2460 4827 2559 4899 μὲν
2582 4827 2681 4900 τὴν
2712 4829 2851 4899 πρὶς
2880 4828 3081 4895 ἑαυτὴν
3110 4827 3203 4880 to?)
3231 4828 3506 4897 Νυμφέου,
3540 4829 3619 4881 ὅτι
3652 4825 3711 4877 οὑ

459 4921 706 4975 caelestis
729 4935 906 4983 amor,
936 4919 1032 4975 sed
1066 4919 1185 4990 ipse
1213 4920 1428 4990 accedit
1464 4920 1885 4990 pulchritudine
1913 4920 2035 4973 ani-

462 5027 563 5066 mae
599 5021 810 5066 tractus
852 5020 907 5065 et
948 5012 1209 5080 operibus
1248 5012 1518 5066 virtutum
1572 5011 1776 5068 certior
1815 5011 2033 5077 factus,

461 5120 569 5158 non
616 5103 932 5158 rumoribus
987 5112 1267 5172 gestorum
1328 5118 1682 5174 persuasus:
1748 5106 1794 5161 si
1853 5114 2033 5159 autem

456 5195 675 5248 i'lorum
724 5205 791 5246 nc
821 5191 1105 5246 suscitatis
1133 5208 1263 5263 erga
1299 5194 1478 5263 ipsum
1509 5194 1882 5250 dilectionem.
1924 5195 2034 5249 Ad-

456 5283 563 5334 huc
585 5279 733 5333 enim
781 5280 936 5333 vobis
964 5272 1201 5335 necdum
1234 5282 1487 5337 stabilem
1527 5283 1876 5353 diligentium
1913 5292 2030 5337 sta-

455 5387 571 5429 tum
627 5374 900 5450 assecutis
929 5388 1069 5441 opus
1102 5381 1208 5437 est,
1241 5383 1304 5428 ut
1334 5375 1438 5432 hoc
1470 5385 1714 5446 tempore
1744 5376 1850 5447 ipsi
1879 5376 1933 5431 in
1963 5377 2033 5429 ti-

454 5482 608 5521 more
637 5465 914 5531 serviatis,
937 5482 1001 5521 ne
1034 5465 1268 5522 forsitan
1296 5468 1679 5538 intempestive
1707 5468 2027 5538 dilationem

452 5556 758 5609 excitantes
804 5555 1125 5622 lasciviatis,
1162 5565 1351 5627 utpote
1393 5534 1629 5614 necdum
1678 5558 1885 5615 edoctae
1938 5534 2035 5629 ip:

453 5648 570 5701 sius
597 5644 862 5701 charitalc
898 5648 976 5701 uti
1003 5657 1170 5702 recte.

2139 4920 2329 4992 χρείαν
2361 4919 2469 4990 ἔχω
2497 4920 2719 4990 μεσίτου
2739 4937 2752 4951 ο
2784 4916 2901 4973 οἶδα
2934 4921 3043 4988 γὰρ
3069 4920 3153 4971 ὃτι
3182 4918 3307 4985 ἀξία
3328 4921 3593 4987 γενομένη
3615 4919 3710 4970 αὐ·

2141 5011 2258 5068 τοῦ.
2290 5012 2349 5064 τὸ
2377 5010 2587 5083 θέλημα
2616 5010 2780 5063 αὑτοῦ
2807 5013 2938 5080 πρὸς
2973 5010 3069 5080 τὴν
3113 5010 3249 5080 ἐμὴν
3276 5011 3498 5083 ἀγάπην
3525 5009 3709 5077 διεγεί-

2147 5121 2225 5172 ρω
2245 5119 2257 5131 ο
2294 5104 2354 5155 οὐ
2383 5102 2493 5172 γὰρ
2524 5103 2961 5172 μαστροπεύεται
2991 5105 3018 5157 ὁ
3046 5104 3294 5172 οὐράνιος
3339 5102 3510 5173 ἔρως·
3554 5103 3710 5161 αὐτὸς

2139 5192 2194 5244 δὲ
2221 5193 2475 5261 ἐπιφοιτᾷ
2500 5191 2576 5262 τῷ
2601 5191 2787 5245 κάλλει
2817 5190 2917 5259 τῆς
2943 5191 3124 5263 ψυχῆς
3153 5192 3462 5262 ἑλκόμενος,
3491 5193 3580 5246 καὶ
3601 5192 3708 5250 τοῖς

2138 5285 2322 5355 ἔργοις
2350 5284 2458 5335 τῶν
2484 5283 2694 5353 ἀρετῶν
2718 5284 3249 5355 πληροφορούμενος.
3275 5286 3393 5354 οὐχὶ
3419 5285 3474 5337 δὲ
3505 5286 3709 5353 φήμαις

2138 5376 2247 5429 τῶν
2280 5373 2580 5443 γινομένων
2622 5376 2947 5446 πειθόμενος
2971 5392 2983 5406 ·
3034 5378 3131 5429 eam
3165 5376 3219 5429 δὲ
3252 5377 3351 5448 τὴν
3385 5376 3603 5430 ἐκείνων
3637 5371 3707 5441 μὴ

2136 5467 2387 5538 ὲγείρητε
2410 5485 2509 5537 την
2533 5467 2667 5538 πρὸς
2693 5468 2858 5522 αὐτὸν
2882 5469 3102 5538 ἀγάπην
3118 5485 3133 5500 ο
3162 5468 3242 5521 ἔτι
3270 5469 3375 5537 γὰρ
3402 5471 3533 5538 ἡμῖν
3557 5479 3704 5536 χρεία

2138 5555 2331 5625 καιροῦ
2379 5554 2473 5607 τοῦ
2519 5557 2578 5607 ὲν
2614 5555 2764 5625 φόϐῳ
2811 5556 3081 5611 δουλεύειν
3112 5557 3280 5627 αὐτῷ,
3314 5558 3415 5610 οὐκ
3461 5557 3704 5625 ἐχούσαις

2135 5650 2267 5712 τέως
2318 5646 2611 5717 βεϐηκυῖαν
2657 5650 2753 5719 τὴν
2803 5649 2912 5701 τῶν
2959 5649 3299 5717 ἀγαπώντων
3356 5650 3697 5706 κατάστασιν.
