4060 6384
312 313 447 378 1593

1266 315 1805 376 COMMENTARlI
1845 316 1929 374 IN
1971 317 2290 378 CANTICA
2330 317 2622 378 CANTIC.

3445 311 3581 375 1594

313 426 514 493 μήπως
541 422 737 494 ἀώρως
761 421 860 494 τὴν
880 421 1103 494 ἀγάπην
1132 424 1400 492 κινήσασα
1449 422 1920 493 καταστηνιάσητε
1959 424 2160 476 αὑτοῦ·
2209 425 2304 477 ἀτε
2359 424 2586 496 μηδέπω
2623 422 2872 494 μαθοῦσα
2905 421 3208 492 κεχρῆσθαι
3277 425 3344 494 τῇ
3389 424 3578 494 ἀγάπῃ

310 515 518 579 καλῶς.

381 613 453 674 η’.
474 575 672 672 ⁷Φωνὴ
695 575 808 659 ’τοῦ
836 604 1162 674 ἀδελφιδοῦ
1193 622 1315 674 μου
1343 621 1356 634 ⁸
1387 605 1519 660 ἰδοὺ
1545 601 1726 672 οὗτος
1764 604 1898 670 ἥκει

2073 604 2242 659 Vens.
2267 605 2321 660 8.
2366 603 2478 657 Vox
2503 604 2780 672 fratruelis
2810 604 2909 658 mei
2941 619 2959 657 :
2987 620 3102 658 ecce
3125 604 3208 656 hic
3235 603 3367 656 venit
3383 603 3577 658 saliens

311 697 526 763 πηδῶν
561 697 660 750 ἐπὶ
700 697 773 752 τὰ
810 696 916 765 ὄρη
944 735 959 762 ,
1001 696 1402 765 διαλλόμενος
1441 697 1536 750 ἐπὶ
1578 697 1720 762 τοὺς
1751 696 1903 760 βου-

309 788 486 851 νοῦς.

380 877 746 946 Γρηγορίου.
777 877 948 929 -Ἐν
979 877 1272 940 τοσαύταις
1301 877 1506 939 ἀνόδοις
1532 875 1807 946 ὑψωθεῖσα
1829 877 1906 929 δι’

311 971 539 1039 ἀγάπης
571 969 710 1038 πρὸς
734 969 836 1040 τὴν
857 970 966 1021 τῶν
991 970 1214 1038 ἀγαθῶν
1247 972 1536 1040 μετουσίαν
1563 971 1596 1038 ὴ
1629 969 1904 1038 κεκαθαρ-

319 1061 456 1131 pi”;
489 1061 660 1129 ψυχὴ,
684 1058 839 1111 οὔπω
871 1060 1260 1128 κατειληφέναι
1287 1059 1436 1112 δοκεῖ
1459 1059 1519 1111 τὸ
1549 1057 1902 1128 ζητούμενυνο

317 1153 500 1213 πάσας
533 1151 646 1220 γὰρ
664 1151 763 1212 τάς
791 1149 1084 1214 ἀναϐάσεις
1113 1151 1346 1213 ὲκείνας,
1373 1151 1433 1204 ού
1464 1149 1700 1221 θεωρίαν
1732 1167 1788 1203 τε
1811 1150 1906 1203 καὶ

314 1239 625 1308 κατάληψιν
653 1240 752 1308 τῆς
779 1239 1056 1308 ἀληθείας,
1085 1239 1221 1293 ἀλλά
1248 1241 1431 1308 φωνὴν
1450 1239 1544 1293 τοῦ
1567 1240 1905 1308 ποθουμένου

314 1328 685 1398 κατονομάζει
711 1371 725 1388 ,
761 1329 849 1380 διὰ
879 1328 980 1398 τῆς
1012 1329 1185 1396 ἀκοῆς
1216 1330 1765 1400 χαρακτηριζομένην
1796 1331 1907 1391 τοῖς

318 1421 632 1488 ἱδιώμασιν,
664 1419 725 1472 οὐ
761 1419 848 1470 διὰ
881 1419 982 1488 τῆς
1003 1423 1386 1489 κατανοήσεως
1417 1421 1828 1491 γινωσκομένην
1845 1436 1904 1473 τε

313 1512 408 1564 καὶ
445 1511 850 1580 εὖφραίνουσαν
870 1525 885 1540 ⁸
918 1513 1092 1581 φωνὴ,
1126 1513 1310 1583 φησὶν,
1346 1513 1443 1564 οὐκ
1463 1507 1622 1574 εἶδος,
1645 1513 1706 1564 ού
1735 1511 1906 1581 πρόσ-

311 1622 490 1664 ωπον,
522 1603 586 1656 ού
636 1603 922 1674 χαρακτὴρ
975 1604 1257 1674 ἐμφαίνων
1295 1603 1390 1656 τοῦ
1427 1604 1759 1674 ζητουμένου
1807 1604 1905 1674 τὴν

312 1696 524 1761 φύσιν·
554 1694 690 1746 ἀλλά
727 1695 878 1763 φωνὴ
899 1735 913 1756 ,
948 1695 1254 1764 στοχασμὸν
1287 1695 1488 1763 μᾶλλον
1529 1695 1562 1764 ἢ
1616 1695 1904 1763 βεϐαίωσιν

310 1783 625 1851 ἐμποιοῦσα
659 1784 787 1852 περὶ
818 1782 911 1835 τοῦ
946 1784 1321 1852 φθεγγομένου
1353 1786 1409 1847 ὃς
1439 1785 1524 1849 τίς
1561 1788 1676 1838 ἐστι
1702 1801 1715 1816 ·
1746 1786 1905 1856 τοῦτο

311 1875 368 1925 δὲ
402 1876 714 1942 παρίστησι
754 1876 849 1927 καὶ
887 1875 949 1926 τὸ
992 1875 1234 1927 ποικίλον
1275 1878 1375 1945 τῆς
1407 1878 1708 1940 ὀπτασίας·
1749 1877 1902 1930 Ἰδοὺ

2005 716 2170 768 supra
2199 712 2424 763 montes,
2453 699 2763 752 transiliens
2805 714 2970 766 supra
2999 699 3182 754 colles.

2079 877 2340 946 Gregorii.
2407 907 2477 918 —
2516 873 2574 928 In
2615 876 2782 930 tantis
2825 875 3115 930 sublimata
3163 876 3580 933 ascensionibus

2007 986 2103 1040 per
2149 970 2473 1023 eharitatem
2523 968 2588 1021 ad
2636 967 2762 1021 boni
2816 967 3292 1037 participationem
3352 978 3578 1039 purgata

2009 1063 2189 1115 anima
2248 1059 2491 1113 nondum
2551 1057 3034 1127 comprehendisse
3071 1057 3286 1111 videtur
3335 1059 3387 1112 id
3431 1059 3577 1128 quod

2007 1153 2290 1223 qua-ritur.
2324 1150 2527 1205 Omnes
2559 1150 2704 1203 enim
2743 1149 2865 1202 illas
2892 1149 3268 1214 ascensiones,
3307 1166 3414 1203 non
3441 1166 3574 1204 con-

2010 1239 2423 1310 templationem
2477 1248 2530 1292 et
2573 1237 3128 1306 comprehensionem
3163 1239 3430 1300 veritatis,
3485 1239 3576 1292 sed

2006 1351 2198 1389 vorem
2232 1333 2351 1402 eius
2375 1331 2466 1402 qui
2501 1329 2846 1385 desideratur
2874 1328 3132 1397 appellat,
3154 1343 3273 1396 qum
3296 1344 3390 1398 per
3419 1329 3577 1380 audi-

2007 1434 2121 1479 tum
2146 1425 2473 1493 exprimitur
2503 1423 2554 1474 in
2580 1419 3029 1488 proprietatibus,
3056 1434 3162 1471 non
3189 1429 3363 1471 autem
3384 1419 3579 1471 mentis

2007 1515 2500 1581 comprehensione
2531 1511 2884 1582 cognoscitur
2929 1522 3096 1579 atque
3119 1510 3358 1564 laetificat
3391 1528 3404 1564 :
3441 1510 3574 1572 Vox,

2006 1609 2204 1678 inquit,
2239 1623 2345 1661 non
2379 1605 2578 1666 forma,
2606 1619 2715 1657 non
2745 1601 2935 1666 facies,
2973 1618 3080 1656 non
3127 1602 3319 1672 figura,
3351 1616 3575 1670 expres-

2009 1716 2125 1756 sam
2162 1699 2462 1752 ostendens
2495 1706 2750 1749 naturam
2784 1694 2928 1759 ejus,
2963 1693 3059 1747 sed
3097 1707 3200 1744 vox
3238 1692 3412 1758 magis
3447 1691 3572 1744 απυ-

2008 1807 2135 1846 rcns
2159 1790 2534 1860 conjecturam
2565 1802 2728 1856 quam
2779 1787 2988 1840 firmam
3043 1783 3579 1854 cognitionem,quis

2006 1883 2077 1936 sit
2102 1885 2148 1937 is
2175 1882 2268 1952 qui
2303 1881 2566 1950 loquitur.
2603 1878 2715 1933 l‘loc
2749 1889 2928 1932 autem
2963 1875 3258 1931 diversitas
3275 1861 3467 1947 probat
3495 1878 3577 1928 vi-

310 1964 448 2034 γάρ,
474 1965 662 2030 φησὶν,
688 1960 865 2029 οὗτος
894 1963 1046 2030 ἥκει,
1073 1966 1169 2034 οὐχ
1195 1963 1388 2030 ἑστὼς,
1417 1967 1538 2019 οὐδὲ
1564 1969 1900 2037 περιμένων,

2011 1971 2204 2026 sionis.
2240 1970 2374 2025 Ecce
2398 1969 2567 2032 enim,
2601 1967 2800 2038 inquit,
2833 1967 2918 2019 hic
2941 1967 3099 2029 venit,
3134 1981 3241 2020 non
3277 1975 3448 2030 stans,
3468 1981 3576 2018 non

308 2058 380 2120 ὼς
434 2058 525 2109 διὰ
565 2057 666 2124 τῆς
707 2057 979 2127 ἐπιμονῆς
1031 2059 1403 2128 γνωρισθῆναι
1451 2060 1531 2129 τῷ
1581 2060 1901 2125 ἀτενίζοντι,

307 2147 431 2198 ἀλλ’
454 2149 799 2216 ἀφαρπάζων
853 2149 1048 2203 ἑαυτὸν
1092 2151 1201 2203 τῶν
1252 2151 1429 2219 ὄψεων
1451 2193 1465 2212 ,
1500 2152 1578 2223 τῷ
1604 2153 1779 2224 πηδᾷν
1811 2155 1905 2206 καὶ

306 2237 655 2301 διάλλεσθαι,
682 2239 777 2292 καὶ
804 2239 900 2292 νῦν
931 2241 1029 2310 μὲν
1056 2241 1298 2312 δορκάδι,
1329 2241 1423 2294 νῦν
1456 2243 1510 2296 δὲ
1546 2244 1724 2315 νεϐρῷ
1760 2263 1904 2316 παρ-

310 2335 678 2397 εικάζεσθαιο
723 2335 864 2408 τάχα
907 2337 1088 2390 τοίνυν
1133 2338 1433 2409 προϐλέπει
1481 2339 1580 2411 τὴν
1624 2341 1905 2412 πόρρωθεν

310 2427 729 2498 κηρυχθεῖσαν,
770 2427 998 2499 ὕστερον
1043 2430 1100 2482 δὲ
1151 2431 1577 2502 φανερωθεῖσαν,
1626 2433 1720 2486 τοῦ
1769 2432 1903 2486 Θεοῦ

311 2518 491 2584 Λόγου
518 2519 613 2570 διὰ
643 2519 849 2588 σαρκὸς
879 2521 1193 2590 οίκονομίαν
1215 2539 1228 2552 ο
1267 2527 1626 2595 μαρτυρεῖται
1659 2524 1768 2593 γὰρ
1794 2529 1906 2589 τοῖς

283 2607 496 2674 ,ἔργοις
542 2611 577 2676 ἡ
632 2609 754 2662 θεία
806 2611 993 2680 φωνὴ,
1026 2613 1120 2666 καὶ
1156 2614 1490 2668 συνάπτεται
1518 2615 1598 2686 τῷ
1627 2617 1770 2686 λόγῳ
1802 2618 1904 2687 τῆς

324 2699 653 2768 ἐπαγγελίας
704 2703 738 2770 ἡ
789 2701 1009 2766 ἔκϐασις
1057 2703 1239 2769 καθώς
1289 2723 1454 2776 φησιν
1495 2709 1522 2758 6
1555 2709 1750 2761 Δαϐίδ·
1796 2710 1900 2776 ὅτι,

324 2805 341 2834 ι
371 2785 643 2857 Καθάπερ
696 2789 1008 2860 ἠκούσαμεν
1057 2791 1199 2846 οὕτω
1251 2796 1344 2847 καὶ
1395 2796 1611 2866 ἴδωμεν.
1653 2817 1671 2849 ι
1729 2800 1902 2869 Φωνὴ

309 2872 416 2926 τοῦ
439 2873 776 2942 ἀδελφιδοῦ
817 2895 956 2944 μου,
988 2881 1262 2934 τούτέστιν
1289 2875 1349 2935 οὗ
1379 2884 1710 2954 ἠκούσαμεν,
1748 2886 1900 2940 Ἰδοὺ

308 2960 495 3030 οὗτος
511 2966 665 3032 ἥκει·
691 2966 881 3021 τοῦτον
910 2966 1004 3022 οὖν
1031 2975 1145 3036 τοῖς
1177 2975 1472 3045 ὀφθαλμοῖς
1499 2977 1855 3047 είσδεξάμεθα
1883 2995 1897 3009 ·

303 3056 538 3121 γέγονεν
567 3053 661 3109 οὖν
695 3059 728 3126 ἡ
761 3059 912 3130 φωνὴ
940 3061 1035 3130 τοῦ
1067 3063 1322 3133 Νυμφίου
1354 3066 1441 3118 διά
1469 3067 1578 3119 τῶν
1609 3069 1902 3139 προφητῶν

304 3144 367 3192 ἐν
399 3139 486 3206 οἷς
518 3144 784 3214 ἐλάλησεν
814 3150 841 3200 ό
865 3148 1026 3213 Θεός·
1057 3152 1151 3204 καὶ
1185 3153 1322 3222 μετὰ
1349 3153 1448 3225 τὴν
1481 3159 1664 3228 φωνὴν
1692 3153 1854 3228 ἦλθεν
1873 3161 1902 3212 6

299 3236 506 3302 Λόγος,
535 3237 818 3307 ὲπίπηδῶν
848 3242 962 3304 τοῖς
995 3243 1398 3313 ἀντικειμένοις
1445 3247 1596 3317 ὄρεσι
1621 3287 1636 3310 ,
1671 3251 1900 3306 καὶτῶν

301 3325 519 3391 βουνῶν
542 3326 967 3397 καθαλλόμενος,
993 3333 1240 3385 τούτέστι
1270 3337 1601 3389 καταπατῶν
1621 3339 1714 3391 καὶ
1745 3357 1902 3394 κατα·

299 3417 454 3468 λύων
504 3416 576 3469 τὰ
612 3423 826 3488 πονηρὰ
877 3419 977 3488 τῆς
1022 3419 1132 3472 τῶν
1182 3422 1452 3493 δαιμόνων
1498 3428 1695 3491 κακίας
1750 3428 1899 3498 ὑψώ-

300 3525 486 3578 ματα.
1611 3525 1618 3530 ‘

375 3601 628 3656 Νείλου.
655 3632 722 3642 --
748 3604 966 3676 Ἐπειδὴ
1011 3606 1142 3672 Θεὸς
1195 3604 1266 3678 ἦν
1312 3611 1340 3661 6
1387 3611 1749 3682 ἀγαπώμενος
1775 3655 1789 3678 ,
1839 3615 1900 3668 ού

292 3691 640 3761 τεκμηρίοις
688 3699 1018 3763 σωματικοῖς
1072 3699 1461 3768 πιστούμενος,
1500 3704 1793 3770 διαθέσεως
1844 3707 1902 3760 δὲ

295 3784 632 3853 προσέχων,
663 3786 758 3837 καὶ
793 3786 1079 3858 λογισμοῖς
1113 3790 1454 3859 ἐμϐατεύων,
1486 3796 1651 3858 εὐθὺς
1681 3799 1902 3866 ἐπιφαί-

299 3891 457 3926 νεται
493 3875 993 3948 παραμυθούμενος
1020 3879 1120 3950 τῆς
1149 3882 1451 3952 ἀγαπώσης
1481 3886 1574 3936 τὸν
1604 3886 1766 3940 πόθον
1786 3903 1799 3918 °
1825 3887 1900 3951 ὡς

307 3965 532 4033 ἐκείνην
557 3965 890 4038 αἰσθομένην
923 3969 1017 4021 τοῦ
1058 3971 1200 4024 κατά
1231 3973 1330 4043 τὴν
1361 3976 1545 4046 φωνὴν
1580 3975 1896 4046 ἰδιώματος,

299 4057 482 4110 εἰπεῖν
515 4057 583 4110 ὲκ
614 4058 811 4126 πολλῆς
835 4060 936 4130 τῆς
968 4065 1324 4133 περιχαρείας
1345 4083 1360 4098 ο
1393 4067 1564 4134 Φωνὴ
1595 4069 1699 4122 τοῦ
1726 4069 1902 4124 ἁδελ-

295 4143 486 4211 ςριδοῦ
540 4163 682 4212 μου,
727 4146 858 4200 ἰδοὺ
909 4145 1091 4218 οὗτος
1144 4153 1312 4219 ἣκει·
1363 4156 1454 4208 τὸν
1503 4158 1613 4228 γάρ
1650 4159 1901 4232 Ἰωάννην

296 4235 653 4303 θεασάμενος
675 4237 734 4300 ὃς
753 4234 821 4309 ἦν
851 4240 883 4310 ἡ
914 4241 1092 4312 φωνὴ,
1124 4245 1219 4296 καὶ
1245 4245 1336 4298 τὸν
1353 4247 1524 4314 Λόγον
1546 4252 1895 4319 φαντάζεται,

297 4328 395 4377 καὶ
429 4327 724 4392 δεικτικῶς
757 4348 948 4400 φησιν’
987 4331 1145 4387 Ἰδοὺ
1173 4331 1351 4402 οὗτος
1385 4339 1514 4406 ἣκει
1535 4359 1548 4372 ·
1585 4342 1760 4409 Λόγου
1795 4344 1900 4417 γὰρ

296 4419 620 4487 παρουσίαν
653 4422 906 4488 σημαίνει
954 4425 987 4493 ἡ
1039 4428 1222 4496 φωνὴ·
1274 4429 1369 4481 καὶ
1419 4431 1518 4493 τὴν
1559 4435 1730 4504 ἀκοὴν
1781 4439 1901 4488 ἐπι-

298 4510 629 4580 στρέφουσα
655 4515 722 4584 τῇ
750 4513 894 4582 ὄψει,
922 4515 1164 4570 δείκνυσι
1189 4518 1250 4571 τὺ
1278 4520 1548 4577 ἀκουσθέν
1567 4541 1580 4554 ·
1611 4525 1672 4579 τὸ
1701 4527 1758 4581 δὲ
1789 4546 1899 4598 πη-

2009 2079 2358 2134 permanens,
2415 2070 2474 2116 ut
2526 2077 2623 2132 per
2664 2061 2981 2115 diuturnam
3029 2059 3369 2114 mansionem
3407 2060 3580 2128 possit

2007 2157 2231 2224 agnosci
2273 2156 2344 2209 ab
2371 2170 2438 2208 eo
2469 2154 2561 2224 qui
2583 2153 2708 2206 fixis
2741 2153 2983 2206 intuetur
3010 2151 3207 2214 oculis,
3262 2153 3355 2206 sed
3405 2167 3464 2206 se
3511 2151 3579 2202 ab

2007 2247 2186 2302 oculis
2229 2246 2546 2316 subripiens
2585 2243 2832 2298 saliendo
2875 2251 2929 2300 et
2971 2243 3308 2298 subsilicndo
3337 2244 3578 2297 etmodo

2007 2339 2226 2407 quidem
2254 2353 2455 2406 caprae,
2485 2338 2646 2391 modo
2673 2344 2854 2390 autem
2872 2335 3102 2390 hinnulo
3121 2352 3180 2391 se
3202 2337 3576 2390 assimilando.

2006 2431 2209 2499 Nempe
2243 2429 2498 2486 fortassis
2525 2429 2783 2499 praevidet
2816 2427 3035 2482 eminus
3059 2427 3574 2495 prmdicatammost-

2005 2541 2067 2578 ea
2117 2539 2248 2578 vero
2282 2523 2690 2577 manifestatam
2748 2519 2840 2574 Dei
2893 2519 3056 2575 Verbi
3089 2534 3183 2588 per
3209 2533 3429 2572 carnem
3462 2518 3576 2571 dis-

2006 2617 2409 2686 pensationem.
2444 2613 2579 2667 Nam
2617 2613 2684 2668 de
2717 2628 2852 2665 voce
2883 2613 3064 2665 divina
3097 2611 3470 2665 testimonium
3500 2612 3579 2664 fe-

2007 2715 2333 2775 runtopera.
2352 2715 2406 2757 et
2436 2704 2604 2757 verbo
2633 2701 3017 2772 promissionis
3045 2699 3398 2769 coniungitur
3417 2715 3580 2753 even-

2007 2811 2116 2863 tus,
2142 2799 2285 2852 sicut
2313 2797 2445 2850 dicit
2476 2793 2643 2847 David
2673 2812 2685 2846 :
2718 2812 2736 2844 ι
2760 2793 2912 2846 Sicut
2944 2791 3273 2853 audivimus,
3302 2791 3383 2845 sic
3438 2789 3580 2843 vidi-

2005 2907 2127 2944 mus
2169 2891 2233 2942 “.
2279 2907 2297 2940 ι
2333 2918 2401 2929 --
2447 2887 2560 2938 νοω
2593 2885 2871 2953 fratruelis
2897 2882 3021 2945 mei,
3053 2881 3154 2933 hoc
3191 2889 3274 2933 est
3299 2879 3443 2948 quod
3478 2895 3578 2933 au-

2008 2982 2245 3035 divimus
2273 2995 2285 3030 :
2320 2977 2452 3030 Ecce
2501 2976 2585 3028 hic
2618 2975 2776 3038 venit,
2808 2974 2910 3026 boc
2939 2970 3188 3040 estquod
3222 2970 3397 3024 oculis
3439 2969 3576 3022 bau-

2008 3075 2202 3128 simus.
2256 3068 2421 3124 Facta
2459 3076 2543 3121 est
2568 3065 2732 3137 igitur
2763 3080 2865 3118 vox
2895 3061 3099 3133 Sponsi
3141 3075 3237 3132 per
3277 3060 3577 3131 prophetas

2005 3165 2059 3218 in
2100 3163 2300 3232 quibus
2343 3162 2559 3214 locutus
2602 3167 2688 3211 est
2725 3156 2897 3218 Deus;
2947 3164 2999 3208 et
3039 3163 3162 3224 post
3203 3167 3388 3206 vocem
3431 3152 3579 3204 Venit

2011 3251 2247 3306 Verbum
2295 3250 2498 3306 saliens
2543 3263 2713 3317 supra
2766 3256 2982 3298 montes
3022 3243 3287 3297 adversos
3313 3251 3367 3296 et
3411 3243 3576 3297 colles

2007 3342 2343 3403 transiliens,
2384 3340 2489 3392 hoc
2528 3327 2609 3394 est
2659 3337 2994 3391 conculcans
3034 3345 3085 3389 et
3113 3333 3420 3389 dissolvens
3456 3349 3579 3404 per-

2003 3449 2191 3489 versas
2222 3433 2475 3502 nequitiae
2506 3432 2812 3484 diemouum
2841 3428 3178 3482 aititudines.

2079 3609 2219 3664 Nili.
2251 3641 2319 3651 —
2361 3607 2500 3674 Quia
2537 3607 2680 3660 Deus
2731 3616 2848 3660 erat
2883 3605 3114 3659 dilectus
3147 3620 3252 3659 non
3290 3619 3578 3674 argumen-

2003 3703 2075 3758 tis
2115 3701 2398 3770 corporeis
2487 3699 2778 3768 probatus,
2827 3707 2880 3752 et
2922 3695 3139 3751 alfectui
3191 3697 3476 3750 attendens
3524 3705 3578 3748 et

2005 3801 2304 3864 penetrans
2348 3791 2739 3860 cogitationes,
2779 3788 3070 3842 confestim
3111 3798 3334 3857 apparet
3375 3802 3578 3841 conso-

2004 3885 2124 3937 lans
2165 3881 2500 3936 desiderium
2538 3877 2851 3933 dilectionis
2893 3895 2906 3932 :
2945 3878 3088 3932 sicut
3129 3877 3219 3930 illa
3266 3892 3388 3947 qua:
3427 3876 3582 3931 vocis

2002 3975 2124 4044 ejus
2155 3980 2474 4045 perceperat
2509 3971 2904 4042 proprietatem
2933 3985 3047 4039 prae
3073 3969 3272 4038 gaudio
3296 3970 3468 4022 multo
3492 3969 3580 4023 di-

2003 4076 2152 4122 ceret
2190 4082 2206 4122 :
2251 4061 2368 4121 Vox
2417 4064 2696 4135 fratruelis
2737 4064 2868 4129 mei,
2941 4078 3056 4117 ecce
3107 4062 3191 4114 hic
3235 4063 3391 4117 venit.
3441 4061 3575 4116 Nam

2002 4159 2272 4214 Joannem
2311 4169 2714 4226 praecursorem
2764 4154 2861 4224 qui
2903 4169 3007 4207 vox
3040 4161 3158 4207 erat
3190 4153 3381 4207 videns
3413 4153 3576 4205 etiam

2008 4253 2242 4306 Verbum
2279 4249 2612 4320 imaginatur
2642 4256 2697 4300 et
2727 4246 3162 4302 demonstrative
3188 4247 3264 4300 ait
3292 4259 3306 4303 '.
3332 4245 3467 4299 Ecce
3494 4245 3579 4298 hic

2005 4345 2164 4400 venit.
2202 4341 2363 4398 Verbi
2391 4343 2536 4398 enim
2577 4339 2924 4411 praesentiam
2959 4340 3232 4410 significat
3271 4355 3371 4395 vos
3397 4347 3450 4394 et
3478 4354 3580 4393 au-

2004 4444 2180 4498 ditum
2207 4451 2559 4512 retorquens,
2589 4440 2711 4495 visu
2749 4437 2994 4493 ostendit
3043 4439 3188 4508 quod
3230 4436 3582 4498 audiebatur,

2005 4534 2139 4588 illud
2187 4547 2352 4603 porro
2398 4532 2597 4586 saliens
2645 4545 2809 4598 supra
2857 4537 3083 4592 montes,
3133 4527 3442 4582 transiliens
3491 4541 3584 4592 per

293 4601 407 4696 δῷν
431 4603 540 4696 Δἐπὶ.
561 4602 631 4654 τὰ
650 4603 774 4696 δρη,
798 4604 1144 4678 διαλλόμενος
1172 4609 1264 4663 ἐπὶ
1297 4612 1423 4676 τοὺς
1453 4615 1695 4683 βουνοὺς,
1719 4619 1897 4673 τοιοῦ-

2010 4601 2200 4692 colles,
2239 4633 2323 4680 est
2351 4621 2668 4679 istiusmodi
2698 4637 2712 4674 :
2741 4620 2944 4676 Vocem
2971 4621 3192 4690 quidem
3224 4619 3344 4688 ejus
3366 4618 3583 4672 enduus

292 4692 393 4746 τόν
426 4693 588 4745 ἐστι’
625 4695 724 4763 τῆς
759 4696 860 4766 μὲν
906 4699 1090 4768 φωνῆς
1134 4702 1301 4756 αὐτοῦ
1339 4705 1621 4776 πόρρωθεν
1647 4710 1896 4781 ἀκήκοαο

294 4785 403 4854 ἤδη
436 4785 501 4838 δὲ
528 4785 625 4838 καὶ
651 4788 814 4840 αὐτὸν
839 4791 1048 4844 ἐκεῖνον
1091 4794 1204 4864 ὁρῶ
1235 4797 1490 4867 πηδῶντα
1523 4801 1613 4852 ἐπὶ
1661 4803 1730 4855 τὰ
1770 4802 1894 4874 ὅρη,

294 4880 397 4930 καί
427 4877 787 4948 διαλλόμενον
835 4883 930 4935 ἐπὶ
975 4883 1104 4948 τοὺς
1153 4885 1396 4955 βουνοὺς,
1427 4891 1564 4960 ὅπερ
1595 4894 1896 4964 ἐπληροῦτο

293 4969 396 5020 ἐπὶ
425 4967 532 5037 τῆς
562 4970 1032 5042 ὲνανθρωπήσεως
1063 4979 1156 5029 τού
1195 4979 1462 5048 Χριστοῦ·
1501 4986 1555 5036 αἱ
1591 4987 1699 5056 γὰρ
1733 4987 1896 5041 ἐκϐά-

297 5076 356 5110 as
369 5077 420 5120 ις
455 5059 568 5111 τῶν
611 5064 741 5132 περὶ
775 5065 939 5117 αὐτοῦ
971 5071 1318 5135 προςοητειών
1341 5113 1355 5135 ,
1384 5073 1682 5144 πηδήματα
1708 5073 1776 5148 ἦν
1806 5079 1900 5130 καὶ

297 5151 564 5217 ἆλματαο
599 5151 699 5220 δρη
749 5153 806 5206 δὲ
854 5155 948 5207 καὶ
983 5156 1164 5225 βουνοὶ
1197 5163 1244 5213 οἱ
1273 5163 1402 5231 περὶ
1446 5165 1611 5218 αὑτοῦ
1652 5169 1899 5233 εἰπόντες

300 5244 618 5313 προφῆται·
671 5239 854 5312 ἐφ’ὦν
900 5248 1271 5321 διαλλόμενος,
1306 5255 1400 5308 καὶ
1445 5256 1538 5325 ἀφ’
1563 5258 1766 5328 ἐτέρων
1815 5262 1898 5325 είς

298 5335 474 5402 ἔτερα
520 5335 726 5404 πηδῶν,
757 5340 856 5406 τὴν
886 5339 1116 5393 ἑκάστου
1149 5345 1494 5414 προφητείαν
1530 5345 1728 5416 ᾠκείου
1761 5352 1897 5419 πρὸς

310 5424 404 5492 τὴν
454 5423 688 5495 ἑτέραν
735 5425 793 5478 ἒν
841 5428 1000 5498 σῶμα
1035 5430 1132 5494 τὰς
1164 5432 1457 5504 διαφόρους
1485 5436 1650 5490 ποιῶν
1683 5455 1898 5510 προφη-

306 5514 483 5576 τείας,
518 5514 611 5566 καὶ
640 5516 928 5570 συνάπτων
957 5521 1068 5582 τοῖς
1102 5519 1304 5592 ἆλμαεσι
1342 5523 1451 5578 τῶν
1493 5526 1796 5596 νοημάτων,
1827 5527 1893 5581 τὰ

384 5691 427 5721 ⁸⁸
460 5691 602 5747 l‘sal.
651 5709 814 5760 sunt,
848 5698 900 5752 ξ).

2007 4719 2215 4782 audivi,
2234 4718 2346 4786 jam
2375 4727 2557 4770 autem
2586 4715 2736 4768 illum
2761 4715 2928 4784 etiam
2965 4712 3148 4783 ipsum
3186 4727 3355 4766 cerno
3383 4711 3582 4764 salien-

2005 4821 2112 4866 tem
2160 4823 2326 4878 supra
2377 4815 2595 4861 montes
2637 4813 2691 4859 et
2720 4819 2818 4871 per
2855 4803 3028 4857 colles
3072 4802 3492 4864 transilientem,
3526 4801 3578 4854 id

2001 4900 2148 4972 quod
2182 4901 2463 4969 impletum
2489 4904 2573 4952 est
2604 4896 2882 4950 inCltristi
2917 4896 3316 4959 incarnatione,
3347 4907 3582 4950 eventus

2001 4994 2150 5048 enim
2183 5005 2372 5047 earmn
2403 5005 2525 5059 qua:
2549 4990 2618 5043 de
2655 4989 2776 5059 ipso
2808 4998 2968 5043 erant
3007 4987 3423 5057 prophetiarum
3466 4989 3578 5043 Sal-

2001 5094 2090 5138 tus
2125 5091 2363 5136 erantet
2395 5083 2742 5140 saltationes.
2776 5087 2986 5136 mcutes
3005 5095 3135 5135 vero
3171 5091 3224 5134 et
3255 5081 3427 5134 colles
3454 5095 3582 5149 pro-

2004 5172 2180 5241 phetae
2211 5170 2304 5239 qui
2344 5169 2412 5224 de
2442 5170 2563 5239 ipso
2592 5169 2758 5223 locuti
2795 5177 2948 5231 sunt,
2976 5183 3072 5239 per
3101 5185 3240 5239 quos
3267 5169 3582 5224 transiliens

2002 5269 2056 5314 et
2088 5259 2155 5312 ab
2179 5258 2302 5311 aliis
2333 5258 2396 5312 ad
2430 5257 2536 5311 alia
2573 5257 2809 5324 saltans,
2864 5258 3301 5328 uniuscuiusque
3344 5257 3580 5326 prophe-

2005 5351 2137 5402 tiam
2190 5348 2257 5402 ad
2312 5348 2540 5403 alteram
2592 5363 2762 5403 unum
2807 5362 3014 5419 corpus
3068 5348 3316 5403 diversas
3371 5347 3580 5402 faciens

2007 5438 2326 5511 prophetias
2368 5446 2424 5493 et
2453 5446 2789 5494 connectens
2819 5440 3052 5494 saltibus
3091 5438 3574 5510 intelligentiarum

2005 5538 2222 5584 montes
2260 5528 2351 5599 qui
2398 5529 2607 5584 distare
2636 5529 3314 5587 videbanturdictionum.
3364 5527 3575 5584 Montes
