4060 6410
478 339 613 423 1595

1795 352 2151 414 PROCOPII
2186 349 2430 413 GAZEI

3598 337 3723 402 1.3"5

468 485 649 527 antem
680 471 790 527 dici
821 476 1054 540 possunt
1098 443 1373 538 propin-ta:
1419 470 1507 537 qui
1544 466 1611 521 de
1650 468 1826 536 ipsius
1869 478 2041 538 agunt

2151 465 2417 518 διεστάναι
2448 452 2709 514 δοκοῦντα
2756 459 2858 529 ὅρη
2884 456 2992 511 τῶν
3021 456 3247 522 λέξεων·
3280 453 3380 524 om
3411 451 3469 506 δὲ
3495 452 3724 519 λέγοιντ’

469 564 779 618 divinitate.
813 562 995 616 Colles
1041 575 1171 614 vero
1205 559 1296 628 qui
1339 559 1404 613 de
1436 559 1823 614 incarnatione
1858 577 1872 613 :
1909 575 2034 613 nam

470 653 638 708 colles
686 654 809 707 licet
847 667 958 721 pra:
989 652 1093 705 alia
1126 659 1274 704 terra
1302 650 1601 709 emineant,
1640 658 1906 705 terrestre
1958 659 2039 703 ta-

473 764 596 802 men
643 748 772 818 quid
823 747 1043 801 habent.
1099 744 1311 801 Montes
1358 757 1538 798 autem
1594 754 1724 800 sunt
1766 754 2037 816 praerupta

473 855 654 911 rupes.
675 840 951 896 terrestris
979 854 1170 894 exsors
1198 838 1543 893 substantiae.

545 1008 806 1082 Origenis.
856 1041 925 1052 —
979 1009 1090 1065 Hoc
1158 1013 1407 1068 nonnulli
1466 1014 1896 1083 praecedentibus
1943 1032 2044 1071 an-

412 1122 417 1125 ·
476 1110 721 1164 nectunt,
750 1111 856 1155 etc.

544 1186 665 1242 llaec
696 1188 762 1242 ad
792 1176 983 1246 eorum
1013 1206 1136 1259 qua:
1163 1191 1462 1247 drannztire
1497 1194 1917 1250 introducantur
1944 1196 2044 1252 dc-

472 1274 823 1332 t-lara'tionem
853 1294 1029 1348 usque
1055 1280 1121 1334 ad
1149 1280 1284 1333 illud
1314 1299 1327 1334 :
1361 1280 1471 1335 Vox
1495 1290 1581 1335 tua
1604 1283 1777 1339 dulcis
1806 1296 1854 1339 et
1880 1286 2044 1354 facies

471 1375 562 1418 tua
618 1368 832 1422 decora.
895 1370 973 1425 Ac
1030 1371 1380 1426 manifestum
1437 1382 1521 1426 est
1584 1367 1824 1429 animam
1878 1375 2042 1433 Verbi

471 1459 741 1526 Sponsam
797 1463 914 1518 sive
969 1462 1269 1519 Ecclesium
1317 1465 1521 1520 Christi
1570 1484 1758 1521 vocem
1803 1470 2044 1525 divinam

471 1548 790 1618 priusquam
847 1553 1113 1625 intelligat
1168 1556 1344 1624 ipsam
1401 1560 1717 1628 praecipere.
1773 1562 1888 1616 Hoc
1942 1579 2043 1619 usu

469 1639 903 1722 venitﬁdelibus
939 1644 1256 1714 priusquam
1292 1647 1618 1718 intelligant,
1646 1650 1851 1718 legales
1882 1660 2047 1722 atque

472 1719 821 1799 prnplieticas
847 1749 1011 1790 voces
1056 1744 1111 1789 ut
1155 1737 1355 1792 divinae
1398 1739 1587 1808 gratia:
1625 1741 1817 1809 plenas
1870 1719 2048 1810 perci-

2146 555 2212 610 ἂν
2237 556 2285 607 οί
2313 553 2381 606 τὰ
2405 553 2501 622 τῆς
2528 551 2777 620 θεότητος
2799 546 2964 603 αὐτοῦ
2991 549 3240 617 λέγοντες
3263 546 3545 617 προφῆται
3562 561 3577 576 °
3611 544 3725 614 βουο
3836 548 3842 555 ”

2147 649 2228 697 νοὶ
2279 644 2336 697 δέ
2386 646 2436 697 οί
2486 642 2629 696 κατὰ
2661 640 2762 711 τῆς
2795 639 3140 708 οἰκονομίας·
3168 640 3218 691 oi
3250 638 3360 708 γὰρ
3409 636 3589 706 βουνοὶ
3631 635 3726 688 κᾶν
3798 656 3803 661 ·
3886 642 3893 648 “

2147 736 2525 805 ὑπερανέχωσι
2546 732 2645 801 τῆς
2669 731 2835 801 ἄλλης
2861 730 2964 802 γῆς
2985 772 3001 796 ,
3031 731 3181 800 ὅμως
3207 728 3388 797 ἔχουσί
3418 744 3472 779 τι
3494 725 3690 794 γεῶδες
3711 743 3723 754 ·

2147 829 2213 883 τὰ
2230 829 2287 882 δὲ
2303 828 2426 899 ὅρη,
2439 824 2583 888 λίθος
2602 824 2749 878 ἐστὶν
2771 824 3080 896 ἀκραιφνὴς
3100 820 3335 890 γεώδους
3354 818 3542 882 οὐσίας
3564 816 3730 888 ἁμέτ-

2147 938 2268 984 οχος
2274 963 2290 978 α

2176 941 2420 1080 χῗςὸριγέ
2459 1029 2586 1077 ους,
2613 1038 2679 1052 -.
2713 1006 2884 1061 Τοῦτό
2910 1023 3055 1071 τινες
3081 1006 3192 1068 τοῖς
3229 1001 3596 1075 προλαϐοῦσιν
3624 1002 3728 1055 άπ-

2150 1096 2378 1159 ἐδωκαν,
2408 1112 2467 1150 τι.
2495 1112 2548 1150 τ.
2583 1094 2634 1149 λ.
2670 1093 2810 1165 (35).

2219 1187 2545 1256 Κυρίλλου.
2570 1218 2637 1227 -
2674 1186 2787 1257 (36)
2811 1183 3000 1243 Ταῦτα
3051 1183 3187 1253 πρὸς
3222 1181 3319 1253 τὴν
3359 1182 3471 1234 τῶν
3532 1181 3732 1251 δραμα-

2150 1277 2318 1341 τικῶς
2368 1277 2725 1347 ἐπαγομένων
2755 1277 3088 1346 σαφήνειανς
3133 1272 3294 1344 μέχρι
3328 1271 3446 1337 τοῦ,
3491 1271 3730 1340 Ἡφωνὴ

2152 1384 2270 1429 σου
2304 1369 2498 1439 ἡδεῖα,
2542 1370 2642 1424 καί
2676 1372 2714 1439 ἠ
2747 1370 2887 1439 ὄψοις
2920 1385 3037 1423 σου
3067 1368 3283 1437 ὡραία·
3321 1368 3415 1419 καὶ
3456 1366 3615 1434 δῆλον
3661 1365 3732 1429 ὡς

2152 1462 2187 1531 ἡ
2219 1460 2428 1533 Νύμφη
2457 1462 2553 1516 τοῦ
2577 1462 2753 1529 Λόγου
2776 1461 2943 1532 ψυχὴ,
2967 1459 3452 1537 ῆγουνᾞκκλησία
3478 1457 3730 1526 Χριστοῦ.

2154 1553 2343 1624 φωνῆς
2413 1555 2544 1625 πρὶν
2590 1555 2780 1623 νοῆσαι
2841 1554 3012 1622 αὐτὴν
3060 1551 3135 1615 ὡς
3184 1551 3335 1613 θείας
3398 1548 3732 1618 ἀντιλαμϐά-

2152 1663 2325 1711 νεται,
2357 1647 2496 1717 ὅπερ
2552 1632 2835 1717 πάσχομεν
2881 1646 2934 1699 οἱ
2977 1644 3180 1704 πιστοὶ.
3228 1644 3358 1712 πρὶν
3396 1642 3596 1711 νοῆσαι
3643 1642 3731 1704 τὰς

2155 1738 2385 1807 νομικὰς
2427 1739 2523 1792 καὶ
2562 1737 2911 1809 προφητικὰς
2956 1737 3140 1806 φωνὰς
3194 1734 3269 1798 ὡς
3318 1734 3473 1796 οείας
3517 1733 3732 1805 χάριτος

472 1821 771 1889 pientibus.
801 1821 930 1880 Tale
958 1835 1043 1881 est
1073 1826 1206 1882 illud
1240 1846 1253 1883 :
1293 1827 1406 1883 νοω
1432 1830 1707 1890 fratruelis
1740 1834 1860 1888 mei.
1890 1832 2045 1899 Quod

2155 1830 2385 1900 πλήρεις
2439 1829 2977 1899 καταπληττόμενοι·
3030 1826 3272 1881 τοιοῦτόν
3314 1827 3432 1877 ἐστι
3480 1824 3543 1876 τὸ
3588 1824 3730 1892 φωνὴ

471 1913 808 1980 praeponitur
833 1918 1051 1973 eminus
1080 1920 1406 1988 apparitimti
1433 1919 1620 1983 Vcrhi.
1648 1938 1788 1992 quas
1817 1939 2044 1994 magnas

468 2005 964 2073 contemplationes
1002 2008 1194 2064 videns
1236 2022 1551 2067 assecutum
1601 2023 1890 2085 postquam
1937 2016 2042 2070 mi-

477 2110 638 2149 nores
660 2111 767 2149 non
794 2097 1127 2166 neglexerat,
1146 2103 1220 2154 ait
1241 2102 1442 2172 igitur:
1468 2102 1601 2157 Ecce
1619 2107 1703 2159 hic
1721 2108 1857 2160 venit
1881 2123 2044 2176 supra

470 2199 670 2240 montes
705 2189 1011 2245 transiliens
1041 2205 1132 2258 per
1163 2192 1344 2247 colles.
1380 2193 1479 2249 l‘er
1510 2202 1683 2248 totum
1717 2205 1897 2251 autem
1930 2214 2043 2253 ser-

471 2288 687 2341 monum
746 2279 996 2345 quzcdan)
1045 2279 1262 2348 quidem
1318 2291 1579 2353 tanqttam
1625 2287 1911 2354 praesentia
1959 2289 2044 2342 di-

468 2373 671 2418 cuntur
727 2366 967 2437 Sponso,
1034 2379 1296 2441 tanquam
1358 2389 1486 2429 vero
1550 2374 1617 2430 de
1669 2378 1972 2446 quaerente,
2014 2395 2043 2433 a

470 2454 709 2525 Sponsa,
742 2459 1188 2532 quandoquidem
1229 2465 1394 2520 etiam
1437 2468 1492 2521 in
1530 2468 1908 2537 problematis,
1942 2474 2045 2526 ali-

468 2547 689 2614 quando
722 2550 944 2619 quidem
987 2553 1236 2622 quaedatn
1264 2559 1565 2626 quaerimus
1598 2561 1917 2629 ignorantes
1952 2580 2044 2619 so-

469 2638 768 2704 lutionem,
823 2643 1121 2713 aliquando
1182 2656 1366 2703 autem
1430 2651 1707 2707 solutione
1768 2653 2040 2721 fruimur,

470 2728 691 2800 Sponso
749 2732 930 2789 Verbo
955 2738 1124 2791 corda
1176 2750 1366 2795 nostra
1415 2741 1781 2800 illuminante.
1841 2746 2044 2805 Deinde

470 2838 691 2878 rursum
722 2825 1034 2884 dubitamus
1064 2829 1116 2881 in
1149 2831 1296 2897 aliis,
1327 2846 1391 2886 ac
1423 2848 1643 2889 rursum
1690 2836 1851 2891 nobis
1883 2855 2045 2909 appa-

470 2921 572 2976 rrt,
604 2913 768 2985 idque
806 2915 1121 2987 freqm-ntcr
1149 2922 1325 2977 donec
1357 2924 1596 2993 perfecte
1625 2924 1840 2996 Sponso
1872 2933 2046 3000 potia-

471 3023 614 3074 mur,
667 3004 774 3061 non
829 3012 1003 3064 solum
1057 3013 1123 3067 ad
1186 3029 1288 3068 nos
1340 3015 1609 3082 veniente,
1646 3034 1834 3073 verum
1881 3023 2043 3075 etiam

470 3101 808 3156 mansionem
844 3102 1098 3159 faciente.
1133 3103 1197 3160 Et
1237 3106 1480 3163 Ecclesia
1510 3110 1792 3165 desiderat
1822 3115 2042 3182 quidem

471 3192 526 3243 in
575 3193 970 3248 tentationibns
1019 3194 1319 3273 derelicta,
1370 3198 1464 3254 sed
1517 3209 1750 3272 apparet
1802 3203 1904 3274 ipsi
1951 3220 2048 3276 per

470 3283 674 3365 gratias
706 3308 718 3340 :
753 3285 963 3341 Idcirco
1006 3289 1079 3341 ait
1113 3307 1126 3343 :
1166 3287 1301 3344 Ecce
1343 3291 1428 3344 hic
1467 3294 1603 3346 venit
1648 3294 1848 3350 saliens
1882 3313 2048 3368 supra

471 3358 694 3436 montes.
729 3378 880 3432 venit
925 3386 1108 3434 autem
1145 3389 1200 3435 et
1231 3398 1396 3452 super
1426 3386 1561 3438 retia
1602 3401 1723 3456 qua:
1748 3402 1777 3440 a
1810 3390 2050 3460 maligno

467 3466 627 3535 juxta
671 3466 971 3526 Ecclesiam
1004 3486 1245 3540 expansa
1295 3482 1444 3540 sunt,
1486 3491 1609 3544 quae
1638 3494 1924 3547 rumpens,
1957 3482 2049 3537 illa

470 3558 841 3628 contemptius
873 3560 1198 3615 conculcare
1227 3561 1410 3617 docet.
1446 3563 1705 3621 Ecclesia‘
1736 3583 1901 3639 porro
1931 3585 2051 3624 om-

472 3660 595 3698 nem
645 3645 878 3702 hiemem
919 3651 1242 3707 tentationis
1276 3668 1668 3725 snpergrcssm,
1704 3659 1860 3729 signa
1892 3661 2042 3718 veris

471 3737 715 3792 ostendit
756 3747 813 3794 et
857 3756 1140 3797 accessum
1188 3747 1418 3812 azslatis,
1455 3748 1524 3803 de
1568 3765 1679 3819 quo
1725 3752 1778 3806 in
1824 3754 2053 3823 psalmis

474 3829 607 3882 illud
652 3847 666 3883 :
703 3849 722 3881 ι
752 3829 939 3887 Ᾱῦειειε
975 3842 1029 3887 et
1063 3850 1153 3889 ver
1180 3836 1244 3890 ⁸⁸.
1278 3855 1298 3888 ι
1345 3838 1737 3908 Appartterunt
1770 3845 1916 3898 enim
1947 3844 2052 3915 ipsi

475 3919 635 3975 flores
690 3930 745 3978 et
795 3927 1257 3997 appropinquavit
1324 3931 1644 3988 omnimodo
1711 3936 2052 4003 emendatio,

474 4021 687 4085 tempus
719 4016 1019 4085 putationis
1050 4021 1358 4075 nominata.

542 4165 709 4222 Vens.
747 4168 803 4224 9.
843 4168 1054 4225 Similis
1095 4184 1171 4226 est
1214 4172 1489 4241 fratruelis
1523 4192 1667 4231 meus
1717 4194 1946 4249 capreae,
1975 4183 2055 4238 uel

471 4255 691 4308 Itinnulo
723 4272 993 4311 cervorum
1018 4259 1073 4313 in
1103 4261 1372 4317 montibus
1404 4263 1608 4319 Bethcl.

544 4345 807 4416 Gregorii.
838 4377 910 4388 —
940 4347 1042 4406 Per
1086 4351 1190 4405 ltoc
1232 4352 1507 4422 significat
1541 4356 1695 4414 visus
1729 4374 1960 4418 acumen
1999 4374 2055 4420 et

2149 1920 2244 1974 τοῦ
2284 1918 2565 1989 ἀδελφιδοῦ
2621 1936 2723 1990 μου
2776 1919 3253 1989 προστεταγμένον
3305 1916 3407 1985 τῆς
3461 1913 3728 1983 μακρόθεν

2149 2011 2477 2080 ἐπιφανείας
2531 2010 2627 2063 τοῦ
2668 2009 2878 2078 Λόγου·
2942 2007 3001 2062 δν
3052 2006 3239 2061 ίδοῦσα
3296 2005 3554 2074 μεγάλων
3606 2004 3731 2058 θεω·

2152 2102 2417 2174 ρημάτων
2465 2102 2791 2173 ἁπτόμενον,
2844 2101 2984 2172 μετὰ
3022 2100 3116 2155 τοῦ
3189 2099 3324 2171 μηδέ
3379 2100 3490 2152 τῶν
3539 2098 3731 2169 βραχυο

2148 2193 2326 2263 τέρων
2387 2195 2791 2263 καταφρονεῖν,
2860 2189 3064 2262 φησίν·
3134 2188 3293 2245 Ἰδοὺ
3343 2189 3536 2254 αὐτὸς
3605 2186 3731 2253 ἥκει

2149 2283 2359 2351 πηδῶν
2427 2284 2526 2338 ἐπί
2579 2283 2710 2355 ὄρη.
2771 2282 3165 2351 ὃωλλόμενος
3220 2279 3319 2334 ἐπὶ
3382 2280 3527 2345 τοὺς
3585 2279 3729 2343 ﬁcu-

2149 2374 2324 2438 νούς.
2371 2374 2452 2426 Δι’
2480 2373 2605 2427 δλου
2639 2373 2695 2427 δὲ
2718 2375 2816 2427 τοῦ
2856 2371 3056 2440 Λόγου.
3090 2370 3212 2424 τινὰ
3246 2369 3345 2439 μέν
3393 2369 3474 2430 ὡς
3510 2368 3729 2439 παρόντι

2149 2464 2372 2533 λέγεται
2399 2462 2477 2534 τῷ
2493 2462 2731 2533 Νυμφίῳ
2750 2478 2766 2496 ·
2789 2462 2912 2517 τινὰ
2937 2462 2993 2517 δέ
3012 2460 3201 2527 ὥσπερ
3224 2459 3559 2528 ζητουμένου
3588 2460 3729 2529 παρὰ

2150 2556 2249 2625 τῆς
2282 2553 2541 2622 Νύμφης.
2570 2553 2693 2605 ἐπεὶ
2726 2553 2822 2606 καὶ
2859 2550 2971 2605 τῶν
3006 2549 3441 2621 προϐλημάτων,
3474 2550 3604 2601 ποτέ
3638 2549 3729 2617 μὲν

2150 2646 2271 2699 τινὰ
2299 2644 2571 2714 ζητοῦμεν
2603 2643 2945 2718 ἀποροῦντες
2977 2643 3080 2713 τῆς
3108 2643 3318 2705 λύσεως
3338 2658 3350 2672 ·
3386 2641 3521 2694 ποτέ
3553 2641 3609 2694 δέ
3638 2640 3729 2708 τῆς

2148 2737 2361 2801 λύσεως
2416 2736 2785 2807 ἀπολαύομεν.
2820 2736 2913 2791 τοῦ
2935 2736 3191 2806 Νυμφίου
3235 2736 3412 2801 Λόγου
3459 2733 3728 2801 καταυγα-

2152 2827 2341 2892 ζοντος
2375 2828 2535 2898 ἡμῶν
2569 2829 2670 2893 τὰς
2703 2829 2963 2900 καρδίας·
2996 2824 3113 2881 εἶτα
3144 2826 3305 2880 πάλιν
3336 2826 3651 2897 ἀποροῦμεν
3676 2826 3727 2876 ἐν

2154 2925 2384 2992 ἑτέροις,
2413 2924 2507 2977 καὶ
2543 2923 2703 2977 πάλιν
2728 2925 2862 2991 ἡμῖν
2894 2923 3275 2992 ἐπιφαίνεται·
3307 2921 3401 2973 καὶ
3427 2919 3588 2973 τοῦτο
3612 2917 3729 2971 πολ-

2152 3016 2327 3080 λάκις,
2372 3017 2533 3087 μέχρι
2564 3016 2943 3080 τελειωθέντες
2968 3015 3060 3069 τοῦ
3096 3015 3353 3084 Νυμφίου
3390 3015 3644 3083 τύχωμεν
3670 3012 3723 3064 οὐ

2158 3110 2314 3179 μόνον
2345 3108 2644 3178 ἐρχομένου
2679 3109 2815 3178 πρδς
2857 3108 3029 3178 ἡμᾶς,
3055 3108 3191 3161 ἀλλὰ
3226 3109 3321 3161 καὶ
3360 3107 3531 3177 μονὴν
3555 3121 3728 3159 ποιου-

2103 3206 2115 3223 ⁴
2155 3199 2340 3269 μένου.
2372 3200 2533 3270 Καλὴ
2577 3199 2873 3271 Ἐκκλησία
2905 3200 3062 3253 ποθεῖ
3095 3201 3191 3270 μὲν
3222 3196 3725 3266 ἐγκαταλειπομένη

2148 3293 2261 3355 τοῖς
2285 3294 2639 3359 πειρασμοῖς.
2657 3291 3007 3360 ἐπιφαίνεται
3030 3291 3086 3344 δέ
3109 3292 3246 3362 αὐτῇ
3272 3293 3383 3354 τοῖς
3404 3290 3726 3361 χαρίσμασι·

2148 3380 2230 3434 διό
2261 3398 2426 3449 φησιν
2446 3398 2460 3411 ·
2498 3380 2685 3442 Ἰδοὺ,
2713 3382 2903 3449 φησὶν,
2926 3376 3103 3445 οὗτος
3134 3379 3265 3439 ἣκει
3290 3378 3506 3445 πηδῶν
3537 3376 3635 3432 ἐπὶ
3662 3376 3729 3428 τὰ

2150 3466 2257 3535 ὅρη
2278 3485 2292 3498 ·
2324 3467 2541 3539 ἔρχεται
2568 3468 2623 3522 δέ
2653 3469 2748 3522 καὶ
2779 3469 2872 3521 ἐπὶ
2907 3469 2972 3522 τὶ
3001 3470 3198 3523 δίκτυα
3225 3474 3291 3523 τὰ
3337 3465 3728 3536 πεπετασμένα

2152 3558 2258 3612 ὑπὸ
2310 3559 2405 3612 τοῦ
2465 3559 2704 3630 πονηροῦ
2766 3559 2991 3629 πλησίον
3022 3561 3123 3627 τῆς
3170 3558 3537 3628 Ἐκκλησίας·
3593 3556 3729 3623 ἅπερ

2154 3650 2345 3721 σχίσας
2378 3650 2872 3722 καταφρονητικῶς
2919 3650 3100 3705 αὐτῶν
3146 3649 3453 3705 ἐπιϐαίνειν
3497 3648 3729 3701 διδάσκει

2152 3747 2217 3814 τῇ
2242 3743 2547 3815 ὑπερϐάσει
2585 3743 2881 3816 Ἐκκλησία
2915 3744 3093 3798 πάντα
3130 3742 3377 3813 χειμῶνα
3402 3736 3729 3811 πειρασμοῦ.

2152 3835 2223 3889 τὰ
2250 3837 2457 3904 σημεῖα
2488 3834 2583 3888 τοῦ
2634 3835 2796 3906 ἀέρος
2828 3834 3124 3890 δείκνυται.
3160 3834 3253 3888 καὶ
3303 3835 3364 3887 τὸ
3402 3833 3646 3901 ἐγγίζειν
3675 3831 3729 3882 τὸ

2154 3927 2334 3997 θέρος,
2365 3927 2493 3998 περὶ
2541 3922 2602 3982 οὗ
2646 3930 2705 3980 ἐν
2736 3927 2988 3997 Ψαλμοῖς
3012 3943 3025 3957 ·
3074 3945 3092 3978 t
3132 3924 3206 3979 Τὸ
3239 3924 3395 3994 Θέρος
3424 3925 3522 3977 καὶ
3561 3923 3678 3991 ἔαρ.
3707 3941 3721 3971 ι

2157 4016 2336 4094 Ὠφθη
2369 4016 2480 4088 γὰρ
2517 4018 2654 4089 αὐτῇ
2679 4015 2834 4085 ἄνθη.
2883 4016 2978 4069 καὶ
3003 4015 3288 4085 ἦγγισενή
3332 4013 3604 4084 παντελὴς
3644 4010 3749 4063 κάε·
3839 4035 3846 4046 -

2153 4109 2370 4181 θαρσις,
2406 4109 2599 4180 καιρὸς
2657 4109 2756 4177 τῆς
2784 4108 2958 4178 τομῆς
2981 4103 3380 4177 ὀνομαζομένη.

2224 4201 2290 4254 θ’.
2331 4200 2578 4269 ’Ὁμοιός
2598 4201 2769 4254 ἐστιν
2800 4198 3121 4268 ἀδελφιδός
3148 4214 3267 4266 μου
3301 4197 3375 4264 τῇ
3414 4192 3660 4263 δορκάδι
3694 4189 3726 4255 ἢ

2151 4287 2339 4360 νεϐρῷ
2372 4288 2617 4357 ἐλάφων
2649 4290 2745 4343 ἐπὶ
2779 4292 2851 4343 τὰ
2880 4290 2986 4357 ὄρη
3016 4287 3264 4354 Balatu.

2223 4381 2580 4450 Γρηγορίου.
2612 4411 2677 4420 -
2711 4380 2809 4434 Διὰ
2840 4381 3001 4434 τοῦτο
3036 4381 3289 4450 σημαίνει
3333 4378 3431 4447 τὴν
3461 4373 3729 4444 ὀξυωπίαν

476 4439 949 4509 pcrspicacitatem
998 4440 1122 4510 ejus
1169 4443 1262 4511 qui
1315 4445 1500 4515 omnia
1548 4450 1792 4518 respicit.
1845 4451 1950 4509 Sed
1996 4463 2048 4510 et

2152 4472 2248 4527 τοῦ
2267 4439 2465 4527 τδπέν
2509 4472 2939 4536 ἐπιϐλέποντος·
2969 4439 3317 4543 ἀλλάνεόρῷ
3365 4439 3604 4538 ἐλάφων,
3647 4463 3729 4515 διὰ

478 4531 712 4585 Ιιὶιιηιιιο
741 4547 1026 4588 cervorum
1067 4535 1415 4594 assimilatas
1450 4545 1536 4595 est
1577 4516 1653 4596 eoi
1683 4545 1829 4613 quod
1861 4546 2048 4602 habitu
2082 4516 2125 4572 θ

476 4631 530 4675 et
550 4623 759 4679 coloris
793 4624 1132 4695 proprietate
1159 4637 1560 4684 venenatorum
1582 4630 1751 4702 fugiet
1773 4637 2054 4706 operatio-

475 4728 597 4771 nem
626 4728 792 4783 quam
838 4721 1053 4771 montes
1093 4723 1150 4769 et
1187 4715 1361 4771 colles
1395 4718 1723 4787 nominavit,
1744 4737 1869 4779 cum
1911 4726 2053 4783 infe-

478 4806 674 4859 riorem
742 4812 855 4859 tum
920 4806 1286 4877 superiorem.
1350 4807 1467 4864 Hoc
1526 4811 1671 4866 enim
1731 4816 1954 4870 collium
2023 4833 2054 4873 a

479 4896 759 4951 montibus
823 4897 1132 4953 differentia
1203 4898 1452 4954 insinuat
1506 4918 1520 4955 :

477 4987 875 5048 conculcantur
928 4989 1015 5044 leo
1069 4998 1127 5045 et
1180 4989 1350 5046 draco
1404 4992 1497 5061 qui
1559 4996 1835 5066 eminent,
1883 5007 2051 5070 atque

477 5092 706 5147 serpens
746 5086 803 5134 et
844 5080 1097 5150 scorpius
1129 5082 1220 5152 qui
1254 5082 1516 5139 videntur
1549 5088 1859 5147 inferiores.
1904 5093 2049 5160 Quin

476 5180 529 5223 et
555 5169 860 5240 discipulos
887 5171 1100 5240 perficit
1129 5173 1182 5227 in
1217 5183 1472 5231 mturam
1503 5193 1795 5238 cervorum
1822 5186 2049 5245 dicens:

485 5278 504 5311 ε
548 5262 686 5317 Ecce
717 5261 841 5317 dedi
882 5264 1038 5319 vobis
1077 5275 1400 5334 potestatem
1438 5270 1690 5328 calcandi
1728 5291 1899 5349 super
1936 5297 2055 5337 ser-

481 5361 670 5421 pentes
702 5364 753 5408 et
788 5369 1107 5424 scorpiones
1138 5357 1204 5422 ⁸⁸,
1243 5376 1264 5409 ι
1303 5358 1379 5413 ita
1417 5369 1476 5414 ut
1507 5363 1799 5423 altitudine
1833 5372 2053 5431 virtutis

1580 4902 1840 4961 similiter
1905 4908 2055 4964 enim
2088 4932 2092 4937 ο

2151 4565 2213 4619 τὸ
2246 4563 2577 4635 φυγαδεύειν
2600 4565 2679 4637 τῷ
2709 4564 2952 4634 ἄσθματι
2981 4565 3074 4618 καὶ
3106 4565 3174 4634 τῇ
3221 4561 3316 4616 τοῦ
3347 4561 3557 4632 χρωτὸς
3605 4554 3725 4609 ἰδιό-

2151 4673 2301 4726 τητι,
2333 4655 2434 4727 τὴν
2482 4655 2593 4709 τῶν
2626 4655 2853 4709 ἰοϐόλων
2886 4656 3193 4726 ἐνέργειαν,
3232 4654 3300 4725 ἢν
3342 4651 3443 4723 ὅρη
3476 4649 3572 4705 καὶ
3613 4646 3727 4718 βουο

2151 4748 2278 4812 νοὺς
2307 4746 2687 4818 ἐπωνόμασεν,
2719 4748 2821 4818 τήν
2859 4765 2919 4800 τε
2945 4744 3348 4815 ὑποδεεστέραν
3372 4742 3465 4798 καὶ
3486 4742 3589 4811 τὴν
3610 4753 3728 4807 προ·

2152 4838 2428 4906 άγουσαν·
2458 4838 2617 4892 τοῦτο
2645 4839 2756 4911 γὰρ
2783 4841 2818 4911 ἠ
2863 4840 2927 4894 ἐκ
2960 4839 3072 4893 τῶν
3120 4836 3326 4909 βουνῶν
3358 4835 3494 4907 πρὸς
3535 4833 3603 4887 τὰ
3630 4831 3724 4901 ὅρη

2154 4928 2407 5000 διαστολὴ
2448 4930 2860 4985 ὑπαιθίττεται·
2893 4932 3096 5003 ὁμοίως
3130 4931 3238 5002 γὰρ
3281 4928 3672 4984 καταπατεῖται
3700 4923 3726 4975 ὃ

2155 5036 2215 5071 τε
2242 5018 2381 5073 λέων
2419 5021 2514 5073 καὶ
2541 5022 2569 5075 ὁ
2604 5021 2822 5092 δράκων
2853 5022 2920 5075 τὰ
2946 5021 3283 5093 ὑπερέχοντα
3303 5039 3316 5052 ·
3351 5020 3446 5074 καὶ
3489 5019 3608 5086 ὄφις
3638 5012 3724 5066 καὶ

2158 5110 2418 5179 σκορπίος
2447 5110 2518 5164 τὰ
2550 5110 2814 5166 δοκοῦντα
2855 5113 3295 5184 καταδεέστερα·
3339 5112 3430 5164 καὶ
3460 5109 3584 5171 τοὺς
3627 5121 3724 5172 μα’

2157 5200 2329 5270 θητάς
2372 5202 2432 5257 δὲ
2479 5203 2617 5274 πρὸς
2650 5204 2751 5275 τὴν
2774 5202 2883 5258 τῶν
2938 5205 3154 5273 ἐλάφων
3183 5203 3345 5272 φύσιν
3390 5196 3723 5269 καταρτίζειν

2159 5292 2357 5348 εἰπὼν·
2405 5313 2424 5346 t
2477 5294 2611 5349 Ἰδοὺ
2655 5295 2865 5350 δέδωκα
2918 5298 3047 5367 ὑμῖν
3102 5296 3354 5363 ἐξουσίαν
3402 5293 3494 5347 τοῦ
3543 5289 3722 5343 πατεῖν

2161 5384 2349 5440 ἐπάνω
2377 5385 2555 5455 ὄφεων
2588 5386 2683 5440 καὶ
2716 5387 3014 5458 σκορπίων,
3051 5407 3068 5439 ι
3109 5385 3194 5451 ὡς’
3214 5386 3292 5457 τῷ
3329 5385 3453 5453 ὕψει
3482 5381 3576 5452 τῆς
3600 5378 3721 5446 ἀρε·

481 5436 725 5502 montes'
747 5446 876 5501 ﬁant
928 5447 1149 5516 Betltel,
1207 5450 1261 5506 id
1311 5459 1396 5507 est
1452 5456 1601 5525 quod
1670 5460 1753 5515 vis
1817 5468 2048 5526 nominis

2153 5436 2435 5549 έῆέζὶτὲτξ
2457 5436 2739 5547 ’ξένέξὸᾲζ
2764 5436 3014 5550 uitem
3060 5436 3199 5550 ὅπεῷ
3244 5436 3284 5548 ἦ
3329 5436 3424 5530 eis
3468 5436 3720 5540 δνὲματος

583 5537 628 5573 ³⁸
660 5538 801 5595 Psal.
834 5555 1026 5606 Lxxttt,
1065 5541 1150 5596 l7.
1225 5542 1270 5576 "
1300 5538 1436 5595 Luc.
1479 5562 1635 5608 χχιιι.
1673 5551 1758 5604 19.

1993 5621 2222 5679 NOTAE.

551 5679 665 5751 (ξῆ)
705 5680 910 5751 (latrat.
947 5700 1104 5750 grtec.
1142 5696 1179 5740 ι.
1209 5686 1370 5751 XVII.
1401 5689 1505 5744 col.
1533 5689 1659 5741 9.65.

554 5741 664 5821 (56)
708 5750 831 5805 llaec
875 5754 926 5827 in
947 5741 1020 5809 "tl.
1065 5757 1119 5809 Β.
1166 5760 1263 5815 sui)
1298 5741 1521 5819 nomine
1569 5759 1825 5831 Origcnis
1859 5763 2271 5820 continuantur.
