4060 6384
342 368 473 435 1537
1322 371 1856 432 COMMENTARII
1898 372 1981 431 IN
2008 375 2321 439 CANTICA
2353 378 2643 440 CANTIC.
3464 372 3600 439 1578

337 484 584 553 εμφασις
611 482 856 537 δείκνυσι
906 482 998 535 τὸν
1040 479 1245 550 ὑψηλὸν
1280 477 1378 532 καὶ
1419 480 1671 549 οὐράνιον
1703 477 1817 547 βίον
1839 494 1852 508 ο
1886 479 1919 547 ὴ

2031 480 2173 535 illius
2202 481 2448 535 declarat
2476 497 2671 552 nempe
2694 481 2970 537 cmlestem
3000 495 3062 535 ac
3088 480 3371 537 sublimem
3405 481 3594 536 vitam.

351 576 466 645 γὰρ
491 573 642 641 λέξις
673 569 824 628 οἷκον
849 572 1105 642 σημαίνει
1130 570 1290 625 Θεοῦ.

412 668 662 723 Νείλου.
688 696 756 707 --
786 665 988 735 Βαιθήλ
1029 666 1169 724 ἐστι,
1211 666 1307 717 καὶ
1353 662 1717 732 ἑρμηνεύεται
1760 658 1924 727 οἶκος

339 759 524 815 Θεοῦ·
560 758 664 829 ὅρη
707 758 765 811 δὲ
817 757 1023 826 ταύτης
1068 757 1121 808 oi
1163 754 1254 808 διά
1300 753 1530 824 μέγεθος
1582 753 1783 823 ἀρετῆς
1821 745 1922 821 δρή

214 838 225 847 Δ
334 848 817 921 χρηματίεαντεςο
867 846 943 909 ὥς
986 845 1095 916 γὰρ
1143 845 1589 917 ὑπερανέστηκεν
1647 844 1771 915 ὕψει
1828 846 1924 920 sui.

333 941 590 1013 διαφέρει
621 940 975 1012 κραταιὸτητι
1006 939 1106 1010 τῆς
1139 939 1346 1008 λοιπῆς.
1368 938 1473 1007 γῆς
1501 936 1568 989 τὰ
1596 936 1720 1008 ὅρη,
1753 934 1924 998 οὕτως

337 1035 399 1085 ἐν
424 1035 542 1097 τοῖς
571 1030 887 1102 ἀνθρώποις
911 1032 1271 1102 ὑπερέχουσιν
1317 1030 1463 1097 ἅγιοι
1487 1026 1569 1092 τῷ
1606 1026 1795 1097 ὑψηλῷ
1827 1027 1923 1097 τῆς

340 1124 621 1188 πολιτείας
648 1123 1098 1194 διεγηγερμένοιο
1122 1122 1337 1186 τούτοις
1361 1121 1457 1176 οὖν
1482 1120 1925 1192 ὲπιδιατρίὸοντα

337 1220 431 1271 τ’,ν
459 1216 741 1286 ἀδελφιδδν
771 1217 974 1286 ἑαυτῆς
997 1217 1031 1286 ἡ
1061 1215 1268 1285 Νύμφη
1315 1213 1527 1285 βλέπει,
1568 1213 1925 1284 ὁμοιούμενον

330 1309 426 1362 διὰ
457 1308 560 1379 μὲν
589 1307 691 1380 τὴν
741 1306 1088 1378 θεωρητικὴν
1138 1304 1394 1376 δύναμιν,
1426 1304 1522 1358 καὶ
1570 1302 1633 1357 τὸ
1675 1302 1924 1375 κριτικὸν

333 1396 478 1453 εἶναι
529 1399 884 1470 ἐνθυμήσεων
940 1399 1036 1453 καὶ
1087 1396 1311 1450 ἐννοιῶν
1362 1395 1745 1467 ἀνθρωπίνων,
1795 1394 1923 1465 δορ-

333 1491 464 1544 κάδι
487 1507 502 1520 ·
533 1491 624 1544 διὰ
646 1490 703 1543 δὲ
727 1489 829 1560 τὴν
865 1488 1177 1560 πρακτικὴν
1203 1488 1301 1541 καὶ
1328 1486 1427 1556 τὴν
1466 1487 1603 1557 πρὸς
1639 1488 1740 1551 τὰς
1766 1488 1923 1541 ἐναν-

331 1582 459 1643 τῖας
490 1580 755 1648 δυνάμεις
781 1578 1165 1641 ἀντιπάθειαν,
1206 1576 1387 1649 νεϐρῷ
1428 1576 1672 1644 ὲλάφωψ
1699 1577 1924 1647 ἀναιρε-

330 1674 465 1742 τικὴ
494 1671 609 1744 γάρ
648 1672 761 1725 τῶν
797 1671 1020 1724 ίοόόλων
1049 1668 1300 1739 ἑρπετῶν
1327 1669 1361 1740 ὴ
1392 1668 1592 1738 ἔλαφος
1612 1685 1625 1699 ·
1658 1668 1746 1724 διά
1776 1669 1829 1722 τί
1866 1668 1924 1722 δὲ

331 1764 460 1819 εἷπε
482 1765 670 1837 νεϐρῷ
696 1763 914 1832 ἐλάφων
945 1761 1043 1816 καὶ
1062 1763 1162 1814 οὐκ
1180 1759 1379 1830 ἔλαφον
1398 1778 1413 1826 ;
1435 1760 1517 1813 ὅτι
1539 1759 1589 1812 οἱ
1617 1759 1716 1830 μὲν
1738 1758 1924 1813 πολλοὶ

329 1858 447 1910 τῶν
507 1823 837 1928 ἀνθρώπων,
873 1854 909 1925 ἢ
970 1854 1175 1915 πάντες
1239 1823 1423 1922 σχεδὸν
1482 1852 1541 1907 ὲν
1697 1851 1920 1923 παιδικῇ
1957 1823 1996 1877 Β

331 1946 549 2018 ἡλικίᾳ,
585 1949 635 2000 εί
666 1946 762 1999 καὶ
797 1944 872 2016 μὴ
910 1944 1020 1997 τῶν
1053 1941 1320 2011 αἰσχρῶν,
1349 1941 1466 1995 ἀλλ’
1501 1936 1596 1994 οὖν
1626 1958 1789 1995 τινων
1820 1956 1923 1993 πα-

332 2035 448 2089 θῶν
478 2033 797 2105 ἡττήθησαν
816 2051 829 2064 ·
865 2032 962 2101 ὀψὲ
994 2031 1088 2085 καὶ
1119 2030 1275 2102 μόλις
1313 2028 1676 2099 πρεσϐυτικὸν
1720 2029 1922 2083 ἀναλα-

330 2127 528 2190 ϐόντες
556 2128 653 2180 καὶ
709 2125 966 2195 σώφρονα
996 2122 1295 2193 λογισμόν’
1347 2124 1376 2175 ὁ
1416 2120 1473 2174 δὲ
1516 2122 1793 2192 Κυριακὸς
1830 2121 1923 2174 άν-
1976 2140 1981 2144 δ

332 2218 564 2288 θρωπος
609 2216 744 2287 πρὶν
799 2215 833 2286 ἢ
893 2214 1097 2285 γνῶναι
1129 2212 1316 2268 καλεῖν
1371 2213 1584 2283 πατέρα
1617 2213 1650 2283 ἦ
1688 2213 1923 2284 μητέρα,

336 2308 611 2378 ἢπείθησε
640 2306 930 2378 πονηρίαν,
967 2306 1068 2370 τὰς
1098 2304 1434 2375 νεωτερικὰς
1461 2304 1760 2373 ἐπιθυμίας
1794 2321 1925 2375 πρε-

334 2400 577 2470 σϐυτικῇ
605 2398 1009 2469 καταπατήσας
1048 2396 1268 2469 γνώμῃ.
1297 2397 1439 2468 τάχα
1481 2396 1682 2467 δορκάς
1715 2393 1804 2464 ἦν,
1836 2396 1925 2450 ὅτε

332 2490 453 2556 ὀξεῖ
490 2490 575 2560 τῷ
607 2489 885 2561 βλέμματι
928 2489 1027 2553 τὰς
1061 2488 1393 2561 ἐνθυμήσεις
1419 2489 1606 2557 ἔλεγεν
1633 2489 1775 2558 ὁρῶν
1817 2488 1926 2542 τῶν

336 2580 649 2652 ἀνθρώπων
668 2596 684 2610 ο
723 2599 743 2632 ι
773 2580 891 2635 Ἵνα
917 2580 972 2633 τί
1003 2580 1162 2650 ὑμεῖς
1193 2579 1515 2651 ἐνθυμεῖσθε
1550 2583 1606 2634 ἐν
1643 2583 1762 2643 ταῖς
1793 2598 1927 2652 καρ-

345 2673 477 2736 eam;
501 2673 665 2743 ὑμῶν
694 2674 945 2744 πονηρά;
981 2692 1000 2725 ι
1043 2656 1261 2744 Νεϐρδς
1287 2672 1344 2727 δὲ
1368 2672 1585 2742 ιλάφων
1614 2674 1700 2726 ὅτε
1726 2672 1803 2743 τῷ
1834 2673 1925 2726 λε-

346 2765 503 2831 γεῶνι
532 2764 649 2818 τῶν
668 2764 942 2835 δαιμόνων
967 2764 1155 2831 ἔλεγεν
1171 2780 1188 2794 ⁸
1228 2762 1487 2830 «Ἔξελθε
1513 2764 1576 2816 ὲκ
1600 2762 1695 2817 τοῦ
1720 2765 1929 2837 ἀνθρώ-

339 2876 445 2913 που
473 2860 539 2913 τδ
579 2859 805 2930 πνεῦμα
826 2858 888 2912 τὸ
917 2858 1234 2929 ἀκάθαρτον
1269 2857 1408 2921 ι,ὠς
1432 2858 1500 2910 ὲκ
1526 2857 1792 2927 χηραμῶν
1820 2856 1927 2909 τῶν

336 2947 708 3018 ἀνθρωπίνων
769 2949 1039 3019 σωμάτων
1091 2947 1519 3019 ὲνδομηχοῦντα.
1569 2948 1813 3002 ἀνέλκων
1859 2950 1928 3003 τὰ

333 3041 447 3095 τῶν
473 3039 751 3109 δαιμόνων
779 3039 1262 3111 συνεσπειραμένα
1293 3024 1645 3107 συστήματα.

2027 568 2139 625 Vox
2174 574 2319 626 enim
2361 573 2586 627 Domum
2621 573 2717 627 Dei
2750 581 2928 630 sonat.
3360 622 3367 629 .

2098 662 2238 717 Nili.
2266 694 2336 705 -
2367 665 2554 720 Bethcl
2582 674 2686 729 est,
2726 676 2778 722 et
2810 669 3209 738 interpretatur
3236 668 3424 720 domus
3457 664 3552 719 Dei
3580 680 3598 719 :
3700 692 3703 695 -

2027 762 2242 810 montes
2276 771 2405 810 vero
2441 756 2603 825 hujus
2644 759 2736 826 qui
2781 760 2856 813 ob
2900 759 3333 830 magnitudinem
3381 758 3602 811 virtutis

2026 854 2244 903 montes
2277 850 2622 918 appellantur
2656 868 2669 903 :
2705 851 2851 905 sicut
2879 853 3027 906 enim
3059 859 3272 906 montes
3311 849 3602 903 altitudine

2026 947 2293 1008 superant
2341 945 2395 995 et
2450 937 2771 995 fortitudine
2805 940 3129 996 antecellunt
3181 941 3448 1009 reliquam
3487 950 3599 993 ter-

2026 1045 2141 1084 ram
2190 1047 2204 1085 :
2249 1030 2332 1086 sic
2383 1031 2549 1086 etiam
2606 1032 2749 1086 inter
2797 1033 3048 1087 homines
3095 1034 3370 1087 excellunt
3422 1031 3597 1085 sancti

2025 1121 2248 1178 sublimi
2301 1122 2424 1177 vita:
2472 1124 2686 1179 ratione
2730 1125 2954 1179 excitati
2987 1143 2999 1178 :
3028 1123 3089 1178 in
3124 1123 3211 1178 his
3255 1124 3421 1194 igitur
3465 1138 3600 1177 con-

2026 1224 2335 1271 versantem
2383 1212 2699 1271 fratrueletn
2732 1231 2895 1272 suum
2938 1216 3151 1288 Sponsa
3187 1217 3339 1278 vidit,
3376 1223 3599 1286 propter

2025 1307 2434 1377 contemplandi
2486 1308 2705 1377 quidem
2759 1317 2814 1364 et
2859 1309 3132 1366 humanas
3178 1310 3342 1364 etiam
3389 1310 3598 1379 cogita-

2025 1395 2207 1451 tiones
2280 1396 2634 1452 discernendi
2695 1398 2805 1453 V‘lm
2878 1414 3103 1469 capreas,
3159 1399 3521 1455 assimilatum
3581 1417 3595 1453 :

2028 1499 2249 1558 propter
2282 1489 2477 1559 agendi
2519 1505 2648 1545 vero
2675 1490 3050 1546 eﬂ‘macitatent
3096 1501 3151 1546 et
3190 1501 3382 1546 contra
3427 1493 3599 1545 virtu.

2026 1589 2107 1635 tes
2165 1580 2509 1637 advel-sarias
2564 1581 2922 1653 antipathiam
2982 1582 3217 1636 hinnulo
3272 1597 3598 1646 cervorum;

2026 1687 2225 1727 cervus
2262 1672 2410 1728 enim
2456 1683 2753 1731 venenatos
2786 1674 3027 1731 absumit
3066 1683 3372 1743 serpentes.
3402 1674 3470 1729 At
3505 1690 3604 1727 cur

2026 1762 2104 1817 ait
2131 1763 2364 1817 hinnulo
2394 1780 2685 1819 cervorum
2717 1774 2772 1820 et
2803 1781 2911 1820 non
2958 1767 3160 1821 cervo?
3190 1764 3331 1832 Quia
3378 1766 3600 1834 plurimi

2027 1854 2249 1921 quidem
2288 1856 2534 1910 homines
2565 1856 2649 1909 vel
2697 1855 2812 1909 fere
2849 1870 3041 1911 omnes
3082 1857 3136 1910 in
3179 1857 3374 1925 puerili
3420 1864 3596 1918 aetate,

2028 1944 2075 1998 si
2135 1960 2243 1998 non
2307 1946 2580 2015 turpibus,
2624 1953 2860 2001 attamen
2922 1946 3201 2014 aliquibus
3258 1946 3601 2001 succubuere

2026 2037 2398 2108 passionihus,
2435 2053 2500 2092 ac
2532 2052 2660 2092 sero
2697 2048 2751 2091 et
2783 2038 2874 2091 vix
2909 2038 3137 2091 senilem
3182 2052 3248 2091 ac
3286 2045 3603 2106 temperan-

2027 2140 2135 2185 tem
2188 2136 2483 2185 assutnnnt
2530 2128 2942 2199 cogitationem.
2979 2126 3154 2180 llomo
3199 2135 3381 2182 autem
3417 2125 3599 2179 Domi-

2028 2220 2188 2275 nicus
2218 2220 2538 2289 priusquam
2573 2226 2760 2272 nosset
2790 2232 2986 2271 vocare.
3020 2225 3227 2286 patrem
3262 2216 3346 2270 vel
3376 2223 3602 2268 matrem

2030 2325 2139 2364 non
2173 2311 2355 2379 paruit
2393 2308 2636 2372 malitiae,
2679 2306 2952 2374 iuveniles
3000 2307 3483 2375 concupiscentias
3522 2320 3607 2360 se-

2030 2402 2126 2458 nili
2177 2403 2379 2457 mentis
2427 2401 2702 2458 sententia
2751 2398 3111 2455 conculcans.
3160 2397 3439 2452 Fortassis
3486 2403 3607 2452 erat

2028 2511 2225 2567 caprea
2268 2494 2493 2567 quando
2535 2493 2686 2548 visus
2732 2492 2989 2546 acumine
3033 2491 3393 2560 cogitationes
3431 2488 3608 2541 homi-

2030 2604 2160 2643 num
2193 2601 2414 2663 cervum
2445 2584 2669 2640 dicebat
2702 2601 2716 2637 :
2755 2602 2773 2635 ι
2816 2580 3015 2651 thuid
3066 2579 3318 2648 cogitatis
3365 2577 3506 2630 mala
3548 2577 3605 2630 in

2029 2678 2292 2734 cordibus
2341 2677 2542 2733 vestris
2592 2675 2674 2729 ‘7?
2731 2692 2749 2725 ι
2812 2671 3089 2727 llinnulus
3136 2686 3265 2725 vero
3317 2680 3606 2723 cervorum

2028 2771 2251 2842 quando
2297 2767 2494 2838 legioni
2547 2766 2858 2822 daemonum
2905 2763 3164 2819 dicebat:
3203 2781 3221 2813 ι
3256 2760 3354 2814 Ελί
3400 2762 3467 2815 ab
3509 2762 3609 2813 ho-

2033 2865 2199 2926 mine,
2240 2860 2470 2930 spiritus
2515 2856 2798 2912 immunde
2825 2855 2893 2920 ³⁸,
2934 2873 2953 2907 ι
3015 2862 3277 2922 tanquam
3309 2866 3340 2905 e
3372 2849 3613 2920 pot-cinis

2033 2954 2315 3009 hominum
2364 2948 2687 3019 corporibus
2736 2948 3053 3002 nidulantes
3099 2944 3398 3000 extrahens
3446 2944 3608 2998 simul

2034 3046 2268 3100 insertas
2303 3042 2439 3111 ipsis
2476 3040 2788 3094 daemonum
2825 3038 3088 3107 legiones.

408 3133 688 3199 Φίλωνος
736 3132 835 3186 καί
895 3131 1249 3202 Ὡριγένους.
1283 3161 1355 3173 -
1394 3130 1468 3182 Ἢ
1517 3132 1613 3185 καὶ
1656 3130 1754 3201 ὅρη
1801 3132 1923 3193 τοὺς

2105 3135 2375 3191 Philonis.
2400 3163 2473 3175 —
2499 3132 2598 3189 Vel
2632 3133 2796 3189 etiam
2847 3141 3061 3188 montes
3109 3136 3271 3184 vorat
3315 3128 3609 3198 prophetas

336 3227 635 3295 πφφήτας
659 3226 823 3294 φησὶν
860 3223 1081 3296 ἀρτίους
1114 3222 1194 3294 τῷ
1223 3225 1558 3296 φρονήματι,
1595 3224 1703 3277 τῶν
1732 3223 1926 3295 ἀληθι-

333 3317 449 3371 νῶν
472 3316 780 3386 θεωρητὰς,
818 3312 974 3385 οἶμαι
999 3315 1055 3369 δὲ
1089 3316 1185 3369 καὶ
1230 3315 1361 3379 τοὺς
1388 3316 1724 3380 ἀποστόλους
1746 3331 1759 3346 ο
1801 3316 1929 3369 ἐπεὶ

333 3408 484 3461 κατὰ
505 3408 702 3476 γενεὰν
737 3409 772 3478 ἡ
808 3406 990 3476 σοφία,
1032 3409 1112 3471 εἰς
1139 3407 1317 3478 ψυχὰς
1352 3407 1670 3477 μεταδαίνει
1692 3424 1705 3438 ·
1740 3407 1842 3480 ὅρη
1872 3406 1928 3461 δὲ

332 3500 537 3570 ἐπειδὴ
585 3499 907 3570 ἀνίσχοντος
956 3499 1135 3570 ἡλίου.
1192 3500 1388 3570 πρῶτα
1441 3499 1925 3570 καταλάμπονται·

335 3591 573 3654 βουνοὺς
612 3590 669 3643 δὲ
699 3591 823 3653 τοὺς
854 3589 1078 3642 ἔλαττον
1105 3591 1471 3661 χωρήσαντας
1499 3591 1596 3662 τήν
1638 3590 1734 3643 τοῦ
1768 3589 1929 3643 πνεύ-

338 3701 520 3752 ματος
548 3682 876 3752 ἐπιφάνειαν
894 3698 908 3713 ·
939 3681 1121 3751 λέγοις
1147 3681 1193 3735 δ’
1218 3682 1285 3735 ἂν
1317 3682 1414 3735 καὶ
1434 3682 1559 3753 ὄρη,
1594 3682 1661 3735 τὰ
1686 3684 1746 3735 ὲν
1779 3684 1931 3753 νόμῳ

335 3777 631 3845 ιοήματα⁶
676 3774 899 3842 βουνοὺς
922 3772 981 3827 δὲ
1028 3773 1098 3827 τά
1135 3773 1244 3826 τῶν
1288 3773 1495 3827 λοιπῶν
1537 3774 1859 3844 προφητῶνο
1893 3773 1927 3845 ἢ

336 3870 433 3921 καὶ
467 3866 761 3936 θεωρήσας
790 3867 882 3921 τὸν
910 3867 969 3919 ὲν
1003 3867 1182 3936 Καινῇ
1229 3865 1475 3937 Διαθήκῃ
1516 3864 1696 3933 λόγον,
1740 3864 1929 3936 βλέπει

340 3962 406 4015 τά
427 3962 540 4032 δρτι
580 3959 861 4030 πηδῶντα,
914 3958 1008 4012 ἐπὶ
1041 3958 1098 4011 δὲ
1129 3959 1256 4022 τοὺς
1288 3957 1511 4028 βουνοὺς
1554 3957 1926 4028 διαλλόμενον,

339 4054 429 4106 τὸν
467 4054 530 4105 ἐν
571 4051 651 4121 τῷ
697 4049 915 4118 παλαιῷ
952 4049 1277 4120 γράμματι·
1325 4048 1505 4122 νεϐρῷ
1548 4048 1604 4101 δὲ
1653 4048 1869 4117 ἐλάφων
1902 4050 1930 4101 ὁ

337 4145 581 4214 νυμφίος
632 4143 990 4203 ἀπείκασται,
1021 4141 1083 4195 οὗ
1118 4141 1278 4209 μόνον
1315 4140 1392 4204 ὡς
1437 4139 1743 4193 ἀναλίσκων
1798 4140 1927 4202 τοὺς

338 4241 520 4305 ὃφεις,
551 4235 679 4290 ἀλλ’·
711 4235 794 4289 ὅτι
848 4235 945 4287 καὶ
974 4233 1190 4287 παιδίον
1224 4231 1486 4301 ἐγεννήθη
1515 4232 1649 4301 ἡμῖν
1680 4231 1792 4294 υίὸς
1835 4232 1929 4283 καὶ

340 4328 502 4399 ἐδόθη
531 4329 669 4396 ἡμῖν
687 4343 702 4358 ·
744 4326 839 4380 καὶ
868 4326 951 4378 ὅτι
978 4324 1349 4379 ἐταπείνωσεν
1392 4322 1583 4377 ἑαυτόν
1605 4340 1619 4354 ’
1651 4320 1686 4393 ἦ
1727 4324 1835 4392 γὰρ
1864 4322 1930 4376 ἀν

338 4418 544 4486 ἔλαφος
572 4418 791 4487 ὑπῆρχε
821 4416 1027 4470 τελεία.

2031 3244 2197 3286 sensu
2220 3226 2486 3285 sublimes
2511 3226 2805 3279 veritatutn
2833 3221 3297 3291 contemplatores
3319 3237 3331 3272 :
3351 3219 3610 3273 existimo

2030 3337 2163 3378 vero
2216 3320 2383 3376 etiam
2442 3318 2754 3387 apostolos,
2796 3312 3247 3385 quandoquidem
3305 3308 3607 3366 secundum

2030 3411 2439 3482 generationem
2483 3407 2753 3479 sapientia
2789 3407 2841 3460 in
2885 3388 3099 3459 animas
3130 3402 3360 3468 transit,
3393 3410 3610 3455 montes

2031 3513 2215 3558 autem
2251 3503 2382 3574 quia
2410 3501 2623 3557 oriente
2646 3499 2765 3555 sole
2793 3498 2952 3569 pritui
2987 3496 3396 3555 illutuinantttr.
3439 3492 3611 3547 colles

2031 3608 2161 3647 vero
2223 3592 2317 3662 qui
2378 3591 2563 3645 minus
2620 3588 2847 3658 capiunt
2902 3589 3132 3656 Spiritus
3188 3584 3607 3654 apparitionetn.

2031 3685 2172 3751 Quin
2202 3695 2256 3740 et
2295 3693 2511 3739 montes
2558 3691 2722 3738 vocat
2768 3695 2967 3737 sensus
3014 3679 3239 3749 legales,
3269 3678 3438 3733 colles
3482 3690 3613 3731 vero

2028 3787 2349 3830 cancrorum
2376 3774 2788 3843 prophetarum,
2814 3771 2896 3824 vel
2927 3771 3090 3824 etiam
3114 3769 3250 3823 Novi
3273 3766 3609 3824 Testatnenti
3687 3807 3692 3812 .

2032 3879 2344 3920 sermonem
2384 3862 2790 3932 centetnplans,
2834 3859 2984 3914 videt
3035 3874 3201 3928 super
3260 3868 3472 3913 montes
3523 3872 3611 3912 sn-

2031 3960 2280 4021 Iientem,
2325 3973 2422 4025 per
2460 3956 2634 4009 colles
2688 3969 2820 4010 vero
2870 3952 3274 4006 transilientem
3327 3951 3381 4003 in
3435 3950 3611 4003 veteri

2028 4049 2236 4104 littera.
2279 4046 2523 4100 llinnulo
2563 4059 2728 4115 porro
2763 4057 3054 4099 cervorum
3104 4055 3341 4109 sponsus
3389 4039 3612 4094 assimi-

2030 4144 2176 4196 latur
2224 4155 2333 4195 non
2370 4137 2550 4194 solum
2584 4147 2641 4191 ttt
2669 4144 2954 4205 serpentes
2993 4133 3310 4193 absumens.
3355 4132 3449 4187 sed
3479 4132 3612 4200 quia
3656 4140 3665 4148 '

2029 4234 2192 4289 etiam
2252 4245 2390 4301 puer
2451 4238 2613 4284 natus
2691 4236 2779 4282 est
2833 4228 2993 4282 nobis
3030 4232 3087 4280 et
3121 4224 3269 4279 illius
3317 4223 3479 4277 datus
3527 4228 3615 4274 est

2032 4324 2215 4385 nobis,
2267 4331 2322 4378 et
2370 4321 2500 4391 quia
2553 4320 2864 4375 bttmiliavit
2924 4319 3307 4388 semetipsum,
3341 4314 3615 4385 siquidem

2032 4430 2233 4471 cervus
2267 4422 2386 4468 erat
2420 4412 2719 4483 perfectus.

423 4509 578 4564 Ἰδοὺ
606 4504 787 4574 οὗτος
812 4508 1074 4573 ἔστηκεν
1121 4505 1315 4560 ὀπίσω
1353 4505 1462 4560 τοῦ
1504 4506 1709 4575 τοιχου
1758 4504 1929 4574 ἡμῶν

2109 4507 2242 4562 Ecre
2282 4507 2367 4560 hic
2400 4516 2508 4562 stat
2548 4516 2668 4575 post
2710 4505 2969 4575 parietem
3013 4516 3269 4578 nostratui
3291 4503 3615 4572 prospiciens

335 4598 756 4669 παρακύπτων
781 4599 883 4654 διὰ
908 4598 1029 4653 τῶν
1057 4595 1315 4668 θυρίδων
1340 4598 1655 4652 summer
1683 4595 1781 4651 διὰ
1814 4597 1932 4651 τῶν

333 4693 627 4748 δικτύων.
1380 4744 1397 4755 _.

411 4786 986 4854 Κυρίλλου.-Ἰσως
1006 4784 1062 4837 δὲ
1085 4784 1321 4845 καὶτοὺς
1344 4782 1673 4845 ἀποστόλους
1697 4781 1931 4851 ἐδήλωσε

331 4875 430 4928 διὰ
460 4877 564 4945 τῆς
606 4873 923 4942 ἁλιευτικῆς
947 4872 1143 4944 τέχνης
1164 4891 1179 4905 ο
1215 4872 1386 4924 ταῦτα
1409 4871 1587 4923 τοίνυν
1621 4869 1808 4923 ἀκούει
1841 4869 1931 4923 τοῦ

332 4967 509 5034 λόγου
542 4966 577 5037 ἠ
617 4965 914 5036 Ἐκκλησία
942 4966 1031 5018 διὰ
1059 4963 1168 5017 τῶν
1196 4963 1554 5035 προφητικῶν
1573 4961 1929 5031 θυρίδων-καὶ

332 5059 452 5111 τῶν
488 5059 737 5128 νομικῶν
788 5057 1025 5111 δικτύων
1073 5057 1337 5127 δεχομένη
1372 5055 1471 5125 τὴν
1522 5056 1622 5124 τῆς
1670 5054 1927 5126 ἀληθείας

334 5149 557 5219 αὑγήνο
594 5149 675 5202 ἔτι
702 5148 1037 5213 συνεστῶτος
1065 5148 1160 5202 τοῦ
1192 5147 1420 5200 τυπικοῦ
1452 5148 1546 5216 τῆς
1580 5146 1945 5208 διδασκαλίας,

334 5238 553 5311 τοίχου,
589 5237 684 5292 τοῦ
729 5239 899 5310 νόμου
951 5238 1117 5308 λέγω,
1150 5238 1243 5290 τοῦ
1302 5238 1399 5306 τὴν
1438 5240 1596 5289 σκιὲιν
1649 5236 1928 5301 ποιοῦντος

338 5331 454 5383 τῶν
489 5329 798 5400 μελλόντων
827 5329 1071 5399 ἀγαθῶν,
1114 5331 1214 5383 οὐκ
1260 5329 1431 5394 αὐτὴν
1467 5328 1565 5398 τὴν
1611 5327 1793 5380 εἰκόνα
1824 5326 1933 5378 τῶν

343 5423 700 5494 πραγμάτων
728 5422 1067 5486 δεικνύντοςο
1102 5418 1164 5476 οὗ
1210 5421 1387 5473 ὀπίσω
1423 5421 1595 5473 στᾶσα
1642 5422 1672 5489 ἡ
1705 5410 1931 5489 ἀλήθεια

341 5514 587 5586 ἐχομένη
615 5513 715 5568 τοῦ
734 5515 901 5568 τόπου
932 5514 1159 5585 ὕστερον
1183 5513 1504 5580 ἐπιλάμπει.

417 5589 781 5675 Γρηγορίοί).
830 5633 880 5647 -
912 5606 1069 5663 Κατὰ
1093 5605 1156 5659 τὸ
1205 5604 1369 5676 ῥητὸν
1414 5604 1560 5655 ἔνδον
1606 5601 1929 5682 οἰκουρουσῃ

424 5781 469 5814 ’τ
499 5781 693 5836 Matth.
731 5798 804 5843 tr,
846 5782 889 5836 ί.
970 5782 1011 5815 ³³
1052 5780 1213 5835 λίπε.
1253 5797 1300 5841 ν,
1343 5778 1395 5834 8.

1475 5778 1515 5809 ³⁸
1547 5775 1744 5833 Jercm.
1785 5791 1861 5839 ts,
1892 5773 1987 5828 il.

2030 4618 2121 4671 per
2150 4602 2434 4671 fenestras,
2465 4615 2727 4670 apparens
2759 4614 2853 4667 per
2887 4599 3047 4653 retia.

2107 4776 2323 4849 Cyritti.
2358 4804 2426 4817 --
2452 4771 2732 4829 Fortassis
2761 4786 2896 4827 vero
2925 4768 3406 4845 etiamapostolos
3429 4767 3617 4822 decla-

2036 4870 2426 4943 ravitpropter
2458 4855 2713 4935 piscandi
2747 4869 2943 4917 artem.
2985 4862 3098 4918 llos
3132 4860 3301 4931 igitur
3330 4873 3617 4915 sermones

2036 4960 2192 5017 audit
2247 4959 2492 5014 Ecclesia
2547 4973 2643 5028 per
2700 4954 3047 5026 proplteticas
3069 4953 3339 5009 fenestras
3379 4962 3433 5006 et
3478 4950 3616 5005 retia

2034 5053 2228 5123 legalia
2291 5052 2539 5106 veritatis
2604 5049 2956 5113 splendorem
3019 5046 3369 5117 percipiens,
3434 5043 3616 5098 adhuc

2034 5150 2325 5197 constante
2383 5140 2617 5209 ﬁgurato
2688 5138 2958 5193 doctrinae
3018 5138 3156 5207 legis
3218 5135 3467 5205 pariete,
3519 5133 3615 5204 qui

2037 5234 2289 5287 utnht'atn
2338 5230 2562 5286 exhibet
2605 5230 2919 5286 futurorum
2957 5230 3247 5303 bonorum,
3282 5242 3390 5282 ron
3436 5227 3615 5296 ipsam
3662 5272 3667 5277 .

2040 5326 2333 5392 imaginem
2398 5325 2678 5389 ostendit,
2739 5333 2890 5379 retro
2941 5340 3105 5393 quem
3164 5322 3367 5377 veritas
3423 5321 3617 5390 ligarat

2037 5420 2218 5472 vicina
2250 5417 2591 5500 consistens,
2625 5416 2903 5486 posterius
2936 5416 3228 5471 illucescit.

2113 5594 2370 5666 Gregorii.
2402 5626 2471 5638 --—
2499 5594 2816 5652 Secundum
2863 5596 3101 5651 litteram
3156 5614 3167 5647 :
3208 5594 3342 5649 Cum
3391 5590 3605 5665 Sponsa
