4060 6452
378 349 512 415 1599

1675 351 2030 413 PROCOPII
2066 353 2309 413 ΕΑΖ.Έί

3518 347 3665 413 1600

376 472 530 525 intus
589 468 811 524 domum
867 468 1212 525 custodiente
1269 483 1367 538 per
1406 466 1678 521 fenestras
1734 476 1977 521 amator.

2082 467 2113 534 ᾖ
2157 465 2369 536 Νύμφῃ
2414 463 2502 517 διὰ
2531 462 2640 515 τῶν
2690 460 2919 534 θυρίδων
2945 463 2973 515 ὁ
3016 462 3251 533 ἐραστὴς
3289 460 3663 529 διαλέγεταιο

375 559 622 621 disserit,
658 568 713 614 et
755 561 964 629 pariete
1014 557 1338 614 intertnedio
1389 567 1685 625 utrumque
1735 562 1957 609 arcente

376 652 518 705 citra
559 650 731 705 ultum
778 651 1225 720 impedimentum
1259 647 1315 703 fit
1346 647 1621 702 sermonis
1651 646 1955 700 communi-

375 741 542 806 ratio,
575 756 672 812 per
723 739 992 796 fenestras
1028 734 1247 811 quidem
1286 754 1344 792 se
1382 736 1709 792 demittente
1754 736 1953 806 capite,

376 845 473 897 per
506 831 642 885 retia
674 845 801 885 vero
827 847 950 899 quae
992 840 1127 885 sunt
1154 831 1208 883 in
1235 828 1496 883 fenestris
1533 827 1767 883 interius
1795 826 1956 881 oculo

377 921 717 993 despiciente
746 938 760 975 :
793 923 878 976 via
914 933 1097 975 autent
1145 930 1199 976 et
1246 921 1645 990 causequenlia
1696 934 1957 991 auagogte

380 1014 673 1067 humanam
704 1022 956 1067 naturam
992 1013 1102 1066 Deo
1132 1014 1489 1078 coniunctam
1522 1011 1700 1067 reddit
1731 1012 1912 1066 oratio
1939 1030 1953 1067 :

383 1103 614 1171 primum
665 1103 884 1171 quidem
938 1104 1112 1172 ipsam
1160 1108 1260 1173 per
1313 1103 1611 1171 prephelas
1655 1102 1813 1172 quasi
1862 1117 1958 1171 per

380 1192 645 1247 fenestras
691 1202 746 1248 et
779 1209 872 1262 per
900 1194 1161 1263 legalium
1217 1204 1615 1263 praeceptorum
1662 1194 1960 1246 connexio-

383 1300 502 1337 nem
543 1286 698 1352 quasi
737 1300 831 1353 per
864 1288 999 1339 retia
1040 1286 1326 1338 illustraus
1356 1303 1368 1337 :
1401 1285 1483 1338 sic
1514 1284 1658 1337 enim
1699 1283 1958 1353 intelligi-

378 1390 500 1430 mus
531 1374 801 1430 fenestras
831 1374 1049 1445 quidem
1086 1377 1382 1445 prophetas
1413 1374 1506 1443 qui
1557 1374 1738 1427 lumen
1783 1373 1961 1427 intro-

379 1469 612 1529 ducunt,
645 1465 780 1518 retia
814 1480 941 1517 vero
992 1465 1251 1532 legalium
1301 1462 1685 1516 mandatorum
1735 1477 1957 1528 nexum,

384 1568 479 1619 per
508 1567 629 1621 quae
661 1560 893 1621 utraque
927 1552 1184 1622 splendor
1206 1553 1320 1607 Veri
1349 1548 1571 1606 luminis
1604 1552 1754 1604 intro
1786 1552 1958 1605 subit.

383 1642 514 1697 Post
569 1645 683 1697 haec
737 1654 919 1697 autem
982 1651 1069 1696 est
1134 1642 1375 1712 perfecta
1435 1642 1576 1696 lucis
1629 1642 1962 1696 illuminatio

383 1729 606 1805 quando
637 1732 892 1799 apparuit
924 1732 1039 1799 ipsa
1073 1732 1161 1783 lux
1192 1746 1317 1786 vera
1360 1745 1457 1802 per
1499 1730 1964 1800 contemperatio-

384 1838 510 1877 ltelll
547 1836 671 1875 cum
712 1830 897 1877 nostra
936 1832 1153 1877 natura.

458 1999 597 2055 Nili.
628 2030 699 2042 -
735 2000 1002 2056 Parietem
1046 2016 1243 2072 cer-pus
1292 2011 1451 2056 vocat
1497 2000 1741 2056 hominis
1777 1998 1963 2053 Domi-

392 2090 529 2156 nici,
562 2091 998 2145 incarnationem
1040 2091 1132 2146 Dei
1167 2089 1326 2145 Verbi
1362 2090 1777 2146 ahscondentis.
1814 2091 1973 2146 Videt

389 2190 573 2235 autem
624 2182 802 2250 ipsum
849 2186 1016 2236 etiam
1076 2182 1502 2251 prospicientem
1556 2196 1651 2250 per
1698 2179 1973 2235 fenestras

390 2286 709 2327 sermonqu
745 2274 1299 2342 praphelirorum,’et
1328 2280 1683 2342 apparentem
1713 2287 1808 2343 per
1835 2273 1973 2329 retia

391 2363 804 2432 praedicationis
836 2367 1170 2433 apostolicae.
1216 2365 1287 2420 Ex
1330 2375 1481 2436 parte
1515 2379 1751 2435 namque
1793 2366 1971 2435 ipsum

391 2455 548 2523 quasi
579 2470 611 2509 e
637 2455 881 2510 fenestra
912 2457 1343 2527 prospicientem
1375 2457 1683 2526 prophetici
1715 2458 1976 2511 exhibent

392 2561 699 2613 Sermones,
741 2556 916 2601 totum
968 2565 1102 2603 vero
1142 2549 1380 2604 dilucide
1426 2551 1672 2606 ostendit
1722 2552 1974 2606 doctrina

392 2639 714 2706 apostolica.
755 2638 881 2692 Sola
920 2640 1087 2710 igitur
1122 2641 1237 2697 haec
1266 2651 1490 2697 ostensa
1528 2650 1611 2696 est
1645 2658 1709 2695 ex
1759 2642 1823 2697 iis
1854 2657 1975 2710 quae

393 2729 463 2783 de
501 2729 620 2798 ipso
665 2731 987 2798 pr0phetata
1013 2740 1132 2785 erat
1169 2743 1221 2787 et
1256 2750 1320 2787 ex
1368 2734 1752 2804 praenuntiatis
1795 2732 1974 2805 signis

397 2820 559 2872 oculo
582 2819 779 2874 animae
813 2836 909 2889 per
941 2823 1368 2878 crassitudinem
1416 2824 1643 2892 parietis
1686 2834 1977 2894 penetrare

393 2920 447 2964 et
484 2911 535 2964 in
567 2925 801 2980 corpore
843 2912 1228 2968 absconditum
1276 2914 1484 2969 videre.
1529 2915 1744 2970 llnrsus
1793 2924 1973 2969 autem

399 3001 580 3067 paries
610 3009 694 3054 est
730 3001 835 3063 lex,
867 3010 1017 3056 retro
1049 3018 1213 3072 quem
1262 3010 1372 3059 stat
1409 3018 1646 3073 sponsus
1686 3004 1973 3060 abscondi-

399 3098 488 3144 tus
519 3090 688 3159 legem
725 3094 1006 3158 sanciens,
1033 3100 1088 3147 et
1130 3108 1237 3148 non
1281 3096 1537 3166 cognitus
1568 3095 1638 3148 ab
1665 3095 1734 3149 iis
1770 3096 1970 3166 quibus

400 3182 487 3235 lex
536 3180 831 3238 fecebatur.
888 3182 1047 3238 Videt
1088 3194 1269 3239 autem
1330 3187 1508 3255 ipsum
1562 3185 1774 3256 Sponsa
1826 3194 1975 3241 retro

398 3269 573 3341 legem
628 3281 885 3337 stantem,
942 3275 1195 3343 plurimis
1252 3268 1791 3348 inconiprehensum,
1847 3281 1977 3347 quia

400 3363 456 3417 in
488 3363 610 3429 hac,
646 3378 708 3418 ea
740 3380 862 3431 qua:
891 3366 959 3421 de
1000 3368 1121 3435 ipso
1159 3375 1290 3423 sunt
1315 3368 1553 3424 obscure
1589 3376 1643 3424 et
1670 3368 1981 3424 inumbrate

399 3456 546 3509 dicta
581 3465 731 3511 sunt.
774 3455 867 3512 Sic
913 3468 1068 3528 petra
1100 3459 1409 3526 Christum,
1440 3468 1492 3515 et
1528 3476 1681 3515 mare
1713 3461 1981 3529 baptisma

402 3548 768 3617 significabat.
836 3549 1019 3606 Possit
1078 3566 1209 3606 vero
1268 3567 1466 3607 rursus
1525 3550 1797 3607 fenestras
1857 3551 1984 3621 quis

401 3637 586 3691 dcere
634 3652 834 3693 sensus
881 3641 1113 3709 Sponsae
1165 3655 1305 3709 quos
1358 3655 1484 3694 cum
1537 3640 1765 3695 haberet
1817 3654 1986 3711 puros

404 3744 504 3797 per
536 3743 634 3783 eos
670 3730 841 3784 solem
877 3746 940 3786 ac
974 3734 1144 3785 vitam
1188 3732 1437 3802 suscepit
1474 3733 1860 3802 peccatoribus
1891 3749 1989 3804 per

401 3817 624 3874 eosdem
685 3830 918 3876 mortem
983 3821 1516 3888 intromittentibus,
1574 3821 1730 3892 juxta
1786 3822 1918 3877 illud
1970 3840 1985 3879 :

408 3927 430 3961 ι
466 3909 726 3966 Ascendit
755 3927 903 3968 mors
951 3929 1048 3983 per
1091 3913 1363 3970 fenestras
1409 3921 1625 3970 vestras
1658 3914 1726 3969 ".
1765 3932 1784 3968 ι
1834 3915 1988 3970 Retia

405 4016 539 4057 vero
569 4004 905 4067 tentatioues
937 4005 1038 4074 ipsi
1075 4020 1105 4060 a
1141 4004 1345 4062 Sataua
1380 4007 1433 4061 in
1462 4006 1684 4063 deserto
1719 4006 1987 4074 obiectas,

404 4095 630 4163 quando
658 4104 897 4150 teutator
933 4095 1113 4165 ipsum
1147 4096 1305 4165 quasi
1341 4098 1495 4153 retiis
1537 4113 1734 4169 capere
1762 4098 1993 4168 putabat

406 4185 825 4249 tentatiouibus,
859 4186 1063 4256 quibus
1091 4187 1386 4242 sublimior
1419 4202 1693 4258 apparens
1725 4188 1992 4243 Dominus

401 4286 457 4331 et
485 4275 711 4346 laqueos
738 4278 986 4347 retiaque
1010 4286 1328 4344 conterens,
1350 4289 1502 4335 recte
1520 4281 1746 4337 directis
1771 4296 2005 4352 respon-,

2060 556 2155 607 καὶ
2186 555 2290 607 τοῦ
2306 556 2490 626 τοίχου
2533 554 2880 624 ἀμφοτέρους
2911 552 3054 606 κατὰ
3082 553 3142 607 τὸ
3183 554 3348 624 μέσον
3380 553 3665 622 διείργον-

2059 660 2176 705 τος.
2202 643 2595 713 ἀνεμπόδιστος
2617 642 2826 710 γίνεται
2855 641 2951 695 τοῦ
2975 640 3135 709 λόγου
3164 643 3198 710 ἡ
3232 640 3505 694 κοινωνία
3527 655 3540 668 '
3573 638 3667 693 διὰ

2064 735 2165 805 μὲν
2196 734 2305 788 τῶν
2334 734 2567 805 θυρίδων
2606 733 2707 802 τῆς
2754 732 2998 801 κεφαλῆς
3030 732 3542 803 παρακυπτούσης,
3574 732 3669 787 διὰ

2057 826 2115 878 δὲ
2145 824 2255 879 τῶν
2310 824 2368 877 ὲν
2417 826 2538 885 ταῖς
2568 822 2752 894 θυρίσι
2800 820 3039 876 δικτύων
3076 822 3215 893 πρὸς
3255 824 3322 877 τὰ
3353 821 3522 884 me;
3569 819 3671 874 τοῦ

2060 914 2343 985 ὀφθαλμοῦ
2384 914 2809 976 διακύπτοντοςο
2844 912 2951 982 ὁδῷ
2988 912 3048 966 δὲ
3082 913 3177 967 καὶ
3202 911 3514 984 ἀκολουθίᾳ
3563 912 3673 980 τῆς

2059 1007 2282 1077 ἀγωγῆς
2322 1008 2656 1077 προσοικειοῖ
2721 1003 2801 1074 τῷ
2839 1003 2959 1075 Θεῷ
3003 1004 3105 1074 τὴν
3150 1003 3519 1074 ἀνθρωπίνην
3558 1001 3673 1070 φύ-

2064 1114 2148 1149 σιν
2181 1098 2208 1150 ὁ
2247 1097 2405 1165 λόγος
2426 1112 2439 1127 ⁸
2488 1095 2705 1166 πρῶτον
2752 1097 2851 1166 μὲν
2883 1096 3053 1166 αὐτὴν
3089 1095 3178 1150 διὰ
3203 1095 3309 1148 τῶν
3352 1092 3674 1166 προφητῶν

2058 1188 2132 1252 ὡς
2152 1189 2239 1242 διὰ
2268 1188 2498 1259 θυρίδων
2529 1188 2905 1253 καταυγάζων·
2930 1189 3023 1241 καὶ
3042 1188 3130 1242 διὰ
3157 1188 3255 1255 τῆς
3278 1188 3394 1241 τῶν
3412 1187 3676 1256 νομικῶν

2059 1279 2538 1348 παραγγελμάτων
2578 1279 2783 1346 πλοκῆς
2832 1275 2906 1341 ὡς
2936 1277 3021 1331 διὰ
3073 1278 3304 1331 δικτύων
3324 1293 3338 1308 ³
3371 1276 3530 1331 οὕτω
3561 1277 3675 1348 γὰρ

2057 1368 2305 1440 νοοῦμεν,
2326 1368 2544 1438 θυρίδας
2578 1368 2814 1437 μὲντοὺς
2849 1370 3151 1439 προφήτας,
3172 1368 3378 1433 τοὺςτὸ
3406 1367 3534 1436 φῶς
3561 1371 3678 1421 eia-

2061 1461 2316 1530 άγοντας,
2339 1460 2530 1514 δίκτυα
2553 1459 2632 1523 δὲ,
2654 1459 2751 1529 τὴν
2778 1458 2888 1510 τῶν
2913 1458 3153 1528 νομικῶν
3173 1458 3677 1528 παραγγελμάτων

2063 1550 2306 1621 πλοκήν·
2363 1549 2431 1603 δι’
2490 1542 2564 1603 ὧν
2611 1551 2936 1618 ἀμφοτέρων
2990 1552 3024 1620 ἡ
3061 1550 3205 1619 αὐγὴ
3264 1550 3361 1604 τοῦ
3401 1551 3676 1622 ἀληθινοῦ

2067 1642 2243 1712 φωτὸς
2304 1644 2397 1694 ἐπὶ
2455 1642 2526 1694 τὰ
2569 1641 2719 1703 ἐντος
2755 1640 3094 1712 παραδύεται
3116 1657 3130 1670 ·
3167 1640 3305 1707 μετὰ
3332 1640 3522 1695 ταῦτα
3558 1642 3618 1696 δὲ
3642 1643 3678 1707 ἠ

2067 1732 2251 1784 τελεία
2295 1729 2390 1784 τοῦ
2441 1732 2618 1798 φωτλς
2664 1728 2932 1800 ἐλλαμψις
2972 1729 3218 1797 γίνεται⁶
3252 1730 3385 1783 ὅταν
3420 1731 3678 1800 ἐπιφανῇ

2071 1821 2234 1885 αὐτὸς
2271 1819 2334 1874 τὺ
2386 1820 2501 1890 φῶς
2538 1819 2597 1896 τρ
2630 1819 2885 1891 ἀληθινὸν
2933 1820 3023 1874 διὰ
3053 1820 3153 1891 τῆς
3183 1820 3320 1890 πρὸς
3369 1819 3479 1891 τὴν
3508 1819 3679 1891 φύσιν

2081 1915 2115 1984 ἡ
2123 1913 2239 1983 μῶν
2268 1901 2649 1981 ἀνακρᾌσεως.
3528 1978 3535 1981 _

2138 2004 2378 2060 Νείλου.
2405 2031 2478 2043 -—
2525 2002 2741 2072 Τοίχον,
2774 2001 2836 2054 τὸ
2869 2000 3033 2071 σῶμα
3070 2000 3164 2054 τοῦ
3199 1999 3493 2069 κυριακοῦ
3525 1988 3679 2069 λέγει

2071 2093 2386 2165 ἀνθρώπου,
2442 2092 2784 2166 κρύπτοντος
2815 2090 2913 2145 τοῦ
2959 2091 3095 2145 Θεοῦ
3144 2091 3318 2161 Λόγου
3369 2093 3477 2165 τὴν
3514 2093 3678 2146 ὲναν·

2074 2184 2393 2253 θρὼπησινθ
2452 2183 2644 2255 βλέπει
2691 2184 2747 2237 δὲ
2780 2184 2942 2238 αὑτὸν
2975 2184 3070 2237 καὶ⁵
3119 2184 3564 2257 παρακύπτοντα
3591 2183 3679 2236 διὰ

2071 2278 2183 2331 τῶν
2204 2276 2461 2348 θυρίδων,
2486 2275 2597 2329 τῶν
2616 2275 2801 2342 λόγων
2822 2274 2931 2329 τῶν
2957 2277 3314 2345 προφητικῶν
3330 2294 3342 2304 ·
3373 2278 3476 2329 καὶ
3502 2275 3642 2343 ἑγκύ
3661 2306 3675 2316 -

2077 2387 2280 2423 πτοντα
2317 2369 2407 2422 διὰ
2436 2368 2546 2421 τῶν
2575 2367 2811 2422 δικτύων
2842 2368 2938 2421 τοῦ
2969 2368 3332 2423 ἀποστολικοῦ
3369 2370 3675 2441 κηρύγμα·

2077 2478 2202 2525 τος·
2248 2461 2491 2531 μερικῶς
2522 2461 2633 2530 γὰρ
2660 2460 2824 2513 αὐτὸν
2867 2459 3061 2532 ὥσπερ
3098 2461 3206 2515 ἀπὸ
3240 2461 3462 2533 θυρίδος
3492 2478 3678 2532 παρα-

2075 2549 2350 2604 κύπτοντα
2378 2552 2424 2603 οί
2451 2550 2778 2621 προφητικοὶ
2820 2552 3226 2622 παραφαίνουσι
3252 2551 3404 2620 λόγοι
3428 2567 3444 2581 ·
3477 2552 3602 2606 ὅλον
3622 2550 3679 2603 δὲ

2074 2641 2359 2710 τηλαυγῶς
2380 2644 2412 2713 ἡ
2443 2642 2775 2711 ἀποστολικὴ
2796 2642 3032 2696 δείκνυσι
3052 2642 3395 2697 διδασκαλία·
3421 2644 3564 2712 μόνη
3584 2636 3677 2695 οὖν

2078 2731 2217 2802 αῦτη
2249 2732 2535 2804 δεδύνηται
2563 2735 2627 2786 ὲκ
2658 2733 2767 2786 τῶν
2798 2736 2928 2805 περὶ
2955 2733 3125 2788 αὐτοῦ
3157 2733 3674 2805 προφητευθέντων,

2079 2821 2175 2876 καλ⁸
2213 2824 2277 2875 ὲκ
2322 2820 2431 2875 τῶν
2483 2822 2948 2893 προηγγελμένων
2995 2817 3241 2892 σημείων
3286 2819 3365 2889 τῷ
3405 2815 3678 2888 ὀφθαλμῷ

2077 2914 2179 2982 τῆς
2207 2912 2410 2983 ψυχῆς,
2438 2912 2528 2966 διὰ
2572 2913 2671 2983 τῆς
2711 2912 3021 2983 παχύτητος
3066 2910 3160 2967 τοῦ
3190 2910 3371 2980 τοίχου
3424 2908 3677 2962 διελάσαι

2000 3032 2046 3094 c
2080 3006 2176 3059 καὶ
2220 3006 2349 3059 ἰδεῖν
2377 3006 2438 3058 τὸ
2493 3005 2876 3094 κρυπτόμενον
2926 3006 2986 3059 ὲν
3038 3003 3118 3074 τῷ
3169 2999 3676 3094 σώματιέῗέστιδὲ

2076 3097 2236 3150 πάλιν
2264 3099 2440 3167 τοῖχος
2475 3098 2503 3150 ό
2550 3096 2735 3169 νόμος,
2764 3088 2827 3148 οὗ
2873 3095 3049 3148 ὀπίσω
3077 3094 3315 3164 ἔστηκεν
3354 3093 3384 3146 ό
3406 3093 3459 3146 Ν
3470 3091 3675 3162 υμφίος

2076 3188 2483 3259 κρυπτόμενος,
2526 3187 2792 3248 θεσπίσας
2848 3187 2940 3240 τὸν
2984 3187 3148 3257 νόμον
3187 3186 3282 3240 καὶ
3309 3184 3372 3239 οὗ
3402 3169 3674 3254 γνωριζό-

2081 3297 2243 3350 μενος
2304 3282 2417 3344 τοῖς
2472 3279 2953 3351 νομοθετουμένοις
2990 3292 3004 3308 ·
3046 3276 3237 3348 βλέπει
3288 3274 3348 3330 δὲ
3427 3274 3594 3331 αὑτὸν
3641 3274 3677 3342 ἡ

2079 3371 2289 3442 Νύμφη
2341 3370 2520 3424 ὀπίσω
2574 3370 2785 3423 ἑστῶτα
2833 3368 2929 3424 τοῦ
2971 3370 3139 3439 νόμου
3178 3370 3292 3432 τοῖς
3336 3367 3560 3428 πολλοῖς
3582 3363 3680 3436 οὐχ

2081 3462 2387 3535 δρώμενον,
2421 3461 2509 3514 διὰ
2557 3460 2618 3514 τὸ
2661 3460 2848 3529 σαφῶς
2893 3461 2951 3516 ὲν
2985 3459 3163 3528 τούτῳ
3190 3458 3258 3513 τὰ
3302 3459 3434 3530 περὶ
3487 3454 3676 3518 αὐτοῦ,

2082 3559 2177 3609 καὶ
2225 3553 2699 3624 συνεσκιασμένης
2740 3552 3027 3624 εἰρῆσθαι·
3078 3552 3161 3615 ὡς
3193 3553 3226 3621 ὴ
3258 3553 3441 3620 πέτρα
3486 3549 3679 3620 ἐδήλου

2084 3642 2343 3714 Χριστὸν,
2400 3643 2495 3695 καὶ
2552 3641 2802 3695 θάλασσα
2860 3641 2920 3705 τὸ
2976 3640 3294 3713 βάπτισμα*
3348 3640 3579 3693 δύναται
3624 3636 3680 3689 δὲ

2087 3734 2249 3788 πάλιν
2274 3732 2498 3803 θυρίδας
2518 3748 2601 3796 τις
2631 3731 2830 3801 λέγειν,
2853 3731 3070 3801 καὶτῆς
3114 3730 3353 3801 Νύμφης
3381 3729 3452 3782 τὰ
3488 3726 3679 3793 αισθησ

2087 3829 2288 3899 τήρια·
2329 3827 2472 3897 ᾇπερ
2531 3825 2733 3897 ἔχουσα
2780 3824 2989 3897 καθορᾷ
3036 3825 3190 3896 ἦλιον
3245 3824 3311 3877 δι’
3346 3821 3555 3883 αὐτῶν,
3587 3823 3680 3872 καὶ

2090 3918 2238 3990 ζωὴν
2284 3918 2519 3988 ἐδέχετο,
2568 3916 2677 3970 τῶν
2713 3915 3057 3988 ἁμαρτωλῶν
3108 3915 3337 3970 θάνατον
3377 3913 3448 3967 δι’
3499 3910 3680 3966 αὐτῶν

2090 4010 2516 4080 εἰσδεχομένων·
2554 4009 2699 4063 κατὰ
2745 4008 2840 4061 τόο
2875 4026 2894 4058 ι
2919 4007 3165 4069 Θάνατος
3216 4004 3389 4076 ἀνέϐη
3436 4002 3532 4056 διὰ
3571 4000 3681 4054 τῶν

2092 4098 2327 4171 θυρίδων
2354 4099 2539 4169 ὑμῶν’
2580 4117 2596 4147 ι
2618 4098 2809 4152 δίκτυα
2840 4098 2921 4160 δὲ,
2949 4098 3076 4161 τοὺς
3105 4098 3165 4150 ὲν
3196 4098 3264 4167 τῇ
3293 4096 3490 4166 ἐρήμῳ
3521 4107 3684 4162 προσ-

2093 4189 2359 4260 αχθέντας
2403 4188 2553 4260 αὺτῷ
2586 4189 2740 4259 παρὰ
2770 4188 2865 4243 τοῦ
2916 4188 3132 4241 Σατανᾶ
3180 4184 3557 4258 πειρασμούςο
3587 4182 3676 4236 ὅτε

2097 4282 2375 4352 πειράζων
2401 4281 2566 4335 αὑτὸν
2597 4280 2852 4351 καθάπερ
2881 4278 3121 4343 δικτύοις
3149 4278 3432 4349 περιέχειν
3460 4273 3679 4344 ινόμιζσ

407 4364 659 4420 siouibus
698 4367 1120 4447 supereminens
1158 4369 1415 4438 apparuit
1456 4384 1554 4439 per
1601 4370 1742 4424 retia
1790 4370 1977 4426 divini-

2091 4377 2201 4441 τοῖς
2228 4375 2556 4444 πειρασμοῖς
2575 4390 2590 4406 ο
2614 4366 2690 4427 ὧν
2723 4374 2998 4443 ἀνώτερος
3031 4372 3224 4440 φανεὶς
3250 4372 3281 4424 ό
3310 4368 3517 4438 Κύριος
3535 4408 3552 4434 ,
3584 4363 3679 4419 καὶ

408 4457 538 4513 tatis
572 4458 679 4512 vim
720 4459 1026 4529 perspicaci
1058 4460 1255 4516 anima:
1297 4461 1608 4518 insinuans.
1646 4460 1804 4519 Unde
1834 4462 1990 4522 dein-

408 4562 538 4617 ceps
562 4549 730 4604 etiam
764 4549 980 4622 Sponsa
1010 4550 1271 4607 edisserit
1311 4552 1528 4609 filiabus
1567 4551 1901 4619 Jerusalem,
1930 4563 1993 4611 ut

410 4641 774 4710 prsesentibus
813 4645 1035 4712 quidem
1068 4642 1180 4698 illis
1211 4644 1432 4699 locutus
1476 4645 1553 4700 sit
1594 4645 1864 4716 Sponsus,
1895 4647 1993 4702 sed

413 4742 610 4801 praeter
636 4733 814 4804 ipsum
841 4750 1002 4790 nemo
1031 4734 1306 4790 audiverit
1328 4750 1451 4806 qua:
1477 4737 1816 4792 subduntur.
1848 4736 1991 4805 Quin

414 4832 469 4877 et
506 4826 705 4881 sensus
733 4824 840 4880 dici
868 4826 1085 4897 possint
1113 4825 1386 4895 fenestrae,
1419 4843 1516 4898 per
1545 4844 1683 4899 quas
1709 4830 1777 4884 ad
1807 4845 1996 4900 pecca-

417 4920 564 4968 tores
606 4915 826 4984 quidem
861 4931 1010 4972 mors
1053 4917 1272 4972 transit.
1306 4914 1412 4972 Sed
1446 4919 1513 4973 ad
1540 4918 1778 4972 animam
1809 4934 1997 4974 amore

416 5002 581 5059 Verbi
616 5004 896 5076 praditam
938 5008 1208 5077 prospicit
1239 5009 1491 5074 verbum,
1524 5024 1650 5064 cum
1685 5008 1753 5063 ad
1784 5024 1848 5064 ea
1877 5025 2005 5079 qua!

304 5134 307 5143 .
418 5092 610 5147 decem
672 5096 930 5152 sensibus
984 5106 1192 5163 utatur,
1241 5106 1296 5153 et
1349 5099 1403 5152 in
1465 5100 1741 5169 superiori
1800 5100 1997 5154 aedium

421 5194 579 5255 parte
614 5186 948 5242 cancellatas
991 5177 1192 5243 habeat
1231 5190 1524 5253 fenestras,
1559 5190 1626 5244 ad
1657 5198 1797 5260 quas
1828 5188 2004 5261 Spon-

425 5289 525 5330 sus
570 5275 890 5339 adveniens.
920 5291 1018 5347 per
1062 5278 1185 5334 illas
1233 5281 1499 5352 prospicit
1523 5279 1810 5351 Sponsam
1843 5283 1912 5337 ad
1945 5298 2005 5338 se

425 5379 634 5423 vocans
680 5367 749 5423 ab
779 5371 1045 5425 extremis
1083 5370 1340 5429 sensibus
1376 5372 1445 5427 ad
1498 5373 1916 5428 inaspectabilia
1950 5381 2007 5428 et

503 5544 548 5579 ⁹⁹
577 5541 780 5601 Jerem.
818 5560 891 5611 Ix,
920 5546 1011 5605 21.

2098 4466 2396 4537 συντρίψας
2425 4465 2524 4528 τὰς
2569 4465 2805 4535 παγίδας
2829 4466 2926 4518 καὶ
2960 4463 3030 4517 τὰ
3051 4462 3267 4527 δίκτυα,
3306 4460 3402 4517 κα)⁴
3443 4463 3564 4523 ταῖς
3591 4455 3681 4510 εὐ-

2098 4557 2343 4622 θυϐόλοις
2379 4556 2758 4629 ἀποκρύψεσιν
2793 4554 3133 4627 ὑπερκύψας,
3163 4551 3429 4619 ὲξέκυπτε
3452 4550 3542 4606 διὰ
3569 4545 3679 4601 τῶν

2097 4650 2354 4712 δικτύων,
2404 4649 2504 4720 τὴν
2533 4651 2636 4721 τῆς
2687 4649 2945 4719 θεότητος
2971 4646 3205 4717 δύναμιν
3252 4643 3565 4714 ὑποφαίνων
3611 4639 3676 4710 τῇ

2099 4737 2383 4810 διορατικῇ
2431 4736 2578 4808 ψυχῇ
2602 4751 2616 4765 '
2657 4734 2782 4790 ὅθεν
2815 4735 3003 4790 λοιπὸν
3047 4734 3316 4805 διηγεῖται
3344 4732 3466 4796 ταῖς
3513 4730 3677 4797 θυγα-

2098 4829 2296 4901 τράσιν
2335 4826 2695 4900 Ἰερουσαλὴμ
2724 4828 2758 4898 ἠ
2790 4827 3024 4898 Νύμφη·
3061 4826 3091 4880 δ
3123 4825 3400 4896 παρουσίᾳ
3432 4823 3530 4894 μὲν
3565 4818 3680 4873 ἐλε-

2102 4937 2197 4989 γεν
2227 4921 2453 4972 ἐκείνων
2476 4921 2504 4972 ό
2528 4918 2575 4970 Ν
2580 4937 2609 4970 υ
2619 4918 2804 4988 μφίος,
2829 4918 2994 4989 ἥκουε
3015 4917 3071 4971 δὲ
3103 4915 3244 4988 πλὴν
3268 4914 3484 4984 ἐκείνης
3507 4909 3677 4970 οὐδεὶς

2103 5012 2174 5064 τὰ
2203 5010 2520 5082 ὲπαγόμενα
2548 5011 2683 5081 (57).
2732 5011 2994 5079 Λέγοιντο
3040 5008 3086 5062 δ’
3115 5008 3182 5062 ἂν
3213 5006 3428 5078 θυρίδες
3476 5003 3570 5058 καὶ
3610 4997 3679 5053 τὰ

2104 5102 2460 5173 αίσθητήρια,
2493 5101 2562 5155 δι’
2591 5095 2665 5155 ὧν
2696 5102 2789 5155 ἐπὶ
2820 5101 2918 5173 μὲν
2952 5098 3062 5153 τῶν
3086 5096 3431 5171 ἁμαρτωλῶν
3456 5096 3677 5152 θάνατος

2103 5190 2372 5244 διαϐαίνει
2393 5207 2406 5221 ·
2443 5190 2538 5243 ἐπὶ
2559 5189 2615 5244 δὲ
2650 5190 2750 5260 τῆς
2799 5187 3082 5261 ἐρωτικῶς
3110 5186 3465 5257 διακειμένης
3505 5180 3678 5252 ψυχῆς

2106 5282 2242 5353 πρὸς
2277 5281 2369 5335 τὸν
2398 5281 2588 5350 Λόγον,
2627 5280 2979 5352 παρακύπτει
3004 5280 3033 5333 ὁ
3061 5279 3218 5348 λόγος
3271 5279 3351 5341 εἰς
3391 5275 3461 5330 τὰ
3499 5274 3677 5327 δέοντα

2105 5375 2227 5438 ταῖς
2249 5372 2537 5446 αἰσθήσεσι
2569 5371 2942 5445 κεχρημένης,
2973 5372 3068 5427 καὶ
3095 5368 3297 5440 δικτύῳ
3340 5358 3679 5422 κατασκευά-

1945 5614 2176 5677 NOTAS.

508 5727 622 5801 (³57)
654 5728 1061 5802 Λέγοιντο-ἐλθέ
1087 5728 1141 5785 in
1164 5728 1226 5785 C.
1260 5728 1320 5784 Β.
1350 5728 1572 5801 Origeni
1605 5729 1831 5785 dantur.
