4060 6390
341 288 482 355 1601

1309 300 1845 367 COMMENTARII
1888 309 1972 371 IN
2010 311 2326 375 CANTiCA
2371 319 2662 380 CANTIC.

3470 337 3610 404 160?.

330 417 524 469 σματα
567 399 797 473 ἐχούσης
844 402 904 455 ἐν
945 403 1185 480 ὑπερὼῳ
1232 409 1402 480 αὐτῆς
1445 413 1531 482 ἐφ’
1571 414 1607 467 ἀ
1647 415 1863 483 φθάνων

331 488 585 522 an-mla.-
646 490 716 522 λε’
769 492 948 522 nubunt...
995 495 1257 522 ι..--.ς----
1307 499 1488 522 ---Αεη
1543 503 1588 522 ,ι
1631 521 1636 522 ,
1683 505 1760 522 vu-

1983 445 1994 482 ι
2027 425 2336 492 spiritualia
2372 437 2426 484 et
2469 431 2828 500 incorporea:
2862 435 2964 493 hoc
3008 437 3146 498 forte
3185 443 3493 515 signiﬁcant
3519 469 3615 522 per

325 488 606 558 Νυμφίος,
646 490 716 544 δι’
769 492 948 546 αὐτῶν
993 495 1259 551 ἐκκόπτει
1306 499 1490 554 καλῶν
1537 503 1638 573 τὴν
1681 505 1920 575 Νύμφην
2031 488 2083 566 id
2113 512 2259 584 quod

324 586 470 654 πρὸς
500 586 697 641 ἐαυτὸν
729 587 824 640 ἐπὶ
855 590 924 642 τὰ
963 588 1069 654 ἔξω
1098 592 1206 646 τῶν
1238 593 1548 667 αἰσθήσεων
1583 599 1792 668 ἀόρατα
1823 602 1918 654 καὶ
1953 605 2224 677 ἀσώματα
2247 627 2261 642 °
2289 613 2445 668 τοῦτο
2475 616 2616 686 τάχα

322 674 498 744 ῥητοῦ
520 671 546 705 ·’
577 676 851 743 Ἀνάστα,
881 680 1040 735 ἐλθέ.
1147 732 1150 736 .

399 768 492 836 ιγ’.
539 770 948 836 Ἀποκρίνεται
978 774 1306 844 ἁδευίςριδός
1323 795 1443 847 μου
1475 783 1571 834 καὶ
1600 781 1764 851 λέγει
1786 802 1909 852 μοι·

328 859 614 924 Ἀνάστα,
639 861 800 924 ἐλθὲ,
840 864 878 929 ἡ
901 867 1173 931 πλησίον
1205 884 1345 935 μου,
1387 871 1543 939 καλή
1578 890 1720 940 μου,
1760 890 1922 942 περι-

312 949 512 1016 στερά
537 967 660 1020 μου
679 968 694 981 ·
724 951 810 1004 ὅτι
831 953 962 1007 ἰδοὺ
996 958 1028 1008 ό
1055 959 1280 1026 χειμὼν
1301 960 1614 1030 παρῆλθεν
1640 980 1654 994 ’
1681 967 1712 1018 ό
1741 966 1881 1019 ὑετὸ

2024 971 2202 1027 tumba
2252 991 2387 1030 inea.

2293 519 2477 574 subdit
2513 540 2524 574 :
2559 521 2746 595 Surge,
2778 529 2910 583 veni.

2655 621 2938 689 δηλοῦντος
2983 627 3078 680 καὶ
3136 629 3229 684 τοῦ
3269 634 3613 708 ἐπαγομένου

2094 788 2261 846 Vtin.
2302 794 2490 851 10-15.
2547 797 2836 867 Respondet
2881 805 3156 874 fratruelis
3202 829 3348 868 meus
3391 825 3440 869 et
3482 817 3610 872 dicit

2025 882 2157 935 mihi
2183 899 2201 936 :
2231 883 2419 954 Surge,
2456 890 2588 953 ueni,
2626 896 2869 959 proxima
2917 914 3054 962 utea,
3087 899 3322 968 formosa
3357 923 3492 972 mea,
3526 926 3610 962 ro-

2445 978 2710 1044 Quoniam
2774 1003 2890 1040 ecce
2944 989 3108 1044 hiems
3161 997 3395 1063 transiit,
3445 999 3608 1054 imber

313 1038 628 1109 ἀει-ἦλθεν,
666 1043 962 1111 ἐπορεύθη
1002 1047 1214 1112 ἐαυτῷ·
1237 1049 1308 1103 τὰ
1328 1051 1483 1118 ἄνθη
1533 1053 1699 1122 ὤφθη
1743 1055 1814 1108 ἐν
1847 1074 1880 1109 τ

313 1131 419 1158 ...2.
445 1133 958 1158 --.ΠριΑρζ-,Αμε
1024 1139 1187 1158 ργηξη
1220 1156 1267 1158 ,γ
1445 1141 1458 1158 ι
1543 1143 1566 1154 ιδ
1799 1148 1811 1158 .

2449 1038 2485 1044 __
2870 1038 2878 1040 ι
3161 1038 3395 1063 .._.......,

2025 1063 2184 1128 abiit,
2219 1071 2433 1122 recessit
2465 1071 2585 1126 sibi.
2623 1073 2812 1130 Flores
2842 1080 2940 1132 visi
2975 1093 3096 1136 sunt
3129 1085 3181 1137 in
3213 1069 3373 1152 terra,
3405 1098 3604 1158 tempus

312 1131 419 1201 τῇ·
443 1134 654 1200 καιρὸς
679 1133 790 1201 τῆς
807 1137 994 1205 τομῆς
1015 1139 1238 1206 ἔφθακε
1257 1141 1473 1212 {sem-1‘7
1495 1143 1606 1210 τῆς
1627 1148 1881 1216 τρυγόνο

2900 1131 2931 1132 η
3213 1131 3373 1152 .-....,
3405 1131 3603 1158 ...ην-ι..

2021 1158 2318 1222 putationis
2352 1162 2560 1216 advenit
2581 1179 2600 1226 ;
2634 1182 2733 1218 vox
2770 1172 2992 1225 turturis
3026 1177 3210 1229 audita
3246 1187 3324 1231 est
3362 1182 3416 1232 in
3460 1192 3603 1237 terra

309 1223 599 1291 ἠκούσθη
637 1224 708 1277 ἐν
769 1225 846 1293 τῇ
886 1226 963 1294 γῆ
1028 1227 1231 1296 ἡμῶν·
1281 1232 1320 1299 ἠ
1360 1233 1524 1302 συκῆ
1562 1236 1881 1308 -ἐξήνεγκε

2023 1258 2225 1302 nostra.
2275 1253 2440 1308 Ficus
2486 1258 2712 1324 protulit
2758 1276 2975 1330 grossos
3021 1281 3167 1331 suos,

308 1315 623 1381 ὀλύνθους
669 1316 864 1386 αὐτῆς
886 1335 900 1349 ⁸
951 1322 1013 1373 αι
1037 1321 1293 1390 ἄμπελοι
1322 1327 1740 1396 κυπρίζουσςιν,
1774 1332 1916 1386 ἐδω-

306 1420 434 1459 καν
465 1408 693 1476 ὀσμήν.

381 1498 750 1568 Γρηγορίου.
779 1528 847 1540 --
879 1501 955 1555 Τδ
989 1505 1134 1559 κατά
1179 1506 1342 1574 φύσιν
1379 1509 1668 1583 εὐκίνητον
1713 1515 1915 1570 ἀπόλε-

308 1604 414 1640 σαν
449 1589 513 1641 τὸ
541 1589 652 1642 τῶν
682 1590 989 1658 ἀνθρώπων
1019 1595 1196 1663 γένος,
1224 1598 1302 1668 τῷ
1330 1603 1432 1672 τῆς
1462 1603 1910 1677 εἰδωλολατρείας

3209 1271 3338 1325 vites
3386 1273 3599 1342 ﬂorent,

2021 1339 2278 1395 dederunt
2309 1344 2545 1400 odorem.

2091 1500 2351 1574 Gregorii.
2406 1535 2478 1546 —
2535 1505 2722 1565 Genus
2782 1511 3080 1572 lmmannm
3143 1529 3336 1574 natura
3396 1525 3600 1578 mobile

2019 1596 2255 1659 perierat
2297 1595 2498 1666 frigore
2547 1599 2873 1656 idololatria:
2920 1616 3258 1662 concretum.
3292 1611 3357 1665 At
3392 1628 3602 1682 aspera:

307 1683 568 1752 ἐπιπήγη
626 1683 857 1754 κρυμῷ’
890 1685 970 1756 τῷ
1021 1687 1245 1760 χαλεπῷ
1293 1691 1349 1746 δὲ
1382 1693 1557 1765 τούτῳ
1596 1698 1846 1767 χειμῶνι,
1880 1733 1881 1742 ι

2017 1683 2144 1737 huic
2176 1685 2339 1740 hiemi
2378 1685 2470 1742 Sol
2496 1688 2726 1758 iustitiae
2747 1704 2974 1749 exortus
3003 1705 3108 1761 cst,
3142 1707 3200 1753 ut
3229 1716 3291 1755 ea
3321 1719 3443 1772 qua:
3473 1706 3598 1773 gelu

303 1775 508 1838 Ἥλιος
536 1777 637 1846 τῆς
653 1777 1004 1849 δικαιοσύνης
1037 1782 1404 1852 ἐπανέτειλεν,
1443 1787 1529 1841 ἵνα
1564 1789 1881 1864 διαθερμάνῖ

2012 1773 2354 1841 lapiduerant
2381 1777 2722 1834 calefaceret.
2747 1790 2802 1834 et
2833 1783 2996 1837 homo
3024 1788 3171 1842 verbi
3205 1790 3357 1844 radio
3376 1807 3595 1848 rursum

298 1867 398 1918 τὸν
454 1867 757 1921 λιθωθέντα
799 1870 878 1940 τῷ
929 1871 1109 1941 κρύει.
1171 1874 1270 1928 καὶ
1305 1876 1532 1947 γένηται
1563 1882 1726 1936 πάλιν
1777 1885 1910 1938 ὑπο-

2014 1863 2164 1920 l'otus
2209 1882 2351 1936 aqua
2397 1868 2545 1924 fieret
2591 1872 2794 1926 saliens
2840 1874 2890 1928 in
2935 1877 3097 1931 vitam
3143 1890 3424 1938 aeternam.
3461 1884 3596 1938 Pro-

301 1957 578 2026 θαλφθεὶς
607 1963 672 2030 τῇ
704 1962 886 2014 ἀκτῖνι
930 1963 1028 2016 τοῦ
1089 1964 1272 2032 λόγου,
1321 1967 1465 2041 ὕδωρ
1507 1971 1798 2041 ἀλλόμενον
1829 1978 1877 2028 εί

2013 1959 2194 2019 pterea
2242 1969 2337 2023 per
2377 1955 2554 2011 lucem
2601 1960 2943 2018 adducentes
2997 1966 3266 2024 fenestras
3307 1975 3424 2027 sive
3465 1991 3594 2043 pro-

300 2047 457 2115 ζωὴν
478 2049 702 2103 αἰώνιον
727 2068 740 2080 ο
776 2051 862 2104 διά
893 2052 1052 2105 τοῦτο
1085 2056 1260 2128 ἐμϐοᾷ
1287 2056 1376 2111 διὰ
1407 2060 1515 2112 τῶν
1544 2067 1902 2134 φωταγωγῶν

2012 2042 2254 2108 pheticos
2286 2060 2571 2102 sermones
2612 2048 2860 2117 Sponsus
2895 2057 3117 2110 verbum
3158 2061 3375 2128 erigens
3419 2042 3588 2121 elisos

298 2138 566 2208 θυρίδων,
594 2140 694 2194 εἴτ’
722 2138 815 2195 οὖν
851 2145 1212 2215 προφητικῶν
1241 2146 1415 2214 λόγων
1442 2153 1508 2221 τῇ
1551 2152 1849 2227 Ἐκκλησία
1879 2180 1881 2200 ι

2010 2134 2262 2189 inclamat
2307 2135 2565 2193 Ecclesiae
2605 2158 2625 2193 -.
2655 2139 2844 2212 Surge,
2873 2146 3085 2200 scilicet
3117 2162 3146 2199 a
3175 2148 3331 2218 lapsu
3370 2167 3493 2220 qua:
3525 2169 3586 2208 es

299 2232 565 2300 Νυμφίος
593 2234 621 2284 6
673 2233 832 2302 λόγος
862 2235 891 2285 6
939 2237 1185 2306 ἀνορθῶν
1209 2239 1336 2301 τοὺς
1380 2244 1904 2314 κατερραγμένους·

312 2323 646 2390 Ἀνάστηθι
661 2325 861 2394 δηλαδς
884 2329 948 2380 ἐκ
963 2328 1058 2380 τοῦ
1082 2329 1400 2400 πτώματος,
1421 2335 1454 2404 ή
1477 2351 1539 2386 συ
1549 2337 1905 2404 μποδισθεῖσα

301 2415 397 2467 καὶ
432 2414 687 2469 πεσοῦσα
713 2418 792 2478 είς
821 2418 926 2486 γῆν
952 2418 1041 2471 διὰ
1063 2420 1155 2472 τοῦ
1178 2422 1356 2490 ὄφεως
1381 2439 1394 2452 ο
1417 2425 1517 2477 οὐκ
1542 2427 1704 2496 ἀρκεῖ
1733 2428 1788 2481 δέ
1821 2446 1904 2483 σοι

303 2505 360 2558 τὸ
383 2505 774 2576 ἀνορθωθῆναι
801 2509 984 2576 μόνον,
1014 2510 1149 2564 ἀλλά
1175 2513 1268 2566 καὶ
1297 2515 1530 2585 πρόελθε
1558 2517 1644 2570 διὰ
1666 2519 1765 2587 τῆς
1793 2520 1903 2572 τῶν

307 2596 522 2663 ἀγαθῶν
549 2600 856 2668 προκοπῆς,
893 2599 986 2653 τὸν
1021 2603 1080 2655 ἐν
1113 2605 1282 2676 ἀρετῇ
1337 2605 1631 2660 διανύουσα
1677 2609 1897 2680 δρόμον.

326 2690 387 2741 'll
409 2691 462 2742 δὲ
495 2689 615 2759 ἅμα
645 2690 740 2744 τοῦ
779 2693 1032 2759 δέξασθαι
1068 2695 1160 2748 τοῦ
1191 2697 1368 2766 Λόγου
1391 2698 1488 2769 τὴν
1517 2699 1764 2768 δύναμιν,
1804 2703 1901 2754 ἀν-

316 2784 518 2836 ίσταται
553 2785 651 2836 καὶ
691 2786 1122 2858 παρίσταταιτῷ
1152 2790 1290 2857 φωτί
1311 2807 1325 2820 ·
1355 2791 1450 2844 καὶ
1483 2791 1772 2861 πλησιάζει
1805 2794 1898 2846 καὶ

303 2874 440 2944 καλὴ
465 2875 704 2943 γίνεται,
749 2879 843 2931 καὶ
875 2881 1176 2950 περιστερά
1222 2880 1588 2951 ὀνομάζεται·
1633 2886 1727 2938 καὶ
1760 2886 1896 2955 πρὸς

295 2964 323 3017 6
345 2966 542 3033 βλέπει
576 2969 672 3020 καὶ
702 2971 1100 3038 σχηματίξεται
1123 2988 1137 3002 ο
1167 2973 1264 3024 καὶ
1297 2973 1392 3043 ὅλη
1424 2975 1696 3044 γενομένη
1727 2992 1894 3027 πνευ-

293 3059 512 3126 ματική
535 3075 552 3090 ·
581 3059 660 3130 τῷ
710 3061 816 3132 γὰρ
861 3063 1001 3129 φωτὶ
1040 3064 1472 3134 προσεγγίσασα,
1503 3066 1618 3134 φῶς
1645 3066 1886 3133 γίνεται’

287 3149 362 3218 τῷ
393 3149 456 3201 δὲ
487 3153 630 3217 φωτὶ
653 3151 715 3203 τὸ
758 3151 923 3205 καλὸν
957 3153 1057 3224 τῆς
1105 3157 1438 3226 περιστερᾶς
1464 3152 1604 3220 εἶδος
1625 3159 1885 3211 ἐνεικονί-

285 3242 446 3306 ζεται
472 3259 487 3272 ·
521 3244 740 3313 ἐκείνης
770 3244 910 3314 λέγω
941 3247 1040 3316 τῆς
1071 3249 1409 3319 περιστερᾶς
1431 3242 1499 3320 ἧς
1537 3249 1597 3302 τὸ
1621 3244 1764 3313 εἶδος
1789 3253 1886 3320 τὴν

280 3334 377 3384 τοῦ
410 3333 587 3399 ἁγίου
632 3335 954 3404 Πνεύματος
1007 3338 1312 3408 παρουσίαν
1363 3338 1692 3411 ἐγνώρισεν·
1743 3342 1887 3396 οὕτω

278 3423 478 3475 τοίνυν
513 3425 653 3494 αὐτῇ
704 3429 1110 3499 προσφωνήσας
1159 3432 1187 3482 ὁ
1231 3430 1438 3498 Λόγος,
1467 3433 1562 3485 καὶ
1606 3434 1884 3504 ὀνομάσας

277 3512 484 3582 αὐτὴν,
518 3513 689 3585 καλὴν
715 3515 813 3584 μὲν
849 3517 939 3570 διὰ
961 3519 1022 3570 τὸ
1055 3519 1304 3589 πλησίον,
1343 3523 1680 3594 περιστερὰν
1711 3524 1767 3578 δὲ
1794 3525 1882 3579 διὰ

275 3603 336 3655 τὸ
370 3604 612 3669 κάλλος,
653 3605 749 3658 καὶ
778 3607 846 3659 τὰ
888 3609 1091 3678 ἐφεξῆς
1121 3611 1432 3682 διέρχεταιο
1473 3614 1573 3668 οὐκ
1597 3614 1678 3668 ἐτι
1705 3614 1882 3684 λέγων

276 3698 518 3765 κρατεῖν
545 3696 642 3750 τοῦ
690 3700 959 3769 χειμῶνος
1007 3701 1116 3754 τῶν
1154 3703 1345 3773 ψυχῶν
1389 3705 1488 3774 τὴν
1536 3707 1877 3777 κατήφειαν·

287 3787 468 3852 Ἰδοὺ,
501 3788 632 3859 γὰρ,
683 3793 867 3858 φησὶν,
893 3796 927 3845 ό
981 3793 1205 3862 χειμὼν
1242 3795 1591 3864 παρῆλθεν,
1639 3801 1673 3852 ό
1704 3798 1880 3864 ὑετὸς

277 3879 528 3947 ἀπῆλθε
559 3881 658 3933 καὶ
692 3883 988 3952 ἐπορεύθη
1015 3886 1224 3951 ἐαυτῷ.
1259 3887 1618 3959 Πολυὼνυμον
1641 3890 1698 3943 δέ
1737 3893 1881 3944 ποιεῖ

278 3973 332 4025 τὺ
378 3973 591 4038 κακὸν,
634 3975 775 4027 κατά
822 3975 922 4035 τὰς
974 3975 1083 4029 τῶν
1137 3978 1531 4048 ἐνεργημάτων
1577 3980 1872 4050 διαφοράς’

278 4066 367 4116 καὶ
397 4064 626 4134 χειμὼν
648 4065 866 4133 λέγεται
900 4066 1000 4132 μὲν
1026 4066 1116 4120 διά
1147 4069 1248 4138 τὴν
1279 4070 1536 4141 πολυειδῆ
1559 4070 1666 4124 τῶν
1689 4072 1876 4126 κακῶν

275 4156 606 4226 σημαίαν
663 4157 840 4210 πάντα
896 4159 1008 4229 γὰρ
1051 4160 1109 4212 ἐν
1140 4160 1291 4230 αὐτῷ
1337 4165 1587 4231 μιμεῖται
1631 4164 1731 4232 τὴν
1776 4163 1872 4217 τοῦ

273 4246 520 4300 θανάτου
547 4248 854 4317 κατήφειαν
880 4265 894 4278 ⁶
942 4250 1086 4318 φυτά
1116 4267 1174 4304 τε
1205 4252 1596 4323 ξηραινόμενα,
1627 4255 1721 4307 καί
1754 4254 1870 4318 ζῶα

269 4337 370 4406 τῆς
400 4337 556 4408 ᾠδῆς
587 4338 986 4406 ἁποπαυόμενα
1016 4342 1110 4392 καὶ
1146 4342 1244 4411 τῆς
1284 4344 1566 4412 ἐνεργείας
1591 4360 1605 4375 °
1649 4345 1872 4415 ἀγριαί-

2009 2228 2317 2296 compedita
2365 2237 2420 2284 et
2467 2232 2522 2285 in
2575 2240 2780 2288 terram
2830 2239 3078 2292 cecidisti
3122 2256 3219 2309 per
3254 2253 3585 2312 serpentem.

2006 2317 2124 2372 Non
2170 2330 2350 2374 autem
2399 2323 2493 2375 tibi
2547 2323 2748 2378 suliicit
2782 2341 2812 2380 a
2853 2328 3005 2396 lapsu
3053 2332 3229 2385 solum
3278 2336 3444 2403 erigi,
3491 2337 3586 2390 sed

2005 2409 2168 2462 etiam
2203 2413 2532 2482 progredere
2567 2432 2661 2484 per
2700 2419 2966 2472 virtutum
3001 2421 3330 2490 profectum.
3360 2440 3584 2480 cursum

2008 2500 2294 2567 periiciens
2335 2505 2388 2558 in
2422 2506 2640 2559 virtute.
2683 2505 2806 2561 [hec
2853 2521 3038 2563 autem
3085 2511 3244 2566 simul
3286 2523 3450 2583 atque
3489 2531 3587 2569 ac-

2003 2591 2147 2656 cepit
2183 2593 2288 2646 vim
2327 2593 2486 2647 Verbi
2533 2600 2774 2667 assurgit
2806 2606 2859 2651 et
2895 2602 3106 2654 assistit
3147 2602 3360 2665 lumini,
3393 2615 3447 2659 et
3475 2619 3584 2659 ac-

2002 2682 2146 2737 cedit
2175 2693 2230 2738 et
2265 2684 2498 2740 formosa
2526 2686 2606 2750 lit,
2627 2695 2684 2743 et
2709 2690 2961 2744 columba
2992 2694 3330 2756 nominatur,
3361 2705 3415 2750 et
3449 2713 3581 2752 con-

2003 2772 2268 2828 formatur
2297 2774 2373 2828 illi
2419 2778 2671 2831 etiamad
2701 2779 2848 2848 quod
2888 2782 3105 2850 aspicit,
3139 2792 3251 2838 tota
3291 2785 3433 2840 facta
3467 2790 3581 2857 spi-

2001 2864 2238 2920 ritualis.
2280 2864 2414 2919 Luci
2469 2882 2635 2936 porro
2684 2872 3138 2942 appropinquans
3186 2877 3275 2930 lux
3319 2879 3575 2936 cllicitur.

1997 2955 2054 3009 ln
2086 2958 2208 3013 luce
2240 2970 2421 3013 autem
2461 2962 2690 3030 pulchra
2723 2965 2992 3019 columbae
3036 2968 3249 3035 species
3279 2969 3572 3040 efﬁngitur,

1997 3048 2164 3109 illius,
2205 3049 2451 3119 inquam,
2488 3053 2753 3107 columbae
2795 3057 2956 3124 cujus
2997 3059 3208 3126 species
3249 3060 3576 3130 signiﬁcavit

1991 3141 2284 3194 adventum
2329 3142 2570 3211 Spiritus
2610 3145 2804 3200 sancti.
2845 3146 2982 3200 Cum
3010 3164 3139 3220 ergo
3169 3150 3249 3204 sic
3277 3167 3398 3203 eum
3436 3153 3574 3206 allo-

1989 3239 2172 3286 cutum
2205 3241 2351 3287 esset
2381 3231 2640 3299 Verbum,
2671 3245 2724 3290 et
2762 3237 2936 3306 ipsam
2970 3241 3190 3308 quidem
3229 3243 3572 3299 nominasset

1987 3321 2270 3390 pulchram
2308 3331 2532 3392 propter
2582 3327 3067 3397 pr0pinquitatcm,
3115 3332 3428 3385 columbam
3471 3349 3571 3388 an-

1987 3419 2095 3466 tem
2139 3423 2360 3482 propter
2398 3415 2896 3485 pulchritudinem;
2946 3423 3299 3490 persequitur
3339 3439 3403 3478 ea
3446 3440 3569 3494 quae

1984 3503 2241 3573 deinceps
2281 3515 2593 3575 sequuntur
2625 3509 2820 3564 dicens
2863 3525 2972 3565 non
3015 3514 3253 3582 amplius
3291 3513 3564 3570 dominari

1984 3595 2180 3650 hiemis
2228 3599 2536 3653 animarum
2587 3603 2894 3656 tristitiam.
2946 3603 3082 3658 Ecce
3139 3607 3311 3671 enim,
3364 3607 3560 3677 inquit.

1981 3689 2146 3744 hiems
2177 3692 2412 3758 transiit,
2432 3692 2602 3747 imber
2622 3693 2751 3748 abiit
2772 3695 2938 3749 ets‘bt'
2960 3697 3193 3750 recessit.
3218 3698 3358 3751 Malo
3392 3699 3561 3752 multa

1981 3782 2178 3838 tribuit
2211 3783 2456 3847 nomine,
2497 3793 2555 3838 ut
2592 3787 2741 3855 quod
2779 3788 3098 3842 nominetur
3137 3805 3203 3843 ex
3239 3789 3562 3846 dill‘ercntiis

1978 3875 2381 3942 operationnm.
2438 3874 2504 3930 Et
2563 3876 2739 3932 hients
2787 3876 3023 3947 ‘quidem
3076 3881 3282 3935 dicitur
3339 3891 3602 3952 propter-

1977 3967 2337 4036 multiplicem
2365 3968 2634 4022 malorum
2666 3969 3126 4038 signiﬁcationem
3159 3989 3172 4025 :
3200 3972 3384 4026 omnia
3410 3975 3557 4027 enim

1976 4060 2032 4115 in
2066 4074 2131 4113 ea
2168 4060 2456 4114 imitantur
2494 4061 2688 4115 mortis
2720 4062 3022 4125 tristitiam.
3057 4071 3168 4117 tam
3203 4066 3402 4132 plantae
3431 4080 3554 4120 are-

1977 4149 2133 4204 facta:
2159 4164 2322 4219 quam
2358 4151 2616 4205 animalia
2647 4167 2676 4204 a
2706 4160 2870 4206 cantu
2902 4162 2955 4206 et
2983 4158 3302 4222 operatione
3331 4171 3557 4212 cessan-

1975 4242 2086 4308 tia;
2126 4244 2261 4311 quin
2292 4251 2346 4296 et
2381 4258 2530 4296 mare
2567 4243 2850 4298 ell‘eratur.
2895 4243 2996 4298 Per
3033 4247 3164 4301 illud
3205 4259 3388 4302 autem
3425 4250 3552 4302 abiit

1974 4334 2276 4386 animatum
2310 4335 2714 4402 quodammodo
2761 4345 2816 4392 et
2861 4337 3035 4392 libero
3084 4341 3316 4395 arbitrio
3355 4343 3552 4411 pracdi-

272 4443 426 4479 νεται
501 4427 562 4479 δὲ
598 4429 693 4481 καὶ
738 4431 770 4496 ὴ
814 4428 1094 4482 θάλασσα·
1149 4431 1238 4484 διὰ
1294 4431 1350 4485 δέ
1395 4431 1514 4496 τοῦ,
1551 4434 1866 4504 ἐπορεύθη.

1983 4433 2088 4477 tum
2155 4425 2386 4478 imbrem
2443 4426 2710 4481 insinuat.
2754 4427 2858 4483 Per
2906 4429 3023 4484 haec
3073 4430 3240 4500 igitur
3285 4432 3547 4495 05teudit,

269 4517 527 4587 ἔμψυχόν
568 4536 685 4582 πως
708 4519 804 4572 καὶ
853 4522 1240 4591 προαιρετικὸν
1273 4523 1528 4592 ἐμφαίνει
1555 4525 1645 4577 τὸν
1677 4527 1860 4580 ὑετόν·

265 4608 352 4661 διά
379 4609 602 4662 τούτων
629 4610 809 4664 τοίνυν
838 4612 1101 4673 δείκνυσι,
1126 4613 1244 4677 πῶς
1274 4615 1520 4686 ἐτεθήλει
1546 4618 1666 4670 κατ’
1691 4619 1866 4689 ἀρχὰς

264 4701 296 4767 ἠ
320 4701 657 4771 ἀνθρωπίνη
692 4702 852 4771 φύσις
884 4706 917 4774 ἡ
949 4706 1008 4757 ἐν
1032 4705 1111 4775 τῷ
1152 4707 1496 4780 παραδείσῳ’
1545 4709 1638 4762 τοῦ
1665 4710 1721 4764 δέ
1752 4729 1865 4781 χει-

268 4791 457 4859 μῶνος
489 4792 594 4862 τῆς
624 4794 912 4863 παρακοῆς
958 4796 1058 4865 τῆς
1095 4796 1399 4860 ἀθανασίας
1441 4798 1542 4870 τὴν
1595 4800 1774 4870 ῥίζαν,
1804 4803 1863 4867 ἐξ

264 4879 327 4938 οὗ
358 4885 469 4954 τὴν
511 4885 674 4954 φύσιν
699 4886 952 4956 ὼραῒζων
980 4892 1217 4959 καρποῖς
1263 4890 1623 4961 βεϐλαστήκει
1653 4892 1862 4962 ἀποξη-

265 4977 569 5048 ράναντος,
592 4977 929 5049 ἀπετινᾶχθη
954 4979 1016 5032 τὸ
1049 4979 1232 5044 ἄνθος,
1251 4982 1347 5034 καὶ
1369 4982 1448 5046 είς
1469 4985 1573 5054 γῆν
1594 4982 1828 5053 ἀνελύθη
1843 4999 1858 5013 ·

264 5069 366 5122 καὶ
394 5066 699 5138 ἐγυμνώθη
729 5068 824 5122 τοῦ
857 5069 1088 5134 κάλλους
1111 5070 1208 5142 τῆς
1257 5071 1567 5142 ἀφθαρσίας
1591 5075 1621 5126 6
1647 5074 1860 5145 ἀνθρω-

266 5173 368 5220 πος
390 5170 406 5187 ⁵
437 5157 536 5210 καί
563 5159 597 5227 ἡ
642 5157 750 5209 τῶν
780 5158 992 5227 ἀρετῶν
1041 5161 1144 5212 πόα
1177 5160 1561 5232 κατεξηράνθη
1591 5162 1693 5232 τῆς
1727 5156 1860 5233 πρὸς

265 5249 404 5302 Θεὸν
429 5247 658 5317 ἀγάπης
681 5264 696 5278 ·
730 5249 852 5302 ὅθεν
880 5250 946 5303 τὰ
987 5249 1208 5305 ποικίλα
1246 5251 1573 5323 παθήματα,
1614 5258 1734 5316 ταῖς
1763 5255 1859 5308 ἀν-

265 5341 615 5412 τικειμέναις
641 5341 940 5412 δυνάμεσιν
963 5345 1021 5396 ἐν
1052 5345 1184 5414 ἡμῖν
1221 5345 1627 5416 ἀπεκορυφώθη
1649 5363 1662 5376 ’
1687 5346 1754 5399 δι’
1783 5340 1858 5399 ὧν

267 5434 336 5485 τὰ
373 5435 591 5504 πονηρὰ
612 5436 849 5502 ναυάγια
868 5438 966 5505 τῆς
991 5433 1170 5505 ψυχῆς
1197 5435 1406 5503 γίνεται
1425 5453 1440 5466 ο
1468 5436 1585 5491 ἀλλ’
1610 5436 1859 5498 ἐλθόντος

265 5523 366 5576 τοῦ
396 5525 458 5577 τὸ
488 5526 590 5596 ἔαρ
618 5525 732 5577 τῶν
755 5525 943 5595 ψυχῶν
976 5527 1107 5596 ἡμῖν
1141 5529 1578 5597 ἐμποιήσαντος,
1621 5530 1714 5582 καὶ
1745 5531 1856 5590 τυῖς

266 5618 548 5688 πνεύμασι
581 5618 674 5671 καὶ
714 5620 778 5688 τῇ
809 5617 1052 5689 θαλάσσῃ
1074 5619 1526 5689 ἐπιτιμήσαντος,
1558 5618 1736 5672 πάντα
1763 5617 1855 5685 γέ-

267 5724 399 5778 γονε
426 5710 670 5781 γαλήνης
701 5709 907 5780 μεστά·
956 5711 1050 5764 καὶ
1082 5708 1245 5764 πάλιν
1285 5709 1504 5782 ἔρχεται
1530 5709 1850 5765 ἀναϐάλλειν

1970 4514 2432 4582 quemadmodum
2492 4515 2549 4569 in
2603 4518 2877 4587 principio
2930 4518 3168 4572 humana
3221 4523 3549 4590 germinavit

1967 4613 2165 4657 natura
2201 4606 2253 4657 in
2288 4605 2573 4674 paradiso;
2608 4606 2703 4660 sed
2747 4624 2872 4661 cum
2919 4610 3093 4664 hiems
3139 4609 3544 4678 inobedientia;

1966 4694 2398 4750 immortalitatis
2439 4697 2704 4760 radicem,
2736 4713 2801 4751 es
2837 4712 2944 4768 qua
2981 4709 3232 4754 naturam
3268 4703 3544 4758 adornans

1966 4781 2182 4838 fructus
2235 4786 2603 4853 germinabat,
2645 4789 2970 4853 exsicasset,
3017 4804 3284 4846 excussus
3318 4803 3405 4847 est
3443 4794 3543 4849 llos

1963 4882 2018 4928 et
2057 4875 2113 4928 io
2159 4883 2361 4930 terram
2411 4877 2712 4942 resolutus,
2745 4886 2800 4932 et
2850 4880 3263 4947 pulchritudine
3302 4886 3542 4939 nudatus

1963 4975 2045 5018 est
2076 4964 2261 5031 homo,
2286 4973 2340 5021 et
2386 4968 2660 5022 exsiccata
2708 4967 2813 5022 fuit
2845 4969 3014 5024 herba
3048 4972 3340 5040 virtutum,
3376 4979 3542 5030 refri-

1963 5064 2150 5125 gerata
2191 5058 2246 5110 in
2289 5056 2462 5112 Deum
2505 5057 2800 5123 charitate,
2833 5059 2976 5114 unde
3013 5061 3181 5117 varia:
3225 5063 3541 5124 alim-tiones

1960 5150 2030 5204 ab
2073 5147 2323 5204 adversis
2367 5150 2734 5219 potestatibus
2781 5152 2838 5205 in
2883 5153 3041 5208 nobis
3087 5163 3218 5209 sunt
3268 5157 3322 5210 in
3369 5159 3540 5214 altum

1958 5241 2230 5304 excitatae,
2278 5256 2375 5310 per
2419 5257 2556 5311 quas
2611 5241 2747 5296 ﬁunt
2797 5245 2938 5298 mala
2985 5246 3183 5301 anima:
3231 5249 3535 5321 naufragia.

1960 5333 2064 5389 Sed
2117 5349 2240 5388 cum
2276 5335 2522 5389 venisset
2561 5336 2652 5404 qui
2705 5351 2801 5391 ver
2855 5339 2909 5392 in
2955 5339 3114 5394 nobis
3157 5341 3358 5396 animis
3401 5345 3540 5396 iudi-

1955 5429 2058 5492 dit,
2101 5435 2156 5481 et
2209 5427 2439 5495 spiritus
2481 5441 2545 5481 ac
2585 5442 2737 5482 mare
2781 5429 3105 5500 increpavit,
3145 5432 3328 5485 omnia
3378 5435 3536 5502 plena

1956 5519 2100 5574 facta
2141 5527 2272 5574 sunt
2309 5519 2512 5587 quietis
2547 5532 2602 5575 et
2636 5537 2832 5577 rursus
2871 5523 3142 5594 incipiunt
3182 5525 3534 5594 repnllulare,

1955 5620 2008 5669 et
2050 5611 2288 5682 propriis
2310 5609 2540 5666 ﬂoribus
2570 5622 2765 5668 natura
2797 5616 3108 5679 decoratur,
3139 5616 3190 5669 id
3224 5623 3329 5682 est,
3363 5617 3536 5672 virtu.

1957 5705 2126 5772 tibus,
2161 5717 2284 5773 qua:
2317 5718 2464 5757 nunc
2498 5705 2718 5774 quidem
2752 5706 2972 5771 ﬂorent,
3006 5723 3163 5762 suum
3199 5717 3377 5763 autem
3408 5708 3531 5763 fru-
