4060 6406
439 293 570 355 toea

1771 291 2135 355 PROCOPII
2184 291 2423 353 GAZ.’EI

3550 289 3691 355 lfut

430 416 581 463 ctum
629 405 956 479 praelia-bunt
1001 421 1101 460 suo
1153 418 1418 476 tempore.
1470 404 1699 475 Oportet
1745 407 1915 478 igitur
1960 408 2014 463 in

2130 407 2212 461 καὶ
2245 408 2359 469 τοῖς
2396 404 2546 468 ίδίοις
2569 403 2788 458 ἄνθεσιν
2824 407 2855 476 ἠ
2885 404 3045 475 φύσις
3079 405 3433 478 ιῦραῖζεσθαι,
3466 407 3565 462 εἴτ’
3596 408 3693 464 οὖν

431 500 643 553 varium
694 500 797 552 lzoc
854 510 1070 567 pratum
1133 501 1413 569 ingressos
1466 512 1531 550 ex
1584 496 1813 554 ﬂoribus
1860 500 2012 553 hisce

431 590 763 658 decerpere,
817 590 1034 657 sibique
1073 603 1307 643 coronas
1347 604 1567 658 parare.
1608 588 1746 643 Nam
1797 597 2014 658 tempus

435 682 610 750 ipsius
640 681 938 751 putationis
968 679 1209 734 advenit.
1247 678 1364 733 lloc
1400 678 1730 734 testiﬁcatur
1761 695 1862 733 vox
1898 691 2014 733 tur-

436 772 595 832 turis,
629 772 729 824 hoc
772 778 857 825 est
901 785 1003 824 vox
1051 770 1345 824 clamantis
1390 770 1445 824 in
1491 771 1733 825 deserto.
1773 769 2015 825 Joannes

435 863 580 916 enim
614 871 699 916 est
731 868 935 927 turtur,
987 861 1034 916 is
1064 868 1150 915 est
1189 862 1441 931 prmclari
1478 863 1644 932 hujus
1689 863 1829 916 veris
1861 862 2015 917 Prae-

435 968 650 1015 cursor,
679 953 768 1021 qui
803 951 992 1006 ﬂorent
1025 952 1092 1005 de
1121 952 1309 1007 radice
1335 950 1494 1007 Jesse
1522 952 1784 1019 ostendit,
1802 954 2014 1023 Agnum

439 1044 530 1097 Dei
571 1044 661 1113 qui
708 1043 846 1095 tollit
895 1050 1178 1111 peccatum
1220 1044 1433 1106 mundi,
1467 1052 1521 1098 et
1552 1045 1710 1099 docet
1747 1045 1815 1097 de.
1858 1047 2016 1102 malis

435 1133 694 1202 agendam
726 1131 1106 1199 pwnitcntiam
1128 1132 1361 1185 etvitam
1383 1132 1685 1202 degendam
1707 1150 1772 1187 ex
1795 1136 2015 1189 virtute.

434 1222 636 1276 Audita
686 1233 789 1285 est,
839 1222 1042 1292 inquit,
1089 1239 1187 1276 vox
1239 1225 1463 1277 turturis
1513 1227 1568 1277 in
1618 1233 1760 1278 terra
1809 1236 2015 1289 nostra,

438 1324 638 1367 terram
693 1313 832 1366 forte
891 1315 1184 1370 nominans
1233 1330 1329 1371 eos
1372 1316 1464 1385 qui
1519 1325 1652 1371 sunt
1695 1317 1827 1371 vitio
1859 1316 2007 1372 dam.

438 1404 578 1465 nati,
614 1418 756 1469 quos
791 1405 1111 1459 meretrices
1144 1415 1200 1459 et
1237 1405 1565 1475 publicanos
1595 1406 1728 1461 dicit
1774 1407 2019 1478 Evange-

440 1495 597 1559 lintn,
641 1510 671 1548 a
721 1496 922 1563 quibus
975 1496 1199 1551 auditus
1235 1507 1318 1551 est
1372 1512 1555 1553 sermo
1600 1496 1852 1566 Joannis,
1895 1516 2018 1555 cum

442 1586 640 1656 reliqui
686 1586 912 1641 minime
954 1587 1313 1643 admisissent
1353 1589 1820 1657 praedicationem.
1861 1591 2019 1658 Quod

443 1686 624 1732 autem
653 1678 860 1732 dictum
892 1686 975 1732 est
1005 1679 1074 1733 de
1105 1679 1231 1746 licu,
1263 1682 1524 1749 quoniam
1557 1684 1778 1750 protulit
1806 1700 2019 1753 grossae

443 1784 598 1833 suos,
646 1769 861 1823 ratione
904 1770 985 1823 sic
1033 1769 1422 1838 intelligamus.
1465 1769 1629 1825 Ficus
1672 1776 1743 1826 ob
1782 1775 2022 1827 calorem

444 1861 672 1932 praedita
732 1871 813 1914 est
871 1859 1073 1930 insigni
1151 1861 1203 1915 vi
1264 1863 1577 1917 attrahendi
1651 1862 1897 1919 humoris
1955 1881 2023 1919 ex

444 1950 718 2021 profundo
752 1968 765 2003 :
800 1965 926 2005 cum
957 1958 1140 2007 autem
1183 1952 1390 2008 multus
1425 1952 1624 2007 humor
1661 1954 1927 2008 consistat
1967 1954 2022 2009 in

444 2042 718 2106 medulla,
782 2042 1099 2097 necessario
1158 2050 1354 2097 natura
1408 2059 1507 2118 per
1555 2045 1848 2100 bumornm
1889 2062 2026 2100 con-

445 2134 750 2186 coctionein
801 2133 855 2187 in
896 2133 1103 2203 planta,
1147 2133 1375 2203 expellit
1408 2138 1645 2191 e'ramis
1687 2137 1931 2191 inutilem
1971 2145 2028 2192 et

446 2235 764 2282 terrestrem
816 2227 1128 2281 humorem.
1159 2225 1329 2295 quue
1361 2242 1508 2297 szepe
1540 2210 1679 2281 lacit'
1711 2229 1884 2282 donec
1912 2230 2028 2283 sin-

446 2334 632 2371 cerum
663 2326 715 2372 et
742 2318 808 2372 ad
836 2316 1188 2373 nutriendum
1214 2329 1398 2388 aptum
1432 2320 1717 2373 humorem
1746 2329 1873 2389 apto
1901 2336 2027 2391 pro-

451 2410 588 2464 l‘erat
635 2422 919 2479 tempore,
968 2409 1039 2464 ab
1093 2410 1281 2465 inutili
1328 2420 1691 2480 expurgatum
1740 2413 2027 2481 qualitate.

444 2502 600 2569 Quod
632 2518 764 2570 ergo
793 2510 920 2556 ante
943 2502 1154 2557 dulcem
1186 2512 1239 2558 et
1265 2500 1565 2572 perfectum
1591 2501 1850 2567 fructum,
1877 2521 1905 2556 a
1925 2503 2027 2558 licu

447 2595 621 2648 instar
645 2593 854 2648 fructus
876 2591 1216 2662 producitur,
1232 2606 1461 2663 grossus
1477 2593 1896 2661 dicitur,estquc
1911 2594 2029 2648 fru-

447 2692 570 2739 ctus
597 2685 943 2751 protendunt,
970 2699 1077 2738 non
1102 2685 1221 2754 ipse
1242 2684 1472 2740 fructus.
1497 2684 1599 2750 Qui
1634 2700 1765 2754 ergo
1806 2701 1868 2740 ea
1894 2687 2033 2741 vidit

451 2776 686 2831 fructum
719 2790 936 2845 quoque
966 2789 1092 2830 mox
1135 2774 1377 2829 t‘utnrum
1414 2787 1734 2844 exspectat,
1769 2791 1892 2830 cum
1924 2779 2029 2844 igi-

452 2878 542 2922 tur
585 2867 834 2938 spiritale
868 2882 961 2922 ver
998 2866 1225 2937 Sponsae
1260 2867 1543 2921 describat
1574 2870 1758 2922 oratio
1790 2886 1802 2922 :
1835 2870 1905 2921 sit
1935 2887 2016 2922 an-

453 2968 560 3012 tem
605 2959 710 3013 hoc
755 2970 969 3026 tempus
1013 2957 1068 3011 in
1111 2956 1351 3012 conﬁnio
1401 2958 1642 3014 tristitiae
1686 2958 1939 3015 hiemalis
1979 2967 2034 3016 et

456 3051 734 3105 lructuum
785 3051 880 3119 qui
928 3050 1266 3121 colliguntur
1317 3059 1509 3104 aestate
1568 3051 2029 3122 participationis.

455 3143 750 3213 Propterea
802 3143 944 3197 mala
993 3143 1215 3213 quidem
1276 3144 1613 3212 praeteriisse
1659 3144 1903 3200 dilucide
1941 3160 2034 3199 an-

459 3234 694 3299 nuntiat,
735 3233 1010 3305 perl‘ectos
1050 3243 1233 3289 autem
1278 3234 1495 3291 fructus
1532 3235 1754 3291 virtutis
1791 3236 2032 3292 nondum

458 3334 646 3395 aperte
677 3325 942 3391 ostendit,
979 3323 1075 3382 sed
1104 3325 1204 3381 hos
1234 3325 1455 3396 quidem
1502 3328 1752 3382 recondit
1800 3328 1853 3381 in
1893 3335 2033 3383 tem-

460 3431 563 3486 pus
592 3423 993 3486 opportunum,
1028 3416 1251 3485 quando
1283 3425 1446 3471 testas
1482 3418 1765 3485 institerit,
1801 3433 1925 3488 quae
1951 3428 2036 3475 est

460 3506 649 3562 s:eeuli
677 3506 1084 3561 consummatio
1113 3524 1128 3561 :
1164 3521 1312 3562 nunc
1343 3515 1525 3563 autem
1555 3508 1800 3565 ostendit
1834 3509 2035 3566 ﬂoren-

461 3604 546 3653 tes
596 3612 721 3667 spes
779 3598 1079 3664 virlutum,
1133 3611 1369 3668 quarum
1433 3597 1646 3655 fructus
1703 3608 1930 3670 apparet
1980 3602 2034 3656 in

464 3698 709 3759 tempore
764 3704 890 3744 suo.
939 3688 1077 3744 Cum
1136 3689 1305 3760 igitur
1363 3689 1598 3746 humana
1655 3702 1852 3748 natura
1898 3708 2037 3749 con-

463 3791 723 3850 gruenter
772 3779 921 3844 licui,
970 3780 1038 3835 de
1080 3796 1189 3852 qua
1236 3782 1324 3836 hic
1371 3781 1430 3837 lit
1475 3784 1705 3851 mentio,
1743 3800 1843 3855 per
1877 3786 2038 3840 intel-

462 3873 660 3928 lectam
706 3886 737 3926 a
779 3872 939 3928 nobis
972 3873 1227 3938 hiemem,
1264 3874 1467 3929 malum
1511 3875 1794 3945 collegerit
1838 3876 2039 3931 immo-

464 3978 602 4029 rem,
634 3969 781 4017 recte
827 3962 919 4032 qui
969 3963 1218 4032 spiritale
1260 3977 1355 4018 ver
1401 3962 1456 4017 in
1507 3963 1669 4019 nobis
1703 3963 1888 4030 edicit,
1924 3966 2040 4036 pri-

463 4067 611 4106 mum
645 4051 863 4120 quidem
904 4066 933 4105 a
967 4060 1168 4106 natura
1201 4052 1430 4122 expellit
1455 4051 1721 4122 quidquid
1749 4061 1834 4109 est
1863 4063 2039 4109 terre-

464 4158 595 4197 num
641 4152 695 4196 et
740 4140 954 4206 inutile,
987 4142 1269 4195 ramorum
1321 4140 1441 4195 loco
1495 4156 1593 4210 per
1635 4141 2040 4198 confessionem

2112 504 2234 563 ταῖς
2269 500 2526 570 ἀρεταῖς·
2559 496 2615 550 αἳ
2664 495 2759 550 νῦν
2799 498 2897 567 μὲν
2954 497 3230 563 ἀνθοῦσιν,
3271 498 3386 569 ἰδίῳ
3434 499 3490 552 δὲ
3518 499 3696 571 καιρῷ

2113 574 2410 659 παρέξουσι
2440 585 2533 639 τὸν
2557 586 2773 657 καρπόν
2792 602 2806 615 ·
2846 586 2929 639 δεῖ
2956 582 3049 639 οὖν
3079 590 3136 640 ὲν
3157 586 3235 658 τῷ
3271 572 3499 659 ποικίλῳ
3519 587 3697 659 τούτῳ

2112 679 2344 749 χειμῶνι
2393 677 2738 741 εἰσελθόντας
2769 678 2971 731 ὲκ·τῶν
3011 678 3215 731 ἀνθέων
3246 680 3452 733 τούτων
3491 680 3699 752 δρέψα-

2115 770 2263 835 σθαι,
2296 771 2392 823 καὶ
2442 769 2742 835 στεφάνους
2782 771 2998 834 ἑαυτοῖς
3044 773 3551 827 κατασκευάσαι·αό
3584 773 3699 846 γὰρ

2115 863 2307 931 καιρὶς
2329 862 2425 931 τῆς
2449 860 2626 929 τομῆς
2648 862 2828 914 αὐτῶν
2850 860 3077 929 ἔφθακε·
3103 863 3262 915 τοῦτό
3288 880 3367 916 σοι
3389 864 3701 934 διαμαρτύ-

2119 970 2270 1023 ρεται
2296 952 2447 1023 ήτοῦ
2484 953 2749 1022 τρυγόνος
2781 953 2932 1024 φωνή
2955 969 2969 983 ·
3006 953 3288 1009 τουτέστιν
3327 956 3363 1024 ἡ
3408 955 3557 1026 φωνὴ
3600 953 3700 1008 τοῦ

2118 1043 2349 1115 βοῶντος
2371 1046 2428 1097 ὲν
2448 1047 2514 1114 τῇ
2539 1045 2751 1115 ἐρήμῳ·
2778 1043 3035 1115 Ἰωάννης
3056 1045 3165 1113 γάρ
3190 1047 3338 1098 ἐστιν
3358 1047 3388 1098 ό
3410 1045 3649 1115 τρυγὼν,
3668 1048 3703 1100 ὁ

2114 1134 2210 1187 τοῦ
2241 1134 2465 1205 φαιδροῦ
2514 1134 2673 1205 ἔαρος
2698 1134 3033 1205 Πρόδρομος,
3063 1137 3092 1188 ὁ
3122 1136 3185 1187 τὸ
3218 1138 3281 1188 ὲκ
3307 1136 3462 1208 ῥίζης
3502 1136 3706 1190 Ἰεσσαὶ⁵

2116 1228 2274 1293 ἄνθος
2315 1225 2679 1280 ὑποδεικνύων
2707 1226 2798 1279 τὸν
2836 1226 3031 1295 Ἀμνὸν
3066 1225 3158 1279 τοῦ
3193 1225 3327 1279 Θεοῦ
3361 1226 3453 1279 τὸν
3480 1228 3705 1298 α’ροντα

2116 1320 2219 1390 τὴν
2268 1318 2551 1390 ἁμαρτίαν
2577 1317 2672 1371 τοῦ
2724 1319 2956 1387 κόσμου,
3001 1317 3098 1371 καὶ
3124 1317 3223 1389 τὴν
3271 1321 3336 1371 ἐκ
3378 1319 3485 1372 τῶν
3516 1319 3707 1373 κακῶν

2118 1411 2387 1465 διδάσκων
2420 1412 2732 1480 μετάνοιαν,
2759 1410 2855 1463 καὶ
2884 1409 2983 1479 τὴν
3007 1409 3129 1462 κατ’
3152 1410 3357 1480 ἀρετὴν
3380 1409 3655 1464 πολιτείαν
3682 1428 3699 1441 ·

2133 1494 2434 1570 Ἠκούσθη
2473 1501 2601 1571 γὰρ,
2624 1500 2809 1572 φησιν,
2843 1497 3013 1570 φωνὴ
3052 1498 3161 1555 τοῦ
3202 1502 3492 1569 τρυγόνος
3528 1501 3597 1553 ἐν
3630 1501 3706 1571 τῇ

2121 1591 2201 1662 τῆ
2227 1591 2426 1663 ἡμῶν·
2457 1593 2596 1662 τάχα
2623 1592 2753 1663 γῆν,
2778 1593 2904 1654 τοὺς
2935 1590 3417 1660 κατεγνωσμένους
3447 1594 3504 1642 ἐν
3534 1592 3705 1662 κακία

2123 1685 2531 1754 κατονομάζων,
2562 1682 2656 1745 οὒς
2692 1682 2925 1752 πόρνους
2953 1681 3048 1735 καὶ
3077 1679 3315 1743 τελώνας
3355 1681 3416 1733 τὸ
3459 1682 3707 1750 Εὐαγγέ-

2058 1762 2097 1816 Β
2125 1775 2263 1835 λιον,
2301 1777 2360 1826 ὲν
2385 1767 2467 1835 οἷς
2504 1770 2747 1842 ἠκούσθη
2778 1770 2872 1825 τοῦ
2903 1771 3155 1824 Ἰωάννου
3179 1772 3207 1823 ό
3236 1771 3417 1839 λόγος,
3454 1770 3562 1824 τῶν
3589 1770 3698 1824 λοιο

2127 1864 2246 1918 πῶν
2274 1864 2334 1917 οὐ
2371 1861 2836 1934 παραδεξαμένων
2860 1861 2923 1914 τὸ
2949 1861 3213 1932 κήρυγμα
3234 1876 3248 1891 ·
3269 1861 3330 1914 τὸ
3359 1861 3415 1915 δὲ
3449 1862 3575 1928 περὶ
3605 1861 3709 1931 τῆς

2129 1955 2301 2024 συκῆς
2352 1953 2644 2025 εἰρημένον
2693 1954 2777 2007 ὅτι
2836 1951 3131 2024 ἐξήνεγκεν
3193 1952 3450 2015 ὀλύνθους
3495 1952 3704 2019 αὐτῆς,

2125 2046 2328 2099 οὐτωσὶ
2365 2046 2444 2117 τῷ
2494 2044 2640 2115 λόγῳ
2688 2047 3154 2113 κατανοήσωμεν·
3201 2042 3464 2114 έλκητικὴ
3504 2042 3603 2113 τῆς
3648 2047 3707 2096 ὲν

2124 2138 2205 2208 τῷ
2235 2136 2390 2207 βάθει
2419 2136 2624 2199 νοτίδος
2655 2134 3024 2206 διαφερόντως
3047 2133 3151 2187 ὐπὸ
3187 2122 3526 2205 θερμότητός
3558 2137 3707 2188 ἐστιν

2127 2231 2161 2297 ἡ
2193 2227 2371 2298 συκῆ·
2423 2226 2627 2295 πολλῆς
2647 2226 2705 2279 δὲ
2729 2225 2870 2280 κατά
2912 2225 3013 2289 τὰς
3041 2226 3366 2295 ὲντεριώνας
3403 2227 3504 2296 τῆς
3539 2226 3706 2297 ίκμάυ
3784 2244 3791 2251 δ

2126 2318 2213 2381 δος
2236 2318 2661 2389 συνισταμένης,
2714 2317 3029 2386 ἀναγκαίως
3056 2318 3090 2388 ἡ
3141 2318 3320 2389 ῥύσις,
3353 2316 3443 2371 διὰ
3473 2318 3571 2386 τῆς
3598 2318 3709 2371 τῶν

2130 2407 2312 2478 ὑγρῶν
2338 2406 2556 2476 πέψεως
2580 2408 2681 2478 τῆς
2709 2409 2768 2459 ὲν
2790 2405 2871 2476 τῷ
2899 2405 3050 2477 φυτῷ
3069 2407 3384 2477 γινομένης,
3403 2407 3466 2460 τὺ
3492 2408 3710 2477 ἀχρεῖόν

2127 2514 2185 2550 τε
2205 2497 2301 2550 καὶ
2327 2496 2530 2565 γεῶδες
2556 2501 2655 2567 τῆς
2685 2498 2929 2568 ἰκμάδος,
2952 2497 3016 2551 ἐκ
3042 2498 3152 2551 τῶν
3207 2499 3532 2570 ἀχρημόνων
3577 2501 3712 2552 ἀπο-

2132 2590 2494 2654 σκευάζεται·
2532 2590 2793 2653 πολλάκις
2846 2589 3005 2643 τοῦτο
3038 2592 3216 2655 ποιεῖ,
3258 2591 3363 2653 ἕως
3405 2591 3471 2645 ἂν
3515 2592 3577 2644 τὸ
3630 2594 3709 2644 εί-

2137 2678 2383 2750 λικρινές
2432 2697 2493 2733 τε
2547 2681 2643 2733 καὶ
2673 2680 2941 2751 τρόφιμον
2974 2681 3031 2734 ὲν
3063 2680 3142 2751 τῷ
3196 2682 3492 2751 καθήκοντι
3538 2669 3714 2753 καιρῷ

2133 2771 2430 2843 προϐάλλει
2469 2771 2884 2844 κεκαθαρμένον
2932 2773 3030 2843 τῆς
3081 2773 3356 2843 ἀχρήστου
3396 2775 3711 2844 ποιότητος·

2131 2862 2195 2914 τὸ
2217 2862 2399 2915 τοίνυν
2437 2862 2543 2934 πρὸ
2571 2862 2664 2915 τοῦ
2694 2863 2925 2931 γλυκέος
2968 2881 3029 2917 τε
3060 2866 3156 2918 καὶ
3183 2865 3453 2936 τροφίμου
3496 2867 3593 2920 καὶ
3622 2884 3715 2920 τε·-

2133 2953 2277 3006 λείου
2306 2954 2412 3007 ὐπὸ
2445 2953 2547 3022 τῆς
2575 2956 2746 3025 συκῆς
2776 2957 2835 3008 έν
2860 2955 3091 3028 καρπῶν
3114 2957 3244 3011 εῖδει
3272 2956 3714 3029 προϐαλλόμενον

2139 3041 2361 3105 δλυνθος
2394 3041 2637 3110 λέγεται,
2670 3044 2806 3114 ὅπερ
2839 3044 2934 3097 τοῦ
2991 3044 3204 3117 καρποῦ
3240 3044 3525 3118 προοίμιον
3568 3047 3712 3116 γίνεο

2132 3148 2244 3198 ται,
2271 3133 2372 3186 οὐκ
2417 3133 2551 3187 αὐτὸ
2599 3134 2816 3205 καρπός
2836 3153 2851 3168 ·
2908 3136 2937 3188 ὁ
2965 3136 3140 3189 ταῦτα
3164 3137 3345 3191 τοίνυν
3378 3136 3716 3206 θεασάμενος

2136 3225 2232 3279 καὶ
2260 3226 2352 3278 τὸν
2385 3225 2599 3297 καρπὸν
2636 3227 2760 3280 ὅσον
2799 3225 2952 3281 οὔπω
2978 3227 3260 3298 ἐκδέχεται
3277 3244 3294 3259 ·
3322 3228 3510 3300 ἐπειδὴ
3538 3228 3718 3281 τοίνυν

2134 3318 2197 3371 τὸ
2228 3317 2600 3387 πνευματικὸν
2626 3317 2727 3389 Εαρ
2759 3318 3068 3391 ὑπογράφει
3089 3321 3154 3390 τῇ
3184 3317 3389 3390 Νύμφῃ
3416 3322 3444 3373 ό
3471 3320 3627 3387 λόγος
3646 3336 3659 3349 ·
3688 3321 3719 3372 ό

2134 3407 2192 3463 δὲ
2235 3409 2429 3480 καιρὸς
2468 3404 2622 3474 οὗτος
2674 3409 2926 3481 μεθόριός
2962 3412 3102 3477 ἐστι,
3135 3410 3235 3481 τῆς
3290 3427 3352 3463 τε
3395 3410 3719 3482 χειμερινῆς

2137 3501 2465 3573 κατηφείας,
2509 3499 2603 3553 καὶ
2632 3501 2734 3571 τῆς
2766 3502 2827 3555 ὲν
2854 3500 2936 3573 τῷ
2980 3501 3132 3573 θέρει
3181 3500 3291 3555 τῶν
3321 3504 3550 3573 καρπῶν
3585 3519 3719 3573 μετ-

2137 3595 2357 3656 ουσίας·
2386 3592 2475 3647 διὰ
2530 3592 2691 3646 τοῦτο
2739 3592 2803 3647 τὸ
2840 3593 2939 3663 μὲν
2985 3593 3377 3664 παρῳχηκέναι
3426 3593 3496 3646 τά
3544 3593 3722 3658 κακὰ,

2138 3682 2435 3755 διαρρήδην
2467 3682 2902 3752 εὐαγγελίζεται,
2940 3683 3068 3747 τούς
3095 3684 3151 3737 δὲ
3188 3683 3435 3755 γαρπούς
3460 3684 3558 3752 τῆς
3589 3684 3724 3753 ἀρε-

2140 3748 2444 3843 τῆς,νούπω
2477 3748 2703 3836 τελείως
2732 3771 3115 3843 προδείκνυσιν
3135 3784 3152 3803 ⁸
3188 3748 3325 3825 ἀλλὰ
3367 3748 3589 3831 έούτους
3621 3748 3725 3841 μὲν

2142 3869 2199 3920 ὲν
2224 3864 2303 3933 τῷ
2343 3863 2640 3933 καθήκοντι
2690 3862 2873 3935 καιρῷ
2918 3862 3270 3933 ταμιεύεται,
3305 3863 3436 3916 ὅταν
3474 3864 3634 3933 ὲνστῇ
3660 3862 3727 3914 τὸ

2142 3950 2301 4019 θέρος
2327 3953 2466 4022 ὅπερ
2509 3951 2628 4005 ἐστὶ
2681 3953 2964 4020 συντέλεια
2996 3952 3093 4006 τοῦ
3144 3952 3376 4016 αἰῶνος·
3412 3951 3506 4006 νῦν
3528 3951 3586 4005 δὲ
3628 3950 3727 4013 τὰς

2141 4045 2365 4110 ὲλπίδας
2415 4047 2659 4102 δείκνυσι
2702 4048 2790 4102 διά
2833 4048 2943 4102 τῶν
2990 4049 3207 4121 ἀρετῶν
3238 4048 3528 4111 ἀνθούσας,
3574 4041 3651 4101 ὦν
3695 4049 3726 4099 ό

2143 4140 2358 4209 καρπὸς
2403 4139 2463 4192 ὲν
2508 4139 2585 4210 τῷ
2615 4140 2731 4212 ίδίῳ
2776 4139 2956 4213 καιρῷ
2987 4139 3382 4210 προφαίνεται·
3422 4140 3520 4209 τῆς
3549 4139 3728 4194 τοίνυν

463 4234 741 4302 expellens
785 4243 1156 4287 excrementa.
1216 4230 1421 4286 Deinde
1470 4239 1704 4301 speratae
1749 4235 2027 4290 beatitudi‘

2142 4231 2495 4303 ἀνθρωπίνης
2527 4232 2747 4302 φύσεως
2797 4235 2940 4288 κατά
2980 4232 3078 4301 τὴν
3130 4230 3599 4302 μνημονευθεῖσαν
3637 4232 3727 4283 ὲν-

467 4320 554 4376 uis
606 4319 896 4390 quemdam
952 4320 1325 4375 characterem
1384 4319 1467 4375 sic
1520 4336 1618 4391 per
1671 4321 2027 4379 honestiorem

2142 4321 2319 4375 ταῦθα
2356 4324 2550 4392 συκῆν,
2577 4322 2779 4394 πολλὴν
2804 4324 2892 4377 διὰ
2921 4322 3014 4376 τοῦ
3048 4322 3332 4392 νοηθέντος
3360 4323 3493 4393 ἡμῖν
3518 4321 3727 4392 χειμῶ-

463 4412 680 4467 vivendi
715 4410 983 4465 rationem
1014 4409 1292 4481 injiciens,
1321 4411 1489 4466 veluti
1523 4412 1848 4483 quibusdam
1879 4432 2027 4485 gros-

2144 4428 2235 4475 νος
2286 4413 2387 4482 τὴν
2431 4414 2612 4485 κακὴν
2675 4414 2879 4485 ίκμάδα
2932 4414 3363 4485 συλλεξαμένης·
3412 4414 3506 4466 καὶ
3552 4412 3627 4474 ὡς
3664 4411 3729 4464 τὸ

466 4504 580 4568 sis,
635 4503 835 4557 licuutn
877 4500 1185 4557 futurarum
1229 4502 1576 4559 dulcedinem
1604 4507 1914 4562 ammntiat.
1948 4508 2027 4565 Sit

2146 4502 2378 4575 ψυχικὸν
2414 4504 2515 4575 ἔαρ
2542 4507 2940 4576 ὲργασὰμενο,’,
2970 4505 3188 4577 πρῶτον
3215 4507 3315 4576 μὲν
3347 4503 3599 4558 ἐκϐάλλει
3628 4504 3725 4571 τῆς

468 4595 634 4651 etiam
719 4594 962 4664 intellige
1025 4593 1311 4650 ﬂorentem
1362 4595 1558 4661 vitem,
1610 4595 1768 4666 cujus
1816 4598 2036 4669 Quidam

470 4688 656 4741 vinum
697 4700 792 4741 cor
830 4685 1117 4740 laetilicans
1150 4684 1399 4756 implebit
1430 4686 1726 4757 aliquando
1766 4699 2037 4745 craterem

470 4778 756 4850 sapientia:
809 4785 864 4833 et
917 4776 984 4832 ad
1043 4777 1332 4833 fruendum
1365 4778 1613 4834 convivis
1669 4782 2039 4852 proponitur:

473 4871 635 4926 modo
682 4885 878 4941 nempe
920 4868 1047 4925 vitis
1089 4883 1184 4939 per
1213 4868 1379 4926 liores
1412 4878 1625 4926 vernat.
1660 4869 1784 4927 Haec
1815 4874 2044 4944 Sponsae

470 4960 649 5014 oratio
696 4962 850 5029 prius
896 4958 1138 5015 ostendit
1190 4959 1389 5014 indicia
1437 4969 1491 5013 et
1530 4966 1691 5017 notas
1729 4962 1857 5017 boni
1901 4966 2044 5021 veris

472 5050 802 5112 animarum,
834 5062 1065 5118 eamque
1112 5048 1307 5103 incitat
1358 5048 1427 5102 ad
1467 5062 1658 5102 eorum
1692 5065 1815 5119 quae
1849 5067 2041 5122 propo-

474 5141 577 5195 sita
605 5149 733 5194 sunt.
764 5137 1077 5193 fruitionem
1107 5144 1157 5192 et
1189 5126 1373 5193 verbis
1398 5152 1519 5193 eam
1550 5138 1823 5196 excitans.

2149 4596 2364 4665 φύσεως
2402 4598 2509 4651 πᾶν
2528 4598 2650 4651 ὅσον
2680 4597 2883 4668 γεῶδες
2917 4601 3010 4650 καὶ
3052 4598 3346 4668 ἄχρηστον,
3375 4596 3498 4650 ἀντὶ
3553 4595 3724 4665 ἀχρη-

2153 4688 2330 4758 μόνων
2375 4687 2443 4742 δι’
2505 4689 2950 4760 έξομολογήσεως
3006 4688 3400 4753 ἀποσκευάζων
3457 4686 3528 4740 τά
3568 4703 3727 4757 περι-

2154 4779 2450 4850 πτώματα,
2482 4776 2585 4834 εἴθ’
2622 4780 2766 4835 οὕτω
2798 4781 3124 4852 χαρακτῆρά
3150 4797 3274 4834 τινα
3297 4779 3400 4849 τῆς
3441 4777 3729 4848 ἐλπιζομέ-

2158 4889 2254 4943 γης
2286 4874 2692 4945 μακαριότητος
2744 4872 2833 4925 διὰ
2861 4873 2961 4942 τῆς
3016 4871 3367 4942 ἀστειοτέρας
3414 4871 3557 4941 ζωῆς
3607 4872 3730 4922 ἐπι-ν

2156 4962 2370 5017 ϐάλλων
2392 4963 2472 5035 τῷ
2506 4965 2629 5034 βίῳ,
2680 4960 2792 5019 οἶόν
2824 4982 2967 5018 τισιν
3006 4963 3271 5028 όλύνθοις,
3301 4962 3400 5034 τὴν
3433 4961 3730 5033 μέλλουσαν

2149 5054 2470 5125 γλυκύτητα
2504 5056 2614 5109 τῶν
2651 5055 2834 5109 συκῶν
2880 5053 3328 5123 εὐαγγελίζεται·
3361 5050 3507 5106 οὕτω
3538 5052 3731 5120 νόησον

2149 5145 2244 5199 καὶ
2280 5145 2382 5218 τὴν
2409 5136 2781 5218 κυπρίζουσαν
2808 5147 3054 5217 ἄμπελον
3076 5162 3090 5176 ·
3122 5141 3190 5218 ἦς
3218 5149 3246 5199 ὁ
3274 5145 3377 5216 μὲν
3404 5139 3544 5207 οἶνος
3572 5143 3602 5195 ὁ
3631 5143 3731 5212 τὴν

474 5237 698 5307 καρδίαν
723 5232 1052 5304 εὐφραίνων,
1080 5231 1359 5303 πληρώσει
1377 5234 1508 5287 ποτὲ
1541 5232 1634 5288 τὸν
1654 5237 1753 5305 τῆς
1774 5236 1966 5305 σοφίας
1998 5241 2275 5313 κρατῆρα,
2303 5241 2398 5295 καὶ
2423 5243 2778 5313 προκείσεται
2805 5244 2919 5305 τοῖς
2948 5243 3258 5311 συμπόταις
3289 5242 3369 5302 εἰς
3394 5237 3693 5292 ἀπόλαυσιν
3712 5251 3727 5265 ·

472 5328 567 5383 νῦν
591 5327 692 5398 μέν
721 5342 802 5379 τοι
830 5323 1087 5395 κυπρίζει
1109 5323 1197 5377 διὰ
1225 5324 1316 5378 τοῦ
1343 5325 1536 5388 ἄνθους
1561 5327 1594 5397 ἡ
1618 5326 1861 5395 ἄμπελος
1887 5344 1903 5359 ·
1938 5328 2113 5383 ταῦτα
2145 5331 2498 5404 προδείκνυσι
2517 5335 2585 5405 τῇ
2608 5333 2816 5406 Νύμφῃ
2838 5335 2866 5385 ὁ
2893 5332 3047 5400 λόγος
3070 5330 3165 5384 τοῦ
3208 5328 3376 5384 καλοῦ
3409 5327 3520 5382 τῶν
3543 5326 3733 5398 ψυχῶν

472 5425 633 5497 ἔαρος
648 5423 716 5477 τὰ
736 5421 1112 5494 γνωρίσματα·
1128 5420 1222 5475 καὶ
1241 5421 1555 5475 ὲπισπεύδει
1568 5421 1706 5492 πρὸς
1723 5423 1821 5494 τὴν
1840 5423 1949 5478 τῶν
1965 5428 2348 5500 προκειμένων
2364 5428 2685 5494 ἀπόλαυσιν,
2697 5427 2982 5498 διεγείρων
2999 5427 3170 5498 αὐτὴν
3186 5426 3262 5496 τῷ
3278 5425 3420 5497 λόγῳ
3436 5426 3530 5478 καί
3546 5441 3732 5494 φησιν.

546 5516 681 5574 Nili.
714 5548 781 5559 -
812 5516 958 5572 Istud
988 5532 1168 5587 surge,
1197 5518 1451 5573 vocantis
1483 5527 1568 5573 est
1599 5525 1656 5573 et
1693 5519 1990 5577 oscitantis
2027 5539 2041 5577 :

2220 5523 2466 5578 Νείλου.
2494 5554 2562 5565 --
2586 5524 2660 5576 Τὸ
2692 5524 2927 5587 ἀνάστα,
2962 5522 3257 5584 καλοῦν-τός
3281 5524 3397 5573 ἐστι
3428 5522 3522 5572 καὶ
3542 5519 3735 5588 διεγεί-

472 5611 539 5666 ab
580 5607 882 5665 humilibus
931 5622 1167 5676 namque
1210 5608 1496 5679 praeceptis
1534 5608 1802 5679 legalibus
1841 5611 1907 5665 ad
1954 5628 2027 5666 su-

2153 5631 2340 5682 ροντος
2367 5631 2380 5644 ·
2406 5614 2514 5666 ἀπὸ
2543 5616 2652 5685 γὰρ
2675 5614 2783 5666 τῶν
2821 5616 2963 5667 κατά
2988 5614 3081 5667 τὸν
3108 5613 3270 5684 νόμον
3298 5610 3569 5665 ταπεινῶν
3597 5625 3737 5679 παρ-

472 5700 755 5755 bliniiores
801 5699 1240 5779 evangelicorum
1286 5701 1678 5755 miraculorum
1721 5701 2027 5781 disciplina:

2151 5700 2553 5769 ἀγγελμάτων,
2610 5703 2703 5753 ἐπὶ
2758 5702 2826 5753 τὰ
2883 5701 3192 5771 ὑψηλότερα
3272 5699 3572 5771 μαθήματα
3626 5695 3737 5751 τῶν

471 5792 647 5865 ipsam
711 5790 959 5848 excitans
1015 5774 1188 5847 vocat.
1231 5792 1547 5863 ‘ltelinque,
1605 5792 1815 5863 inquit,
1874 5774 2026 5863 legen

2152 5791 2526 5860 εὐαγγελικῶν
2579 5794 2932 5864 παραδόσεων
2996 5794 3164 5859 αὐτὴν
3210 5792 3491 5865 διεγείρων
3543 5790 3732 5845 καλεῖ·
