4060 6384
296 298 437 360 1605

1259 293 1803 354 COMMENTARII
1831 294 1907 352 ΙΝ
1951 290 2273 354 CANTICA
2310 292 2606 354 CANTIC.

3423 293 3558 363 1606

279 407 597 467 Κατάλιπε,
631 404 820 475 φησιν,
850 404 943 457 τὸν
973 398 1219 472 νηπιὼδη
1250 402 1448 472 νόμον,
1479 402 1569 454 τὸν
1606 402 1703 471 τὴν
1725 400 1876 472 ἐνέρ-

1988 401 2256 470 puerilem
2300 417 2425 470 quae
2453 408 2805 471 peccatorum
2853 402 3230 471 operationem
3276 405 3555 476 prohibet,

291 519 452 570 γειαν
471 498 585 551 τῶν
614 497 1033 568 ἁμαρτημάτων
1060 495 1362 557 κωλύοντα.
1390 499 1484 550 καὶ
1514 497 1634 550 ἐλθὲ
1663 500 1757 551 ἐπὶ
1778 497 1876 568 τὴν

288 594 459 664 χάριν
503 590 605 662 τὴν
646 590 1027 643 ἑκκόπτουσαν
1069 588 1168 642 καὶ
1220 588 1283 641 τὸ
1334 588 1536 657 φαῦλον
1586 588 1873 659 ἐνθύμιον·

286 684 510 736 ἀνάστα
557 678 667 734 ἀπὸ
699 678 808 733 τῶν
842 679 1069 750 γηΐνων,
1102 678 1377 750 πρόκοψον
1410 679 1505 732 ἐπὶ
1524 679 1590 732 τά
1618 680 1874 750 οὐράνια·

286 774 509 827 ἀνάστα
540 772 650 825 ἀπὸ
690 770 803 824 τῶν
842 768 1071 835 τύπων,
1127 769 1427 841 πορεύθητι
1465 771 1557 823 ἐπὶ
1600 771 1696 841 τὴν
1744 771 1878 842 ἀλή-

284 867 444 917 θειαν
465 881 480 894 ·
514 862 787 933 ἀνάστηθι
808 862 919 915 ἀπὸ
945 861 1040 915 τοῦ
1067 860 1438 932 στοιχειώδους
1457 861 1646 932 νόμου,
1674 861 1882 936 φθάσον

285 954 383 1006 ἰπὶ
421 952 521 1023 τὴν
570 952 920 1019 τελειότητα·
949 951 1195 1023 χειμῶνα
1236 952 1384 1020 λέγει
1412 952 1505 1005 τὸν
1551 951 1646 1004 τοῦ
1672 951 1879 1014 πάθους

284 1046 511 1115 καιρὸν,
543 1047 602 1097 ἐν
629 1040 675 1113 ᾧ
704 1044 908 1107 πάντες
940 1043 1349 1114 ὲχειμάσθησαν
1384 1042 1463 1114 τῷ
1483 1044 1582 1114 τῆς
1618 1044 1877 1108 ἀπιστίας

290 1137 575 1207 πνεύματι
593 1154 606 1167 ·
639 1137 734 1190 καὶ
762 1136 872 1206 γὰρ
901 1138 996 1190 καὶ
1026 1136 1284 1207 αἰσθητὸς
1312 1134 1519 1207 χειμὼν
1541 1133 1609 1208 ἦν
1626 1137 1765 1191 κατά
1788 1137 1879 1190 τὸν

288 1230 485 1301 καιρὸν
519 1232 728 1282 ἐκεῖνον
752 1244 766 1258 ·
799 1222 863 1280 οὗ
896 1229 1261 1297 παρελθόντος
1290 1231 1318 1282 ὀ
1364 1229 1516 1293 ὑετὸς
1548 1231 1575 1283 ὁ
1611 1247 1880 1303 προφητι-

284 1321 403 1383 xw,
444 1320 535 1372 καὶ
564 1321 591 1372 ό
621 1318 849 1390 νομικὸς
886 1319 1046 1387 λόγος
1069 1319 1345 1372 ἐπαύσατο
1365 1334 1379 1348 ·
1410 1320 1507 1389 τῆς
1550 1320 1659 1391 γὰρ
1694 1321 1879 1392 φωνῆς

283 1411 380 1464 τοῦ
432 1412 697 1481 τρυγόνος
747 1410 1111 1480 ἀκουσθείσης
1165 1411 1263 1480 τῆς
1330 1410 1627 1482 λεγούσης·
1667 1430 1686 1463 ι
1714 1412 1878 1465 Δεῦτε

284 1501 494 1564 πάντες
529 1502 579 1554 oi
606 1500 911 1564 κοπιῶντες
940 1502 1033 1554 καὶ
1068 1502 1517 1572 πεφορτισμένοι,
1548 1499 1706 1568 κάγὼ
1742 1503 1876 1556 ἀνα-

280 1591 494 1644 παύσω
523 1592 693 1661 ὑμᾶς,
741 1610 759 1642 ι
792 1593 897 1644 οὐκ
931 1591 1011 1644 ἔτι
1041 1587 1110 1663 ἦν
1140 1593 1298 1663 χρεία
1326 1592 1418 1645 τοῦ
1460 1592 1879 1657 καταϐαίνοντος

279 1684 353 1744 ὡς
411 1680 579 1734 ὑετοῦ
620 1680 1045 1751 ἀποφθέγματος
1092 1680 1319 1750 νομικοῦ
1374 1680 1566 1750 λόγου·
1622 1682 1714 1734 καὶ
1774 1681 1879 1735 τῶν

1977 504 2033 549 et
2061 496 2181 549 veni
2212 495 2276 548 ad
2305 497 2559 565 gratiam,
2587 510 2710 566 qua:
2739 509 2961 567 pravam
2998 496 3161 551 etiam
3192 498 3378 553 evellit
3405 502 3558 571 cogi-

1980 586 2280 654 tationem;
2318 601 2554 656 exsurge
2584 602 2612 639 a
2645 587 2907 654 terrenis,
2934 587 3138 658 proﬁce
3173 588 3239 643 ad
3270 590 3552 647 caelestia:
3594 579 3606 589 ’

1978 691 2215 745 exsurge
2262 691 2290 729 a
2346 678 2542 747 primis
2587 676 2801 747 ﬁguris,
2848 681 3050 734 accede
3099 680 3166 734 ad
3211 681 3494 736 veritatem
3539 698 3553 734 :

1978 782 2215 836 exsurge
2246 767 2316 821 ab
2354 768 2672 823 elementari
2711 771 2845 841 lege,
2883 786 3135 841 grassare
3166 772 3232 826 ad
3265 773 3559 843 perfectio-

1966 872 2125 911 ,ncm.
2179 854 2424 911 lliemem
2471 867 2654 912 autem
2706 859 2844 913 dicit
2899 868 3123 938 tempus
3168 862 3466 930 passionis,
3502 863 3555 916 in

1979 964 2089 1013 quo
2138 962 2333 1003 omnes
2389 948 2733 1005 inﬁdelitatis
2772 951 2966 1020 spiritu
3016 952 3163 1006 velut
3204 952 3376 1021 glacie
3424 967 3555 1006 con-

1980 1038 2158 1091 stricti
2196 1048 2392 1095 erant:
2422 1040 2624 1094 etenim
2663 1041 2942 1097 sensibilis
2983 1057 3203 1112 quoque
3237 1043 3413 1097 hiems
3442 1054 3558 1097 crat

1980 1128 2087 1182 isto
2134 1139 2398 1198 tempore.
2437 1131 2503 1185 Et
2557 1130 2736 1200 pluvia
2790 1133 3108 1203 prophetica
3153 1149 3445 1202 sermoque
3483 1134 3558 1186 lc-

1979 1209 2118 1290 galis
2147 1219 2457 1276 stillarerat
2487 1239 2501 1277 :
2536 1238 2659 1275 nam
2694 1239 2828 1278 voce
2866 1225 3100 1279 turturis
3144 1225 3327 1277 audita
3362 1224 3556 1278 dicen-

1983 1315 2050 1368 tis
2081 1330 2097 1367 :
2137 1333 2153 1366 ι
2176 1312 2385 1381 Venite,
2415 1331 2605 1370 omnes
2634 1316 2726 1386 qui
2769 1316 3026 1371 laboratis
3058 1326 3112 1371 et
3148 1319 3357 1372 onerati
3397 1318 3558 1382 eSIis,

1979 1414 2032 1457 ct
2084 1419 2187 1474 ego
2238 1406 2480 1459 reﬁciam
2536 1419 2634 1461 vos
2673 1405 2775 1470 ",r
2816 1420 2923 1459 non
2971 1405 3210 1475 amplius
3260 1416 3377 1460 erat
3420 1422 3559 1476 opus

1981 1496 2138 1567 legali
2183 1511 2438 1551 sermone
2484 1497 2660 1551 instar
2709 1498 2907 1565 pluvia:
2952 1499 3291 1552 sententiose
3329 1496 3559 1551 descen-

1979 1584 2142 1642 dente.
2178 1606 2191 1643 :
2227 1597 2284 1643 et
2330 1586 2575 1652 ﬁoribus,
2613 1588 2666 1642 id
2715 1599 2801 1643 est
2850 1587 2981 1643 viris
3032 1589 3263 1653 sanctis,
3315 1588 3367 1640 in
3412 1597 3558 1642 terra

1981 1679 2390 1734 Cliristianismi
2428 1681 2842 1753 apparentibus,
2882 1690 3094 1749 tempus
3134 1680 3434 1749 putationis
3463 1679 3561 1732 ad-

279 1772 497 1825 ἁνθέων
522 1772 800 1842 ὀφθέντων
829 1774 889 1825 ὲν
921 1774 988 1844 τῇ
1014 1776 1085 1844 γῇ
1116 1773 1223 1826 τῶν
1256 1776 1314 1825 ἐν
1351 1773 1428 1843 τῷ
1469 1773 1876 1844 Χριστιανισμῷ

1980 1773 2151 1834 venit,
2185 1772 2502 1828 relecﬁonis
2543 1771 2854 1827 Iudaeorum
2884 1790 2898 1826 :
2928 1785 2984 1826 et
3015 1773 3152 1827 ﬁcus
3181 1787 3345 1841 quam
3377 1782 3563 1841 pater-
3626 1778 3629 1781 ’

278 1865 463 1932 ἁγίων
504 1862 739 1935 ἀνδρῶν,
780 1864 971 1935 καιρὸς
1016 1866 1115 1933 τῆς
1155 1864 1328 1934 τομῆς
1366 1863 1571 1931 ἔφθακε
1599 1863 1698 1933 τῆς
1732 1865 1869 1917 ἁπο-

248 1952 455 2022 ἐολῆς
490 1953 603 2007 τῶν
644 1954 955 2007 Ἰουδαίωνο
1000 1955 1155 2024 καὶή
1197 1954 1337 2023 συκῆ
1384 1954 1451 2025 ὴν
1481 1953 1644 2024 κόψαι
1695 1954 1784 2006 διὰ
1810 1954 1871 2005 τὺ

174 2073 187 2085 -
283 2047 359 2113 μὴ
391 2044 592 2115 φέρειν
646 2045 914 2117 καρπδνό
962 2044 1348 2115 οἰκοδεσπότης
1390 2045 1698 2110 ἐκέλευσεν,
1744 2046 1872 2107 τοὺς

277 2138 375 2203 τῆς
406 2135 709 2204 μετανοίας
756 2135 1055 2207 ἐξήνθησεν
1106 2134 1385 2198 ὀλύνθους,
1434 2134 1575 2205 μετὰ
1604 2136 1704 2207 τὴν
1755 2138 1874 2189 ἑπι-

279 2228 487 2297 δημίαν
525 2226 790 2296 Χριστοῦ,
842 2225 911 2280 τὰ
940 2226 1042 2296 τῆς
1091 2227 1367 2295 ἰδιωτικῆς
1402 2226 1751 2289 διδασκαλίας
1784 2227 1873 2281 δε·

286 2320 496 2388 ξαμέυη
524 2320 761 2389 κόπρια·
806 2323 901 2373 καὶ
930 2320 964 2389 ὴ
1001 2317 1246 2388 ἄμπελος
1274 2318 1329 2372 δὲ
1362 2320 1428 2372 ὲκ
1464 2319 1564 2391 τῆς
1609 2318 1870 2391 ἀληθινῆς

284 2409 536 2478 ἀμπέλου
576 2408 1056 2479 μεταφυτευθεξσα
1085 2410 1150 2462 ὲκ
1188 2408 1282 2462 τοῦ
1318 2409 1633 2479 κυπρισμοῦ
1669 2410 1873 2464 ἔδωκεν

292 2500 485 2569 hair),
509 2501 560 2553 ot
586 2499 843 2568 λέγοντες
872 2513 888 2529 ·
925 2500 1039 2555 Τοῦ
1071 2498 1330 2569 Χριστοῦ
1355 2498 1770 2569 εὐωδιιιέσμὲν
1798 2497 1878 2567 τῷ

298 2591 490 2657 Θεῷὲν
510 2592 640 2658 τοῖς
656 2591 1020 2661 σωζομένοις
1051 2591 1149 2645 καὶ
1177 2591 1248 2644 ἐν
1265 2591 1389 2657 τοῖς
1414 2591 1878 2661 ἀπολλυμένοις·

1979 1862 2246 1928 familias,
2281 1862 2430 1932 quod
2471 1862 2684 1917 fructus
2731 1880 2837 1918 non
2888 1863 3079 1925 ferret,
3122 1862 3331 1919 succidi
3377 1863 3561 1931 jusse-

1978 1961 2085 2018 rat,
2128 1954 2473 2024 ptenitentiaa’
2518 1970 2742 2025 grossos
2800 1955 3032 2025 protulit
3085 1964 3213 2025 post
3262 1953 3558 2010 adventum

1978 2047 2225 2113 Christi,
2292 2030 2544 2118 privatze
2584 2049 2851 2103 doctrina:
2925 2057 3171 2103 stercora
3223 2050 3557 2117 suscipiens.

1982 2135 2125 2204 Quin
2161 2146 2216 2192 et
2243 2138 2418 2194 vineae
2450 2154 2515 2195 ex
2551 2155 2678 2193 vera
2719 2140 2832 2196 vite
2853 2140 3269 2207 transplantata:
3298 2136 3559 2194 ﬂorentes

1981 2228 2253 2284 dederunt
2288 2230 2536 2298 odorem,
2567 2230 2818 2286 dicentes
2848 2247 2864 2284 :
2890 2229 3091 2285 Christi
3113 2231 3278 2284 bonus
3304 2228 3439 2283 odor
3467 2245 3560 2283 su-

1977 2335 2093 2373 mus
2119 2318 2227 2386 Deo
2256 2320 2309 2374 in
2332 2321 2397 2375 iis
2430 2321 2521 2391 qui
2552 2322 2687 2375 salvi
2705 2321 2842 2391 ﬁunt
2869 2331 2920 2375 et
2961 2323 3014 2376 in
3045 2322 3109 2375 iis
3130 2321 3221 2391 qui
3251 2319 3556 2388 pereunt".

1980 2409 2116 2465 Nam
2142 2421 2195 2466 et
2226 2412 2330 2481 ipsi
2361 2415 2454 2482 qui
2492 2428 2599 2468 non
2629 2412 2865 2467 credunt
2893 2412 3208 2482 Evangelia,
3241 2424 3555 2467 sermonem

1985 2518 2208 2573 quoque
2260 2505 2668 2573 praedicationis
2735 2505 3075 2559 mirabantur
3124 2511 3180 2559 et
3256 2502 3325 2556 ad
3397 2501 3556 2573 signa

1989 2595 2476 2662 olistnpescebant.
2577 2607 2583 2613 ‘

304 2686 393 2737 mi.
421 2686 569 2739 αὐτοὶ
601 2686 714 2756 γὰρ
744 2687 794 2739 oi
822 2684 1180 2748 ἀπιστοῦντες
1208 2684 1283 2755 τῷ
1306 2685 1639 2756 Εὑαγγελίῳ,
1670 2687 1766 2741 καὶ
1795 2686 1891 2740 τὸν
1925 2687 2082 2756 λόγον
2122 2687 2434 2759 ἐθαύμαζον
2464 2688 2557 2742 τοῦ
2600 2687 2977 2759 κηρύγματος,
3017 2687 3110 2741 καὶ
3139 2686 3249 2740 τῶν
3312 2684 3558 2758 σημείων

302 2777 695 2845 ἐξεπλήσσοντο
716 2778 815 2847 τὴν
841 2776 1095 2844 δύναμιν.

359 2868 690 2933 Κυρίλλου.
718 2900 786 2909 —
819 2869 889 2921 Ἢ
928 2870 1022 2921 καὶ
1050 2869 1111 2921 τὸ
1148 2869 1245 2938 τῆς
1288 2868 1461 2938 τομῆς
1490 2867 1594 2936 ἔφη
1624 2867 1718 2921 τοῦ
1749 2887 1874 2940 νοη-

288 2955 373 3007 τοῦ
403 2956 698 3026 θερισμοῦ·
734 2959 864 3027 περὶ
892 2954 953 3012 οὗ
983 2962 1011 3012 ὁ
1038 2960 1231 3028 Σωτήρ
1259 2975 1424 3027 φησιν
1449 2976 1463 2990 ·
1498 2979 1516 3011 ι
1560 2960 1619 3012 '0
1645 2960 1745 3030 μὲν
1784 2960 1873 3013 θε-

285 3047 482 3116 ρισμὸς
514 3048 707 3111 πολύς.
739 3067 757 3099 ι

361 3136 736 3207 Ὠριτένονς.
759 3167 829 3179 —
867 3138 1148 3205 Ἀνάστα,
1197 3141 1381 3210 φησὶν,
1419 3158 1472 3193 κ.
1498 3157 1547 3195 τ.
1579 3140 1628 3194 λ.
1659 3140 1793 3210 (58).

350 3229 625 3294 Ἄλλως.
658 3260 727 3269 -
769 3231 879 3283 Καὶ
932 3231 1191 3300 τρυγόνος
1219 3230 1368 3299 λέγει
1422 3230 1521 3301 τῆς
1563 3232 1875 3302 ἀπορρήτου

276 3320 370 3373 καὶ
399 3321 698 3387 ἀγνώστου
732 3321 925 3389 σοφίας
949 3336 963 3350 ·
1003 3321 1306 3393 φιλέρημον
1351 3320 1460 3392 γὰρ
1501 3320 1566 3375 τὲ
1616 3321 1777 3387 ζῶον,
1809 3317 1878 3393 ἦς

278 3412 308 3482 ἡ
347 3410 520 3481 φωνὴ
555 3411 817 3466 ἀκούεται
863 3415 976 3476 τοῖς
1018 3413 1099 3466 ἔτι
1126 3415 1314 3483 γήϊνον
1349 3412 1508 3483 σῶμα
1557 3414 1877 3484 περικειμέ-

272 3520 385 3567 νοις
414 3520 431 3535 ·
469 3504 653 3575 τομῆς
675 3505 888 3576 καιρὸς,
910 3507 939 3558 ὁ
971 3504 1073 3575 τῆς
1102 3504 1212 3557 τῶν
1239 3503 1514 3576 περιττῶν
1541 3503 1875 3570 ἀποθέσεως,

275 3588 437 3659 οὗτος
490 3595 551 3647 δέ
582 3596 735 3649 ἐστιν
755 3597 783 3649 ὁ
813 3596 911 3664 τῆς
953 3595 1121 3650 αὐτοῦ
1161 3594 1490 3667 παρουσίας,
1525 3597 1583 3648 ὲν
1630 3586 1675 3662 ᾧ
1706 3595 1788 3648 δεῖ
1810 3594 1878 3673 τά

276 3686 584 3757 σωματικά
626 3686 723 3741 τοῦ
759 3686 925 3757 νόμου
950 3725 966 3749 ,
1019 3687 1114 3741 καὶ
1153 3686 1253 3750 τὰς
1285 3689 1344 3739 ἐν
1393 3690 1508 3750 τοῖς
1562 3689 1872 3759 προφήταις

278 3778 577 3847 ἱστορίας,
632 3780 1049 3850 περιπεφυκότα
1100 3782 1213 3843 τοῖς
1268 3782 1662 3850 πνευματικοῖς
1718 3797 1875 3850 περι-

276 3870 585 3939 τέμνεσθαι
631 3871 729 3925 καὶ
762 3874 943 3942 μεῖναι
970 3870 1040 3925 τὰ
1079 3871 1364 3942 κρείττονα
1394 3886 1408 3901 ·
1446 3871 1635 3941 καιρὸς
1682 3871 1741 3925 δὲ
1775 3872 1878 3925 πά-

283 3961 356 4015 λιν
397 3963 511 4018 καὶ
544 3962 651 4033 τῆς
702 3964 813 4017 τῶν
852 3964 1265 4035 ἁμαρτημάτων
1307 3963 1548 4032 έκκοπῆς
1604 3963 1699 4015 καὶ
1745 3962 1880 4031 ἀφέ-

286 4068 412 4116 σεως
459 4052 562 4106 διὰ
616 4052 845 4126 λουτροῦ
895 4053 1321 4123 παλιγγενεσίας
1349 4070 1362 4084 ·
1406 4055 1501 4107 καὶ⁵
1551 4052 1627 4124 μὴ
1662 4053 1877 4123 θαυμά-

278 4158 395 4213 σος·
423 4146 481 4197 εἰ
538 4144 569 4197 ὁ
606 4144 861 4215 Νυμφίος
896 4145 971 4210 ὼς
1019 4150 1148 4218 περὶ
1187 4147 1375 4218 ἑτέρου
1427 4146 1575 4215 λέγει
1618 4145 1714 4198 τοῦ
1746 4162 1877 4217 τρυ-

273 4236 431 4302 γόνος
462 4277 483 4302 ,
556 4236 829 4309 πολλαχοῦ
896 4239 1007 4311 γὰρ
1075 4238 1235 4293 τοῦτο
1302 4238 1423 4301 ἔθος
1488 4238 1590 4309 τῆς
1650 4238 1875 4307 Γραφῆς

273 4343 409 4383 εστι.

343 4421 432 4475 ιδ’.
485 4419 772 4487 Ἀνάστα,
793 4422 956 4489 ἐλθὲ,
985 4421 1025 4489 ἠ
1053 4424 1324 4491 πλησίον
1359 4440 1496 4491 μου,
1537 4420 1695 4489 καλή
1732 4439 1875 4492 μου,

2054 2866 2265 2934 Cyrilli.
2294 2895 2362 2906 —
2390 2865 2482 2920 Vel
2526 2866 2689 2921 etiam
2732 2874 2947 2935 tempus
2993 2865 3301 2934 putationis
3346 2875 3558 2935 tempus

1983 2969 2140 3026 vocat
2193 2959 2498 3029 spiritualis
2560 2958 2755 3013 messis
2817 2956 2887 3012 de
2950 2973 3057 3027 qua
3120 2955 3373 3011 Salvator
3436 2957 3559 3013 ait:

1984 3068 2003 3100 ι
2044 3048 2238 3105 Messis
2260 3049 2477 3118 quidem
2503 3051 2671 3102 multa
2690 3047 2781 3101 δυ’.
2798 3066 2817 3099 ι
3104 3040 3122 3057 ⁸

2055 3139 2320 3210 Origenis.
2349 3170 2419 3180 —
2450 3139 2639 3212 Surge,
2709 3140 2911 3210 inquit,
2959 3148 3065 3194 etc.

2054 3230 2265 3284 Aliter:
2288 3227 2383 3285 Vel
2414 3231 2579 3285 etiam
2614 3231 2845 3284 turturis
2873 3229 3007 3284 dicit
3033 3244 3251 3284 arcanae
3280 3238 3334 3285 et
3362 3229 3562 3301 ignotae

1985 3322 2271 3392 sapientiae
2299 3341 2314 3377 :
2347 3337 2540 3376 amans
2565 3322 2709 3376 enim
2740 3321 3063 3377 solitudinis
3100 3321 3303 3375 animal
3335 3329 3421 3377 est
3454 3337 3557 3377 cu-

1979 3413 2074 3483 jus
2113 3429 2215 3467 vox
2249 3414 2469 3469 auditur
2498 3413 2569 3467 ab
2602 3413 2687 3469 bis
2726 3413 2819 3481 qui
2856 3413 3037 3468 adhuc
3071 3421 3292 3469 terreno
3325 3429 3560 3484 corpore

1986 3506 2314 3576 vestiuntur.
2393 3504 2700 3560 Putationis
2762 3515 2977 3575 tempus
3029 3513 3113 3561 est
3158 3504 3560 3576 superﬂuarum

1998 3597 2386 3668 depositionis,
2420 3598 2523 3652 hoc
2574 3606 2757 3651 autem
2800 3607 2884 3652 est
2917 3597 3221 3667 praesentiae
3268 3598 3442 3668 ipsius
3496 3600 3551 3653 in

1983 3706 2093 3761 quo
2124 3690 2383 3745 nimirum
2410 3689 2714 3761 corporalia
2750 3688 2905 3759 legis,
2946 3698 3001 3744 et
3020 3705 3144 3760 qua:
3179 3689 3234 3744 in
3278 3691 3562 3761 prophetis

1983 3784 2231 3841 historia:
2281 3782 2481 3838 adnata
2528 3790 2690 3839 erant
2734 3782 3098 3852 spiritalibus,
3147 3783 3560 3852 praescindenda

1983 3886 2135 3943 sunt,
2173 3882 2232 3931 ut
2280 3876 2505 3931 meliora
2558 3882 2833 3929 maneant.
2884 3871 3125 3942 Tempus
3154 3888 3283 3927 vero
3339 3889 3559 3929 rursum

1982 3970 2147 4025 etiam
2203 3968 2506 4024 excisionis
2562 3974 2911 4035 peccatorum
2960 3973 3015 4018 et
3065 3964 3410 4020 remissionis
3466 3980 3558 4036 per

1985 4060 2263 4114 lavacrum
2304 4055 2758 4127 regenerationis.
2795 4054 2983 4126 Neque
3029 4056 3249 4111 mireris
3282 4055 3328 4110 si
3377 4058 3554 4125 δρου-

1984 4168 2078 4206 sus
2110 4151 2268 4221 quasi
2299 4152 2366 4205 de
2390 4149 2499 4204 alio
2526 4149 2674 4205 dicat
2706 4156 2922 4205 turture
2948 4190 2964 4217 ,
3004 4147 3263 4220 frequens
3326 4150 3471 4204 enim
3512 4150 3560 4204 is

1986 4244 2284 4314 Scriptura:
2304 4250 2387 4297 est
2412 4256 2569 4297 usus.

2057 4420 2225 4476 Vens.
2267 4420 2355 4475 14.
2394 4417 2582 4490 Surge,
2634 4420 2767 4473 reni-
2820 4418 3067 4488 prox'ima
3115 4435 3255 4482 mea,
3319 4417 3558 4487 formosa

240 4508 245 4599 ξ
274 4510 612 4581 περιστερά
653 4527 806 4580 μου·
853 4515 955 4568 καὶ
992 4512 1134 4568 ἐλθὲ
1186 4513 1269 4568 σὺ
1307 4512 1629 4583 περιστερά
1656 4532 1774 4583 μου
1806 4513 1876 4567 ἐν

1985 4536 2122 4581 mea,
2154 4516 2397 4571 columba
2422 4532 2559 4580 mea,
2584 4524 2633 4567 et
2675 4517 2788 4569 veni
2818 4526 2875 4569 tu
2906 4515 3151 4569 columba
3177 4530 3291 4567 mea
3320 4514 3373 4566 in
3409 4524 3558 4583 tegu-

269 4601 486 4668 σιέπῃ
545 4599 656 4668 τῆς
699 4601 922 4670 πέτρας
977 4602 1237 4673 ἐχόμενα
1273 4601 1381 4657 τοῦ
1422 4602 1879 4671 προτειχείσμα-

215 4684 238 4750 αι’
271 4695 378 4758 τός
408 4709 423 4721 ·
457 4691 672 4756 δεῖξον
693 4710 797 4763 μοι
825 4695 943 4763 τὴν
962 4693 1107 4763 ὄψιν
1130 4710 1274 4758 σου,
1298 4693 1398 4748 καὶ
1431 4694 1763 4750 ἀκούτισόν
1802 4710 1879 4763 με

269 4789 393 4853 τὴν
424 4784 652 4855 φωνήν
691 4802 809 4841 σου
833 4802 849 4818 ·
886 4789 976 4842 ὅτι
1006 4788 1043 4857 ἡ
1093 4785 1263 4857 φωνή
1311 4801 1430 4842 σου
1458 4786 1648 4855 ἡδεῖα,
1678 4786 1778 4841 καὶ
1836 4786 1874 4853 ή

271 4874 421 4942 ὄψις
446 4890 576 4928 σου
614 4875 820 4943 ὡραία.

340 4968 692 5035 Κυριλλου.
718 4995 790 5007 -
820 4967 888 5027 Ἦ
930 4967 1107 5039 πέτρα
1147 4967 1296 5020 ἐστὶν
1327 4968 1357 5021 ὁ
1404 4965 1638 5038 Χριστός
1668 4981 1683 4997 ·
1717 4964 1881 5028 αὐτὸς

268 5060 386 5131 γὰρ
441 5062 585 5130 ἡμῖν
629 5062 807 5130 τεῖχος
848 5060 1059 5130 γίνεται
1108 5062 1221 5124 τοῖς
1265 5060 1483 5122 πιστοῖς
1528 5059 1621 5111 καὶ
1673 5057 1878 5127 σκέπη,

271 5153 372 5206 καὶ
400 5154 567 5206 πᾶσα
606 5151 878 5221 ἀσφάλεια
918 5151 1009 5207 διά
1059 5150 1154 5205 τοῦ
1196 5149 1652 5223 προτειχίσματος
1689 5147 1884 5217 δηλου-

277 5245 426 5314 μένη
460 5260 475 5274 ·
538 5242 664 5298 ἔνθα
708 5242 1002 5315 γενομένη,
1047 5243 1206 5313 φησὶ,
1240 5240 1409 5313 τεύξῃ
1452 5241 1631 5311 πάσης
1666 5242 1882 5293 ὲπικουο

277 5338 433 5410 ρίας.

354 5483 406 5515 ’ν
440 5479 637 5535 Matth.
661 5496 739 5545 xt,
770 5478 860 5534 28.
939 5477 1071 5533 ".ll
1109 5478 1237 5532 Cor.
1267 5493 1325 5537 ll,
1365 5476 1442 5529 15.

357 5662 481 5735 (58)
512 5670 719 5726 I’atral.
750 5680 788 5726 ι.
823 5669 985 5729 XVII.
1024 5670 1127 5723 θυι.
1164 5668 1287 5722 ΞοἨ.

1549 5475 1625 5506 ⁸⁸*
1662 5473 1795 5531 Lt-t‘,
1828 5487 1879 5533 Χ,
1914 5470 1966 5524 2.

1815 5590 2043 5648 ΝΟΤᾸῙ.
2920 5632 2927 5637 .
3326 5609 3367 5661 τε
3425 5607 3435 5623 ο
3462 5604 3494 5659 τι

1985 4620 2161 4665 mento
2190 4617 2352 4679 petra:
2374 4605 2537 4676 juxta
2565 4605 2869 4674 promurale
2894 4619 2913 4658 :
2950 4604 3163 4659 ostende
3206 4602 3333 4656 mihi
3365 4603 3559 4671 faciem

1986 4709 2156 4761 tuum,
2186 4708 2237 4752 et
2268 4698 2510 4751 auditam
2560 4695 2649 4765 {ac
2677 4693 2806 4747 mihi
2845 4709 3017 4746 vocem
3068 4702 3213 4745 tuam
3240 4706 3261 4745 :
3303 4692 3429 4762 quia
3459 4707 3556 4744 ισοα

1984 4800 2078 4844 tua
2115 4790 2314 4853 suavis,
2349 4797 2400 4843 et
2427 4788 2591 4857 facies
2622 4796 2715 4839 tua
2740 4786 2950 4839 decora.

2055 4966 2267 5038 Cyn'ui.
2300 4994 2371 5005 -
2398 4964 2558 5019 Petra
2600 4971 2685 5018 est
2715 4961 2995 5017 Christus.
3030 4959 3152 5030 Ipse
3183 4959 3345 5015 nobis
3380 4958 3558 5015 ﬁdeli-

1986 5061 2092 5116 bus
2119 5059 2286 5115 etiam
2322 5070 2511 5112 murus
2543 5056 2622 5118 ﬁt,
2653 5063 2708 5108 et
2750 5062 3141 5120 tegumentum,
3184 5053 3558 5115 etsecuritas,

1986 5171 2082 5226 per
2111 5150 2585 5224 propugnaculum
2639 5146 2949 5216 designata,
2999 5145 3089 5200 ubi
3119 5145 3418 5211 exsistens,
3474 5143 3560 5197 in.

1987 5248 2128 5318 quit,
2162 5259 2324 5297 omne
2355 5241 2628 5295 auxilium
2655 5239 3037 5311 consequeris.
