4060 6406
477 320 503 389 1
514 319 616 385 607

540 433 886 504 Apollinarii.
924 462 997 474 —
1021 432 1113 488 Vel
1146 432 1309 487 etiam
1345 443 1563 485 murum
1582 438 1743 484 vocat
1777 429 2054 483 hominem
2087 434 2129 488 Α

471 522 815 586 interiorem,
877 520 1216 575 antemurale
1278 533 1412 573 vero
1466 517 1838 581 exteriorem,
1900 517 2049 586 quod

469 614 666 682 Aquila
720 615 776 666 in
827 613 1040 666 arcanis
1065 611 1257 677 edidit,
1293 610 1348 664 in
1383 624 1492 679 quo
1522 617 1576 664 et
1622 608 1900 663 orationes
1935 606 2052 662 fieri

468 701 623 771 jubet
651 700 930 757 Christus.
1451 705 1454 708 ’

542 814 803 886 Gregorii.
836 845 905 855 —
951 812 1145 866 Nullus
1173 827 1352 880 neque
1387 789 1515 864 talis
1540 810 1922 870 surrectionis,
1959 801 2052 861 ne;

469 923 576 977 que
607 907 732 960 talis
754 921 949 960 cursus
973 904 1096 957 ﬁnis
1125 905 1231 956 erit
1256 919 1271 968 ;
1302 918 1518 971 semper
1545 902 1689 954 enim
1716 901 2050 971 surgendum

471 1009 524 1052 et
557 998 623 1052 ad
674 997 840 1051 Deum
893 994 1284 1050 accedentibus
1337 1008 1619 1060 nunquam
1668 994 1991 1046 cessandum
2036 1009 2050 1044 :

469 1089 906 1158 quotiescunque
953 1087 1124 1156 igitur
1180 1086 1319 1140 dicit
1364 1104 1378 1139 :
1433 1083 1604 1152 Surge
1641 1093 1690 1136 et
1721 1083 1854 1146 veni,
1890 1082 2052 1136 toties

471 1179 537 1233 ad
587 1179 638 1232 id
685 1179 828 1246 quod
861 1188 946 1232 est.
978 1178 1177 1233 melius
1207 1176 1546 1232 ascendendi
1605 1173 1947 1237 facultatem,
1992 1185 2048 1226 ut

469 1286 532 1326 ex
560 1269 789 1339 pulchra
822 1247 1264 1337 ﬁat‘pnlchrior;
1293 1278 1346 1322 et
1371 1268 1528 1336 juxta
1555 1266 1902 1335 Apostolntn,
1930 1265 2053 1332 ejus

469 1362 762 1432 imaginem
799 1377 829 1414 a
871 1361 1044 1431 gloria
1091 1360 1519 1415 transformetur
1569 1359 1624 1412 in
1669 1357 1924 1428 gloriam.
1960 1355 2054 1412 Sic

467 1468 598 1523 ergo
626 1467 749 1505 cum
783 1460 931 1506 esset
966 1452 1218 1505 columba
1255 1452 1324 1506 iis
1354 1466 1477 1520 qua:
1507 1450 1662 1518 prius
1691 1455 1840 1502 recte
1868 1462 2052 1518 gesse-

468 1555 574 1605 rat,
608 1543 965 1597 nihilominus
995 1558 1114 1597 eam
1145 1559 1339 1597 rursus
1378 1543 1532 1611 jubet
1562 1540 1680 1595 ﬁeri
1714 1539 2048 1604 columbam,

468 1652 566 1706 per
599 1636 1142 1690 transformationem
1179 1635 1233 1688 in
1278 1634 1327 1688 id
1362 1634 1511 1702 quod
1555 1641 1640 1688 est
1689 1633 1886 1687 melius
1920 1650 1934 1686 :
1973 1632 2053 1684 ait

467 1726 614 1780 enim
649 1744 662 1780 :
707 1725 863 1792 Veni,
897 1735 953 1780 tu
1003 1725 1120 1796 ipsa
1159 1727 1412 1780 columba
1445 1739 1587 1788 "tea,
1620 1739 1732 1779 non
1768 1723 1880 1793 jam
1933 1737 2051 1775 am-

1793 315 2142 377 PROCOPII
2181 313 2426 378 GAZ/El

3593 309 3722 378 1608

2243 423 2676 492 Ἂπολιναρίου.
2705 451 2766 461 -
2803 423 2872 474 Ἦ
2904 421 2997 475 καὶ
3030 419 3310 492 τείχισμα,
3345 421 3436 476 τδν
3462 423 3609 486 ἐντὸς
3637 428 3727 479 ἀν..

2155 515 2376 588 θρωπον
2401 531 2416 545 ο
2449 513 2818 586 προτείχισμα
2869 511 2927 564 δέ
2985 512 3077 564 τὸν
3105 511 3282 576 ἐκτὸς,
3326 512 3464 584 ὅπερ
3503 513 3726 580 Ἀκύλας

2155 608 2216 660 ἐν
2242 605 2586 676 ἀποκρύφοις
2618 603 2916 656 ἐκδέδωκεν
2939 621 2952 634 ο
2987 604 3047 656 ἐν
3083 594 3128 669 ᾧ
3154 604 3246 656 καὶ
3273 603 3369 665 τάς
3398 603 3560 674 εὐχάς
3592 606 3732 678 ἐνερ-

2155 697 2369 766 γεῖσθαι
2402 696 2618 750 κελεύει
2644 693 2901 766 Χριστός.

2227 809 2580 877 Γρηγορίω).
2624 837 2696 847 -
2725 805 2863 859 Οὔτε
2914 807 3012 876 τῆς
3065 809 3322 874 τοιαύτης
3372 807 3732 872 ἀναστάσεως,

2151 904 2276 956 οὔτε
2307 903 2400 957 τοῦ
2443 905 2690 956 τοιούτου
2732 902 2936 973 δρόμου
2964 903 3136 971 πέρας
3175 904 3320 954 ἐστίν
3353 919 3366 931 ’
3413 903 3500 956 άεί
3545 921 3602 955 τε
3631 903 3734 974 γὰρ

2155 995 2477 1049 ἀνίστασθαι
2516 995 2644 1065 χρὴ,
2672 995 2768 1047 καὶ
2834 994 3105 1065 μηδέποτε
3160 994 3239 1064 τῷ
3285 993 3406 1065 Θεῷ
3454 995 3736 1062 προσεγγίι

2156 1085 2346 1146 ζοντας
2389 1083 2683 1137 παύεσθαι.
2731 1084 2957 1147 Ὁσάκις
2996 1079 3090 1137 οὖν
3121 1083 3271 1151 λέγει
3307 1083 3390 1136 τό*
3425 1083 3737 1151 Ἀνάστηθι

2155 1176 2253 1228 καὶ
2285 1175 2450 1242 ἐλθὲ,
2484 1177 2814 1238 τοσαυτάκις
2841 1178 2941 1247 τῆς
2975 1176 3112 1246 πρὸς
3137 1175 3195 1228 τὺ
3222 1178 3474 1246 κρεῖττον
3504 1177 3734 1230 ἀναστά-

2156 1283 2294 1330 σεως
2328 1267 2427 1337 τὴν
2467 1266 2698 1336 δύναμιν
2753 1266 3000 1320 δίδωσινο
3048 1266 3124 1330 ὡς
3172 1267 3238 1320 ἐκ
3292 1267 3462 1337 καλῆς
3489 1268 3735 1336 γενέσθαι

2155 1358 2345 1428 καλὴν,
2397 1359 2491 1412 καὶ
2541 1359 2684 1412 κατά
2720 1357 2813 1412 τὸν
2854 1359 3179 1413 Ἀπόστολον
3203 1359 3302 1431 τὴν
3348 1360 3517 1426 αὐτὴν
3558 1361 3736 1415 εικόνα

2155 1451 2264 1504 ἀπὸ
2291 1451 2448 1522 δόξης
2494 1452 2574 1512 είς
2624 1450 2784 1517 δόξαν
2813 1451 3293 1521 μεταμορφοῦσθαι
3320 1468 3333 1481 ’
3379 1451 3522 1505 οὕτω
3567 1453 3736 1505 τοίνυν

2154 1544 2491 1614 περιστερὰν
2518 1539 2684 1598 οὖσαν
2719 1545 2781 1597 ἐν·
2811 1547 2923 1608 τοῖς
2972 1544 3538 1615 προκατορθωμένοις,
3591 1544 3736 1596 οὐδὲν

2155 1633 2320 1708 ἦττον
2374 1637 2701 1708 περιστεράν
2764 1636 2931 1706 αὐτὴν
2985 1637 3146 1690 πάλιν
3203 1638 3292 1691 διὰ
3350 1636 3450 1706 τῆς
3505 1637 3640 1704 πρὸς
3678 1637 3736 1690 τό

2157 1732 2408 1800 κρεῖττον
2485 1729 2966 1800 μεταμορφώσεως
3023 1728 3278 1796 γενέσθαι
3324 1727 3730 1782 διακελεύεται·

469 1819 614 1888 plins
658 1818 723 1872 ad
776 1819 1110 1873 trahentium
1166 1820 1412 1872 studium
1454 1817 1744 1883 intuendo,
1779 1815 1872 1872 sed
1917 1831 2046 1883 pro-

2161 1798 2303 1889 λέγει
2349 1798 2494 1890 γάρς
2534 1798 2936 1891 δεῦροῖσεαυτῇ
2986 1821 3286 1891 περιστερά
3331 1837 3452 1889 μου,
3493 1818 3736 1872 τοὺτέστι

471 1911 648 1978 prium
682 1909 1012 1964 desiderium
1057 1910 1123 1964 ad
1163 1909 1216 1964 id
1268 1909 1413 1979 quod
1452 1909 1650 1964 melius
1705 1918 1790 1964 est
1851 1907 2046 1962 ducem

470 2001 744 2056 habendo.
773 2001 904 2055 Veni
937 2000 1104 2065 enini,
1140 2001 1339 2070 inquit,
1379 2015 1475 2068 per
1522 1999 1873 2069 temetipsum
1917 2012 2048 2066 pro-

469 2094 608 2162 priis
647 2093 1079 2162 cogitationibus
1110 2091 1445 2146 conﬁrmans
1494 2091 1850 2160 cupiditatem
1893 2089 1962 2143 ad
1995 2087 2049 2142 id

470 2185 615 2255 quod
662 2191 747 2239 est
789 2184 1104 2248 honestum,
1137 2201 1245 2238 non
1276 2183 1513 2238 ducente
1552 2183 1905 2236 necessitate.
1945 2180 2050 2232 Do-

473 2277 626 2330 mino
680 2277 825 2330 enim
859 2284 1011 2329 caret
1047 2277 1222 2329 virtus
1253 2286 1308 2330 et
1358 2285 1443 2330 est
1480 2273 1786 2329 voluntaria
1819 2311 1834 2336 ,
1881 2282 1935 2326 et
1981 2271 2052 2324 ab

470 2369 621 2422 omni
653 2369 984 2422 necessitate
1020 2367 1191 2422 libera
1222 2387 1235 2423 :
1271 2369 1375 2423 etsi
1413 2369 1467 2422 in
1512 2369 1630 2437 lege
1659 2365 1811 2420 fuisti
1838 2363 2052 2419 exereio

470 2469 607 2527 tata,
633 2475 666 2514 ο
698 2461 900 2524 anima,
936 2470 990 2514 et
1037 2475 1136 2530 per
1171 2458 1443 2515 fenestras
1469 2459 1825 2528 propheticas
1864 2456 2050 2523 splen-

471 2552 635 2606 dores
670 2551 956 2618 aSpexisti,
1011 2567 1080 2606 ne
1131 2567 1352 2606 maneas
1406 2552 1644 2622 amplius
1699 2550 1803 2604 sub
1856 2549 2051 2602 umbra

472 2643 614 2696 muri
649 2642 860 2712 legalis,
895 2643 989 2696 sed
1040 2641 1108 2696 ad
1145 2651 1378 2713 petram,
1433 2643 1485 2696 id
1533 2650 1619 2696 est
1672 2639 2050 2710 Evangelium,

471 2733 540 2786 ab
579 2731 682 2785 hoc
717 2729 915 2786 transi.
951 2729 1112 2786 Petra
1147 2731 1293 2786 enim
1335 2730 1643 2801 pr0pinqua
1678 2738 1764 2784 est
1799 2736 2053 2781 antemu-

473 2824 598 2888 rali,
633 2823 1073 2893 quandoquidem
1107 2825 1192 2878 lex
1226 2823 1328 2876 fuit
1357 2822 1700 2877 antemurale
1733 2821 1854 2874 lidei
1890 2835 2053 2874 evan-

473 2916 661 2981 gelicze
697 2921 750 2968 et
783 2915 889 2968 sibi
928 2913 1072 2968 inter
1113 2928 1172 2968 se
1217 2913 1497 2967 cohaerent
1555 2912 1806 2979 dogmata
1839 2919 1898 2963 ιιι
1932 2923 2056 2978 quae

473 3007 675 3060 virtute
711 3012 842 3059 sunt
893 3006 1251 3075 propinqua:
1305 3005 1407 3058 nisi
1457 3005 1602 3074 quod
1645 3011 1795 3071 petra
1830 3001 2052 3071 quidem

475 3106 561 3154 est
614 3097 901 3167 spiritalis,
952 3111 1143 3150 murus
1177 3104 1359 3150 autem
1405 3102 1489 3149 est
1545 3102 1846 3148 terrenus:
1902 3101 2054 3161 petra

475 3197 657 3242 autem
702 3187 1014 3258 evangelica
1061 3202 1168 3240 non
1214 3186 1378 3240 habet
1430 3185 1656 3238 carnale
1708 3183 1882 3237 lutum
1925 3198 2052 3238 sen-
2089 3155 2126 3204 δ

475 3279 793 3342 tentiarum,
823 3286 875 3333 et
920 3279 1078 3347 juxta
1107 3277 1417 3348 apostolum
1451 3275 1534 3331 les
1588 3284 1674 3331 est
1721 3275 2052 3345 spiritualis,

477 3385 603 3423 nam
641 3371 733 3440 qui
765 3370 844 3424 sic
870 3369 1044 3440 legem
1071 3369 1306 3436 excepit,
1328 3367 1683 3436 spiritualiter
1715 3367 1819 3421 sub
1843 3375 2054 3436 tegmen

476 3469 647 3530 petra-
738 3459 1078 3530 Evangelicze
1141 3459 1403 3528 recipitur
1459 3473 1581 3528 quae
1663 3463 1749 3512 est
1809 3456 2055 3526 proxima

477 3563 752 3620 corporali
786 3550 1219 3621 propugnaculo.
1248 3547 1385 3604 Cum
1417 3546 1656 3602 Verbum
1687 3548 1768 3601 sic
1795 3546 1844 3601 ei
1873 3547 2054 3600 accla-

479 3651 688 3698 masset
717 3658 812 3713 per
841 3641 1112 3697 fenestras
1145 3639 1441 3710 respondet
1465 3639 1718 3694 columba
1764 3639 2057 3708 splendore

480 3733 966 3803 intelligentiarum
1009 3732 1336 3798 illuminata,
1384 3739 1438 3786 et
1467 3739 1678 3801 petram
1723 3731 2055 3801 intelligens,

479 3841 602 3896 qtnc
626 3834 708 3880 est
737 3824 1018 3886 Christus,
1048 3826 1122 3877 ait
1154 3842 1166 3877 :
1209 3822 1438 3879 Ostende
1468 3823 1598 3876 mihi
1654 3822 1848 3892 faciem
1888 3831 2056 3887 tuam,

479 3931 592 3970 non
620 3915 857 3986 amplius
891 3931 984 3984 per
1034 3919 1256 3984 antiqua
1305 3915 1596 3987 aenigmata
1637 3915 1897 3983 loquens;
1959 3914 2056 3968 sed

479 4019 540 4062 ut
571 4024 794 4080 possum
833 4008 1042 4074 videre,
1081 4010 1155 4062 ita
1205 4009 1436 4077 teipsum
1475 4007 1607 4061 mihi
1651 4014 1838 4076 apeite
1874 4013 2056 4060 osten«

477 4101 566 4164 de,
625 4111 685 4156 ut
727 4101 832 4158 sim
879 4102 1022 4155 intra
1058 4109 1110 4155 te
1143 4109 1354 4168 petram
1408 4099 1815 4168 Evangelieam,
1867 4091 2058 4151 relicto

480 4194 618 4263 legis
652 4195 1012 4258 antemurali;
1064 4193 1110 4246 si
1151 4193 1298 4246 enim
1343 4205 1446 4246 vox
1470 4205 1592 4258 quae.
1632 4190 1906 4244 emittitur
1961 4203 2058 4258 per

481 4284 748 4338 fenestras
777 4293 864 4338 est
886 4283 1020 4337 adeo
1049 4281 1299 4336 amabilis
1329 4320 1345 4346 ,
1388 4289 1596 4349 quanto
1633 4279 1806 4350 magis
1833 4293 1898 4334 ea
1931 4292 2052 4348 quae

483 4373 541 4427 ﬁt
578 4374 713 4427 facie
743 4373 808 4426 ad
840 4372 1066 4427 faciem?

2163 1911 2361 1983 μηκέτι
2391 1909 2526 1981 πρὸς
2551 1910 2646 1980 τὴν
2672 1909 2780 1963 τῶν
2817 1909 3208 1980 ἐφελκομένων
3238 1909 3454 1979 βλέπειν
3485 1907 3736 1976 σπουδὴν,

2158 2004 2273 2056 ἀλλ’
2311 2003 2504 2071 ὁδηγὸν
2556 2004 2692 2071 πρὸς
2730 2003 2790 2055 τὸ
2841 2004 3090 2072 κρεῖττον
3137 2002 3236 2070 τὴν
3283 2002 3414 2054 ίδίαν
3449 1998 3738 2068 ἐπιθυμίαν

2158 2095 2300 2165 ἔχειν
2327 2109 2342 2126 ο
2371 2093 2531 2163 δεῦρο
2559 2093 2688 2164 γὰρ,
2722 2092 2876 2164 φησὶ,
2909 2095 3108 2163 σεαυτῇ
3146 2093 3258 2154 τοῖς
3297 2091 3443 2154 ἰδίοις
3471 2089 3740 2160 λογισμοῖς

2156 2185 2256 2254 τὴν
2303 2184 2438 2254 πρὸς
2498 2183 2560 2235 τὸ
2610 2181 2774 2236 καλὸν
2835 2182 3146 2250 προθυμίαν
3196 2181 3588 2252 ἐπιρῤὡσασαο
3644 2183 3740 2233 οὐκ

2159 2277 2408 2346 ἀνάγκης
2461 2275 2926 2346 καθηγουμένης·
2978 2275 3277 2330 ἀδέσποτον
3324 2273 3434 2344 γὰρ
3496 2275 3532 2343 ἡ
3577 2273 3740 2344 ἁρετὴ

2159 2369 2251 2421 καὶ
2280 2367 2546 2432 ἑκούσιον,
2579 2368 2674 2420 καὶ
2708 2368 2954 2436 ἀνάγκης
2997 2367 3178 2436 πάσης
3209 2366 3490 2438 ἐλεύθερον
3512 2382 3526 2396 ·
3570 2368 3659 2418 καὶ
3695 2368 3741 2418 εἰ

2162 2457 2533 2528 ἐγυμνάσθης,
2569 2452 2613 2510 ὦ
2644 2456 2815 2527 ψυχὴ,
2847 2457 2924 2528 τῷ
2949 2458 3117 2529 νόμῳ,
3143 2459 3194 2510 εί
3230 2457 3326 2519 τὰς
3346 2457 3435 2510 διὰ
3467 2455 3580 2509 τῶν
3613 2473 3741 2526 προ-

2161 2545 2407 2618 φητικῶν
2433 2547 2666 2616 θυρίδων
2691 2547 2863 2615 αὐγὰς
2893 2550 2956 2619 τῇ
2983 2548 3193 2620 διανοίᾳ
3221 2547 3498 2613 τεθέασαι,
3548 2548 3739 2616 μηκέτι

2161 2637 2266 2689 ὑπὸ
2304 2637 2400 2708 τὴν
2423 2637 2518 2690 τοῦ
2547 2638 2770 2708 νομικοῦ
2805 2638 2989 2709 τοίχου
3033 2638 3192 2692 σκιὰν
3225 2639 3354 2709 μένε
3382 2655 3395 2668 ·
3429 2640 3523 2692 ἐπὶ
3566 2640 3622 2692 δὲ
3646 2639 3740 2708 τὴν

2163 2731 2392 2800 πέτραν,
2450 2731 2575 2800 ἥτις
2619 2732 2738 2784 ἐστὶ
2784 2732 2844 2783 τὸ
2877 2732 3232 2798 Εὐαγγέλιον.
3274 2732 3382 2784 ἀπὸ
3424 2731 3616 2785 τούτου
3648 2748 3740 2801 με·

2161 2821 2394 2890 τάθηθιο
2443 2821 2627 2894 ἔχεται
2672 2823 2780 2894 γὰρ
2821 2824 2854 2890 ἡ
2893 2823 3067 2894 πέτρα
3109 2823 3203 2876 τοῦ
3245 2823 3738 2894 προτειχίσματος’

2164 2909 2351 2980 ἐπειδὴ
2400 2911 2500 2980 τῆς
2547 2912 2910 2983 εὐαγγελικῆς
2965 2913 3200 2975 πίστεως
3245 2916 3272 2966 ὁ
3309 2914 3472 2982 νόμος
3525 2912 3744 2984 προτεί-

2164 3017 2338 3070 χισμα
2367 3003 2577 3069 γέγονε,
2602 3004 2695 3056 καὶ
2731 3003 2914 3074 ἔχεται
2953 3005 3201 3075 ἀλλήλων
3229 3007 3296 3060 τὰ
3331 3007 3579 3076 δόγματα
3606 3023 3744 3072 γειτ-

2163 3092 2363 3144 νιῶντα
2395 3093 2537 3146 κατὰ
2563 3094 2661 3163 τὴν
2689 3093 2919 3166 δύναμιν
2947 3111 2961 3126 ·
2998 3095 3136 3167 πλὴν
3163 3097 3244 3149 ὅτι
3279 3097 3626 3167 πνευματικὴ
3651 3095 3744 3164 μὲν

2164 3186 2196 3254 ὴ
2230 3184 2425 3254 πέτρα,
2463 3184 2645 3255 χοῖκὸς
2672 3185 2730 3238 δὲ
2761 3188 2788 3238 ὁ
2821 3187 2998 3256 τεῖχος
3019 3179 3062 3254 ᾧ
3094 3187 3520 3256 συμπέπλασται
3554 3187 3614 3240 τὸ
3643 3205 3742 3240 σω·
3797 3201 3808 3207 ’

2167 3275 2396 3343 ματικὸν
2439 3278 2534 3328 καὶ
2583 3276 2784 3344 γεῶδες
2812 3293 2826 3307 ⁸
2883 3281 2916 3347 ἡ
2967 3277 3022 3330 δὲ
3067 3279 3398 3349 εὐαγγελικὴ
3442 3279 3643 3351 πέτρα,
3690 3279 3746 3330 τὸ

2163 3366 2442 3437 σαρκῶδες
2476 3369 2584 3421 τῶν
2614 3372 2904 3440 νοημάτων
2939 3371 3112 3440 πηλὸν
3141 3372 3241 3425 οὐκ
3270 3371 3385 3442 έχει
3415 3387 3430 3402 ο
3484 3376 3581 3425 καὶ
3611 3371 3747 3425 κατὰ

2161 3459 2254 3512 τὸν
2289 3459 2587 3514 ἀπόστολον
2617 3460 2854 3526 Παῦλον.
2905 3464 2934 3517 ό
2962 3463 3127 3533 νόμος
3169 3463 3534 3536 πνευματικός
3568 3467 3710 3517 ἐστιν
3732 3481 3744 3493 ’

2161 3551 2190 3603 ὁ
2229 3550 2338 3621 γὰρ
2363 3549 2534 3615 οὕτως
2583 3553 2945 3622 ἐκλαμϐάνων
2991 3555 3084 3608 τὸν
3129 3557 3291 3626 νόμον
3340 3555 3746 3627 πνευματικῶς.

2166 3637 2271 3690 ὑπὸ
2299 3639 2400 3709 τὴν
2456 3641 2668 3709 σκέπην
2724 3643 2822 3713 τῆς
2856 3643 3224 3713 εὐαγγελικῆς
3253 3645 3464 3714 γίνεται
3519 3647 3744 3715 πέτρας.

2148 3731 2265 3798 -τὴν
2291 3731 2559 3801 ἐχομένην
2591 3731 2685 3786 τοῦ
2716 3736 3034 3804 σωματικοῦ
3075 3738 3560 3808 προτειχίσματος.
3608 3739 3747 3791 Ταῦ-

2165 3839 2234 3874 τα
2269 3822 2356 3876 διὰ
2381 3821 2487 3876 τῶν
2515 3822 2750 3896 θυρίδων
2775 3827 2867 3880 τοῦ
2898 3827 3056 3896 λόγου
3091 3828 3485 3900 ἐμϐοήσαντος,
3520 3831 3750 3900 ἀποκρί-

2167 3930 2316 3966 νεται
2365 3915 2398 3984 ἡ
2456 3915 2758 3986 περιστερὰ
2814 3919 2846 3988 ὴ
2886 3919 3328 3989 περιλαμφθείσα
3367 3921 3454 3975 διὰ
3507 3922 3611 3993 τῆς
3643 3923 3747 3975 τῶν

2165 4005 2452 4075 νοημάτων
2485 4006 2682 4076 αὐγῆς,
2716 4010 2808 4060 καὶ
2835 4009 2932 4080 τὴν
2963 4011 3169 4080 πέτραν
3204 4015 3444 4077 νοήσασα
3483 4013 3580 4068 τὸν
3614 4015 3655 4067 Χ
3667 4032 3744 4084 ρι-

2169 4097 2314 4158 στὸν,
2347 4097 2441 4150 καί
2469 4115 2600 4166 φησι
2621 4113 2636 4127 ·
2667 4099 2876 4163 Δεῖξόν
2907 4119 3010 4170 μοι
3036 4103 3148 4170 τὴν
3180 4103 3326 4171 ὄψιν
3350 4121 3466 4158 σου
3491 4121 3506 4135 ο
3551 4107 3744 4178 μηκέτι

2165 4189 2254 4241 διὰ
2297 4188 2405 4241 τῶν
2455 4189 2702 4243 παλαιῶν
2743 4194 3080 4263 αἰνιγμάτων
3121 4195 3530 4266 διαλεγόμενος·
3586 4197 3656 4259 ὡς
3689 4197 3744 4248 δὲ

2170 4277 2302 4331 ἰδεῖν
2334 4278 2595 4349 δύναμαι,
2638 4279 2808 4348 δεῖξόν
2859 4300 2948 4354 μοι
3007 4285 3204 4338 σαυτὸν
3251 4287 3510 4358 ἐμφανῶς
3557 4288 3633 4351 ὠς
3679 4288 3741 4342 ἂν

2168 4371 2319 4432 ἐντός
2348 4389 2443 4424 σου
2477 4372 2722 4442 γένωμαι
2755 4375 2854 4446 τῆς
2893 4377 3257 4450 εὐαγγελικῆς
3297 4379 3524 4448 πέτρας,
3571 4397 3740 4434 κατα-

480 4467 717 4522 λιποῦσα
748 4467 812 4521 τὸ
832 4468 926 4521 τοῦ
953 4469 1121 4540 νόμου
1150 4466 1517 4539 προτείχισμα
1541 4480 1555 4496 ο
1583 4465 1632 4517 εί
1660 4466 1765 4536 γὰρ
1795 4465 1940 4537 sata
1961 4463 2068 4518 τῶν
2109 4465 2338 4537 θυρίδων
2370 4467 2522 4539 φωνὴ
2549 4465 2720 4532 οὕτως
2749 4471 2898 4524 ἐστὶν
2930 4473 3189 4543 ἐρασμία,
3265 4474 3417 4539 πόσῳ
3475 4475 3675 4544 μᾶλλον
3707 4477 3738 4545 ἡ

481 4559 622 4612 κατὰ
653 4561 939 4631 πρόσωπον
965 4577 980 4626 ;

557 4675 694 4736 Nili.
721 4709 793 4718 —
823 4679 880 4733 in
914 4679 1350 4751 praecedentibus
1401 4687 1574 4753 ipsam
1623 4685 1870 4740 excitans
1925 4685 2056 4740 licet

2231 4685 2473 4738 Νείλου.
2507 4714 2576 4724 --
2618 4684 2706 4736 Ἐν
2747 4687 2863 4748 τοῖς
2908 4684 3016 4754 πρὸ
3057 4685 3262 4738 τούτων
3308 4688 3620 4758 ἀναστήσας
3645 4689 3744 4740 αὑ-

483 4786 593 4825 non
621 4772 1012 4841 signiﬁcaverit
1063 4773 1265 4844 locum,
1324 4773 1393 4829 ad
1447 4791 1606 4846 quem
1669 4777 1842 4848 ipsam
1874 4779 2060 4833 venire

479 4863 648 4932 ju1sit
683 4880 696 4916 :
736 4879 882 4918 nunc
926 4879 1143 4918 rursum
1195 4876 1353 4921 vocat
1409 4868 1583 4938 ipsam
1633 4869 1821 4935 etiam,
1879 4869 2060 4925 locum

485 4953 821 5008 declarans:
887 4970 1010 5009 eum
1077 4957 1224 5010 enim
1297 4967 1517 5029 rogaret
1575 4958 1849 5027 Sponsum
1895 4977 1909 5014 :
1964 4959 2066 5014 Ubi

484 5045 678 5114 pascis,
705 5045 794 5098 ubi
834 5046 1043 5103 cubas?
1074 5057 1204 5102 tunc
1233 5064 1340 5104 non
1383 5051 1668 5121 respondit
1707 5067 1720 5102 :
1779 5065 1929 5105 nunc
1960 5065 2062 5105 no-

487 5147 603 5190 tum
647 5137 762 5206 ipsa
796 5135 926 5191 facit
959 5137 1135 5192 locum
1180 5155 1415 5209 pascum,
1466 5157 1534 5197 ne
1583 5141 1726 5212 quod
1778 5143 1895 5212 ipsa
1925 5143 2065 5198 dixit

490 5227 646 5281 ﬁeret
697 5227 858 5297 quasi
920 5227 1260 5285 circumdata
1317 5232 1370 5286 in
1423 5233 1684 5303 gregibus
1737 5232 2060 5290 sodalium:

495 5316 649 5384 Veni,
686 5319 897 5384 dicens,
936 5320 986 5373 in
1043 5328 1358 5389 tegumento
1389 5334 1576 5392 petrae,
1606 5321 1750 5392 quod
1787 5322 2062 5390 signiﬁcat

489 5408 791 5473 Christum,
823 5410 877 5464 in
909 5426 1015 5481 qtta
1049 5412 1338 5481 vestigium
1365 5413 1586 5466 malitia:
1618 5406 1846 5482 serpens
1879 5413 2061 5468 facere
2091 5399 2093 5402 ’

490 5514 597 5555 non
626 5509 824 5570 potest,
855 5510 916 5556 ut
953 5503 1007 5557 in
1042 5512 1356 5574 legumento
1392 5503 1555 5574 hujus
1587 5515 1752 5573 petrae
1791 5513 2059 5574 protecta,

487 5592 699 5648 nullum
753 5593 873 5664 ipso
918 5595 1098 5664 capiat
1148 5594 1203 5648 in
1263 5607 1449 5650 mente
1496 5595 1782 5664 vestigium
1843 5595 2062 5651 malitia:

488 5686 750 5739 virtutum
787 5687 1227 5742 adversariorum
1259 5707 1272 5741 :
1312 5688 1406 5744 sed
1441 5697 1496 5742 et
1538 5687 1694 5755 juxta
1746 5689 2061 5756 promurale

489 5775 663 5848 ipsam
707 5785 884 5846 vocat,
918 5779 990 5833 ibi
1018 5779 1210 5836 audire
1235 5781 1427 5837 volens
1457 5779 1670 5834 dulcem
1702 5776 1824 5846 ejus
1843 5791 2055 5846 vocem,

2161 4778 2282 4848 τὴν,
2317 4777 2438 4828 ἐπεὶ
2473 4775 2548 4846 μὴ
2582 4777 2827 4846 ἐσήμανε
2879 4778 3042 4831 τόπον
3075 4777 3206 4832 ἔνθα
3235 4780 3391 4850 ἥκειν
3425 4779 3594 4850 αὐτὴν
3622 4780 3744 4832 ἐκέ-

2165 4869 2349 4933 λευσε,
2381 4867 2476 4920 νῦν
2510 4867 2676 4921 πάλιν
2709 4869 2866 4921 καλεί
2890 4869 3060 4940 αὐτὴν
3103 4871 3197 4922 καὶ
3226 4871 3316 4923 τὸν
3339 4870 3501 4924 τόπον
3531 4871 3739 4942 δηλῶν

2168 4961 2292 5014 ἐπεὶ
2325 4960 2434 5030 γὰρ
2465 4957 2532 5030 ἦν
2557 4960 2885 5031 ἐρωτήσασα
2915 4961 3006 5014 τὸν
3043 4963 3315 5033 Νυμφίον,
3351 4963 3475 5018 Ποῦ
3513 4965 3746 5033 ποιμαί-

2170 5070 2319 5118 νεις,
2357 5051 2477 5104 ποῦ
2510 5049 2812 5118 κοιτὰζεις,
2845 5054 2937 5106 καὶ
2959 5054 3059 5106 οὐκ
3089 5055 3421 5125 ἀπεκρίνατο
3460 5055 3601 5117 τότε.
3652 5054 3746 5108 νῦν

2169 5143 2428 5214 γνωρίζει
2459 5143 2550 5195 τὸν
2578 5143 2741 5196 τόπον
2771 5144 2909 5215 αὐτῇ
2937 5145 3034 5214 τῆς
3073 5147 3244 5215 νομῆς
3268 5162 3282 5177 ·
3318 5146 3405 5199 ἵνα
3441 5147 3577 5218 ὅπερ
3606 5146 3748 5199 ἐκεί-

2170 5251 2235 5304 νη
2293 5232 2447 5300 έ).εγε
2494 5233 2723 5302 γένηται
2769 5233 2845 5297 ὼς
2888 5234 3327 5304 περιϐαλλομένη
3384 5233 3472 5287 ἐπ’
3525 5235 3746 5302 ἀγέλαις

2172 5327 2437 5398 ἑταίρων
2489 5326 2640 5378 Ἐλθέ
2668 5327 2844 5394 λέγων
2891 5329 2980 5379 ἐπὶ
3026 5328 3202 5398 σκέπῃ
3242 5328 3344 5397 τῆς
3391 5327 3594 5398 πέτρας
3649 5327 3746 5394 τῆς

2171 5416 2549 5488 σημαινούσης
2605 5418 2874 5486 Χριστόν·
2929 5419 3015 5488 ἐφ’
3045 5416 3112 5491 ἧς
3157 5421 3298 5490 ίχνος
3329 5421 3522 5484 κακίας
3569 5421 3596 5472 ὁ
3628 5420 3747 5486 Egi;

2165 5508 2393 5578 ποιῆσαι
2441 5509 2499 5561 οὑ
2533 5507 2786 5561 δύναται·
2820 5509 2908 5562 ἵνα
2960 5511 3346 5582 σκεπαζομένη
3377 5515 3436 5566 ἐν
3467 5517 3530 5584 τῇ
3569 5513 3744 5582 σκέπῃ

2160 5599 2366 5670 ταύτης
2395 5601 2495 5668 τῆς
2521 5600 2724 5667 πέτρας
2750 5601 2916 5670 μηδὲν
2948 5603 3085 5672 αὐτῇ
3118 5603 3338 5672 δέξηται
3359 5606 3416 5658 ἐν
3437 5603 3513 5674 τῷ
3537 5604 3743 5671 διανοη⁹

2161 5692 2300 5762 τικῴ
2336 5691 2485 5760 παρᾶ
2510 5691 2618 5742 τῶν
2656 5693 3053 5764 ἀντικειμένων
3083 5696 3367 5765 δυνάμεων
3401 5699 3546 5767 ίχνος
3579 5711 3742 5764 πονη-

2162 5784 2278 5853 pia;
2299 5798 2313 5813 ·
2353 5783 2445 5836 καὶ
2481 5783 2716 5852 ἐχόμενα
2743 5784 2798 5837 δέ
2829 5785 2923 5840 τοῦ
2967 5789 3424 5862 προτειχίσματος
3453 5788 3620 5860 αὐτὴν
3646 5803 3746 5840 καί
