2030 3194
174 144 243 179 1609

655 145 922 191 ΟΟΜΜΕΝΤΑΒΠ
940 146 981 177 ΙΝ
991 146 1151 178 CANTICA
1166 148 1312 179 CANTIC.

1739 151 1809 184 1610

171 202 224 233 λεῖ,
241 201 302 227 ἐκεῖ
316 199 477 234 βουλόμενος
503 198 618 225 ἀκοῦσαι
641 198 685 224 διὰ
706 198 756 233 τῆς
773 198 867 233 ἡδείας
882 198 966 233 αὐτῆς

1017 203 1044 226 et
1063 199 1191 228 decoram
1220 201 1280 235 ejus
1306 200 1404 228 faciem
1432 209 1606 237 cognoscere.
1632 204 1689 232 Vox
1717 212 1809 234 aulum

171 247 277 282 φωνῆς,
291 247 340 273 καὶ
355 246 523 280 κατανοῆσαι
537 245 566 271 τὸ
582 245 682 279 ὡραῖον
699 245 785 279 αὐτῆς
800 245 963 280 πρόσωπον.

170 292 252 329 Φωνὴ
269 292 298 319 δὲ
310 291 386 326 ἡδεῑά
403 292 488 323 ἐστιν,
504 290 607 325 ἠθικῶς
623 290 683 325 μὲν,
699 291 794 340 σεμνο.)ἰ
815 290 896 340 λέγοι.
918 288 964 340 καὶ

168 340 253 374 χάριν
269 338 387 369 διδόντες
403 338 460 368 τοῖς
474 336 604 363 ἀκούουσι
616 344 623 350 ”
642 335 815 371 δογματικῶς
829 335 868 368 δὲ,
884 336 901 369 ἡ
916 335 964 361 τοῦ

168 387 200 412 ὲν
216 384 327 419 σταυρῷ
343 383 459 418 βοῶντος
477 381 586 417 λῃστοῦ,
607 391 615 406 ι
630 381 772 415 Μνήσοητί
787 389 847 415 μου,
867 380 964 415 Κύριε,

167 432 235 458 ὅταν
252 431 333 466 ἔλθῃς
349 431 379 456 ἐν
402 429 436 464 τῇ
451 428 581 463 ξβασιλείᾳ
602 436 659 453 σου.
682 436 691 452 ›
714 426 795 452 Ὅθεν
820 426 887 461 πρὸς
916 426 965 460 μὲν

168 481 221 515 τὴν
244 477 411 512 Ἐκκλησίαν
422 477 515 510 φησὶν,
542 475 576 501 Ἡ
590 473 673 508 φωνή
695 481 752 500 σου
769 473 854 505 ἡδεῖα
876 472 965 507 βοῶσα

169 527 214 553 διὰ
237 525 290 560 τῆς
305 524 431 559 ἀπαρχῆς
457 522 504 549 τοῦ
523 522 623 558 λῃστοῦ
646 521 686 554 τὸ,
703 522 877 555 Μνήσθητι·
897 520 967 556 πρὸς

168 572 197 598 δὲ
211 572 263 606 τὴν
272 570 437 604 Συναγωγὴν
451 569 501 604 τὴν
515 569 657 602 λέγουσαν,
672 568 860 602 Σταύρωσον,
873 568 905 602 ἣν
919 566 966 593 καὶ

170 616 257 650 μισεῖ,
281 615 348 650 φησὶ
366 614 411 640 διὰ
433 614 481 640 τοῦ
506 613 663 648 προφήτου⁶
683 612 731 646 ὀψὲ
759 613 849 647 φωνὴν
879 612 966 646 αὐτῆς

166 660 299 692 ὼλόλυξε,
328 669 336 685 ι
350 660 406 686 Καὶ
428 659 529 686 ἔδωκεν
550 659 593 685 ἐπ’
610 659 660 693 ἐμὲ
680 659 729 693 τὴν
753 658 844 693 φωνὴν
868 657 965 693 αὐτῆς,

165 709 214 734 διὰ
254 707 335 734 τοῦτο
370 706 491 740 ἐμίσησα
525 705 626 739 αὐτὴν·
660 714 669 730 ι
710 705 795 738 Ὄψις
820 704 853 730 δέ
881 704 967 730 ἐστιν

165 754 274 788 ὡραία,
291 754 307 788 ἡ
323 754 355 778 ὲκ
378 753 428 787 τῆς
456 752 597 786 εἰρηνικῆς
613 750 808 781 καταστάσεως
832 749 965 784 γαληνιά-

165 801 271 832 ζουσα·
289 799 379 832 Δεῖξὸν
408 806 453 832 μοι
475 798 532 829 οὖν,
562 798 662 831 φησὶν,
679 797 726 831 τὴν
751 797 811 831 ὅφιν
837 806 894 829 σου,
920 797 966 824 καὶ

165 844 317 872 ἀκούτισόν
344 851 378 878 με
395 842 443 878 τὴν
471 842 563 877 φωνήν
589 851 634 868 σου
651 850 657 856 ⁵
685 842 730 867 καὶ
745 842 805 876 ἤθει
823 843 869 867 καὶ
895 842 967 876 λόγῳ

1015 244 1105 272 dulcis
1120 246 1262 274 moraliter
1276 247 1385 281 quidem
1400 252 1465 275 sunt
1484 250 1550 277 serii
1566 258 1709 279 sermones
1721 258 1749 280 et
1760 257 1806 288 qui

1018 291 1133 326 gratiam
1148 292 1270 326 praebent
1293 293 1487 328 audientibus;
1510 295 1663 331 dogmatice
1678 305 1745 326 vero
1757 307 1810 327 vox

1019 336 1137 363 latronis
1148 337 1176 363 in
1189 344 1273 365 cruce
1287 339 1438 368 clamantis
1460 350 1468 369 :
1495 351 1505 367 ‹
1521 341 1656 370 Memento
1673 346 1736 376 mei,
1752 346 1807 373 Do-

1017 381 1100 420 mine,
1110 383 1219 416 quando
1231 385 1376 412 venerisin
1393 394 1506 422 regnum
1518 392 1595 416 tuum
1610 388 1643 416 “.
1661 400 1670 416 ι
1684 390 1762 419 Unde
1777 394 1810 419 ad

1016 428 1167 457 Ecclesiam
1188 429 1297 464 quidem
1322 431 1379 459 ait:
1405 432 1460 459 Vox
1489 438 1536 460 tua
1562 434 1660 469 dulcis,
1689 437 1811 464 clamans

1015 482 1064 508 per
1080 475 1216 510 primitias
1238 476 1354 505 latronis
1370 477 1437 505 illud
1453 478 1586 507 Memento
1599 488 1609 507 :
1625 481 1659 508 ad
1685 481 1808 518 Synago-

1016 528 1076 556 3am
1090 528 1155 548 vero
1170 522 1308 550 dicentem
1323 523 1464 559 Cruciﬁge,
1482 533 1564 560 quam
1584 530 1612 554 et
1625 528 1693 559 odit,
1714 528 1811 557 dicens

1017 574 1066 600 per
1080 567 1240 601 prophetam
1258 577 1265 595 :
1280 575 1343 596 sero
1361 577 1411 597 vox
1425 570 1485 605 ejus
1504 572 1629 605 ululavit,
1655 582 1663 598 r
1686 574 1717 600 Et
1732 574 1809 602 dedit

1016 619 1098 647 super
1113 620 1156 640 me
1169 621 1263 641 vocem
1277 622 1365 649 suam,
1380 615 1441 643 ideo
1464 616 1538 643 odivi
1568 607 1628 645 ἔδει]
1643 618 1676 645 ⁸².
1709 629 1718 645 ι
1752 619 1811 647 Fa-

1016 659 1068 686 cies
1083 664 1170 686 autem
1185 664 1225 686 est
1249 660 1356 693 decora,
1374 669 1436 696 quae
1452 670 1485 689 ex
1509 663 1625 697 paciﬁca
1642 668 1714 692 statu
1732 670 1809 693 tran-

1017 704 1102 738 quillo
1121 704 1230 732 exsistit
1251 704 1392 734 :Ostende
1414 706 1483 734 mihi
1498 716 1573 743 ergo,
1591 709 1691 743 inquit,
1710 711 1807 738 faciem

1019 753 1105 783 tuam,
1118 754 1145 777 et
1156 751 1277 778 auditam
1291 752 1358 779 mihi
1374 752 1418 780 fac
1430 760 1524 781 vocem
1537 759 1625 787 luam,
1640 760 1668 783 et
1685 758 1809 786 moribus

1018 799 1045 822 et
1058 796 1150 824 verbis
1165 797 1197 823 ad
1211 797 1343 832 placitum
1354 805 1445 826 meum
1458 805 1602 835 exornata,
1619 806 1646 828 et
1656 804 1810 837 pulchritu-

1017 840 1108 868 dinem
1126 849 1240 877 operum
1260 848 1288 870 et
1302 851 1396 870 curam
1414 845 1572 880 dogmatum
1592 853 1809 877 consentaneam

166 891 240 925 πρὸς
253 890 324 924 ἐμὴν
342 888 517 923 κοσμουμένη
535 888 692 922 ἀρέσκειαν,
715 888 762 913 καὶ
784 888 880 918 κάλλος
895 888 966 923 πρά-

1017 886 1167 921 exhibens;
1183 888 1206 916 si
1221 888 1284 923 quis
1297 896 1363 917 vero
1379 890 1479 918 dixerit
1501 899 1611 921 murum
1637 894 1736 929 legem,
1759 903 1810 923 an-

167 937 240 968 ξεων
260 935 309 962 καὶ
328 934 488 969 ἐπιμέλειαν
515 934 656 967 δογμάτων
688 933 833 968 σύμφωνον
867 934 967 961 ἐπιδει-

167 982 295 1017 κνυμένη
341 982 365 1007 εἰ
387 980 415 1007 δέ
440 989 481 1011 τις
496 980 559 1015 εἴπῃ
575 981 664 1014 τεῖχος
685 980 731 1005 τὸν
749 981 838 1014 νόμον,
856 980 967 1014 προτεί-

166 1033 261 1063 χισμα
282 1028 329 1053 τὸν
347 1027 461 1061 φυσικὸν
484 1026 542 1061 ὲρεῖ
563 1026 656 1060 νόμον,
678 1022 708 1051 οὗ
724 1026 841 1060 ἐχόμενά
861 1027 934 1052 ἐστιν
950 1026 967 1061 ἡ

167 1075 280 1109 πάτρι’
311 1073 413 1109 μᾶλλον
439 1073 493 1107 γὰρ
518 1072 563 1098 τοῦ
592 1072 674 1107 ῥητοῦ
702 1072 784 1106 νόμου
812 1073 825 1097 ὁ
854 1072 968 1106 φυσικὸς

167 1119 367 1155 πλησιαίτερος
382 1119 429 1151 ὢν,
454 1118 583 1152 τυγχάνει
600 1116 718 1152 Χριστοῦ
733 1125 738 1131 ”
758 1118 786 1142 ἐν
805 1114 826 1150 ᾧ
843 1117 968 1143 πολιτευ-

169 1167 285 1200 σὲμενοι
308 1166 333 1191 οξ
358 1164 429 1198 ἀγίοι
459 1164 647 1198 εὑηρέστησαν
676 1163 714 1198 τῷ
738 1163 813 1198 Θεῷ·
840 1164 969 1197 φυσικαῖς

168 1213 271 1247 ὁρμαῖς
282 1211 402 1245 γνῶντες
416 1210 446 1236 τὸ
460 1210 564 1235 δίκαιον
578 1217 584 1223 '
603 1209 649 1235 καὶ
664 1209 820 1235 διδάσκαλοι
837 1209 891 1234 τῶν
903 1209 970 1235 καθ-

170 1256 295 1291 ηκόντων
322 1256 401 1282 αὐτοὶ
426 1255 532 1286 ἑαυτοῖς
567 1254 709 1289 γενόμενοι
727 1262 734 1269 °
757 1255 805 1280 καὶ
824 1255 837 1280 ὁ
864 1254 970 1286 Παῦλος

172 1302 285 1337 δέφησι,
303 1312 312 1328 ι
329 1302 421 1337 Νόμος
433 1302 460 1328 δὲ
477 1301 655 1336 παρεισῆλθε,
674 1311 681 1326 ι
706 1300 755 1335 τὴν
786 1301 903 1335 ἀρχαίαν
921 1301 970 1328 καὶ

177 1348 223 1382 τὴν
242 1348 362 1383 ὑστάτην
397 1347 463 1382 μίαν
489 1345 572 1373 οὖσαν
600 1346 790 1381 μεσολαϐήσας
817 1346 967 1373 πολιτείαν.

216 1393 392 1427 Ὡριτένους.
405 1408 437 1413 -
451 1392 581 1418 Βούλεται
598 1392 646 1427 τὴν
662 1392 759 1426 ψυχὴν,
776 1401 802 1418 κ.
816 1401 840 1417 τ.
856 1392 880 1418 λ.
898 1390 969 1426 (59).

206 1441 246 1465 ιε’.
276 1438 410 1464 Πιάσατε
438 1438 511 1472 ἡμῖν
538 1437 697 1468 ἀλώπεκας
720 1437 845 1470 μικροὺς
862 1437 969 1471 ἀφανί-

170 1483 276 1516 ζοντας
303 1482 484 1517 ἀμπελῶνας
502 1491 508 1497 ·
540 1482 589 1509 καὶ
614 1483 640 1508 οὶ
670 1482 796 1516 ἄμπελοι
822 1482 970 1516 ᾐμῶνκυ-

168 1529 338 1563 πρίζουσιν.

201 1574 385 1608 Γρηγοριου,
415 1589 449 1594 -
467 1574 507 1601 Τὰ
525 1575 762 1610 προγεγραμμένα
785 1575 832 1610 τῆς
848 1575 966 1610 Νύμφης

165 1621 313 1655 εἰπούσης,
334 1620 383 1646 καὶ
399 1620 448 1655 τῆς
475 1620 560 1655 εὐχῆς
577 1622 663 1656 αὐτῆς
681 1621 747 1655 πρὸς
765 1621 810 1646 τὸν
838 1620 965 1655 Νυμφίον

163 1665 416 1699 κατευοξωθείσης.
432 1665 545 1691 Μέλλων
564 1666 644 1697 αὐτὸς
659 1666 754 1692 ἑαυτὸν
769 1667 876 1701 ἐμφανῆ
900 1666 967 1693 καθ-

166 1712 261 1747 ιστᾷν,
295 1711 404 1746 πρῶτον
418 1712 481 1742 τοὺς
496 1711 630 1746 θηρευτὰς
651 1713 793 1747 παρορμᾷ,
810 1712 864 1737 εἴτε
882 1714 966 1746 ἀγγε-

164 1756 251 1789 λικάς
265 1765 343 1788 τινας
359 1757 497 1791 δυνάμεις,
515 1758 569 1783 εἴτε
586 1758 632 1783 καὶ
647 1757 824 1789 ἀποστόλους,
836 1758 902 1792 πρὸς
917 1757 967 1793 τὴν

163 1803 223 1829 τῶν
247 1802 400 1828 ἀλωπέκων
416 1801 515 1837 ἄγραν,
542 1802 572 1827 αϊ
594 1802 666 1832 τινες
693 1803 762 1827 εἰσιν
782 1801 968 1828 ἁποστοιτικαὶ

163 1846 312 1881 δυνάμεις,
327 1846 370 1872 διὰ
383 1846 413 1872 τὸ
424 1846 532 1881 δολερὸν
547 1846 617 1872 οὕτω
639 1847 882 1881 κατονομασῡεῐσαι
894 1855 900 1861 “
921 1855 966 1882 μι-

164 1893 256 1927 ἱεροὺς
282 1892 333 1928 μὲν
353 1892 434 1923 ὄντας
451 1893 500 1926 ἢδη
523 1894 555 1927 τῇ
571 1893 684 1927 δυνάμει
706 1893 756 1926 τῆς
784 1893 895 1928 χάριτος
919 1892 967 1919 τοῦ

166 1937 303 1971 Χριστοῦ,
321 1937 515 1971 ἀφανιστικοὺς
534 1937 562 1963 δὲ
580 1937 634 1962 τῶν
647 1937 819 1971 ἀμπελώνων
833 1938 968 1973 ὑπάρχονο

170 1991 216 2014 τις
228 1990 236 1997 ·
252 1982 292 2013 ὡς
309 1982 409 2017 μηκέτι
421 1982 467 2008 τὸν
492 1981 642 2016 ἀμπελῶνα
657 1982 706 2016 τὴν
724 1981 899 2017 ἀνθρωπίνην
916 1981 967 2015 φύ-

169 2037 210 2054 σιν
221 2027 260 2054 δι’
286 2027 377 2054 αὐτῶν
396 2027 465 2062 πρὸς
488 2027 646 2062 κυπρισμὸν
671 2027 719 2053 καὶ
741 2027 863 2062 βοτρύων
881 2026 968 2062 φορὰν

165 2071 377 2107 ἐμποδίζεσθαι,
394 2072 444 2099 εἴτ’
465 2070 512 2098 οὖν
537 2073 586 2107 τὴν
610 2072 747 2107 διαγωγὴν
764 2073 815 2107 τῆς
838 2072 967 2107 ἐναρέτου

165 2117 328 2148 πολιτείας·
346 2117 442 2143 τούτου
457 2116 512 2151 γὰρ
527 2116 684 2151 γενομένου,
710 2118 910 2151 μεταχωρείτά
921 2117 968 2144 δύο

164 2165 206 2194 εις
226 2163 335 2198 ἆλληλα
346 2170 354 2177 ·
369 2164 383 2189 ὃ
397 2171 428 2189 τε
444 2162 498 2197 γᾶρ
512 2162 578 2193 Θεὸς
603 2163 632 2188 ὲν
653 2164 685 2197 τῇ
700 2162 773 2197 ψυχῇ
789 2163 905 2196 γίνεται,
920 2162 969 2190 καὶ

163 2210 252 2237 πάλιν
269 2210 311 2241 εἰς
327 2209 373 2236 τὸν
389 2209 455 2235 Θεὸν
473 2209 492 2243 ἡ
507 2208 580 2243 ψυχὴ
601 2208 787 2243 μετοικίζεται
798 2217 805 2224 “
833 2208 901 2236 εἶδεν
920 2208 967 2237 οὖν

163 2256 194 2281 ὲν
208 2255 245 2289 τῇ
259 2254 374 2288 δυνάμει
389 2252 436 2279 τοῦ
456 2252 635 2284 κελεύσαντος
652 2253 760 2287 ἑαυτὴν,
779 2253 832 2287 τῆς
854 2253 886 2278 ἐκ
911 2254 967 2281 τῶν

163 2300 276 2335 θηριων
286 2299 376 2334 λύμης
393 2299 496 2325 τούτων
511 2298 733 2333 κεκαθαρμένην,
755 2299 772 2332 ἡ
790 2299 828 2329 ὡς
843 2299 967 2333 ἄμπελος

163 2346 325 2373 εὐθύνουσα
343 2345 459 2380 Νύμφη,
487 2345 535 2371 καὶ
560 2345 642 2375 εὐθὺς
673 2344 780 2370 δίδωσιν
803 2344 902 2380 ἑαυτὴν
925 2344 966 2380 τῷ

1015 933 1152 961 temurale
1172 934 1250 962 decet
1263 943 1327 963 esse
1342 936 1428 971 legem
1446 938 1610 972 naturalem,
1630 940 1709 974 juxta
1726 950 1810 977 quam

1017 984 1060 1006 est
1074 983 1161 1014 petra.
1178 980 1238 1008 Prae
1253 982 1311 1017 lege
1329 983 1401 1010 enim
1417 983 1500 1017 dicta,
1524 984 1566 1012 lex
1590 988 1725 1015 naturalis
1741 989 1811 1015 vici-

1019 1024 1081 1052 nior
1093 1030 1135 1053 est
1148 1027 1199 1061 legi
1212 1027 1326 1061 Christi,
1343 1029 1369 1056 in
1390 1036 1445 1065 quo
1466 1030 1514 1065 qui
1533 1031 1616 1059 vitam
1633 1040 1712 1061 suam
1729 1036 1811 1062 insti-

1019 1072 1133 1097 tuerunt
1147 1071 1235 1099 sancti
1250 1071 1419 1106 placueruni‘
1432 1073 1496 1108 Deo,
1517 1078 1691 1106 naturalibus
1708 1080 1811 1108 instin-

1019 1115 1110 1143 clibus
1133 1116 1159 1143 id
1175 1117 1248 1152 quod
1266 1118 1372 1152 justum
1394 1124 1436 1147 est
1451 1128 1636 1155 agnoscentes
1651 1128 1678 1152 et
1701 1126 1812 1160 ipsimct

1009 1160 1148 1189 .doctores
1172 1169 1269 1190 eorum
1287 1171 1348 1198 qua:
1373 1172 1403 1192 se
1430 1165 1561 1194 decercnt
1589 1168 1666 1196 l‘aeti.
1692 1169 1764 1203 Quin
1783 1177 1810 1199 et

1020 1205 1122 1234 Paulus
1142 1207 1180 1234 ait
1199 1216 1206 1234 :
1225 1218 1235 1234 ‹
1255 1208 1311 1236 Lex
1328 1214 1420 1238 autem
1435 1212 1602 1240 subintravit
1629 1214 1670 1247 ⁴³,
1698 1225 1707 1241 ι
1731 1220 1811 1244 ante-

1019 1258 1102 1286 quam
1123 1257 1150 1279 et
1167 1254 1347 1281 novissimam
1362 1262 1423 1290 qua:
1439 1263 1494 1283 una
1510 1261 1553 1285 est
1577 1257 1755 1295 intercipiens
1767 1262 1810 1289 vi-

1020 1297 1101 1325 vendi
1117 1298 1262 1326 rationem.

1057 1390 1190 1426 Origem's.
1207 1405 1241 1411 —
1254 1391 1319 1420 Vult
1335 1393 1467 1428 animam,
1484 1399 1539 1423 etc.

1055 1434 1139 1463 Vrsas.
1158 1436 1200 1464 l5.
1217 1437 1309 1472 Capite
1320 1439 1401 1465 nobis
1418 1440 1505 1475 vulpes
1519 1449 1615 1476 paruas
1641 1451 1702 1479 qua:
1717 1444 1809 1472 demo-

1021 1480 1124 1508 liunlur
1150 1483 1238 1510 vineas
1249 1491 1260 1516 ;
1280 1488 1306 1511 et
1322 1485 1402 1512 vinea:
1424 1491 1523 1514 nostra:
1542 1488 1647 1522 florent.

978 1563 1000 1594 C
1052 1572 1183 1609 Gregorii.
1195 1589 1231 1595 —-
1242 1574 1375 1604 Praedicta
1400 1581 1466 1605 sunt
1481 1577 1600 1614 Sponsae
1623 1580 1764 1616 loquentis
1781 1588 1810 1611 et

1014 1623 1110 1646 votum
1123 1627 1206 1648 suum
1221 1621 1254 1649 ad
1273 1620 1412 1657 Sponsum
1435 1624 1591 1660 dirigendis.
1609 1625 1660 1655 Hic
1685 1627 1808 1663 Seipsum

1018 1669 1111 1699 aperte
1133 1671 1309 1700 ostensurus,
1328 1669 1449 1704 primum
1465 1670 1562 1698 incitat
1576 1676 1733 1705 venatores,
1751 1675 1811 1702 sive

1021 1710 1162 1745 angelicas
1176 1712 1309 1746 quasdam
1323 1713 1452 1748 virtutes,
1476 1716 1535 1744 sive
1555 1717 1638 1744 etiam
1657 1720 1809 1753 apostolos,

1018 1755 1054 1783 ad
1070 1756 1193 1791 vulpium
1209 1758 1382 1787 venationem
1399 1760 1472 1796 (qua;
1488 1767 1552 1789 sunt
1568 1763 1683 1792 virtutes
1696 1770 1809 1798 aposta-

1016 1802 1089 1835 ticm,
1105 1807 1218 1838 propter
1231 1804 1325 1832 dolum
1346 1806 1388 1833 sic
1402 1807 1561 1839 nominatae.
1582 1815 1644 1843 quae
1667 1813 1733 1836 sunt
1747 1809 1811 1845 qui-

1018 1847 1080 1875 dem
1102 1856 1193 1883 parvaa
1209 1851 1300 1885 quoad
1315 1851 1446 1880 virtutem
1471 1853 1568 1888 gratia:
1582 1854 1698 1888 Christi,
1714 1856 1810 1883 demo-

1017 1894 1124 1922 liuntur
1137 1900 1228 1923 autem
1246 1897 1374 1933 vineas);
1396 1906 1432 1926 ne
1449 1899 1567 1934 amplius
1585 1900 1676 1933 vinea,
1692 1900 1812 1929 humana

1018 1944 1116 1967 natura
1133 1948 1181 1975 per
1198 1941 1261 1969 illos
1284 1943 1453 1978 impediatur
1472 1953 1529 1979 quo
1546 1945 1638 1973 minus
1662 1946 1759 1974 ﬂoreat
1784 1953 1813 1975 et

1017 1984 1113 2012 botros
1128 1985 1214 2020 ferat;
1237 1987 1297 2016 sive
1317 1996 1351 2016 ex
1368 1990 1471 2018 virtute
1489 1992 1573 2019 vitam
1591 1992 1732 2021 instituat.
1752 1994 1811 2022 Hoc

1017 2030 1092 2057 enim
1113 2030 1186 2058 facto
1213 2032 1269 2060 duo
1294 2034 1322 2061 in
1346 2042 1377 2062 se
1400 2035 1517 2064 invicem
1539 2042 1708 2072 transeunt;
1737 2039 1811 2067 Deus

1017 2082 1137 2111 namque
1161 2077 1188 2104 in
1205 2078 1297 2105 anima
1314 2080 1449 2114 nascitur,
1471 2087 1500 2108 et
1514 2082 1638 2110 vicissim
1666 2084 1758 2111 anima
1783 2085 1810 2112 in

1019 2119 1106 2148 Deum
1128 2122 1240 2158 migrat.
1250 2122 1326 2152 Vidit
1350 2120 1435 2161 igit‘ur
1450 2127 1478 2153 in
1494 2127 1594 2156 virtute
1617 2128 1742 2163 jubentis
1765 2138 1811 2158 se-

1018 2167 1162 2204 metipsum
1197 2176 1214 2195 a
1246 2177 1318 2198 noxa
1345 2171 1469 2200 ferarum
1505 2173 1603 2201 harum
1630 2180 1810 2211 expurgalam

1019 2218 1132 2246 sponsa,
1148 2221 1210 2248 qua!
1228 2214 1301 2243 sicut
1317 2217 1382 2244 vitis
1415 2218 1578 2252 abundans,
1610 2221 1704 2248 statim
1728 2222 1811 2249 etiam

1021 2257 1106 2285 tradit
1125 2266 1155 2286 se
1178 2261 1305 2295 agricolae
1319 2262 1367 2297 qui
1398 2263 1473 2299 sepis
1495 2259 1691 2294 intermedium
1717 2268 1810 2302 parie-

1019 2305 1075 2329 tem
1101 2304 1206 2333 solvit:
1227 2314 1316 2342 neque
1331 2308 1405 2336 enim
1429 2311 1548 2345 amplius
1572 2317 1683 2340 arcetur
1706 2314 1810 2347 pariete

1019 2346 1098 2382 legis,
1113 2357 1168 2384 quo
1181 2352 1272 2381 minus
1288 2360 1351 2381 cum
1365 2354 1522 2383 desiderato
1539 2346 1734 2392 conjungatuir.

160 2393 288 2429 γεωργῷ
315 2392 345 2418 τὸ
367 2392 524 2426 μεσότοιχον
553 2391 599 2417 τοῦ
631 2390 759 2425 φραγμοῦ
775 2391 896 2417 λύσαντι·
912 2391 963 2418 οὐκ
981 2391 1023 2419 ἔτι
1041 2394 1096 2431 γὰρ
1109 2397 1148 2432 τῷ
1163 2397 1245 2434 τοίχῳ
1258 2399 1306 2426 τοῦ
1321 2400 1405 2435 νόμου
1418 2401 1487 2437 πρὸς
1500 2401 1549 2437 τὴν
1580 2390 1728 2438 συνάξρειαν
1757 2404 1807 2432 τοῦ

160 2441 340 2475 ποθουμένου
353 2439 558 2474 διατειχίζεται,
573 2439 641 2466 ἀλλά
653 2447 720 2473 φησι
737 2439 802 2474 (40).

200 2489 271 2519 Τοῖς
287 2487 338 2521 τῆς
360 2486 526 2521 Ἐκκλησίας
541 2486 686 2520 τροφίμοις
701 2486 852 2520 προτάσσει
875 2486 968 2513 λοιπὸν

160 2536 224 2567 τοῖς
237 2533 280 2559 ἔτι
305 2532 336 2558 τὸ
352 2532 432 2563 ἄνθος
453 2532 688 2566 ἐπιδεικνυμένοις
709 2532 760 2566 τῆς
780 2532 892 2567 ἀρετῆς,
919 2532 967 2558 καὶ

162 2579 332 2614 δυναμένοις
364 2577 484 2612 εὐχερῶς
508 2577 671 2612 ἀδικηθῆναι
698 2577 750 2603 ὑπὸ
776 2577 829 2603 τὼν
854 2578 966 2604 παοῶν⁶

161 2627 218 2661 οὐχ
247 2624 320 2651 οὕτω
346 2624 401 2658 γὰρ
427 2623 605 2658 ἀνδρυνθεῖσα
635 2624 783 2658 βλάπτεται
808 2625 823 2658 ἡ
845 2624 966 2658 ἄμπελος

161 2673 204 2703 ὡς
223 2672 255 2698 ὲν
269 2671 426 2706 προοιμίοις
443 2669 673 2704 ὲπιὸουλευομένη
686 2678 692 2685 ο
710 2670 746 2701 ὡς
763 2670 815 2705 γὰρ
834 2671 850 2705 ἡ
867 2670 966 2697 ἁινθοῦ⁸

194 2742 224 2757 γ⁸¹
243 2741 311 2768 Luc.
333 2748 412 2772 xxm,
426 2740 470 2766 4‘2.
509 2739 641 2767 u.lerem.
665 2748 711 2772 xli,
730 2741 755 2767 8.

1052 2488 1121 2516 Nili.
1138 2504 1173 2509 —
1194 2490 1328 2518 Caeterum
1345 2491 1403 2519 haec
1420 2491 1546 2528 praecipit
1565 2494 1696 2523 Ecclesiae
1716 2496 1806 2524 alum-

1016 2534 1070 2566 nis.
1086 2534 1175 2563 adhuc
1188 2536 1300 2564 virtutis
1323 2537 1417 2565 ﬂorem
1438 2539 1659 2574 ostendentibus,
1681 2546 1707 2570 et
1721 2544 1769 2579 qui
1790 2551 1805 2570 a

1015 2581 1193 2615 passionibus
1222 2582 1282 2609 laedi
1311 2582 1392 2611 facile
1421 2590 1562 2619 possunt:
1588 2594 1644 2615 non
1670 2589 1743 2616 enim
1763 2590 1806 2617 sic

1016 2624 1109 2652 adulta
1122 2625 1186 2653 vitis
1203 2625 1321 2661 lxeditur,
1338 2628 1411 2655 sicut
1425 2637 1457 2657 ea
1472 2639 1533 2665 quae
1547 2631 1574 2659 in
1590 2633 1735 2668 principiis
1749 2635 1807 2669 pri-

1015 2671 1067 2697 mis
1084 2671 1315 2707 circumvenitur;
1330 2675 1561 2709 qucmadmodum
1581 2685 1679 2714 nempe
1704 2679 1806 2708 ﬂoreus

809 2740 830 2755 ⁸³
844 2739 922 2767 Rern.
939 2748 965 2773 v,
983 2740 1029 2768 20.

930 2789 1045 2817 ΝΟΤᾸΕ.

204 2827 263 2859 (59)
278 2825 380 2853 Patrol.
399 2829 419 2851 t.
431 2823 514 2854 XVII,
529 2824 583 2851 col.
604 2824 666 2854 264,
680 2824 743 2851 265.

204 2859 263 2898 (40)
279 2861 345 2894 ουκ
370 2864 523 2894 sequuntur
544 2860 570 2885 in
593 2859 623 2885 C.
643 2860 671 2885 B.
697 2860 747 2887 sub
769 2860 878 2888 nemine
907 2859 960 2888 Nili
982 2859 1180 2888 inscribuntur.

284 2911 421 2940 l‘ATr-OL.
444 2910 502 2939 Gn.
524 2909 647 2939 LXX“
663 2910 700 2939 ll.

1587 2913 1623 2945 '51
