4060 6400
355 259 488 325 1515

1689 255 2043 319 PROCOPII
2076 257 2316 317 ΟΛΖᾸΞῙ

3493 250 3628 316 1626

351 383 451 428 tes.
485 369 690 424 Montes
721 378 899 424 autem
934 370 1114 442 iustos
1143 371 1300 434 dixit,
1343 377 1564 439 propter
1595 367 1911 422 sublimita-

2051 366 2184 420 αίων
2216 368 2293 430 εἰς
2322 367 2392 420 τὰ
2421 365 2546 434 ἔθνη
2570 407 2583 421 .
2622 365 2758 432 Ὅρη
2788 365 2844 417 δὲ
2889 351 3014 427 τοὺς
3049 363 3291 428 δικαίους
3323 362 3425 434 ἔφη
3457 364 3544 416 διὰ
3568 368 3629 414 τὸ

352 471 487 526 tem;
527 461 922 513 cancavitatum
946 474 1075 512 vero
1110 465 1333 527 propter
1360 456 1748 510 humilitatem.

431 553 646 624 Cyrilli.
682 583 750 593 —
784 535 957 621 Rogat
989 559 1046 603 ut
1080 551 1330 619 Sponsus
1367 546 1744 617 inirugil‘eram
1783 543 1924 614 Syn-

353 658 582 714 agogam
622 644 916 712 relinquat,
951 651 1005 696 et
1043 641 1224 696 veniat
1263 640 1329 694 ad
1387 654 1484 693 eos
1546 638 1638 707 qui
1673 653 1740 692 ex
1793 651 1924 690 con-

353 747 486 785 cava
517 739 570 786 et
592 732 880 786 humiliata
908 731 1061 794 olim,
1081 733 1256 798 atque‘
1281 728 1624 782 idololatrica
1649 725 1831 780 anima
1863 725 1928 780 ad

353 824 637 878 caelestem
664 822 1048 877 celsitudinem
1087 821 1478 874 ascenderunt.

1004 910 1158 966 CAP.
1189 910 1277 964 Ill.

430 1005 596 1060 Vnus.
646 1006 752 1060 1-4.
814 1003 880 1059 In
946 1005 1112 1058 cubili
1163 1021 1298 1067 meo,
1352 1003 1407 1056 in
1451 1002 1690 1056 tractibus
1718 1001 1934 1072 qua‘sivi

353 1112 504 1164 quem
529 1095 713 1148 dilexit
741 1095 922 1148 anima
952 1109 1102 1158 mea;
1133 1094 1348 1164 qua'siri
1384 1109 1527 1159 eum,
1558 1103 1604 1146 et
1636 1109 1738 1146 non
1764 1093 1936 1146 iuraui

353 1203 467 1240 eum
496 1202 514 1250 ;
545 1189 719 1240 vocavi
752 1201 868 1239 eum
893 1195 943 1239 et
974 1201 1074 1238 non
1103 1185 1301 1238 audivit
1337 1201 1436 1238 me.
1473 1182 1776 1252 Ezsurgam
1801 1199 1936 1235 nunc

354 1289 402 1330 et
437 1279 671 1331 circuibo
710 1278 763 1330 in
797 1277 1032 1341 civitate,
1057 1277 1111 1330 in
1145 1275 1279 1344 foris
1305 1289 1353 1328 et
1391 1276 1444 1327 in
1477 1275 1690 1343 plateis,
1721 1285 1767 1326 et
1794 1290 1939 1343 qua:-

355 1387 469 1423 ram
494 1386 644 1440 quem
673 1368 866 1422 dilexit
907 1371 1089 1422 anima
1132 1385 1288 1433 mea;
1329 1366 1550 1436 qua'sivi
1591 1381 1710 1419 eum
1739 1377 1788 1418 et
1835 1381 1938 1418 uou

355 1463 526 1516 inveni
561 1476 702 1514 cum:
733 1459 916 1514 vocavi
940 1475 1059 1512 eum
1080 1468 1133 1512 et
1170 1475 1274 1512 non
1312 1457 1584 1512 obaudivit
1635 1473 1735 1510 me.
1793 1454 1937 1512 Inre-

290 1598 298 1607 .
356 1565 646 1611 neruntme
664 1553 902 1607 custodes
925 1553 1014 1622 qui
1035 1551 1362 1604 circumeunt
1410 1550 1463 1601 in
1481 1550 1697 1601 civitate
1719 1563 1738 1601 :
1773 1547 1942 1601 Num-

357 1649 481 1714 quid
517 1663 666 1716 quem
691 1645 876 1698 dilexit
900 1643 1084 1696 anima
1135 1658 1254 1694 mea
1279 1641 1484 1694 vidistis
1516 1641 1541 1693 γ
1569 1639 1742 1705 Quam
1779 1640 1943 1692 modi-

2034 456 2269 528 ὑψηλόν·
2305 455 2691 526 κοιλωμάτων
2722 457 2777 510 δὲ
2825 458 2913 511 διὰ
2956 459 3054 528 τὴν
3097 457 3624 528 ταπεινοφροσύνην,

2104 549 2427 617 Κυρίλλου.
2461 578 2530 588 —
2558 549 2708 600 Αἰτεῐ
2756 548 2844 600 τὸν
2899 549 3171 618 Νυμφίον,
3227 547 3326 617 τὴν
3377 547 3630 618 ἄκαρπον

2036 639 2332 708 ἀπολείψαι
2363 640 2715 708 συναγωγὴν,
2755 640 2846 692 καὶ
2880 639 3055 692 ἐλθεῖν
3087 641 3180 692 ἐπὶ
3227 642 3352 702 τοὺς
3382 641 3481 710 τῆς
3512 640 3630 692 κοί-

2037 731 2138 802 λης
2163 732 2257 785 καὶ
2293 731 2774 802 τεταπεινωμένης
2807 731 2974 783 πάλαι
3011 731 3104 783 καὶ
3131 730 3628 802 εἰδωλολατρούσης

2040 824 2218 894 ψυχῆς
2249 823 2343 876 ἐπὶ
2375 823 2629 895 οὐράνιον
2658 823 2791 892 ὕψος
2827 823 3161 886 άναὸάντας.

2657 913 2910 966 ΚΕΦΔΛ.
2952 911 3028 965 Γ¹.

2114 1002 2282 1059 α’.-ὁ⁹.
2320 1005 2451 1058 Ἐπὶ
2483 1004 2594 1070 τὴν·
2613 1003 2831 1069 κοίτην
2856 1019 2972 1071 μου
2998 1001 3068 1053 ἐν
3091 1001 3272 1072 νυξὶν
3298 1000 3626 1068 ἐξεζήτησα

2043 1094 2115 1148 ὃν
2146 1095 2465 1164 ἠγάπησεν
2503 1097 2541 1163 ἡ
2575 1092 2746 1162 ψυχή
2785 1109 2943 1159 μου·
2979 1089 3240 1159 ἐζήτησα
3275 1091 3484 1155 αὐτὸν,
3523 1091 3621 1145 καὶ

2043 1188 2154 1253 οὺχ
2195 1182 2377 1253 εὗρον
2407 1185 2630 1239 αὐτόν·
2665 1185 2934 1238 ἐκάλεσα
2968 1184 3161 1237 αὑτὸν
3195 1185 3314 1248 ,καὶ
3360 1186 3472 1252 οὐχ
3506 1187 3624 1238 ὺπ-

2043 1278 2274 1346 ήκουσέ
2294 1296 2414 1346 μου
2435 1294 2448 1308 ’
2469 1277 2886 1346 ἀναστήσομαι
2907 1275 2982 1343 δὴ
3014 1276 3110 1328 καὶ
3133 1276 3428 1329 κυκλὼσω
3452 1276 3523 1329 ἐν
3550 1274 3626 1343 τῇ

2045 1371 2240 1430 πόλει,
2276 1369 2348 1420 ἐν
2386 1368 2516 1434 ταῖς
2551 1367 2814 1435 ἀγοραῖς,
2849 1367 2946 1420 καὶ
2983 1367 3054 1418 ἐν
3097 1365 3228 1431 ταῖς
3277 1369 3585 1431 πλατείαις
3609 1383 3624 1396 ο

2046 1459 2144 1511 καί
2173 1459 2404 1531 ζητήσω
2431 1459 2503 1512 ὃν
2536 1457 2857 1526 ἠγάπησεν
2901 1459 2938 1525 ἠ
2969 1458 3139 1526 ψυχή
3182 1470 3338 1525 μου⁶
3367 1456 3627 1524 ἐζήτησα

2045 1550 2254 1615 αὐτὸν,
2292 1549 2391 1603 καὶ
2416 1551 2529 1619 οὐχ
2555 1544 2738 1616 εὗρον
2760 1548 2947 1602 αὐτόν
2967 1563 2981 1578 ·
3006 1547 3274 1601 ἐκάλεσα
3297 1548 3505 1610 αὑτὸν,
3527 1547 3626 1600 καὶ

2047 1646 2159 1713 οὐχ
2195 1641 2508 1708 ὑπήκουσέ
2530 1659 2650 1710 μου
2670 1658 2682 1670 ·
2712 1639 2980 1709 εὗροσάν
3017 1656 3095 1710 με
3126 1643 3180 1693 οι
3204 1637 3542 1707 τηροῦντες,
3570 1640 3628 1691 οι

357 1755 472 1792 cum
509 1737 633 1806 fuit,
665 1751 783 1789 cum
817 1733 1038 1787 transivi
1068 1732 1132 1783 ab
1190 1732 1344 1799 ipsis,
1377 1729 1715 1799 1uoadusque
1757 1729 1929 1782 inveni

2050 1733 2408 1799 κυκλοῦντες
2457 1732 2526 1786 ἐν
2572 1731 2647 1800 τῇ
2680 1733 2886 1786 πόλειο
2941 1733 3038 1797 Μὴ
3088 1730 3163 1784 ὃν
3220 1731 3541 1800 ἠγάπησεν
3584 1732 3624 1798 ἡ

357 1829 716 1901 quemdilexit
761 1827 944 1880 anima
995 1841 1134 1881 mea.
1174 1822 1340 1877 Tenui
1369 1838 1510 1886 eum,
1536 1829 1587 1874 et
1620 1837 1721 1876 non
1752 1821 1934 1875 dimisi

357 1938 498 1984 eum,
529 1921 692 1974 donec
715 1917 984 1973 iutroduxi
1020 1932 1138 1970 eum
1163 1917 1216 1970 in
1243 1916 1459 1968 domum
1486 1914 1678 1968 matris
1725 1929 1854 1968 mete
1886 1923 1937 1969 et

331 1999 411 2067 ~in
443 2012 748 2068 cubiculum
775 2010 890 2081 ejus
921 2025 1038 2081 qua:
1071 2008 1309 2078 concepit
1340 2025 1440 2063 me.

433 2275 696 2348 Gregorii.
729 2273 1044 2344 —Spous:e
1094 2271 1340 2326 narratio
1391 2269 1766 2342 phiIOSOphica
1814 2277 1938 2326 est:

361 2386 456 2438 per
497 2383 560 2422 ea
591 2381 712 2437 quae
759 2364 826 2428 de
873 2373 1165 2430 seua-rrat,
1214 2364 1410 2419 statuit
1454 2379 1518 2419 ac
1564 2364 1725 2419 docet
1758 2378 1946 2434 quem-

360 2458 655 2514 admodum
695 2471 825 2527 erga
865 2456 1110 2510 divinum
1159 2471 1358 2510 numen
1395 2471 1454 2511 se
1479 2472 1670 2524 gerere
1707 2456 1945 2510 debeant

261 2552 264 2555 ’
362 2563 617 2620 superna:
673 2544 1106 2618 pulchritudinis
1138 2554 1438 2600 amatores.
1473 2545 1738 2599 Bit'ariam
1794 2545 1944 2600 enim

359 2640 622 2694 dividitur
657 2653 839 2692 rerum
870 2631 1180 2692 creatarum
1239 2643 1437 2690 natura
1465 2651 1532 2691 ex
1566 2652 1826 2706 suprema
1869 2636 1948 2690 di-

359 2732 594 2786 visione.
622 2729 756 2783 Nam
787 2727 942 2782 aliud
975 2727 1197 2796 quidem
1238 2737 1326 2782 est
1361 2736 1416 2782 et
1455 2729 1659 2784 sensile
1685 2738 1740 2784 et
1782 2739 1949 2786 mate-

362 2824 607 2888 riatum;
641 2821 788 2874 aliud
829 2827 1010 2874 autem
1042 2819 1188 2888 quod
1227 2817 1586 2890 intelligentia
1643 2823 1948 2893 percipitur

359 2923 414 2967 et
449 2923 533 2966 es].
561 2927 756 2982 expers
788 2912 1052 2965 materias.
1082 2909 1297 2965 Rursus
1318 2919 1501 2964 autem
1547 2925 1676 2966 cum
1708 2928 1830 2982 qua:
1857 2913 1947 2968 in-

362 3006 671 3075 telligentia
732 2992 1070 3073 ρει-οἰρὶιυῖ
1092 3010 1293 3056 natura
1329 3002 1587 3058 bifariam
1633 3005 1705 3058 sit
1743 3004 1942 3072 divisa,

361 3099 470 3151 alia
511 3096 736 3166 quidem
757 3101 840 3149 est
865 3095 1112 3149 increata
1143 3101 1198 3149 et
1234 3096 1473 3148 creatrix
1497 3111 1715 3165 semper
1751 3096 1945 3152 eodem

371 3190 533 3242 ιιιυιιο
604 3202 665 3242 se
729 3186 942 3243 habens
980 3187 1137 3254 ;alia
1189 3202 1318 3244 vero
1377 3196 1564 3242 creata
1614 3197 1666 3242 et
1721 3187 1950 3258 partici-

323 3339 326 3354 ι
362 3281 588 3350 patione
625 3277 748 3350 ejus
805 3278 955 3349 quod
1003 3280 1399 3350 supereminet,
1438 3279 1493 3333 in
1547 3279 1692 3334 bono
1736 3294 1953 3350 semper

367 3381 731 3426 conservatur
757 3376 810 3425 et
837 3370 893 3423 in
918 3385 984 3425 eo
1014 3381 1272 3441 augetur,
1305 3381 1360 3426 et
1392 3371 1447 3424 in
1471 3371 1649 3440 majus
1683 3378 1948 3437 mutatur,

366 3480 582 3534 semper
611 3464 676 3518 ad
709 3464 762 3519 id
793 3465 939 3535 quod
963 3464 1160 3518 melius
1191 3470 1274 3518 est
1313 3478 1373 3518 se
1404 3465 1708 3518 extendens
1734 3470 1791 3518 et
1819 3479 1952 3519 nun-

363 3569 526 3624 quam
568 3569 598 3608 a
642 3555 921 3612 desiderio
961 3568 1213 3608 cessans.
1242 3552 1543 3623 Postquam
1576 3554 1748 3624 igitur
1779 3556 1947 3610 etiam

366 3646 580 3716 Sponsa
606 3645 780 3701 tantis
822 3644 1152 3702 ascensibus
1201 3644 1526 3709 sublimata,
1556 3653 1610 3699 et
1639 3659 1703 3699 ex
1749 3643 1950 3700 virtute

364 3739 420 3793 in
473 3737 730 3791 virtutem
780 3735 1047 3806 profecta,
1081 3745 1141 3789 ut
1193 3749 1468 3789 summum
1509 3736 1626 3804 spei
1680 3735 1950 3790 bonorum

365 3838 623 3884 assecuta
659 3845 786 3884 esse
810 3827 1062 3882 videatur
1088 3845 1103 3894 ;
1133 3828 1260 3881 boni
1291 3833 1474 3882 tamen
1505 3827 1746 3896 indigam
1781 3843 1840 3882 se
1870 3829 1953 3882 vi-

365 3923 468 3987 dit,
502 3923 698 3976 merito
755 3922 1114 3986 lamentatur,
1145 3928 1200 3974 et
1241 3929 1299 3974 ut
1327 3935 1449 3990 quae
1481 3921 1713 3975 necdum
1755 3920 1951 3976 habeat

366 4015 660 4082 diligentiae
693 4015 1041 4085 propositum
1072 4013 1292 4083 angitur
1313 4020 1462 4068 etest
1492 4013 1770 4084 perplexa,
1799 4029 1953 4072 eam-

365 4122 472 4174 que
507 4106 924 4175 perplexitatem
970 4104 1140 4159 animi
1173 4105 1493 4160 narratione
1522 4119 1620 4159 sua
1656 4104 1865 4174 profert
1897 4105 1951 4159 in

367 4197 676 4266 publicum.
711 4197 776 4249 Et
807 4197 897 4250 ubi
935 4195 1140 4263 repel-it
1173 4211 1334 4265 quem
1361 4195 1644 4265 quaerebat
1685 4196 1951 4252 describit

369 4302 654 4341 sermone:
673 4283 1061 4354 perfectiorem
1087 4285 1313 4354 insuper
1327 4285 1455 4339 boni
1477 4285 1950 4356 participationem

2040 1827 2211 1896 ψυχή
2257 1844 2377 1896 μου
2431 1825 2724 1890 {datume
2769 1823 2986 1892 μικρὸν
3037 1822 3136 1876 ὅτε
3178 1821 3494 1891 παρῆλθον
3523 1823 3626 1876 ἀπ’

2041 1917 2260 1983 αὐτῶν,
2291 1917 2403 1983 ἕως
2443 1913 2514 1972 οὗ
2544 1911 2725 1983 εὗρον
2757 1915 2828 1968 ὃν
2855 1914 3174 1983 ἠγάπησεν
3204 1915 3243 1980 ἠ
3272 1913 3443 1983 ψυχή
3469 1931 3587 1983 μου
3606 1930 3623 1944 ο

2041 2007 2347 2076 ἐκράτησα
2372 2005 2578 2067 αὑτὸν,
2608 2003 2707 2056 καὶ
2747 2003 2859 2056 οὐκ
2899 2001 3107 2069 ἀφῆκα
3155 2001 3343 2054 αὑτὸν
3363 2039 3378 2064 ,
3412 2000 3524 2061 ἕως
3550 1996 3625 2055 οὗ

2043 2099 2366 2168 εισήγαγον
2390 2097 2576 2150 αὐτὸν
2613 2096 2700 2160 εις
2731 2089 2900 2146 οἷκον
2917 2091 3148 2160 μητρός
3173 2107 3293 2160 μου
3320 2089 3417 2143 καὶ
3445 2092 3532 2155 εις
3559 2090 3628 2142 τὸ

2043 2191 2308 2262 ταμιεῖον
2337 2188 2448 2256 τῆς
2477 2185 2918 2250 συλλαϐούσης
2939 2199 3036 2251 με.

2115 2283 2467 2353 Γρηγορίου.
2494 2288 2564 2320 -‘
2594 2280 2666 2332 Τὸ
2688 2278 2789 2348 τῆς
2816 2279 3056 2348 Νύμφης
3105 2275 3368 2346 διήγημα,
3412 2273 3630 2342 φιλοσο-

2048 2375 2176 2444 φίας
2203 2375 2319 2427 ἐστί
2342 2390 2358 2405 ο
2388 2373 2455 2426 δι’
2486 2367 2561 2426 ὧν
2585 2369 2654 2423 τά
2685 2369 2815 2440 περὶ
2846 2367 3014 2438 αὐτὴν
3056 2365 3431 2436 διεξέρχεται·
3481 2368 3629 2429 ὅπως

2047 2467 2128 2519 δεῖ
2160 2463 2291 2534 περὶ
2321 2461 2382 2516 τὸ
2408 2462 2561 2515 Θεῖον
2587 2460 2732 2530 ἔχειν
2763 2458 2893 2522 τοὺς
2915 2458 3150 2530 ἐραστὰς
3179 2457 3272 2510 τοῦ
3297 2458 3631 2528 ὑπερκειμέ-

2049 2575 2141 2610 νου
2164 2555 2394 2618 κάλλους
2425 2551 2880 2624 δογματιζούσης.
2908 2550 3040 2620 Διχῆ
3066 2549 3173 2620 γὰρ
3196 2549 3455 2619 τέτρηται
3490 2550 3633 2601 κατά

2051 2648 2152 2719 τὴν
2200 2645 2462 2700 ἀνωτάτω
2500 2643 2767 2714 διαίρεσιν
2809 2645 2842 2712 ἠ
2875 2643 2981 2694 τῶν
3010 2641 3180 2694 ὄντων
3211 2641 3406 2710 φύσις·
3441 2639 3503 2693 τὸ
3531 2640 3632 2708 μὲν

2054 2739 2166 2808 γάρ
2205 2739 2351 2790 ἐστιν
2405 2735 2662 2806 αἰσθητὸν
2698 2733 2790 2788 καὶ
2835 2733 3054 2795 ὑλῶδες,
3100 2731 3160 2785 τὸ
3197 2731 3254 2785 δὲ
3299 2731 3488 2804 νοητὸν
3537 2733 3632 2784 καὶ

2053 2831 2235 2886 ᾶῦλον.
2285 2828 2452 2882 Πάλιν
2500 2827 2558 2881 δὲ
2588 2828 2687 2897 τῆς
2731 2825 2928 2896 νοητῆς
2962 2823 3180 2892 φύσεως
3209 2822 3334 2894 διχῆ
3363 2823 3631 2895 διῃρημέ-

2052 2937 2170 2991 νης,
2227 2921 2398 2992 ἠμὲν
2445 2919 2698 2982 ἀκτιστός
2752 2919 2869 2970 ἐστι
2918 2916 3013 2969 καὶ
3067 2916 3344 2985 ποιητικὴ,
3398 2916 3630 2968 πάντοτε

2055 3012 2318 3075 ὡσαύτως
2342 3013 2566 3082 ἔχουσα·
2603 3012 2637 3082 ἡ
2667 3009 2724 3064 δὲ
2771 3008 2988 3078 κτιστὴ,
3022 3008 3118 3061 καὶ
3146 3010 3210 3077 τῇ
3243 3007 3504 3077 μετουσίᾳ
3535 3005 3631 3059 τοῦ

2053 3106 2414 3178 ὑπερέχοντος
2449 3107 2506 3157 ὲν
2543 3103 2620 3173 τῷ
2663 3101 2846 3172 ἀγαίῷ
2879 3101 2968 3154 διά
2997 3100 3197 3162 παντὸς
3239 3102 3627 3170 συντηρείται·

2053 3198 2145 3251 καὶ
2175 3196 2310 3266 πρὸς
2356 3194 2486 3248 αὐτὸ
2518 3192 2740 3261 αὔξεται
2781 3193 2875 3246 καὶ
2909 3192 3044 3263 πρὸς
3068 3190 3129 3243 τδ
3169 3188 3351 3261 μεῖζον
3387 3190 3634 3244 ἀλλοιοῦ-

2051 3304 2172 3340 ται’
2206 3287 2294 3340 ἀεὶ⁵
2329 3284 2466 3356 πρὸς
2488 3285 2549 3338 τὸ
2583 3286 2834 3355 κρεῖττον
2866 3281 3313 3352 ὲπεκτεινομένη,
3349 3283 3442 3335 καὶ
3468 3282 3636 3352 μηδέο

2055 3396 2186 3433 ποτε
2215 3377 2314 3448 τῆς
2345 3378 2584 3447 ἐφέσεως
2629 3375 2898 3446 λήγουσαο
2951 3373 3073 3426 ἐπεὶ
3113 3369 3212 3426 οὖν
3239 3373 3333 3431 καὶ
3369 3373 3402 3443 ἡ
3429 3372 3632 3444 Νύμφη

2055 3469 2346 3534 τοσαύταις
2390 3468 2601 3532 ἀνόδοις
2645 3465 2945 3536 eameam,
2979 3465 3078 3518 καὶ
3125 3467 3188 3518 ὲκ
3234 3465 3516 3534 δυνάμεως
3553 3466 3637 3528 είς

2054 3563 2282 3634 δύναμιν
2307 3559 2670 3633 πορευομένη,
2697 3558 2791 3612 τοῦ
2826 3558 3130 3629 ἀκροτάτου
3160 3557 3268 3609 τῶν
3295 3557 3518 3626 ἀγαθῶν
3550 3557 3636 3609 ὲλ-

2054 3657 2207 3719 πὶδος
2231 3654 2590 3724 τετυχηκέναι
2623 3652 2818 3715 ἐδόκει,
2849 3652 3005 3704 ἐνδεᾶ
3037 3651 3095 3702 δὲ
3140 3649 3342 3721 ἑαυτὴν
3374 3649 3468 3702 τοῦ
3492 3653 3635 3717 άγαυ

2054 3747 2147 3800 θοῦ
2189 3745 2464 3816 καθεώρα,
2509 3743 2738 3806 εἰκότως
2784 3741 3154 3812 ἀποδύρεταιο
3187 3741 3281 3793 καὶ
3336 3741 3413 3805 ὡς
3467 3742 3634 3811 μήπω

2055 3839 2259 3909 σχοῦσα
2285 3837 2344 3890 τὸ
2385 3838 2482 3907 τῆς
2511 3835 2822 3906 προθυμίας
2863 3831 3227 3904 προκείμενον
3269 3832 3634 3902 ἀμηχανεῖται

2053 3932 2149 3985 καὶ
2187 3928 2599 4000 δυσχεραίνεται
2626 3929 2718 3980 καὶ
2767 3928 2864 3995 τὴν
2898 3924 3157 3995 τοιαύτην
3197 3925 3507 3996 ἀμηχανίαν
3541 3924 3635 3996 δη-

2058 4021 2299 4094 μοσιεύει
2321 4020 2397 4092 τῷ
2423 4020 2726 4090 διηγήματι
2744 4033 2760 4048 ο
2791 4017 2888 4070 καὶ
2909 4017 3057 4080 ὅπως
3089 4012 3215 4086 εὗρε
3237 4016 3328 4069 τὸν
3361 4016 3525 4086 ζητού
3536 4033 3635 4084 με-

2055 4129 2146 4166 νον
2175 4111 2486 4181 ὑπογράφει
2529 4107 2608 4178 τῷ
2655 4107 2802 4177 λόγῳ
2828 4122 2842 4136 ⁶
2880 4106 2980 4177 τὴν
3013 4106 3114 4176 μὲν
3156 4101 3250 4160 οὖν
3289 4106 3634 4176 τελειοτέραν

2053 4201 2149 4258 τοῦ
2199 4198 2405 4268 ἀγαθοῦ
2453 4197 2766 4268 μετουσίαν,
2803 4196 2992 4265 κοίτην
3043 4195 3297 4266 ὀνομάζει
3325 4197 3419 4250 καὶ
3465 4197 3638 4249 νύκτα

2055 4293 2206 4362 λέγει
2238 4291 2330 4345 τὸν
2379 4288 2482 4358 τῆς
2511 4287 2700 4359 κοίτης
2748 4287 2940 4358 καιρόν
2963 4304 2978 4319 ο
3009 4286 3100 4338 διὰ
3140 4285 3198 4338 δὲ
3245 4285 3341 4339 τοῦ
3371 4276 3636 4357 ὀνόματος

370 4380 570 4431 lectum
600 4376 862 4446 appellat,
892 4383 944 4429 et
979 4384 1195 4430 noctem
1225 4375 1610 4445 dicit’tempus
1645 4378 1901 4432 concubii
1930 4395 1944 4431 :

2053 4385 2152 4455 τῆς
2181 4382 2396 4446 νυκτὸς,
2441 4379 2774 4433 ἐνδείκνυται
2797 4379 2906 4432 τῶν
2956 4377 3206 4448 ἀοράτων
3250 4376 3349 4448 τὴν
3378 4377 3634 4448 θεωρίαν,

370 4485 467 4539 per
495 4483 698 4522 nomen
737 4477 917 4522 autem
946 4467 1127 4521 noctis
1173 4467 1946 4538 ostenditcontemplationem

2053 4473 2196 4530 κατὰ
2224 4472 2315 4524 τὸν
2345 4473 2400 4523 ὲν
2449 4469 2528 4539 τῷ
2569 4469 2754 4538 γνόφῳ
2794 4468 3020 4532 Μωσέα,
3059 4469 3115 4521 ἑν
3141 4461 3185 4535 ᾧ
3226 4463 3294 4538 ἧν
3323 4468 3352 4520 ό
3391 4467 3522 4530 Θεὸς
3551 4467 3632 4533 ὃς,

367 4577 558 4614 eorum
592 4574 715 4629 quae
748 4575 860 4614 non
901 4559 1107 4614 cadunt
1138 4560 1242 4614 sub
1271 4567 1576 4629 aspectum,
1601 4559 1758 4628 juxta
1797 4560 1952 4632 Moy-

351 4667 480 4709 ‘SClll
507 4654 558 4706 in
592 4651 827 4721 caligine
867 4659 1209 4717 versantem,
1245 4651 1299 4704 in
1351 4667 1460 4720 qua
1492 4660 1612 4704 erat
1638 4651 1782 4706 Deus
1807 4690 1822 4716 ,
1857 4653 1950 4721 qui

374 4763 393 4795 ι
433 4745 622 4814 posuit
677 4745 940 4799 tenebras
977 4743 1261 4796 latibulum
1299 4758 1484 4808 suum,
1533 4761 1552 4796 ι
1585 4751 1637 4797 ct
1680 4741 1954 4814 Propheta

370 4839 519 4890 canit
550 4854 568 4888 ι
604 4836 662 4890 ln
690 4837 930 4892 circuitu
965 4849 1067 4890 suo
1089 4835 1157 4888 δ’.
1187 4852 1205 4886 ι
1235 4833 1293 4887 ln
1329 4848 1437 4904 qua
1469 4850 1591 4888 cum
1635 4834 1799 4889 fuerit
1833 4845 1950 4889 tum

372 4929 599 4980 docetur
627 4936 838 4980 tantum
880 4927 1076 4998 abesse
1100 4933 1160 4980 ut
1197 4926 1511 4981 ascenderit
1553 4925 1620 4979 ad
1669 4925 1953 4996 perfectio-

375 5034 524 5082 nem,
567 5025 626 5070 ut
669 5018 763 5086 qui
806 5034 872 5072 ne
903 5018 1234 5088 principium
1274 5017 1496 5087 quidem
1529 5019 1789 5087 attigerit.
1833 5015 1951 5072 Jam

376 5111 542 5167 enim.
577 5107 777 5176 inquit,
808 5117 1070 5178 tanquam
1127 5107 1196 5163 iis
1247 5125 1369 5178 qua:
1414 5117 1544 5162 sunt
1577 5108 1840 5178 perfecta,
1877 5109 1956 5163 di-

375 5207 560 5266 gnata,
593 5206 646 5250 et
677 5207 936 5268 tanquam
997 5198 1053 5252 in
1111 5198 1252 5253 lecto
1309 5199 1566 5269 quopiam
1600 5192 1792 5253 eorum
1833 5214 1953 5270 quas

379 5299 506 5343 sunt
532 5289 750 5359 cognita
774 5288 1290 5358 comprehensionis
1326 5289 1704 5358 requiescens,
1730 5290 1953 5360 quando

378 5395 522 5431 cram
562 5380 706 5432 intra
734 5395 797 5434 ea
822 5394 946 5449 qua:
989 5394 1098 5432 non
1131 5380 1338 5433 cadunt
1357 5380 1460 5434 sub
1489 5392 1792 5450 aspectum,
1825 5382 1956 5437 reli-

379 5470 478 5522 clis
507 5469 780 5535 sensibus,
805 5469 1030 5539 quando
1051 5469 1374 5524 continebar
1417 5469 1601 5525 divina
1625 5480 1785 5528 nocte
1807 5488 1957 5544 qua:-

451 5645 496 5680 “
529 5648 615 5714 III,
643 5643 777 5709 Reg.
819 5661 912 5710 xx,
943 5642 1012 5697 ιε
1041 5658 1055 5708 ;
1089 5641 1237 5697 Psal.
1282 5657 1412 5710 svn,
1447 5641 1532 5696 12.

2055 4585 2075 4618 ι
2121 4561 2315 4616 Ἐθετο
2344 4558 2535 4621 σκότος
2571 4557 2902 4627 ἁποκρυφὴν
2929 4555 3114 4616 αὐτοῦ,
3146 4574 3164 4606 ι
3206 4555 3348 4607 κατά
3373 4554 3465 4606 τὸν
3497 4556 3637 4623 Προ-

2050 4657 2252 4726 φήτηνι
2293 4671 2311 4704 ε
2354 4650 2554 4720 Κύκλῳ
2583 4649 2750 4703 αὑτοῦ
2782 4665 2796 4680 ο
2838 4666 2857 4700 ι
2895 4651 2952 4701 ὲν
3056 4649 3380 4700 καταστᾶσα
3411 4646 3532 4698 τότε
3559 4644 3638 4698 δι-

2049 4745 2313 4800 δάσκεται
2360 4740 2614 4794 τοσοῦτον
2655 4739 2939 4809 ἀπέχουσα
2969 4737 3060 4791 τοῦ
3110 4736 3364 4808 ἐπιϐῆναι
3411 4736 3510 4805 τῆς
3543 4753 3637 4789 τε·

2050 4837 2352 4904 λειότητος,
2390 4833 2513 4885 ὅσον
2542 4833 2592 4884 οἱ
2644 4831 2780 4902 μηδὲ
2831 4831 2929 4898 τὴν
2965 4830 3138 4900 ἀρχὴν
3179 4827 3632 4898 ἐγχειρήσαντες·

2053 4929 2158 5000 ήδη
2183 4925 2294 4995 γάρ
2323 4941 2491 4994 φησιν
2529 4922 2606 4984 ὡς
2631 4921 2740 4974 τῶν
2763 4919 2985 4972 τελείων
3022 4918 3334 4982 ἀξιωθεῖσα,
3382 4915 3638 4985 καθάπερ

2011 5079 2013 5081 _
2051 5019 2148 5070 ἐπὶ
2178 5017 2363 5092 κοίτης
2407 5013 2553 5077 τινὸς
2582 5015 2685 5082 τῆς
2725 5013 2833 5064 τῶν
2882 5011 3242 5080 ἐγνωσμένων
3281 5006 3636 5078 καταλήψεως

2053 5103 2300 5179 ἐμαυτὴν
2337 5103 2695 5160 ἁναπαύουσα
2719 5120 2732 5134 ·
2761 5104 2850 5155 ὅτε
2880 5102 2992 5154 τῶν
3045 5101 3293 5172 ἀοράτων
3332 5099 3480 5160 ὲντὺς
3510 5099 3635 5164 ἐγε-

2055 5201 2228 5270 νόμην
2257 5196 2639 5251 καταλιποῦσα
2667 5195 2733 5248 τά
2757 5194 2988 5265 αἰσθητή
3001 5209 3115 5264 pta.‘
3155 5192 3243 5244 ὅτε
3270 5189 3638 5260 περιεσχέθην

2057 5293 2122 5360 τῇ
2149 5291 2268 5360 Θείᾳ.
2299 5288 2480 5350 νυκτὶ,
2513 5287 2601 5340 τὸν
2637 5286 2821 5356 γνόφῳ
2847 5283 3230 5355 κεκρυμμένον
3267 5280 3634 5350 ἀναζητοῦσα,

2056 5383 2178 5433 τότε
2229 5380 2328 5449 μὲν
2363 5381 2461 5448 τὴν
2495 5379 2716 5447 ἀγάπην
2771 5378 2905 5448 πρὸς
2943 5377 3005 5428 τὸ
3051 5374 3386 5449 ποθούμενον
3435 5371 3633 5442 ἐσχονο

2059 5474 2191 5527 αὐτὸ
2223 5473 2278 5527 δὲ
2325 5474 2386 5527 τὸ
2417 5472 2804 5543 ἀγαπώμενον,
2851 5471 3012 5540 διέπη
3056 5468 3164 5522 τῶν
3211 5464 3489 5538 λογισμῶν
3536 5464 3637 5535 τὴν
