  <div class='ocr_page' id='page_1' title='image "/cluster/home/n/w/nwhite01/storage/ocr_20150623/87:pt.2/coo.31924054869908/050.png"; bbox 0 0 4060 6410; ppageno 0'>
   <div class='ocr_carea' id='block_1_1' title="bbox 350 378 547 464">
    <p class='ocr_par' dir='ltr' id='par_1_1' title="bbox 350 378 547 464">
     <span class='ocr_line' id='line_1_1' title="bbox 350 378 547 464; baseline 0.005 -1"><span class='ocrx_word' id='word_1_1' title='bbox 350 378 365 393; x_wconf 81' lang='grc'><strong>’</strong></span> <span class='ocrx_word' id='word_1_2' title='bbox 406 396 547 464; x_wconf 77' lang='lat'><strong>1611</strong></span> 
     </span>
    </p>
   </div>
   <div class='ocr_carea' id='block_1_2' title="bbox 1352 406 2659 475">
    <p class='ocr_par' dir='ltr' id='par_1_2' title="bbox 1352 406 2659 475">
     <span class='ocr_line' id='line_1_2' title="bbox 1352 406 2659 475; baseline 0.005 -7"><span class='ocrx_word' id='word_1_3' title='bbox 1352 406 1888 469; x_wconf 79' lang='lat' dir='ltr'><strong>COMMENTARII</strong></span> <span class='ocrx_word' id='word_1_4' title='bbox 1912 407 1992 469; x_wconf 92' lang='lat' dir='ltr'><strong>IN</strong></span> <span class='ocrx_word' id='word_1_5' title='bbox 2017 408 2336 473; x_wconf 83' lang='lat' dir='ltr'><strong>CANTICA</strong></span> <span class='ocrx_word' id='word_1_6' title='bbox 2366 410 2659 475; x_wconf 83' lang='lat' dir='ltr'><strong>CANTIC.</strong></span> 
     </span>
    </p>
   </div>
   <div class='ocr_carea' id='block_1_3' title="bbox 3547 410 3683 475">
    <p class='ocr_par' dir='ltr' id='par_1_3' title="bbox 3547 410 3683 475">
     <span class='ocr_line' id='line_1_3' title="bbox 3547 410 3683 475; baseline 0 0"><span class='ocrx_word' id='word_1_7' title='bbox 3547 410 3683 475; x_wconf 77' lang='grc'><strong>1618</strong></span> 
     </span>
    </p>
   </div>
   <div class='ocr_carea' id='block_1_4' title="bbox 403 510 2011 594">
    <p class='ocr_par' dir='ltr' id='par_1_4' title="bbox 403 510 2005 590">
     <span class='ocr_line' id='line_1_4' title="bbox 403 510 2005 590; baseline 0.006 -27"><span class='ocrx_word' id='word_1_8' title='bbox 403 511 681 582; x_wconf 76' lang='grc' dir='ltr'>συλλαϐήν</span> <span class='ocrx_word' id='word_1_9' title='bbox 705 553 719 565; x_wconf 93' lang='grc'><strong>.</strong></span> <span class='ocrx_word' id='word_1_10' title='bbox 765 510 994 584; x_wconf 77' lang='grc' dir='ltr'>ἐζήτουν</span> <span class='ocrx_word' id='word_1_11' title='bbox 1042 514 1149 586; x_wconf 80' lang='grc' dir='ltr'>γὰρ</span> <span class='ocrx_word' id='word_1_12' title='bbox 1186 515 1352 569; x_wconf 73' lang='grc' dir='ltr'>αὐτὸν</span> <span class='ocrx_word' id='word_1_13' title='bbox 1386 517 1482 570; x_wconf 69' lang='grc' dir='ltr'>ἐπὶ</span> <span class='ocrx_word' id='word_1_14' title='bbox 1527 517 1626 589; x_wconf 82' lang='grc' dir='ltr'>τὴν</span> <span class='ocrx_word' id='word_1_15' title='bbox 1655 518 1846 590; x_wconf 82' lang='grc' dir='ltr'><strong>κοίτην</strong></span> <span class='ocrx_word' id='word_1_16' title='bbox 1880 536 2005 589; x_wconf 92' lang='grc' dir='ltr'>μου,</span> 
     </span>
    </p>
   </div>
   <div class='ocr_carea' id='block_1_5' title="bbox 2113 510 3681 594">
    <p class='ocr_par' dir='ltr' id='par_1_5' title="bbox 2113 520 3681 594">
     <span class='ocr_line' id='line_1_5' title="bbox 2113 520 3681 594; baseline 0.001 -19"><span class='ocrx_word' id='word_1_17' title='bbox 2113 537 2241 577; x_wconf 90' lang='lat' dir='ltr'><strong>rens</strong></span> <span class='ocrx_word' id='word_1_18' title='bbox 2278 538 2404 577; x_wconf 90' lang='lat' dir='ltr'><strong>eum</strong></span> <span class='ocrx_word' id='word_1_19' title='bbox 2440 524 2536 594; x_wconf 99' lang='lat' dir='ltr'><strong>qui</strong></span> <span class='ocrx_word' id='word_1_20' title='bbox 2584 523 2797 579; x_wconf 88' lang='lat' dir='ltr'><strong>latebat</strong></span> <span class='ocrx_word' id='word_1_21' title='bbox 2830 520 2934 579; x_wconf 88' lang='lat' dir='ltr'><strong>sub</strong></span> <span class='ocrx_word' id='word_1_22' title='bbox 2962 521 3232 594; x_wconf 84' lang='lat' dir='ltr'><strong>caligine;</strong></span> <span class='ocrx_word' id='word_1_23' title='bbox 3289 529 3419 577; x_wconf 89' lang='lat' dir='ltr'><strong>tunc</strong></span> <span class='ocrx_word' id='word_1_24' title='bbox 3458 523 3681 592; x_wconf 80' lang='lat' dir='ltr'><strong>quidem</strong></span> 
     </span>
    </p>
   </div>
   <div class='ocr_carea' id='block_1_6' title="bbox 402 602 1999 682">
    <p class='ocr_par' dir='ltr' id='par_1_6' title="bbox 402 602 1999 682">
     <span class='ocr_line' id='line_1_6' title="bbox 402 602 1999 682; baseline 0.004 -24"><span class='ocrx_word' id='word_1_25' title='bbox 402 602 549 658; x_wconf 76' lang='grc' dir='ltr'>ὥστε</span> <span class='ocrx_word' id='word_1_26' title='bbox 574 604 778 674; x_wconf 82' lang='grc' dir='ltr'>γνῶναι</span> <span class='ocrx_word' id='word_1_27' title='bbox 804 606 888 670; x_wconf 87' lang='grc' dir='ltr'><strong>τίς</strong></span> <span class='ocrx_word' id='word_1_28' title='bbox 917 608 977 660; x_wconf 86' lang='grc' dir='ltr'><strong>ἐν</strong></span> <span class='ocrx_word' id='word_1_29' title='bbox 1004 607 1156 671; x_wconf 76' lang='grc' dir='ltr'>νυξὶν</span> <span class='ocrx_word' id='word_1_30' title='bbox 1183 609 1217 677; x_wconf 83' lang='grc' dir='ltr'><strong>ή</strong></span> <span class='ocrx_word' id='word_1_31' title='bbox 1247 608 1428 675; x_wconf 77' lang='grc' dir='ltr'>οὐσία,</span> <span class='ocrx_word' id='word_1_32' title='bbox 1451 608 1619 664; x_wconf 85' lang='grc' dir='ltr'>ποθεν</span> <span class='ocrx_word' id='word_1_33' title='bbox 1645 609 1889 682; x_wconf 73' lang='grc' dir='ltr'>ἔρχεται,</span> <span class='ocrx_word' id='word_1_34' title='bbox 1919 615 1999 677; x_wconf 84' lang='grc' dir='ltr'><strong>είς</strong></span> 
     </span>
    </p>
   </div>
   <div class='ocr_carea' id='block_1_7' title="bbox 401 695 1990 774">
    <p class='ocr_par' dir='ltr' id='par_1_7' title="bbox 401 695 1990 774">
     <span class='ocr_line' id='line_1_7' title="bbox 401 695 1990 774; baseline 0.006 -26"><span class='ocrx_word' id='word_1_35' title='bbox 401 697 457 748; x_wconf 85' lang='grc' dir='ltr'><strong>τί</strong></span> <span class='ocrx_word' id='word_1_36' title='bbox 487 697 817 766; x_wconf 76' lang='grc' dir='ltr'><strong>καταλήγει,</strong></span> <span class='ocrx_word' id='word_1_37' title='bbox 848 698 907 750; x_wconf 88' lang='grc' dir='ltr'><strong>ἐν</strong></span> <span class='ocrx_word' id='word_1_38' title='bbox 952 698 1059 751; x_wconf 88' lang='grc' dir='ltr'>τίνι</span> <span class='ocrx_word' id='word_1_39' title='bbox 1085 698 1200 768; x_wconf 73' lang='grc' dir='ltr'>ἔχει</span> <span class='ocrx_word' id='word_1_40' title='bbox 1224 698 1286 752; x_wconf 81' lang='grc' dir='ltr'>τὸ</span> <span class='ocrx_word' id='word_1_41' title='bbox 1311 695 1472 765; x_wconf 75' lang='grc' dir='ltr'>εἶναι,</span> <span class='ocrx_word' id='word_1_42' title='bbox 1512 700 1630 753; x_wconf 82' lang='grc' dir='ltr'>ἀλλ’</span> <span class='ocrx_word' id='word_1_43' title='bbox 1670 702 1768 771; x_wconf 79' lang='grc' dir='ltr'><strong>οὐχ</strong></span> <span class='ocrx_word' id='word_1_44' title='bbox 1810 697 1990 774; x_wconf 71' lang='grc' dir='ltr'>εὗρον.</span> 
     </span>
    </p>
   </div>
   <div class='ocr_carea' id='block_1_8' title="bbox 384 784 1997 867">
    <p class='ocr_par' dir='ltr' id='par_1_8' title="bbox 384 784 1997 867">
     <span class='ocr_line' id='line_1_8' title="bbox 384 784 1997 867; baseline 0.004 -27"><span class='ocrx_word' id='word_1_45' title='bbox 384 784 545 867; x_wconf 4' lang='grc' dir='ltr'>,Εἶτά</span> <span class='ocrx_word' id='word_1_46' title='bbox 580 805 768 860; x_wconf 53' lang='grc' dir='ltr'>φησιν,</span> <span class='ocrx_word' id='word_1_47' title='bbox 802 789 1070 844; x_wconf 83' lang='grc' dir='ltr'>Ἐκάλεσα</span> <span class='ocrx_word' id='word_1_48' title='bbox 1114 790 1279 844; x_wconf 80' lang='grc' dir='ltr'>αὑτὸν</span> <span class='ocrx_word' id='word_1_49' title='bbox 1294 791 1387 845; x_wconf 83' lang='grc' dir='ltr'>τὸν</span> <span class='ocrx_word' id='word_1_50' title='bbox 1414 793 1880 863; x_wconf 84' lang='grc' dir='ltr'>ἀκατανόμαστον</span> <span class='ocrx_word' id='word_1_51' title='bbox 1919 794 1997 858; x_wconf 83' lang='grc' dir='ltr'>ὡς</span> 
     </span>
    </p>
   </div>
   <div class='ocr_carea' id='block_1_9' title="bbox 404 880 2002 958">
    <p class='ocr_par' dir='ltr' id='par_1_9' title="bbox 404 880 2002 958">
     <span class='ocr_line' id='line_1_9' title="bbox 404 880 2002 958; baseline 0.004 -26"><span class='ocrx_word' id='word_1_52' title='bbox 404 881 538 950; x_wconf 82' lang='grc' dir='ltr'>ἐνῆν</span> <span class='ocrx_word' id='word_1_53' title='bbox 568 880 911 951; x_wconf 79' lang='grc' dir='ltr'>όνομάζουσα</span> <span class='ocrx_word' id='word_1_54' title='bbox 945 882 1043 937; x_wconf 59' lang='grc' dir='ltr'><strong>καὶ⁵</strong></span> <span class='ocrx_word' id='word_1_55' title='bbox 1071 883 1172 936; x_wconf 82' lang='grc' dir='ltr'><strong>οὐκ</strong></span> <span class='ocrx_word' id='word_1_56' title='bbox 1223 884 1503 952; x_wconf 77' lang='grc' dir='ltr'>ἐπήκουσέ</span> <span class='ocrx_word' id='word_1_57' title='bbox 1551 902 1681 955; x_wconf 87' lang='grc' dir='ltr'>μου·</span> <span class='ocrx_word' id='word_1_58' title='bbox 1709 886 1770 938; x_wconf 80' lang='grc' dir='ltr'><strong>οὐ</strong></span> <span class='ocrx_word' id='word_1_59' title='bbox 1796 886 1905 958; x_wconf 78' lang='grc' dir='ltr'><strong>γὰρ</strong></span> <span class='ocrx_word' id='word_1_60' title='bbox 1933 881 2002 958; x_wconf 80' lang='grc' dir='ltr'>ἦν</span> 
     </span>
    </p>
   </div>
   <div class='ocr_carea' id='block_1_10' title="bbox 400 972 2000 1047">
    <p class='ocr_par' dir='ltr' id='par_1_10' title="bbox 400 972 2000 1047">
     <span class='ocr_line' id='line_1_10' title="bbox 400 972 2000 1047; baseline 0.004 -23"><span class='ocrx_word' id='word_1_61' title='bbox 400 972 673 1043; x_wconf 74' lang='grc' dir='ltr'>ὀνόματος</span> <span class='ocrx_word' id='word_1_62' title='bbox 704 972 947 1042; x_wconf 71' lang='grc' dir='ltr'>ἔμφασις</span> <span class='ocrx_word' id='word_1_63' title='bbox 973 976 1006 1045; x_wconf 82' lang='grc' dir='ltr'><strong>ή</strong></span> <span class='ocrx_word' id='word_1_64' title='bbox 1049 975 1452 1046; x_wconf 81' lang='grc' dir='ltr'>καθικνουμένη</span> <span class='ocrx_word' id='word_1_65' title='bbox 1496 977 1591 1032; x_wconf 88' lang='grc' dir='ltr'><strong>τοῦ</strong></span> <span class='ocrx_word' id='word_1_66' title='bbox 1625 976 1963 1047; x_wconf 78' lang='grc' dir='ltr'><strong>ζητουμένου</strong></span> <span class='ocrx_word' id='word_1_67' title='bbox 1983 993 2000 1010; x_wconf 81' lang='grc' dir='ltr'><strong><em>ο</em></strong></span> 
     </span>
    </p>
   </div>
   <div class='ocr_carea' id='block_1_11' title="bbox 402 1063 2004 1141">
    <p class='ocr_par' dir='ltr' id='par_1_11' title="bbox 402 1063 2004 1141">
     <span class='ocr_line' id='line_1_11' title="bbox 402 1063 2004 1141; baseline 0.005 -26"><span class='ocrx_word' id='word_1_68' title='bbox 402 1063 532 1117; x_wconf 85' lang='grc' dir='ltr'>τότε</span> <span class='ocrx_word' id='word_1_69' title='bbox 562 1063 741 1119; x_wconf 78' lang='grc' dir='ltr'><strong>τοίνυν</strong></span> <span class='ocrx_word' id='word_1_70' title='bbox 772 1064 969 1134; x_wconf 78' lang='grc' dir='ltr'>ἔγνων,</span> <span class='ocrx_word' id='word_1_71' title='bbox 1004 1068 1089 1121; x_wconf 83' lang='grc' dir='ltr'>ὅτι</span> <span class='ocrx_word' id='word_1_72' title='bbox 1122 1067 1223 1137; x_wconf 84' lang='grc' dir='ltr'>τῆς</span> <span class='ocrx_word' id='word_1_73' title='bbox 1272 1068 1753 1141; x_wconf 78' lang='grc' dir='ltr'><strong>μεγαλοπρεπείας</strong></span> <span class='ocrx_word' id='word_1_74' title='bbox 1789 1070 1889 1139; x_wconf 82' lang='grc' dir='ltr'>τῆς</span> <span class='ocrx_word' id='word_1_75' title='bbox 1917 1070 2004 1123; x_wconf 85' lang='grc' dir='ltr'>δό-</span> 
     </span>
    </p>
   </div>
   <div class='ocr_carea' id='block_1_12' title="bbox 407 1154 2003 1232">
    <p class='ocr_par' dir='ltr' id='par_1_12' title="bbox 407 1154 2003 1232">
     <span class='ocr_line' id='line_1_12' title="bbox 407 1154 2003 1232; baseline 0.005 -23"><span class='ocrx_word' id='word_1_76' title='bbox 407 1154 507 1222; x_wconf 79' lang='grc' dir='ltr'>ξης</span> <span class='ocrx_word' id='word_1_77' title='bbox 536 1157 639 1226; x_wconf 80' lang='grc' dir='ltr'><strong>τῆς</strong></span> <span class='ocrx_word' id='word_1_78' title='bbox 679 1157 994 1230; x_wconf 81' lang='grc' dir='ltr'><strong>ἁγιωσύνης</strong></span> <span class='ocrx_word' id='word_1_79' title='bbox 1021 1158 1190 1214; x_wconf 81' lang='grc' dir='ltr'>αὑτοῦ</span> <span class='ocrx_word' id='word_1_80' title='bbox 1223 1160 1327 1213; x_wconf 76' lang='grc' dir='ltr'><strong>οὐκ</strong></span> <span class='ocrx_word' id='word_1_81' title='bbox 1352 1160 1470 1214; x_wconf 78' lang='grc' dir='ltr'>ἐστι</span> <span class='ocrx_word' id='word_1_82' title='bbox 1509 1161 1709 1232; x_wconf 78' lang='grc' dir='ltr'>πέρας.</span> <span class='ocrx_word' id='word_1_83' title='bbox 1734 1161 1899 1215; x_wconf 87' lang='grc' dir='ltr'>Ὅθεν</span> <span class='ocrx_word' id='word_1_84' title='bbox 1921 1162 2003 1216; x_wconf 91' lang='grc' dir='ltr'>δι-</span> 
     </span>
    </p>
   </div>
   <div class='ocr_carea' id='block_1_13' title="bbox 405 1247 2002 1324">
    <p class='ocr_par' dir='ltr' id='par_1_13' title="bbox 405 1247 2002 1324">
     <span class='ocr_line' id='line_1_13' title="bbox 405 1247 2002 1324; baseline 0.002 -23"><span class='ocrx_word' id='word_1_85' title='bbox 405 1247 691 1317; x_wconf 84' lang='grc' dir='ltr'>ανίστησιν</span> <span class='ocrx_word' id='word_1_86' title='bbox 719 1251 922 1321; x_wconf 77' lang='grc' dir='ltr'>ἑαυτὴν</span> <span class='ocrx_word' id='word_1_87' title='bbox 943 1250 1042 1309; x_wconf 70' lang='grc' dir='ltr'>καὶ</span> <span class='ocrx_word' id='word_1_88' title='bbox 1061 1250 1351 1319; x_wconf 77' lang='grc' dir='ltr'>περιπολεῖ</span> <span class='ocrx_word' id='word_1_89' title='bbox 1381 1254 1447 1322; x_wconf 81' lang='grc' dir='ltr'>τῇ</span> <span class='ocrx_word' id='word_1_90' title='bbox 1470 1252 1683 1323; x_wconf 82' lang='grc' dir='ltr'>διανοίᾳ</span> <span class='ocrx_word' id='word_1_91' title='bbox 1705 1251 1804 1323; x_wconf 83' lang='grc' dir='ltr'>τὴν</span> <span class='ocrx_word' id='word_1_92' title='bbox 1827 1253 1929 1306; x_wconf 77' lang='grc' dir='ltr'><strong>ύπε</strong></span> <span class='ocrx_word' id='word_1_93' title='bbox 1942 1269 2002 1324; x_wconf 91' lang='grc' dir='ltr'><strong>ρ-</strong></span> 
     </span>
    </p>
   </div>
   <div class='ocr_carea' id='block_1_14' title="bbox 406 1340 2005 1419">
    <p class='ocr_par' dir='ltr' id='par_1_14' title="bbox 406 1340 2005 1419">
     <span class='ocr_line' id='line_1_14' title="bbox 406 1340 2005 1419; baseline 0.004 -26"><span class='ocrx_word' id='word_1_94' title='bbox 406 1340 639 1411; x_wconf 80' lang='grc' dir='ltr'>κόσμιον</span> <span class='ocrx_word' id='word_1_95' title='bbox 667 1340 852 1410; x_wconf 77' lang='grc' dir='ltr'>φύσιν,</span> <span class='ocrx_word' id='word_1_96' title='bbox 896 1343 964 1413; x_wconf 70' lang='grc' dir='ltr'>ἦν</span> <span class='ocrx_word' id='word_1_97' title='bbox 1007 1342 1240 1397; x_wconf 80' lang='grc' dir='ltr'>ἐκάλεσε</span> <span class='ocrx_word' id='word_1_98' title='bbox 1287 1344 1469 1409; x_wconf 86' lang='grc' dir='ltr'>πόλιν,</span> <span class='ocrx_word' id='word_1_99' title='bbox 1513 1345 1574 1398; x_wconf 81' lang='grc' dir='ltr'><strong>ἐν</strong></span> <span class='ocrx_word' id='word_1_100' title='bbox 1712 1345 2005 1416; x_wconf 72' lang='grc' dir='ltr'>ἀρχαὶκαὶ</span> 
     </span>
    </p>
   </div>
   <div class='ocr_carea' id='block_1_15' title="bbox 405 1434 2003 1508">
    <p class='ocr_par' dir='ltr' id='par_1_15' title="bbox 405 1434 2003 1508">
     <span class='ocr_line' id='line_1_15' title="bbox 405 1434 2003 1508; baseline 0.002 -21"><span class='ocrx_word' id='word_1_101' title='bbox 405 1434 738 1505; x_wconf 73' lang='grc' dir='ltr'><strong>κυριότητες</strong></span> <span class='ocrx_word' id='word_1_102' title='bbox 769 1435 865 1488; x_wconf 72' lang='grc' dir='ltr'>καὶ</span> <span class='ocrx_word' id='word_1_103' title='bbox 888 1437 940 1488; x_wconf 84' lang='lat' dir='ltr'><strong>oi</strong></span> <span class='ocrx_word' id='word_1_104' title='bbox 966 1438 1087 1500; x_wconf 84' lang='grc' dir='ltr'>ταῖς</span> <span class='ocrx_word' id='word_1_105' title='bbox 1110 1437 1387 1504; x_wconf 70' lang='grc' dir='ltr'><strong>ἐξουσίαις</strong></span> <span class='ocrx_word' id='word_1_106' title='bbox 1416 1438 1851 1507; x_wconf 80' lang='grc' dir='ltr'><strong>ἀποτεταγμένοι</strong></span> <span class='ocrx_word' id='word_1_107' title='bbox 1873 1437 2003 1508; x_wconf 84' lang='grc' dir='ltr'>θρό-</span> 
     </span>
    </p>
   </div>
   <div class='ocr_carea' id='block_1_16' title="bbox 401 1525 2004 1601">
    <p class='ocr_par' dir='ltr' id='par_1_16' title="bbox 401 1525 2004 1601">
     <span class='ocr_line' id='line_1_16' title="bbox 401 1525 2004 1601; baseline 0.006 -27"><span class='ocrx_word' id='word_1_108' title='bbox 401 1539 517 1591; x_wconf 83' lang='grc' dir='ltr'>νοι,</span> <span class='ocrx_word' id='word_1_109' title='bbox 552 1526 589 1596; x_wconf 77' lang='grc' dir='ltr'><strong>ἥ</strong></span> <span class='ocrx_word' id='word_1_110' title='bbox 620 1543 681 1579; x_wconf 86' lang='grc' dir='ltr'><strong>τε</strong></span> <span class='ocrx_word' id='word_1_111' title='bbox 714 1525 828 1581; x_wconf 78' lang='grc' dir='ltr'><strong>τῶν</strong></span> <span class='ocrx_word' id='word_1_112' title='bbox 854 1529 1200 1600; x_wconf 72' lang='grc' dir='ltr'><strong>ἐπουρανίων</strong></span> <span class='ocrx_word' id='word_1_113' title='bbox 1228 1530 1534 1601; x_wconf 81' lang='grc' dir='ltr'>πανήγυρις</span> <span class='ocrx_word' id='word_1_114' title='bbox 1556 1546 1568 1561; x_wconf 78' lang='grc'><strong>⁸</strong></span> <span class='ocrx_word' id='word_1_115' title='bbox 1587 1528 1616 1583; x_wconf 83' lang='grc' dir='ltr'>ὃ</span> <span class='ocrx_word' id='word_1_116' title='bbox 1640 1530 1702 1582; x_wconf 87' lang='grc' dir='ltr'><strong>τδ</strong></span> <span class='ocrx_word' id='word_1_117' title='bbox 1731 1529 1833 1598; x_wconf 83' lang='grc' dir='ltr'>τῆς</span> <span class='ocrx_word' id='word_1_118' title='bbox 1868 1530 2004 1583; x_wconf 86' lang='grc' dir='ltr'>πλα-</span> 
     </span>
    </p>
   </div>
   <div class='ocr_carea' id='block_1_17' title="bbox 400 1614 2005 1692">
    <p class='ocr_par' dir='ltr' id='par_1_17' title="bbox 400 1614 2005 1692">
     <span class='ocr_line' id='line_1_17' title="bbox 400 1614 2005 1692; baseline 0.002 -21"><span class='ocrx_word' id='word_1_119' title='bbox 400 1614 567 1678; x_wconf 74' lang='grc' dir='ltr'>τείας</span> <span class='ocrx_word' id='word_1_120' title='bbox 586 1616 942 1688; x_wconf 80' lang='grc' dir='ltr'><strong>διασημαίνει</strong></span> <span class='ocrx_word' id='word_1_121' title='bbox 964 1620 1227 1690; x_wconf 74' lang='grc' dir='ltr'>όνόματιο</span> <span class='ocrx_word' id='word_1_122' title='bbox 1258 1620 1335 1692; x_wconf 83' lang='grc' dir='ltr'>μὴ</span> <span class='ocrx_word' id='word_1_123' title='bbox 1370 1619 1608 1691; x_wconf 82' lang='grc' dir='ltr'>εὑροῦσα</span> <span class='ocrx_word' id='word_1_124' title='bbox 1638 1620 1696 1674; x_wconf 79' lang='grc' dir='ltr'>δὲ</span> <span class='ocrx_word' id='word_1_125' title='bbox 1730 1622 1788 1674; x_wconf 81' lang='grc' dir='ltr'><strong>ἐν</strong></span> <span class='ocrx_word' id='word_1_126' title='bbox 1817 1621 2005 1685; x_wconf 81' lang='grc' dir='ltr'>αὐτοῖς</span> 
     </span>
    </p>
   </div>
   <div class='ocr_carea' id='block_1_18' title="bbox 404 1699 2002 1785">
    <p class='ocr_par' dir='ltr' id='par_1_18' title="bbox 404 1699 2002 1785">
     <span class='ocr_line' id='line_1_18' title="bbox 404 1699 2002 1785; baseline 0.007 -27"><span class='ocrx_word' id='word_1_127' title='bbox 404 1707 476 1760; x_wconf 84' lang='grc' dir='ltr'><strong>τδ</strong></span> <span class='ocrx_word' id='word_1_128' title='bbox 503 1706 868 1780; x_wconf 80' lang='grc' dir='ltr'>ποθούμενον,</span> <span class='ocrx_word' id='word_1_129' title='bbox 901 1711 1025 1766; x_wconf 84' lang='grc' dir='ltr'>καθ’</span> <span class='ocrx_word' id='word_1_130' title='bbox 1063 1712 1265 1782; x_wconf 79' lang='grc' dir='ltr'>ἑαυτὴν</span> <span class='ocrx_word' id='word_1_131' title='bbox 1286 1713 1604 1781; x_wconf 64' lang='grc' dir='ltr'>ἐλογίσατο*</span> <span class='ocrx_word' id='word_1_132' title='bbox 1765 1714 1877 1785; x_wconf 75' lang='grc' dir='ltr'>ἄρα</span> <span class='ocrx_word' id='word_1_133' title='bbox 1897 1714 2002 1770; x_wconf 77' lang='grc' dir='ltr'>κᾶν</span> 
     </span>
    </p>
   </div>
   <div class='ocr_carea' id='block_1_19' title="bbox 407 1800 2003 1875">
    <p class='ocr_par' dir='ltr' id='par_1_19' title="bbox 407 1800 2003 1875">
     <span class='ocr_line' id='line_1_19' title="bbox 407 1800 2003 1875; baseline 0.005 -23"><span class='ocrx_word' id='word_1_134' title='bbox 407 1801 653 1871; x_wconf 61' lang='lat' dir='ltr'><strong>exslvet;</strong></span> <span class='ocrx_word' id='word_1_135' title='bbox 676 1800 883 1873; x_wconf 80' lang='grc' dir='ltr'>ληπτόν</span> <span class='ocrx_word' id='word_1_136' title='bbox 909 1804 1026 1859; x_wconf 82' lang='grc' dir='ltr'>ἐστι</span> <span class='ocrx_word' id='word_1_137' title='bbox 1060 1804 1122 1857; x_wconf 83' lang='grc' dir='ltr'>τὸ</span> <span class='ocrx_word' id='word_1_138' title='bbox 1148 1806 1280 1875; x_wconf 77' lang='grc' dir='ltr'>παρ’</span> <span class='ocrx_word' id='word_1_139' title='bbox 1305 1803 1441 1874; x_wconf 90' lang='grc' dir='ltr'>ἐμοῦ</span> <span class='ocrx_word' id='word_1_140' title='bbox 1480 1803 1845 1874; x_wconf 78' lang='grc' dir='ltr'>ἀγαπώμενον</span> <span class='ocrx_word' id='word_1_141' title='bbox 1869 1822 1883 1837; x_wconf 73' lang='grc' dir='ltr'><strong>ο</strong></span> <span class='ocrx_word' id='word_1_142' title='bbox 1914 1807 2003 1861; x_wconf 81' lang='grc' dir='ltr'><strong>διὰ</strong></span> 
     </span>
    </p>
   </div>
   <div class='ocr_carea' id='block_1_20' title="bbox 403 1892 2001 1967">
    <p class='ocr_par' dir='ltr' id='par_1_20' title="bbox 403 1892 2001 1967">
     <span class='ocr_line' id='line_1_20' title="bbox 403 1892 2001 1967; baseline 0.004 -22"><span class='ocrx_word' id='word_1_143' title='bbox 403 1892 471 1945; x_wconf 81' lang='grc' dir='ltr'>δὲ</span> <span class='ocrx_word' id='word_1_144' title='bbox 500 1895 607 1963; x_wconf 79' lang='grc' dir='ltr'>τῆς</span> <span class='ocrx_word' id='word_1_145' title='bbox 646 1895 860 1965; x_wconf 80' lang='grc' dir='ltr'><strong>σιωπῆς</strong></span> <span class='ocrx_word' id='word_1_146' title='bbox 907 1895 1295 1965; x_wconf 78' lang='grc' dir='ltr'>ἐνδειξαμένου</span> <span class='ocrx_word' id='word_1_147' title='bbox 1330 1895 1393 1950; x_wconf 81' lang='grc' dir='ltr'>τὸ</span> <span class='ocrx_word' id='word_1_148' title='bbox 1434 1895 1843 1967; x_wconf 83' lang='grc' dir='ltr'>ἀκατάληπτον,</span> <span class='ocrx_word' id='word_1_149' title='bbox 1890 1899 2001 1951; x_wconf 85' lang='grc' dir='ltr'><strong>πᾶν</strong></span> 
     </span>
    </p>
   </div>
   <div class='ocr_carea' id='block_1_21' title="bbox 403 1974 1999 2065">
    <p class='ocr_par' dir='ltr' id='par_1_21' title="bbox 403 1974 1999 2065">
     <span class='ocr_line' id='line_1_21' title="bbox 403 1974 1999 2065; baseline 0.004 -30"><span class='ocrx_word' id='word_1_150' title='bbox 403 1984 474 2036; x_wconf 82' lang='grc' dir='ltr'><strong>τὺ</strong></span> <span class='ocrx_word' id='word_1_151' title='bbox 503 1985 902 2065; x_wconf 78' lang='grc' dir='ltr'>εὑρισκόμενον</span> <span class='ocrx_word' id='word_1_152' title='bbox 941 1989 1144 2057; x_wconf 82' lang='grc' dir='ltr'>ἀφεῖσα</span> <span class='ocrx_word' id='word_1_153' title='bbox 1183 1987 1338 2059; x_wconf 80' lang='grc' dir='ltr'>μόλις</span> <span class='ocrx_word' id='word_1_154' title='bbox 1369 1987 1514 2057; x_wconf 74' lang='grc' dir='ltr'>ἔγνω</span> <span class='ocrx_word' id='word_1_155' title='bbox 1550 1989 1613 2042; x_wconf 77' lang='grc' dir='ltr'>τὸ</span> <span class='ocrx_word' id='word_1_156' title='bbox 1643 1974 1999 2065; x_wconf 76' lang='grc' dir='ltr'>ζητοῦμενον,</span> 
     </span>
    </p>
   </div>
   <div class='ocr_carea' id='block_1_22' title="bbox 399 2064 2001 2148">
    <p class='ocr_par' dir='ltr' id='par_1_22' title="bbox 399 2064 2001 2148">
     <span class='ocr_line' id='line_1_22' title="bbox 399 2064 2001 2148; baseline 0.005 -22"><span class='ocrx_word' id='word_1_157' title='bbox 399 2076 485 2137; x_wconf 80' lang='grc' dir='ltr'>ὡς</span> <span class='ocrx_word' id='word_1_158' title='bbox 516 2076 580 2129; x_wconf 85' lang='grc' dir='ltr'>ὲν</span> <span class='ocrx_word' id='word_1_159' title='bbox 604 2064 683 2147; x_wconf 77' lang='grc' dir='ltr'><strong>τῷ</strong></span> <span class='ocrx_word' id='word_1_160' title='bbox 716 2076 792 2147; x_wconf 79' lang='grc' dir='ltr'>μὴ</span> <span class='ocrx_word' id='word_1_161' title='bbox 812 2078 1165 2148; x_wconf 81' lang='grc' dir='ltr'>εὑρίσκεσθαι</span> <span class='ocrx_word' id='word_1_162' title='bbox 1198 2079 1251 2132; x_wconf 90' lang='grc' dir='ltr'><strong>τί</strong></span> <span class='ocrx_word' id='word_1_163' title='bbox 1275 2081 1445 2147; x_wconf 85' lang='grc' dir='ltr'>ἐστιν,</span> <span class='ocrx_word' id='word_1_164' title='bbox 1476 2080 1561 2134; x_wconf 78' lang='grc' dir='ltr'>ὃτι</span> <span class='ocrx_word' id='word_1_165' title='bbox 1589 2080 1708 2133; x_wconf 80' lang='grc' dir='ltr'>ἐστὶ</span> <span class='ocrx_word' id='word_1_166' title='bbox 1730 2064 2001 2148; x_wconf 76' lang='grc' dir='ltr'>γινώσκε-</span> 
     </span>
    </p>
   </div>
   <div class='ocr_carea' id='block_1_23' title="bbox 400 2167 2004 2243">
    <p class='ocr_par' dir='ltr' id='par_1_23' title="bbox 400 2167 2004 2243">
     <span class='ocr_line' id='line_1_23' title="bbox 400 2167 2004 2243; baseline 0.006 -25"><span class='ocrx_word' id='word_1_167' title='bbox 400 2184 520 2221; x_wconf 88' lang='grc' dir='ltr'>ται.</span> <span class='ocrx_word' id='word_1_168' title='bbox 573 2167 669 2220; x_wconf 91' lang='grc' dir='ltr'>Διό</span> <span class='ocrx_word' id='word_1_169' title='bbox 714 2185 901 2238; x_wconf 86' lang='grc' dir='ltr'>φησιν,</span> <span class='ocrx_word' id='word_1_170' title='bbox 925 2170 1060 2224; x_wconf 83' lang='grc' dir='ltr'><strong>Ὅτε</strong></span> <span class='ocrx_word' id='word_1_171' title='bbox 1105 2171 1305 2242; x_wconf 79' lang='grc' dir='ltr'>μικρὸν</span> <span class='ocrx_word' id='word_1_172' title='bbox 1353 2171 1635 2243; x_wconf 83' lang='grc' dir='ltr'>παρῆλθον</span> <span class='ocrx_word' id='word_1_173' title='bbox 1684 2172 1793 2225; x_wconf 79' lang='grc' dir='ltr'><strong>ἀπὸ</strong></span> <span class='ocrx_word' id='word_1_174' title='bbox 1819 2172 2004 2242; x_wconf 81' lang='grc' dir='ltr'>πάσης</span> 
     </span>
    </p>
   </div>
   <div class='ocr_carea' id='block_1_24' title="bbox 408 2259 1999 2336">
    <p class='ocr_par' dir='ltr' id='par_1_24' title="bbox 408 2259 1999 2336">
     <span class='ocr_line' id='line_1_24' title="bbox 408 2259 1999 2336; baseline 0.005 -26"><span class='ocrx_word' id='word_1_175' title='bbox 408 2259 902 2325; x_wconf 80' lang='grc' dir='ltr'>κτίσεως,’πᾶσαν</span> <span class='ocrx_word' id='word_1_176' title='bbox 954 2262 1157 2330; x_wconf 83' lang='grc' dir='ltr'>ἀφεῖσα</span> <span class='ocrx_word' id='word_1_177' title='bbox 1193 2262 1613 2335; x_wconf 79' lang='grc' dir='ltr'>καταληπτικὴν</span> <span class='ocrx_word' id='word_1_178' title='bbox 1661 2264 1875 2335; x_wconf 76' lang='grc' dir='ltr'>ἔφοδον,</span> <span class='ocrx_word' id='word_1_179' title='bbox 1931 2267 1999 2336; x_wconf 81' lang='grc' dir='ltr'>τῇ</span> 
     </span>
    </p>
   </div>
   <div class='ocr_carea' id='block_1_25' title="bbox 409 2349 2009 2427">
    <p class='ocr_par' dir='ltr' id='par_1_25' title="bbox 409 2349 2009 2427">
     <span class='ocr_line' id='line_1_25' title="bbox 409 2349 2009 2427; baseline 0.006 -26"><span class='ocrx_word' id='word_1_180' title='bbox 409 2350 601 2403; x_wconf 78' lang='grc' dir='ltr'>πίστει</span> <span class='ocrx_word' id='word_1_181' title='bbox 631 2352 725 2405; x_wconf 81' lang='grc' dir='ltr'>τὸν</span> <span class='ocrx_word' id='word_1_182' title='bbox 752 2351 1122 2425; x_wconf 83' lang='grc' dir='ltr'>ἀγαπώμενον</span> <span class='ocrx_word' id='word_1_183' title='bbox 1145 2349 1303 2425; x_wconf 77' lang='grc' dir='ltr'>εὗρον</span> <span class='ocrx_word' id='word_1_184' title='bbox 1324 2372 1339 2386; x_wconf 90' lang='grc'><strong>·</strong></span> <span class='ocrx_word' id='word_1_185' title='bbox 1366 2357 1434 2409; x_wconf 77' lang='grc' dir='ltr'><strong>δι’</strong></span> <span class='ocrx_word' id='word_1_186' title='bbox 1461 2350 1526 2427; x_wconf 85' lang='grc' dir='ltr'>ἦς</span> <span class='ocrx_word' id='word_1_187' title='bbox 1558 2358 1721 2411; x_wconf 65' lang='lat' dir='ltr'><strong>aliva</strong></span> <span class='ocrx_word' id='word_1_188' title='bbox 1746 2358 1843 2411; x_wconf 74' lang='lat' dir='ltr'><strong>xui.</strong></span> <span class='ocrx_word' id='word_1_189' title='bbox 1874 2373 2009 2426; x_wconf 87' lang='grc' dir='ltr'>κρα-</span> 
     </span>
    </p>
   </div>
   <div class='ocr_carea' id='block_1_26' title="bbox 410 2442 2005 2519">
    <p class='ocr_par' dir='ltr' id='par_1_26' title="bbox 410 2442 2005 2519">
     <span class='ocr_line' id='line_1_26' title="bbox 410 2442 2005 2519; baseline 0.004 -25"><span class='ocrx_word' id='word_1_190' title='bbox 410 2443 591 2510; x_wconf 81' lang='grc' dir='ltr'>τήσω,</span> <span class='ocrx_word' id='word_1_191' title='bbox 627 2442 734 2507; x_wconf 70' lang='grc' dir='ltr'>ἕως</span> <span class='ocrx_word' id='word_1_192' title='bbox 767 2443 833 2498; x_wconf 85' lang='grc' dir='ltr'>ἂν</span> <span class='ocrx_word' id='word_1_193' title='bbox 860 2446 1011 2509; x_wconf 82' lang='grc' dir='ltr'>ἐντὸς</span> <span class='ocrx_word' id='word_1_194' title='bbox 1051 2447 1279 2518; x_wconf 81' lang='grc' dir='ltr'>γένηται</span> <span class='ocrx_word' id='word_1_195' title='bbox 1310 2447 1411 2501; x_wconf 84' lang='grc' dir='ltr'><strong>τοῦ</strong></span> <span class='ocrx_word' id='word_1_196' title='bbox 1444 2449 1582 2519; x_wconf 86' lang='grc' dir='ltr'>ἐμοῦ</span> <span class='ocrx_word' id='word_1_197' title='bbox 1617 2447 1894 2518; x_wconf 77' lang='grc' dir='ltr'>ταμιείου,</span> <span class='ocrx_word' id='word_1_198' title='bbox 1925 2447 2005 2500; x_wconf 74' lang='grc' dir='ltr'><strong>ετ-</strong></span> 
     </span>
    </p>
   </div>
   <div class='ocr_carea' id='block_1_27' title="bbox 414 2534 2006 2611">
    <p class='ocr_par' dir='ltr' id='par_1_27' title="bbox 414 2534 2006 2611">
     <span class='ocr_line' id='line_1_27' title="bbox 414 2534 2006 2611; baseline 0.004 -24"><span class='ocrx_word' id='word_1_199' title='bbox 414 2550 543 2587; x_wconf 78' lang='grc' dir='ltr'>τουν</span> <span class='ocrx_word' id='word_1_200' title='bbox 572 2534 806 2605; x_wconf 85' lang='grc' dir='ltr'>καρδίας</span> <span class='ocrx_word' id='word_1_201' title='bbox 826 2553 841 2568; x_wconf 78' lang='grc' dir='ltr'><strong>ο</strong></span> <span class='ocrx_word' id='word_1_202' title='bbox 870 2536 903 2607; x_wconf 77' lang='grc' dir='ltr'>ἢ</span> <span class='ocrx_word' id='word_1_203' title='bbox 946 2536 1067 2591; x_wconf 88' lang='grc' dir='ltr'>τότε</span> <span class='ocrx_word' id='word_1_204' title='bbox 1096 2538 1309 2606; x_wconf 85' lang='grc' dir='ltr'>γίνεται</span> <span class='ocrx_word' id='word_1_205' title='bbox 1336 2539 1557 2611; x_wconf 81' lang='grc' dir='ltr'>δεκτικὴ</span> <span class='ocrx_word' id='word_1_206' title='bbox 1593 2542 1692 2609; x_wconf 77' lang='grc' dir='ltr'>τῆς</span> <span class='ocrx_word' id='word_1_207' title='bbox 1723 2539 1874 2604; x_wconf 84' lang='grc' dir='ltr'>θείας</span> <span class='ocrx_word' id='word_1_208' title='bbox 1905 2540 2006 2593; x_wconf 82' lang='grc' dir='ltr'><strong>αὑ-</strong></span> 
     </span>
    </p>
   </div>
   <div class='ocr_carea' id='block_1_28' title="bbox 418 2626 2005 2702">
    <p class='ocr_par' dir='ltr' id='par_1_28' title="bbox 418 2626 2005 2702">
     <span class='ocr_line' id='line_1_28' title="bbox 418 2626 2005 2702; baseline 0.004 -23"><span class='ocrx_word' id='word_1_209' title='bbox 418 2626 510 2680; x_wconf 81' lang='grc' dir='ltr'><strong>τοῦ</strong></span> <span class='ocrx_word' id='word_1_210' title='bbox 561 2629 922 2700; x_wconf 80' lang='grc' dir='ltr'>ἐνοικήσεως,</span> <span class='ocrx_word' id='word_1_211' title='bbox 972 2630 1100 2683; x_wconf 84' lang='grc' dir='ltr'>ὅταν</span> <span class='ocrx_word' id='word_1_212' title='bbox 1146 2629 1275 2701; x_wconf 73' lang='grc' dir='ltr'>ἔλθῃ</span> <span class='ocrx_word' id='word_1_213' title='bbox 1332 2631 1470 2702; x_wconf 82' lang='grc' dir='ltr'>πρὸς</span> <span class='ocrx_word' id='word_1_214' title='bbox 1521 2630 1620 2701; x_wconf 82' lang='grc' dir='ltr'>τὴν</span> <span class='ocrx_word' id='word_1_215' title='bbox 1669 2630 2005 2685; x_wconf 82' lang='grc' dir='ltr'>κατάστασιν</span> 
     </span>
    </p>
   </div>
   <div class='ocr_carea' id='block_1_29' title="bbox 432 2716 2006 2798">
    <p class='ocr_par' dir='ltr' id='par_1_29' title="bbox 432 2716 2006 2798">
     <span class='ocr_line' id='line_1_29' title="bbox 432 2716 2006 2798; baseline 0.003 -25"><span class='ocrx_word' id='word_1_216' title='bbox 432 2721 636 2792; x_wconf 81' lang='grc' dir='ltr'>ἐκείνην</span> <span class='ocrx_word' id='word_1_217' title='bbox 665 2723 727 2775; x_wconf 83' lang='grc' dir='ltr'><strong>ἐν</strong></span> <span class='ocrx_word' id='word_1_218' title='bbox 823 2721 887 2777; x_wconf 83' lang='grc' dir='ltr'>τὸ</span> <span class='ocrx_word' id='word_1_219' title='bbox 909 2725 1033 2778; x_wconf 84' lang='grc' dir='ltr'>κατ’</span> <span class='ocrx_word' id='word_1_220' title='bbox 1058 2725 1232 2797; x_wconf 82' lang='grc' dir='ltr'>ἀρχάς</span> <span class='ocrx_word' id='word_1_221' title='bbox 1258 2723 1326 2798; x_wconf 81' lang='grc' dir='ltr'>ἦν</span> <span class='ocrx_word' id='word_1_222' title='bbox 1354 2727 1443 2780; x_wconf 84' lang='grc' dir='ltr'>ὅτε</span> <span class='ocrx_word' id='word_1_223' title='bbox 1473 2725 1751 2795; x_wconf 78' lang='grc' dir='ltr'>ἐπλάσθην</span> <span class='ocrx_word' id='word_1_224' title='bbox 1781 2726 1884 2779; x_wconf 75' lang='grc' dir='ltr'><strong>ὑπὸ</strong></span> <span class='ocrx_word' id='word_1_225' title='bbox 1904 2724 2006 2795; x_wconf 85' lang='grc' dir='ltr'><strong>τῆς</strong></span> 
     </span>
    </p>
   </div>
   <div class='ocr_carea' id='block_1_30' title="bbox 430 2814 2005 2892">
    <p class='ocr_par' dir='ltr' id='par_1_30' title="bbox 430 2814 2005 2892">
     <span class='ocr_line' id='line_1_30' title="bbox 430 2814 2005 2892; baseline 0.012 -27"><span class='ocrx_word' id='word_1_226' title='bbox 430 2814 798 2887; x_wconf 75' lang='grc' dir='ltr'>συλλαϐούσης</span> <span class='ocrx_word' id='word_1_227' title='bbox 851 2823 1090 2891; x_wconf 81' lang='grc' dir='ltr'>μητρός⁶</span> <span class='ocrx_word' id='word_1_228' title='bbox 1121 2821 1244 2892; x_wconf 74' lang='grc' dir='ltr'>ἥτις</span> <span class='ocrx_word' id='word_1_229' title='bbox 1285 2820 1434 2873; x_wconf 71' lang='grc' dir='ltr'>ἐστὶν</span> <span class='ocrx_word' id='word_1_230' title='bbox 1466 2822 1499 2891; x_wconf 80' lang='grc' dir='ltr'>ὴ</span> <span class='ocrx_word' id='word_1_231' title='bbox 1539 2822 1732 2892; x_wconf 83' lang='grc' dir='ltr'>πρώτη</span> <span class='ocrx_word' id='word_1_232' title='bbox 1768 2818 1869 2889; x_wconf 81' lang='grc' dir='ltr'><strong>τῆς</strong></span> <span class='ocrx_word' id='word_1_233' title='bbox 1910 2835 2005 2873; x_wconf 79' lang='grc' dir='ltr'><strong>συ-</strong></span> 
     </span>
    </p>
   </div>
   <div class='ocr_carea' id='block_1_31' title="bbox 420 2907 1068 2981">
    <p class='ocr_par' dir='ltr' id='par_1_31' title="bbox 420 2907 1068 2981">
     <span class='ocr_line' id='line_1_31' title="bbox 420 2907 1068 2981; baseline 0.017 -23"><span class='ocrx_word' id='word_1_234' title='bbox 420 2907 669 2968; x_wconf 82' lang='grc' dir='ltr'>στάσεως</span> <span class='ocrx_word' id='word_1_235' title='bbox 708 2913 739 2981; x_wconf 80' lang='grc' dir='ltr'><strong>ἡ</strong></span> <span class='ocrx_word' id='word_1_236' title='bbox 747 2912 865 2980; x_wconf 82' lang='grc' dir='ltr'><strong>μῶν</strong></span> <span class='ocrx_word' id='word_1_237' title='bbox 894 2915 1068 2969; x_wconf 84' lang='grc' dir='ltr'>αίτία.</span> 
     </span>
    </p>
   </div>
   <div class='ocr_carea' id='block_1_32' title="bbox 2028 1865 2076 1924">
    <p class='ocr_par' dir='ltr' id='par_1_32' title="bbox 2028 1865 2076 1924">
     <span class='ocr_line' id='line_1_32' title="bbox 2028 1865 2076 1924; baseline 0 0"><span class='ocrx_word' id='word_1_238' title='bbox 2028 1865 2076 1924; x_wconf 93' lang='grc' dir='ltr'><strong>Β</strong></span> 
     </span>
    </p>
   </div>
   <div class='ocr_carea' id='block_1_33' title="bbox 2105 613 3683 684">
    <p class='ocr_par' dir='ltr' id='par_1_33' title="bbox 2105 613 3683 684">
     <span class='ocr_line' id='line_1_33' title="bbox 2105 613 3683 684; baseline 0 -17"><span class='ocrx_word' id='word_1_239' title='bbox 2105 613 2369 668; x_wconf 83' lang='lat' dir='ltr'><strong>habebam</strong></span> <span class='ocrx_word' id='word_1_240' title='bbox 2406 615 2756 670; x_wconf 76' lang='lat' dir='ltr'><strong>dilectionem</strong></span> <span class='ocrx_word' id='word_1_241' title='bbox 2813 615 2867 669; x_wconf 92' lang='lat' dir='ltr'><strong>in</strong></span> <span class='ocrx_word' id='word_1_242' title='bbox 2913 630 3036 671; x_wconf 87' lang='lat' dir='ltr'><strong>eum</strong></span> <span class='ocrx_word' id='word_1_243' title='bbox 3089 614 3183 684; x_wconf 85' lang='lat' dir='ltr'><strong>qui</strong></span> <span class='ocrx_word' id='word_1_244' title='bbox 3222 613 3683 679; x_wconf 77' lang='lat' dir='ltr'><strong>desiderabatur;</strong></span> 
     </span>
    </p>
   </div>
   <div class='ocr_carea' id='block_1_34' title="bbox 2106 705 3685 778">
    <p class='ocr_par' dir='ltr' id='par_1_34' title="bbox 2106 705 3685 778">
     <span class='ocr_line' id='line_1_34' title="bbox 2106 705 3685 778; baseline -0.003 -19"><span class='ocrx_word' id='word_1_245' title='bbox 2106 705 2351 776; x_wconf 89' lang='lat' dir='ltr'><strong>idipsnm</strong></span> <span class='ocrx_word' id='word_1_246' title='bbox 2392 716 2573 762; x_wconf 86' lang='lat' dir='ltr'><strong>autem</strong></span> <span class='ocrx_word' id='word_1_247' title='bbox 2601 706 2751 777; x_wconf 89' lang='lat' dir='ltr'><strong>quod</strong></span> <span class='ocrx_word' id='word_1_248' title='bbox 2772 706 3108 778; x_wconf 81' lang='lat' dir='ltr'><strong>diligebatur</strong></span> <span class='ocrx_word' id='word_1_249' title='bbox 3137 706 3396 761; x_wconf 79' lang='lat' dir='ltr'><strong>evolabat</strong></span> <span class='ocrx_word' id='word_1_250' title='bbox 3425 716 3483 761; x_wconf 92' lang='lat' dir='ltr'><strong>nt</strong></span> <span class='ocrx_word' id='word_1_251' title='bbox 3510 706 3561 761; x_wconf 89' lang='lat' dir='ltr'><strong>id</strong></span> <span class='ocrx_word' id='word_1_252' title='bbox 3589 723 3685 777; x_wconf 76' lang='lat' dir='ltr'><strong>ap-</strong></span> 
     </span>
    </p>
   </div>
   <div class='ocr_carea' id='block_1_35' title="bbox 2106 798 3685 871">
    <p class='ocr_par' dir='ltr' id='par_1_35' title="bbox 2106 798 3685 871">
     <span class='ocr_line' id='line_1_35' title="bbox 2106 798 3685 871; baseline 0 -20"><span class='ocrx_word' id='word_1_253' title='bbox 2106 798 2444 871; x_wconf 85' lang='lat' dir='ltr'><strong>prehendere</strong></span> <span class='ocrx_word' id='word_1_254' title='bbox 2484 814 2595 854; x_wconf 92' lang='lat' dir='ltr'><strong>non</strong></span> <span class='ocrx_word' id='word_1_255' title='bbox 2652 808 2887 870; x_wconf 81' lang='lat' dir='ltr'><strong>possent</strong></span> <span class='ocrx_word' id='word_1_256' title='bbox 2939 799 3334 869; x_wconf 78' lang='lat' dir='ltr'><strong>cogitationes.</strong></span> <span class='ocrx_word' id='word_1_257' title='bbox 3369 798 3685 864; x_wconf 79' lang='lat' dir='ltr'><strong>Quaerebam</strong></span> 
     </span>
    </p>
   </div>
   <div class='ocr_carea' id='block_1_36' title="bbox 2103 888 3689 960">
    <p class='ocr_par' dir='ltr' id='par_1_36' title="bbox 2103 888 3689 960">
     <span class='ocr_line' id='line_1_36' title="bbox 2103 888 3689 960; baseline -0.002 -15"><span class='ocrx_word' id='word_1_258' title='bbox 2103 888 2250 945; x_wconf 90' lang='lat' dir='ltr'><strong>enim</strong></span> <span class='ocrx_word' id='word_1_259' title='bbox 2282 888 2457 960; x_wconf 91' lang='lat' dir='ltr'><strong>ipsum</strong></span> <span class='ocrx_word' id='word_1_260' title='bbox 2488 890 2541 944; x_wconf 92' lang='lat' dir='ltr'><strong>in</strong></span> <span class='ocrx_word' id='word_1_261' title='bbox 2587 890 2731 945; x_wconf 89' lang='lat' dir='ltr'><strong>lecto</strong></span> <span class='ocrx_word' id='word_1_262' title='bbox 2764 904 2888 945; x_wconf 90' lang='lat' dir='ltr'><strong>meo</strong></span> <span class='ocrx_word' id='word_1_263' title='bbox 2915 900 3084 946; x_wconf 89' lang='lat' dir='ltr'><strong>noctu</strong></span> <span class='ocrx_word' id='word_1_264' title='bbox 3125 899 3185 944; x_wconf 92' lang='lat' dir='ltr'><strong>ut</strong></span> <span class='ocrx_word' id='word_1_265' title='bbox 3217 904 3440 946; x_wconf 86' lang='lat' dir='ltr'><strong>nossem</strong></span> <span class='ocrx_word' id='word_1_266' title='bbox 3470 906 3591 960; x_wconf 75' lang='lat' dir='ltr'><strong>qua:</strong></span> <span class='ocrx_word' id='word_1_267' title='bbox 3615 890 3689 944; x_wconf 92' lang='lat' dir='ltr'><strong>sit</strong></span> 
     </span>
    </p>
   </div>
   <div class='ocr_carea' id='block_1_37' title="bbox 2103 980 3688 1053">
    <p class='ocr_par' dir='ltr' id='par_1_37' title="bbox 2103 980 3688 1053">
     <span class='ocr_line' id='line_1_37' title="bbox 2103 980 3688 1053; baseline -0.001 -17"><span class='ocrx_word' id='word_1_268' title='bbox 2103 980 2225 1050; x_wconf 88' lang='lat' dir='ltr'><strong>ejus</strong></span> <span class='ocrx_word' id='word_1_269' title='bbox 2256 980 2519 1044; x_wconf 86' lang='lat' dir='ltr'><strong>essentia,</strong></span> <span class='ocrx_word' id='word_1_270' title='bbox 2549 980 2698 1036; x_wconf 87' lang='lat' dir='ltr'><strong>unde</strong></span> <span class='ocrx_word' id='word_1_271' title='bbox 2749 981 2999 1051; x_wconf 88' lang='lat' dir='ltr'><strong>incipiat,</strong></span> <span class='ocrx_word' id='word_1_272' title='bbox 3033 997 3144 1053; x_wconf 91' lang='lat' dir='ltr'><strong>quo</strong></span> <span class='ocrx_word' id='word_1_273' title='bbox 3177 980 3415 1047; x_wconf 83' lang='lat' dir='ltr'><strong>desinat,</strong></span> <span class='ocrx_word' id='word_1_274' title='bbox 3451 982 3506 1036; x_wconf 92' lang='lat' dir='ltr'><strong>in</strong></span> <span class='ocrx_word' id='word_1_275' title='bbox 3552 996 3688 1051; x_wconf 87' lang='lat' dir='ltr'><strong>quo-</strong></span> 
     </span>
    </p>
   </div>
   <div class='ocr_carea' id='block_1_38' title="bbox 2106 1071 3692 1128">
    <p class='ocr_par' dir='ltr' id='par_1_38' title="bbox 2106 1071 3692 1128">
     <span class='ocr_line' id='line_1_38' title="bbox 2106 1071 3692 1128; baseline -0.002 -3"><span class='ocrx_word' id='word_1_276' title='bbox 2106 1086 2232 1126; x_wconf 85' lang='lat' dir='ltr'><strong>nam</strong></span> <span class='ocrx_word' id='word_1_277' title='bbox 2267 1087 2423 1126; x_wconf 85' lang='lat' dir='ltr'><strong>snam</strong></span> <span class='ocrx_word' id='word_1_278' title='bbox 2450 1071 2648 1127; x_wconf 86' lang='lat' dir='ltr'><strong>habeat</strong></span> <span class='ocrx_word' id='word_1_279' title='bbox 2683 1073 2987 1128; x_wconf 80' lang='lat' dir='ltr'><strong>essentiam</strong></span> <span class='ocrx_word' id='word_1_280' title='bbox 3021 1090 3036 1127; x_wconf 91' lang='lat'><strong>:</strong></span> <span class='ocrx_word' id='word_1_281' title='bbox 3068 1071 3161 1128; x_wconf 89' lang='lat' dir='ltr'><strong>sed</strong></span> <span class='ocrx_word' id='word_1_282' title='bbox 3212 1088 3322 1127; x_wconf 93' lang='lat' dir='ltr'><strong>non</strong></span> <span class='ocrx_word' id='word_1_283' title='bbox 3354 1073 3563 1127; x_wconf 82' lang='lat' dir='ltr'><strong>inveni.</strong></span> <span class='ocrx_word' id='word_1_284' title='bbox 3591 1073 3692 1125; x_wconf 80' lang='lat' dir='ltr'><strong>De.-</strong></span> 
     </span>
    </p>
   </div>
   <div class='ocr_carea' id='block_1_39' title="bbox 2104 1161 3688 1235">
    <p class='ocr_par' dir='ltr' id='par_1_39' title="bbox 2104 1161 3688 1235">
     <span class='ocr_line' id='line_1_39' title="bbox 2104 1161 3688 1235; baseline -0.001 -18"><span class='ocrx_word' id='word_1_285' title='bbox 2104 1163 2252 1228; x_wconf 78' lang='lat' dir='ltr'><strong>inzle,</strong></span> <span class='ocrx_word' id='word_1_286' title='bbox 2277 1161 2503 1229; x_wconf 81' lang='lat' dir='ltr'><strong>Vocavi,</strong></span> <span class='ocrx_word' id='word_1_287' title='bbox 2522 1162 2725 1233; x_wconf 84' lang='lat' dir='ltr'><strong>inquit,</strong></span> <span class='ocrx_word' id='word_1_288' title='bbox 2752 1163 3031 1234; x_wconf 88' lang='lat' dir='ltr'><strong>ipsumqui</strong></span> <span class='ocrx_word' id='word_1_289' title='bbox 3055 1180 3162 1219; x_wconf 90' lang='lat' dir='ltr'><strong>non</strong></span> <span class='ocrx_word' id='word_1_290' title='bbox 3189 1172 3369 1235; x_wconf 86' lang='lat' dir='ltr'><strong>potest</strong></span> <span class='ocrx_word' id='word_1_291' title='bbox 3387 1164 3688 1228; x_wconf 85' lang='lat' dir='ltr'><strong>nominari,</strong></span> 
     </span>
    </p>
   </div>
   <div class='ocr_carea' id='block_1_40' title="bbox 2105 1236 3690 1324">
    <p class='ocr_par' dir='ltr' id='par_1_40' title="bbox 2105 1236 3690 1324">
     <span class='ocr_line' id='line_1_40' title="bbox 2105 1236 3690 1324; baseline -0.001 -15"><span class='ocrx_word' id='word_1_292' title='bbox 2105 1253 2285 1321; x_wconf 87' lang='lat' dir='ltr'><strong>quoad</strong></span> <span class='ocrx_word' id='word_1_293' title='bbox 2319 1253 2433 1309; x_wconf 71' lang='lat' dir='ltr'><strong>fieri</strong></span> <span class='ocrx_word' id='word_1_294' title='bbox 2469 1236 2689 1324; x_wconf 76' lang='lat' dir='ltr'><strong>poterat</strong></span> <span class='ocrx_word' id='word_1_295' title='bbox 2742 1269 2867 1310; x_wconf 90' lang='lat' dir='ltr'><strong>eum</strong></span> <span class='ocrx_word' id='word_1_296' title='bbox 2898 1255 3228 1311; x_wconf 86' lang='lat' dir='ltr'><strong>nominans:</strong></span> <span class='ocrx_word' id='word_1_297' title='bbox 3266 1263 3321 1310; x_wconf 90' lang='lat' dir='ltr'><strong>et</strong></span> <span class='ocrx_word' id='word_1_298' title='bbox 3357 1272 3467 1310; x_wconf 90' lang='lat' dir='ltr'><strong>non</strong></span> <span class='ocrx_word' id='word_1_299' title='bbox 3516 1256 3690 1310; x_wconf 78' lang='lat' dir='ltr'><strong>obau-</strong></span> 
     </span>
    </p>
   </div>
   <div class='ocr_carea' id='block_1_41' title="bbox 2103 1344 3689 1416">
    <p class='ocr_par' dir='ltr' id='par_1_41' title="bbox 2103 1344 3689 1416">
     <span class='ocr_line' id='line_1_41' title="bbox 2103 1344 3689 1416; baseline 0 -18"><span class='ocrx_word' id='word_1_300' title='bbox 2103 1344 2237 1399; x_wconf 88' lang='lat' dir='ltr'><strong>divit</strong></span> <span class='ocrx_word' id='word_1_301' title='bbox 2282 1359 2368 1400; x_wconf 89' lang='lat' dir='ltr'><strong>me</strong></span> <span class='ocrx_word' id='word_1_302' title='bbox 2411 1362 2425 1398; x_wconf 89' lang='lat'><strong>:</strong></span> <span class='ocrx_word' id='word_1_303' title='bbox 2463 1361 2573 1399; x_wconf 91' lang='lat' dir='ltr'><strong>non</strong></span> <span class='ocrx_word' id='word_1_304' title='bbox 2596 1345 2745 1399; x_wconf 91' lang='lat' dir='ltr'><strong>enim</strong></span> <span class='ocrx_word' id='word_1_305' title='bbox 2778 1355 2897 1400; x_wconf 85' lang='lat' dir='ltr'><strong>erat</strong></span> <span class='ocrx_word' id='word_1_306' title='bbox 2926 1345 3171 1400; x_wconf 90' lang='lat' dir='ltr'><strong>nominis</strong></span> <span class='ocrx_word' id='word_1_307' title='bbox 3205 1344 3532 1416; x_wconf 80' lang='lat' dir='ltr'><strong>signiﬁcatio</strong></span> <span class='ocrx_word' id='word_1_308' title='bbox 3566 1360 3689 1414; x_wconf 67' lang='lat' dir='ltr'><strong>quite</strong></span> 
     </span>
    </p>
   </div>
   <div class='ocr_carea' id='block_1_42' title="bbox 2103 1434 3684 1506">
    <p class='ocr_par' dir='ltr' id='par_1_42' title="bbox 2103 1434 3684 1506">
     <span class='ocr_line' id='line_1_42' title="bbox 2103 1434 3684 1506; baseline 0.001 -19"><span class='ocrx_word' id='word_1_309' title='bbox 2103 1436 2439 1505; x_wconf 81' lang='lat' dir='ltr'><strong>pertingeret</strong></span> <span class='ocrx_word' id='word_1_310' title='bbox 2479 1450 2656 1506; x_wconf 90' lang='lat' dir='ltr'><strong>usque</strong></span> <span class='ocrx_word' id='word_1_311' title='bbox 2694 1435 2761 1490; x_wconf 90' lang='lat' dir='ltr'><strong>ad</strong></span> <span class='ocrx_word' id='word_1_312' title='bbox 2819 1435 2874 1490; x_wconf 91' lang='lat' dir='ltr'><strong>id</strong></span> <span class='ocrx_word' id='word_1_313' title='bbox 2934 1435 3083 1506; x_wconf 88' lang='lat' dir='ltr'><strong>quod</strong></span> <span class='ocrx_word' id='word_1_314' title='bbox 3130 1436 3505 1505; x_wconf 80' lang='lat' dir='ltr'><strong>quaerebatur.</strong></span> <span class='ocrx_word' id='word_1_315' title='bbox 3547 1434 3684 1490; x_wconf 85' lang='lat' dir='ltr'><strong>Tum</strong></span> 
     </span>
    </p>
   </div>
   <div class='ocr_carea' id='block_1_43' title="bbox 2105 1526 3690 1599">
    <p class='ocr_par' dir='ltr' id='par_1_43' title="bbox 2105 1526 3690 1599">
     <span class='ocr_line' id='line_1_43' title="bbox 2105 1526 3690 1599; baseline 0 -20"><span class='ocrx_word' id='word_1_316' title='bbox 2105 1527 2272 1595; x_wconf 79' lang='lat' dir='ltr'><strong>igitur</strong></span> <span class='ocrx_word' id='word_1_317' title='bbox 2322 1529 2553 1597; x_wconf 79' lang='lat' dir='ltr'><strong>cognovi</strong></span> <span class='ocrx_word' id='word_1_318' title='bbox 2576 1526 2725 1598; x_wconf 89' lang='lat' dir='ltr'><strong>quod</strong></span> <span class='ocrx_word' id='word_1_319' title='bbox 2757 1528 3208 1599; x_wconf 66' lang='lat' dir='ltr'><strong>magniﬁcentiae,</strong></span> <span class='ocrx_word' id='word_1_320' title='bbox 3240 1528 3447 1599; x_wconf 85' lang='lat' dir='ltr'><strong>gloriae.</strong></span> <span class='ocrx_word' id='word_1_321' title='bbox 3485 1527 3690 1583; x_wconf 87' lang='lat' dir='ltr'><strong>sancti-</strong></span> 
     </span>
    </p>
   </div>
   <div class='ocr_carea' id='block_1_44' title="bbox 2103 1616 3688 1693">
    <p class='ocr_par' dir='ltr' id='par_1_44' title="bbox 2103 1616 3688 1693">
     <span class='ocr_line' id='line_1_44' title="bbox 2103 1616 3688 1693; baseline -0.001 -21"><span class='ocrx_word' id='word_1_322' title='bbox 2103 1621 2233 1674; x_wconf 82' lang='lat' dir='ltr'><strong>tatis</strong></span> <span class='ocrx_word' id='word_1_323' title='bbox 2261 1618 2386 1693; x_wconf 83' lang='lat' dir='ltr'><strong>ejus</strong></span> <span class='ocrx_word' id='word_1_324' title='bbox 2422 1634 2527 1673; x_wconf 91' lang='lat' dir='ltr'><strong>non</strong></span> <span class='ocrx_word' id='word_1_325' title='bbox 2591 1626 2675 1674; x_wconf 87' lang='lat' dir='ltr'><strong>est</strong></span> <span class='ocrx_word' id='word_1_326' title='bbox 2719 1618 2868 1674; x_wconf 86' lang='lat' dir='ltr'><strong>linis.</strong></span> <span class='ocrx_word' id='word_1_327' title='bbox 2911 1616 3069 1674; x_wconf 87' lang='lat' dir='ltr'><strong>Unde</strong></span> <span class='ocrx_word' id='word_1_328' title='bbox 3096 1619 3302 1672; x_wconf 76' lang='lat' dir='ltr'><strong>excitat</strong></span> <span class='ocrx_word' id='word_1_329' title='bbox 3333 1619 3688 1687; x_wconf 81' lang='lat' dir='ltr'><strong>semetipsam</strong></span> 
     </span>
    </p>
   </div>
   <div class='ocr_carea' id='block_1_45' title="bbox 2103 1711 3692 1783">
    <p class='ocr_par' dir='ltr' id='par_1_45' title="bbox 2103 1711 3692 1783">
     <span class='ocr_line' id='line_1_45' title="bbox 2103 1711 3692 1783; baseline -0.002 -18"><span class='ocrx_word' id='word_1_330' title='bbox 2103 1717 2159 1765; x_wconf 89' lang='lat' dir='ltr'><strong>et</strong></span> <span class='ocrx_word' id='word_1_331' title='bbox 2210 1711 2326 1766; x_wconf 91' lang='lat' dir='ltr'><strong>obit</strong></span> <span class='ocrx_word' id='word_1_332' title='bbox 2384 1711 2721 1783; x_wconf 80' lang='lat' dir='ltr'><strong>cogitatione</strong></span> <span class='ocrx_word' id='word_1_333' title='bbox 2783 1726 2950 1783; x_wconf 82' lang='lat' dir='ltr'><strong>super</strong></span> <span class='ocrx_word' id='word_1_334' title='bbox 3006 1712 3341 1766; x_wconf 86' lang='lat' dir='ltr'><strong>mundanam</strong></span> <span class='ocrx_word' id='word_1_335' title='bbox 3398 1718 3692 1774; x_wconf 90' lang='lat' dir='ltr'><strong>naturam,</strong></span> 
     </span>
    </p>
   </div>
   <div class='ocr_carea' id='block_1_46' title="bbox 2104 1802 3787 1875">
    <p class='ocr_par' dir='ltr' id='par_1_46' title="bbox 2104 1802 3787 1875">
     <span class='ocr_line' id='line_1_46' title="bbox 2104 1802 3787 1875; baseline -0.002 -17"><span class='ocrx_word' id='word_1_336' title='bbox 2104 1819 2268 1874; x_wconf 89' lang='lat' dir='ltr'><strong>quam</strong></span> <span class='ocrx_word' id='word_1_337' title='bbox 2332 1813 2497 1860; x_wconf 87' lang='lat' dir='ltr'><strong>vocat</strong></span> <span class='ocrx_word' id='word_1_338' title='bbox 2566 1803 2881 1871; x_wconf 87' lang='lat' dir='ltr'><strong>civitatem,</strong></span> <span class='ocrx_word' id='word_1_339' title='bbox 2931 1803 2988 1857; x_wconf 92' lang='lat' dir='ltr'><strong>in</strong></span> <span class='ocrx_word' id='word_1_340' title='bbox 3056 1818 3164 1875; x_wconf 89' lang='lat' dir='ltr'><strong>qua</strong></span> <span class='ocrx_word' id='word_1_341' title='bbox 3236 1811 3364 1858; x_wconf 91' lang='lat' dir='ltr'><strong>sunt</strong></span> <span class='ocrx_word' id='word_1_342' title='bbox 3419 1802 3694 1874; x_wconf 85' lang='lat' dir='ltr'><strong>principa-</strong></span> <span class='ocrx_word' id='word_1_343' title='bbox 3782 1833 3787 1838; x_wconf 95' lang='lat'><strong><em>-</em></strong></span> 
     </span>
    </p>
   </div>
   <div class='ocr_carea' id='block_1_47' title="bbox 2104 1897 3694 1970">
    <p class='ocr_par' dir='ltr' id='par_1_47' title="bbox 2104 1897 3694 1970">
     <span class='ocr_line' id='line_1_47' title="bbox 2104 1897 3694 1970; baseline -0.001 -19"><span class='ocrx_word' id='word_1_344' title='bbox 2104 1905 2194 1955; x_wconf 91' lang='lat' dir='ltr'><strong>tus</strong></span> <span class='ocrx_word' id='word_1_345' title='bbox 2256 1909 2312 1955; x_wconf 88' lang='lat' dir='ltr'><strong>et</strong></span> <span class='ocrx_word' id='word_1_346' title='bbox 2379 1899 2823 1967; x_wconf 87' lang='lat' dir='ltr'><strong>dominationes,</strong></span> <span class='ocrx_word' id='word_1_347' title='bbox 2878 1913 2943 1954; x_wconf 87' lang='lat' dir='ltr'><strong>ac</strong></span> <span class='ocrx_word' id='word_1_348' title='bbox 3007 1898 3372 1970; x_wconf 89' lang='lat' dir='ltr'><strong>potestatibus</strong></span> <span class='ocrx_word' id='word_1_349' title='bbox 3430 1897 3694 1967; x_wconf 78' lang='lat' dir='ltr'><strong>assignati</strong></span> 
     </span>
    </p>
   </div>
   <div class='ocr_carea' id='block_1_48' title="bbox 2103 1988 3697 2060">
    <p class='ocr_par' dir='ltr' id='par_1_48' title="bbox 2103 1988 3697 2060">
     <span class='ocr_line' id='line_1_48' title="bbox 2103 1988 3697 2060; baseline -0.003 -16"><span class='ocrx_word' id='word_1_350' title='bbox 2103 1990 2306 2057; x_wconf 84' lang='lat' dir='ltr'><strong>throni,</strong></span> <span class='ocrx_word' id='word_1_351' title='bbox 2353 1998 2431 2047; x_wconf 87' lang='lat' dir='ltr'><strong>‘et</strong></span> <span class='ocrx_word' id='word_1_352' title='bbox 2468 1991 2775 2046; x_wconf 69' lang='lat' dir='ltr'><strong>caelestium</strong></span> <span class='ocrx_word' id='word_1_353' title='bbox 2838 1999 3166 2056; x_wconf 83' lang='lat' dir='ltr'><strong>conventus,</strong></span> <span class='ocrx_word' id='word_1_354' title='bbox 3210 2004 3371 2060; x_wconf 89' lang='lat' dir='ltr'><strong>quem</strong></span> <span class='ocrx_word' id='word_1_355' title='bbox 3426 1988 3697 2060; x_wconf 79' lang='lat' dir='ltr'><strong>signiﬁcat</strong></span> 
     </span>
    </p>
   </div>
   <div class='ocr_carea' id='block_1_49' title="bbox 2105 2079 3694 2151">
    <p class='ocr_par' dir='ltr' id='par_1_49' title="bbox 2105 2079 3694 2151">
     <span class='ocr_line' id='line_1_49' title="bbox 2105 2079 3694 2151; baseline -0.003 -14"><span class='ocrx_word' id='word_1_356' title='bbox 2105 2082 2326 2137; x_wconf 90' lang='lat' dir='ltr'><strong>nomine</strong></span> <span class='ocrx_word' id='word_1_357' title='bbox 2368 2083 2579 2151; x_wconf 85' lang='lat' dir='ltr'><strong>plateae.</strong></span> <span class='ocrx_word' id='word_1_358' title='bbox 2622 2080 2740 2137; x_wconf 84' lang='lat' dir='ltr'><strong>Non</strong></span> <span class='ocrx_word' id='word_1_359' title='bbox 2777 2080 3063 2136; x_wconf 90' lang='lat' dir='ltr'><strong>inveniens</strong></span> <span class='ocrx_word' id='word_1_360' title='bbox 3104 2081 3177 2136; x_wconf 90' lang='lat' dir='ltr'><strong>ibi</strong></span> <span class='ocrx_word' id='word_1_361' title='bbox 3228 2079 3508 2146; x_wconf 87' lang='lat' dir='ltr'><strong>dilectum,</strong></span> <span class='ocrx_word' id='word_1_362' title='bbox 3554 2080 3694 2148; x_wconf 88' lang='lat' dir='ltr'><strong>apud</strong></span> 
     </span>
    </p>
   </div>
   <div class='ocr_carea' id='block_1_50' title="bbox 2106 2170 3695 2244">
    <p class='ocr_par' dir='ltr' id='par_1_50' title="bbox 2106 2170 3695 2244">
     <span class='ocr_line' id='line_1_50' title="bbox 2106 2170 3695 2244; baseline -0.004 -15"><span class='ocrx_word' id='word_1_363' title='bbox 2106 2187 2166 2229; x_wconf 88' lang='lat' dir='ltr'><strong>se</strong></span> <span class='ocrx_word' id='word_1_364' title='bbox 2191 2173 2471 2244; x_wconf 78' lang='lat' dir='ltr'><strong>cogitabat</strong></span> <span class='ocrx_word' id='word_1_365' title='bbox 2498 2170 2675 2226; x_wconf 89' lang='lat' dir='ltr'><strong>:Num</strong></span> <span class='ocrx_word' id='word_1_366' title='bbox 2701 2171 2844 2227; x_wconf 84' lang='lat' dir='ltr'><strong>forte</strong></span> <span class='ocrx_word' id='word_1_367' title='bbox 2867 2173 3035 2227; x_wconf 89' lang='lat' dir='ltr'><strong>etiam</strong></span> <span class='ocrx_word' id='word_1_368' title='bbox 3072 2171 3127 2226; x_wconf 92' lang='lat' dir='ltr'><strong>in</strong></span> <span class='ocrx_word' id='word_1_369' title='bbox 3155 2172 3270 2227; x_wconf 83' lang='lat' dir='ltr'><strong>illis</strong></span> <span class='ocrx_word' id='word_1_370' title='bbox 3302 2170 3695 2241; x_wconf 79' lang='lat' dir='ltr'><strong>comprehendi</strong></span> 
     </span>
    </p>
   </div>
   <div class='ocr_carea' id='block_1_51' title="bbox 2106 2261 3701 2335">
    <p class='ocr_par' dir='ltr' id='par_1_51' title="bbox 2106 2261 3701 2335">
     <span class='ocr_line' id='line_1_51' title="bbox 2106 2261 3701 2335; baseline -0.003 -16"><span class='ocrx_word' id='word_1_371' title='bbox 2106 2272 2290 2335; x_wconf 82' lang='lat' dir='ltr'><strong>potest</strong></span> <span class='ocrx_word' id='word_1_372' title='bbox 2323 2264 2454 2318; x_wconf 89' lang='lat' dir='ltr'><strong>illud</strong></span> <span class='ocrx_word' id='word_1_373' title='bbox 2486 2265 2630 2334; x_wconf 93' lang='lat' dir='ltr'><strong>quod</strong></span> <span class='ocrx_word' id='word_1_374' title='bbox 2663 2278 2691 2317; x_wconf 89' lang='lat' dir='ltr'><strong>a</strong></span> <span class='ocrx_word' id='word_1_375' title='bbox 2726 2279 2811 2319; x_wconf 90' lang='lat' dir='ltr'><strong>me</strong></span> <span class='ocrx_word' id='word_1_376' title='bbox 2832 2262 3127 2335; x_wconf 69' lang='lat' dir='ltr'><strong>diligitur‘?</strong></span> <span class='ocrx_word' id='word_1_377' title='bbox 3152 2262 3290 2317; x_wconf 83' lang='lat' dir='ltr'><strong>Cum</strong></span> <span class='ocrx_word' id='word_1_378' title='bbox 3322 2270 3503 2317; x_wconf 88' lang='lat' dir='ltr'><strong>autem</strong></span> <span class='ocrx_word' id='word_1_379' title='bbox 3538 2261 3701 2316; x_wconf 90' lang='lat' dir='ltr'><strong>silen-</strong></span> 
     </span>
    </p>
   </div>
   <div class='ocr_carea' id='block_1_52' title="bbox 2115 2355 3701 2427">
    <p class='ocr_par' dir='ltr' id='par_1_52' title="bbox 2115 2355 3701 2427">
     <span class='ocr_line' id='line_1_52' title="bbox 2115 2355 3701 2427; baseline -0.003 -16"><span class='ocrx_word' id='word_1_380' title='bbox 2115 2357 2194 2411; x_wconf 87' lang='lat' dir='ltr'><strong>tio</strong></span> <span class='ocrx_word' id='word_1_381' title='bbox 2244 2356 2585 2411; x_wconf 87' lang='lat' dir='ltr'><strong>iudicassent</strong></span> <span class='ocrx_word' id='word_1_382' title='bbox 2635 2364 2857 2426; x_wconf 82' lang='lat' dir='ltr'><strong>captum</strong></span> <span class='ocrx_word' id='word_1_383' title='bbox 2901 2371 3119 2411; x_wconf 86' lang='lat' dir='ltr'><strong>omnem</strong></span> <span class='ocrx_word' id='word_1_384' title='bbox 3184 2370 3472 2427; x_wconf 85' lang='lat' dir='ltr'><strong>superare,</strong></span> <span class='ocrx_word' id='word_1_385' title='bbox 3508 2355 3701 2412; x_wconf 66' lang='lat' dir='ltr'><strong>relicto</strong></span> 
     </span>
    </p>
   </div>
   <div class='ocr_carea' id='block_1_53' title="bbox 2117 2442 3699 2515">
    <p class='ocr_par' dir='ltr' id='par_1_53' title="bbox 2117 2442 3699 2515">
     <span class='ocr_line' id='line_1_53' title="bbox 2117 2442 3699 2515; baseline -0.003 -16"><span class='ocrx_word' id='word_1_386' title='bbox 2117 2449 2380 2501; x_wconf 89' lang='lat' dir='ltr'><strong>universo</strong></span> <span class='ocrx_word' id='word_1_387' title='bbox 2431 2447 2579 2515; x_wconf 88' lang='lat' dir='ltr'><strong>quod</strong></span> <span class='ocrx_word' id='word_1_388' title='bbox 2632 2445 3043 2511; x_wconf 83' lang='lat' dir='ltr'><strong>inveniebatur,</strong></span> <span class='ocrx_word' id='word_1_389' title='bbox 3107 2446 3196 2499; x_wconf 79' lang='lat' dir='ltr'><strong>vix</strong></span> <span class='ocrx_word' id='word_1_390' title='bbox 3253 2444 3507 2515; x_wconf 78' lang='lat' dir='ltr'><strong>cognovit</strong></span> <span class='ocrx_word' id='word_1_391' title='bbox 3553 2442 3699 2512; x_wconf 88' lang='lat' dir='ltr'><strong>quod</strong></span> 
     </span>
    </p>
   </div>
   <div class='ocr_carea' id='block_1_54' title="bbox 2113 2535 3700 2607">
    <p class='ocr_par' dir='ltr' id='par_1_54' title="bbox 2113 2535 3700 2607">
     <span class='ocr_line' id='line_1_54' title="bbox 2113 2535 3700 2607; baseline -0.001 -17"><span class='ocrx_word' id='word_1_392' title='bbox 2113 2538 2486 2607; x_wconf 66' lang='lat' dir='ltr'><strong>quaerebatur,</strong></span> <span class='ocrx_word' id='word_1_393' title='bbox 2521 2537 2681 2607; x_wconf 85' lang='lat' dir='ltr'><strong>quasi</strong></span> <span class='ocrx_word' id='word_1_394' title='bbox 2715 2536 2767 2591; x_wconf 93' lang='lat' dir='ltr'><strong>in</strong></span> <span class='ocrx_word' id='word_1_395' title='bbox 2800 2552 2866 2591; x_wconf 88' lang='lat' dir='ltr'><strong>eo</strong></span> <span class='ocrx_word' id='word_1_396' title='bbox 2883 2537 3027 2606; x_wconf 91' lang='lat' dir='ltr'><strong>quod</strong></span> <span class='ocrx_word' id='word_1_397' title='bbox 3067 2550 3172 2590; x_wconf 86' lang='lat' dir='ltr'><strong>non</strong></span> <span class='ocrx_word' id='word_1_398' title='bbox 3199 2536 3542 2590; x_wconf 78' lang='lat' dir='ltr'><strong>inveniretur</strong></span> <span class='ocrx_word' id='word_1_399' title='bbox 3568 2535 3700 2604; x_wconf 80' lang='lat' dir='ltr'><strong>quid</strong></span> 
     </span>
    </p>
   </div>
   <div class='ocr_carea' id='block_1_55' title="bbox 2112 2625 3704 2698">
    <p class='ocr_par' dir='ltr' id='par_1_55' title="bbox 2112 2625 3704 2698">
     <span class='ocr_line' id='line_1_55' title="bbox 2112 2625 3704 2698; baseline -0.003 -15"><span class='ocrx_word' id='word_1_400' title='bbox 2112 2635 2284 2694; x_wconf 81' lang='lat' dir='ltr'><strong>esset,</strong></span> <span class='ocrx_word' id='word_1_401' title='bbox 2308 2638 2759 2698; x_wconf 78' lang='lat' dir='ltr'><strong>cognosceretur.</strong></span> <span class='ocrx_word' id='word_1_402' title='bbox 2784 2626 3086 2698; x_wconf 86' lang='lat' dir='ltr'><strong>Propterea</strong></span> <span class='ocrx_word' id='word_1_403' title='bbox 3116 2626 3250 2682; x_wconf 86' lang='lat' dir='ltr'><strong>dicit</strong></span> <span class='ocrx_word' id='word_1_404' title='bbox 3276 2646 3290 2681; x_wconf 90' lang='lat'><strong>:</strong></span> <span class='ocrx_word' id='word_1_405' title='bbox 3316 2625 3550 2696; x_wconf 83' lang='lat' dir='ltr'><strong>Quando</strong></span> <span class='ocrx_word' id='word_1_406' title='bbox 3572 2641 3704 2694; x_wconf 83' lang='lat' dir='ltr'><strong>pau-</strong></span> 
     </span>
    </p>
   </div>
   <div class='ocr_carea' id='block_1_56' title="bbox 2112 2722 3693 2796">
    <p class='ocr_par' dir='ltr' id='par_1_56' title="bbox 2112 2722 3693 2796">
     <span class='ocr_line' id='line_1_56' title="bbox 2112 2722 3693 2796; baseline -0.003 -16"><span class='ocrx_word' id='word_1_407' title='bbox 2112 2724 2283 2780; x_wconf 90' lang='lat' dir='ltr'><strong>lulum</strong></span> <span class='ocrx_word' id='word_1_408' title='bbox 2314 2728 2608 2796; x_wconf 89' lang='lat' dir='ltr'><strong>pertransii</strong></span> <span class='ocrx_word' id='word_1_409' title='bbox 2646 2726 2714 2781; x_wconf 88' lang='lat' dir='ltr'><strong>ab</strong></span> <span class='ocrx_word' id='word_1_410' title='bbox 2762 2725 2912 2780; x_wconf 90' lang='lat' dir='ltr'><strong>omni</strong></span> <span class='ocrx_word' id='word_1_411' title='bbox 2943 2735 3194 2782; x_wconf 88' lang='lat' dir='ltr'><strong>creatura</strong></span> <span class='ocrx_word' id='word_1_412' title='bbox 3228 2739 3456 2780; x_wconf 86' lang='lat' dir='ltr'><strong>omnem</strong></span> <span class='ocrx_word' id='word_1_413' title='bbox 3506 2722 3693 2778; x_wconf 80' lang='lat' dir='ltr'><strong>dimit-</strong></span> 
     </span>
    </p>
   </div>
   <div class='ocr_carea' id='block_1_57' title="bbox 2108 2815 3700 2888">
    <p class='ocr_par' dir='ltr' id='par_1_57' title="bbox 2108 2815 3700 2888">
     <span class='ocr_line' id='line_1_57' title="bbox 2108 2815 3700 2888; baseline -0.002 -18"><span class='ocrx_word' id='word_1_414' title='bbox 2108 2823 2232 2873; x_wconf 91' lang='lat' dir='ltr'><strong>tens</strong></span> <span class='ocrx_word' id='word_1_415' title='bbox 2281 2819 2831 2888; x_wconf 86' lang='lat' dir='ltr'><strong>comprehensibilem</strong></span> <span class='ocrx_word' id='word_1_416' title='bbox 2875 2820 3020 2875; x_wconf 85' lang='lat' dir='ltr'><strong>viam</strong></span> <span class='ocrx_word' id='word_1_417' title='bbox 3072 2833 3137 2874; x_wconf 89' lang='lat' dir='ltr'><strong>ac</strong></span> <span class='ocrx_word' id='word_1_418' title='bbox 3192 2818 3481 2882; x_wconf 88' lang='lat' dir='ltr'><strong>rationem,</strong></span> <span class='ocrx_word' id='word_1_419' title='bbox 3519 2815 3700 2869; x_wconf 76' lang='lat' dir='ltr'><strong>inveni</strong></span> 
     </span>
    </p>
   </div>
   <div class='ocr_carea' id='block_1_58' title="bbox 2112 2906 3707 2982">
    <p class='ocr_par' dir='ltr' id='par_1_58' title="bbox 2112 2906 3707 2982">
     <span class='ocr_line' id='line_1_58' title="bbox 2112 2906 3707 2982; baseline 0.002 -21"><span class='ocrx_word' id='word_1_420' title='bbox 2112 2906 2213 2962; x_wconf 81' lang='lat' dir='ltr'><strong>[ide</strong></span> <span class='ocrx_word' id='word_1_421' title='bbox 2229 2907 2510 2975; x_wconf 88' lang='lat' dir='ltr'><strong>dilectum,</strong></span> <span class='ocrx_word' id='word_1_422' title='bbox 2549 2926 2648 2980; x_wconf 81' lang='lat' dir='ltr'><strong>per</strong></span> <span class='ocrx_word' id='word_1_423' title='bbox 2681 2927 2843 2982; x_wconf 89' lang='lat' dir='ltr'><strong>qnam</strong></span> <span class='ocrx_word' id='word_1_424' title='bbox 2877 2912 3053 2982; x_wconf 89' lang='lat' dir='ltr'><strong>ipsum</strong></span> <span class='ocrx_word' id='word_1_425' title='bbox 3079 2911 3245 2967; x_wconf 89' lang='lat' dir='ltr'><strong>etiam</strong></span> <span class='ocrx_word' id='word_1_426' title='bbox 3275 2909 3497 2975; x_wconf 82' lang='lat' dir='ltr'><strong>tenebo,</strong></span> <span class='ocrx_word' id='word_1_427' title='bbox 3530 2908 3707 2964; x_wconf 80' lang='lat' dir='ltr'><strong>donec</strong></span> 
     </span>
    </p>
   </div>
   <div class='ocr_carea' id='block_1_59' title="bbox 418 2994 3707 3076">
    <p class='ocr_par' dir='ltr' id='par_1_59' title="bbox 418 2994 3707 3076">
     <span class='ocr_line' id='line_1_59' title="bbox 418 2994 3707 3076; baseline 0.001 -24"><span class='ocrx_word' id='word_1_428' title='bbox 418 2997 592 3054; x_wconf 75' lang='lat' dir='ltr'><strong>fuerit</strong></span> <span class='ocrx_word' id='word_1_429' title='bbox 658 3003 807 3059; x_wconf 87' lang='lat' dir='ltr'><strong>intra</strong></span> <span class='ocrx_word' id='word_1_430' title='bbox 828 3022 1007 3061; x_wconf 90' lang='lat' dir='ltr'><strong>meum</strong></span> <span class='ocrx_word' id='word_1_431' title='bbox 1038 3007 1320 3073; x_wconf 86' lang='lat' dir='ltr'><strong>conclave,</strong></span> <span class='ocrx_word' id='word_1_432' title='bbox 1353 3007 1468 3062; x_wconf 85' lang='lat' dir='ltr'><strong>sive</strong></span> <span class='ocrx_word' id='word_1_433' title='bbox 1508 3021 1626 3074; x_wconf 87' lang='lat' dir='ltr'><strong>cor,</strong></span> <span class='ocrx_word' id='word_1_434' title='bbox 1657 3004 1804 3076; x_wconf 85' lang='lat' dir='ltr'><strong>quod</strong></span> <span class='ocrx_word' id='word_1_435' title='bbox 1829 3013 1959 3062; x_wconf 91' lang='lat' dir='ltr'><strong>tunc</strong></span> <span class='ocrx_word' id='word_1_436' title='bbox 1986 3005 2045 3059; x_wconf 88' lang='lat' dir='ltr'><strong>lit</strong></span> <span class='ocrx_word' id='word_1_437' title='bbox 2080 3018 2254 3075; x_wconf 82' lang='lat' dir='ltr'><strong>capax</strong></span> <span class='ocrx_word' id='word_1_438' title='bbox 2300 3003 2500 3061; x_wconf 83' lang='lat' dir='ltr'><strong>divinae</strong></span> <span class='ocrx_word' id='word_1_439' title='bbox 2557 3003 2678 3076; x_wconf 77' lang='lat' dir='ltr'><strong>ejus</strong></span> <span class='ocrx_word' id='word_1_440' title='bbox 2717 3002 3106 3068; x_wconf 87' lang='lat' dir='ltr'><strong>habitationis,</strong></span> <span class='ocrx_word' id='word_1_441' title='bbox 3131 2994 3353 3073; x_wconf 69' lang='lat' dir='ltr'><strong>quando</strong></span> <span class='ocrx_word' id='word_1_442' title='bbox 3385 3001 3608 3057; x_wconf 89' lang='lat' dir='ltr'><strong>redierit</strong></span> <span class='ocrx_word' id='word_1_443' title='bbox 3636 3000 3707 3055; x_wconf 87' lang='lat' dir='ltr'><strong>ad</strong></span> 
     </span>
    </p>
   </div>
   <div class='ocr_carea' id='block_1_60' title="bbox 415 3096 3706 3174">
    <p class='ocr_par' dir='ltr' id='par_1_60' title="bbox 415 3096 3706 3174">
     <span class='ocr_line' id='line_1_60' title="bbox 415 3096 3706 3174; baseline -0.002 -17"><span class='ocrx_word' id='word_1_444' title='bbox 415 3096 576 3157; x_wconf 81' lang='lat' dir='ltr'><strong>illum</strong></span> <span class='ocrx_word' id='word_1_445' title='bbox 609 3105 811 3154; x_wconf 85' lang='lat' dir='ltr'><strong>statum</strong></span> <span class='ocrx_word' id='word_1_446' title='bbox 843 3100 899 3155; x_wconf 91' lang='lat' dir='ltr'><strong>in</strong></span> <span class='ocrx_word' id='word_1_447' title='bbox 924 3116 1036 3171; x_wconf 87' lang='lat' dir='ltr'><strong>quo</strong></span> <span class='ocrx_word' id='word_1_448' title='bbox 1068 3111 1184 3158; x_wconf 90' lang='lat' dir='ltr'><strong>erat</strong></span> <span class='ocrx_word' id='word_1_449' title='bbox 1213 3102 1283 3157; x_wconf 90' lang='lat' dir='ltr'><strong>ab</strong></span> <span class='ocrx_word' id='word_1_450' title='bbox 1341 3102 1501 3158; x_wconf 92' lang='lat' dir='ltr'><strong>initio</strong></span> <span class='ocrx_word' id='word_1_451' title='bbox 1531 3103 1755 3174; x_wconf 88' lang='lat' dir='ltr'><strong>quando</strong></span> <span class='ocrx_word' id='word_1_452' title='bbox 1808 3102 1912 3158; x_wconf 80' lang='lat' dir='ltr'><strong>fuit</strong></span> <span class='ocrx_word' id='word_1_453' title='bbox 1972 3101 2292 3158; x_wconf 87' lang='lat' dir='ltr'><strong>ellictumab</strong></span> <span class='ocrx_word' id='word_1_454' title='bbox 2313 3116 2377 3159; x_wconf 87' lang='lat' dir='ltr'><strong>ea</strong></span> <span class='ocrx_word' id='word_1_455' title='bbox 2395 3109 2570 3157; x_wconf 88' lang='lat' dir='ltr'><strong>matre</strong></span> <span class='ocrx_word' id='word_1_456' title='bbox 2593 3115 2714 3173; x_wconf 68' lang='lat' dir='ltr'><strong>qua:</strong></span> <span class='ocrx_word' id='word_1_457' title='bbox 2748 3100 3022 3172; x_wconf 85' lang='lat' dir='ltr'><strong>concepit,</strong></span> <span class='ocrx_word' id='word_1_458' title='bbox 3064 3114 3186 3170; x_wconf 65' lang='lat' dir='ltr'><strong>quae</strong></span> <span class='ocrx_word' id='word_1_459' title='bbox 3206 3107 3290 3155; x_wconf 91' lang='lat' dir='ltr'><strong>est</strong></span> <span class='ocrx_word' id='word_1_460' title='bbox 3310 3098 3484 3170; x_wconf 87' lang='lat' dir='ltr'><strong>prima</strong></span> <span class='ocrx_word' id='word_1_461' title='bbox 3536 3113 3706 3154; x_wconf 89' lang='lat' dir='ltr'><strong>causa</strong></span> 
     </span>
    </p>
   </div>
   <div class='ocr_carea' id='block_1_61' title="bbox 411 3190 1093 3247">
    <p class='ocr_par' dir='ltr' id='par_1_61' title="bbox 411 3190 1093 3247">
     <span class='ocr_line' id='line_1_61' title="bbox 411 3190 1093 3247; baseline 0.007 -4"><span class='ocrx_word' id='word_1_462' title='bbox 411 3196 631 3243; x_wconf 68' lang='lat' dir='ltr'><strong>nostrae</strong></span> <span class='ocrx_word' id='word_1_463' title='bbox 654 3190 1093 3247; x_wconf 86' lang='lat' dir='ltr'><strong>constitutionis.</strong></span> 
     </span>
    </p>
   </div>
   <div class='ocr_carea' id='block_1_62' title="bbox 488 3278 2011 3354">
    <p class='ocr_par' dir='ltr' id='par_1_62' title="bbox 488 3279 2002 3354">
     <span class='ocr_line' id='line_1_62' title="bbox 488 3279 2002 3354; baseline -0.001 -19"><span class='ocrx_word' id='word_1_464' title='bbox 488 3283 739 3340; x_wconf 67' lang='grc' dir='ltr'>Νείλου.</span> <span class='ocrx_word' id='word_1_465' title='bbox 764 3313 833 3325; x_wconf 91' lang='lat'><strong>--</strong></span> <span class='ocrx_word' id='word_1_466' title='bbox 863 3284 1246 3350; x_wconf 82' lang='grc' dir='ltr'>Καταστάσεις</span> <span class='ocrx_word' id='word_1_467' title='bbox 1283 3284 1486 3354; x_wconf 78' lang='grc' dir='ltr'>ἑαυτῆς</span> <span class='ocrx_word' id='word_1_468' title='bbox 1509 3284 1566 3337; x_wconf 81' lang='grc' dir='ltr'><strong>ἐν</strong></span> <span class='ocrx_word' id='word_1_469' title='bbox 1603 3279 1690 3347; x_wconf 79' lang='grc' dir='ltr'>αἷς</span> <span class='ocrx_word' id='word_1_470' title='bbox 1719 3280 1938 3351; x_wconf 80' lang='grc' dir='ltr'>ἐγένετο</span> <span class='ocrx_word' id='word_1_471' title='bbox 1971 3281 2002 3351; x_wconf 86' lang='grc' dir='ltr'>ὴ</span> 
     </span>
    </p>
   </div>
   <div class='ocr_carea' id='block_1_63' title="bbox 2113 3278 3709 3354">
    <p class='ocr_par' dir='ltr' id='par_1_63' title="bbox 2183 3278 3709 3353">
     <span class='ocr_line' id='line_1_63' title="bbox 2183 3278 3709 3353; baseline 0.003 -20"><span class='ocrx_word' id='word_1_472' title='bbox 2183 3278 2322 3335; x_wconf 88' lang='lat' dir='ltr'><strong>Nili.</strong></span> <span class='ocrx_word' id='word_1_473' title='bbox 2351 3278 2625 3337; x_wconf 85' lang='lat' dir='ltr'><strong>—Status</strong></span> <span class='ocrx_word' id='word_1_474' title='bbox 2654 3294 2786 3336; x_wconf 90' lang='lat' dir='ltr'><strong>suos</strong></span> <span class='ocrx_word' id='word_1_475' title='bbox 2805 3280 2859 3335; x_wconf 93' lang='lat' dir='ltr'><strong>in</strong></span> <span class='ocrx_word' id='word_1_476' title='bbox 2885 3279 3088 3350; x_wconf 89' lang='lat' dir='ltr'><strong>quibus</strong></span> <span class='ocrx_word' id='word_1_477' title='bbox 3109 3288 3324 3338; x_wconf 84' lang='lat' dir='ltr'><strong>versata</strong></span> <span class='ocrx_word' id='word_1_478' title='bbox 3365 3280 3465 3336; x_wconf 82' lang='lat' dir='ltr'><strong>fuit</strong></span> <span class='ocrx_word' id='word_1_479' title='bbox 3492 3281 3709 3353; x_wconf 79' lang='lat' dir='ltr'><strong>Sponsa</strong></span> 
     </span>
    </p>
   </div>
   <div class='ocr_carea' id='block_1_64' title="bbox 408 3373 2017 3446">
    <p class='ocr_par' dir='ltr' id='par_1_64' title="bbox 408 3373 2017 3446">
     <span class='ocr_line' id='line_1_64' title="bbox 408 3373 2017 3446; baseline 0 -21"><span class='ocrx_word' id='word_1_480' title='bbox 408 3374 465 3433; x_wconf 83' lang='grc' dir='ltr'>Ν</span> <span class='ocrx_word' id='word_1_481' title='bbox 472 3373 633 3445; x_wconf 76' lang='grc' dir='ltr'>ὑμφη</span> <span class='ocrx_word' id='word_1_482' title='bbox 675 3374 943 3444; x_wconf 84' lang='grc' dir='ltr'>διηγεῖται</span> <span class='ocrx_word' id='word_1_483' title='bbox 966 3376 1060 3429; x_wconf 83' lang='grc' dir='ltr'>τὸν</span> <span class='ocrx_word' id='word_1_484' title='bbox 1089 3377 1263 3446; x_wconf 80' lang='grc' dir='ltr'>Λόγον</span> <span class='ocrx_word' id='word_1_485' title='bbox 1289 3376 1529 3446; x_wconf 78' lang='grc' dir='ltr'>ζητοῦσα</span> <span class='ocrx_word' id='word_1_486' title='bbox 1566 3375 1662 3429; x_wconf 71' lang='grc' dir='ltr'>καὶ</span> <span class='ocrx_word' id='word_1_487' title='bbox 1693 3374 1790 3445; x_wconf 78' lang='grc' dir='ltr'>τὴν</span> <span class='ocrx_word' id='word_1_488' title='bbox 1815 3373 2017 3426; x_wconf 81' lang='grc' dir='ltr'>τελειό-</span> 
     </span>
    </p>
   </div>
   <div class='ocr_carea' id='block_1_65' title="bbox 408 3463 2018 3539">
    <p class='ocr_par' dir='ltr' id='par_1_65' title="bbox 408 3463 2018 3539">
     <span class='ocr_line' id='line_1_65' title="bbox 408 3463 2018 3539; baseline 0.002 -23"><span class='ocrx_word' id='word_1_489' title='bbox 408 3482 564 3534; x_wconf 73' lang='grc' dir='ltr'>τητα</span> <span class='ocrx_word' id='word_1_490' title='bbox 597 3465 693 3518; x_wconf 69' lang='grc' dir='ltr'>καὶ</span> <span class='ocrx_word' id='word_1_491' title='bbox 721 3465 821 3536; x_wconf 84' lang='grc' dir='ltr'>τὴν</span> <span class='ocrx_word' id='word_1_492' title='bbox 871 3468 931 3521; x_wconf 90' lang='grc' dir='ltr'><strong>ἐν</strong></span> <span class='ocrx_word' id='word_1_493' title='bbox 985 3467 1288 3537; x_wconf 82' lang='grc' dir='ltr'>τελειότητι</span> <span class='ocrx_word' id='word_1_494' title='bbox 1337 3468 1613 3539; x_wconf 71' lang='grc' dir='ltr'>ἑπομένην</span> <span class='ocrx_word' id='word_1_495' title='bbox 1641 3483 1655 3499; x_wconf 77' lang='grc' dir='ltr'><strong><em>ο</em></strong></span> <span class='ocrx_word' id='word_1_496' title='bbox 1704 3465 1803 3519; x_wconf 75' lang='grc' dir='ltr'>καὶ</span> <span class='ocrx_word' id='word_1_497' title='bbox 1841 3463 2018 3519; x_wconf 85' lang='grc' dir='ltr'>ταῦτά</span> 
     </span>
    </p>
   </div>
   <div class='ocr_carea' id='block_1_66' title="bbox 411 3557 2017 3628">
    <p class='ocr_par' dir='ltr' id='par_1_66' title="bbox 411 3557 2017 3628">
     <span class='ocr_line' id='line_1_66' title="bbox 411 3557 2017 3628; baseline 0.001 -19"><span class='ocrx_word' id='word_1_498' title='bbox 411 3574 562 3626; x_wconf 80' lang='grc' dir='ltr'>φησι</span> <span class='ocrx_word' id='word_1_499' title='bbox 595 3558 734 3628; x_wconf 74' lang='grc' dir='ltr'>πρὸς</span> <span class='ocrx_word' id='word_1_500' title='bbox 760 3558 860 3628; x_wconf 82' lang='grc' dir='ltr'>τὴν</span> <span class='ocrx_word' id='word_1_501' title='bbox 892 3557 1003 3612; x_wconf 82' lang='grc' dir='ltr'><strong>τῶν</strong></span> <span class='ocrx_word' id='word_1_502' title='bbox 1032 3559 1241 3612; x_wconf 85' lang='grc' dir='ltr'>λοιπῶν</span> <span class='ocrx_word' id='word_1_503' title='bbox 1270 3558 1541 3628; x_wconf 73' lang='grc' dir='ltr'>ὠφέλειαν</span> <span class='ocrx_word' id='word_1_504' title='bbox 1560 3576 1573 3590; x_wconf 86' lang='grc'><strong>·</strong></span> <span class='ocrx_word' id='word_1_505' title='bbox 1598 3558 1913 3611; x_wconf 83' lang='grc' dir='ltr'>διδάσκουσι</span> <span class='ocrx_word' id='word_1_506' title='bbox 1934 3558 2017 3610; x_wconf 83' lang='grc' dir='ltr'>ὅτι</span> 
     </span>
    </p>
   </div>
   <div class='ocr_carea' id='block_1_67' title="bbox 410 3647 2017 3721">
    <p class='ocr_par' dir='ltr' id='par_1_67' title="bbox 410 3647 2017 3721">
     <span class='ocr_line' id='line_1_67' title="bbox 410 3647 2017 3721; baseline -0.001 -18"><span class='ocrx_word' id='word_1_507' title='bbox 410 3649 529 3703; x_wconf 74' lang='grc' dir='ltr'>οὐκ</span> <span class='ocrx_word' id='word_1_508' title='bbox 554 3648 671 3701; x_wconf 80' lang='grc' dir='ltr'>ἐστι</span> <span class='ocrx_word' id='word_1_509' title='bbox 708 3650 847 3718; x_wconf 84' lang='grc' dir='ltr'>μετὰ</span> <span class='ocrx_word' id='word_1_510' title='bbox 883 3650 1249 3714; x_wconf 82' lang='grc' dir='ltr'>ἀναπαύσεως</span> <span class='ocrx_word' id='word_1_511' title='bbox 1291 3649 1562 3721; x_wconf 81' lang='grc' dir='ltr'>ζητοῦντα</span> <span class='ocrx_word' id='word_1_512' title='bbox 1588 3649 1650 3703; x_wconf 81' lang='grc' dir='ltr'><strong>τὺ</strong></span> <span class='ocrx_word' id='word_1_513' title='bbox 1678 3647 2017 3720; x_wconf 85' lang='grc' dir='ltr'>ποθούμενον</span> 
     </span>
    </p>
   </div>
   <div class='ocr_carea' id='block_1_68' title="bbox 408 3740 2012 3814">
    <p class='ocr_par' dir='ltr' id='par_1_68' title="bbox 408 3740 2012 3814">
     <span class='ocr_line' id='line_1_68' title="bbox 408 3740 2012 3814; baseline -0.001 -20"><span class='ocrx_word' id='word_1_514' title='bbox 408 3740 615 3810; x_wconf 81' lang='grc' dir='ltr'>εὑρεῖν</span> <span class='ocrx_word' id='word_1_515' title='bbox 634 3757 649 3772; x_wconf 76' lang='grc' dir='ltr'><strong>ο</strong></span> <span class='ocrx_word' id='word_1_516' title='bbox 676 3741 911 3812; x_wconf 82' lang='grc' dir='ltr'>ἀσκήσει</span> <span class='ocrx_word' id='word_1_517' title='bbox 934 3742 1044 3814; x_wconf 84' lang='grc' dir='ltr'><strong>γάρ</strong></span> <span class='ocrx_word' id='word_1_518' title='bbox 1069 3742 1177 3796; x_wconf 80' lang='grc' dir='ltr'><strong>τῶν</strong></span> <span class='ocrx_word' id='word_1_519' title='bbox 1199 3742 1402 3806; x_wconf 84' lang='grc' dir='ltr'>καλῶν,</span> <span class='ocrx_word' id='word_1_520' title='bbox 1426 3740 1690 3814; x_wconf 76' lang='grc' dir='ltr'>ῥᾳστώνη</span> <span class='ocrx_word' id='word_1_521' title='bbox 1721 3741 1982 3812; x_wconf 83' lang='grc' dir='ltr'>πολέμιον</span> <span class='ocrx_word' id='word_1_522' title='bbox 1998 3756 2012 3771; x_wconf 87' lang='grc'><strong>·</strong></span> 
     </span>
    </p>
   </div>
   <div class='ocr_carea' id='block_1_69' title="bbox 408 3830 2018 3902">
    <p class='ocr_par' dir='ltr' id='par_1_69' title="bbox 408 3830 2018 3902">
     <span class='ocr_line' id='line_1_69' title="bbox 408 3830 2018 3902; baseline 0 -16"><span class='ocrx_word' id='word_1_523' title='bbox 408 3831 481 3886; x_wconf 79' lang='grc' dir='ltr'><strong>τὺ</strong></span> <span class='ocrx_word' id='word_1_524' title='bbox 509 3830 648 3899; x_wconf 83' lang='grc' dir='ltr'>γὰρ,</span> <span class='ocrx_word' id='word_1_525' title='bbox 703 3832 835 3887; x_wconf 74' lang='grc' dir='ltr'><strong>Ἐπὶ</strong></span> <span class='ocrx_word' id='word_1_526' title='bbox 872 3832 988 3902; x_wconf 77' lang='grc' dir='ltr'><strong>τὴν</strong></span> <span class='ocrx_word' id='word_1_527' title='bbox 1018 3833 1230 3902; x_wconf 78' lang='grc' dir='ltr'>κοίτην</span> <span class='ocrx_word' id='word_1_528' title='bbox 1255 3851 1378 3902; x_wconf 82' lang='grc' dir='ltr'>μου</span> <span class='ocrx_word' id='word_1_529' title='bbox 1421 3834 1491 3887; x_wconf 78' lang='grc' dir='ltr'>ἐν</span> <span class='ocrx_word' id='word_1_530' title='bbox 1533 3832 1716 3898; x_wconf 74' lang='grc' dir='ltr'><strong>νυξὶν</strong></span> <span class='ocrx_word' id='word_1_531' title='bbox 1755 3831 2018 3901; x_wconf 80' lang='grc' dir='ltr'>ἐζήτησα</span> 
     </span>
    </p>
   </div>
   <div class='ocr_carea' id='block_1_70' title="bbox 409 3922 2016 3996">
    <p class='ocr_par' dir='ltr' id='par_1_70' title="bbox 409 3922 2016 3996">
     <span class='ocr_line' id='line_1_70' title="bbox 409 3922 2016 3996; baseline -0.001 -17"><span class='ocrx_word' id='word_1_532' title='bbox 409 3926 494 3979; x_wconf 77' lang='grc' dir='ltr'><strong>ὃν</strong></span> <span class='ocrx_word' id='word_1_533' title='bbox 528 3922 857 3993; x_wconf 74' lang='grc' dir='ltr'>ἠγάπησεν</span> <span class='ocrx_word' id='word_1_534' title='bbox 880 3926 922 3995; x_wconf 78' lang='grc' dir='ltr'><strong><em>ἡ</em></strong></span> <span class='ocrx_word' id='word_1_535' title='bbox 949 3924 1122 3995; x_wconf 66' lang='grc' dir='ltr'><strong>ψυχή</strong></span> <span class='ocrx_word' id='word_1_536' title='bbox 1156 3944 1297 3996; x_wconf 82' lang='grc' dir='ltr'>μου,</span> <span class='ocrx_word' id='word_1_537' title='bbox 1326 3924 1568 3980; x_wconf 79' lang='grc' dir='ltr'>τοιοῦτόν</span> <span class='ocrx_word' id='word_1_538' title='bbox 1599 3927 1779 3989; x_wconf 85' lang='grc' dir='ltr'>ἐστιν,</span> <span class='ocrx_word' id='word_1_539' title='bbox 1811 3924 2016 3978; x_wconf 78' lang='grc' dir='ltr'>ὡσανεὶ</span> 
     </span>
    </p>
   </div>
   <div class='ocr_carea' id='block_1_71' title="bbox 410 4016 2017 4089">
    <p class='ocr_par' dir='ltr' id='par_1_71' title="bbox 410 4016 2017 4089">
     <span class='ocr_line' id='line_1_71' title="bbox 410 4016 2017 4089; baseline 0.001 -19"><span class='ocrx_word' id='word_1_540' title='bbox 410 4018 521 4087; x_wconf 82' lang='grc' dir='ltr'>τῆς</span> <span class='ocrx_word' id='word_1_541' title='bbox 552 4016 795 4087; x_wconf 75' lang='grc' dir='ltr'>Νύμφης</span> <span class='ocrx_word' id='word_1_542' title='bbox 825 4016 1191 4089; x_wconf 80' lang='grc' dir='ltr'>διηγουμένης</span> <span class='ocrx_word' id='word_1_543' title='bbox 1219 4020 1340 4077; x_wconf 81' lang='grc' dir='ltr'>ταῖς</span> <span class='ocrx_word' id='word_1_544' title='bbox 1375 4018 1636 4083; x_wconf 85' lang='grc' dir='ltr'>νεάνισιν,</span> <span class='ocrx_word' id='word_1_545' title='bbox 1680 4018 1763 4071; x_wconf 81' lang='grc' dir='ltr'>ὅτι</span> <span class='ocrx_word' id='word_1_546' title='bbox 1789 4016 2017 4089; x_wconf 83' lang='grc' dir='ltr'>ἐνόμισα</span> 
     </span>
    </p>
   </div>
   <div class='ocr_carea' id='block_1_72' title="bbox 411 4104 2017 4185">
    <p class='ocr_par' dir='ltr' id='par_1_72' title="bbox 411 4104 2017 4185">
     <span class='ocr_line' id='line_1_72' title="bbox 411 4104 2017 4185; baseline 0.001 -22"><span class='ocrx_word' id='word_1_547' title='bbox 411 4108 636 4177; x_wconf 81' lang='grc' dir='ltr'>κοῦφον</span> <span class='ocrx_word' id='word_1_548' title='bbox 666 4104 805 4163; x_wconf 75' lang='grc' dir='ltr'>εἶναι</span> <span class='ocrx_word' id='word_1_549' title='bbox 844 4111 941 4163; x_wconf 72' lang='grc' dir='ltr'><strong>καὶ</strong></span> <span class='ocrx_word' id='word_1_550' title='bbox 962 4109 1212 4181; x_wconf 78' lang='grc' dir='ltr'>εὐχερὲς,</span> <span class='ocrx_word' id='word_1_551' title='bbox 1242 4110 1305 4163; x_wconf 80' lang='grc' dir='ltr'>τὸ</span> <span class='ocrx_word' id='word_1_552' title='bbox 1333 4109 1642 4181; x_wconf 78' lang='grc' dir='ltr'>κτήσασθαι</span> <span class='ocrx_word' id='word_1_553' title='bbox 1672 4110 1773 4182; x_wconf 82' lang='grc' dir='ltr'>τὴν</span> <span class='ocrx_word' id='word_1_554' title='bbox 1813 4109 2017 4185; x_wconf 85' lang='grc' dir='ltr'>ἀρετὴν</span> 
     </span>
    </p>
   </div>
   <div class='ocr_carea' id='block_1_73' title="bbox 412 4201 2018 4274">
    <p class='ocr_par' dir='ltr' id='par_1_73' title="bbox 412 4201 2018 4274">
     <span class='ocr_line' id='line_1_73' title="bbox 412 4201 2018 4274; baseline 0.002 -19"><span class='ocrx_word' id='word_1_555' title='bbox 412 4204 521 4261; x_wconf 71' lang='grc' dir='ltr'>καὶ</span> <span class='ocrx_word' id='word_1_556' title='bbox 543 4202 648 4273; x_wconf 80' lang='grc' dir='ltr'>τὴν</span> <span class='ocrx_word' id='word_1_557' title='bbox 688 4201 882 4271; x_wconf 70' lang='grc' dir='ltr'>σοφίαν</span> <span class='ocrx_word' id='word_1_558' title='bbox 929 4201 1359 4257; x_wconf 78' lang='grc' dir='ltr'>οἰκειώσασθαι·</span> <span class='ocrx_word' id='word_1_559' title='bbox 1388 4203 1486 4257; x_wconf 72' lang='grc' dir='ltr'>καὶ</span> <span class='ocrx_word' id='word_1_560' title='bbox 1516 4203 1747 4274; x_wconf 81' lang='grc' dir='ltr'>ἐζήτουν</span> <span class='ocrx_word' id='word_1_561' title='bbox 1778 4202 1840 4257; x_wconf 84' lang='grc' dir='ltr'>οὐ</span> <span class='ocrx_word' id='word_1_562' title='bbox 1875 4203 2018 4274; x_wconf 88' lang='grc' dir='ltr'><strong>μετά</strong></span> 
     </span>
    </p>
   </div>
   <div class='ocr_carea' id='block_1_74' title="bbox 412 4293 2012 4367">
    <p class='ocr_par' dir='ltr' id='par_1_74' title="bbox 412 4293 2012 4367">
     <span class='ocr_line' id='line_1_74' title="bbox 412 4293 2012 4367; baseline 0.003 -22"><span class='ocrx_word' id='word_1_563' title='bbox 412 4294 619 4359; x_wconf 84' lang='grc' dir='ltr'>πόνου,</span> <span class='ocrx_word' id='word_1_564' title='bbox 652 4293 770 4346; x_wconf 86' lang='grc' dir='ltr'>ἀλλ’</span> <span class='ocrx_word' id='word_1_565' title='bbox 796 4294 1103 4365; x_wconf 80' lang='grc' dir='ltr'>ἀνειμένως</span> <span class='ocrx_word' id='word_1_566' title='bbox 1125 4294 1221 4348; x_wconf 55' lang='grc' dir='ltr'><strong>καὶ⁷</strong></span> <span class='ocrx_word' id='word_1_567' title='bbox 1249 4294 1531 4366; x_wconf 78' lang='grc' dir='ltr'>ῥᾳθύμως,</span> <span class='ocrx_word' id='word_1_568' title='bbox 1560 4296 1655 4348; x_wconf 80' lang='grc' dir='ltr'><strong>καὶ</strong></span> <span class='ocrx_word' id='word_1_569' title='bbox 1682 4296 1796 4359; x_wconf 89' lang='grc' dir='ltr'>τοῖς</span> <span class='ocrx_word' id='word_1_570' title='bbox 1827 4311 2012 4367; x_wconf 87' lang='grc' dir='ltr'>σωμα-</span> 
     </span>
    </p>
   </div>
   <div class='ocr_carea' id='block_1_75' title="bbox 412 4385 2018 4460">
    <p class='ocr_par' dir='ltr' id='par_1_75' title="bbox 412 4385 2018 4460">
     <span class='ocr_line' id='line_1_75' title="bbox 412 4385 2018 4460; baseline -0.001 -20"><span class='ocrx_word' id='word_1_571' title='bbox 412 4388 601 4449; x_wconf 87' lang='grc' dir='ltr'>τικοῖς</span> <span class='ocrx_word' id='word_1_572' title='bbox 634 4385 710 4449; x_wconf 85' lang='grc' dir='ltr'>ὡς</span> <span class='ocrx_word' id='word_1_573' title='bbox 733 4385 895 4460; x_wconf 83' lang='grc' dir='ltr'>κλίνῃ</span> <span class='ocrx_word' id='word_1_574' title='bbox 924 4385 1427 4457; x_wconf 79' lang='grc' dir='ltr'>ἐπαναπαυομένη·</span> <span class='ocrx_word' id='word_1_575' title='bbox 1457 4385 1645 4457; x_wconf 82' lang='grc' dir='ltr'>ἐπειδὴ</span> <span class='ocrx_word' id='word_1_576' title='bbox 1681 4386 1741 4439; x_wconf 83' lang='grc' dir='ltr'>δὲ</span> <span class='ocrx_word' id='word_1_577' title='bbox 1787 4388 1821 4459; x_wconf 81' lang='grc' dir='ltr'>ἡ</span> <span class='ocrx_word' id='word_1_578' title='bbox 1851 4385 2018 4459; x_wconf 79' lang='grc' dir='ltr'>ζήτη-</span> 
     </span>
    </p>
   </div>
   <div class='ocr_carea' id='block_1_76' title="bbox 417 4476 2016 4551">
    <p class='ocr_par' dir='ltr' id='par_1_76' title="bbox 417 4476 2016 4551">
     <span class='ocr_line' id='line_1_76' title="bbox 417 4476 2016 4551; baseline 0.001 -18"><span class='ocrx_word' id='word_1_579' title='bbox 417 4497 513 4544; x_wconf 84' lang='grc' dir='ltr'><strong>σις</strong></span> <span class='ocrx_word' id='word_1_580' title='bbox 542 4476 687 4549; x_wconf 78' lang='grc' dir='ltr'>αὕτη</span> <span class='ocrx_word' id='word_1_581' title='bbox 716 4480 817 4549; x_wconf 81' lang='grc' dir='ltr'>τῆς</span> <span class='ocrx_word' id='word_1_582' title='bbox 847 4478 1205 4551; x_wconf 81' lang='grc' dir='ltr'>καταλήψεως</span> <span class='ocrx_word' id='word_1_583' title='bbox 1234 4479 1476 4549; x_wconf 71' lang='grc' dir='ltr'>ἠστόχει,</span> <span class='ocrx_word' id='word_1_584' title='bbox 1506 4479 1803 4550; x_wconf 79' lang='grc' dir='ltr'>μετέϐαλον</span> <span class='ocrx_word' id='word_1_585' title='bbox 1838 4482 1932 4534; x_wconf 68' lang='grc' dir='ltr'>ἐπὶ</span> <span class='ocrx_word' id='word_1_586' title='bbox 1956 4481 2016 4534; x_wconf 82' lang='grc' dir='ltr'>τὸ</span> 
     </span>
    </p>
   </div>
   <div class='ocr_carea' id='block_1_77' title="bbox 415 4567 2015 4643">
    <p class='ocr_par' dir='ltr' id='par_1_77' title="bbox 415 4567 2015 4643">
     <span class='ocr_line' id='line_1_77' title="bbox 415 4567 2015 4643; baseline 0.002 -19"><span class='ocrx_word' id='word_1_587' title='bbox 415 4568 767 4641; x_wconf 77' lang='grc' dir='ltr'>ἐργάζεσθαι</span> <span class='ocrx_word' id='word_1_588' title='bbox 803 4570 904 4642; x_wconf 86' lang='grc' dir='ltr'>τὴν</span> <span class='ocrx_word' id='word_1_589' title='bbox 952 4571 1155 4643; x_wconf 82' lang='grc' dir='ltr'>ἀρετήν</span> <span class='ocrx_word' id='word_1_590' title='bbox 1178 4588 1195 4604; x_wconf 77' lang='grc' dir='ltr'><strong><em>ο</em></strong></span> <span class='ocrx_word' id='word_1_591' title='bbox 1239 4572 1321 4627; x_wconf 83' lang='grc' dir='ltr'><strong>διδ</strong></span> <span class='ocrx_word' id='word_1_592' title='bbox 1354 4567 1527 4636; x_wconf 78' lang='grc' dir='ltr'>εἷπον,</span> <span class='ocrx_word' id='word_1_593' title='bbox 1569 4571 2015 4643; x_wconf 79' lang='grc' dir='ltr'>’Δναστήσομαι</span> 
     </span>
    </p>
   </div>
   <div class='ocr_carea' id='block_1_78' title="bbox 416 4660 2015 4736">
    <p class='ocr_par' dir='ltr' id='par_1_78' title="bbox 416 4660 2015 4736">
     <span class='ocr_line' id='line_1_78' title="bbox 416 4660 2015 4736; baseline 0.002 -22"><span class='ocrx_word' id='word_1_594' title='bbox 416 4660 530 4728; x_wconf 75' lang='grc' dir='ltr'>δὴ,</span> <span class='ocrx_word' id='word_1_595' title='bbox 563 4661 666 4715; x_wconf 78' lang='grc' dir='ltr'>καὶ</span> <span class='ocrx_word' id='word_1_596' title='bbox 691 4660 763 4716; x_wconf 80' lang='grc' dir='ltr'><strong>τά</strong></span> <span class='ocrx_word' id='word_1_597' title='bbox 784 4663 976 4725; x_wconf 82' lang='grc' dir='ltr'>λοιπὰ,</span> <span class='ocrx_word' id='word_1_598' title='bbox 1022 4662 1403 4717; x_wconf 85' lang='grc' dir='ltr'>καταλιποῦσα</span> <span class='ocrx_word' id='word_1_599' title='bbox 1429 4663 1529 4734; x_wconf 72' lang='grc' dir='ltr'>τὴν</span> <span class='ocrx_word' id='word_1_600' title='bbox 1576 4663 1789 4734; x_wconf 86' lang='grc' dir='ltr'>κλίνην,</span> <span class='ocrx_word' id='word_1_601' title='bbox 1818 4664 1912 4718; x_wconf 76' lang='grc' dir='ltr'>ἐπὶ</span> <span class='ocrx_word' id='word_1_602' title='bbox 1937 4663 2015 4736; x_wconf 82' lang='grc' dir='ltr'>τῷ</span> 
     </span>
    </p>
   </div>
   <div class='ocr_carea' id='block_1_79' title="bbox 416 4752 2015 4828">
    <p class='ocr_par' dir='ltr' id='par_1_79' title="bbox 416 4752 2015 4828">
     <span class='ocr_line' id='line_1_79' title="bbox 416 4752 2015 4828; baseline 0.003 -23"><span class='ocrx_word' id='word_1_603' title='bbox 416 4753 492 4806; x_wconf 86' lang='grc' dir='ltr'><strong>δι’</strong></span> <span class='ocrx_word' id='word_1_604' title='bbox 529 4752 712 4823; x_wconf 77' lang='grc' dir='ltr'>ἔργων</span> <span class='ocrx_word' id='word_1_605' title='bbox 744 4753 1078 4826; x_wconf 77' lang='grc' dir='ltr'>ποιήσασθαι</span> <span class='ocrx_word' id='word_1_606' title='bbox 1103 4755 1203 4826; x_wconf 86' lang='grc' dir='ltr'>τὴν</span> <span class='ocrx_word' id='word_1_607' title='bbox 1244 4756 1506 4828; x_wconf 78' lang='grc' dir='ltr'>ζήτησινο</span> <span class='ocrx_word' id='word_1_608' title='bbox 1543 4755 1659 4809; x_wconf 85' lang='grc' dir='ltr'>ἀλλ’</span> <span class='ocrx_word' id='word_1_609' title='bbox 1702 4755 1825 4810; x_wconf 84' lang='grc' dir='ltr'>οὐδὲ</span> <span class='ocrx_word' id='word_1_610' title='bbox 1856 4755 2015 4811; x_wconf 83' lang='grc' dir='ltr'>τοῦτό</span> 
     </span>
    </p>
   </div>
   <div class='ocr_carea' id='block_1_80' title="bbox 421 4835 2019 4920">
    <p class='ocr_par' dir='ltr' id='par_1_80' title="bbox 421 4835 2019 4920">
     <span class='ocr_line' id='line_1_80' title="bbox 421 4835 2019 4920; baseline 0.004 -23"><span class='ocrx_word' id='word_1_611' title='bbox 421 4861 498 4914; x_wconf 87' lang='grc' dir='ltr'><strong>με</strong></span> <span class='ocrx_word' id='word_1_612' title='bbox 532 4844 675 4913; x_wconf 77' lang='grc' dir='ltr'>πρὸς</span> <span class='ocrx_word' id='word_1_613' title='bbox 694 4843 797 4916; x_wconf 82' lang='grc' dir='ltr'>τὴν</span> <span class='ocrx_word' id='word_1_614' title='bbox 828 4835 1047 4916; x_wconf 78' lang='grc' dir='ltr'>εὕρεσιν</span> <span class='ocrx_word' id='word_1_615' title='bbox 1080 4846 1356 4918; x_wconf 83' lang='grc' dir='ltr'>ὡδήγησε.</span> <span class='ocrx_word' id='word_1_616' title='bbox 1387 4848 1515 4901; x_wconf 77' lang='grc' dir='ltr'>Δέον</span> <span class='ocrx_word' id='word_1_617' title='bbox 1560 4847 1669 4920; x_wconf 82' lang='grc' dir='ltr'>γὰρ</span> <span class='ocrx_word' id='word_1_618' title='bbox 1710 4846 2019 4920; x_wconf 82' lang='grc' dir='ltr'>ἐργαζομέ-</span> 
     </span>
    </p>
   </div>
   <div class='ocr_carea' id='block_1_81' title="bbox 418 4935 2016 5013">
    <p class='ocr_par' dir='ltr' id='par_1_81' title="bbox 418 4935 2016 5013">
     <span class='ocr_line' id='line_1_81' title="bbox 418 4935 2016 5013; baseline 0.004 -26"><span class='ocrx_word' id='word_1_619' title='bbox 418 4953 537 5013; x_wconf 29' lang='grc' dir='ltr'>νης,</span> <span class='ocrx_word' id='word_1_620' title='bbox 561 4936 632 4988; x_wconf 73' lang='grc' dir='ltr'><strong>τὰ</strong></span> <span class='ocrx_word' id='word_1_621' title='bbox 658 4935 762 5005; x_wconf 79' lang='grc' dir='ltr'>τῆς</span> <span class='ocrx_word' id='word_1_622' title='bbox 791 4936 996 5008; x_wconf 82' lang='grc' dir='ltr'>ἀρετῆς</span> <span class='ocrx_word' id='word_1_623' title='bbox 1021 4937 1228 5010; x_wconf 71' lang='grc' dir='ltr'>κρύψαι</span> <span class='ocrx_word' id='word_1_624' title='bbox 1258 4941 1352 4993; x_wconf 80' lang='grc' dir='ltr'>τὸν</span> <span class='ocrx_word' id='word_1_625' title='bbox 1393 4939 1576 5004; x_wconf 75' lang='grc' dir='ltr'>πόνον,</span> <span class='ocrx_word' id='word_1_626' title='bbox 1626 4939 2016 4995; x_wconf 80' lang='grc' dir='ltr'>ἐπιδεικτιῶσα</span> 
     </span>
    </p>
   </div>
   <div class='ocr_carea' id='block_1_82' title="bbox 416 5026 2018 5102">
    <p class='ocr_par' dir='ltr' id='par_1_82' title="bbox 416 5026 2018 5102">
     <span class='ocr_line' id='line_1_82' title="bbox 416 5026 2018 5102; baseline 0.002 -22"><span class='ocrx_word' id='word_1_627' title='bbox 416 5026 623 5080; x_wconf 75' lang='grc' dir='ltr'>τοῦτον</span> <span class='ocrx_word' id='word_1_628' title='bbox 673 5026 1026 5095; x_wconf 76' lang='grc' dir='ltr'>ἐδημοσίευον</span> <span class='ocrx_word' id='word_1_629' title='bbox 1063 5029 1129 5082; x_wconf 84' lang='grc' dir='ltr'><strong>ἐν</strong></span> <span class='ocrx_word' id='word_1_630' title='bbox 1157 5030 1463 5094; x_wconf 79' lang='grc' dir='ltr'>πλατείαις,</span> <span class='ocrx_word' id='word_1_631' title='bbox 1502 5029 1599 5083; x_wconf 77' lang='grc' dir='ltr'>καὶ</span> <span class='ocrx_word' id='word_1_632' title='bbox 1638 5031 1888 5102; x_wconf 86' lang='grc' dir='ltr'>ἀγοραῖς,</span> <span class='ocrx_word' id='word_1_633' title='bbox 1924 5031 2018 5084; x_wconf 83' lang='grc' dir='ltr'>τὸν</span> 
     </span>
    </p>
   </div>
   <div class='ocr_carea' id='block_1_83' title="bbox 421 5117 2019 5194">
    <p class='ocr_par' dir='ltr' id='par_1_83' title="bbox 421 5117 2019 5194">
     <span class='ocr_line' id='line_1_83' title="bbox 421 5117 2019 5194; baseline 0.003 -23"><span class='ocrx_word' id='word_1_634' title='bbox 421 5117 743 5188; x_wconf 76' lang='grc' dir='ltr'>ἀνθρώπων</span> <span class='ocrx_word' id='word_1_635' title='bbox 786 5118 1010 5173; x_wconf 81' lang='grc' dir='ltr'>ἔπαινον</span> <span class='ocrx_word' id='word_1_636' title='bbox 1036 5120 1356 5194; x_wconf 80' lang='grc' dir='ltr'>θηρωμένη.</span> <span class='ocrx_word' id='word_1_637' title='bbox 1400 5123 1490 5174; x_wconf 82' lang='grc' dir='ltr'>Διδ</span> <span class='ocrx_word' id='word_1_638' title='bbox 1512 5120 1621 5175; x_wconf 76' lang='grc' dir='ltr'>οὐδ’</span> <span class='ocrx_word' id='word_1_639' title='bbox 1645 5121 1818 5187; x_wconf 72' lang='grc' dir='ltr'>οὓτως</span> <span class='ocrx_word' id='word_1_640' title='bbox 1836 5123 2019 5194; x_wconf 78' lang='grc' dir='ltr'>εὑρεῖν</span> 
     </span>
    </p>
   </div>
   <div class='ocr_carea' id='block_1_84' title="bbox 419 5209 2017 5284">
    <p class='ocr_par' dir='ltr' id='par_1_84' title="bbox 419 5209 2017 5284">
     <span class='ocr_line' id='line_1_84' title="bbox 419 5209 2017 5284; baseline 0.002 -20"><span class='ocrx_word' id='word_1_641' title='bbox 419 5209 742 5280; x_wconf 68' lang='grc' dir='ltr'>δεδύνημαι</span> <span class='ocrx_word' id='word_1_642' title='bbox 765 5226 778 5238; x_wconf 90' lang='grc'><strong>·</strong></span> <span class='ocrx_word' id='word_1_643' title='bbox 814 5211 970 5265; x_wconf 81' lang='grc' dir='ltr'>οὐδὲν</span> <span class='ocrx_word' id='word_1_644' title='bbox 1001 5210 1111 5283; x_wconf 88' lang='grc' dir='ltr'><strong>γὰρ</strong></span> <span class='ocrx_word' id='word_1_645' title='bbox 1157 5213 1412 5271; x_wconf 81' lang='grc' dir='ltr'>συντελεῖ</span> <span class='ocrx_word' id='word_1_646' title='bbox 1431 5213 1568 5284; x_wconf 79' lang='grc' dir='ltr'>πρὸς</span> <span class='ocrx_word' id='word_1_647' title='bbox 1610 5213 1708 5283; x_wconf 84' lang='grc' dir='ltr'>τὴν</span> <span class='ocrx_word' id='word_1_648' title='bbox 1740 5214 1847 5268; x_wconf 81' lang='grc' dir='ltr'><strong>τῶν</strong></span> <span class='ocrx_word' id='word_1_649' title='bbox 1873 5215 2017 5282; x_wconf 87' lang='grc' dir='ltr'>ἀγα-</span> 
     </span>
    </p>
   </div>
   <div class='ocr_carea' id='block_1_85' title="bbox 427 5298 2020 5371">
    <p class='ocr_par' dir='ltr' id='par_1_85' title="bbox 427 5298 2020 5371">
     <span class='ocr_line' id='line_1_85' title="bbox 427 5298 2020 5371; baseline 0.001 -19"><span class='ocrx_word' id='word_1_650' title='bbox 427 5298 547 5353; x_wconf 83' lang='grc' dir='ltr'>θῶν</span> <span class='ocrx_word' id='word_1_651' title='bbox 580 5300 776 5371; x_wconf 76' lang='grc' dir='ltr'>κτῆσιν</span> <span class='ocrx_word' id='word_1_652' title='bbox 819 5300 1005 5364; x_wconf 83' lang='grc' dir='ltr'>πόνος,</span> <span class='ocrx_word' id='word_1_653' title='bbox 1052 5302 1182 5355; x_wconf 81' lang='grc' dir='ltr'>ὅταν</span> <span class='ocrx_word' id='word_1_654' title='bbox 1241 5301 1380 5370; x_wconf 82' lang='grc' dir='ltr'>μετὰ</span> <span class='ocrx_word' id='word_1_655' title='bbox 1430 5300 1737 5369; x_wconf 73' lang='grc' dir='ltr'>φιλοδοξίας</span> <span class='ocrx_word' id='word_1_656' title='bbox 1779 5299 2020 5371; x_wconf 82' lang='grc' dir='ltr'>γίνηται.</span> 
     </span>
    </p>
   </div>
   <div class='ocr_carea' id='block_1_86' title="bbox 443 5387 2027 5460">
    <p class='ocr_par' dir='ltr' id='par_1_86' title="bbox 443 5387 2027 5460">
     <span class='ocr_line' id='line_1_86' title="bbox 443 5387 2027 5460; baseline 0.001 -17"><span class='ocrx_word' id='word_1_657' title='bbox 443 5391 601 5444; x_wconf 52' lang='lat' dir='ltr'><strong>an&quot;</strong></span> <span class='ocrx_word' id='word_1_658' title='bbox 621 5392 753 5445; x_wconf 85' lang='grc' dir='ltr'>ὅταν</span> <span class='ocrx_word' id='word_1_659' title='bbox 782 5387 967 5458; x_wconf 78' lang='grc' dir='ltr'>εὗρον</span> <span class='ocrx_word' id='word_1_660' title='bbox 997 5393 1193 5460; x_wconf 71' lang='grc' dir='ltr'>αὐτὴν</span> <span class='ocrx_word' id='word_1_661' title='bbox 1220 5394 1291 5446; x_wconf 77' lang='lat' dir='ltr'><strong>ol&#39;</strong></span> <span class='ocrx_word' id='word_1_662' title='bbox 1315 5393 1587 5460; x_wconf 69' lang='grc' dir='ltr'>,φύλακες</span> <span class='ocrx_word' id='word_1_663' title='bbox 1622 5395 1676 5448; x_wconf 79' lang='grc' dir='ltr'><strong>οἱ</strong></span> <span class='ocrx_word' id='word_1_664' title='bbox 1705 5391 2027 5460; x_wconf 78' lang='grc' dir='ltr'>τηροῦντες</span> 
     </span>
    </p>
   </div>
   <div class='ocr_carea' id='block_1_87' title="bbox 428 5475 2031 5555">
    <p class='ocr_par' dir='ltr' id='par_1_87' title="bbox 428 5475 2031 5555">
     <span class='ocr_line' id='line_1_87' title="bbox 428 5475 2031 5555; baseline -0.001 -18"><span class='ocrx_word' id='word_1_665' title='bbox 428 5484 508 5537; x_wconf 82' lang='grc' dir='ltr'>ἐν</span> <span class='ocrx_word' id='word_1_666' title='bbox 537 5482 615 5551; x_wconf 78' lang='grc' dir='ltr'>τῇ</span> <span class='ocrx_word' id='word_1_667' title='bbox 645 5483 821 5537; x_wconf 73' lang='grc' dir='ltr'>πόλει</span> <span class='ocrx_word' id='word_1_668' title='bbox 844 5497 860 5514; x_wconf 76' lang='grc'><strong>⁸</strong></span> <span class='ocrx_word' id='word_1_669' title='bbox 885 5475 1031 5537; x_wconf 79' lang='grc' dir='ltr'>οὗτοι</span> <span class='ocrx_word' id='word_1_670' title='bbox 1072 5483 1129 5536; x_wconf 78' lang='grc' dir='ltr'>δὲ</span> <span class='ocrx_word' id='word_1_671' title='bbox 1174 5483 1286 5536; x_wconf 62' lang='grc' dir='ltr'>εἰσὶ</span> <span class='ocrx_word' id='word_1_672' title='bbox 1327 5482 1684 5555; x_wconf 81' lang='grc' dir='ltr'>λειτουργικὰ</span> <span class='ocrx_word' id='word_1_673' title='bbox 1736 5480 2031 5551; x_wconf 84' lang='grc' dir='ltr'>πνεύματα</span> 
     </span>
    </p>
   </div>
   <div class='ocr_carea' id='block_1_88' title="bbox 429 5572 2029 5647">
    <p class='ocr_par' dir='ltr' id='par_1_88' title="bbox 429 5572 2029 5647">
     <span class='ocr_line' id='line_1_88' title="bbox 429 5572 2029 5647; baseline -0.002 -18"><span class='ocrx_word' id='word_1_674' title='bbox 429 5573 797 5645; x_wconf 74' lang='grc' dir='ltr'>διακονοῦντα</span> <span class='ocrx_word' id='word_1_675' title='bbox 819 5576 886 5646; x_wconf 83' lang='grc' dir='ltr'>τῇ</span> <span class='ocrx_word' id='word_1_676' title='bbox 920 5574 1180 5647; x_wconf 65' lang='grc' dir='ltr'>σωτηρίαν</span> <span class='ocrx_word' id='word_1_677' title='bbox 1194 5574 1301 5629; x_wconf 85' lang='grc' dir='ltr'>τῶν</span> <span class='ocrx_word' id='word_1_678' title='bbox 1324 5572 1654 5645; x_wconf 75' lang='grc' dir='ltr'>ἀνθρώπων,</span> <span class='ocrx_word' id='word_1_679' title='bbox 1677 5573 1798 5645; x_wconf 72' lang='grc' dir='ltr'>ἦτοι</span> <span class='ocrx_word' id='word_1_680' title='bbox 1820 5572 2029 5642; x_wconf 84' lang='grc' dir='ltr'>διοική-</span> 
     </span>
    </p>
   </div>
   <div class='ocr_carea' id='block_1_89' title="bbox 437 5654 2023 5735">
    <p class='ocr_par' dir='ltr' id='par_1_89' title="bbox 437 5654 2023 5735">
     <span class='ocr_line' id='line_1_89' title="bbox 437 5654 2023 5735; baseline 0.001 -20"><span class='ocrx_word' id='word_1_681' title='bbox 437 5680 526 5716; x_wconf 81' lang='grc' dir='ltr'><strong>σει</strong></span> <span class='ocrx_word' id='word_1_682' title='bbox 559 5662 655 5716; x_wconf 88' lang='grc' dir='ltr'><strong>τοῦ</strong></span> <span class='ocrx_word' id='word_1_683' title='bbox 689 5663 810 5734; x_wconf 85' lang='grc' dir='ltr'>βίου</span> <span class='ocrx_word' id='word_1_684' title='bbox 857 5664 1141 5732; x_wconf 73' lang='grc' dir='ltr'>ἐφεστῶτα</span> <span class='ocrx_word' id='word_1_685' title='bbox 1162 5684 1175 5697; x_wconf 91' lang='grc'><strong>·</strong></span> <span class='ocrx_word' id='word_1_686' title='bbox 1208 5666 1305 5718; x_wconf 76' lang='grc' dir='ltr'>καὶ</span> <span class='ocrx_word' id='word_1_687' title='bbox 1342 5654 1716 5735; x_wconf 80' lang='grc' dir='ltr'>ἐρωτηθέντες</span> <span class='ocrx_word' id='word_1_688' title='bbox 1762 5664 1890 5735; x_wconf 76' lang='grc' dir='ltr'>περὶ</span> <span class='ocrx_word' id='word_1_689' title='bbox 1930 5662 2023 5717; x_wconf 88' lang='grc' dir='ltr'><strong>τοῦ</strong></span> 
     </span>
    </p>
   </div>
   <div class='ocr_carea' id='block_1_90' title="bbox 435 5753 2044 5827">
    <p class='ocr_par' dir='ltr' id='par_1_90' title="bbox 435 5753 2044 5827">
     <span class='ocr_line' id='line_1_90' title="bbox 435 5753 2044 5827; baseline 0.002 -22"><span class='ocrx_word' id='word_1_690' title='bbox 435 5755 840 5826; x_wconf 79' lang='grc' dir='ltr'>ἀγαπωμένου,</span> <span class='ocrx_word' id='word_1_691' title='bbox 887 5757 1067 5826; x_wconf 78' lang='grc' dir='ltr'>σιωπῇ</span> <span class='ocrx_word' id='word_1_692' title='bbox 1116 5754 1597 5827; x_wconf 78' lang='grc' dir='ltr'>παρῆλθον⁸αὐτὴν</span> <span class='ocrx_word' id='word_1_693' title='bbox 1628 5754 1703 5816; x_wconf 82' lang='grc' dir='ltr'>ὼς</span> <span class='ocrx_word' id='word_1_694' title='bbox 1746 5754 1847 5807; x_wconf 81' lang='grc' dir='ltr'>οὐκ</span> <span class='ocrx_word' id='word_1_695' title='bbox 1868 5753 2044 5821; x_wconf 84' lang='grc' dir='ltr'>ἀξίαν.</span> 
     </span>
    </p>
   </div>
   <div class='ocr_carea' id='block_1_91' title="bbox 441 5846 2028 5919">
    <p class='ocr_par' dir='ltr' id='par_1_91' title="bbox 441 5846 2028 5919">
     <span class='ocr_line' id='line_1_91' title="bbox 441 5846 2028 5919; baseline 0.001 -21"><span class='ocrx_word' id='word_1_696' title='bbox 441 5847 833 5919; x_wconf 77' lang='grc' dir='ltr'>ἀποχρίσεως’</span> <span class='ocrx_word' id='word_1_697' title='bbox 886 5848 949 5899; x_wconf 81' lang='grc' dir='ltr'><strong>ἐκ</strong></span> <span class='ocrx_word' id='word_1_698' title='bbox 983 5848 1080 5919; x_wconf 82' lang='grc' dir='ltr'>τῆς</span> <span class='ocrx_word' id='word_1_699' title='bbox 1125 5849 1479 5919; x_wconf 72' lang='grc' dir='ltr'>ἀποστροφῆς</span> <span class='ocrx_word' id='word_1_700' title='bbox 1527 5846 1904 5917; x_wconf 82' lang='grc' dir='ltr'>στοχασαμένη</span> <span class='ocrx_word' id='word_1_701' title='bbox 1951 5846 2028 5912; x_wconf 83' lang='grc' dir='ltr'>ὡς</span> 
     </span>
    </p>
   </div>
   <div class='ocr_carea' id='block_1_92' title="bbox 1978 4616 2094 4676">
    <p class='ocr_par' dir='ltr' id='par_1_92' title="bbox 1978 4616 2094 4676">
     <span class='ocr_line' id='line_1_92' title="bbox 1978 4616 2094 4676; baseline 0 0"><span class='ocrx_word' id='word_1_702' title='bbox 1978 4616 2094 4676; x_wconf 66' lang='lat' dir='ltr'><strong>L&#39;D</strong></span> 
     </span>
    </p>
   </div>
   <div class='ocr_carea' id='block_1_93' title="bbox 2119 3370 3727 3443">
    <p class='ocr_par' dir='ltr' id='par_1_93' title="bbox 2119 3370 3727 3443">
     <span class='ocr_line' id='line_1_93' title="bbox 2119 3370 3727 3443; baseline 0.001 -18"><span class='ocrx_word' id='word_1_703' title='bbox 2119 3379 2517 3427; x_wconf 84' lang='lat' dir='ltr'><strong>commemorat</strong></span> <span class='ocrx_word' id='word_1_704' title='bbox 2555 3370 2790 3427; x_wconf 82' lang='lat' dir='ltr'><strong>Verbum</strong></span> <span class='ocrx_word' id='word_1_705' title='bbox 2829 3387 3086 3443; x_wconf 59' lang='lat' dir='ltr'><strong>quarens</strong></span> <span class='ocrx_word' id='word_1_706' title='bbox 3108 3389 3173 3430; x_wconf 87' lang='lat' dir='ltr'><strong>ac</strong></span> <span class='ocrx_word' id='word_1_707' title='bbox 3204 3372 3621 3443; x_wconf 74' lang='lat' dir='ltr'><strong>perfectionem,</strong></span> <span class='ocrx_word' id='word_1_708' title='bbox 3653 3385 3727 3430; x_wconf 68' lang='lat' dir='ltr'><strong>et.</strong></span> 
     </span>
    </p>
   </div>
   <div class='ocr_carea' id='block_1_94' title="bbox 2118 3452 3712 3537">
    <p class='ocr_par' dir='ltr' id='par_1_94' title="bbox 2118 3452 3712 3537">
     <span class='ocr_line' id='line_1_94' title="bbox 2118 3452 3712 3537; baseline 0.004 -20"><span class='ocrx_word' id='word_1_709' title='bbox 2118 3452 2173 3517; x_wconf 79' lang='lat' dir='ltr'><strong>in</strong></span> <span class='ocrx_word' id='word_1_710' title='bbox 2208 3462 2549 3532; x_wconf 76' lang='lat' dir='ltr'><strong>perfectione</strong></span> <span class='ocrx_word' id='word_1_711' title='bbox 2579 3463 2927 3519; x_wconf 90' lang='lat' dir='ltr'><strong>mansionem</strong></span> <span class='ocrx_word' id='word_1_712' title='bbox 2958 3481 2973 3518; x_wconf 91' lang='lat'><strong>:</strong></span> <span class='ocrx_word' id='word_1_713' title='bbox 3017 3473 3184 3534; x_wconf 88' lang='lat' dir='ltr'><strong>atque</strong></span> <span class='ocrx_word' id='word_1_714' title='bbox 3217 3465 3333 3521; x_wconf 77' lang='lat' dir='ltr'><strong>haec</strong></span> <span class='ocrx_word' id='word_1_715' title='bbox 3372 3465 3439 3520; x_wconf 90' lang='lat' dir='ltr'><strong>ad</strong></span> <span class='ocrx_word' id='word_1_716' title='bbox 3471 3466 3712 3537; x_wconf 80' lang='lat' dir='ltr'><strong>reliquo-</strong></span> 
     </span>
    </p>
   </div>
   <div class='ocr_carea' id='block_1_95' title="bbox 2118 3553 3709 3628">
    <p class='ocr_par' dir='ltr' id='par_1_95' title="bbox 2118 3553 3709 3628">
     <span class='ocr_line' id='line_1_95' title="bbox 2118 3553 3709 3628; baseline 0.003 -19"><span class='ocrx_word' id='word_1_717' title='bbox 2118 3570 2241 3610; x_wconf 89' lang='lat' dir='ltr'><strong>rum</strong></span> <span class='ocrx_word' id='word_1_718' title='bbox 2271 3553 2404 3609; x_wconf 85' lang='lat' dir='ltr'><strong>dicit</strong></span> <span class='ocrx_word' id='word_1_719' title='bbox 2434 3555 2755 3619; x_wconf 85' lang='lat' dir='ltr'><strong>utilitatem,</strong></span> <span class='ocrx_word' id='word_1_720' title='bbox 2792 3554 2998 3611; x_wconf 90' lang='lat' dir='ltr'><strong>docens</strong></span> <span class='ocrx_word' id='word_1_721' title='bbox 3029 3555 3148 3610; x_wconf 86' lang='lat' dir='ltr'><strong>ﬁeri</strong></span> <span class='ocrx_word' id='word_1_722' title='bbox 3183 3572 3292 3612; x_wconf 93' lang='lat' dir='ltr'><strong>non</strong></span> <span class='ocrx_word' id='word_1_723' title='bbox 3329 3572 3495 3628; x_wconf 85' lang='lat' dir='ltr'><strong>posse</strong></span> <span class='ocrx_word' id='word_1_724' title='bbox 3556 3570 3614 3612; x_wconf 86' lang='grc' dir='ltr'><strong>ιιι</strong></span> <span class='ocrx_word' id='word_1_725' title='bbox 3652 3559 3709 3614; x_wconf 92' lang='lat' dir='ltr'><strong>in</strong></span> 
     </span>
    </p>
   </div>
   <div class='ocr_carea' id='block_1_96' title="bbox 2117 3646 3713 3718">
    <p class='ocr_par' dir='ltr' id='par_1_96' title="bbox 2117 3646 3713 3718">
     <span class='ocr_line' id='line_1_96' title="bbox 2117 3646 3713 3718; baseline 0.004 -17"><span class='ocrx_word' id='word_1_726' title='bbox 2117 3646 2301 3716; x_wconf 89' lang='lat' dir='ltr'><strong>quiete</strong></span> <span class='ocrx_word' id='word_1_727' title='bbox 2332 3662 2586 3716; x_wconf 69' lang='lat' dir='ltr'><strong>quaerens</strong></span> <span class='ocrx_word' id='word_1_728' title='bbox 2644 3648 2773 3718; x_wconf 91' lang='lat' dir='ltr'><strong>quis</strong></span> <span class='ocrx_word' id='word_1_729' title='bbox 2818 3647 3194 3704; x_wconf 86' lang='lat' dir='ltr'><strong>desideratum</strong></span> <span class='ocrx_word' id='word_1_730' title='bbox 3242 3651 3503 3707; x_wconf 88' lang='lat' dir='ltr'><strong>inveniat.</strong></span> <span class='ocrx_word' id='word_1_731' title='bbox 3539 3651 3713 3707; x_wconf 80' lang='lat' dir='ltr'><strong>Exer-</strong></span> 
     </span>
    </p>
   </div>
   <div class='ocr_carea' id='block_1_97' title="bbox 2117 3738 3711 3800">
    <p class='ocr_par' dir='ltr' id='par_1_97' title="bbox 2117 3738 3711 3800">
     <span class='ocr_line' id='line_1_97' title="bbox 2117 3738 3711 3800; baseline 0.004 -8"><span class='ocrx_word' id='word_1_732' title='bbox 2117 3738 2369 3793; x_wconf 89' lang='lat' dir='ltr'><strong>citationi</strong></span> <span class='ocrx_word' id='word_1_733' title='bbox 2444 3740 2592 3794; x_wconf 83' lang='lat' dir='ltr'><strong>enim</strong></span> <span class='ocrx_word' id='word_1_734' title='bbox 2657 3740 2923 3794; x_wconf 88' lang='lat' dir='ltr'><strong>virtutum</strong></span> <span class='ocrx_word' id='word_1_735' title='bbox 2991 3741 3213 3797; x_wconf 90' lang='lat' dir='ltr'><strong>inimica</strong></span> <span class='ocrx_word' id='word_1_736' title='bbox 3272 3743 3503 3799; x_wconf 89' lang='lat' dir='ltr'><strong>desidia.</strong></span> <span class='ocrx_word' id='word_1_737' title='bbox 3572 3745 3711 3800; x_wconf 86' lang='lat' dir='ltr'><strong>Illud</strong></span> 
     </span>
    </p>
   </div>
   <div class='ocr_carea' id='block_1_98' title="bbox 2116 3830 3714 3904">
    <p class='ocr_par' dir='ltr' id='par_1_98' title="bbox 2116 3830 3714 3904">
     <span class='ocr_line' id='line_1_98' title="bbox 2116 3830 3714 3904; baseline 0.004 -19"><span class='ocrx_word' id='word_1_738' title='bbox 2116 3831 2262 3887; x_wconf 87' lang='lat' dir='ltr'><strong>enim</strong></span> <span class='ocrx_word' id='word_1_739' title='bbox 2296 3847 2310 3885; x_wconf 90' lang='lat'><strong>:</strong></span> <span class='ocrx_word' id='word_1_740' title='bbox 2347 3830 2414 3885; x_wconf 86' lang='lat' dir='ltr'><strong>In</strong></span> <span class='ocrx_word' id='word_1_741' title='bbox 2448 3830 2639 3885; x_wconf 80' lang='lat' dir='ltr'><strong>lectulo</strong></span> <span class='ocrx_word' id='word_1_742' title='bbox 2697 3848 2811 3886; x_wconf 81' lang='lat' dir='ltr'><strong>meo</strong></span> <span class='ocrx_word' id='word_1_743' title='bbox 2841 3834 2897 3885; x_wconf 86' lang='lat' dir='ltr'><strong>in</strong></span> <span class='ocrx_word' id='word_1_744' title='bbox 2926 3833 3164 3888; x_wconf 72' lang='lat' dir='ltr'><strong>uestibus</strong></span> <span class='ocrx_word' id='word_1_745' title='bbox 3189 3835 3409 3904; x_wconf 80' lang='lat' dir='ltr'><strong>quwsivi</strong></span> <span class='ocrx_word' id='word_1_746' title='bbox 3438 3852 3591 3904; x_wconf 83' lang='lat' dir='ltr'><strong>quem</strong></span> <span class='ocrx_word' id='word_1_747' title='bbox 3629 3836 3714 3892; x_wconf 76' lang='lat' dir='ltr'><strong>dir</strong></span> 
     </span>
    </p>
   </div>
   <div class='ocr_carea' id='block_1_99' title="bbox 2118 3924 3714 3996">
    <p class='ocr_par' dir='ltr' id='par_1_99' title="bbox 2118 3924 3714 3996">
     <span class='ocr_line' id='line_1_99' title="bbox 2118 3924 3714 3996; baseline 0.003 -19"><span class='ocrx_word' id='word_1_748' title='bbox 2118 3924 2246 3978; x_wconf 74' lang='lat' dir='ltr'><strong>(exit</strong></span> <span class='ocrx_word' id='word_1_749' title='bbox 2285 3924 2465 3978; x_wconf 86' lang='lat' dir='ltr'><strong>anima</strong></span> <span class='ocrx_word' id='word_1_750' title='bbox 2490 3939 2605 3977; x_wconf 83' lang='lat' dir='ltr'><strong>mea</strong></span> <span class='ocrx_word' id='word_1_751' title='bbox 2639 3962 2655 3988; x_wconf 90' lang='lat'><strong>,</strong></span> <span class='ocrx_word' id='word_1_752' title='bbox 2685 3930 2769 3979; x_wconf 90' lang='lat' dir='ltr'><strong>est</strong></span> <span class='ocrx_word' id='word_1_753' title='bbox 2819 3924 2981 3980; x_wconf 89' lang='lat' dir='ltr'><strong>istius</strong></span> <span class='ocrx_word' id='word_1_754' title='bbox 3018 3926 3163 3980; x_wconf 89' lang='lat' dir='ltr'><strong>modi</strong></span> <span class='ocrx_word' id='word_1_755' title='bbox 3197 3941 3260 3981; x_wconf 87' lang='lat' dir='ltr'><strong>ac</strong></span> <span class='ocrx_word' id='word_1_756' title='bbox 3292 3927 3338 3982; x_wconf 88' lang='lat' dir='ltr'><strong>si</strong></span> <span class='ocrx_word' id='word_1_757' title='bbox 3379 3927 3593 3996; x_wconf 82' lang='lat' dir='ltr'><strong>Sponsa</strong></span> <span class='ocrx_word' id='word_1_758' title='bbox 3633 3928 3714 3983; x_wconf 91' lang='lat' dir='ltr'><strong>di-</strong></span> 
     </span>
    </p>
   </div>
   <div class='ocr_carea' id='block_1_100' title="bbox 2118 4013 3713 4076">
    <p class='ocr_par' dir='ltr' id='par_1_100' title="bbox 2118 4013 3713 4076">
     <span class='ocr_line' id='line_1_100' title="bbox 2118 4013 3713 4076; baseline 0.003 -6"><span class='ocrx_word' id='word_1_759' title='bbox 2118 4022 2271 4071; x_wconf 89' lang='lat' dir='ltr'><strong>ceret</strong></span> <span class='ocrx_word' id='word_1_760' title='bbox 2316 4013 2794 4070; x_wconf 88' lang='lat' dir='ltr'><strong>adolescentulis:</strong></span> <span class='ocrx_word' id='word_1_761' title='bbox 2834 4016 3218 4074; x_wconf 66' lang='lat' dir='ltr'><strong>existimabam</strong></span> <span class='ocrx_word' id='word_1_762' title='bbox 3275 4018 3445 4073; x_wconf 85' lang='lat' dir='ltr'><strong>levem</strong></span> <span class='ocrx_word' id='word_1_763' title='bbox 3488 4034 3612 4076; x_wconf 89' lang='lat' dir='ltr'><strong>esse</strong></span> <span class='ocrx_word' id='word_1_764' title='bbox 3644 4035 3713 4075; x_wconf 84' lang='lat' dir='ltr'><strong>ac</strong></span> 
     </span>
    </p>
   </div>
   <div class='ocr_carea' id='block_1_101' title="bbox 2119 4108 3713 4187">
    <p class='ocr_par' dir='ltr' id='par_1_101' title="bbox 2119 4108 3713 4187">
     <span class='ocr_line' id='line_1_101' title="bbox 2119 4108 3713 4187; baseline -0.001 -21"><span class='ocrx_word' id='word_1_765' title='bbox 2119 4109 2338 4166; x_wconf 80' lang='lat' dir='ltr'><strong>facilem</strong></span> <span class='ocrx_word' id='word_1_766' title='bbox 2366 4108 2590 4164; x_wconf 87' lang='lat' dir='ltr'><strong>virtutis</strong></span> <span class='ocrx_word' id='word_1_767' title='bbox 2622 4108 3027 4187; x_wconf 83' lang='lat' dir='ltr'><strong>possessionem</strong></span> <span class='ocrx_word' id='word_1_768' title='bbox 3055 4116 3112 4164; x_wconf 90' lang='lat' dir='ltr'><strong>et</strong></span> <span class='ocrx_word' id='word_1_769' title='bbox 3153 4110 3438 4180; x_wconf 70' lang='lat' dir='ltr'><strong>sapientiae</strong></span> <span class='ocrx_word' id='word_1_770' title='bbox 3483 4110 3713 4166; x_wconf 78' lang='lat' dir='ltr'><strong>fatnilia-</strong></span> 
     </span>
    </p>
   </div>
   <div class='ocr_carea' id='block_1_102' title="bbox 2116 4199 3712 4271">
    <p class='ocr_par' dir='ltr' id='par_1_102' title="bbox 2116 4199 3712 4271">
     <span class='ocr_line' id='line_1_102' title="bbox 2116 4199 3712 4271; baseline 0.003 -16"><span class='ocrx_word' id='word_1_771' title='bbox 2116 4201 2359 4268; x_wconf 90' lang='lat' dir='ltr'><strong>ritatem,</strong></span> <span class='ocrx_word' id='word_1_772' title='bbox 2391 4209 2447 4256; x_wconf 91' lang='lat' dir='ltr'><strong>et</strong></span> <span class='ocrx_word' id='word_1_773' title='bbox 2475 4199 2706 4271; x_wconf 76' lang='lat' dir='ltr'><strong>quaesivi</strong></span> <span class='ocrx_word' id='word_1_774' title='bbox 2740 4214 2852 4255; x_wconf 92' lang='lat' dir='ltr'><strong>non</strong></span> <span class='ocrx_word' id='word_1_775' title='bbox 2905 4215 3033 4256; x_wconf 89' lang='lat' dir='ltr'><strong>cum</strong></span> <span class='ocrx_word' id='word_1_776' title='bbox 3062 4202 3277 4268; x_wconf 89' lang='lat' dir='ltr'><strong>labore,</strong></span> <span class='ocrx_word' id='word_1_777' title='bbox 3317 4202 3412 4259; x_wconf 89' lang='lat' dir='ltr'><strong>sed</strong></span> <span class='ocrx_word' id='word_1_778' title='bbox 3457 4203 3712 4270; x_wconf 85' lang='lat' dir='ltr'><strong>remisse,</strong></span> 
     </span>
    </p>
   </div>
   <div class='ocr_carea' id='block_1_103' title="bbox 2117 4289 3710 4362">
    <p class='ocr_par' dir='ltr' id='par_1_103' title="bbox 2117 4289 3710 4362">
     <span class='ocr_line' id='line_1_103' title="bbox 2117 4289 3710 4362; baseline 0.002 -15"><span class='ocrx_word' id='word_1_779' title='bbox 2117 4308 2181 4347; x_wconf 88' lang='lat' dir='ltr'><strong>ac</strong></span> <span class='ocrx_word' id='word_1_780' title='bbox 2206 4292 2262 4347; x_wconf 94' lang='lat' dir='ltr'><strong>in</strong></span> <span class='ocrx_word' id='word_1_781' title='bbox 2287 4292 2453 4348; x_wconf 84' lang='lat' dir='ltr'><strong>rebus</strong></span> <span class='ocrx_word' id='word_1_782' title='bbox 2498 4289 2780 4361; x_wconf 87' lang='lat' dir='ltr'><strong>corporeis</strong></span> <span class='ocrx_word' id='word_1_783' title='bbox 2813 4296 3077 4360; x_wconf 87' lang='lat' dir='ltr'><strong>tanquam</strong></span> <span class='ocrx_word' id='word_1_784' title='bbox 3116 4291 3171 4346; x_wconf 91' lang='lat' dir='ltr'><strong>in</strong></span> <span class='ocrx_word' id='word_1_785' title='bbox 3219 4291 3363 4347; x_wconf 88' lang='lat' dir='ltr'><strong>lecto</strong></span> <span class='ocrx_word' id='word_1_786' title='bbox 3391 4290 3710 4362; x_wconf 42' lang='lat' dir='ltr'><strong>quiescenss</strong></span> 
     </span>
    </p>
   </div>
   <div class='ocr_carea' id='block_1_104' title="bbox 2119 4382 3709 4454">
    <p class='ocr_par' dir='ltr' id='par_1_104' title="bbox 2119 4382 3709 4454">
     <span class='ocr_line' id='line_1_104' title="bbox 2119 4382 3709 4454; baseline 0 -16"><span class='ocrx_word' id='word_1_787' title='bbox 2119 4382 2226 4440; x_wconf 86' lang='lat' dir='ltr'><strong>Sed</strong></span> <span class='ocrx_word' id='word_1_788' title='bbox 2254 4399 2380 4439; x_wconf 89' lang='lat' dir='ltr'><strong>cum</strong></span> <span class='ocrx_word' id='word_1_789' title='bbox 2408 4383 2661 4453; x_wconf 66' lang='lat' dir='ltr'><strong>quaesitio</strong></span> <span class='ocrx_word' id='word_1_790' title='bbox 2695 4382 2801 4438; x_wconf 89' lang='lat' dir='ltr'><strong>ista</strong></span> <span class='ocrx_word' id='word_1_791' title='bbox 2849 4383 3349 4454; x_wconf 78' lang='lat' dir='ltr'><strong>comprehensione</strong></span> <span class='ocrx_word' id='word_1_792' title='bbox 3368 4384 3709 4449; x_wconf 86' lang='lat' dir='ltr'><strong>aberrasset,</strong></span> 
     </span>
    </p>
   </div>
   <div class='ocr_carea' id='block_1_105' title="bbox 2117 4474 3718 4547">
    <p class='ocr_par' dir='ltr' id='par_1_105' title="bbox 2117 4474 3718 4547">
     <span class='ocr_line' id='line_1_105' title="bbox 2117 4474 3718 4547; baseline -0.002 -14"><span class='ocrx_word' id='word_1_793' title='bbox 2117 4493 2387 4534; x_wconf 88' lang='lat' dir='ltr'><strong>conversa</strong></span> <span class='ocrx_word' id='word_1_794' title='bbox 2448 4490 2570 4532; x_wconf 89' lang='lat' dir='ltr'><strong>sum</strong></span> <span class='ocrx_word' id='word_1_795' title='bbox 2601 4474 2671 4530; x_wconf 90' lang='lat' dir='ltr'><strong>ad</strong></span> <span class='ocrx_word' id='word_1_796' title='bbox 2718 4474 2943 4532; x_wconf 83' lang='lat' dir='ltr'><strong>virtutis</strong></span> <span class='ocrx_word' id='word_1_797' title='bbox 3000 4476 3418 4546; x_wconf 89' lang='lat' dir='ltr'><strong>operationem:</strong></span> <span class='ocrx_word' id='word_1_798' title='bbox 3449 4476 3718 4547; x_wconf 77' lang='lat' dir='ltr'><strong>quocirca,</strong></span> 
     </span>
    </p>
   </div>
   <div class='ocr_carea' id='block_1_106' title="bbox 2119 4568 3713 4642">
    <p class='ocr_par' dir='ltr' id='par_1_106' title="bbox 2119 4568 3713 4642">
     <span class='ocr_line' id='line_1_106' title="bbox 2119 4568 3713 4642; baseline -0.001 -15"><span class='ocrx_word' id='word_1_799' title='bbox 2119 4571 2268 4627; x_wconf 82' lang='lat' dir='ltr'><strong>dixi:</strong></span> <span class='ocrx_word' id='word_1_800' title='bbox 2298 4569 2601 4641; x_wconf 75' lang='lat' dir='ltr'><strong>Exsurgam</strong></span> <span class='ocrx_word' id='word_1_801' title='bbox 2627 4585 2785 4632; x_wconf 82' lang='lat' dir='ltr'><strong>nunc,</strong></span> <span class='ocrx_word' id='word_1_802' title='bbox 2802 4577 2932 4634; x_wconf 49' lang='lat' dir='ltr'><strong>etc”</strong></span> <span class='ocrx_word' id='word_1_803' title='bbox 2958 4568 3284 4642; x_wconf 88' lang='lat' dir='ltr'><strong>relinquens</strong></span> <span class='ocrx_word' id='word_1_804' title='bbox 3308 4569 3507 4625; x_wconf 92' lang='lat' dir='ltr'><strong>lectum</strong></span> <span class='ocrx_word' id='word_1_805' title='bbox 3536 4578 3594 4624; x_wconf 92' lang='lat' dir='ltr'><strong>ut</strong></span> <span class='ocrx_word' id='word_1_806' title='bbox 3616 4585 3713 4640; x_wconf 83' lang='lat' dir='ltr'><strong>per</strong></span> 
     </span>
    </p>
   </div>
   <div class='ocr_carea' id='block_1_107' title="bbox 2120 4659 3713 4733">
    <p class='ocr_par' dir='ltr' id='par_1_107' title="bbox 2120 4659 3713 4733">
     <span class='ocr_line' id='line_1_107' title="bbox 2120 4659 3713 4733; baseline -0.002 -16"><span class='ocrx_word' id='word_1_807' title='bbox 2120 4676 2287 4733; x_wconf 88' lang='lat' dir='ltr'><strong>opera</strong></span> <span class='ocrx_word' id='word_1_808' title='bbox 2321 4660 2605 4717; x_wconf 88' lang='lat' dir='ltr'><strong>instituam</strong></span> <span class='ocrx_word' id='word_1_809' title='bbox 2628 4660 3041 4732; x_wconf 88' lang='lat' dir='ltr'><strong>inquisitionem</strong></span> <span class='ocrx_word' id='word_1_810' title='bbox 3073 4677 3086 4714; x_wconf 90' lang='lat'><strong>:</strong></span> <span class='ocrx_word' id='word_1_811' title='bbox 3112 4660 3208 4716; x_wconf 87' lang='lat' dir='ltr'><strong>sed</strong></span> <span class='ocrx_word' id='word_1_812' title='bbox 3251 4675 3356 4714; x_wconf 90' lang='lat' dir='ltr'><strong>nec</strong></span> <span class='ocrx_word' id='word_1_813' title='bbox 3382 4660 3488 4715; x_wconf 88' lang='lat' dir='ltr'><strong>hoc</strong></span> <span class='ocrx_word' id='word_1_814' title='bbox 3521 4673 3610 4713; x_wconf 89' lang='lat' dir='ltr'><strong>me</strong></span> <span class='ocrx_word' id='word_1_815' title='bbox 3642 4659 3713 4714; x_wconf 86' lang='lat' dir='ltr'><strong>ad</strong></span> 
     </span>
    </p>
   </div>
   <div class='ocr_carea' id='block_1_108' title="bbox 2120 4747 3713 4821">
    <p class='ocr_par' dir='ltr' id='par_1_108' title="bbox 2120 4747 3713 4821">
     <span class='ocr_line' id='line_1_108' title="bbox 2120 4747 3713 4821; baseline -0.001 -15"><span class='ocrx_word' id='word_1_816' title='bbox 2120 4750 2492 4808; x_wconf 88' lang='lat' dir='ltr'><strong>inventionem</strong></span> <span class='ocrx_word' id='word_1_817' title='bbox 2525 4750 2775 4807; x_wconf 85' lang='lat' dir='ltr'><strong>adduxit.</strong></span> <span class='ocrx_word' id='word_1_818' title='bbox 2815 4749 3048 4806; x_wconf 88' lang='lat' dir='ltr'><strong>Decebat</strong></span> <span class='ocrx_word' id='word_1_819' title='bbox 3073 4750 3221 4805; x_wconf 90' lang='lat' dir='ltr'><strong>enim</strong></span> <span class='ocrx_word' id='word_1_820' title='bbox 3252 4765 3315 4805; x_wconf 88' lang='lat' dir='ltr'><strong>ea</strong></span> <span class='ocrx_word' id='word_1_821' title='bbox 3338 4764 3462 4821; x_wconf 69' lang='lat' dir='ltr'><strong>quae</strong></span> <span class='ocrx_word' id='word_1_822' title='bbox 3493 4747 3713 4804; x_wconf 86' lang='lat' dir='ltr'><strong>virtutis</strong></span> 
     </span>
    </p>
   </div>
   <div class='ocr_carea' id='block_1_109' title="bbox 2096 4840 3739 4914">
    <p class='ocr_par' dir='ltr' id='par_1_109' title="bbox 2096 4840 3739 4914">
     <span class='ocr_line' id='line_1_109' title="bbox 2096 4840 3739 4914; baseline -0.002 -16"><span class='ocrx_word' id='word_1_823' title='bbox 2096 4842 2250 4898; x_wconf 85' lang='lat' dir='ltr'><strong>sunt</strong></span> <span class='ocrx_word' id='word_1_824' title='bbox 2273 4851 2592 4914; x_wconf 87' lang='lat' dir='ltr'><strong>operantem</strong></span> <span class='ocrx_word' id='word_1_825' title='bbox 2628 4841 2971 4899; x_wconf 89' lang='lat' dir='ltr'><strong>abscondere</strong></span> <span class='ocrx_word' id='word_1_826' title='bbox 3005 4841 3251 4898; x_wconf 86' lang='lat' dir='ltr'><strong>laborem</strong></span> <span class='ocrx_word' id='word_1_827' title='bbox 3285 4858 3301 4908; x_wconf 93' lang='lat'><strong>;</strong></span> <span class='ocrx_word' id='word_1_828' title='bbox 3335 4840 3433 4898; x_wconf 89' lang='lat' dir='ltr'><strong>sed</strong></span> <span class='ocrx_word' id='word_1_829' title='bbox 3455 4842 3605 4896; x_wconf 89' lang='lat' dir='ltr'><strong>hunc</strong></span> <span class='ocrx_word' id='word_1_830' title='bbox 3627 4844 3739 4898; x_wconf 59' lang='lat' dir='ltr'><strong>os&quot;</strong></span> 
     </span>
    </p>
   </div>
   <div class='ocr_carea' id='block_1_110' title="bbox 2122 4931 3722 5005">
    <p class='ocr_par' dir='ltr' id='par_1_110' title="bbox 2122 4931 3722 5005">
     <span class='ocr_line' id='line_1_110' title="bbox 2122 4931 3722 5005; baseline -0.003 -16"><span class='ocrx_word' id='word_1_831' title='bbox 2122 4943 2338 4992; x_wconf 88' lang='lat' dir='ltr'><strong>tentans</strong></span> <span class='ocrx_word' id='word_1_832' title='bbox 2372 4933 2647 5005; x_wconf 86' lang='lat' dir='ltr'><strong>publicavi</strong></span> <span class='ocrx_word' id='word_1_833' title='bbox 2681 4933 2737 4989; x_wconf 91' lang='lat' dir='ltr'><strong>in</strong></span> <span class='ocrx_word' id='word_1_834' title='bbox 2756 4934 2973 5004; x_wconf 87' lang='lat' dir='ltr'><strong>plateis,</strong></span> <span class='ocrx_word' id='word_1_835' title='bbox 3002 4940 3057 4988; x_wconf 90' lang='lat' dir='ltr'><strong>et</strong></span> <span class='ocrx_word' id='word_1_836' title='bbox 3086 4932 3141 4987; x_wconf 92' lang='lat' dir='ltr'><strong>in</strong></span> <span class='ocrx_word' id='word_1_837' title='bbox 3174 4931 3335 5000; x_wconf 79' lang='lat' dir='ltr'><strong>foris,</strong></span> <span class='ocrx_word' id='word_1_838' title='bbox 3366 4933 3582 4989; x_wconf 89' lang='lat' dir='ltr'><strong>laudem</strong></span> <span class='ocrx_word' id='word_1_839' title='bbox 3610 4933 3722 4990; x_wconf 43' lang='lat' dir='ltr'><strong>hom.</strong></span> 
     </span>
    </p>
   </div>
   <div class='ocr_carea' id='block_1_111' title="bbox 2120 5024 3721 5098">
    <p class='ocr_par' dir='ltr' id='par_1_111' title="bbox 2120 5024 3721 5098">
     <span class='ocr_line' id='line_1_111' title="bbox 2120 5024 3721 5098; baseline 0.002 -18"><span class='ocrx_word' id='word_1_840' title='bbox 2120 5026 2329 5085; x_wconf 89' lang='lat' dir='ltr'><strong>minum</strong></span> <span class='ocrx_word' id='word_1_841' title='bbox 2361 5035 2573 5081; x_wconf 88' lang='lat' dir='ltr'><strong>venata.</strong></span> <span class='ocrx_word' id='word_1_842' title='bbox 2600 5024 2779 5092; x_wconf 86' lang='lat' dir='ltr'><strong>Quare</strong></span> <span class='ocrx_word' id='word_1_843' title='bbox 2802 5040 2903 5080; x_wconf 91' lang='lat' dir='ltr'><strong>nec</strong></span> <span class='ocrx_word' id='word_1_844' title='bbox 2929 5025 3010 5080; x_wconf 91' lang='lat' dir='ltr'><strong>sic</strong></span> <span class='ocrx_word' id='word_1_845' title='bbox 3038 5025 3289 5081; x_wconf 88' lang='lat' dir='ltr'><strong>invenire</strong></span> <span class='ocrx_word' id='word_1_846' title='bbox 3317 5026 3470 5098; x_wconf 85' lang='lat' dir='ltr'><strong>potui</strong></span> <span class='ocrx_word' id='word_1_847' title='bbox 3516 5043 3531 5080; x_wconf 93' lang='lat'><strong>:</strong></span> <span class='ocrx_word' id='word_1_848' title='bbox 3570 5026 3721 5084; x_wconf 74' lang='lat' dir='ltr'><strong>nihil</strong></span> 
     </span>
    </p>
   </div>
   <div class='ocr_carea' id='block_1_112' title="bbox 2120 5115 3721 5187">
    <p class='ocr_par' dir='ltr' id='par_1_112' title="bbox 2120 5115 3721 5187">
     <span class='ocr_line' id='line_1_112' title="bbox 2120 5115 3721 5187; baseline 0 -14"><span class='ocrx_word' id='word_1_849' title='bbox 2120 5117 2267 5173; x_wconf 86' lang='lat' dir='ltr'><strong>enim</strong></span> <span class='ocrx_word' id='word_1_850' title='bbox 2304 5115 2518 5172; x_wconf 81' lang='lat' dir='ltr'><strong>confert</strong></span> <span class='ocrx_word' id='word_1_851' title='bbox 2547 5117 2614 5172; x_wconf 89' lang='lat' dir='ltr'><strong>ad</strong></span> <span class='ocrx_word' id='word_1_852' title='bbox 2644 5117 2911 5172; x_wconf 90' lang='lat' dir='ltr'><strong>bonorum</strong></span> <span class='ocrx_word' id='word_1_853' title='bbox 2948 5119 3362 5187; x_wconf 84' lang='lat' dir='ltr'><strong>possessionem</strong></span> <span class='ocrx_word' id='word_1_854' title='bbox 3393 5119 3550 5173; x_wconf 87' lang='lat' dir='ltr'><strong>labor</strong></span> <span class='ocrx_word' id='word_1_855' title='bbox 3576 5134 3721 5175; x_wconf 88' lang='lat' dir='ltr'><strong>cum.</strong></span> 
     </span>
    </p>
   </div>
   <div class='ocr_carea' id='block_1_113' title="bbox 2121 5205 3713 5276">
    <p class='ocr_par' dir='ltr' id='par_1_113' title="bbox 2121 5205 3713 5276">
     <span class='ocr_line' id='line_1_113' title="bbox 2121 5205 3713 5276; baseline 0.001 -13"><span class='ocrx_word' id='word_1_856' title='bbox 2121 5209 2496 5264; x_wconf 87' lang='lat' dir='ltr'><strong>ostentatione</strong></span> <span class='ocrx_word' id='word_1_857' title='bbox 2522 5205 2721 5263; x_wconf 77' lang='lat' dir='ltr'><strong>factus.</strong></span> <span class='ocrx_word' id='word_1_858' title='bbox 2748 5207 3108 5276; x_wconf 80' lang='lat' dir='ltr'><strong>Sedquando</strong></span> <span class='ocrx_word' id='word_1_859' title='bbox 3136 5210 3457 5265; x_wconf 60' lang='lat' dir='ltr'><strong>invenerunt.</strong></span> <span class='ocrx_word' id='word_1_860' title='bbox 3470 5228 3585 5266; x_wconf 73' lang='lat' dir='ltr'><strong>eam</strong></span> <span class='ocrx_word' id='word_1_861' title='bbox 3615 5227 3713 5265; x_wconf 75' lang='lat' dir='ltr'><strong>cu-</strong></span> 
     </span>
    </p>
   </div>
   <div class='ocr_carea' id='block_1_114' title="bbox 2125 5298 3732 5371">
    <p class='ocr_par' dir='ltr' id='par_1_114' title="bbox 2125 5298 3732 5371">
     <span class='ocr_line' id='line_1_114' title="bbox 2125 5298 3732 5371; baseline 0.004 -18"><span class='ocrx_word' id='word_1_862' title='bbox 2125 5298 2302 5357; x_wconf 73' lang='lat' dir='ltr'><strong>stodes</strong></span> <span class='ocrx_word' id='word_1_863' title='bbox 2333 5298 2427 5371; x_wconf 84' lang='lat' dir='ltr'><strong>qui</strong></span> <span class='ocrx_word' id='word_1_864' title='bbox 2477 5299 2853 5355; x_wconf 74' lang='lat' dir='ltr'><strong>circumierunt</strong></span> <span class='ocrx_word' id='word_1_865' title='bbox 2890 5299 2945 5358; x_wconf 82' lang='lat' dir='ltr'><strong>in</strong></span> <span class='ocrx_word' id='word_1_866' title='bbox 2978 5301 3192 5356; x_wconf 75' lang='lat' dir='ltr'><strong>civitate</strong></span> <span class='ocrx_word' id='word_1_867' title='bbox 3220 5318 3239 5365; x_wconf 89' lang='lat'><strong><em>;</em></strong></span> <span class='ocrx_word' id='word_1_868' title='bbox 3286 5301 3340 5356; x_wconf 92' lang='lat' dir='ltr'><strong>hi</strong></span> <span class='ocrx_word' id='word_1_869' title='bbox 3372 5310 3558 5358; x_wconf 84' lang='lat' dir='ltr'><strong>autem</strong></span> <span class='ocrx_word' id='word_1_870' title='bbox 3595 5311 3732 5359; x_wconf 82' lang='lat' dir='ltr'><strong>sunt</strong></span> 
     </span>
    </p>
   </div>
   <div class='ocr_carea' id='block_1_115' title="bbox 2125 5389 3713 5461">
    <p class='ocr_par' dir='ltr' id='par_1_115' title="bbox 2125 5389 3713 5461">
     <span class='ocr_line' id='line_1_115' title="bbox 2125 5389 3713 5461; baseline 0.002 -17"><span class='ocrx_word' id='word_1_871' title='bbox 2125 5389 2585 5445; x_wconf 88' lang='lat' dir='ltr'><strong>administratorii</strong></span> <span class='ocrx_word' id='word_1_872' title='bbox 2616 5389 2872 5460; x_wconf 78' lang='lat' dir='ltr'><strong>spiritus,</strong></span> <span class='ocrx_word' id='word_1_873' title='bbox 2915 5391 3010 5461; x_wconf 90' lang='lat' dir='ltr'><strong>qui</strong></span> <span class='ocrx_word' id='word_1_874' title='bbox 3047 5390 3215 5446; x_wconf 89' lang='lat' dir='ltr'><strong>saluti</strong></span> <span class='ocrx_word' id='word_1_875' title='bbox 3259 5389 3545 5445; x_wconf 88' lang='lat' dir='ltr'><strong>hominum</strong></span> <span class='ocrx_word' id='word_1_876' title='bbox 3577 5392 3713 5446; x_wconf 86' lang='lat' dir='ltr'><strong>sub-</strong></span> 
     </span>
    </p>
   </div>
   <div class='ocr_carea' id='block_1_116' title="bbox 2123 5477 3779 5551">
    <p class='ocr_par' dir='ltr' id='par_1_116' title="bbox 2123 5477 3779 5551">
     <span class='ocr_line' id='line_1_116' title="bbox 2123 5477 3779 5551; baseline 0 -18"><span class='ocrx_word' id='word_1_877' title='bbox 2123 5477 2378 5542; x_wconf 89' lang='lat' dir='ltr'><strong>veniunt,</strong></span> <span class='ocrx_word' id='word_1_878' title='bbox 2399 5477 2513 5532; x_wconf 88' lang='lat' dir='ltr'><strong>sive</strong></span> <span class='ocrx_word' id='word_1_879' title='bbox 2532 5478 2922 5546; x_wconf 75' lang='lat' dir='ltr'><strong>gubernationi</strong></span> <span class='ocrx_word' id='word_1_880' title='bbox 2950 5480 3075 5535; x_wconf 72' lang='lat' dir='ltr'><strong>vita:</strong></span> <span class='ocrx_word' id='word_1_881' title='bbox 3096 5488 3340 5551; x_wconf 66' lang='lat' dir='ltr'><strong>praesunt</strong></span> <span class='ocrx_word' id='word_1_882' title='bbox 3365 5496 3382 5547; x_wconf 88' lang='lat'><strong>;</strong></span> <span class='ocrx_word' id='word_1_883' title='bbox 3406 5489 3460 5536; x_wconf 91' lang='lat' dir='ltr'><strong>et</strong></span> <span class='ocrx_word' id='word_1_884' title='bbox 3485 5480 3715 5535; x_wconf 86' lang='lat' dir='ltr'><strong>interro-</strong></span> <span class='ocrx_word' id='word_1_885' title='bbox 3776 5546 3779 5551; x_wconf 88' lang='lat'><strong><em>_</em></strong></span> 
     </span>
    </p>
   </div>
   <div class='ocr_carea' id='block_1_117' title="bbox 2126 5568 3715 5641">
    <p class='ocr_par' dir='ltr' id='par_1_117' title="bbox 2126 5568 3715 5641">
     <span class='ocr_line' id='line_1_117' title="bbox 2126 5568 3715 5641; baseline 0.002 -18"><span class='ocrx_word' id='word_1_886' title='bbox 2126 5568 2236 5639; x_wconf 87' lang='lat' dir='ltr'><strong>gati</strong></span> <span class='ocrx_word' id='word_1_887' title='bbox 2272 5568 2342 5624; x_wconf 90' lang='lat' dir='ltr'><strong>de</strong></span> <span class='ocrx_word' id='word_1_888' title='bbox 2377 5569 2576 5624; x_wconf 88' lang='lat' dir='ltr'><strong>dilecto</strong></span> <span class='ocrx_word' id='word_1_889' title='bbox 2605 5568 2780 5639; x_wconf 89' lang='lat' dir='ltr'><strong>ipsam</strong></span> <span class='ocrx_word' id='word_1_890' title='bbox 2815 5571 2963 5627; x_wconf 87' lang='lat' dir='ltr'><strong>velut</strong></span> <span class='ocrx_word' id='word_1_891' title='bbox 2989 5585 3260 5641; x_wconf 87' lang='lat' dir='ltr'><strong>responso</strong></span> <span class='ocrx_word' id='word_1_892' title='bbox 3309 5570 3589 5641; x_wconf 76' lang='lat' dir='ltr'><strong>indignam</strong></span> <span class='ocrx_word' id='word_1_893' title='bbox 3633 5572 3715 5628; x_wconf 88' lang='lat' dir='ltr'><strong>si-</strong></span> 
     </span>
    </p>
   </div>
   <div class='ocr_carea' id='block_1_118' title="bbox 2131 5659 3714 5731">
    <p class='ocr_par' dir='ltr' id='par_1_118' title="bbox 2131 5659 3714 5731">
     <span class='ocr_line' id='line_1_118' title="bbox 2131 5659 3714 5731; baseline -0.001 -14"><span class='ocrx_word' id='word_1_894' title='bbox 2131 5660 2300 5717; x_wconf 85' lang='lat' dir='ltr'><strong>lentio</strong></span> <span class='ocrx_word' id='word_1_895' title='bbox 2333 5659 2889 5730; x_wconf 68' lang='lat' dir='ltr'><strong>pertransierunt,e1</strong></span> <span class='ocrx_word' id='word_1_896' title='bbox 2925 5663 3030 5716; x_wconf 87' lang='lat' dir='ltr'><strong>hac</strong></span> <span class='ocrx_word' id='word_1_897' title='bbox 3081 5660 3369 5717; x_wconf 84' lang='lat' dir='ltr'><strong>aversione</strong></span> <span class='ocrx_word' id='word_1_898' title='bbox 3406 5661 3714 5731; x_wconf 86' lang='lat' dir='ltr'><strong>conjiciens</strong></span> 
     </span>
    </p>
   </div>
   <div class='ocr_carea' id='block_1_119' title="bbox 2130 5753 3718 5826">
    <p class='ocr_par' dir='ltr' id='par_1_119' title="bbox 2130 5753 3718 5826">
     <span class='ocr_line' id='line_1_119' title="bbox 2130 5753 3718 5826; baseline -0.001 -17"><span class='ocrx_word' id='word_1_899' title='bbox 2130 5753 2444 5810; x_wconf 84' lang='lat' dir='ltr'><strong>istiusmodi</strong></span> <span class='ocrx_word' id='word_1_900' title='bbox 2474 5766 2823 5821; x_wconf 84' lang='lat' dir='ltr'><strong>nequaquam</strong></span> <span class='ocrx_word' id='word_1_901' title='bbox 2865 5754 2975 5810; x_wconf 89' lang='lat' dir='ltr'><strong>illis</strong></span> <span class='ocrx_word' id='word_1_902' title='bbox 3003 5753 3221 5826; x_wconf 88' lang='lat' dir='ltr'><strong>placere</strong></span> <span class='ocrx_word' id='word_1_903' title='bbox 3246 5759 3601 5823; x_wconf 44' lang='lat' dir='ltr'><strong>;,opportnne</strong></span> <span class='ocrx_word' id='word_1_904' title='bbox 3619 5768 3718 5807; x_wconf 55' lang='lat' dir='ltr'><strong>eo-</strong></span> 
     </span>
    </p>
   </div>
   <div class='ocr_carea' id='block_1_120' title="bbox 2131 5843 3719 5920">
    <p class='ocr_par' dir='ltr' id='par_1_120' title="bbox 2131 5843 3719 5920">
     <span class='ocr_line' id='line_1_120' title="bbox 2131 5843 3719 5920; baseline 0 -20"><span class='ocrx_word' id='word_1_905' title='bbox 2131 5846 2318 5920; x_wconf 81' lang='lat' dir='ltr'><strong>gitavit</strong></span> <span class='ocrx_word' id='word_1_906' title='bbox 2347 5860 2416 5901; x_wconf 90' lang='lat' dir='ltr'><strong>ne</strong></span> <span class='ocrx_word' id='word_1_907' title='bbox 2457 5843 2672 5901; x_wconf 83' lang='lat' dir='ltr'><strong>inutilia</strong></span> <span class='ocrx_word' id='word_1_908' title='bbox 2709 5844 3008 5915; x_wconf 86' lang='lat' dir='ltr'><strong>laboraret,</strong></span> <span class='ocrx_word' id='word_1_909' title='bbox 3042 5861 3218 5917; x_wconf 84' lang='lat' dir='ltr'><strong>neque</strong></span> <span class='ocrx_word' id='word_1_910' title='bbox 3251 5845 3473 5903; x_wconf 79' lang='lat' dir='ltr'><strong>virtutis</strong></span> <span class='ocrx_word' id='word_1_911' title='bbox 3505 5845 3719 5917; x_wconf 55' lang='lat' dir='ltr'><strong>asperi.</strong></span> 
     </span>
    </p>
   </div>
  </div>
