4060 6420
362 378 497 456 1519

1682 383 2035 447 PROCOPII
2071 381 2317 445 GAZEI

3492 320 3645 434 καί

363 514 526 557 tatem
560 501 847 557 sustinens
875 506 1099 572 propter
1145 499 1428 569 qtae-sitam
1492 498 1561 553 ab
1602 498 1942 554 intuentibus

2060 498 2143 552 ιύκ
2176 496 2326 550 εστιν
2374 492 2548 563 αὐτῆς
2583 491 2878 564 εὐάρεστος
2915 489 2944 543 ό
2992 484 3230 552 τοιοῦτος
3272 485 3401 556 βίος,
3450 485 3628 554 ἐλογίο

316 622 322 627 -
361 594 601 659 laudem,
634 592 884 662 profectu
913 590 1301 658 frustraretur,
1342 598 1395 645 et
1425 589 1508 646 sic
1535 590 1826 660 quresitum
1865 591 1947 645 in-

359 686 533 750 venit,
566 685 767 739 nullius
782 683 1008 739 alterius
1028 698 1189 752 quam
1212 681 1337 742 boni
1363 681 1714 752 ipsinseansa
1746 684 1946 736 bonum

360 787 585 845 operata
610 790 674 829 ac
700 774 851 841 juste
882 773 1025 843 quod
1058 773 1272 841 jus‘utn
1299 779 1385 826 est
1417 787 1785 843 persequens:
1808 773 1951 827 unde

360 866 523 918 etiam
546 877 652 917 non
677 863 847 916 multo
867 870 1010 931 post.
1038 861 1132 916 sed
1157 860 1374 926 statim,
1401 875 1461 916 se
1488 862 1769 916 invenisse
1794 860 1948 918 dicit.

361 958 631 1012 Modicum
664 958 809 1012 enim
847 966 899 1009 ut
932 956 1184 1019 transivi,
1221 956 1512 1024 requirens
1568 955 1754 1010 inveni
1791 968 1955 1023 quem

360 1049 538 1119 diligit
563 1049 742 1102 anima
773 1062 913 1102 mea.
939 1045 1238 1101 Praulictos
1263 1048 1407 1100 enim
1433 1054 1613 1102 status
1643 1039 1951 1101 transeunti

359 1147 413 1191 et
450 1140 516 1192 ad
555 1137 941 1207 perfectionem
980 1139 1254 1206 grassanti
1301 1139 1509 1206 absque
1554 1153 1707 1191 mora
1744 1137 1952 1207 reperi-

366 1243 457 1283 tur
508 1229 672 1287 Dens.
700 1229 827 1283 dum
877 1230 1035 1297 quasi
1088 1229 1264 1284 lucem
1299 1237 1685 1298 cooperantetn
1722 1228 1953 1298 suscipit

362 1320 644 1373 veritatem
675 1319 741 1372 ad
770 1318 893 1387 ejus
926 1319 1070 1388 quod
1103 1320 1367 1388 quaeritur
1384 1320 1951 1388 comprehensionem.

362 1412 515 1478 Quod
548 1412 692 1465 enim
724 1419 810 1465 est
840 1411 928 1465 lux
953 1411 1151 1476 oculis,
1191 1414 1292 1465 Itoe
1335 1410 1410 1464 illi
1437 1412 1659 1465 veritas.
1687 1411 1951 1480 Magnum

363 1516 528 1571 porro
543 1502 852 1556 encomium
870 1499 1098 1570 Sponsa:
1116 1501 1262 1572 quod
1284 1503 1335 1556 in
1352 1502 1708 1569 sequentibus
1729 1501 1952 1554 dicitur:

366 1592 531 1647 Tenui
556 1609 696 1658 eutn,
722 1600 853 1660 ete.,
882 1592 1153 1662 siquidem
1178 1592 1486 1662 postulasse
1508 1606 1627 1644 cum
1654 1590 1838 1644 labore
1857 1588 1958 1643 bo-

365 1698 494 1735 num
520 1682 755 1737 fortasse
785 1682 1103 1746 multorum,
1121 1680 1213 1736 sed
1239 1681 1605 1737 constantiam
1630 1694 1958 1735 conservare

368 1789 667 1845 paucorum
705 1789 722 1828 :
765 1773 922 1828 multi
968 1787 1207 1843 namque
1250 1787 1380 1826 cum
1411 1772 1764 1842 pervenerint
1790 1769 1858 1823 ad
1891 1768 1942 1823 id

2051 606 2185 643 σατο
2209 587 2441 649 δεόντως
2474 586 2548 657 μὴ
2594 584 2832 654 ἀνόνητα
2865 581 3085 652 μοχθεῖν
3114 622 3127 647 ,
3165 579 3297 651 μηδέ
3356 580 3416 632 τὺ
3454 578 3634 649 τραχὺ

2050 682 2150 749 τῆς
2182 678 2385 749 ἀρετῆς
2432 676 2803 746 ὑπομένουσα,
2855 672 3159 743 ὑστερίζειν
3201 670 3301 741 τῆς
3348 672 3631 741 προκοπῆς

2050 768 2140 823 6ιά
2167 769 2275 822 τῶν
2306 766 2560 838 ὁρώντων
2611 767 2865 820 ἔπαινονο
2909 765 3002 819 καὶ
3044 763 3217 827 οὕτως
3264 757 3386 832 εὗρε
3427 761 3488 813 τὸ
3530 761 3632 829 ζη-

2051 861 2351 931 τούμενον*
2378 860 2594 922 οὐδενὸς
2618 860 2807 929 ἑτέρου
2847 857 3027 928 χάριν,
3052 856 3086 923 ἡ
3134 855 3300 908 αὑτοῦ
3330 853 3420 907 τοῦ
3456 850 3633 905 οιαλοῦ

2051 954 2114 1008 τὸ
2146 952 2351 1020 ἀγαθὸν
2382 951 2762 1021 ὲργοιζόμιένινι⁶
2800 950 2892 1003 καὶ
2933 948 3160 1010 δικαίως
3184 947 3243 999 τὺ
3266 946 3476 999 δίκαιον
3503 941 3632 996 διώ-

2052 1064 2257 1102 κουσαι
2290 1046 2413 1099 ὃθεν
2443 1045 2534 1098 καὶ
2560 1044 2621 1096 οὐ
2658 1042 2796 1112 μετά
2826 1041 2987 1106 πολὺ,
3018 1040 3135 1093 ἀλλ’
3171 1038 3374 1100 εὐθέως
3401 1035 3634 1106 εὑρηκὲ-

2053 1156 2143 1191 ναι
2193 1136 2369 1205 λέγει.
2423 1124 2639 1205 Μικρὸν
2684 1136 2793 1204 γάρ
2821 1131 2898 1195 ὡς
2953 1130 3238 1200 παρῆλθον
3283 1127 3378 1182 ἀπ’
3427 1125 3631 1189 αὐτῶν,

2050 1225 2212 1301 εὗρον
2240 1228 2299 1282 ὃν
2330 1227 2619 1298 ἠγάπησεν
2651 1227 2683 1297 ἡ
2717 1225 2862 1295 ψυχή
2894 1241 2997 1289 μου
3017 1239 3031 1253 ·
3060 1222 3139 1293 τῷ
3170 1220 3280 1291 γὰρ
3310 1218 3634 1289 παρελθόντι

2053 1321 2153 1384 τὰς
2185 1319 2596 1390 προειρημένας
2640 1318 3028 1381 καταστάσεις,
3081 1313 3179 1367 καὶ
3229 1312 3499 1381 φθάσαντι
3540 1313 3634 1363 ἐπὶ

2054 1411 2154 1482 τὴν
2206 1410 2543 1479 τελειότητα,
2591 1408 2978 1479 ἀνυπερθέτως
3024 1407 3340 1478 εὑρίσκεται
3386 1407 3417 1458 ό
3464 1405 3630 1469 Θεός·

2056 1500 2320 1573 συνεργὸν
2368 1499 2443 1562 ὼς
2475 1498 2590 1566 ςρῶς
2634 1498 2734 1568 τὴν
2765 1497 3073 1565 κατάληψιν
3114 1494 3211 1548 τοῦ
3255 1494 3591 1564 ζητουμένου
3617 1532 3631 1545 .

2059 1593 2238 1662 Ὅπερ
2270 1592 2378 1661 γάρ
2408 1593 2525 1643 ἐστι
2550 1590 2663 1660 φῶς
2681 1589 3010 1658 ὀφθαλμοῖς,
3044 1588 3203 1641 τοῦτο
3245 1587 3322 1658 νῷ
3367 1588 3632 1658 ἁλήθειαο

2060 1683 2204 1754 μέγα
2228 1682 2287 1735 δὲ
2317 1680 2595 1752 ἐγκώμιον
2619 1683 2676 1734 ὲν
2695 1685 2807 1744 τοῖς
2846 1682 2975 1750 ἑξῆς
3004 1681 3218 1752 εἴρηται
3245 1680 3342 1750 τῆς
3374 1680 3632 1748 Νύμφης.

2056 1775 2139 1837 τὸ,
2174 1773 2507 1841 Ἐκράτησα
2527 1774 2733 1838 αὑτὸν,
2766 1776 2859 1828 καὶ
2885 1774 3011 1843 ἑξῆς
3032 1791 3046 1805 ο
3074 1772 3383 1844 κτήσασθαι
3409 1772 3507 1841 μὲν
3527 1772 3637 1842 γάρ

367 1865 511 1933 quod
544 1863 788 1918 studiose
820 1863 1162 1931 qurerebant,
1214 1861 1301 1916 vel
1334 1863 1639 1917 satietatem
1672 1859 1791 1929 ejus
1823 1874 1952 1913 suc-

2060 1866 2206 1936 πόνῳ
2229 1864 2290 1917 τὸ
2320 1865 2506 1929 καλὸν,
2545 1866 2677 1928 ἴσως
2724 1864 2963 1917 πολλῶν·
3011 1864 3245 1932 φυλάξαι
3279 1862 3336 1916 δὲ
3378 1863 3480 1934 τὴν
3519 1863 3638 1915 ὲπι-

367 1971 526 2010 cessu
551 1955 816 2025 temporis
833 1955 1134 2026 capientes,
1161 1953 1245 2009 vel
1269 1954 1377 2009 alio
1403 1953 1645 2008 studium
1668 1951 1957 2006 deﬂecten-

370 2057 452 2101 tes
476 2046 753 2101 desistunt
781 2053 837 2101 et
883 2047 1145 2115 paulatim
1197 2046 1536 2117 negligentes
1592 2044 1851 2101 excidunt
1879 2042 1951 2097 ab

369 2138 581 2209 optimo
609 2138 817 2206 habitu,
842 2139 1147 2208 plurimum
1172 2138 1384 2192 Inutiiis
1409 2144 1758 2192 assamentes
1792 2135 1950 2189 labo-

366 2226 597 2282 rileaec
618 2242 751 2284 vero
779 2235 838 2281 ut
870 2218 1115 2283 laborum
1147 2237 1368 2298 experta
1396 2235 1481 2281 est
1502 2226 1948 2289 bonitatem,non

368 2321 707 2385 retrocessit,
741 2320 838 2374 sed
867 2320 1130 2390 aequalem
1166 2318 1404 2373 servavit
1428 2315 1943 2386 promptitudinem,

366 2411 545 2465 donec
601 2400 728 2466 vere
764 2411 1089 2466 familiarem
1117 2410 1223 2466 sibi
1260 2409 1514 2465 redderet
1549 2408 1945 2473 desideratum,

367 2516 543 2571 usque
590 2502 656 2556 ad
690 2503 880 2556 intima
929 2501 1230 2573 penetralia
1272 2500 1630 2555 introduccns
1668 2501 1947 2555 virtutem.

366 2590 668 2647 Introduxit
696 2592 840 2646 enim
869 2592 1015 2645 illam
1036 2592 1215 2644 nonin
1242 2590 1527 2657 vestibula,
1556 2590 1639 2644 vel
1664 2589 1827 2655 atria,
1851 2589 1950 2646 sed

364 2687 560 2740 dntnus
583 2683 904 2754 penuarium
929 2698 1026 2737 seu
1066 2683 1269 2738 cubile.

2063 1946 2254 2028 μονὴν,
2287 1957 2521 2026 ὀλίγων·
2570 1959 2621 2011 oi
2668 1958 2766 2028 μὲν
2798 1958 2908 2026 γὰρ
2952 1957 3139 2010 πολλολ⁵
3184 1959 3310 2010 ὅταν
3357 1955 3638 2024 φθάσωσιν

2054 2048 2151 2101 ἐπὶ
2187 2049 2249 2100 τὸ
2280 2047 2797 2119 σπουδαζόμενον,ῆ
2838 2048 3005 2121 πόρον
3052 2047 3312 2111 λαϐόντες
3363 2046 3527 2099 αὑτοῦ
3560 2043 3638 2114 τῷ

2056 2140 2255 2212 χρόνῳ,
2287 2140 2322 2211 ἢ
2370 2142 2499 2211 περὶ
2529 2141 2693 2212 ἔτερα
2722 2142 2822 2211 τὴν
2869 2139 3182 2221 προθυμίαν
3224 2137 3634 2221 ἀποκλίναντες,

2050 2230 2411 2300 ἀφίστανταιο
2463 2232 2559 2283 καὶ
2610 2230 2807 2301 μικρὸν
2849 2219 3251 2301 ἀμελήσουσιν,
3305 2219 3638 2283 ἐκπίπτουσι

2052 2321 2152 2390 τῆς
2180 2321 2412 2392 ἀρίστης
2438 2322 2625 2386 ἕξεως.
2667 2322 2838 2375 πολὺν
2869 2322 3218 2393 ἀχρειοῦντες
3265 2321 3427 2374 πόνον
3447 2336 3462 2350 ’
3496 2319 3636 2390 αῦτη

2056 2411 2113 2466 δὲ
2152 2414 2387 2484 καμάτῳ
2413 2413 2646 2484 εὑροῦσα
2671 2414 2732 2467 τὸ
2757 2414 2985 2495 ἀγαθὸνἐ
3017 2414 3116 2466 οὐκ
3146 2414 3438 2482 ἑνόστησεν
3467 2414 3547 2475 εἰς
3570 2411 3640 2465 τά

2054 2500 2255 2566 ὀπίσω,
2289 2502 2405 2556 ἀλλ’
2439 2504 2563 2573 ίσην
2608 2504 2844 2573 ἐτήρησε
2873 2503 2974 2575 τὴν
3015 2502 3349 2574 προθυμίαν,
3377 2501 3482 2562 ἕως
3506 2517 3640 2569 γνηο

2058 2592 2189 2656 σίως
2225 2592 2538 2664 ᾠκειώσατο
2577 2592 2641 2647 τὸ
2674 2583 3009 2665 ποθούμενον
3033 2611 3048 2626 ·
3084 2594 3247 2664 μέχρι
3282 2594 3394 2647 τῶν
3422 2592 3637 2646 ὲνδοτά·

2056 2701 2164 2737 των
2211 2685 2477 2756 ταμιείων
2525 2687 2870 2741 είσοικίσασα
2916 2688 3017 2759 τὴν
3063 2688 3288 2759 ἀρετὴν,
3338 2685 3640 2755 εἰσήγαγεν

371 2775 532 2828 αὑτὸν
562 2777 661 2828 οὐκ
701 2776 759 2827 ὲν
806 2774 1098 2847 προθύροις
1138 2774 1172 2845 ἢ
1224 2772 1558 2845 προαυλίοις,
1616 2771 1732 2826 ἀλλ’
1808 2771 1868 2826 ἐν
1942 2775 2020 2847 τῷ
2058 2779 2297 2849 ταμιείῳ
2332 2780 2428 2833 τοῦ
2464 2779 2639 2836 οἴκου.

446 2867 729 2936 Origenis.
790 2898 859 2909 —
926 2867 1062 2921 Cum
1116 2866 1199 2949 .de
1266 2865 1549 2938 mysteriis
1616 2865 1942 2936 nuptiarum

368 2961 586 3031 przeviis
615 2959 834 3033 egisset,
868 2965 973 3013 etc.
1510 2972 1517 2979 '

2146 2870 2498 2939 Ὠριγένους.
2534 2900 2606 2913 -
2642 2872 2777 2942 Περὶ
2811 2870 2921 2925 τῶν
2955 2870 3059 2943 πρὸ
3090 2869 3184 2925 τοῦ
3218 2870 3398 2941 γάμου
3429 2885 3639 2941 μυστη·
3712 2864 3719 2870 ’

2065 2962 2197 3033 ρίων
2231 2960 2422 3025 εἰπὼν,
2459 2980 2513 3017 κ.
2551 2980 2602 3016 τ.
2640 2962 2691 3016 λ.
2728 2963 2864 3032 (45).

451 3000 586 3014 ιη...
616 3000 635 3013 .
688 3000 834 3024 .υ.,ν.,
868 3000 973 3013 μυ.

451 3000 678 3123 (Σεινὶίῐὶἷ⁵
698 3082 767 3093 -
793 3050 1051 3106 Mulieres
1082 3049 1353 3121 signiﬁcat
1383 3064 1509 3121 qum
1542 3060 1810 3105 venerunt
1841 3064 1945 3102 una

2065 3000 2093 3033 ν
2125 3004 2452 3124 Κυρίλλού.
2478 3085 2548 3096 --
2581 3055 2692 3119 Τάς
2714 3000 2978 3121 γυνάῖκας
3020 3053 3188 3125 δηλοῖ,
3240 3054 3338 3118 τάς
3380 3000 3639 3118 ἐλθούσας

375 3143 743 3200 Sabbatorum
781 3159 942 3200 mane.
975 3143 1219 3199 diluculo
1251 3143 1317 3197 ad
1364 3151 1770 3198 monumentum
1819 3139 1949 3195 Jesu

382 3245 435 3291 et
469 3250 575 3290 non
614 3237 942 3289 invenerunt
971 3249 1097 3288 eum
1133 3251 1147 3288 :
1188 3234 1332 3303 quod
1366 3233 1537 3302 igitur
1568 3232 1622 3285 in
1668 3231 1807 3285 lecto
1862 3230 1948 3285 vel

380 3342 409 3379 a
447 3327 588 3380 lecto
619 3325 697 3379 ait
725 3324 806 3378 vel
838 3324 1038 3378 lectum
1077 3340 1238 3378 suum
1281 3320 1495 3376 Domini
1535 3330 1951 3376 monumentum

373 3423 552 3481 vocat,
587 3413 888 3469 secundum
918 3411 1064 3483 quod
1098 3413 1173 3466 illi
1205 3413 1638 3482 consepelimur,
1699 3412 1794 3467 sed
1842 3426 1952 3465 non

380 3502 586 3578 reperit
634 3509 814 3577 ipsum
875 3507 1154 3561 audiens:
1192 3523 1211 3556 ι
1257 3503 1374 3557 Non
1421 3512 1507 3560 est
1553 3505 1663 3569 hic,
1715 3504 1955 3559 surrexit

375 3599 520 3654 enim
550 3600 622 3667 ⁸⁰;
666 3615 687 3650 >
721 3607 775 3653 et
802 3599 1127 3652 invenerunt
1181 3612 1300 3650 eam
1332 3596 1585 3650 custodes
1608 3595 1784 3664 angeli
1818 3608 1955 3665 quos

374 3693 536 3746 etiam
571 3691 869 3761 interrogat
899 3706 913 3742 :
954 3708 971 3740 ι
1011 3688 1112 3744 Ubi
1143 3688 1409 3759 posuistis
1440 3687 1772 3742 Dominum?
1806 3706 1825 3739 ι
1859 3686 1956 3743 sed

377 3787 742 3852 interrogatos
796 3782 1103 3835 transeunti
1153 3764 1392 3835 occurrit
1433 3780 1669 3836 dit-ens:
1702 3779 1940 3834 Salvete.

374 3873 602 3940 PrOpter
635 3887 696 3927 ea
731 3872 863 3927 dicit
897 3892 909 3928 :
950 3870 1122 3937 Quam
1158 3871 1427 3927 modicum
1460 3869 1561 3925 fuit
1584 3886 1707 3925 cum
1731 3870 1956 3926 transivi

381 3961 449 4017 ab
482 3964 615 4031 ipsis
677 3961 1039 4031 quoadusque
1080 3960 1284 4016 inveni.
1340 3959 1397 4013 Id
1441 3970 1546 4024 εει,
1571 3966 1625 4013 et
1674 3959 1851 4013 inveni
1903 3968 1958 4013 et

384 4066 491 4107 non
521 4051 791 4105 dimittam
827 4066 974 4106 eum.
1008 4049 1207 4104 Tenuit
1233 4049 1378 4104 enim
1411 4050 1575 4119 pedes
1605 4047 1727 4118 ejus
1759 4056 1813 4103 et
1846 4063 1947 4102 an-

378 4145 559 4199 divit:
616 4162 635 4195 ¢
702 4142 827 4197 Noli
892 4160 978 4197 me
1037 4155 1257 4211 tangere
1282 4142 1350 4195 ".
1390 4159 1409 4192 ι
1468 4141 1698 4195 Domum
1773 4147 1957 4194 autem

368 4237 579 4290 'tnatris
605 4236 1082 4305 congregationem
1107 4233 1482 4303 apostolorum
1511 4238 1669 4287 vocat
1699 4230 1764 4285 ad
1792 4241 1955 4302 qttam

384 4327 595 4390 abiens,
634 4327 909 4381 nuntiavit
945 4326 1150 4381 Christi
1182 4326 1671 4380 resurrectionem.

453 4420 616 4475 Vnus.
635 4420 688 4473 5.
719 4419 978 4487 Adjuravi
997 4434 1109 4482 vos,
1125 4418 1252 4487 ﬁlia:
1268 4416 1587 4478 Jerusalem,
1606 4416 1660 4469 in
1683 4413 1962 4469 virtutibus

378 4522 426 4566 et
459 4512 511 4564 in
544 4511 741 4565 rit-ibus
774 4511 910 4581 agri,
939 4510 986 4565 si
1038 4509 1432 4565 suscitareritis
1463 4516 1512 4565 et
1544 4506 1957 4563 exsuscitareri-

382 4605 449 4657 (is
470 4603 787 4657 charitatem
810 4601 1146 4674 quoadusque
1177 4600 1319 4655 velit.

338 4768 341 4771 5
446 4784 711 4856 Gregorii.
740 4812 813 4825 --
860 4781 1076 4837 Rursus
1128 4789 1353 4852 propter
1402 4787 1653 4834 mutuum
1710 4791 1957 4834 amorem

382 4876 681 4942 disi-iputas
730 4889 950 4949 quoque
980 4874 1197 4929 animas
1237 4873 1560 4942 alloquitur,
1594 4886 1734 4941 quas
1796 4878 1957 4924 antea

382 4965 788 5035 comparatione
841 4965 1263 5044 pnlcltritudinis
1321 4965 1573 5034 Sponsae,
1627 4976 1790 5034 quam
1845 4962 1960 5017 lilio

389 5056 812 5121 assimilaverat,
848 5059 1038 5125 spinas
1062 5058 1288 5111 omnino
1324 5057 1720 5127 appellaverat,
1748 5062 1803 5110 et
1855 5064 1951 5125 p‘er

388 5144 791 5212 adjuratiunem
826 5145 1014 5198 mundi
1054 5153 1386 5213 potestatum
1416 5144 1546 5200 facit
1573 5160 1863 5216 assurgere
1892 5145 1959 5200 ad

388 5250 572 5304 parem
603 5236 823 5288 modum
876 5235 1160 5291 charitatis
1219 5246 1280 5291 ut
1336 5238 1590 5291 voluntas
1626 5234 1833 5306 Sponsi
1891 5238 1965 5292 sit

388 5329 552 5379 etiam
584 5327 637 5379 in
658 5326 741 5381 eis
778 5324 956 5381 fortis.
1000 5326 1244 5397 ‘Reliqua
1311 5342 1440 5381 vero
1510 5328 1562 5380 in
1622 5326 1956 5397 praacedenti

389 5430 645 5471 t-ermone
682 5417 958 5471 declarata
989 5425 1139 5472 sunt.

468 5507 607 5562 Nili.
647 5538 711 5549 —-
740 5512 855 5564 Hoc
889 5508 1188 5564 secundum
1243 5509 1459 5578 adjurat
1491 5507 1627 5565 filias
1659 5508 1962 5568 Ierusalem

495 5645 540 5674 ³³
576 5642 768 5699 Matth.
809 5661 1005 5712 xxvm,
1033 5645 1085 5700 6.
1202 5644 1245 5677 "
1286 5643 1440 5699 Joan.
1481 5658 1574 5707 xx,
1611 5642 1697 5696 I7.

1990 4382 2045 4443 D

2060 3147 2159 3216 μιᾷ
2191 3145 2482 3199 Σαϐϐάτων
2514 3144 2711 3217 ὄρθρου
2743 3144 2952 3215 βαθέως
2976 3146 3070 3199 ἐπὶ
3095 3145 3154 3197 τδ
3196 3145 3385 3214 μνῆμα
3408 3143 3501 3197 τοῦ
3532 3144 3640 3213 ’1η-

2057 3237 2172 3301 σοῦ,
2201 3237 2296 3291 καὶ
2329 3237 2405 3309 μὴ
2437 3239 2704 3308 εὑρούσας
2729 3238 2928 3292 αὐτόν’
2959 3238 3021 3290 τὺ
3050 3234 3143 3290 οὖν
3171 3238 3260 3291 ἐπὶ
3291 3237 3388 3309 τὴν
3423 3239 3635 3308 κοίτην,

2054 3327 2088 3397 ἢ
2114 3327 2222 3381 ἀπὸ
2252 3329 2442 3397 κοίτης
2480 3327 2668 3399 φησὶν,
2699 3327 2731 3398 ἦ
2760 3328 2947 3397 κοίτην
2972 3328 3174 3397 ἑαυτῆς
3221 3328 3282 3380 τὺ
3312 3326 3405 3381 τοῦ
3432 3328 3638 3394 Κυρίου

2059 3419 2249 3490 μνῆμα
2281 3421 2452 3483 καλεῖ,
2507 3420 2642 3474 καθὸ
2695 3419 3116 3490 συνθαπτόμεθα
3159 3418 3345 3495 αύτῷξ
3395 3419 3513 3473 ἀλλ’
3543 3420 3645 3490 οὐχ

2058 3508 2214 3581 εὗρεν
2246 3513 2407 3566 αὑτὸν
2437 3512 2739 3574 ἀκούσασα,
2772 3514 2873 3565 οὐκ
2903 3512 3052 3565 ἔστιν
3075 3505 3177 3565 ὧδε
3204 3530 3218 3542 ο
3245 3510 3453 3582 ἠγέρθη
3494 3512 3604 3580 γάρ
3623 3525 3667 3545 ’ν

2059 3604 2153 3658 καὶ
2184 3599 2342 3673 εὗρον
2371 3604 2541 3672 αὐτὴν
2572 3604 2620 3656 οἱ
2651 3602 2946 3674 τηροῦντες
2979 3603 3221 3671 ἄγγελοι,
3249 3601 3344 3666 οὓς
3373 3603 3469 3655 καὶ
3499 3605 3641 3675 ἐρω-

2058 3696 2149 3767 τᾷ,
2187 3715 2206 3747 ι
2252 3696 2360 3749 Ποῦ
2390 3676 2659 3767 τεθήκίτε
2684 3695 2772 3748 τὸν
2806 3695 3047 3766 Κύριονς
3089 3713 3108 3746 ι
3139 3694 3274 3748 ἀλλὰ
3299 3694 3645 3766 παρελθούσῃ

2058 3784 2185 3849 τοὺς
2217 3785 2618 3856 ὲρωτηθέντας,
2672 3785 2954 3856 ὑπήντησε
3004 3785 3199 3852 λέγων,
3245 3786 3518 3855 Χαίρετε·
3564 3785 3647 3838 διό

2060 3892 2248 3946 φησιν.
2287 3876 2373 3940 Ὠς
2407 3870 2602 3947 μικρὸν
2649 3876 2930 3947 παρῆλθον
2960 3878 3053 3929 ἀπ’
3093 3877 3275 3930 αὐτῶν
3315 3876 3421 3939 ἕως
3450 3869 3643 3947 εὖρον·

2060 3968 2156 4023 καὶ
2181 3968 2282 4021 οὐκ
2312 3968 2507 4037 ἀφήσω
2534 3968 2697 4021 αὐτόν
2717 3984 2730 3998 °
2765 3968 3040 4037 ἐκράτησε
3072 3968 3181 4038 γὰρ
3204 3968 3329 4031 τοὺς
3351 3968 3520 4029 πόδας
3547 3950 3657 4021 αὐ-’

2059 4060 2173 4124 τοῦ,
2195 4061 2287 4113 καὶ
2317 4060 2540 4130 ἢκουσε,
2577 4079 2597 4112 ι
2628 4060 2716 4131 Μὴ
2743 4058 2848 4130 μοῦ
2879 4062 3072 4119 atrum).
3108 4082 3127 4114 ι
3163 4055 3325 4114 Οἴκον
3348 4060 3407 4113 δὲ
3440 4060 3648 4129 μητρὸς

2059 4152 2158 4222 τὴν
2188 4155 2509 4222 συναγωγὴν
2540 4153 2859 4206 ἀποστόλων
2912 4155 3065 4223 φησὶ,
3090 4156 3175 4216 είς
3216 4152 3287 4223 ἣν
3334 4150 3649 4205 ἀπελθοῦσα

2064 4244 2446 4315 εὐηγγελίζετο
2469 4243 2562 4298 τοῦ
2591 4243 2827 4316 Χριστοῦ
2852 4246 2951 4316 τὴν
2979 4244 3292 4299 ἀνάστασιν.

2141 4430 2201 4479 ε’.
2231 4424 2487 4494 "apum:
2540 4422 2715 4495 ὑμᾶς,
2748 4423 3067 4493 θυγατέρες
3108 4421 3528 4492 Ἰερουσαλὴμ,
3579 4421 3651 4474 ἐν

2068 4515 2198 4581 ταῖς
2226 4514 2517 4584 δυνάμεσι
2546 4517 2643 4571 καί
2697 4516 2767 4569 ἐν
2792 4515 2925 4581 ταῖς
2952 4516 3240 4584 ἰσχύσεσι
3287 4514 3395 4569 τοῦ
3435 4512 3644 4583 ἀγροῦ,

2069 4605 2179 4659 ἐὰν
2207 4606 2473 4676 ἐγείρητε
2494 4605 2594 4661 καὶ
2617 4605 2960 4677 ἐξεγείρητε
2982 4605 3097 4675 τὴν
3122 4603 3387 4675 ἀγάπην,
3413 4603 3526 4670 ἕως
3570 4603 3651 4661 ἂν

2068 4697 2323 4766 θελήσῃ.

2141 4791 2499 4861 Γρηγορίου.
2532 4822 2602 4832 -
2624 4789 2792 4844 Πάλιν
2823 4788 2928 4844 ὑπὸ
2963 4788 3338 4859 φιλαλληλίας,
3379 4786 3475 4842 καὶ
3528 4790 3649 4853 ταΐς

2072 4882 2540 4954 μαθητευομέναις
2562 4883 2761 4952 ψυχαῖς
2785 4881 3119 4949 διαλέγεται·
3143 4880 3209 4943 ἃς
3230 4882 3288 4933 ὲν
3308 4882 3417 4942 τοῖς
3446 4879 3654 4951 ἐμπρο-

2072 4974 2198 5028 σθεν
2226 4974 2510 5045 συγκρίσει
2545 4971 2640 5027 τοῦ
2668 4974 2765 5043 τῆς
2801 4972 3039 5043 Νύμφης
3088 4970 3317 5032 κάλλους
3340 4970 3432 5024 τοῦ
3458 4987 3652 5042 παρει-

2072 5063 2366 5127 κασθέντος
2392 5062 2467 5133 τῷ
2492 5050 2697 5134 κρίνῳ,
2713 5064 2956 5127 ἀκάνθας
2982 5064 3014 5116 ό
3035 5064 3187 5130 λόγος
3215 5061 3527 5133 ὠνόμασενο
3556 5062 3654 5115 καὶ

2070 5154 2158 5208 διὰ
2178 5154 2270 5209 τοῦ
2309 5156 2473 5225 ὅρκου
2511 5155 2618 5208 τῶν
2657 5159 2715 5210 ὲν
2745 5155 2821 5226 τῷ
2868 5156 3056 5228 κόσμῳ
3097 5155 3382 5224 δυνάμεων
3419 5152 3557 5223 πρὸς
3593 5152 3653 5205 τὸ

2077 5247 2191 5300 ίσον
2219 5246 2315 5317 τῆς
2343 5247 2563 5317 ἀγάπης
2592 5247 2895 5318 διανίστησι
2926 5247 3123 5317 μέτρον
3144 5262 3158 5278 ο
3188 5246 3327 5299 ὥστε
3357 5245 3419 5297 τὸ
3438 5243 3654 5313 θέλημα

2072 5338 2165 5393 τοῦ
2192 5339 2444 5410 Νυμφίου
2472 5341 2566 5394 καὶ
2591 5343 2675 5395 ἐπ’
2704 5340 2865 5394 αὑτὸν
2901 5339 3123 5409 ἐνεργὸν
3167 5336 3418 5407 γενέσθαι
3440 5352 3453 5366 ·
3478 5335 3547 5386 τά
3596 5335 3652 5386 δὲ

2075 5429 2236 5485 λοιπά
2267 5433 2323 5484 ἐν
2351 5432 2427 5504 τῷ
2456 5432 2721 5501 φθάσαντι
2742 5432 2885 5500 λόγῳ
2922 5431 3237 5502 δεδήλωται.

2138 5523 2375 5578 Νείλου.
2411 5553 2458 5565 -ο
2503 5523 2674 5586 Τοῦτο
2699 5523 2950 5592 δεύτερον
2981 5520 3191 5594 ὁρκίζει
3225 5518 3319 5585 τὰς
3345 5517 3652 5589 θυγατέρας

1906 5736 2138 5795 NOTAE.

465 5806 578 5876 (³45)
608 5805 810 5860 Patrol.
842 5815 881 5861 t.
913 5807 1077 5874 XVII,
1105 5808 1212 5861 col.
1239 5807 1362 5870 9.6.9,
1401 5807 1526 5865 9.69.
1596 5878 1603 5883 γ
