4060 6398
454 346 591 413 1623

1785 350 2140 413 PROCOPII
2181 355 2426 417 (ἓᾹΖίΕῐ

3594 367 3732 432 1621

522 467 663 526 Nili.
697 468 1023 540 —Sponsa
1086 476 1372 541 stuporem
1439 470 1610 525 movit
1668 468 2009 525 intuentibus

2111 512 2119 527 λ
2210 472 2459 529 Νείλου.
2509 505 2580 523 τυ
2621 475 2927 547 Ἐκπληξιν
2972 475 3220 551 παρέσχε
3270 481 3381 544 τοῖς
3440 481 3646 555 ὁρῶσιν
3696 487 3729 555 ή

445 562 594 634 quod
621 571 677 618 et
705 579 734 619 a
765 564 985 622 deserto
1017 567 1335 621 ascenderet
1387 573 1441 619 et
1465 565 1609 620 sicut
1640 572 1872 620 truncus
1902 563 2036 619 fumi

446 656 673 711 incensa
728 656 891 721 foret,
952 672 1057 714 nec
1088 656 1314 714 aliunde
1341 656 1570 714 incensa
1600 672 1767 728 quam
1809 672 1839 711 a
1874 672 2033 729 myr-

444 749 544 803 rha
575 757 630 804 et
659 750 843 814 thure,
882 764 946 804 ac
983 750 1208 820 pulvere
1234 749 1623 822 unguentario.
1671 750 1795 806 llaec
1846 757 2030 807 autem

444 836 628 891 omnia
682 837 994 909 significant
1047 855 1328 895 recessum
1388 855 1419 894 a
1468 841 1708 897 terrenis
1776 842 2031 907 negotiis.

441 927 638 982 Anima
668 931 813 984 enim
838 945 867 983 a
896 930 1040 987 malo
1070 931 1358 987 abstinens
1404 942 1458 989 et
1491 948 1521 987 a
1567 933 1750 1003 pravis
1806 948 2035 989 cessans

441 1022 776 1090 actionibus,
819 1032 985 1095 atque
1040 1026 1378 1086 zizaniorum
1426 1034 1725 1084 sementem
1776 1027 2032 1094 rejit'iens

438 1113 496 1169 in
527 1114 747 1172 deserto
776 1125 881 1173 est.
922 1117 979 1172 In
1030 1118 1191 1174 bonis
1238 1135 1370 1174 vero
1419 1119 1684 1191 eperihus
1734 1121 2032 1190 proficiens

437 1205 632 1276 incipit
660 1208 965 1264 ascendere
1014 1208 1084 1265 de
1133 1210 1355 1266 deserto
1399 1211 1545 1266 sicut
1601 1221 1831 1267 truncus
1894 1211 2028 1266 fumi

436 1300 686 1355 incensa.
720 1300 1197 1367 Quemadmodum
1228 1304 1373 1359 enim
1410 1303 1595 1359 fumus
1623 1318 1653 1357 a
1694 1313 1841 1360 terra
1889 1304 2029 1360 inci-

435 1392 593 1461 piens
617 1394 944 1448 caudicatur
989 1394 1234 1464 quidem,
1267 1396 1361 1451 sed
1392 1397 1445 1451 in
1478 1411 1604 1452 aere
1653 1397 1820 1451 haeret
1871 1398 2028 1465 quasi

433 1483 624 1538 radice
670 1499 796 1538 cum
845 1483 1066 1540 flamma
1093 1484 1367 1554 lignorum
1423 1488 1716 1559 implexam
1770 1488 2024 1544 habens:

433 1584 631 1630 atcum
668 1575 884 1633 inferne
917 1579 1145 1634 materia
1180 1579 1438 1646 defuerit,
1478 1594 1507 1634 ιι
1550 1588 1699 1634 terra
1737 1580 2028 1651 sejunetus

428 1668 662 1722 omnino
696 1670 921 1733 secedit,
966 1672 1105 1741 parti
1134 1672 1462 1729 commistus
1486 1681 1541 1728 et
1563 1672 1618 1728 in
1667 1674 2022 1744 semetipsum

431 1762 734 1829 resolutus;
767 1764 847 1819 sic
879 1763 1060 1819 anima
1091 1765 1356 1821 recedens
1386 1780 1415 1820 a
1452 1767 1707 1831 terrenis,
1733 1775 1788 1821 et
1822 1766 1867 1821 si
1896 1781 2023 1837 pro-

2139 563 2349 637 Νύμφη
2374 583 2387 597 ·
2422 566 2504 620 ὅτι
2539 568 2632 624 καὶ
2659 569 2769 624 ἀπὸ
2800 572 3008 643 ἐρήμου
3038 572 3314 641 ἀνέϐαινε,
3345 575 3440 629 καὶ
3481 574 3560 641 ὡς
3604 593 3734 631 στε-

2139 657 2270 730 λέχη
2303 659 2515 714 καπνοῦ
2544 661 2946 733 τεθυμιαμένη,
2997 663 3092 718 καὶ
3120 665 3205 718 ὅτι
3248 664 3350 719 οὐκ
3376 665 3603 721 ἄλλοθεν
3636 683 3731 722 τε-

2138 749 2462 821 θυμίασται,
2500 752 2618 807 ἀλλ’
2646 753 2754 807 ἀπὸ
2802 752 3051 826 σμύρνης
3091 756 3189 811 καὶ
3233 756 3480 822 λιϐἀνου,
3511 759 3607 812 καλ⁸
3634 775 3729 813 κο-

2138 840 2369 912 νιορτῶν
2425 841 2671 914 μυρεψοῦ
2696 858 2716 875 ο
2757 842 2935 899 ταῦτα
2981 844 3041 898 δὲ
3095 844 3276 901 πάντα
3323 847 3579 918 σημαίνει
3624 847 3730 919 τὴν

2136 931 2487 1004 ἀναχώρησιν
2534 933 2646 987 τῶν
2679 934 2923 1005 γηΐνωνο
2980 937 3016 1006 ή
3068 935 3181 1008 γάρ
3235 937 3588 1008 ἀποσχομένη
3624 939 3728 1008 τῆς

2136 1022 2336 1087 κακίας
2363 1022 2533 1096 ψυχὴ.
2559 1025 2656 1089 καὶ
2676 1025 2786 1078 τῶν
2814 1025 3035 1094 φαύλων
3064 1025 3323 1097 πράξεων
3338 1026 3536 1097 ἀργίαν
3554 1027 3731 1097 ἀγου-

2136 1131 2227 1180 σα,
2254 1116 2351 1169 καὶ
2402 1117 2495 1169 τὸν
2549 1115 2662 1171 τῶν
2707 1114 2967 1182 ζιζανίων
3013 1117 3224 1189 σπορέα
3274 1117 3634 1190 ἀρνησαμένη
3666 1118 3732 1172 έν

2134 1207 2329 1279 ἐρήμῳ
2354 1209 2494 1276 ἐστὶ,
2530 1209 2919 1281 προκύπτουσα
2948 1210 3006 1264 ἐν
3037 1211 3153 1274 τοῖς
3181 1209 3410 1279 ἀγαθοῖς
3431 1209 3617 1281 ἔργοις
3639 1209 3732 1276 δὲ,

2133 1301 2363 1371 ἄρχεται
2392 1300 2706 1356 ἀναϐαίνειν
2733 1301 2844 1356 ἀπὸ
2872 1301 2974 1372 τῆς
3014 1302 3224 1374 ἐρήμου
3263 1301 3341 1366 ὡς
3369 1301 3599 1372 στελέχη
3625 1320 3735 1357 κα-

2134 1394 2269 1447 πνοῦ
2302 1394 2681 1467 τεθυμιαμένη
2707 1413 2721 1427 ·
2755 1395 2832 1458 ὡς
2853 1395 2964 1467 γὰρ
2986 1396 3016 1449 ό
3046 1395 3254 1458 καπνὸς
3276 1394 3584 1467 ἀρξάμενος
3612 1395 3733 1449 ἀπὸ

2130 1485 2232 1557 τῆς
2264 1486 2388 1555 γῆς,
2421 1486 2773 1558 στελεχοῦται
2802 1487 2859 1542 δὲ
2890 1487 2984 1541 ἐπὶ
3017 1487 3109 1541 τὸν
3141 1486 3303 1559 ἀέρα,
3334 1487 3484 1559 ὅμως
3506 1488 3733 1558 δέχεται

2131 1578 2206 1642 ὡς
2234 1576 2392 1649 ῥίζης
2417 1580 2518 1647 τῆς
2571 1578 3065 1649 συμπεπνιγμένης
3107 1579 3222 1643 τοῖς
3275 1577 3454 1644 ξύλοις
3480 1580 3682 1649 φ)ογός
3707 1596 3727 1612 ο

2129 1671 2262 1724 ὅταν
2293 1670 2350 1725 δὲ
2380 1670 2581 1744 ἐκλίπῃ
2607 1671 2854 1725 κάτωθεν
2888 1673 2922 1743 ή
2948 1671 3072 1743 ῦλη,
3102 1671 3444 1744 διαζευχθεὶς
3466 1669 3564 1744 τῆς
3592 1675 3725 1744 γῆς,

2128 1761 2267 1826 ὅλως
2299 1763 2577 1835 ἀναχωρεῖ
2603 1765 2679 1837 τῷ
2711 1768 2828 1839 ίδίῳ
2856 1769 3016 1841 μέρει
3045 1770 3591 1842 συναναμιγνύμενος
3624 1771 3728 1825 καὶ

430 1856 582 1909 ticiat
607 1856 670 1909 ad
703 1857 970 1922 coelestia,
1005 1873 1113 1913 non
1138 1859 1315 1928 primo
1344 1859 1397 1913 in
1422 1858 1527 1915 ista
1561 1860 1804 1930 perfecte
1833 1865 2009 1915 trans-

2123 1853 2674 1928 ἀναστοιχειούμενος
2698 1859 2779 1923 εις
2811 1859 3027 1915 ἑαυτόν·
3063 1861 3240 1926 οὕτως
3280 1864 3313 1934 ὴ
3347 1863 3458 1916 τῶν
3509 1865 3728 1934 γηΐνων

428 1948 472 1999 it
529 1962 694 2017 quam
726 1948 953 2003 omnino
977 1948 1191 2021 integre
1238 1940 1452 2006 terrena
1496 1951 1803 2021 reliquerit.
1853 1949 2009 2006 POI'l‘t

2131 1947 2492 2020 ἀναχωροῦσα
2515 1949 2687 2022 ψυχὴ,
2718 1951 2822 2006 κᾶν
2852 1952 3140 2026 προκόπτῃ
3176 1954 3267 2007 ἐπὶ
3287 1953 3356 2008 τά
3382 1954 3632 2025 οὐράνια,
3652 1955 3725 2009 οὐ
3748 1988 3761 1996 ι

388 2041 707 2111 ψηγιϊίιαηι
783 2050 838 2097 et
889 2041 1017 2099 thus
1066 2058 1191 2101 esse
1240 2044 1585 2101 commistam
1641 2053 1839 2101 trunco
1891 2042 2004 2099 fttm

2130 2040 2399 2111 πρότερον
2426 2041 2750 2111 μεθίσταται
2771 2044 2994 2109 τελείως
3023 2046 3111 2100 ἐπ’
3141 2046 3304 2111 αὐτὰ,
3338 2046 3473 2118 πρὶν
3500 2045 3731 2118 ὁλοσχε-

428 2134 655 2188 ndorem
708 2136 937 2201 bonum,
994 2136 1249 2207 corporis
1299 2137 1783 2194 mortificationem
1847 2147 1901 2195 et
1957 2155 2009 2195 ε]

2132 2131 2240 2203 ρῶς
2270 2132 2469 2205 ἐκλίπῃ
2522 2135 2591 2188 τὰ
2645 2136 2845 2204 γήϊνα*
2892 2137 2953 2190 τὸ
2995 2137 3053 2191 δὲ
3086 2138 3345 2211 κσμύρναν
3383 2139 3477 2192 καὶ
3499 2138 3727 2194 λίϐανον

425 2227 771 2281 continentia
785 2227 1163 2285 subactionem
1179 2228 1446 2295 declarat,
1475 2246 1599 2286 cum
1627 2232 1830 2304 quibus
1854 2233 2009 2303 proli-

2125 2219 2265 2280 εἷναι
2293 2214 2410 2295 τὴν¹
2431 2228 2988 2301 συναναμεμιγμένην
3010 2231 3240 2285 εὐωδίαν
3270 2233 3335 2303 τῇ
3365 2229 3593 2304 στελέχη
3621 2230 3723 2285 τοῦ

427 2318 584 2373 ciens
603 2320 747 2375 velut
767 2330 1046 2392 unguento
1075 2322 1405 2380 accedentes
1435 2324 1655 2381 imbuit.
1685 2323 1792 2381 Sed
1816 2333 1870 2381 et
1893 2341 2009 2382 aro-

2125 2317 2364 2384 καπνοῦ,
2400 2319 2502 2390 τὴν
2540 2319 2812 2389 νέκρωσιν
2859 2321 2954 2375 τοῦ
2991 2320 3266 2394 σώματος,
3290 2326 3386 2377 καὶ
3422 2323 3516 2377 τὸν
3543 2323 3602 2389 ἐξ
3624 2325 3728 2393 ἒγο

426 2419 636 2466 matnm
666 2414 846 2484 pulvis
877 2416 1291 2483 praedicationis
1323 2417 1511 2474 sensui
1540 2419 1845 2483 consentit,
1891 2435 2009 2474 nail

2123 2410 2384 2482 κρατείας
2415 2411 2768 2484 ὐποπιασμδν
2810 2413 2994 2486 δηλοῖ·
3053 2415 3176 2487 μεθ’
3206 2408 3283 2470 ὧν
3325 2417 3719 2489 προκύπτουσα

424 2516 478 2560 et
531 2506 621 2562 hic
686 2515 946 2563 contactu
1018 2517 1179 2564 terrae
1224 2509 1411 2577 tritus,
1465 2512 1800 2568 extenuatus
1858 2511 2016 2567 faciei

423 2599 601 2667 ipsius
656 2609 1003 2669 supernatat;
1057 2610 1241 2659 motus
1274 2618 1406 2659 vero
1463 2602 1694 2672 pedibus
1728 2612 2019 2661 transeun-

422 2692 558 2746 tium
586 2693 839 2750 sublimis
878 2694 1086 2748 tollitur
1120 2695 1175 2750 in
1218 2695 1388 2749 altum
1430 2696 1643 2752 abiens.
1683 2695 1814 2752 item
1841 2697 2016 2753 fratre-

421 2783 527 2838 tica
548 2783 769 2853 quidem
798 2785 1004 2847 anima,
1030 2800 1153 2839 cum
1174 2785 1312 2840 forte
1336 2774 1538 2842 bonum
1556 2795 1781 2857 propter
1803 2787 2013 2859 aliquid

420 2884 475 2931 et
507 2885 729 2947 propter
761 2893 819 2932 se
851 2878 1005 2942 facit,
1031 2879 1212 2949 pulvis
1246 2885 1331 2935 est
1370 2879 1774 2951 aliquantulum
1804 2894 1833 2935 a
1858 2888 2010 2937 terra

419 2969 691 3036 elevatus,
724 2977 777 3024 et
814 2986 1035 3026 rursum
1088 2971 1251 3028 facile
1296 2972 1351 3027 in
1393 2972 1679 3045 proprium
1721 2972 2010 3029 descendit

422 3062 627 3118 locum.
664 3078 760 3132 per
800 3078 959 3119 suum
990 3064 1058 3119 ad
1088 3062 1353 3120 inferiora
1383 3065 1638 3121 affectum
1672 3083 1687 3121 :
1712 3066 1798 3121 sin
1828 3066 2008 3123 eccle-

2120 2503 2352 2576 ὲμύριξε
2375 2506 2504 2569 τοὺς
2560 2507 3116 2577 παρατυγχάνονταςο
3161 2510 3255 2563 καὶ
3282 2511 3311 2563 ὁ
3343 2510 3621 2582 κονιορτὸς
3653 2510 3716 2564 δὲ

2118 2597 2229 2652 τῶν
2258 2599 2591 2671 ἀρωμάτων,
2630 2598 2925 2670 σύμφωνός
2967 2603 3084 2655 ἐστι
3126 2601 3205 2674 τῷ
3232 2601 3325 2656 τοῦ
3351 2603 3715 2675 κηρύγματος

2118 2694 2385 2764 νοήματι·
2411 2692 2508 2747 καὶ
2541 2693 2651 2766 γὰρ
2675 2687 2832 2757 οὗτος
2856 2692 2965 2748 ἀπὸ
2984 2695 3177 2768 τριϐῆς
3199 2696 3299 2767 τῆς
3329 2699 3559 2769 παχείας
3580 2699 3711 2770 γῆς,

2115 2785 2310 2851 λεπτὸς
2346 2787 2536 2840 ἐπιπο)
2549 2787 2667 2852 ἀζει
2704 2785 2781 2858 τῷ
2812 2787 3091 2858 προσώπῳ
3119 2787 3325 2858 ταύτης
3344 2804 3359 2818 ·
3389 2787 3712 2859 κινούμενος

2112 2877 2170 2932 δὲ
2202 2880 2318 2944 τοῖς
2365 2879 2475 2933 τῶν
2507 2880 2934 2952 ὁδοιπορούντων
2983 2880 3112 2935 ποσὶ
3160 2883 3437 2953 μετέωρος
3470 2883 3709 2954 αἴρεται,

2112 2969 2250 3047 πρὸς
2298 2969 2434 3041 ὕψος
2491 2970 2712 3041 χωρῶν.
2753 2970 2902 3025 Ἀλλ’
2942 2969 3037 3023 ἐὰν
3075 2969 3326 3041 αἱρετικὴ
3373 2969 3518 3041 ψυχὴ
3569 2970 3711 3024 οὖσα

2109 3062 2271 3133 τύχῃ,
2305 3062 2338 3131 ἢ
2363 3062 2423 3115 τὸ
2450 3062 2611 3115 καλὸν
2662 3061 2752 3116 διά
2778 3078 2852 3129 Δτι
2909 3061 3142 3116 ποιοῦσα
3173 3062 3269 3117 καὶ
3300 3060 3361 3115 τδ
3387 3062 3457 3115 δι’
3487 3062 3704 3128 ἑαυτὸν,

416 3155 645 3211 εῐηςιὶςτι
684 3167 945 3227 rectaque
993 3157 1098 3213 tlde
1148 3157 1259 3214 Deo
1309 3159 1561 3229 placendi
1620 3158 1726 3216 fine
1781 3175 2003 3217 sursum

2112 3156 2391 3226 κονιορτός
2420 3156 2537 3209 ἐστι
2574 3158 2701 3227 γῆς,
2731 3154 2911 3224 ὀλίγον
2940 3154 3243 3228 ὑψουμένη,
3289 3156 3384 3209 καὶ
3419 3155 3581 3211 πάλιν
3611 3156 3704 3209 εὐ-

417 3251 738 3318 germinans
771 3250 954 3321 pulvis
993 3251 1049 3315 fit
1079 3253 1455 3323 unguentarii,
1489 3268 1612 3323 quae
1649 3252 1871 3309 sublimi
1912 3268 2004 3308 ra-

415 3344 566 3398 tione
591 3341 807 3399 vivendi
852 3343 1055 3399 bonum
1103 3345 1418 3415 dogmatum
1450 3345 1676 3401 odorem
1710 3342 2005 3403 admistum

420 3434 641 3501 habeat,
692 3443 878 3505 potest
924 3436 1088 3492 mia...
1143 3422 1456 3508 dogmatice
1487 3437 1595 3494 dici
1636 3437 1704 3492 de
1738 3437 2004 3493 Ecclesia.

413 3528 698 3598 Siquidem
745 3528 861 3584 lucc
895 3529 963 3586 de
992 3529 1216 3586 deserto
1246 3546 1357 3588 non
1392 3530 1629 3587 habente
1669 3531 1852 3587 virum
1912 3545 2007 3587 as-

418 3624 604 3680 cendit
646 3608 922 3695 myrrham
955 3632 1010 3679 et
1036 3622 1165 3680 tliits
1200 3623 1442 3694 spirans,
1471 3639 1537 3679 eo
1588 3623 1735 3695 quod
1774 3624 2009 3694 conjun-

414 3728 501 3775 cta
520 3718 589 3771 sit
611 3716 854 3782 Christo,
875 3715 1132 3791 quodque
1149 3717 1373 3795 pulvere
1394 3730 1575 3771 rerum
1597 3714 2004 3771 mundanarum

414 3819 583 3883 prout
619 3824 719 3888 par
748 3818 833 3864 est
873 3817 1080 3877 utatur,
1113 3817 1174 3863 ut
1212 3824 1277 3863 ex
1314 3808 1399 3865 his
1431 3808 1713 3879 pulverem
1746 3806 2006 3864 conficiat

420 3899 1126 3969 miguentariietpcrusum
1159 3899 1547 3953 rationabilem
1585 3898 1639 3952 id
1688 3895 1838 3968 quod
1875 3896 2003 3968 pul-

412 3994 757 4056 verulentum
783 3992 945 4051 estin
973 3992 1176 4057 bonum
1200 3990 1406 4047 Christi
1430 3997 1720 4046 convertat
1747 3989 1997 4046 odorem.

408 4085 546 4140 Nam
599 4084 690 4154 qui
762 4083 989 4147 minime
1052 4082 1415 4143 censistentia
1473 4080 1570 4137 sed
1608 4096 1638 4135 a
1704 4080 2003 4138 mundanae

411 4195 563 4234 aura:
595 4177 777 4241 ventis
810 4177 989 4231 delata
1032 4176 1176 4235 bona
1229 4192 1326 4247 per
1370 4176 1778 4247 elcemosynam
1820 4174 2003 4232 reddit

410 4273 672 4349 pretiosa,
694 4277 852 4325 terra:
874 4269 1154 4345 pulverem
1180 4267 1310 4327 facit
1332 4268 1611 4345 pulverem
1627 4268 1999 4338 unguentarii,

410 4364 675 4418 laudabili
706 4377 1005 4433 egenorum
1036 4377 1161 4426 usu,
1196 4361 1341 4437 quod
1369 4363 1424 4415 in
1458 4361 1526 4421 iis
1550 4360 1996 4430 pulverulentum

404 4466 463 4511 et
497 4456 822 4533 dissipahile
858 4462 965 4517 est,
995 4462 1352 4513 commutans
1378 4452 1432 4506 in
1466 4454 1829 4514 aromaticum
1866 4453 2001 4510 odo-

404 4568 521 4612 rem
550 4565 774 4609 suavem
814 4556 869 4605 et
909 4547 1022 4610 fere
1055 4547 1296 4600 amicum
1332 4544 1466 4599 Deo.

2109 3247 2288 3319 χερῶς
2318 3247 2454 3320 πρὸς
2480 3248 2572 3302 τὸν
2599 3247 2799 3302 οἰκεῖον
2821 3248 3241 3320 καταφερομένη
3268 3248 3458 3313 τόπον,
3485 3247 3574 3303 διὰ
3604 3249 3706 3321 τὴν

2108 3340 2248 3413 πρὸς
2273 3340 2340 3394 τὰ
2375 3339 2529 3397 κάτω
2556 3339 2934 3413 προσπάθειαν
2955 3356 2969 3371 ·
3025 3339 3120 3394 ἐὰν
3166 3340 3223 3394 δὲ
3272 3341 3701 3413 ἐκκλησιαστικῇ

2080 3433 2291 3513 τπίστει
2327 3432 2516 3503 σκοπῷ
2563 3432 2666 3504 τῆς
2698 3433 2835 3504 πρὸς
2882 3433 2942 3487 τὸ
2974 3432 3129 3487 Θεῖον
3179 3433 3597 3505 εὐαρεστήσεως
3641 3433 3705 3488 τὺ

2107 3523 2221 3579 ἄνω
2243 3523 2408 3595 φυτὸν
2429 3523 2650 3595 ἔχουσα,
2677 3525 2958 3596 κονιορτός
2982 3526 3098 3580 ἐστι
3123 3524 3392 3596 μυρεψοῦ,
3420 3528 3489 3597 τῇ
3521 3525 3701 3597 ὑψηὶῇ

2108 3614 2356 3687 πολιτείᾳ
2385 3615 2487 3686 τὴν
2520 3615 2630 3670 τῶν
2664 3616 2953 3688 δογμάτων
2985 3616 3221 3671 εὐωδίαν
3266 3617 3703 3688 ἀνακεκραμμέ-

2106 3726 2204 3779 νην
2232 3708 2467 3780 έχουσα’
2510 3708 2745 3775 δύναται
2779 3709 2839 3764 δὲ
2895 3709 2992 3764 καὶ
3039 3708 3388 3781 δογματικῶς
3420 3710 3552 3780 περὶ
3598 3711 3702 3779 τῆς

2118 3799 2450 3870 Ἐκκλησίας
2469 3799 2729 3868 λέγεσθαι
2756 3817 2768 3833 ·
2805 3800 2914 3854 ἀπὸ
2934 3800 3148 3873 ἐρήμου
3179 3801 3289 3872 γὰρ
3316 3801 3417 3871 τῆς
3444 3800 3522 3873 μὴ
3548 3802 3703 3871 ἑχού-

2107 3908 2206 3963 σης
2239 3890 2430 3962 ἄνδρα,
2462 3890 2601 3963 αῦτη
2640 3890 2808 3962 ἀνέϐη
2830 3907 2844 3922 '
2889 3890 3137 3961 σμύρναν
3166 3891 3263 3945 καὶ¹
3297 3890 3519 3944 λίϐανον
3569 3891 3709 3969 πνέχ

2103 4004 2240 4041 ουσα
2270 3986 2359 4040 διὰ
2379 3986 2439 4040 τὸ
2476 3986 2839 4059 ωντετάφθαι
2862 3985 3121 4059 Χριστῷ’
3153 3986 3248 4041 καὶ
3276 3987 3365 4041 διὰ
3402 3986 3464 4040 τὸ
3493 3985 3587 4040 τὸν
3609 4003 3702 4039 κο-

2103 4079 2317 4153 νιορτὸν
2342 4080 2452 4133 τῶν
2473 4076 2758 4150 κοσμικῶν
2797 4079 3143 4151 πραγμάτων
3174 4079 3235 4138 τὸ
3280 4080 3361 4143 εἰς
3408 4078 3526 4134 δέον
3555 4080 3698 4151 χρή-

2106 4173 2303 4228 σασθαι
2339 4173 2573 4240 τούτοις,
2600 4172 2878 4241 κονιορτὸν
2904 4173 3130 4244 ποιῆσαι
3169 4172 3413 4246 μυρεψοῦ
3434 4191 3449 4205 ·
3489 4175 3585 4229 καὶ
3607 4175 3699 4229 διά

2101 4267 2202 4338 τὴν
2228 4264 2453 4335 εὔλογον
2481 4265 2706 4337 χρῆσιν,
2757 4264 2819 4318 τὸ
2866 4265 3224 4336 κονιορτῶδες
3257 4265 3586 4336 μεταϐαλεῖν
3614 4265 3699 4329 είς

2102 4358 2332 4414 εὐωδίαν
2362 4357 2599 4430 Χριστοῦ
2626 4373 2640 4388 ο
2681 4357 2710 4410 ὁ
2739 4356 2850 4429 γὰρ
2878 4356 2946 4411 τὰ
2976 4357 3050 4428 μὴ
3100 4357 3337 4424 ἑστῶτα,
3369 4358 3506 4411 ἀλλά
3529 4357 3696 4428 φερό-

2107 4467 2244 4522 μενα
2283 4448 2389 4503 ὐπὸ
2437 4447 2548 4502 τῶν
2601 4447 2822 4519 ἀνέμων
2878 4449 2979 4520 τῆς
3038 4449 3314 4520 κοσμικῆς
3345 4448 3550 4522 αὔρας,
3604 4450 3697 4503 διὰ

2027 4533 2081 4595 D
2108 4542 2482 4615 ἐλεημοσύνην
2537 4542 2708 4596 ποιῶν
2758 4541 2915 4613 τίμια
2940 4581 2956 4605 ,
2999 4541 3091 4596 τὸν
3143 4543 3421 4611 κονιορτὸν
3458 4546 3557 4614 τῆς
3589 4543 3695 4612 γῆς

404 4644 632 4716 ἐποίησε
670 4640 951 4711 κονιορτὸν
994 4636 1241 4714 μυρεψοῦ
1266 4654 1280 4666 ·
1309 4638 1376 4707 τῇ
1405 4635 1613 4707 εὐλόγῳ
1644 4637 1839 4709 χρήσει
1890 4636 1997 4697 τῶν
2031 4631 2325 4704 δεομένων,
2382 4633 2442 4687 τὸ
2476 4631 2835 4705 κονιορτῶδες
2903 4632 3085 4687 αὐτῶν
3133 4632 3229 4692 καὶ
3271 4634 3688 4706 ἐσκεδασμένον,

407 4736 730 4821 μεταϐαλὼν
751 4730 835 4799 είς
864 4731 1227 4812 ἁρωματικὴν
1256 4729 1485 4783 εὐωδίαν
1518 4731 1615 4793 καὶ
1662 4730 1837 4802 φίλιον
1861 4731 2030 4792 ὅντως
2051 4728 2210 4787 Θεοῦ.
2300 4757 2317 4771 κ

476 4832 691 4904 Cyrifli.
739 4861 799 4873 ——
835 4827 1055 4902 Myrrha
1084 4827 1306 4898 quidem
1374 4826 1606 4898 quando
1673 4825 1994 4896 consepulta

405 4927 652 4990 Christo,
684 4918 814 4982 thus
850 4938 984 4977 vero
1010 4920 1236 4993 quando
1264 4920 1427 4974 simul
1461 4935 1586 4974 eum
1631 4919 1751 4989 ipso
1805 4934 1992 4974 resur-

401 5020 549 5079 rexit
576 5027 632 5073 et
661 5018 1015 5079 divinitatem
1033 5016 1156 5085 ejus
1183 5013 1536 5087 participavit
1567 5031 1581 5075 ;
1613 5021 1669 5067 et
1701 5029 1811 5068 non
1835 5013 1992 5069 hisce

403 5113 541 5169 solis
585 5108 969 5167 ecclesiasﬁca
1002 5109 1229 5166 incensa
1262 5115 1346 5162 est
1374 5105 1584 5167 anima,
1614 5118 1804 5158 verum
1823 5105 1988 5158 etiam

401 5202 574 5257 variis
614 5199 955 5272 cognitionis
1033 5197 1637 5269 eontemplatinnibus;
1686 5195 1778 5264 qui
1841 5195 1991 5249 enim

402 5303 663 5356 accurate
710 5291 1024 5363 distinguit,
1075 5299 1131 5346 et
1158 5304 1246 5344 res
1292 5288 1459 5343 etiam
1530 5287 1725 5342 obvias
1779 5287 1991 5343 minute

402 5396 685 5444 scrutatur
739 5386 849 5442 dici
878 5379 1057 5456 possit
1118 5381 1524 5452 unguentarius
1579 5380 1989 5455 quodammodo

398 5497 542 5545 esse,
584 5496 708 5535 cum
736 5478 1077 5535 comminuat
1104 5488 1159 5531 et
1186 5476 1241 5528 in
1275 5475 1554 5545 pulverem
1586 5473 1772 5528 odoris
1803 5473 1991 5527 suavi-

398 5576 530 5630 tatis
557 5573 785 5628 reducat
816 5570 1000 5625 omnia
1031 5568 1254 5622 oracula
1279 5582 1402 5636 quae
1423 5581 1570 5620 nunc
1599 5581 1803 5634 sponsa
1852 5564 1992 5620 dici-

334 5692 343 5699 τ
400 5677 490 5726 tttt‘
517 5665 851 5728 adolevisse.
880 5662 1156 5717 Fortassis
1175 5675 1310 5715 vero
1334 5660 1498 5714 ctiam
1534 5659 1628 5728 qui
1650 5674 1758 5712 non
1782 5674 1986 5717 secun-

393 5767 522 5818 d-um
557 5781 781 5818 carnem
810 5754 1078 5819 vivit,sed
1114 5751 1420 5807 secundum
1456 5746 1736 5845 spiri’tﬁm,
1776 5765 1979 5819 nequa-

395 5873 557 5931 quam
600 5857 767 5914 ροηιρ
797 5858 1134 5912 incmssalus
1171 5844 1488 5927 varietatem
1525 5840 1980 5900 ctomnimodum

1304 5968 1339 5986 ac
1355 5954 1390 5977 ’θ
1405 5938 1478 5966 n.-

2172 4822 2504 4891 Κιιρίλλου.
2529 4853 2601 4863 -
2630 4818 2852 4892 Σμύρνα
2879 4820 2997 4890 μὲν,
3036 4818 3126 4873 ὅτε
3166 4818 3530 4878 συντέθαπται
3552 4820 3692 4892 Χριρ

2102 4915 2214 4986 στῷ
2250 4915 2339 4969 διὰ
2388 4914 2480 4968 τοῦ
2534 4910 2761 4968 λιϐάνου
2782 4930 2796 4945 ·
2828 4913 3046 4977 λίϐανος
3082 4912 3161 4979 δὲ,
3223 4914 3314 4968 ὅτε
3350 4913 3691 4979 συναναστάς

2100 5007 2253 5079 αὐτῷ
2282 5007 2650 5078 κεκοινώνηκε
2692 5005 2797 5076 τῆς
2852 5006 3107 5076 θεότητος
3145 5005 3342 5059 αὐτοῦ’
3375 5005 3472 5059 καὶ
3494 5007 3557 5060 οὐ
3587 5009 3690 5074 μό-

2099 5116 2213 5164 νοις
2265 5098 2479 5161 τούτοις
2538 5099 2573 5170 ή
2633 5096 3067 5169 ὲκκλησιαστική
3108 5097 3473 5169 τεθυμίασται
3515 5098 3687 5171 ψυχὴ,

2099 5191 2238 5246 ἀλλὰ
2294 5191 2389 5251 καὶ
2428 5190 2695 5255 ποικίλοις
2748 5190 3008 5260 γνώσεως
3066 5189 3452 5263 θεωρήμασιν·
3494 5194 3524 5247 ὁ
3577 5193 3687 5264 γὰρ
3774 5236 3783 5241 ,

2099 5286 2287 5358 ἄκρως
2310 5284 2536 5357 διαιρῶν
2565 5284 2660 5338 καὶ
2689 5284 2853 5355 μέχρι
2878 5280 2972 5341 τοῦ
3003 5282 3257 5354 τυχόντος
3284 5282 3500 5348 λεπτῶς
3529 5285 3686 5355 ἐρευ-

2098 5379 2206 5433 νῶν
2235 5379 2306 5433 τά
2354 5379 2680 5449 πράγματα,
2715 5376 2916 5447 λέγοιτ’
2952 5376 3019 5431 ἂν
3062 5376 3306 5449 μυρεψός
3363 5394 3481 5442 πως
3519 5373 3680 5442 εἶναι,

2100 5473 2384 5527 λεπτύνων
2407 5472 2500 5526 καὶ
2532 5473 2613 5534 εἰς
2641 5470 2791 5524 κόνιν
2817 5472 2968 5539 ἄγων
2996 5473 3175 5524 πάντα
3217 5470 3285 5525 τὰ
3326 5460 3425 5540 τῆς
3454 5470 3685 5528 εὐωδίας

2099 5566 2256 5633 λόγια
2277 5581 2290 5596 ο
2322 5564 2357 5619 ἃ
2389 5564 2484 5618 νῦν
2514 5562 2774 5636 ἡΝύμφη
2807 5564 3026 5631 λέγεται
3051 5562 3432 5632 τεθυμίασται.
3453 5562 3608 5633 Τάχα
3627 5562 3683 5616 δὲ

2099 5661 2192 5721 καὶ
2216 5660 2263 5735 ὁ,
2381 5658 2524 5710 κατὰ
2570 5657 2749 5727 σάρκα
2778 5655 2948 5727 βιοῦς.
2982 5654 3119 5710 ἀλλὰ
3149 5655 3290 5710 κατά
3322 5654 3560 5725 πνεῦμα,
3582 5667 3683 5725 μη-

2094 5750 2286 5819 δαμῶς
2316 5750 2611 5818 παχυνθεὶς
2649 5749 2748 5823 τὴν
2789 5749 3018 5820 καρδίαν
3054 5749 3115 5802 τὸ
3144 5748 3388 5802 ποικίλον
3419 5748 3513 5801 καὶ
3544 5764 3682 5801 παν-

2095 5841 2344 5917 τοδατὸν.
2384 5840 2554 5908 σῶζον
2613 5842 2712 5911 τῆς
2757 5841 3008 5909 εὐωδῖας,
3052 5841 3279 5897 εὐωδίαν
3327 5840 3434 5896 ἀπὸ
3464 5839 3683 5898 πάντων
