4060 6382
281 375 428 440 1625

1242 375 1779 440 COMMENTARII
1820 378 1904 439 1N
1924 378 2245 446 CANTICA
2272 344 2566 452 omne:

3410 392 3430 453 1
3441 395 3543 458 6‘36

279 490 433 544 ποιεῖ
462 485 574 541 τῶν
599 485 694 539 νῦν
730 485 904 550 οὕτως
934 485 1357 556 ὀνομαζομένων
1391 488 1665 559 κονιορτὸν
1698 505 1869 559 μυρε-

1976 492 2157 549 odoris
2192 510 2418 550 servans
2454 496 2808 564 suavitatem,
2843 511 2931 573 ex,
2960 497 3217 572 omnibus
3249 514 3367 568 qua:
3399 518 3542 560 nunc

275 574 413 643 ψπῦ.
434 576 606 643 Λέγει
637 575 682 629 δ’
701 575 767 630 ἄν
792 592 878 640 τις
897 575 993 629 καὶ
1015 576 1090 639 ὡς
1115 577 1305 654 ἡ.άγία
1329 578 1423 630 καὶ
1445 577 1872 650 ἐκκλησιαστικὴ

272 666 455 737 ψυχὴ,
488 666 554 719 τὸ
583 667 773 720 τέκνον
802 666 933 719 ποτέ
965 667 1174 738 ἐρήμου
1205 667 1365 735 Θεοῦ,
1396 667 1506 722 άπὸ
1552 670 1873 739 συναγωγῆς

274 759 457 811 ἐθνῶν
485 757 772 813 ἀναϐαίνει
805 757 916 812 ἀπὸ
942 757 1043 828 τῆς
1075 759 1284 829 ἐρήμου
1305 776 1319 792 °
1358 759 1738 815 καταλιποῦσα
1773 762 1873 831 μὲν

276 851 542 918 δόγματα
578 851 674 905 καὶ
708 850 903 918 λόγους
938 852 1034 903 καὶ
1071 848 1323 921 πράξεις,
1372 851 1444 907 τὰ
1481 850 1664 923 ἔρημα
1691 851 1829 907 Θεοῦ
1854 868 1869 884 ⁸

278 941 664 997 ἀναϐαίνουσα
688 943 785 996 ἐπὶ
807 942 878 996 τὰ
906 940 1000 996 τοῦ
1029 941 1189 996 Θεοῦ.

355 1121 431 1187 ζ’,
463 1128 537 1194 η’.
584 1121 743 1177 Ἰδοὺ
777 1122 816 1191 ή
850 1124 1031 1190 κλίνη
1062 1122 1383 1191 Σαλομών·
1431 1111 1731 1193 ἐξήκοντα
1761 1124 1871 1180 δυ-

274 1213 453 1269 νατοί
483 1214 696 1280 κύκλῳ
714 1210 907 1281 αὐτῆς
936 1212 1054 1266 ἀπὸ
1083 1211 1358 1268 δυνατῶν
1395 1212 1635 1280 Ἰσραήλ
1657 1229 1673 1245 ο
1714 1215 1871 1269 πάνυ-

272 1324 378 1373 τες
407 1305 774 1372 κατέχοντες
788 1303 1116 1372 ῥομφαίαν,
1146 1301 1557 1373 δεδιδαγμένοι
1582 1306 1867 1374 πόλεμον*

270 1397 441 1466 ἀνὴρ
470 1398 742 1467 ῥομφαία
809 1395 996 1451 αὐτοῦ
1040 1395 1141 1450 ἐπὶ
1186 1396 1293 1451 τὸν
1310 1396 1508 1466 μηρὸν
1527 1396 1716 1453 αὐτοῦ
1752 1397 1872 1454 ἀπὸ

270 1490 553 1560 θάμϐους
580 1491 649 1543 ἐν
670 1489 877 1552 νυξίν.

342 1584 647 1647 Φίλωνος.
664 1611 737 1622 -
755 1581 867 1652 (47)
896 1580 1100 1652 Κλίνην
1120 1581 1184 1634 τὺ
1218 1582 1406 1653 μνῆμα
1430 1582 1674 1656 Χριστοῦ
1695 1582 1867 1652 λέγει.

351 1673 673 1743 Ἐξὴκοντα
700 1673 941 1737 δυνατοὶ,
966 1675 1029 1727 τὸ
1068 1675 1348 1745 πλήρωμα
1389 1676 1490 1747 τῆς
1535 1677 1872 1740 τελειώσεως

267 1765 322 1819 oi
356 1762 675 1835 τηροῦντες
698 1764 789 1818 τὸν
817 1764 988 1834 τάφον
1005 1783 1019 1797 ·
1053 1766 1104 1819 οῖ
1128 1765 1224 1820 καὶ
1264 1766 1359 1821 τοῦ
1387 1767 1616 1837 σεισμοῦ
1641 1768 1870 1839 γενομέ-

268 1873 390 1921 νου,
417 1854 884 1927 ἐξεθαμϐήθησαν
907 1856 1029 1911 καθ’
1050 1857 1117 1928 ἠν
1133 1858 1332 1928 ἀνέστη
1362 1860 1392 1913 ό
1413 1859 1648 1929 Χριστὸς
1671 1858 1869 1917 νύκτα.

279 1948 389 2000 Δύο
422 1948 484 2005 δέ
512 1948 794 2018 ῥομφαίας
849 1946 1067 2017 ἔχουσιν
1099 1950 1149 2001 οἱ
1188 1947 1283 2003 τοῦ
1329 1947 1568 2020 Χριστοῦ
1591 1965 1607 1982 ο
1648 1949 1748 2019 τὴν
1772 1950 1873 2020 μὲν

273 2039 584 2110 εἷργουσαν
635 2038 705 2091 τὰ
759 2038 1135 2110 σπερματικά,
1166 2037 1201 2109 ἦ
1228 2039 1313 2103 τίς
1346 2041 1496 2094 ἐστιν
1531 2041 1626 2094 ἐπὶ
1658 2039 1870 2111 μηρῶν,

277 2130 360 2183 διὰ
389 2130 494 2199 τὴν
528 2130 632 2199 τῆς
663 2131 1025 2202 σωφροσύνης
1052 2132 1380 2201 ἐγκράτειαν
1404 2148 1419 2164 ο
1445 2133 1548 2204 τὴν
1573 2132 1629 2186 δὲ
1652 2132 1721 2186 τὰ
1741 2133 1873 2202 ψευ-

276 2218 344 2289 δῆ
390 2220 801 2275 διακόπτουσαν
847 2221 1128 2293 δόγματα·
1166 2223 1202 2292 ἠ
1245 2221 1303 2277 δὲ
1339 2223 1616 2296 ῥομφαία,
1650 2224 1786 2294 πρὸς
1811 2222 1873 2277 τὸ

286 2313 364 2384 μὴ
388 2313 728 2383 θαμϐεῖσθαι
762 2313 826 2367 τὸ
851 2314 1062 2379 σκότος.

355 2405 717 2473 Γρηγυρίου.
749 2434 825 2444 ——
853 2405 1007 2458 Μετὰ
1041 2404 1142 2475 τὴν
1198 2404 1294 2459 ἐπὶ
1342 2404 1419 2475 τῷ
1448 2404 1873 2477 κάλλενμαρτυ-

293 2496 433 2567 ρίαν,
469 2496 525 2548 οἱ
555 2496 703 2564 φίλοι
730 2496 828 2549 τοῦ
865 2494 1141 2566 Νυμφίου,
1168 2499 1262 2551 καὶ
1287 2500 1745 2567 παρασκευασταὶ
1773 2499 1870 2554 τοῦ

300 2586 448 2654 ἁγίου
470 2585 741 2656 θαλάμου,
774 2585 871 2639 καὶ
902 2585 1004 2655 τῆς
1052 2585 1300 2656 καθαρᾶς
1347 2586 1590 2656 Νύμφης
1622 2589 1874 2659 προμνὴ-

311 2695 513 2749 στορες,
542 2675 987 2745 ὑποδεικνύουσιν
1042 2679 1179 2748 αὐτῇ
1218 2677 1320 2746 τῆς
1371 2678 1657 2748 βασιλικῆς
1683 2679 1872 2747 κλίνης

305 2769 368 2822 τὸ
389 2770 577 2832 κάλλος
592 2768 664 2832 ὡς
692 2769 896 2838 μᾶλλον
920 2769 1000 2833 είς
1026 2769 1323 2839 ἐπιθυμίαν
1345 2770 1444 2842 τὴν
1472 2770 1707 2843 Νύμφην
1731 2773 1873 2842 ἀγά-

295 2874 457 2928 τεκεν,
485 2859 589 2930 τῆς
615 2858 772 2922 θείας
810 2876 870 2911 τε
906 2859 1002 2912 καὶ
1031 2858 1306 2931 ἁχράντου
1359 2861 1476 2931 μετ’
1528 2863 1696 2916 αὑτοῦ
1730 2882 1870 2932 συμ-

290 2946 557 3012 ϐιώσεως.
587 2947 716 3002 Ὅτι
759 2947 858 3018 μὲν
899 2946 993 3001 οὖν
1038 2949 1103 3001 ἐκ
1133 2948 1233 3018 τῆς
1266 2949 1513 3019 ἱστορίας
1556 2952 1585 3005 ὁ
1616 2953 1873 3023 περὶτῆς

166 3099 171 3103 ,
284 3039 477 3110 κλίνης
502 3038 668 3107 λόγος
695 3039 797 3093 οὐκ
828 3037 995 3099 ἐστιν.
1025 3038 1250 3110 εὔδηλον
1290 3042 1356 3094 ἐκ
1401 3040 1513 3095 τῶν
1542 3044 1873 3114 σωματικῶς

1896 1827 1944 1886 Β

1976 591 2106 637 sunt
2134 585 2314 652 pulvis
2340 585 2618 640 nominata
2671 585 2803 641 facit
2854 587 3129 656 pulverem
3172 584 3540 658 unguentarii.

1978 675 2186 731 Dixerit
2219 692 2383 747 porro
2409 678 2609 749 aliquis
2636 678 2914 749 quomodo
2949 689 3141 734 sancta
3192 688 3246 733 et
3279 681 3541 736 ecclesia-

1974 768 2112 821 stica
2140 769 2323 821 anima
2349 770 2459 823 lilia
2490 771 2766 842 quondam
2800 770 3033 826 desertae
3060 786 3087 821 a
3126 769 3241 825 Deo
3302 785 3543 841 congrc-
3624 792 3628 796 τ

1973 860 2210 927 gationis
2235 862 2504 930 gentium,
2535 861 2803 919 ascendat
2831 862 2902 917 de
2951 862 3194 925 deserto,
3227 862 3544 934 relinquens

1972 953 2193 1022 quidem
2226 953 2480 1024 dogmata
2503 962 2557 1009 et
2584 954 2826 1010 rationes
2874 963 3038 1024 atque
3077 969 3239 1024 opera
3291 955 3401 1011 Deo
3450 971 3547 1010 va-

1971 1057 2094 1104 cua,
2120 1042 2185 1096 ad
2205 1057 2267 1097 ea
2299 1058 2430 1099 vero
2451 1059 2572 1114 quae
2603 1043 2694 1098 Dei
2715 1051 2844 1099 sunt
2873 1043 3197 1100 ascendens.

2020 1134 2207 1197 ,γεω
2246 1135 2297 1200 7,
2330 1134 2384 1192 8.
2421 1134 2553 1190 Ecce
2574 1136 2740 1190 lectus
2766 1133 3072 1190 Salomonis
3101 1153 3120 1191 :
3144 1135 3421 1204 sexaginta
3449 1151 3547 1205 po-

1973 1235 2137 1281 tentes
2160 1228 2215 1281 in
2243 1228 2473 1282 circuitu
2495 1227 2610 1296 ejus
2631 1243 2696 1281 ea:
2719 1225 3021 1296 potentibus
3052 1224 3246 1286 Israel,
3270 1242 3447 1280 omnes
3466 1235 3546 1279 te-

1970 1326 2148 1374 nentes
2172 1318 2432 1390 gladium,
2469 1320 2612 1373 docti
2645 1318 2869 1384 bellum;
2892 1318 2973 1372 vir
2996 1316 3210 1389 gladius
3241 1317 3354 1388 ejus
3391 1333 3547 1387 super

1971 1409 2143 1480 femur
2167 1411 2282 1481 ejus
2300 1427 2333 1465 a
2361 1426 2552 1481 pavore
2595 1411 2651 1466 in
2673 1410 2935 1467 noctibus.
3528 1407 3555 1421 “

2037 1587 2303 1645 Philonis.
2364 1580 2592 1644 Lectum
2640 1594 2803 1643 vocat
2848 1585 3057 1642 Christi
3110 1592 3545 1643 monumentum.

1972 1677 2264 1750 Sexaginta
2286 1678 2458 1736 fortes
2479 1685 2610 1735 sunt
2627 1677 2909 1748 plenitudo
2923 1675 3300 1746 perfectionis,
3318 1677 3410 1746 qui
3428 1691 3551 1731 cus-

1971 1769 2544 1840 todiuntsepulerum,
2579 1769 2675 1840 qui
2701 1779 2756 1824 et
2777 1777 2938 1824 terra:
2955 1776 3106 1824 motu
3126 1767 3273 1823 facto
3301 1766 3547 1823 exterriti

1972 1859 2199 1917 fuerunt
2246 1876 2313 1918 ea
2357 1868 2522 1917 nocte
2549 1875 2660 1931 qua
2708 1860 2964 1915 Christus
3032 1859 3361 1915 resurrexit.
3434 1858 3550 1911 Duo

1973 1961 2158 2008 autem
2190 1952 2401 2023 gladios
2426 1954 2634 2009 habent
2682 1952 2738 2007 hi
2774 1952 2867 2023 qui
2902 1959 3032 2007 sunt
3048 1938 3258 2006 Christi
3290 1965 3307 2004 :
3369 1962 3549 2004 unum

1974 2044 2190 2117 quidem
2224 2045 2509 2100 seminalia
2537 2053 2839 2106 amentem,
2887 2043 2980 2112 qui
3014 2051 3102 2098 est
3141 2057 3314 2112 super
3372 2040 3553 2098 femur

1976 2144 2201 2207 prepter
2230 2135 2607 2204 temperantia:
2644 2135 3068 2198 continentiam,
3121 2135 3355 2188 alterum
3416 2147 3553 2188 vero

1974 2227 2111 2285 falsa
2157 2228 2421 2300 dogmata
2470 2235 2834 2284 resecantem.
2894 2224 3127 2281 Gladius
3154 2235 3338 2280 autem
3395 2224 3554 2281 adest

1973 2333 2044 2374 ne
2078 2318 2332 2374 tenebras
2355 2310 2626 2374 metuant.

2044 2408 2305 2480 Gregorii.
2335 2435 2408 2451 -
2437 2406 2564 2463 Post
2586 2407 2776 2464 datum
2813 2407 2884 2463 de
2949 2404 3363 2481 pulchritudine
3393 2406 3552 2461 testi-

1977 2502 2248 2564 monium,
2304 2498 2467 2554 amici
2498 2498 2702 2569 Sponsi
2764 2505 2821 2553 et
2848 2498 2946 2568 qui
2995 2504 3196 2568 parant
3251 2496 3551 2552 thalamum

1975 2593 2413 2664 impollutum'ac
2431 2604 2583 2660 purae
2615 2588 2853 2659 Sponsa
2893 2587 3135 2658 pronubi
3164 2586 3473 2643 ostendunt
3501 2585 3552 2641 ei

1975 2683 2172 2757 regalis
2227 2682 2351 2739 lecti
2379 2681 2869 2752 pulchritudinem,
2924 2689 2984 2735 ut
3009 2680 3285 2752 Sponsam
3351 2677 3555 2749 majori

1974 2775 2278 2833 accendant
2306 2773 2585 2831 desiderio
2607 2772 2808 2828 divina:
2823 2781 2881 2829 et
2905 2772 3271 2828 immaculata
3297 2786 3423 2827 cum
3482 2784 3553 2825 eo

1972 2869 2102 2925 vitae
2130 2866 2573 2923 consuetudinis.
2601 2866 2782 2936 Atque
2835 2865 2987 2919 hunc
3014 2864 3238 2935 quidem
3279 2863 3350 2920 de
3406 2863 3551 2918 lecto

1974 2977 2279 3018 sermonem
2315 2975 2425 3015 non
2447 2974 2570 3016 esse
2598 2973 2663 3014 ex
2697 2957 2928 3012 historia
2959 2957 3366 3028 depromptum,
3408 2958 3557 3026 patet

1973 3067 2040 3109 ex
2067 3053 2137 3109 iis
2168 3066 2291 3123 quae
2315 3049 2676 3121 corporaliter
2690 3048 2759 3104 de
2784 3049 3083 3107 Salomone
3114 3049 3365 3106 historia:
3397 3064 3556 3104 man-

279 3131 410 3202 περὶ
437 3130 539 3184 τοῦ
563 3129 926 3211 Σαλομῶντος
958 3129 1380 3201 ἱστορηθέντων,
1408 3125 1470 3187 οὖ
1499 3132 1597 3186 καὶ
1618 3132 1689 3186 τά
1718 3132 1873 3204 βασί-

1977 3142 2104 3197 data
2138 3148 2287 3207 sunt,
2320 3142 2486 3210 cujus
2515 3147 2571 3196 et
2602 3140 2826 3210 regalia,
2879 3146 2934 3196 et
2965 3154 3210 3195 mensam
3240 3154 3306 3195 ac
3344 3139 3556 3209 reliqua

274 3221 398 3274 λεια
434 3224 536 3275 καὶ
564 3220 669 3291 τὴν
697 3220 996 3291 τράπεζαν,
1027 3221 1121 3275 καὶ
1170 3220 1243 3275 τὰ
1290 3221 1478 3289 λοιπά,
1512 3224 1541 3276 ὁ
1565 3222 1722 3292 λόγος
1768 3224 1876 3278 ὑπ·-

274 3312 531 3383 ἐγραψεν
563 3312 840 3383 ἀκριϐῶςο
875 3311 1061 3366 καινὸν
1086 3311 1196 3384 γάρ
1218 3331 1272 3366 τι
1300 3313 1396 3366 καὶ
1422 3295 1875 3386 παρηλλαγμένον

274 3405 408 3473 περὶ
439 3404 548 3472 τῆς
571 3402 761 3473 κλίνης
784 3401 939 3456 οὐδὲν
965 3397 1139 3456 εἶπεν.
1156 3402 1323 3458 Ὥστε
1350 3402 1566 3475 ἀνάγκη
1594 3404 1668 3475 μὴ
1697 3420 1878 3475 παρα-

270 3498 469 3564 μεῖναι
494 3494 578 3564 τῷ
612 3494 921 3564 γράμματι,
951 3492 1089 3547 ἀλλὰ
1108 3492 1176 3547 δι’
1204 3491 1468 3565 ἀκριϐοῦς
1491 3495 1876 3566 κατανοήσεως

276 3580 626 3650 μεταϐαλεῖν
653 3580 747 3634 τὸν
783 3580 944 3650 λόγον
977 3581 1060 3645 είς
1090 3581 1469 3652 πνευματικὴν
1493 3582 1751 3654 θεωρίαν,
1773 3582 1877 3654 τῆς

273 3671 481 3742 ὑλικῆς
509 3671 807 3742 ἐμφάσεως
838 3673 930 3726 τὸν
976 3672 1104 3726 νοῦν
1149 3674 1563 3746 ἀποστήσαντες
1586 3691 1601 3706 ο
1640 3674 1787 3729 ἐοικε
1817 3673 1877 3730 τὸ

274 3765 427 3817 θεῖον
457 3764 687 3829 κάλλος,
719 3766 778 3819 ἐν
804 3764 885 3837 τῷ
918 3764 1136 3837 φοϐερῷ
1159 3764 1220 3820 τὸ
1255 3766 1521 3838 ἐράσμιον
1567 3766 1735 3839 ἐχειν,
1767 3766 1877 3820 άπὸ

276 3859 387 3911 τῶν
446 3858 722 3913 ἐναντίων
761 3856 842 3929 τῷ
897 3857 1197 3931 σωματικῷ
1244 3859 1434 3925 κάλλει
1482 3860 1872 3930 δεικνύμενον.

299 3949 516 4020 Ἐπειδὴ
551 3949 665 4020 γάρ
690 3950 723 4021 ἡ
744 3948 1001 4019 ἐμπαθὴς
1026 3949 1134 4002 τῶν
1161 3951 1429 4021 σωμάτων
1448 3950 1715 4024 ἐπιθυμία
1765 3954 1879 4016 τοῖς

286 4041 380 4109 τῆς
407 4038 623 4109 σαρκὸς
654 4039 873 4110 μέλεσιν
909 4040 1286 4112 ἐγκαθημένη,
1317 4041 1576 4114 καθάπερ
1600 4060 1651 4096 τι
1683 4042 1879 4098 σύντα-

281 4148 393 4200 γμα
449 4130 754 4203 λῃστρικὸν
787 4130 1177 4201 ἐνεδρεύειτὺν
1216 4132 1341 4188 νοῦν
1383 4134 1478 4188 καὶ
1525 4134 1876 4205 αἰχμάλωτον

272 4221 420 4290 ἄγει,
458 4221 603 4291 πρὸς
657 4221 720 4275 τὸ
778 4222 978 4293 ἑαυτῆς
1035 4220 1285 4293 βούλημα
1317 4226 1756 4296 συναρπάσασα,
1788 4226 1878 4280 διὰ

271 4309 435 4362 τοῦτο
465 4309 769 4363 ἀκόλουθόν
800 4309 951 4363 ἐστιν
1004 4312 1069 4364 ἐκ
1100 4312 1211 4365 τῶν
1245 4311 1508 4367 ἐναντίων
1540 4315 1642 4385 τῆς
1687 4332 1878 4386 σωμα-

1976 3233 2116 3289 liber
2148 3232 2354 3303 Regum
2392 3239 2648 3287 accurate
2697 3229 3040 3301 descripsit:
3084 3230 3213 3285 novi
3255 3239 3439 3287 autem
3502 3239 3558 3286 et

1977 3323 2187 3381 diversi
2230 3322 2298 3378 de
2325 3323 2469 3378 lecto
2497 3321 2634 3377 nihil
2658 3321 2822 3378 dixit.
2846 3322 3036 3391 Itaque
3053 3336 3281 3379 necesse
3304 3329 3412 3387 est,
3443 3337 3555 3377 non
3658 3386 3663 3389 _

1978 3413 2250 3469 inhaerere
2275 3412 2489 3477 litterae,
2518 3411 2615 3468 sed
2647 3426 2744 3481 per
2772 3420 3096 3466 accuratam
3136 3411 3556 3483 intelligentiam

1977 3518 2285 3560 sermonem
2321 3502 2468 3557 hunc
2488 3501 2554 3557 ad
2600 3501 2910 3571 spiritalem
2955 3499 3259 3558 transferre
3306 3508 3557 3557 contem-

1979 3594 2299 3666 plationem,
2324 3609 2356 3650 a
2385 3593 2652 3649 materiali
2689 3592 3095 3664 significatione
3119 3601 3358 3649 mentem
3382 3593 3560 3649 abdu-

1978 3686 2191 3755 cendo;
2217 3694 2646 3743 consentaneum
2680 3692 2766 3740 est
2793 3685 3009 3741 ostendi
3040 3685 3283 3751 divinam
3307 3684 3563 3755 pulchri-

1979 3779 2223 3835 tudinem
2250 3779 2305 3834 iu
2330 3789 2539 3834 terrore
2561 3778 2766 3836 habere
2802 3778 2932 3850 quid
2970 3778 3345 3843 amabilitatis,
3377 3794 3444 3834 ex
3490 3780 3562 3836 iis

1977 3886 2101 3942 quat
2130 3879 2261 3927 sunt
2286 3871 2565 3926 contraria
2607 3885 2890 3943 corporeae
2941 3869 3365 3941 pulchritudini.
3421 3870 3559 3926 Nam

1972 3963 2242 4034 quoniam
2279 3961 2634 4033 passionibus
2661 3962 2901 4018 obnoxia
2955 3974 3255 4032 corporum
3283 3962 3560 4030 cupiditas
3610 3982 3615 3985 τ

1980 4055 2244 4113 membris
2275 4056 2463 4110 carnis
2488 4053 2757 4117 insidens,
2782 4053 2932 4109 velut
2953 4053 3202 4121 quaedam
3235 4051 3557 4122 praedonum

1981 4153 2161 4201 turma
2200 4146 2365 4199 menti
2393 4144 2706 4210 insidiatur,
2736 4158 2856 4198 eam
2887 4149 3264 4211 saep‘tmumero
3287 4142 3558 4211 captivam

1979 4238 2048 4299 ad
2072 4253 2226 4292 suam
2259 4237 2526 4307 a.ripiens
2569 4237 2907 4292 voluntatem
2931 4251 2947 4301 ;
3000 4242 3291 4304 propterea
3314 4241 3401 4289 est
3425 4248 3561 4288 con-

1981 4333 2220 4400 sequens
2251 4338 2312 4384 ιιι
2341 4329 2563 4384 divinus
2603 4344 2759 4383 amor
2787 4327 2880 4383 [lat
2905 4342 2973 4382 ex
3028 4325 3098 4381 iis
3120 4340 3244 4397 qua:
3272 4332 3401 4380 sunt
3431 4339 3563 4380 con-

267 4404 436 4473 τικῆς
468 4403 768 4465 διαθέσεως
798 4402 1066 4463 τὸν,θεῖον
1109 4404 1290 4475 ἔρωτα
1320 4404 1571 4474 γίνεσθαι
1591 4423 1605 4438 ο
1645 4407 1787 4462 ὥστε
1821 4411 1871 4462 εί

1984 4421 2153 4476 traria
2173 4419 2446 4490 corporali
2469 4418 2781 4488 cupiditati.
2810 4416 2934 4483 Quo
2967 4416 3026 4470 lit
3073 4427 3134 4470 ut
3160 4417 3205 4470 si
3235 4413 3402 4485 hujus
3448 4413 3560 4468 dux

266 4495 332 4546 ἐκ
363 4494 588 4566 ταύτης
644 4494 852 4567 γίνεται
902 4494 1061 4560 λύσις
1108 4496 1202 4553 καλ⁵
1238 4497 1425 4562 ἄνεσις
1473 4498 1570 4552 καὶ
1596 4498 1873 4572 βλακώδης

1981 4513 2147 4568 fuerit
2210 4484 2524 4574 dissolutio,
2544 4484 2557 4488 -
2583 4508 2879 4579 mollisque
2937 4515 2992 4561 et
3021 4514 3282 4562 enervata
3313 4484 3561 4565 diffusio,

262 4590 547 4653 διάθεσις,
574 4591 695 4647 ἐκεῖ
722 4589 823 4660 τὴν
875 4590 970 4647 ἐπὶ
1020 4590 1188 4659 φόϐον
1228 4609 1290 4645 τε
1318 4594 1413 4647 καὶ
1452 4594 1875 4661 ἀκατάπληκτον

264 4679 564 4751 ἀνδρείαν,
602 4678 738 4750 ὓλην
770 4679 867 4733 τοῦ
901 4680 1048 4733 θείου
1070 4680 1270 4752 ἔρωτος
1308 4681 1559 4749 γίνεσθαι
1581 4700 1597 4716 ο
1639 4683 1735 4737 τοῦ
1763 4685 1874 4756 γὰρ

261 4771 590 4843 ἀνδρώδους
620 4770 795 4842 θυμοῦ
828 4772 920 4826 τὸν
963 4772 1066 4843 τῆς
1121 4774 1321 4846 ἡδονῆς
1367 4774 1529 4844 λόγον
1553 4778 1872 4848 καταπτοή-

264 4867 472 4930 σαντός
512 4882 575 4919 τε
611 4866 708 4919 καὶ
738 4863 1203 4934 φυγαδεύσαντος,
1239 4865 1384 4921 οὕτω
1408 4867 1471 4921 τὸ
1500 4867 1744 4939 καθαρὸν
1772 4870 1874 4940 τῆς

258 4957 458 5029 ψυχῆς
482 4956 850 5027 ἀναφαίνεται
885 4956 1105 5022 κάλλος,
1133 4959 1327 5030 μηδενὶ
1361 4959 1528 5013 πάθει
1553 4961 1874 5031 σωματικῆς

261 5048 586 5120 ἐπιθυμίας
637 5047 1184 5122 καταρῤυπούμενον.
1234 5050 1450 5104 Οὐκοῦν
1494 5051 1811 5121 ἀναγκαίως
1837 5053 1872 5122 ἡ

260 5138 535 5210 νυμφικὴ
569 5138 667 5191 τοῦ
698 5139 974 5208 βασιλέως
999 5140 1181 5212 κλίνη,
1232 5143 1348 5205 τοῖς
1377 5141 1626 5207 ὁπλίταις
1683 5144 1742 5196 ἐν
1774 5141 1876 5196 κύ-

262 5232 391 5302 κλῳ
439 5230 915 5299 διαλαμϐάνεταιτν
963 5223 1040 5285 ὧν
1088 5232 1123 5302 ἡ
1153 5230 1248 5284 τοῦ
1278 5232 1537 5303 πολεμεῖν
1584 5228 1885 5305 ἐμπειρία,’

266 5324 370 5377 καὶ
408 5323 473 5377 τὸ
510 5322 801 5401 πρόχειρον
831 5323 978 5393 ἐχειν
1000 5322 1095 5375 ἐπὶ
1120 5321 1216 5375 τοῦ
1242 5322 1421 5395 μηροῦ
1444 5324 1544 5394 τὴν
1578 5326 1874 5396 ῥομφαίαν,

1976 4608 2089 4663 illic
2111 4607 2406 4661 vehemens
2435 4612 2491 4660 et
2519 4619 2644 4674 qua:
2677 4602 2985 4674 perturbari
3042 4616 3152 4655 non
3180 4606 3362 4671 potest
3391 4599 3561 4653 animi

1976 4696 2306 4768 magnitudo
2339 4697 2412 4751 sit
2441 4694 2671 4749 materia
2699 4694 2872 4747 divini
2925 4691 3172 4756 amoris;
3230 4705 3355 4746 cum
3414 4687 3561 4746 enim

1975 4789 2057 4843 ira
2093 4786 2254 4844 fortis
2285 4802 2351 4841 ac
2383 4785 2564 4841 virilis
2622 4784 2940 4840 insidiantis
2989 4780 3294 4852 voluptatis
3355 4786 3565 4833 turmas

1976 4877 2361 4949 perterruerit,
2379 4883 2434 4931 et
2465 4876 2519 4930 in
2540 4874 2723 4945 fugam
2748 4872 3002 4935 verterit,
3037 4879 3151 4925 tum
3182 4874 3411 4940 apparet
3427 4881 3564 4939 pura

1981 4971 2178 5025 animae
2217 4968 2593 5039 pulchritudo,
2626 4965 2778 5020 nullo
2805 4974 2956 5019 metu
2993 4962 3266 5017 maculata
3299 4974 3565 5030 corpora-

1982 5060 2054 5116 lis
2083 5058 2430 5129 cupiditatis.
2468 5054 2797 5112 Necessario
2860 5054 3049 5125 igitur,
3115 5050 3376 5120 nuptialis
3418 5048 3569 5119 legis

1980 5150 2159 5207 lectus
2186 5150 2255 5204 ab
2276 5149 2506 5204 armatis
2527 5145 2929 5208 circumdatur.
2950 5159 3186 5216 quorum
3204 5142 3330 5198 belli
3348 5140 3566 5212 peritia.

1979 5258 2046 5299 eo
2073 5240 2218 5312 quod
2238 5256 2406 5313 super
2430 5239 2608 5295 femur
2638 5249 2893 5311 paratum
2926 5237 3169 5292 habeant
3211 5249 3427 5299 ensem,
3451 5241 3569 5286 ιρι-ι·
3616 5221 3621 5226 ’

1980 5346 2160 5387 rorem
2194 5328 2354 5385 affert
2381 5337 2437 5385 et
2466 5342 2749 5401 stuporem
2780 5329 3092 5385 tenebrosis
3109 5323 3564 5396 cogitationibus,

268 5415 497 5485 θάμϐος
532 5415 629 5476 καί
657 5413 920 5485 ἔκπληξιν
954 5417 1176 5485 ἐμποιεῖ
1224 5418 1339 5479 τοῖς
1388 5419 1684 5480 σκοτεινοῖς
1728 5417 1873 5486 λογι·

1983 5431 2039 5479 et
2065 5422 2133 5477 iis
2163 5421 2255 5491 qui
2287 5420 2342 5475 in
2370 5422 2614 5477 obscuro
2640 5420 2996 5483 insidiantur,
3028 5428 3084 5474 et
3133 5416 3354 5485 sagittis
3401 5429 3569 5483 appe-

268 5509 467 5578 σμοῖς,
493 5509 606 5570 τοῖς
630 5509 688 5560 ἐν
721 5507 835 5579 νυξί
861 5524 922 5559 τε
956 5508 1052 5562 καὶ
1081 5508 1392 5581 σκοτομήνῃ
1428 5509 1549 5587 τοῖς
1571 5509 1754 5563 εὑθέσι
1805 5515 1872 5584 τῇ

1984 5520 2303 5596 ῑυιηιέειοε
2333 5513 2516 5569 corde.
2555 5510 2714 5580 Quod
2758 5512 2904 5569 enim
2958 5512 3231 5567 obscenas
3263 5507 3572 5576 voluptates

1817 5648 2052 5708 NOTAE.

355 5736 479 5803 (47)
519 5736 916 5820 ιςλίνην-λέγει,
954 5742 1007 5797 ἰιι
1040 5742 1100 5798 C.
1150 5742 1208 5797 Β.
1256 5742 1463 5814 Cyt'illo
1516 5743 1873 5812 tribuuntur;

278 5817 495 5864 sancto
531 5809 817 5864 brt'stirto.

1976 5765 2031 5809 Ie
2074 5759 2253 5808 autem
2298 5757 2603 5821 sequuntur
2655 5750 2721 5806 ab
2780 5747 3042 5819 ἑξήκοντα
3103 5745 3167 5801 ad
3246 5745 3305 5800 τὸ
3357 5742 3568 5808 σκότος.

315 5827 345 5864 ὁὶ
356 5827 495 5863 ιιειυ
531 5827 572 5863 υ
583 5827 817 5880 regurto.
