3950 6370
235 293 369 355 2313

1408 241 1941 352 COIIIMEIIITARI-I
1970 290 2054 350 IN
2085 289 2371 350 ISAIAM.

3354 283 3495 350 2314

299 395 630 466 Δυστρόπως
651 395 706 448 δὲ
743 396 1116 466 συλλογίζεται
1145 397 1221 469 μὴ
1249 399 1385 453 Θεοῦ
1407 401 1578 472 χωρὶς
1599 400 1808 453 ἐπιέναι

1984 398 2122 455 Male
2149 407 2330 454 autem
2351 412 2460 454 non
2473 396 2593 454 sine
2613 395 2707 452 Dei
2732 396 2962 452 numine
2983 394 3264 451 civitatem
3287 393 3494 450 adoriri

231 493 291 560 τῇ
318 490 470 542 πόλει
502 489 674 556 λέγων
709 505 723 521 ·
763 490 827 542 Εἰ
859 490 1034 558 μέγας
1079 492 1217 556 ἐστὶ,
1251 493 1347 545 καὶ
1394 493 1494 563 τῆς
1551 491 1815 554 Ἰουδαίας

229 584 558 654 ὑπερμαχεῆ
599 581 632 652 ἦ
697 581 771 653 μὴ
827 582 1073 646 Θέλοντος
1121 585 1402 655 ἐπέϐημεν
1458 585 1688 656 ταύτης,
1722 586 1813 639 καὶ

231 675 347 738 πῶς
400 676 548 728 ἐστιν
590 675 853 744 ἰσχυρός;
905 676 938 748 ἢ
993 675 1322 746 βουλομένου
1373 677 1818 748 παρεγενόμεθα,

230 764 321 819 καὶ
347 763 536 834 ῶσπερ
567 762 677 814 τῶν
700 762 897 828 ἄλλων,
931 765 1027 816 καὶ
1056 764 1261 834 ταύτης
1290 767 1662 836 κρατήσομεν.
1690 766 1731 817 Τ
1735 782 1816 818 οι-

229 855 430 926 γαροῦν
469 855 567 908 καὶ
620 853 712 907 τὸν
756 854 970 926 Ἰσραὴλ
1026 856 1290 924 ἀδελφοὺς
1332 857 1492 921 ὄντας
1516 857 1818 927 ὑμετέρους

229 943 642 1016 ἐχειρωσάμεθα
669 983 684 1008 ,
739 944 877 1013 πρὸς
905 944 982 1014 τῷ
1019 945 1094 1016 μὴ
1151 944 1332 1014 λέγειν
1378 948 1546 1016 ὑμᾶς,
1579 948 1655 1012 ῶς
1687 950 1818 1013 τοὺς

229 1036 420 1098 ἄλλους
449 1035 479 1087 ὁ
507 1035 640 1100 Θεὸς
674 1037 749 1106 μὴ
778 1036 938 1097 ὂντας
970 1037 1133 1090 αὐτοῦ
1159 1038 1817 1108 παραδέδωκεν.Ἀγνοῶν

229 1127 416 1190 ὡςκαὶ
450 1125 669 1197 Ἰσραὴλ
697 1127 1168 1198 είδωλολατρήσας
1197 1128 1334 1181 Θεοῦ
1360 1129 1632 1200 προῆλθεν
1657 1130 1817 1185 ἀλλό-

231 1233 398 1288 τριος.
427 1217 598 1286 Δῆλον
616 1217 693 1284 δὲ,
724 1219 908 1286 φασὶν,
939 1218 988 1270 εἰ
1021 1217 1084 1283 ἐξ
1105 1220 1331 1274 εἰκότων
1356 1213 1514 1289 ἔλεγε
1542 1220 1816 1288 ταῦτα,ὲκ

232 1309 319 1362 τοῦ
341 1310 566 1379 νικῆσαι
595 1310 688 1363 τὸν
721 1309 940 1382 Ἰσραὴλ
969 1310 1097 1363 λαὸν
1117 1310 1244 1366 ὄντα
1265 1312 1430 1382 δῆθεν
1464 1312 1623 1377 Θεοῦ,
1659 1313 1693 1384 ἢ
1723 1315 1818 1368 καὶ

232 1405 424 1478 ᾔσθετο
478 1405 615 1459 Θεοῦ
677 1408 792 1470 τοῖς
850 1406 1019 1461 αὑτοῦ
1087 1407 1370 1479 λογισμοῖς
1422 1409 1820 1476 ὑποϐάλλοντος

233 1499 479 1555 ἐπελθεῖν
513 1500 788 1564 Ἰουδαίοις
813 1501 900 1555 διὰ
918 1502 1018 1566 τὰς
1047 1503 1275 1557 ἐκείνων
1298 1507 1666 1576 παρανομίας.
1686 1501 1821 1560 Εῐτα

234 1596 492 1667 παραινεί
549 1593 629 1664 τῷ
685 1594 800 1663 λαῷ
830 1594 1168 1665 παραδοῦναι
1221 1595 1319 1666 τὴν
1373 1597 1550 1664 πόλιν,
1606 1598 1701 1652 καὶ
1720 1598 1820 1670 τὴν

232 1687 515 1756 διαϐόητον
545 1687 643 1740 καὶ
672 1687 803 1758 παρ’
832 1687 1017 1751 αὐτοῖς
1056 1687 1302 1751 Ἐζεκίου
1336 1688 1593 1761 καθαιρεῖ
1637 1691 1822 1744 θεοσέ-

234 1778 403 1832 ϐειαν.
447 1777 561 1832 Καὶ
592 1779 706 1832 ἄνω
734 1778 790 1830 δὲ
819 1778 1181 1850 συνέκρουσεν
1207 1781 1395 1846 αὑτὸν,
1423 1781 1500 1844 ὡς
1529 1784 1819 1838 καθελόν-

232 1886 304 1924 τα
332 1869 408 1923 τὰ
435 1869 675 1938 ὑψηλὰ,
709 1866 790 1934 οἷς
815 1869 958 1938 ἔγνω
1000 1872 1142 1925 κατὰ
1184 1871 1282 1943 τὴν
1317 1872 1494 1944 Ἀχαζ
1543 1874 1822 1944 βασιλείαν

232 1963 492 2034 χαίροντα
531 1963 624 2016 τὸν
655 1963 784 2016 λαὸν
809 1961 946 2016 Θεοῦ
981 1964 1221 2033 νομίζων
1251 1965 1411 2020 αὐτά.
1456 1961 1602 2021 Εἶτα
1632 1967 1824 2022 συλλο-

232 2056 470 2124 γίζεται,
507 2055 584 2120 ὡς
611 2058 659 2109 εὶ
691 2057 818 2118 τοὺς
861 2055 1059 2120 ἄλλους
1091 2057 1192 2111 οὐκ
1219 2057 1435 2112 ἔσωσαν
1459 2061 1510 2113 οἱ
1539 2061 1673 2125 θεοὶ,
1703 2062 1824 2115 οὐδὲ

231 2149 337 2202 τόν
388 2148 618 2202 Ἰούδαν
652 2149 688 2203 ὁ
718 2149 956 2216 Κύριος,
988 2149 1142 2204 οὐδὲν
1162 2151 1272 2206 τῶν
1301 2151 1477 2206 ἄλλων
1519 2153 1682 2207 αὐτὸν
1711 2154 1827 2208 διαι

231 2239 422 2310 φέρειν
445 2240 714 2310 οἰόμενος.
749 2242 896 2313 Πρὸς
915 2241 979 2325 _&
1016 2242 1253 2313 ρηθέντα
1291 2243 1435 2298 κατὰ
1491 2246 1828 2316 πρόσταγμα

233 2330 433 2398 σιγῶσι
464 2330 769 2401 βασιλικόν.
825 2332 1082 2397 Εὐσεϐῶς
1127 2334 1239 2406 γὰρ
1278 2337 1392 2390 οὐκ
1436 2337 1826 2406 ἀποκρίνεται

235 2421 591 2492 βλασφήμης,
627 2423 750 2477 ἀντὶ
781 2423 859 2487 ὡς
891 2423 965 2494 μὴ
994 2425 1021 2464 κ
1055 2421 1194 2496 πρὸς
1239 2422 1398 2480 τοῦτο
1431 2426 1696 2498 μειζόνως
1730 2431 1827 2484 αὐ-

231 2512 324 2565 τὸν
362 2512 687 2580 ὲρεθίσειεν.
748 2514 907 2567 Κατὰ
962 2514 1046 2580 τὸ,
1090 2533 1110 2567 ι
1163 2515 1256 2587 Μὴ
1307 2515 1496 2571 ἔκκαιε
1545 2519 1827 2592 ἄνθρακας

233 2603 588 2675 ἁμαρτο>λοῦ.
632 2624 650 2658 ι
693 2606 799 2659 Καὶ
829 2607 1088 2678 ἀνόνητον
1117 2607 1175 2661 δὲ
1209 2611 1322 2671 τοῖς
1353 2609 1548 2665 ἀνίατα
1586 2613 1686 2684 τὴν
1723 2613 1828 2684 ψυ-

235 2697 340 2768 χὴν
370 2696 592 2750 νοσοῦσι
623 2699 1134 2768 προσδιαλέγεσθαι,
1173 2701 1310 2772 πρὸς
1359 2702 1455 2767 οὓς
1484 2704 1567 2758 δεῖ
1615 2707 1828 2777 πεφρά-

236 2788 366 2859 χθαι
395 2791 465 2860 τῇ
501 2792 702 2860 σιωπῇ,
731 2790 1079 2857 κρύπτοντας
1109 2792 1209 2862 μὲν
1237 2793 1365 2857 τοὺς
1386 2795 1609 2865 ἀληθεῖς
1634 2796 1829 2866 λόγους

238 2882 296 2932 ὲν
327 2881 567 2943 ἑαυτοῖς,
595 2880 994 2951 περιμένοντας
1014 2881 1072 2935 δὲ
1095 2881 1196 2952 τὴν
1217 2883 1282 2935 ὲκ
1300 2882 1435 2936 Θεοῦ
1461 2884 1603 2938 κατὰ
1621 2885 1829 2940 τούτων

237 2969 504 3042 εὔκαιρον
534 2971 770 3042 κίνησιν.
805 2964 880 3026 Οὐ
914 2973 1053 3043 πρὸς
1082 2975 1232 3045 ήμᾶς
1261 2975 1371 3048 γὰρ
1405 2976 1506 3042 ἔτι,
1535 2978 1675 3049 πρὸς
1697 2979 1829 3034 Θεδν

1919 504 1979 544 se
2038 491 2251 561 colligit
2301 491 2356 545 in
2417 490 2566 544 hunc
2621 489 2882 544 modum:
2918 486 2974 543 Si
3023 501 3258 558 magnus
3293 492 3399 551 est,
3443 495 3498 540 et

1918 579 2161 636 Iudaeam
2193 590 2374 637 tuetur
2405 622 2420 647 ,
2477 589 2576 636 aut
2635 596 2702 638 eo
2737 584 2958 638 nolente
3009 581 3258 636 eamdem
3291 594 3499 654 sunnts

1921 670 2123 734 adorti,
2187 679 2242 724 et
2298 669 2445 724 nulla
2507 677 2594 725 est
2648 668 2771 740 ejus
2816 671 3099 740 potentia:
3159 677 3256 723 aut
3305 667 3498 723 eodem

1917 760 2138 814 volente
2169 760 2544 824 accessimus,
2580 769 2636 815 et
2659 760 2848 816 eadem
2880 775 3101 830 quoque
3124 801 3140 826 ,
3178 760 3322 815 sicut
3351 759 3497 824 aliis,

1921 851 2219 920 potiemur.
2240 850 2516 922 Itaqueet
2550 851 2806 907 lsraelem
2833 851 3059 908 fratrem
3085 859 3328 908 vestrum
3353 852 3502 908 bello

1922 951 2242 1012 superatum
2278 942 2555 1013 captivum
2580 943 2884 1009 habemus;
2910 958 2980 1012 ne
3033 943 3172 999 alios
3229 943 3362 1013 jam,
3405 943 3502 1013 qui

1922 1035 2011 1092 sui
2067 1049 2178 1088 non
2225 1043 2429 1097 essent,
2490 1033 2658 1088 Deum
2707 1032 3006 1088 tradidisse
3067 1032 3330 1088 aﬂeratis.
3392 1031 3503 1088 Sed

1923 1127 2186 1184 lsraelem
2207 1126 2323 1197 jam
2346 1141 2377 1181 a
2407 1125 2544 1190 Deo,
2569 1133 2794 1197 propter
2822 1125 3222 1194 idololatriam,
3258 1126 3502 1181 alienum

1923 1221 2101 1277 fuisse
2130 1220 2446 1290 ignorabat.
2485 1218 2647 1274 Patet
2683 1233 2840 1284 vero,
2871 1218 3052 1282 aiunt,
3104 1219 3150 1273 si
3199 1219 3268 1273 ab
3297 1234 3364 1274 eo
3395 1218 3504 1273 ista

1924 1318 2300 1368 consentanee
2325 1309 2611 1373 dicuntur,
2649 1323 2715 1364 ex
2738 1323 2851 1379 quo
2872 1307 3126 1364 lsraelem
3162 1309 3380 1378 ipsum,
3406 1307 3505 1364 Dei

1924 1406 2189 1477 populum
2247 1403 2500 1467 scilicet,
2565 1400 2914 1472 subjugavit,
2969 1399 3058 1455 vel
3126 1399 3231 1454 hoc
3298 1401 3507 1456 sentire

1923 1497 2113 1562 etiam,
2139 1494 2312 1550 Deum
2349 1493 2457 1550 sibi
2483 1501 2542 1547 ut
2568 1491 2788 1549 Juda‘os
2819 1499 3048 1561 propter
3079 1505 3270 1545 eorum
3301 1491 3508 1546 scelera

1925 1587 2229 1652 adoriatur,
2263 1586 2319 1640 in
2345 1585 2592 1640 animum
2645 1583 2931 1639 inducere.
2986 1581 3196 1637 Deinde
3244 1590 3305 1636 ut
3353 1583 3511 1637 urbis

1925 1677 2262 1733 deditionem
2287 1674 2473 1740 faciat,
2498 1674 2759 1744 populum
2775 1673 3105 1728 adhortatur
3126 1691 3142 1741 ;
3160 1680 3215 1728 et
3236 1673 3511 1729 celebrem

1930 1769 2074 1839 apud
2103 1781 2200 1822 eos
2227 1765 2476 1821 Ezechiae
2507 1766 2765 1836 pietatem
2798 1765 2984 1820 studet
3014 1775 3339 1821 extenuare.
3365 1765 3512 1832 Quin

1928 1865 1982 1910 et
2011 1855 2268 1910 eumdem
2299 1854 2576 1924 superius,
2610 1861 2874 1924 tanquam
2940 1856 3151 1909 excelsa
3188 1857 3514 1924 sustulisset,

1929 1947 2232 2015 vellicavit,
2275 1947 2480 2018 quibus
2508 1946 2732 2003 Achazo
2757 1956 3026 2018 regnante
3057 1950 3321 2019 populum
3374 1966 3514 2021 gau-

1930 2039 2064 2095 dere
2088 2047 2338 2104 noverat,
2365 2038 2461 2094 Dei
2489 2053 2616 2094 esse
2670 2038 2768 2092 illa
2822 2038 3146 2094 arbitratus.
3187 2040 3267 2094 Ita
3317 2040 3519 2097 deinde

1930 2132 2330 2188 ratiocinatur:
2362 2130 2419 2186 Si
2448 2131 2586 2187 alios
2611 2131 2698 2187 sui
2734 2147 2844 2186 non
2887 2140 3182 2188 servarunt
3202 2133 3313 2199 dii,
3337 2149 3520 2206 neque

1931 2226 2195 2281 Dominus
2224 2223 2481 2290 Iudicas,
2541 2239 2708 2295 quem
2781 2224 2999 2280 caeteris
3062 2213 3329 2294 praestare
3403 2236 3516 2282 non

1932 2318 2114 2374 video.
2145 2319 2216 2372 At
2239 2316 2374 2372 nihil
2398 2317 2466 2372 ad
2512 2317 2888 2388 blasphemias
2928 2318 3068 2373 istas
3126 2318 3249 2389 pius
3302 2334 3395 2374 rex
3435 2335 3520 2374 re-

1933 2409 2183 2482 sponderi
2200 2424 2400 2483 passus
2419 2417 2528 2474 est,
2544 2425 2613 2465 ne
2633 2409 2701 2464 ad
2716 2410 2953 2481 majores
2972 2419 3335 2480 provocaret;
3359 2411 3518 2481 juxta

1933 2503 2104 2560 illud:
2170 2521 2190 2555 ι
2225 2502 2307 2559 Ne
2360 2503 2670 2559 succendas
2723 2503 2998 2560 carbones
3051 2504 3454 2574 peccatoris”.
3492 2524 3511 2558 ι

1932 2595 2134 2651 Inutile
2161 2594 2333 2651 fuerit
2366 2604 2637 2665 praeterea
2671 2609 2797 2650 cum
2833 2594 2972 2660 illis,
3019 2594 3223 2665 quibus
3278 2603 3365 2651 est
3395 2598 3518 2651 ani-

1934 2703 2038 2743 mae
2064 2687 2216 2742 salus
2244 2686 2559 2757 deplorata,
2585 2685 2766 2740 verbis
2785 2683 3100 2752 decertare;
3129 2701 3274 2757 quos
3295 2685 3521 2767 silentio

1934 2786 2163 2850 praestat
2189 2777 2507 2843 retundere,
2531 2777 2921 2848 sermonisque
2946 2778 3236 2833 veritatem
3272 2777 3328 2832 in
3357 2777 3520 2834 nobis

1937 2874 2130 2950 tandiu
2155 2887 2425 2945 premere,
2445 2872 2623 2928 donec
2647 2873 2848 2928 idoneo
2873 2881 3118 2943 tempore
3145 2887 3178 2927 a
3205 2873 3319 2928 Deo
3340 2875 3397 2929 in
3423 2891 3521 2930 eos

1937 2966 2268 3035 excitemur.
2293 2964 2486 3036 Neque
2506 2966 2654 3020 enim
2685 2974 2801 3020 tum
2825 2964 3242 3021 adversum'nos
3261 2967 3520 3036 amplius,

234 3064 293 3118 δὲ
319 3064 417 3117 τὸν
436 3064 675 3134 πόλεμον
695 3063 910 3134 ἔχουσιν
941 3065 970 3118 ὃ
991 3067 1246 3136 ποιητέον
1279 3068 1339 3122 ἐν
1368 3069 1548 3140 καιρῷ
1574 3070 1828 3143 διωγμῶν

1942 3055 2038 3111 sed
2073 3055 2575 3126 adversumipsum
2613 3053 2783 3110 Deum
2815 3055 3018 3111 bellum
3075 3056 3312 3126 geritur.
3360 3058 3519 3124 Quod

235 3155 298 3208 ὲν
335 3157 465 3218 ταῖς
505 3155 850 3226 βλασφήμοις
897 3155 1008 3211 τῶν
1061 3156 1277 3211 ἀσεϐῶν
1308 3158 1579 3226 διαλέξεσι
1622 3161 1835 3230 λέγοντι

238 3249 606 3319 πειθομένους
637 3250 802 3302 Δαϐίδ
823 3266 837 3281 ο
881 3269 900 3303 ι
955 3250 1306 3322 Ἐθὲμηντῷ
1336 3253 1568 3322 στόματί
1604 3272 1705 3326 μου
1737 3274 1840 3326 φυ-

235 3342 440 3413 λακήν.
503 3344 593 3397 Ἐν
635 3343 714 3414 τῷ
764 3344 1028 3415 συστῆναι
1087 3345 1179 3399 τὸν
1238 3346 1566 3418 ἁμαρτωλὸν
1595 3349 1839 3405 ἐναντίον

242 3455 350 3509 μου
377 3478 392 3502 ,
419 3439 726 3512 ὲκωφώθην
764 3440 860 3494 καὶ
902 3439 1282 3511 ὲταπεινώθην
1303 3481 1319 3508 ,
1372 3441 1468 3494 καὶ
1515 3442 1749 3515 ὲσίγησα
1777 3443 1839 3509 ἐξ

235 3530 488 3600 ἀγαθῶν.
525 3549 545 3582 ι

847 3712 1099 3767 ΚΕΦΔΛ.
1141 3713 1267 3768 AZ'.

313 3803 446 3870 α-ζ’.
484 3803 594 3860 Καὶ
620 3804 861 3874 ἐγένετο
899 3807 972 3861 ἐν
1003 3803 1084 3870 τῷ
1116 3805 1378 3860 ἀκοῦσαι
1427 3807 1536 3862 τὸν
1566 3809 1838 3872 βασιλέα

251 3899 544 3964 Ἐζεκίαν,
573 3898 790 3968 ἔσχισε
842 3897 916 3952 τὰ
967 3897 1168 3968 ἱμάτια
1191 3898 1398 3965 αὐτοῦ,
1426 3900 1527 3953 καὶ
1562 3901 1836 3968 περιεϐά-

237 3995 386 4046 λετο
435 3990 692 4055 σάκκον,
741 3990 844 4044 καὶ
897 3989 1080 4058 ἀνέϐη
1107 3991 1196 4056 εἰς
1231 3989 1340 4042 τὸν
1367 3986 1538 4044 οἷκον
1590 3991 1834 4060 Κυρίου,

240 4100 298 4138 κ.
327 4101 384 4136 τ.
413 4081 464 4135 λ.

316 4173 485 4236 Ἐθος
510 4169 580 4246 ἦν
626 4171 901 4244 Ἑϐραίοις
933 4171 1028 4225 ἐπὶ
1053 4174 1176 4236 ταῖς
1219 4172 1364 4227 κατὰ
1413 4173 1549 4228 Θεοῦ
1591 4173 1837 4247 βλασφη-

247 4267 402 4336 μίαις
434 4265 906 4338 περιρῥήγνυσθαι
931 4267 1059 4329 τοὺς
1101 4265 1376 4336 χιτῶναςο
1424 4269 1715 4338 τοιγαροῦν
1760 4271 1839 4322 ει-

244 4359 445 4420 πόντος
481 4355 577 4408 τοῦ
602 4354 876 4426 Σωτῆρος,
914 4374 933 4406 ι
973 4354 1208 4426 Ἀπάρτι
1240 4354 1441 4424 ὄψεσθε
1463 4356 1558 4410 τὸν
1589 4356 1719 4412 Υίὸν
1740 4357 1835 4412 τοῦ

1939 3147 2062 3219 ipso
2116 3149 2360 3202 maxime
2437 3147 2893 3217 persecutionum
2951 3155 3200 3219 tempore
3254 3160 3523 3221 prastare

1939 3247 2182 3310 oportet,
2205 3239 2369 3310 41⁵1
2397 3239 2653 3311 interque
2688 3239 3048 3311 blasphemas
3097 3241 3395 3312 impiorum
3427 3257 3523 3297 vo-

1940 3347 2054 3400 ces,
2084 3331 2344 3388 Davidem
2369 3332 2564 3389 audire
2595 3333 2919 3404 psallentem
2947 3334 3036 3390 his
3059 3335 3274 3390 verbis:
3305 3355 3323 3387 ι
3353 3334 3522 3390 Posui

1939 3425 2024 3480 ori
2055 3440 2181 3482 meo
2216 3427 2566 3493 custodiam;
2599 3442 2727 3482 cum
2776 3429 3108 3484 consisteret
3141 3429 3408 3485 adversus
3435 3445 3523 3483 me

1937 3523 2216 3586 peccator,
2242 3516 2515 3584 obmutui,
2547 3524 2603 3572 et
2649 3516 2972 3575 humiliatus
3023 3533 3170 3582 sum,
3216 3527 3271 3574 et
3330 3519 3459 3574 silui
3493 3535 3525 3572 ιι

1937 3607 2101 3663 bonis
2124 3609 2190 3662 “.
2231 3627 2250 3662 ι

2496 3699 2652 3755 CAP.
2693 3699 2959 3756 XXXVII.

2009 3789 2178 3844 Vens.
2204 3789 2328 3845 1-7.
2367 3788 2437 3842 Et
2473 3789 2679 3858 factum
2723 3801 2799 3845 est
2841 3806 2961 3844 cum
2991 3790 3201 3844 audiret
3244 3805 3336 3845 rex
3389 3790 3527 3845 Eze-

1938 3881 2109 3947 chias,
2138 3881 2305 3948 scidit
2331 3881 2646 3936 vestimenta
2669 3898 2794 3946 sua,
2840 3891 2892 3936 et
2951 3897 3162 3936 saccum
3216 3881 3426 3947 induit,
3477 3893 3526 3937 et

1941 3971 2184 4026 ascendit
2205 3972 2261 4026 in
2287 3971 2504 4026 domum
2535 3971 2774 4040 Domini,
2807 3983 2917 4029 etc.

2013 4173 2182 4247 418
2214 4174 2331 4232 llos
2365 4182 2483 4231 erat
2515 4174 2783 4244 Hebraeis,
2812 4177 2857 4233 si
2888 4192 3029 4248 quas
3068 4179 3123 4232 in
3159 4179 3326 4235 Deum
3384 4181 3529 4239 blas-

1941 4267 2194 4338 phemias
2233 4268 2539 4336 audissent,
2571 4277 2756 4326 vestes
2785 4286 2917 4327 suas
2970 4273 3236 4328 lacerare.
3285 4274 3530 4345 Indeque

1942 4359 2380 4430 est,quod,cum
2405 4359 2915 4432 dixissetISalvator
2941 4381 2954 4417 :
2989 4383 3008 4414 ι
3039 4365 3253 4421 Amodo
3271 4366 3530 4421 videbitis

244 4448 539 4520 ἀνθρώπου
574 4447 876 4517 καθήμενον
915 4445 980 4500 ἐκ
1011 4445 1198 4510 δεξιῶν
1255 4449 1356 4517 τῆς
1402 4447 1709 4519 δυνάμεως,
1742 4451 1828 4504 καὶ

1942 4450 2147 4506 Filium
2193 4453 2437 4510 hominis
2459 4456 2740 4512 sedentem
2777 4471 2806 4510 a
2837 4457 3047 4513 dextris
3079 4459 3325 4526 virtutis,
3356 4469 3411 4515 et
3437 4478 3532 4518 ve-

243 4538 547 4608 ὲρχόμενον
573 4535 669 4589 ἐπὶ
697 4535 808 4589 τῶν
840 4535 1079 4602 νεφελῶν
1107 4537 1204 4588 τοῦ
1233 4537 1465 4606 οὐρανοῦ
1487 4577 1504 4604 ,
1541 4556 1560 4589 ι
1597 4545 1627 4592 ο
1654 4541 1840 4610 ἀρχιε-

243 4629 378 4701 ρεὺς
400 4627 658 4700 διέρρηξε
683 4627 750 4680 τὰ
781 4627 972 4696 ἱμάτια
1001 4625 1171 4680 αὐτοῦ
1215 4625 1412 4694 λέγων,
1457 4646 1479 4679 ‹
1524 4629 1836 4701 Ἐϐλασφή-

245 4737 446 4791 μησεν.
479 4739 498 4771 ι
527 4719 639 4774 Καὶ
667 4719 734 4771 δι’
760 4718 877 4781 ἑνὸς
895 4717 952 4771 δὲ
978 4717 1129 4785 λέγει
1155 4716 1264 4770 τῶν
1289 4721 1609 4791 προφητῶν,
1628 4740 1648 4772 ι
1673 4723 1841 4794 Διαῤ-

247 4810 456 4881 ῥήξατε
487 4808 587 4872 τὰς
621 4807 847 4878 καρδίας
869 4807 1047 4876 ὑμῶν,
1078 4807 1174 4861 καὶ
1207 4807 1282 4878 μὴ
1317 4807 1386 4862 τὰ
1422 4809 1634 4878 ἱμάτια.
1669 4829 1688 4862 ι
1729 4812 1843 4878 Τὰς

247 4902 465 4956 ἑαυτῶν
507 4901 617 4970 γὰρ
647 4900 817 4970 ᾤοντο
880 4899 1208 4970 θεραπεύειν
1241 4903 1610 4972 παρανομίας,
1661 4907 1713 4958 εἰ
1747 4907 1842 4960 ἐπὶ

244 4997 370 5057 ταῖς
403 4993 546 5048 κατὰ
576 4993 713 5047 Θεοῦ
753 4992 1129 5063 βλασφημίαις
1157 4995 1692 5063 περιρῤηγνύοιντο
1717 4998 1837 5067 τὴν

245 5085 498 5154 ἐσθῆτα.
533 5085 706 5139 Τοῦτο
739 5084 798 5138 δὲ
820 5085 917 5138 καὶ
947 5085 1044 5140 νῦν
1081 5085 1272 5156 ἔδρων,
1301 5086 1380 5150 ὡς
1418 5087 1693 5142 δυσσεϐῶν
1746 5108 1840 5144 κε-

247 5178 645 5249 κοινωνηκότες
657 5177 944 5247 ῥημάτων
966 5177 1054 5230 διὰ
1081 5181 1182 5249 τῆς
1201 5179 1392 5248 ἀκοῆς,
1418 5179 1450 5250 ἢ
1475 5180 1550 5245 ὡς
1576 5182 1645 5234 δι’
1671 5184 1836 5239 αὑτοῦ

252 5266 747 5338 βλασφημουμένου
784 5267 942 5321 Θεοῦ.
975 5269 1051 5321 Οὐ
1097 5267 1204 5339 γὰρ
1244 5269 1489 5323 ἀνελθεῖν
1540 5273 1555 5310 ι
1597 5290 1836 5345 συνεχω-

252 5357 396 5432 ρήθη
441 5359 604 5431 μέχρι
633 5359 842 5428 πυλῶν,
883 5360 971 5414 ἵνα
1006 5361 1102 5414 καὶ
1130 5359 1354 5416 τοιαῦτα
1385 5360 1837 5436 βλασφημοῦντος

1942 4543 2187 4601 nientem
2216 4545 2271 4600 in
2307 4547 2553 4603 nubibus
2575 4549 2742 4614 coeli;
2785 4569 2803 4602 ι
2862 4551 3210 4606 sacerdotum
3267 4552 3529 4624 princeps

1941 4637 2154 4708 dirupit
2175 4639 2506 4695 vestimenta
2538 4657 2662 4706 sua,
2688 4643 2902 4711 dicens,
2929 4661 2949 4695 ι
2976 4644 3470 4716 Blasphemavit".
3502 4665 3522 4698 ι

1942 4733 2153 4789 Deinde
2180 4735 2262 4789 sic
2315 4735 2462 4805 apud
2519 4737 2845 4808 prophetam
2904 4739 3196 4808 quemdam
3254 4739 3528 4808 legimus:

1948 4823 2312 4880 i-Discindite
2337 4825 2508 4881 corda
2539 4835 2723 4884 vestra
2755 4871 2770 4895 ,
2816 4839 2872 4884 et
2905 4845 3018 4884 non
3061 4830 3390 4884 vestimenta
3430 4845 3530 4886 ve-

1941 4920 2056 4968 stra
2089 4913 2176 4981 1“.
2222 4933 2240 4965 ι
2298 4915 2377 4969 Ita
2438 4917 2588 4970 enim
2645 4918 2762 4972 suis
2825 4933 2884 4971 se
2922 4917 3147 4988 purgari
3199 4919 3530 4974 criminibus
3603 4983 3608 4992 ,

1939 5004 2372 5073 arbitrabantur,
2400 5007 2470 5075 si,
2501 5009 2688 5064 audita
2724 5010 2778 5065 in
2808 5010 2979 5065 Deum
3004 5011 3375 5082 blasphemia,
3398 5025 3532 5066 suas

1947 5105 2112 5150 vestes
2148 5096 2515 5153 lacerassent:
2572 5099 2719 5169 quod
2752 5107 2808 5155 et
2857 5101 2948 5156 hic
3005 5102 3168 5156 etiam
3226 5102 3529 5166 faciebant,

1947 5194 2208 5255 tanquam
2270 5189 2569 5258 impiorum
2643 5190 2918 5246 verborum
2984 5192 3337 5248 exauditione
3400 5192 3529 5248 facti

1945 5279 2271 5349 participes,
2304 5282 2389 5335 vel
2424 5291 2653 5351 propter
2703 5282 2905 5338 factam
2942 5284 3054 5340 Deo
3110 5285 3528 5342 contumeliam.

1945 5368 2128 5438 Neque
2173 5371 2324 5427 enim
2375 5369 2638 5441 Rapsaca:
2694 5374 2762 5427 ad
2814 5385 3006 5445 portas
3047 5370 3224 5446 usque
3264 5373 3526 5447 progredi

326 5513 371 5546 ⁸⁸
391 5511 564 5570 Eccli.
607 5529 728 5581 vur,
759 5513 846 5569 I5.
924 5513 968 5544 “
997 5511 1147 5568 Psal.
1181 5530 1415 5584 xxxvm,
1443 5516 1500 5583 2,
1537 5518 1592 5573 5.
1672 5521 1717 5551 ¹¹
1753 5519 1828 5575 Ma

1937 5565 1951 5578 .
1988 5538 2141 5593 xxvr,
2169 5527 2262 5595 64,
2297 5529 2387 5586 65.
2467 5531 2510 5563 ’³
2549 5529 2667 5588 Joel
2707 5546 2772 5599 ιι,
2799 5531 2889 5588 I3.

1455 5635 1468 5642 ’
1579 5631 1821 5690 VARIIE
1868 5635 2276 5698 LECTIONES.

321 5722 351 5764 ι
384 5740 478 5796 γρ,
513 5719 590 5784 ὡς
621 5720 712 5776 ἄν.
795 5714 815 5756 1
847 5735 943 5786 γρ.
971 5717 1037 5772 ἂν
1067 5717 1265 5776 ἐλθεῖν.

571 5814 844 5880 ΡΑΤιιοι..
891 5814 1011 5875 Gn.
1045 5815 1417 5880 LXXXVII.

3051 5834 3127 5896 73
