3950 6378
453 281 575 345 323]
589 283 621 342 5

1814 277 2170 341 PROCOPH
2205 278 2452 340 GAZ/EI

3602 286 3727 354 2310

482 398 816 468 permissum
854 404 1016 459 esset,
1042 404 1100 450 ut
1131 395 1610 468 blasphemantem
1636 394 1918 462 audirent,
1946 394 2052 450 nisi

2178 393 2491 459 ἱκούσωσιν,
2521 394 2570 446 εί
2623 392 2699 464 μὴ
2730 390 2920 446 τούτου
2961 391 3249 460 γεγόνασιν
3309 394 3497 449 αἴτιοι.
3531 396 3648 452 Ἔτι
3669 402 3721 454 δέ

450 490 606 559 -ejus
642 489 720 544 rei
756 497 1010 543 auctores
1056 487 1162 558 ipsi
1190 488 1557 543 exstitissent.
1606 486 1807 557 Magno
1859 484 2060 542 deinde

485 582 541 635 in
566 587 714 636 metu
738 579 1127 643 versabantur,
1154 594 1224 634 ne
1252 587 1307 634 et
1331 579 1438 650 ipsi
1465 576 1680 646 eadem,
1707 593 1831 649 quae
1860 578 2060 632 Sama-

454 670 591 733 ’ria,
628 677 849 740 prOpter
880 662 1211 738 impiet'atem
1282 682 1441 724 suam
1482 674 1833 733 paterentur.
1892 664 2060 721 Sacen

485 775 615 815 vero
681 757 909 812 indutus
959 773 1072 824 rex,
1122 758 1363 829 lugentis
1422 757 1618 813 habitu
1673 772 1769 826 per
1817 755 2057 811 medium

482 849 672 921 templi
698 858 902 904 coetum
931 849 1256 915 incedebat;
1294 850 1368 903 ita
1396 865 1456 906 se
1488 850 1750 918 depresso
1783 856 1837 904 et
1863 847 2061 903 aﬂlicto

484 942 670 997 animo
692 956 835 1005 esse,
879 939 1086 1010 Deique
1124 940 1571 996 misericordiam
1620 940 1909 1010 postulare
1983 948 2064 993 te-

485 1040 686 1086 status.
721 1030 839 1085 Non
879 1029 1228 1086 dissimiliter
1260 1030 1424 1084 etiam
1477 1044 1577 1100 pro
1609 1028 1791 1085 sacris
1810 1027 2063 1083 vestibus

486 1123 715 1177 indutos
742 1120 1087 1185 sacerdotes,
1110 1136 1250 1190 quos
1280 1121 1346 1175 ad
1373 1122 1697 1190 prophetam
1751 1120 1944 1184 mittit,
1977 1118 2063 1174 his

486 1212 565 1269 uti
596 1211 874 1278 mandatis
909 1211 1193 1282 praecipit:
1225 1210 1355 1265 ﬂare
1382 1212 1512 1265 dicit
1551 1209 1826 1276 Ezechias,
1861 1224 2061 1265 nomen

484 1304 622 1375 regis
658 1304 968 1360 subticens.
999 1301 1173 1358 Vocat
1206 1303 1407 1358 deinde
1446 1302 1844 1375 redargutiouis
1890 1310 1940 1357 et
1969 1302 2065 1356 ira:

484 1397 647 1459 diem,
670 1410 782 1467 quo
803 1396 972 1450 iratus
995 1395 1140 1451 Deus
1161 1404 1384 1466 peccata
1409 1409 1598 1450 eorum
1622 1395 1771 1451 ultus
1792 1402 1893 1451 est.
1924 1395 2067 1449 Eva-

487 1488 826 1555 simusvero,
860 1487 1064 1558 inquit,
1101 1488 1448 1557 parturienti,
1482 1502 1661 1558 neque
1701 1496 1885 1542 tamen
1909 1486 2066 1542 dolo-

489 1596 576 1636 res
612 1579 755 1636 ferre
777 1580 984 1635 valenti
1019 1580 1252 1646 similes,
1303 1581 1399 1651 qui
1428 1580 1618 1637 dicere
1678 1591 2054 1651 nequeamus:

495 1690 514 1723 ι
549 1672 591 1726 Δ
622 1672 823 1727 timore
862 1680 978 1738 tuo,
999 1671 1251 1739 Domine,
1275 1672 1656 1743 conrepimus,
1684 1679 1738 1727 et
1754 1671 2066 1737 doluimus,

488 1772 543 1817 et
600 1763 918 1833 peperimus
995 1762 1253 1833 spiritum
1323 1764 1521 1820 salutis
1565 1763 1651 1819 “.
1727 1781 1747 1815 ι
1820 1762 2058 1834 Itaque,

459 1854 658 1927 .419
701 1854 864 1909 Deum
892 1864 1063 1921 tuum,
1099 1856 1197 1923 ait,
1233 1856 1401 1911 Deum
1462 1864 1715 1912 nostrum
1771 1856 2066 1911 nominare

489 1947 610 2001 ausi
639 1961 749 1999 non
779 1960 992 2001 sumus.
1025 1944 1133 2001 Sed
1174 1945 1242 2000 ad
1284 1945 1547 2016 Rapsaete
1600 1945 1757 2002 verba
1795 1946 2065 2010 attendat,

487 2046 543 2090 et
578 2036 723 2107 quod
757 2036 928 2091 sentit
961 2035 1276 2105 eloquatur,
1317 2037 1412 2108 qui
1435 2036 1503 2093 de
1529 2051 1618 2103 eo,
1659 2052 1690 2091 a
1715 2051 1828 2108 quo
1860 2037 2068 2093 missus

489 2141 597 2197 est,
629 2129 831 2186 docere
858 2129 1200 2199 instituerit,
1224 2133 1307 2188 vel
1338 2131 1518 2189 eidem
1550 2148 1611 2189 se
1643 2132 1900 2189 comitem
1931 2148 2070 2203 pra:-

495 2221 720 2288 lzuerit;
754 2230 806 2276 te
844 2237 999 2285 vero,
1027 2223 1318 2294 propheta,
1375 2224 1468 2295 qui
1531 2232 1786 2281 nostrum
1848 2237 2068 2279 omnem

492 2314 756 2385 populum
798 2313 855 2369 in
895 2314 1138 2369 hostium
1168 2316 1284 2386 jam
1339 2323 1671 2387 potestatem
1705 2316 1924 2372 venisse
1960 2331 2070 2371 non

492 2410 733 2476 ignoras,
764 2421 864 2476 pro
903 2406 1085 2475 nobis,
1117 2408 1211 2477 qui
1238 2408 1430 2479 reliqui
1452 2425 1661 2475 sumus,
1695 2424 1853 2471 orare
1885 2407 2069 2477 depre-

488 2515 698 2554 aamur.
727 2499 795 2553 At
821 2513 951 2554 vero
1006 2498 1253 2555 nondum
1312 2500 1614 2571 quidquam
1670 2501 1911 2563 locutos,
1946 2514 2071 2553 eum

491 2592 861 2666 appulissent,
923 2592 1191 2663 propheta
1245 2594 1557 2664 praevertit;
1608 2601 1870 2665 tanquam
1933 2593 2066 2648 Eze-

474 2684 673 2738 chiam
713 2682 862 2740 Deus
882 2686 1201 2741 exaudisset
1226 2702 1240 2738 :
1263 2704 1281 2736 ι
1312 2684 1505 2743 Adhuc
1528 2686 1673 2742 enim
1706 2694 1759 2742 te
1788 2686 2070 2757 loquente,

491 2778 591 2842 ait,
631 2776 852 2833 dicam:
896 2777 1038 2834 Ecce
1075 2777 1270 2835 adsum
1297 2779 1378 2847 ";
1412 2797 1429 2831 ι
1469 2788 1521 2835 et
1547 2788 1677 2836 ante
1709 2780 1777 2836 de
1813 2778 2072 2849 Rapsace,

492 2870 562 2923 de
602 2883 751 2938 rege,
776 2867 956 2938 deque
984 2867 1074 2937 iis,
1111 2883 1236 2939 quae
1264 2868 1645 2940 respoudenda
1705 2878 1912 2927 essent.
1940 2884 2068 2940 pro-

497 2961 714 3027 phetam
748 2960 1075 3016 monuisset.
1136 2958 1446 3015 ﬂuiuanant
1478 2962 1645 3036 etiam
1700 2963 2077 3033 perturbatiu-

2159 483 2530 554 καὶ.ήγωνίων
2574 482 2651 553 μὴ
2680 482 2790 552 ἄρα
2827 482 3073 535 πάθωσιν
3100 483 3247 555 άπερ
3269 484 3367 537 καὶ
3397 486 3431 555 ή
3463 485 3733 557 Σαμάρεια

2158 574 2249 628 διὰ
2298 575 2397 646 τὴν
2445 574 2705 628 ἀσέϐειαν
2756 574 2857 644 τὴν
2906 573 3107 627 αὐτῶν.
3157 575 3402 629 Στίκκον
3436 576 3492 629 δὲ
3522 578 3735 645 πένθους

2158 666 2298 736 ἔχων
2328 666 2514 736 σχῆμα
2542 665 2630 720 διὰ
2663 666 2837 735 μέσης
2871 667 2903 719 ὀ
2922 665 3227 731 βασιλεὺς
3256 664 3458 735 ἐχώρει
3498 668 3595 737 τῆς
3621 670 3737 738 ἁγο-

2165 759 2264 828 ρᾶς
2297 759 2355 810 ὲν
2387 756 2466 827 τῷ
2494 756 2627 827 ναῷ,
2655 756 2867 820 δεικνὺς
2909 756 3102 809 ἑαυτὸν
3128 757 3391 809 ταπεινὸν
3420 757 3497 826 τῷ
3525 758 3640 828 Θεῷ
3657 764 3743 815 καὶ

2161 852 2571 920 κεκακωμένον,
2606 850 2681 914 ὡς
2717 850 2783 903 ἂν
2807 848 2962 903 ἐλέου
2993 851 3179 919 τυχεῖν
3200 848 3396 914 ἀξιῶν.
3442 848 3672 917 Ὁμοίως
3690 851 3742 904 δὲ

2163 944 2326 998 πάλιν
2348 941 2571 1013 ἔχοντας
2598 943 2721 996 ἀντὶ
2748 939 2950 994 στολῶν
2983 942 3276 1012 ίερατικῶν
3313 940 3456 1011 πρὸς
3498 926 3745 1013 τὸνπρο·

2163 1035 2341 1106 φήτην
2369 1035 2498 1098 τοὺς
2566 1033 2748 1105 ἱερέας
2787 1033 3105 1087 ἀπέστειλεν
3127 1033 3513 1104 παραγγείλας
3559 1034 3742 1099 είπείν,

2170 1125 2316 1192 Τάδε
2347 1126 2510 1194 λέγει
2549 1124 2831 1190 Ἐζεκίας,
2885 1126 2960 1197 μὴ
3016 1125 3277 1194 προσθεὶς
3340 1128 3374 1179 ό
3428 1126 3743 1194 βασιλεύς.

2176 1208 2468 1286 Ἔλεγμοῦ
2501 1216 2557 1269 δὲ
2609 1217 2704 1269 καὶ
2738 1214 2923 1285 ὀργῆς
2966 1216 3083 1283 τὴν
3135 1216 3375 1285 ἡμέραν
3425 1218 3601 1280 καλεῖ,
3632 1216 3747 1292 ὲνῇ

2164 1307 2298 1371 Θεὸς
2325 1308 2703 1379 ὀργιζόμενος
2741 1308 2842 1373 τὰς
2886 1308 3067 1361 αὐτῶν
3119 1309 3406 1380 ἁμαρτίας
3454 1309 3743 1380 διήλεγξεν.

2178 1400 2470 1471 Ἐοίκαμεν
2491 1400 2568 1465 δὲ,
2599 1403 2785 1473 φησὶν,
2811 1401 3112 1468 ἐθελούσῃ
3139 1402 3363 1465 τεκεῖν,
3392 1403 3490 1454 καὶ
3522 1402 3595 1473 μὴ
3625 1416 3748 1474 καρ-

2165 1489 2401 1561 τερούσῃ
2427 1489 2528 1561 τὴν
2559 1489 2815 1561 βάσανον,
2873 1489 2949 1561 μὴ
2997 1489 3289 1560 δυνάμενοι
3343 1489 3562 1558 λέγειν’
3605 1510 3622 1542 ι
3663 1493 3748 1547 Ἐκ

2167 1581 2262 1635 τοῦ
2296 1582 2463 1651 φόϐον
2498 1599 2617 1648 σου,
2656 1583 2851 1654 Κύριε,
2885 1585 2942 1636 ὲν
2978 1583 3178 1653 γαστρὶ
3198 1581 3497 1652 ἐλάϐομεν,
3522 1583 3612 1636 καὶ
3636 1584 3749 1638 ost.

2169 1672 2438 1745 νήσαμεν,
2455 1675 2552 1728 καὶ
2575 1674 2837 1744 ὲτέκομεν
2862 1675 3080 1744 πνεῦμα
3107 1674 3413 1745 σωτηρίας.
3453 1693 3472 1727 ι
3494 1676 3584 1729 Διό
3603 1693 3746 1746 φησι,

2169 1768 2278 1819 τὸν
2312 1766 2465 1820 Θεόν
2502 1781 2642 1827 σου,
2662 1767 2796 1820 θεὸν
2828 1758 3038 1820 ἑαυτῶν
3064 1765 3365 1836 ὀνομάζειν
3392 1768 3494 1820 οἱα
3536 1768 3745 1839 ἐτολμή-

2173 1876 2366 1929 σαμεν.
2395 1859 2457 1911 Τ(
2469 1861 2521 1921 ἴς
2566 1858 2873 1928 Ῥαψάκου
2903 1858 2961 1911 δὲ
2992 1858 3251 1929 προσέχοι
3302 1860 3532 1928 λόγους
3568 1871 3630 1923 ω,
3661 1861 3746 1914 καὶ

2170 1949 2234 2003 τὸ
2266 1949 2459 2004 δοκοῦν
2483 1951 2738 2021 δρασάτω
2769 1960 2795 1988 η
2825 1951 2956 2021 περὶ
2985 1951 3081 2003 τοῦ
3129 1950 3461 2020 πέμψαντος
3511 1951 3744 2018 ἐπεξιὼν,

2173 2042 2207 2113 ἢ
2241 2042 2335 2095 καὶ
2363 2042 2900 2114 παραπεμπόμενος·
2935 2042 3057 2097 οὐδὲ
3097 2050 3124 2078 °
3147 2082 3162 2107 ,
3195 2036 3244 2095 ὧ
3286 2045 3565 2115 προφῆτα,
3598 2043 3743 2111 γινώο

2176 2150 2323 2188 σκων
2353 2134 2429 2197 ὡς
2460 2134 2523 2187 τὸ
2552 2137 2661 2188 πᾶν
2687 2134 2845 2207 ήμῶν
2878 2134 3081 2206 πλῆθος
3128 2136 3229 2207 ήδη
3279 2135 3488 2203 ληφθὲν
3525 2136 3626 2189 ὑπὸ
3648 2137 3746 2189 τῶν

2177 2223 2455 2294 πολεμίων
2476 2225 2792 2297 γεγένηται,
2822 2226 2964 2297 ὑπὲρ
3000 2226 3161 2297 ήμῶν
3186 2225 3313 2280 τῶν
3344 2226 3748 2297 καταλειφθέν-

2175 2333 2295 2370 των
2315 2315 2650 2372 ἱκέτευσον.
2683 2318 2865 2386 Μήπω
2892 2317 2951 2371 δὲ
2980 2318 3148 2388 μηδὲν
3181 2317 3443 2381 εἰπόντας
3490 2319 3519 2370 ὁ
3552 2319 3747 2389 προφή-

2176 2426 2274 2480 της
2295 2407 2549 2472 ἐλθόντας
2571 2408 2940 2481 προέφθασεν,
2959 2409 3033 2472 ὡς
3054 2408 3121 2467 ἂν
3147 2410 3568 2474 είσακοῦσαντος
3612 2410 3746 2474 Ἐζεο

2180 2500 2299 2553 κὶου
2332 2499 2428 2553 τοῦ
2455 2499 2591 2554 Θεοῦ
2638 2500 2781 2555 κατὰ
2821 2502 2905 2568 τὸ,
2961 2520 2979 2554 ι
3011 2502 3133 2555 Ἔτι
3168 2501 3271 2556 σοῦ
3304 2501 3590 2566 λαλοῦντος
3630 2503 3743 2570 ἐρῶ.

2192 2590 2323 2645 Ἰδοὺ
2349 2590 2461 2659 ἐγὼ
2500 2592 2752 2664 πάρειμι,
2783 2611 2802 2644 ι
2854 2593 2950 2647 καὶ
2980 2592 3059 2664 τῷ
3087 2595 3351 2664 προφήτῃ
3392 2592 3747 2665 προαποκαλύ-

2179 2678 2381 2746 ψαντος
2413 2682 2479 2734 τὰ
2519 2682 2669 2751 παρὰ
2706 2682 3035 2751 Ῥαψάκου,
3070 2683 3167 2735 καὶ
3193 2678 3272 2741 τὶ
3306 2683 3462 2752 παρὰ
3492 2682 3583 2735 τοῦ
3616 2682 3747 2752 βασι·
3787 2736 3795 2743 _

2180 2770 2337 2836 λέως,
2370 2772 2466 2826 καὶ
2490 2772 2557 2826 τὰ
2593 2773 2859 2843 μέλλοντα
2885 2772 2964 2843 τῷ
3006 2772 3226 2843 Ἐζεκίᾳ
3262 2773 3746 2846 λεχθήσεσθαι.Καὶ

2180 2861 2241 2915 τὸ
2267 2863 2607 2933 ἀνθρώπινον
2634 2866 2691 2917 ἐν
2716 2865 2857 2937 ἀρχῇ
2895 2864 3069 2928 πάθος
3115 2866 3358 2931 ἀνεῖλεν,
3391 2866 3479 2935 μὴ
3505 2863 3746 2935 φοϐηθῇς

2181 2951 2373 3020 εἰπὼν,
2406 2952 2771 3023 προαγορεύει
2798 2972 2860 3008 τε
2911 2956 2978 3008 τὰ
3026 2954 3298 3025 μέλλοντα
3329 2954 3648 3008 καταλαόεἰν
3668 2954 3744 3007 τὸν

495 3066 620 3108 nem
645 3051 767 3122 ipso
796 3051 983 3106 statim
1014 3051 1292 3122 principio
1321 3053 1558 3120 sedavit,
1582 3068 1707 3109 eum
1733 3065 1874 3107 metu
1903 3053 2073 3107 adem-

2196 3044 2502 3115 Ἀσσύριον.
2547 3045 2634 3110 Ὠς
2667 3046 2770 3115 γὰρ
2796 3046 2853 3100 αί
2893 3046 3089 3099 ἑκατὸν
3131 3046 3475 3118 ὁγδοήκοντα
3501 3048 3651 3099 πέντε
3675 3063 3745 3115 χι-

491 3154 605 3217 ριο,
625 3159 746 3215 qua:
773 3143 1005 3216 Assyrio
1023 3143 1424 3215 impenderent,
1447 3143 1724 3215 pradisit.
1745 3142 1882 3199 Cum
1905 3144 2077 3210 enim,

495 3238 746 3294 virorum
770 3247 995 3291 centum
1022 3235 1301 3308 octoginta
1317 3235 1567 3308 quinque
1583 3237 1823 3293 millibus
1836 3236 2076 3300 amissis.

496 3332 556 3385 in
598 3345 761 3385 suum
802 3344 862 3384 se
896 3311 1125 3400 regnum
1159 3327 1289 3400 fuga
1332 3329 1674 3400 recepisset,
1711 3328 1932 3399 diisque
1962 3330 2078 3383 suis

493 3424 709 3493 adeptae
735 3420 932 3477 salutis
963 3420 1193 3477 nomine
1232 3421 1452 3492 gratias
1498 3429 1705 3492 ageret,
1753 3420 2081 3476 interfectus

497 3522 605 3580 est,
644 3529 837 3571 eorum
878 3514 1024 3569 vires
1058 3512 1307 3570 inﬁrmas
1333 3528 1459 3571 esse
1488 3521 1773 3584 expertus,
1824 3527 2065 3583 quorum

499 3616 662 3673 nutu,
724 3622 834 3661 non
899 3604 1241 3663 concedente
1309 3604 1441 3670 Deo,
1505 3605 1693 3676 priora
1748 3619 1808 3661 se
1840 3605 2082 3677 gessisse

499 3701 916 3757 arbitrabatur:
959 3714 1085 3755 cum
1128 3701 1204 3751 ita
1234 3705 1483 3754 moneret
1518 3697 1816 3769 propheta:
1875 3716 1895 3751 ι
1936 3696 2080 3751 Num

499 3793 994 3856 attolleturnserra,
1025 3788 1072 3845 si
1105 3787 1248 3844 desit
1277 3789 1375 3859 qui
1435 3788 1639 3853 trahat,
1701 3796 1797 3842 aut
1844 3786 2077 3859 gloriam

500 3889 881 3953 eonsequetur
939 3878 1181 3944 securis,
1250 3879 1299 3933 si
1352 3875 1502 3932 desit
1559 3876 1654 3947 qui
1713 3875 2073 3931 tundat“?s

500 3973 764 4045 Spiritum
798 3988 952 4040 vero,
982 3970 1165 4042 inquit
1190 3970 1355 4035 Deus,
1378 3970 1433 4024 in
1453 3985 1581 4025 eum
1633 3969 1943 4034 immittam,
1973 3983 2084 4039 quo

500 4067 730 4122 delusus
756 4072 1085 4120 revertetur.
1146 4058 1337 4132 ibique
1383 4060 1563 4133 prima
1606 4060 1774 4133 hujus
1838 4059 2084 4116 historia:

503 4158 791 4231 prophetia
829 4164 1077 4228 apparet.

544 4250 740 4323 420
774 4247 937 4305 Vens.
975 4248 1127 4303 830.
1159 4246 1227 4303 Et
1257 4263 1497 4303 reversus
1519 4255 1595 4302 est
1614 4244 1898 4316 Rapsaces,
1918 4256 1969 4301 et
1999 4249 2088 4303 de-

2183 3134 2362 3199 λιάδες
2394 3135 2768 3199 πεπτώκασιν,
2799 3138 2879 3199 εἰς
2902 3135 3001 3207 τὴν
3032 3135 3229 3190 ἑαυτοῦ
3270 3135 3460 3207 φυγὼν
3503 3139 3611 3199 τοῖς
3636 3138 3743 3190 ἐαυ-

2181 3227 2275 3281 τοῦ
2305 3227 2447 3292 θεοῖς
2475 3228 2753 3299 σωτηρίας
2788 3228 3093 3300 προσέφερε
3125 3231 3486 3301 χαριστήρια.
3518 3224 3745 3295 Ἔγνωδι

2184 3322 2415 3390 σφαγεὶς
2439 3321 2537 3393 τὴν
2560 3321 2767 3374 τούτων
2797 3322 3111 3387 ἀσθένειαν,
3131 3321 3200 3375 δι’
3225 3314 3310 3376 ὧν
3338 3322 3556 3393 ἐνόμιζε
3584 3318 3747 3374 καὶτὰ

2183 3414 2378 3483 πρῶτα
2412 3412 2797 3483 πεποιηκέναι,
2832 3413 2948 3467 ἀλλ’
2988 3415 3049 3467 οὐ
3083 3412 3180 3467 τοῦ
3213 3412 3359 3467 Θεοῦ
3387 3413 3746 3483 συγχωρήσαν-

2183 3521 2275 3567 τος
2301 3521 2314 3535 ⁸
2350 3503 2492 3558 κατὰ
2535 3504 2597 3557 τὸ
2621 3503 2812 3574 λεχθὲν
2840 3504 2918 3575 τῷ
2960 3506 3213 3577 προφήτῃ
3234 3518 3249 3535 '
3297 3523 3316 3557 t
3375 3506 3467 3574 Μὴ
3498 3501 3748 3572 ὑψωθήσε-

2182 3614 2274 3649 ται
2308 3597 2485 3667 πρίων
2516 3596 2644 3650 ἄνευ
2680 3593 2775 3649 τοῦ
2809 3595 3062 3660 ἕλκοντος
3095 3596 3348 3667 αὑτὸν,ἢ
3381 3594 3743 3664 δοξασθήσεται

2162 3677 2341 3759 ’ἀξίνη
2390 3688 2519 3743 ἄνευ
2556 3686 2651 3741 τοῦ
2704 3687 3028 3751 κόπτοντοςς
3071 3705 3091 3739 ι
3148 3684 3403 3757 Πνεῦμα
3439 3688 3514 3754 δὲ,
3553 3683 3744 3754 φησὶνὸ

2184 3773 2338 3841 Θεὸς,
2366 3774 2525 3841 αὐτῷ
2552 3775 2810 3845 ἐμϐαλῶ,
2841 3775 2931 3846 ὑφ’
2966 3770 3139 3847 οὗπερ
3160 3772 3740 3848 ἀπατηθεὶςοὲπανήξει.

2186 3867 2296 3921 Καὶ
2329 3866 2536 3938 ταύτην
2588 3865 2813 3940 πρώτην
2849 3870 3089 3924 ποιεῖται
3148 3868 3490 3941 προφητείαν
3535 3868 3563 3920 ὁ
3610 3865 3742 3933 λόγος

2186 3958 2279 4011 ἐπὶ
2304 3956 2405 4028 τῆς
2438 3957 2807 4029 προκειμένης
2835 3957 3099 4033 ἱστορίας.

2258 4222 2398 4297 ’σι-κ’.
2430 4225 2537 4280 Καὶ
2575 4225 2920 4296 ἀπέστρεψε
2962 4227 3295 4295 Ῥαψάκης,
3352 4225 3448 4280 καί
3487 4220 3744 4278 κατέλαϐε

500 4309 771 4411 μνεῖιᾶιιῖὶι
824 4357 995 4412 regem
1047 4341 1392 4411 Assyriorum
1439 4339 1771 4409 prwlianteut
1831 4340 2073 4395 adversm

2188 4319 2295 4375 τὸν
2383 4320 2721 4387 Ἀσσιρίων
2809 4320 3255 4388 πολιορκοῦντα
3336 4317 3584 4375 Λοϐνᾶν.
3654 4309 3744 4366 Καὶ

501 4432 742 4489 Lobuan.
778 4431 848 4487 Et
888 4431 1091 4486 audivit
1132 4447 1225 4485 rex
1258 4429 1602 4499 Assyriorum
1634 4429 1773 4501 quod
1811 4429 2073 4499 profectus

2186 4419 2453 4487 ἤκουσεν
2492 4417 2795 4483 ,βασιλεὺς
2871 4417 3204 4485 Ἀσσυρίων
3253 4417 3342 4472 ὅτι
3400 4416 3609 4484 ἐξῆλθε
3653 4413 3747 4463 Θα-

500 4536 637 4581 esset
678 4525 743 4580 de
790 4523 1002 4587 Lachis,
1036 4532 1086 4577 et
1130 4522 1268 4593 quod
1324 4522 1517 4576 exisset
1568 4520 1633 4574 de
1672 4520 1919 4575 Tharuca
1993 4537 2073 4576 rea

2178 4512 2334 4582 ρακὰ
2380 4509 2681 4576 ,βασιλεὺς
2734 4510 3032 4564 Αιθιόπων
3107 4508 3508 4579 πολιορκῆσαι
3560 4502 3739 4593 auter.

502 4616 903 4686 Aitltiopummt
931 4613 1193 4669 obsideret
1218 4628 1371 4667 eum:
1396 4622 1446 4667 et
1472 4611 1689 4671 audiens
1719 4628 1954 4667 reversus
1986 4622 2084 4667 est.

506 4710 574 4764 Et
603 4709 745 4763 misit
775 4706 987 4762 nuntios
1004 4705 1073 4759 ad
1096 4704 1402 4765 Ezechiam.
1421 4702 1622 4760 dicens:
1646 4704 1738 4759 Sic
1757 4702 1943 4758 dicetis
1957 4703 2090 4757 Eze-

503 4802 635 4857 chia:
657 4801 764 4869 regi
789 4795 997 4853 Jud‘a'w
1031 4815 1048 4852 :
1088 4795 1211 4852 Non
1251 4806 1297 4851 te
1334 4796 1560 4865 decipiat
1592 4795 1729 4850 Deus
1762 4804 1906 4863 tuus,
1945 4803 2054 4851 etc.

558 4969 658 5027 'ﬂe
714 4973 916 5028 infecta
973 4972 1271 5040 derepente
1315 4969 1495 5024 audax
1548 4971 1760 5026 abierat
1799 4968 2082 5039 Rapsaces,

509 5064 711 5119 mentis
750 5079 778 5117 ιι
814 5063 925 5118 Deo
970 5062 1151 5118 factus
1196 5062 1492 5133 impotens,
1541 5076 1665 5116 cum
1702 5076 1796 5115 res
1832 5061 1950 5132 ipse
1977 5064 2083 5118 As-

508 5154 695 5225 syrius
729 5162 1039 5223 expugnata
1072 5151 1265 5207 Lachis
1285 5190 1301 5217 ,
1334 5150 1400 5206 ad
1452 5149 1669 5204 Lobnau
1700 5149 1899 5206 Judmm
1920 5149 2081 5223 421

508 5242 786 5299 civitatem
825 5244 1105 5312 pervenit;
1155 5257 1321 5314 quam
1359 5241 1488 5296 dum
1543 5250 1891 5313 oppugnaret,
1929 5241 2083 5296 intle-

507 5350 618 5405 que
652 5334 705 5389 iu
735 5330 1087 5403 Ethiopiam,
1145 5333 1289 5388 sicut
1337 5340 1496 5388 antea
1543 5332 1873 5403 praedixerat
1922 5330 2102 5418 Deus,-

2192 4604 2291 4659 καὶ
2325 4603 2619 4668 ἀκούσας,
2658 4602 3027 4671 ἀπέστρεψε.
3059 4602 3169 4656 Καὶ
3206 4602 3559 4657 ἀπέστειλεν
3593 4591 3741 4662 dmi“

2187 4698 2340 4761 λους
2370 4693 2520 4764 πρὸς
2553 4692 2827 4760 Ἐζεκίαν,
2851 4694 3047 4765 λέγων
3071 4711 3084 4724 ·
3110 4694 3307 4761 Οὕτως
3336 4691 3515 4762 ἐρεῖτε
3545 4684 3740 4747 Ἐζεκίᾳ

2185 4784 2443 4849 ,βασιλεῖ
2469 4782 2580 4852 τῆς
2631 4782 2927 4850 Ἰουδαίας
2950 4800 2963 4815 ο
2984 4782 3081 4852 Μή
3117 4799 3193 4838 σε
3220 4778 3497 4853 ἀπατάτω
3544 4779 3575 4830 ὀ
3614 4770 3737 4833 Θεός

2193 4891 2331 4939 σου,
2366 4893 2419 4929 κ.
2446 4892 2500 4929 τ.
2534 4874 2587 4929 λ.

2275 4967 2531 5039 ’Δθρόως-
2567 4966 2850 5038 ἄπρακτος
2908 4962 2963 5018 6⁷
3002 4964 3212 5036 θρασὺς
3265 4963 3429 5035 ἀπῄει
3473 4954 3745 5025 Ῥαψάκης

2190 5059 2390 5123 ἐκστάς
2419 5058 2524 5111 ὑπὸ
2541 5056 2676 5112 Θεοῦ
2706 5057 2805 5129 τὴν
2834 5057 3097 5113 διάνοιαν.
3121 5056 3181 5111 Ὃ
3210 5057 3267 5111 δὲ
3297 5056 3485 5109 τούτου
3519 5044 3743 5119 βασιλεὺς

2196 5154 2337 5224 μετὰ
2364 5152 2480 5221 τὴν
2511 5150 2752 5219 Λαχεὶς,
2789 5149 2905 5219 τὴν
2942 5151 3142 5205 Λόενα
3180 5150 3280 5221 τῆς
3332 5144 3579 5204 Ἰουδαίας
3608 5134 3741 5224 πόλιν

2195 5222 2555 5312 πολιορκῶν,
2615 5240 2876 5295 ἔσπευδεν
2933 5240 3029 5293 ἐπ’
3071 5241 3404 5304 Αὶθιοπίαν,
3457 5232 3593 5289 καθὰ
3630 5222 3744 5281 Θεὸς

2197 5337 2479 5404 προεῖπεν,
2520 5332 2621 5388 οὐκ
2654 5332 2877 5402 ἀγαθῶν
2919 5330 3297 5402 ἀγγελθέντων
3352 5325 3513 5396 αὐτῷ,
3558 5318 3739 5389 γέμου-

582 5493 628 5555 ξδ
668 5493 773 5549 lsa.
801 5506 954 5559 τινι,
983 5491 1070 5561 17,
1105 5492 1193 5548 18.
1273 5491 1316 5525 ⁸⁸
1342 5491 1449 5549 lsa.
1482 5507 1640 5560 Lvtu,
1671 5491 1724 5547 9.
1806 5493 1849 5524 ¹⁶
1875 5491 1980 5548 lsa.
2011 5508 2066 5558 ιι,
2097 5490 2185 5547 l5.

1800 5598 2040 5656 VARIA‘I
2082 5596 2377 5657 LECTION
2387 5595 2495 5653 ES.

578 5705 624 5737 ιιι
654 5696 969 5783 γρ.λιξγοις.
1057 5708 1083 5736 ι
1118 5714 1207 5769 rp.
1241 5694 1523 5766 φρασάτω.
1605 5702 1738 5765 ογρ.
1766 5693 1828 5747 σὺ
1857 5692 1935 5749 δὲ.
