3950 6392
189 327 329 394 2317

1340 328 1876 392 COMMENTARII
1910 325 1991 388 IN
2033 326 2314 388 ISAIAM.

3313 324 3454 390 2318

192 458 294 496 σαν
325 439 565 494 ἀπειλῶν
582 441 674 494 καὶ
704 451 887 510 πασης
919 437 1272 509 βλασφημῖας
1312 439 1530 508 Ἐζεκίᾳ
1558 438 1782 510 πέμψας

1890 437 2183 507 cogitaret;
2224 437 2369 491 malo
2398 435 2466 490 ad
2498 452 2621 491 enm
2673 436 2883 505 perlato
2925 435 3141 497 nuntio.
3178 436 3454 490 minarum

189 532 502 605 ἐπιστολὴν,
534 532 629 596 ὡς
669 532 777 603 ἰδίᾳ
823 533 1050 603 δυνάμει
1081 532 1261 587 πάντα
1294 531 1431 584 ἐλὼν
1464 530 1775 601 ὑποχείρια,

190 624 337 680 καθὰ
360 623 574 694 φθάσας
606 626 635 678 ὁ
665 626 949 694 προφήτης
989 623 1097 695 πρὸ
1132 622 1242 677 τῶν
1278 622 1455 693 ἐργων
1483 623 1774 692 ἐμήνυσεν,

194 718 382 784 «Οὐαὶ,
421 717 625 787 λέγων,
671 715 1005 787 Ἀσσυρίοις,
1039 719 1072 787 ή
1105 715 1299 787 ῥάϐδος
1333 713 1427 767 τοῦ
1450 712 1626 784 θυμοῦ
1674 730 1777 782 μου

189 813 286 867 καὶ
315 811 489 884 ὀργῆς
524 811 675 865 ἐστιν
708 811 767 863 ἐν
807 812 932 874 ταῖς
980 810 1172 882 χερσὶν
1203 809 1406 876 αὐτῶν,
1431 827 1450 860 ι
1494 808 1592 861 καὶ
1631 806 1778 881 ἑξῆς.

187 904 377 980 Αὐτὸς,
413 902 471 956 δέ
517 901 618 973 οὐχ
665 900 841 965 οὔτως
880 900 1229 972 ἐνεθυμήθη.
1262 900 1374 955 Καὶ
1423 898 1524 962 τὰς
1557 896 1652 951 νῦν
1681 896 1779 951 τοῦ

188 991 603 1061 Σενναχηρεὶμ
660 992 895 1055 ἀπειλὰς
948 992 1042 1045 ἐπὶ
1090 989 1306 1053 τούτοις
1360 991 1689 1059 ἐπήνεγκεν,
1723 986 1779 1040 αἶ

188 1085 594 1159 προρῤηθεῖσαι
649 1084 747 1140 νῦν
790 1083 1212 1155 ἐπληρώθησαν.
1259 1082 1318 1135 Ὀ
1370 1081 1429 1134 δέ
1476 1080 1637 1135 πάλιν
1687 1079 1782 1133 ἐπὶ

188 1177 296 1229 τὸν
321 1173 479 1228 ναὸν
508 1173 844 1244 καταφυγὼν
873 1174 966 1227 τοῦ
1009 1171 1167 1237 Θεοῦ,
1197 1170 1474 1224 δείκνυσιν
1504 1168 1653 1239 αὐτῴ
1683 1169 1782 1238 τὴν

188 1267 505 1339 ἐπιστολήν,
535 1267 635 1338 οὐχ
660 1266 738 1331 ὡς
766 1264 1078 1336 ἀγνοοῦντι,
1106 1264 1362 1336 μάρτυρα
1391 1262 1446 1316 δέ
1471 1261 1571 1332 τῆς
1592 1262 1783 1315 τοσαύ-

190 1376 287 1432 της
341 1361 509 1415 αὐτὸν
554 1359 909 1431 βλασφημίας
968 1357 1317 1428 ποιούμενος,
1363 1355 1461 1409 καὶ
1503 1355 1602 1425 τὴν
1642 1356 1782 1410 κατὰ

191 1455 410 1509 πάντων
448 1451 619 1506 αὐτοῦ
652 1450 979 1504 δεσποτείαν
1018 1448 1321 1519 ὁμολογῶν,
1352 1448 1448 1500 καὶ
1467 1447 1543 1509 ὡς
1570 1446 1784 1516 ψευδεῖς

194 1546 239 1597 si
278 1543 569 1613 λεγόμενοι
609 1542 724 1595 τῶν
755 1540 928 1594 ἐθνῶν
957 1534 1068 1593 εἷεν
1107 1538 1243 1592 θεοί.
1298 1537 1376 1590 Δι’
1413 1536 1785 1608 ύπερὸάλλουυ

194 1652 288 1690 σαν
309 1636 368 1690 δέ
398 1635 461 1689 τὸ
491 1635 712 1706 πρῶτον
739 1632 1055 1697 εὐλάϐειαν,
1103 1630 1204 1685 οὐκ
1245 1629 1539 1700 εὐξάμενος
1565 1629 1654 1682 ὅτε
1691 1627 1784 1682 τὸν

195 1726 397 1780 σάκκον
434 1723 748 1791 ἐνεδύσατο,
777 1721 854 1787 ὡς
889 1723 983 1776 ἐπὶ
1032 1720 1169 1775 Θεοῦ
1192 1719 1345 1791 μηδέ
1378 1718 1555 1789 στόμα
1600 1718 1782 1790 διᾶραι

194 1816 427 1886 Ιτολμῶν,
479 1814 794 1885 πρεσϐευτῇ
836 1813 893 1867 δέ
932 1811 1080 1884 μόνῳ
1107 1810 1188 1882 τῷ
1217 1809 1471 1882 προφήτῃ
1496 1809 1781 1881 χρησάμε-

197 1908 409 1975 νος,·δι⁹
440 1906 608 1961 αὐτοῦ
647 1906 744 1960 νῦν
774 1905 1036 1973 ἀξιωθεὶς
1066 1902 1435 1974 ἀποκρίσεως,
1468 1901 1659 1974 θαρρεῖ
1679 1900 1780 1972 τὴν

196 1998 564 2072 προκειμένην
593 1998 939 2069 ἀναπέμπειν
962 1995 1150 2068 εὐχήν.
1686 1996 1695 2003 ’

263 2274 474 2343 κα-λη’.
530 2270 641 2327 Καὶ
717 2269 1033 2337 ἀπεστάλη
1083 2267 1324 2334 Ἡσαΐας
1395 2266 1526 2332 υιός
1600 2264 1779 2335 Ὰμὼς

192 2363 638 2434 θερόςῈζεκίαν,
666 2362 764 2417 καὶ
789 2359 960 2417 εἶπεν
976 2361 1137 2427 αὐτῷ
1162 2375 1178 2392 ο
1214 2359 1359 2414 Τάδε
1378 2357 1539 2428 λέγει
1568 2359 1781 2426 Κύριος

196 2464 229 2512 ό
260 2459 409 2525 Θεὸς
452 2457 693 2527 Ἰσραήλ
725 2474 738 2487 ·
767 2457 1043 2510 Ἤκουσα
1072 2452 1109 2507 d
1142 2451 1468 2522 προσηύξω
1509 2452 1659 2519 πρός
1681 2466 1783 2520 με,

192 2550 328 2619 περὶ
360 2547 765 2617 Σενναχηρεὶμ
797 2544 1107 2611 ,βασιλέως
1141 2543 1495 2611 Ἀσσυρίων.
1532 2537 1721 2605 Οὗτος
1748 2541 1784 2594 ὁ

191 2640 397 2709 λόγος,
432 2637 507 2692 ὃν
525 2636 796 2706 ἐλάλησε
824 2634 960 2704 περὶ
987 2634 1176 2690 αὐτοῦ
1200 2636 1241 2709 ,ό
1259 2633 1421 2697 Θεός.
1460 2629 1783 2700 Ἐφαύλισέ

98 2712 103 2719 ”
190 2747 288 2796 σε,
320 2730 419 2784 καὶ
452 2727 821 2807 ἐμυκτήρισέ
849 2742 946 2795 σε,
987 2724 1284 2795 παρθένος
1316 2722 1577 2794 θυγάτηρ
1605 2720 1779 2790 Σιών,

193 2829 248 2875 α.
281 2839 335 2875 τ.
362 2821 413 2877 λ.

262 2915 410 2979 Τοὺς
442 2914 730 2986 προφήτας
750 2914 803 2966 oi
837 2910 1131 2975 ἀκούοντες
1147 2908 1450 2980 ἐγνώριζον
1483 2903 1621 2963 εἶναι
1643 2922 1779 2981 προ·-

195 3008 375 3076 φήτας
424 3007 526 3059 οὐκ
582 3005 690 3058 ἀπὸ
752 3004 863 3058 τῶν
931 3003 1147 3074 χρόνοις
1202 3001 1484 3073 ἐσομένων
1548 3001 1779 3071 μακροῖς

1881 531 1935 578 et
1960 524 2208 593 cujusvis
2229 522 2580 593 blasphemia:
2606 522 2840 578 refertas
2894 523 2962 577 ad
2994 522 3278 577 Ezechiam
3314 522 3457 577 title:

1881 627 1974 668 ras
1996 613 2175 679 dedit;
2213 621 2473 682 tanquam
2507 614 2598 683 qui
2638 616 2856 685 propria
2889 615 3085 670 virtute
3126 604 3309 669 omnia
3351 614 3456 669 sibi

1881 704 2230 774 subiecisset,
2287 704 2429 759 sicut
2484 713 2570 759 est
2621 722 2651 759 a
2690 707 2955 776 prOpheta
2995 707 3454 767 demonstratum,

1881 796 1970 851 his
1997 796 2180 852 verbis
2214 816 2227 851 :
2267 815 2286 849 ι
2340 795 2434 851 Vae
2485 797 2752 866 Assyriis,
2785 799 2937 868 virga
2985 799 3190 853 furoris
3234 798 3361 862 mei,
3403 804 3460 851 et

1882 889 1982 942 ira:
2019 902 2155 942 mea:
2186 887 2238 941 in
2265 888 2522 942 manibus
2553 902 2743 942 eorum
2779 886 2855 954 ‘7;
2896 908 2915 941 ι
2959 896 3013 942 et
3042 903 3164 958 quae
3209 903 3456 957 sequun-

1889 985 2004 1031 tur.
2032 980 2101 1030 At
2131 979 2249 1046 ipse
2271 991 2342 1030 ne
2370 976 2449 1032 sic
2475 976 2741 1032 intellexit
2781 976 3022 1046 quidem.
3050 977 3223 1033 Minas
3253 977 3453 1032 deinde

1883 1082 2023 1138 quas
2053 1067 2359 1132 intuemur,
2392 1067 2445 1121 'rn
2476 1066 2851 1122 Sennacherim
2889 1067 3162 1138 adjunxit,
3193 1084 3314 1138 qua:
3344 1068 3456 1139 jam

1886 1159 2015 1214 inde
2045 1158 2320 1229 praedictae
2342 1172 2492 1213 nunc
2523 1158 2741 1214 demum
2768 1159 3087 1229 implentur.
3118 1157 3229 1214 Sed
3262 1173 3459 1213 rursus

1884 1249 1951 1302 ad
1988 1247 2085 1302 Dei
2143 1247 2395 1317 templum
2423 1246 2749 1318 confugiens
2802 1246 3086 1314 Ezechias,
3127 1247 3305 1302 cidem
3353 1248 3462 1318 epi-

1884 1338 2081 1393 stolam
2112 1336 2380 1405 ostendit,
2410 1351 2518 1392 non
2552 1344 2812 1408 tanquam
2846 1337 3100 1407 ignorare
3135 1338 3456 1411 arbitretur;

1887 1429 1982 1485 sed
2014 1438 2073 1483 ut
2095 1436 2261 1484 tantae
2292 1429 2649 1499 blasphemiae
2679 1436 2873 1485 testem
2906 1429 3185 1495 adhibeat,
3226 1431 3461 1500 ejusque

1886 1522 2190 1577 dominium
2226 1521 2283 1575 in
2334 1535 2550 1586 omnes,
2586 1530 2642 1575 et
2692 1519 2862 1576 falsos
2896 1535 3018 1576 esse
3050 1521 3319 1589 gentium,
3364 1519 3459 1589 qui

1889 1612 2171 1677 dicuntur,
2217 1612 2351 1668 deos
2386 1611 2732 1683 proﬁteatur.
2764 1611 2953 1683 Neque
2984 1627 3116 1668 vero
3150 1611 3317 1666 Deum
3351 1619 3462 1666 sta-

1886 1705 1983 1760 tim
2032 1703 2179 1777 (qum
2208 1718 2425 1761 summa
2474 1703 2651 1774 ipsius
2680 1704 2782 1759 fuit
2816 1705 2870 1759 in
2910 1704 3159 1760 eumdem
3200 1716 3463 1759 reverens

1814 1775 1857 1830 Β
1888 1794 1986 1866 tia)
2045 1775 2220 1865 atque
2257 1809 2420 1849 sacco
2460 1793 2686 1850 indutus
2721 1793 2846 1862 fuit,
2876 1794 3125 1873 oratione
3145 1784 3464 1865 'aggressus

1883 1895 2008 1955 est;
2065 1888 2162 1944 sed
2205 1903 2274 1944 ne
2312 1901 2377 1945 os
2420 1886 2639 1958 quidem
2689 1895 2824 1943 tunc
2859 1903 3030 1944 ausus
3074 1886 3465 1960 aperire'pro-

1883 1981 2062 2053 pbctae
2112 1988 2324 2037 tantum
2366 1980 2531 2036 unius
2576 1979 2652 2034 ad
2718 1965 2773 2034 id
2823 1964 3094 2051 legatione
3150 1995 3308 2044 usus,
3368 1997 3464 2052 per

1883 2088 2045 2144 quem
2084 2072 2191 2128 hoc
2244 2071 2369 2126 loco
2398 2070 2509 2126 sibi
2557 2085 2891 2141 responsum
2932 2070 3130 2136 fuerat,
3168 2071 3464 2142 praedictas

1885 2178 2077 2237 preces
2105 2163 2303 2218 offerre
2331 2170 2581 2218 conatur.
3300 2212 3307 2217 .

1953 2256 2117 2330 422
2171 2254 2338 2311 Vens.
2394 2254 2630 2311 21-58.
2682 2254 2754 2309 Et
2803 2255 3001 2310 missus
3042 2265 3120 2311 est
3167 2254 3347 2311 Isaias
3391 2257 3461 2309 ad

1888 2348 2198 2412 Ezechiam.
2230 2356 2279 2402 et
2300 2346 2437 2400 dixit
2455 2347 2505 2401 ei
2535 2363 2552 2401 :
2591 2347 2719 2401 Haec
2742 2346 2882 2400 dixit
2913 2346 3168 2402 Dominus
3194 2346 3336 2400 Deus
3368 2344 3459 2399 Is-
3494 2372 3495 2375 η

1885 2442 1998 2497 rael
2029 2457 2049 2496 :
2075 2440 2270 2495 Audivi
2299 2454 2416 2509 quae
2438 2448 2679 2508 precatus
2698 2454 2755 2491 es
2787 2453 2868 2491 me
2887 2452 3045 2506 super
3082 2435 3461 2491 Seltnacherim

1883 2550 2002 2605 rege
2033 2531 2398 2602 Assyriorum.
2430 2529 2535 2584 Hic
2558 2538 2636 2584 est
2658 2546 2849 2595 sermo,
2874 2545 3026 2598 quem
3059 2528 3268 2583 locutus
3295 2539 3370 2582 est
3397 2529 3462 2581 de
3558 2586 3561 2587 ν

1880 2626 1977 2680 illo
2026 2623 2192 2678 Deus.
2242 2619 2542 2678 Cdntemnit
2602 2630 2651 2676 te
2684 2629 2739 2676 et
2778 2620 3095 2687 subsannut,
3149 2621 3294 2690 virgo
3342 2621 3461 2688 ﬁlia

1884 2716 2042 2783 Sion,
2074 2722 2184 2771 etc.

1956 2911 2120 2985 523
2166 2910 2472 2983 Prophetas
2501 2911 2595 2982 qui
2645 2911 2962 2980 audiebant,
3005 2912 3142 2968 tales
3174 2927 3298 2968 esse
3349 2926 3462 2965 non

1884 3018 1951 3061 eo
2005 3006 2125 3074 ipso
2186 3006 2583 3074 agnoscebant,
2642 3003 2792 3074 quod
2844 3020 2967 3074 qua:
3023 3005 3205 3075 longis
3268 3014 3461 3075 postea

193 3097 456 3167 (ἠγνόουν
488 3095 644 3169 γὰρ),
685 3095 803 3150 ἀλλ’
842 3095 951 3150 ἀπὸ
992 3089 1103 3148 τῶν
1130 3094 1343 3165 μικρῶν
1372 3102 1400 3143 P
1430 3090 1659 3164 ὕστερον
1698 3091 1782 3162 βε-

1894 3092 2236 3163 temporibus
2289 3091 2476 3149 futura
2522 3102 2703 3160 erant,
2756 3094 3140 3165 ignorantibus
3190 3095 3461 3166 praedice-

191 3187 545 3259 σαιουμένων
594 3187 777 3259 ἔργοις
828 3187 1209 3258 προρρήσεων,
1257 3184 1354 3252 ἀφ’
1400 3177 1476 3237 ὧν
1506 3182 1601 3236 καὶ
1656 3182 1787 3254 περὶ

193 3279 304 3334 τῶν
336 3278 517 3355 ᾷλλων
549 3279 855 3333 ἐπίστευον.
889 3278 1055 3333 Ὅθεν
1096 3275 1358 3347 προλέγει
1407 3275 1540 3347 περὶ
1585 3274 1722 3328 ὄνων
1758 3274 1788 3327 ό

194 3371 491 3442 Σαμουήλ-
534 3372 630 3424 καὶ
665 3370 844 3436 ἄλλος,
878 3369 1009 3440 περὶ
1039 3367 1323 3431 νοσοῦντος
1351 3366 1616 3438 βασιλέως
1645 3362 1785 3419 uioﬁ’

192 3461 351 3527 όδὲ,
385 3460 652 3530 βασιλέως
702 3458 920 3530 Ἰσραὴλ
969 3455 1338 3529 προαγορεύει
1389 3456 1483 3509 τὸν
1537 3454 1811 3509 θάνατον.»

193 3552 504 3623 Συνεχώρει
532 3551 590 3605 δέ
611 3549 771 3613 τοῦτο
790 3552 948 3615 θεὸς,
984 3551 1061 3614 ὡς
1088 3550 1155 3604 ἂν
1187 3548 1264 3620 μὴ
1295 3547 1508 3618 λιχνείᾳ
1542 3544 1791 3617 προγνώ-

196 3658 344 3706 σεως
369 3679 385 3706 ,
427 3641 516 3695 ἐπ’
542 3640 989 3711 εἰδωλολατρείαν
1016 3640 1304 3712 τρέποιντο
1357 3637 1452 3690 καὶ
1479 3635 1790 3707 χρηστήρια

126 3795 132 3798 _
196 3733 297 3786 καὶ
352 3731 454 3796 τὰς
501 3732 713 3796 πλάνας
753 3730 986 3785 καθόλου
1030 3730 1130 3793 τὰς
1184 3728 1472 3799 μαντικὰς.
1506 3725 1667 3780 Ὅθεν
1694 3726 1789 3778 καὶ

198 3821 297 3876 νῦν
336 3824 587 3889 Ἐζεκίας
614 3822 789 3877 ἄνεισι
816 3821 917 3892 μὲν
942 3822 1035 3873 ἐπὶ
1070 3820 1163 3873 τὸν
1203 3814 1369 3872 νεών.
1406 3814 1787 3885 Ἀποκρίνεται

198 3913 258 3966 δέ
287 3913 355 3967 τὸ
400 3913 594 3986 μέλλον
626 3912 780 3977 Θεὸς,
813 3912 901 3965 διὰ
940 3910 1036 3964 τοῦ
1072 3910 1354 3981 προφήτου
1394 3905 1786 3976 φθεγξάμενος.

201 4006 315 4058 Καὶ
346 4004 592 4077 χρησμὸς
611 4003 814 4058 δίδοται
843 4002 1116 4071 δεύτερος,
1158 3998 1294 4052 Θεοῦ
1344 3997 1655 4060 δεικνύντος
1711 3995 1788 4058 ὡς

205 4096 444 4165 ἀκήκοεν
471 4094 637 4150 αὐτοῦ
672 4093 771 4164 τῆς
801 4091 991 4162 εὐχῆς.
1028 4091 1141 4145 Καὶ
1174 4089 1312 4161 πρὸς
1357 4088 1448 4141 τὸν
1501 4086 1788 4158 Ἀσσύριον

207 4202 360 4255 φησι·
395 4185 470 4237 Σὺ
509 4183 611 4255 μὲν
644 4181 1145 4252 κατηλαζονεύσω
1180 4180 1302 4233 κατ’
1362 4178 1520 4249 ἐμοῦ,
1570 4178 1666 4231 καὶ
1687 4177 1789 4247 τῆς

205 4275 574 4347 ἀνακειμένης
647 4290 737 4344 μοι
812 4275 1049 4339 πόλεως
1076 4311 1091 4337 ,
1166 4270 1351 4340 φοϐεῖν
1403 4270 1632 4333 ἐλπίσας
1690 4268 1789 4338 τὴν

207 4367 532 4437 ἀδιάφθορον
583 4366 679 4418 καὶ
730 4364 819 4418 διὰ
849 4362 1007 4417 τοῦτο
1058 4363 1332 4433 παρθένῳ
1368 4359 1790 4433 παραὸαλλομέ-

1886 3192 2045 3240 rent:
2077 3183 2172 3238 sed
2207 3184 2351 3254 quod
2377 3199 2498 3255 quae
2523 3185 2930 3254 praedixissent,
2970 3185 3136 3242 rebus
3158 3188 3320 3257 paulo
3341 3197 3465 3258 post

1887 3274 2346 3346 comprobarent;
2387 3275 2531 3330 unde
2555 3284 2878 3331 caterorum
2923 3274 3087 3332 etiam
3123 3277 3282 3332 [idem
3315 3279 3464 3332 face-

1880 3368 2031 3414 rent.
2058 3358 2241 3429 Atque
2270 3359 2403 3415 hinc
2435 3369 2542 3429 est,
2570 3360 2721 3431 quod
2745 3375 2914 3432 super
2940 3361 3113 3416 asinis
3131 3359 3384 3441 Samuei;
3411 3364 3472 3412 et

1879 3465 2045 3521 super
2072 3466 2216 3522 aegro
2240 3454 2386 3523 regis
2405 3452 2518 3510 ﬁlio
2542 3454 2682 3510 alius
2703 3454 3036 3510 vaticinatur
3066 3454 3140 3499 ’δῖ
3172 3454 3258 3508 hic
3289 3460 3473 3509 autem

1889 3546 2176 3603 lsraelitici
2216 3548 2359 3619 regis
2384 3554 2617 3601 mortem
2651 3533 2899 3617 praedicit
2930 3548 2997 3604 ι’.
3039 3548 3156 3601 Ποο
3185 3562 3311 3602 vero
3339 3564 3467 3617 per-

1890 3637 2141 3691 mittebat
2179 3634 2344 3699 Deus,
2394 3650 2463 3692 ne
2515 3636 2826 3692 futurorum
2872 3638 3153 3703 aviditate,
3185 3638 3253 3692 ad
3294 3639 3463 3702 idola,

1889 3735 1942 3785 et
1982 3728 2230 3794 oracula,
2286 3736 2630 3798 caeterasque
2671 3729 2897 3783 omnino
2934 3730 3179 3794 fraudes,
3229 3746 3351 3798 quia:
3381 3733 3466 3786 di-

1888 3821 2169 3877 vinatione
2217 3827 2499 3884 constant,
2562 3836 2684 3876 sese
2730 3828 3137 3876 converterent.
3193 3822 3332 3877 llinc
3378 3832 3465 3879 est

1891 3912 2080 3974 etiam,
2119 3909 2266 3980 quod
2316 3926 2445 3965 cum
2499 3910 2554 3966 in
2605 3912 2863 3981 templum
2921 3912 3263 3968 ascendisset
3327 3913 3464 3970 Eze-

1892 4004 2068 4066 chias,
2109 4001 2286 4057 eidem
2321 4017 2418 4073 per
2458 4002 2781 4073 pr0phetam
2817 4003 2882 4059 de
2929 4001 3136 4059 futuris
3166 4005 3466 4074 respondet

1891 4091 2178 4157 Dominus,
2211 4093 2469 4164 editoque
2493 4094 2716 4148 oraculo
2745 4093 2944 4156 altero,
2988 4108 3178 4163 preces
3212 4094 3333 4165 ejus
3363 4110 3465 4151 au-

1891 4185 2043 4241 ditas'
2084 4199 2205 4240 esse
2252 4170 2615 4250 demonstrat,
2671 4192 2727 4238 et
2778 4183 3067 4256 Assyrium
3133 4184 3221 4241 his
3277 4186 3465 4241 verbis

1894 4277 2200 4348 alloquitur
2235 4294 2248 4330 :
2289 4277 2485 4348 Magna
2521 4284 2614 4331 tua
2639 4276 2743 4330 fuit
2777 4276 2832 4330 in
2872 4294 2981 4342 me,
3014 4276 3303 4348 urbemque
3331 4280 3462 4333 mihi

1894 4376 2276 4424 consecratam
2316 4366 2584 4435 superbia,
2636 4368 2727 4436 qni
2780 4368 3179 4438 incorruptam,
3231 4370 3467 4439 ideoque

207 4475 302 4528 νην
319 4456 417 4511 τοῦ
446 4457 580 4510 Θεοῦ
600 4456 804 4521 πόλιν,
835 4454 930 4507 καὶ
958 4453 1049 4507 τὸν
1079 4455 1138 4505 ἐν
1171 4454 1309 4523 αὐτῇ
1339 4452 1468 4504 λαὸν
1496 4449 1782 4520 θυγατέρα

1894 4461 2086 4531 uirgini
2126 4466 2504 4529 comparatam
2534 4458 2629 4512 Dei
2666 4458 2967 4523 civitatem,
3002 4458 3298 4528 ipsumque
3324 4438 3476 4528 ejus-

207 4548 359 4602 Σιών
386 4563 451 4601 τε
487 4546 589 4600 καὶ
622 4544 1021 4613 Ἰερουσαλὴμ
1060 4544 1487 4615 χρηματίζοντα.
1533 4544 1643 4596 Καὶ
1685 4542 1784 4594 αύ-

206 4642 294 4703 τὸς
330 4639 391 4693 δέ
451 4635 771 4708 καθαρεύων
830 4635 1275 4706 εἰδωλολατρείας
1326 4633 1618 4702 παρθένος
1656 4633 1788 4685 ὠνό-

208 4747 436 4799 μασται.
497 4730 589 4782 Διὸ
629 4727 835 4799 καὶτῷ
891 4729 1005 4795 ἰδίῳ
1054 4728 1333 4799 θαρρήσας
1374 4725 1493 4796 Θεῷ
1540 4725 1641 4788 τὰς
1687 4726 1785 4788 σὰς

206 4823 504 4893 ἐγέλασεν
530 4821 781 4884 ἀπειλὰς,
815 4820 940 4874 ἀντὶ
962 4820 1020 4872 δὲ
1068 4818 1185 4886 τοῦ,
1217 4818 1317 4871 ἐπὶ
1355 4817 1458 4870 σοι
1511 4815 1786 4886 κεφαλὴν

208 4918 515 4983 ἐκίνησεν,
551 4913 783 4979 ἐξέδωκε
843 4912 1158 4984 Σύμμαχος,
1215 4910 1468 4965 ὄπισθέν
1514 4927 1632 4965 σου
1685 4925 1784 4962 κε-

210 5007 416 5077 φαλὴν
437 5008 706 5075 ἐκίνησε.
727 5007 821 5077 Μὴ
835 5005 1000 5060 δοῦσα
1020 5006 1128 5076 γάρ
1158 5021 1239 5058 σοι
1266 5004 1405 5075 πρὸς
1424 4991 1522 5066 τὰς
1550 5002 1787 5073 βλασφη-

213 5102 341 5171 μίας
374 5101 689 5170 ἀπόκρισιν,
737 5099 1143 5170 ἀποστρέψαντί
1179 5113 1364 5169 φησιν,
1414 5097 1511 5151 ἐπὶ
1554 5098 1652 5151 σοὶ
1687 5113 1785 5149 κε-

214 5190 423 5256 κίνηκε
476 5189 774 5260 κεφαλὴν,
821 5189 1010 5256 ἐλεγέν
1055 5205 1115 5240 τε
1152 5187 1352 5257 μηκέτι
1381 5187 1610 5255 σιγῶσα,
1651 5188 1787 5239 τίνα

213 5279 525 5348 ὠνείδισας
580 5282 676 5335 καὶ
720 5279 1109 5349 παρώξυναςς
1148 5278 1264 5334 ἀνθ’
1330 5274 1391 5331 οὗ
1416 5318 1431 5344 ,
1476 5278 1787 5347 ἐϐλασφήι

212 5389 411 5444 μησας
464 5373 734 5438 ἐξέδωκαν
793 5375 843 5427 οἱ
901 5372 1125 5427 λοιποί·
1182 5371 1242 5424 ού
1296 5370 1654 5441 λογισάμενος
1712 5371 1787 5433 ὡς

1892 4555 2012 4607 dem
2047 4552 2283 4607 incolam
2318 4552 2580 4622 populum
2615 4551 2730 4620 (qui
2775 4561 2832 4607 et
2864 4552 2980 4622 ﬁlia
3028 4551 3181 4617 Sion,
3213 4551 3469 4607 et'Jeru-

1890 4644 2080 4706 salem,
2125 4650 2179 4697 et
2208 4642 2352 4711 virgo
2397 4641 2561 4696 etiam
2600 4633 2767 4713 424
2808 4642 3147 4696 nominatur.
3188 4658 3311 4697 cum
3346 4646 3470 4697 nul-

1889 4735 1998 4788 lam
2056 4733 2221 4788 habet
2278 4733 2604 4800 idololatriae
2656 4731 2871 4803 labem)
2938 4733 3353 4802 perterriturum
3413 4741 3468 4789 te

1889 4826 2147 4897 sperasti.
2195 4822 2315 4880 Non
2377 4825 2654 4879 innnerito
2705 4826 2892 4894 itaque
2936 4824 3047 4879 Deo
3099 4839 3201 4879 suo
3252 4825 3462 4890 innixa,

1894 4919 2072 4973 minas
2119 4928 2242 4972 tuas
2296 4916 2413 4970 risu
2447 4916 2666 4983 excepit.
2704 4913 2905 4970 Verum
2956 4928 3066 4984 quo
3119 4916 3264 4982 loco,
3316 4917 3375 4971 in
3418 4930 3468 4971 te

1892 5018 2051 5079 caput
2104 5008 2286 5073 movit,
2328 5006 2598 5063 habemus
2630 5047 2646 5073 ,
2690 5014 2832 5060 retro
2886 5007 3071 5075 ipsumj
3092 5005 3231 5059 idem
3280 5006 3468 5076 fecisse

1891 5099 2032 5153 dixit
2063 5096 2446 5169 Symmachus.
2480 5094 2617 5151 Cum
2659 5094 2829 5163 enim,
2859 5095 2955 5157 ait,
2994 5095 3060 5149 ad
3091 5095 3467 5165 blasphemiae

1894 5188 2029 5243 nihil
2068 5195 2282 5257 putaret
2328 5184 2770 5255 respondendum
2819 5201 2833 5240 :
2902 5182 2973 5239 In
3021 5195 3068 5238 te
3125 5195 3468 5243 revertentem

1896 5288 2052 5349 caput
2082 5279 2279 5338 movit;
2311 5285 2580 5347 ruptoque
2621 5276 2846 5332 silentio
2874 5318 2889 5342 ,
2922 5278 3007 5331 cui
3032 5277 3390 5346 exprobrasti,
3415 5289 3467 5333 et

1893 5385 2045 5439 quem
2083 5366 2360 5423 concitasti
2392 5367 2723 5441 ?quzesivit;
2771 5382 3007 5440 quorum
3040 5371 3180 5436 loco,
3218 5370 3272 5423 in
3310 5384 3462 5440 quem

313 5530 353 5561 "
381 5532 489 5585 lsa.
523 5546 581 5596 Χ,
617 5529 671 5584 5.
748 5530 791 5562 "
818 5529 838 5584 l
866 5528 996 5601 Reg.
1034 5545 1111 5599 ut,
1145 5492 1248 5599 ‘0,
1281 5525 1348 5581 lll
1390 5526 1523 5596 Reg.
1552 5541 1664 5590 xw,
1699 5525 1731 5579 5
1769 5539 1922 5593 seqq.
2002 5524 2046 5555 "
2079 5522 2181 5579 lsa.
2216 5485 2422 5578 sxsvnt
2454 5564 2468 5592 ,
2508 5525 2559 5582 i.

1476 5641 1712 5700 VARIIE
1755 5639 2157 5697 LECTlONES.

289 5751 316 5794 ι’
352 5756 442 5810 rp.
475 5738 679 5811 μικρῷ-
