3950 6388
405 246 485 355 ἴθ’
507 305 648 369 231‘.)

1806 300 2166 364 PROCOPII
2204 306 2451 367 GAZ/EI

3623 320 3744 384 2320

506 419 889 487 blasphemasti
937 418 1119 475 caeteri
1165 416 1569 472 reddiderunt:
1605 429 1730 471 cum
1765 423 1821 469 et
1871 414 2079 472 lsraelis

2194 419 2423 490 ὕψιστος
2451 423 2568 476 ἐστι
2597 423 2690 477 καὶ
2718 423 2852 487 Θεὸς
2893 421 3132 496 Ἰσραὴλ,
3164 426 3371 498 οίηθεὶς
3394 430 3552 498 μηόὶν
3577 426 3744 501 διαφέ-

446 524 450 531 ·
509 508 675 563 Deum
707 523 980 564 summum
1032 521 1142 562 non
1185 520 1330 573 esse,
1363 514 1417 561 et
1445 521 1474 560 a
1516 506 1629 561 tuis
1662 504 1807 559 nihil
1855 503 2086 562 ditiorre

448 630 455 641 ε
506 608 752 669 putares,
785 599 1142 669 equitumque
1182 597 1387 653 virtute
1419 600 1474 651 in
1524 611 1645 653 eam
1683 597 1971 668 regionem
2016 598 2085 651 ad

404 692 415 698 ’
504 690 763 746 montium
790 705 952 759 usque
974 696 1028 744 et
1054 688 1248 743 Libani
1278 689 1446 779 ipsius
1469 689 1691 760 fastigia
1730 702 2083 759 progressum

502 799 661 850 csse;
690 799 966 849 cupressos
999 783 1260 854 denique,
1296 791 1347 838 et
1381 784 1565 840 cedros
1594 783 1820 855 (quibus
1856 784 1998 838 elata
2031 791 2087 838 et

502 876 735 946 superba
761 884 1085 931 caaterarutn
1127 876 1372 947 gentium
1402 890 1571 948 regna
1610 876 1914 949 signiﬁcat)
1956 893 2083 931 sue-

501 967 715 1022 cidisse.

569 1057 840 1113 Caeterum
883 1071 986 1128 pro
1033 1058 1319 1127 cupressis,
1379 1057 1575 1114 abietes
1615 1057 1846 1130 Aquila;
1877 1057 2086 1125 iunipe-

499 1165 588 1204 ros
618 1148 1029 1219 Symmachus;
1070 1149 1326 1220 idemque
1349 1166 1448 1221 pro
1472 1153 1654 1207 verbis
1691 1153 1833 1217 istis,
1869 1153 1925 1205 in
1959 1151 2087 1205 alti-

501 1241 730 1297 tudinem
782 1243 954 1311 partis
1008 1247 1202 1309 saltus,
1262 1244 1393 1309 alia,
1451 1246 1508 1299 in
1547 1245 1891 1300 altitudinem
1940 1260 2086 1299 sum-

498 1333 705 1394 mitatis
768 1334 933 1402 ipsius
997 1334 1052 1387 in
1102 1341 1325 1400 saltum,
1375 1336 1660 1404 usurpavit
1706 1353 1721 1390 :
1778 1342 1839 1391 ut
1910 1334 2085 1406 ipsius

496 1423 738 1479 Carmeli
778 1423 989 1480 sterilia
1033 1424 1187 1491 loca;
1229 1439 1327 1495 per
1358 1425 1559 1479 saltum
1598 1424 1860 1496 denique,
1892 1432 2081 1497 gentes

502 1514 595 1569 Dei
646 1514 960 1584 cognitione
988 1514 1229 1582 privatas
1260 1514 1621 1585 signiﬁcaret.
1676 1516 1756 1571 Eo
1811 1523 2079 1587 praeterea

503 1603 828 1659 temeritatis
859 1612 912 1659 ct
942 1602 1269 1674 arrogantia:
1297 1619 1624 1677 progressus
1666 1620 1751 1672 es,
1783 1613 1844 1659 ut
1869 1616 2082 1677 pontem

501 1705 548 1749 te
580 1695 819 1763 posuisse
852 1693 1103 1764 adjicias,
1133 1710 1401 1765 aquasque
1431 1695 1726 1763 desolasse,
1778 1705 1830 1752 et
1874 1713 2081 1752 omnem

2195 528 2312 581 ρειν
2337 511 2447 565 τῶν
2490 512 2599 566 ὑπὸ
2635 514 2718 567 σοὶ
2756 515 3061 582 γεγονότων
3114 514 3253 570 θεῶν
3274 556 3290 583 ,
3322 520 3417 572 καὶ
3455 520 3639 593 ἱππικῇ
3668 523 3749 576 δυ-

2195 604 2356 675 νάμει
2405 605 2504 674 τῆς
2544 604 2740 659 ἑαυτοῦ
2782 606 3187 679 ἀναϐεϐηκέναι
3234 610 3385 679 πρὸς
3420 610 3574 679 ὕψος
3614 614 3750 682 ὀρῶν·

2193 694 2290 748 καὶ
2324 695 2416 747 ἐπ’
2453 695 2685 764 ἐσχάτου
2720 693 2982 749 Λιϐάνου
3033 698 3436 764 κυπαρίττους
3486 697 3752 756 ἀποκεκο-

2191 787 2387 857 ςρέναι,
2412 789 2511 843 καί
2544 787 2817 857 κέδρους,
2842 788 3020 861 δηλῶν
3047 789 3146 854 τὰς
3184 788 3502 861 ἑπηρμένας
3524 792 3627 846 τῶν
3652 792 3752 848 λοι·

2192 880 2313 935 πῶν
2347 880 2518 936 ὲθνῶν
2545 881 2848 952 βασιλείας.

2263 1059 2376 1123 Τὰς
2401 1059 2459 1113 δὲ
2497 1061 2907 1129 κυπαρίττους
2932 1062 2961 1115 ὁ
3000 1060 3103 1130 μὲν
3143 1060 3378 1124 Ἀκύλας
3404 1060 3634 1127 ἐλάτας,
3658 1062 3687 1115 ό
3705 1064 3755 1117 δὲ

2192 1153 2493 1225 Σύμμαχος
2524 1155 2862 1222 ἀρκεύθους
2895 1154 3183 1219 ἐξέδωκεν.
3223 1155 3335 1207 Καὶ
3384 1154 3506 1206 ἀντὶ
3532 1153 3644 1217 τοῦ,
3680 1158 3755 1222 είς

2190 1243 2352 1311 ὕψος
2405 1242 2629 1314 μέρους
2676 1243 2787 1297 τοῦ
2843 1244 3096 1314 δρυμοῦ,
3130 1245 3221 1308 εἰς
3263 1243 3426 1321 ὕψος
3456 1243 3561 1295 τοῦ
3588 1243 3754 1311 ἄκρου

2189 1331 2378 1387 αὐτοῦ
2426 1334 2515 1398 είς
2563 1331 2672 1385 τὸν
2724 1330 2977 1400 δρυμὸν,
3015 1330 3107 1384 τοῦ
3152 1327 3452 1400 Καρμήλου
3505 1328 3661 1381 αὑτοῦ
3696 1328 3754 1381 τὰ

2190 1423 2442 1495 ἄκαρπα,
2475 1424 2572 1477 καὶ
2624 1423 2760 1477 Θεὸν
2801 1423 2903 1477 οὐκ
2943 1423 3126 1477 εἰδότα
3184 1421 3337 1492 ἔθνη,
3379 1419 3610 1483 καλέσας
3635 1420 3754 1487 δρυ-

2185 1515 2326 1585 μόν.
2381 1513 2811 1584 ’Δπηυθαδίζετο
2847 1512 2904 1567 δὲ
2939 1516 3163 1567 κακεῖνο
3206 1508 3488 1582 προσθεὶς.
3518 1509 3613 1563 καί
3640 1509 3752 1577 ἐθη-

2188 1620 2270 1658 κα
2316 1603 2608 1673 γέφυραν,
2657 1603 2759 1657 καί
2813 1602 3107 1672 ἠρήμωσα
3154 1600 3380 1660 ὕδατα,
3427 1598 3523 1653 καί
3570 1596 3754 1653 πᾶσαν

2190 1698 2559 1764 συναγωγὴν
2588 1693 2845 1749 ὑδάτων.
2881 1694 2952 1746 Ἢ
2984 1691 3126 1747 κατὰ
3149 1689 3472 1761 Σύμμαχον,
3498 1688 3607 1757 ἐγὼ
3623 1687 3752 1757 dpu-

499 1786 958 1856 rougregatiouem
1002 1802 1307 1856 aquarum;
1340 1794 1434 1841 aut
1478 1788 1783 1843 secundum
1824 1788 2079 1861 Symma-

2188 1784 2266 1849 εα
2289 1784 2389 1837 καί
2419 1784 2595 1838 ἔπιον
2624 1782 2803 1851 ὕδωρ.
2831 1782 2932 1836 καὶ
2965 1780 3261 1851 ἠρήμωσα
3301 1779 3373 1833 ἐν
3409 1780 3559 1848 ἴχνει
3589 1777 3750 1843 ποδός

498 1876 686 1941 chum,
722 1874 919 1944 [odisse
944 1883 1013 1943 te,
1041 1884 1091 1929 et
1134 1876 1327 1931 bibisse
1356 1893 1574 1947 aquam,
1601 1878 1851 1950 pedisque
1885 1879 1964 1932 tui
2000 1894 2082 1934 ue-

498 1968 655 2038 stigio
708 1966 899 2035 ﬂuvios
956 1981 1137 2021 omnes
1196 1966 1425 2038 (quibus
1475 1971 1724 2040 gentium
1763 1969 2080 2038 multitudo,

495 2072 798 2128 earumque
842 2057 910 2113 de
943 2057 1051 2114 diis
1085 2058 1374 2129 opiniones
1409 2060 1772 2133 indicantur)
1811 2056 2080 2116 cohaeren-

495 2156 574 2202 tes
622 2146 931 2211 desolasse;
986 2146 1254 2217 nullaque
1296 2162 1355 2202 re
1384 2148 1649 2216 praeclara
1699 2148 1872 2217 magis
1917 2162 2082 2218 quam

497 2239 805 2309 regionum,
851 2237 1117 2294 adversus
1166 2252 1307 2308 quas
1343 2238 1588 2305 movisti,
1617 2239 1926 2294 vastatione
1966 2238 2085 2310 glo-

495 2328 677 2384 rieris.
714 2328 855 2384 Sunt
902 2335 1111 2395 tamen,
1160 2330 1255 2400 qui
1308 2328 1503 2385 Libani
1535 2329 1781 2397 nomine,
1823 2344 1936 2385 non
1983 2327 2083 2384 Ju-

493 2420 740 2475 datorum
775 2420 1052 2492 regionem
1083 2427 1322 2487 tantum,
1351 2421 1448 2478 sed
1487 2428 1543 2477 et
1585 2437 1706 2477 eam
1738 2423 1926 2488 etiam,
1961 2436 2087 2492 qua;

494 2524 524 2562 a
558 2510 746 2565 decem
781 2511 1039 2567 tribubus
1067 2518 1395 2582 occupatur,
1443 2512 1673 2582 intelligi
1709 2512 1903 2570 velint.
1943 2512 2087 2568 Altae

493 2601 639 2657 enim
671 2611 727 2658 et
770 2603 1003 2659 excelste
1049 2604 1226 2659 ambae
1286 2603 1528 2671 fuerunt,
1592 2618 1721 2659 cum
1772 2604 2079 2675 adiutorem

493 2692 666 2748 Deum
714 2693 1046 2748 habuerunt.
1099 2690 1443 2764 Frequentes
1482 2693 1682 2749 deinde
1718 2701 1775 2748 et
1818 2696 2079 2765 copiosas,

493 2802 618 2858 qua:
647 2794 728 2841 tot
759 2786 968 2842 incolis
1015 2785 1388 2841 abundarunt.
1440 2784 1687 2850 Quarum
1738 2785 1915 2841 altera
1963 2787 2078 2857 jam

495 2892 729 2951 prorsus
757 2886 1050 2948 occupata,
1087 2878 1314 2933 alteram
1344 2877 1512 2932 etiam
1558 2891 1639 2941 se,
1683 2880 1876 2947 paucis
1917 2892 2081 2935 exce-

496 2971 627 3042 ptis,
660 2971 878 3041 pr0pria
909 2970 1113 3024 virtute
1142 2967 1417 3038 adiecisse
1460 2966 1567 3023 sibi
1615 2982 1743 3023 cum
1774 2967 1941 3041 425
1970 2968 2081 3026 As-

489 3063 680 3135 syrius
710 3069 926 3133 putaret
956 3078 971 3116 :
1008 3059 1303 3133 subjugato
1347 3058 1568 3115 israelis
1598 3072 1769 3130 regno
1817 3059 1967 3131 quod
1995 3060 2081 3115 al-

2178 1893 2302 1946 μου
2351 1876 2587 1941 πάντας
2647 1874 2955 1944 ποταμοὺς
3007 1873 3488 1941 συνεχομένους,
3535 1868 3602 1923 τὰ
3654 1869 3749 1922 τῶν

2184 1966 2357 2021 ἐθνῶν
2413 1966 2614 2037 πλήθη,
2648 1967 2745 2020 καὶ
2790 1968 2919 2029 τοὺς
2984 1965 3116 2036 ιιτερλ⁸
3155 1964 3298 2017 θεῶν
3353 1963 3546 2031 λόγους
3593 1960 3749 2014 αὐτῶν

2182 2057 2579 2128 αἰνιττόμενος,
2609 2057 2706 2111 καὶ
2726 2057 2815 2109 ἐπ’
2845 2056 3024 2109 οὐδενὶ
3055 2055 3155 2126 μὲν
3185 2053 3404 2124 ἀγαθῷ,
3460 2052 3545 2105 ἐπ’
3584 2052 3747 2120 ἀφανι-

2184 2147 2307 2220 σμῷ
2335 2148 2394 2203 δὲ
2417 2142 2494 2204 ὧν
2522 2147 2696 2219 ἐπέϐη
2732 2148 2951 2220 χωρίων
2997 2145 3382 2217 καυχώμενος.
3414 2143 3566 2207 Τινὲς
3585 2142 3639 2196 δὲ
3664 2142 3747 2212 τὴν

2181 2239 2293 2295 τῶν
2328 2239 2601 2296 Ἰουδαίων
2642 2237 2827 2311 χώραν
2875 2239 3138 2294 Λίϐανον
3194 2234 3455 2309 εἰρῆσθαί
3500 2250 3647 2304 φασι,
3669 2233 3747 2287 καὶ

2181 2331 2283 2403 τὴν
2312 2330 2370 2385 ιν
2396 2325 2430 2404 ᾖ
2463 2329 2750 2402 κατῴκουν
2779 2331 2838 2384 ui
2869 2330 2901 2386 t'
2930 2330 3123 2400 φυλαίο
3153 2327 3394 2398 ὑψηλαὶ
3425 2326 3521 2398 μὲν
3545 2324 3646 2396 γὰρ
3667 2325 3749 2379 αὖ·

2181 2422 2297 2489 ταὶ,
2356 2421 2491 2475 Θεὸν
2546 2421 2771 2492 ἔχουσαι
2823 2421 3040 2492 βοηθόν.
3104 2420 3334 2474 Δασείαι
3389 2418 3446 2472 δὲ
3494 2415 3748 2478 τοσούτους

2183 2513 2404 2585 ἔχουσαι
2431 2513 2559 2577 τοὺς
2584 2513 2898 2585 οίκήτορας,
2925 2505 3002 2567 ὧν
3028 2512 3129 2583 τὴν
3173 2511 3279 2582 μὲν
3322 2505 3434 2563 εἷλε
3477 2508 3745 2572 παντελῶς,

2181 2606 2283 2679 τὴν
2312 2606 2372 2661 δὲ
2400 2604 2542 2678 πλὴν
2568 2603 2870 2675 ὀλίγων,ἃς
2892 2605 3174 2676 ἐνόμισας,
3202 2603 3400 2676 φησὶν,
3429 2603 3530 2675 ἰδίᾳ
3548 2602 3746 2674 δυνάμει

2181 2696 2576 2769 χειρώσασθαι,
2608 2697 2703 2751 καὶ
2755 2696 3027 2769 κρατῆσαι
3058 2695 3167 2765 τῆς
3216 2693 3442 2766 Ἰσραὴλ
3482 2691 3744 2765 βασιλείας,

2180 2789 2250 2861 ἢν
2283 2788 2547 2843 ἐκάλεσεν
2575 2789 2737 2858 ὕψος
2796 2788 3049 2857 κέδρου,
3090 2788 3286 2856 μέρος
3321 2787 3381 2840 δὲ
3426 2784 3658 2854 δρυμοῦ,
3697 2784 3745 2838 τὸ

2181 2884 2283 2954 τῆς
2318 2882 2579 2945 Ἰουδαίας
2614 2880 2915 2945 ἀπολωλός.
2971 2874 3107 2934 Εἶτα
3151 2880 3290 2950 περὶ
3334 2880 3587 2950 γεφύρας
3613 2876 3744 2947 φησι,

2183 2974 2285 3030 καί
2330 2968 2617 3043 ποταμῶν
2654 2969 3124 3042 ἀφανιζομένων,
3165 2969 3320 3041 ᾇπερ
3363 2968 3576 3023 ἐποίουν
3596 2967 3643 3021 oi
3665 2965 3745 3034 τῆς

2197 3067 2384 3131 Ἀσίας
2429 3064 2784 3137 κρατοῦντες,
2843 3064 3171 3136 πολυχειρίᾳ
3221 3062 3574 3135 θαρροῦντες.
3631 3061 3744 3124 Τοὺς

496 3120 778 3212 titudiuem
800 3152 948 3210 cedri
976 3120 1235 3219 vocavil;
1271 3149 1547 3208 ellum
1580 3120 1776 3217 altero,
1807 3120 1952 3221 q-uod
1982 3166 2079 3223 per

2337 3120 2447 3231 γὰρ
2472 3120 2831 3229 ⁸ἐγεφύρουν·
2869 3120 3355 3225 refusum;
3388 3156 3451 3210 '0
3493 3120 3552 3209 si

493 3252 670 3307 saltus
690 3259 893 3321 partem
912 3247 1241 3319 designavit,
1264 3247 1571 3317 potiturum
1595 3260 1657 3301 se
1677 3244 2071 3301 arbitrabatur.

484 3340 759 3412 Sequitur
798 3340 908 3395 alia
931 3333 1206 3407 de'psttte,
1234 3336 1412 3408 deque
1437 3335 1750 3407 ﬂuminibus
1791 3336 2076 3393 exsiccatis

490 3432 766 3503 jactatio:
819 3430 1002 3503 qualia
1042 3429 1113 3484 ab
1168 3428 1315 3485 Asiae
1374 3427 1620 3499 regibus,
1675 3428 1770 3499 qui
1834 3429 2074 3484 militum

494 3522 846 3578 multitudine
899 3519 1300 3592 gloriabantur,
1350 3516 1496 3572 facta
1541 3525 1866 3573 narrantur.
1918 3516 2076 3591 Legi-

482 3627 621 3668 .mus
679 3610 825 3667 enim
875 3618 931 3666 et
980 3610 1175 3680 fluvios
1226 3618 1381 3678 ponte
1420 3607 1709 3677 junxisse;
1739 3616 1795 3664 et
1839 3607 2078 3665 Xerxem

494 3703 946 3776 Hellespontum;
973 3711 1032 3759 et
1057 3702 1358 3758 exhaustos
1384 3700 1692 3755 bibentium
1717 3702 2077 3759 multitudine

492 3811 687 3852 amnes
714 3794 885 3851 fluere
924 3794 1177 3849 desiisse.
1234 3793 1339 3847 Sed
1372 3806 1485 3847 non
1537 3800 1632 3847 tua
1672 3803 1822 3859 sunt,
1853 3794 2076 3866 inquit,

2183 3247 2280 3304 καὶ
2309 3248 2404 3303 τὸν
2440 3248 2853 3320 Ἑλλήσποντον.
2898 3246 2963 3298 Οί
3006 3244 3063 3299 δὲ
3093 3241 3401 3298 ἀπέλειπον
3427 3243 3518 3297 ὑπ’
3555 3241 3742 3296 ἐκείνων

2182 3340 2467 3412 γενόμενοι
2497 3338 2576 3410 τῷ
2615 3339 2728 3392 τῶν
2776 3336 3041 3392 πινόντων
3069 3336 3171 3390 οὐκ
3215 3335 3538 3405 ἀντέχοντες
3561 3329 3741 3401 πλήθει.

2193 3431 2335 3484 Ἀλλ’
2388 3447 2583 3484 ουστον
2604 3439 2635 3480 ει
2679 3429 2798 3482 ἐστὶ
2851 3426 3029 3481 ταῦτα
3057 3464 3074 3491 ,
3097 3426 3296 3496 φησίν.
3344 3424 3485 3494 Ἐγὼ
3520 3423 3619 3494 γὰρ
3645 3434 3743 3473 κατ’

2183 3522 2431 3589 ἐκείνων,
2499 3519 2595 3576 τοῦ
2662 3520 2856 3574 παθεῖν
2911 3521 3005 3574 τὸν
3066 3518 3192 3589 ὅρον
3253 3517 3543 3588 ἐξήνεγκα.
3592 3514 3657 3567 Σὺ
3699 3510 3743 3565 δὲ

2172 3617 2285 3686 ,τὴν
2365 3614 2497 3686 παρ’
2583 3612 2710 3682 ἐμοὶ
2787 3610 3072 3682 πρόπαλαι
3161 3608 3477 3680 κρατοῦσαν
3550 3601 3743 3673 γνώμην

2182 3705 2459 3778 ἠγνόηκας
2507 3703 2639 3775 περὶ
2679 3701 2782 3773 τῆς
2826 3702 2937 3756 τῶν
2983 3699 3331 3756 ἀσεϐούντων
3381 3696 3641 3757 ἀπωλείας
3670 3692 3739 3745 ἐθ-

2186 3812 2319 3850 νων.

498 3892 631 3947 ista.
675 3888 791 3961 Ego
818 3890 964 3945 enim
996 3889 1246 3944 laborum
1271 3885 1382 3941 illis
1411 3885 1765 3957 patiendique
1790 3890 2087 3945 terminum
2125 3888 2315 3945 defixi.
2346 3889 2418 3943 At
2444 3893 2526 3954 tu,
2565 3900 2688 3957 qua:
2721 3883 2857 3941 mihi
2891 3882 3213 3955 jamdudum
3258 3890 3408 3939 certa
3440 3882 3659 3941 constat,
3684 3872 3737 3927 de

494 3981 787 4052 impiarum
814 3979 1057 4050 gentium
1093 3978 1345 4040 interitu,
1378 3978 1705 4033 sententiam
1744 3991 1922 4033 meam
1968 3994 2084 4035 non
2121 3979 2297 4035 vides.
2570 3990 2579 3997 '

564 4072 667 4139 Qui
698 4084 828 4127 vero
856 4069 924 4125 de
966 4066 1218 4123 Samaria
1250 4074 1304 4121 et
1332 4062 1520 4121 Judaa
1554 4065 1664 4121 dici
1699 4067 2079 4123 arbitrantur:

2256 4068 2324 4123 οι
2352 4067 2408 4120 δὲ
2438 4066 2567 4135 περὶ
2598 4065 2918 4137 Σαμαρείας
2949 4063 3047 4119 καὶ
3074 4064 3176 4135 τῆς
3222 4063 3482 4141 ⁹ίουδαίας
3522 4060 3733 4120 εἰπόντες

494 4164 733 4219 Docebat
782 4170 856 4229 te,
916 4161 1107 4227 aiunt,
1141 4158 1439 4230 prophetas
1489 4174 1644 4216 meos
1701 4159 1976 4225 evolvere,
2024 4168 2079 4216 et

2186 4161 2462 4233 εἰρῆσθαι,
2479 4159 2639 4231 Ἑξῆν
2656 4175 2761 4226 σοι,
2786 4159 2942 4229 φασὶ,
2969 4162 3085 4222 τοῖς
3107 4159 3265 4228 ἐμοῖς
3287 4158 3528 4229 ἐντυχεῖν
3555 4152 3733 4225 προφή-

480 4271 618 4327 quae
649 4254 716 4310 de
770 4254 880 4308 illis
908 4251 1171 4324 praedicta
1216 4257 1369 4314 sunt,
1417 4265 1650 4322 quaeque
1683 4260 1736 4307 te
1761 4250 1883 4322 ipso
1930 4267 2079 4309 nunc

2186 4271 2325 4319 ταις,
2376 4253 2472 4308 καὶ
2498 4252 2704 4322 γνῶναι
2743 4253 2815 4306 τὰ
2842 4236 3318 4323 προθεσπισθέντα
3350 4248 3479 4321 περὶ
3501 4245 3681 4303 αὐτῶν,
3704 4240 3734 4294 ἃ

491 4365 653 4414 usus,
718 4355 982 4417 tanquam
1037 4345 1429 4409 instrumento,
1483 4344 1666 4416 reipsa
1722 4345 1974 4414 compleo
2022 4354 2079 4401 et

2186 4346 2278 4401 νῦν
2312 4348 2392 4410 είς
2420 4344 2583 4417 ἔργον
2607 4343 2829 4413 ὀργάνῳ
2863 4359 2947 4396 σοι
2981 4341 3332 4413 χρησάμενος
3358 4342 3580 4440 ἤγαγον.
3617 4333 3732 4435 Ἑμῇ

488 4446 718 4511 praesto,
777 4437 1106 4505 intelligere.
1159 4433 1267 4489 Eos
1319 4436 1523 4490 etenim
1579 4436 1869 4490 clementia
1926 4450 2071 4502 mea,

2186 4437 2291 4509 γὰρ
2317 4434 2508 4503 ὥσπερ
2537 4432 2689 4502 χειρί
2718 4432 2944 4494 τούτους
2977 4433 3045 4501 τῇ
3076 4431 3402 4502 ἀνεξικακίᾳ
3440 4422 3732 4497 δωκρστῶν,

495 4530 665 4586 veluti
683 4530 883 4594 'maau,
915 4526 1011 4582 diu
1041 4532 1276 4590 tutatus,
1304 4535 1598 4604 postquam
1635 4524 1704 4579 ad
1729 4523 2071 4583 Salvatorem

2186 4526 2308 4582 tusi.
2339 4524 2415 4596 μὴ
2441 4524 2782 4595 ἐπέστρεφον
2828 4522 2967 4593 πρὸς
3011 4522 3106 4575 τὸν
3138 4522 3368 4595 Σωτῆρα
3394 4521 3484 4575 τὸν
3531 4512 3730 4575 ἑαυτῶν,

490 4637 655 4678 suum
704 4621 888 4676 redire
922 4618 1073 4673 nolle
1127 4617 1376 4681 adverti,
1410 4616 1479 4671 ad
1533 4625 1582 4671 to
1630 4618 1847 4683 remisi;
1896 4634 2079 4690 neque

2186 4616 2383 4686 ἀνῆκά
2438 4631 2541 4670 σοι
2585 4613 2834 4679 τούτους,
2890 4615 2986 4668 καὶ
3027 4613 3149 4668 τότε
3197 4614 3432 4684 γέγονας
3468 4605 3730 4679 ἐγκρατήςο

480 4716 648 4785 prius
678 4713 733 4768 in
763 4721 913 4767 tuam
942 4716 1274 4782 potestatem
1308 4716 1602 4764 venerunt.
1640 4707 1723 4763 Illi
1751 4711 1921 4775 enim,
1950 4725 2079 4766 cum

480 4807 673 4862 {metu
707 4812 953 4870 careant,
988 4801 1223 4873 θωπιίηὶ
1270 4800 1396 4870 ipsi,
1427 4799 1649 4871 fanaque
1699 4808 1955 4856 tectorum
2002 4803 2081 4858 si-

490 4899 671 4963 miles,
716 4895 1137 4967 nullo‘amplius
1171 4892 1379 4947 auxilio
1411 4890 1669 4962 protecti,
1714 4903 2076 4957 exaruerunt;

488 4990 637 5061 quod
665 5004 774 5044 non
820 4987 973 5059 passi
1006 4996 1214 5052 essent,
1259 4986 1305 5042 si
1362 4986 1568 5041 vineam
1622 4995 1717 5039 aut
1760 4984 1963 5040 olivam
2018 4999 2079 5042 se

489 5097 616 5138 esse
648 5083 996 5138 maluissent.
1025 5080 1110 5136 Ad
1139 5096 1262 5147 quae
1295 5090 1352 5136 tu
1378 5094 1505 5135 cum
1549 5087 1790 5135 mentem
1832 5093 1942 5134 non
1974 5079 2074 5134 ad-

487 5178 755 5237 verteres,
781 5171 1006 5226 civitate
1036 5184 1155 5227 mea
1198 5170 1316 5240 pari
1371 5168 1537 5224 modo
1563 5168 1868 5239 potiturum
1899 5176 1953 5223 te
1982 5182 2076 5222 ar-

491 5264 734 5318 bitratus
757 5277 840 5318 es.
868 5260 1058 5331 Neque
1082 5263 1228 5316 enim
1266 5261 1651 5332 cogitationum
1681 5268 1897 5313 tuarum
1938 5260 2076 5315 mihi

489 5357 712 5429 ignotus
762 5362 848 5410 est
905 5365 1154 5421 sensus;
1205 5353 1318 5410 imo
1383 5369 1454 5410 ne
1506 5353 1637 5425 quid
1686 5352 1793 5407 illae
1844 5353 2072 5422 quidem

482 5449 735 5516 primum,
769 5444 899 5517 quid
942 5453 1268 5515 postremum
1305 5444 1532 5515 agitent.
1586 5439 1843 5497 Nonnulli
1880 5443 2071 5512 quietis

2191 4708 2473 4777 Ἄκαρποι
2502 4705 2613 4777 γὰρ
2635 4704 2811 4768 ὄντες,
2838 4704 3126 4774 ἀτρώστει
3153 4704 3253 4759 καί
3270 4704 3462 4773 χόρτῳ
3479 4696 3732 4762 είκάζοντο

2178 4797 2483 4869 δωμάτων,
2522 4797 2618 4851 καὶ
2654 4796 2852 4867 μηκέτι
2915 4795 3320 4859 σκεπασθέντες
3350 4788 3729 4860 ἀπεξηράνθη’

2178 4904 2322 4955 σαν,
2349 4889 2488 4959 ὅπερ
2520 4887 2621 4942 οὐκ
2644 4886 2713 4942 ἂν
2742 4887 2946 4943 ἔπαθον
2986 4887 3255 4959 ἄμπελος
3283 4887 3317 4958 ἢ
3348 4887 3498 4953 ἔλαια
3554 4876 3729 4947 τυγχά-

2178 4996 2382 5045 νοντες.
2411 4980 2486 5033 Σὺ
2526 4980 2585 5034 δὲ
2633 4978 2710 5051 μὴ
2755 4977 2930 5033 ταῦτα
2976 4980 3190 5051 φρονῶν
3232 4978 3410 5051 ἀήθης
3444 4986 3467 5015 τ
3523 4973 3611 5027 καὶ
3648 4969 3729 5037 τῆς

2178 5073 2322 5143 ἐμῆς
2354 5071 2563 5136 πόλεως
2605 5073 2665 5125 ὲν
2689 5070 2864 5143 ὁμοίῳ
2911 5073 3156 5143 κρατεῖν.
3188 5071 3261 5125 Οὐ
3285 5069 3394 5141 γὰρ
3434 5063 3602 5134 ἀγνοῶ
3629 5074 3727 5114 σου

2177 5166 2290 5231 τὰς
2321 5164 2707 5234 ἐνθυμήσεις,
2743 5162 2866 5219 οὐδὲ
2913 5163 3028 5231 τὴν
3054 5162 3295 5219 εισοδόν
3326 5178 3386 5215 τε
3424 5158 3514 5214 καὶ
3537 5150 3728 5218 ἔξοδον

2184 5253 2440 5309 τῶνσῶν
2466 5252 2771 5326 λογισμῶν.
2807 5253 2963 5317 Τινὲς
2991 5253 3050 5307 δὲ
3089 5253 3183 5308 τὸν
3210 5252 3309 5323 μὲν
3341 5249 3560 5304 θάνατον
3584 5235 3724 5296 αὑτοῦ

2184 5344 2274 5400 διὰ
2301 5344 2408 5413 τῆς
2447 5345 2847 5412 ἀναπαύσεως
2872 5344 3165 5414 δηλοῦσθαί
3194 5360 3372 5414 φασιν.
3407 5333 3651 5393 Είσοδον
3674 5326 3722 5380 δὲ

2182 5438 2283 5492 καί
2313 5436 2553 5504 ἔξοδον,
2583 5436 2683 5510 τὴν
2731 5439 2789 5493 ὲν
2830 5436 2994 5492 παντὶ
3034 5435 3147 5493 τῶν
3178 5432 3459 5508 πρακτέων
3482 5425 3609 5481 ὁδόν.
3636 5415 3720 5475 M-

1762 5615 2002 5675 VARIAE.
2040 5615 2451 5703 manemus.

567 5720 597 5763 «ι
622 5725 718 5785 γρ.
750 5712 882 5770 ἀλλ’
913 5713 975 5768 ού
1006 5710 1125 5767 σού.
1207 5722 1328 5784 trp.
1360 5709 1572 5783 ᾠήθης.
