3950 6398
209 342 353 411 2321

1373 348 1908 414 COMMENTARII
1946 348 2031 412 IN
2055 349 2343 412 ISAIAM.

3330 355 3498 423 2322‘

211 470 322 523 γων
348 452 407 507 δὲ
427 452 504 519 ὡς
531 455 571 522 ἡ
599 457 806 525 πικρία
828 472 946 514 σου
971 459 1159 530 ἀνέϐη
1202 463 1353 533 πρός
1391 482 1470 535 με
1492 506 1510 530 ,
1562 465 1598 536 ἦ
1648 465 1783 522 κατὰ

1895 465 2139 533 nomine,
2168 471 2403 520 mortem
2435 463 2593 536 ejus;
2634 474 2731 534 per
2760 463 3043 520 introitum
3071 471 3253 522 autem
3282 476 3340 523 et
3367 473 3484 524 oxi-

212 542 527 613 Σύμμαχον,
568 546 608 613 ἠ
633 544 952 608 ἀλαζονεία
978 566 1097 605 σου
1145 554 1230 619 εις
1259 553 1334 608 τὰ
1379 549 1500 610 ὦτά
1521 573 1663 626 μου,
1693 573 1794 628 ση-

214 634 397 706 μαίνει
416 636 479 689 τὸ
511 637 610 692 νῦν
633 638 796 693 αὐτὸν
831 641 1052 709 ὑφέξειν
1088 644 1186 714 τὴν
1207 646 1300 699 ἐπὶ
1331 646 1544 714 τούτοις
1576 651 1792 722 ποινήν.

210 727 437 795 Λοιπὸν,
471 729 550 795 ὡς
584 733 716 803 περὶ
762 736 995 807 κτήνους
1022 738 1231 808 φησίν,’
1265 740 1455 810 Φιμὸν
1489 745 1641 799 κατὰ
1688 744 1797 799 τοῦ

209 820 511 889 στόματός
562 836 681 880 σου
728 829 1027 883 τοσοῦτον
1064 831 1320 902 ἐμϐαλῶ,
1375 834 1452 899 ὡς
1498 836 1594 891 καὶ
1624 838 1796 909 αὐτὴν

210 911 509 993 συνέχοντά
533 933 630 971 σου
658 918 758 990 τὴν
802 919 1081 994 ἀναπνοὴν
1114 924 1430 990 ἀποπνίξαι.
1479 926 1542 982 '0
1563 928 1622 983 δὲ
1651 930 1797 1001 Σὺμ-

209 1021 406 1074 μαχος,
437 1007 640 1083 Δώονω,
672 1010 829 1081 φησι,
862 1012 1078 1080 κρίκον
1111 1017 1200 1082 είς
1225 1016 1335 1071 τὸν
1351 1018 1630 1088 μυκτῆρὰ
1654 1037 1794 1091 σου,

206 1097 310 1149 καὶ
347 1099 608 1165 χαλινὸν
631 1104 720 1166 είς
740 1103 812 1158 τὰ
838 1106 1013 1173 χείλη
1039 1118 1180 1171 σου,
1221 1108 1298 1173 ὼς
1316 1110 1385 1165 ἂν
1417 1111 1492 1183 μὴ
1515 1111 1627 1182 ἔχοι
1657 1115 1797 1183 πρὸς

206 1187 236 1241 ὃ
252 1205 309 1241 τι
333 1188 482 1243 θέλοι
510 1196 739 1262 χωρεῖν,
763 1194 975 1250 ἕλκοιτο
1002 1197 1060 1250 δὲ
1082 1199 1163 1262 είς
1184 1200 1426 1256 τούπίσω
1457 1203 1596 1275 πρὸς
1619 1206 1799 1260 Βαϐυ-

205 1275 353 1331 λῶνα
378 1277 615 1347 βαδίζων
644 1282 739 1336 καὶ
762 1283 837 1354 μὴ
870 1283 1216 1356 βουλόμενος,
1245 1288 1280 1361 ἢ
1312 1291 1408 1346 καὶ
1435 1292 1610 1358 ἄλλως
1637 1295 1797 1349 ἀπειο

206 1368 288 1458 λεί
311 1368 570 1458 καθάπερ
597 1371 825 1440 χαλινῷ
854 1377 975 1440 ταῖς
1021 1378 1258 1449 πληγαῖς
1299 1382 1397 1453 τῆς
1446 1383 1798 1458 βλασφημίας

205 1455 492 1551 ἀπείρξειν
542 1460 726 1516 αὐτόν.
782 1463 971 1520 Ταῦτα
1031 1467 1134 1537 μὲν
1182 1465 1278 1525 οὖν
1336 1455 1604 1544 είρήσθω,
1637 1455 1795 1551 quiat,

207 1548 345 1639 προς
369 1549 587 1607 ἐκεῖνον
619 1555 712 1608 καὶ
762 1556 837 1628 μὴ
878 1560 1122 1631 παρόντα
1169 1562 1248 1634 τῷ
1274 1563 1511 1634 σώματι.
1543 1548 1709 1639 Πρὸς*
1735 1571 1797 1625 σὲ

204 1639 258 1692 δὲ
280 1638 431 1712 λέγω
458 1642 554 1696 τὸν
597 1644 868 1709 Ἐζεκίαν.
920 1651 1015 1715 Ei;
1046 1653 1096 1706 οι
1129 1653 1212 1708 δεῖ
1235 1664 1259 1694 ⁸
1310 1657 1539 1727 σημείου
1575 1638 1796 1715 τῶνεί-

207 1732 466 1803 ρημένων
504 1738 644 1809 πρὸς
689 1738 895 1806 πίστιν,
945 1742 1055 1798 ι’σθι
1101 1746 1211 1799 τὸν
1257 1750 1528 1817 παρόντα
1575 1751 1794 1808 τοῦτον

203 1822 484 1880 ἐνιαυτὸν
518 1827 646 1896 τοῖς
673 1832 1022 1902 αὐτομάτως
1048 1837 1376 1907 φυομένοις
1409 1840 1481 1896 ἐκ
1516 1842 1633 1914 γῆς
1656 1860 1793 1913 τρα-

204 1918 575 2008 φησξόμενος.
633 1921 957 1995 Γεωργῆσαι
1010 1928 1121 1999 γὰρ
1172 1930 1263 1985 διὰ
1312 1932 1439 1997 τοὺς
1494 1933 1792 2008 πολεμίους

204 2005 537 2098 κεᾼκὼλυσαι.
576 2011 722 2065 Ἀντί
765 2014 875 2085 γὰρ
914 2017 1010 2071 τοῦ
1040 2019 1060 2055 ι
1102 2018 1439 2091 ἐσπαρκας,
1484 2005 1793 2098 αὐτόματα

203 2096 405 2162 πάντες
451 2100 725 2166 ἐξέδωκαν
760 2106 811 2158 ot
848 2107 1045 2166 λοιποί.
1084 2111 1211 2178 Τλϊς
1248 2115 1306 2168 δὲ
1331 2118 1539 2173 τούτων
1564 2096 1791 2177 ὑπολοί-

202 2205 323 2252 ποις
373 2190 660 2246 ἐνιαυτὸν
712 2199 973 2269 τραφήσῃ
1018 2201 1127 2255 τὸν
1177 2204 1481 2276 δεύτερον.
1532 2212 1682 2267 ’Λντὶ
1731 2214 1790 2269 δὲ

199 2278 289 2333 τοῦ
324 2279 395 2332 τὸ
459 2283 853 2354 κατάλειμμα,
895 2288 1129 2355 ’Δκύλας
1194 2295 1295 2366 μὲν
1345 2298 1441 2352 καὶ
1494 2301 1789 2362 Θεοδοτίων

195 2369 497 2442 αὐτοφυῆ,
550 2376 581 2428 ό
633 2374 693 2429 δὲ
746 2376 1047 2452 Σύμμαχος
1097 2383 1221 2440 ἀπὸ
1277 2386 1543 2459 δένδρων
1593 2394 1789 2462 ἐξέδω-

198 2477 322 2517 καν.

263 2729 385 2829 Δύρ
411 2731 602 2829 ταῦτα
629 2740 1131 2829 στενοχωρηθέντες
1169 2743 1299 2815 ἐτη,
1325 2747 1415 2805 διὰ
1464 2751 1527 2806 τὸ
1550 2754 1650 2827 τὴν
1676 2757 1784 2829 χώ-

196 2838 299 2912 ραν
332 2821 603 2895 ὑπάρχειν
629 2827 817 2898 ἀργὸν,
843 2831 987 2887 κατὰ
1021 2834 1083 2888 τὸ
1130 2836 1335 2906 τρίτον
1376 2842 1532 2910 ἔτος,
1578 2821 1783 2912 τὰς-*ὲκ

320 2914 656 3007 ἀπολαύσεις
685 2920 1047 2991 καρπώσεσθε
1071 2930 1192 2980 κατ’
1220 2931 1445 3005 εἰρήνην
1480 2936 1778 3007 διάγοντες,

190 3003 238 3054 oi
271 3004 336 3057 ἐν
380 3005 608 3095 Ἰουδαίᾳ
656 3013 798 3080 μετὰ
842 3012 944 3084 τὴν
977 3014 1181 3072 ἅλωσιν
1204 3003 1523 3095 Σαμαρείας
1564 3003 1781 3086 dubitat;

1900 565 2032 623 tum,
2071 571 2191 613 eam
2223 557 2346 625 vias,
2380 572 2502 628 qua:
2532 556 2789 627 getendis
2827 556 2994 613 rebus
3038 558 3297 616 omnibus
3325 561 3491 616 adbi~

1898 646 2080 715 betur,
2115 649 2385 703 rationem
2415 654 2611 719 putant
2646 647 2949 720 designari.
2990 647 3148 716 Quod
3172 657 3364 705 autem
3393 666 3481 707 se-

1897 740 2107 810 quitur,
2166 740 2529 795 amarulentia
2578 750 2672 794 tua
2722 741 2795 794 ad
2858 755 2976 804 me;
3028 741 3116 796 vel
3172 742 3481 799 secundum

1899 829 2212 902 Symmachi
2242 830 2776 901 interpretationem,
2805 832 3118 902 arrogantia
3153 840 3247 886 tua
3277 833 3347 886 ad
3381 848 3491 886 au-

1896 939 1980 979 res
2005 937 2148 976 meas
2171 920 2582 993 ascerzdit;.jam
2627 936 2778 977 nunc
2822 921 3059 977 istorum
3106 925 3331 979 nomine
3364 938 3482 995 pae-

1895 1029 1997 1073 nas
2023 1030 2149 1072 eum
2175 1014 2564 1071 essedaturum
2582 1013 2881 1085 signiﬁcat.
2901 1013 3194 1085 Deinceps,
3214 1022 3480 1087 tanquam
3512 1054 3516 1060 -

1894 1106 1964 1163 de
2000 1106 2255 1177 iumento
2284 1104 2566 1175 loquatur,
2604 1111 2841 1173 tantum,
2887 1104 3089 1178 inquit,
3116 1104 3215 1160 Ori
3249 1115 3340 1161 tuo
3374 1107 3482 1162 sive

1893 1196 2105 1267 frenum
2153 1197 2262 1252 sive
2318 1195 2579 1250 circulum
2631 1212 2897 1266 apponam
2926 1236 2944 1258 ,
2996 1209 3058 1251 ut
3113 1197 3481 1268 respiratione

1894 1288 2176 1355 cohibita,
2214 1285 2478 1343 suﬁ‘oeari
2523 1285 2725 1341 valeas.
2777 1285 2851 1339 At
2877 1284 3261 1356 Symmachus,
3300 1283 3476 1350 Dabo,

1894 1377 2064 1451 426
2086 1377 2370 1449 inquit,.in
2412 1392 2572 1433 nares
2606 1385 2729 1431 tuas
2761 1376 3047 1442 annulum,
3093 1385 3141 1430 et
3185 1377 3393 1446 frenum
3422 1379 3480 1431 in

1897 1469 2044 1524 labia
2073 1478 2186 1536 tua,
2214 1482 2319 1533 ,ne,
2355 1483 2465 1538 quo
2514 1467 3257 1534 velis-abeas,.sedinvitus
3299 1467 3481 1539 Baby-

1893 1560 2075 1616 lonem
2107 1560 2431 1616 retraharis.
2481 1557 2809 1629 Quanquam
2863 1558 3003 1615 alias
3050 1558 3240 1626 etiam,
3280 1559 3477 1630 plagis,

1896 1656 2160 1719 tanquam
2201 1648 2376 1718 freno,
2411 1662 2443 1703 a
2472 1648 2833 1718 blasphemiis
2852 1663 2978 1704 eum
3001 1662 3064 1704 se
3093 1656 3483 1704 revocaturum

1897 1739 2145 1794 minitari
2176 1738 2451 1795 videatur.
2484 1740 2665 1810 Atque
2702 1739 2819 1795 haec
2861 1738 3108 1808 quidem,
3164 1738 3364 1810 inquit,
3411 1740 3481 1794 ad

1820 1808 1869 1868 Β
1894 1844 2046 1896 eum,
2082 1830 2211 1886 licet
2263 1830 2547 1886 absentem
2574 1808 2849 1899 corpore,
2885 1829 3035 1885 dicta
3087 1829 3219 1885 sint.
3241 1808 3255 1810 id
3292 1829 3377 1884 Ad
3427 1837 3481 1884 te

1888 1923 2003 1994 jam
2034 1902 2327 1979 Ezechiam
2359 1937 2480 1979 mea
2516 1930 2875 1979 convertatur
2916 1922 3117 1979 oratio.
3156 1922 3217 1979 Si
3240 1938 3351 1995 quo
3380 1922 3481 1981 tibi

1894 2012 2057 2084 signo
2090 2012 2157 2068 ad
2186 2026 2381 2068 eorum
2412 2011 2595 2081 ﬁdem,
2626 2028 2752 2085 quae
2795 2012 2943 2069 dicta
2992 2022 3144 2081 sunt,
3174 2029 3317 2086 opus
3347 2023 3435 2071 est
3461 2034 3476 2071 :

1893 2103 2034 2157 scito
2066 2109 2121 2158 te
2166 2118 2306 2156 anno
2351 2102 2455 2156 ista
2485 2102 2636 2157 rebus
2680 2118 2799 2173 qua:
2832 2112 3019 2173 sponte
3062 2114 3355 2159 nascuntur
3396 2107 3481 2160 vi-

1892 2202 2103 2246 cturum
2124 2234 2140 2260 ,
2168 2193 2263 2263 qui
2299 2202 2502 2249 terram
2531 2193 2716 2249 colere
2746 2202 2968 2264 propter
2996 2194 3184 2251 hostes
3200 2210 3316 2251 non
3347 2211 3477 2265 pos-

1891 2285 1987 2340 sis.
2025 2285 2165 2340 Nam
2217 2300 2340 2355 pro,
2384 2300 2509 2354 quae
2574 2286 2885 2351 scminasti,
2939 2287 3032 2341 alii
3088 2299 3304 2355 omnes,
3354 2304 3483 2358 qua

1889 2382 2076 2443 sponte
2129 2382 2448 2441 nascuntur,
2509 2373 2962 2444 interpretantur.
3012 2372 3252 2430 Istorum
3300 2386 3507 2431 autem,

1889 2469 2132 2540 reliquiis
2163 2484 2306 2523 anno
2344 2468 2573 2523 secundo
2600 2469 2897 2525 nutrieris.
2929 2468 3035 2525 Sed
3070 2484 3170 2541 pro
3202 2470 3503 2542 reliquiis..

1884 2563 2086 2634 Aquila
2133 2561 2354 2633 quidem
2401 2568 2460 2616 et
2509 2560 2819 2617 Theodotio
2865 2570 3052 2630 sponte
3090 2563 3256 2629 natis,
3311 2564 3475 2635 Sym-

1887 2654 2117 2712 machus
2139 2662 2324 2710 autem
2360 2653 2428 2708 ab
2463 2653 2746 2709 arboribus
2775 2663 3184 2726 expresserunt.
3229 2708 3234 2713 .

1972 2747 2072 2804 Vos
2133 2747 2343 2802 biennio
2405 2747 2510 2802 isto
2561 2747 2820 2803 toleratis
2867 2753 3095 2819 propter
3147 2747 3470 2819 impeditum

1884 2854 2047 2902 terra:
2077 2845 2309 2907 cultum,
2344 2844 2573 2916 agrique
2605 2844 2972 2900 cessationem
3019 2844 3325 2914 angustiis',
3367 2851 3483 2899 ter-

1886 2940 1959 2994 tio
1994 2937 2218 2993 demum
2263 2935 2563 3006 tranquille
2610 2934 2870 3005 degentes
2900 2933 3118 2991 fructus
3169 2942 3333 2990 terrae
3366 2934 3487 3005 ipsi

1883 3027 2225 3099 percipietis,
2262 3025 2358 3096 qui
2396 3033 2521 3095 post
2549 3023 2823 3079 devictam
2863 3023 3170 3079 Samariam
3202 3023 3260 3080 in
3282 3022 3470 3081 Judtea

190 3109 306 3208 fut:
328 3094 504 3164 ῥίζαν
548 3100 609 3208 ὲῖδ
651 3100 798 3208 diu-adi
848 3103 1156 3208 θξοσεσείας
1204 3094 1516 3184 βαλόμενοι,
1560 3122 1656 3174 καὶ
1680 3123 1783 3194 τῆς

1886 3094 2211 3193 superstites
2245 3094 2429 3173 adhuc
2462 3116 2684 3187 pietatis
2724 3113 2930 3170 radices
2952 3114 3223 3171 in‘mente
3249 3115 3470 3187 egistis;

189 3186 342 3279 sui};
379 3189 658 3279 ἶεωργίας
714 3193 829 3247 ἀνω
877 3194 1150 3265 βλέποντα
1203 3204 1415 3273 καρπὸν
1448 3186 1780 3279 ἀποδώσετε,

187 3276 281 3329 διὰ
331 3276 492 3374 τοῦτο
539 3279 857 3374 σωζόμενοι.
894 3287 1051 3353 Τινὲς
1076 3288 1156 3354 δὲ,
1193 3293 1270 3347 Τὰ
1287 3292 1417 3364 δύο,
1442 3301 1644 3367 φασιν,
1673 3276 1781 3374 ἔτή

188 3370 581 3468 τραφήσεοίθε
608 3374 690 3468 ἐκ
706 3373 824 3430 τῶν
854 3377 1288 3449 ἀποτεθέντων,
1317 3386 1395 3451 ὡς
1414 3390 1474 3444 ἐν
1492 3370 1783 3468 πολιορκία

191 3462 450 3532 καρπῶν,
489 3465 638 3558 ᾇπερ
668 3467 859 3538 ἔτυχον
888 3470 1234 3542 σπείραντες.
1268 3477 1384 3534 Δύο
1406 3480 1518 3555 γὰρ
1564 3462 1786 3558 intust;

189 3572 388 3650 νεξντες
418 3564 448 3593 ¹¹
478 3556 584 3629 ἔτη
619 3563 686 3632 τῇ
721 3561 1027 3636 Σαμαρείᾳ.
1056 3565 1139 3632 τῷ
1175 3569 1352 3638 τρίτῳ
1384 3556 1785 3650 πεσούσηςήαύ-

299 3648 401 3741 τῆς
429 3653 687 3722 στρατιᾶς
708 3652 954 3726 θεηλάτῳ
973 3656 1179 3732 πληγῇ,
1206 3663 1384 3731 φυγὰς
1401 3647 1778 3741 ὑπεχώρησεν.

192 3740 268 3790 Τὸ
290 3740 352 3793 δὲ
394 3741 496 3811 τῆς
527 3742 795 3815 εὐθυμίας
844 3745 1065 3817 βέϐαιον
1093 3751 1172 3814 ὡς
1204 3752 1299 3805 ἐπὶ
1348 3756 1535 3825 φυτῶν
1648 3740 1783 3831 ῥίζα

189 3832 362 3902 δηλοῖ,
396 3833 458 3889 τὸ
480 3834 539 3890 δὲ
566 3835 922 3908 πολυχρόνιον
952 3839 1017 3894 τὸ
1056 3842 1151 3897 καὶ
1183 3843 1296 3898 ἄνω
1327 3846 1550 3919 σπέρμα
1582 3855 1779 3910 ποιεῖν.

189 3926 555 3992 Ζηλῶσαιδέ
585 3945 721 4001 φησι
757 3932 975 3999 Κύριος
1009 3940 1040 3973 ν
1074 3934 1191 4004 ἅμα
1237 3935 1358 4005 μὲν,
1386 3937 1461 4002 ὡς
1502 3940 1641 4013 ὑπὲρ
1684 3945 1782 3999 πό-

190 4016 331 4081 λεως
360 4017 500 4107 ἰδίας
526 4036 541 4049 ο
566 4017 684 4089 ἅμα
713 4019 793 4085 δὲ,
827 4021 924 4076 καὶ
946 4021 1036 4076 διὰ
1058 4023 1169 4088 τὰς.
1182 4027 1304 4079 κατ’
1332 4018 1499 4083 αύτοῢ
1531 4030 1778 4107 βλασφη-

193 4107 344 4176 μίας.
368 4106 538 4162 Σώσω
567 4108 645 4174 δὲ,
676 4111 862 4180 φησὶν,
896 4113 1062 4182 ὑμᾶς,
1094 4114 1184 4170 διὰ
1215 4114 1278 4169 τὸ
1298 4118 1509 4190 πρέπον
1535 4122 1681 4192 ἐμοί.
1714 4106 1779 4179 Εἰ

190 4196 246 4250 δὲ
303 4199 412 4270 χρὴ
452 4200 551 4253 καὶ
599 4200 771 4272 ἄνδρα
823 4205 1077 4274 τιμῆσαι,
1134 4206 1231 4260 καὶ
1279 4207 1355 4272 ὡς
1387 4210 1525 4280 πρὸς
1555 4212 1626 4267 τὰ
1652 4217 1719 4287 τῇ
1751 4224 1779 4253 ι

188 4290 374 4346 δοῦναι
418 4292 521 4366 τὴν
569 4294 848 4366 σωτηρίαν
893 4297 995 4368 τῆς
1032 4298 1259 4366 πόλεως,
1304 4301 1406 4355 διὰ
1455 4304 1636 4359 Δαϐίδ
1670 4307 1780 4362 τὸν

1883 3220 1940 3269 et
1970 3210 2322 3283 agriculturae
2359 3221 2494 3262 meae
2543 3220 2765 3263 sursum
2811 3212 3150 3276 spectantem
3202 3205 3469 3272 fructum,

1884 3304 1976 3376 qui
2012 3304 2073 3359 in
2106 3317 2233 3358 eum
2283 3300 2446 3356 ﬁnem
2497 3298 2705 3355 servati
2750 3297 2910 3362 estis,
2962 3296 3156 3352 edetis.
3206 3295 3471 3353 Nonnulli

1881 3410 2014 3451 vero
2041 3406 2209 3449 annos
2236 3391 2368 3447 duo:
2398 3389 2686 3446 reconditis
2711 3429 2727 3455 ,
2763 3397 3028 3459 tanquam
3059 3387 3129 3445 de
3178 3390 3474 3446 seminatis

1882 3496 2012 3543 ante
2044 3486 2344 3550 fructibus,
2382 3482 2693 3540 obsidionis
2723 3489 2971 3552 tempore
2996 3483 3228 3538 victuros
3254 3481 3470 3537 dicunt.

1884 3576 2113 3631 Biennio
2144 3575 2293 3632 enim
2331 3574 2389 3630 in
2438 3573 2689 3629 Samaria
2736 3571 3088 3637 immoratus,
3135 3573 3291 3628 tertio
3344 3581 3473 3627 tan-

1883 3664 2030 3731 dem,
2063 3665 2219 3734 plaga
2248 3662 2517 3718 divinitus
2559 3667 2807 3730 accepta,
2838 3660 3022 3741 fugam
3070 3659 3325 3730 arripuit.
3369 3658 3471 3717 Sc-

1881 3757 2133 3812 curitatis
2178 3754 2379 3811 deinde
2427 3752 2688 3819 ﬁrmitas,
2738 3758 3003 3821 tanquam
3071 3752 3128 3807 in
3173 3751 3469 3808 arboribus

1880 3864 1947 3905 ex
1987 3845 2196 3912 radice,
2240 3843 2581 3900 diuturnitas
2622 3850 2803 3899 autem
2837 3857 2908 3897 ex
2950 3841 3159 3907 fructu,
3211 3843 3303 3913 qui
3338 3858 3467 3897 sur-

1882 3955 2004 3997 sum
2035 3939 2238 4005 editur,
2288 3935 2631 4008 agnoscitur.
2676 3932 2897 3991 Zelasse
2939 3949 3107 4005 porro
3153 3933 3463 4000 Dominum,

1878 4033 1970 4089 vel
2007 4040 2269 4103 tanquam
2297 4030 2536 4100 propriae
2561 4027 2804 4083 civitatis
2835 4027 3091 4094 nomine,
3125 4028 3208 4082 vel
3244 4038 3468 4098 propter

1879 4126 2063 4191 illatas
2096 4125 2154 4181 in
2181 4139 2242 4181 se
2268 4121 2640 4193 blasphemias
2671 4120 2968 4191 signiﬁcat.
3005 4119 3213 4176 Deinde
3237 4136 3336 4190 pro
3367 4122 3464 4177 de-

1879 4221 1997 4276 cori
2036 4220 2121 4276 sui
2170 4220 2408 4284 ratione,
2460 4225 2781 4288 erepturum
2819 4231 2881 4272 sc
2924 4230 3023 4272 eos
3061 4215 3272 4285 adjicit.
3305 4215 3467 4282 Quod

1881 4313 1954 4377 si,
1981 4312 2081 4379 ait,
2113 4320 2169 4368 et
2206 4311 2386 4367 virum
2417 4310 2581 4365 etiam
2614 4324 2713 4380 par
2742 4315 2829 4364 est
2861 4311 3069 4363 honore
3097 4306 3337 4391 aliicere,
3365 4322 3465 4378 pa-

186 4384 337 4452 ἐιιὸν
362 4383 594 4440 δοῦλον
642 4386 818 4457 (οὓτω
864 4388 974 4459 γὰρ
1002 4389 1274 4456 ἐξέδωκαν
1324 4392 1374 4444 oi
1423 4393 1643 4466 λοιποὶ)
1676 4398 1779 4469 τῆς

1886 4416 2155 4475 tronoque
2194 4402 2369 4467 urbis,
2419 4402 2653 4459 salutem
2701 4399 2878 4470 ipsius
2929 4398 3275 4466 concedere;
3330 4387 3460 4467 pro-

188 4477 399 4539 πό).εως
453 4478 702 4551 οἰκιστὴν
744 4479 840 4533 καὶ
897 4481 1122 4551 βασιλέα
1172 4483 1393 4554 πρῶτον
1436 4488 1727 4559 γενόμενον
1754 4508 1769 4523 ·

1886 4505 1992 4563 pter
2031 4493 2210 4550 David
2235 4509 2442 4549 servum
2472 4507 2645 4546 meum
2686 4491 2786 4561 (ita
2832 4488 2978 4545 enim
3018 4488 3213 4559 reliqui
3272 4502 3465 4545 omnes

183 4567 259 4629 ὼς
290 4567 360 4619 ἂν
387 4568 567 4635 γνοῖεν
599 4569 801 4634 πάντες
830 4570 956 4625 ὅσον
1007 4573 1041 4643 ἠ
1090 4572 1377 4629 θεοσέϐεια
1398 4576 1644 4645 δύναται,
1676 4583 1771 4637 καὶ

1886 4584 2341 4659 interpretantur)
2392 4585 2485 4656 qui
2522 4584 2736 4656 primus
2793 4582 2984 4638 urbem
3044 4580 3356 4637 construxit
3406 4588 3464 4635 et

183 4662 296 4724 τοῖς
349 4659 493 4729 μετὰ
542 4662 734 4732 χρόνον
796 4664 1040 4731 ἀναξίοις
1083 4666 1359 4741 σωτήρίαν
1407 4670 1765 4745 χαριζομένη.

183 4753 308 4816 Τοῖς
335 4753 394 4807 δὲ
424 4752 600 4822 λόγοις
632 4756 915 4826 ἠκολούθει
938 4760 1008 4812 τὰ
1036 4757 1193 4829 ἔργα,
1238 4765 1513 4818 τοσούτων
1551 4765 1768 4821 ἀπολω-

180 4843 376 4917 λότων,
407 4841 487 4907 οἷς
510 4846 540 4898 ὁ
558 4845 766 4900 τούτων
793 4846 855 4900 οὐ
887 4847 1238 4903 συναπώλετο
1268 4849 1543 4920 βασιλεὺς,
1592 4854 1669 4918 ὡς
1698 4855 1767 4910 ἂν

187 4934 311 4988 ἰδὼν
341 4933 406 4988 τδ
432 4936 693 5007 πραχθὲν,
725 4937 826 5010 τὴν
869 4938 1031 4993 ἄθεον
1057 4940 1224 4995 αὐτοῦ
1258 4942 1511 5011 γλῶσσαν
1543 4947 1765 5001 ἐπιστο-

185 5026 388 5097 μίσειν,
437 5028 532 5081 καὶ
588 5029 853 5098 μειζόνως
899 5032 1184 5097 κολάξοιτο
1221 5039 1332 5090 τῶν
1381 5037 1639 5108 ὑπηκόων
1692 5043 1759 5111 τῇ

184 5121 460 5190 συμφορᾷ,
491 5120 744 5191 καθάπερ
769 5122 864 5176 καὶ
886 5124 1106 5200 Φαραώ.
1139 5122 1249 5181 Ἦν
1297 5128 1355 5182 δὲ
1385 5129 1482 5182 καὶ
1504 5132 1763 5202 πικροτέ-

188 5223 282 5275 ρας
311 5209 584 5280 τιμωρίας
610 5211 673 5265 τὸ
712 5213 851 5284 πρὸς
878 5213 989 5268 τῶν
1023 5215 1232 5270 παίδων
1259 5218 1474 5275 παθεῖν.
1519 5220 1763 5285 ’Λνάξεις

182 5300 237 5353 δὲ
260 5302 397 5371 πρὸς
429 5304 663 5375 θεωρίαν
707 5306 800 5360 τὸν
838 5306 1017 5374 λόγον.
1053 5308 1176 5377 Τὴν
1194 5310 1303 5382 γὰρ
1328 5311 1422 5366 τοῦ
1456 5313 1607 5368 Θεοῦ
1651 5314 1758 5367 πό-

179 5395 283 5445 λιν
308 5394 409 5464 τὴν
443 5395 768 5468 Ἐκκλησίαν
790 5399 1168 5470 πολιορκοῦσιν
1189 5403 1481 5473 αίρετικοὶ,
1508 5404 1759 5477 καθάπερ

182 5488 283 5541 ὑπὸ
310 5489 607 5562 στρατηγῷ
636 5490 715 5562 τῷ
740 5491 972 5564 διαϐόλῳ
995 5496 1339 5566 ταττόμενοι.
1365 5498 1583 5552 Τούτων
1631 5502 1759 5553 πολο

1876 4680 2045 4745 rexit,
2087 4678 2140 4733 id
2171 4679 2351 4749 ipsum
2390 4676 2637 4732 futurum
2667 4682 2790 4732 est:
2831 4682 2888 4730 ut
2922 4688 3116 4729 omnes
3149 4672 3461 4742 intelligant

1875 4781 2143 4843 quantum
2196 4771 2373 4840 pietas
2410 4769 2530 4840 ipsa
2582 4768 2780 4833 valeat,
2819 4780 2942 4835 quae
2990 4764 3235 4835 posteris
3288 4762 3456 4819 etiam

1875 4865 2117 4936 indignis
2154 4864 2388 4921 salutem
2429 4862 2625 4933 pariat.
2661 4861 2853 4930 Neque
2893 4874 3023 4915 vero
3063 4858 3229 4930 427
3276 4859 3458 4914 verbis

1874 4971 1964 5012 res
1991 4956 2144 5026 ipsae,
2176 4963 2253 5010 tot
2281 4953 2466 5010 statim
2497 4952 2806 5016 trucidatis,
2842 4949 3176 5004 defuerunt:
3224 4948 3458 5019 quibus--

1872 5045 1997 5099 cum
2032 5044 2153 5100 ideo
2196 5059 2293 5099 rex
2342 5056 2453 5098 non
2497 5040 2767 5097 cecidisse
2799 5039 3099 5109 putandus,
3138 5048 3198 5094 ut
3244 5046 3454 5094 tantam

1868 5144 2108 5206 stragem
2159 5135 2414 5198 intuitus,
2461 5149 2525 5188 os
2570 5132 2797 5201 impium
2852 5132 2957 5187 sibi
3003 5133 3120 5201 ipse
3170 5131 3456 5188 obturaret

1870 5241 2171 5297 pmnasque
2214 5228 2356 5284 idem
2413 5241 2577 5297 quam
2632 5224 2840 5280 subditi
2885 5226 3189 5296 graviores,
3228 5235 3286 5279 ut
3321 5225 3473 5279 olim.

1870 5317 2106 5380 Pharao,
2147 5315 2509 5388 experiretur.
2547 5315 2795 5372 Fuerunt
2831 5332 2897 5373 eo
2931 5317 3052 5386 ipso
3086 5332 3282 5387 graves
3328 5332 3448 5371 nta-

1868 5409 1953 5479 gis
1998 5418 2052 5463 et
2082 5409 2315 5471 acerbae,
2349 5408 2491 5476 quod
2539 5421 2567 5460 a
2602 5407 2719 5463 suis
2766 5408 2885 5478 ipse
2919 5407 3044 5463 ﬁliis
3087 5407 3448 5477 interemptus

1866 5510 1969 5555 est.
2002 5498 2187 5555 Possis
2222 5507 2274 5554 et
2307 5492 2373 5553 ad
2418 5498 2942 5568 contemplationem
2996 5512 3305 5557 sermonem
3356 5509 3444 5550 re-

1482 5651 1718 5708 VAliUE
1763 5650 2177 5708 LECTIONES.

250 5766 270 5795 ⁵
298 5779 386 5832 γρ.
425 5762 480 5817 εί
506 5780 591 5817 σοι
620 5765 721 5821 δεῖ.
806 5767 823 5804 ί
855 5769 915 5823 λ.
951 5766 1007 5822 ἆ.
1085 5779 1112 5806 ιι
1138 5785 1225 5838 γρ.
1248 5767 1646 5839 ὲπιμείναντος.
1727 5781 1751 5808 ν
1778 5789 1865 5843 rp.
1904 5771 2123 5841 Κύριον.
2204 5783 2231 5812 ι
2258 5787 2343 5839 γρ.
2382 5768 2703 5852 προστάτῃ..
