3950 6412
236 344 373 435 £325

1381 332 1912 431 COMMENTARII
1951 336 2044 428 IN.
2073 366 2360 427 ISAIAM.

3362 366 3502 428 2326
3514 377 3536 416 ἰ

237 485 326 533 τὸν
391 480 485 533 σὺν
538 483 686 552 ἡμᾶς
741 481 906 553 φόϐον
957 482 1376 547 συστέλλουσαν,
1433 481 1823 555 χαριστηρίους

1946 498 1976 534 n
2001 479 2216 533 domum
2248 488 2391 532 tuam
2416 477 2602 543 etiam,
2638 476 2696 531 in
2724 490 2833 546 qua
2862 472 2928 530 ad
2973 475 3053 529 tui
3107 476 3355 531 timorem
3387 481 3504 530 col-

240 567 504 623 ἀποδώσω
536 571 739 639 φωνάς,
772 572 935 649 Τινὲς
954 573 1013 626 δὲ
1032 572 1115 640 τὸ,
1144 571 1387 649 παιδία,
1407 571 1642 640 ποιήσω
1669 570 1820 640 ἅπερ

240 660 706 729 ἀναγγελοῦσιν,
728 648 1175 732 δηλοῦνέφασαν,
1196 664 1280 717 ὅτι
1301 648 1661 733 χοροστασίαν
1688 659 1823 729 ψαλ-

240 751 427 822 τῳδῶν
447 753 657 807 παίδων
677 751 934 822 εὐφώνως
955 751 1268 823 ὑμνούντων
1289 754 1347 807 έν
1364 752 1444 823 τῷ
1469 750 1581 822 ναῷ
1605 752 1825 820 στήσειν

242 843 659 912 ἐπαγγέλλεται.
696 843 775 897 Δι’
805 838 865 898 οὗ
891 844 948 896 δὲ
982 844 1096 911 τὴν
1139 841 1440 911 τελευτὴν
1491 839 1641 912 αὐτῷ
1690 839 1825 904 Θεὸς

242 935 502 1005 ἐδήλωσε,
537 934 628 988 διὰ
679 934 868 990 τούτου
916 935 1013 990 καὶ
1033 936 1135 1008 τὴν
1162 934 1459 1006 θεραπείαν
1480 934 1823 1006 προσήγαγε,

246 1028 322 1097 μὴ
350 1027 449 1081 καὶ
477 1029 654 1081 ποιεῖν
672 1027 799 1099 δόξῃ
827 1030 918 1082 τὸν
945 1028 1235 1098 προφήτην
1257 1025 1605 1098 έςρύὸριστον,
1636 1022 1825 1078 κακῶν

243 1118 405 1171 αὑτὸν
438 1119 618 1187 μόνων
647 1119 936 1187 ἀποδείξας
962 1119 1230 1174 διάκονον.
1283 1116 1735 1191 Παραδοξοποιῶν
1767 1115 1825 1169 δὲ

245 1210 398 1274 Θεὸς,
422 1210 620 1265 ὃδοκεί
670 1213 783 1275 τοῖς
823 1210 1136 1282 τραύμασιν
1159 1206 1420 1273 ἐπαύξειν
1459 1207 1556 1278 τὴν
1591 1202 1821 1277 βλάϐην,

244 1299 317 1355 τὰ
342 1300 527 1365 σῦκα,
558 1299 717 1353 τοῦτο
740 1300 876 1372 πρὸς
903 1299 1048 1355 ῐασιν
1069 1299 1290 1366 ἔδωκεν,
1311 1299 1339 1352 δ
1356 1299 1453 1353 καὶ
1516 1298 1660 1369 μέγα
1711 1313 1826 1364 ση-

242 1392 414 1463 μεῖον
451 1392 805 1462 ἐκπλαγεὶςό
837 1391 1088 1457 Ἐζεκίας
1136 1391 1294 1445 καλεῖ
1355 1389 1452 1443 τοῦ
1500 1387 1826 1460 δυνήσεσθαι

246 1482 327 1548 τῷ
350 1481 490 1535 ποδὶ
514 1482 817 1553 χρώμενος
847 1485 935 1549 εἰς
964 1482 1072 1537 τὸν
1115 1483 1270 1536 νεὼν
1302 1481 1603 1537 ἀνελθεῖν.
1643 1478 1732 1532 Ἐν
1765 1478 1827 1532 δὲ

248 1576 312 1643 τῇ
341 1574 382 1627 δ’
401 1573 514 1628 τῶν
558 1573 859 1628 Βασιλειῶν
887 1573 1201 1645 γέγραπται
1225 1574 1308 1627 ὅτι
1336 1572 1444 1645 πρὸ
1482 1572 1650 1628 πάλαι
1672 1569 1827 1642 παρὰ

251 1663 341 1717 τοῦ
376 1666 660 1735 προφήτου
685 1665 892 1736 μαθὼν,
917 1664 990 1729 ὡς
1017 1667 1045 1718 ὀ
1071 1664 1223 1735 ἥλιος
1250 1664 1435 1734 μέλλει
1482 1663 1583 1732 τὴν
1637 1662 1730 1714 ἐπὶ
1754 1659 1825 1714 τὰ

251 1751 440 1823 πρόσω
475 1752 747 1806 ποιεῖσθαι
777 1754 1085 1824 ταχυτέραν
1123 1754 1262 1822 ὁδὸν,
1292 1754 1389 1806 καὶ
1421 1752 1511 1822 ὑφ’
1544 1751 1603 1804 έν
1631 1752 1761 1814 τοὺς
1794 1756 1826 1803 ι’

1925 570 2163 639 ligimur,
2190 567 2493 638 profectus,
2533 569 2834 640 gratiarum
2867 567 2965 622 tibi
3002 568 3250 623 actiones
3314 584 3507 637 repen-

1922 660 2069 715 dam.
2097 658 2256 731 431
2280 658 2400 713 Non
2423 659 2620 715 desunt
2649 667 2854 724 tamen,
2876 657 3155 729 qui,quod
3186 659 3503 728 ﬁliosedam

1923 751 2014 819 qui
2034 738 2452 814 annuntiabunt,
2476 749 2634 815 dixit,
2667 748 2733 803 ad
2761 763 3058 818 puerorum
3089 747 3317 802 chorum
3345 748 3505 820 bym—

1925 857 2029 897 nos
2075 842 2133 897 in
2188 842 2389 911 templo
2433 842 2679 896 suaviter
2726 839 3169 902 modulantium,
3225 823 3580 901 referant».

1925 950 2090 1006 quem
2136 948 2317 1004 regem
2362 933 2746 988 institutorum
2798 945 2858 986 se
2887 930 3079 985 volunt
3126 930 3397 1001 polliceri.
3437 930 3507 984 At

1925 1041 2025 1096 per
2049 1039 2210 1095 quem
2227 1024 2276 1079 ei
2301 1032 2520 1078 mortem
2543 1022 2690 1078 Deus
2709 1021 3078 1087 denuntiavit,
3104 1037 3197 1091 per
3233 1020 3487 1076 eumdem

1925 1117 2091 1173 etiam
2124 1123 2179 1171 et
2208 1114 2384 1170 morbi
2418 1113 2722 1169 remedium
2756 1114 2849 1178 (ne
2887 1113 3349 1168 contumeliosum
3378 1126 3504 1181 pro-

1925 1209 2166 1279 plietam,
2194 1205 2434 1276 malique
2474 1212 2686 1259 tantum
2725 1203 3042 1259 ministrum
3075 1202 3276 1259 habere
3303 1202 3512 1258 videre-

1927 1300 2039 1367 tur)
2068 1297 2272 1353 attulit.
2312 1297 2519 1354 Deinde
2546 1311 2673 1352 cum
2714 1296 3043 1351 miraculum
3074 1296 3238 1352 edere
3276 1295 3510 1353 statuis-

1927 1396 2012 1446 set
2040 1387 2208 1454 Deus,
2247 1389 2412 1458 ﬁcum
2450 1388 2531 1444 illi
2559 1391 2706 1460 (qua:
2741 1387 3037 1443 vulnerum
3064 1388 3327 1458 alioquin~
3352 1387 3511 1443 dolo-

1925 1499 2041 1538 rem
2071 1498 2277 1554 augere
2319 1483 2561 1538 maxime
2597 1482 2766 1551 solet)
2809 1481 2864 1536 in
2896 1480 3202 1535 remedium
3234 1480 3467 1535 tradidit
3496 1500 3510 1536 :

1925 1589 2035 1644 quo
2064 1574 2351 1645 perculsus
2368 1571 2653 1639 Ezechias,
2668 1572 2878 1643 signum
2898 1574 3202 1625 maximum
3223 1571 3274 1625 id
3291 1571 3512 1646 demum

1927 1682 2072 1733 esse,
2109 1682 2212 1737 quo
2251 1667 2383 1735 pede
2420 1674 2575 1721 utens
2615 1665 2672 1720 in
2714 1664 2966 1734 templum
3011 1663 3289 1723 ascendere
3324 1671 3512 1733 postea

1930 1759 2130 1822 valeat,
2173 1757 2483 1828 proﬁtetur.
2516 1755 2774 1812 Invenias
2801 1765 2986 1811 autem
3018 1763 3221 1825 quarto
3242 1755 3514 1823 Regum"

252 1844 500 1898 κατιέναι
553 1843 819 1914 βαθμοὺς,
859 1844 1021 1908 αὐτὸς
1072 1837 1149 1908 ὡς
1196 1842 1540 1915 οἰκειὼτερον
1577 1842 1832 1912 σημεῖον

1946 1824 2249 1910 Ezechiarn,
2306 1859 2432 1901 cum
2482 1845 2613 1900 olim
2660 1844 2832 1901 solem
2882 1844 2972 1900 via
3015 1824 3282 1919 celeriore
3327 1843 3517 1898 decem

252 1933 350 2004 τῆς
399 1934 539 2005 πρὸς
564 1933 657 1987 τὸν
693 1932 807 2004 βίον
857 1935 1228 2005 ἀναστροφῆς,
1260 1934 1355 1988 τοῦ
1390 1934 1543 2006 ἡλίου
1573 1934 1665 2009 τὸν
1695 1935 1830 1987 ἀνα·

254 2022 518 2092 ποδισμὺν
556 2023 859 2095 ἐξῃτήσατο
892 2064 909 2090 ,
968 2022 1101 2078 ἔνθα
1150 2025 1246 2079 καί
1304 2041 1472 2095 φησιν
1528 2026 1563 2095 ἡ
1602 2022 1830 2095 Γραφὴ,

253 2102 343 2176 ὡς’
382 2113 543 2179 ἔλκος
603 2113 752 2185 αὐτῷ
806 2115 1046 2187 πονηρὸν
1096 2115 1198 2188 τῆς
1248 2115 1563 2187 ἀρρωστίας
1620 2115 1828 2187 πρόφαο

256 2221 337 2268 σις
360 2200 452 2276 ἦν.

850 2298 1103 2353 ΚΕΦΑΛ.
1129 2297 1232 2354 ΔΘ⁹
1241 2339 1254 2353 .

323 2394 467 2457 α-ηθ.
514 2387 618 2443 Ἔν
658 2388 738 2455 τῷ
786 2390 971 2459 καιρῷ
1003 2391 1213 2456 ἐκεινῳ
1263 2390 1587 2446 ἀπέστειλε
1630 2395 1836 2459 Μαρω-

186 2532 210 2556 ,
252 2477 367 2548 ea;
398 2479 717 2547 Βαλαδὰν,
772 2483 807 2537 ό
837 2482 969 2548 υἱὸς
1004 2482 1113 2537 τοῦ
1144 2482 1445 2548 Βαλάδον,
1481 2482 1838 2549 όβασιλεὺς

249 2569 365 2638 τῆς
390 2573 775 2640 Βαϐυλωνίας
799 2613 815 2640 ,
847 2573 1196 2641 ἐπιστολὰς,
1233 2575 1335 2629 καί
1381 2575 1686 2643 πρέσϐεις,
1734 2573 1837 2629 καί

250 2658 415 2729 δῶρα
452 2662 690 2732 Ἐζεκίᾳ.
722 2664 1018 2720 Ἤκουσεν
1056 2665 1188 2734 γὰρ,
1214 2664 1304 2719 ὅτι
1333 2663 1707 2736 ἐμαλακίσθη
1729 2664 1839 2730 ἕως

253 2750 539 2819 θανάτου,
571 2754 670 2806 καὶ
697 2753 946 2823 ἀνέστη,
980 2772 1036 2810 κ.
1066 2771 1119 2807 τ.
1145 2744 1195 2808 λζ

338 2841 398 2911 Ὁ
429 2843 542 2897 τῶν
576 2844 843 2898 Ἰουδαίων
878 2844 1195 2910 διδάσκαλος
1239 2845 1424 2916 ἔλεγεν
1483 2848 1840 2919 νενοσηκέναι

249 2934 346 2987 τὸν
380 2934 635 2996 Ἑζεκίαν
663 2935 809 3007 ᾠδὴν
840 2937 932 2990 ἐπὶ
958 2942 1023 3009 τῇ
1057 2938 1262 2993 πτώσει
1286 2939 1394 2993 τῶν
1409 2939 1713 3010 Ἀσσυρίων
1741 2938 1842 2992 οὑκ

251 3026 463 3100 ᾅσαντα
489 3031 868 3101 χαριστήριον,
890 3030 966 3095 ὡς
983 3032 1069 3085 ἐπ’
1094 3032 1459 3101 Αἰγυπτίοιςό
1483 3032 1691 3101 Μωσῆς
1716 3070 1733 3097 ,
1766 3030 1842 3095 ὡς

1934 1940 2137 2008 gradus
2157 1941 2325 1996 semel
2349 1952 2472 1994 esse
2490 1936 2875 1994 confecturum
2894 1953 2927 1992 a
2949 1938 3220 2009 propheta
3246 1937 3516 2000 audisset,

1933 2031 2223 2103 promissae
2247 2029 2505 2085 sanitatis
2526 2029 2739 2099 signum
2769 2029 2979 2099 aptius,
3013 2044 3209 2099 nempe
3249 2038 3308 2084 ut
3330 2042 3518 2098 regre-

1935 2127 2159 2181 deretur
2179 2121 2521 2194 postulasse,
2550 2121 2839 2191 morbique
2863 2135 3118 2187 causam,
3157 2136 3267 2192 quo
3302 2120 3525 2177 detine-

1937 2215 2119 2279 batur,
2152 2213 2221 2268 ab
2248 2211 2450 2270 ulceris
2482 2211 2825 2284 malignitate
2854 2211 3200 2281 proﬂuxisse.

2505 2300 2661 2358 CAP.
2708 2301 2955 2357 XXXIX.

2007 2397 2169 2470 432
2208 2397 2373 2454 Vens.
2437 2394 2550 2451 1-8.
2610 2394 2861 2465 Tempore
2909 2395 3005 2450 illo
3032 2397 3177 2452 misit
3233 2394 3530 2451 Merodaclt

1937 2489 2206 2555 Baladan,
2236 2488 2382 2559 ﬁlius
2410 2486 2678 2553 Baladon,
2710 2501 2804 2541 rex
2834 2486 3174 2558 Babylonica,
3206 2483 3436 2549 litteras,
3468 2498 3517 2539 et

1941 2581 2162 2653 legatos,
2217 2590 2267 2636 et
2301 2596 2523 2635 munera
2576 2577 2645 2632 ad
2707 2576 3021 2634 Ezechiam.
3073 2578 3326 2633 Audierat
3378 2579 3527 2635 enim.

1940 2679 2223 2741 wgrotasse
2247 2668 2316 2724 ad
2341 2679 2581 2736 mortem,
2621 2677 2671 2724 et
2700 2668 3048 2735 convaluisse,
3087 2675 3195 2724 etc.

2014 2857 2160 2914 Dixit
2204 2856 2519 2913 Iudaeorum
2573 2855 2839 2927 magister
2889 2852 3179 2909 Eze’chiain
3233 2858 3529 2922 propterea

1943 2956 2261 3019 aagrotasse,
2294 2947 2443 3017 quod
2475 2954 2599 3016 post
2638 2942 2996 3015 Assyriorum
3044 2948 3319 3012 stragem,
3378 2941 3524 2996 sicut

1946 3038 2142 3094 deletis
2170 3036 2445 3110 Egyptiis
2478 3035 2661 3093 Moses
2694 3035 2775 3103 ¹⁸;
2800 3034 2945 3091 sicut
2968 3034 3299 3103 interempto
3331 3030 3521 3086 δίδοι-ε

252 3121 287 3190 ἠ
308 3119 574 3190 Δεϐὅωρὰ
601 3122 696 3175 ἐπὶ
729 3120 807 3191 τῷ
838 3122 1066 3195 Σίσαρᾳ,
1090 3123 1167 3187 ὼς
1200 3124 1234 3194 ἡ
1272 3125 1442 3177 ’Ἄννα
1471 3123 1563 3176 ἐπὶ
1584 3125 1654 3194 τῇ
1689 3121 1838 3192 γενέ-

1951 3127 2203 3182 Debbora
2227 3128 2308 3192 ²⁶;
2348 3125 2496 3182 sicut
2549 3126 2708 3180 Anna
2764 3123 3027 3194 denique,
3070 3122 3161 3177 ubi
3215 3121 3528 3176 Samuelem
3563 3158 3577 3164 .-

253 3228 343 3264 σει
369 3210 466 3265 τοῦ
508 3213 786 3284 Σαμουὴλ.
842 3210 955 3268 Εἶτ’
1012 3213 1360 3284 ἀρωσθέντα
1411 3214 1602 3269 τοῦτον
1651 3217 1686 3269 ό
1722 3213 1843 3269 τῶν

249 3307 657 3361 Βαϐυλωνίων
701 3306 889 3379 μαθὼν
933 3308 1257 3375 βασιλεὺς,
1306 3307 1671 3380 πρεσϐεύεται
1705 3306 1844 3379 πρὸς

252 3397 443 3461 αὐτὸν,
484 3399 585 3451 οὐκ
634 3398 842 3469 ἀργῶς,
897 3397 1021 3453 ἰδὼν
1065 3400 1124 3453 δὲ
1176 3399 1278 3471 τὴν
1333 3400 1573 3472 ἡμέραν,
1622 3399 1748 3453 καθ’
1776 3400 1844 3471 ἢν

254 3490 578 3553 ἀνεπόδισεν
612 3493 638 3544 ὁ
665 3492 839 3562 ἥλιος,
881 3491 1173 3547 διπλασίαν
1226 3492 1633 3564 γεγενημένην.
1690 3492 1846 3563 Μηδέ

255 3582 366 3652 γὰρ
389 3581 577 3635 λαθεῖν
603 3582 907 3646 Χαλδαίους
935 3583 1145 3646 δεινοὺς
1174 3583 1307 3655 περὶ
1338 3582 1517 3637 ταῦτα
1546 3573 1847 3653 τυγχάνον-

255 3688 379 3736 τας.
403 3672 867 3736 Θεοποιοῦντεςδὲ
887 3674 981 3728 τὸν
1006 3673 1178 3742 ἥλιον,
1204 3673 1311 3727 ὑπὸ
1335 3672 1646 3744 κρείττονος
1675 3670 1847 3743 ᾤοντο

257 3760 420 3815 τοῦτο
446 3761 715 3832 γενέσθαιε
742 3763 1051 3832 δυνάμεως.
1089 3765 1221 3817 Καὶ
1278 3763 1379 3828 τὴν
1436 3763 1622 3817 αἰτίαν
1678 3762 1847 3817 πολυ-

261 3851 734 3923 πραγμονοῦντες,
759 3853 1030 3922 ἔγνωσαν,
1053 3853 1129 3919 ὡς
1156 3853 1225 3908 δι’
1275 3841 1530 3918 Ἐζεκίαν
1560 3853 1590 3905 ὁ
1614 3852 1721 3907 τῶν
1757 3848 1847 3907 Ἐ-

259 3944 469 4016 ὕραίων
502 3942 674 3997 ταῦτα
705 3946 999 4016 πεποιήκει
1054 3944 1208 4009 Θεός.
1249 3945 1367 4015 Ἐφ’
1390 3938 1438 4015 ᾧ
1465 3945 1849 4015 καταπλαγεὶς

257 4037 288 4088 ὁ
323 4031 598 4101 βασιλεὺς,
648 4034 875 4088 ἐκείνων
912 4034 1012 4099 τὰς
1041 4034 1177 4107 πρὸς
1231 4034 1398 4088 αὐτὸν
1461 4036 1540 4098 ὡς
1596 4034 1848 4106 θεοφιλῆ,

262 4122 541 4192 συνθήκας
599 4124 926 4189 ἀσπάζεται.
976 4125 1169 4188 Εῐποις
1196 4124 1242 4178 δ’
1268 4122 1336 4179 ἂν
1384 4123 1551 4188 αὐτὸς
1599 4124 1733 4189 ὡςδ
1779 4126 1852 4181 τὰ

264 4215 559 4286 θαυμαστὰ
578 4216 753 4271 πάντα
776 4216 901 4271 κατ’
935 4216 1183 4271 ὲνιαυτδν
1201 4215 1300 4270 ἕνα
1324 4216 1609 4286 γεγονέναι
1637 4208 1849 4288 μαθὼν,

263 4305 359 4361 τοῦ
393 4307 683 4379 Ἀσσυρίου
732 4307 831 4380 τὴν
864 4306 1074 4378 ἔφοδον,
1119 4308 1218 4380 τὴν
1250 4309 1320 4363 δι’
1345 4309 1579 4380 ἀγγέλου
1612 4309 1851 4381 πληγὴν,

263 4399 366 4470 τὴν
420 4399 563 4453 κατὰ
632 4400 1009 4472 Σενναχηρεὶμ
1067 4402 1175 4455 ὑπὸ
1209 4402 1320 4458 τῶν
1346 4403 1555 4457 παίδων
1581 4403 1722 4476 μετὰ
1751 4402 1853 4473 τὴν

1948 3216 2255 3289 peperisset
2284 3216 2362 3283 ",
2393 3216 2487 3273 Dei
2540 3214 2872 3272 beneficium
2920 3213 3169 3269 carmine
3220 3228 3328 3268 non
3383 3210 3532 3267 eelo-

1944 3309 2180 3366 brasset.
2211 3308 2293 3364 Ad
2320 3309 2467 3364 hunc
2495 3323 2679 3380 porro,
2712 3322 2839 3363 eum
2870 3315 3156 3378 aegrotasse
3204 3303 3531 3374 Babylonio,-

1946 3418 2067 3456 rum
2095 3416 2188 3456 rex
2221 3401 2480 3465 audisset,
2507 3414 2619 3455 non
2650 3414 2791 3456 vana
2820 3406 3005 3455 motus
3034 3397 3351 3461 occasione,
3378 3394 3532 3463 lega-

1951 3505 2037 3550 tos
2071 3493 2243 3561 misit,
2274 3492 2371 3550 sed
2399 3492 2546 3564 quod
2577 3492 2722 3549 diem
2759 3494 2942 3561 illum,
2977 3504 3091 3561 quo
3118 3502 3342 3567 cursum
3369 3503 3527 3546 suum

1950 3586 2034 3643 sol
2070 3585 2449 3655 retroegisset,
2505 3582 2675 3655 duplo
2707 3584 2971 3653 majorem
3004 3571 3291 3640 exstitisse
3345 3578 3539 3648 dept‘c-
3606 3595 3614 3602 -
3710 3573 3719 3582 '

1949 3678 2257 3734 hendisset.
2306 3676 2500 3747 Neque
2533 3678 2681 3732 enim
2710 3676 2764 3731 id
2807 3675 3119 3741 Chaldzeos,
3171 3677 3266 3747 qui
3299 3677 3355 3731 in
3393 3677 3537 3731 sidc-

1917 3826 1921 3830 ,
1950 3782 2072 3824 rum
2101 3766 2395 3838 disciplina
2428 3766 2664 3821 multum
2696 3766 2904 3821 versati
2945 3774 3158 3832 essent,
3212 3766 3386 3821 latere
3446 3782 3537 3836 pu-

1952 3860 2089 3928 tuit;
2115 3873 2221 3915 nec
2249 3859 2320 3915 ab
2355 3858 2583 3923 eisdem,
2610 3857 2704 3928 qui
2754 3858 2926 3914 solem
2983 3858 3147 3914 deum
3196 3858 3463 3920 lacerent,
3505 3876 3535 3910 a

1952 3950 2260 4023 potentiore
2289 3948 2475 4019 aliqua
2516 3947 2720 4003 virtute
2772 3946 2979 4002 factum
3026 3948 3327 4022 denegari.
3366 3945 3530 4024 433
3576 4000 3581 4003 .

1951 4043 2146 4113 Itaque
2179 4055 2304 4095 cum
2338 4039 2420 4094 rei
2451 4054 2677 4095 causam
2714 4039 2877 4094 anxie
2906 4030 3143 4095 scrutati
3164 4039 3245 4095 .ab
3276 4037 3533 4094 Hebraeo-

1952 4148 2077 4190 rum
2117 4131 2230 4190 Deo
2257 4140 2478 4203 propter
2511 4129 2806 4188 Ezechiam
2847 4129 3055 4186 factum
3090 4146 3216 4187 esse
3266 4147 3535 4204 agnosce-

1952 4231 2077 4282 rent
2103 4242 2118 4280 :
2147 4238 2214 4281 eo
2242 4230 2551 4279 commotus
2579 4237 2697 4291 rex,
2719 4221 2869 4293 quod
2893 4232 3157 4294 tanquam
3212 4223 3281 4293 ad
3336 4223 3538 4294 pietate

1955 4315 2398 4372 commendatum
2430 4314 2820 4380 accessissent,
2851 4316 3185 4375 eorumdem,
3223 4315 3525 4371 amicitiam

1954 4415 2009 4462 et
2032 4406 2216 4461 [cadus
2247 4405 2620 4473 amplectitur.
2678 4404 2874 4462 Dicere
2912 4406 3096 4476 possis
3134 4406 3301 4462 etiam
3357 4403 3537 4460 Hero-

265 4490 446 4561 φυγὴν
496 4491 889 4557 ἐπανάστασιν,
923 4493 1023 4562 τὴν
1071 4492 1169 4565 τοῦ
1222 4493 1339 4564 μετ’
1385 4495 1552 4549 αὐτὸν
1583 4494 1838 4565 ἄρξαντος

1953 4498 2146 4552 dacum
2190 4512 2302 4551 non
2351 4495 2791 4559 Sennaclierimi,
2856 4476 2953 4553 sed
3010 4496 3249 4551 Baldani
3305 4513 3369 4553 ex
3426 4497 3540 4551 alia

268 4581 458 4645 παιδὸς
474 4581 735 4653 Ἀχορδὰν
758 4599 946 4655 σεσιγη
956 4583 1123 4656 μένην
1142 4584 1444 4639 ἀπώλειαν.
1464 4584 1651 4640 Ταῦτα
1673 4586 1853 4640 πάντα

270 4672 463 4743 μαθὼν
481 4674 776 4742 Μαρωδὰκ
815 4676 1062 4730 Βαλδὰν
1087 4677 1219 4744 υίὸς
1243 4676 1342 4744 ὣν,
1372 4678 1431 4731 οὐ
1451 4677 1547 4732 τοῦ
1580 4679 1856 4751 Σενναχη-

271 4766 423 4837 ρεὶμ,
449 4765 588 4820 ἀλλὰ
641 4766 750 4821 τοῦ
797 4768 1064 4832 Βαλδὰν,
1092 4768 1154 4833 ἐξ
1181 4768 1374 4841 ἐτέρου
1427 4770 1620 4839 γένους
1666 4770 1851 4836 ,βασι-

268 4857 469 4908 λεύων
486 4857 907 4922 Βαϐυλωνίων,
938 4857 1014 4922 ὡς
1056 4858 1205 4929 ὠφελ
1229 4876 1288 4924 ος
1322 4861 1441 4932 (sic)
1467 4861 1565 4933 τὴν
1595 4861 1731 4933 πρὸς
1760 4861 1854 4916 τὸν

271 4945 473 5018 εὐσεϐῆ
502 4948 687 5017 φιλίαν
714 4949 1043 5015 ἀσπάζεται.
1161 4950 1176 4985 ⁷

1960 4588 2131 4659 stirpe
2163 4587 2361 4657 filium,
2395 4595 2528 4643 tunc
2581 4587 2995 4658 Babyloniorum
3026 4604 3217 4659 regem,
3248 4598 3542 4660 postquam

1957 4695 2071 4735 uno
2110 4694 2257 4734 anno
2291 4687 2405 4734 tam
2440 4680 2613 4734 multa
2642 4691 2699 4735 et
2738 4681 3011 4751 stupenda
3040 4682 3340 4753 contigisse
3391 4679 3536 4736 didi-

1957 4764 2161 4838 cisset;
2192 4771 2552 4843 Assyriorum
2583 4788 2779 4844 nempe
2807 4775 3111 4829 exercitum
3150 4789 3248 4844 per
3282 4773 3560 4844 angelum-

1957 4865 2131 4921 deleri
2147 4854 2171 4933 ς’
2207 4862 2699 4921 Sennaclierimum
2734 4872 3001 4935 praterea
3043 4880 3230 4935 regem
3277 4866 3401 4939 luga
3426 4864 3538 4920 ela-

1959 4967 2123 5024 psum
2173 4952 2414 5008 ﬁliorum
2462 4953 2719 5010 manibus
2764 4955 3071 5021 trucidari;
3132 4954 3254 5025 ejus
3305 4954 3542 5026 denique

275 5042 448 5097 lilium
480 5044 893 5109 Achordanum,
935 5047 1029 5117 qui
1062 5047 1207 5117 patri
1248 5059 1617 5118 successerat,
1670 5049 1836 5105 tacita
1876 5057 2055 5107 morte
2081 5049 2337 5116 interire,
2388 5059 2643 5119 tanquam
2717 5047 2775 5104 id
2819 5056 2996 5104 totum
3048 5048 3105 5103 in
3207 5064 3365 5105 suam
3422 5064 3539 5104 rem

275 5135 478 5191 factum
512 5150 637 5195 esse
661 5139 962 5212 judicaret,
997 5142 1071 5213 pii
1128 5144 1274 5214 regis
1328 5145 1629 5200 amicitiam
1670 5145 1996 5202 ambivisse.

345 5231 469 5286 Ὀτι
521 5235 630 5302 γὰρ
668 5236 726 5288 ὲν
749 5236 832 5289 ἑνὶ
877 5238 1055 5305 πάντα
1078 5238 1348 5310 προῆλθεν
1370 5240 1604 5311 ἐνιαυτῷ
1659 5240 1857 5312 μάθοις

276 5321 342 5376 ἃν
375 5326 681 5389 ἐπιστήσας
708 5327 785 5390 ὡς
814 5329 847 5399 ἡ
871 5327 1058 5397 ἔφοδος
1104 5332 1187 5384 τοῦ
1236 5333 1523 5401 Ἀσσυρίου
1545 5332 1700 5396 ἔτους
1731 5350 1857 5386 τεσ-

282 5416 774 5483 σαρεσκαιδεκάτου
822 5419 923 5489 τῆς
960 5420 1205 5484 Ἐζεκίου
1269 5423 1547 5494 βασιλείας
1610 5424 1848 5493 ἐγένετο.

346 5589 393 5622 ίδ
424 5589 497 5643 ιν
529 5591 658 5661 Reg.
686 5607 778 5657 xx,
811 5592 967 5649 9-H.

1081 5598 1123 5630 ³⁸
1150 5597 1325 5654 Exod.
1356 5608 1539 5668 x1v,et
1564 5616 1652 5654 xv.
1731 5600 1776 5631 "
1797 5598 1976 5654 Judic.
2015 5615 2088 5662 iv,
2114 5609 2243 5655 etv.

2036 5241 2227 5312 Neque
2258 5242 2405 5297 enim
2438 5240 2763 5322 hujusannl
2790 5241 2972 5311 spatio
3004 5241 3110 5296 ista
3136 5239 3322 5295 omnia
3360 5237 3542 5294 conti-

1962 5333 2111 5405 gisse
2139 5334 2437 5399 dubitabis,
2475 5335 2522 5388 si
2552 5328 2781 5403 'Assyrii
2815 5333 3225 5403 expeditionem
3259 5336 3455 5401 quarto
3481 5335 3538 5385 et

1962 5425 2178 5481 decimo
2202 5423 2449 5479 Ezechia:
2475 5425 2755 5480 exstitisse
2794 5424 3077 5491 didiceris,
3136 5439 3260 5479 cum
3310 5421 3541 5493 quinde:

2320 5601 2362 5631 ’⁷
2396 5600 2415 5655 l
2450 5603 2578 5674 Bcg.
2602 5616 2659 5654 ιι.

1536 5694 1565 5734 ’δ
1585 5715 1817 5771 vanus
1861 5715 2261 5774 LECTIONES.

352 5794 382 5836 δ
418 5786 503 5867 γρ.
528 5798 603 5862 ὡς
641 5802 825 5867 αὐτὸς.
