3950 6392
477 302 616 365 2327

1816 306 2170 370 PROCOPII
2199 311 2439 373 GAZJEI

3538 298 3543 302 ⁷
3579 324 3707 388 2328

476 415 580 466 cim
602 419 863 482 praeterea
899 415 1196 485 adjunetis,
1237 431 1382 472 nouo
1411 423 1466 473 et
1494 417 1758 474 vicesimo
1794 420 1870 474 ita
1898 420 2042 475 diem

2155 421 2251 484 ,ος
2310 420 2718 492 προστεθέντων
2783 421 2922 475 ἐτῶν
2985 421 3137 494 αὐτῷ
3199 427 3604 498 πεντεκαίδεκα,
3633 439 3709 508 τῷ

476 510 785 558 extremum
819 504 1037 570 obierit,
1086 511 1145 558 ιιι
1179 505 1234 558 in
1265 521 1470 560 annum
1501 515 1762 578 quartum
1797 515 1854 564 et
1899 509 2047 565 deci-

481 608 630 646 mum
662 594 914 648 morbum
947 594 1146 650 cadere
1179 611 1468 652 necessum
1491 597 1584 664 sit,
1617 599 1832 669 reliqua
1864 609 2049 655 autem

483 683 734 738 eumdem
759 685 1089 754 praecedere,
1115 695 1170 742 et
1199 688 1389 742 eodem
1423 697 1671 760 tempore
1700 692 2003 762 contigisse
2031 710 2045 747 :

478 776 679 844 quibus
720 777 922 832 auditis
961 779 1216 834 omnibus
1265 779 1331 834 ad
1370 781 1674 851 legatorum
1726 783 2047 839 missionem

447 859 731 921 'inductus
771 875 856 922 est
885 867 1163 939 Assyrius.
1199 869 1404 926 Verum
1433 888 1562 927 eum
1626 874 1698 929 ad
1751 873 2047 929 Ezechiam

473 959 865 1027 appulissent;
900 960 1062 1031 cujus
1097 972 1286 1032 partes
1313 973 1476 1020 erant
1504 980 1691 1020 rerum
1724 967 1854 1021 olim
1882 981 1911 1019 a
1933 967 2047 1020 Deo

473 1057 770 1118 gestarum,
811 1061 976 1122 atque
1006 1053 1172 1108 etiam
1205 1056 1510 1111 recentium
1540 1057 1673 1126 ipsis
1705 1057 2044 1128 magnitudi-

473 1155 598 1194 nem
624 1157 896 1208 narrare;
950 1145 1176 1214 partim,
1215 1152 1276 1200 ut
1327 1145 1580 1202 beneﬁcii
1639 1163 1934 1203 memorem
1985 1163 2047 1204 se

469 1240 784 1299 praestaret,
839 1235 1066 1305 partim,
1132 1245 1192 1290 ut
1239 1236 1366 1291 illos
1415 1237 1485 1292 ad
1546 1239 1806 1308 pietatem
1870 1239 2045 1311 magis

469 1323 818 1388 accenderet,
839 1340 1074 1395 quorum
1101 1328 1355 1398 exemplo
1379 1337 1434 1384 et
1456 1329 1679 1384 monitis
1702 1331 1794 1384 alii
1821 1345 2042 1386 rursum

469 1421 861 1470 moverentur:
897 1431 962 1470 ea
1016 1432 1078 1472 re
1121 1419 1389 1487 neglecta,
1445 1419 1520 1473 ita
1559 1420 1827 1476 aviditate
1858 1423 2044 1491 gloria:

468 1501 650 1572 frangi
703 1517 763 1559 se
793 1517 993 1573 passus
1024 1513 1128 1571 est,
1157 1517 1216 1562 ut
1250 1522 1383 1562 suos
1411 1508 1619 1562 eisdem
1651 1510 1948 1578 thesauros,
1988 1520 2042 1565 et

460 1592 686 1650 domum
723 1593 963 1649 Necltota
1006 1595 1200 1666 (quam
1248 1608 1551 1653 aromatum
1603 1600 1794 1654 cellam
1839 1601 2043 1673 Aquila

2157 513 2388 584 εἰκοστῷ
2417 513 2508 566 καὶ
2532 513 2708 585 ἐνάτῳ
2767 513 3159 586 τετελεύτηκεν
3188 513 3319 580 ἔτει,
3352 519 3428 580 ὡς
3453 519 3546 590 τὴν
3567 523 3710 579 νόσον

2153 601 2303 672 αὐτῷ
2334 603 2614 672 γεγονέναι
2637 603 2760 658 κατ’
2785 603 2906 668 ἔτος
2930 605 2992 658 τὸ
3015 608 3620 673 τεσσαρεσκαιδέκατον.
3637 615 3712 668 Τά

2153 690 2315 744 λοιπὰ
2340 691 2397 744 δὲ
2431 691 2609 746 πάντα
2669 691 2780 763 πρὸ
2815 691 3018 761 ταύτης
3046 691 3193 745 κατὰ
3214 692 3308 746 τὸν
3336 694 3498 748 αὐτὸν
3535 697 3712 766 χρόνον

2153 783 2577 854 συμϐεϐηκέναι,
2608 777 2684 838 ὧν
2715 783 2970 838 ἁπάντων
3029 782 3274 846 ἀκούσας
3323 784 3420 836 ἐπὶ
3445 785 3542 856 τὴν
3584 807 3714 858 πρε-

2153 872 2339 927 σϐείαν
2369 873 2650 944 ήπείγετο.
2688 874 2802 928 Καὶ
2841 873 2950 926 τῶν
2976 873 3188 942 ἀνδρῶν
3221 873 3463 943 ήκόντων
3493 875 3606 930 δέον
3629 881 3713 934 τὸν

2162 960 2413 1026 Ἐζεκίαν
2437 962 2537 1027 τὰς
2559 963 2769 1018 ἀνωθεν
2799 960 2894 1015 τοῦ
2919 961 3056 1016 Θεοῦ
3079 962 3392 1032 διηγεῖσθαι
3421 966 3714 1036 μεγαλουρ-

2148 1053 2298 1122 γίας,
2357 1053 2454 1108 καὶ
2477 1053 2546 1108 τὰ
2574 1055 2668 1108 νῦν
2703 1053 3094 1120 ἐπισυνάπτειν
3116 1052 3409 1123 γενόμενα,
3431 1054 3505 1117 ώς
3531 1055 3597 1109 ἂν
3628 1058 3714 1110 εό-

2147 1141 2382 1214 γνώμων
2403 1159 2464 1196 τε
2479 1145 2633 1215 δοκῇ,
2654 1144 2944 1206 κάκείνους
2975 1142 3400 1215 εὐσεϐεστέρους
3426 1146 3712 1214 ποιήσειεν,

2148 1234 2242 1288 καὶ
2273 1234 2339 1288 δι’
2369 1233 2549 1288 αὐτῶν
2576 1235 2796 1305 ἐτέρους
2821 1235 3200 1306 διηγουμένων
3221 1235 3368 1306 ἆπερ
3389 1233 3683 1302 ἐγνώκασιν
3699 1255 3712 1267 ·

2143 1326 2302 1381 τοῦτο
2327 1326 2429 1397 μὲν
2461 1329 2522 1381 οὐ
2541 1330 2702 1382 ποιεῖ.
2726 1326 3026 1397 Φιλοτίμως
3054 1327 3114 1380 δὲ
3144 1327 3448 1395 χαυνωθεὶς
3463 1367 3480 1394 ,
3503 1327 3714 1384 dram-

2144 1420 2357 1474 λύπτει
2413 1420 2650 1485 τούτοις
2691 1420 2837 1484 τοὺς
2879 1417 3250 1488 θησαυροὺς,
3295 1417 3528 1471 καὶτὸν
3560 1417 3717 1474 οἷκον

2143 1511 2250 1565 τοῦ
2292 1511 2538 1580 Νεχώθα
2561 1551 2576 1576 ,
2607 1511 2743 1580 ὅπερ
2771 1507 2941 1564 οἶκον
2966 1509 3292 1577 ἀρωμάτων
3349 1508 3576 1573 Ἀκύλας
3599 1510 3714 1581 ἔφη,

2141 1583 2237 1655 ’καὶ
2259 1601 2560 1672 Σύμμαχος
2605 1600 2767 1670 γάζα,
2797 1613 2819 1641 ο
2856 1601 2914 1654 δὲ
2947 1600 3102 1672 παρὰ
3127 1600 3368 1669 Πέρσαις
3389 1598 3486 1670 τὴν
3509 1617 3716 1670 περιου-

464 1691 899 1761 interpretatur;
933 1685 1079 1742 Gaza
1130 1687 1518 1760 Symmachus,
1578 1692 1801 1749 nomine
1853 1694 2039 1750 Persis

2147 1694 2271 1746 σίαν
2307 1692 2584 1764 σημαίνει,
2617 1693 2776 1745 τοῦτο
2798 1692 2856 1745 δέ
2887 1692 2948 1746 οὐ
2975 1692 3138 1762 μόνον
3169 1679 3352 1759 τύφοηῖ
3379 1685 3493 1760 εἷχε
3523 1692 3714 1756 καινὸν,

464 1781 688 1836 divitias
713 1775 1095 1851 signiﬁcante)
1133 1780 1436 1833 ostentarit.
1467 1780 1586 1846 Qua
1609 1796 1668 1837 re
1691 1797 1800 1837 non
1821 1783 2038 1840 inanem

2147 1785 2279 1840 ἀλλὰ
2296 1786 2516 1849 καὶτοῖς
2543 1783 2946 1856 [βλεπομένοις]
2966 1785 3096 1846 τοὺς
3115 1783 3418 1852 πολεμίους
3431 1783 3519 1834 ἐπ’
3533 1781 3718 1850 ὀφθαλ-

461 1881 679 1926 tantum
716 1872 1047 1942 jactantiam
1102 1885 1259 1926 suam
1307 1871 1661 1942 prodidisse.
1707 1875 1804 1932 sed
1849 1892 2039 1934 eorum

461 1961 628 2017 etiam
654 1963 901 2032 potiundi
923 1963 1276 2034 cupiditatem
1305 1961 1562 2020 hostibus
1588 1967 1894 2036 praebuisse
1921 1985 2042 2026 cre-

464 2057 633 2110 ditur.
684 2057 865 2131 Atque
898 2057 1028 2113 hinc
1079 2067 1184 2125 est,
1247 2055 1392 2125 quod
1447 2057 1516 2114 ad
1570 2074 1694 2116 eum
1752 2063 2040 2133 propheta,

465 2147 632 2201 veluti
672 2162 773 2202 sua
804 2158 1024 2218 sponte,
1058 2165 1170 2204 non
1195 2147 1436 2221 pellente
1472 2149 1581 2206 Deo
1637 2153 1930 2220 accedens,
1987 2163 2059 2215 et.

462 2235 608 2305 quod
635 2236 738 2307 ipsi
767 2239 973 2293 vellent
997 2254 1106 2294 non
1139 2240 1263 2296 sine
1294 2239 1472 2294 multo
1498 2239 1696 2297 affectu
1718 2245 2038 2314 exquirens;

460 2328 683 2383 venisse
713 2329 959 2398 quidem,
994 2339 1056 2384 ut
1104 2329 1202 2386 Dei
1245 2331 1597 2387 admirabilia
1648 2348 1817 2404 opera
1881 2335 2040 2390 audi-

462 2405 623 2484 rent;
705 2419 800 2473 sed
853 2421 939 2475 sui
996 2421 1181 2491 potius
1235 2437 1401 2493 quam
1466 2421 1565 2477 Dei
1619 2423 2040 2482 admirationem

439 2517 650 2563 :monet
681 2511 974 2578 excitasse,
1012 2512 1106 2582 qui
1135 2512 1370 2570 eximias
1402 2514 1553 2572 illius
1593 2515 1853 2583 virtutes,
1886 2533 2040 2572 sum-

440 2618 724 2672 .mumque
750 2603 805 2658 in
837 2619 925 2661 res
959 2613 1174 2661 creatas
1214 2607 1508 2678 imperium
1542 2608 1689 2680 apud
1733 2607 1900 2684 434
1943 2625 2041 2668 eos

461 2710 570 2748 non
596 2695 932 2764 praedicarit.
966 2697 1159 2768 Itaque
1209 2700 1418 2755 veritus
1467 2701 1720 2757 accusari
1769 2718 1887 2766 rex,
1911 2718 2039 2757 eum

460 2786 590 2854 quid
623 2787 706 2840 illi
743 2788 995 2856 dicerent,
1028 2789 1297 2859 propheta
1326 2792 1656 2860 postularet,
1708 2792 1987 2848 obmutuit
2022 2811 2036 2847 :

460 2879 556 2944 qui
589 2879 768 2934 tamen
814 2882 952 2934 unde
984 2881 1263 2946 venissent,
1322 2883 1710 2954 interroganti,
1766 2898 1877 2938 non
1911 2885 2033 2940 sine

463 2969 859 3037 ostentatione,
909 2972 973 3026 de
1014 2972 1301 3043 longinqua
1357 2982 1502 3029 terra
1554 2975 1882 3046 respondit;
1915 2986 2040 3031 tan-

452 3077 628 3131 quam
667 3063 910 3119 nominis
936 3065 1020 3120 sui
1058 3065 1203 3120 fama
1237 3066 1510 3122 excitatos
1565 3074 1678 3120 tam
1735 3066 1906 3138 longo
1948 3082 2041 3123 ve-
2069 3097 2113 3156 ο

462 3153 617 3210 nisse
644 3155 840 3210 itinere
866 3156 1215 3226 gloriaretur.
1250 3156 1430 3226 Atque
1458 3157 1586 3212 inde
1619 3164 1728 3222 est,
1755 3158 1902 3230 quod
1931 3158 2042 3214 lata

464 3260 493 3298 a
541 3244 647 3300 Deo
677 3245 968 3301 adversum
1003 3262 1065 3302 se
1098 3246 1393 3312 sententia,
1429 3263 1461 3300 a
1495 3246 1810 3317 Babyloniis
1863 3248 2044 3302 omnia

463 3355 568 3390 non
599 3338 754 3391 modo
786 3338 1048 3406 direptum
1075 3338 1166 3404 iri,
1196 3337 1286 3391 sed
1311 3354 1399 3392 eos
1430 3338 1616 3402 etiam,
1641 3339 1786 3408 quia
1830 3355 1886 3394 se
1919 3356 2045 3408 pro-

463 3430 688 3492 dissent,
733 3426 869 3496 regis
919 3425 1180 3479 eunuchos
1222 3425 1362 3494 fore,
1396 3426 1582 3483 statim
1617 3427 1848 3482 audivit.
1887 3428 2044 3494 Quod

441 3519 742 3576 .Jechouiaa
771 3526 950 3584 aetate,
980 3528 1243 3587 quantum
1270 3533 1334 3572 ex
1369 3533 1561 3589 regum
1599 3518 1833 3574 historia
1887 3519 2046 3575 colli-

441 3609 593 3680 ﬁgere
627 3611 772 3674 licet,
810 3609 1078 3665 accidisse
1124 3621 1425 3680 putamus:
1457 3626 1567 3680 quo
1628 3619 1874 3682 tempore
1936 3611 2045 3666 Da-

466 3704 665 3756 nielem
703 3718 828 3757 cum
861 3702 1030 3758 sociis
1060 3702 1114 3757 in
1149 3702 1294 3772 regis
1343 3703 1466 3757 aula
1503 3705 1818 3758 eunuchum
1873 3703 2047 3760 fuisse

467 3792 714 3848 nonnulli
753 3793 1064 3848 voluerunt.
1109 3791 1321 3859 Quibus
1369 3790 1573 3848 auditis
1627 3791 1888 3847 Ezechias
1934 3793 2046 3847 cir-

467 3893 785 3955 cumspecte
813 3883 1032 3954 quidem
1061 3891 1114 3939 et
1139 3885 1226 3955 pie
1286 3899 1606 3954 qucccunque
1655 3883 1862 3938 locutus
1911 3897 2046 3939 esset

467 3976 755 4040 Dominus,
795 3975 1152 4046 quantumvis
1195 3974 1480 4028 hominum
1533 3989 1696 4030 aures
1743 3974 2045 4040 oﬂ'endant,

469 4069 605 4120 bona
633 4083 746 4121 esse
777 4065 995 4136 adjecit,
1026 4079 1141 4119 sum
1166 4066 1312 4118 artati
1350 4071 1560 4118 tantum
1597 4063 1875 4135 indulgeri
1920 4081 2048 4135 pos-

469 4161 676 4225 tulans,
709 4159 819 4214 Deo
849 4158 1054 4230 gratias
1083 4155 1213 4226 agit,
1255 4157 1402 4227 quod
1436 4172 1494 4212 se
1521 4172 1632 4210 non
1660 4172 1827 4213 sensu
1872 4158 2047 4212 malo-

2147 1878 2279 1948 μίαν
2306 1876 2330 1915 ά
2363 1877 2799 1946 παρεσκεύαζεν.
2860 1877 3028 1931 Ὅθεν
3056 1878 3085 1929 ὁ
3123 1876 3420 1946 προφήτης
3460 1873 3622 1927 ἐλθὼν
3649 1874 3716 1938 ὡς

2145 1970 2241 2022 ἀπ’
2270 1969 2479 2032 οἰκείας
2520 1967 2769 2039 γνώμης,
2795 1967 2911 2022 ἀλλ’
2933 1967 2996 2020 οὐ
3017 1966 3153 2020 Θεοῦ
3193 1967 3358 2036 δῆθεν
3391 1965 3715 2035 πέμψαντος,

2143 2062 2172 2115 ὃ
2191 2079 2243 2115 τι
2265 2061 2473 2116 θέλοιεν
2498 2056 2644 2116 οῦτοι
2661 2061 3016 2127 πυνθάνεται,
3034 2061 3156 2131 ήθει
3171 2058 3517 2130 κεχρημένος
3531 2057 3715 2126 πολλῷ,

2143 2156 2238 2208 καὶ
2289 2155 2505 2218 δεικνὺς
2529 2154 2604 2218 ώς
2626 2149 2792 2224 ἦλθον
2847 2152 2951 2222 μὲν
2980 2152 3053 2205 τὰ
3083 2152 3182 2205 τοῦ
3241 2149 3384 2203 Θεοῦ
3454 2149 3738 2220 παράδοξα

2147 2246 2539 2318 μαθησόμενοι,
2568 2247 2634 2299 σὺ
2656 2245 2712 2298 δὲ
2743 2244 2942 2298 σαυτὸν
2977 2244 3060 2306 είς
3113 2241 3308 2311 θαῦμα
3334 2240 3566 2306 τούτοις,
3607 2241 3716 2294 ἀντὶ

2143 2337 2282 2392 Θεοῦ
2336 2337 2751 2408 παραδέδωκας,
2782 2335 2882 2406 τὴν
2928 2335 3082 2389 θείαν
3105 2334 3166 2387 οὐ
3191 2331 3422 2397 διδάξας
3439 2331 3714 2402 ὑπεροχὴν,

2141 2430 2253 2485 οὐδ’
2304 2430 2386 2483 ὅτι
2408 2431 2520 2493 τοῖς
2550 2425 2716 2482 αὐτοῦ
2747 2427 3072 2496 νεύμασινή
3104 2424 3291 2488 κτίσις
3345 2424 3635 2494 ὑποχωρεῖ.
3666 2423 3716 2474 '0
3763 2489 3766 2492 _

2141 2523 2202 2575 δὲ
2223 2522 2362 2594 πρὸς
2409 2521 2512 2592 μὲν
2561 2520 2645 2584 τὸ,
2705 2519 2764 2572 τι
2806 2517 3123 2586 λέγουσιν,
3149 2516 3310 2570 οὐδὲν
3357 2514 3714 2586 ἀποκρίνεται,

2141 2609 2234 2664 τὸν
2263 2610 2485 2681 ἔλεγχον
2504 2610 2714 2673 δεδιώς.
2742 2607 2887 2679 Πρὸς
2908 2607 2966 2660 δέ
2999 2607 3082 2673 τὺ,
3113 2607 3308 2661 πόθεν
3329 2607 3572 2674 ἦκασιν,
3595 2607 3714 2661 ἀλα-

2143 2705 2374 2772 ζονικῶς
2420 2702 2596 2772 λέγων
2615 2717 2632 2733 ο
2657 2702 2727 2755 ἐκ
2759 2699 2871 2770 γῆς
2912 2700 3242 2769 μακρόθεν,
3278 2699 3356 2762 ὡς
3385 2700 3524 2754 κατὰ
3576 2699 3715 2763 κλέος

2143 2797 2310 2852 αὐτοῦ
2339 2796 2438 2866 τῆς
2485 2794 2680 2864 φήμης
2711 2792 2909 2854 αὐτοὺς
2937 2790 3032 2844 καὶ
3063 2788 3356 2860 πόρρωθεν
3385 2789 3712 2860 ἐνεγκούσης,

2140 2887 2230 2941 ὅτε
2290 2886 2385 2939 καὶ
2414 2885 2513 2956 τὴν
2564 2885 2630 2936 ἐκ
2654 2883 2793 2936 Θεοῦ
2836 2881 2980 2934 κατὰ
3015 2879 3207 2933 τούτου
3235 2879 3428 2936 λοιπὸν
3459 2883 3714 2949 ἀπόφασιν

2142 2977 2350 3048 ἢγαγεν
2370 2989 2384 3006 ·
2417 2972 2616 3027 πάντα
2667 2969 3095 3038 ληφθήσεσθαι
3120 2967 3290 3037 παρὰ
3345 2967 3715 3022 Βαϐυλωνίων

2146 3067 2316 3122 εἰπὼν
2338 3064 2440 3120 καί
2483 3062 2626 3129 τοὺς
2659 3061 2731 3126 ἐξ
2765 3059 2951 3116 αὑτοῦ
2991 3059 3468 3129 καταγομένους,
3521 3059 3712 3112 εὐνού-

2145 3175 2296 3229 χους
2337 3155 2419 3222 τῷ
2461 3155 2692 3208 τούτων
2731 3153 2984 3208 ἔσεσθαι
3035 3151 3319 3216 βασιλεῖ.
3368 3150 3538 3204 Τοῦτο
3557 3150 3608 3204 δὲ
3635 3149 3714 3218 γέ-

2146 3263 2325 3316 γονεν,
2358 3245 2434 3307 ὡς
2463 3243 2522 3296 ἐν
2545 3243 2667 3304 ταῖς
2703 3240 3014 3319 Ιιασιλείαις
3045 3239 3401 3311 ἐγνώκαμεν,
3425 3241 3482 3292 ἐν
3503 3239 3732 3309 ἡμέραις,

2159 3336 2430 3407 Ἰεχονίου,
2462 3335 2552 3387 ὅτε
2583 3333 2679 3387 καὶ
2707 3333 2758 3385 οἱ
2787 3331 2917 3403 περὶ
2943 3331 3035 3386 τὸν
3061 3329 3270 3401 Δανιὴλ
3296 3333 3358 3408 ἐν
3377 3331 3454 3400 τῷ
3480 3330 3607 3398 οἴκῳ
3631 3327 3712 3380 τοῦ

2149 3427 2414 3500 βασιλέως
2433 3426 2742 3495 γεγόνασιν,
2772 3421 3190 3494 εὐνοῦχοι,καθά
3216 3422 3357 3492 φασί
3381 3439 3544 3487 τινες,
3573 3435 3712 3488 γεγο-

2146 3521 2318 3581 νότες.
2352 3519 2534 3588 Ἀπερ
2576 3515 2827 3581 Ἐζεκίας
2864 3513 3114 3576 ἀκούσας
3142 3513 3396 3578 εὐλαϐῶς
3428 3531 3488 3566 τε
3517 3511 3608 3566 καὶ
3637 3511 3714 3562 ed-

2149 3611 2326 3674 σεδῶς
2357 3609 2584 3679 ἀγαθὸν
2604 3609 2720 3677 ἔφη
2744 3607 2942 3661 πάντα
2964 3609 3156 3677 ,λόγον
3191 3602 3354 3660 εἶναι
3376 3605 3542 3669 Θεοῦ,
3565 3601 3656 3656 κᾶν
3683 3602 3712 3669 ή

2146 3701 2355 3756 τούτων
2394 3701 2534 3770 ἀκοή
2587 3699 2716 3763 τοὺς
2763 3697 3087 3767 ἀνθρώπους
3145 3695 3464 3767 λυπήσειεν.
3519 3695 3617 3747 Τὸν
3640 3691 3714 3760 ἐφ’

2149 3788 2346 3843 ἐαυτοῦ
2369 3789 2426 3841 δὲ
2460 3789 2618 3858 μόνον
2643 3787 3007 3856 παρῃτήσατο
3046 3785 3270 3856 χρόνον,
3299 3780 3628 3854 εὐχαριστῶν
3650 3777 3715 3850 τῷ

2147 3881 2268 3950 Θεῷ
2291 3920 2307 3946 ,
2365 3880 2560 3948 ὅτιπερ
2591 3878 2652 3930 οὐ
2685 3880 2751 3948 τῇ
2787 3877 2896 3932 τῶν
2951 3875 3140 3930 κακῶν
3187 3877 3514 3946 ἐτιμωρεῖτο
3548 3871 3712 3941 πείρᾳ,

2149 3977 2307 4048 φήμῃ
2333 3977 2390 4030 δὲ
2414 3976 2551 4048 μόνῃ
2582 3974 2691 4030 τῶν
2719 3975 2982 4047 λυπηρῶν
3008 3974 3118 4029 τῶν
3155 3974 3466 4045 μελλόντων
3488 3975 3712 4040 ἐσωφρο-

2149 4069 2346 4133 νίζετο,
2377 4067 2533 4132 εἰδὼς
2561 4067 2698 4138 μηδὲ
2719 4068 2844 4130 τοὺς
2867 4067 2925 4133 ἐξ
2951 4066 3116 4121 αὐτοῦ
3143 4065 3242 4135 τὴν
3271 4066 3478 4120 τούτων
3499 4063 3710 4133 ἀκρίτως

2149 4160 2403 4226 δέξασθαι
2428 4162 2650 4230 πεῖραν,
2675 4159 2760 4228 ἐφ’
2792 4154 2873 4223 οἷς
2906 4157 2963 4210 δὲ
3002 4159 3418 4229 ἁμαρτήσονται
3465 4167 3712 4224 τιμωρου-

470 4267 593 4306 rum
627 4251 948 4314 ulciscatur,
998 4251 1094 4306 sed
1153 4248 1268 4306 sola
1319 4248 1754 4318 impendentium
1805 4247 1949 4302 fama
1992 4249 2044 4304 in

2153 4252 2366 4324 μένους,
2391 4251 2500 4304 τῶν
2524 4251 2583 4315 ἐξ
2601 4249 2768 4303 αὐτοῦ
2792 4250 3128 4320 τικτομένων
3153 4250 3385 4302 δικαίων
3404 4247 3478 4318 μὴ
3503 4245 3711 4315 βλαπτο-

469 4343 613 4396 viam
647 4351 898 4406 revocet;
931 4342 1025 4412 qui
1056 4341 1196 4396 sciat
1231 4356 1299 4396 ne
1331 4354 1521 4410 pcenas
1555 4339 1776 4409 quidem
1801 4340 1940 4396 istas
1980 4339 2044 4393 ad

2153 4343 2331 4413 μένων
2361 4346 2427 4414 τῇ
2455 4342 2622 4398 αὐτοῦ
2679 4341 2948 4413 ἁμαρτίᾳ.
2986 4343 3043 4396 ’0
3073 4343 3130 4396 δέ
3165 4342 3421 4412 Ἐϐραῖος
3462 4339 3606 4405 ἔλεγε
3631 4334 3711 4385 τὸν

469 4446 726 4508 posteros
757 4452 887 4492 SUOS
921 4453 1044 4491 esse
1085 4443 1289 4490 temere
1340 4442 1744 4504 perventuras;
1801 4433 1898 4488 εεᾶ
1948 4447 2044 4488 sua

2153 4435 2284 4488 Θεὸν
2317 4434 2392 4506 μὴ
2427 4434 2792 4502 ἀποδέξασθαι
2843 4433 2941 4504 τὴν
2983 4433 3232 4497 Ἐζεκίου
3261 4431 3577 4503 προαίρεσιν
3601 4427 3710 4477 ἐαυ-

468 4537 687 4583 tantum
736 4528 882 4594 illos,
946 4542 1055 4580 non
1099 4541 1221 4597 quae
1270 4527 1389 4595 ipse
1432 4525 1770 4588 admisisset,
1824 4534 2044 4594 peccata

2155 4527 2250 4581 τοῦ
2285 4529 2446 4598 μόνου
2499 4527 2904 4597 φροντίσαντος,
2967 4525 3321 4597 ὑπεριδόντος
3357 4523 3414 4576 δὲ
3457 4519 3547 4573 τοῦ
3595 4511 3708 4567 λαοῦ

470 4620 728 4674 luituros.
769 4618 1023 4673 Traduut
1065 4617 1278 4673 Ποιητιιί
1311 4616 1556 4672 Ezechiae
1582 4617 1918 4681 institutum,
1955 4618 2044 4686 qui

2158 4620 2252 4673 καὶ
2283 4620 2380 4690 τῆς
2419 4617 2650 4682 πόλεως.
2685 4619 2886 4688 Διόπερ
2917 4617 3223 4685 ἐπήνεγκεν
3254 4616 3341 4683 ἐφ’
3364 4613 3507 4680 ἑξῆς,
3538 4610 3709 4671 Παρίν

469 4712 575 4767 sibi
604 4719 817 4766 tantum
838 4713 1105 4773 intentus,
1135 4709 1394 4780 p0pulum
1421 4719 1473 4762 et
1500 4709 1691 4764 urbem
1725 4709 2044 4780 negligeret,

2158 4713 2416 4778 καλεῖτε,
2434 4713 2834 4782 παρακαλεῖτε
2857 4711 2963 4764 τὸν
2983 4710 3138 4764 λαόν
3165 4724 3309 4776 μου,
3325 4702 3485 4770 λέγει
3506 4703 3535 4752 ὀ
3561 4695 3706 4758 Θεόςο

472 4804 640 4859 Deum
681 4819 790 4859 non
823 4803 1100 4874 amplecti,
1126 4803 1356 4873 ideoque
1384 4801 1666 4871 deinceps,
1704 4801 2044 4856 Consolanti-

2159 4807 2221 4858 Εἰ
2278 4805 2386 4877 γάρ
2448 4807 2657 4867 ἐκεῖνος
2706 4804 2960 4872 φίλαυτος
3002 4801 3264 4870 πέφηνεν,
3313 4793 3428 4850 ἀλλ’
3485 4789 3632 4858 ὑμεῖς
3665 4782 3706 4833 εί

472 4898 549 4963 ni,
571 4897 921 4950 consulamini
943 4896 1190 4965 populum
1221 4912 1413 4959 meum,
1445 4895 1572 4948 dicit
1604 4894 1884 4960 Dominus,
1916 4911 2044 4965 pro-

2157 4896 2465 4966 δυνάμενοι,
2497 4895 2896 4963 παρακαλεῖτε
2927 4893 3034 4948 τὸν
3069 4890 3216 4958 ἐμὸν
3255 4889 3429 4943 λαόν.
3482 4879 3706 4951 Κήδομαι

471 4989 694 5056 phetam
741 4987 1006 5056 adjicere.
1052 4986 1284 5053 Quando
1326 4985 1494 5051 enim,
1539 4986 1712 5049 aiunt,
1739 5000 1925 5040 amore
1964 4987 2044 5039 sui

2159 4988 2268 5058 γάρ
2305 5005 2406 5056 μου
2423 4986 2516 5040 τοῦ
2547 4987 2886 5058 πλάσματος.

472 5094 654 5148 regem
682 5081 906 5134 cernitis
933 5080 1191 5145 avocari;
1225 5079 1309 5133 vel
1339 5078 1442 5148 ipsi
1481 5079 1699 5142 saltem,
1747 5078 1839 5147 qui
1874 5079 2126 5148 potestis,
2148 5079 2400 5148 populant
2437 5096 2632 5144 meum,
2697 5078 2856 5148 cujus
2913 5083 3176 5146 tanquam
3237 5065 3472 5141 ﬁgmenti
3535 5066 3704 5115 curam

473 5187 629 5244 gero,
659 5172 1027 5226 consolamiui.

1106 5260 1258 5317 CAP.
1301 5258 1414 5314 XL.

543 5352 706 5427 435
735 5352 904 5407 Vens.
941 5352 1056 5406 1-8.
1095 5353 1480 5416 Consolamiui,
1512 5351 1859 5406 consolamini
1893 5368 2059 5420 popu-

476 5448 584 5502 lum
643 5465 836 5508 memu,
892 5453 1022 5497 dicit
1082 5443 1242 5496 Deus.
1297 5441 1628 5509 Sacerdotes,
1669 5443 1946 5512 loquimini
1982 5446 2050 5497 ad

2782 5253 3035 5310 ΚΕΦΑΛ.
3060 5253 3150 5307 Μ’.

2237 5359 2373 5421 α-η’.
2407 5347 2804 5420 Παρακαιεῖτε
2827 5388 2843 5412 ,
2871 5342 3264 5413 παρακαλεῖτε
3289 5337 3391 5392 τὸν
3417 5331 3562 5388 λαόν
3577 5340 3699 5421 μου,

2160 5417 2381 5515 λέγει-ό
2421 5417 2602 5510 Θεόςο
2638 5442 2829 5512 ἱερεῖς,
2865 5437 3178 5505 ιιαλήσατε
3217 5434 3302 5498 εἰς
3337 5427 3446 5496 τὴν
3479 5417 3694 5490 καρδίαν

1793 5617 2026 5674 ΥΑιὶῐίΕ
2072 5616 2465 5673 Ι.Ε(.ΣΤΙΟΧΕ5.

506 5731 512 5737 -
551 5715 570 5744 e
633 5717 714 5770 πρ,
749 5710 801 5765 ἅ,
883 5711 908 5751 d
936 5727 1018 5779 γρ,
1057 5705 1458 5777 ἐποφθαλριᾷν.
