3950 6418
245 285 386 351 τῖες)

1421 298 1960 365 COMMENTARII
2003 305 2090 368 IN
2125 306 2416 374 ISAIAM.

3396 314 3544 380 233.)

258 396 671 468 Ἰερουσαλήμ.
700 401 1174 469 Παρακαλέσατε
1194 406 1410 474 αὐτὴν,
1438 407 1528 462 ὅτι
1550 408 1829 485 ἐπλήσθη

1938 429 2031 468 cor
2079 409 2408 477 Jerusalem.
2446 421 2822 481 Consolamini
2866 439 3007 488 eam,
3062 422 3191 493 quia
3229 425 3427 492 repleta
3461 437 3546 483 cst

246 490 285 555 ἠ
322 490 689 558 ταπείνωσις
738 492 953 563 αὐτῆς,
994 494 1248 550 λέλυται
1278 497 1472 567 αὐτῆς
1493 499 1532 567 ἠ
1560 502 1838 571 ἁμαρτία,

247 581 334 635 ὅτι
396 581 648 647 ἐδέξατο
667 584 737 638 ἐκ
762 585 961 655 χειρὸς
983 588 1206 656 Κυρίου
1246 588 1435 645 διπλᾶ
1461 592 1535 645 τὰ
1577 593 1842 663 ἁμαρτῆ⁴

240 688 398 742 ματα
420 675 634 744 αὐτῆς.
688 677 860 746 Φωνὴ
903 677 1176 747 ,βοῶντος
1193 680 1264 735 ἐν
1286 679 1362 751 τῇ
1388 682 1607 754 ἐρήμῳ,
1650 683 1840 739 Ἑτοι-

243 764 477 833 μάσατε
505 767 621 835 τὴν
638 768 784 824 ὁδὸν
799 772 1048 839 Κυρίου,
1073 789 1133 827 κ.
1170 790 1226 828 τ.
1252 773 1304 829 λ.

314 858 715 931 Περιγράψασα
737 863 836 934 τὴν
871 864 1129 919 ὑπόθεσιν
1156 865 1257 936 τῆς
1286 866 1429 921 κατὰ
1451 866 1544 922 τὸν
1562 868 1836 934 -Ἔζεκίαν

1943 502 2221 563 humilitas
2267 510 2406 579 ejus.
2441 510 2693 567 Solutum
2740 523 2823 591 est
2881 521 3161 580 peccatum
3202 514 3376 579 illius,
3411 532 3544 585 quo-

1942 594 2091 648 niam
2127 602 2354 670 suscepit
2386 602 2451 657 de
2476 620 2639 657 manu
2667 602 2886 659 Domini
2906 603 3149 673 duplicia
3170 614 3393 674 peccata
3413 622 3537 664 sua.

1949 681 2067 741 Vox
2083 687 2373 746 clamantis
2397 693 2454 748 in
2475 693 2686 748 deserto
2705 709 2724 748 :
2748 691 2957 749 Parate
2987 710 3130 749 mam
3158 694 3400 773 Domini,
3425 704 3541 756 etc.

2009 862 2282 920 Absoluta
2309 865 2376 921 de
2405 866 2641 923 Ezechia
2673 868 2980 938 pr0phctia:
2997 874 3340 934 narratione,
3364 869 3538 924 alium

245 950 581 1020 προφητείας
613 953 648 1022 ή
674 954 905 1025 ἱστορία,
948 955 1010 1021 ἐξ
1051 957 1248 1029 ἑτέρας
1290 959 1467 1030 ἀρχῆς
1524 960 1620 1014 τοῦ
1678 961 1829 1032 εὐαγ-

1935 952 2051 1024 jam
2084 955 2199 1013 illis
2245 972 2585 1024 sermonem,
2617 960 2715 1029 qui
2767 959 2974 1016 Christi
3025 961 3291 1031 Spiritum
3343 979 3539 1019 conso-

244 1040 462 1109 γελικοῦ
486 1041 647 1112 λόγου
674 1045 1031 1116 κατάρχεται,
1062 1048 1176 1112 τοῖς
1195 1046 1256 1102 τὸ
1280 1048 1376 1102 τοῦ
1402 1051 1641 1120 Χριστοῦ
1670 1049 1841 1107 Πνεῦ-

248 1149 322 1201 μα
357 1132 451 1188 τὸν
472 1135 865 1204 παράκλητον
886 1136 1302 1209 ὑποδεξαμένοις
1316 1141 1620 1209 ἐπιϐοῶσα,
1643 1147 1839 1212 Παρα-

245 1224 485 1279 adicite
508 1226 619 1280 τὸν
646 1229 803 1283 λαόν
827 1248 966 1298 μου.
1002 1230 1189 1285 Πάντα
1220 1233 1330 1303 γὰρ
1360 1232 1452 1287 τὸν
1484 1233 1636 1299 ἄξιον
1674 1236 1839 1291 αὐτοῦ

244 1316 610 1385 χρηματίζειν
638 1318 797 1374 λαὸν
825 1319 920 1374 τὸν
939 1320 1000 1388 ἐξ
1036 1321 1292 1377 ἁπάντων
1313 1323 1423 1379 τῶν
1473 1324 1645 1381 ἐθνῶν
1700 1326 1840 1393 ἐξει-

245 1408 508 1478 λεγμένον
542 1413 868 1483 προστάττει
893 1416 1006 1479 τοῖς
1057 1415 1390 1482 ἀποστόλοις
1433 1420 1836 1490 παρακαλεῖν,

243 1500 379 1571 ὅπερ
423 1500 618 1572 ἔδρων,
670 1504 747 1568 ὡς
789 1506 819 1559 ὁ
879 1506 1094 1570 Παῦλος
1150 1507 1391 1579 ἐδήλωσε
1415 1509 1590 1580 λέγων
1621 1528 1637 1543 ο
1677 1531 1696 1564 ι
1727 1514 1836 1567 Εὐ-

242 1591 468 1664 λογητὸς
492 1597 522 1648 ὁ
553 1595 687 1659 Θεὸς
715 1598 811 1650 καὶ
836 1599 1025 1671 Πατὴρ
1046 1599 1147 1654 τοῦ
1192 1602 1400 1673 Κυρίου
1444 1603 1601 1674 ἡμῶν
1659 1603 1836 1677 Ἰησοῦ

241 1681 504 1752 Χριστοῦ,
540 1686 570 1736 δ
596 1685 788 1755 Πατὴρ
812 1685 924 1741 τῶν
948 1689 1272 1761 οἰκτιρμῶν,
1322 1692 1419 1746 καὶ
1465 1691 1598 1756 Θεὸς
1655 1694 1838 1764 πάσης

1942 1047 2167 1103 latorem
2216 1061 2584 1120 exceperunt,
2621 1051 2990 1107 Consolamini
3050 1053 3307 1122 populum
3363 1071 3537 1108 meum

1941 1140 2274 1208 inclamans,
2308 1142 2648 1214 aggreditur.
2709 1141 3029 1208 Quemlibet
3089 1145 3259 1209 enim,
3302 1144 3396 1214 qui
3437 1159 3537 1212 po-

1939 1235 2054 1306 puli
2092 1235 2175 1291 sui
2223 1235 2600 1306 appellatione
2646 1235 2846 1304 dignus
2881 1235 2978 1296 sit,
3011 1250 3082 1289 ex
3119 1236 3369 1290 omnium
3401 1252 3537 1309 gen-

1941 1328 2077 1383 tium
2110 1340 2348 1382 numero
2387 1327 2651 1382 eximium
2684 1332 2743 1382 et
2779 1326 3042 1381 selectqu
3075 1326 3341 1381 consolari
3376 1327 3537 1397 jubet

1940 1420 2222 1490 apostolos
2275 1440 2290 1476 :
2344 1418 2493 1490 quod
2545 1433 2644 1473 eos
2690 1417 2856 1474 etiam
2907 1417 3237 1487 praestitisse
3297 1426 3534 1474 testatur

1939 1508 2146 1568 Paulus
2199 1511 2289 1567 his
2345 1510 2531 1566 verbis
2578 1527 2650 1566 τι
2688 1510 3023 1585 Benedictus
3062 1509 3224 1576 Deus,
3271 1519 3325 1565 et
3373 1511 3538 1568 Pater

1939 1601 2156 1658 Domini
2184 1602 2360 1658 nostri
2390 1600 2522 1658 Jesu
2554 1600 2780 1666 Christi,
2819 1601 2982 1655 Pater
3001 1599 3534 1669 misericordiarum,

1939 1701 1992 1748 et
2022 1691 2170 1749 Deus
2199 1691 2373 1748 totius
2402 1691 2831 1757 consolationis,
2863 1692 2956 1760 qui
2986 1690 3308 1746 consolatur
3343 1705 3443 1744 nos
3478 1690 3535 1743 in

240 1773 672 1845 παρακλήσεως,
704 1778 734 1829 ὀ
762 1755 1109 1849 παρακαλῶν.
1135 1755 1289 1851 τιμᾶς
1354 1782 1416 1837 ἐν
1466 1783 1616 1855 πάσῃ
1657 1755 1829 1854 θλίψὲὲ

1938 1781 2092 1837 omni
2122 1780 2438 1847 amictione,
2468 1795 2567 1851 per
2595 1779 3057 1848 consolationem,
3089 1795 3199 1851 qua
3230 1781 3335 1849 ipsi
3366 1793 3397 1833 a
3423 1777 3539 1832 Deo

238 1863 418 1933 ἡμῶν,
476 1867 562 1930 si;
609 1867 672 1921 τὸ
722 1868 984 1923 δύνασθαι
1020 1872 1173 1941 ἡμᾶς
1216 1873 1733 1944 παρακαλεῖναοὺς
1775 1878 1838 1931 ὲν

236 1955 386 2027 πάσῃ
421 1955 624 2026 θλίψει,
654 1958 741 2012 διὰ
766 1959 869 2030 τῆς
890 1962 1314 2033 παρακλήσεως,
1353 1959 1422 2036 ἦς
1459 1966 1617 2020 αὐτοὶ
1648 1985 1835 2038 παρα-

234 2047 553 2118 καλούμεθα
585 2050 693 2104 ὑπὸ
717 2051 876 2115 Θεοῦ,
914 2071 934 2105 ι
973 2054 1070 2113 καὶ
1115 2054 1185 2108 τὰ
1227 2054 1367 2125 μετὰ
1391 2055 1588 2121 ταῦτα,
1640 2057 1710 2111 δι’
1752 2054 1830 2114 ὧν

238 2140 459 2209 πάντων
495 2139 606 2195 τῶν
630 2142 760 2210 περὶ
788 2143 890 2213 τῆς
940 2147 1383 2215 παρακλήσεως
1422 2146 1581 2216 λόγον
1616 2149 1835 2207 ἀπέδω-

232 2246 346 2285 κεν.
372 2231 490 2285 Kal
514 2232 751 2303 ἀλλαχοῦ
777 2234 858 2298 δὲ,
888 2235 1144 2308 καθάπερ
1196 2237 1522 2306 πειθόμενος
1579 2240 1647 2310 τῇ
1697 2255 1836 2309 προ-

232 2326 439 2395 φητικῇ
472 2320 896 2395 παρακελεύσει,
929 2324 1031 2395 βοᾶ
1056 2341 1072 2358 ο
1126 2345 1146 2379 ι
1182 2327 1429 2392 Δεόμεθα
1490 2328 1633 2400 ὑπὲρ
1692 2330 1832 2401 Χρι-

233 2415 384 2480 στοῦ,
415 2417 795 2487 καταλλάγητε
824 2417 902 2489 τῷ
928 2417 1069 2489 Θεῷ.
1097 2439 1118 2471 ι
1140 2419 1250 2473 Kal
1266 2419 1447 2495 πάλιν·
1478 2438 1499 2474 ε
1522 2421 1834 2493 Παρακαλῶ

231 2508 289 2562 δὲ
327 2509 480 2579 ὑμᾶς
518 2507 632 2578 ἐγὼ
658 2509 926 2580 όδέσμιος
967 2510 1027 2562 ὲν
1071 2510 1296 2583 Χριστῷ
1332 2510 1536 2582 Ἰησοῦ.
1567 2532 1586 2565 ι
1642 2512 1717 2567 Τὸ
1772 2513 1832 2567 δὲ

232 2601 430 2669 ἱερεῖς,
463 2601 541 2665 ὡς
566 2603 643 2671 μὴ
673 2601 929 2666 κείμενον
957 2597 1113 2674 παρὰ
1132 2606 1246 2668 τοῖς
1277 2603 1483 2669 ἄλλοις,
1536 2604 1832 2660 ὠϐέλισται

232 2691 383 2761 παρὰ
416 2693 532 2755 τοῖς
547 2690 974 2765 Ἐὁδομήκοντα.

309 2782 372 2837 '0
404 2783 539 2854 γοῦν
572 2783 874 2855 Σύμμχὸς
897 2802 1032 2855 φησι
1055 2801 1070 2817 ο
1102 2786 1521 2857 Παρηγορεῖτε,
1567 2800 1828 2857 παρηγο-

224 2872 383 2944 ρεῖτε
410 2875 522 2928 τὸν
543 2875 700 2928 λαόν
707 2891 831 2944 μου
850 2917 868 2940 ,
898 2875 1063 2946 λέγει
1085 2878 1119 2931 ό
1144 2876 1287 2942 Θεὸς
1306 2876 1494 2946 ὑμῶν.
1550 2880 1828 2948 Παραμυ·

230 2964 506 3041 θήσασθε
530 2963 648 3032 τὴν
674 2963 931 3031 similar
979 2963 1406 3035 Ἰερουσαλήμ.
1451 2959 1524 3037 ’ᾩ
1564 2967 1657 3019 καὶ¹
1700 2982 1826 3020 συν-

229 3056 522 3127 εφώνησαν
541 3057 592 3109 οἱ
620 3055 817 3110 λοιποί.
854 3055 950 3120 τίς
968 3056 1029 3109 δὲ
1056 3057 1090 3115 ἡ
1119 3054 1310 3127 ὥσπερ
1342 3055 1590 3128 ἐμψύχου
1616 3058 1829 3128 καρδία

227 3149 337 3218 τῆς
352 3147 781 3217 Ἱερουσαλήμ;
806 3143 917 3201 Ἦν
945 3147 1047 3217 μὲν
1077 3148 1250 3202 εἰπεῖν
1286 3148 1408 3201 ἀντὶ
1436 3148 1548 3202 τῶν
1607 3150 1827 3220 οἰκητό-

231 3258 342 3313 ρων
372 3239 629 3311 ειρῆσθαι
671 3239 772 3311 τὴν
801 3239 978 3305 πόλιν,
1013 3240 1063 3292 si
1090 3237 1171 3309 μὴ
1208 3241 1304 3294 καὶ¹
1332 3239 1441 3294 τοῦ
1466 3241 1620 3296 λαοῦ
1646 3242 1831 3313 διεμέ-

231 3351 406 3405 μνητο
435 3333 633 3403 λέγων,
664 3333 775 3388 τὸν
793 3334 949 3387 λαόν
970 3349 1111 3401 μου.
1180 3332 1278 3395 Τίς
1299 3332 1358 3387 δὲ
1386 3333 1632 3400 όξνῖαόςπ
1681 3335 1829 3399 τίνες

228 3424 282 3478 δὲ
306 3426 364 3479 ol
385 3424 918 3493 παρακαλοῦντες
938 3422 1112 3493 Δῆλον
1146 3423 1222 3485 ὡς
1250 3423 1300 3476 ol
1356 3421 1418 3476 τὸ
1467 3423 1695 3495 Πνεῦμα
1735 3424 1829 3478 τὸν

228 3515 581 3586 παράκλητον
602 3516 841 3586 ἔχοντες,
869 3517 945 3580 ὡς
971 3515 1258 3588 ἐλέγομεν,
1281 3516 1418 3588 πρὸς
1450 3516 1545 3581 οὓς
1593 3518 1777 3586 ἔλεγεν
1797 3519 1827 3571 δ

228 3607 445 3678 Σωτὴρ,
481 3626 502 3660 ι
534 3605 709 3674 Κάγὼ
739 3609 1003 3679 ἐρωτήσω
1025 3606 1118 3662 τὸν
1151 3608 1373 3679 Πατέρα
1400 3626 1525 3679 μου,
1579 3608 1677 3662 καὶ
1728 3608 1823 3662 ἅλ-

227 3701 319 3754 λον
345 3699 712 3772 Παρᾶκλητον
734 3700 896 3753 δώσει
920 3701 1071 3772 ὑμῖν,
1103 3701 1193 3755 ἵνα
1292 3698 1415 3770 μεθ’
1449 3698 1602 3770 ὑμῶν
1633 3700 1713 3762 εἰς
1734 3698 1825 3752 τὸν

226 3795 421 3863 αἰῶνα,
438 3796 500 3852 τὸ
518 3794 746 3867 Πνεῦμα
763 3796 863 3867 τῆς
877 3795 1155 3866 ἀληθείας.
1184 3815 1203 3849 ι
1240 3794 1353 3849 Kal
1378 3795 1540 3848 πάλιν
1563 3810 1578 3824 ο
1614 3815 1636 3846 ι
1655 3794 1824 3848 Ὅταν

223 3886 281 3938 δὲ
309 3886 487 3959 ἒλθῃδ
527 3887 909 3959 Παράκλητος,
960 3906 979 3939 ›
1004 3887 1067 3941 τὸ
1094 3885 1321 3957 Πνεῦμα
1343 3886 1404 3940 τδ
1436 3886 1616 3956 ἅγιον,
1643 3886 1739 3940 καὶ
1762 3885 1823 3939 τὺ

226 3980 394 4046 θεῖον,
431 3978 573 4033 οὕτω
604 3979 867 4046 πολλάκις
896 3980 1125 4053 Πνεῦμα
1154 3982 1331 4035 καλεῖ.
1392 3980 1456 4033 0i
1507 3979 1601 4033 τὸν
1632 3979 1823 4050 Παρά-

225 4073 428 4142 κλητον
454 4066 549 4126 οῦν
594 4070 905 4143 δεξάμενοι,
964 4072 1341 4142 παρακαλεῖν
1387 4064 1823 4144 προστάττονται

224 4164 335 4219 τὸν
360 4165 521 4219 λαόν
550 4164 645 4219 τοῦ
675 4164 834 4219 Θεοῦ.
875 4164 1020 4219 Ἀλλ’
1045 4167 1107 4220 οὐ
1142 4166 1232 4220 τὸν
1267 4163 1505 4236 Ἰσραὴλ,
1561 4164 1683 4218 οὐδὲ
1732 4164 1823 4218 τὸν

237 4255 460 4321 Ἰακὼϐ,
500 4256 621 4309 οὐδὲ
671 4256 764 4310 τὸν
817 4256 1054 4310 Ἰούδανο
1096 4256 1215 4311 ἀλλ’
1254 4255 1444 4329 ἕτερον
1496 4256 1651 4326 παρὰ
1693 4253 1823 4308 τοῦ-

224 4364 338 4410 τον,
395 4347 475 4410 ὡς
527 4349 557 4402 ὁ
608 4347 888 4419 Ζαχαρίας
933 4348 1086 4419 δηλοῖ
1117 4348 1294 4416 λέγων
1322 4362 1336 4377 '
1387 4365 1408 4399 ι
1448 4347 1687 4418 Τέρπου,
1721 4346 1821 4412 καὶ

1937 1872 2294 1929 consolamur
2338 1871 2408 1939 ”,
2459 1890 2479 1924 ι
2526 1873 2877 1941 caeterisque,
2913 1886 3037 1942 qua:
3083 1880 3432 1942 sequuntur;
3476 1870 3535 1925 in

1935 1967 2136 2037 quibus
2174 1965 2435 2027 omnibus
2474 1964 2857 2019 consolationis
2913 1964 3184 2021 rationem
3243 1962 3528 2019 exhibuit.

1934 2059 2156 2116 Alicubi
2206 2058 2433 2125 deinde,
2468 2044 2733 2129 tanquam
2770 2059 3095 2131 prophetica
3142 2056 3535 2113 adhortatione

1936 2167 2237 2223 persuasus
2289 2153 2493 2208 clamat
2536 2169 2552 2208 :
2596 2170 2618 2204 ι
2659 2150 3030 2208 Obsecramus
3073 2166 3172 2222 per
3221 2149 3534 2220 Christum,

1933 2243 2380 2299 reconciliemini
2418 2256 2544 2299 cum
2585 2241 2699 2297 Deo
2734 2242 2802 2296 ¹⁹.
2846 2260 2867 2294 ι
2903 2241 2970 2295 Ει
2992 2256 3187 2297 rursus
3234 2255 3250 2294 ι
3291 2257 3312 2291 ι
3358 2238 3538 2295 Obse-

1934 2348 2034 2390 cro
2061 2349 2158 2391 vos
2186 2349 2289 2406 ego
2335 2335 2558 2390 vinctus
2594 2334 2651 2389 in
2678 2333 2906 2390 Christo
2935 2333 3065 2390 Jesu
3096 2334 3164 2388 '°.
3214 2351 3233 2386 ι
3271 2331 3372 2387 Est
3403 2346 3538 2386 vero

1933 2424 2239 2480 notandum
2298 2425 2605 2480 sacerdotes
2630 2424 2979 2490 vocabulum,
3017 2433 3280 2494 tanquam
3313 2425 3384 2479 ab
3408 2423 3536 2478 aliis

1932 2530 2043 2570 non
2068 2523 2425 2587 agnoscatur,
2458 2515 2605 2586 apud
2635 2515 2972 2587 interpretes
2997 2513 3356 2587 Septuaginta
3371 2514 3538 2571 obelo

1932 2606 2182 2665 confodi.

2004 2786 2098 2843 Sic
2132 2785 2306 2857 igitur
2350 2786 2718 2866 Symmachus
2767 2803 2782 2841 :
2825 2784 3226 2853 Consolamini,
3280 2782 3533 2841 consola-

1929 2877 2061 2931 mini
2101 2876 2356 2946 populum
2381 2893 2575 2942 meum,
2610 2877 2741 2931 dicit
2766 2875 2932 2948 436
2976 2877 3114 2933 Deus
3154 2886 3344 2933 vester.
3376 2878 3536 2933 Allo-

1928 2966 2157 3036 quimini
2199 2983 2293 3020 cor
2336 2965 2681 3033 Jerusalem;
2718 2967 2809 3021 cui
2847 2967 3012 3021 etiam
3053 2968 3238 3023 caeteri
3298 2982 3535 3023 censen-

1930 3059 2097 3115 tiunt.
2128 3060 2232 3115 Sed
2262 3058 2545 3130 quodnam
2573 3066 2657 3114 est
2686 3059 2868 3130 ipsius
2900 3058 3230 3126 Jerusalem,
3265 3067 3532 3129 tanquam

1933 3150 2256 3215 animantis,
2294 3151 2429 3205 cor?
2463 3151 2668 3206 Urbem
2722 3150 2948 3221 quidem
3004 3150 3214 3220 ipsam,
3254 3165 3354 3220 pro
3406 3150 3535 3219 ejus

1932 3244 2156 3307 incolis,
2189 3244 2511 3299 nominasse
2563 3243 2903 3314 respondere
2959 3243 3178 3310 liceret,
3230 3242 3338 3297 nisi
3370 3256 3537 3311 popu-

1932 3335 2044 3388 lum
2086 3350 2263 3388 meum
2299 3334 2622 3405 adjecissct.
2668 3333 2915 3400 Verum,
2962 3333 3090 3404 quis
3132 3334 3407 3402 populus?
3442 3333 3537 3402 qui

1930 3423 2296 3479 consolatores
2318 3426 2344 3480 1'
2379 3422 2487 3490 ipsi
2517 3424 2807 3489 nimirum,
2839 3424 2934 3492 qui
2964 3424 3374 3480 consolatorem
3409 3422 3536 3493 Spi-

1929 3517 2097 3572 ritum
2147 3517 2437 3581 habentes,
2479 3504 2586 3572 ista
2632 3530 2663 3571 a
2702 3515 2995 3573 Salvatore
3026 3517 3371 3572 audierunt:
3411 3533 3431 3567 ι
3469 3516 3537 3568 Et

1927 3621 2028 3676 ego
2062 3606 2270 3676 rogabo
2326 3604 2548 3660 Patrem
2609 3620 2820 3670 meum,
2867 3613 2923 3661 et
2974 3607 3144 3661 alium
3186 3605 3534 3660 Paracletum

1927 3698 2080 3753 dabit
2108 3696 2286 3760 vobis,
2323 3704 2386 3750 ut
2416 3697 2489 3752 sit
2512 3695 2800 3751 vobiscum
2834 3697 2889 3751 in
2929 3698 3229 3761 saeculum;
3259 3697 3533 3767 Spiritum

1928 3784 2180 3840 veritatis
2231 3784 2299 3837 ³⁸.
2353 3801 2374 3836 ι
2431 3785 2497 3838 Ει
2558 3800 2758 3841 rursus
2796 3800 2811 3838 :
2846 3783 3038 3840 «Cum
3096 3795 3280 3839 autem
3315 3785 3532 3840 venerit

1926 3875 2246 3932 Paracletus
2270 3876 2340 3940 “,
2404 3894 2426 3929 ›
2465 3884 2573 3931 etc.
2626 3876 2707 3930 Ita
2746 3876 2892 3931 enim
2924 3891 3070 3946 saepe
3101 3875 3371 3946 Spiritum
3401 3889 3532 3930 san-

1925 3977 2077 4027 ctum
2109 3980 2165 4025 et
2192 3968 2469 4035 divinum,
2501 3969 2619 4024 sola
2673 3966 2918 4039 Spiritus
2947 3967 3327 4038 appellatione
3358 3964 3532 4037 signi-

1926 4061 2075 4117 ﬁcat.
2118 4060 2224 4127 Qui
2251 4075 2383 4130 ergo
2409 4058 2756 4115 Paracletum
2803 4065 3165 4129 acceperunt,
3204 4058 3307 4113 Dei
3357 4072 3532 4127 popu-

1928 4151 2063 4215 lum,
2122 4166 2234 4207 non
2294 4151 2556 4217 lsraelis,
2617 4165 2726 4206 non
2783 4148 3015 4214 Jacobi,
3066 4165 3176 4206 non
3212 4148 3530 4205 Judmorum

1925 4243 2161 4314 denique
2180 4284 2195 4309 ,
2218 4241 2314 4297 sed
2345 4242 2514 4297 alium
2556 4241 2831 4295 consolari
2862 4240 3153 4311 iubentur,
3184 4241 3254 4296 de
3282 4256 3397 4312 quo
3426 4237 3532 4294 Za-

1924 4334 2170 4388 chariam
2203 4335 2279 4389 ita
2311 4332 2612 4402 scripsisse
2648 4331 2884 4403 legimus
2914 4351 2929 4387 :
2958 4350 2978 4382 σ
3015 4331 3207 4387 Gaude
3236 4342 3294 4388 et
3318 4332 3526 4395 laetare,

221 4437 548 4509 εὖφραίνου,
573 4437 822 4509 Θυγάτηρ
853 4436 1012 4505 Σιὼν,
1036 4437 1103 4491 δι’
1158 4438 1242 4491 ὅτι
1292 4436 1404 4490 ίδοὺ
1431 4434 1680 4507 ἔρχομαι,
1731 4434 1828 4488 xal

1935 4426 2044 4480 lilia
2097 4424 2257 4488 Sion,
2308 4424 2438 4495 quia
2474 4438 2578 4495 ego
2625 4423 2807 4487 venio,
2837 4430 2895 4478 et
2934 4422 3201 4478 habitabo
3241 4422 3297 4477 in
3348 4421 3531 4477 medio

220 4525 642 4596 κατασκηνώσω
680 4529 740 4581 ὲν
775 4527 926 4598 μέσῳ
940 4543 1060 4590 σου,
1089 4525 1241 4594 λέγει
1273 4524 1499 4594 Κύριος.
1529 4525 1641 4578 Καὶ
1661 4540 1823 4576 καταο

222 4619 523 4687 φεύξονται
557 4619 685 4691 ἔθνη
722 4618 894 4674 πολλὰ
922 4620 1017 4673 ἐπὶ
1047 4619 1139 4672 τὸν
1169 4617 1373 4688 Κύριον
1400 4617 1460 4670 ὲν
1512 4617 1578 4687 τῇ
1636 4615 1822 4687 ἡμέρᾳ

220 4711 434 4784 ἐκείνῃ,
458 4712 555 4765 καὶ
585 4711 803 4765 ἔσονται
837 4711 988 4782 αὐτῷ
1025 4711 1106 4774 είς
1153 4710 1306 4776 λαὸν,
1340 4709 1434 4763 καὶ
1464 4708 1821 4778 κατασκηνώ-

225 4819 417 4855 σουσιν
454 4803 513 4854 ὲν
546 4801 697 4873 μέσῳ
729 4819 845 4866 σου,
873 4803 968 4855 καὶ
987 4800 1271 4872 ἐπιγνὼσῃ
1302 4801 1384 4854 ὅτι
1415 4798 1621 4871 Κύριος
1678 4816 1821 4852 παν-

221 4888 516 4961 τοκράτωρ
538 4890 909 4956 ὲξαπέσταλκέ
940 4909 1008 4962 με
1030 4892 1166 4963 πρός
1197 4908 1278 4945 σε.
1312 4910 1331 4942 ι
1402 4889 1480 4942 Δι’
1535 4883 1611 4943 ὧν
1637 4889 1825 4958 σαφῶς

226 4982 357 5052 ἔθνη
389 4982 559 5036 πολλὰ
577 4982 706 5046 λαὸς
735 4983 842 5037 τοῦ
878 4984 1027 5040 Θεοῦ
1077 4982 1513 5054 προαγορεύεται
1548 4980 1818 5049 γίνεσθαι.

228 5073 342 5125 Kal
368 5072 545 5126 ταῦτα
577 5073 724 5144 λέγει
773 5074 983 5146 Κύριος
1026 5073 1436 5145 ἀπεσταλμένος
1479 5069 1584 5124 ὑπὸ
1629 5070 1820 5142 ἑτέρου

220 5164 313 5225 ,Ku
322 5163 460 5232 ρίου.

1933 4517 2037 4582 tui,
2067 4512 2201 4571 dicit
2232 4516 2520 4572 Dominus.
2567 4514 2633 4569 Et
2660 4513 2983 4585 confugient
3021 4525 3213 4585 gentes
3244 4514 3427 4569 multae
3458 4511 3529 4568 ad

1932 4605 2227 4661 Dominum
2262 4604 2318 4659 in
2350 4605 2440 4660 die
2472 4605 2599 4671 illa,
2632 4614 2688 4661 et
2720 4614 2887 4661 erunt
2922 4605 2973 4661 ei
3022 4606 3076 4659 in
3127 4605 3422 4676 populum;
3471 4612 3530 4658 et

1931 4699 2259 4755 habitabant
2299 4697 2354 4752 in
2388 4698 2572 4754 medio
2605 4699 2722 4765 tui;
2763 4710 2817 4754 et
2851 4706 3190 4768 cognoscent
3220 4698 3349 4767 quia
3382 4695 3528 4754 Deus

1929 4772 2279 4860 omnipotens
2306 4790 2459 4845 misit
2485 4806 2572 4845 me
2593 4791 2662 4845 ad
2694 4798 2749 4845 te
2778 4789 2856 4854 ³⁸,
2895 4809 2914 4842 ι
2944 4791 3147 4861 quibus
3174 4794 3366 4859 aperte
3394 4803 3527 4859 gen-

1929 4893 2012 4941 tes
2063 4887 2264 4941 multas
2326 4884 2381 4939 in
2437 4885 2693 4953 populum
2746 4882 2964 4939 Domini
2995 4884 3240 4939 abituras
3269 4882 3526 4952 praedici-

1892 5024 1895 5025 ν
1927 4982 2020 5030 tur
2054 4974 2154 5046 (1).
2205 4973 2272 5030 Ει
2299 4974 2415 5031 haec
2449 4975 2586 5031 dicit
2612 4974 2881 5031 Dominus
2927 4974 3132 5030 missus
3177 4973 3248 5030 ab
3289 4973 3397 5029 alio
3424 4972 3528 5030 Do-

1929 5066 2104 5122 mino.

298 5275 428 5348 "All
459 5278 585 5335 Cor.
620 5295 658 5346 ι,
688 5280 741 5334 5.
819 5278 866 5312 ¹⁹
906 5277 972 5347 ll,
1003 5277 1133 5334 Cor.
1163 5293 1216 5343 ν,
1248 5276 1341 5333 20.
1417 5278 1462 5311 ³ο
1493 5276 1786 5348 Ephesz,
1816 5280 1829 5329 l

1946 5270 1990 5304 ιι
2034 5265 2336 5336 Joan.x1v,
2372 5266 2459 5337 16,
2495 5268 2583 5323 17.
2665 5265 2710 5297 ι’
2749 5264 2887 5322 ibid.
2921 5265 3013 5322 se.
3092 5266 3139 5299 ιο
3178 5244 3409 5320 Zachar.
3450 5278 3515 5332 ιι,

149 5383 157 5391 .
232 5343 321 5410 ιο,
351 5346 442 5403 Η.

1758 5430 1999 5488 ΝΟΤᾹΖ.

301 5530 587 5604 (“Placet
611 5530 748 5586 viris
775 5528 1310 5604 theoloaisbrevem
1325 5527 1488 5604 istam
1512 5526 1822 5604 clausulam

232 5595 579 5671 fer‘ri'posse,
630 5608 846 5671 cumet
893 5595 1137 5671 Iguiatius
1186 5595 1541 5671 et_.lustinus
1592 5596 1821 5671 Μαι-ψ’,

1929 5524 2163 5594 intelligi
2215 5521 2411 5592 possit.
2449 5521 2559 5593 Ego
2612 5527 2797 5576 tamen
2830 5523 2900 5579 ab
2945 5522 3183 5594 Arriano
3230 5520 3416 5594 aliquo
3448 5521 3519 5577 ad

1933 5592 2238 5664 marginem
2268 5601 2459 5664 notata
2502 5592 2565 5648 in
2589 5600 2914 5664 contextum
2981 5593 3202 5649 venisse
3245 5592 3371 5664 rideo
3424 5608 3521 5664 su-

231 5673 307 5729 ita
342 5660 410 5725 de
440 5660 599 5726 Patre
626 5682 679 5725 et
703 5667 839 5724 Filio
867 5660 1009 5739 εκῖρε
1037 5666 1382 5739 locytisint:
1409 5683 1536 5720 cum
1562 5660 1825 5739 ctiam'de
1932 5660 2140 5733 spicor,
2168 5663 2315 5739 quod
2345 5666 2536 5721 eadem
2554 5660 2734 5718 ablata
2761 5662 2938 5718 locum
2971 5663 3286 5734 liciiwagis
3314 5661 3528 5733 perspio

233 5742 440 5813 angelis
496 5740 585 5813 (de
631 5741 832 5813 quibus
900 5733 1044 5810 apud
1103 5736 1426 5793 Zachariam
1484 5752 1665 5795 sermo
1719 5735 1825 5804 est)
1939 5749 2102 5790 cuum
2132 5733 2367 5790 videam.
