3950 6388
457 286 595 352 2331

1737 286 2092 349 PROCOPII
2130 287 2377 351 GAZKEI

3614 304 3761 371 2332

519 394 636 460 Qua
676 408 806 466 ergo
846 393 1060 450 ratione
1089 393 1178 450 hic
1208 393 1308 449 Dei
1339 394 1591 465 populus,
1626 393 1819 449 eadem
1858 403 1914 450 et
1942 409 2031 448 cor

2218 395 2306 461 Ὠς
2332 391 2427 452 οὖν
2446 390 2601 462 οὗτος
2625 398 2776 466 λαὸς
2806 401 2975 469 Θεοῦ,
2994 400 3136 457 οὕτω
3166 404 3400 473 καρδία
3433 405 3760 475 Ἰερουσα-

446 481 774 551 Jerusalem,
805 486 992 556 populi
1017 485 1234 565 scilicet
1282 486 1339 540 in
1387 486 1635 541 Ecclesia
1678 485 2033 555 praestantior

450 594 737 644 numerus,
784 580 1122 649 appellatur:
1157 593 1267 633 non
1307 579 1468 634 aliter
1495 593 1659 649 quam
1699 579 1756 633 in
1795 591 2034 647 corpore

451 670 600 724 cordi
632 670 997 738 principatum
1029 669 1348 725 tribuimus.
1385 669 1509 736 Quo
1549 662 1805 740 loquendi
1834 683 2035 740 genere

452 759 651 814 rationi
701 767 755 814 ct
798 758 1012 826 spiritui
1049 761 1223 828 magis
1253 759 1751 830 obtemperantium
1796 759 1935 814 ordo
1959 759 2035 813 si-

450 852 762 920 gnidcatur.
799 849 990 920 Itaque
1017 851 1162 921 loqui
1192 850 1416 921 quidem
1452 853 1620 917 istos,
1658 850 1798 906 alios
1828 858 2031 917 autem,

451 950 710 1011 tanquam
769 943 1134 998 consolatione
1193 958 1336 1014 opus
1392 944 1699 1009 habentes,
1757 942 2034 998 consolari

450 1034 723 1104 praecipit.
753 1032 913 1088 Dicas
944 1034 1109 1087 etiam
1143 1041 1199 1087 et
1224 1033 1412 1088 sensui
1441 1032 1701 1113 subjecta:
1726 1031 2033 1087 Jerusalem

447 1129 597 1182 cives
633 1127 845 1180 ratione
881 1125 1057 1195 magis
1094 1125 1389 1194 pollentes,
1437 1125 1823 1194 aequioresque
1860 1122 2034 1194 signi-

448 1217 640 1282 ﬁcari;
671 1231 797 1271 cum
837 1215 1048 1284 reliqua
1089 1214 1253 1270 turba
1291 1229 1483 1270 crassa
1523 1214 1660 1279 fere,
1701 1213 2034 1284 corporique

450 1307 689 1361 maxime
724 1304 941 1360 addicta
978 1304 1071 1360 sit.
1109 1302 1241 1359 Vult
1286 1304 1456 1375 igitur
1491 1310 1547 1359 et
1581 1302 1650 1358 ad
1692 1304 1829 1360 istos
1866 1304 2033 1359 verba

450 1397 568 1451 tieri
600 1398 670 1451 ab
692 1397 796 1463 eis,
824 1396 918 1466 qui
944 1395 1222 1465 Spiritum‘
1241 1395 1641 1451 consolationis
1662 1400 2028 1464 acceperunt;

446 1491 502 1538 et
532 1492 881 1553 peccatorum
925 1497 1018 1552 per
1052 1483 1394 1552 prophetiam
1427 1482 1495 1538 de
1522 1482 1731 1539 Christi
1769 1482 2028 1548 adventu,

449 1590 575 1629 eum
601 1579 855 1630 cessante
881 1574 1182 1628 humilitate
1224 1574 1387 1628 etiam
1422 1575 1657 1629 solutum
1705 1575 1808 1630 erit
1843 1591 2031 1639 pecca-

452 1676 584 1731 tum,
634 1667 848 1721 veniam
890 1666 1225 1721 denuntiari.
1256 1665 1423 1721 Cordi
1454 1680 1586 1736 ergo
1626 1668 1884 1737 superius
1916 1683 2031 1724 me—

2135 486 2264 557 λὴμ
2282 489 2343 541 τὸ
2371 491 2619 561 κρεῖττον
2636 489 2730 544 τοῦ
2766 490 2897 545 λαοῦ
2939 493 3146 563 τάγμα,
3187 496 3284 549 καὶ
3337 498 3452 567 τῆς
3516 498 3764 572 Ἐκκλη-

2139 577 2259 639 σίας
2285 578 2345 631 τὸ
2366 578 2722 649 κυριώτατον,
2743 580 2819 644 ὡς
2845 583 2885 651 ή
2909 583 3124 653 καρδία
3175 586 3269 641 τοῦ
3326 586 3634 660 σώματος,
3692 592 3763 646 δι’

2136 663 2198 724 οὐ
2224 670 2477 740 δηλοῦται
2499 672 2559 725 τὸ
2580 672 2798 741 λογικόν
2819 691 2880 727 τε
2905 676 2994 728 καὶ
3022 677 3369 749 νοερὼτερον
3410 682 3640 752 τάγμα.
3669 686 3764 739 Διδ
3860 682 3864 687 ’

2135 759 2345 825 τούτοις
2392 762 2494 831 μὲν
2547 763 2782 829 λαλεῖν,
2826 767 3199 834 παρακαλεῖν
3252 771 3319 825 δὲ
3385 773 3526 837 τοὺς
3560 775 3764 842 ἄλλους

2136 848 2417 916 ἐπέταξεν,
2448 850 2523 914 ὡς
2576 851 2643 905 ἂν
2671 851 2959 924 δεομένους
3006 858 3399 928 παραμυθίας.
3450 859 3671 927 Elateia:
3706 863 3766 918 δ’

2133 940 2201 995 ἂν
2228 940 2443 1011 καὶτῆς
2475 942 2740 1014 αἰσθητῆς
2782 945 3143 1017 Ἰερουσαλὴμ
3164 950 3295 1013 τοὺς
3331 950 3762 1025 λογικωτέρους

2139 1028 2524 1100 σημαίνεσθαι,
2565 1030 2659 1085 τοῦ
2692 1032 2881 1086 λοιποῦ
2922 1036 3163 1107 πλήθους
3202 1041 3382 1094 οἱονεὶ
3429 1042 3762 1113 σαρκώδους

2134 1119 2229 1173 καὶ
2256 1121 2573 1191 παχυτάτου
2615 1125 3000 1194 τυγχάνοντος,
3025 1129 3119 1182 καὶ
3142 1130 3335 1196 αὐτοῖς
3365 1129 3470 1187 οὖν
3496 1132 3759 1204 βούλεται

2130 1212 2347 1267 λαλεῖν
2369 1214 2496 1277 τοὺς
2518 1215 2807 1286 εἰληφότας
2834 1219 2895 1271 τὸ
2920 1220 3147 1292 Πνεῦμα
3163 1222 3263 1293 τῆς
3296 1226 3758 1296 παρακλήσεως,

2132 1303 2327 1373 ἄφεσιν
2359 1304 2643 1375 ἁμαρτιῶν
2668 1307 3191 1382 εὐαγγελιζομένους
3214 1313 3312 1368 διὰ
3378 1317 3493 1386 τὴν
3535 1333 3756 1391 προφη-

2130 1392 2300 1458 τείαν,
2331 1393 2399 1463 ῆν
2428 1394 2624 1463 ἐπάγει
2658 1397 2906 1468 περὶτῆς
2933 1400 3171 1472 Χριστοῦ
3196 1405 3552 1475 παρουσίας,
3585 1424 3757 1461 παυοε-

2133 1482 2303 1554 μένης
2324 1500 2359 1536 τ
2361 1482 2437 1552 ἧς
2460 1484 2896 1554 ταπεινώσεως,
2938 1490 3039 1543 καὶ
3066 1492 3390 1562 λυομένης
3406 1493 3530 1564 τῆς
3559 1497 3749 1567 ἁμαρ-

2129 1576 2279 1643 τίας.
2313 1577 2393 1649 Τῇ
2433 1574 2528 1632 οὖν
2568 1579 2833 1652 εἰρημένῃ
2890 1581 3106 1651 καρδίᾳ
3151 1584 3267 1654 τῆς
3332 1586 3756 1656 Ἰερουσαλὴμ

2130 1666 2362 1737 διπλῆν
2408 1669 2767 1739 ἐπενηνέχθαι
2803 1671 2954 1741 λέγει
3004 1673 3106 1745 τὴν
3167 1676 3433 1744 κόλασιν,
3480 1678 3617 1732 ἐπεὶ
3660 1681 3749 1734 καὶ

449 1767 676 1814 moratae
707 1757 1007 1813 Jerusalem
1043 1758 1276 1827 duplices
1319 1772 1512 1829 poenas
1560 1758 1834 1829 irrogatas
1869 1757 2031 1831 437

2136 1757 2421 1826 ίστορικῶς
2443 1761 2814 1816 συναπέλαυον
2854 1763 2964 1816 τῶν
3017 1765 3114 1818 τοῦ
3154 1766 3430 1839 ’πλήθους
3463 1771 3659 1836 κακῷν
3691 1775 3741 1825 oi

449 1865 575 1905 esse
621 1849 758 1905 dicit
788 1867 803 1904 :
828 1849 1273 1921 quandoquidem
1312 1849 1706 1922 (praeterquam
1752 1851 1901 1919 quod
1944 1864 2035 1906 se-

450 1942 692 1996 cundum
726 1941 1036 2009 historiam,
1065 1950 1119 1997 et
1144 1942 1289 2010 illos,
1318 1957 1460 2025 quos
1493 1942 1885 2007 indicavimus,
1910 1956 2036 1997 cum

449 2033 655 2105 populo
709 2034 997 2105 agentibus
1033 2034 1236 2090 exteris
1274 2033 1607 2101 humiliatos,
1659 2032 1851 2088 eadem
1904 2032 2041 2088 tole-

450 2137 604 2178 rasse
636 2125 876 2194 constat)
916 2131 968 2179 et
1008 2124 1115 2195 ipsi
1150 2127 1319 2180 etiam
1350 2125 1537 2181 animo
1603 2125 2034 2197 torquebantur;

447 2227 571 2266 eum
611 2215 796 2283 populi
835 2215 1191 2285 rejectionem
1229 2217 1502 2288 lugerent,
1536 2217 1892 2287 secundoque
1923 2217 2037 2287 jam

448 2302 585 2357 urbe
614 2312 949 2374 expugnata,
978 2307 1098 2363 solo
1129 2308 1392 2379 templum
1425 2324 1550 2365 esse
1576 2309 1921 2379 adaequatum
1951 2310 2039 2364 in-

448 2400 752 2447 tuerentur.
789 2388 1223 2450 Consolationem
1255 2411 1391 2469 ergo
1432 2397 1714 2470 deinceps,
1749 2413 1873 2469 quae
1908 2398 2034 2452 Sal-

446 2485 655 2540 vatoris
706 2486 942 2542 adventu
994 2496 1375 2558 praestaretur,
1425 2506 1553 2546 cum
1603 2507 1704 2546 νοτ
1748 2491 2032 2545 clamantis

440 2576 602 2644 dixit,
638 2577 860 2646 adjecit.
894 2578 1123 2646 Deinde,
1156 2595 1208 2637 et
1236 2582 1430 2638 uidebit
1451 2585 1623 2638 omnis
1647 2600 1774 2639 caro
1796 2584 2033 2638 salutare
2066 2640 2071 2645 ,

447 2666 564 2732 Dei,
595 2668 829 2736 addidit,
852 2678 913 2724 ut
935 2669 1222 2744 Evangelii
1248 2672 1719 2744 prmdicationem,
1735 2673 1885 2731 unde
1913 2672 2035 2729 Sal-

443 2766 601 2813 vator
652 2759 913 2826 innotuit,
968 2762 1265 2819 indicaret.
1319 2764 1415 2820 Est
1446 2780 1578 2821 vero
1629 2764 1896 2821 desertum
1943 2765 2035 2821 hic

444 2854 511 2906 ab
555 2867 623 2907 eo
671 2853 843 2917 aliud,
893 2869 993 2925 per
1047 2856 1193 2925 quod
1224 2857 1487 2927 populum
1534 2857 1716 2913 Moses
1767 2856 2031 2913 traduxit.

442 2945 674 3012 Deinde,
715 2948 1002 3018 cuiusnam
1053 2951 1159 3005 viri
1204 2967 1306 3006 νοω
1339 2953 1393 3006 in
1444 2953 1547 3008 eo?
1596 2949 2037 3019 Clamantis,ree

443 3035 677 3105 spondet
703 3051 718 3091 :
740 3047 836 3092 aut
858 3046 917 3092 ut
943 3038 1141 3110 Aquila
1159 3041 1576 3113 interpretatur,
1597 3043 1857 3098 vocantis.
1880 3042 2035 3098 Patet

2145 1847 2485 1918 δηλωθέντες
2521 1850 2613 1904 ὑπ’
2656 1852 2979 1928 ἀλλοφύλοις
3022 1855 3205 1912 ἔθνεσι
3235 1861 3747 1931 ταπεινούμενοι.

2140 1943 2237 1996 καὶ⁵
2274 1943 2417 1998 κατὰ
2447 1943 2690 1998 διάνοιαν
2726 1946 2991 2011 ἐκόλαζον
3022 1948 3280 2017 ἑαυτοὺς,
3311 1950 3426 2023 τὴν
3486 1950 3588 2007 τοῦ
3624 1952 3748 2008 λαοῦ

2140 2034 2467 2100 πενθοῦντες
2495 2035 2794 2107 ἀποϐολήν.
2841 2038 3005 2092 Ἀλλὰ
3040 2042 3137 2094 καὶ
3187 2036 3463 2115 δεύτερον
3508 2043 3543 2115 ἠ
3601 2036 3749 2106 πόλις

2137 2125 2350 2197 ἥλωκεν
2376 2126 2452 2190 ὡς
2479 2126 2574 2180 καὶ
2597 2127 2689 2180 τὸν
2730 2128 2789 2181 ὲν
2817 2130 2956 2200 αὐτῇ
2990 2128 3128 2184 νεὼν
3158 2131 3581 2202 κατενεχθῆναι
3614 2133 3744 2204 πρὸς

2140 2217 2360 2288 ἔδαφος.
2386 2216 2498 2288 Τὴν
2546 2217 2590 2270 δ’
2618 2213 2714 2272 οῦν
2763 2219 3152 2289 παράκλησιν
3201 2223 3310 2292 τῆς
3349 2222 3453 2276 τοῦ
3497 2224 3747 2296 Σωτῆρος

2140 2308 2461 2379 ἐπιφανείας
2478 2310 2564 2379 ἐφ’
2577 2310 2703 2381 ἑξῆς
2720 2311 3037 2382 ἐπενήνοχε,
3054 2312 3223 2382 φωνὴ
3246 2313 3740 2384 λέγωνβοῶντος·

2136 2397 2238 2456 εἴθ’
2272 2400 2397 2470 ἑξῆς
2417 2402 2727 2474 ἐπιφέρων·
2758 2403 2866 2457 Kal
2893 2404 3102 2473 ὄψεται
3131 2404 3317 2463 πᾶσα
3347 2407 3518 2475 σὰρξ
3544 2409 3611 2461 τὸ
3639 2424 3744 2463 σω-

2136 2490 2344 2561 τήριον
2370 2490 2479 2545 τοῦ
2543 2492 2715 2555 Θεοῦ,
2745 2493 2808 2546 τὸ
2860 2492 3220 2563 εὐαγγελικὺν
3249 2499 3553 2567 κήρυγμα,
3586 2496 3652 2551 δι’
3682 2492 3738 2551 οὐ

2135 2583 2329 2654 Σωτὴρ
2385 2581 2739 2656 ὲγνωρίζετο.
2780 2583 2976 2656 Ἑτέρα
3007 2585 3064 2638 δὲ
3115 2585 3211 2640 νῦν
3245 2585 3484 2657 ἔρημος
3530 2588 3737 2658 εἴρηται

2135 2677 2265 2747 παρ’
2289 2676 2355 2747 ἢν
2385 2676 2413 2729 ὁ
2430 2675 2638 2746 Μωσῆς
2670 2676 2898 2747 διήγαγε
2923 2677 3014 2732 τὸν
3047 2677 3201 2734 λαόν.
3227 2679 3351 2733 Καὶ
3367 2680 3522 2744 τίνος
3552 2680 3736 2751 ἀνδρὺς

2133 2769 2192 2823 ὲν
2219 2766 2393 2839 ταύτῃ
2427 2766 2599 2836 φωνὴ
2631 2766 2905 2835 ,βοῶντος
2935 2785 2955 2834 ;
2983 2770 3125 2823 κατὰ
3176 2770 3275 2825 τὸν
3320 2770 3590 2837 Ἀκύλαν,
3644 2787 3738 2825 κα·
3807 2773 3819 2787 ⁶

2132 2858 2414 2925 λοῦντος.
2441 2858 2611 2930 Δῆλον
2638 2857 2697 2910 δὲ
2730 2859 2829 2913 καὶ
2857 2860 2995 2929 πρὸς
3023 2860 3177 2925 τίνας
3207 2860 3435 2931 ἔλεγεν·
3480 2860 3734 2930 Ἑτοιμὰ-

2133 2961 2284 3001 σατε
2314 2947 2428 3015 τὴν
2462 2947 2609 3002 ὁδὸν
2632 2948 2878 3015 Κυρίου.
2906 2949 3087 3020 Ἀπερ
3115 2949 3301 3004 πάντα
3330 2949 3487 3014 εῑκδς
3512 2944 3584 3020 ἦν
3617 2950 3733 3009 τοὺς

2133 3038 2338 3094 τούτων
2359 3039 2634 3109 ἀκροατὰς
2651 3038 2855 3109 ζητεῖν,
2869 3037 3125 3110 εὔχεσθαί
3138 3057 3198 3093 τε
3221 3040 3294 3095 τὸ
3311 3040 3618 3110 σωτήριον
3634 3041 3730 3094 τοῦ

446 3139 580 3182 vero
606 3136 660 3183 et
690 3128 757 3183 ad
788 3145 929 3200 quos
977 3132 1323 3201 loqueretur,
1359 3149 1485 3189 cum
1517 3142 1713 3203 parare
1746 3135 1887 3190 aiam
1919 3133 2029 3189 Do-

2136 3130 2284 3186 Θεοῦ
2312 3128 2479 3195 ἰδεῖν,
2508 3128 2912 3201 προϐαινούσης
2938 3132 3019 3194 είς
3045 3130 3207 3201 ἔργον
3238 3132 3349 3203 τῆς
3368 3130 3722 3203 προφητείας.

444 3219 580 3273 mini
611 3219 850 3290 juberet.
883 3220 1016 3289 Quae
1046 3226 1232 3280 omnia
1271 3226 1553 3284 auditores
1604 3230 1836 3283 istorum
1874 3240 2149 3298 quterere,
2177 3232 2254 3290 et,
2279 3230 2338 3277 ut
2382 3231 2640 3294 pergente
2667 3224 2723 3278 in
2763 3231 2945 3279 actum
2973 3223 3262 3296 prophetia
3285 3264 3303 3293 ,
3355 3208 3612 3281 salutdre‘
3639 3223 3725 3281 Dei

444 3319 698 3386 viderent,
725 3320 940 3390 precari
970 3318 1152 3376 fuerat
1195 3331 1644 3380 consentaneum.

515 3458 786 3525 Quoniam
818 3457 986 3528 igitur
1013 3457 1121 3512 ista
1148 3456 1552 3527 exspectabant
1573 3456 1668 3527 qui
1691 3471 1779 3513 res
1802 3454 2039 3526 prophe-

448 3548 590 3602 tieas
607 3547 911 3614 callebant;
950 3548 1038 3611 iis,
1061 3547 1156 3616 qui
1176 3547 1569 3618 aprincipibus
1599 3548 1952 3604 sacerdotum
1982 3553 2037 3600 et

448 3639 727 3708 magistris
782 3639 935 3694 missi
974 3638 1040 3692 ad
1089 3638 1355 3695 Joannem
1406 3623 1695 3705 venerant,
1767 3646 1827 3692 ut
1870 3636 2036 3692 Chri-

448 3738 658 3797 stusne,
694 3746 763 3787 an
797 3729 969 3797 Elias,
1015 3746 1085 3785 an
1127 3732 1396 3803 propheta
1422 3732 1540 3802 ipse
1567 3739 1734 3797 esset,
1759 3730 2032 3796 audirent,

446 3822 538 3874 illa
589 3820 806 3889 quidem
841 3829 1138 3890 pernegat,
1196 3836 1256 3876 se
1303 3830 1488 3876 autem
1536 3836 1711 3877 vocem
1749 3819 2035 3874 clamantis

442 3929 558 3967 esse
598 3912 885 3982 proﬁtetur
912 3912 979 3987 ἐι.
1014 3911 1071 3967 ld
1111 3912 1258 3967 enim
1292 3912 1385 3976 iis,
1419 3912 1525 3983 qui.
1547 3911 1891 3982 prophetiam
1929 3924 2027 3963 no-

445 4014 594 4070 rant,
621 4005 848 4072 dixisse,
868 4006 1254 4075 desertumque,
1288 4004 1344 4059 iu
1373 4020 1483 4074 quo
1513 4005 1728 4075 agebat,
1759 4010 1817 4058 et
1846 4001 2026 4073 ipsum

447 4098 547 4152 Dei
576 4099 814 4153 salutare
845 4098 996 4153 omni
1045 4098 1199 4154 carni
1230 4098 1688 4168 conspiciendum
1734 4111 1835 4166 pro
1887 4095 2027 4150 fori-

444 4190 549 4245 bus
592 4191 824 4254 instare,
855 4191 991 4246 satis
1039 4197 1162 4247 erat
1195 4190 1528 4246 ostendisse.
1581 4188 1679 4244 Est
1712 4189 1858 4244 enim
1892 4202 2026 4242 con-

443 4280 696 4336 cionatus
725 4282 779 4336 in
816 4280 1077 4338 Jordanis
1107 4287 1335 4349 deserto,
1368 4282 1437 4338 de
1460 4296 1572 4352 quo
1601 4295 1750 4335 nunc
1779 4279 2018 4350 prophe—

445 4373 546 4439 tia,
573 4372 1081 4446 nonJerosolymis,
1114 4383 1168 4429 et
1199 4376 1253 4429 in
1273 4390 1337 4430 ea
1362 4376 1480 4443 ipsa
1509 4372 1793 4428 solitudine
1813 4370 2018 4427 Christi

440 4463 717 4528 salutare,
773 4463 1133 4534 ejusdemque
1194 4464 1371 4534 gloria
1426 4462 1669 4517 omnibus
1738 4461 2022 4531 apparuit;

2221 3449 2375 3504 Ἐπεὶ
2400 3449 2495 3503 οὖν
2530 3449 2708 3504 ταῦτα
2733 3449 3081 3522 προσεδόκων
3114 3451 3164 3504 οἱ
3213 3452 3332 3507 τῶν
3380 3452 3726 3527 προφητικῶν

2135 3540 2537 3612 ἐπιγνώμονες,
2586 3543 2698 3604 τοῖς
2748 3542 2976 3612 ἥκουσιν
3016 3540 3122 3594 ὑπὸ
3152 3541 3268 3596 τὼν
3303 3543 3612 3616 ἀρχιερέων
3642 3544 3725 3597 καὶ

2134 3633 2491 3700 διδασκάλων,
2521 3633 2796 3703 ἐρωτῶσίν
2810 3650 2870 3686 τε
2890 3633 2981 3687 τὸν
2997 3633 3281 3706 Ἰωάννην,
3305 3636 3622 3708 είΧριστδς,
3646 3634 3676 3705 ἢ
3699 3636 3725 3688 ό

2141 3726 2349 3788 Ἠλίας,
2371 3722 2404 3794 ἢ
2423 3725 2451 3777 ό
2468 3725 2752 3794 προφήτης
2767 3723 2936 3788 ἐστὶν,
2955 3725 3270 3793 άποφάσκει
3286 3727 3389 3797 μὲν
3408 3726 3660 3789 ταῦτα,τδ
3671 3724 3720 3778 δὲ

2140 3812 2599 3886 φωνὴβοῶντος
2628 3811 2783 3869 εἶναι
2809 3815 3226 3887 διῖσχυρίζεται.
3268 3819 3283 3838 '
3312 3819 3386 3882 Ως
3418 3817 3527 3889 γὰρ
3567 3815 3720 3870 εἰδόσι

2110 3906 2239 3978 τὴν
2285 3907 2625 3981 προφητείαν
2691 3906 2936 3978 ἠρκέσθη
3001 3906 3258 3962 τοσοῦτον
3291 3907 3485 3976 εἰπὼν,
3512 3908 3719 3978 ἔρημόν

2136 4017 2196 4054 τε
2225 4000 2441 4065 δεικνὺς
2489 3998 2588 4070 τὴν
2613 3992 2729 4072 ὲνῇ
2778 3998 2959 4067 διῆγε,
2993 3999 3090 4052 καὶ
3130 3998 3192 4052 τὸ
3229 4001 3324 4055 ἐπὶ
3356 3999 3551 4072 θύραις
3597 3995 3716 4052 εἶναι

2132 4091 2201 4145 τὸ
2217 4089 2516 4158 σωτήριον
2531 4088 2637 4144 τοῦ
2662 4088 2809 4143 Θεοῦ
2822 4088 2881 4142 τὸ
2904 4090 3052 4161 πάσῃ
3077 4091 3242 4160 σαρκὶ
3261 4091 3715 4161 γνωσθησόμενον.

2142 4181 2447 4253 Ἐκήρυσσε
2468 4180 2577 4250 γὰρ
2606 4182 2664 4234 ἐν
2692 4179 2767 4249 τῆ
2789 4180 2988 4250 ἐρήμῳ
3023 4180 3118 4235 τοῦ
3150 4182 3445 4253 Ἰορδάνου,
3466 4182 3590 4252 περὶ
3611 4175 3713 4251 ἦείι

2125 4273 2432 4344 προφητεία
2498 4273 2684 4343 φησὶν,
2731 4273 2846 4325 ἀλλ’
2899 4276 3002 4326 οὐκ
3094 4275 3152 4326 ὲν
3189 4273 3574 4344 Ἰερουσαλήμ.
3635 4271 3729 4324 Ἐν’

2125 4359 2269 4437 ᾗπερ
2284 4363 2478 4433 ἐρήμῳ
2495 4362 2562 4417 τὸ
2590 4361 2883 4430 σωτήριον
2894 4360 3047 4433 ὤφθη
3069 4362 3432 4434 Χριστὸς,ῆτε
3457 4362 3601 4427 δόξα
3625 4359 3712 4413 αὐ·

2126 4454 2220 4508 τοῦ
2253 4453 2752 4525 πᾶσινέγονώσθη,
2787 4454 2896 4509 τῶν
2926 4457 3023 4524 μὲν
3068 4455 3317 4525 οὐρανῶν
3342 4452 3708 4524 ἀνοιγομένων.

441 4569 566 4610 cmn
602 4564 657 4609 et
708 4555 775 4609 ad
828 4556 949 4624 ejus
981 4555 1310 4624 baptismum
1342 4557 1497 4610 caelis
1528 4556 1738 4624 apertis
1770 4556 1826 4610 in
1870 4570 2030 4610 eum-

2138 4545 2567 4619 βαπτιζομένου,
2624 4544 2719 4597 τοῦ
2772 4545 2830 4597 δὲ
2907 4544 3055 4598 θείου
3133 4545 3453 4615 Πνεύματος
3488 4546 3545 4596 ὲν
3593 4541 3706 4593 εῖδει

441 4645 564 4700 dem
599 4660 657 4699 se
676 4643 912 4714 Spiritus
939 4645 1208 4699 columba:
1238 4645 1422 4714 specie
1449 4645 1689 4708 demisit,
1721 4657 1775 4700 et
1800 4661 1830 4699 a
1857 4644 2019 4700 Patre

2136 4640 2454 4710 περιστερᾶς
2478 4640 2563 4690 ἐπ’
2596 4637 2757 4691 αὐτὸν
2784 4638 3241 4708 καταντήσαντος,
3269 4635 3364 4690 τοῦ
3396 4637 3451 4689 δὲ
3488 4632 3707 4700 Πατέρος

439 4735 676 4792 dilectus
716 4737 979 4807 appellari
1012 4734 1187 4810 Filius
1229 4728 1570 4792 auditus'est
1598 4737 1666 4791 ³³.
1700 4737 1828 4794 ΙΙωο
1873 4740 2020 4793 enim

2136 4732 2403 4803 φήσαντος
2419 4729 2583 4781 αὐτὸν
2614 4729 2745 4781 Υίὸν
2773 4729 3042 4799 ὑπάρχειν
3074 4729 3380 4799 ἀγαπητόν.
3411 4726 3587 4780 Ταῦτα
3610 4723 3703 4789 γάρ

442 4828 598 4896 signa
643 4828 828 4897 gloria:
878 4829 1138 4883 salutaris
1186 4828 1241 4907 in
1274 4826 1535 4885 Jordanis
1565 4828 1854 4883 solitudine
1901 4828 2029 4886 data

445 4931 571 4972 esse
599 4928 837 4975 constat.
870 4921 1049 4991 Atque
1084 4921 1214 4975 inde
1243 4928 1349 4987 est,
1395 4922 1543 4992 quod
1590 4921 1838 4976 eamdem
1869 4930 2032 4977 antea

447 5009 503 5060 in
542 5009 688 5065 hunc
735 5013 952 5067 modum
983 5014 1256 5068 allocutus
1289 5024 1373 5068 est
1407 5029 1422 5067 :
1465 5031 1484 5064 ι
1528 5011 1756 5079 Laetare,
1803 5012 2021 5068 deserta

448 5101 678 5167 sitiens;
711 5106 946 5160 exsultet
992 5108 1268 5173 solitudo,
1300 5114 1355 5161 et
1384 5105 1576 5161 ﬂoreat
1619 5106 1779 5175 quasi
1825 5105 2020 5160 lilium.

449 5185 779 5255 Florebunt,
820 5201 873 5246 et
918 5194 1276 5249 exsultabunt
1327 5193 1551 5248 deserta
1597 5192 1855 5248 Jordanis
1888 5194 1956 5247 “.
2002 5206 2023 5245 ι

448 5276 527 5330 Ita
557 5293 687 5331 vero
716 5278 760 5332 si
794 5281 859 5334 ad
891 5282 1176 5337 historiam
1212 5283 1488 5348 intendas,
1520 5298 1633 5337 rem
1657 5297 1783 5337 esse
1815 5290 2024 5352 gestam

450 5369 718 5423 invenias.
745 5371 899 5436 Quod
933 5374 976 5426 si
1006 5374 1071 5427 ad
1100 5374 1269 5445 438
1293 5391 1548 5429 arcanam
1605 5375 2024 5443 intelligentiam

452 5476 693 5529 revoces,
750 5462 819 5519 de
874 5463 1113 5520 Ecclesia
1166 5475 1313 5521 recte
1366 5467 1661 5538 intelligas,
1715 5481 1837 5537 qua:
1913 5466 2022 5520 ι)εο

549 5682 593 5715 ³⁸
625 5682 783 5740 Joan.
821 5702 858 5757 ι,
896 5686 1072 5742 19-25.
1149 5689 1190 5722 ³⁸
1230 5689 1416 5745 Matth.
1455 5706 1535 5759 ιιι,
1575 5692 1757 5747 15-17.

2137 4821 2246 4890 τῆς
2276 4821 2574 4889 σωτηρίου
2603 4818 2790 4886 δόξης
2806 4822 3005 4889 σημεῖα
3036 4820 3093 4873 ἐν
3107 4819 3305 4890 ἐρήμῳ
3329 4816 3423 4870 τοῦ
3460 4814 3703 4884 Ἰορδάνου

2141 4917 2430 4986 γενόμενα.
2461 4914 2551 4968 Διὸ
2606 4913 2817 4983 φθάσας
2846 4913 3050 4983 ταύτην
3103 4911 3485 4982 εὐηγγελίζετο
3512 4907 3668 4971 λέγων
3686 4916 3699 4930 ·

2138 5029 2156 5061 ι
2195 5005 2563 5077 Εὐφράνθητι,
2584 5003 2789 5075 ἕρημος
2824 5002 3112 5074 ήδιψῶσα,
3145 4998 3487 5069 ἀγαλλιάσθω
3517 4996 3700 5064 ἔρημος

2141 5099 2239 5154 καὶ
2262 5096 2497 5151 άνθείτω
2531 5096 2609 5158 ὡς
2666 5094 2872 5164 κρίνον.
2905 5094 3014 5147 Καὶ
3035 5093 3321 5162 ὲξανθήσει
3349 5088 3440 5142 καὶ
3462 5081 3698 5153 ἀγαλλιάσ

2145 5207 2305 5261 σεται
2328 5167 2397 5241 τά
2426 5188 2610 5257 ἔρημα
2634 5185 2728 5237 τοῦ
2772 5184 3064 5256 Ἰορδάνου.
3096 5203 3115 5236 ι
3159 5178 3490 5251 Ἐπληροῦτο
3515 5174 3569 5227 δὲ
3587 5167 3696 5261 καθ’

2138 5258 2381 5349 ἱστορίαν
2418 5278 2518 5348 μὲν
2547 5276 2742 5337 οῦτωςο
2771 5276 2913 5329 κατὰ
2942 5275 2999 5329 δὲ
3031 5275 3272 5328 διάνοιαν
3297 5271 3388 5323 ἐπὶ
3408 5269 3505 5337 τῆς
3531 5262 3587 5326 ἐξ
3613 5258 3691 5310 ἑθ-

2133 5375 2239 5428 νῶν
2277 5371 2605 5442 Ἐκκλησίας
2663 5367 3015 5437 νοούμενα,ἦ
3072 5383 3156 5429 τις
3212 5363 3467 5436 πρότερσν
3505 5354 3689 5444 ἔρημοξ

2134 5464 2346 5534 ὑπῆρχε
2372 5440 2528 5526 Θεοῦ,
2563 5462 2620 5513 ἐν
2740 5458 2901 5529 μέχρι
2947 5458 3039 5510 καὶ
3083 5458 3318 5526 τήμερον
3349 5453 3380 5522 ἡ
3415 5445 3542 5515 αὑτὴ
3581 5440 3688 5505 βοᾷ

1796 5693 1881 5721 ‘3“
1925 5690 2027 5746 lsa.
2065 5696 2231 5756 xxxv,
2277 5689 2321 5759 Ι,
2349 5674 2443 5745 2.’
