3950 6390
254 268 402 331 2333

1397 276 1933 343 COMMENTARII
1973 284 2058 348 IN
2098 283 2385 350 ISAIAM.

3411 286 3553 353 9.334

250 381 446 454 φωνὴ,
485 378 584 432 καὶ
610 378 689 445 τῷ
718 391 742 419 ε
767 380 1067 449 σωτήριον
1094 380 1190 436 τοῦ
1216 382 1351 437 Θεοῦ
1378 388 1492 450 τοῖς
1527 387 1846 458 προσιοῦσιν

1974 393 2175 461 ιιιίόοιη
2232 402 2360 450 ante
2411 392 2699 462 destituta,
2755 400 2811 450 et
2859 393 2928 449 ad
2985 393 3314 453 hodiernum
3376 411 3552 465 usque

250 469 690 541 εὐαγγελίζεται,
754 472 890 544 προς
945 473 1043 545 τὴν
1102 475 1366 549 ὑποδοχὴν
1412 478 1506 532 τοῦ
1569 478 1705 533 Θεοῦ
1750 479 1843 534 λά-

250 560 353 632 λίνου
376 560 882 633 παρασκευάζουσα
916 566 1013 627 τὰς
1042 563 1224 617 αὐτῶν
1248 566 1435 630 ἀκοάς.
1464 568 1609 639 Πρὸς
1650 569 1710 622 ὃν
1748 568 1847 624 ἀν-

252 652 642 709 τιδιαστέλλων
669 653 763 707 τὸν
803 652 1055 725 Ἰώαννην
1081 655 1294 727 φωνὴν
1315 660 1343 712 ὁ
1374 658 1532 727 λόγος
1558 659 1737 715 καλεῖ.

339 926 487 981 Ἀντὶ
504 925 561 979 δὲ
580 924 957 994 τοῦ,Ε’ῠθειάς
980 928 1201 982 ποιεῖτε
1229 930 1332 994 τὰς
1362 931 1600 999 τρίϐους
1616 933 1766 986 αὐτο
1780 931 1839 997 ῦ,

258 1018 558 1089 Σύμμαχος
593 1018 821 1088 ἔφησεν,
874 1021 1235 1090 Ὀμαλίσατε
1267 1023 1338 1075 ἐν
1365 1022 1560 1087 ἀϐάτῳ
1593 1023 1738 1077 ὀδόν
1771 1022 1853 1089 τῷ

261 1110 387 1177 Θεῷ
416 1110 607 1181 ἡμῶν.
656 1111 746 1174 Ὠς
778 1111 845 1165 ἂν
879 1112 975 1165 τοῦ
1025 1112 1162 1165 Θεοῦ
1214 1114 1495 1185 μέλλοντος
1527 1115 1850 1180 ἐπιϐαίνειν,

259 1198 328 1275 ἧς
361 1205 465 1256 οὐκ
499 1203 672 1274 ἐπέϐη
698 1205 760 1256 τὸ
792 1207 1057 1276 πρότερον
1106 1208 1205 1259 οὐκ
1237 1206 1421 1272 αὐτὸς,
1451 1209 1512 1260 ού
1543 1212 1853 1281 προφήτης,

259 1295 321 1348 οὐ
357 1294 587 1359 δίκαιος,
625 1295 830 1367 δηλαδὴ
861 1298 959 1368 τῆς
983 1297 1043 1363 ἐξ
1072 1298 1241 1351 ἐθνῶν
1257 1300 1603 1369 Ἑκκλησίας.
1639 1303 1750 1356 Καὶ
1778 1301 1860 1368 τῷ

263 1384 385 1451 Θεῷ
412 1387 476 1439 τὸ
541 1386 714 1456 ἡμῶν
767 1388 1129 1460 προσέθηκεν,
1154 1391 1230 1454 ὡς
1263 1391 1400 1462 πρὸς
1430 1392 1656 1463 ἑτέρους
1685 1392 1859 1463 φθεγ-

236 1479 518 1550 ’γόμενος.
553 1475 737 1533 Ἦσαν
768 1481 878 1553 γὰρ
919 1481 1106 1554 μύριοι
1148 1484 1242 1537 καὶ
1279 1484 1339 1551 ἐξ
1390 1484 1751 1555 ἀλλοφύλλωνν
1770 1486 1863 1539 s0-

265 1573 371 1626 νῶν
399 1575 451 1627 οἱ
487 1572 565 1643 τῷ
605 1572 855 1627 Ὶώαννου
895 1576 1293 1646 προσελθόντες
1325 1576 1698 1649 βαπτίσματι.
1752 1578 1864 1640 Καὶ

264 1665 322 1718 ἐν
365 1664 668 1736 Ἐκκλησία
703 1664 957 1720 δὲταῦτα
988 1669 1125 1719 πᾶσι
1154 1671 1560 1738 προσφωνεῖται
1584 1671 1697 1733 τοῖς
1721 1668 1864 1723 ἕθνεέ

267 1775 373 1813 σιν.
410 1732 731 1826 Εἷτανδηλοῖ
754 1759 854 1822 τὰς
892 1758 990 1829 μὲν
1035 1732 1544 1830 τεταέεινῶμένας
1571 1761 1651 1832 τῷ
1705 1761 1859 1833 βάθει
1892 1732 1936 1791 Β

266 1850 365 1920 τῆς
398 1849 606 1913 κακίας
661 1849 929 1921 ὑψοῦσθαι
956 1849 1155 1921 ψυχάς.
1195 1851 1755 1921 Ταπεινωθήσεσθαι
1802 1851 1860 1905 δὲ

263 1939 364 2003 τὰς
387 1940 718 2011 ἐπηρμένας
749 1941 895 1995 κατὰ
928 1941 1030 2009 τῆς
1073 1940 1331 2010 γνώσεως
1381 1941 1477 1996 τοῦ
1536 1942 1698 1998 Θεοῦ.
1740 1943 1863 1997 Καὶ

268 2034 465 2088 σκολιὰ
485 2036 545 2089 δὲ
577 2036 675 2090 καὶ
702 2038 936 2107 τραχεῖα
957 2037 1125 2108 ψυχὴ,
1145 2038 1327 2109 ὁμαλή
1351 2055 1408 2091 τε
1433 2037 1528 2091 καὶ
1546 2037 1864 2107 εὺθεὶικγέ-

269 2127 500 2198 νήσεται
530 2143 546 2159 ⁸
576 2126 654 2191 ὡς
711 2127 777 2181 ἂν
824 2127 991 2200 δεκτὴ
1019 2129 1237 2198 γένοιτο
1273 2130 1377 2197 τῆς
1417 2130 1732 2194 ἐπιϐάσεως
1769 2129 1864 2183 τοῦ

266 2211 428 2275 Θεοῦ.
470 2218 825 2288 Ὀςθθήσεται
854 2220 987 2292 γὰρ,
1020 2221 1208 2291 φησὶν,
1243 2222 1281 2290 ἠ
1306 2220 1458 2286 δόξα
1484 2221 1728 2291 Κυρίου.
1754 2221 1865 2274 Καί

265 2327 374 2363 τινι
394 2310 595 2379 λέγων,
631 2311 852 2379 ἐπάγει·
882 2310 993 2365 Καὶ
1026 2311 1235 2380 ὄψεται
1256 2308 1426 2368 πᾶσα
1452 2312 1612 2381 σὰρξ
1641 2312 1706 2366 τὸ
1746 2328 1866 2367 σω-

266 2402 484 2473 τήριον
528 2404 636 2458 τοῦ
669 2403 841 2471 Θεοῦ,
879 2405 1009 2469 τοὺς
1040 2400 1338 2475 σαρκικοὺς
1367 2404 1543 2473 λέγων
1576 2406 1678 2459 οὐκ
1707 2406 1870 2475 ὲσχη·

270 2497 437 2559 κότας
467 2494 699 2567 Πνεῦμα
740 2495 899 2551 Θεοῦ.
929 2495 1088 2549 Κατὰ
1141 2497 1224 2564 τὸ,
1255 2516 1275 2549 ι
1332 2497 1407 2551 Οὐ
1452 2498 1526 2569 μὴ
1561 2496 1869 2569 καταμείνῃ

274 2587 340 2639 τὸ
388 2587 619 2658 Πνεῦμα
656 2604 757 2658 μου
787 2589 847 2641 ὲν
897 2590 1007 2652 τοῖς
1042 2586 1347 2659 ἀνθρώποις
1384 2588 1612 2652 τούτοις,
1668 2588 1757 2642 διὰ
1808 2587 1871 2644 τὸ

272 2672 418 2730 εἶναι
448 2678 646 2740 αὐτοὺς
686 2677 916 2749 σάρκας,
958 2697 976 2731 ι
1011 2676 1104 2742 οὒς
1134 2678 1200 2748 δὴ
1232 2676 1251 2716 ἲ
1287 2677 1353 2731 τό
1383 2678 1684 2747 σωτήριον
1721 2678 1871 2747 ὄψε-

273 2775 418 2826 σθαι
445 2770 554 2825 τοῦ
593 2771 765 2824 Θεοῦ.
799 2771 959 2825 Ἀλλὰ
1007 2772 1103 2824 καὶ
1145 2771 1375 2842 Πνεῦμα
1406 2771 1541 2824 Θεοῦ
1584 2773 1873 2844 προφήτης

272 2863 464 2932 ιτερρς
521 2861 779 2930 ὄψεσθαι
842 2862 1069 2928 τούτους
1125 2864 1312 2933 φησὶν,
1356 2882 1375 2914 ι
1416 2863 1644 2933 Ἐκχεῶ,
1673 2864 1871 2933 λέγων,

274 2953 387 3008 ἀπὸ
415 2954 511 3007 τοῦ
546 2953 861 3024 Πνεύματός
915 2971 1025 3024 μου
1077 2954 1174 3007 ἐπὶ
1199 2956 1387 3008 πᾶσαν
1435 2954 1635 3025 σάρκα.
1670 2975 1686 3003 ι
1723 2955 1873 3008 Ἔδει

1948 482 2091 539 diem
2126 486 2446 540 clamantem
2474 485 2528 540 in
2562 500 2641 541 se'
2664 502 2839 541 vocem
2884 493 3069 552 nacta,
3102 485 3269 541 etiam
3309 485 3552 540 salutare

1950 575 2047 633 Dei
2088 578 2238 632 illam
2274 578 2712 659 ingredientibus
2743 578 3079 643 annuntiat,
3110 578 3304 648 eisque
3352 579 3418 631 ad
3454 576 3549 633 Dei

1950 670 2182 725 verbum
2237 671 2569 726 audieudmn
2621 686 2783 726 aures
2838 678 3145 741 praeparat;
3206 685 3236 724 a
3285 686 3418 741 quo.
3484 682 3545 725 ut

1951 758 2223 814 Joannem
2286 759 2692 830 distingueret,
2760 776 2935 815 vocem
3004 759 3275 831 prapheta
3337 776 3553 817 nuncu-

1953 852 2130 922 pavit.

2028 939 2230 996 Verum
2253 940 2535 996 enimvero
2563 941 2729 1012 quod,
2757 940 2949 998 Rectas
2979 942 3138 1013 facite
3161 932 3382 1000 semitas
3403 946 3543 1015 ejus,

1955 1031 2047 1086 hic
2099 1030 2385 1094 habemus,
2431 1029 2734 1101 Explanate
2789 1034 2844 1086 iu
2905 1034 3044 1087 invio
3080 1035 3179 1089 iter
3213 1034 3321 1089 Deo
3345 1044 3550 1102 nostra,

1958 1123 2098 1179 dixit
2126 1123 2524 1195 Symmachus;
2559 1139 2623 1178 ac
2650 1125 2697 1178 si
2720 1124 2866 1178 illud
2910 1125 3046 1194 jam,
3082 1126 3229 1197 quod
3264 1143 3549 1197 nunquam

1959 1216 2042 1271 vel
2084 1214 2200 1284 ipse
2237 1213 2506 1268 Dominus
2536 1223 2718 1282 antea,
2776 1215 2862 1269 vel
2910 1217 3194 1285 prepheta,
3246 1217 3330 1272 vel
3366 1217 3554 1288 justus

1969 1308 2269 1378 quisquam
2331 1305 2719 1361 ambulassent
2765 1304 3116 1376 (Ecclesiam
3168 1310 3409 1377 gentium
3468 1308 3556 1363 in-

1963 1401 2186 1470 nueus),
2211 1400 2315 1454 iter
2343 1405 2492 1454 esset
2511 1399 2846 1453 calcaturus.
2873 1398 3099 1462 Deinde,
3124 1398 3191 1453 ad
3216 1399 3315 1453 Dei
3344 1395 3554 1466 vocem,

1968 1486 2139 1551 nostri
2179 1495 2420 1566 adjecit,
2453 1504 2514 1550 ut
2558 1495 2625 1549 ad
2653 1492 2795 1549 alios
2835 1491 3057 1547 loeutus
3090 1506 3215 1546 esse
3254 1489 3552 1545 videretur.

1968 1587 2139 1642 Erant
2166 1576 2317 1643 enim»
2370 1586 2572 1640 inﬁniti
2609 1586 2677 1641 de
2721 1584 2966 1655 gentium
3002 1582 3167 1637 etiam
3201 1587 3556 1636 externarum

1971 1692 2222 1744 numero,
2272 1676 2363 1747 qui
2402 1674 2473 1729 ad
2505 1673 2738 1730 Joannis
2785 1672 3061 1744 baptisma
3092 1677 3462 1725 accesserant.
3497 1665 3559 1720 In

1964 1764 2211 1822 Ecclesia
2261 1775 2529 1836 praeterea
2576 1772 2631 1820 et
2674 1765 2781 1819 ista
2831 1762 3092 1834 gentibus
3123 1759 3381 1814 omnibus
3409 1758 3560 1812 clara

1961 1873 2095 1914 voce
2127 1855 2801 1928 proponuntur.,Auimas
2852 1853 3073 1919 deinde,
3128 1865 3252 1922 quae
3301 1849 3561 1921 gravibus

1964 1950 2127 2004 malis
2180 1949 2391 2004 alﬁictae
2435 1947 2834 2018 humiliatwque
2922 1951 3074 2009 sunt,
3127 1941 3434 1996 exaltatum
3488 1938 3560 1992 iri

1966 2041 2275 2113 signiﬁcat;
2325 2040 2604 2110 depressas
2664 2046 2846 2093 autem
2881 2052 3006 2106 qua:
3061 2050 3121 2090 se
3167 2034 3434 2088 adversus
3464 2029 3561 2085 Dei

1967 2134 2255 2189 scientiam
2312 2139 2629 2188 erexerunt.
2673 2131 2870 2184 Anima
2926 2141 3174 2191 rursum,
3206 2139 3330 2195 quae
3390 2136 3558 2192 prava

1968 2233 2086 2280 crat
2113 2235 2168 2280 et
2220 2240 2440 2296 aspera,
2471 2224 2631 2295 plana
2661 2221 2755 2276 ﬁet
2792 2228 2958 2289 atque
2992 2225 3168 2282 recta,
3225 2223 3287 2270 ut
3335 2228 3398 2268 se
3445 2213 3566 2265 cal-

1969 2325 2185 2372 cantem
2218 2315 2389 2371 Deum
2421 2315 2679 2385 excipiat.
2722 2311 2998 2367 Videbitur
3026 2310 3197 2373 enim,
3251 2307 3350 2371 ait,
3390 2304 3562 2375 gloria

1969 2410 2211 2467 Domini.
2245 2409 2344 2464 Cui
2377 2408 2579 2463 deinde
2611 2406 2802 2476 adjicit
2831 2424 2845 2460 :
2890 2403 2955 2457 Et
2996 2400 3188 2456 videbit
3230 2398 3401 2454 omnis
3437 2412 3562 2452 caro

1971 2501 2214 2556 salutare
2247 2499 2384 2563 Dei;
2426 2492 2742 2553 coscarnis
2773 2494 3018 2560 nomine,
3051 2492 3145 2562 qui
3167 2488 3433 2558 Spiritum
3468 2484 3562 2537 Dei

1972 2608 2081 2649 non
2138 2591 2364 2656 habent,
2404 2590 2666 2653 innueus,
2695 2588 2851 2658 juxta
2880 2584 3033 2653 illud
3068 2602 3081 2638 :
3133 2600 3153 2634 ι
3188 2581 3305 2636 Non
3345 2592 3562 2650 perma-

1971 2683 2126 2739 nebit
2176 2681 2418 2753 Spiritus
2488 2694 2642 2735 mens
2703 2680 2759 2734 in
2823 2677 2956 2731 viris
3016 2675 3172 2741 istis,
3242 2673 3370 2743 quia
3435 2683 3566 2725 caro

1975 2786 2106 2841 sunt
2134 2775 2214 2839 ‘7;
2255 2794 2272 2828 ι
2309 2789 2448 2848 quos
2486 2772 2582 2826 Dei
2614 2770 2854 2826 salutare
2886 2770 3091 2824 visuros
3131 2782 3242 2821 esse
3271 2763 3565 2835 signiﬁcat.

1975 2869 2123 2937 Quin
2156 2874 2209 2924 et
2243 2868 2341 2923 Dei
2371 2866 2642 2938 Spiritum
2676 2863 2942 2935 propheta
2991 2860 3133 2915 alius
3171 2859 3390 2913 visuros
3429 2857 3568 2909 istos

1975 2957 2242 3022 ostendit,
2268 2957 2359 3011 ubi
2384 2956 2460 3009 ait
2495 2972 2508 3010 :
2541 2975 2559 3006 ‹
2594 2952 2881 3007 Eﬁundam
2916 2951 2985 3006 de
3010 2949 3220 3020 Spiritu
3254 2962 3373 3002 meo
3405 2960 3571 3015 super

274 3046 389 3118 γὰρ
418 3047 549 3111 τοὺς
575 3046 640 3100 τὸ
668 3044 974 3114 σωτήριον
1014 3047 1354 3116 ἐγνωκότας
1400 3046 1508 3102 τοῦ
1544 3047 1710 3139 θεοῦ
1759 3048 1855 3101 καὶ

1978 3066 2197 3106 omnem
2253 3064 2476 3105 carnem
2510 3048 2576 3102 ⁸⁸³.
2618 3065 2636 3099 ι
2675 3046 2783 3101 Eos
2838 3044 2987 3101 enim
3053 3042 3146 3097 Dei
3183 3039 3421 3112 Spiritu,
3476 3040 3570 3105 qui

279 3136 613 3207 Πνεύματος
663 3137 916 3207 μεθέξειν
965 3136 1126 3190 Θεοῦ.
1158 3138 1268 3191 Καὶ
1319 3118 1579 3209 τοιαύτηῗθ
1616 3139 1867 3208 ἐπήγαγε

274 3225 387 3280 τοῦ
416 3227 570 3281 λαοῦ
595 3226 711 3294 τὴν
728 3227 1133 3298 παράκλησιν,
1164 3228 1256 3282 τοῦ
1287 3229 1408 3282 νέου
1440 3228 1602 3300 φημί.
1631 3229 1738 3281 Τοῦ
1760 3228 1870 3300 γὰρ

276 3316 518 3370 παλαιοῦ
534 3316 631 3389 τὴν
651 3317 938 3372 ἀπείθειαν
959 3316 1139 3383 εἰδὼς,
1166 3319 1409 3390 δευτέρῳ
1436 3319 1637 3390 χρῆται
1653 3337 1723 3390 κη
1734 3319 1868 3390 ρύγ-

282 3424 442 3478 ματι·
474 3408 649 3464 Πᾶσα
677 3408 835 3477 σὰρξ
858 3410 1096 3479 χόρτος.
1122 3410 1353 3479 Σαρκὸς
1378 3413 1487 3482 γὰρ
1510 3411 1649 3482 αὕτη
1686 3410 1870 3481 φύσις,

281 3500 504 3554 καὶτοῦ
527 3501 629 3572 τὴν
659 3500 844 3555 εἰκόνα
897 3501 1189 3573 φοροῦντος
1222 3503 1318 3555 τοῦ
1370 3503 1582 3574 χοϊκοῦ.
1627 3503 1717 3558 ,Τὰ
1763 3505 1876 3576 γὰρ

283 3596 381 3647 ἐπὶ
431 3593 535 3663 γῆς
583 3592 722 3662 πρὸς
768 3592 941 3664 βραχὺ
998 3592 1159 3663 μόνον
1196 3593 1463 3648 ἀνθοῦντα
1529 3594 1873 3665 μαραίνεται.

288 3686 570 3755 Δεξάμενη
594 3695 617 3731 ε
649 3684 706 3738 δὲ
732 3685 797 3738 τὸ
831 3683 1129 3753 σωτήριον
1154 3684 1257 3739 τοῦ
1280 3685 1463 3759 ΔΘεοῦ,
1489 3687 1666 3740 καὶτὸ
1701 3686 1877 3741 Πνεῦ-

293 3790 371 3842 μα
395 3773 590 3842 σχήσει
621 3771 798 3839 ἅγιον,
822 3772 850 3824 ὅ
877 3788 936 3824 τε
992 3773 1090 3842 οὐχ
1123 3772 1203 3838 ὡς
1259 3773 1475 3842 χόρτος
1532 3775 1877 3844 ξηραίνεται

292 3863 601 3932 ἅνθρωπος,
635 3863 758 3915 οὐδὲ
781 3865 1031 3917 πεσεῖται
1059 3863 1153 3917 τοῦ
1186 3863 1404 3930 ἄνθους,
1450 3870 1603 3936 μενεῖ
1624 3866 1683 3920 δὲ
1711 3885 1877 3921 πνευ-

297 3956 552 4027 ματικὸς,
569 3955 684 4027 εὶνα
700 3955 889 4008 καινού
900 3972 1059 4026 μενος
1116 3957 1197 4022 εἰς
1223 3956 1517 4027 ἐπίγνωσιν
1542 3959 1665 4013 κατ’
1695 3960 1882 4015 εἰκόνα

294 4046 390 4100 τοῦ
417 4047 703 4111 κτίσαντος
731 4047 915 4104 αὐτόν.

367 4332 530 4387 Κατὰ
563 4331 694 4388 δὲτὸ
731 4331 1023 4404 Ἐϐραῖκδν
1054 4320 1275 4403 χόρτον
1303 4334 1461 4390 καλεῖ
1482 4335 1576 4390 τὸν
1617 4337 1886 4393 Ἰουδαίων

1977 3144 2219 3198 salutare
2268 3141 2369 3196 Dei
2418 3139 2588 3195 visuri
2628 3146 2822 3202 essent,
2856 3136 3157 3206 participes
3205 3131 3319 3187 ﬁeri
3364 3129 3570 3185 decuit.

1979 3233 2170 3289 Talem
2229 3234 2401 3303 igitur
2454 3230 2637 3300 populi
2695 3228 2954 3300 (recentis
3013 3222 3260 3307 inquam)
3324 3219 3573 3276 consola-

1983 3325 2180 3380 tionem
2230 3322 2437 3377 attulit.
2491 3321 2630 3376 Cum
2684 3320 2831 3377 enim
2883 3318 3083 3373 veteris
3132 3312 3574 3368 incredulitatem

1981 3431 2094 3470 non
2124 3415 2427 3486 ignoraret,
2465 3412 2646 3469 eidem
2696 3419 2751 3467 et
2795 3409 2969 3464 altera
3012 3406 3202 3472 etiam,
3232 3403 3404 3457 omnis
3448 3414 3577 3455 caro

1983 3507 2165 3577 fenum
2194 3505 2487 3577 adjiciens,
2525 3503 2840 3559 annuntiat.
2866 3500 3017 3556 Talis
3046 3498 3193 3556 enim
3226 3503 3423 3551 natura
3457 3508 3575 3545 car-

1985 3600 2070 3653 nis
2100 3604 2206 3663 est,
2261 3605 2317 3650 et
2342 3595 2486 3666 ejus,
2541 3594 2687 3665 quod
2721 3602 2994 3647 terrenam
3039 3589 3207 3644 refert
3256 3585 3576 3655 imaginem.

1986 3689 2295 3761 Siquidem,
2348 3703 2472 3758 quae
2523 3686 2581 3741 in
2638 3695 2785 3740 terra
2826 3690 2976 3747 sunt,
3007 3695 3135 3736 cum
3191 3676 3343 3733 brevi
3401 3672 3577 3729 solum

1985 3790 2267 3839 momento
2285 3782 2618 3845 ﬂoruerunt,
2639 3776 2907 3833 citissime
2938 3777 3218 3829 arescunt.
3245 3769 3378 3835 Quae
3396 3775 3578 3820 autem

1987 3876 2226 3930 salutare
2262 3873 2430 3945 439
2460 3871 2559 3926 Dei
2599 3867 2952 3930 admiserint,
2991 3875 3046 3920 et
3101 3870 3354 3919 sanctum
3412 3860 3579 3915 etiam

1991 3966 2259 4036 Spiritum
2292 3965 2583 4035 accipient.
2618 3961 2733 4016 lmo
2765 3975 2835 4015 ne
2869 3962 3035 4014 homo
3069 3956 3292 4026 quidem
3329 3963 3582 4020 tanquam

1991 4058 2169 4128 fenum
2215 4065 2439 4120 arescet,
2475 4069 2576 4110 nec
2619 4052 2722 4109 llos
2772 4051 2894 4122 ejus
2952 4047 3208 4114 decidet;
3242 4044 3337 4102 sed
3374 4044 3582 4114 Spiritu

1994 4154 2311 4214 renovatus,
2344 4148 2411 4201 ad
2443 4146 2563 4216 ejus
2594 4144 2954 4215 agnitionem,
2988 4142 3057 4197 ad
3110 4141 3270 4210 cujus
3306 4134 3585 4204 exemplar

1913 4246 1919 4251 ’
1994 4244 2205 4301 ellictus
2232 4250 2338 4309 est,
2370 4241 2743 4297 renovabitur.

2068 4337 2224 4404 Quod
2266 4336 2313 4391 si
2346 4336 2411 4390 ad
2448 4334 2722 4389 Hebraica
2762 4329 3039 4393 attendas,
3071 4326 3179 4394 feni
3233 4321 3454 4379 nomine
3490 4317 3586 4372 Ju-

299 4422 448 4477 λαόν.
485 4421 546 4476 '0
582 4423 691 4493 γὰρ
708 4422 1006 4493 Σύμμαχος
1033 4424 1128 4476 καὶ
1144 4423 1438 4479 Θεοδοτίων
1485 4428 1551 4480 ὲκ
1572 4429 1857 4502 προσθήκη

1999 4431 2245 4487 decorum
2287 4428 2547 4500 papulum
2589 4424 2886 4496 signiﬁcari
2944 4422 3206 4491 reperias,
3248 4433 3372 4471 cum
3425 4413 3588 4502 Sym-

297 4514 468 4583 φασίν
503 4531 517 4546 ο
560 4514 814 4582 Ἀληθῶς
861 4515 1080 4584 χόρτος
1131 4519 1164 4570 ό
1218 4517 1392 4583 λαός.
1469 4519 1802 4591 Ἑξηράνθη
1847 4501 1863 4576 ﬁt

1998 4524 2259 4579 machum
2294 4531 2351 4575 et
2383 4518 2820 4574 Theodotionem
2875 4522 3135 4582 tauquam
3194 4524 3291 4579 per
3325 4501 3589 4575 appendi-

302 4607 539 4676 χόρτος.
577 4606 866 4671 Ἐξέπεσε
896 4607 962 4660 τὸ
989 4607 1195 4674 ἄνθος.
1244 4609 1304 4662 '0
1328 4610 1385 4663 δὲ
1444 4612 1701 4681 Ἀκύλας,
1731 4615 1863 4684 Πρόι

1998 4632 2139 4681 cem,
2178 4613 2303 4669 Vere
2328 4613 2506 4680 fenum
2531 4607 2999 4680 populus,exaruit
3032 4600 3438 4674 fenum,e.rcidit
3465 4594 3589 4664 ﬂos,

304 4695 379 4750 ὃν
408 4699 441 4751 ό
473 4697 625 4763 λαὸς
650 4697 953 4765 ἐξηράνθη
975 4713 996 4762 ,°
1048 4699 1193 4773 πρὸς
1220 4699 1293 4753 ὃν
1328 4701 1667 4771 ἁπέρευσεν
1687 4706 1863 4774 ἄνθος

2000 4708 2200 4762 habere
2236 4723 2252 4772 ;
2286 4705 2537 4775 Aquilam
2570 4711 2779 4765 autem,
2815 4697 2971 4768 Apud
2998 4711 3149 4766 quem
3184 4689 3394 4746 exaruit
3426 4701 3592 4756 μορυς

318 4789 469 4843 Ἀντὶ
488 4789 607 4854 τοῦ,
650 4790 721 4843 Τὸ
753 4790 822 4844 δὲ
845 4791 1013 4861 ῥῆμα
1043 4792 1193 4847 Θεοῦ
1238 4793 1412 4863 ἡμῶν
1462 4795 1633 4865 μένει
1670 4802 1756 4865 εἰς
1785 4803 1863 4855 τὰ

2008 4797 2288 4868 (“stimuli
2345 4812 2500 4868 quem
2531 4795 2731 4865 eﬁiuxit
2786 4791 2933 4871 ﬂos?
2986 4800 3232 4859 qumrere
3282 4782 3590 4871 videamus.

308 4879 516 4945 αἰῶνα,
556 4883 585 4934 ὁ
632 4880 973 4952 Σύμμμαχός
1000 4900 1183 4953 φησιν,
1224 4883 1290 4938 '0
1319 4884 1389 4938 δὲ
1412 4889 1597 4957 λόγος
1624 4891 1730 4945 τοῦ
1749 4895 1863 4946 Θεος

2007 4867 2187 4956 Quod
2218 4888 2453 4951 deinde,
2506 4885 2730 4941 Verbum
2781 4867 2992 4934 Domini
3040 4876 3210 4931 nostri
3247 4869 3477 4926 manebit
3538 4867 3593 4920 in

312 4971 485 5042 ἡμῶν
505 4973 801 5042 στήσεται
834 4977 924 5039 εὶς
945 4974 1052 5027 τὸν
1063 4976 1268 5042 αἰῶνα,
1286 4978 1525 5047 Χριστὸν
1543 4983 1652 5052 γὰρ
1681 4983 1863 5038 αἱώνιο

2007 4994 2284 5043 aeternum.
2320 4981 2631 5044 habemus;
2673 4977 2747 5030 ita
2805 4970 3211 5044 Symmachus:
3242 4964 3429 5020 Sermo
3480 4960 3589 5014 Do-

314 5066 582 5137 ὑπάρχειν
615 5067 648 5136 ἡ
688 5067 745 5119 ὲν
776 5069 842 5138 τῇ
875 5066 1071 5135 ἐρήμῳ
1100 5066 1250 5137 λέγει
1284 5071 1461 5141 φωνὴ,
1522 5074 1620 5126 καὶ
1683 5076 1863 5130 συνδια

2008 5077 2142 5131 mini
2173 5076 2344 5130 nostri
2375 5072 2533 5128 stabit
2562 5073 2620 5124 in
2679 5077 2960 5124 wternum.
2999 5064 3281 5117 Christum
3315 5057 3589 5127 siquidem

318 5158 500 5227 μένειν
559 5157 710 5228 αὐτῷ
767 5161 894 5223 τοὺς
937 5158 998 5212 τὺ
1028 5162 1296 5232 σωτήριον
1356 5162 1523 5216 αὑτοῦ
1566 5164 1863 5237 δεξαμένου

1998 5179 2265 5224 wternum
2299 5180 2421 5221 esse
2441 5179 2546 5218 vox
2576 5176 2641 5216 ea
2684 5173 2806 5229 qua:
2837 5157 2893 5211 in
2941 5156 3143 5209 deserto
3185 5160 3325 5215 erat,
3350 5146 3547 5202 asserit
3574 5163 3593 5213 ;

314 5251 423 5304 ἀπὸ
454 5254 553 5322 τῆς
584 5249 822 5319 γεώδους
852 5253 945 5306 ἐπὶ
969 5255 1070 5324 τὴν
1104 5259 1484 5329 πνευματικὴν
1530 5261 1863 5330 μεταστάντα

2003 5270 2059 5317 et
2108 5276 2235 5315 eum
2268 5240 2644 5329 eisjmanerc,
2677 5253 2771 5322 qui
2819 5248 3052 5305 salutari
3100 5248 3219 5315 ejus
3268 5249 3511 5310 accepto.
3564 5253 3594 5292 a

317 5342 526 5400 οὐσίαν.
564 5346 629 5398 Oi
648 5344 706 5398 δὲ
735 5347 800 5400 ἐκ
826 5346 1133 5418 περιτομῆς
1166 5348 1447 5419 μείναντες
1495 5352 1738 5421 σάρκες,
1770 5353 1910 5423 χόρ-

393 5519 439 5552 ⁸⁷
474 5519 611 5577 Gen.
645 5536 721 5588 v1,
751 5522 808 5577 5.
885 5522 931 5554 ³⁸
967 5521 1087 5603 Joel
1127 5540 1186 5588 η,
1218 5524 1311 5580 28.

2492 5580 2541 5609 υ

1504 5612 1515 5689 ζ
1622 5661 1626 5665 -
1655 5637 1886 5694 VARUE
1925 5638 2333 5696 caenosus.

401 5738 426 5768 ⁸
459 5746 548 5800 γρ.
574 5728 662 5783 τό.
744 5728 762 5767 τ
802 5747 890 5801 πρ.
919 5730 1068 5803 φησί,
1152 5733 1279 5799 ὅπερ
1304 5728 1593 5803 δεξάμενα.

2007 5364 2232 5409 terrena
2284 5351 2340 5405 in
2396 5345 2746 5420 spiritualem
2798 5349 3003 5399 sortem
3061 5334 3442 5393 transierint:
3488 5329 3597 5384 cir-
3704 5404 3712 5411 ‘
