  <div class='ocr_page' id='page_1' title='image "/cluster/home/n/w/nwhite01/storage/ocr_20150623/87:pt.2/coo.31924054869908/411.png"; bbox 0 0 3950 6436; ppageno 0'>
   <div class='ocr_carea' id='block_1_1' title="bbox 346 311 516 376">
    <p class='ocr_par' dir='ltr' id='par_1_1' title="bbox 346 311 516 376">
     <span class='ocr_line' id='line_1_1' title="bbox 346 311 516 376; baseline 0.024 -4"><span class='ocrx_word' id='word_1_1' title='bbox 346 365 353 372; x_wconf 93' lang='grc'><strong>.</strong></span> <span class='ocrx_word' id='word_1_2' title='bbox 373 311 516 376; x_wconf 64' lang='grc' dir='ltr'><strong>2¹ὶ35</strong></span> 
     </span>
    </p>
   </div>
   <div class='ocr_carea' id='block_1_2' title="bbox 1701 311 2345 376">
    <p class='ocr_par' dir='ltr' id='par_1_2' title="bbox 1701 311 2345 376">
     <span class='ocr_line' id='line_1_2' title="bbox 1701 311 2345 376; baseline -0.008 0"><span class='ocrx_word' id='word_1_3' title='bbox 1701 312 2056 376; x_wconf 83' lang='lat' dir='ltr'><strong>PROCOPII</strong></span> <span class='ocrx_word' id='word_1_4' title='bbox 2099 311 2345 372; x_wconf 66' lang='lat' dir='ltr'><strong>GAZIEI</strong></span> 
     </span>
    </p>
   </div>
   <div class='ocr_carea' id='block_1_3' title="bbox 3539 307 3682 374">
    <p class='ocr_par' dir='ltr' id='par_1_3' title="bbox 3539 307 3682 374">
     <span class='ocr_line' id='line_1_3' title="bbox 3539 307 3682 374; baseline 0 0"><span class='ocrx_word' id='word_1_5' title='bbox 3539 307 3682 374; x_wconf 79' lang='lat'><strong>2336</strong></span> 
     </span>
    </p>
   </div>
   <div class='ocr_carea' id='block_1_4' title="bbox 378 425 1974 505">
    <p class='ocr_par' dir='ltr' id='par_1_4' title="bbox 378 432 1958 505">
     <span class='ocr_line' id='line_1_4' title="bbox 378 432 1958 505; baseline 0.001 -22"><span class='ocrx_word' id='word_1_6' title='bbox 378 432 656 488; x_wconf 74' lang='lat' dir='ltr'><strong>CllmClSOS</strong></span> <span class='ocrx_word' id='word_1_7' title='bbox 687 441 894 500; x_wconf 88' lang='lat' dir='ltr'><strong>autem,</strong></span> <span class='ocrx_word' id='word_1_8' title='bbox 947 434 1041 505; x_wconf 87' lang='lat' dir='ltr'><strong>qui</strong></span> <span class='ocrx_word' id='word_1_9' title='bbox 1101 449 1288 488; x_wconf 78' lang='lat' dir='ltr'><strong>carnes</strong></span> <span class='ocrx_word' id='word_1_10' title='bbox 1319 446 1446 489; x_wconf 89' lang='lat' dir='ltr'><strong>esse</strong></span> <span class='ocrx_word' id='word_1_11' title='bbox 1471 433 1814 502; x_wconf 83' lang='lat' dir='ltr'><strong>perrexerint</strong></span> <span class='ocrx_word' id='word_1_12' title='bbox 1841 473 1856 498; x_wconf 92' lang='lat'><strong>,</strong></span> <span class='ocrx_word' id='word_1_13' title='bbox 1891 447 1958 488; x_wconf 92' lang='lat' dir='ltr'><strong>ex</strong></span> 
     </span>
    </p>
   </div>
   <div class='ocr_carea' id='block_1_5' title="bbox 2080 425 3680 505">
    <p class='ocr_par' dir='ltr' id='par_1_5' title="bbox 2080 425 3680 502">
     <span class='ocr_line' id='line_1_5' title="bbox 2080 425 3680 502; baseline -0.003 -19"><span class='ocrx_word' id='word_1_14' title='bbox 2080 448 2168 484; x_wconf 69' lang='grc' dir='ltr'><strong>του</strong></span> <span class='ocrx_word' id='word_1_15' title='bbox 2193 430 2355 502; x_wconf 66' lang='grc' dir='ltr'>δίκην</span> <span class='ocrx_word' id='word_1_16' title='bbox 2369 426 2683 493; x_wconf 80' lang='grc' dir='ltr'><strong>πεσοῦνται,</strong></span> <span class='ocrx_word' id='word_1_17' title='bbox 2710 425 2854 482; x_wconf 79' lang='grc' dir='ltr'>κατὰ</span> <span class='ocrx_word' id='word_1_18' title='bbox 2875 427 2974 498; x_wconf 81' lang='grc' dir='ltr'><strong>τὴν</strong></span> <span class='ocrx_word' id='word_1_19' title='bbox 2997 426 3333 500; x_wconf 81' lang='grc' dir='ltr'>προσθήκην</span> <span class='ocrx_word' id='word_1_20' title='bbox 3366 425 3496 493; x_wconf 85' lang='grc' dir='ltr'>τοῦ,</span> <span class='ocrx_word' id='word_1_21' title='bbox 3515 428 3680 499; x_wconf 79' lang='grc' dir='ltr'><strong>Ἀλη.</strong></span> 
     </span>
    </p>
   </div>
   <div class='ocr_carea' id='block_1_6' title="bbox 378 521 1959 593">
    <p class='ocr_par' dir='ltr' id='par_1_6' title="bbox 378 521 1959 593">
     <span class='ocr_line' id='line_1_6' title="bbox 378 521 1959 593; baseline 0.002 -20"><span class='ocrx_word' id='word_1_22' title='bbox 378 521 502 590; x_wconf 69' lang='lat' dir='ltr'><strong>ipso</strong></span> <span class='ocrx_word' id='word_1_23' title='bbox 532 522 852 591; x_wconf 87' lang='lat' dir='ltr'><strong>appendicis</strong></span> <span class='ocrx_word' id='word_1_24' title='bbox 883 538 1046 577; x_wconf 90' lang='lat' dir='ltr'><strong>sensu</strong></span> <span class='ocrx_word' id='word_1_25' title='bbox 1074 538 1197 592; x_wconf 66' lang='lat' dir='ltr'><strong>quae</strong></span> <span class='ocrx_word' id='word_1_26' title='bbox 1224 537 1351 578; x_wconf 91' lang='lat' dir='ltr'><strong>vere</strong></span> <span class='ocrx_word' id='word_1_27' title='bbox 1387 524 1569 593; x_wconf 80' lang='lat' dir='ltr'><strong>fenum</strong></span> <span class='ocrx_word' id='word_1_28' title='bbox 1620 537 1743 578; x_wconf 90' lang='lat' dir='ltr'><strong>esse</strong></span> <span class='ocrx_word' id='word_1_29' title='bbox 1789 537 1959 593; x_wconf 90' lang='lat' dir='ltr'><strong>popu-</strong></span> 
     </span>
    </p>
   </div>
   <div class='ocr_carea' id='block_1_7' title="bbox 383 613 1959 682">
    <p class='ocr_par' dir='ltr' id='par_1_7' title="bbox 383 613 1959 682">
     <span class='ocr_line' id='line_1_7' title="bbox 383 613 1959 682; baseline 0.001 -16"><span class='ocrx_word' id='word_1_30' title='bbox 383 614 494 666; x_wconf 91' lang='lat' dir='ltr'><strong>lum</strong></span> <span class='ocrx_word' id='word_1_31' title='bbox 537 613 810 682; x_wconf 86' lang='lat' dir='ltr'><strong>adjunxit,</strong></span> <span class='ocrx_word' id='word_1_32' title='bbox 842 613 951 682; x_wconf 76' lang='lat' dir='ltr'><strong>feni</strong></span> <span class='ocrx_word' id='word_1_33' title='bbox 983 614 1158 668; x_wconf 89' lang='lat' dir='ltr'><strong>instar</strong></span> <span class='ocrx_word' id='word_1_34' title='bbox 1182 627 1473 670; x_wconf 83' lang='lat' dir='ltr'><strong>evasuros.</strong></span> <span class='ocrx_word' id='word_1_35' title='bbox 1509 615 1594 669; x_wconf 88' lang='lat' dir='ltr'><strong>Ab</strong></span> <span class='ocrx_word' id='word_1_36' title='bbox 1647 613 1806 670; x_wconf 90' lang='lat' dir='ltr'><strong>initio</strong></span> <span class='ocrx_word' id='word_1_37' title='bbox 1859 630 1959 669; x_wconf 89' lang='lat' dir='ltr'><strong>au-</strong></span> 
     </span>
    </p>
   </div>
   <div class='ocr_carea' id='block_1_8' title="bbox 383 686 1958 777">
    <p class='ocr_par' dir='ltr' id='par_1_8' title="bbox 383 686 1958 777">
     <span class='ocr_line' id='line_1_8' title="bbox 383 686 1958 777; baseline 0.005 -22"><span class='ocrx_word' id='word_1_38' title='bbox 383 713 490 758; x_wconf 87' lang='lat' dir='ltr'><strong>tem</strong></span> <span class='ocrx_word' id='word_1_39' title='bbox 513 714 819 773; x_wconf 75' lang='lat' dir='ltr'><strong>quau-entes</strong></span> <span class='ocrx_word' id='word_1_40' title='bbox 842 705 1116 768; x_wconf 91' lang='lat' dir='ltr'><strong>nonnulli,</strong></span> <span class='ocrx_word' id='word_1_41' title='bbox 1149 705 1243 774; x_wconf 89' lang='lat' dir='ltr'><strong>qui</strong></span> <span class='ocrx_word' id='word_1_42' title='bbox 1274 706 1463 760; x_wconf 89' lang='lat' dir='ltr'><strong>statim</strong></span> <span class='ocrx_word' id='word_1_43' title='bbox 1493 686 1619 777; x_wconf 77' lang='lat' dir='ltr'><strong>post</strong></span> <span class='ocrx_word' id='word_1_44' title='bbox 1645 721 1958 763; x_wconf 86' lang='lat' dir='ltr'><strong>sermonem</strong></span> 
     </span>
    </p>
   </div>
   <div class='ocr_carea' id='block_1_9' title="bbox 382 793 1960 868">
    <p class='ocr_par' dir='ltr' id='par_1_9' title="bbox 382 793 1960 868">
     <span class='ocr_line' id='line_1_9' title="bbox 382 793 1960 868; baseline 0.004 -22"><span class='ocrx_word' id='word_1_45' title='bbox 382 794 452 847; x_wconf 89' lang='lat' dir='ltr'><strong>de</strong></span> <span class='ocrx_word' id='word_1_46' title='bbox 475 793 707 848; x_wconf 87' lang='lat' dir='ltr'><strong>Ezechia</strong></span> <span class='ocrx_word' id='word_1_47' title='bbox 738 833 756 862; x_wconf 91' lang='lat'><strong>,</strong></span> <span class='ocrx_word' id='word_1_48' title='bbox 791 795 996 849; x_wconf 89' lang='lat' dir='ltr'><strong>Christi</strong></span> <span class='ocrx_word' id='word_1_49' title='bbox 1033 795 1328 850; x_wconf 80' lang='lat' dir='ltr'><strong>adventum</strong></span> <span class='ocrx_word' id='word_1_50' title='bbox 1366 799 1630 868; x_wconf 90' lang='lat' dir='ltr'><strong>propheta</strong></span> <span class='ocrx_word' id='word_1_51' title='bbox 1656 799 1909 854; x_wconf 86' lang='lat' dir='ltr'><strong>intulerit</strong></span> <span class='ocrx_word' id='word_1_52' title='bbox 1943 817 1960 866; x_wconf 91' lang='lat'><strong>;</strong></span> 
     </span>
    </p>
   </div>
   <div class='ocr_carea' id='block_1_10' title="bbox 383 884 1948 960">
    <p class='ocr_par' dir='ltr' id='par_1_10' title="bbox 383 884 1948 960">
     <span class='ocr_line' id='line_1_10' title="bbox 383 884 1948 960; baseline 0.007 -25"><span class='ocrx_word' id='word_1_53' title='bbox 383 885 563 952; x_wconf 86' lang='lat' dir='ltr'><strong>plures</strong></span> <span class='ocrx_word' id='word_1_54' title='bbox 594 885 815 952; x_wconf 85' lang='lat' dir='ltr'><strong>quidem</strong></span> <span class='ocrx_word' id='word_1_55' title='bbox 845 884 1351 957; x_wconf 82' lang='lat' dir='ltr'><strong>Hierosolymorum</strong></span> <span class='ocrx_word' id='word_1_56' title='bbox 1390 887 1948 960; x_wconf 60' lang='lat' dir='ltr'><strong>fuissejdireptiones,</strong></span> 
     </span>
    </p>
   </div>
   <div class='ocr_carea' id='block_1_11' title="bbox 382 974 1960 1042">
    <p class='ocr_par' dir='ltr' id='par_1_11' title="bbox 382 974 1960 1042">
     <span class='ocr_line' id='line_1_11' title="bbox 382 974 1960 1042; baseline 0.006 -14"><span class='ocrx_word' id='word_1_57' title='bbox 382 974 479 1029; x_wconf 86' lang='lat' dir='ltr'><strong>sed</strong></span> <span class='ocrx_word' id='word_1_58' title='bbox 525 977 770 1028; x_wconf 89' lang='lat' dir='ltr'><strong>omnium</strong></span> <span class='ocrx_word' id='word_1_59' title='bbox 820 977 1202 1042; x_wconf 87' lang='lat' dir='ltr'><strong>novissimam,</strong></span> <span class='ocrx_word' id='word_1_60' title='bbox 1230 988 1356 1032; x_wconf 84' lang='lat' dir='ltr'><strong>ante</strong></span> <span class='ocrx_word' id='word_1_61' title='bbox 1397 979 1610 1035; x_wconf 83' lang='lat' dir='ltr'><strong>Christi</strong></span> <span class='ocrx_word' id='word_1_62' title='bbox 1665 982 1960 1037; x_wconf 81' lang='lat' dir='ltr'><strong>adventum</strong></span> 
     </span>
    </p>
   </div>
   <div class='ocr_carea' id='block_1_12' title="bbox 384 1066 1964 1144">
    <p class='ocr_par' dir='ltr' id='par_1_12' title="bbox 384 1066 1964 1144">
     <span class='ocr_line' id='line_1_12' title="bbox 384 1066 1964 1144; baseline 0.007 -25"><span class='ocrx_word' id='word_1_63' title='bbox 384 1082 481 1135; x_wconf 90' lang='lat' dir='ltr'><strong>per</strong></span> <span class='ocrx_word' id='word_1_64' title='bbox 506 1066 1110 1124; x_wconf 70' lang='lat' dir='ltr'><strong>Nabuchodonosor-em</strong></span> <span class='ocrx_word' id='word_1_65' title='bbox 1157 1069 1332 1126; x_wconf 83' lang='lat' dir='ltr'><strong>fuisse</strong></span> <span class='ocrx_word' id='word_1_66' title='bbox 1368 1080 1584 1141; x_wconf 88' lang='lat' dir='ltr'><strong>putant,</strong></span> <span class='ocrx_word' id='word_1_67' title='bbox 1625 1088 1804 1144; x_wconf 89' lang='lat' dir='ltr'><strong>neque</strong></span> <span class='ocrx_word' id='word_1_68' title='bbox 1834 1073 1964 1130; x_wconf 88' lang='lat' dir='ltr'><strong>inde</strong></span> 
     </span>
    </p>
   </div>
   <div class='ocr_carea' id='block_1_13' title="bbox 382 1155 1964 1230">
    <p class='ocr_par' dir='ltr' id='par_1_13' title="bbox 382 1155 1964 1230">
     <span class='ocr_line' id='line_1_13' title="bbox 382 1155 1964 1230; baseline 0.006 -24"><span class='ocrx_word' id='word_1_69' title='bbox 382 1166 569 1224; x_wconf 86' lang='lat' dir='ltr'><strong>postea</strong></span> <span class='ocrx_word' id='word_1_70' title='bbox 610 1155 678 1208; x_wconf 90' lang='lat' dir='ltr'><strong>ad</strong></span> <span class='ocrx_word' id='word_1_71' title='bbox 716 1156 1004 1211; x_wconf 87' lang='lat' dir='ltr'><strong>Christum</strong></span> <span class='ocrx_word' id='word_1_72' title='bbox 1042 1173 1218 1227; x_wconf 74' lang='lat' dir='ltr'><strong>usque</strong></span> <span class='ocrx_word' id='word_1_73' title='bbox 1275 1167 1423 1214; x_wconf 87' lang='lat' dir='ltr'><strong>terra</strong></span> <span class='ocrx_word' id='word_1_74' title='bbox 1484 1160 1675 1230; x_wconf 91' lang='lat' dir='ltr'><strong>pulsos</strong></span> <span class='ocrx_word' id='word_1_75' title='bbox 1738 1169 1832 1214; x_wconf 91' lang='lat' dir='ltr'><strong>aut</strong></span> <span class='ocrx_word' id='word_1_76' title='bbox 1865 1161 1964 1216; x_wconf 87' lang='lat' dir='ltr'><strong>ab-</strong></span> 
     </span>
    </p>
   </div>
   <div class='ocr_carea' id='block_1_14' title="bbox 381 1245 1967 1320">
    <p class='ocr_par' dir='ltr' id='par_1_14' title="bbox 381 1245 1967 1320">
     <span class='ocr_line' id='line_1_14' title="bbox 381 1245 1967 1320; baseline 0.006 -23"><span class='ocrx_word' id='word_1_77' title='bbox 381 1252 578 1301; x_wconf 80' lang='lat' dir='ltr'><strong>ductos</strong></span> <span class='ocrx_word' id='word_1_78' title='bbox 629 1247 822 1300; x_wconf 84' lang='lat' dir='ltr'><strong>fuisse.</strong></span> <span class='ocrx_word' id='word_1_79' title='bbox 863 1245 1050 1316; x_wconf 85' lang='lat' dir='ltr'><strong>Itaque</strong></span> <span class='ocrx_word' id='word_1_80' title='bbox 1101 1262 1226 1303; x_wconf 90' lang='lat' dir='ltr'><strong>cum</strong></span> <span class='ocrx_word' id='word_1_81' title='bbox 1285 1249 1492 1318; x_wconf 91' lang='lat' dir='ltr'><strong>hujus,</strong></span> <span class='ocrx_word' id='word_1_82' title='bbox 1529 1267 1657 1320; x_wconf 68' lang='lat' dir='ltr'><strong>qua:</strong></span> <span class='ocrx_word' id='word_1_83' title='bbox 1716 1249 1967 1306; x_wconf 66' lang='lat' dir='ltr'><strong>Ezechiae</strong></span> 
     </span>
    </p>
   </div>
   <div class='ocr_carea' id='block_1_15' title="bbox 382 1339 1965 1408">
    <p class='ocr_par' dir='ltr' id='par_1_15' title="bbox 382 1339 1965 1408">
     <span class='ocr_line' id='line_1_15' title="bbox 382 1339 1965 1408; baseline 0.003 -17"><span class='ocrx_word' id='word_1_84' title='bbox 382 1339 807 1408; x_wconf 65' lang='lat' dir='ltr'><strong>praenuntiatur,</strong></span> <span class='ocrx_word' id='word_1_85' title='bbox 842 1341 1210 1406; x_wconf 86' lang='lat' dir='ltr'><strong>meminisset,</strong></span> <span class='ocrx_word' id='word_1_86' title='bbox 1243 1351 1393 1397; x_wconf 87' lang='lat' dir='ltr'><strong>recte</strong></span> <span class='ocrx_word' id='word_1_87' title='bbox 1415 1343 1582 1397; x_wconf 90' lang='lat' dir='ltr'><strong>etiam</strong></span> <span class='ocrx_word' id='word_1_88' title='bbox 1643 1343 1965 1398; x_wconf 80' lang='lat' dir='ltr'><strong>consolatio-</strong></span> 
     </span>
    </p>
   </div>
   <div class='ocr_carea' id='block_1_16' title="bbox 381 1422 1964 1504">
    <p class='ocr_par' dir='ltr' id='par_1_16' title="bbox 381 1422 1964 1504">
     <span class='ocr_line' id='line_1_16' title="bbox 381 1422 1964 1504; baseline 0.003 -19"><span class='ocrx_word' id='word_1_89' title='bbox 381 1449 500 1485; x_wconf 77' lang='lat' dir='ltr'><strong>m-m</strong></span> <span class='ocrx_word' id='word_1_90' title='bbox 530 1433 875 1500; x_wconf 84' lang='lat' dir='ltr'><strong>adjunxisse.</strong></span> <span class='ocrx_word' id='word_1_91' title='bbox 909 1433 982 1489; x_wconf 92' lang='lat' dir='ltr'><strong>lis</strong></span> <span class='ocrx_word' id='word_1_92' title='bbox 1007 1433 1154 1487; x_wconf 91' lang='lat' dir='ltr'><strong>enim</strong></span> <span class='ocrx_word' id='word_1_93' title='bbox 1178 1422 1453 1504; x_wconf 69' lang='lat' dir='ltr'><strong>praecipue</strong></span> <span class='ocrx_word' id='word_1_94' title='bbox 1482 1433 1629 1490; x_wconf 83' lang='lat' dir='ltr'><strong>facta</strong></span> <span class='ocrx_word' id='word_1_95' title='bbox 1653 1443 1740 1491; x_wconf 82' lang='lat' dir='ltr'><strong>est</strong></span> <span class='ocrx_word' id='word_1_96' title='bbox 1770 1435 1964 1490; x_wconf 78' lang='lat' dir='ltr'><strong>salutis</strong></span> 
     </span>
    </p>
   </div>
   <div class='ocr_carea' id='block_1_17' title="bbox 384 1522 1965 1592">
    <p class='ocr_par' dir='ltr' id='par_1_17' title="bbox 384 1522 1965 1592">
     <span class='ocr_line' id='line_1_17' title="bbox 384 1522 1965 1592; baseline 0.004 -20"><span class='ocrx_word' id='word_1_97' title='bbox 384 1522 790 1591; x_wconf 88' lang='lat' dir='ltr'><strong>promulgatio;</strong></span> <span class='ocrx_word' id='word_1_98' title='bbox 821 1522 982 1592; x_wconf 80' lang='lat' dir='ltr'><strong>juxta</strong></span> <span class='ocrx_word' id='word_1_99' title='bbox 1017 1523 1149 1576; x_wconf 92' lang='lat' dir='ltr'><strong>illud</strong></span> <span class='ocrx_word' id='word_1_100' title='bbox 1184 1540 1197 1576; x_wconf 93' lang='lat'>:</span> <span class='ocrx_word' id='word_1_101' title='bbox 1231 1541 1250 1574; x_wconf 82' lang='grc' dir='ltr'><strong>ι</strong></span> <span class='ocrx_word' id='word_1_102' title='bbox 1289 1523 1407 1577; x_wconf 83' lang='lat' dir='ltr'><strong>Non</strong></span> <span class='ocrx_word' id='word_1_103' title='bbox 1444 1538 1566 1578; x_wconf 91' lang='lat' dir='ltr'><strong>sum</strong></span> <span class='ocrx_word' id='word_1_104' title='bbox 1611 1525 1820 1579; x_wconf 90' lang='lat' dir='ltr'><strong>missus</strong></span> <span class='ocrx_word' id='word_1_105' title='bbox 1855 1524 1965 1580; x_wconf 91' lang='lat' dir='ltr'><strong>nisi</strong></span> 
     </span>
    </p>
   </div>
   <div class='ocr_carea' id='block_1_18' title="bbox 382 1610 1966 1679">
    <p class='ocr_par' dir='ltr' id='par_1_18' title="bbox 382 1610 1966 1679">
     <span class='ocr_line' id='line_1_18' title="bbox 382 1610 1966 1679; baseline 0.004 -18"><span class='ocrx_word' id='word_1_106' title='bbox 382 1610 452 1663; x_wconf 89' lang='lat' dir='ltr'><strong>ad</strong></span> <span class='ocrx_word' id='word_1_107' title='bbox 515 1626 646 1665; x_wconf 90' lang='lat' dir='ltr'><strong>oves</strong></span> <span class='ocrx_word' id='word_1_108' title='bbox 703 1625 824 1679; x_wconf 84' lang='lat' dir='ltr'><strong>quae</strong></span> <span class='ocrx_word' id='word_1_109' title='bbox 863 1612 1148 1679; x_wconf 88' lang='lat' dir='ltr'><strong>perierunt</strong></span> <span class='ocrx_word' id='word_1_110' title='bbox 1197 1611 1398 1666; x_wconf 88' lang='lat' dir='ltr'><strong>domus</strong></span> <span class='ocrx_word' id='word_1_111' title='bbox 1440 1612 1606 1668; x_wconf 81' lang='lat' dir='ltr'><strong>Israel</strong></span> <span class='ocrx_word' id='word_1_112' title='bbox 1639 1615 1706 1667; x_wconf 71' lang='grc'><strong>³³.</strong></span> <span class='ocrx_word' id='word_1_113' title='bbox 1739 1632 1758 1666; x_wconf 71' lang='grc' dir='ltr'><strong>ι</strong></span> <span class='ocrx_word' id='word_1_114' title='bbox 1796 1613 1966 1668; x_wconf 80' lang='lat' dir='ltr'><strong>Aiunt</strong></span> 
     </span>
    </p>
   </div>
   <div class='ocr_carea' id='block_1_19' title="bbox 381 1704 1966 1775">
    <p class='ocr_par' dir='ltr' id='par_1_19' title="bbox 381 1704 1966 1775">
     <span class='ocr_line' id='line_1_19' title="bbox 381 1704 1966 1775; baseline 0.003 -21"><span class='ocrx_word' id='word_1_115' title='bbox 381 1711 570 1757; x_wconf 84' lang='lat' dir='ltr'><strong>tamen</strong></span> <span class='ocrx_word' id='word_1_116' title='bbox 609 1704 852 1757; x_wconf 89' lang='lat' dir='ltr'><strong>nonnulli</strong></span> <span class='ocrx_word' id='word_1_117' title='bbox 888 1705 1160 1759; x_wconf 88' lang='lat' dir='ltr'><strong>absurdas</strong></span> <span class='ocrx_word' id='word_1_118' title='bbox 1189 1719 1380 1759; x_wconf 87' lang='lat' dir='ltr'><strong>eorum</strong></span> <span class='ocrx_word' id='word_1_119' title='bbox 1429 1706 1803 1775; x_wconf 80' lang='lat' dir='ltr'><strong>cogitationes</strong></span> <span class='ocrx_word' id='word_1_120' title='bbox 1840 1723 1966 1760; x_wconf 87' lang='lat' dir='ltr'><strong>con-</strong></span> 
     </span>
    </p>
   </div>
   <div class='ocr_carea' id='block_1_20' title="bbox 2063 518 3684 592">
    <p class='ocr_par' dir='ltr' id='par_1_20' title="bbox 2063 518 3684 592">
     <span class='ocr_line' id='line_1_20' title="bbox 2063 518 3684 592; baseline -0.003 -16"><span class='ocrx_word' id='word_1_121' title='bbox 2063 522 2172 586; x_wconf 87' lang='grc' dir='ltr'><strong>θῶς</strong></span> <span class='ocrx_word' id='word_1_122' title='bbox 2216 522 2432 590; x_wconf 82' lang='grc' dir='ltr'><strong>χόρτος</strong></span> <span class='ocrx_word' id='word_1_123' title='bbox 2459 521 2488 572; x_wconf 84' lang='grc' dir='ltr'>ό</span> <span class='ocrx_word' id='word_1_124' title='bbox 2553 520 2702 583; x_wconf 69' lang='grc' dir='ltr'>λαός.</span> <span class='ocrx_word' id='word_1_125' title='bbox 2734 518 2976 574; x_wconf 78' lang='grc' dir='ltr'>Ἀνωθεν</span> <span class='ocrx_word' id='word_1_126' title='bbox 3010 520 3069 573; x_wconf 87' lang='grc' dir='ltr'><strong>δέ</strong></span> <span class='ocrx_word' id='word_1_127' title='bbox 3113 535 3263 583; x_wconf 73' lang='grc' dir='ltr'>τινες</span> <span class='ocrx_word' id='word_1_128' title='bbox 3284 519 3684 592; x_wconf 83' lang='grc' dir='ltr'>ἀπορήσαντες</span> 
     </span>
    </p>
   </div>
   <div class='ocr_carea' id='block_1_21' title="bbox 2061 605 3692 681">
    <p class='ocr_par' dir='ltr' id='par_1_21' title="bbox 2061 605 3692 681">
     <span class='ocr_line' id='line_1_21' title="bbox 2061 605 3692 681; baseline -0.001 -17"><span class='ocrx_word' id='word_1_129' title='bbox 2061 612 2309 675; x_wconf 87' lang='grc' dir='ltr'>πῶςτοῖς</span> <span class='ocrx_word' id='word_1_130' title='bbox 2355 611 2599 674; x_wconf 79' lang='grc' dir='ltr'><strong>Ἐζεκίου</strong></span> <span class='ocrx_word' id='word_1_131' title='bbox 2624 610 2804 679; x_wconf 77' lang='grc' dir='ltr'>λόγοις</span> <span class='ocrx_word' id='word_1_132' title='bbox 2835 605 2934 681; x_wconf 80' lang='grc' dir='ltr'>τὴν</span> <span class='ocrx_word' id='word_1_133' title='bbox 2983 609 3229 681; x_wconf 79' lang='grc' dir='ltr'><strong>Χριστοῦ</strong></span> <span class='ocrx_word' id='word_1_134' title='bbox 3267 609 3601 680; x_wconf 81' lang='grc' dir='ltr'><strong>παρουσίαν</strong></span> <span class='ocrx_word' id='word_1_135' title='bbox 3654 613 3692 663; x_wconf 75' lang='grc' dir='ltr'>ὁ</span> 
     </span>
    </p>
   </div>
   <div class='ocr_carea' id='block_1_22' title="bbox 2064 699 3685 774">
    <p class='ocr_par' dir='ltr' id='par_1_22' title="bbox 2064 699 3685 774">
     <span class='ocr_line' id='line_1_22' title="bbox 2064 699 3685 774; baseline -0.001 -17"><span class='ocrx_word' id='word_1_136' title='bbox 2064 703 2351 774; x_wconf 80' lang='grc' dir='ltr'><strong>προφήτης</strong></span> <span class='ocrx_word' id='word_1_137' title='bbox 2378 703 2674 773; x_wconf 79' lang='grc' dir='ltr'><strong>ἐπήνεγκε,</strong></span> <span class='ocrx_word' id='word_1_138' title='bbox 2707 701 2962 771; x_wconf 84' lang='grc' dir='ltr'>λέγουσιν</span> <span class='ocrx_word' id='word_1_139' title='bbox 2985 702 3069 755; x_wconf 87' lang='grc' dir='ltr'>ὃτι</span> <span class='ocrx_word' id='word_1_140' title='bbox 3100 701 3386 765; x_wconf 83' lang='grc' dir='ltr'><strong>πολλάκις</strong></span> <span class='ocrx_word' id='word_1_141' title='bbox 3423 699 3685 771; x_wconf 88' lang='grc' dir='ltr'>πολέμιοι</span> 
     </span>
    </p>
   </div>
   <div class='ocr_carea' id='block_1_23' title="bbox 2061 795 3686 868">
    <p class='ocr_par' dir='ltr' id='par_1_23' title="bbox 2061 795 3686 868">
     <span class='ocr_line' id='line_1_23' title="bbox 2061 795 3686 868; baseline -0.002 -17"><span class='ocrx_word' id='word_1_142' title='bbox 2061 798 2164 867; x_wconf 83' lang='grc' dir='ltr'><strong>τὴν</strong></span> <span class='ocrx_word' id='word_1_143' title='bbox 2203 796 2559 868; x_wconf 77' lang='grc' dir='ltr'>Ἰερουσαλὴμ</span> <span class='ocrx_word' id='word_1_144' title='bbox 2584 796 2933 866; x_wconf 80' lang='grc' dir='ltr'>κατεδῄωσαν</span> <span class='ocrx_word' id='word_1_145' title='bbox 2961 812 2978 828; x_wconf 77' lang='grc' dir='ltr'><strong><em>ο</em></strong></span> <span class='ocrx_word' id='word_1_146' title='bbox 3011 796 3124 867; x_wconf 82' lang='grc' dir='ltr'>ήδὲ</span> <span class='ocrx_word' id='word_1_147' title='bbox 3173 797 3272 850; x_wconf 82' lang='grc' dir='ltr'>διὰ</span> <span class='ocrx_word' id='word_1_148' title='bbox 3317 795 3686 866; x_wconf 71' lang='grc' dir='ltr'><strong>Ναϐουχοδο-</strong></span> 
     </span>
    </p>
   </div>
   <div class='ocr_carea' id='block_1_24' title="bbox 2063 886 3686 962">
    <p class='ocr_par' dir='ltr' id='par_1_24' title="bbox 2063 886 3686 962">
     <span class='ocr_line' id='line_1_24' title="bbox 2063 886 3686 962; baseline -0.002 -18"><span class='ocrx_word' id='word_1_149' title='bbox 2063 890 2236 962; x_wconf 87' lang='grc' dir='ltr'>νόσωρ</span> <span class='ocrx_word' id='word_1_150' title='bbox 2266 890 2374 962; x_wconf 81' lang='grc' dir='ltr'>πρὸ</span> <span class='ocrx_word' id='word_1_151' title='bbox 2414 891 2514 959; x_wconf 84' lang='grc' dir='ltr'><strong>τῆς</strong></span> <span class='ocrx_word' id='word_1_152' title='bbox 2541 888 2780 960; x_wconf 81' lang='grc' dir='ltr'><strong>Χριστοῦ</strong></span> <span class='ocrx_word' id='word_1_153' title='bbox 2829 889 3135 958; x_wconf 81' lang='grc' dir='ltr'>παρουσίας</span> <span class='ocrx_word' id='word_1_154' title='bbox 3163 887 3486 942; x_wconf 79' lang='grc' dir='ltr'>τελευταία</span> <span class='ocrx_word' id='word_1_155' title='bbox 3518 886 3686 956; x_wconf 87' lang='grc' dir='ltr'>γέγο-</span> 
     </span>
    </p>
   </div>
   <div class='ocr_carea' id='block_1_25' title="bbox 2064 975 3688 1048">
    <p class='ocr_par' dir='ltr' id='par_1_25' title="bbox 2064 975 3688 1048">
     <span class='ocr_line' id='line_1_25' title="bbox 2064 975 3688 1048; baseline -0.002 -16"><span class='ocrx_word' id='word_1_156' title='bbox 2064 995 2154 1032; x_wconf 90' lang='grc' dir='ltr'>νεν</span> <span class='ocrx_word' id='word_1_157' title='bbox 2185 978 2406 1042; x_wconf 72' lang='grc' dir='ltr'>ἅλωσις.</span> <span class='ocrx_word' id='word_1_158' title='bbox 2450 977 2585 1032; x_wconf 82' lang='grc' dir='ltr'>Μεθ’</span> <span class='ocrx_word' id='word_1_159' title='bbox 2611 978 2678 1048; x_wconf 86' lang='grc' dir='ltr'><strong>ἢν</strong></span> <span class='ocrx_word' id='word_1_160' title='bbox 2703 977 3091 1040; x_wconf 77' lang='grc' dir='ltr'><strong>ἐπανελθόντες</strong></span> <span class='ocrx_word' id='word_1_161' title='bbox 3124 975 3314 1047; x_wconf 82' lang='grc' dir='ltr'>ᾣκουν</span> <span class='ocrx_word' id='word_1_162' title='bbox 3346 975 3688 1045; x_wconf 84' lang='grc' dir='ltr'>ἀδιαιρέτως</span> 
     </span>
    </p>
   </div>
   <div class='ocr_carea' id='block_1_26' title="bbox 2077 1062 3690 1142">
    <p class='ocr_par' dir='ltr' id='par_1_26' title="bbox 2077 1062 3690 1142">
     <span class='ocr_line' id='line_1_26' title="bbox 2077 1062 3690 1142; baseline -0.002 -19"><span class='ocrx_word' id='word_1_163' title='bbox 2077 1071 2178 1140; x_wconf 84' lang='grc' dir='ltr'><strong>τὴν</strong></span> <span class='ocrx_word' id='word_1_164' title='bbox 2212 1071 2314 1142; x_wconf 81' lang='grc' dir='ltr'>γῆν</span> <span class='ocrx_word' id='word_1_165' title='bbox 2347 1070 2510 1141; x_wconf 82' lang='grc' dir='ltr'>μέχρι</span> <span class='ocrx_word' id='word_1_166' title='bbox 2544 1069 2645 1138; x_wconf 81' lang='grc' dir='ltr'>τῆς</span> <span class='ocrx_word' id='word_1_167' title='bbox 2673 1066 2913 1138; x_wconf 81' lang='grc' dir='ltr'><strong>Χριστοῦ</strong></span> <span class='ocrx_word' id='word_1_168' title='bbox 2938 1067 3273 1139; x_wconf 87' lang='grc' dir='ltr'>παρουσίας.</span> <span class='ocrx_word' id='word_1_169' title='bbox 3334 1065 3573 1136; x_wconf 82' lang='grc' dir='ltr'><strong>Ταύτης</strong></span> <span class='ocrx_word' id='word_1_170' title='bbox 3593 1062 3690 1120; x_wconf 79' lang='grc' dir='ltr'><strong>οὖν</strong></span> 
     </span>
    </p>
   </div>
   <div class='ocr_carea' id='block_1_27' title="bbox 2070 1156 3678 1233">
    <p class='ocr_par' dir='ltr' id='par_1_27' title="bbox 2070 1156 3678 1233">
     <span class='ocr_line' id='line_1_27' title="bbox 2070 1156 3678 1233; baseline -0.004 -18"><span class='ocrx_word' id='word_1_171' title='bbox 2070 1162 2330 1233; x_wconf 67' lang='grc' dir='ltr'>μνησθεὶς</span> <span class='ocrx_word' id='word_1_172' title='bbox 2355 1161 2492 1231; x_wconf 86' lang='grc' dir='ltr'>πρὸς</span> <span class='ocrx_word' id='word_1_173' title='bbox 2531 1161 2780 1224; x_wconf 80' lang='grc' dir='ltr'>Ἐζεκίαν</span> <span class='ocrx_word' id='word_1_174' title='bbox 2803 1160 2901 1229; x_wconf 83' lang='grc' dir='ltr'>τῆς</span> <span class='ocrx_word' id='word_1_175' title='bbox 2919 1159 3174 1221; x_wconf 84' lang='grc' dir='ltr'><strong>ἁλώσεως</strong></span> <span class='ocrx_word' id='word_1_176' title='bbox 3207 1159 3320 1228; x_wconf 80' lang='grc' dir='ltr'>τῆς</span> <span class='ocrx_word' id='word_1_177' title='bbox 3367 1158 3473 1211; x_wconf 74' lang='grc' dir='ltr'><strong>ἐπὶ</strong></span> <span class='ocrx_word' id='word_1_178' title='bbox 3489 1156 3678 1230; x_wconf 54' lang='grc' dir='ltr'>ταύτῃ,</span> 
     </span>
    </p>
   </div>
   <div class='ocr_carea' id='block_1_28' title="bbox 2070 1247 3692 1322">
    <p class='ocr_par' dir='ltr' id='par_1_28' title="bbox 2070 1247 3692 1322">
     <span class='ocr_line' id='line_1_28' title="bbox 2070 1247 3692 1322; baseline -0.001 -18"><span class='ocrx_word' id='word_1_179' title='bbox 2070 1253 2345 1322; x_wconf 75' lang='grc' dir='ltr'><strong>μέμνηται</strong></span> <span class='ocrx_word' id='word_1_180' title='bbox 2371 1250 2836 1320; x_wconf 78' lang='grc' dir='ltr'>παρακλήσεως.</span> <span class='ocrx_word' id='word_1_181' title='bbox 2863 1250 3315 1320; x_wconf 86' lang='grc' dir='ltr'>Προηγουμένως</span> <span class='ocrx_word' id='word_1_182' title='bbox 3337 1247 3459 1319; x_wconf 84' lang='grc' dir='ltr'><strong>γὰρ</strong></span> <span class='ocrx_word' id='word_1_183' title='bbox 3470 1248 3692 1312; x_wconf 89' lang='grc' dir='ltr'>τούτοις</span> 
     </span>
    </p>
   </div>
   <div class='ocr_carea' id='block_1_29' title="bbox 2066 1340 3689 1412">
    <p class='ocr_par' dir='ltr' id='par_1_29' title="bbox 2066 1340 3689 1412">
     <span class='ocr_line' id='line_1_29' title="bbox 2066 1340 3689 1412; baseline -0.002 -15"><span class='ocrx_word' id='word_1_184' title='bbox 2066 1345 2135 1397; x_wconf 84' lang='grc' dir='ltr'>τὸ</span> <span class='ocrx_word' id='word_1_185' title='bbox 2192 1343 2494 1411; x_wconf 77' lang='grc' dir='ltr'>σωτήριον</span> <span class='ocrx_word' id='word_1_186' title='bbox 2552 1342 2770 1410; x_wconf 77' lang='grc' dir='ltr'>ἐγένετο</span> <span class='ocrx_word' id='word_1_187' title='bbox 2817 1342 3084 1412; x_wconf 89' lang='grc' dir='ltr'>κήρυγμα</span> <span class='ocrx_word' id='word_1_188' title='bbox 3134 1340 3288 1394; x_wconf 83' lang='grc' dir='ltr'>κατὰ</span> <span class='ocrx_word' id='word_1_189' title='bbox 3325 1340 3394 1392; x_wconf 88' lang='grc' dir='ltr'><strong>τό</strong></span> <span class='ocrx_word' id='word_1_190' title='bbox 3427 1355 3445 1371; x_wconf 75' lang='grc' dir='ltr'><strong>ο</strong></span> <span class='ocrx_word' id='word_1_191' title='bbox 3512 1358 3532 1391; x_wconf 75' lang='grc' dir='ltr'><strong>ι</strong></span> <span class='ocrx_word' id='word_1_192' title='bbox 3574 1342 3689 1394; x_wconf 78' lang='grc' dir='ltr'>Οὐκ</span> 
     </span>
    </p>
   </div>
   <div class='ocr_carea' id='block_1_30' title="bbox 2069 1430 3689 1504">
    <p class='ocr_par' dir='ltr' id='par_1_30' title="bbox 2069 1430 3689 1504">
     <span class='ocr_line' id='line_1_30' title="bbox 2069 1430 3689 1504; baseline -0.004 -15"><span class='ocrx_word' id='word_1_193' title='bbox 2069 1435 2384 1503; x_wconf 77' lang='grc' dir='ltr'>ἀπεστάλην</span> <span class='ocrx_word' id='word_1_194' title='bbox 2413 1436 2461 1487; x_wconf 77' lang='grc' dir='ltr'>εἰ</span> <span class='ocrx_word' id='word_1_195' title='bbox 2500 1434 2575 1504; x_wconf 83' lang='grc' dir='ltr'>μὴ</span> <span class='ocrx_word' id='word_1_196' title='bbox 2603 1435 2686 1496; x_wconf 84' lang='grc' dir='ltr'><strong>είς</strong></span> <span class='ocrx_word' id='word_1_197' title='bbox 2710 1431 2779 1486; x_wconf 71' lang='grc' dir='ltr'>τὰ</span> <span class='ocrx_word' id='word_1_198' title='bbox 2827 1431 3147 1486; x_wconf 82' lang='grc' dir='ltr'><strong>ἀπολωλότα</strong></span> <span class='ocrx_word' id='word_1_199' title='bbox 3202 1430 3482 1502; x_wconf 78' lang='grc' dir='ltr'>πρόϐατα</span> <span class='ocrx_word' id='word_1_200' title='bbox 3535 1431 3689 1483; x_wconf 83' lang='grc' dir='ltr'>οἴκου</span> 
     </span>
    </p>
   </div>
   <div class='ocr_carea' id='block_1_31' title="bbox 2081 1523 3688 1599">
    <p class='ocr_par' dir='ltr' id='par_1_31' title="bbox 2081 1523 3688 1599">
     <span class='ocr_line' id='line_1_31' title="bbox 2081 1523 3688 1599; baseline -0.004 -17"><span class='ocrx_word' id='word_1_201' title='bbox 2081 1528 2322 1599; x_wconf 88' lang='grc' dir='ltr'>Ἰσραήλ.</span> <span class='ocrx_word' id='word_1_202' title='bbox 2355 1546 2374 1578; x_wconf 72' lang='grc' dir='ltr'><strong>ι</strong></span> <span class='ocrx_word' id='word_1_203' title='bbox 2428 1525 2588 1590; x_wconf 82' lang='grc' dir='ltr'>Τινὲς</span> <span class='ocrx_word' id='word_1_204' title='bbox 2629 1525 2688 1578; x_wconf 87' lang='grc' dir='ltr'><strong>δέ</strong></span> <span class='ocrx_word' id='word_1_205' title='bbox 2741 1543 2910 1595; x_wconf 86' lang='grc' dir='ltr'>φασιν</span> <span class='ocrx_word' id='word_1_206' title='bbox 2942 1525 3020 1588; x_wconf 86' lang='grc' dir='ltr'>ὡς</span> <span class='ocrx_word' id='word_1_207' title='bbox 3074 1524 3174 1586; x_wconf 84' lang='grc' dir='ltr'><strong>τὰς</strong></span> <span class='ocrx_word' id='word_1_208' title='bbox 3201 1523 3406 1577; x_wconf 81' lang='grc' dir='ltr'>αὐτῶν</span> <span class='ocrx_word' id='word_1_209' title='bbox 3440 1523 3688 1586; x_wconf 78' lang='grc' dir='ltr'><strong>ἀτόπους</strong></span> 
     </span>
    </p>
   </div>
   <div class='ocr_carea' id='block_1_32' title="bbox 2068 1611 3688 1688">
    <p class='ocr_par' dir='ltr' id='par_1_32' title="bbox 2068 1611 3688 1688">
     <span class='ocr_line' id='line_1_32' title="bbox 2068 1611 3688 1688; baseline -0.004 -16"><span class='ocrx_word' id='word_1_210' title='bbox 2068 1620 2274 1681; x_wconf 75' lang='grc' dir='ltr'>ἐννοίας</span> <span class='ocrx_word' id='word_1_211' title='bbox 2328 1618 2529 1688; x_wconf 82' lang='grc' dir='ltr'>ήξίωσε</span> <span class='ocrx_word' id='word_1_212' title='bbox 2573 1615 3031 1684; x_wconf 76' lang='grc' dir='ltr'>παρακλήσεως.</span> <span class='ocrx_word' id='word_1_213' title='bbox 3097 1613 3356 1678; x_wconf 75' lang='grc' dir='ltr'><strong>Ἐζεκίου</strong></span> <span class='ocrx_word' id='word_1_214' title='bbox 3421 1611 3538 1684; x_wconf 80' lang='grc' dir='ltr'><strong>γὰρ</strong></span> <span class='ocrx_word' id='word_1_215' title='bbox 3598 1614 3688 1666; x_wconf 73' lang='grc' dir='ltr'><strong>ἐπὶ</strong></span> 
     </span>
    </p>
   </div>
   <div class='ocr_carea' id='block_1_33' title="bbox 2068 1703 3689 1781">
    <p class='ocr_par' dir='ltr' id='par_1_33' title="bbox 2068 1703 3689 1781">
     <span class='ocr_line' id='line_1_33' title="bbox 2068 1703 3689 1781; baseline -0.004 -17"><span class='ocrx_word' id='word_1_216' title='bbox 2068 1713 2136 1781; x_wconf 76' lang='grc' dir='ltr'><strong>τῇ</strong></span> <span class='ocrx_word' id='word_1_217' title='bbox 2161 1709 2350 1779; x_wconf 81' lang='grc' dir='ltr'>ἀτόπῳ</span> <span class='ocrx_word' id='word_1_218' title='bbox 2385 1708 2763 1770; x_wconf 87' lang='grc' dir='ltr'>παιδευθέντος</span> <span class='ocrx_word' id='word_1_219' title='bbox 2792 1708 2990 1777; x_wconf 72' lang='grc' dir='ltr'>οἰήσει,</span> <span class='ocrx_word' id='word_1_220' title='bbox 3040 1705 3162 1758; x_wconf 85' lang='grc' dir='ltr'>καθ’</span> <span class='ocrx_word' id='word_1_221' title='bbox 3198 1707 3270 1776; x_wconf 80' lang='grc' dir='ltr'><strong>ἣν</strong></span> <span class='ocrx_word' id='word_1_222' title='bbox 3299 1703 3456 1775; x_wconf 69' lang='grc' dir='ltr'>ᾤετο</span> <span class='ocrx_word' id='word_1_223' title='bbox 3482 1707 3689 1774; x_wconf 79' lang='grc' dir='ltr'>τυγχά-</span> 
     </span>
    </p>
   </div>
   <div class='ocr_carea' id='block_1_34' title="bbox 385 1773 1974 1868">
    <p class='ocr_par' dir='ltr' id='par_1_34' title="bbox 385 1794 1971 1864">
     <span class='ocr_line' id='line_1_34' title="bbox 385 1794 1971 1864; baseline 0.004 -18"><span class='ocrx_word' id='word_1_224' title='bbox 385 1795 650 1847; x_wconf 79' lang='lat' dir='ltr'><strong>solatione</strong></span> <span class='ocrx_word' id='word_1_225' title='bbox 715 1794 911 1864; x_wconf 85' lang='lat' dir='ltr'><strong>dignas</strong></span> <span class='ocrx_word' id='word_1_226' title='bbox 963 1795 1272 1852; x_wconf 88' lang='lat' dir='ltr'><strong>censuisse.</strong></span> <span class='ocrx_word' id='word_1_227' title='bbox 1329 1796 1466 1850; x_wconf 90' lang='lat' dir='ltr'><strong>Cum</strong></span> <span class='ocrx_word' id='word_1_228' title='bbox 1515 1799 1663 1852; x_wconf 91' lang='lat' dir='ltr'><strong>enim</strong></span> <span class='ocrx_word' id='word_1_229' title='bbox 1721 1798 1971 1855; x_wconf 70' lang='lat' dir='ltr'><strong>absurdae</strong></span> 
     </span>
    </p>
   </div>
   <div class='ocr_carea' id='block_1_35' title="bbox 2080 1773 3687 1868">
    <p class='ocr_par' dir='ltr' id='par_1_35' title="bbox 2080 1794 3687 1868">
     <span class='ocr_line' id='line_1_35' title="bbox 2080 1794 3687 1868; baseline -0.006 -14"><span class='ocrx_word' id='word_1_230' title='bbox 2080 1818 2187 1854; x_wconf 86' lang='grc' dir='ltr'>νειν</span> <span class='ocrx_word' id='word_1_231' title='bbox 2216 1803 2245 1853; x_wconf 87' lang='grc' dir='ltr'>ό</span> <span class='ocrx_word' id='word_1_232' title='bbox 2297 1797 2768 1868; x_wconf 83' lang='grc' dir='ltr'><strong>προσδοκώμενος,</strong></span> <span class='ocrx_word' id='word_1_233' title='bbox 2799 1797 2874 1860; x_wconf 85' lang='grc' dir='ltr'>ὼς</span> <span class='ocrx_word' id='word_1_234' title='bbox 2929 1797 3024 1849; x_wconf 75' lang='grc' dir='ltr'>καὶ</span> <span class='ocrx_word' id='word_1_235' title='bbox 3081 1796 3214 1865; x_wconf 76' lang='grc' dir='ltr'>περὶ</span> <span class='ocrx_word' id='word_1_236' title='bbox 3262 1794 3446 1848; x_wconf 75' lang='grc' dir='ltr'>αὐτοῦ</span> <span class='ocrx_word' id='word_1_237' title='bbox 3509 1794 3687 1848; x_wconf 82' lang='grc' dir='ltr'>δοκεῖν</span> 
     </span>
    </p>
   </div>
   <div class='ocr_carea' id='block_1_36' title="bbox 384 1886 1974 1963">
    <p class='ocr_par' dir='ltr' id='par_1_36' title="bbox 384 1886 1972 1957">
     <span class='ocr_line' id='line_1_36' title="bbox 384 1886 1972 1957; baseline 0.007 -20"><span class='ocrx_word' id='word_1_238' title='bbox 384 1886 664 1954; x_wconf 82' lang='lat' dir='ltr'><strong>opinionis</strong></span> <span class='ocrx_word' id='word_1_239' title='bbox 710 1899 817 1956; x_wconf 90' lang='lat' dir='ltr'><strong>qua</strong></span> <span class='ocrx_word' id='word_1_240' title='bbox 866 1901 927 1942; x_wconf 90' lang='lat' dir='ltr'><strong>se</strong></span> <span class='ocrx_word' id='word_1_241' title='bbox 961 1901 1125 1951; x_wconf 89' lang='lat' dir='ltr'><strong>eum,</strong></span> <span class='ocrx_word' id='word_1_242' title='bbox 1173 1887 1269 1957; x_wconf 89' lang='lat' dir='ltr'><strong>qui</strong></span> <span class='ocrx_word' id='word_1_243' title='bbox 1315 1890 1746 1957; x_wconf 83' lang='lat' dir='ltr'><strong>exspectabatur</strong></span> <span class='ocrx_word' id='word_1_244' title='bbox 1778 1930 1793 1954; x_wconf 92' lang='lat'><strong>,</strong></span> <span class='ocrx_word' id='word_1_245' title='bbox 1844 1905 1972 1948; x_wconf 91' lang='lat' dir='ltr'><strong>esse</strong></span> 
     </span>
    </p>
   </div>
   <div class='ocr_carea' id='block_1_37' title="bbox 2080 1886 3712 1963">
    <p class='ocr_par' dir='ltr' id='par_1_37' title="bbox 2080 1886 3712 1963">
     <span class='ocr_line' id='line_1_37' title="bbox 2080 1886 3712 1963; baseline -0.004 -17"><span class='ocrx_word' id='word_1_246' title='bbox 2080 1892 2322 1963; x_wconf 75' lang='grc' dir='ltr'>εἰρῆσθαι</span> <span class='ocrx_word' id='word_1_247' title='bbox 2351 1891 2432 1956; x_wconf 80' lang='grc' dir='ltr'>τὸ,</span> <span class='ocrx_word' id='word_1_248' title='bbox 2475 1908 2495 1942; x_wconf 77' lang='grc' dir='ltr'><strong>ι</strong></span> <span class='ocrx_word' id='word_1_249' title='bbox 2555 1891 2812 1943; x_wconf 85' lang='grc' dir='ltr'>Πεσεῖται</span> <span class='ocrx_word' id='word_1_250' title='bbox 2847 1891 2912 1942; x_wconf 82' lang='grc' dir='ltr'>ἐκ</span> <span class='ocrx_word' id='word_1_251' title='bbox 2959 1886 3055 1941; x_wconf 90' lang='grc' dir='ltr'><strong>τοῦ</strong></span> <span class='ocrx_word' id='word_1_252' title='bbox 3101 1887 3298 1941; x_wconf 90' lang='grc' dir='ltr'>κλίτου</span> <span class='ocrx_word' id='word_1_253' title='bbox 3339 1903 3439 1940; x_wconf 84' lang='grc' dir='ltr'>σου</span> <span class='ocrx_word' id='word_1_254' title='bbox 3481 1886 3712 1957; x_wconf 71' lang='grc' dir='ltr'>χιλιὰς,’</span> 
     </span>
    </p>
   </div>
   <div class='ocr_carea' id='block_1_38' title="bbox 383 1979 1974 2055">
    <p class='ocr_par' dir='ltr' id='par_1_38' title="bbox 383 1979 1966 2055">
     <span class='ocr_line' id='line_1_38' title="bbox 383 1979 1966 2055; baseline 0.007 -25"><span class='ocrx_word' id='word_1_255' title='bbox 383 1979 662 2047; x_wconf 88' lang='lat' dir='ltr'><strong>putabat,</strong></span> <span class='ocrx_word' id='word_1_256' title='bbox 720 1993 911 2049; x_wconf 80' lang='lat' dir='ltr'><strong>poenas</strong></span> <span class='ocrx_word' id='word_1_257' title='bbox 949 1981 1195 2036; x_wconf 90' lang='lat' dir='ltr'><strong>dedisset</strong></span> <span class='ocrx_word' id='word_1_258' title='bbox 1229 1980 1495 2040; x_wconf 82' lang='lat' dir='ltr'><strong>Ezechias</strong></span> <span class='ocrx_word' id='word_1_259' title='bbox 1547 1983 1662 2055; x_wconf 88' lang='lat' dir='ltr'><strong>(de</strong></span> <span class='ocrx_word' id='word_1_260' title='bbox 1717 2001 1777 2041; x_wconf 93' lang='lat' dir='ltr'><strong>se</strong></span> <span class='ocrx_word' id='word_1_261' title='bbox 1822 1986 1966 2041; x_wconf 91' lang='lat' dir='ltr'><strong>enim</strong></span> 
     </span>
    </p>
   </div>
   <div class='ocr_carea' id='block_1_39' title="bbox 2080 1979 3686 2055">
    <p class='ocr_par' dir='ltr' id='par_1_39' title="bbox 2080 1979 3686 2054">
     <span class='ocr_line' id='line_1_39' title="bbox 2080 1979 3686 2054; baseline -0.003 -17"><span class='ocrx_word' id='word_1_262' title='bbox 2080 1986 2171 2038; x_wconf 75' lang='grc' dir='ltr'>καὶ</span> <span class='ocrx_word' id='word_1_263' title='bbox 2201 1982 2401 2054; x_wconf 82' lang='grc' dir='ltr'>μυριὰς</span> <span class='ocrx_word' id='word_1_264' title='bbox 2430 1983 2494 2035; x_wconf 87' lang='grc' dir='ltr'>ὲκ</span> <span class='ocrx_word' id='word_1_265' title='bbox 2520 1982 2713 2047; x_wconf 79' lang='grc' dir='ltr'>δεξιῶν</span> <span class='ocrx_word' id='word_1_266' title='bbox 2742 1997 2857 2044; x_wconf 90' lang='grc' dir='ltr'>σου,</span> <span class='ocrx_word' id='word_1_267' title='bbox 2894 1998 2913 2031; x_wconf 73' lang='grc' dir='ltr'><strong>ι</strong></span> <span class='ocrx_word' id='word_1_268' title='bbox 2961 1979 3257 2042; x_wconf 82' lang='grc' dir='ltr'>τοσούτους</span> <span class='ocrx_word' id='word_1_269' title='bbox 3316 1981 3686 2042; x_wconf 76' lang='grc' dir='ltr'>πεπτωκότας</span> 
     </span>
    </p>
   </div>
   <div class='ocr_carea' id='block_1_40' title="bbox 381 2068 1974 2147">
    <p class='ocr_par' dir='ltr' id='par_1_40' title="bbox 381 2068 1967 2141">
     <span class='ocr_line' id='line_1_40' title="bbox 381 2068 1967 2141; baseline 0.006 -21"><span class='ocrx_word' id='word_1_270' title='bbox 381 2069 492 2122; x_wconf 86' lang='lat' dir='ltr'><strong>dici</strong></span> <span class='ocrx_word' id='word_1_271' title='bbox 525 2068 692 2124; x_wconf 79' lang='lat' dir='ltr'><strong>illud:</strong></span> <span class='ocrx_word' id='word_1_272' title='bbox 733 2088 752 2121; x_wconf 80' lang='grc' dir='ltr'><strong>ι</strong></span> <span class='ocrx_word' id='word_1_273' title='bbox 798 2070 1006 2124; x_wconf 85' lang='lat' dir='ltr'><strong>Cadent</strong></span> <span class='ocrx_word' id='word_1_274' title='bbox 1036 2086 1065 2125; x_wconf 92' lang='lat' dir='ltr'><strong>a</strong></span> <span class='ocrx_word' id='word_1_275' title='bbox 1101 2071 1274 2127; x_wconf 81' lang='lat' dir='ltr'><strong>latere</strong></span> <span class='ocrx_word' id='word_1_276' title='bbox 1328 2080 1426 2127; x_wconf 90' lang='lat' dir='ltr'><strong>tuo</strong></span> <span class='ocrx_word' id='word_1_277' title='bbox 1475 2075 1647 2141; x_wconf 92' lang='lat' dir='ltr'><strong>mille,</strong></span> <span class='ocrx_word' id='word_1_278' title='bbox 1685 2085 1740 2131; x_wconf 90' lang='lat' dir='ltr'><strong>et</strong></span> <span class='ocrx_word' id='word_1_279' title='bbox 1779 2076 1967 2132; x_wconf 91' lang='lat' dir='ltr'><strong>decem</strong></span> 
     </span>
    </p>
   </div>
   <div class='ocr_carea' id='block_1_41' title="bbox 2080 2068 3684 2147">
    <p class='ocr_par' dir='ltr' id='par_1_41' title="bbox 2080 2069 3684 2147">
     <span class='ocr_line' id='line_1_41' title="bbox 2080 2069 3684 2147; baseline -0.003 -18"><span class='ocrx_word' id='word_1_280' title='bbox 2080 2077 2353 2147; x_wconf 83' lang='grc' dir='ltr'><strong>θεώμενον</strong></span> <span class='ocrx_word' id='word_1_281' title='bbox 2383 2074 2432 2128; x_wconf 74' lang='grc' dir='ltr'>δ.</span> <span class='ocrx_word' id='word_1_282' title='bbox 2468 2073 2686 2143; x_wconf 82' lang='grc' dir='ltr'>Ταύτης</span> <span class='ocrx_word' id='word_1_283' title='bbox 2721 2073 2779 2126; x_wconf 80' lang='grc' dir='ltr'>δὲ</span> <span class='ocrx_word' id='word_1_284' title='bbox 2810 2073 2911 2139; x_wconf 79' lang='grc' dir='ltr'>τῆς</span> <span class='ocrx_word' id='word_1_285' title='bbox 2951 2071 3167 2134; x_wconf 76' lang='grc' dir='ltr'>ἐλπίδος</span> <span class='ocrx_word' id='word_1_286' title='bbox 3201 2069 3575 2135; x_wconf 87' lang='grc' dir='ltr'>διαπεσόντος</span> <span class='ocrx_word' id='word_1_287' title='bbox 3600 2070 3684 2124; x_wconf 79' lang='grc' dir='ltr'><strong>διὰ</strong></span> 
     </span>
    </p>
   </div>
   <div class='ocr_carea' id='block_1_42' title="bbox 384 2158 1974 2238">
    <p class='ocr_par' dir='ltr' id='par_1_42' title="bbox 384 2159 1972 2232">
     <span class='ocr_line' id='line_1_42' title="bbox 384 2159 1972 2232; baseline 0.008 -22"><span class='ocrx_word' id='word_1_288' title='bbox 384 2159 555 2212; x_wconf 83' lang='lat' dir='ltr'><strong>millia</strong></span> <span class='ocrx_word' id='word_1_289' title='bbox 601 2173 630 2212; x_wconf 90' lang='lat' dir='ltr'><strong>a</strong></span> <span class='ocrx_word' id='word_1_290' title='bbox 659 2160 866 2216; x_wconf 79' lang='lat' dir='ltr'><strong>dextris</strong></span> <span class='ocrx_word' id='word_1_291' title='bbox 893 2161 1003 2215; x_wconf 90' lang='lat' dir='ltr'><strong>tuis</strong></span> <span class='ocrx_word' id='word_1_292' title='bbox 1034 2162 1100 2228; x_wconf 69' lang='grc' dir='ltr'><strong>⁸ο,</strong></span> <span class='ocrx_word' id='word_1_293' title='bbox 1138 2180 1157 2213; x_wconf 77' lang='grc' dir='ltr'><strong>ι</strong></span> <span class='ocrx_word' id='word_1_294' title='bbox 1193 2165 1286 2232; x_wconf 87' lang='lat' dir='ltr'><strong>qui</strong></span> <span class='ocrx_word' id='word_1_295' title='bbox 1348 2171 1429 2217; x_wconf 91' lang='lat' dir='ltr'><strong>tot</strong></span> <span class='ocrx_word' id='word_1_296' title='bbox 1462 2164 1646 2221; x_wconf 87' lang='lat' dir='ltr'><strong>hostes</strong></span> <span class='ocrx_word' id='word_1_297' title='bbox 1700 2160 1972 2223; x_wconf 62' lang='lat' dir='ltr'><strong>cecidisse</strong></span> 
     </span>
    </p>
   </div>
   <div class='ocr_carea' id='block_1_43' title="bbox 2080 2158 3687 2238">
    <p class='ocr_par' dir='ltr' id='par_1_43' title="bbox 2080 2158 3687 2238">
     <span class='ocr_line' id='line_1_43' title="bbox 2080 2158 3687 2238; baseline -0.006 -19"><span class='ocrx_word' id='word_1_298' title='bbox 2080 2167 2179 2238; x_wconf 80' lang='grc' dir='ltr'>τὴν</span> <span class='ocrx_word' id='word_1_299' title='bbox 2231 2166 2409 2227; x_wconf 87' lang='grc' dir='ltr'>νόσον,</span> <span class='ocrx_word' id='word_1_300' title='bbox 2456 2165 2532 2228; x_wconf 85' lang='grc' dir='ltr'>ὡς</span> <span class='ocrx_word' id='word_1_301' title='bbox 2583 2163 2781 2234; x_wconf 82' lang='grc' dir='ltr'>μηκέτι</span> <span class='ocrx_word' id='word_1_302' title='bbox 2808 2161 2899 2216; x_wconf 77' lang='grc' dir='ltr'>τὸν</span> <span class='ocrx_word' id='word_1_303' title='bbox 2945 2159 3159 2232; x_wconf 77' lang='grc' dir='ltr'>ψαλμὸν</span> <span class='ocrx_word' id='word_1_304' title='bbox 3189 2161 3509 2229; x_wconf 85' lang='grc' dir='ltr'>ἁρμόττειν</span> <span class='ocrx_word' id='word_1_305' title='bbox 3539 2158 3687 2229; x_wconf 81' lang='grc' dir='ltr'>αὐτῷ</span> 
     </span>
    </p>
   </div>
   <div class='ocr_carea' id='block_1_44' title="bbox 385 2249 1974 2330">
    <p class='ocr_par' dir='ltr' id='par_1_44' title="bbox 385 2249 1970 2329">
     <span class='ocr_line' id='line_1_44' title="bbox 385 2249 1970 2329; baseline 0.009 -29"><span class='ocrx_word' id='word_1_306' title='bbox 385 2249 613 2314; x_wconf 82' lang='lat' dir='ltr'><strong>videret,</strong></span> <span class='ocrx_word' id='word_1_307' title='bbox 644 2250 786 2304; x_wconf 90' lang='lat' dir='ltr'><strong>male</strong></span> <span class='ocrx_word' id='word_1_308' title='bbox 840 2251 1152 2306; x_wconf 88' lang='lat' dir='ltr'><strong>crediturus</strong></span> <span class='ocrx_word' id='word_1_309' title='bbox 1225 2251 1451 2319; x_wconf 81' lang='lat' dir='ltr'><strong>fuerat,</strong></span> <span class='ocrx_word' id='word_1_310' title='bbox 1506 2256 1617 2311; x_wconf 91' lang='lat' dir='ltr'><strong>nisi</strong></span> <span class='ocrx_word' id='word_1_311' title='bbox 1669 2267 1819 2312; x_wconf 87' lang='lat' dir='ltr'><strong>tanta</strong></span> <span class='ocrx_word' id='word_1_312' title='bbox 1871 2274 1970 2329; x_wconf 90' lang='lat' dir='ltr'><strong>spe</strong></span> 
     </span>
    </p>
   </div>
   <div class='ocr_carea' id='block_1_45' title="bbox 2080 2249 3679 2330">
    <p class='ocr_par' dir='ltr' id='par_1_45' title="bbox 2080 2249 3679 2330">
     <span class='ocr_line' id='line_1_45' title="bbox 2080 2249 3679 2330; baseline -0.008 -15"><span class='ocrx_word' id='word_1_313' title='bbox 2080 2262 2326 2330; x_wconf 91' lang='grc' dir='ltr'>λέγοντα,</span> <span class='ocrx_word' id='word_1_314' title='bbox 2356 2260 2452 2314; x_wconf 73' lang='grc' dir='ltr'>καὶ</span> <span class='ocrx_word' id='word_1_315' title='bbox 2483 2255 2684 2327; x_wconf 80' lang='grc' dir='ltr'>μάστιξ</span> <span class='ocrx_word' id='word_1_316' title='bbox 2708 2255 2808 2308; x_wconf 78' lang='grc' dir='ltr'><strong>οὐκ</strong></span> <span class='ocrx_word' id='word_1_317' title='bbox 2834 2253 3013 2322; x_wconf 77' lang='grc' dir='ltr'>ὲγγιεῖ</span> <span class='ocrx_word' id='word_1_318' title='bbox 3061 2251 3140 2323; x_wconf 81' lang='grc' dir='ltr'><strong>τῷ</strong></span> <span class='ocrx_word' id='word_1_319' title='bbox 3195 2249 3545 2323; x_wconf 77' lang='grc' dir='ltr'>σκηνώματι</span> <span class='ocrx_word' id='word_1_320' title='bbox 3592 2268 3679 2303; x_wconf 87' lang='grc' dir='ltr'>σου</span> 
     </span>
    </p>
   </div>
   <div class='ocr_carea' id='block_1_46' title="bbox 383 2341 1965 2419">
    <p class='ocr_par' dir='ltr' id='par_1_46' title="bbox 383 2341 1965 2419">
     <span class='ocr_line' id='line_1_46' title="bbox 383 2341 1965 2419; baseline 0.009 -30"><span class='ocrx_word' id='word_1_321' title='bbox 383 2347 605 2409; x_wconf 84' lang='lat' dir='ltr'><strong>propter</strong></span> <span class='ocrx_word' id='word_1_322' title='bbox 668 2341 918 2396; x_wconf 89' lang='lat' dir='ltr'><strong>morbum</strong></span> <span class='ocrx_word' id='word_1_323' title='bbox 969 2343 1243 2400; x_wconf 83' lang='lat' dir='ltr'><strong>excidisse</strong></span> <span class='ocrx_word' id='word_1_324' title='bbox 1296 2361 1378 2412; x_wconf 90' lang='lat' dir='ltr'><strong>se,</strong></span> <span class='ocrx_word' id='word_1_325' title='bbox 1428 2362 1608 2417; x_wconf 86' lang='lat' dir='ltr'><strong>neque</strong></span> <span class='ocrx_word' id='word_1_326' title='bbox 1663 2349 1767 2404; x_wconf 90' lang='lat' dir='ltr'><strong>sibi</strong></span> <span class='ocrx_word' id='word_1_327' title='bbox 1829 2349 1965 2419; x_wconf 92' lang='lat' dir='ltr'><strong>jam,</strong></span> 
     </span>
    </p>
   </div>
   <div class='ocr_carea' id='block_1_47' title="bbox 383 2431 1972 2504">
    <p class='ocr_par' dir='ltr' id='par_1_47' title="bbox 383 2431 1972 2504">
     <span class='ocr_line' id='line_1_47' title="bbox 383 2431 1972 2504; baseline 0.006 -20"><span class='ocrx_word' id='word_1_328' title='bbox 383 2431 478 2485; x_wconf 63' lang='lat' dir='ltr'><strong>sed</strong></span> <span class='ocrx_word' id='word_1_329' title='bbox 539 2431 762 2487; x_wconf 85' lang='lat' dir='ltr'><strong>Christo</strong></span> <span class='ocrx_word' id='word_1_330' title='bbox 795 2433 891 2486; x_wconf 92' lang='lat' dir='ltr'><strong>uni</strong></span> <span class='ocrx_word' id='word_1_331' title='bbox 940 2435 1215 2504; x_wconf 89' lang='lat' dir='ltr'><strong>psalmum</strong></span> <span class='ocrx_word' id='word_1_332' title='bbox 1264 2438 1564 2494; x_wconf 91' lang='lat' dir='ltr'><strong>convenire</strong></span> <span class='ocrx_word' id='word_1_333' title='bbox 1623 2440 1972 2497; x_wconf 86' lang='lat' dir='ltr'><strong>animadver-</strong></span> 
     </span>
    </p>
   </div>
   <div class='ocr_carea' id='block_1_48' title="bbox 385 2522 1975 2602">
    <p class='ocr_par' dir='ltr' id='par_1_48' title="bbox 385 2522 1975 2602">
     <span class='ocr_line' id='line_1_48' title="bbox 385 2522 1975 2602; baseline 0.008 -27"><span class='ocrx_word' id='word_1_334' title='bbox 385 2530 567 2587; x_wconf 85' lang='lat' dir='ltr'><strong>teret,</strong></span> <span class='ocrx_word' id='word_1_335' title='bbox 615 2524 709 2592; x_wconf 92' lang='lat' dir='ltr'><strong>qui</strong></span> <span class='ocrx_word' id='word_1_336' title='bbox 761 2522 1040 2594; x_wconf 87' lang='lat' dir='ltr'><strong>llagellum</strong></span> <span class='ocrx_word' id='word_1_337' title='bbox 1095 2526 1460 2584; x_wconf 87' lang='lat' dir='ltr'><strong>tabernaculo</strong></span> <span class='ocrx_word' id='word_1_338' title='bbox 1519 2530 1642 2599; x_wconf 86' lang='lat' dir='ltr'><strong>ejus</strong></span> <span class='ocrx_word' id='word_1_339' title='bbox 1668 2530 1833 2602; x_wconf 59' lang='lat'><strong>450</strong></span> <span class='ocrx_word' id='word_1_340' title='bbox 1865 2547 1975 2587; x_wconf 90' lang='lat' dir='ltr'><strong>non</strong></span> 
     </span>
    </p>
   </div>
   <div class='ocr_carea' id='block_1_49' title="bbox 384 2615 1980 2691">
    <p class='ocr_par' dir='ltr' id='par_1_49' title="bbox 384 2615 1980 2691">
     <span class='ocr_line' id='line_1_49' title="bbox 384 2615 1980 2691; baseline 0.008 -24"><span class='ocrx_word' id='word_1_341' title='bbox 384 2615 951 2686; x_wconf 82' lang='lat' dir='ltr'><strong>appmpinquaturum</strong></span> <span class='ocrx_word' id='word_1_342' title='bbox 981 2632 1105 2674; x_wconf 90' lang='lat' dir='ltr'><strong>esse</strong></span> <span class='ocrx_word' id='word_1_343' title='bbox 1149 2621 1441 2690; x_wconf 88' lang='lat' dir='ltr'><strong>moneret),</strong></span> <span class='ocrx_word' id='word_1_344' title='bbox 1463 2623 1698 2691; x_wconf 90' lang='lat' dir='ltr'><strong>populus</strong></span> <span class='ocrx_word' id='word_1_345' title='bbox 1727 2639 1980 2680; x_wconf 85' lang='lat' dir='ltr'><strong>cessasse</strong></span> 
     </span>
    </p>
   </div>
   <div class='ocr_carea' id='block_1_50' title="bbox 387 2707 2143 2789">
    <p class='ocr_par' dir='ltr' id='par_1_50' title="bbox 387 2707 2143 2789">
     <span class='ocr_line' id='line_1_50' title="bbox 387 2707 2143 2789; baseline 0.01 -31"><span class='ocrx_word' id='word_1_346' title='bbox 387 2707 808 2776; x_wconf 89' lang='lat' dir='ltr'><strong>promissiones,</strong></span> <span class='ocrx_word' id='word_1_347' title='bbox 841 2717 896 2763; x_wconf 92' lang='lat' dir='ltr'><strong>et</strong></span> <span class='ocrx_word' id='word_1_348' title='bbox 927 2723 1050 2778; x_wconf 74' lang='lat' dir='ltr'><strong>quae</strong></span> <span class='ocrx_word' id='word_1_349' title='bbox 1100 2720 1262 2766; x_wconf 86' lang='lat' dir='ltr'><strong>antea</strong></span> <span class='ocrx_word' id='word_1_350' title='bbox 1295 2713 1555 2780; x_wconf 88' lang='lat' dir='ltr'><strong>sperabat</strong></span> <span class='ocrx_word' id='word_1_351' title='bbox 1599 2714 1788 2770; x_wconf 88' lang='lat' dir='ltr'><strong>omnia</strong></span> <span class='ocrx_word' id='word_1_352' title='bbox 1859 2717 2098 2786; x_wconf 89' lang='lat' dir='ltr'><strong>periisse</strong></span> <span class='ocrx_word' id='word_1_353' title='bbox 2130 2759 2143 2789; x_wconf 20' lang='lat'><strong>1,</strong></span> 
     </span>
    </p>
   </div>
   <div class='ocr_carea' id='block_1_51' title="bbox 383 2803 1678 2873">
    <p class='ocr_par' dir='ltr' id='par_1_51' title="bbox 383 2803 1678 2873">
     <span class='ocr_line' id='line_1_51' title="bbox 383 2803 1678 2873; baseline 0.006 -17"><span class='ocrx_word' id='word_1_354' title='bbox 383 2803 622 2872; x_wconf 87' lang='lat' dir='ltr'><strong>amplius</strong></span> <span class='ocrx_word' id='word_1_355' title='bbox 648 2805 1083 2873; x_wconf 82' lang='lat' dir='ltr'><strong>exspectandum</strong></span> <span class='ocrx_word' id='word_1_356' title='bbox 1117 2820 1243 2862; x_wconf 91' lang='lat' dir='ltr'><strong>esse</strong></span> <span class='ocrx_word' id='word_1_357' title='bbox 1279 2806 1678 2864; x_wconf 88' lang='lat' dir='ltr'><strong>arbitrabatur.</strong></span> 
     </span>
    </p>
   </div>
   <div class='ocr_carea' id='block_1_52' title="bbox 457 2895 1978 2968">
    <p class='ocr_par' dir='ltr' id='par_1_52' title="bbox 457 2895 1978 2968">
     <span class='ocr_line' id='line_1_52' title="bbox 457 2895 1978 2968; baseline 0.006 -19"><span class='ocrx_word' id='word_1_358' title='bbox 457 2897 640 2966; x_wconf 85' lang='lat' dir='ltr'><strong>Atque</strong></span> <span class='ocrx_word' id='word_1_359' title='bbox 670 2895 797 2950; x_wconf 91' lang='lat' dir='ltr'><strong>hinc</strong></span> <span class='ocrx_word' id='word_1_360' title='bbox 821 2903 907 2951; x_wconf 88' lang='lat' dir='ltr'><strong>est</strong></span> <span class='ocrx_word' id='word_1_361' title='bbox 936 2897 1082 2966; x_wconf 87' lang='lat' dir='ltr'><strong>quod</strong></span> <span class='ocrx_word' id='word_1_362' title='bbox 1123 2912 1274 2967; x_wconf 87' lang='lat' dir='ltr'><strong>spem</strong></span> <span class='ocrx_word' id='word_1_363' title='bbox 1328 2899 1651 2968; x_wconf 90' lang='lat' dir='ltr'><strong>abjicientes</strong></span> <span class='ocrx_word' id='word_1_364' title='bbox 1679 2903 1978 2958; x_wconf 87' lang='lat' dir='ltr'><strong>universo-</strong></span> 
     </span>
    </p>
   </div>
   <div class='ocr_carea' id='block_1_53' title="bbox 389 2986 1983 3055">
    <p class='ocr_par' dir='ltr' id='par_1_53' title="bbox 389 2986 1983 3055">
     <span class='ocr_line' id='line_1_53' title="bbox 389 2986 1983 3055; baseline 0.003 -13"><span class='ocrx_word' id='word_1_365' title='bbox 389 3003 510 3042; x_wconf 88' lang='lat' dir='ltr'><strong>rum</strong></span> <span class='ocrx_word' id='word_1_366' title='bbox 546 2986 690 3040; x_wconf 82' lang='lat' dir='ltr'><strong>Deus</strong></span> <span class='ocrx_word' id='word_1_367' title='bbox 717 3002 811 3055; x_wconf 92' lang='lat' dir='ltr'><strong>per</strong></span> <span class='ocrx_word' id='word_1_368' title='bbox 844 2987 1169 3055; x_wconf 91' lang='lat' dir='ltr'><strong>prophetam</strong></span> <span class='ocrx_word' id='word_1_369' title='bbox 1199 2996 1255 3043; x_wconf 90' lang='lat' dir='ltr'><strong>et</strong></span> <span class='ocrx_word' id='word_1_370' title='bbox 1281 2989 1608 3046; x_wconf 87' lang='lat' dir='ltr'><strong>sacerdotes</strong></span> <span class='ocrx_word' id='word_1_371' title='bbox 1667 2993 1983 3046; x_wconf 80' lang='lat' dir='ltr'><strong>consolatur</strong></span> 
     </span>
    </p>
   </div>
   <div class='ocr_carea' id='block_1_54' title="bbox 2080 2342 3682 2425">
    <p class='ocr_par' dir='ltr' id='par_1_54' title="bbox 2080 2342 3682 2425">
     <span class='ocr_line' id='line_1_54' title="bbox 2080 2342 3682 2425; baseline -0.008 -18"><span class='ocrx_word' id='word_1_372' title='bbox 2080 2354 2266 2425; x_wconf 88' lang='grc' dir='ltr'>(μόνον</span> <span class='ocrx_word' id='word_1_373' title='bbox 2284 2351 2394 2424; x_wconf 86' lang='grc' dir='ltr'>γὰρ</span> <span class='ocrx_word' id='word_1_374' title='bbox 2427 2352 2666 2421; x_wconf 80' lang='grc' dir='ltr'>ἥρμοττε</span> <span class='ocrx_word' id='word_1_375' title='bbox 2692 2347 2771 2418; x_wconf 81' lang='grc' dir='ltr'>τῷ</span> <span class='ocrx_word' id='word_1_376' title='bbox 2794 2345 3064 2416; x_wconf 81' lang='grc' dir='ltr'>Χριστῷ),</span> <span class='ocrx_word' id='word_1_377' title='bbox 3093 2347 3120 2398; x_wconf 89' lang='grc' dir='ltr'>ὁ</span> <span class='ocrx_word' id='word_1_378' title='bbox 3147 2344 3284 2408; x_wconf 83' lang='grc' dir='ltr'>λαὸς</span> <span class='ocrx_word' id='word_1_379' title='bbox 3317 2342 3465 2414; x_wconf 79' lang='grc' dir='ltr'>ᾤετο</span> <span class='ocrx_word' id='word_1_380' title='bbox 3488 2343 3558 2396; x_wconf 82' lang='grc' dir='ltr'><strong>τὰ</strong></span> <span class='ocrx_word' id='word_1_381' title='bbox 3585 2343 3682 2413; x_wconf 81' lang='grc' dir='ltr'>τῆς</span> 
     </span>
    </p>
   </div>
   <div class='ocr_carea' id='block_1_55' title="bbox 2081 2436 3679 2514">
    <p class='ocr_par' dir='ltr' id='par_1_55' title="bbox 2081 2436 3679 2514">
     <span class='ocr_line' id='line_1_55' title="bbox 2081 2436 3679 2514; baseline -0.006 -16"><span class='ocrx_word' id='word_1_382' title='bbox 2081 2445 2418 2514; x_wconf 75' lang='grc' dir='ltr'>ἐπαγγελίας</span> <span class='ocrx_word' id='word_1_383' title='bbox 2439 2442 2774 2506; x_wconf 83' lang='grc' dir='ltr'>πεπαῦσθαι,</span> <span class='ocrx_word' id='word_1_384' title='bbox 2806 2443 2990 2496; x_wconf 83' lang='grc' dir='ltr'>πάντα</span> <span class='ocrx_word' id='word_1_385' title='bbox 3019 2457 3079 2492; x_wconf 89' lang='grc' dir='ltr'><strong>τε</strong></span> <span class='ocrx_word' id='word_1_386' title='bbox 3130 2436 3356 2508; x_wconf 83' lang='grc' dir='ltr'>φροῦδα</span> <span class='ocrx_word' id='word_1_387' title='bbox 3395 2436 3679 2505; x_wconf 87' lang='grc' dir='ltr'>γεγονέναι</span> 
     </span>
    </p>
   </div>
   <div class='ocr_carea' id='block_1_56' title="bbox 2079 2525 3680 2603">
    <p class='ocr_par' dir='ltr' id='par_1_56' title="bbox 2079 2525 3680 2603">
     <span class='ocr_line' id='line_1_56' title="bbox 2079 2525 3680 2603; baseline -0.007 -15"><span class='ocrx_word' id='word_1_388' title='bbox 2079 2535 2150 2588; x_wconf 87' lang='grc' dir='ltr'>τὰ</span> <span class='ocrx_word' id='word_1_389' title='bbox 2181 2533 2526 2600; x_wconf 79' lang='grc' dir='ltr'>ἐλπισθέντα,</span> <span class='ocrx_word' id='word_1_390' title='bbox 2555 2531 2760 2603; x_wconf 82' lang='grc' dir='ltr'>μηδένα</span> <span class='ocrx_word' id='word_1_391' title='bbox 2792 2547 2853 2583; x_wconf 86' lang='grc' dir='ltr'><strong>τε</strong></span> <span class='ocrx_word' id='word_1_392' title='bbox 2881 2529 3103 2600; x_wconf 84' lang='grc' dir='ltr'>σωτῆρα</span> <span class='ocrx_word' id='word_1_393' title='bbox 3140 2526 3242 2580; x_wconf 89' lang='grc' dir='ltr'><strong>τοῦ</strong></span> <span class='ocrx_word' id='word_1_394' title='bbox 3277 2525 3480 2594; x_wconf 85' lang='grc' dir='ltr'>γένους</span> <span class='ocrx_word' id='word_1_395' title='bbox 3510 2526 3680 2595; x_wconf 73' lang='grc' dir='ltr'>φανή-</span> 
     </span>
    </p>
   </div>
   <div class='ocr_carea' id='block_1_57' title="bbox 2085 2627 2294 2682">
    <p class='ocr_par' dir='ltr' id='par_1_57' title="bbox 2085 2627 2294 2682">
     <span class='ocr_line' id='line_1_57' title="bbox 2085 2627 2294 2682; baseline 0.01 -2"><span class='ocrx_word' id='word_1_396' title='bbox 2085 2627 2294 2682; x_wconf 87' lang='grc' dir='ltr'>σεσθαι.</span> 
     </span>
    </p>
   </div>
   <div class='ocr_carea' id='block_1_58' title="bbox 2238 2708 3664 2785">
    <p class='ocr_par' dir='ltr' id='par_1_58' title="bbox 2238 2708 3664 2785">
     <span class='ocr_line' id='line_1_58' title="bbox 2238 2708 3664 2785; baseline -0.008 -10"><span class='ocrx_word' id='word_1_397' title='bbox 2238 2721 2453 2776; x_wconf 89' lang='lat' dir='ltr'><strong>nullum</strong></span> <span class='ocrx_word' id='word_1_398' title='bbox 2515 2716 2741 2785; x_wconf 87' lang='lat' dir='ltr'><strong>deinde,</strong></span> <span class='ocrx_word' id='word_1_399' title='bbox 2809 2714 2905 2785; x_wconf 87' lang='lat' dir='ltr'><strong>qui</strong></span> <span class='ocrx_word' id='word_1_400' title='bbox 2973 2710 3124 2783; x_wconf 83' lang='lat' dir='ltr'><strong>genti</strong></span> <span class='ocrx_word' id='word_1_401' title='bbox 3187 2709 3444 2765; x_wconf 87' lang='lat' dir='ltr'><strong>salutem</strong></span> <span class='ocrx_word' id='word_1_402' title='bbox 3507 2708 3664 2764; x_wconf 90' lang='lat' dir='ltr'><strong>daret</strong></span> 
     </span>
    </p>
   </div>
   <div class='ocr_carea' id='block_1_59' title="bbox 2158 2891 3677 2964">
    <p class='ocr_par' dir='ltr' id='par_1_59' title="bbox 2158 2891 3677 2964">
     <span class='ocr_line' id='line_1_59' title="bbox 2158 2891 3677 2964; baseline -0.008 -5"><span class='ocrx_word' id='word_1_403' title='bbox 2158 2904 2320 2960; x_wconf 87' lang='grc' dir='ltr'>Ὅθεν</span> <span class='ocrx_word' id='word_1_404' title='bbox 2349 2906 2377 2958; x_wconf 87' lang='grc' dir='ltr'>ό</span> <span class='ocrx_word' id='word_1_405' title='bbox 2400 2903 2509 2956; x_wconf 90' lang='grc' dir='ltr'><strong>τῶν</strong></span> <span class='ocrx_word' id='word_1_406' title='bbox 2539 2901 2677 2955; x_wconf 84' lang='grc' dir='ltr'>ὅλων</span> <span class='ocrx_word' id='word_1_407' title='bbox 2706 2899 2838 2962; x_wconf 79' lang='grc' dir='ltr'>Θεὸς</span> <span class='ocrx_word' id='word_1_408' title='bbox 2861 2895 3263 2964; x_wconf 78' lang='grc' dir='ltr'>ἀπεγνωκότας</span> <span class='ocrx_word' id='word_1_409' title='bbox 3313 2891 3550 2956; x_wconf 84' lang='grc' dir='ltr'>τούτους</span> <span class='ocrx_word' id='word_1_410' title='bbox 3591 2893 3677 2947; x_wconf 62' lang='grc' dir='ltr'><strong>διὰ</strong></span> 
     </span>
    </p>
   </div>
   <div class='ocr_carea' id='block_1_60' title="bbox 2085 2985 3663 3068">
    <p class='ocr_par' dir='ltr' id='par_1_60' title="bbox 2085 2985 3663 3068">
     <span class='ocr_line' id='line_1_60' title="bbox 2085 2985 3663 3068; baseline -0.009 -17"><span class='ocrx_word' id='word_1_411' title='bbox 2085 2997 2182 3051; x_wconf 92' lang='grc' dir='ltr'>τοῦ</span> <span class='ocrx_word' id='word_1_412' title='bbox 2220 2997 2502 3068; x_wconf 75' lang='grc' dir='ltr'>προφήτου</span> <span class='ocrx_word' id='word_1_413' title='bbox 2529 2993 2625 3048; x_wconf 74' lang='grc' dir='ltr'>καὶ</span> <span class='ocrx_word' id='word_1_414' title='bbox 2667 2991 2774 3045; x_wconf 87' lang='grc' dir='ltr'><strong>τῶν</strong></span> <span class='ocrx_word' id='word_1_415' title='bbox 2807 2989 2999 3060; x_wconf 89' lang='grc' dir='ltr'>ίερέων</span> <span class='ocrx_word' id='word_1_416' title='bbox 3051 2985 3438 3055; x_wconf 73' lang='grc' dir='ltr'>παρακαλεῖ,</span> <span class='ocrx_word' id='word_1_417' title='bbox 3474 2985 3663 3054; x_wconf 85' lang='grc' dir='ltr'>λέγων,</span> 
     </span>
    </p>
   </div>
   <div class='ocr_carea' id='block_1_61' title="bbox 386 3076 1974 3156">
    <p class='ocr_par' dir='ltr' id='par_1_61' title="bbox 386 3077 1965 3153">
     <span class='ocr_line' id='line_1_61' title="bbox 386 3077 1965 3153; baseline 0.004 -21"><span class='ocrx_word' id='word_1_418' title='bbox 386 3081 609 3134; x_wconf 87' lang='lat' dir='ltr'><strong>dicens:</strong></span> <span class='ocrx_word' id='word_1_419' title='bbox 643 3077 949 3148; x_wconf 78' lang='lat' dir='ltr'><strong>Loquimini</strong></span> <span class='ocrx_word' id='word_1_420' title='bbox 977 3079 1047 3132; x_wconf 88' lang='lat' dir='ltr'><strong>ad</strong></span> <span class='ocrx_word' id='word_1_421' title='bbox 1097 3095 1190 3134; x_wconf 86' lang='lat' dir='ltr'><strong>cor</strong></span> <span class='ocrx_word' id='word_1_422' title='bbox 1247 3078 1550 3136; x_wconf 83' lang='lat' dir='ltr'><strong>Jerusalem</strong></span> <span class='ocrx_word' id='word_1_423' title='bbox 1579 3099 1601 3148; x_wconf 90' lang='lat'><strong><em>;</em></strong></span> <span class='ocrx_word' id='word_1_424' title='bbox 1633 3083 1793 3153; x_wconf 89' lang='lat' dir='ltr'><strong>quasi</strong></span> <span class='ocrx_word' id='word_1_425' title='bbox 1844 3084 1965 3138; x_wconf 85' lang='lat' dir='ltr'><strong>laeta</strong></span> 
     </span>
    </p>
   </div>
   <div class='ocr_carea' id='block_1_62' title="bbox 2080 3076 3677 3156">
    <p class='ocr_par' dir='ltr' id='par_1_62' title="bbox 2080 3076 3677 3156">
     <span class='ocr_line' id='line_1_62' title="bbox 2080 3076 3677 3156; baseline -0.009 -12"><span class='ocrx_word' id='word_1_426' title='bbox 2080 3087 2398 3156; x_wconf 71' lang='grc' dir='ltr'>Λαλήσατε</span> <span class='ocrx_word' id='word_1_427' title='bbox 2445 3087 2533 3151; x_wconf 76' lang='grc' dir='ltr'><strong>εἷς</strong></span> <span class='ocrx_word' id='word_1_428' title='bbox 2561 3083 2676 3152; x_wconf 75' lang='grc' dir='ltr'>τὴν</span> <span class='ocrx_word' id='word_1_429' title='bbox 2733 3081 2988 3149; x_wconf 79' lang='grc' dir='ltr'>καρδίαν</span> <span class='ocrx_word' id='word_1_430' title='bbox 3041 3076 3482 3148; x_wconf 75' lang='grc' dir='ltr'>Ἰερουσαλὴμ,</span> <span class='ocrx_word' id='word_1_431' title='bbox 3539 3077 3677 3130; x_wconf 79' lang='grc' dir='ltr'>τοῦτ’</span> 
     </span>
    </p>
   </div>
   <div class='ocr_carea' id='block_1_63' title="bbox 387 3168 1977 3242">
    <p class='ocr_par' dir='ltr' id='par_1_63' title="bbox 387 3168 1977 3242">
     <span class='ocr_line' id='line_1_63' title="bbox 387 3168 1977 3242; baseline 0.002 -17"><span class='ocrx_word' id='word_1_432' title='bbox 387 3179 441 3225; x_wconf 87' lang='lat' dir='ltr'><strong>ct</strong></span> <span class='ocrx_word' id='word_1_433' title='bbox 488 3168 636 3224; x_wconf 80' lang='lat' dir='ltr'><strong>facili</strong></span> <span class='ocrx_word' id='word_1_434' title='bbox 685 3169 966 3224; x_wconf 86' lang='lat' dir='ltr'><strong>auditores</strong></span> <span class='ocrx_word' id='word_1_435' title='bbox 1011 3170 1374 3227; x_wconf 74' lang='lat' dir='ltr'><strong>consolatione</strong></span> <span class='ocrx_word' id='word_1_436' title='bbox 1403 3172 1718 3228; x_wconf 89' lang='lat' dir='ltr'><strong>demulcere</strong></span> <span class='ocrx_word' id='word_1_437' title='bbox 1739 3173 1932 3242; x_wconf 89' lang='lat' dir='ltr'><strong>jubeat</strong></span> <span class='ocrx_word' id='word_1_438' title='bbox 1961 3215 1977 3241; x_wconf 95' lang='lat'><strong>,</strong></span> 
     </span>
    </p>
   </div>
   <div class='ocr_carea' id='block_1_64' title="bbox 390 3261 1980 3335">
    <p class='ocr_par' dir='ltr' id='par_1_64' title="bbox 390 3261 1980 3335">
     <span class='ocr_line' id='line_1_64' title="bbox 390 3261 1980 3335; baseline 0.004 -21"><span class='ocrx_word' id='word_1_439' title='bbox 390 3277 499 3332; x_wconf 88' lang='lat' dir='ltr'><strong>qua</strong></span> <span class='ocrx_word' id='word_1_440' title='bbox 560 3262 719 3332; x_wconf 89' lang='lat' dir='ltr'><strong>prius</strong></span> <span class='ocrx_word' id='word_1_441' title='bbox 777 3275 1018 3317; x_wconf 88' lang='lat' dir='ltr'><strong>onerosa</strong></span> <span class='ocrx_word' id='word_1_442' title='bbox 1055 3261 1219 3317; x_wconf 87' lang='lat' dir='ltr'><strong>valde</strong></span> <span class='ocrx_word' id='word_1_443' title='bbox 1273 3271 1328 3316; x_wconf 93' lang='lat' dir='ltr'><strong>et</strong></span> <span class='ocrx_word' id='word_1_444' title='bbox 1362 3265 1594 3332; x_wconf 80' lang='lat' dir='ltr'><strong>gravis,</strong></span> <span class='ocrx_word' id='word_1_445' title='bbox 1652 3265 1980 3335; x_wconf 86' lang='lat' dir='ltr'><strong>umbrisque</strong></span> 
     </span>
    </p>
   </div>
   <div class='ocr_carea' id='block_1_65' title="bbox 387 3353 1983 3427">
    <p class='ocr_par' dir='ltr' id='par_1_65' title="bbox 387 3353 1983 3427">
     <span class='ocr_line' id='line_1_65' title="bbox 387 3353 1983 3427; baseline 0.002 -18"><span class='ocrx_word' id='word_1_446' title='bbox 387 3355 556 3409; x_wconf 87' lang='lat' dir='ltr'><strong>etiam</strong></span> <span class='ocrx_word' id='word_1_447' title='bbox 595 3353 844 3409; x_wconf 87' lang='lat' dir='ltr'><strong>involuta</strong></span> <span class='ocrx_word' id='word_1_448' title='bbox 883 3361 936 3409; x_wconf 90' lang='lat' dir='ltr'><strong>ct</strong></span> <span class='ocrx_word' id='word_1_449' title='bbox 985 3353 1226 3409; x_wconf 84' lang='lat' dir='ltr'><strong>obscura</strong></span> <span class='ocrx_word' id='word_1_450' title='bbox 1277 3354 1364 3409; x_wconf 87' lang='lat' dir='ltr'><strong>lex</strong></span> <span class='ocrx_word' id='word_1_451' title='bbox 1401 3355 1523 3425; x_wconf 85' lang='lat' dir='ltr'><strong>ipsa</strong></span> <span class='ocrx_word' id='word_1_452' title='bbox 1555 3358 1822 3424; x_wconf 89' lang='lat' dir='ltr'><strong>carebat,</strong></span> <span class='ocrx_word' id='word_1_453' title='bbox 1859 3373 1983 3427; x_wconf 62' lang='lat' dir='ltr'><strong>qua</strong></span> 
     </span>
    </p>
   </div>
   <div class='ocr_carea' id='block_1_66' title="bbox 391 3445 1978 3505">
    <p class='ocr_par' dir='ltr' id='par_1_66' title="bbox 391 3445 1978 3505">
     <span class='ocr_line' id='line_1_66' title="bbox 391 3445 1978 3505; baseline 0.005 -8"><span class='ocrx_word' id='word_1_454' title='bbox 391 3453 604 3500; x_wconf 83' lang='lat' dir='ltr'><strong>mentes</strong></span> <span class='ocrx_word' id='word_1_455' title='bbox 631 3445 860 3501; x_wconf 84' lang='lat' dir='ltr'><strong>minime</strong></span> <span class='ocrx_word' id='word_1_456' title='bbox 881 3445 1199 3501; x_wconf 89' lang='lat' dir='ltr'><strong>necessaria</strong></span> <span class='ocrx_word' id='word_1_457' title='bbox 1257 3446 1514 3503; x_wconf 89' lang='lat' dir='ltr'><strong>docebat.</strong></span> <span class='ocrx_word' id='word_1_458' title='bbox 1574 3447 1775 3505; x_wconf 82' lang='lat' dir='ltr'><strong>Verbis</strong></span> <span class='ocrx_word' id='word_1_459' title='bbox 1832 3451 1978 3505; x_wconf 90' lang='lat' dir='ltr'><strong>enim</strong></span> 
     </span>
    </p>
   </div>
   <div class='ocr_carea' id='block_1_67' title="bbox 390 3537 1980 3607">
    <p class='ocr_par' dir='ltr' id='par_1_67' title="bbox 390 3537 1980 3607">
     <span class='ocr_line' id='line_1_67' title="bbox 390 3537 1980 3607; baseline 0.004 -17"><span class='ocrx_word' id='word_1_460' title='bbox 390 3537 771 3592; x_wconf 87' lang='lat' dir='ltr'><strong>tantummodo</strong></span> <span class='ocrx_word' id='word_1_461' title='bbox 797 3537 964 3592; x_wconf 89' lang='lat' dir='ltr'><strong>levem</strong></span> <span class='ocrx_word' id='word_1_462' title='bbox 1008 3538 1302 3607; x_wconf 85' lang='lat' dir='ltr'><strong>quamdam</strong></span> <span class='ocrx_word' id='word_1_463' title='bbox 1333 3546 1387 3594; x_wconf 89' lang='lat' dir='ltr'><strong>et</strong></span> <span class='ocrx_word' id='word_1_464' title='bbox 1402 3547 1692 3596; x_wconf 88' lang='lat' dir='ltr'><strong>externam</strong></span> <span class='ocrx_word' id='word_1_465' title='bbox 1721 3541 1980 3596; x_wconf 86' lang='lat' dir='ltr'><strong>notitiam</strong></span> 
     </span>
    </p>
   </div>
   <div class='ocr_carea' id='block_1_68' title="bbox 391 3629 1982 3700">
    <p class='ocr_par' dir='ltr' id='par_1_68' title="bbox 391 3629 1982 3700">
     <span class='ocr_line' id='line_1_68' title="bbox 391 3629 1982 3700; baseline 0.001 -15"><span class='ocrx_word' id='word_1_466' title='bbox 391 3630 660 3685; x_wconf 78' lang='lat' dir='ltr'><strong>afferebat</strong></span> <span class='ocrx_word' id='word_1_467' title='bbox 690 3649 706 3697; x_wconf 89' lang='lat'><strong>;</strong></span> <span class='ocrx_word' id='word_1_468' title='bbox 737 3645 861 3686; x_wconf 94' lang='lat' dir='ltr'><strong>cum</strong></span> <span class='ocrx_word' id='word_1_469' title='bbox 889 3629 1086 3684; x_wconf 76' lang='lat' dir='ltr'><strong>salutis</strong></span> <span class='ocrx_word' id='word_1_470' title='bbox 1113 3631 1437 3700; x_wconf 64' lang='lat' dir='ltr'><strong>praedicatio</strong></span> <span class='ocrx_word' id='word_1_471' title='bbox 1464 3633 1520 3687; x_wconf 90' lang='lat' dir='ltr'><strong>in</strong></span> <span class='ocrx_word' id='word_1_472' title='bbox 1571 3633 1803 3690; x_wconf 91' lang='lat' dir='ltr'><strong>intimos</strong></span> <span class='ocrx_word' id='word_1_473' title='bbox 1859 3634 1982 3688; x_wconf 89' lang='lat' dir='ltr'><strong>ani-</strong></span> 
     </span>
    </p>
   </div>
   <div class='ocr_carea' id='block_1_69' title="bbox 392 3719 1982 3791">
    <p class='ocr_par' dir='ltr' id='par_1_69' title="bbox 392 3719 1982 3791">
     <span class='ocr_line' id='line_1_69' title="bbox 392 3719 1982 3791; baseline 0.003 -16"><span class='ocrx_word' id='word_1_474' title='bbox 392 3737 495 3776; x_wconf 73' lang='lat' dir='ltr'><strong>mae</strong></span> <span class='ocrx_word' id='word_1_475' title='bbox 526 3736 780 3777; x_wconf 88' lang='lat' dir='ltr'><strong>recessus</strong></span> <span class='ocrx_word' id='word_1_476' title='bbox 829 3719 1096 3791; x_wconf 89' lang='lat' dir='ltr'><strong>Spiritum</strong></span> <span class='ocrx_word' id='word_1_477' title='bbox 1151 3722 1458 3778; x_wconf 89' lang='lat' dir='ltr'><strong>induceret.</strong></span> <span class='ocrx_word' id='word_1_478' title='bbox 1507 3723 1651 3778; x_wconf 83' lang='lat' dir='ltr'><strong>Hinc</strong></span> <span class='ocrx_word' id='word_1_479' title='bbox 1682 3723 1780 3779; x_wconf 93' lang='lat' dir='ltr'><strong>illa</strong></span> <span class='ocrx_word' id='word_1_480' title='bbox 1815 3723 1982 3780; x_wconf 81' lang='lat' dir='ltr'><strong>Davi-</strong></span> 
     </span>
    </p>
   </div>
   <div class='ocr_carea' id='block_1_70' title="bbox 391 3816 1981 3890">
    <p class='ocr_par' dir='ltr' id='par_1_70' title="bbox 391 3816 1981 3890">
     <span class='ocr_line' id='line_1_70' title="bbox 391 3816 1981 3890; baseline 0.001 -18"><span class='ocrx_word' id='word_1_481' title='bbox 391 3818 476 3873; x_wconf 84' lang='lat' dir='ltr'><strong>(lis</strong></span> <span class='ocrx_word' id='word_1_482' title='bbox 522 3833 534 3869; x_wconf 91' lang='lat'><strong>:</strong></span> <span class='ocrx_word' id='word_1_483' title='bbox 570 3836 590 3870; x_wconf 79' lang='grc' dir='ltr'><strong>ι</strong></span> <span class='ocrx_word' id='word_1_484' title='bbox 630 3816 690 3872; x_wconf 88' lang='lat' dir='ltr'><strong>In</strong></span> <span class='ocrx_word' id='word_1_485' title='bbox 718 3817 884 3873; x_wconf 89' lang='lat' dir='ltr'><strong>corde</strong></span> <span class='ocrx_word' id='word_1_486' title='bbox 914 3832 1039 3873; x_wconf 88' lang='lat' dir='ltr'><strong>meo</strong></span> <span class='ocrx_word' id='word_1_487' title='bbox 1076 3818 1342 3874; x_wconf 90' lang='lat' dir='ltr'><strong>abscondi</strong></span> <span class='ocrx_word' id='word_1_488' title='bbox 1374 3820 1593 3890; x_wconf 90' lang='lat' dir='ltr'><strong>eloquia</strong></span> <span class='ocrx_word' id='word_1_489' title='bbox 1621 3830 1738 3888; x_wconf 90' lang='lat' dir='ltr'><strong>tua,</strong></span> <span class='ocrx_word' id='word_1_490' title='bbox 1777 3829 1839 3874; x_wconf 91' lang='lat' dir='ltr'><strong>ut</strong></span> <span class='ocrx_word' id='word_1_491' title='bbox 1870 3835 1981 3874; x_wconf 91' lang='lat' dir='ltr'><strong>non</strong></span> 
     </span>
    </p>
   </div>
   <div class='ocr_carea' id='block_1_71' title="bbox 389 3912 1977 3986">
    <p class='ocr_par' dir='ltr' id='par_1_71' title="bbox 389 3912 1977 3986">
     <span class='ocr_line' id='line_1_71' title="bbox 389 3912 1977 3986; baseline 0.001 -17"><span class='ocrx_word' id='word_1_492' title='bbox 389 3929 613 3984; x_wconf 89' lang='lat' dir='ltr'><strong>peccem</strong></span> <span class='ocrx_word' id='word_1_493' title='bbox 649 3913 747 3969; x_wconf 91' lang='lat' dir='ltr'><strong>tibi</strong></span> <span class='ocrx_word' id='word_1_494' title='bbox 775 3913 844 3968; x_wconf 70' lang='grc' dir='ltr'>η.</span> <span class='ocrx_word' id='word_1_495' title='bbox 881 3932 901 3967; x_wconf 76' lang='grc' dir='ltr'><strong>ι</strong></span> <span class='ocrx_word' id='word_1_496' title='bbox 935 3912 1066 3968; x_wconf 92' lang='lat' dir='ltr'><strong>Tale</strong></span> <span class='ocrx_word' id='word_1_497' title='bbox 1092 3923 1146 3969; x_wconf 91' lang='lat' dir='ltr'><strong>et</strong></span> <span class='ocrx_word' id='word_1_498' title='bbox 1172 3913 1308 3969; x_wconf 89' lang='lat' dir='ltr'><strong>illud</strong></span> <span class='ocrx_word' id='word_1_499' title='bbox 1345 3915 1493 3986; x_wconf 90' lang='lat' dir='ltr'><strong>quod</strong></span> <span class='ocrx_word' id='word_1_500' title='bbox 1515 3930 1545 3969; x_wconf 91' lang='lat' dir='ltr'><strong>a</strong></span> <span class='ocrx_word' id='word_1_501' title='bbox 1569 3915 1808 3985; x_wconf 90' lang='lat' dir='ltr'><strong>quodam</strong></span> <span class='ocrx_word' id='word_1_502' title='bbox 1841 3930 1977 3985; x_wconf 90' lang='lat' dir='ltr'><strong>pro-</strong></span> 
     </span>
    </p>
   </div>
   <div class='ocr_carea' id='block_1_72' title="bbox 393 4005 1982 4079">
    <p class='ocr_par' dir='ltr' id='par_1_72' title="bbox 393 4005 1982 4079">
     <span class='ocr_line' id='line_1_72' title="bbox 393 4005 1982 4079; baseline 0.003 -19"><span class='ocrx_word' id='word_1_503' title='bbox 393 4009 557 4078; x_wconf 83' lang='lat' dir='ltr'><strong>pheta</strong></span> <span class='ocrx_word' id='word_1_504' title='bbox 587 4006 791 4062; x_wconf 90' lang='lat' dir='ltr'><strong>dicitur</strong></span> <span class='ocrx_word' id='word_1_505' title='bbox 823 4024 837 4062; x_wconf 91' lang='lat'><strong>:</strong></span> <span class='ocrx_word' id='word_1_506' title='bbox 879 4024 899 4058; x_wconf 81' lang='grc' dir='ltr'><strong>ι</strong></span> <span class='ocrx_word' id='word_1_507' title='bbox 937 4005 1006 4060; x_wconf 88' lang='grc' dir='ltr'>Ει</span> <span class='ocrx_word' id='word_1_508' title='bbox 1065 4021 1196 4062; x_wconf 89' lang='lat' dir='ltr'><strong>ecce</strong></span> <span class='ocrx_word' id='word_1_509' title='bbox 1261 4014 1658 4063; x_wconf 79' lang='lat' dir='ltr'><strong>testamenmm</strong></span> <span class='ocrx_word' id='word_1_510' title='bbox 1705 4007 1853 4078; x_wconf 88' lang='lat' dir='ltr'><strong>quod</strong></span> <span class='ocrx_word' id='word_1_511' title='bbox 1879 4023 1982 4079; x_wconf 84' lang='lat' dir='ltr'><strong>ego</strong></span> 
     </span>
    </p>
   </div>
   <div class='ocr_carea' id='block_1_73' title="bbox 394 4097 1981 4166">
    <p class='ocr_par' dir='ltr' id='par_1_73' title="bbox 394 4097 1981 4166">
     <span class='ocr_line' id='line_1_73' title="bbox 394 4097 1981 4166; baseline 0.003 -14"><span class='ocrx_word' id='word_1_512' title='bbox 394 4099 644 4155; x_wconf 87' lang='lat' dir='ltr'><strong>testabor</strong></span> <span class='ocrx_word' id='word_1_513' title='bbox 682 4099 815 4163; x_wconf 85' lang='lat' dir='ltr'><strong>illis,</strong></span> <span class='ocrx_word' id='word_1_514' title='bbox 848 4101 906 4152; x_wconf 89' lang='lat' dir='ltr'><strong>in</strong></span> <span class='ocrx_word' id='word_1_515' title='bbox 949 4097 1146 4155; x_wconf 89' lang='lat' dir='ltr'><strong>diebus</strong></span> <span class='ocrx_word' id='word_1_516' title='bbox 1174 4099 1310 4166; x_wconf 91' lang='lat' dir='ltr'><strong>illis,</strong></span> <span class='ocrx_word' id='word_1_517' title='bbox 1353 4098 1490 4154; x_wconf 89' lang='lat' dir='ltr'><strong>dicit</strong></span> <span class='ocrx_word' id='word_1_518' title='bbox 1522 4097 1809 4163; x_wconf 86' lang='lat' dir='ltr'><strong>Dominus,</strong></span> <span class='ocrx_word' id='word_1_519' title='bbox 1841 4098 1981 4156; x_wconf 88' lang='lat' dir='ltr'><strong>dans</strong></span> 
     </span>
    </p>
   </div>
   <div class='ocr_carea' id='block_1_74' title="bbox 385 4194 1980 4262">
    <p class='ocr_par' dir='ltr' id='par_1_74' title="bbox 385 4194 1980 4262">
     <span class='ocr_line' id='line_1_74' title="bbox 385 4194 1980 4262; baseline -0.001 -12"><span class='ocrx_word' id='word_1_520' title='bbox 385 4197 541 4262; x_wconf 83' lang='lat' dir='ltr'><strong>leges</strong></span> <span class='ocrx_word' id='word_1_521' title='bbox 570 4202 724 4249; x_wconf 88' lang='lat' dir='ltr'><strong>meas</strong></span> <span class='ocrx_word' id='word_1_522' title='bbox 753 4194 810 4248; x_wconf 92' lang='lat' dir='ltr'><strong>in</strong></span> <span class='ocrx_word' id='word_1_523' title='bbox 835 4201 1049 4248; x_wconf 89' lang='lat' dir='ltr'><strong>mentes</strong></span> <span class='ocrx_word' id='word_1_524' title='bbox 1075 4208 1264 4248; x_wconf 89' lang='lat' dir='ltr'><strong>eorum</strong></span> <span class='ocrx_word' id='word_1_525' title='bbox 1297 4211 1313 4262; x_wconf 91' lang='lat'><strong>;</strong></span> <span class='ocrx_word' id='word_1_526' title='bbox 1364 4201 1419 4249; x_wconf 87' lang='lat' dir='ltr'><strong>et</strong></span> <span class='ocrx_word' id='word_1_527' title='bbox 1456 4195 1515 4249; x_wconf 91' lang='lat' dir='ltr'><strong>in</strong></span> <span class='ocrx_word' id='word_1_528' title='bbox 1559 4195 1726 4250; x_wconf 91' lang='lat' dir='ltr'><strong>corda</strong></span> <span class='ocrx_word' id='word_1_529' title='bbox 1787 4210 1980 4250; x_wconf 91' lang='lat' dir='ltr'><strong>eorum</strong></span> 
     </span>
    </p>
   </div>
   <div class='ocr_carea' id='block_1_75' title="bbox 394 4280 1981 4354">
    <p class='ocr_par' dir='ltr' id='par_1_75' title="bbox 394 4280 1981 4354">
     <span class='ocr_line' id='line_1_75' title="bbox 394 4280 1981 4354; baseline 0.001 -19"><span class='ocrx_word' id='word_1_530' title='bbox 394 4282 702 4338; x_wconf 87' lang='lat' dir='ltr'><strong>inscribam</strong></span> <span class='ocrx_word' id='word_1_531' title='bbox 751 4297 847 4338; x_wconf 89' lang='lat' dir='ltr'><strong>eas</strong></span> <span class='ocrx_word' id='word_1_532' title='bbox 883 4283 952 4336; x_wconf 68' lang='grc' dir='ltr'><strong>δ’.</strong></span> <span class='ocrx_word' id='word_1_533' title='bbox 979 4301 998 4334; x_wconf 84' lang='grc'><strong>›</strong></span> <span class='ocrx_word' id='word_1_534' title='bbox 1032 4281 1175 4337; x_wconf 87' lang='lat' dir='ltr'><strong>Hinc</strong></span> <span class='ocrx_word' id='word_1_535' title='bbox 1206 4291 1262 4337; x_wconf 91' lang='lat' dir='ltr'><strong>et</strong></span> <span class='ocrx_word' id='word_1_536' title='bbox 1287 4280 1445 4338; x_wconf 88' lang='lat' dir='ltr'><strong>Pauli</strong></span> <span class='ocrx_word' id='word_1_537' title='bbox 1490 4283 1640 4338; x_wconf 90' lang='lat' dir='ltr'><strong>alia:</strong></span> <span class='ocrx_word' id='word_1_538' title='bbox 1679 4302 1698 4336; x_wconf 83' lang='grc' dir='ltr'><strong>ι</strong></span> <span class='ocrx_word' id='word_1_539' title='bbox 1735 4283 1981 4354; x_wconf 87' lang='lat' dir='ltr'><strong>Epistola</strong></span> 
     </span>
    </p>
   </div>
   <div class='ocr_carea' id='block_1_76' title="bbox 395 4375 1982 4446">
    <p class='ocr_par' dir='ltr' id='par_1_76' title="bbox 395 4375 1982 4446">
     <span class='ocr_line' id='line_1_76' title="bbox 395 4375 1982 4446; baseline 0 -15"><span class='ocrx_word' id='word_1_540' title='bbox 395 4385 586 4431; x_wconf 88' lang='lat' dir='ltr'><strong>nostra</strong></span> <span class='ocrx_word' id='word_1_541' title='bbox 620 4389 720 4431; x_wconf 89' lang='lat' dir='ltr'><strong>vos</strong></span> <span class='ocrx_word' id='word_1_542' title='bbox 757 4375 930 4440; x_wconf 87' lang='lat' dir='ltr'><strong>estis,</strong></span> <span class='ocrx_word' id='word_1_543' title='bbox 979 4391 1100 4446; x_wconf 68' lang='lat' dir='ltr'><strong>qua:</strong></span> <span class='ocrx_word' id='word_1_544' title='bbox 1157 4375 1484 4445; x_wconf 82' lang='lat' dir='ltr'><strong>intelligitur</strong></span> <span class='ocrx_word' id='word_1_545' title='bbox 1511 4416 1528 4442; x_wconf 96' lang='lat'><strong>,</strong></span> <span class='ocrx_word' id='word_1_546' title='bbox 1555 4386 1610 4430; x_wconf 92' lang='lat' dir='ltr'><strong>et</strong></span> <span class='ocrx_word' id='word_1_547' title='bbox 1663 4375 1862 4446; x_wconf 81' lang='lat' dir='ltr'><strong>legitur</strong></span> <span class='ocrx_word' id='word_1_548' title='bbox 1912 4376 1982 4431; x_wconf 90' lang='lat' dir='ltr'><strong>ab</strong></span> 
     </span>
    </p>
   </div>
   <div class='ocr_carea' id='block_1_77' title="bbox 394 4465 1982 4535">
    <p class='ocr_par' dir='ltr' id='par_1_77' title="bbox 394 4465 1982 4535">
     <span class='ocr_line' id='line_1_77' title="bbox 394 4465 1982 4535; baseline 0.003 -17"><span class='ocrx_word' id='word_1_549' title='bbox 394 4465 656 4520; x_wconf 88' lang='lat' dir='ltr'><strong>omnibus</strong></span> <span class='ocrx_word' id='word_1_550' title='bbox 724 4465 1084 4530; x_wconf 85' lang='lat' dir='ltr'><strong>hominibus,</strong></span> <span class='ocrx_word' id='word_1_551' title='bbox 1147 4481 1272 4521; x_wconf 84' lang='lat' dir='ltr'><strong>cum</strong></span> <span class='ocrx_word' id='word_1_552' title='bbox 1312 4465 1615 4521; x_wconf 88' lang='lat' dir='ltr'><strong>declaratis</strong></span> <span class='ocrx_word' id='word_1_553' title='bbox 1645 4467 1795 4535; x_wconf 89' lang='lat' dir='ltr'><strong>quod</strong></span> <span class='ocrx_word' id='word_1_554' title='bbox 1846 4467 1982 4522; x_wconf 92' lang='lat' dir='ltr'><strong>estis</strong></span> 
     </span>
    </p>
   </div>
   <div class='ocr_carea' id='block_1_78' title="bbox 392 4555 1984 4628">
    <p class='ocr_par' dir='ltr' id='par_1_78' title="bbox 392 4555 1984 4628">
     <span class='ocr_line' id='line_1_78' title="bbox 392 4555 1984 4628; baseline 0 -16"><span class='ocrx_word' id='word_1_555' title='bbox 392 4557 626 4626; x_wconf 84' lang='lat' dir='ltr'><strong>epistola</strong></span> <span class='ocrx_word' id='word_1_556' title='bbox 648 4555 877 4621; x_wconf 88' lang='lat' dir='ltr'><strong>Christi,</strong></span> <span class='ocrx_word' id='word_1_557' title='bbox 917 4557 1227 4611; x_wconf 90' lang='lat' dir='ltr'><strong>ministrata</strong></span> <span class='ocrx_word' id='word_1_558' title='bbox 1257 4571 1288 4610; x_wconf 89' lang='lat' dir='ltr'><strong>a</strong></span> <span class='ocrx_word' id='word_1_559' title='bbox 1323 4557 1508 4622; x_wconf 91' lang='lat' dir='ltr'><strong>nobis,</strong></span> <span class='ocrx_word' id='word_1_560' title='bbox 1548 4557 1822 4628; x_wconf 86' lang='lat' dir='ltr'><strong>descripta</strong></span> <span class='ocrx_word' id='word_1_561' title='bbox 1874 4573 1984 4612; x_wconf 91' lang='lat' dir='ltr'><strong>non</strong></span> 
     </span>
    </p>
   </div>
   <div class='ocr_carea' id='block_1_79' title="bbox 381 4642 1986 4712">
    <p class='ocr_par' dir='ltr' id='par_1_79' title="bbox 381 4642 1986 4712">
     <span class='ocr_line' id='line_1_79' title="bbox 381 4642 1986 4712; baseline 0.001 -16"><span class='ocrx_word' id='word_1_562' title='bbox 381 4653 704 4698; x_wconf 64' lang='lat' dir='ltr'><strong>‘atramento</strong></span> <span class='ocrx_word' id='word_1_563' title='bbox 737 4684 752 4709; x_wconf 90' lang='lat'><strong>,</strong></span> <span class='ocrx_word' id='word_1_564' title='bbox 777 4643 872 4699; x_wconf 88' lang='lat' dir='ltr'><strong>sed</strong></span> <span class='ocrx_word' id='word_1_565' title='bbox 906 4643 1116 4712; x_wconf 90' lang='lat' dir='ltr'><strong>Spiritu</strong></span> <span class='ocrx_word' id='word_1_566' title='bbox 1145 4642 1240 4697; x_wconf 89' lang='lat' dir='ltr'><strong>Dei</strong></span> <span class='ocrx_word' id='word_1_567' title='bbox 1267 4643 1520 4707; x_wconf 89' lang='lat' dir='ltr'><strong>viventis,</strong></span> <span class='ocrx_word' id='word_1_568' title='bbox 1543 4659 1652 4698; x_wconf 92' lang='lat' dir='ltr'><strong>non</strong></span> <span class='ocrx_word' id='word_1_569' title='bbox 1694 4645 1750 4698; x_wconf 92' lang='lat' dir='ltr'><strong>in</strong></span> <span class='ocrx_word' id='word_1_570' title='bbox 1783 4645 1986 4699; x_wconf 89' lang='lat' dir='ltr'><strong>tabulis</strong></span> 
     </span>
    </p>
   </div>
   <div class='ocr_carea' id='block_1_80' title="bbox 395 4736 1984 4806">
    <p class='ocr_par' dir='ltr' id='par_1_80' title="bbox 395 4736 1984 4806">
     <span class='ocr_line' id='line_1_80' title="bbox 395 4736 1984 4806; baseline 0.001 -16"><span class='ocrx_word' id='word_1_571' title='bbox 395 4737 647 4806; x_wconf 78' lang='lat' dir='ltr'><strong>lapideis,</strong></span> <span class='ocrx_word' id='word_1_572' title='bbox 679 4736 774 4792; x_wconf 90' lang='lat' dir='ltr'><strong>sed</strong></span> <span class='ocrx_word' id='word_1_573' title='bbox 823 4737 876 4790; x_wconf 90' lang='lat' dir='ltr'><strong>in</strong></span> <span class='ocrx_word' id='word_1_574' title='bbox 907 4737 1126 4794; x_wconf 84' lang='lat' dir='ltr'><strong>.tabulis</strong></span> <span class='ocrx_word' id='word_1_575' title='bbox 1182 4737 1368 4792; x_wconf 90' lang='lat' dir='ltr'><strong>cordis</strong></span> <span class='ocrx_word' id='word_1_576' title='bbox 1403 4737 1624 4792; x_wconf 91' lang='lat' dir='ltr'><strong>carneis</strong></span> <span class='ocrx_word' id='word_1_577' title='bbox 1681 4737 1746 4790; x_wconf 75' lang='lat'><strong>“.</strong></span> <span class='ocrx_word' id='word_1_578' title='bbox 1785 4756 1804 4790; x_wconf 73' lang='grc' dir='ltr'><strong>ι</strong></span> <span class='ocrx_word' id='word_1_579' title='bbox 1861 4737 1984 4792; x_wconf 84' lang='lat' dir='ltr'><strong>Non</strong></span> 
     </span>
    </p>
   </div>
   <div class='ocr_carea' id='block_1_81' title="bbox 395 4827 1983 4898">
    <p class='ocr_par' dir='ltr' id='par_1_81' title="bbox 395 4827 1983 4898">
     <span class='ocr_line' id='line_1_81' title="bbox 395 4827 1983 4898; baseline 0.002 -20"><span class='ocrx_word' id='word_1_580' title='bbox 395 4830 597 4883; x_wconf 79' lang='lat' dir='ltr'><strong>desunt</strong></span> <span class='ocrx_word' id='word_1_581' title='bbox 626 4829 717 4898; x_wconf 86' lang='lat' dir='ltr'><strong>qui</strong></span> <span class='ocrx_word' id='word_1_582' title='bbox 751 4831 1090 4882; x_wconf 75' lang='lat' dir='ltr'><strong>sacerdotum</strong></span> <span class='ocrx_word' id='word_1_583' title='bbox 1133 4829 1359 4884; x_wconf 89' lang='lat' dir='ltr'><strong>nomine</strong></span> <span class='ocrx_word' id='word_1_584' title='bbox 1383 4829 1610 4898; x_wconf 80' lang='lat' dir='ltr'><strong>angelos</strong></span> <span class='ocrx_word' id='word_1_585' title='bbox 1650 4827 1983 4898; x_wconf 80' lang='lat' dir='ltr'><strong>intelligant,</strong></span> 
     </span>
    </p>
   </div>
   <div class='ocr_carea' id='block_1_82' title="bbox 395 4919 1986 4991">
    <p class='ocr_par' dir='ltr' id='par_1_82' title="bbox 395 4919 1986 4991">
     <span class='ocr_line' id='line_1_82' title="bbox 395 4919 1986 4991; baseline 0.003 -21"><span class='ocrx_word' id='word_1_586' title='bbox 395 4920 598 4988; x_wconf 86' lang='lat' dir='ltr'><strong>quibus</strong></span> <span class='ocrx_word' id='word_1_587' title='bbox 615 4921 777 4974; x_wconf 92' lang='lat' dir='ltr'><strong>etiam</strong></span> <span class='ocrx_word' id='word_1_588' title='bbox 800 4920 867 4974; x_wconf 89' lang='lat' dir='ltr'><strong>ad</strong></span> <span class='ocrx_word' id='word_1_589' title='bbox 885 4920 1048 4975; x_wconf 81' lang='lat' dir='ltr'><strong>corda</strong></span> <span class='ocrx_word' id='word_1_590' title='bbox 1087 4921 1228 4991; x_wconf 81' lang='lat' dir='ltr'><strong>loqui</strong></span> <span class='ocrx_word' id='word_1_591' title='bbox 1259 4936 1421 4990; x_wconf 88' lang='lat' dir='ltr'><strong>posse</strong></span> <span class='ocrx_word' id='word_1_592' title='bbox 1445 4920 1718 4989; x_wconf 82' lang='lat' dir='ltr'><strong>congruit.</strong></span> <span class='ocrx_word' id='word_1_593' title='bbox 1750 4919 1986 4974; x_wconf 86' lang='lat' dir='ltr'><strong>Estvero</strong></span> 
     </span>
    </p>
   </div>
   <div class='ocr_carea' id='block_1_83' title="bbox 398 5011 1980 5084">
    <p class='ocr_par' dir='ltr' id='par_1_83' title="bbox 398 5011 1980 5084">
     <span class='ocr_line' id='line_1_83' title="bbox 398 5011 1980 5084; baseline -0.001 -20"><span class='ocrx_word' id='word_1_594' title='bbox 398 5013 695 5066; x_wconf 78' lang='lat' dir='ltr'><strong>consolatio</strong></span> <span class='ocrx_word' id='word_1_595' title='bbox 727 5052 742 5077; x_wconf 91' lang='lat'><strong>,</strong></span> <span class='ocrx_word' id='word_1_596' title='bbox 773 5029 897 5067; x_wconf 92' lang='lat' dir='ltr'><strong>cum</strong></span> <span class='ocrx_word' id='word_1_597' title='bbox 927 5013 986 5067; x_wconf 88' lang='lat' dir='ltr'><strong>lit</strong></span> <span class='ocrx_word' id='word_1_598' title='bbox 1034 5015 1136 5084; x_wconf 88' lang='lat' dir='ltr'><strong>ipsi</strong></span> <span class='ocrx_word' id='word_1_599' title='bbox 1193 5015 1380 5069; x_wconf 72' lang='lat' dir='ltr'><strong>multa:</strong></span> <span class='ocrx_word' id='word_1_600' title='bbox 1413 5013 1653 5083; x_wconf 90' lang='lat' dir='ltr'><strong>duplicis</strong></span> <span class='ocrx_word' id='word_1_601' title='bbox 1685 5011 1939 5067; x_wconf 89' lang='lat' dir='ltr'><strong>remissio</strong></span> <span class='ocrx_word' id='word_1_602' title='bbox 1966 5028 1980 5077; x_wconf 91' lang='lat'><strong>;</strong></span> 
     </span>
    </p>
   </div>
   <div class='ocr_carea' id='block_1_84' title="bbox 2082 3166 3675 3247">
    <p class='ocr_par' dir='ltr' id='par_1_84' title="bbox 2082 3166 3675 3247">
     <span class='ocr_line' id='line_1_84' title="bbox 2082 3166 3675 3247; baseline -0.009 -14"><span class='ocrx_word' id='word_1_603' title='bbox 2082 3181 2254 3245; x_wconf 78' lang='grc' dir='ltr'>ἔστιν,</span> <span class='ocrx_word' id='word_1_604' title='bbox 2288 3178 2696 3247; x_wconf 85' lang='grc' dir='ltr'>εὐπαράδεκτον</span> <span class='ocrx_word' id='word_1_605' title='bbox 2771 3175 2884 3236; x_wconf 71' lang='grc' dir='ltr'>τοῖς</span> <span class='ocrx_word' id='word_1_606' title='bbox 2955 3169 3340 3243; x_wconf 83' lang='grc' dir='ltr'><strong>ἀκροωμένοις</strong></span> <span class='ocrx_word' id='word_1_607' title='bbox 3424 3168 3519 3221; x_wconf 75' lang='grc' dir='ltr'>τὸν</span> <span class='ocrx_word' id='word_1_608' title='bbox 3571 3166 3675 3236; x_wconf 80' lang='grc' dir='ltr'><strong>τῆς</strong></span> 
     </span>
    </p>
   </div>
   <div class='ocr_carea' id='block_1_85' title="bbox 2081 3255 3673 3341">
    <p class='ocr_par' dir='ltr' id='par_1_85' title="bbox 2081 3255 3673 3341">
     <span class='ocr_line' id='line_1_85' title="bbox 2081 3255 3673 3341; baseline -0.01 -15"><span class='ocrx_word' id='word_1_609' title='bbox 2081 3271 2522 3341; x_wconf 66' lang='grc' dir='ltr'>παρακλήσεως</span> <span class='ocrx_word' id='word_1_610' title='bbox 2575 3265 2880 3338; x_wconf 85' lang='grc' dir='ltr'>ποιήσασθε</span> <span class='ocrx_word' id='word_1_611' title='bbox 2906 3263 3082 3332; x_wconf 89' lang='grc' dir='ltr'>λόγον,</span> <span class='ocrx_word' id='word_1_612' title='bbox 3121 3264 3270 3333; x_wconf 85' lang='grc' dir='ltr'>ὅπερ</span> <span class='ocrx_word' id='word_1_613' title='bbox 3337 3261 3442 3312; x_wconf 84' lang='grc' dir='ltr'><strong>οὐκ</strong></span> <span class='ocrx_word' id='word_1_614' title='bbox 3464 3255 3605 3329; x_wconf 75' lang='grc' dir='ltr'>εἶχεν</span> <span class='ocrx_word' id='word_1_615' title='bbox 3647 3259 3673 3310; x_wconf 86' lang='grc' dir='ltr'>ό</span> 
     </span>
    </p>
   </div>
   <div class='ocr_carea' id='block_1_86' title="bbox 2081 3348 3672 3436">
    <p class='ocr_par' dir='ltr' id='par_1_86' title="bbox 2081 3348 3672 3436">
     <span class='ocr_line' id='line_1_86' title="bbox 2081 3348 3672 3436; baseline -0.011 -17"><span class='ocrx_word' id='word_1_616' title='bbox 2081 3365 2246 3436; x_wconf 86' lang='grc' dir='ltr'>νόμος</span> <span class='ocrx_word' id='word_1_617' title='bbox 2276 3360 2550 3433; x_wconf 84' lang='grc' dir='ltr'>φορτικῶς</span> <span class='ocrx_word' id='word_1_618' title='bbox 2577 3360 2718 3427; x_wconf 78' lang='grc' dir='ltr'>ἄγαν</span> <span class='ocrx_word' id='word_1_619' title='bbox 2753 3357 2883 3428; x_wconf 78' lang='grc' dir='ltr'>περὶ</span> <span class='ocrx_word' id='word_1_620' title='bbox 2931 3355 3092 3408; x_wconf 83' lang='grc' dir='ltr'>σκιὰν</span> <span class='ocrx_word' id='word_1_621' title='bbox 3134 3355 3233 3408; x_wconf 72' lang='grc' dir='ltr'><strong>καὶ</strong></span> <span class='ocrx_word' id='word_1_622' title='bbox 3255 3353 3471 3414; x_wconf 89' lang='grc' dir='ltr'>τύπους</span> <span class='ocrx_word' id='word_1_623' title='bbox 3511 3348 3672 3403; x_wconf 72' lang='grc' dir='ltr'>εἱλού-</span> 
     </span>
    </p>
   </div>
   <div class='ocr_carea' id='block_1_87' title="bbox 2086 3440 3670 3529">
    <p class='ocr_par' dir='ltr' id='par_1_87' title="bbox 2086 3440 3670 3529">
     <span class='ocr_line' id='line_1_87' title="bbox 2086 3440 3670 3529; baseline -0.011 -19"><span class='ocrx_word' id='word_1_624' title='bbox 2086 3474 2266 3529; x_wconf 88' lang='grc' dir='ltr'>μενος,</span> <span class='ocrx_word' id='word_1_625' title='bbox 2297 3455 2398 3508; x_wconf 82' lang='grc' dir='ltr'><strong>ούκ</strong></span> <span class='ocrx_word' id='word_1_626' title='bbox 2439 3453 2713 3520; x_wconf 86' lang='grc' dir='ltr'>ἀναγκαῖα</span> <span class='ocrx_word' id='word_1_627' title='bbox 2799 3448 3073 3502; x_wconf 84' lang='grc' dir='ltr'>παιδεύων</span> <span class='ocrx_word' id='word_1_628' title='bbox 3094 3446 3184 3499; x_wconf 82' lang='grc' dir='ltr'>τὸν</span> <span class='ocrx_word' id='word_1_629' title='bbox 3202 3444 3357 3499; x_wconf 90' lang='grc' dir='ltr'>νοῦν.</span> <span class='ocrx_word' id='word_1_630' title='bbox 3396 3440 3670 3511; x_wconf 79' lang='grc' dir='ltr'>Ἐξωφανῆ</span> 
     </span>
    </p>
   </div>
   <div class='ocr_carea' id='block_1_88' title="bbox 2082 3533 3671 3621">
    <p class='ocr_par' dir='ltr' id='par_1_88' title="bbox 2082 3533 3671 3621">
     <span class='ocr_line' id='line_1_88' title="bbox 2082 3533 3671 3621; baseline -0.01 -18"><span class='ocrx_word' id='word_1_631' title='bbox 2082 3550 2193 3621; x_wconf 86' lang='grc' dir='ltr'><strong>γάρ</strong></span> <span class='ocrx_word' id='word_1_632' title='bbox 2222 3564 2344 3602; x_wconf 89' lang='grc' dir='ltr'>τινα</span> <span class='ocrx_word' id='word_1_633' title='bbox 2367 3545 2567 3614; x_wconf 85' lang='grc' dir='ltr'>γνῶσιν</span> <span class='ocrx_word' id='word_1_634' title='bbox 2598 3542 2845 3599; x_wconf 71' lang='grc' dir='ltr'>ἐνεποίει</span> <span class='ocrx_word' id='word_1_635' title='bbox 2868 3540 2958 3594; x_wconf 80' lang='grc' dir='ltr'><strong>διὰ</strong></span> <span class='ocrx_word' id='word_1_636' title='bbox 2998 3539 3094 3593; x_wconf 87' lang='grc' dir='ltr'>τοῦ</span> <span class='ocrx_word' id='word_1_637' title='bbox 3123 3538 3489 3610; x_wconf 81' lang='grc' dir='ltr'>γράμματος.</span> <span class='ocrx_word' id='word_1_638' title='bbox 3520 3535 3592 3595; x_wconf 74' lang='grc' dir='ltr'>Τὸ</span> <span class='ocrx_word' id='word_1_639' title='bbox 3620 3533 3671 3586; x_wconf 74' lang='grc' dir='ltr'>δὲ</span> 
     </span>
    </p>
   </div>
   <div class='ocr_carea' id='block_1_89' title="bbox 2084 3622 3669 3709">
    <p class='ocr_par' dir='ltr' id='par_1_89' title="bbox 2084 3622 3669 3709">
     <span class='ocr_line' id='line_1_89' title="bbox 2084 3622 3669 3709; baseline -0.012 -15"><span class='ocrx_word' id='word_1_640' title='bbox 2084 3641 2391 3708; x_wconf 77' lang='grc' dir='ltr'>σωτήριον</span> <span class='ocrx_word' id='word_1_641' title='bbox 2413 3638 2484 3709; x_wconf 83' lang='grc' dir='ltr'><strong>κή</strong></span> <span class='ocrx_word' id='word_1_642' title='bbox 2495 3652 2678 3707; x_wconf 87' lang='grc' dir='ltr'>ρυγμα</span> <span class='ocrx_word' id='word_1_643' title='bbox 2703 3633 2948 3704; x_wconf 89' lang='grc' dir='ltr'>θεωριῶν</span> <span class='ocrx_word' id='word_1_644' title='bbox 2999 3630 3202 3701; x_wconf 84' lang='grc' dir='ltr'><strong>πληροῖ</strong></span> <span class='ocrx_word' id='word_1_645' title='bbox 3249 3627 3352 3699; x_wconf 82' lang='grc' dir='ltr'><strong>τὴν</strong></span> <span class='ocrx_word' id='word_1_646' title='bbox 3375 3626 3561 3697; x_wconf 83' lang='grc' dir='ltr'>ψυχὴν</span> <span class='ocrx_word' id='word_1_647' title='bbox 3584 3622 3669 3676; x_wconf 84' lang='grc' dir='ltr'>τοῦ</span> 
     </span>
    </p>
   </div>
   <div class='ocr_carea' id='block_1_90' title="bbox 2085 3721 3668 3806">
    <p class='ocr_par' dir='ltr' id='par_1_90' title="bbox 2085 3721 3668 3806">
     <span class='ocr_line' id='line_1_90' title="bbox 2085 3721 3668 3806; baseline -0.013 -17"><span class='ocrx_word' id='word_1_648' title='bbox 2085 3734 2410 3806; x_wconf 89' lang='grc' dir='ltr'>Πνεύματος</span> <span class='ocrx_word' id='word_1_649' title='bbox 2441 3731 2536 3785; x_wconf 89' lang='grc' dir='ltr'><strong>τοῦ</strong></span> <span class='ocrx_word' id='word_1_650' title='bbox 2571 3731 2720 3784; x_wconf 81' lang='grc' dir='ltr'>θείου</span> <span class='ocrx_word' id='word_1_651' title='bbox 2747 3727 2809 3783; x_wconf 75' lang='grc' dir='ltr'>τὸ</span> <span class='ocrx_word' id='word_1_652' title='bbox 2841 3728 3003 3798; x_wconf 83' lang='grc' dir='ltr'>βάθος</span> <span class='ocrx_word' id='word_1_653' title='bbox 3038 3725 3208 3796; x_wconf 84' lang='grc' dir='ltr'>αὐτῆς</span> <span class='ocrx_word' id='word_1_654' title='bbox 3265 3721 3668 3788; x_wconf 88' lang='grc' dir='ltr'>ύπανοίγοντος.</span> 
     </span>
    </p>
   </div>
   <div class='ocr_carea' id='block_1_91' title="bbox 2083 3811 3669 3893">
    <p class='ocr_par' dir='ltr' id='par_1_91' title="bbox 2083 3811 3669 3893">
     <span class='ocr_line' id='line_1_91' title="bbox 2083 3811 3669 3893; baseline -0.015 -12"><span class='ocrx_word' id='word_1_655' title='bbox 2083 3827 2241 3880; x_wconf 71' lang='grc' dir='ltr'>(Υύτω</span> <span class='ocrx_word' id='word_1_656' title='bbox 2290 3825 2372 3878; x_wconf 90' lang='grc' dir='ltr'>τοί</span> <span class='ocrx_word' id='word_1_657' title='bbox 2427 3839 2559 3893; x_wconf 81' lang='grc' dir='ltr'>φησι</span> <span class='ocrx_word' id='word_1_658' title='bbox 2601 3821 2698 3875; x_wconf 78' lang='grc' dir='ltr'>καὶ</span> <span class='ocrx_word' id='word_1_659' title='bbox 2761 3817 2964 3873; x_wconf 79' lang='grc' dir='ltr'>Δαϐίδ⁶</span> <span class='ocrx_word' id='word_1_660' title='bbox 3004 3811 3024 3868; x_wconf 73' lang='grc' dir='ltr'>ἆ</span> <span class='ocrx_word' id='word_1_661' title='bbox 3095 3816 3184 3868; x_wconf 81' lang='grc' dir='ltr'>Ἐν</span> <span class='ocrx_word' id='word_1_662' title='bbox 3207 3816 3278 3884; x_wconf 83' lang='grc' dir='ltr'><strong>τῇ</strong></span> <span class='ocrx_word' id='word_1_663' title='bbox 3321 3811 3524 3882; x_wconf 73' lang='grc' dir='ltr'>καρδίᾳ</span> <span class='ocrx_word' id='word_1_664' title='bbox 3575 3821 3669 3876; x_wconf 84' lang='grc' dir='ltr'><strong>μου</strong></span> 
     </span>
    </p>
   </div>
   <div class='ocr_carea' id='block_1_92' title="bbox 2082 3904 3664 3990">
    <p class='ocr_par' dir='ltr' id='par_1_92' title="bbox 2082 3904 3664 3990">
     <span class='ocr_line' id='line_1_92' title="bbox 2082 3904 3664 3990; baseline -0.016 -18"><span class='ocrx_word' id='word_1_665' title='bbox 2082 3916 2299 3990; x_wconf 77' lang='grc' dir='ltr'>ἔκρυψα</span> <span class='ocrx_word' id='word_1_666' title='bbox 2343 3915 2405 3968; x_wconf 84' lang='grc' dir='ltr'>τὸ</span> <span class='ocrx_word' id='word_1_667' title='bbox 2449 3913 2631 3982; x_wconf 90' lang='grc' dir='ltr'>λόγιόν</span> <span class='ocrx_word' id='word_1_668' title='bbox 2656 3929 2772 3976; x_wconf 91' lang='grc' dir='ltr'>σου,</span> <span class='ocrx_word' id='word_1_669' title='bbox 2831 3910 2980 3971; x_wconf 85' lang='grc' dir='ltr'>ὅπως</span> <span class='ocrx_word' id='word_1_670' title='bbox 3028 3906 3095 3960; x_wconf 84' lang='grc' dir='ltr'>ἂν</span> <span class='ocrx_word' id='word_1_671' title='bbox 3145 3906 3219 3976; x_wconf 78' lang='grc' dir='ltr'>μὴ</span> <span class='ocrx_word' id='word_1_672' title='bbox 3255 3904 3489 3973; x_wconf 80' lang='grc' dir='ltr'>ἁμάρτω</span> <span class='ocrx_word' id='word_1_673' title='bbox 3511 3915 3610 3990; x_wconf 60' lang='grc' dir='ltr'><strong>σοιΣ</strong></span> 
     </span>
    </p>
   </div>
   <div class='ocr_carea' id='block_1_93' title="bbox 2083 3984 3665 4066">
    <p class='ocr_par' dir='ltr' id='par_1_93' title="bbox 2083 3984 3665 4066">
     <span class='ocr_line' id='line_1_93' title="bbox 2083 3984 3665 4066; baseline -0.016 -4"><span class='ocrx_word' id='word_1_674' title='bbox 2083 3984 2340 4062; x_wconf 77' lang='grc' dir='ltr'><strong>Τοιοῦτον</strong></span> <span class='ocrx_word' id='word_1_675' title='bbox 2391 4005 2487 4059; x_wconf 69' lang='grc' dir='ltr'>καὶ</span> <span class='ocrx_word' id='word_1_676' title='bbox 2535 4003 2597 4056; x_wconf 80' lang='grc' dir='ltr'>τὸ</span> <span class='ocrx_word' id='word_1_677' title='bbox 2640 4001 2707 4054; x_wconf 87' lang='grc' dir='ltr'><strong>δι’</strong></span> <span class='ocrx_word' id='word_1_678' title='bbox 2743 4000 2864 4063; x_wconf 83' lang='grc' dir='ltr'>ένδς</span> <span class='ocrx_word' id='word_1_679' title='bbox 2896 3997 3005 4052; x_wconf 89' lang='grc' dir='ltr'><strong>τῶν</strong></span> <span class='ocrx_word' id='word_1_680' title='bbox 3063 3992 3371 4066; x_wconf 83' lang='grc' dir='ltr'>προφητῶν</span> <span class='ocrx_word' id='word_1_681' title='bbox 3406 4007 3423 4022; x_wconf 76' lang='grc' dir='ltr'><strong>ο</strong></span> <span class='ocrx_word' id='word_1_682' title='bbox 3482 4005 3502 4040; x_wconf 77' lang='grc' dir='ltr'><strong>ι</strong></span> <span class='ocrx_word' id='word_1_683' title='bbox 3566 3984 3665 4039; x_wconf 79' lang='grc' dir='ltr'><strong>Καὶ</strong></span> 
     </span>
    </p>
   </div>
   <div class='ocr_carea' id='block_1_94' title="bbox 2084 4074 3666 4168">
    <p class='ocr_par' dir='ltr' id='par_1_94' title="bbox 2084 4074 3666 4168">
     <span class='ocr_line' id='line_1_94' title="bbox 2084 4074 3666 4168; baseline -0.015 -14"><span class='ocrx_word' id='word_1_684' title='bbox 2084 4098 2226 4168; x_wconf 77' lang='grc' dir='ltr'>αὕτη</span> <span class='ocrx_word' id='word_1_685' title='bbox 2251 4100 2286 4168; x_wconf 86' lang='grc' dir='ltr'><strong>ή</strong></span> <span class='ocrx_word' id='word_1_686' title='bbox 2311 4095 2570 4165; x_wconf 83' lang='grc' dir='ltr'>διαθήκη,</span> <span class='ocrx_word' id='word_1_687' title='bbox 2596 4094 2664 4164; x_wconf 83' lang='grc' dir='ltr'><strong>ἢν</strong></span> <span class='ocrx_word' id='word_1_688' title='bbox 2691 4090 3020 4161; x_wconf 85' lang='grc' dir='ltr'>διαθήσομαι</span> <span class='ocrx_word' id='word_1_689' title='bbox 3069 4087 3259 4148; x_wconf 84' lang='grc' dir='ltr'>αὐτοῖς</span> <span class='ocrx_word' id='word_1_690' title='bbox 3319 4084 3378 4137; x_wconf 83' lang='grc' dir='ltr'>ἐν</span> <span class='ocrx_word' id='word_1_691' title='bbox 3400 4082 3522 4142; x_wconf 88' lang='grc' dir='ltr'>ταῖς</span> <span class='ocrx_word' id='word_1_692' title='bbox 3541 4074 3666 4168; x_wconf 68' lang='grc' dir='ltr'>ὴμέ-</span> 
     </span>
    </p>
   </div>
   <div class='ocr_carea' id='block_1_95' title="bbox 2086 4167 3665 4268">
    <p class='ocr_par' dir='ltr' id='par_1_95' title="bbox 2086 4167 3665 4268">
     <span class='ocr_line' id='line_1_95' title="bbox 2086 4167 3665 4268; baseline -0.011 -24"><span class='ocrx_word' id='word_1_693' title='bbox 2086 4167 2471 4261; x_wconf 15' lang='grc' dir='ltr'>ραιςίέκείναις</span> <span class='ocrx_word' id='word_1_694' title='bbox 2503 4225 2518 4252; x_wconf 88' lang='grc'><strong>,</strong></span> <span class='ocrx_word' id='word_1_695' title='bbox 2545 4187 2698 4254; x_wconf 82' lang='grc' dir='ltr'>λέγει</span> <span class='ocrx_word' id='word_1_696' title='bbox 2723 4182 2947 4253; x_wconf 82' lang='grc' dir='ltr'>Κύριος,</span> <span class='ocrx_word' id='word_1_697' title='bbox 2977 4171 3152 4242; x_wconf 80' lang='grc' dir='ltr'>διδοὺς</span> <span class='ocrx_word' id='word_1_698' title='bbox 3177 4177 3383 4268; x_wconf 85' lang='grc' dir='ltr'>νόμους</span> <span class='ocrx_word' id='word_1_699' title='bbox 3415 4187 3554 4268; x_wconf 26' lang='grc' dir='ltr'>,μονα</span> <span class='ocrx_word' id='word_1_700' title='bbox 3591 4167 3665 4268; x_wconf 56' lang='grc' dir='ltr'>εἰς</span> 
     </span>
    </p>
   </div>
   <div class='ocr_carea' id='block_1_96' title="bbox 2083 4261 3663 4354">
    <p class='ocr_par' dir='ltr' id='par_1_96' title="bbox 2083 4261 3663 4354">
     <span class='ocr_line' id='line_1_96' title="bbox 2083 4261 3663 4354; baseline -0.016 -17"><span class='ocrx_word' id='word_1_701' title='bbox 2083 4283 2182 4354; x_wconf 82' lang='grc' dir='ltr'><strong>τήν</strong></span> <span class='ocrx_word' id='word_1_702' title='bbox 2211 4281 2454 4335; x_wconf 87' lang='grc' dir='ltr'>διάνοιαν</span> <span class='ocrx_word' id='word_1_703' title='bbox 2510 4276 2712 4341; x_wconf 82' lang='grc' dir='ltr'>αὐτῶν,</span> <span class='ocrx_word' id='word_1_704' title='bbox 2761 4275 2854 4328; x_wconf 71' lang='grc' dir='ltr'>καὶ</span> <span class='ocrx_word' id='word_1_705' title='bbox 2897 4273 2985 4326; x_wconf 64' lang='grc' dir='ltr'><strong>ἐπὶ</strong></span> <span class='ocrx_word' id='word_1_706' title='bbox 3050 4271 3151 4334; x_wconf 86' lang='grc' dir='ltr'><strong>τὰς</strong></span> <span class='ocrx_word' id='word_1_707' title='bbox 3201 4267 3441 4339; x_wconf 86' lang='grc' dir='ltr'>καρδίας</span> <span class='ocrx_word' id='word_1_708' title='bbox 3499 4261 3663 4354; x_wconf 66' lang='grc' dir='ltr'>αὐτῶν</span> 
     </span>
    </p>
   </div>
   <div class='ocr_carea' id='block_1_97' title="bbox 2085 4346 3659 4440">
    <p class='ocr_par' dir='ltr' id='par_1_97' title="bbox 2085 4346 3659 4440">
     <span class='ocr_line' id='line_1_97' title="bbox 2085 4346 3659 4440; baseline -0.017 -15"><span class='ocrx_word' id='word_1_709' title='bbox 2085 4346 2378 4440; x_wconf 74' lang='grc' dir='ltr'>ἐπιγράψω</span> <span class='ocrx_word' id='word_1_710' title='bbox 2401 4366 2617 4430; x_wconf 81' lang='grc' dir='ltr'>αὐτούς.</span> <span class='ocrx_word' id='word_1_711' title='bbox 2658 4385 2677 4418; x_wconf 72' lang='grc' dir='ltr'><strong>ι</strong></span> <span class='ocrx_word' id='word_1_712' title='bbox 2739 4363 2848 4417; x_wconf 75' lang='grc' dir='ltr'><strong>Καὶ</strong></span> <span class='ocrx_word' id='word_1_713' title='bbox 2875 4364 2902 4416; x_wconf 89' lang='grc' dir='ltr'>ό</span> <span class='ocrx_word' id='word_1_714' title='bbox 2928 4360 3138 4422; x_wconf 85' lang='grc' dir='ltr'>Παῦλος</span> <span class='ocrx_word' id='word_1_715' title='bbox 3169 4357 3225 4412; x_wconf 87' lang='grc' dir='ltr'><strong>δέ</strong></span> <span class='ocrx_word' id='word_1_716' title='bbox 3283 4370 3448 4426; x_wconf 83' lang='grc' dir='ltr'>φησιν</span> <span class='ocrx_word' id='word_1_717' title='bbox 3485 4367 3500 4382; x_wconf 88' lang='grc'><strong>·</strong></span> <span class='ocrx_word' id='word_1_718' title='bbox 3540 4368 3559 4402; x_wconf 76' lang='grc' dir='ltr'><strong>ι</strong></span> <span class='ocrx_word' id='word_1_719' title='bbox 3603 4346 3659 4399; x_wconf 86' lang='grc' dir='ltr'><em>Ἥ</em></span> 
     </span>
    </p>
   </div>
   <div class='ocr_carea' id='block_1_98' title="bbox 2087 4445 3659 4530">
    <p class='ocr_par' dir='ltr' id='par_1_98' title="bbox 2087 4445 3659 4530">
     <span class='ocr_line' id='line_1_98' title="bbox 2087 4445 3659 4530; baseline -0.012 -15"><span class='ocrx_word' id='word_1_720' title='bbox 2087 4461 2347 4530; x_wconf 78' lang='grc' dir='ltr'>ἐπιστολὴ</span> <span class='ocrx_word' id='word_1_721' title='bbox 2375 4459 2532 4530; x_wconf 85' lang='grc' dir='ltr'>ἡμῶν</span> <span class='ocrx_word' id='word_1_722' title='bbox 2557 4458 2712 4528; x_wconf 85' lang='grc' dir='ltr'>ὑμεῖς</span> <span class='ocrx_word' id='word_1_723' title='bbox 2743 4457 2887 4522; x_wconf 83' lang='grc' dir='ltr'>ὲστε,</span> <span class='ocrx_word' id='word_1_724' title='bbox 2917 4451 3303 4521; x_wconf 83' lang='grc' dir='ltr'>γινωσκομένη</span> <span class='ocrx_word' id='word_1_725' title='bbox 3351 4447 3446 4501; x_wconf 79' lang='grc' dir='ltr'><strong>καὶ</strong></span> <span class='ocrx_word' id='word_1_726' title='bbox 3479 4445 3659 4508; x_wconf 81' lang='grc' dir='ltr'>ἀναγι-</span> 
     </span>
    </p>
   </div>
   <div class='ocr_carea' id='block_1_99' title="bbox 2086 4531 3657 4628">
    <p class='ocr_par' dir='ltr' id='par_1_99' title="bbox 2086 4531 3657 4628">
     <span class='ocr_line' id='line_1_99' title="bbox 2086 4531 3657 4628; baseline -0.016 -23"><span class='ocrx_word' id='word_1_727' title='bbox 2086 4549 2404 4620; x_wconf 86' lang='grc' dir='ltr'>νωσκομένη</span> <span class='ocrx_word' id='word_1_728' title='bbox 2464 4548 2571 4600; x_wconf 83' lang='grc' dir='ltr'>ὑπὸ</span> <span class='ocrx_word' id='word_1_729' title='bbox 2625 4547 2845 4600; x_wconf 90' lang='grc' dir='ltr'>πάντων</span> <span class='ocrx_word' id='word_1_730' title='bbox 2909 4540 3238 4612; x_wconf 82' lang='grc' dir='ltr'>ἀνθρώπων,</span> <span class='ocrx_word' id='word_1_731' title='bbox 3275 4531 3657 4628; x_wconf 65' lang='grc' dir='ltr'>φανερούμενοι</span> 
     </span>
    </p>
   </div>
   <div class='ocr_carea' id='block_1_100' title="bbox 2085 4623 3652 4707">
    <p class='ocr_par' dir='ltr' id='par_1_100' title="bbox 2085 4623 3652 4707">
     <span class='ocr_line' id='line_1_100' title="bbox 2085 4623 3652 4707; baseline -0.012 -13"><span class='ocrx_word' id='word_1_732' title='bbox 2085 4641 2172 4694; x_wconf 83' lang='grc' dir='ltr'>ὅτι</span> <span class='ocrx_word' id='word_1_733' title='bbox 2225 4640 2350 4693; x_wconf 80' lang='grc' dir='ltr'><strong>ὲστὲ</strong></span> <span class='ocrx_word' id='word_1_734' title='bbox 2386 4637 2644 4706; x_wconf 77' lang='grc' dir='ltr'><strong>ἐπιστολὴ</strong></span> <span class='ocrx_word' id='word_1_735' title='bbox 2669 4633 2934 4707; x_wconf 88' lang='grc' dir='ltr'>Χριστοῦ,</span> <span class='ocrx_word' id='word_1_736' title='bbox 2959 4629 3346 4698; x_wconf 88' lang='grc' dir='ltr'>διακονηθεῖσα</span> <span class='ocrx_word' id='word_1_737' title='bbox 3369 4623 3462 4693; x_wconf 83' lang='grc' dir='ltr'><strong>ὑφ’</strong></span> <span class='ocrx_word' id='word_1_738' title='bbox 3487 4623 3652 4707; x_wconf 77' lang='grc' dir='ltr'>ήμῷν,</span> 
     </span>
    </p>
   </div>
   <div class='ocr_carea' id='block_1_101' title="bbox 2087 4706 3654 4800">
    <p class='ocr_par' dir='ltr' id='par_1_101' title="bbox 2087 4706 3654 4800">
     <span class='ocr_line' id='line_1_101' title="bbox 2087 4706 3654 4800; baseline -0.014 -15"><span class='ocrx_word' id='word_1_739' title='bbox 2087 4730 2515 4800; x_wconf 81' lang='grc' dir='ltr'>ὲγγεγραμμένη</span> <span class='ocrx_word' id='word_1_740' title='bbox 2537 4728 2598 4779; x_wconf 86' lang='grc' dir='ltr'>οὐ</span> <span class='ocrx_word' id='word_1_741' title='bbox 2636 4706 2850 4796; x_wconf 84' lang='grc' dir='ltr'>μέλανι,</span> <span class='ocrx_word' id='word_1_742' title='bbox 2881 4722 3020 4776; x_wconf 79' lang='grc' dir='ltr'>ἀλλὰ</span> <span class='ocrx_word' id='word_1_743' title='bbox 3050 4719 3331 4790; x_wconf 87' lang='grc' dir='ltr'>Πνεύματι</span> <span class='ocrx_word' id='word_1_744' title='bbox 3361 4712 3493 4768; x_wconf 88' lang='grc' dir='ltr'>Θεοῦ</span> <span class='ocrx_word' id='word_1_745' title='bbox 3525 4706 3654 4800; x_wconf 70' lang='grc' dir='ltr'>ζῶν·</span> 
     </span>
    </p>
   </div>
   <div class='ocr_carea' id='block_1_102' title="bbox 2088 4797 3654 4888">
    <p class='ocr_par' dir='ltr' id='par_1_102' title="bbox 2088 4797 3654 4888">
     <span class='ocr_line' id='line_1_102' title="bbox 2088 4797 3654 4888; baseline -0.015 -11"><span class='ocrx_word' id='word_1_746' title='bbox 2088 4797 2179 4885; x_wconf 83' lang='grc' dir='ltr'>τος</span> <span class='ocrx_word' id='word_1_747' title='bbox 2199 4797 2243 4888; x_wconf 25' lang='grc'>,⁷</span> <span class='ocrx_word' id='word_1_748' title='bbox 2272 4797 2372 4874; x_wconf 73' lang='grc' dir='ltr'>ουἰκ</span> <span class='ocrx_word' id='word_1_749' title='bbox 2399 4821 2456 4874; x_wconf 82' lang='grc' dir='ltr'>ὲν</span> <span class='ocrx_word' id='word_1_750' title='bbox 2497 4797 2664 4884; x_wconf 74' lang='grc' dir='ltr'>πλαξὶ</span> <span class='ocrx_word' id='word_1_751' title='bbox 2689 4815 2942 4879; x_wconf 85' lang='grc' dir='ltr'>λιθίναις,</span> <span class='ocrx_word' id='word_1_752' title='bbox 2987 4812 3100 4866; x_wconf 84' lang='grc' dir='ltr'>ἀλλ’</span> <span class='ocrx_word' id='word_1_753' title='bbox 3128 4812 3186 4863; x_wconf 82' lang='grc' dir='ltr'>ἕν</span> <span class='ocrx_word' id='word_1_754' title='bbox 3224 4807 3390 4870; x_wconf 75' lang='grc' dir='ltr'>πλαξὶ</span> <span class='ocrx_word' id='word_1_755' title='bbox 3442 4797 3654 4870; x_wconf 78' lang='grc' dir='ltr'>καρδίας</span> 
     </span>
    </p>
   </div>
   <div class='ocr_carea' id='block_1_103' title="bbox 2089 4893 3649 4984">
    <p class='ocr_par' dir='ltr' id='par_1_103' title="bbox 2089 4893 3649 4984">
     <span class='ocr_line' id='line_1_103' title="bbox 2089 4893 3649 4984; baseline -0.013 -16"><span class='ocrx_word' id='word_1_756' title='bbox 2089 4913 2397 4984; x_wconf 83' lang='grc' dir='ltr'>σαρκίναις.</span> <span class='ocrx_word' id='word_1_757' title='bbox 2437 4930 2456 4964; x_wconf 71' lang='grc' dir='ltr'><strong>ι</strong></span> <span class='ocrx_word' id='word_1_758' title='bbox 2504 4907 2704 4977; x_wconf 84' lang='grc' dir='ltr'>Ἰερεῒς</span> <span class='ocrx_word' id='word_1_759' title='bbox 2723 4907 2778 4959; x_wconf 91' lang='grc' dir='ltr'><strong>δέ</strong></span> <span class='ocrx_word' id='word_1_760' title='bbox 2804 4922 2950 4968; x_wconf 88' lang='grc' dir='ltr'>τινες</span> <span class='ocrx_word' id='word_1_761' title='bbox 2974 4905 3098 4966; x_wconf 83' lang='grc' dir='ltr'>τοὺς</span> <span class='ocrx_word' id='word_1_762' title='bbox 3129 4899 3394 4970; x_wconf 78' lang='grc' dir='ltr'>ἀγγέλους</span> <span class='ocrx_word' id='word_1_763' title='bbox 3417 4893 3649 4984; x_wconf 64' lang='grc' dir='ltr'>ἐνόησαν,</span> 
     </span>
    </p>
   </div>
   <div class='ocr_carea' id='block_1_104' title="bbox 2086 4983 3651 5076">
    <p class='ocr_par' dir='ltr' id='par_1_104' title="bbox 2086 4983 3651 5076">
     <span class='ocr_line' id='line_1_104' title="bbox 2086 4983 3651 5076; baseline -0.018 -16"><span class='ocrx_word' id='word_1_764' title='bbox 2086 4983 2174 5070; x_wconf 72' lang='grc' dir='ltr'><strong>οἷς</strong></span> <span class='ocrx_word' id='word_1_765' title='bbox 2221 5004 2498 5076; x_wconf 81' lang='grc' dir='ltr'>ἐμπρέπει</span> <span class='ocrx_word' id='word_1_766' title='bbox 2569 5005 2665 5053; x_wconf 80' lang='grc' dir='ltr'>καὶ</span> <span class='ocrx_word' id='word_1_767' title='bbox 2713 4999 2774 5052; x_wconf 82' lang='grc' dir='ltr'>τὸ</span> <span class='ocrx_word' id='word_1_768' title='bbox 2800 4998 2870 5051; x_wconf 79' lang='grc' dir='ltr'>ἐν</span> <span class='ocrx_word' id='word_1_769' title='bbox 2929 4995 3198 5064; x_wconf 80' lang='grc' dir='ltr'>καρδίαις</span> <span class='ocrx_word' id='word_1_770' title='bbox 3273 4983 3651 5076; x_wconf 46' lang='grc' dir='ltr'>δύνασθαι-λα-</span> 
     </span>
    </p>
   </div>
   <div class='ocr_carea' id='block_1_105' title="bbox 400 5068 1974 5171">
    <p class='ocr_par' dir='ltr' id='par_1_105' title="bbox 400 5101 1974 5171">
     <span class='ocr_line' id='line_1_105' title="bbox 400 5101 1974 5171; baseline -0.002 -16"><span class='ocrx_word' id='word_1_771' title='bbox 400 5103 516 5155; x_wconf 82' lang='lat' dir='ltr'><strong>sive</strong></span> <span class='ocrx_word' id='word_1_772' title='bbox 567 5102 672 5170; x_wconf 91' lang='lat' dir='ltr'><strong>ipsi</strong></span> <span class='ocrx_word' id='word_1_773' title='bbox 727 5104 912 5160; x_wconf 90' lang='lat' dir='ltr'><strong>carnis</strong></span> <span class='ocrx_word' id='word_1_774' title='bbox 967 5103 1353 5160; x_wconf 82' lang='lat' dir='ltr'><strong>all‘ectionibus</strong></span> <span class='ocrx_word' id='word_1_775' title='bbox 1401 5103 1766 5171; x_wconf 87' lang='lat' dir='ltr'><strong>subjiciamur</strong></span> <span class='ocrx_word' id='word_1_776' title='bbox 1799 5106 1816 5171; x_wconf 89' lang='lat'><strong>(</strong></span> <span class='ocrx_word' id='word_1_777' title='bbox 1849 5101 1974 5155; x_wconf 69' lang='lat' dir='ltr'><strong>ultic</strong></span> 
     </span>
    </p>
   </div>
   <div class='ocr_carea' id='block_1_106' title="bbox 2080 5068 3648 5171">
    <p class='ocr_par' dir='ltr' id='par_1_106' title="bbox 2089 5068 3648 5171">
     <span class='ocr_line' id='line_1_106' title="bbox 2089 5068 3648 5171; baseline -0.019 -19"><span class='ocrx_word' id='word_1_778' title='bbox 2089 5068 2268 5153; x_wconf 47' lang='grc' dir='ltr'><strong>λεῖφ’.-</strong></span> <span class='ocrx_word' id='word_1_779' title='bbox 2313 5068 2375 5147; x_wconf 72' lang='grc' dir='ltr'><strong>Ἦ</strong></span> <span class='ocrx_word' id='word_1_780' title='bbox 2405 5093 2462 5145; x_wconf 80' lang='grc' dir='ltr'>δὲ</span> <span class='ocrx_word' id='word_1_781' title='bbox 2502 5089 2888 5160; x_wconf 73' lang='grc' dir='ltr'>παράκλησις</span> <span class='ocrx_word' id='word_1_782' title='bbox 2909 5086 2967 5138; x_wconf 84' lang='grc' dir='ltr'><strong>ὲν</strong></span> <span class='ocrx_word' id='word_1_783' title='bbox 2993 5085 3071 5154; x_wconf 86' lang='grc' dir='ltr'><strong>τῷ</strong></span> <span class='ocrx_word' id='word_1_784' title='bbox 3119 5072 3494 5171; x_wconf 36' lang='grc' dir='ltr'>λελύσθαι-τὴν</span> <span class='ocrx_word' id='word_1_785' title='bbox 3509 5068 3648 5171; x_wconf 51' lang='grc' dir='ltr'>δίξην</span> 
     </span>
    </p>
   </div>
   <div class='ocr_carea' id='block_1_107' title="bbox 398 5194 1985 5266">
    <p class='ocr_par' dir='ltr' id='par_1_107' title="bbox 398 5194 1985 5266">
     <span class='ocr_line' id='line_1_107' title="bbox 398 5194 1985 5266; baseline -0.001 -18"><span class='ocrx_word' id='word_1_786' title='bbox 398 5195 544 5248; x_wconf 86' lang='lat' dir='ltr'><strong>enim</strong></span> <span class='ocrx_word' id='word_1_787' title='bbox 575 5205 629 5249; x_wconf 89' lang='lat' dir='ltr'><strong>et</strong></span> <span class='ocrx_word' id='word_1_788' title='bbox 654 5195 778 5261; x_wconf 87' lang='lat' dir='ltr'><strong>ista,</strong></span> <span class='ocrx_word' id='word_1_789' title='bbox 820 5211 992 5266; x_wconf 86' lang='lat' dir='ltr'><strong>eaque</strong></span> <span class='ocrx_word' id='word_1_790' title='bbox 1048 5212 1347 5266; x_wconf 78' lang='lat' dir='ltr'><strong>permagna</strong></span> <span class='ocrx_word' id='word_1_791' title='bbox 1416 5196 1525 5251; x_wconf 90' lang='lat' dir='ltr'><strong>illis</strong></span> <span class='ocrx_word' id='word_1_792' title='bbox 1563 5203 1649 5250; x_wconf 92' lang='lat' dir='ltr'><strong>est</strong></span> <span class='ocrx_word' id='word_1_793' title='bbox 1691 5194 1784 5264; x_wconf 92' lang='lat' dir='ltr'><strong>qui</strong></span> <span class='ocrx_word' id='word_1_794' title='bbox 1819 5207 1985 5248; x_wconf 82' lang='lat' dir='ltr'><strong>sensu</strong></span> 
     </span>
    </p>
   </div>
   <div class='ocr_carea' id='block_1_108' title="bbox 401 5278 1986 5354">
    <p class='ocr_par' dir='ltr' id='par_1_108' title="bbox 401 5278 1986 5354">
     <span class='ocr_line' id='line_1_108' title="bbox 401 5278 1986 5354; baseline 0.004 -25"><span class='ocrx_word' id='word_1_795' title='bbox 401 5278 587 5348; x_wconf 76' lang='lat' dir='ltr'><strong>aliquo</strong></span> <span class='ocrx_word' id='word_1_796' title='bbox 649 5282 861 5348; x_wconf 82' lang='lat' dir='ltr'><strong>praediti</strong></span> <span class='ocrx_word' id='word_1_797' title='bbox 894 5290 1022 5343; x_wconf 83' lang='lat' dir='ltr'><strong>sunt</strong></span> <span class='ocrx_word' id='word_1_798' title='bbox 1049 5283 1092 5353; x_wconf 91' lang='lat'><strong>),</strong></span> <span class='ocrx_word' id='word_1_799' title='bbox 1124 5284 1243 5338; x_wconf 88' lang='lat' dir='ltr'><strong>sive</strong></span> <span class='ocrx_word' id='word_1_800' title='bbox 1274 5294 1500 5353; x_wconf 87' lang='lat' dir='ltr'><strong>propter</strong></span> <span class='ocrx_word' id='word_1_801' title='bbox 1527 5299 1622 5338; x_wconf 90' lang='lat' dir='ltr'><strong>eas</strong></span> <span class='ocrx_word' id='word_1_802' title='bbox 1650 5283 1948 5354; x_wconf 87' lang='lat' dir='ltr'><strong>puniamur</strong></span> <span class='ocrx_word' id='word_1_803' title='bbox 1970 5320 1986 5345; x_wconf 89' lang='lat'><strong>,</strong></span> 
     </span>
    </p>
   </div>
   <div class='ocr_carea' id='block_1_109' title="bbox 401 5369 1988 5444">
    <p class='ocr_par' dir='ltr' id='par_1_109' title="bbox 401 5369 1988 5444">
     <span class='ocr_line' id='line_1_109' title="bbox 401 5369 1988 5444; baseline 0.003 -18"><span class='ocrx_word' id='word_1_804' title='bbox 401 5369 455 5426; x_wconf 88' lang='lat' dir='ltr'><strong>id</strong></span> <span class='ocrx_word' id='word_1_805' title='bbox 493 5381 599 5438; x_wconf 88' lang='lat' dir='ltr'><strong>est,</strong></span> <span class='ocrx_word' id='word_1_806' title='bbox 642 5373 758 5428; x_wconf 89' lang='lat' dir='ltr'><strong>sive</strong></span> <span class='ocrx_word' id='word_1_807' title='bbox 788 5385 819 5426; x_wconf 89' lang='lat' dir='ltr'><strong>a</strong></span> <span class='ocrx_word' id='word_1_808' title='bbox 857 5375 989 5441; x_wconf 69' lang='lat' dir='ltr'><strong>Deo,</strong></span> <span class='ocrx_word' id='word_1_809' title='bbox 1021 5376 1110 5444; x_wconf 88' lang='lat' dir='ltr'><strong>qui</strong></span> <span class='ocrx_word' id='word_1_810' title='bbox 1156 5391 1282 5431; x_wconf 85' lang='lat' dir='ltr'><strong>vere</strong></span> <span class='ocrx_word' id='word_1_811' title='bbox 1324 5375 1450 5431; x_wconf 85' lang='lat' dir='ltr'><strong>fons</strong></span> <span class='ocrx_word' id='word_1_812' title='bbox 1515 5377 1639 5431; x_wconf 68' lang='lat' dir='ltr'><strong>vitae</strong></span> <span class='ocrx_word' id='word_1_813' title='bbox 1683 5385 1790 5444; x_wconf 88' lang='lat' dir='ltr'><strong>est,</strong></span> <span class='ocrx_word' id='word_1_814' title='bbox 1831 5389 1988 5430; x_wconf 86' lang='lat' dir='ltr'><strong>rece-</strong></span> 
     </span>
    </p>
   </div>
   <div class='ocr_carea' id='block_1_110' title="bbox 2089 5157 3649 5261">
    <p class='ocr_par' dir='ltr' id='par_1_110' title="bbox 2089 5157 3649 5261">
     <span class='ocr_line' id='line_1_110' title="bbox 2089 5157 3649 5261; baseline -0.023 -17"><span class='ocrx_word' id='word_1_815' title='bbox 2089 5187 2227 5258; x_wconf 81' lang='grc' dir='ltr'>αὐτὴ</span> <span class='ocrx_word' id='word_1_816' title='bbox 2266 5189 2281 5227; x_wconf 84' lang='grc' dir='ltr'><strong>ί</strong></span> <span class='ocrx_word' id='word_1_817' title='bbox 2315 5184 2510 5254; x_wconf 73' lang='grc' dir='ltr'>διπλῆν</span> <span class='ocrx_word' id='word_1_818' title='bbox 2537 5157 2863 5251; x_wconf 82' lang='grc' dir='ltr'>γενομένην,</span> <span class='ocrx_word' id='word_1_819' title='bbox 2893 5176 2958 5230; x_wconf 75' lang='grc' dir='ltr'><strong>ἐν</strong></span> <span class='ocrx_word' id='word_1_820' title='bbox 2986 5192 3047 5227; x_wconf 91' lang='grc' dir='ltr'><strong>τε</strong></span> <span class='ocrx_word' id='word_1_821' title='bbox 3103 5173 3185 5243; x_wconf 78' lang='grc' dir='ltr'>τῷ</span> <span class='ocrx_word' id='word_1_822' title='bbox 3236 5167 3434 5261; x_wconf 61' lang='grc' dir='ltr'>σαρκός</span> <span class='ocrx_word' id='word_1_823' title='bbox 3473 5157 3649 5261; x_wconf 38' lang='lat' dir='ltr'><strong>eme?»</strong></span> 
     </span>
    </p>
   </div>
   <div class='ocr_carea' id='block_1_111' title="bbox 2096 5257 3646 5351">
    <p class='ocr_par' dir='ltr' id='par_1_111' title="bbox 2096 5257 3646 5351">
     <span class='ocr_line' id='line_1_111' title="bbox 2096 5257 3646 5351; baseline -0.02 -17"><span class='ocrx_word' id='word_1_824' title='bbox 2096 5257 2248 5351; x_wconf 83' lang='grc' dir='ltr'>μίαις</span> <span class='ocrx_word' id='word_1_825' title='bbox 2271 5275 2636 5348; x_wconf 81' lang='grc' dir='ltr'>προσκεῖσθαι</span> <span class='ocrx_word' id='word_1_826' title='bbox 2659 5271 2906 5343; x_wconf 88' lang='grc' dir='ltr'>(κόλασις</span> <span class='ocrx_word' id='word_1_827' title='bbox 2935 5268 3046 5338; x_wconf 84' lang='grc' dir='ltr'>γὰρ</span> <span class='ocrx_word' id='word_1_828' title='bbox 3073 5264 3214 5334; x_wconf 78' lang='grc' dir='ltr'>αὐτὴ</span> <span class='ocrx_word' id='word_1_829' title='bbox 3271 5257 3496 5351; x_wconf 57' lang='grc' dir='ltr'>μεγίστη</span> <span class='ocrx_word' id='word_1_830' title='bbox 3523 5257 3646 5351; x_wconf 39' lang='lat' dir='ltr'><strong>“rei;</strong></span> 
     </span>
    </p>
   </div>
   <div class='ocr_carea' id='block_1_112' title="bbox 2094 5339 3620 5443">
    <p class='ocr_par' dir='ltr' id='par_1_112' title="bbox 2094 5339 3620 5443">
     <span class='ocr_line' id='line_1_112' title="bbox 2094 5339 3620 5443; baseline -0.01 -18"><span class='ocrx_word' id='word_1_831' title='bbox 2094 5339 2308 5443; x_wconf 67' lang='grc' dir='ltr'><strong>ὲχουσιν</strong></span> <span class='ocrx_word' id='word_1_832' title='bbox 2331 5367 2602 5438; x_wconf 71' lang='grc' dir='ltr'>αἴσθησιν)</span> <span class='ocrx_word' id='word_1_833' title='bbox 2622 5365 2678 5421; x_wconf 80' lang='grc' dir='ltr'><strong>ἓν</strong></span> <span class='ocrx_word' id='word_1_834' title='bbox 2703 5381 2763 5416; x_wconf 86' lang='grc' dir='ltr'><strong>τε</strong></span> <span class='ocrx_word' id='word_1_835' title='bbox 2789 5362 2868 5434; x_wconf 81' lang='grc' dir='ltr'><strong>τῷ</strong></span> <span class='ocrx_word' id='word_1_836' title='bbox 2905 5359 2973 5414; x_wconf 79' lang='grc' dir='ltr'><strong>δι’</strong></span> <span class='ocrx_word' id='word_1_837' title='bbox 3014 5360 3198 5412; x_wconf 82' lang='grc' dir='ltr'>ἐκεῖνα</span> <span class='ocrx_word' id='word_1_838' title='bbox 3223 5353 3237 5405; x_wconf 83' lang='lat' dir='ltr'><strong>i</strong></span> <span class='ocrx_word' id='word_1_839' title='bbox 3301 5339 3620 5409; x_wconf 69' lang='grc' dir='ltr'><strong>κολάζεσθαι·</strong></span> 
     </span>
    </p>
   </div>
   <div class='ocr_carea' id='block_1_113' title="bbox 474 5503 1974 5624">
    <p class='ocr_par' dir='ltr' id='par_1_113' title="bbox 474 5506 1966 5624">
     <span class='ocr_line' id='line_1_113' title="bbox 474 5506 1966 5624; baseline -0.001 -44"><span class='ocrx_word' id='word_1_840' title='bbox 474 5530 519 5563; x_wconf 82' lang='grc'><em>³³</em></span> <span class='ocrx_word' id='word_1_841' title='bbox 549 5506 739 5580; x_wconf 80' lang='lat' dir='ltr'><strong>Matth.</strong></span> <span class='ocrx_word' id='word_1_842' title='bbox 777 5543 861 5594; x_wconf 82' lang='lat' dir='ltr'><strong>xv_</strong></span> <span class='ocrx_word' id='word_1_843' title='bbox 896 5525 985 5580; x_wconf 71' lang='grc' dir='ltr'>ξι.</span> <span class='ocrx_word' id='word_1_844' title='bbox 1061 5525 1105 5558; x_wconf 75' lang='grc' dir='ltr'><strong>⁸ο</strong></span> <span class='ocrx_word' id='word_1_845' title='bbox 1130 5526 1273 5582; x_wconf 84' lang='lat' dir='ltr'><strong>Psal.</strong></span> <span class='ocrx_word' id='word_1_846' title='bbox 1310 5542 1394 5590; x_wconf 81' lang='lat' dir='ltr'><strong>xc,</strong></span> <span class='ocrx_word' id='word_1_847' title='bbox 1568 5527 1609 5558; x_wconf 78' lang='lat'>“</span> <span class='ocrx_word' id='word_1_848' title='bbox 1645 5526 1787 5582; x_wconf 67' lang='lat' dir='ltr'><strong>l‘sal.</strong></span> <span class='ocrx_word' id='word_1_849' title='bbox 1821 5541 1966 5580; x_wconf 75' lang='lat' dir='ltr'><strong>cxvu</strong></span> 
     </span>
    </p>
   </div>
   <div class='ocr_carea' id='block_1_114' title="bbox 2080 5503 3452 5624">
    <p class='ocr_par' dir='ltr' id='par_1_114' title="bbox 2093 5503 3452 5587">
     <span class='ocr_line' id='line_1_114' title="bbox 2093 5503 3452 5587; baseline -0.012 -10"><span class='ocrx_word' id='word_1_850' title='bbox 2093 5526 2140 5577; x_wconf 86' lang='lat' dir='ltr'><strong>l.</strong></span> <span class='ocrx_word' id='word_1_851' title='bbox 2220 5521 2263 5553; x_wconf 78' lang='lat'>“</span> <span class='ocrx_word' id='word_1_852' title='bbox 2300 5521 2501 5577; x_wconf 87' lang='lat' dir='ltr'><strong>Jcrem.</strong></span> <span class='ocrx_word' id='word_1_853' title='bbox 2537 5535 2685 5587; x_wconf 81' lang='lat' dir='ltr'><strong>xxxi,</strong></span> <span class='ocrx_word' id='word_1_854' title='bbox 2711 5519 2800 5575; x_wconf 76' lang='grc'>35.</span> <span class='ocrx_word' id='word_1_855' title='bbox 2876 5515 2919 5549; x_wconf 69' lang='grc'><strong>⁸³</strong></span> <span class='ocrx_word' id='word_1_856' title='bbox 2957 5513 2998 5568; x_wconf 93' lang='lat' dir='ltr'><strong>ll</strong></span> <span class='ocrx_word' id='word_1_857' title='bbox 3037 5513 3143 5570; x_wconf 86' lang='lat' dir='ltr'><strong>Cor</strong></span> <span class='ocrx_word' id='word_1_858' title='bbox 3204 5526 3282 5577; x_wconf 81' lang='grc' dir='ltr'>ιιι,</span> <span class='ocrx_word' id='word_1_859' title='bbox 3319 5507 3369 5573; x_wconf 73' lang='lat'><strong>2,</strong></span> <span class='ocrx_word' id='word_1_860' title='bbox 3397 5503 3452 5559; x_wconf 78' lang='grc' dir='ltr'><strong>5ο</strong></span> 
     </span>
    </p>
   </div>
   <div class='ocr_carea' id='block_1_115' title="bbox 1723 5638 2391 5698">
    <p class='ocr_par' dir='ltr' id='par_1_115' title="bbox 1723 5638 2391 5698">
     <span class='ocr_line' id='line_1_115' title="bbox 1723 5638 2391 5698; baseline -0.004 -1"><span class='ocrx_word' id='word_1_861' title='bbox 1723 5641 1961 5698; x_wconf 68' lang='lat' dir='ltr'><strong>VARMS</strong></span> <span class='ocrx_word' id='word_1_862' title='bbox 1995 5638 2391 5698; x_wconf 83' lang='lat' dir='ltr'><strong>LECTIONES.</strong></span> 
     </span>
    </p>
   </div>
   <div class='ocr_carea' id='block_1_116' title="bbox 481 5736 1895 5810">
    <p class='ocr_par' dir='ltr' id='par_1_116' title="bbox 481 5736 1895 5810">
     <span class='ocr_line' id='line_1_116' title="bbox 481 5736 1895 5810; baseline -0.002 -16"><span class='ocrx_word' id='word_1_863' title='bbox 481 5739 511 5780; x_wconf 76' lang='grc' dir='ltr'>ιι</span> <span class='ocrx_word' id='word_1_864' title='bbox 539 5756 628 5810; x_wconf 80' lang='grc' dir='ltr'><strong>γρ.</strong></span> <span class='ocrx_word' id='word_1_865' title='bbox 659 5739 956 5810; x_wconf 82' lang='grc' dir='ltr'>θεωμένου.</span> <span class='ocrx_word' id='word_1_866' title='bbox 1040 5740 1050 5776; x_wconf 92' lang='grc'><strong>¹</strong></span> <span class='ocrx_word' id='word_1_867' title='bbox 1097 5755 1182 5808; x_wconf 61' lang='grc' dir='ltr'><strong>χρ.</strong></span> <span class='ocrx_word' id='word_1_868' title='bbox 1215 5736 1401 5792; x_wconf 80' lang='grc' dir='ltr'>αὑτοῦ.</span> <span class='ocrx_word' id='word_1_869' title='bbox 1489 5739 1501 5787; x_wconf 85' lang='lat' dir='ltr'><strong>i</strong></span> <span class='ocrx_word' id='word_1_870' title='bbox 1536 5755 1621 5807; x_wconf 58' lang='grc' dir='ltr'><strong>πρ.</strong></span> <span class='ocrx_word' id='word_1_871' title='bbox 1659 5738 1895 5800; x_wconf 73' lang='grc' dir='ltr'>ἐκείνας.</span> 
     </span>
    </p>
   </div>
  </div>
