3950 6376
234 300 377 364 2337

1376 298 1788 362 COMMENTA
1801 297 1910 356 RlI
1951 298 2031 358 IN
2074 301 2357 362 ISAIAM.

3358 305 3499 369 2338

239 417 468 488 Ἤγουν,
493 420 552 472 ἐν
583 437 642 473 τε
672 421 749 492 τῷ
771 413 1073 490 ἀποστῆναι
1107 418 1243 471 Θεοῦ
1268 419 1368 485 τῆς
1411 416 1579 478 ὅντως
1629 412 1814 482 πηγῆς

1920 413 2148 480 damus;
2187 415 2301 470 sive
2357 415 2420 469 ad
2449 416 2725 470 daemonas
2783 415 2935 485 ipsos
2963 457 2978 481 ,
3029 417 3184 471 lacus
3223 421 3499 474 contritos

235 513 403 582 ζωῆς,
431 515 524 567 καὶ
554 512 636 583 τῷ
679 511 1073 583 προσχωρῆσαι
1095 512 1207 572 τοῖς
1251 508 1523 578 δαίμοσιν,
1584 506 1813 568 λάκκοις

237 603 743 673 συντετριμμένοις,
775 604 914 655 κατὰ
941 602 1038 672 τὴν
1104 600 1368 671 Ἱερεμίου
1423 597 1626 667 φωνὴν,
1688 613 1815 647 συν-

235 695 381 765 έχειν
413 695 558 764 ὕδωρ
599 694 673 764 μὴ
707 695 1043 764 δυναμένοις.
1074 693 1232 755 Τινὲς
1255 691 1311 744 δέ
1341 707 1524 758 φασιν,
1551 690 1634 741 ὅτι
1663 688 1740 749 ὡς
1764 689 1813 740 οἱ

237 786 585 856 φιλόστοργοι
607 786 846 855 πατέρες
877 785 976 855 τὴν
996 785 1234 855 σμικρὰν
1258 783 1398 835 κατά
1424 781 1611 842 παιδὸς
1629 780 1813 850 ἁμαρ-

234 879 356 930 τίαν
387 877 561 947 μείζω
617 878 752 930 πολὺ
792 878 889 946 τῆς
947 877 1104 940 ἀξίας
1157 873 1494 943 νομίζουσιν,
1531 871 1675 926 οὕτω
1726 871 1816 924 διὰ

236 969 652 1039 φιλανθρωπίαν
675 971 703 1020 ὁ
721 969 852 1030 Θεὸς
867 968 965 1038 τὴν
995 968 1203 1020 ἐλάττω
1229 966 1330 1034 τῆς
1348 965 1504 1031 ἀξίας
1524 963 1816 1018 διπλασίαν

235 1061 500 1130 ὁρίζεται.
528 1061 737 1122 ’Δλλως
765 1060 872 1131 γὰρ
913 1060 1014 1112 οὐκ
1063 1057 1211 1121 ἄξιον
1260 1057 1360 1126 τῆς
1389 1056 1551 1109 αὐτοῦ
1581 1055 1819 1126 χρηστός

235 1169 397 1220 τητος
440 1153 498 1203 ὲν
554 1150 728 1220 διπλῷ
776 1149 1138 1220 τιμωρεῖσθαι
1186 1149 1278 1201 τοῦ
1318 1147 1573 1211 λέξαντος
1598 1164 1611 1177 ·
1643 1165 1662 1198 ι
1702 1147 1817 1199 Οὐκ

238 1242 518 1311 ἐκδικήσει
542 1243 748 1313 Κύριος
777 1241 860 1303 δὶς
899 1245 990 1295 ἐπὶ
1013 1243 1073 1294 τὸ
1100 1241 1232 1293 αὐτὸ
1281 1241 1341 1292 ὲν
1365 1239 1562 1308 θλίψει.
1597 1237 1818 1308 Οίκτίρ-

242 1349 356 1401 μων
385 1333 497 1400 γὰρ
546 1332 642 1384 καὶ
693 1332 940 1400 ἐλεήμων
971 1334 998 1384 6
1053 1330 1282 1401 Κύριος,
1327 1329 1680 1399 μακρὸθυμος
1723 1329 1818 1382 καὶ

241 1424 530 1487 πολυέλεπ
560 1424 655 1476 καὶ
676 1423 948 1494 ἀληθινός.
993 1442 1011 1474 ι
1041 1423 1178 1487 Καὶ,
1209 1440 1227 1473 ι
1266 1422 1341 1473 Οὐ
1402 1421 1543 1474 κατὰ
1573 1409 1674 1482 Ῑιὰς
1696 1421 1820 1473 ἀνο-

241 1515 372 1584 μίας
408 1515 569 1586 ήμῶν
619 1515 874 1585 ἐποίησεν
909 1518 1040 1584 ἡμῖν
1104 1516 1224 1568 οὐδὲ
1273 1513 1413 1567 κατὰ
1476 1514 1575 1576 τὰς
1639 1515 1819 1583 ἁμαρ-

240 1607 363 1668 τίας
425 1605 584 1675 ἡμῶν
643 1605 1025 1659 ἀνταπέδωκεν
1086 1606 1238 1676 ἡμῖν.
1313 1623 1331 1655 ι
1397 1603 1696 1672 Σύμφωνον
1763 1602 1820 1653 δὲ

241 1696 338 1765 τῷ,
385 1695 772 1764 Ἑτοιμάσατε
797 1696 913 1762 τὴν
934 1696 1080 1749 ὀδόν
1121 1693 1361 1760 Κυρίου,
1411 1695 1504 1746 καὶ
1543 1692 1820 1762 Ζαχαρίας

240 1792 268 1842 6
313 1789 410 1842 τοῦ
442 1788 746 1840 Βαπτιστοῦ
770 1789 919 1855 λέγει
952 1787 1140 1857 Πατήρ
1172 1803 1186 1817 ⁸
1227 1805 1246 1837 ι
1303 1787 1413 1838 Καὶ
1441 1785 1504 1837 σὺ
1535 1825 1550 1850 ,
1586 1785 1817 1849 παιδίον,

239 1882 530 1950 προφήτης
573 1879 828 1948 Ὑψίστου
854 1879 1128 1950 κληθήσῃ.
1157 1875 1518 1948 Προπορεύσῃ
1577 1875 1686 1945 γὰρ
1712 1875 1819 1943 πρὸ

237 1973 540 2043 προσώπου
607 1972 838 2040 Κυρίου,
870 1971 1156 2040 ἑτοιμάσαι
1203 1970 1302 2032 τὰς
1356 1969 1508 2030 ὁδοὺς
1539 1966 1724 2021 αὑτοῦ.
1793 1986 1812 2020 ι

240 2064 380 2135 Περὶ
407 2057 469 2118 οὗ
509 2080 672 2134 φησιν
710 2065 739 2116 ό
769 2063 964 2134 Σωτήρ
993 2081 1008 2095 ·
1046 2082 1065 2116 ι
1115 2065 1349 2125 Ἐκεῖνος
1407 2057 1475 2132 ἦν
1511 2061 1540 2114 6
1577 2059 1768 2130 λύχνος
1791 2064 1819 2114 6

241 2158 534 2224 καιόμενος
587 2158 680 2210 καὶ
752 2157 979 2225 φαίνων.
1026 2157 1214 2228 Ὑμεῖς
1232 2157 1288 2210 δὲ
1316 2156 1618 2229 ἠθελήσατε
1650 2157 1818 2225 ἀγαλ-

240 2249 495 2319 λιαθῆναι
551 2249 685 2320 πρὸς
725 2248 874 2320 ὥραν
925 2250 984 2303 ὲν
1014 2249 1092 2319 τῷ
1145 2249 1286 2318 φωτὶ
1327 2250 1515 2306 αὑτοῦ.
1557 2271 1578 2304 ι
1630 2251 1820 2315 Ἥλιος

211 2343 352 2418 ’γὰρ
402 2343 748 2414 δικαιοσύνης
787 2345 878 2397 καὶ
909 2343 1026 2412 φῶς
1077 2342 1332 2412 ἀληθινὸν
1361 2346 1388 2397 6
1423 2344 1679 2414 Χριστός.
1707 2344 1820 2399 Καὶ

242 2437 301 2488 τὸ
346 2437 512 2504 μέσον
535 2435 863 2504 ἀμφοτέρων
887 2434 1258 2504 ἀσύμϐλητον,
1283 2435 1389 2489 κᾶν
1443 2435 1526 2488 ὅτι
1584 2436 1818 2505 μάλιστα

241 2527 302 2578 τὸ
334 2523 675 2594 ἀνθρώπινον
693 2524 899 2593 πλῆρες
929 2524 1140 2592 γένοιτο
1191 2524 1383 2594 σοφίας
1403 2541 1464 2577 τε
1493 2525 1588 2578 καὶ
1617 2525 1814 2593 φωτός.

309 2777 438 2842 Τοῖς
466 2778 525 2831 δὲ
580 2778 924 2847 ἀπεγνωκόσι
978 2779 1202 2849 σημεῖον
1268 2778 1451 2832 δίδωσι
1510 2779 1820 2848 παρακλή-

238 2888 416 2936 σεως.
453 2871 620 2922 Ὅταν
648 2869 756 2940 γὰρ
781 2871 888 2923 ἀπὸ
912 2870 1013 2940 τῆς
1069 2868 1294 2939 ἐρήμου
1348 2869 1478 2942 περὶ
1529 2872 1820 2941 μετανοίας

1919 501 1937 571 (
1968 510 2026 556 ut
2066 503 2317 559 Jeremite
2340 507 2572 561 vocibus
2595 516 2721 560 utar
2760 508 2851 576 “),
2877 509 2970 576 qui
2998 522 3195 576 aquam
3215 508 3501 563 continere

1916 607 2026 646 non
2055 603 2304 662 possunt,
2342 603 2706 651 transeamus.
2768 597 2936 651 Aiunt
2977 608 3158 652 autem
3198 597 3446 651 nonnulli
3483 638 3499 662 ,

1917 701 2028 741 non
2059 689 2218 743 aliter
2237 705 2398 760 quam
2431 699 2648 760 patres,
2678 678 2770 762 qui
2807 694 3322 769 magnoliherorum
3349 706 3503 763 amo-

1917 792 1977 832 re
2003 777 2318 848 ﬂagrantes,
2374 782 2489 837 lere
2519 798 2708 836 eorum
2731 795 3015 852 peccatum
3068 786 3232 852 ionge
3282 786 3502 852 gravius

1918 873 1969 921 et
2000 868 2252 922 acerbius
2303 877 2524 938 putant;
2557 855 2636 925 sic
2683 879 2738 924 et
2793 872 2959 925 Deum
2999 887 3096 938 pro
3136 888 3235 926 sua
3303 872 3358 925 in
3403 871 3502 925 ho-

1919 959 2094 1014 mines
2140 960 2556 1026 benevolentia,
2610 963 2786 1032 culpae
2833 963 3024 1018 leviori
3086 978 3277 1032 poenas
3333 962 3502 1033 duplo

1919 1049 2159 1118 majores
2217 1052 2478 1121 irrogare.
2515 1054 2771 1123 Alioquin
2827 1057 2972 1109 enim
3026 1056 3226 1124 duplex
3285 1055 3503 1123 exigere

1922 1143 2254 1212 supplicium
2285 1145 2404 1212 ejus
2434 1145 2680 1201 bonitate
2708 1147 2874 1200 fuerit
2909 1149 3193 1216 indignum
3229 1188 3244 1212 ,
3291 1148 3384 1216 qui
3417 1149 3504 1201 dis

1923 1234 2062 1286 xerit
2093 1251 2106 1286 :
2140 1252 2159 1284 ι
2196 1232 2316 1288 Non
2361 1235 2663 1289 vindicabit
2695 1235 2962 1293 Dominus
3020 1238 3104 1293 bis
3145 1238 3212 1291 ob
3271 1239 3412 1292 idem
3447 1239 3500 1291 in

1921 1322 2235 1378 aiﬁictioue.
2270 1323 2428 1396 441
2463 1325 2778 1381 Misericors
2808 1329 2953 1382 enim
2982 1335 3035 1381 et
3068 1329 3360 1382 miseratur
3392 1327 3500 1379 Dn-

1927 1417 2110 1470 minus
2140 1455 2154 1478 ,
2191 1417 2522 1488 longanimis
2556 1457 2572 1481 ,
2613 1427 2668 1472 et
2722 1419 2904 1473 multa:
2983 1419 3413 1482 misericordiae,
3445 1427 3501 1470 et

1929 1522 2095 1561 verax
2119 1507 2184 1561 ⁸⁵.
2221 1525 2238 1559 ι
2277 1509 2382 1563 Et:
2411 1527 2430 1559 ι
2468 1509 2585 1564 Non
2609 1510 2909 1566 secundum
2938 1511 3254 1580 iniquitates
3280 1517 3503 1564 nostras

1923 1597 2050 1653 fecit
2087 1600 2242 1654 nobis
2272 1599 2338 1652 “.
2385 1619 2405 1652 ι
2440 1600 2684 1670 Itemque
2711 1616 2724 1652 :
2754 1622 2772 1654 ι
2803 1601 2921 1656 Non
2950 1602 3251 1656 secundum
3277 1609 3503 1670 peccata

1925 1701 2114 1745 nostra
2145 1691 2402 1747 retribuit
2434 1694 2594 1749 nobis
2630 1695 2693 1748 ‘7.
2737 1713 2755 1746 ›
2799 1693 2865 1748 Ει
2894 1711 3025 1749 vero
3063 1694 3209 1763 quod
3247 1695 3359 1758 hic,
3392 1694 3501 1748 Pa-

1921 1793 2039 1836 rale
2068 1785 2206 1837 riam
2235 1785 2474 1849 Domini,
2501 1783 2792 1850 habemus,
2836 1787 2883 1840 ei
2923 1786 3159 1840 maxime
3203 1800 3502 1856 congruum

1919 1875 2063 1943 quod
2120 1875 2374 1944 Baptistae
2402 1889 2559 1948 pater
2584 1877 2884 1932 Zacharias
2916 1878 3013 1942 ait,
3055 1877 3108 1930 in
3167 1877 3313 1930 hunc
3385 1891 3505 1929 mo-

1927 1965 2054 2018 dum
2097 1983 2110 2019 :
2157 1984 2175 2016 ι
2228 1966 2296 2020 Ει
2335 1974 2417 2034 tu,
2471 1983 2632 2038 puer,
2704 1969 2965 2037 prOphcta
3018 1967 3285 2023 Altissimi
3339 1982 3504 2023 voca-

1921 2055 2088 2110 beris.
2115 2055 2346 2113 Praibis
2405 2059 2550 2114 enim
2589 2066 2717 2113 ante
2783 2057 2979 2113 faciem
3041 2058 3256 2112 Domini
3310 2073 3505 2128 parare

1925 2145 2046 2200 vias
2085 2147 2206 2217 ejus
2229 2149 2296 2204 ⁸⁸.
2329 2169 2347 2204 ι
2384 2150 2459 2206 De
2483 2167 2592 2222 quo
2619 2159 2673 2207 et
2707 2152 2792 2206 his
2827 2152 3012 2208 verbis
3043 2155 3204 2207 etiam
3259 2153 3505 2222 loquitur

1928 2233 2183 2292 Salvator
2221 2256 2236 2293 :
2294 2258 2313 2292 ι
2361 2241 2456 2296 Ille
2498 2250 2620 2297 erat
2678 2244 2901 2299 lucerna
2937 2245 3134 2298 ardens
3158 2251 3210 2298 et
3252 2244 3449 2298 lucens
3483 2260 3500 2309 ;

1919 2343 2015 2384 vos
2039 2340 2221 2385 autem
2288 2335 2551 2388 voluistis
2599 2336 2879 2389 exsultare
2929 2335 2993 2388 ad
3055 2334 3246 2389 horam
3280 2335 3334 2388 in
3383 2335 3503 2389 lucc

1919 2418 2037 2486 ejus
2052 2419 2126 2474 ⁵³.
2157 2440 2175 2472 ι
2203 2419 2300 2474 Est
2322 2423 2464 2476 enim
2490 2423 2721 2491 justitize
2753 2425 2834 2480 sol
2893 2432 2948 2479 et
2973 2424 3204 2478 veralux
3224 2423 3498 2479 Christus.

1919 2507 2104 2579 Neque
2142 2524 2223 2567 est
2276 2514 2423 2583 quod
2469 2516 2758 2586 utriusque
2792 2515 3156 2572 diﬁ'erentiam
3205 2517 3501 2588 investiga-

1917 2603 1988 2666 ri,
2026 2604 2113 2658 vel
2137 2619 2260 2658 cum
2293 2605 2398 2659 alia
2435 2607 2713 2671 conferri,
2747 2608 3146 2677 quantumlibet
3179 2608 3273 2661 illa
3326 2607 3503 2660 homi-

1918 2708 2049 2746 num
2090 2687 2358 2763 sapien'tia
2380 2703 2436 2749 et
2470 2697 2588 2750 luce
2616 2696 2885 2761 abundet,
2922 2713 3084 2766 posse
3113 2706 3394 2766 putemus.

1989 2785 2062 2838 Iis
2115 2793 2322 2849 autem,
2369 2787 2462 2856 qui
2519 2803 2673 2857 spem
2727 2787 3069 2858 abiecerunt,
3113 2786 3502 2842 consolationis

1921 2874 2139 2944 signum
2182 2878 2461 2945 proponit.
2501 2877 2637 2931 Cum
2682 2879 2829 2931 enim
2869 2877 2923 2932 in
2955 2876 3267 2943 solitudine,
3303 2878 3402 2942 ait,
3433 2878 3504 2933 de

239 2963 463 3026 ἀκούοις
485 2960 710 3031 φωνῆς,
740 2962 863 3014 τότε
898 2961 1010 3014 νόει
1056 2963 1312 3031 παρεῖναι
1373 2961 1463 3014 τὸν
1514 2962 1815 3034 προσδοκώ-

1920 2966 2247 3033 ραεηὶιθιιιίο
2282 2967 2604 3020 concionari
2653 2984 2826 3022 vocem
2876 2967 3142 3032 audieris,
3184 2978 3316 3021 tunc
3349 2983 3503 3034 eum,

243 3071 426 3125 μενον.
477 3054 566 3116 Ὧς
598 3053 707 3106 ἀπὸ
733 3053 1009 3124 λεωφόρου
1032 3053 1090 3106 δὲ
1117 3053 1186 3106 τὰ
1212 3053 1311 3123 μὲν
1333 3053 1562 3123 ἐχούσης
1591 3052 1815 3126 ἀνάντη,

1920 3057 2012 3124 qui
2077 3057 2523 3126 exspectabatur,
2590 3057 2784 3112 adesse
2844 3061 3130 3128 cogitato-
3180 3058 3502 3111 Sermonem

238 3149 308 3200 τὰ
334 3147 392 3199 δὲ
448 3145 624 3209 κοῖλα,
681 3145 772 3198 καὶ
801 3145 892 3199 διὰ
920 3144 1078 3199 τοῦτο
1120 3145 1510 3216 δυσπορεύτου,
1541 3146 1632 3199 τὸν
1657 3147 1815 3216 λόγον

239 3240 462 3311 εἴληφεν
491 3254 505 3268 ο
532 3239 654 3308 ἥτις
679 3238 745 3292 ἂν
774 3237 984 3307 γένοιτο
1012 3238 1144 3291 λεία
1164 3278 1179 3304 ,
1211 3238 1319 3290 τῶν
1375 3238 1472 3309 μὲν
1524 3239 1818 3311 καθαιρου-

243 3333 426 3401 μένων
453 3330 622 3400 ὖψους
662 3330 690 3370 ιι
709 3347 724 3361 ·
757 3329 864 3384 τῶν
891 3330 968 3395 δὲ,
1038 3329 1437 3400 πληρουμένων
1468 3331 1812 3401 κοιλότητας,

241 3423 402 3477 ὁποία
448 3423 538 3476 διὰ
590 3421 827 3492 Χριστοῦ
881 3422 1170 3492 γέγονενή
1225 3424 1322 3492 τῆς
1345 3421 1626 3486 εὐσεϐείας
1650 3419 1814 3487 ὁδὸς,

243 3515 443 3577 ἄϐατος
499 3513 768 3584 πρότερον
821 3511 928 3566 ὑπὸ
1007 3512 1118 3566 τῶν
1169 3512 1631 3583 κοσμοκρατόρων
1719 3509 1816 3566 τοῦ

244 3608 471 3669 σκότους
499 3605 824 3674 ὑπάρχουσα
852 3605 972 3666 ταῖς
999 3600 1263 3671 γεώδεσιν
1329 3601 1818 3670 ὲγκαταδησάντων

243 3697 390 3768 ἡμᾶς
415 3695 651 3764 ἡδοναῖς.
674 3693 869 3774 Δόξαν
895 3692 950 3744 δὲ
974 3692 1196 3760 Κυρίου
1236 3692 1393 3745 καλεῖ
1417 3693 1509 3745 τὸν
1555 3692 1702 3756 Υίὸν,
1741 3693 1816 3756 ὡς

243 3788 384 3856 ὑπὲρ
408 3788 590 3839 πᾶσαν
612 3784 740 3837 ὅντα
769 3783 869 3854 τὴν
890 3783 1068 3836 κτίσιν
1099 3784 1193 3838 καὶ
1222 3782 1325 3852 τῆς
1369 3781 1537 3852 αὐτῆς
1562 3781 1816 3852 θεότητος

243 3877 321 3942 τῷ
342 3876 579 3944 Πατέρι.
607 3875 781 3928 Τοῦτο
807 3874 864 3927 δὲ
889 3873 984 3928 καὶ
1005 3873 1294 3944 γενόμενος
1323 3872 1630 3942 ἅνθρωπος
1647 3873 1814 3940 ἔδειξε

243 3968 676 4039 θαυματουργῶν
704 3966 811 4030 ἀεὶ,
837 3965 932 4018 καὶ
955 3965 1054 4036 τὴν
1087 3965 1263 4018 κτίσιν
1288 3964 1680 4034 μεταπλάσττων
1737 3964 1816 4036 τῷ

245 4061 470 4130 ῥήματι,
522 4058 816 4126 γενόμενος
868 4058 1005 4109 πᾶσι
1086 4057 1370 4126 σωτήριον,
1434 4056 1544 4110 τῶν
1604 4055 1817 4128 ἐννόμῳ

243 4149 446 4202 θυσιῶν
471 4149 746 4219 ἁμαρτίας
775 4147 1061 4219 καθαιρεῖν
1097 4149 1173 4218 μὴ
1234 4146 1576 4217 δυναμένων.
1613 4147 1704 4200 Ἐν
1757 4148 1815 4200 δὲ

241 4239 463 4311 Χριστῷ
521 4238 884 4309 τελειούμενοι
935 4238 1013 4309 τῷ
1059 4238 1161 4308 τῆς
1215 4238 1490 4301 υἱοθεσίας
1540 4237 1814 4309 πνεύματι

240 4331 582 4402 τετιμήμεθα
614 4331 835 4394 πάντες,
874 4331 936 4383 τό
964 4347 1028 4398 γε
1048 4325 1184 4404 ἧκον
1213 4332 1293 4393 είς
1347 4329 1444 4400 τὴν
1472 4329 1572 4399 τῆς
1594 4331 1814 4400 χάριτος

1920 3146 2120 3200 deinde
2151 3155 2411 3216 tanquam
2445 3161 2475 3200 a
2510 3149 2611 3202 viae
2640 3147 2876 3218 publica:
2905 3151 3122 3203 ratione
3153 3148 3503 3218 aggreditur,

1922 3254 2044 3307 quae
2077 3254 2204 3293 mox
2236 3239 2431 3306 ardua,
2461 3255 2584 3295 mox
2608 3255 2765 3303 cava,
2814 3241 3048 3311 indeque
3083 3241 3323 3297 difﬁcilis
3352 3233 3532 3296 exsi?

1917 3331 2048 3397 stit;
2090 3345 2211 3400 quae
2239 3339 2422 3385 tamen
2461 3333 2602 3386 elata
2643 3332 2841 3401 partim
2876 3332 3255 3402 deprimendo,
3300 3333 3502 3402 partim

1917 3420 2182 3491 depressa
2233 3421 2553 3489 attollendo,
2586 3421 2752 3491 plana
2802 3433 2858 3479 et
2905 3423 3088 3479 facilis
3122 3422 3275 3478 reddi
3302 3419 3505 3492 queat;

1917 3513 2099 3582 qualis
2135 3529 2232 3586 per
2261 3512 2550 3569 Christum
2581 3518 2668 3568 via
2700 3515 2926 3584 pietatis
2951 3515 3061 3584 jam
3093 3515 3347 3578 exsistit;
3383 3529 3505 3583 qua:

1915 3605 2065 3659 invia
2094 3605 2224 3658 olim
2254 3606 2324 3660 ab
2351 3605 2516 3674 hujus
2541 3607 2725 3660 saeculi
2755 3607 3104 3661 tenebrarum
3131 3606 3502 3674 potestatibus

1916 3695 2297 3758 obsidebatur,
2329 3709 2358 3747 a
2385 3695 2588 3762 quibus
2621 3695 2854 3748 terrenis
2887 3695 3261 3763 voluptatibus
3292 3694 3503 3763 alligati

1915 3797 2158 3838 eramus.
2195 3781 2435 3837 Gloriam
2487 3791 2669 3838 autem
2723 3782 2940 3836 Domini
2988 3781 3188 3836 Filiqu
3240 3785 3497 3852 appellat,

1917 3882 2180 3944 tanquam
2215 3874 2310 3944 qui
2342 3875 2527 3928 omnia
2558 3889 2586 3926 a
2618 3873 2730 3928 Deo
2763 3881 2948 3928 creata
2998 3875 3160 3943 longe
3201 3890 3497 3942 superans,

1915 3964 2162 4034 ejusdem
2203 3965 2277 4020 sit
2321 3981 2440 4017 cum
2496 3963 2662 4017 Patre
2708 3962 3037 4018 divinitatis.
3078 3963 3321 4033 ldipsum
3366 3979 3502 4019 vero

1915 4059 2077 4112 etiam
2126 4055 2282 4111 homo
2327 4053 2506 4110 factus
2557 4057 2692 4111 satis
2745 4054 3020 4126 probavit,
3065 4070 3189 4109 cum
3231 4055 3499 4111 mirandis

1916 4150 2178 4221 operibus
2223 4164 2507 4220 nunquam
2549 4164 2661 4203 non
2708 4148 2896 4212 editis,
2939 4150 3204 4204 mundum
3251 4151 3415 4204 etiam
3466 4167 3497 4205 a

1916 4258 1976 4300 se
2012 4242 2318 4306 conditum,
2353 4249 2412 4295 ut
2455 4240 2674 4295 cunctis
2713 4247 2910 4294 auctor
2947 4240 3146 4294 salutis
3184 4241 3494 4306 ersisteret,

1915 4334 2084 4390 verbo
2125 4347 2230 4388 suo
2267 4330 2722 4399 transformavit;
2761 4330 2854 4399 qui
2891 4331 3060 4386 nullis
3096 4330 3149 4384 in
3187 4330 3301 4401 lege
3329 4333 3498 4386 sacri-

241 4422 473 4494 δωρεὰν,
505 4424 670 4476 πᾶσιν
697 4422 868 4492 αὐτὴν
898 4421 1252 4484 ἀπλώσαντος
1279 4420 1371 4472 τοῦ
1406 4420 1542 4472 Θεοῦ
1567 4436 1582 4450 ·
1613 4421 1661 4472 εί
1720 4420 1814 4473 καὶ

1920 4426 2063 4482 ﬁciis
2101 4439 2132 4478 a
2170 4431 2524 4493 peccatorum
2577 4423 2698 4477 labe
2731 4421 2985 4476 mundari
3025 4425 3354 4492 purgarique
3392 4440 3494 4492 po...

239 4513 317 4584 τῷ
336 4515 436 4582 τῆς
458 4513 714 4574 ἀπιστίας
733 4513 910 4583 σκότῳ
927 4513 1131 4584 ταύτην
1178 4503 1319 4576 τινὲς
1351 4513 1413 4566 ού
1443 4515 1810 4583 προσήκαντο.

238 4604 424 4674 Μηδὲν
443 4604 501 4658 δὲ
540 4604 732 4676 ῐδιονῆ
776 4604 1157 4674 πεπλασμένον
1217 4604 1396 4673 λέγειν
1449 4606 1478 4657 6
1531 4606 1815 4675 προφήτης

238 4695 570 4759 ἐπιδεικνὺς,
639 4695 790 4749 Θεοῦ
847 4695 955 4748 τόν
1005 4697 1192 4761 λόγον
1239 4694 1518 4751 ἐκάλεσεν.
1567 4695 1700 4749 Τίνά
1755 4696 1814 4750 δὲ

238 4786 439 4856 τρόπον
476 4785 594 4840 ἔστι.
635 4788 700 4840 τὸ
737 4785 1042 4854 σωτήριον
1065 4785 1214 4840 ἰδεῖν
1239 4786 1346 4841 τοῦ
1378 4787 1547 4852 Θεοῦ,
1573 4787 1810 4840 διδάσκει

239 4878 649 4946 καταφρονῆσαι
701 4876 812 4929 δεῖν
860 4875 970 4929 τῶν
1025 4875 1384 4946 φαινομένων,
1438 4873 1514 4938 ὡς
1566 4877 1814 4930 ἀστάτων

241 4965 410 5019 εἰπὼν
431 4967 526 5019 καὶ
559 4966 752 5020 θᾶττον
775 4966 1253 5036 μαραινομένων,
1285 4965 1551 5029 λαϐόντας
1581 4969 1660 5030 είς
1688 4967 1812 5020 νοῦν

240 5057 348 5110 τὸν
381 5057 529 5111 Θεοῦ
553 5058 739 5128 λόγον
775 5057 936 5128 μόνον
963 5057 1038 5120 ὡς
1084 5056 1171 5110 ἀεὶ
1209 5057 1406 5124 ζῶντα,
1438 5056 1535 5110 καὶ
1560 5057 1807 5126 μένοντα,

241 5149 334 5200 καὶ
381 5147 640 5218 πρόξενον
683 5148 812 5201 ὄντα
835 5149 931 5218 τῆς
983 5148 1202 5201 αἰωνίου
1246 5147 1412 5218 ζωῆς.
1441 5148 1630 5211 Εἵποις
1655 5148 1698 5200 δ’
1744 5148 1810 5200 ἃν

237 5234 401 5306 ,ῥῆμα
413 5239 633 5306 Κυρίου
661 5237 754 5291 καὶ
781 5238 880 5308 τὴν
895 5237 1112 5308 ἐντολὴν
1134 5235 1230 5307 τὴν
1253 5237 1417 5290 αὑτοῦ
1445 5237 1539 5290 τοῦ
1561 5238 1710 5307 Σωτῆ
1720 5255 1809 5308 ρος

241 5327 482 5392 εἰπόντος
500 5346 514 5358 ο
553 5347 574 5380 ι
618 5329 791 5401 Ἀμὴν
815 5329 959 5399 λέγω
985 5329 1133 5400 ὑμῖν,
1155 5328 1251 5382 ὲόιν
1267 5345 1353 5391 τις
1372 5329 1464 5382 τὸν
1491 5329 1622 5399 ἐμὸν
1653 5328 1807 5396 λόγον

1920 4520 2084 4568 terat.
2117 4511 2184 4565 At
2213 4511 2326 4579 jam
2362 4511 2416 4564 in
2450 4508 2672 4565 Christo
2702 4508 2927 4579 perfecti
2960 4509 3270 4580 adoptionis
3299 4512 3493 4580 spiritu

1917 4614 2109 4654 omnes
2137 4600 2501 4663 honoramur,
2538 4599 2671 4664 Deo,
2706 4608 2972 4669 quantum
3002 4600 3057 4654 in
3090 4615 3150 4654 se
3177 4609 3279 4662 est,
3317 4602 3494 4669 ipsum

1916 4691 2108 4762 gratiae
2154 4705 2360 4747 munus
2407 4691 2665 4746 omnibus
2711 4690 2977 4746 oﬁerente
3030 4701 3084 4746 et
3132 4692 3494 4757 obtrudcnte,

1915 4782 2048 4838 licet
2086 4782 2433 4838 inﬁdelitatis
2467 4783 2707 4838 tenebris
2741 4783 3007 4836 obcaacati
3049 4784 3298 4837 nonnuili
3333 4799 3494 4839 acce-

1915 4875 2045 4930 dere
2090 4875 2386 4931 noluerint.
2420 4875 2498 4930 Ac
2531 4890 2599 4930 ne
2640 4873 2771 4944 quid
2808 4889 2875 4928 ex
2909 4877 3128 4944 proprio
3155 4891 3344 4938 sensu,
3409 4879 3495 4932 vel

1915 4963 2097 5019 ﬁctum
2133 4964 2330 5020 aﬁ‘erre
2356 4965 2624 5035 propheta
2650 4965 2945 5026 videretur,
2974 4967 3118 5034 quod
3149 4967 3247 5030 ait,
3281 4967 3494 5022 rerbum

1916 5055 2015 5109 Dei
2051 5055 2380 5108 nominavit.
2421 5052 2672 5109 Ostendit
2721 5069 2851 5108 vero
2895 5055 3098 5124 quibus
3135 5057 3316 5112 modis
3350 5061 3495 5111 salu-

1913 5155 2028 5200 lare
2058 5145 2222 5217 M2
2259 5145 2354 5199 Dei
2404 5146 2578 5200 cidere
2625 5146 2812 5210 liceat,
2851 5161 2976 5200 cum
3008 5162 3132 5216 qua:
3163 5152 3341 5203 oculis
3371 5151 3493 5204 sub.

1913 5234 2205 5304 jiciuntur,
2261 5241 2523 5302 tanquam
2568 5234 2778 5288 incerta
2817 5234 3159 5306 celeriusque
3197 5240 3494 5292 arescentia

1911 5324 2235 5394 despicere;
2297 5322 2511 5376 verbum
2566 5330 2750 5377 autem
2792 5321 2928 5389 Dei,
2988 5334 3251 5398 tanquam
3306 5327 3489 5383 vivum

308 5494 570 5562 “Jerem.
598 5520 662 5574 ιι,
697 5504 785 5562 15.
816 5551 819 5555 .
845 5504 1214 5580 ~"_Psal.cu,
1236 5506 1292 5573 8,
1332 5506 1384 5562 9.
1462 5507 1663 5562 “ibid.
1705 5506 1795 5562 to.

1955 5503 2089 5560 ihid.
2164 5501 2209 5535 ’⁸⁸
2246 5499 2378 5556 Luc.
2412 5517 2453 5570 r,
2485 5500 2571 5558 76.
2649 5503 2694 5536 δ’
2732 5502 2891 5561 Joan.
2919 5521 2972 5574 ν,
3011 5507 3100 5562 55.

369 5727 456 5778 no.
483 5709 638 5782 ὕψος.

1423 5646 1430 5653 ·
1536 5620 1769 5677 VARI/IS
1805 5613 2210 5677 LECTIONES.
