3950 6380
457 284 601 353 2339

1779 283 2126 345 PROCOPII
2154 284 2396 346 ΟΑΖᾹΞΙ

3559 298 3689 365 2340

458 407 696 463 semper,
725 406 1049 463 semperque
1094 406 1343 455 manens,
1399 392 1567 447 vitam
1610 391 1848 463 denique
1897 410 2036 449 sem-

2143 396 2378 466 τηρήσῃ,
2417 395 2732 463 θάνατονού
2771 399 2846 469 μὴ
2881 401 2965 471 ῐδῃ
2992 402 3070 465 εἰς
3128 401 3219 457 τὸν
3278 405 3472 462 αἰῶνα.
3513 430 3530 460 ι
3560 413 3703 481 Τινὲς

459 486 728 555 piternam
783 485 1052 541 aﬂ‘crens.
1097 491 1214 536 toto
1263 484 1483 547 animo,
1533 485 1776 554 totisque
1822 485 2038 540 viribus

461 576 711 645 amplecti
752 575 905 629 dicit.
930 573 1089 627 Dicas
1107 581 1314 627 etrerot
1350 582 1441 628 "et
1469 575 1692 631 nomine
1737 573 2038 631 Salvatoris

460 673 734 736 praecepta
782 664 1106 735 signiﬁcari,
1139 666 1231 733 qul
1273 665 1350 718 ait
1434 684 1453 716 ι
1490 666 1874 735 Amen,amen
1915 666 2038 721 dico

458 757 637 821 vobis,
670 755 716 811 si
746 756 871 824 quis
898 770 1207 810 sermonem
1241 771 1418 810 meum
1447 758 1771 821 servaverit,
1805 766 2037 812 mortem

459 863 569 904 non
622 847 828 901 videbit
880 847 935 917 in
981 855 1251 901 aeternum
1286 847 1355 900 '°.
1399 865 1419 899 ›
1466 838 1671 903 Volunt
1720 849 1847 903 item
1898 864 2038 902 non-

458 940 594 994 nulli
641 940 967 1009 prophetam
1011 939 1215 1008 ipsum,
1257 948 1519 1008 tanquam
1567 940 1707 994 elata
1742 954 1874 995 voce
1915 955 2075 1009 per-.

454 1041 747 1086 venturam
786 1030 852 1084 ad
889 1045 1082 1085 omnes
1112 1030 1349 1100 gratiam
1394 1031 1723 1084 denuntiare
1756 1028 2036 1098 jubcatur,

457 1123 635 1194 gentis
665 1137 779 1177 suae
811 1122 1170 1177 miseratione
1205 1129 1568 1183 commotum,
1601 1114 1725 1188 quae
1757 1121 1891 1174 nihil
1928 1121 2036 1190 jam

456 1228 569 1268 non
597 1211 776 1266 solum
803 1210 1089 1275 eximium,
1121 1220 1185 1264 ut
1204 1211 1360 1276 olim,
1387 1226 1510 1264 eum
1542 1211 1633 1264 Dei
1661 1226 1781 1265 sors
1804 1210 2037 1265 exsiste-

458 1314 559 1366 ret,
612 1303 869 1358 habitura
923 1302 1031 1368 sit,
1089 1303 1183 1356 sed
1236 1301 1399 1371 hujus
1455 1303 1620 1356 etiam
1665 1302 1850 1371 gloriae
1897 1303 2039 1357 bono

455 1394 698 1448 caritura
718 1434 733 1459 ,
767 1393 892 1462 quid
941 1393 1176 1447 clamare
1200 1400 1454 1463 oporteat
1481 1393 1799 1463 postulare,
1828 1392 2041 1461 ipsique

455 1485 650 1553 Deum,
699 1499 823 1539 cum
877 1492 1087 1538 tantam
1138 1486 1372 1555 gratiam
1426 1499 1624 1553 capere
1666 1499 1776 1538 non
1828 1493 2039 1554 posset,

458 1573 644 1629 Omnis
675 1573 827 1627 homo
854 1572 1055 1643 fenum,
1089 1571 1444 1640 respondere.
1474 1570 1662 1640 Neque
1693 1570 1837 1625 enim
1872 1579 1926 1624 et
1955 1577 2036 1634 tu,

456 1666 555 1733 ait,
591 1666 684 1735 qui
742 1666 1037 1719 verborum
1094 1678 1342 1718 meorum
1411 1661 1725 1717 ministerio
1786 1660 2039 1717 addictus

455 1764 693 1811 mentem
717 1754 866 1826 geris
892 1770 1058 1810 carne
1085 1754 1464 1820 obscuratam,
1490 1768 1691 1823 capere
1711 1752 1914 1823 possis.
1935 1751 2040 1807 Sed

2138 485 2194 537 δέ
2233 503 2416 554 φασιν,
2451 486 2528 551 ὡς
2556 490 2918 560 προσταχθεὶς
2959 497 2988 549 ὁ
3020 495 3308 565 προφήτης
3339 498 3572 568 κηρύξαι
3611 522 3703 571 με.

2139 576 2469 646 γαλοφώνως
2529 579 2627 649 τὴν
2682 582 2763 643 είς
2791 583 3003 646 πάντας
3081 584 3325 654 ἦξουσαν
3367 589 3546 659 χάριν,
3601 593 3702 648 ἀπὸ

2142 668 2487 734 συμπαθείας
2506 670 2605 739 τῆς
2635 672 2772 742 πρὸς
2804 673 2865 726 τὸ
2894 674 3046 738 ἔθνος
3088 676 3307 742 ἑαυτοῦ,
3363 679 3530 747 μηδὲν
3571 681 3709 752 ἔχειν

2138 756 2414 827 ἐξαιρετὸν
2439 760 2743 829 μέλλοντος,
2777 761 2852 825 ὡς
2872 764 3044 832 ’ἡνίκα
3070 764 3275 835 κλῆρος
3329 767 3542 838 ὑπῆρχε
3557 772 3706 837 Θεοῦ,

2138 847 2446 916 ἀποϐλητοῦ
2477 850 2533 903 δέ
2571 850 2672 920 τῆς
2694 851 2946 923 τοιαύτης
2974 854 3236 924 ἐσομένου
3270 857 3439 926 τιμῆς
3467 860 3712 926 ἐκκοπεὶς

2138 937 2236 1008 τὴν
2267 939 2526 1007 διάνοιαν,
2560 943 2618 996 τί
2644 941 2767 996 δέοι
2790 942 3053 1009 ,βοήσειν
3078 944 3291 1014 ἔλεγεν.
3346 946 3464 1015 Ἐφ’
3493 943 3572 1012 οἷς
3588 951 3711 1017 Θεὸς

2138 1028 2237 1099 τὴν
2310 1030 2577 1100 τοσαύτην
2648 1030 2732 1102 μὴ
2775 1033 3084 1102 χωρήσαντι
3132 1034 3294 1104 χάριν
3354 1036 3492 1106 φησὶ
3523 1076 3537 1100 ,
3599 1041 3714 1107 Πᾶς

2140 1121 2452 1188 ἅνθρωπος
2489 1123 2722 1189 χόρτος.
2753 1124 2861 1177 Καὶ
2893 1125 2955 1176 σὺ
2987 1125 3118 1195 γὰρ,
3152 1126 3343 1197 φησὶν,
3372 1129 3401 1181 ὁ
3432 1131 3544 1192 τοῖς
3572 1131 3712 1200 ἐμοῖς

2139 1211 2554 1280 διακονούμενος
2585 1215 2847 1286 ῥήμασιν,
2881 1214 2985 1268 ὑπὸ
3026 1217 3125 1284 τῆς
3188 1217 3398 1287 σαρκὸς
3447 1219 3537 1271 τὸν
3597 1220 3713 1275 νοῦν

2141 1300 2612 1372 ἐπισκιαζὸμενος,
2649 1307 2848 1374 χωρεῖν
2889 1305 3013 1358 ούδέ
3057 1306 3283 1378 δυνήσῃ.
3341 1308 3491 1380 Πλὴν
3548 1313 3711 1378 πᾶσα,

2141 1389 2325 1458 φησὶν,
2356 1387 2619 1457 ὑπόληψις
2642 1390 2958 1461 ἀνθρωπίνη
3016 1393 3226 1462 ταχέως
3251 1395 3612 1465 παυθήσεται,
3669 1402 3713 1450 οἱ

2141 1478 2267 1547 ἐμοὶ⁸
2292 1477 2350 1530 δὲ
2379 1480 2510 1549 περὶ
2542 1479 2642 1550 τῆς
2674 1481 2752 1543 είς
2777 1481 2987 1545 πάντας
3038 1485 3261 1554 χάριτος
3305 1487 3713 1556 κυρωθήσονται

2140 1566 2310 1636 λόγοι.
2344 1566 2515 1624 Τοῦτο
2544 1572 2637 1624 καὶ
2668 1571 2881 1636 Παῦλος
2908 1574 3107 1645 νοήσας
3140 1574 3331 1644 ἔλεγεν
3371 1592 3385 1607 ⁸
3427 1596 3445 1629 ι
3482 1579 3544 1630 Ὢ
3565 1579 3713 1647 βάθος

2144 1659 2375 1714 πλούτου
2404 1662 2498 1714 καὶ
2560 1662 2783 1730 σοφίαςι
2819 1682 2838 1715 ι
2898 1665 3203 1736 Τοιγαροῦν
3259 1667 3528 1732 ἐπιλύσας
3576 1672 3712 1742 αὐτῷ

2147 1749 2247 1821 τὴν
2268 1751 2623 1822 ἀμφιϐολίαν,
2654 1755 2746 1822 ἀφ’
2782 1752 2952 1824 ὕψους
2977 1755 3077 1826 τῆς
3126 1756 3372 1822 διανοίας
3401 1760 3593 1830 ἐεεξῆς
3623 1780 3715 1833 γη-

455 1846 789 1912 omnis,ait,
832 1847 1242 1916 quamprimum
1290 1846 1528 1900 humana
1573 1844 1812 1901 cessabit
1833 1844 2039 1913 opinio;

2157 1843 2315 1913 ρῦξαι
2346 1844 2804 1914 παρακελεύεται.

457 1954 616 1995 meus
633 1938 1155 2007 autemdegratiain
1182 1952 1374 1993 omnes
1390 1953 1571 1992 sermo
1639 1936 2074 1993 conlirmabitur.
2110 1935 2267 2005 Quod
2291 1949 2418 1993 cum
2466 1938 2634 2006 probe
2678 1939 3003 2010 intelligeret
3031 1939 3235 1997 Paulus
3273 1960 3287 1996 :
3325 1960 3344 1993 ι
3378 1941 3450 1996 -0
3498 1943 3711 2000 altitudi

457 2033 774 2089 divitiarum
794 2042 846 2085 et
865 2027 1177 2100 sapientiae!
1208 2048 1227 2082 ι
1284 2030 1605 2084 exclamans
1642 2027 1782 2082 dixit
1815 2028 1885 2081 ".
1915 2026 2138 2086 Sublata
2155 2028 2325 2100 igitur
2342 2030 2617 2100 propheta:
2636 2030 3129 2104 dubitatione,quaa
3149 2048 3374 2089 summa
3397 2034 3709 2106 cogitatione

457 2125 727 2197 percepit,
749 2124 818 2178 ab
843 2123 1065 2179 excelso
1090 2122 1290 2178 mentis
1302 2121 1568 2191 deinceps
1579 2120 1738 2190 jubet
1754 2126 2115 2175 annuntiare.

529 2219 691 2300 443
728 2217 893 2273 Vens.
936 2217 1098 2274 9-26.
1128 2217 1299 2287 Super
1337 2225 1564 2271 montem
1617 2217 1887 2269 excelsum
1948 2228 2043 2267 as-

2215 2212 2392 2281 θ-κς’.
2435 2215 2553 2268 Ἐπ’
2584 2215 2722 2283 ὅρος
2774 2216 3021 2285 ὑψηλὸν
3066 2212 3345 2285 ἀνάϐηθι,
3406 2219 3441 2271 ὁ
3479 2219 3708 2287 εὐαγγε-

457 2311 638 2374 cende,
664 2311 753 2381 qui
799 2310 1127 2381 euangelizas
1165 2308 1316 2363 Sion.
1368 2307 1571 2362 Exalta
1626 2307 1680 2360 in
1732 2305 2039 2376 fortitudine

2143 2306 2448 2376 λιζόμενος
2468 2307 2641 2361 Σιών.
2668 2307 2962 2378 ”Υψωσον
3013 2309 3083 2363 ἐν
3136 2310 3319 2377 ἰσχύϊ
3356 2308 3473 2376 τὴν
3518 2310 3709 2378 φωνήν

456 2418 632 2457 uocem
668 2410 835 2467 tuam,
880 2402 971 2471 qui
1019 2400 1347 2470 euangelizas
1404 2397 1730 2452 Jerusalem.
1776 2397 2041 2461 Attollite,

459 2494 622 2549 nolite
659 2495 864 2547 timere.
891 2476 1063 2545 Dic-ite
1084 2492 1387 2545 civitatibus
1415 2488 1561 2543 Iuda
1590 2505 1609 2543 :
1642 2489 1778 2542 Ecce
1802 2487 1944 2542 Deus
1964 2504 2047 2542 ve-

458 2596 607 2649 ster;
644 2602 760 2640 ecce
796 2583 1058 2638 Dominus
1118 2598 1237 2636 cum
1269 2581 1585 2650 fortitudine
1629 2584 1788 2647 venit,
1835 2588 1884 2635 et
1924 2579 2046 2633 bra-

2144 2412 2283 2466 σου,
2308 2401 2341 2452 d
2371 2398 3348 2471 εὐαγγελιᾷίμενοςἸερουσαλήμ.
3394 2402 3705 2470 Tal-(boat?

2136 2489 2225 2560 μὴ
2254 2491 2556 2560 φοϐεῖσθε.
2592 2489 2782 2550 Εἶπον
2826 2492 2954 2560 ταῖς
3011 2494 3279 2547 πόλεσιν
3317 2494 3537 2548 Ἰούδα·
3575 2494 3728 2548 Ἰδοὺ.

2147 2582 2292 2648 Θεὸς
2339 2586 2371 2637 ό
2399 2582 2586 2652 ὑμῶν,
2623 2582 2753 2637 ιδοὺ
2794 2585 3027 2652 Κύριος.
3068 2586 3288 2653 Κύριος
3338 2583 3490 2655 μετὰ
3515 2586 3705 2654 ἰσχύος

458 2674 635 2729 citium
692 2674 806 2744 ejus
865 2689 984 2728 cum
1033 2671 1418 2726 dominatione.
1475 2670 1611 2726 Ecce
1668 2686 1866 2725 merces
1930 2669 2039 2738 eius

2143 2669 2397 2740 ἔρχεται,
2454 2671 2553 2725 καὶ
2603 2675 2637 2726 ό
2681 2673 2955 2741 βραχίων
3005 2675 3155 2743 μετὰ
3201 2675 3441 2743 κυρίας.
3484 2674 3630 2730 Ἰδοὺ
3676 2674 3705 2730 ὀ

459 2778 578 2831 cum
606 2780 688 2832 eo,
716 2772 823 2820 etc.

527 2853 695 2928 ω
720 2852 924 2908 Ordine
966 2852 1101 2923 jam,
1133 2859 1424 2923 postquam
1457 2850 1525 2906 de
1559 2865 1694 2906 voce
1740 2850 1795 2904 in
1850 2849 2046 2905 solitu-

461 2944 590 3001 dine
627 2945 901 2999 clamante
938 2942 1222 3007 disseruit,
1272 2941 1338 2995 ad
1385 2941 1754 3010 evangelistas
1807 2938 2046 2993 Christi-

461 3051 569 3105 que
599 3035 891 3090 adventum
923 3032 1142 3089 transit.
1172 3031 1374 3086 Locnm
1405 3047 1533 3088 vero
1569 3033 1713 3086 hunc
1738 3030 1792 3083 in
1813 3029 2034 3083 modum

463 3126 866 3193 interpretatur
892 3122 1094 3192 Aquila
1125 3139 1139 3177 :
1178 3120 1244 3176 In
1292 3132 1518 3176 montem
1549 3121 1816 3175 excelsum
1851 3134 2036 3173 ascen-

2137 2762 2355 2832 μισθὸς
2387 2763 2754 2836 αὑτοῦμετὰ
2784 2765 2991 2831 αὐτοῦ,
3023 2782 3077 2819 κ.
3116 2784 3168 2819 τ.
3202 2766 3261 2820 λ.

2225 2853 2559 2918 Ἀκολούθως
2590 2856 2727 2925 μετὰ
2748 2856 2849 2928 τὴν
2881 2858 2939 2910 ἐν
2960 2859 3027 2929 τῇ
3064 2858 3266 2929 ἐρήμῳ
3291 2857 3499 2929 βοῶσαν
3514 2858 3698 2928 φωνὴν,

2143 2942 2212 2997 τὰ
2242 2943 2372 3016 περὶ
2408 2945 2515 2997 τῶν
2553 2946 2954 3014 εὐαγγελιστῶν
2983 2949 3078 3000 καὶ
3133 2952 3232 3018 τῆς
3271 2949 3508 3020 Χριστοῦ
3522 2964 3704 3018 παρου-

2148 3035 2267 3097 σίας
2329 3035 2627 3106 ἐπήγαγεν.
2663 3035 2723 3089 '0
2783 3037 2838 3090 δὲ
2888 3037 3118 3102 Ἀκύλας
3167 3039 3343 3109 φησίν
3381 3038 3531 3091 ’Ἐπ’
3583 3037 3695 3105 ὄρος

2142 3126 2389 3193 ὑψηλὸν
2464 3126 2738 3193 ἀνάϐηθι,
2776 3128 2963 3196 ἑαυτῇ
3009 3128 3511 3199 εὐαγγελιζομέγη
3545 3126 3697 3180 Σιών.

458 3217 550 3284 de,
575 3232 691 3288 quae
713 3215 806 3269 tibi
837 3214 937 3283 ipsi
964 3213 1314 3284 euangelizas,
1342 3212 1503 3278 Sion;
1524 3222 1573 3266 et
1599 3211 1781 3264 attolle
1828 3210 2037 3280 fortiter

2143 3215 2250 3270 Καὶ
2295 3214 2531 3282 ἐπείρων
2565 3215 2583 3254 1
2610 3218 2872 3287 ἰσχυρῶς
2900 3218 3018 3287 τὴν
3077 3219 3700 3288 φωνὴν,εὐαγγελισα-

462 3322 792 3376 uocem,qua:
819 3304 1169 3374 evangelisas,
1196 3303 1517 3358 Jerusalem.
1549 3302 1856 3372 Cancrique
1883 3301 2038 3356 simi-

463 3397 612 3463 liter,
640 3405 899 3465 tanquam
930 3393 998 3448 ad
1033 3409 1121 3449 res
1154 3394 1449 3456 animatas,
1482 3391 1788 3447 Jerusalem
1825 3398 1880 3445 et
1916 3389 2040 3444 Sio-

464 3504 614 3553 nem,
651 3502 958 3543 sermonem
993 3485 1257 3556 dirigunt.
1296 3483 1366 3539 1n
1417 3499 1571 3555 quem
1627 3494 1760 3539 vero
1808 3490 2038 3535 montem

465 3578 709 3635 ascendet
748 3577 897 3644 Sion,
938 3586 1132 3631 cumet
1160 3577 1269 3645 ipse
1295 3591 1444 3631 mons
1477 3575 1724 3629 dicatur?
1770 3572 2038 3643 Legimus

463 3671 657 3724 enim:
701 3687 722 3721 ι
770 3669 926 3725 Mons
977 3668 1129 3733 Sion,
1173 3667 1227 3721 in
1277 3681 1388 3738 quo
1444 3665 1700 3720 habitasti
1729 3665 1799 3719 “.
1847 3681 1867 3716 ι
1930 3660 2035 3718 Et:

470 3780 490 3815 ι
528 3762 646 3816 Non
690 3762 835 3817 enim
867 3760 1182 3816 accessistis
1219 3759 1290 3814 ad
1326 3769 1567 3813 montem
1608 3756 1743 3811 Sion
1774 3758 1841 3809 ⁵³.
1877 3773 1896 3806 ι
1924 3753 2037 3810 .Vi-

464 3855 626 3909 detur
664 3853 827 3924 igitur
861 3852 1233 3921 apostolorum
1259 3851 1489 3905 chorum
1523 3848 1858 3918 signiﬁcare,
1891 3861 2033 3917 quos

467 3955 623 4001 antea
651 3960 746 3999 cor
782 3943 1107 4009 Jerusalem,
1132 3952 1388 4013 tanquam
1415 3956 1446 3996 e
1473 3940 1804 3995 circumciso
1833 3940 2036 4011 populo

465 4038 700 4095 eximios
734 4039 947 4107 aliquos
984 4036 1103 4091 ideo
1139 4034 1452 4105 appellavit,
1481 4033 1628 4104 quod
1667 4032 1764 4087 Dei
1794 4034 2036 4088 salutare

466 4130 669 4198 adepti,
706 4128 973 4184 sublimes
1003 4128 1194 4196 aliqui,
1231 4125 1633 4196 unigenitoque
1666 4125 1877 4180 similes
1908 4141 2038 4180 eva-

466 4222 690 4285 sissent,
721 4220 813 4291 qui
857 4236 1004 4274 mons
1038 4235 1163 4275 esse
1214 4235 1437 4290 quoque
1473 4220 1677 4275 dicitur
1730 4234 1745 4271 :
1781 4218 1836 4272 in
1886 4233 2038 4288 quem

467 4314 766 4376 ascendere,
791 4313 1106 4383 Christique
1141 4312 1435 4367 adventum
1477 4312 1852 4382 promulgare,
1899 4310 2036 4365 nihil

2138 3304 2295 3375 μένη
2333 3305 2753 3376 Ἰερουσαλήμ.
2789 3310 2893 3363 Καὶ
2909 3311 2962 3363 οῖ
2986 3310 3165 3365 λοιποὶ
3196 3310 3259 3363 δὲ
3292 3310 3608 3380 συμφώνως,
3635 3309 3700 3371 ὡς

2120 3398 2279 3468 πρὸς
2307 3398 2548 3470 ἔμψυχον
2576 3400 2677 3470 τὴν
2717 3401 3070 3472 Ἰερουσαλὴμ
3116 3405 3210 3456 καὶ
3264 3402 3363 3473 τὴν
3403 3401 3535 3455 Σιὼν
3580 3401 3699 3454 Etito-

2144 3491 2427 3545 τείνονται.
2466 3492 2596 3546 Ἐπὶ
2625 3491 2800 3547 ποῖον
2837 3488 2952 3548 οὖν
2997 3493 3233 3547 ἄνεισιν
3277 3494 3417 3562 ὅρος
3449 3492 3489 3560 ἡ
3544 3491 3696 3568 Σιὼν,

2143 3583 2184 3651 ἡ
2212 3582 2310 3636 καὶ
2333 3583 2489 3651 αὑτὴ
2516 3582 2654 3651 ὅρος
2689 3584 3012 3653 λεχθεῖσα;
3061 3585 3204 3640 κατὰ
3232 3586 3319 3652 τὸ,
3350 3605 3369 3639 ι
3406 3586 3563 3656 Ὄρος
3578 3582 3700 3636 Σιὼν

2142 3672 2303 3726 τοῦτο
2345 3672 2374 3725 δ
2421 3676 2846 3745 κατεσκήνωσας
2877 3677 2934 3731 ἐν
2990 3677 3164 3747 αὐτῷ.
3206 3696 3225 3728 s
3268 3678 3398 3739 Καὶ,
3434 3695 3453 3727 ι
3482 3675 3552 3728 Ού
3603 3674 3696 3742 γὰρ
3747 3720 3755 3731 .

2145 3763 2580 3836 προσεληλύθατε
2611 3767 2748 3819 Σιὼν
2804 3767 2944 3838 ὄρει.
2987 3787 3005 3820 ι
3051 3770 3237 3822 Ἔοικε
3308 3771 3487 3823 τοίνυν
3521 3765 3696 3837 δηλοῦν

2142 3854 2235 3908 τὸν
2290 3855 2398 3908 τῶν
2466 3856 2778 3911 ἀποστόλων
2839 3858 3023 3929 χορὸν,
3047 3857 3142 3922 οὒς
3181 3860 3281 3913 καὶ
3330 3859 3441 3914 ἄνω
3495 3857 3699 3928 καρδίαν

2143 3944 2341 4016 ἔφησεν
2357 3946 2662 4017 Ἰερουσαλὴ
2672 3965 2730 4018 μ,
2753 3949 2828 4013 ὼς
2862 3950 2926 4002 ἂν
2941 3950 3004 4003 ἐκ
3031 3949 3123 4004 τοῦ
3155 3953 3220 4004 ἐκ
3245 3949 3547 4022 περιτομῆς
3572 3947 3697 4012 ἐξει-

2143 4033 2408 4103 λεγμένου
2442 4035 2595 4102 λαοῦ,
2628 4037 2679 4089 οἳ
2736 4038 2832 4091 καὶ
2858 4037 2917 4091 τὸ
2942 4069 2945 4072 ν
2966 4042 3231 4112 σωτήριον
3265 4041 3361 4094 τοῦ
3412 4039 3541 4093 Θεοῦ
3574 4054 3696 4107 παρ·

2144 4124 2392 4190 εδέξαντο
2450 4126 2750 4198 ἐπηρμένοι
2777 4128 2922 4199 τινες
2976 4129 3153 4195 ὄντες,
3206 4132 3306 4186 καὶ
3336 4131 3413 4202 τῷ
3443 4129 3699 4201 μονογενεῖ

2144 4217 2612 4288 παρεικασθέντες
2643 4221 2764 4288 ὄρει
2785 4222 2879 4275 καλ⁸
2924 4212 3074 4292 αὒτῷ
3124 4224 3511 4294 χρηματίζοντι
3542 4236 3556 4252 '
3615 4215 3696 4287 ἐφ’

2146 4307 2219 4362 ὃν
2245 4308 2475 4363 ἀνιέναι
2503 4309 2836 4377 κελεύονται,
2868 4314 2961 4367 τοῦ
2993 4314 3231 4384 Χριστοῦ
3264 4315 3377 4386 τὴν
3418 4311 3695 4383 παρουσίαν

2146 4396 2502 4467 κηρύξαντες,
2528 4400 2632 4454 κᾶν
2659 4417 2804 4464 τινες
2831 4403 3200 4468 ἐπαναστῶσι,
3249 4403 3473 4457 δεδιέναι
3503 4386 3659 4471 μηδὲῖ
3679 4409 3691 4424 ⁸

2145 4488 2311 4560 ἤγουν
2346 4490 2422 4559 μὴ
2444 4488 2619 4563 λάθρα
2650 4484 2924 4546 διδάσκειν
2964 4495 3199 4559 κελεύει,
3261 4493 3596 4566 δημοσιεύειν
3646 4487 3695 4540 δὲ

465 4406 722 4474 denique,
763 4405 1168 4476 quantumlibet
1210 4404 1501 4473 insurgant
1551 4401 1742 4473 aliqui,
1794 4409 2039 4456 metuere

462 4498 725 4568 iubentur
755 4515 769 4551 :
802 4497 852 4551 id
876 4505 979 4562 est,
1013 4512 1121 4551 non
1153 4497 1316 4560 clam,
1342 4496 1436 4550 sed
1464 4495 1712 4565 publice,
1734 4508 1845 4548 non
1877 4493 2040 4548 unius

466 4598 522 4645 et
553 4590 778 4644 alterius
796 4596 1029 4652 tantum,
1055 4588 1152 4643 sed
1170 4588 1413 4641 omnium
1432 4586 1659 4641 auribus
1680 4584 2035 4653 Evangelium

2143 4579 2202 4631 τὸ
2236 4581 2518 4651 κήρυγμα,
2579 4583 2675 4636 καὶ
2718 4584 2943 4653 ποιῆσαι
2978 4586 3144 4639 πᾶσιν
3174 4586 3514 4653 ἐξάκουστον,
3569 4578 3694 4635 κατὰ

466 4694 790 4751 personare,
817 4678 971 4747 juxta
1014 4677 1145 4733 illud
1178 4694 1192 4730 :
1235 4694 1254 4727 ι
1284 4674 1439 4742 Quod
1473 4677 1526 4728 in
1560 4689 1697 4728 aure
1718 4672 1942 4739 auditis,
1980 4672 2035 4728 in

2143 4670 2224 4737 τὸ,
2284 4688 2303 4722 t
2348 4673 2413 4724 Ὃ
2446 4672 2672 4727 ἀκούετε
2737 4675 2819 4738 είς
2843 4675 2903 4728 τὸ
2956 4674 3073 4740 οῦς,
3137 4677 3233 4730 ἐπὶ
3289 4676 3399 4729 τῶν
3449 4671 3692 4742 δωμάτων

465 4771 628 4825 tectis
659 4771 980 4823 annuntiate
1002 4766 1070 4821 “.
1101 4784 1120 4817 ι
1148 4767 1326 4836 Atque
1353 4765 1404 4818 id
1433 4766 1609 4833 ipsum
1635 4772 1783 4818 certe
1820 4764 2039 4833 praesti-

2147 4761 2443 4833 κηρύξατε.
2488 4782 2508 4817 ι
2559 4766 2624 4818 ‘0
2647 4767 2742 4820 καὶ
2768 4766 2957 4836 ἔλεγον
3012 4768 3485 4839 προσευχόμενοι·
3521 4782 3539 4814 ι
3598 4758 3694 4813 Καὶ

468 4869 673 4922 terunt,
696 4876 819 4914 cum
844 4868 1068 4914 orantes
1097 4858 1357 4912 dixerunt
1383 4873 1398 4910 :
1422 4851 1460 4907 ἰ
1498 4853 1566 4908 Ει
1595 4870 1761 4925 nunc,
1792 4852 2039 4918 Domine,

2148 4851 2265 4918 νῦν,
2301 4852 2498 4926 Κύριε,
2534 4856 2684 4910 ἔπιδε
2711 4858 2806 4911 ἐπὶ
2825 4858 2927 4924 τὰς
2958 4860 3192 4923 ἀπειλὰς
3253 4858 3450 4921 αὐτῶν,
3483 4855 3572 4908 καὶ
3616 4851 3694 4910 δὸς

468 4953 680 5006 intuere
714 4953 766 5004 in
798 4950 960 5022 445
997 4951 1172 5004 minas
1203 4962 1394 5004 eorum
1433 4962 1447 4999 :
1486 4954 1541 5001 et
1594 4945 1660 5000 da
1716 4945 1889 4999 servis
1934 4944 2039 5000 tuis

2150 4947 2261 5008 τοῖς
2286 4945 2492 5009 δούλοις
2518 4964 2613 5000 σου
2647 4949 2788 5016 μετὰ
2839 4952 3156 5020 παρρησίας
3214 4950 3390 5004 λαλεῖν
3436 4946 3524 5000 τὸν
3554 4942 3694 5006 λόγον

466 5058 590 5097 cum
629 5043 877 5098 libertate
907 5043 1051 5112 loqui
1077 5042 1296 5096 verbum
1331 5046 1485 5093 tuum
1514 5038 1581 5091 ⁸⁸.
1624 5055 1644 5088 ι
1681 5034 1886 5091 Deinde
1907 5052 2037 5092 vero

2143 5052 2292 5090 σου.»
2326 5038 2436 5092 Καὶ
2456 5039 2516 5092 τὺ
2538 5039 2667 5093 ἰδοὺ
2694 5040 2751 5093 δὲ
2774 5040 3130 5110 λέγων,φασὶ,
3155 5041 3216 5094 τὸ
3243 5041 3315 5111 μὴ
3343 5036 3476 5110 μετὰ
3497 5030 3695 5104 μακράν

469 5133 614 5202 quod
645 5150 758 5187 ecce
786 5134 944 5198 dixit,
988 5148 1095 5187 non
1129 5134 1287 5203 longe
1315 5131 1435 5200 ejus
1477 5130 1771 5184 adventum
1817 5129 2030 5191 abesse,

2143 5127 2289 5197 ἥξειν
2310 5128 2479 5199 δηλοῖ,
2512 5133 2797 5201 μονονουχὶ
2822 5134 3050 5202 πλησίον
3079 5132 3207 5185 ὄντα
3263 5128 3487 5189 δεικνύς.
3509 5123 3693 5186 Ἥγουν

467 5223 561 5278 sed
608 5223 810 5277 instare
861 5223 1222 5277 demonstrat.
1275 5221 1439 5277 Jubet
1492 5220 1679 5291 itaque
1730 5219 2028 5272 civitatibus

2143 5218 2264 5284 ταῖς
2290 5221 2734 5275 πόλεσινἸούδα
2753 5223 2963 5277 κελεύει
2991 5224 3138 5295 βοᾷν,
3163 5226 3282 5287 ταῖς
3303 5219 3503 5276 τούτων
3522 5212 3685 5280 δηλον·

466 5315 499 5369 .1
508 5316 645 5382 udte,
674 5315 727 5369 id
750 5323 832 5371 est
860 5318 1148 5387 synagogis
1171 5357 1188 5383 ,
1219 5315 1518 5369 inclamare
1538 5328 1661 5367 eum
1692 5311 1875 5381 ipsum.
1894 5327 2038 5378 esse,

2151 5314 2235 5366 ότι
2295 5314 2660 5393 συναγωγαῖς,
2720 5313 2798 5378 ὡς
2858 5307 3013 5379 οὗτος
3094 5317 3302 5377 ἐκεῖνος
3357 5313 3386 5364 ὁ
3439 5297 3690 5376 πρόπαλαι

582 5431 629 5465 ⁸ο
658 5429 816 5485 Joan.
856 5447 971 5498 vin,
1001 5430 1091 5485 51.
1167 5430 1208 5461 ⁸¹
1244 5429 1404 5485 ltom.
1436 5445 1513 5496 IS,
1544 5428 1614 5484 55
1687 5426 1732 5458 ⁸²
1769 5424 1915 5484 Psal.
1956 5445 2039 5490 1.x:

2143 5469 2152 5496 ν
2182 5431 2236 5484 9-
2339 5429 2386 5462 ⁸³
2413 5428 2579 5486 Hebr.
2623 5445 2724 5497 xu,
2748 5429 2838 5487 ἓξ.
2915 5431 2963 5464 ⁸⁸
3003 5431 3189 5487 Matth.
3225 5443 3278 5497 ς,
3313 5428 3405 5483 ‘27.
3499 5425 3539 5455 ⁸⁸
3575 5424 3686 5471 Λει-

470 5516 544 5566 lv,
569 5501 661 5556 ΞΕ).

552 5679 571 5722 ι
718 5681 740 5713 ς
1760 5591 1989 5649 VARUS
2027 5588 2428 5647 LECTIONES.

598 5701 687 5755 γρ.
717 5681 920 5753 ἔπειρον
937 5717 952 5734 .
2115 5729 2128 5741 ,
2173 5710 2178 5714 .
