3950 6390
190 305 328 372 23:1

1319 313 1851 379 COMMENTARII
1883 315 1964 375 IN
2031 295 2312 381 ISAIAM.

3305 321 3446 385 2342
3468 350 3477 355 ε

192 413 666 487 προσδοκώμενος,
697 420 899 487 φωναῖς
924 421 1092 490 ἁγίων
1117 426 1618 495 προκαταγγελοεὶς
1647 441 1779 494 προ-

1885 424 1973 491 qui
2000 425 2202 481 dudum
2234 435 2604 498 exspectatus,
2633 429 3019 501 pmphetarum
3048 430 3273 488 vocibus
3319 443 3451 490 ante

192 523 401 577 φητων.

272 599 362 651 Ἐν
393 598 577 668 ταυτῷ
612 598 668 652 δὲ
705 600 799 653 καὶ
827 601 925 671 τὴν
951 604 1115 657 αύτοῖ
1148 606 1454 677 παρουσίαν
1482 607 1769 678 ἐδήλωσεν,

185 686 337 757 μετὰ
374 687 650 757 μεγάλης
690 691 907 759 ἰσχύος
936 690 1109 760 ἥξειν·
1150 696 1325 752 εἰπὼν
1356 699 1452 752 καὶ
1482 699 1773 767 κυριακῆς

190 779 534 847 αὐθεντίας,
554 782 643 834 ὅτε
666 783 804 852 πρὸς
834 784 905 838 τὰ
929 784 1067 854 ἔργα
1095 788 1190 841 καὶ
1218 790 1310 842 τὸν
1343 789 1535 860 μισθὸν
1557 791 1772 860 ἑκάστῳ

188 869 509 940 παρέξεται.
547 871 818 945 Καθάπερ
848 875 1023 944 ἔλεγε·
1066 895 1086 929 ι
1113 879 1312 933 Μέλλει
1340 880 1449 951 γὰρ
1477 883 1505 934 ὁ
1528 881 1653 945 Υἱὸς
1677 881 1772 934 τοῦ

186 960 484 1030 ἀνθρώπου
520 960 777 1033 ἔρχεσθαι
806 967 866 1019 ἐν
896 968 961 1037 τῇ
989 967 1116 1039 δόξῃ
1147 971 1244 1023 τοῦ
1290 972 1534 1042 Πατέρος
1583 973 1770 1037 αὑτοῦ,

188 1049 286 1102 καὶ
318 1049 593 1103 ἀποδώσει
643 1049 859 1125 ἑκάστῳ
904 1055 1048 1109 κατὰ
1076 1058 1147 1110 τὰ
1178 1058 1315 1128 ἔργα
1346 1061 1529 1117 αὐτοῦ.
1560 1080 1579 1113 ι
1612 1061 1775 1125 Τινὲς

186 1138 244 1191 δὲ
271 1139 369 1192 καὶ
403 1139 578 1193 ταῦτα
618 1142 714 1194 ἐπὶ
729 1144 831 1213 τῆς
860 1149 1133 1218 προτέρας
1163 1150 1416 1217 ἐδέξαντο
1443 1152 1770 1222 παρουσίας,

188 1228 479 1282 δεικνύντα
520 1229 595 1301 μὴ
637 1232 881 1286 καθ’ἒνα
924 1236 1035 1290 τῶν
1081 1239 1379 1310 προφητῶν
1408 1240 1560 1310 ἥξειν
1586 1242 1773 1305 αὑτὸν,

191 1319 240 1373 οἳ
269 1320 365 1373 καὶ
398 1320 944 1393 θαυματουργοῦντες
972 1326 1222 1399 ηὔχοντο.
1253 1323 1488 1399 Χριστὸς
1537 1331 1593 1385 δὲ
1642 1333 1775 1386 κατ’

192 1409 479 1464 αὐθεντίαν
524 1411 724 1483 ἠλαυνε
771 1415 921 1485 πάθη
971 1418 1067 1470 καὶ
1111 1419 1524 1488 δαίμονας.”οτι
1570 1422 1627 1475 δὲ
1673 1422 1775 1476 οὐκ

191 1502 443 1571 ἄκαρπον
470 1502 610 1574 ὑπὲρ
634 1503 793 1573 ἡμῶν
814 1505 1079 1575 ὑπέμεινε
1100 1508 1193 1562 τὸν
1222 1510 1454 1581 σταυρὸν
1487 1510 1655 1582 δηλοῖ,
1684 1511 1775 1565 λέ-

192 1606 304 1655 γων
322 1605 338 1620 ’
355 1588 507 1642 Ἰδοὺ
527 1593 559 1644 ὀ
574 1590 797 1659 μισθὸς
821 1593 1009 1647 αὐτοῦ
1030 1594 1159 1662 μετ’
1174 1597 1613 1667 αὑτοῦ.”Ελεγεν
1634 1600 1770 1672 γάρ’

199 1700 218 1730 ι
238 1678 366 1732 Ἐὰν
391 1680 469 1751 μὴ
495 1682 524 1734 ό
551 1680 752 1745 κόκκος
771 1682 867 1736 τοῦ
890 1683 1039 1738 σίτου
1063 1687 1244 1740 πεσὼν
1270 1689 1352 1753 εἰς
1378 1689 1481 1761 τὴν
1505 1693 1611 1762 γῆν
1634 1692 1773 1745 ἀπο-

1874 516 2230 574 denuntiatus
2261 522 2352 574 sit.

1949 604 2128 661 Simul
2161 618 2345 663 autem
2382 617 2436 664 et
2485 609 2607 679 ejus
2642 610 2934 664 adventum
2972 608 3260 671 indicavit.
3303 613 3449 681 quod

1874 714 2069 768 magna
2106 706 2226 751 cum
2272 701 2463 753 virtute
2508 708 2558 755 et
2600 710 2858 769 potestate
2889 701 3294 768 dominationis,
3339 721 3451 772 quo

1872 791 2123 853 tempore
2184 786 2495 840 mercedem
2574 786 2875 857 unicuique
2932 791 3237 843 secundum
3284 805 3449 858 opera

1873 874 2262 944 persoluturus
2299 884 2404 939 est,
2455 887 2745 932 venturum
2778 879 3086 934 aﬂirmavit.
3113 881 3291 950 Atque
3322 883 3449 937 hinc

1873 973 1979 1031 est,
2009 966 2157 1036 quod
2199 966 2425 1022 dicebat
2456 983 2470 1020 :
2516 987 2535 1019 ι
2563 968 2738 1024 Filius
2765 969 3008 1027 hominis
3041 973 3222 1026 veniet
3250 974 3303 1027 in
3328 975 3452 1042 glo-

1874 1056 2163 1112 ria‘Patris
2193 1057 2305 1121 sui,
2328 1065 2382 1111 et
2412 1058 2604 1114 reddet
2636 1060 2938 1130 unicuique
2963 1063 3264 1117 secundum
3284 1079 3450 1133 opera

1879 1163 1979 1202 sua
2007 1148 2077 1201 “.
2120 1167 2139 1200 ι
2172 1145 2294 1202 Non
2340 1148 2563 1215 desunt,
2600 1151 2693 1220 qui
2726 1152 2831 1206 ista
2877 1154 3044 1206 etiam
3100 1153 3168 1208 ad
3210 1155 3450 1223 priorem

1876 1241 2171 1294 adventum
2204 1238 2488 1307 referant;
2521 1256 2663 1310 quas,
2692 1257 2804 1295 non
2842 1252 2901 1297 ut
2926 1260 3092 1297 unum
3121 1261 3185 1299 ex
3219 1246 3455 1316 prophe-

1875 1331 1947 1386 tis
1979 1331 2250 1401 aliquem,
2277 1331 2373 1400 qui
2405 1331 2677 1385 miracula
2700 1333 2926 1387 edentes
2950 1335 3339 1402 precabantur,
3379 1335 3459 1404 ip-

1876 1436 1996 1477 sum
2028 1429 2320 1476 venturum
2345 1422 2753 1487 demonstrent,
2790 1437 2915 1477 cum
2945 1438 3045 1478 sua
3072 1426 3235 1478 unius
3297 1434 3450 1495 pote-

1876 1520 2019 1568 state
2053 1521 2110 1568 et
2153 1512 2376 1568 morbos
2411 1520 2466 1568 et
2518 1514 2797 1569 daemonas
2839 1515 3168 1583 corporibus
3199 1514 3453 1571 Christus

1876 1605 2138 1675 abegerit.
2172 1602 2361 1674 Neque
2387 1620 2521 1660 vero
2558 1605 2680 1660 sine
2733 1605 2938 1670 fructu,
2975 1616 3173 1661 nostro
3231 1608 3456 1663 nomine

1878 1710 2101 1751 crucem
2129 1696 2371 1752 subiisse
2404 1696 2675 1761 ostendit,
2706 1711 2831 1752 eum
2863 1699 2957 1752 ait:
2991 1697 3129 1751 Ecce
3148 1714 3341 1753 merces
3361 1710 3453 1752 tua

193 1768 331 1866 θάνῃ
353 1808 371 1832 ,
407 1770 573 1866 αύτὺς
608 1770 766 1841 μόνος
795 1773 1112 1843 μένει.⁹Εὰν
1146 1777 1214 1841 ,δὲ
1257 1779 1526 1854 ἀποθάνῃ,
1559 1782 1772 1854 καρπὸν

1885 1803 2100 1842 mecum.
2138 1785 2285 1841 Dixit
2327 1788 2473 1843 enim
2512 1804 2527 1841 :
2571 1805 2591 1839 ι
2620 1786 2737 1844 Nisi
2766 1803 2997 1859 granum
3046 1788 3310 1866 frumenti
3356 1804 3455 1845 ca-

192 1859 361 1912 πολὺν
413 1859 594 1930 φέρει.
622 1878 642 1911 ι
679 1862 788 1915 Kal
837 1862 1035 1917 πάλινο
1075 1867 1244 1920 «Ἐάν
1290 1868 1490 1939 ὑψωθῶ
1534 1872 1599 1925 ὲκ
1643 1872 1770 1942 γῆς,

194 1949 408 2009 πάντας
436 1946 650 2000 ἑλκύσω
676 1948 814 2018 πρὸς
843 1951 1104 2020 ἐμαυτόν.
1133 1972 1152 2005 ι
1196 1956 1307 2009 Καὶ
1334 1957 1547 2022 Παῦλος
1585 1958 1642 2012 δέ
1673 1977 1775 2030 φη-

193 2049 317 2087 σιν’
372 2051 394 2085 ι
419 2034 710 2103 Ὑπέμεινε
755 2039 988 2108 σταυρὸν
1036 2043 1299 2116 αἰσχύνης
1328 2048 1770 2119 καταφρονήσας.

191 2125 284 2178 Διὸ
313 2125 410 2179 καὶ
439 2127 469 2179 ὁ
495 2126 628 2191 Θεὸς
658 2129 821 2183 αὐτὸν
848 2131 1176 2203 ὑπερύψωσε
1197 2176 1212 2202 ,
1242 2138 1337 2192 καὶ
1363 2139 1656 2211 ἐχαρίσατο
1680 2142 1776 2196 αὑ-

192 2216 273 2287 τῷ
300 2218 362 2269 τὸ
392 2217 565 2288 ὄνομα
597 2219 659 2273 τὸ
690 2221 832 2292 ὑπὲρ
858 2225 965 2278 πᾶν
994 2225 1189 2297 ὄνομα,
1224 2228 1312 2283 ἵνα
1342 2231 1400 2282 ἐν
1429 2231 1508 2302 τῷ
1548 2231 1776 2303 ὀνόματι

194 2306 385 2374 αὑτοῦ,
417 2327 438 2361 ι
491 2308 589 2363 καὶ
635 2309 704 2364 τὰ
752 2311 902 2383 ἑξῆς.
951 2317 1064 2370 Kal
1093 2319 1121 2372 ὁ
1154 2319 1319 2374 Δαϐὶδ
1345 2320 1401 2374 δὲ
1434 2321 1732 2392 προῠλεγεν
1757 2341 1771 2355 ·

201 2417 221 2449 ι
245 2398 437 2453 Πάντα
476 2400 546 2453 τὰ
586 2399 715 2472 ἔθνη
741 2402 841 2456 ὅσα
868 2405 1132 2476 ἐποίησας
1168 2410 1376 2479 ἥξουσι,
1409 2414 1502 2465 καὶ
1532 2430 1777 2484 προσκυ-

195 2490 456 2559 νήσουσιν
479 2490 721 2545 ὲνὼπιόνι
739 2511 856 2550 σου.
889 2514 907 2546 ι
942 2497 1015 2549 Τὸ
1039 2499 1115 2561 δὲ,
1135 2499 1230 2566 Ὧς
1257 2502 1484 2571 ποιμὴν
1504 2506 1787 2574 ποιμανεῖ

196 2580 265 2633 τὸ
311 2581 594 2649 ποίμνιον
637 2582 846 2646 αὐτοῦ,
894 2578 1343 2659 ὁμολογουμένως
1372 2595 1474 2663 τῆς
1506 2594 1779 2665 προτέρας

197 2668 318 2721 ἐστὶ
349 2670 674 2737 παρουσίας.
696 2671 782 2735 Ὠς
818 2672 948 2738 Θεὸς
985 2677 1083 2746 μὲν
1108 2678 1214 2751 γὰρ
1239 2685 1435 2751 κρινεῖ,
1469 2684 1544 2747 ὡς
1565 2686 1621 2739 δὲ
1646 2703 1777 2756 μορ·

199 2759 308 2832 φὴν
332 2760 521 2814 δούλου
542 2762 722 2817 λαϐὼν
752 2767 1091 2835 ποιμαίνειν
1114 2770 1181 2825 τὸ
1203 2773 1484 2841 ποίμνιον
1511 2776 1727 2847 εἴρηται
1752 2779 1781 2831 ό

198 2851 395 2919 λέγων,
414 2851 554 2921 Ἐγὼ
584 2856 701 2923 είμι
731 2856 760 2909 δ
786 2857 989 2930 ποιμὴν
1015 2861 1044 2913 ό
1074 2861 1258 2925 καλός.
1280 2865 1581 2934 Βραχίονα
1609 2867 1665 2920 δὲ
1686 2869 1782 2921 αύ-

198 2942 295 2995 τοῦ
319 2942 497 3007 καλεῖ,
514 2946 668 3011 φασὶ,
698 2945 798 3016 τὴν
819 2946 1070 3020 θεότητα,
1098 2950 1165 3004 δι’
1181 2947 1241 3004 οὗ
1257 2954 1551 3019 συνάξειν
1569 2956 1780 3024 ἄρνας,

200 3035 301 3088 καὶ
349 3035 423 3089 ἐν
466 3036 680 3105 γαστρὶ
727 3038 995 3108 ἐχούσας
1047 3045 1493 3113 παρακαλέσειν
1544 3049 1779 3119 εἴρηται.

203 3126 419 3193 Ἅρνας
444 3127 539 3179 τοῦ
575 3126 738 3195 λόγου
767 3129 1052 3200 δηλοῦντος
1081 3135 1208 3197 τοὺς
1229 3137 1536 3207 άρτιγενεϊς
1559 3141 1617 3194 ὲν
1642 3141 1780 3211 Χρι-
1808 3120 1851 3178 C

200 3214 334 3287 στῷ.
363 3216 566 3289 Διόπερ
603 3217 837 3283 Ἀκύλας
869 3222 1046 3290 ἀρνία
1083 3226 1266 3295 φησίν.
1314 3227 1414 3299 Είη
1440 3229 1485 3282 δ’
1516 3229 1582 3284 ἂν
1610 3233 1639 3284 ό
1662 3231 1780 3296 νέος

200 3306 349 3370 λαός.
375 3307 449 3361 Οὐ
481 3308 592 3380 γὰρ
620 3309 723 3380 ἔφη
758 3312 968 3382 κριοὺς,
994 3314 1027 3385 ἢ
1055 3318 1312 3385 τράγους,
1348 3318 1380 3389 ἢ
1416 3321 1662 3391 πρόϐατα
1691 3325 1780 3376 έν-

201 3397 353 3469 τελῆ,
381 3401 515 3468 περὶ
537 3393 613 3455 ὧν
637 3402 823 3473 ἕτερος
854 3405 1078 3459 τοιαῦτα
1105 3406 1341 3462 διδάσκει
1378 3412 1662 3483 προφήτης
1690 3412 1780 3467 λέ-

201 3503 345 3554 γων’
386 3507 406 3541 ι
435 3486 516 3544 Τὰ
550 3491 608 3544 δὲ
639 3491 788 3581 λέγει
817 3492 1021 3565 Κύριος
1043 3512 1056 3526 ·
1075 3498 1207 3553 Ἰδοὺ
1233 3498 1344 3567 ἐγὼ
1372 3501 1547 3572 κρινῶ
1575 3503 1784 3574 ἀναμέ-

205 3598 299 3646 σον
330 3583 604 3654 προϐάτου
628 3584 722 3638 καὶ
743 3587 1045 3655 προϐάτου,
1061 3591 1156 3643 καὶ
1183 3591 1354 3662 κριῶν
1381 3594 1478 3647 καὶ
1504 3594 1776 3664 τράγων.»

180 3672 320 3725 -Καί
338 3686 352 3700 ’
399 3692 420 3725 ι
450 3674 566 3745 Οὐχ
595 3675 779 3729 ἱκανὸν
810 3677 959 3746 ὑμῖν,
987 3679 1070 3732 ὅτι
1091 3681 1191 3751 τὴν
1223 3681 1395 3755 καλὴν
1421 3683 1594 3755 νομὴν
1624 3685 1784 3756 νέμε-

206 3765 322 3832 σθε,
348 3766 446 3820 καὶ
468 3767 538 3821 τά
559 3766 865 3822 κατάλοιπα
889 3772 1000 3833 τοῖς
1031 3772 1189 3824 ποσὶν
1212 3772 1365 3843 ὑμῶν
1389 3778 1781 3842 κατεπατεῖτε;

203 3859 305 3913 καὶ
335 3848 407 3912 τδ
422 3857 765 3929 καθεστηκὸς
800 3859 945 3931 ὕδωρ
976 3862 1226 3929 ὲπίνετε;
1256 3863 1351 3917 καὶ
1376 3864 1438 3916 τὸ
1469 3864 1655 3920 λοιπὸν
1671 3868 1782 3930 τοῖς

203 3951 365 4005 ποσὶν
417 3950 571 4021 ὑμῶν
615 3952 982 4023 ὲταράσσετε;
1016 3972 1035 4006 ι
1080 3955 1192 4009 Kal
1234 3955 1427 4010 πάλινο
1470 3977 1491 4009 ι
1512 3957 1643 4011 Ἰδοὺ
1671 3956 1784 4027 ἐγὼ

204 4041 380 4114 κρίνω
412 4041 517 4095 ἀνὰ
544 4040 713 4113 μέσον
747 4040 1022 4112 προϐάτου
1054 4044 1441 4114 ίσχυροῦ.Ἒπὶ
1471 4050 1592 4111 ταῖς
1617 4047 1783 4101 πλευ-

210 4134 332 4202 ραίς
358 4131 457 4185 καὶ
483 4120 784 4194 τοῖς’ποσὶν
814 4132 967 4203 ὑμῶν
992 4134 1294 4201 διωθεζσθε,
1327 4137 1426 4191 καὶ
1469 4140 1581 4202 τοῖς
1615 4140 1784 4212 κέρα-

210 4243 295 4279 σιν
318 4225 477 4297 ὑμῶν
498 4225 867 4297 ὲκερατίζετε,
897 4226 992 4279 καὶ
1016 4225 1077 4279 τὸ
1097 4229 1399 4300 ἡσθενηκδς
1426 4230 1780 4297 ἐξεθλίϐετε.»

208 4316 302 4369 Διὸ
332 4315 429 4369 καὶ
472 4317 521 4368 οἱ
552 4315 811 4385 ποιμένες
840 4314 1021 4369 αὐτῶν
1040 4316 1415 4375 διαϐάλλονται
1462 4324 1591 4396 παρ’
1617 4323 1782 4396 αὐτῷ,

209 4408 293 4461 Τὰ
319 4407 380 4461 δὲ
406 4406 559 4473 λέγει
589 4406 816 4476 Κύριος,
840 4407 1051 4477 λέγοντι
1071 4424 1085 4438 '
1126 4405 1223 4463 «Ὦ
1252 4413 1509 4482 ποιμένες
1547 4414 1784 4485 Ἰσραὴλ,

212 4499 289 4570 μὴ
337 4497 631 4569 βόσκουσιν
679 4500 731 4553 οξ
781 4502 1037 4573 ποιμένες
1066 4502 1325 4570 ἑαυτούς;
1355 4505 1417 4557 οὐ
1449 4505 1518 4559 τὰ
1546 4506 1792 4577 πρόϐατα

122 4604 130 4611 ·
202 4589 504 4677 ’βόσκουσιν
547 4592 598 4643 ol
644 4593 938 4661 ποιμένες;
982 4593 1112 4647 Ἰδοὺ
1162 4595 1223 4648 τὸ
1264 4595 1408 4663 γάλα
1453 4597 1788 4652 κατεσθίετε.

206 4678 323 4733 Καὶ
351 4678 425 4733 τὰ
447 4680 571 4752 ἔρια
596 4682 1014 4751 περιϐάλλεσθε.
1097 4685 1207 4738 Καὶ
1236 4686 1299 4738 τὸ
1342 4687 1487 4758 παχὺ
1534 4689 1790 4757 σφάζετε·

214 4771 310 4825 καὶ
344 4770 418 4824 τὰ
439 4771 690 4842 πρόϐατά
713 4772 890 4855 μουκοὺ
903 4768 1342 4841 βόσκετε.ιἘπεὶ
1363 4779 1540 4834 τοίνυν
1562 4781 1792 4849 ὴτάκτει

212 4862 281 4915 τὰ
313 4861 587 4930 πρόϐατα,
614 4862 666 4916 οί
690 4863 748 4934 δὲ
787 4865 1048 4936 ποιμένες
1091 4865 1442 4936 ἐλυμαίνοντο
1479 4870 1639 4937 αὐτὰ,
1678 4874 1792 4937 τοῖς

214 4953 442 5024 ποιμέσι
462 4954 793 5024 μετάστασιν
812 4957 1223 5026 ἀπειλεί,λέγων
1240 4973 1255 4988 '
1290 4979 1308 5012 ι
1330 4960 1439 5015 Καὶ
1461 4962 1790 5033 ἀποστρέψω

215 5044 363 5114 ὑμᾶς
390 5043 486 5098 τοῦ
519 5045 596 5118 μὴ
623 5046 934 5116 ποιμαίνειν
959 5048 1028 5101 τὰ
1053 5048 1301 5119 πρόϐατά
1331 5067 1457 5120 μου.
1488 5069 1508 5103 ι
1538 5054 1648 5106 Kal
1671 5056 1791 5107 ἐπι-

215 5134 393 5205 λέγει*
438 5155 461 5191 ι
497 5136 629 5193 Ἰδοὺ
688 5137 801 5208 ἐγὼ
853 5139 1015 5203 αὐτὸς
1067 5140 1354 5213 έκζητήσω
1419 5141 1487 5196 τὰ
1547 5144 1792 5217 πρόϐατά

220 5246 344 5301 μου.
373 5248 395 5284 ι

1874 1882 2010 1939 dens
2035 1884 2092 1938 in
2111 1890 2314 1938 terram
2344 1890 2622 1937 mortuum
2644 1881 2832 1946 fuerit,
2853 1883 3030 1951 ipsum
3051 1884 3226 1938 solum
3245 1895 3450 1941 manet:

1875 1972 1922 2028 si
1944 1982 2127 2028 autem
2141 1983 2420 2028 mortuum
2441 1971 2629 2039 fuerit,
2651 1974 2882 2028 multum
2906 1974 3149 2029 fructum
3165 1974 3324 2032 atl'ert
3345 1977 3413 2032 "’.
3429 1997 3449 2029 ι

1866 2063 1943 2118 Et
1973 2078 2195 2119 rursum
2235 2080 2248 2116 :
2293 2080 2314 2115 ι
2361 2062 2419 2116 Si
2457 2063 2733 2119 exaltatus
2779 2063 2938 2119 fuero
2970 2079 3000 2118 a
3044 2073 3213 2132 terra,
3266 2067 3455 2123 omnia

1876 2155 2095 2209 traham
2149 2169 2363 2210 meeum
2407 2153 2476 2209 ad
2516 2168 2605 2209 me
2642 2153 2711 2208 ⁸⁸.
2757 2173 2776 2207 ι
2822 2154 3118 2211 Enimvero
3160 2166 3214 2212 et
3252 2157 3456 2214 Paulus

1877 2247 1997 2317 ipse
2037 2246 2118 2301 sic
2158 2247 2280 2301 ait:
2319 2263 2339 2297 ι
2372 2243 2653 2301 Sustinuit
2690 2261 2914 2301 crucem
2967 2249 3263 2319 ignominia
3316 2265 3455 2304 con-

1877 2346 2081 2409 tempta
2121 2339 2189 2391 ".
2226 2337 2550 2408 -—ldeoque
2578 2346 2633 2392 et
2653 2337 2797 2394 Deus
2836 2339 2988 2393 illum
3011 2341 3455 2408 superexaltavit,

1879 2438 1935 2485 et
1962 2429 2115 2485 dedit
2145 2431 2224 2485 illi
2255 2445 2481 2494 nomen,
2518 2430 2664 2501 quod
2696 2439 2781 2503 est
2816 2446 2987 2502 super
3023 2446 3186 2487 omne
3210 2448 3409 2488 nomen
3437 2449 3452 2494 ;

1880 2532 1937 2577 ut
1965 2522 2021 2575 in
2061 2521 2288 2577 nomine
2306 2521 2431 2590 ejus
2462 2522 2528 2587 ‘°,
2569 2540 2588 2573 ›
2625 2529 2736 2576 etc.
2771 2521 2916 2577 Idem
2949 2537 3168 2591 quoque
3195 2531 3249 2577 et
3281 2522 3454 2577 David

1879 2613 2135 2685 praadixit
2174 2613 2263 2667 his
2299 2614 2490 2668 verbis
2526 2631 2539 2667 :
2572 2631 2592 2665 ι
2629 2611 2834 2668 Omnes
2863 2622 3055 2683 gentes
3089 2630 3228 2683 quas
3250 2614 3454 2678 fecisti,

1880 2708 2137 2771 venient,
2165 2706 2548 2762 etadorabunt
2581 2707 2635 2761 in
2659 2716 2958 2778 conspectu
2990 2716 3084 2762 luo
3109 2709 3176 2766 ".
3210 2728 3227 2760 ι
3253 2707 3457 2765 Deinde

1881 2795 2034 2866 quod
2072 2796 2234 2859 dixit,
2282 2794 2559 2867 Tanquam
2604 2808 2791 2865 pastor
2818 2808 2994 2866 pascet
3024 2815 3227 2868 gregem
3260 2815 3411 2852 suum
3439 2839 3455 2861 ,

1884 2887 1949 2942 ad
1994 2886 2237 2957 priorem
2305 2886 2605 2941 adventum
2645 2889 2842 2957 procul
2887 2888 3056 2942 dubio
3093 2890 3322 2956 retulit;
3362 2890 3455 2959 qui

1882 2989 2147 3049 tanquam
2174 2978 2602 3047 Deumjudicare
2624 3021 2639 3046 ,
2664 2987 2926 3050 tanquam
2945 2979 3222 3034 hominem
3248 2989 3453 3043 autem,

1887 3077 2170 3138 assumpta
2205 3067 2352 3123 servi
2385 3082 2867 3139 persona,gregem
2894 3084 3069 3134 suum,
3113 3070 3240 3139 quia
3271 3078 3459 3138 pastor

1885 3165 2066 3219 bonus
2097 3170 2202 3227 est,
2225 3177 2441 3232 pascere
2468 3161 2670 3216 debere
2689 3160 2891 3217 videat.
2926 3158 3270 3214 Divinitatem
3290 3174 3460 3229 porro

1888 3255 2161 3309 brachium
2184 3254 2376 3307 volunt
2402 3252 2664 3322 intelligi,
2691 3268 2800 3322 quo
2826 3252 3030 3307 dicitur
3060 3269 3222 3322 agnos
3246 3268 3460 3323 congre-

1885 3357 2107 3418 gaturus
2133 3389 2147 3413 ,
2178 3355 2224 3400 et
2259 3352 2592 3415 praegnantes
2631 3343 3040 3410 consolaturus;
3086 3353 3141 3397 ut
3197 3352 3456 3412 agnorum
3488 3382 3495 3389 .

1887 3439 2110 3494 nomine
2137 3453 2234 3494 eos
2266 3437 2567 3508 intelligas,
2594 3437 2686 3506 qui
2715 3443 2968 3491 recenter
2993 3435 3047 3488 in
3078 3434 3301 3489 Christo
3343 3435 3457 3488 nati

1889 3536 2040 3593 sunt,
2099 3542 2240 3596 quos
2294 3526 2367 3582 ob
2404 3527 2456 3581 id
2509 3525 2784 3596 agniculos
2845 3524 3042 3595 Aquila
3100 3525 3456 3597 nuncupavit.

1856 3659 1868 3671 .
1889 3617 2069 3672 Possit
2098 3624 2151 3673 et
2175 3617 2278 3671 hac
2298 3631 2433 3670 voce
2464 3630 2658 3671 recens
2694 3615 2929 3684 populus
2963 3614 3265 3684 designari.
3297 3613 3463 3684 446

1887 3709 2013 3764 Non
2058 3708 2203 3764 enim
2248 3708 2492 3771 arietes,
2544 3713 2642 3761 aut
2687 3705 2894 3768 hircos,
2932 3713 3025 3758 aut
3066 3720 3200 3759 oves
3245 3698 3461 3758 adultas

1890 3799 2058 3864 dixit,
2096 3799 2164 3854 de
2193 3798 2399 3868 quibus
2442 3796 2586 3851 alius
2616 3796 2675 3850 in
2725 3796 2874 3851 hunc
2929 3796 3152 3850 modum
3190 3793 3459 3863 propheta

1890 3891 2188 3961 loquitur:
2242 3909 2262 3943 ι
2310 3888 2438 3944 Hatc
2478 3888 2611 3943 dicit
2646 3887 2912 3942 Dominus
2937 3903 2952 3940 :
2977 3887 3117 3940 Ecce
3142 3900 3245 3956 ego
3269 3886 3462 3955 judico

1892 3986 2038 4039 inter
2071 3997 2229 4038 ovem
2277 3987 2334 4037 et
2362 3995 2555 4046 ovem;
2612 3979 2762 4034 inter
2790 3979 2994 4034 arietes
3031 3987 3086 4033 et
3112 3978 3300 4032 hircos
3328 3978 3397 4032 “.
3435 3997 3456 4029 ι

1891 4071 2001 4129 Et:
2036 4091 2056 4125 ι
2090 4070 2285 4127 Nonne
2330 4069 2532 4127 suﬂicit
2577 4068 2758 4134 vobis,
2788 4067 2935 4138 quod
2963 4068 3104 4123 bona
3134 4081 3357 4138 pascua
3379 4074 3463 4121 at-

1892 4164 2165 4230 tondetis;
2189 4163 2294 4219 nisi
2326 4163 2541 4232 reliqua
2564 4161 2728 4216 etiam
2754 4158 2988 4230 pedibus
3009 4159 3212 4214 vestris
3233 4158 3463 4211 concul-

1893 4252 2074 4309 cetis?
2117 4252 2266 4322 quod
2305 4263 2505 4320 aquam
2545 4256 2782 4302 stantem
2812 4253 2868 4300 et
2902 4244 3183 4315 limpidam
3233 4245 3459 4312 bibitis;

1892 4341 2001 4396 nisi
2037 4338 2304 4408 reliquam
2337 4336 2572 4408 pedibus
2598 4334 2799 4389 vestris
2828 4333 3061 4389 turbelis
3085 4331 3169 4384 εει
3207 4350 3226 4383 ι
3270 4330 3336 4383 Et
3363 4332 3464 4387 itc-

1895 4447 2015 4487 rum
2053 4448 2069 4485 :
2116 4448 2136 4482 ι
2175 4429 2313 4486 Ecce
2350 4443 2452 4498 ego
2480 4426 2674 4497 judico
2705 4426 2846 4480 inter
2891 4439 3047 4479 ovem
3074 4423 3344 4488 validam;
3368 4437 3462 4476 ve-

1896 4522 2030 4580 stris
2048 4521 2314 4577 lateribus
2338 4526 2392 4574 et
2413 4516 2645 4589 pedibus
2663 4515 3102 4587 protundebatis,
3124 4503 3177 4568 et
3198 4512 3461 4567 cornibus

1894 4613 2098 4670 vestris
2157 4611 2460 4677 feriebatis,
2513 4617 2570 4665 et
2611 4607 2908 4663 invalidam
2967 4606 3286 4674 amigebatis
3329 4604 3396 4659 “.
3436 4622 3456 4655 ι

1897 4706 2078 4775 Atque
2105 4703 2237 4758 hinc
2283 4710 2392 4765 est,
2421 4698 2568 4771 quod
2609 4706 2861 4769 pastores
2897 4712 3086 4759 eorum
3122 4696 3260 4750 idem
3297 4709 3463 4749 accu-

1895 4807 1982 4854 sat
2017 4796 2104 4853 bis
2138 4794 2320 4851 verbis
2346 4806 2393 4847 :¢
2417 4794 2462 4852 0
2489 4801 2742 4863 pastores
2804 4788 2996 4853 Israel,
3050 4804 3179 4843 num
3231 4795 3465 4857 pascunt

1900 4895 2151 4959 pastores
2182 4884 2574 4955 seipsos‘lnum
2591 4898 2726 4938 oves
2744 4897 2773 4935 a
2793 4882 3108 4951 pastoribus
3130 4880 3464 4951 pascuntur?

1901 4980 2043 5036 Ecce
2079 4979 2166 5033 lac
2200 4976 2509 5041 comedite;
2545 4973 2841 5029 velleribus
2877 4971 3167 5026 induimini
3214 4971 3282 5025 ⁸³.
3397 4970 3467 5023 At

1901 5069 2049 5139 quod
2077 5068 2278 5138 pingue
2304 5072 2393 5121 est
2417 5060 2684 5135 jugulatis
2710 5081 2725 5131 ;
2755 5073 2808 5118 et
2843 5076 2974 5117 oves
3008 5075 3158 5117 meas
3197 5076 3306 5115 non
3339 5076 3467 5129 pas-

1900 5156 2358 5223 citisaQuOniam
2381 5154 2549 5226 igitur
2576 5168 2708 5209 oves
2729 5150 2944 5207 infecta!
2960 5157 3241 5220 pastorum
3261 5150 3465 5219 impro-

1898 5245 2078 5301 bitate
2126 5242 2437 5312 petulantes
2471 5248 2779 5305 evaserant,
2807 5238 3125 5309 pastoribus
3154 5238 3292 5309 ipsis
3324 5238 3470 5291 exsi-

238 5324 370 5379 lium
400 5323 709 5389 minitatur,
740 5322 828 5379 bis
859 5325 1044 5379 verbis
1087 5341 1101 5378 :
1137 5345 1154 5378 ι
1194 5325 1261 5381 Ει
1289 5336 1528 5384 avertam
1559 5347 1677 5398 vos,
1724 5349 1794 5392 ne
1830 5336 2071 5409 pascatis
2113 5348 2247 5389 oves
2325 5345 2477 5387 meas
2515 5331 2581 5386 “.
2623 5350 2643 5383 ι
2710 5329 2916 5385 Deinde
2961 5331 3222 5402 colligit:
3256 5348 3273 5381 ι
3334 5328 3471 5382 Ecce

222 5430 323 5487 ego
344 5412 629 5484 requiram
668 5425 799 5492 aves
826 5426 977 5469 meas
1002 5412 1068 5468 ".
1107 5432 1126 5466 ι

290 5595 339 5629 ⁵⁸
373 5596 568 5657 Matth.
589 5599 701 5663 XVI,
732 5602 823 5657 27.
901 5600 945 5633 ⁸⁷
983 5601 1143 5656 Joan.
1175 5617 1272 5668 xu,
1305 5602 1396 5658 ει.
1484 5606 1530 5638 ⁸⁸
1556 5606 1794 5662 ibid.32.

3105 5461 3119 5476 .
3144 5488 3153 5499 ‘
3185 5419 3451 5490 propheta

1907 5462 1924 5482 ο
1998 5463 2013 5479 ο
2094 5463 2108 5477 ο
2188 5460 2205 5475 0
2280 5463 2295 5479 ο
2377 5460 2391 5475 ο
2472 5459 2488 5474 0
2568 5462 2584 5478 ο
2670 5460 2682 5470 δ
2751 5459 2766 5475 0
2847 5460 2861 5475 ο
2941 5459 2957 5475 0

1898 5609 1943 5643 ⁸⁹
1977 5609 2137 5663 llebr.
2180 5623 2284 5667 xu.
2320 5608 2378 5663 2.
2486 5607 2534 5638 ⁸ο
2569 5605 2810 5675 Philipp.
2849 5622 2910 5667 ιι.
2946 5609 3002 5672 9,
3043 5608 3128 5664 lt).
3230 5609 3272 5641 θ’
3320 5605 3467 5661 Psal.

223 5678 423 5738 uxxv,
455 5669 510 5724 9.
587 5670 854 5729 “Ezecb.
891 5684 1078 5739 um,
1115 5671 1208 5727 Π.
1284 5672 1327 5704 “
1345 5675 1477 5735 ibid.
1519 5678 1603 5731 18.
1681 5678 1726 5710 ⁸³
1765 5681 1779 5734 i

1886 5717 1900 5733 .
1935 5679 2027 5744 20.
2059 5678 2148 5735 21.
2227 5682 2270 5713 ⁸⁸
2300 5677 2499 5735 Ezech.
2535 5693 2594 5743 ιι,
2632 5676 2685 5730 '5.
2720 5669 2733 5675 ⁷
2758 5669 2962 5731 “illd.
2991 5669 3084 5732 l9°
3164 5680 3357 5734 "ibid.
3386 5681 3469 5730 tu.
