3950 6376
500 293 643 359 2343

1809 289 2166 349 PROCOPII
2210 287 2452 348 ΟΛΖᾸΠ

3562 313 3586 329 ο
3627 282 3752 345 2314

500 407 544 458 Λ
577 404 744 458 multa
777 404 973 474 gloria,
1017 412 1067 458 et
1117 405 1173 458 in
1219 404 1408 458 robore
1457 400 1813 471 fortitudinis,
1858 401 1991 453 nihil
2035 410 2071 452 te

2185 437 2201 454 .
2245 441 2258 455 .
2303 438 2318 452 .
2363 439 2376 453 .
2423 436 2438 451 .
2484 438 2498 452 .
2544 436 2558 452 .
2607 437 2620 450 .
2666 436 2680 452 .
2725 437 2738 449 .
2781 394 3095 466 προφήτης.
3145 391 3278 445 Ἀπὸ
3321 392 3560 458 πολλῆς
3587 393 3758 464 δόξης

503 497 654 551 latet.
713 494 930 548 Dictum
958 503 1044 548 est
1101 493 1248 547 enim
1314 493 1516 546 alicubi
1566 509 1580 545 :
1636 508 1656 543 ι
1700 489 2080 545 Numerabiles

502 594 629 642 sunt
656 586 706 642 ei
739 596 903 657 gutta:
934 585 1132 656 pluviae
1159 585 1224 639 ⁸⁸.
1258 603 1277 636 ι

575 758 737 830 447
772 756 939 813 Vens.
969 757 1161 813 26-31.
1187 757 1312 812 Non
1337 760 1474 813 enim
1494 757 1860 826 dicas,Jacob,
1879 771 1925 813 el
1953 759 2078 829 quid

500 851 705 904 loculus
737 867 817 914 es,
875 849 1053 904 Israel
1078 851 1104 904 ?
1133 851 1457 905 Abscondita
1499 859 1578 906 est
1605 853 1688 906 ria
1724 869 1843 907 mea
1876 869 1909 906 a
1943 852 2076 917 Deo,

497 952 546 996 et
580 941 721 996 Deus
763 957 908 996 meus
944 941 1216 1011 judicium
1248 943 1492 1006 abstulit,
1523 953 1573 997 et
1603 945 1841 1009 recessit,
1864 954 1914 998 et
1942 961 2080 998 nunc

417 1053 426 1061 ·
500 1037 666 1090 nescis
692 1036 717 1087 .’
745 1033 928 1089 Sinon
961 1033 1200 1098 audisti,
1230 1034 1372 1088 Deus
1429 1044 1680 1097 wternus,
1710 1034 1849 1089 Deus
1879 1036 1968 1106 qui
1994 1036 2079 1104 fa-

501 1127 734 1180 bricatus
761 1136 840 1180 est
877 1127 1130 1180 terminos
1163 1136 1318 1182 terrae
1345 1144 1447 1180 non
1476 1131 1694 1192 esuriel,
1726 1145 1828 1182 non
1860 1128 2079 1182 labora-

421 1279 434 1289 _
499 1218 596 1278 bit,
637 1233 799 1286 neque
817 1216 918 1270 erit
948 1217 1285 1286 investigatio
1307 1217 1582 1285 sapientia:
1604 1218 1790 1286 ipsius,
1825 1225 1934 1271 etc.

562 1390 731 1462 448
761 1390 841 1444 Ita
877 1389 1241 1460 Symmachus
1265 1406 1278 1442 :
1305 1387 1532 1458 Propter
1552 1389 1680 1460 quid
1701 1390 1858 1457 dicis,
1881 1389 2075 1458 Iacob,

493 1495 543 1537 et
583 1482 837 1551 loqueris,
865 1479 1042 1535 Israel
1065 1481 1090 1534 ?
1113 1481 1276 1550 eique
1308 1480 1644 1551 reliquorum
1685 1484 1960 1536 consentit
1993 1483 2079 1534 in-

494 1573 839 1643 terpretatio.
867 1571 1069 1628 Verum
1102 1572 1357 1627 absoluto
1399 1573 1468 1628 de
1521 1573 1631 1628 Deo
1682 1587 1955 1635 sermone,
1994 1573 2078 1628 eis

489 1664 601 1736 jam
627 1671 934 1729 succenset,
959 1665 1052 1733 qui
1079 1679 1108 1718 e
1127 1665 1308 1733 priore
1338 1663 1542 1734 pepulo
1574 1679 1673 1718 sua
1709 1678 1874 1733 opera
1902 1663 2074 1718 Deum

2180 492 2280 545 καί
2303 491 2374 544 ἐν
2399 491 2596 558 κράτει
2627 487 2839 555 ἰσχύος
2860 484 3040 538 οὐδέν
3057 498 3132 536 σε
3152 484 3399 536 ἔλαθεν.
3420 483 3643 552 Είρηται
3663 489 3758 558 γὰρ

2180 582 2415 653 ἀλλαχοῦ
2455 598 2468 613 ’
2515 600 2534 633 ι
2576 577 2898 651 Ἀριθμηταί
2961 578 3099 630 εἰσιν
3160 573 3315 643 αὐτῷ
3377 577 3632 642 σταγόνες
3679 578 3762 630 ὑε-

2180 694 2295 730 του.
2331 695 2350 728 1

2249 767 2457 832 κςρλαι.
2483 765 2581 834 Μὴ
2605 766 2714 834 γὰρ
2743 759 3187 829 εῑπῃς,’Ῑακὼ6,
3216 759 3320 812 καὶ
3360 760 3419 812 τι
3442 760 3761 831 ἑλάλησας,

2193 857 2432 924 Ἰσραήλ
2452 897 2465 918 ,
2493 853 2800 920 ἀπεκρύϐη
2829 852 2868 918 ἡ
2905 851 3046 914 ὁδός
3072 866 3192 917 μου
3212 849 3337 902 ἀπὸ
3362 849 3470 902 τοῦ
3490 852 3655 916 Θεοῦ,
3676 855 3765 906 καὶ

2180 949 2214 1001 ὀ
2245 947 2390 1012 Θεός
2419 963 2538 1015 μου
2576 943 2694 1010 τὴν
2718 943 2920 1010 κρίσιν
2956 939 3189 1007 ἀφεῖλε,
3236 939 3339 992 καὶ
3389 939 3648 1007 ἀπέστη,
3677 945 3765 998 καὶ

2178 1037 2296 1091 νῦν
2320 1039 2432 1090 οὐκ
2455 1037 2643 1104 ἔγνως
2662 1035 2758 1099 ;El
2772 1030 2858 1100 μὴ
2886 1030 3179 1098 ἤκουσας,
3201 1031 3351 1096 Θεὸς
3371 1029 3766 1100 αὶώνιος,Θεὸς

2179 1131 2213 1182 ὀ
2233 1125 2700 1189 κατασκευάσας
2713 1125 2785 1177 τὰ
2801 1123 2955 1191 ἄκρα
2978 1121 3089 1189 τῆς
3115 1121 3251 1191 γῆς,
3279 1122 3354 1176 οὐ
3371 1121 3662 1189 πεινάσει,
3678 1126 3764 1179 οὐ-

2178 1215 2248 1268 δὲ
2289 1213 2589 1280 κοπιάσει,
2653 1213 2796 1268 οὐδὲ
2832 1213 3005 1266 ἐστιν
3034 1211 3354 1280 ἐξέρευσις
3399 1210 3512 1281 τῆς
3555 1216 3763 1281 φρονή-

2180 1321 2338 1371 σεως
2367 1305 2576 1370 αὐτοῦ,
2611 1321 2667 1359 κ.
2695 1321 2747 1358 τ.
2780 1302 2830 1356 λ.

2260 1393 2320 1448 '0
2350 1395 2645 1465 Σύμμαχος
2664 1409 2680 1424 ο
2711 1393 2814 1445 Διὰ
2835 1392 2895 1444 τί
2921 1391 3137 1461 λέγεις,
3153 1390 3389 1456 Ἰακὼϐ,
3422 1390 3524 1445 καὶ
3547 1394 3758 1459 λαλεῖς,

2191 1485 2465 1552 Ἰσραήλ;
2517 1484 2612 1537 καὶ
2659 1483 2709 1536 oi
2761 1481 2940 1535 λοιποὶ
2985 1479 3322 1552 συμφώνως.
3367 1480 3525 1534 Μετὰ
3571 1479 3627 1532 δὲ
3673 1481 3760 1552 τὴν

2178 1576 2538 1630 ἀποδοθεῖσαν
2591 1574 2894 1642 θεολογίαν,
2927 1574 3158 1643 ἐπιτιμᾷ
3183 1573 3305 1634 τοῖς
3361 1572 3439 1640 μὴ
3494 1570 3758 1640 νομίζουσι

2179 1668 2276 1730 τὰς
2301 1666 2514 1721 ἑαυτῶν
2543 1667 2771 1737 πράξεις
2801 1666 3003 1738 ἐφορᾷν
3032 1665 3123 1717 τὸν
3150 1663 3286 1716 Θεὸν
3310 1701 3326 1728 ,
3355 1663 3421 1715 ὲκ
3457 1661 3552 1714 τοῦ
3578 1664 3757 1733 προτέσ

493 1771 604 1810 non
643 1757 841 1809 intueri
871 1755 1305 1810 arbitrabantur.
1366 1753 1534 1810 Putas
1563 1763 1634 1819 te,
1677 1753 1724 1809 si
1766 1755 1960 1818 lateas,
1989 1753 2071 1808 in-

2185 1776 2281 1831 ρου
2315 1758 2468 1814 λαοῦ.
2497 1757 2780 1828 Νομίζεις,
2808 1757 2963 1827 φησὶ,
2995 1755 3276 1810 λανθάνων
3331 1753 3410 1824 μὴ
3455 1753 3758 1808 ὑποκεῖσθαι

493 1845 636 1914 quit',
664 1845 760 1898 Dei
777 1844 988 1912 judicio
1022 1839 1247 1900 minime
1273 1845 1584 1914 subjacere,
1619 1847 1871 1916 quamvis
1905 1861 2081 1914 nuper

494 1935 550 1990 in
577 1938 774 1991 robore
803 1936 1143 1993 fortitudinis
1171 1938 1307 1992 nihil
1325 1953 1449 1993 eum
1475 1938 1646 1993 latere
1677 1938 1938 1994 audieris.
1975 1937 2081 1993 Ve-

495 2043 619 2081 rum
660 2037 919 2098 tanquam
957 2030 1092 2084 illud
1121 2037 1284 2084 antea
1309 2045 1411 2085 nec
1440 2031 1645 2084 noveris
1673 2033 1813 2101 ipse,
1846 2045 1949 2086 nec
1976 2047 2082 2084 au~

493 2119 711 2185 diveris,
749 2121 903 2176 disce
930 2121 1042 2190 jam
1074 2139 1087 2176 :
1121 2122 1178 2176 id
1210 2130 1315 2186 est,
1351 2122 1398 2176 si
1425 2129 1506 2187 tu,
1539 2121 1648 2176 nisi
1679 2121 1894 2187 audias,
1924 2121 2080 2192 igno-

495 2219 622 2258 rare
653 2213 706 2259 te
731 2205 872 2261 dicis
900 2247 916 2272 ,
941 2207 1107 2262 etiam
1143 2207 1548 2264 simulationem
1583 2218 1732 2263 luam
1761 2209 2077 2276 admittens,

492 2294 695 2349 dicam.
735 2297 1119 2367 Respondebis
1149 2299 1440 2366 nimirum,
1474 2301 1733 2371 ignorare
1777 2310 1852 2356 te.
1885 2301 2077 2372 Atqui,

491 2390 540 2442 si
560 2389 752 2455 nescis,
785 2391 915 2443 audi
948 2407 1097 2446 nunc
1117 2391 1285 2446 Deum
1309 2409 1421 2448 esse
1450 2403 1730 2459 wternum,
1751 2409 1929 2464 neque
1965 2407 2080 2450 οω-

490 2478 607 2531 lum
657 2478 842 2545 modo,
873 2481 967 2535 sed
1001 2490 1200 2534 terram
1239 2483 1554 2538 universam
1593 2498 1812 2553 quoque
1836 2483 2080 2552 comple-

491 2571 589 2625 cti.
614 2570 902 2637 Quomodo
940 2573 1125 2642 itaque
1167 2575 1343 2644 ipsum
1380 2574 1551 2629 latere
1580 2575 1792 2644 queas?
1818 2573 1925 2631 Sed
1956 2575 2074 2642 ubi,

490 2679 598 2715 non
625 2663 910 2732 laborabit,
947 2665 1212 2720 habemus
1235 2703 1252 2732 ,
1283 2665 1394 2730 alii,
1423 2667 1637 2721 minime
1657 2666 1950 2722 dissolutus
1974 2678 2075 2734 est,

492 2753 952 2823 interpretantur.
984 2754 1250 2822 Rursum,
1276 2765 1645 2826 praeterquam
1692 2756 1840 2825 quod
1868 2757 2078 2812 nullam

491 2861 737 2916 unquam
771 2847 1088 2916 inﬁrmitate
1119 2847 1350 2914 laborat,
1384 2863 1563 2919 neque
1588 2849 1891 2904 humanum
1943 2849 2078 2920 quid

489 2943 698 3012 patitur
738 2983 753 3008 ,
785 2957 849 2998 ea
877 2943 1066 3008 etiam,
1101 2959 1224 3013 qua:
1245 2937 1630 3015 comprehendi
1651 2945 1862 3015 nequit,
1889 2946 2080 3017 cogni-

491 3035 645 3089 tione
675 3035 940 3104 przeditus
963 3044 1070 3100 est,
1104 3051 1200 3106 per
1231 3051 1393 3106 quam
1449 3036 1519 3091 ad
1612 3036 1829 3107 singula
1903 3053 2078 3107 usque

491 3125 738 3194 ejusdem
775 3123 1116 3194 providentia
1137 3141 1460 3190 excurrens,
1482 3141 1752 3196 pauperes
1781 3119 2077 3197 aliquando

489 3217 630 3273 bene
662 3217 924 3291 habentes
943 3215 1144 3280 reddit,
1166 3218 1300 3271 luxu
1324 3218 1574 3287 autemjet
1592 3211 1790 3287 opibus
1826 3216 2074 3272 dillluen-

490 3317 578 3364 tes
622 3309 909 3364 doloribus
932 3319 987 3363 et
1017 3311 1172 3364 curis
1197 3310 1318 3363 vitae
1366 3308 1533 3377 hujus
1576 3308 1792 3364 multat.
1825 3308 2078 3363 Immittit.

489 3417 623 3456 vero
656 3410 709 3456 et
739 3401 809 3454 iis
858 3400 1046 3465 etiam,
1083 3401 1178 3471 qui
1226 3409 1355 3456 sunt
1393 3401 1448 3454 in
1474 3400 1606 3455 ﬂore
1637 3399 1836 3464 aetatis,
1883 3399 2075 3453 virium

491 3492 911 3547 imbecillitatem
972 3505 1070 3561 per
1097 3492 1320 3547 morbos
1352 3505 1367 3544 :
1400 3506 1546 3557 cum,
1573 3491 1667 3562 qui
1724 3490 2074 3547 saevientibus

492 3584 830 3639 adversariis
862 3583 1034 3640 Deum
1065 3585 1121 3640 in
1154 3584 1440 3656 martyriis
1494 3592 1548 3639 et
1599 3584 2073 3654 persecutionibus

491 3686 826 3744 exspectant,
859 3677 1213 3746 quantumvis
1235 3679 1289 3732 in
1313 3678 1416 3733 hac
1447 3678 1891 3748 vitainﬁrmiores
1914 3679 2069 3748 ﬁant,

491 3783 559 3822 ea
601 3784 780 3823 rerum
823 3769 1133 3822 mutatione
1157 3783 1286 3822 mox
1315 3767 1568 3834 beentur,
1603 3779 1664 3823 ut
1684 3768 1844 3824 liberi
1876 3769 1932 3824 in
1961 3783 2073 3823 cte-

491 3860 606 3916 lum
639 3859 878 3914 evolent.
900 3859 1000 3914 Est
1039 3860 1188 3914 enim
1226 3859 1518 3914 altivolans
1545 3861 1728 3930 aquila
1753 3867 1847 3925 ;et
1875 3860 2070 3915 adver-

491 3965 591 4005 sus
631 3950 766 4005 solis
802 3949 989 4004 radios
1026 3951 1316 4004 oculorum
1344 3950 1518 4005 aciem
1551 3951 1807 4018 intendit,
1836 3960 2074 4006 naturae-

489 4057 599 4113 que
642 4042 856 4097 senium
890 4042 1042 4096 exuit
1079 4043 1272 4112 ,juxta
1300 4042 1437 4098 illud
1473 4060 1488 4097 :
1522 4062 1542 4095 ι
1577 4043 1950 4098 Renovabitur
2011 4051 2073 4098 nt

492 4134 697 4202 aquilae
745 4134 1007 4202 juventus
1054 4142 1146 4188 tua
1190 4136 1309 4186 ⁸⁸.»
1340 4162 1412 4176 --
1447 4153 1466 4186 ι
1508 4135 1782 4202 Operatur
1833 4151 2072 4205 namque

491 4226 754 4293 patientia
787 4226 1169 4295 probationem
1199 4227 1486 4296 ;probatio
1509 4235 1691 4282 autem
1717 4243 1866 4297 spem
1903 4245 1918 4293 ;
1944 4243 2070 4298 spes

492 4322 674 4369 autem
701 4330 810 4370 non
833 4316 1118 4371 confundit
1139 4317 1206 4370 7°.
1241 4337 1260 4370 ι
1287 4319 1479 4388 Itaque
1499 4320 1838 4374 commutatis
1868 4321 2068 4375 viribus

2180 1851 2376 1919 κρίσει
2401 1849 2548 1903 Θεοῦ
2569 1887 2584 1913 ,
2617 1849 2796 1902 καίτοι
2825 1847 3027 1918 ἀρτίως
3059 1847 3262 1916 ἢκουες
3297 1844 3440 1914 πρὸς
3467 1843 3598 1898 Θεὸν
3624 1845 3756 1916 εἰρηο

2183 1943 2364 2012 μένον,
2381 1942 2470 1995 Ἐν
2494 1941 2686 2012 κράτει
2719 1940 2902 2010 ἰσχύος
2918 1938 3069 1991 οὐδέν
3101 1954 3160 1990 σε
3186 1935 3406 1990 ἔλαθεν.
3439 1934 3583 2006 Πλὴν
3607 1937 3650 1988 εἰ
3674 1939 3754 1989 καὶ

2183 2037 2261 2108 μὴ
2304 2036 2575 2107 πρότερον
2629 2035 2769 2106 μήτε
2814 2033 3038 2104 ἔγνως,
3090 2034 3233 2103 μήτε
3284 2030 3585 2098 ἤκουσας,
3634 2028 3752 2100 μάθε

2181 2129 2275 2184 νῦν
2295 2146 2309 2160 ο
2339 2130 2525 2201 ἤγουν,
2552 2129 2601 2180 εί
2623 2128 2680 2180 δὲ
2704 2126 2810 2197 φὴς
2837 2127 2910 2196 μὴ
2934 2125 3252 2194 γινώσκειν,
3272 2125 3322 2175 εἱ
3354 2123 3430 2193 μὴ
3453 2121 3749 2186 ἀκούσειας·

2180 2223 2245 2291 τῇ
2279 2221 2344 2290 σῇ
2377 2222 2737 2289 προσποιήσει
2772 2215 3078 2287 συντρέχων
3109 2213 3502 2284 ὲρῶ.Ἥγουν,
3534 2213 3669 2282 ἐρεῖς
3688 2211 3751 2276 ὡς

2179 2313 2281 2366 οὐκ
2315 2313 2510 2381 ἔγνως.
2543 2309 2773 2373 Οὐκοῦν,
2800 2311 2855 2362 ει
2875 2309 2958 2378 μὴ
2990 2307 3291 2376 ἤκουσας,
3329 2304 3438 2357 ἴσθι
3472 2305 3549 2370 ὡς
3573 2306 3604 2357 ὁ
3626 2305 3750 2370 Θεός

2181 2408 2214 2459 ὀ
2243 2404 2484 2471 αἰώνιος
2506 2444 2521 2468 ,
2556 2404 2618 2458 οὐ
2653 2403 2812 2473 μόνον
2845 2400 3096 2472 οὐρανὸν,
3136 2399 3281 2454 ἀλλὰ
3314 2397 3618 2470 καὶ-πᾶσαν
3647 2413 3747 2448 συν-

2183 2496 2300 2566 έχει
2328 2497 2446 2564 τὴν
2469 2494 2608 2565 γῆν.
2638 2495 2749 2549 Καὶ
2783 2493 2902 2556 πῶς
2929 2492 3132 2561 δυνήσῃ
3157 2489 3358 2542 τοῦτον
3387 2487 3569 2542 λαθεῖν
3593 2487 3748 2552 ;’Δντὶ

2179 2587 2236 2641 δὲ
2264 2585 2381 2653 τοῦ,
2412 2589 2486 2642 οὐ
2517 2584 2819 2648 κοπιάσει,
2853 2585 2965 2637 οὐκ
2993 2580 3460 2648 ὲξελύθη,φασὶν
3495 2579 3542 2630 οἱ
3575 2577 3746 2632 λοιποί.

2180 2679 2325 2752 Πρὸς
2351 2679 2428 2751 τῷ
2457 2679 2514 2732 δὲ
2549 2679 2625 2750 μὴ
2649 2676 2953 2742 ἀσθενεῖν,
2986 2673 3121 2746 μηδέ
3162 2690 3218 2726 τι
3257 2671 3404 2742 ἔχειν
3439 2667 3746 2740 ἀνθρώπινον

2179 2772 2275 2825 καὶ
2304 2770 2689 2840 ἀκατάληπτον
2736 2767 2849 2837 ἔχει
2893 2766 2994 2834 τὴν
3027 2761 3259 2832 γνῶσιν,
3296 2762 3365 2814 δι’
3388 2754 3456 2831 ἧς
3490 2759 3640 2830 μέχρι
3668 2757 3749 2810 καὶ

2178 2862 2288 2916 τῶν
2308 2861 2452 2916 κατά
2475 2860 2640 2932 μέρος
2664 2861 2698 2929 ή
2729 2857 2920 2911 τούτου
2949 2855 3225 2926 διέρχεται
3261 2853 3510 2924 πρόνοια,
3533 2850 3746 2901 εὐεκτείν

2184 2956 2283 3026 μὲν
2316 2953 2429 3007 ἐσθ’
2469 2955 2558 3006 ὅτε
2607 2950 2836 3004 ποιοῦσα
2881 2949 3010 3010 τοὺς
3044 2949 3315 3026 πένητας,
3351 2944 3452 3014 τὴν
3479 2941 3535 2995 δὲ
3562 2939 3745 3010 τρυφὴν

2180 3047 2289 3102 τῶν
2320 3047 2380 3098 ὲν
2408 3044 2626 3113 πλούτῳ
2660 3041 2964 3106 κολάζουσα
2993 3037 3142 3110 λύπῃ
3180 3019 3557 3107 καὶθφροντίσι
3585 3032 3742 3101 βιωτι-

2184 3143 2327 3204 καῖς.
2346 3137 2657 3192 Ἐπιϐἀλλει
2683 3135 2741 3188 δὲ
2775 3135 2869 3188 καὶ
2895 3133 3010 3196 τοῖς
3039 3133 3096 3184 ὲν
3122 3131 3284 3200 ἀκμῇ
3331 3128 3434 3198 τὴν
3478 3123 3538 3190 ἐξ
3587 3125 3744 3194 ἀί)ρω-

2185 3250 2284 3304 στη
2295 3232 2480 3304 μάτων
2506 3227 2861 3285 ἀσθένειανο
2882 3227 2947 3278 ἐκ
2978 3223 3036 3277 δὲ
3064 3223 3173 3276 τῶν
3202 3221 3471 3276 ἐναντίων
3494 3219 3540 3271 οἱ
3561 3217 3681 3270 Θεὸν
3696 3215 3742 3304 έν

2186 3303 2513 3394 μαρτυρίαις
2557 3320 2590 3392 ἢ
2633 3319 2896 3387 διωγμοῖς
2943 3313 3433 3383 ὑπομείναντες,
3487 3307 3622 3363 κατὰ
3663 3303 3743 3373 τὴν

2183 3414 2468 3487 παροῦσαν
2515 3411 2924 3475 ἀσθενοῦντες
2976 3407 3141 3478 ζωὴν,
3175 3404 3456 3474 τοσαύτης
3499 3397 3742 3464 ἀξιοῦνται

2185 3505 2511 3579 μεταϐολῆς,
2541 3505 2617 3568 ὡς
2650 3502 2967 3571 ἐλευθέρους
2995 3498 3458 3570 προσαναπτῆναι
3497 3490 3623 3564 πρὸς
3664 3488 3740 3541 οὺ-

2182 3601 2365 3672 ρανόν.
2383 3598 2440 3650 Ὀ
2469 3597 2576 3668 γὰρ
2608 3596 2785 3661 ἀετὸς
2808 3592 3076 3662 ὑψιπέτης
3104 3591 3247 3654 ἐστι,
3278 3588 3374 3642 καὶ
3397 3585 3628 3640 ἀντωπεῖ
3643 3581 3740 3642 ταῖς

2178 3691 2274 3744 τοῦ
2319 3689 2472 3762 ἡλίου
2519 3687 2932 3759 μαρμαρυγαῖς,
2965 3683 3140 3754 γῆράς
3186 3697 3254 3732 τε
3282 3680 3346 3733 τὸ
3380 3675 3599 3748 φυσικὸν
3628 3672 3736 3725 ἀπο-

2178 3783 2362 3838 δύεται
2389 3781 2533 3835 κατὰ
2557 3780 2620 3833 τό
2640 3796 2655 3812 ο
2689 3799 2707 3831 ι
2730 3776 3284 3846 Ἀνακαινισθήσεται
3311 3772 3387 3836 ὡς
3414 3767 3568 3823 ἀετοῦ
3594 3767 3624 3834 ή
3649 3763 3738 3816 νεό-

2177 3893 2278 3946 της
2329 3893 2443 3928 σου.
2475 3892 2495 3925 ι
2529 3903 2600 3913 -
2631 3891 2650 3924 ι
2679 3868 3096 3941 Κατεργὰζεται
3130 3865 3243 3938 γὰρ
3293 3867 3328 3936 ἡ
3379 3863 3477 3933 μὲν
3524 3851 3737 3928 ὑπομονὴ

2175 3964 2504 4034 δοκιμήνοή
2555 3955 2611 4014 δὲ
2654 3959 2852 4030 δοκιμὴ
2899 3957 3128 4012 ἐλπίδαο
3175 3957 3208 4024 ή
3253 3955 3312 4008 δὲ
3345 3953 3499 4014 ἐλπὶς
3521 3949 3581 4002 οὑ
3625 3961 3738 3999 κατ-

2177 4055 2442 4124 αισχύνει.
2470 4072 2489 4105 ι
2529 4051 2620 4104 Διὸ
2648 4051 2742 4103 καὶ
2772 4050 2888 4117 τὴν
2915 4048 3102 4117 ἰσχὺν
3138 4044 3490 4109 ἀλλάξουσι
3516 4039 3601 4092 τὸν
3633 4035 3736 4102 θνη-

2175 4143 2268 4196 τὸν
2301 4144 2414 4214 βίον
2445 4139 2859 4212 μεταϐαλόντες,
2889 4140 2984 4193 καὶ
3018 4142 3097 4202 είς
3124 4135 3431 4207 ἀγγελικὴν
3463 4127 3734 4204 μεταστάν-

2175 4251 2267 4297 τες
2296 4233 2464 4304 ζωήν.
2483 4234 2581 4286 Διά
2610 4233 2719 4301 γὰρ
2744 4229 2864 4284 τῶν
2888 4229 3099 4294 ἀετῶν,
3126 4231 3251 4290 ταῖς
3277 4225 3545 4299 οὐρανίοις
3565 4217 3734 4276 αὐτοὺς

2175 4323 2466 4388 ἀπεικάζει
2493 4322 2810 4390 δυνάμεσιν,
2834 4321 2901 4384 ἃς
2923 4318 3243 4388 πτερωτοῖς
3269 4305 3733 4386 ἀφωμοίωσεν.Διᾶ

488 4406 659 4459 vitam
707 4406 872 4462 istam
909 4424 1037 4462 cum
1099 4408 1396 4462 immortali
1425 4411 1864 4476 commutabunt,
1897 4420 1952 4466 et
2009 4411 2067 4466 in

2183 4413 2332 4467 τοῦτο
2363 4414 2472 4483 ἄρα
2514 4412 2742 4468 καὶτῶν
2784 4413 2844 4466 ὲν
2875 4411 3033 4464 ὕδασι
3066 4410 3290 4480 καθαρὰ
3337 4409 3412 4462 τὰ
3450 4401 3727 4493 exasperat-

491 4499 807 4569 angelicam.
830 4500 1171 4554 transibunt.
1209 4499 1319 4556 Eos
1369 4503 1516 4556 enim
1569 4502 1872 4572 aquilarum
1926 4502 2070 4558 facta

2183 4502 2366 4565 Οὕτως
2395 4503 2504 4574 ἄρα
2535 4503 2638 4556 κάν
2657 4501 2736 4572 τῷ
2759 4501 2986 4572 παρόντι
3019 4499 3119 4570 βίῳ
3146 4497 3347 4570 μερικὴ
3375 4495 3570 4562 κρίσις
3595 4483 3726 4546 ἐστὶν

487 4590 789 4655 mentione,
823 4605 948 4644 cum
988 4591 1307 4646 coelestibus
1340 4594 1708 4662 potestatibus
1736 4603 2017 4662 comparat
2051 4613 2066 4662 ;

488 4698 631 4752 quas
669 4682 833 4736 alatis
870 4675 1181 4752 persimilcs
1213 4684 1402 4738 efficit.
1434 4684 1613 4754 Atque
1641 4686 1769 4740 inde
1805 4696 1891 4742 est
1940 4701 2068 4756 pro-

489 4775 654 4840 lecto,
673 4777 820 4846 quod
852 4791 974 4844 quae
1003 4776 1057 4828 in
1082 4775 1238 4845 aquis
1263 4777 1489 4846 degunt,
1505 4776 1552 4831 si
1579 4779 1780 4846 primas
1809 4778 2065 4845 habeant,

2175 4598 2270 4652 καὶ
2297 4597 2559 4667 καθολικὴ
2590 4598 2648 4650 ὲν
2677 4596 2754 4667 τῷ
2789 4595 3058 4666 μέλλοντι,
3089 4594 3192 4648 κᾶν
3222 4593 3298 4664 μὴ
3327 4591 3484 4644 τοῦτο
3517 4586 3578 4638 σὺ
3603 4578 3728 4636 νενό-

2179 4707 2367 4760 μικας.
2398 4689 2636 4760 Ἰσραήλ.
2666 4689 2756 4742 Διὸ
2801 4689 2886 4742 σοὶ
2920 4688 3018 4759 μὲν
3046 4685 3220 4740 ταῦτα
3242 4728 3257 4754 ,
3306 4687 3418 4748 τοῖς
3460 4681 3516 4736 δὲ
3549 4675 3726 4732 λοιποῖς

2175 4779 2353 4832 ἔθνεσι
2381 4780 2692 4850 κατάλληλα
2716 4778 3042 4849 προσφωνῶ.

488 4865 692 4920 munda
750 4881 874 4922 esse
895 4881 1188 4922 oensemus
1213 4868 1280 4921 ".
1315 4867 1408 4922 Sic
1433 4882 1566 4938 ergo
1596 4867 1844 4939 his-et
1886 4869 1940 4922 in
1966 4869 2070 4923 hac
2109 4870 2221 4924 vita
2243 4871 2588 4942 singulorum
2653 4870 2930 4940 quoddam
2957 4869 3221 4938 judicium
3247 4873 3372 4929 est;
3435 4868 3493 4915 ut
3550 4856 3599 4910 in
3651 4850 3719 4905 fu-

489 4966 635 5022 tura,
661 4958 1050 5013 universorum
1086 4975 1100 5023 ;
1130 4960 1296 5013 etiam
1327 4959 1373 5014 si
1402 4960 1631 5014 minime
1672 4961 1748 5014 ita
1816 4975 1941 5017 esse
1971 4961 2286 5030 arbitreris,
2365 4980 2399 5019 ο
2450 4964 2620 5020 Israel
2671 4981 2686 5019 :
2762 4962 3001 5033 indeque
3056 4962 3164 5016 ista
3231 4960 3352 5024 tibi,
3417 4947 3722 5022 reliquisque

489 5051 743 5123 gentibus
767 5067 1011 5123 congrua
1046 5052 1333 5107 denuntio.

1107 5142 1260 5196 CAP.
1311 5141 1448 5196 XLI.

560 5231 728 5287 Vens.
777 5234 896 5287 1-7.
921 5233 1260 5288 Innovamini
1310 5235 1378 5287 ad
1418 5250 1518 5300 me,
1550 5234 1764 5289 insulse.
1794 5233 2068 5302 Principes

489 5324 629 5378 enim
681 5326 957 5378 mutabunt
1013 5328 1348 5394 potentiam;
1386 5325 1641 5380 accedant
1688 5335 1738 5379 et
1788 5326 2074 5396 loquantur

491 5417 700 5479 simul;
741 5426 865 5472 tunc
905 5416 1170 5484 judicium
1221 5419 1555 5472 annuntient.
1602 5417 1734 5482 Quis
1792 5418 2070 5472 suscitavit

491 5510 554 5562 de
588 5510 787 5562 oriente
803 5508 1078 5576 justitiam
1105 5510 1130 5564 .9
1169 5511 1368 5563 vocavit
1401 5525 1520 5563 eam
1550 5507 1618 5561 ad
1656 5507 1810 5576 pedes
1841 5523 1985 5575 suos,
2013 5515 2063 5561 et

563 5686 606 5718 ε
635 5686 807 5742 Eccli.
837 5702 876 5753 ι,
908 5686 961 5741 2.
1039 5688 1084 5720 ⁶⁹
1106 5686 1254 5742 Psal.
1283 5702 1376 5752 cn.
1396 5687 1449 5742 5.
1527 5687 1571 5721 ⁷⁰
1593 5687 1752 5742 Rom.
1773 5690 1898 5758 ἢεί.

2744 5141 2998 5196 ΚΕΦΑΛ.
3051 5140 3189 5195 MA'.

2245 5233 2380 5298 a-C'.
2417 5233 2853 5303 Ἐγκαινίζεσθε
2877 5234 3026 5301 πρός
3057 5249 3154 5302 με,
3192 5231 3388 5298 νῆσοι.
3429 5227 3492 5278 Ol
3518 5219 3616 5291 γὰρ
3635 5215 3720 5281 ἆρ’

2171 5341 2286 5392 χον
2290 5340 2385 5389 τες
2404 5323 2784 5388 ἀλλάξουσιν
2805 5325 3009 5392 ἰσχύν.
3028 5321 3486 5393 Ἔγγισάτωσαν,
3515 5311 3600 5366 καὶ
3626 5310 3714 5360 .Ia-

2174 5415 2543 5482 λησάτωσαν
2586 5416 2728 5486 ἅμα,
2775 5419 2910 5470 τότε
2956 5416 3158 5483 κρίσιν
3202 5405 3712 5481 ἀναγγειλάτωσαν.

2177 5504 2280 5571 Τίς
2298 5507 2606 5578 ἐξήγειρεν
2625 5507 2742 5563 ἀπὸ
2762 5505 3074 5562 ἀνατολῶν
3097 5503 3504 5568 δικαιοσύνην,
3531 5489 3709 5546 ἐκάλε-

1975 5690 2019 5722 τί
2041 5687 2214 5746 Levit.
2251 5707 2329 5758 xi,
2355 5692 2378 5745 1
2405 5706 2559 5763 seqq.
