3950 6420
1057 201 1139 215 ,πμ
1186 210 1193 211 ,

313 266 464 337 2345

1464 266 1670 329 COMM
1680 261 1996 327 ENTABII
2028 262 2112 324 ΙΝ
2146 260 2430 323 ISAIAM.

3434 263 3577 329 2346

314 399 437 439 σεν
479 384 676 452 αὐτὴν
725 380 878 438 κατὰ
922 381 1115 448 πόδας
1155 380 1366 447 αὐτοῦ,
1401 382 1500 434 καὶ
1549 379 1902 449 «optauerat;

2007 378 2187 437 vadet,
2218 375 2383 431 Dabit
2438 378 2491 430 in
2529 384 2811 444 conspectu
2844 376 3101 447 gentium,
3127 385 3177 431 et
3220 393 3361 445 reges
3393 378 3579 433 obstu-

313 477 509 532 Δώσει
546 475 826 530 ἐναντίον
866 472 1077 538 ἐθνῶν,
1125 473 1225 526 καί
1264 472 1547 537 βασιλεῖς
1595 468 1901 536 ἐκστήσει.

313 567 433 624 Καὶ
463 567 642 623 δώσει
681 570 769 634 εἰς
808 566 928 637 γῆν
968 566 1074 630 τὰς
1108 565 1402 634 μαχαίρας
1445 563 1665 627 αὐτῶν,
1701 561 1800 615 καὶ
1826 561 1907 626 ὡς

313 660 598 729 φρύγανα
628 658 943 728 ἐξωσμὼθα
979 658 1052 710 τὰ
1077 654 1224 721 τόξα
1258 653 1475 725 αὐτῶν,
1503 655 1600 710 καὶ
1635 652 1906 719 διώξεται

313 749 566 815 αὐτοὺς,
596 767 651 803 κ.
677 767 729 802 τ.
758 748 808 804 λ.

409 840 852 910 Ἐγκαινίζεσθε
889 840 1038 909 πρός
1064 857 1162 910 με,
1194 837 1396 908 νῆσοι,
1430 839 1549 893 ἀνθ’
1576 830 1637 894 οὗ
1669 836 1903 908 Σύμμα-

313 952 416 1006 χος
446 934 567 1003 μὲν,
617 934 1031 996 Δουλεύσατε,
1081 931 1244 1002 φησὶν
1271 973 1287 994 ,
1338 930 1431 984 ἐπ’
1482 930 1651 1001 ἐμοῦ,
1698 928 1901 999 νῆσοι,

328 1021 567 1085 ’Δκύλας
605 1022 662 1075 δὲ
709 1023 805 1076 καὶ
851 1020 1176 1084 Θεοδοτίων,
1208 1019 1565 1088 Κωφεύσατε
1616 1018 1766 1086 πρός
1805 1032 1903 1086 με.

312 1113 508 1184 Σιγᾷν
531 1113 641 1182 γὰρ
659 1113 853 1177 αὑταῖς
883 1113 1191 1178 ἐκέλευσεν,
1211 1110 1287 1172 ὡς
1318 1111 1381 1163 ἂν
1410 1110 1637 1180 ἐπήκοοι
1667 1108 1907 1176 γένοιντο

312 1206 472 1270 θείας
515 1206 733 1275 ὁμιλίας
782 1206 875 1259 καὶ
925 1203 1196 1274 σωτηρίου
1240 1194 1618 1271 κηρύγματος,
1672 1197 1906 1262 νήσους

310 1297 493 1366 λέγων
522 1298 617 1361 τὰς
647 1295 706 1357 ἐξ
734 1296 901 1350 ἐθνῶν
935 1294 1258 1364 Ἐκκλησίας
1340 1302 1376 1324 ¹¹¹
1404 1292 1623 1364 ἁλμυρὰ
1657 1289 1752 1344 τοῦ
1788 1289 1905 1360 βίου

311 1387 564 1458 περιέχει
604 1385 795 1449 κακία,
821 1385 915 1439 καὶ
945 1383 1056 1436 τῶν
1080 1380 1530 1452 ἐπανισταμένων
1559 1381 1627 1433 τὰ
1660 1378 1902 1448 κύματα.

324 1478 471 1531 ’Λλλ’
502 1479 640 1531 εἰσὶν
670 1478 966 1546 ἀσφαλεῖς,
1001 1476 1077 1540 ὡς
1105 1476 1199 1528 ἐπὶ
1230 1475 1436 1549 πέτραν
1482 1473 1784 1543 βαίνουσαι,
1814 1470 1905 1524 τὸν

309 1570 572 1641 Χριστόν.
594 1569 686 1622 Διὸ
712 1570 771 1623 οὐ
797 1568 1295 1622 σαλεύονται.¹Ἀνω
1315 1566 1371 1620 δὲ
1397 1564 1541 1632 τοὺς
1573 1562 1906 1633 ὑπομένον-

308 1678 424 1725 τας
475 1662 694 1726 Κύριον
728 1660 846 1728 τὴν
880 1659 1063 1729 ἰσχὺν
1093 1658 1392 1723 ἀλλάξειν
1439 1656 1631 1719 εἰπὼν,
1668 1653 1904 1709 ἐνταῦθα

2005 485 2212 539 pescere
2249 468 2406 539 faciet
2438 478 2527 523 :et
2545 467 2697 522 dabit
2722 469 2775 522 in
2813 477 3012 522 terram
3042 467 3248 539 gladios
3296 486 3499 534 eorum,
3530 481 3579 524 et

2007 564 2143 616 sicut
2169 563 2423 616 cremium
2452 578 2607 617 arcus
2645 577 2850 627 eorum,
2884 571 2935 616 et
2962 573 3301 633 persequetur
3329 580 3438 629 eos,
3470 574 3577 620 etc.

2080 827 2413 885 lnnovamini
2458 822 2528 885 ad
2576 846 2677 898 me,
2740 824 2975 896 insulae;
3032 843 3132 900 pro
3163 827 3366 898 quibus
3422 826 3582 900 Sym-

2010 922 2259 985 machus,
2286 920 2485 976 Servite
2503 921 2630 974 mihi
2646 922 2835 976 insula:
2848 939 2867 986 ;
2884 921 3110 988 Aquilas
3129 928 3311 974 autem
3336 916 3583 979 etTheo:

2009 1012 2180 1072 dotio,
2216 1010 2404 1066 Tacete
2437 1010 2577 1081 apud
2613 1027 2711 1075 me,
2753 1011 3174 1067 transtulerunt.
3209 1008 3404 1063 Tacere
3436 1008 3581 1062 enim

2007 1121 2101 1162 eas
2143 1106 2320 1174 jubet,
2350 1115 2409 1161 ut
2465 1104 2702 1162 sermoni
2730 1112 2784 1160 et
2816 1105 3042 1159 salutari
3102 1101 3478 1175 prmdieationi
3525 1117 3584 1156 se

2008 1203 2242 1251 attentas
2272 1194 2550 1265 prtebeant
2577 1212 2592 1262 ;
2616 1193 2912 1248 insularum
2963 1193 3204 1259 nomine,
3239 1190 3505 1246 eontlatas
3553 1205 3586 1241 e

2009 1287 2259 1356 gentibus
2293 1285 2568 1341 Ecelesias
2626 1283 2953 1355 intelligens,
2988 1283 3040 1337 in
3072 1297 3212 1352 quas
3263 1280 3429 1351 huius
3464 1281 3585 1332 vitae

2008 1377 2275 1448 nequitia,
2305 1385 2566 1447 tanquam
2593 1377 2763 1432 maris
2801 1376 3078 1445 salsilago,
3137 1374 3300 1428 undis
3328 1383 3381 1428 et
3408 1371 3584 1426 ﬂucti-

2007 1468 2111 1523 bus
2152 1467 2394 1538 undique
2429 1469 2685 1540 insurgit.
2720 1463 2825 1521 Sed
2879 1473 3011 1520 tuta:
3062 1463 3169 1518 illae
3228 1473 3403 1530 sunt;
3464 1478 3584 1532 quas

2007 1557 2231 1615 Christo
2274 1557 2440 1629 lapidi
2476 1558 2703 1621 innixai,
2736 1555 3066 1613 commoveri
3108 1570 3214 1610 non
3245 1557 3482 1608 valeant.
3519 1552 3585 1607 At

2009 1650 2290 1720 superius,
2320 1664 2445 1704 cum
2476 1665 2591 1713 eos,
2629 1649 2719 1719 qui
2766 1648 3053 1702 Dominum
3114 1653 3441 1716 exspectant,
3496 1660 3588 1710 po-

308 1752 491 1820 λέγει,
529 1752 876 1820 Ἄρχοντες,
909 1751 1076 1822 ἤγουν
1106 1750 1235 1817 ἔθνη
1255 1791 1271 1816 ,
1302 1748 1686 1815 ἁλλαξάτωσαν
1728 1748 1902 1818 ἰσχὺν,

2012 1743 2229 1796 tentiam
2259 1751 2555 1795 mutaturos
2584 1756 2708 1796 esse
2758 1740 3008 1804 dixisset,
3043 1753 3190 1793 nunc
3219 1738 3502 1806 principes,
3535 1736 3585 1790 id

310 1845 460 1898 κατὰ
502 1843 799 1914 Σύμμαχον
836 1844 1059 1914 (ὅπεριι
1106 1842 1230 1908 τοῖς
1278 1840 1655 1912 ὑπομένουσι
1686 1842 1904 1908 Κύριον

306 1935 476 1989 τοῦτο
517 1939 703 2005 νήσοις
739 1934 1044 1988 ἐπιτάττων
1082 1933 1177 1987 καὶ
1223 1931 1479 2002 ἔθνεσιν),
1505 1932 1581 1995 ὼς
1624 1930 1690 1984 ἂν
1723 1930 1817 1984 ἐπὶ
1844 1929 1904 1983 τὸ

312 2029 565 2099 κρεῖττον
591 2027 688 2098 τὴν
717 2026 824 2079 ἀπὸ
854 2026 1098 2097 χείρονος
1130 2026 1284 2095 ἰσχὺν
1331 2023 1710 2095 μεταδάλοιεν.
1747 2023 1905 2086 Τινὲς

309 2119 373 2172 δέ
423 2136 588 2187 φασιν
635 2118 710 2181 ὼς
759 2117 984 2170 ἐσθ’ὄτε
1029 2116 1217 2186 νῆσοι
1250 2116 1543 2170 καλοῦνται
1594 2115 1779 2178 πόλεις
1808 2115 1905 2168 καὶ

313 2210 525 2279 κῶμαι,
559 2209 822 2262 πλατεῖαν
853 2204 1073 2279 ἔχουσαι
1119 2206 1305 2277 κύκλῳ
1350 2207 1454 2279 γῆν
1498 2207 1779 2279 άνήρωτον
1812 2206 1906 2260 καὶ

314 2298 774 2369 κεχερσωμένην,
802 2298 921 2361 οἵας
965 2298 1065 2362 τὰς
1101 2297 1415 2367 Ἰδουμαίων
1447 2295 1588 2350 εἶναι
1622 2312 1772 2365 φασι,
1810 2297 1905 2349 καὶ

313 2390 626 2446 Μωαϐιτῶν
646 2430 662 2455 ,
693 2390 768 2455 ὡς
799 2392 855 2444 ιν
889 2392 1080 2460 ἐρήμῳ
1121 2389 1403 2459 κειμένας,
1450 2382 1542 2453 αἷς
1592 2391 1907 2459 προσφωνεῖ

317 2484 676 2552 παράδειγμα
724 2481 905 2537 λαϐὼν
950 2482 1120 2545 αὑτὰς
1148 2481 1247 2551 τῆς
1274 2480 1384 2533 τῶν
1410 2480 1586 2534 ἄλλων
1621 2480 1906 2534 εἰδωλολα-

316 2578 463 2648 τριῖιν
500 2578 718 2649 μανίας,
751 2579 849 2647 τὴν
895 2577 1003 2631 τῶν
1049 2576 1217 2630 ἐθνῶν
1246 2575 1551 2650 πρόσληψιν
1595 2578 1658 2631 ἐκ
1700 2576 1903 2649 μέρους

315 2667 515 2736 δηλῶν,
543 2667 578 2722 ἃ
608 2667 857 2738 βούλεται
904 2669 1040 2740 πρὸς
1072 2669 1373 2738 καινότητα
1406 2668 1705 2739 μεταϐῆναι
1755 2666 1903 2733 ζωῆς

315 2755 418 2828 τὴν
468 2755 864 2811 παλαιὼσασαν
913 2757 1055 2811 αὐτὰ
1084 2757 1505 2828 -καταλείψαντα
1551 2760 1780 2829 πλάνην,
1814 2759 1903 2813 ἴνα

318 2848 583 2914 γένωνται
608 2847 877 2918 παρθένος
903 2847 1064 2918 ἁγνὴ,
1095 2848 1169 2919 μὴ
1193 2848 1414 2920 ἔχουσαι
1433 2849 1667 2922 σπίλονῆ
1693 2849 1900 2922 ῥυτίδα.

317 2934 421 2992 Ὦν
453 2942 505 2994 οἱ
533 2939 824 3008 ἄρχοντες
854 2939 1226 2994 ἀλλάττουσι
1252 2938 1370 3007 τὴν
1390 2939 1595 3007 ἰσχὺν,
1618 2940 1692 3003 ὼς
1718 2939 1824 2992 τῶν
1847 2941 1904 2993 ὲν

2005 1841 2090 1887 est
2111 1834 2637 1902 gentes,sccundum
2667 1829 3053 1901 Symmachum
3088 1830 3371 1898 (tanquam
3405 1827 3579 1880 Denti-

2008 1940 2132 1978 num
2160 1932 2525 1991 exspectantes
2558 1922 2771 1977 insulas
2792 1932 2847 1976 et
2886 1928 3078 1991 gentes
3115 1917 3475 1990 alloquatur),
3503 1917 3588 1973 id—

2008 2015 2185 2086 ipsum
2231 2015 2430 2079 facere,
2463 2014 2514 2068 id
2548 2021 2633 2070 est
2663 2013 2731 2069 ab
2766 2012 3106 2068 imbecilliori
3138 2013 3340 2067 virtute
3370 2013 3439 2067 ad
3488 2028 3588 2083 p0-

2005 2108 2202 2161 tiorem
2236 2107 2469 2162 transire
2498 2107 2748 2176 imperat.
2775 2106 2942 2160 Aiunt
2989 2106 3238 2160 nonnulli
3287 2100 3587 2159 insularum

2008 2198 2647 2269 appellatione‘civitates
2671 2208 2724 2253 et
2743 2214 2912 2270 pagos
2943 2198 3261 2269 aliquando,
3294 2198 3389 2269 qui
3421 2199 3586 2254 vastis

2007 2291 2342 2360 incultisque
2369 2291 2532 2347 terris
2555 2291 2870 2346 ambiuntur
2893 2290 3105 2361 (quales
3132 2284 3191 2344 in
3215 2290 3581 2345 Idumaeorum

2006 2393 2060 2440 et
2106 2385 2467 2440 Moabitarutn
2509 2385 2810 2442 solitudine
2837 2400 2959 2441 esse
2996 2383 3300 2456 dicuntur),
3334 2384 3584 2456 intelligi,

2005 2492 2148 2547 quos
2177 2477 2328 2530 velut
2374 2477 2428 2531 in
2458 2478 2766 2547 exemplum
2821 2488 3140 2532 exterorunt
3168 2473 3583 2532 idololalrarum
3641 2549 3647 2555 ⁸

1984 2569 2259 2631 ιιιςειιηιὶι.
2299 2575 2359 2621 ut
2384 2568 2628 2637 gentium
2665 2569 3101 2637 assumptiouem
3128 2584 3195 2622 ex
3243 2578 3399 2639 parte
3445 2568 3589 2623 indi-

2008 2668 2114 2722 cet,
2137 2673 2276 2728 quas
2309 2673 2500 2713 errore
2527 2658 2696 2713 veteri
2734 2659 2946 2725 relicto,
2978 2669 3037 2713 ut
3061 2659 3214 2731 virgo
3234 2676 3394 2731 pura,
3433 2661 3582 2715 omni

2008 2750 2151 2814 labe,
2192 2750 2450 2820 omnique
2485 2764 2618 2821 ruga
2650 2758 2899 2805 carentes
2933 2751 3186 2815 evadant,
3222 2751 3288 2805 ad
3328 2751 3453 2807 vitae
3487 2766 3587 2806 no-

2007 2842 2228 2898 vitatem
2262 2844 2502 2898 transire
2540 2842 2834 2913 significat,
2865 2844 3229 2913 principesque
3256 2843 3432 2914 ipsos,
3466 2851 3588 2897 lano

2006 2951 2170 3006 quant
2191 2936 2280 3001 iis,
2304 2937 2397 3004 qui
2423 2935 2592 3006 legem
2612 2942 2941 3005 sequuntur,
2957 2937 3590 3005 superiores,etonmino

319 3031 473 3103 νόμῳ
523 3032 806 3102 κρείττους
853 3031 1171 3101 γενόμενοι,
1225 3031 1317 3085 καὶ
1370 3030 1626 3097 καθάπαξ
1677 3031 1902 3102 δυνάμει

2010 3028 2217 3082 virtute
2239 3026 2510 3097 spirituali
2540 3026 2955 3097 praestantiores
2975 3028 3272 3090 evaserint,
3296 3028 3586 3097 potentiam

322 3122 664 3190 πνευματικῇ
705 3119 1070 3193 διαφέροντες.
1106 3120 1262 3183 Τινὲς
1312 3120 1369 3174 δέ
1401 3139 1566 3191 φασιν
1598 3122 1674 3185 ὡς
1707 3122 1906 3193 ψυχαῖς

324 3211 753 3274 παλαιωθείσαις
780 3211 838 3263 ὲν
867 3208 1078 3280 ἡδοναῖς
1106 3210 1204 3274 τὰς
1230 3208 1470 3282 ψυχικάς
1495 3210 1677 3265 αὐτῶι
1707 3211 1907 3267 ἀναλα-

323 3304 441 3358 ϐεῖν
468 3302 826 3374 συμϐουλεύει
853 3302 1135 3373 δυνάμεις,
1156 3301 1572 3372 ἁπονιψαμένας
1596 3305 1658 3356 τδ
1682 3302 1790 3356 τῶν
1803 3320 1909 3357 πα-

318 3397 429 3451 θῶν
453 3395 721 3466 ἁλμυρὸν,
750 3394 897 3449 τοῦτ’
918 3394 1035 3448 ἔστι
1079 3395 1173 3448 τὸν
1213 3394 1444 3450 παλαιὸν
1476 3394 1781 3465 ἄνθρωπον,
1812 3395 1906 3448 καὶ

319 3488 411 3542 τον
438 3489 557 3540 νέον
586 3486 972 3556 ὲνδυσαμένας,
1009 3486 1153 3540 κατὰ
1195 3487 1258 3540 τὸ
1303 3487 1502 3557 Παύλῳ
1537 3487 1746 3543 δοκοῦν.
1780 3484 1906 3541 Εἶθ’

318 3578 445 3649 ἑξῆς
467 3594 663 3649 φησινε·
691 3577 1144 3649 Ἐγγισάτωσαν
1165 3577 1264 3633 καὶ
1282 3578 1737 3647 λωησάτωσαν
1761 3579 1902 3647 ἅμα,

319 3672 387 3724 τὰ
412 3671 540 3743 ἔθνη
566 3670 747 3724 καλῶν
780 3670 919 3738 πρὸς
951 3670 1141 3723 ἑαυτὸν
1165 3672 1193 3723 ὁ
1216 3670 1373 3736 Θεὸς,
1405 3672 1500 3724 καὶ
1525 3672 1697 3725 ταῦτα
1723 3671 1903 3738 λέγειν

317 3779 377 3817 τε
420 3763 516 3817 και
560 3743 775 3833 φρονεῗν
804 3763 860 3814 ἐν
896 3761 1192 3832 Ἐκκλησία
1218 3761 1519 3827 διδάσκων,
1558 3762 1905 3834 κεκριμένως

317 3870 377 3907 τε
410 3852 472 3905 τὸ
498 3849 738 3921 Χριστοῦ
774 3849 1169 3918 καταγγέλλειν
1204 3853 1524 3919 μυστήριιν.
1559 3849 1682 3903 Τῶν
1710 3850 1819 3921 γὰρ
1842 3850 1902 3915 ἐξ

327 3945 685 4015 Ἰερουσαλὴμ
732 3944 937 4012 κρίσιν
968 3942 1346 4012 ὀνομαζόντων
1370 3941 1461 3995 τὸν
1494 3941 1680 4012 νόμον,
1715 3940 1904 4007 ἀντεξ-

316 4039 467 4106 άγων
506 4036 656 4105 αὐτῷ
689 4035 750 4088 τὸ
782 4034 1055 4105 σωτηρίαν
1085 4035 1348 4104 κήρυγμα
1393 4035 1599 4102 κρίσιν
1620 4032 1897 4087 ἐκάλεσεν.

316 4132 392 4185 οὐ
423 4128 535 4199 γὰρ
566 4125 911 4195 δικαιοσύνης
936 4124 1050 4196 ἔχει
1087 4125 1267 4189 σκιάν,
1302 4123 1438 4178 ἀλλὰ
1467 4125 1566 4196 τὴν
1594 4123 1770 4194 άληθῆ
1804 4122 1900 4175 τοῦ

315 4222 453 4277 Θεοῦ
478 4219 891 4292 δικαιοκρισίαν,
924 4219 990 4290 ῆν
1017 4219 1067 4271 oi
1094 4219 1204 4272 νέοι
1240 4218 1392 4288 παρὰ
1425 4216 1665 4287 Χριστοῦ
1698 4215 1900 4287 μαθόν-

312 4330 408 4377 τες
438 4312 779 4366 διδάσκουσιν
810 4310 1103 4379 ᾶρχοντες
1123 4348 1139 4374 ,
1177 4306 1430 4378 βούλησιν
1464 4303 1627 4362 οὖσαν
1646 4306 1740 4361 τοῦ
1761 4306 1897 4360 Θεοῦ

314 4406 411 4460 καὶ
451 4404 714 4473 Πατέρος.
1086 4452 1093 4459 .

385 4497 544 4559 Τινὲς
567 4495 623 4548 δέ
653 4511 836 4564 φασιν,
865 4493 941 4558 ὡς
963 4493 1054 4547 τον
1088 4492 1215 4564 περὶ
1239 4492 1493 4561 κρίσεως
1518 4490 1677 4560 λόγον
1703 4489 1893 4562 βούλε-

313 4603 403 4641 ται
431 4586 499 4640 τὰ
526 4586 654 4656 ἔθνη
685 4585 925 4654 μαθόντα
956 4585 1049 4638 καὶ
1077 4585 1284 4650 ἑτέροις
1308 4581 1733 4652 ἀπαγγέλλειν,
1756 4583 1898 4651 γνῶ-

314 4678 403 4732 ναί
436 4695 494 4732 τε
528 4679 621 4744 τίς
640 4677 948 4748 ἐξήγειρεν
981 4677 1099 4731 ἀπὸ
1136 4673 1452 4731 ἀνατολῶν
1475 4674 1892 4741 δικαιοσύνην.

314 4770 710 4835 Δικαιοσύνης
740 4768 848 4836 γὰρ
871 4766 1031 4838 ἔργον
1051 4768 1112 4819 τὸ
1136 4767 1210 4837 μὴ
1235 4767 1397 4837 μόνον
1432 4764 1738 4831 Ἰουδαίους,
1760 4767 1898 4820 ἀλλὰ

315 4863 408 4913 καὶ
432 4860 500 4912 τά
532 4859 694 4913 λοιπά
722 4859 830 4912 τῶν
862 4858 1031 4913 ὲθνῶν
1064 4858 1361 4931 ἐπιγνῶναι
1392 4857 1482 4910 τὸν
1510 4850 1733 4928 Κύριον.
1751 4857 1810 4911 '0
1836 4857 1901 4911 δὲ

315 4950 457 5013 θεῖος
488 4948 809 5011 Ἀπόστολος
825 4948 920 5000 καὶ⁹
946 4947 1038 5001 τὸν
1059 4945 1295 5018 Χριστὸν
1319 4944 1719 5013 δικαιοσύνην
1738 4942 1896 4998 καλεῖ

313 5041 517 5108 λέγων·
560 5041 692 5101 ι’ος
739 5039 972 5109 ἐγενήθη
1008 5040 1138 5110 ἡμῖν
1169 5039 1328 5108 σοφία
1358 5038 1468 5092 άπὸ
1494 5038 1651 5103 Θεοῦ,
1680 5036 1889 5091 δικαιο-

2008 3128 2353 3174 commutare.
2382 3117 2623 3174 Censent
2646 3119 2738 3172 alii
2770 3119 3008 3183 animas,
3036 3133 3158 3188 qua:
3187 3134 3247 3173 se
3282 3119 3373 3173 diu
3430 3119 3589 3174 volu-

2008 3211 2250 3283 ptatibus
2270 3210 2645 3276 exhauserint,
2667 3210 2732 3266 ad
2756 3209 2902 3265 vires
2925 3210 3031 3265 sibi
3071 3211 3427 3280 reparandas,
3453 3210 3587 3267 οπο-

2008 3305 2364 3372 etionumquc
2396 3303 2764 3374 salsilaginevn
2799 3303 3108 3368 eluendam,
3137 3303 3189 3359 id
3228 3315 3311 3359 est
3341 3306 3405 3358 ad
3434 3314 3586 3360 vete-

2008 3411 2123 3451 rem
2181 3396 2480 3462 hominem,
2514 3400 2814 3451 seeundum
2879 3394 3109 3451 Paulum
3145 3398 3210 3461 τ’,
3250 3401 3587 3463 exuendam,

2008 3504 2320 3558 novumque
2355 3487 2693 3544 induendum
2732 3484 3038 3544 adhortari.
3076 3489 3240 3544 Addit
3272 3506 3401 3546 vero
3432 3491 3588 3547 dein-

2006 3594 2158 3649 ceps,
2191 3579 2466 3643 accedant,
2498 3590 2546 3636 et
2576 3582 2863 3652 loquantur
2885 3582 3066 3645 simul,
3103 3583 3257 3652 quasi
3285 3564 3495 3654 gentes
3522 3584 3588 3637 ad

2006 3670 2248 3739 seipsum
2277 3682 2500 3726 vocatas
2521 3672 2783 3727 eademin
2806 3670 3051 3727 Ecclesia
3078 3674 3263 3737 dicere
3291 3685 3346 3729 et
3372 3691 3586 3746 sapere,

1999 3764 2319 3832 iudicioque
2368 3765 2619 3820 adhibito
2649 3766 2852 3820 Christi
2887 3768 3211 3837 mysterium
3255 3771 3586 3825 annuntiare

2006 3849 2151 3906 Deus
2175 3860 2415 3906 moneat.
2440 3852 2576 3918 Quia
2603 3854 2748 3908 enim
2782 3854 2953 3926 legem
2975 3856 3174 3926 judicii
3203 3859 3424 3914 nomine
3460 3859 3586 3915 Hie-

2005 3945 2380 4014 rosolymitani
2426 3946 2839 4016 nuncupabant,
2874 3948 2929 4001 in
2979 3948 3106 4014 ejus
3157 3949 3337 4005 locum
3387 3954 3583 4007 Salutis

2001 4036 2166 4110 450
2196 4038 2690 4113 promulgatiopem
2758 4040 3124 4105 substituens,
3154 4042 3402 4097 eamdem
3440 4044 3585 4114 judio

2002 4133 2139 4184 cium
2164 4132 2401 4198 vocavit,
2435 4147 2555 4202 qua:
2577 4119 2685 4186 non
2713 4132 2943 4201 justitiae
2968 4134 3239 4199 umbram,
3271 4135 3366 4190 sed
3399 4152 3578 4191 veram

2001 4220 2097 4276 Dei
2129 4224 2181 4276 in
2217 4220 2516 4293 judicando
2571 4214 2865 4280 rationem.
2895 4228 3296 4296 complectitur,
3334 4244 3493 4298 quam
3551 4246 3579 4282 a

2000 4311 2222 4367 Christo
2273 4319 2553 4383 aetrcptam
2591 4311 2745 4382 (quia
2784 4310 2873 4367 Dei
2902 4321 2957 4367 et
3006 4314 3182 4370 Patris
3240 4316 3577 4370 voluntatem

1926 4409 1970 4465 D
2000 4402 2221 4474 haheat)
2253 4406 2376 4457 nevi
2406 4403 2663 4472 principes
2683 4403 3030 4475 profitentur.

2074 4494 2269 4548 Putant
2294 4494 2383 4548 alii
2424 4492 2724 4563 postulare,
2778 4505 2834 4549 ut
2885 4495 3091 4567 qumde
3126 4496 3335 4564 judicio
3390 4506 3578 4568 gentes

1998 4585 2329 4646 didicerunt,
2360 4582 2481 4639 aliis
2511 4587 2676 4640 etiam
2727 4585 2860 4657 ipsae
2885 4588 3218 4655 annuntient,
3252 4596 3418 4658 utque
3442 4591 3581 4659 quis-

2001 4694 2124 4732 nam
2148 4679 2213 4731 ab
2250 4678 2445 4731 oriente
2461 4677 2731 4747 justitiam
2756 4680 3052 4745 suscitauit,
3086 4692 3411 4751 agnoscant.
3439 4680 3579 4734 Fore

2000 4767 2147 4822 enim
2193 4765 2425 4836 j'ustitiae
2478 4784 2653 4837 opus,
2688 4769 2733 4825 si
2783 4785 2894 4823 non
2946 4768 3118 4826 δυάεεί
3176 4778 3408 4836 tantum,
3482 4771 3575 4826 sed

2001 4859 2228 4929 reliqua:
2256 4869 2449 4930 gentes
2477 4861 2642 4915 etiam
2671 4856 2885 4914 Domini
2909 4863 3275 4931 cognitionem
3301 4862 3578 4931 adipisca-

2000 4954 2110 5004 tur.
2137 4950 2281 5015 Quin
2303 4960 2358 5005 et
2390 4952 2888 5022 beatusApostolus
2909 4952 3189 5008 Christum
3216 4953 3580 5024 ipsumjnsti—

1999 5041 2130 5094 tiam
2157 5038 2513 5111 nuncupavit,
2545 5042 2674 5097 dum
2712 5044 2809 5105 ait,
2849 5062 2865 5094 ι
2893 5042 2996 5110 Qui
3051 5042 3230 5099 factus
3272 5054 3358 5099 est
3418 5047 3577 5100 nobis

315 5131 449 5200 σύνη
477 5146 535 5183 τε
564 5128 662 5182 καὶ
693 5128 988 5199 ἁγιασμὸς,
1033 5128 1124 5182 καὶ
1155 5127 1555 5198 ἀπολύτρωσις.
1593 5147 1612 5179 ι
1647 5124 1803 5181 Οὕτω
1831 5126 1889 5182 δὲ

2007 5131 2266 5200 sapientia
2294 5146 2321 5184 a
2356 5128 2487 5195 Deo,
2520 5143 2571 5189 et
2606 5130 2844 5204 iustitia,
2872 5144 2927 5189 et
2968 5136 3360 5200 sanctiﬁcatio,
3393 5146 3447 5193 et
3492 5153 3579 5192 re-

315 5225 408 5279 καὶ
431 5222 518 5276 τὸν
549 5220 908 5288 εὐαγγελικὸν
921 5222 1075 5275 καλεῖ
1099 5220 1279 5289 λόγον,
1311 5220 1486 5289 λέγων
1510 5235 1524 5250 ⁸
1555 5219 1630 5274 Οὐ
1656 5219 1765 5291 γὰρ
1791 5221 1889 5271 ὲπ-

2007 5218 2237 5287 lemptio
2264 5219 2331 5274 ⁷⁸.
2364 5238 2383 5272 ι
2422 5220 2514 5276 Sic
2541 5232 2594 5277 et
2619 5223 2760 5277 idem
2823 5223 3209 5293 Evangelicum
3266 5242 3573 5282 sermonem

239 5333 257 5348 ί
316 5313 640 5387 αισχῦνομαι
672 5312 734 5365 τὸ
766 5312 1111 5380 Εὑαγγέλιον
1144 5311 1372 5383 δύναμιν
1401 5328 1463 5363 τε
1490 5311 1724 5374 καλέσας
1752 5310 1887 5363 Θεοῦ

380 5496 426 5528 τ’
454 5494 669 5553 Coloss.
693 5511 776 5559 ιιι.
819 5494 872 5559 9,
918 5494 1005 5549 10.
1081 5491 1170 5546 ⁷⁸1
1208 5494 1335 5548 Cor.
1373 5498 1529 5558 1,50.

1998 5310 2253 5379 appellat,
2281 5310 2410 5365 dum
2445 5327 2505 5368 se
2544 5307 2892 5385 Evang‘elium
2935 5330 3046 5370 non
3093 5322 3420 5377 erubescere
3451 5335 3577 5387 pro-

1632 5608 1855 5664 MRl/E
1897 5609 2281 5669 LECTIONES

379 5691 416 5713 ’λ
460 5697 547 5750 γρ.
581 5679 670 5740 ἃς.
747 5688 775 5719 ⁸
800 5696 888 5747 π).
921 5675 1124 5752 ὥσπερ.

624 5773 894 5835 ΡΑτιιοι..
927 5772 1043 5831 Gn.
1087 5770 1452 5859 LXXXVII.

3142 5734 3217 5839 is
