3950 6412
308 943 311 949 ’
414 924 594 997 perari
629 926 880 994 contigit.
909 921 1029 994 Ipse
1056 927 1202 979 enim
1259 926 1507 984 hosticas
1540 938 1730 985 eorum
1779 929 1992 984 machi-

414 249 554 313 2347
701 306 705 309 Α
1746 261 2104 326 PRUCUI‘II
2132 261 2377 326 GAZAEI
3561 260 3705 326 atus

414 376 619 441 fessus,
656 372 911 430 virtutem
941 373 1036 431 Dei
1089 373 1326 448 idipsum
1375 384 1499 433 esse
1531 375 1746 450 adjicit,
1769 380 1825 434 in
1880 394 1990 451 quo

2107 381 2320 451 ιπάγειο
2352 379 2673 451 Δικαιοσύνη
2705 379 2814 451 γὰρ
2854 378 2990 436 Θεοῦ
3023 358 3082 435 ἐν
3108 376 3265 451 αὐτῷ
3297 380 3706 437 ἀποκαλύπτε-

411 468 632 539 justitia
666 467 788 538 ejus
820 469 1118 531 reveletur,
1147 469 1241 538 Qui
1279 468 1453 539 ipsam
1476 472 1540 524 ab
1566 470 1783 534 oriente,
1811 476 1870 526 ut
1908 473 1991 527 lu-

2107 472 2310 537 mro;
2336 473 2433 527 καὶ
2466 472 2532 539 ἐξ
2563 470 2879 527 ἀνατολῶν
2904 472 3102 542 αὐτὴν
3129 471 3346 542 ἤγειρε
3374 470 3481 525 τοῦ
3526 473 3710 542 (pm-{6g

415 574 533 615 cem
564 561 921 628 sequentibus
954 559 1211 631 praebeat,
1229 561 1502 626 excitavit,
1528 572 1577 616 et
1604 556 1753 617 dedit
1782 566 1837 618 in
1866 581 1990 619 con-

2107 567 2170 629 εις
2195 565 2254 619 τὸ
2279 564 2508 619 επεσθαι
2542 563 2712 634 αὐτῷ,
2743 563 2888 630 δοὺς
2912 562 3107 632 αὐτὴν
3133 563 3259 618 τῶν
3289 561 3501 618 ἐθνῶν
3533 546 3710 618 ἀνίαν.

414 660 648 739 σηεσιιιηι
673 652 928 721 gentium,
966 651 1110 706 unde
1136 653 1538 709 tumultuantes
1570 656 1809 727 primum
1833 672 1990 728 reges

2107 658 2240 721 ξιον,
2263 659 2341 720 ῶς
2369 656 2737 728 θορυϐηθῆναι
2758 655 2827 708 τὰ
2855 654 3049 725 πρῶτα
3069 656 3197 720 τοὺς
3231 656 3429 709 αὐτῶν
3460 653 3710 720 βασιλεῖς

415 742 472 796 in
504 756 620 805 eos,
657 741 751 811 qui
778 756 898 794 eam
951 741 1237 805 haberent,
1269 745 1712 812 persecutionem
1764 747 1989 817 quidem

2107 748 2365 818 ῑιωγμοὺς
2390 749 2502 811 τοῖς
2532 745 2749 816 ἔχουσιν
2787 745 2956 816 αὐτὴν
2986 744 3425 813 ὲπεγείραντας,
3463 742 3710 813 ἡττηθῑν

417 848 654 899 movere,
687 833 781 887 sed
817 831 887 888 ab
917 833 1453 900 eadem,auxillante
1478 834 1609 901 Deo,
1646 836 1790 893 vinci
1815 844 1869 893 et
1894 852 1991 895 su-

2107 857 2181 896 tat
2209 840 2266 893 δὲ
2298 838 2434 910 πρὸς
2466 837 2673 907 ταύτης
2702 835 3151 907 ὑπερμαχοῦντος
3178 833 3351 890 Θεοῦ.
3381 835 3569 897 Αὐτὸς
3599 833 3710 905 γὰρ

2088 931 2160 986 τὰ
2181 929 2453 1000 πολεμικὰ
2480 928 2685 982 τούτων
2710 926 3032 997 φρυγάνων
3046 926 3201 996 δίκην
3228 925 3542 994 ἠφάνισεν,
3562 923 3712 978 ὁδὸν

416 1030 542 1081 nas,
577 1024 839 1086 tanquam
895 1016 1149 1069 cremium
1190 1015 1518 1087 disperdidit
1563 1020 1800 1091 viamque
1842 1036 1994 1076 com-

2107 1022 2380 1094 Βμαλίσας,
2413 1017 2487 1085 ὡς
2524 1020 2594 1074 ἐν
2627 1021 2836 1088 εἰρήνῃ
2870 1017 3130 1072 διελθεῖν
3165 1016 3319 1082 τοὺς
3365 1013 3572 1081 πόδας
3604 1016 3711 1068 αὐ-

415 1108 678 1180 planavit,
712 1108 768 1160 in
794 1122 923 1177 pace
956 1107 1110 1177 pedes
1139 1109 1254 1178 ejus
1290 1110 1708 1181 transirent,qui
1718 1111 1993 1181 justitiam

2107 1114 2219 1177 rat“),
2250 1113 2367 1182 τὴν
2395 1111 2796 1179 δικαιοσύνην
2842 1109 2962 1165 ἀπὸ
3009 1106 3239 1179 γενεῶν
3270 1104 3568 1172 καλέσας
3603 1106 3709 1175 ἀρ-

415 1200 480 1255 ab
530 1201 643 1269 ipso
671 1200 1071 1270 generationum
1109 1201 1367 1270 principio
1427 1204 1655 1271 vocavit,
1695 1219 1793 1275 per
1825 1212 1991 1275 quam

2107 1205 2298 1276 καίων,
2338 1205 2405 1259 δι’
2426 1196 2496 1277 ἧς
2536 1204 2624 1257 ἐπ’
2646 1203 2891 1272 ἐσχάτων
2924 1201 3232 1273 ῥυσάμενος
3263 1198 3429 1268 ἡμᾶς
3473 1194 3587 1251 ἀπὸ
3611 1197 3710 1267 τῆς

416 1306 517 1347 nos
551 1291 848 1363 postremis
872 1286 1095 1346 tandem
1122 1291 1341 1347 saeulis
1365 1294 1723 1363 corruptione
1757 1294 1993 1352 diaboli-

2107 1298 2323 1370 ρθορᾶς,
2342 1296 2437 1352 καὶ
2472 1296 2573 1365 τῆς
2600 1294 2696 1349 τοῦ
2729 1293 2975 1348 διαϐόλου
3003 1290 3368 1359 πλεονεξίας,
3410 1289 3710 1344 ἐδικαίωσε

416 1399 524 1459 que
559 1384 827 1439 aviditate
852 1391 907 1437 et
939 1381 1134 1437 fraude
1170 1381 1452 1447 liberatos,
1484 1396 1582 1454 per
1635 1385 1794 1442 ﬁdem
1830 1387 1994 1443 deni-

2107 1387 2183 1443 5ιά
2232 1389 2467 1451 πίστεως
2521 1385 2762 1456 φωτίσας
2796 1385 3218 1454 ὲσκοτισμὶνους
3268 1384 3368 1436 διὰ
3417 1380 3710 1452 προφήτου

418 1494 526 1549 que
563 1474 929 1543 illuminatos,
961 1489 1087 1530 cum
1145 1475 1200 1530 i‘n
1248 1477 1491 1533 tenebris
1523 1479 1997 1548 versaremur,ju—

2107 1479 2305 1549 λέγων·
2363 1497 2382 1530 ι
2414 1479 2525 1531 Καὶ
2570 1476 2823 1530 ἀνατελεῖ
2867 1476 2997 1543 ὑμῖν
3046 1477 3159 1536 τοῖς
3206 1470 3596 1543 φοϐουμένοις
3648 1467 3710 1524 τὸ

418 1568 698 1637 stiﬁcavit,
731 1567 825 1642 qui
856 1583 952 1640 per
987 1570 1311 1639 prophetam
1343 1567 1520 1622 dicit:
1559 1588 1579 1623 ι
1611 1568 1679 1623 Et
1714 1571 1997 1627 exorietur

2107 1570 2266 1640 5νομα
2312 1584 2414 1641 μου
2452 1568 2603 1640 ἥλιος
2633 1567 3006 1637 δικαιοσύνης.
3042 1585 3062 1620 ι
3113 1565 3295 1629 Αὐτὸς
3334 1560 3439 1618 οῦν
3492 1562 3708 1617 ἐκάλε-
3817 1572 3822 1576 ”

416 1665 592 1731 vobis,
623 1662 717 1734 qni
755 1676 954 1716 nomen
985 1675 1163 1716 meum
1203 1661 1469 1725 metuitis,
1497 1660 1589 1717 Sol
1612 1662 1995 1731 justittat“-'.t

2107 1678 2211 1719 σεν
2238 1662 2434 1732 αὐτὴν
2461 1660 2862 1733 ἐμφανισθῆναι
2902 1661 3016 1723 τοῖς
3064 1659 3159 1712 ἐπὶ
3206 1657 3345 1727 γῆς,
3372 1656 3534 1710 τοῦτ’
3562 1656 3707 1708 ἔστιν

418 1753 539 1825 Ipse
573 1724 742 1823 igitur
777 1767 895 1806 eam
927 1749 1151 1813 vocavit,
1188 1750 1356 1815 utiis,
1379 1752 1473 1820 qui
1505 1753 1559 1807 in
1592 1724 1737 1808 terra
1764 1753 1994 1826 degunt,

2107 1753 2273 1809 ἐλθεῖν
2320 1724 2725 1825 παρεσκεύασε,
2753 1724 2829 1816 ῶς
2878 1751 2973 1803 καὶ
3006 1724 3353 1821 πορεύεσθαι
3384 1746 3538 1800 κατὰ
3571 1745 3707 1798 πόδα

418 1852 706 1919 appareret
738 1859 754 1899 :
793 1843 846 1899 id
879 1850 991 1906 est,
1016 1842 1273 1897 veniendi
1312 1850 1509 1897 auctor
1532 1842 1654 1911 fuit,
1684 1853 1744 1899 ut
1794 1861 1999 1903 secun-

419 1934 549 1989 dum
602 1933 744 1988 viam
768 1931 913 2003 ejus,
942 1932 1039 2002 qui
1068 1932 1306 1997 vocavit,
1340 1934 1667 1990 ambularet.
1713 1935 1806 1991 Dei
1850 1937 1999 1993 enim

419 2025 712 2096 Patrisque
768 2023 1015 2095 vestigiis
1067 2023 1386 2090 insistebat,
1421 2024 1514 2095 qui
1564 2026 1684 2096 ejus
1708 2042 1875 2098 opera
1902 2029 2001 2085 ad—

423 2120 681 2191 itnplens,
711 2131 812 2173 sua
838 2117 990 2172 illum
1020 2123 1241 2184 natura,
1266 2117 1359 2172 cui
1388 2118 1618 2189 aequalis
1675 2128 1784 2185 est,
1812 2122 2001 2192 expri-

421 2219 618 2268 meret.
646 2206 806 2266 Unde
842 2209 959 2264 ait:
997 2227 1017 2260 ι
1048 2207 1106 2263 Si
1134 2224 1243 2265 non
1288 2207 1432 2265 facio
1470 2224 1636 2281 opera
1667 2208 1848 2269 Patris
1871 2213 1999 2279 mei,

422 2304 595 2360 nolite
622 2301 757 2356 mihi
786 2299 1011 2355 credere
1039 2301 1083 2365 ⁸,
1124 2318 1142 2351 ι
1173 2307 1227 2356 et
1258 2315 1381 2371 qua:
1423 2308 1747 2372 sequuntur.
1769 2300 1999 2369 Deinde,

421 2411 552 2452 cum
582 2393 855 2450 voluntati
890 2392 1012 2463 ejus
1059 2393 1485 2464 obsequeretur,
1514 2395 1597 2451 vel
1635 2396 1838 2466 potius,
1875 2406 2000 2453 cum

420 2492 540 2560 ipse
576 2486 759 2542 Patris
793 2485 1048 2541 voluntas
1067 2485 1382 2551 exsisteret,
1414 2485 1488 2540 ita
1506 2482 1727 2543 Judazos
1758 2470 2002 2558 alloque-

423 2578 587 2634 batur
617 2594 631 2630 :
666 2594 697 2628 ~t
728 2575 838 2632 V05
879 2574 1183 2631 secundum
1208 2573 1368 2647 45],
1427 2589 1649 2632 carnem
1682 2576 1949 2647 judicatis
1983 2595 2000 2640 :

414 2686 527 2743 ego
556 2678 737 2726 autem
792 2684 901 2723 non
935 2667 1128 2740 judico
1150 2684 1504 2739 quemquam.
1545 2687 1564 2722 υ
1595 2667 1682 2737 Et,
1717 2687 1736 2724 ι
1775 2671 1820 2727 si
1855 2671 2003 2743 judi-

418 2778 490 2818 co
529 2777 661 2832 ego,
685 2760 956 2830 judicium
989 2775 1171 2815 meum
1216 2774 1406 2815 verum
1438 2768 1547 2824 est,
1577 2762 1837 2832 quoniam
1890 2776 2002 2819 non

425 2844 613 2926 quaero
632 2854 969 2908 voluntatem
1007 2864 1204 2917 meam,
1220 2853 1315 2909 sed
1334 2853 1455 2923 ejus
1475 2855 1570 2925 qui
1585 2855 1737 2912 misit
1763 2872 1850 2913 me
1873 2856 1941 2924 ¹⁶,
1978 2877 1997 2911 ι

426 2946 574 3015 quod
603 2944 796 3002 eodem
834 2945 961 3012 pede
990 2960 1115 3000 cum
1148 2942 1311 3000 Patre
1364 2961 1592 3018 pergere
1620 2962 1746 3004 vere
1775 2949 2001 3018 dixeris,

2097 1845 2192 1900 τοῦ
2238 1844 2590 1915 κεκληκότος.
2626 1842 2764 1899 Κατ’
2791 1844 2935 1914 ἴχνος
2982 1840 3093 1913 γὰρ
3136 1838 3371 1903 ὲᾶάδιζε
3420 1835 3523 1890 τοῦ
3570 1834 3704 1890 Θεοῦ

2097 1940 2193 1995 καὶ
2237 1940 2499 2012 Πατέρος,
2529 1939 2596 1993 τὰ
2633 1939 2844 1992 ἐκείνου
2894 1934 3034 2009 ἔργα
3081 1934 3339 2006 πληρῶν,
3391 1932 3454 1985 ὲν
3503 1931 3612 2002 ἰδίᾳ
3646 1942 3704 1984 τε

2096 2030 2288 2085 τοῦτον
2322 2030 2481 2102 φύσει
2509 2025 2856 2093 δεικνύςῙΗν
2878 2026 2987 2098 γὰρ
3012 2026 3123 2090 ἴσος
3155 2024 3338 2095 αὐτῷ.
3372 2024 3471 2076 Διό
3505 2035 3703 2092 φησιν’

2108 2143 2126 2176 ι
2153 2123 2217 2178 Et
2246 2125 2306 2178 οὐ
2340 2114 2479 2178 ποιῶ
2511 2124 2580 2178 τὰ
2612 2121 2751 2194 ἔργα
2783 2119 2879 2175 τοῦ
2910 2118 3153 2190 Πατέρος
3177 2135 3313 2189 μου,
3342 2118 3422 2188 μὴ
3447 2114 3702 2169 πιστεύει

2099 2217 2161 2271 τέ
2197 2231 2287 2289 μοι
2307 2256 2322 2283 ,
2356 2235 2375 2269 ι
2407 2216 2503 2271 καὶ
2531 2215 2600 2269 τὰ
2640 2212 2787 2284 ἑξῆς.
2815 2212 2893 2286 Τῇ
2925 2210 3091 2267 αὑτοῦ
3124 2211 3181 2264 δὲ
3214 2210 3452 2281 θελήσει
3482 2208 3704 2262 ἀκολου-

2103 2307 2211 2362 θῶν
2235 2349 2251 2375 ,
2294 2308 2494 2379 μᾶλλον
2547 2307 2604 2361 δὲ
2652 2305 2872 2376 θέλησις
2912 2300 2989 2359 ὣν
3021 2303 3117 2359 τοῦ
3166 2303 3469 2375 Πατέρος,
3520 2302 3700 2369 Uter”

2115 2400 2413 2464 Ἰουδαίοις
2447 2417 2466 2452 ι
2487 2398 2678 2469 Ὑμεῖς
2706 2398 2847 2452 κατὰ
2870 2398 2969 2467 τὴν
2999 2396 3179 2467 σάρκα
3212 2395 3471 2465 κρίνετε,
3505 2390 3618 2460 ἐγὼ
3642 2391 3700 2445 οὐ

2104 2491 2276 2563 κρίνω
2322 2486 2532 2543 οὐδένα.
2562 2504 2583 2541 t
2633 2487 2775 2542 Καί·
2815 2504 2836 2540 ι
2858 2486 2984 2540 Ἐὰν
3014 2487 3186 2557 κρίνω
3212 2482 3358 2553 ὲγὼ,
3390 2485 3427 2556 ἡ
3459 2481 3698 2553 κρίσιςή

2104 2583 2213 2656 ὲμὴ
2249 2583 2437 2638 δικαία
2469 2583 2638 2648 ἐστὶν,
2673 2580 2756 2636 δτι
2799 2580 2861 2634 οὐ
2892 2579 3042 2650 ζητῶ
3072 2579 3134 2632 τὸ
3164 2576 3396 2648 θέλημα
3440 2577 3506 2631 τὸ
3552 2576 3698 2647 ἐμὸν,

2104 2676 2242 2731 ἀλλά
2272 2676 2334 2731 τὸ
2360 2674 2576 2746 θέλημα
2598 2670 2692 2728 τοῦ
2722 2671 3037 2744 πέμψαντός
3064 2688 3155 2742 με,
3177 2689 3196 2723 ι
3233 2671 3382 2740 ὅπερ
3418 2670 3536 2723 ἐστὶ
3556 2668 3697 2724 κατὰ

2105 2770 2262 2824 πόδα
2290 2771 2491 2841 χωρεῖν
2512 2765 2608 2820 τοῦ
2638 2767 2779 2820 Πατέ
2790 2782 2901 2836 ρος,
2925 2762 3049 2818 ὅθεν
3077 2762 3299 2831 ἔλεγεν·
3340 2781 3360 2815 ι
3384 2758 3529 2830 Ἐγὼ
3550 2764 3607 2815 ὲν
3625 2761 3697 2833 τῷ

2105 2862 2309 2934 Πατέρι
2328 2903 2343 2928 ,
2378 2860 2477 2915 καὶ
2505 2860 2534 2911 ό
2567 2859 2759 2930 Πατὴρ
2787 2860 2846 2911 ὲν
2874 2855 3019 2928 ιμοί.
3052 2873 3071 2908 ι
3106 2854 3221 2908 Καί
3244 2872 3261 2887 ·
3310 2872 3332 2906 ι
3354 2855 3416 2909 Ὀ
3440 2851 3695 2926 ἑωρακὼς

2105 2955 2224 3026 ἐμὲ,
2256 2953 2471 3025 ἑώρακε
2488 2947 2590 3005 τὸν
2614 2949 2856 3022 Πατέρα.
2888 2966 2908 3000 ι
2944 2947 3021 3000 Δι’
3044 2938 3120 3000 ὧν
3145 2943 3421 3000 ἁπάντων
3441 2987 3456 3007 ,
3488 2947 3612 3009 τοὺς
3641 2944 3697 3010 ἐξ

426 3052 551 3123 cuin
608 3036 951 3103 scribatur,t
990 3033 1100 3105 Ego
1155 3035 1211 3091 in
1272 3034 1453 3104 Patre,
1487 3045 1542 3093 et
1596 3038 1756 3096 Pater
1818 3040 1873 3096 in
1918 3058 2002 3099 me

2107 3046 2282 3115 ἀρχῆς
2311 3036 2909 3102 καταδυναστευθέντας
2938 3036 3043 3093 ῦπδ
3083 3038 3192 3093 τῶν
3237 3039 3693 3107 κοσμοκρατόρων

426 3137 509 3183 est
540 3128 606 3182 ¹¹.
649 3145 668 3179 ι
709 3125 774 3180 Et
801 3145 812 3179 :
856 3145 875 3178 ι
903 3126 1010 3194 Qui
1037 3126 1187 3182 videt
1224 3134 1332 3193 me,
1364 3129 1511 3185 videt
1544 3137 1599 3187 et
1628 3130 1846 3188 Patrem
1877 3134 1941 3187 ".
1978 3153 1997 3188 ι

2107 3133 2198 3187 τοῦ
2232 3132 2456 3194 σκότους
2481 3128 2672 3183 τούτου
2705 3124 2806 3196 τῆς
2834 3125 3148 3198 τυραννίδος
3182 3125 3586 3192 ἀπήλλαξεν
3609 3123 3694 3188 οὓς

426 3218 640 3286 Quibus
671 3219 927 3274 omnibus
976 3233 1096 3283 eos,
1128 3220 1222 3290 qui
1257 3234 1287 3274 a
1311 3222 1586 3295 principio
1606 3223 1665 3279 in
1708 3225 1872 3297 hujus
1905 3236 2006 3284 saa-

421 3314 541 3369 .culi
562 3313 1033 3384 tcnebraru‘mque
1049 3313 1320 3384 principis
1348 3321 1677 3384 potestatem
1713 3322 2003 3385 venerant,

416 3406 674 3476 ejusdem
698 3405 990 3476 tyrannide
1013 3405 1284 3469 liberavit;
1315 3420 1456 3476 quos
1512 3406 1580 3462 ad
1617 3416 1824 3463 tantam
1880 3412 2007 3467 vitat

340 3517 345 3523 '
418 3498 913 3571 commutationem
941 3496 1362 3566 obstupescentes
1389 3512 1546 3569 reges
1561 3500 1746 3557 dicere
1775 3503 1960 3560 valeas
1984 3520 2000 3570 ;

415 3587 523 3657 qui
558 3588 899 3652 intueantur,
936 3596 996 3642 ut
1018 3588 1125 3659 ipsi
1163 3587 1497 3653 ceciderant,
1527 3597 1585 3642 ut
1623 3591 1817 3646 cremio
1846 3593 2002 3650 simi-

428 3679 510 3735 les
535 3688 825 3736 evaseraut
851 3697 867 3747 ;
901 3688 959 3736 ut
988 3680 1171 3736 omnis
1193 3678 1433 3749 denique
1464 3681 1593 3736 mali
1631 3684 1817 3754 operis
1860 3688 2003 3743 ratio

429 3781 655 3841 propter
712 3771 988 3842 direptam
1042 3786 1144 3843 per
1196 3772 1479 3828 Christum
1533 3773 1841 3833 adversarii
1903 3796 2001 3836 su-

2104 3225 2279 3288 εῐποις
2308 3222 2376 3277 ἂν
2403 3221 2657 3293 βασιλέας
2685 3220 3091 3287 ἐξεστηκότος
3114 3219 3206 3271 ἐπὶ
3240 3220 3313 3289 τῇ
3341 3218 3582 3288 τοσαύτῃ
3603 3213 3691 3270 τοῦ

2109 3316 2226 3389 βίου
2265 3313 2558 3388 μεταϐολῇ,
2587 3314 2685 3384 τὴν
2716 3311 2924 3365 πτῶσιν
2952 3308 3195 3382 ὁρῶντας
3224 3309 3333 3381 τὴν
3358 3308 3692 3375 ὲαυτῶν,καὶ

2074 3474 2077 3479 _
2107 3408 2182 3472 ὡς
2211 3404 2541 3476 φρυγάνοις
2586 3403 2693 3457 ῐσοι
2737 3400 3050 3470 γεγόνασιν,
3085 3399 3180 3452 καὶ
3226 3399 3345 3461 πᾶς
3384 3395 3564 3450 αὐτῶν
3598 3410 3690 3448 κα-

2108 3498 2372 3570 κουργίας
2401 3495 2670 3567 ἠσθένησε
2697 3492 2921 3563 τρόπος,
2952 3488 3191 3562 Χριστοῦ
3211 3490 3289 3542 τὰ
3320 3492 3496 3558 σκεύη
3524 3484 3689 3541 αὐτῶν

2107 3591 2537 3665 διαρπάσαντος.
2578 3604 2600 3639 ι
2633 3587 2707 3641 Οὐ
2738 3583 2846 3657 γὰρ
2870 3583 3165 3654 ὠφελήσει,
3196 3582 3393 3653 φησιν,
3429 3579 3615 3652 ἐχθρὸς
3638 3578 3690 3630 ιν

2054 3682 2279 3757 "conp,
2312 3683 2409 3739 καὶ
2456 3682 2570 3744 υίὸς
2597 3677 2830 3749 ἀνομίας
2859 3673 2921 3730 οὐ
2958 3674 3268 3748 προσθήσει
3304 3673 3403 3728 τοῦ
3450 3672 3689 3727 κακῶσαι

2108 3779 2296 3836 αὐτόν.
2330 3794 2349 3829 ι

429 3866 755 3935 peitectiletn
778 3868 1120 3940 elanguerat.
1140 3887 1160 3920 ι
1188 3866 1311 3924 Non
1349 3870 1498 3926 enim
1540 3872 1817 3944 proficiet,
1840 3877 2042 3951 inquit,
2088 3872 2445 3935 adversarius
2476 3870 2534 3927 in
2557 3884 2646 3937 eo,
2681 3874 2737 3925 et
2756 3865 2903 3923 ﬁlius
2951 3862 3271 3936 iniquitatis
3304 3877 3417 3920 non
3462 3865 3687 3934 apponet

428 3970 633 4011 nocere
671 3956 721 4012 ei
740 3958 827 4016 η’.
859 3962 880 4007 δ

502 4050 726 4121 Fugatis
766 4062 898 4121 ergo
939 4048 1224 4123 pulsisque
1269 4050 1628 4124 adversariis,
1678 4059 1763 4112 via
1813 4061 2004 4130 pedum

427 4143 540 4212 ejus
570 4141 722 4210 facta
763 4149 843 4195 est
887 4140 941 4194 in
964 4150 1115 4209 pace.
1168 4139 1314 4197 Nihil
1352 4145 1498 4200 enim
1535 4145 1658 4216 ipsi,
1710 4153 2007 4219 quominus

428 4250 515 4299 ea,
555 4248 677 4303 quae
710 4232 776 4287 ad
810 4247 925 4288 nos
970 4242 1242 4303 spectant,
1290 4234 1707 4294 administraret
1737 4254 1864 4299 esse
1904 4246 2008 4299 im-

419 4324 743 4391 pedimento
771 4323 970 4394 potuit.
1009 4322 1106 4380 llle
1132 4324 1300 4395 igitur
1333 4324 1444 4381 ait:
1474 4326 1586 4398 Ego
1609 4346 1754 4397 sum,
1780 4334 1875 4403 qui
1908 4350 2003 4389 no-

2187 4049 2310 4106 Τῶν
2336 4036 2428 4103 οῦν
2453 4040 2664 4118 ἐχθρῶν
2689 4040 3089 4111 δεδιωγμὲνων,
3114 4040 3153 4109 ἡ
3183 4037 3331 4107 ὁδὸς
3357 4036 3478 4093 τῶν
3499 4028 3685 4092 ποδῶν

2115 4143 2301 4201 αὑτοῦ
2335 4141 2584 4212 γέγονεν
2615 4138 2686 4192 ἐν
2710 4134 2943 4205 ειρήνῃ.
2974 4133 3172 4203 Γέγονε
3193 4132 3310 4206 γὰρ
3346 4133 3500 4187 οὐδὲν
3527 4133 3683 4201 ἐμπο-

2114 4238 2223 4292 δὼν
2253 4231 2625 4303 οἰκονομοῦντι
2659 4230 2727 4283 τὰ
2759 4227 2880 4283 καθ’
2906 4227 3078 4298 ἡμᾶς.
3115 4225 3263 4295 Ἐγὼ
3282 4227 3485 4290 τοίνυν,
3510 4212 3678 4293 φησὶν,

2112 4330 2143 4381 ὁ
2173 4330 2230 4382 ὲν
2276 4325 2491 4395 ἐσχάτῳ
2534 4319 2857 4385 καταδείξας
2898 4314 3078 4390 καιρῷ
3114 4316 3231 4385 τὴν
3278 4316 3676 4379 δικαιοσύνην,

428 4414 656 4469 vissima
721 4421 1047 4485 tempestate
1105 4415 1383 4485 justitiam
1438 4402 1862 4492 demonstravi;
1921 4428 2002 4493 qui

2116 4417 2426 4486 κεκληκὼς
2462 4413 2531 4468 δὲ
2551 4412 2749 4480 αὐτὴν
2774 4410 2891 4466 ἀπὸ
2920 4407 3144 4481 γενεῶν
3166 4408 3451 4477 ἀρχαίων.
3486 4402 3556 4458 Τὸ
3580 4402 3677 4493 γὰρ

424 4521 546 4560 eam
572 4523 603 4559 a
635 4505 1063 4576 generationibus
1093 4507 1326 4575 antiquis
1354 4510 1553 4563 vocavi.
1593 4509 1798 4567 Christi
1829 4514 2005 4585 siqui-

2114 4505 2354 4581 Χριστοῦ
2389 4506 2690 4578 μυστήριον
2711 4501 2819 4557 ἀπὸ
2841 4502 3048 4571 κόσμου
3086 4499 3341 4570 προέγνω
3364 4492 3674 4562 καταϐολῆς.

427 4594 553 4649 dem
607 4594 928 4665 mysterium
985 4593 1054 4647 ab
1099 4593 1217 4662 ipsa
1264 4595 1457 4650 mundi
1506 4600 1755 4669 origine;
1791 4582 2002 4673 quoque

2116 4601 2215 4656 καὶ
2243 4598 2361 4662 πῶς
2385 4597 2496 4651 δέοι
2525 4597 2627 4666 τὴν
2670 4592 2843 4664 Ἀδὰμ
2869 4590 3124 4662 γενέσθαι
3152 4590 3462 4661 διόρθωσιν.
3494 4584 3601 4640 Καὶ
3621 4582 3673 4634 οὐ

427 4688 591 4742 modo
628 4686 843 4757 lapsum
897 4684 1094 4739 Adatni
1129 4700 1387 4756 reparare
1432 4685 1672 4760 deceret,
1713 4697 2002 4763 .prtescive-

2117 4691 2454 4765 θαυμαστὸν,
2494 4691 2629 4743 ὅπου
2664 4687 2761 4742 καὶ
2806 4686 2916 4741 τῶν
2972 4683 3296 4754 σωζομένων
3326 4681 3431 4752 τὴν
3474 4680 3559 4733 διὰ
3597 4674 3676 4727 πί-

430 4789 535 4835 rat.
564 4776 675 4833 "Nec
708 4777 934 4843 mirum,
960 4776 1185 4846 quando
1205 4785 1259 4831 et
1281 4789 1472 4833 eorum
1519 4780 1705 4849 etiam,
1738 4786 1832 4854 qui
1869 4787 2006 4842 salvi

429 4886 525 4940 per
588 4870 746 4925 iidem
819 4867 1001 4924 futuri
1072 4878 1232 4933 sunt,
1305 4872 1646 4928 vocationem
1704 4879 2009 4946 praescivit.

436 4977 454 5010 ι
491 4959 641 5025 Quos
676 4958 825 5014 enim
865 4957 1162 5028 praescivit,
1198 4959 1297 5024 ait,
1328 4967 1383 5016 et
1422 4963 1833 5030 praedestinavit
1871 4982 2006 5023 con-

430 5051 763 5105 formesiteri
785 5052 1005 5121 imagini
1030 5046 1154 5104 1ῖίΙή
1186 5053 1312 5117 sui,
1345 5053 1566 5107 eosdem
1592 5064 1647 5108 et
1669 5056 1999 5110 vocavit‘h

427 5140 599 5197 Multo
638 5145 810 5213 magis
838 5144 1004 5211 igitur
1035 5142 1206 5196 etille
1230 5145 1599 5214 praecognitus
1638 5155 1742 5211 est,
1769 5149 1860 5218 qui
1901 5148 2010 5203 sal-

428 5246 583 5309 vator
628 5240 746 5291 esse
786 5236 995 5290 debuit.
1042 5234 1122 5289 lta
1179 5242 1358 5291 autem
1404 5239 1665 5295 dixerunt
1694 5243 1945 5298 nonnulli
1988 5263 2004 5301 :

2120 4801 2291 4849 στεως
2319 4783 2640 4855 προέγνωκε
2691 4779 2909 4849 κλῆσιν.
2945 4790 2969 4829 ι
3006 4775 3114 4840 Οὓς
3145 4777 3257 4847 γὰρ
3282 4775 3426 4841 ’ἔγνω
3461 4780 3506 4836 ο,
3531 4767 3669 4840 φησι,

2121 4877 2218 4931 καὶ
2253 4876 2527 4946 προῶρισε
2559 4871 2921 4942 συμμόρφους
2954 4868 3053 4939 τῆς
3073 4867 3281 4930 εἰκόνος
3315 4863 3409 4919 τοῦ
3439 4860 3562 4916 Υίοῦ
3583 4858 3671 4911 σὺ·

2111 4968 2229 5035 τοῦ,
2264 4967 2489 5030 τούτους
2514 4965 2609 5019 καὶ
2636 4963 2916 5017 ἐκάλεσεν.
2940 4974 2967 5012 ι
2995 4959 3215 5014 Οὐκοῦν
3242 4953 3422 5027 πολλῷ
3441 4951 3625 5025 μᾶλλον
3645 4948 3671 4999 ό

2120 5063 2309 5118 σώσων
2376 5062 2749 5134 προέγνωστο.
2826 5052 2981 5119 Τινὲς
3026 5054 3083 5108 δὲ
3140 5046 3313 5117 οὕτως
3370 5044 3666 5121 εἰρήκασινο

2120 5156 2297 5220 Αὐτὸς
2320 5148 2430 5225 γαρ
2447 5163 2477 5203 ι)
2506 5155 2652 5206 ἐστιν
2674 5151 2702 5203 ὃ
2737 5151 2830 5203 καὶ
2845 5148 3034 5218 Κῦρον
3054 5146 3362 5217 ἐνισχῦσας,
3385 5140 3518 5196 κατὰ
3549 5134 3667 5190 πᾶν·

2118 5264 2227 5300 των
2279 5245 2472 5310 ἐθνῶν,
2522 5243 2585 5297 δν
2638 5240 2735 5297 καί
2781 5238 3179 5305 δικαιοσύνην
3226 5234 3456 5292 ἐνταῦθα
3500 5227 3662 5287 καλεῖ,

428 5333 543 5402 ipse
576 5324 799 5401 quidem
843 5339 947 5396 est,
983 5330 1079 5399 qui
1117 5328 1260 5399 Cyro
1309 5333 1476 5387 etiam
1531 5333 1701 5390 robur
1748 5336 2002 5393 adversus

2112 5335 2567 5409 ἐλευθερώσαντα
2596 5335 2696 5406 μὲν
2717 5333 2809 5386 τὸν
2845 5329 3082 5401 Ἰσραὴλ,
3117 5331 3180 5385 ἐκ
3212 5327 3266 5383 St
3305 5320 3402 5397 τῆς
3433 5320 3553 5394 περὶ
3575 5316 3675 5385 αὺον

443 5467 539 5510 ἠαδ
559 5467 794 5523 Malach.
836 5483 914 5530 tv,
957 5465 1009 5520 ἓ.
1102 5466 1127 5498 ⁸
1159 5466 1320 5523 Joan.
1344 5485 1457 5537 xlv,
1492 5472 1581 5528 37.

429 5555 672 5596 Lxxxvnt
724 5540 818 5593 25.
898 5538 942 5569 ⁸³
989 5538 1147 5593 Rom.
1179 5551 1296 5605 vin,
1329 5538 1420 5596 29.

500 5710 525 5739 ⁸
552 5718 640 5774 γρ.
673 5700 943 5775 προέγνω.
1022 5699 1155 5753 tia.
1194 5699 1323 5769 μέν.

1680 5475 1724 5507 ⁸⁸
1758 5473 1922 5532 Joan.
1967 5477 2204 5546 mhi-’5,
2253 5477 2338 5533 16.

2437 5478 2480 5509 ιι
2523 5450 2682 5531 Joan.
2737 5483 2793 5540 ι,
2866 5469 2955 5526 to.
3059 5462 3268 5527 manu.
3307 5467 3359 5524 9.
3454 5455 3673 5531 "rs-at,

1705 5632 1949 5691 VARIAE
1984 5632 2396 5693 LECTIONES.
