3950 6380
242 292 396 358 2%?

1374 296 1920 361 COMMENTARII
1961 292 2045 358 IN
2083 291 2369 355 ISAIAM.

3408 290 3550 355 23350

243 414 351 477 τοῦ
379 416 745 489 προρρήσεως
771 414 1143 488 κατειληφότα
1174 414 1275 487 τὴν
1301 415 1533 487 δύναμιν
1563 413 1659 468 τοῦ
1684 412 1847 468 Θεοῦ.

1972 426 2149 467 naues
2186 419 2379 482 gentes
2410 405 2826 479 suppeditavit;
2856 420 3021 477 quem
3051 414 3109 462 et
3142 405 3234 463 hic
3276 407 3553 478 justitiam

248 511 372 565 Καὶ
402 510 482 574 ὡς
509 508 763 581 βουλήσει
798 508 982 583 [Θεοῦ]
1015 508 1079 563 τδ
1123 511 1268 563 κατά
1316 507 1426 562 τῶν
1465 507 1636 563 ἐθνῶν
1665 507 1857 579 ἀνεδή-

250 618 394 656 σατο
423 603 629 673 κράτος
664 603 759 657 ἴσα
783 601 1116 671 φρυγάνοις
1159 601 1421 668 ἁλόντων,
1459 602 1556 655 καὶ
1587 601 1688 670 τὴν
1720 598 1859 671 πρὸς

248 692 422 746 αὑτὸν
471 690 627 760 ἄγειν
673 690 1137 760 ἀναγκασθέντων
1185 692 1431 763 εἰρήνην.
1483 691 1715 761 Εἴρηται
1760 688 1860 760 μὲν

248 778 350 837 οὖν
378 785 408 836 ὁ
438 781 627 854 Κῦρος
651 782 1009 851 δικαιοσύνη
1029 782 1116 836 διὰ
1146 782 1342 847 ταῦτα,
1372 787 1468 837 καὶ
1504 783 1588 837 ὅτι
1622 781 1864 847 δικαίως

249 875 424 930 αὐτὸν
476 873 761 945 ἐπήγειρε
811 875 1119 929 Βαϐυλῶνι.
1184 873 1244 928 '0
1282 875 1343 928 δὲ
1401 873 1584 929 καλῶν
1616 883 1647 925 ιι
1709 873 1866 927 τοῦδε

250 969 738 1042 συμπεράσματος
770 966 884 1037 τῆς
932 966 1332 1035 δικαιοσύνης
1363 967 1422 1020 ὲν
1473 964 1552 1038 τῷ
1584 965 1754 1036 Κύρῳ
1788 963 1864 1037 μὴ

253 1063 561 1133 ἰσταμένου
591 1062 687 1115 ἐπὶ
711 1061 814 1131 τὴν
846 1061 1332 1132 αὐτοδικαιοτύνην
1368 1059 1604 1130 Χριστὸν
1643 1058 1672 1111 ό
1703 1056 1863 1126 λόγος

249 1155 547 1223 ἀνάγεται,
584 1156 662 1219 ὡς
700 1154 863 1209 καὶοί
898 1154 1125 1226 πονηροὶ
1149 1153 1436 1220 βασιλεῖς
1476 1153 1536 1205 ἐν
1563 1154 1631 1223 τῇ
1663 1150 1857 1221 Γραφῇ

254 1248 352 1300 ἐπὶ
380 1248 476 1300 τὸν
500 1247 815 1320 ἀρχέκακον
853 1246 1149 1316 ἀνάγονται
1187 1246 1444 1317 δαίμονα,
1477 1245 1579 1314 τῆς
1606 1243 1855 1315 ¹ἀκράτου

254 1339 463 1403 κακίας
484 1340 545 1393 ὲν
569 1337 846 1409 ἀνθρώπῳ
874 1339 950 1411 μὴ
984 1339 1367 1410 χωρουμένης.

1956 502 2195 574 appellat
2227 519 2241 555 :
2281 499 2503 571 partim,
2534 498 2678 570 quod
2708 496 2968 554 lsraelem
3014 496 3070 551 in
3108 497 3421 553 libertatem
3462 515 3555 557 as-

1956 595 2163 660 seruit;
2206 592 2406 665 partim
2438 590 2637 657 etiam,
2684 589 2833 661 quod
2871 589 2940 645 ab
2977 590 3125 646 edita
3153 590 3222 645 de
3266 606 3327 647 se
3359 592 3559 662 praedi-

1961 688 2148 742 ctione
2174 685 2431 739 virtutem
2469 682 2566 738 Dei
2613 688 2952 738 consecutus
2987 689 3092 737 est.
3125 681 3333 738 Deinde
3364 683 3554 749 ctiam,

1957 777 2114 851 quod
2148 775 2421 833 voluntati
2450 775 2650 831 divinae
2674 776 2822 831 vires
2854 789 2985 831 suas
3015 784 3211 829 contra
3246 784 3438 847 gentes
3467 779 3559 832 al-

1962 869 2181 941 ligavit,
2210 882 2354 939 quas
2395 867 2591 921 cremt'o
2621 866 2832 923 similes
2854 867 3214 937 expugnavit,
3258 882 3562 940 pacemque

1956 969 2152 1032 petere
2175 958 2377 1029 coegit.
2412 958 2512 1014 Est
2539 958 2711 1030 igitur
2733 969 2957 1028 propter
2986 974 3086 1015 eas
3122 973 3323 1015 causas
3338 960 3563 1030 justitia

1956 1059 2140 1132 Cyrus
2166 1056 2496 1128 appellatus.
2532 1055 2738 1111 Deinde
2775 1058 2964 1124 etiam,
3003 1056 3150 1128 quod
3176 1059 3325 1128 juste
3358 1059 3560 1114 adver-

1958 1168 2058 1209 sus
2088 1150 2424 1222 Babylonem
2450 1150 2521 1204 sit
2550 1150 2839 1204 excitatus.
2867 1148 2999 1216 Quae
3026 1167 3197 1221 porro
3243 1151 3313 1206 ab
3345 1152 3435 1207 illa
3470 1150 3566 1222 Ιη-

1958 1245 2126 1299 stitia:
2162 1241 2527 1314 perfectione,
2566 1256 2689 1312 quae
2726 1241 2781 1296 in
2824 1241 2971 1315 Cyro
3024 1260 3131 1299 non
3180 1245 3440 1310 habetur,
3495 1244 3563 1299 ad

1950 1334 2240 1390 Christum
2280 1331 2445 1403 5.52
2492 1346 2622 1387 vere
2657 1332 2935 1402 justitiam
2990 1349 3093 1391 nos
3146 1345 3303 1391 vocat
3346 1336 3562 1415 oratio;

259 1431 508 1501 primum
556 1431 688 1485 mali
724 1440 1010 1488 auctorem
1038 1431 1344 1487 daemonem
1383 1429 1531 1502 (cum
1559 1440 1772 1485 summa
1795 1425 1852 1482 in
1897 1426 2181 1484 hominem
2208 1426 2417 1482 malitia
2451 1441 2562 1483 non
2593 1426 2777 1499 cadat)
2812 1441 2911 1498 per
2940 1428 3118 1484 malos
3178 1445 3321 1500 reges
3390 1430 3567 1500 signi.

259 1523 418 1578 ﬁcari
454 1525 654 1578 innuit.

333 1616 477 1687 Περί
516 1616 576 1671 δὲ
605 1617 715 1672 τῶν
747 1617 1081 1689 μελλόντων,
1109 1618 1186 1684 ὡς
1210 1621 1517 1690 γεγονότων
1548 1622 1716 1693 φησί·
1762 1621 1859 1688 Τις

2039 1611 2272 1680 Deinde,
2304 1611 2371 1668 de
2407 1611 2631 1679 futuris,
2668 1621 2930 1684 tanquam
2956 1611 3277 1685 praeteritis,
3297 1613 3564 1686 loquitur,

260 1708 572 1779 ἐνήργησε
608 1711 1010 1780 καίἐποίησε
1050 1711 1275 1777 ταῦτα;
1324 1712 1543 1777 δεικνὺς
1591 1713 1669 1778 ὡς
1718 1713 1864 1784 ἅπερ

1972 1721 2094 1762 cum
2132 1707 2207 1761 ait
2239 1722 2255 1760 :
2285 1705 2416 1773 Quis
2447 1715 2696 1775 operatus
2727 1714 2830 1771 est,
2863 1717 2911 1761 et
2937 1706 3062 1777 fecit
3085 1706 3240 1761 hac?
3266 1709 3568 1766 ostendens

260 1800 435 1872 ὥρισε
470 1801 726 1870 γενέσθαι
751 1802 906 1869 Θεὸς,
941 1803 1115 1868 οὕτως
1143 1804 1319 1871 ἔσται,
1343 1805 1545 1878 ῶςύιδη
1570 1806 1862 1877 γενόμενα’

260 1893 422 1946 οὐδὲν
452 1893 565 1962 γάρ
595 1891 776 1948 αὐτῶν
810 1895 1158 1951 διαπεσεῖται
1196 1897 1271 1969 μὴ
1305 1897 1444 1967 πρὸς
1473 1897 1635 1971 ἔργον
1671 1897 1862 1969 ἀχθὲν.

259 1983 340 2036 Τὸ
372 1984 431 2036 δὲ
470 1983 578 2054 πρὸ
605 1984 826 2041 πάντων
855 1981 994 2038 εἶναι
1024 1987 1263 2060 άναρχόν
1287 2005 1346 2041 τε
1378 1989 1474 2041 καί
1503 1987 1865 2059 ἀτελεύτητον
1902 2018 1908 2027 ’

261 2073 400 2129 θντα
447 2072 686 2138 δεικνὺς,
730 2074 878 2144 Ἐγὼ
908 2077 1055 2142 Θεὸς
1086 2076 1340 2145 πρῶτος,
1374 2077 1531 2148 φησὶ,
1580 2079 1676 2131 καὶ
1727 2078 1868 2150 μετά

260 2163 469 2219 ταῦτα.
522 2165 696 2230 Αὐτὸς
748 2167 858 2237 γὰρ
900 2169 930 2221 ὁ
961 2168 1059 2222 καὶ
1105 2170 1218 2232 τοῖς
1257 2169 1319 2234 ἐξ
1360 2170 1540 2241 ἀρχῆς
1590 2170 1867 2241 θεοφιλέσι

262 2257 563 2324 γνωσθεὶς,
600 2259 693 2313 καὶ
736 2260 810 2330 ὀμ
845 2258 894 2331 [ό
929 2260 1069 2331 μετά
1097 2260 1211 2333 τὸν]
1240 2263 1509 2335 πρότερον
1552 2262 1682 2319 λαὸν
1708 2267 1775 2336 τῇ
1808 2265 1867 2331 ἐξ

263 2347 445 2405 ἐθνῶν
487 2349 784 2422 Ἐκκλησία
830 2352 1285 2423 πεπιστευμένος.
1321 2353 1487 2408 Ὅθεν
1534 2355 1862 2426 ἐπήνεγκενο

272 2440 532 2501 Ἴδοσαν
549 2440 717 2510 ἔθνη,
737 2442 834 2496 καί
850 2442 1268 2512 ἐφοϐήθησαν.
1291 2446 1364 2498 Ἦ
1378 2447 1461 2500 ὅτι
1480 2445 1622 2501 οὕτω
1636 2446 1867 2519 διέθηκα

264 2530 365 2584 τὸν
382 2531 693 2602 Ἀσσύριον,
720 2535 1104 2605 ὲπαναστήσας
1131 2536 1281 2607 αὐτῷ
1303 2538 1508 2609 Κῦρον,
1533 2538 1610 2603 ὡς
1628 2539 1869 2609 ἀνόνητα

268 2623 533 2691 γενέσθαι
562 2625 781 2697 βοηθεῖν
804 2626 1000 2697 ἐκείνῳ
1034 2627 1353 2699 βουλόμενα,
1388 2631 1484 2684 καὶ
1513 2631 1612 2701 τῆς
1651 2631 1758 2684 τῶν
1790 2632 1868 2684 εί-

266 2717 458 2771 δώλων
492 2716 781 2782 ἀσθενείας
804 2719 1102 2792 καταόοᾷν,
1130 2720 1226 2776 τοῦ
1254 2721 1390 2776 Θεοῦ
1416 2723 1478 2776 τὸ
1505 2722 1705 2794 κράτος
1735 2722 1868 2777 θαυ-

272 2809 556 2879 μάζοντα*
584 2810 620 2881 ἢ
648 2810 730 2864 ὅτι
769 2812 870 2882 τῆς
899 2813 1174 2885 προτέρας
1200 2813 1467 2883 ἀθλεψίας
1512 2813 1865 2884 παυσάμενα,

268 2898 524 2969 ἔγνωσαν
567 2899 663 2954 τὸν
700 2901 963 2972 εἰρηκότα
983 2916 997 2932 ’
1026 2903 1172 2971 Ἐγὼ
1192 2903 1341 2968 Θεὸς
1372 2901 1606 2971 πρῶτος
1646 2902 1745 2957 καί
1781 2903 1869 2967 εἰς

1968 1799 2255 1862 nimirum,
2292 1813 2383 1862 ea,
2410 1813 2533 1869 quae
2558 1797 2731 1854 semel
2762 1798 2879 1853 fieri
2917 1797 3064 1853 Deus
3087 1800 3371 1866 statuerit,
3414 1817 3569 1872 teque

1958 1899 2118 1946 certa
2146 1904 2288 1956 esse,
2324 1903 2388 1945 ae
2423 1890 2470 1945 si
2498 1889 2612 1959 jam
2641 1888 2787 1944 facta
2822 1891 2965 1958 sint;
2994 1905 3174 1962 neque
3191 1906 3383 1947 eorum
3409 1894 3570 1964 quid-

1969 1999 2160 2055 quam,
2190 1982 2335 2053 quod
2374 1996 2487 2038 non
2521 1982 2576 2035 in
2612 1998 2753 2052 opus
2787 1983 3096 2056 redigatur,
3128 1987 3567 2054 praetermissum

1971 2074 2059 2129 iri.
2094 2058 2332 2139 Deinde,
2364 2079 2427 2128 ut
2471 2080 2597 2127 ante
2631 2070 2820 2127 omnia
2843 2073 3140 2140 exsistere,
3185 2074 3571 2148 principioque

1970 2174 2026 2220 et
2065 2164 2174 2221 ﬁne
2213 2179 2404 2220 carere
2444 2165 2883 2232 demonstraret,
2922 2163 3036 2238 Ego
3066 2164 3209 2220 Deus
3239 2168 3474 2237 primus,
3515 2177 3571 2223 et

1971 2273 2094 2330 quae
2124 2266 2462 2327 sequuntur,
2491 2257 2724 2313 addidit.
2760 2257 2907 2313 Idem
2936 2259 3080 2314 enim
3111 2267 3218 2326 est,
3249 2270 3306 2316 et
3338 2262 3431 2333 qui
3459 2263 3569 2318 Deo

1971 2349 2373 2406 commendatis
2416 2352 2635 2420 piisque
2681 2351 3002 2409 hominibus
3046 2351 3206 2406 initio
3267 2355 3566 2424 cognitus;

1970 2449 2025 2496 et
2049 2442 2144 2512 qui
2186 2442 2370 2513 priore
2405 2442 2610 2512 rejecto
2645 2442 2848 2513 populo
2882 2443 3127 2514 gentium
3155 2443 3417 2501 Ecclesia!
3443 2461 3569 2503 cre-

1970 2532 2118 2589 ditus
2150 2541 2255 2589 est.
2302 2533 2482 2604 Atque
2519 2533 2646 2589 inde
2689 2542 2795 2601 est,
2833 2534 2981 2604 quod
3010 2536 3209 2606 adjecit
3252 2556 3265 2592 :
3310 2537 3568 2593 Viderunt

1969 2635 2167 2698 gentes,
2205 2635 2256 2680 et
2288 2626 2618 2692 timuerunt;
2656 2626 2739 2684 vel
2779 2627 2924 2699 quod
2958 2629 3031 2685 ita
3062 2645 3156 2700 per
3194 2646 3253 2686 se
3284 2633 3357 2687 sit
3381 2647 3570 2702 accep-

1971 2731 2061 2778 tus
2090 2721 2376 2794 Assyrius,
2408 2722 2503 2793 qui
2547 2720 2752 2794 Cyrum
2789 2724 2841 2778 iu
2873 2723 3127 2780 eumdem
3167 2724 3458 2797 insurgere
3489 2726 3570 2781 I'e-

1969 2814 2151 2881 cerit;
2187 2819 2247 2868 ut
2275 2829 2477 2869 vanum
2522 2824 2571 2869 et
2608 2815 2808 2870 inutile
2846 2814 3023 2873 fuisse
3056 2820 3400 2875 demonstret
3433 2836 3566 2890 geu-

1971 2905 2109 2960 tiutn
2143 2920 2335 2961 earum
2368 2905 2654 2974 auxilium,
2690 2923 2811 2977 qua:
2839 2909 2985 2963 ferre
3002 2909 3335 2976 voluerunt;
3366 2909 3570 2982 Deique

268 2992 349 3047 ιὰ
373 2994 771 3064 ἐπερχόμενα.
804 2994 917 3049 Καὶ
959 2995 1166 3052 ἰδόντα
1205 2995 1598 3065 ἐφοϐήθησαν
1635 2996 1694 3048 ἐν
1720 2994 1866 3067 ἀρχῇ

1974 3004 2283 3075 potentiam
2323 3004 2646 3072 admiratus,
2683 3004 2951 3062 adversus
2998 3007 3270 3063 idolorum
3316 3009 3569 3064 imbecil-

272 3086 547 3157 γενόμενα
567 3086 782 3155 σοφίας.
809 3104 830 3137 ‹
870 3086 1043 3157 Ἀρχὴ
1065 3087 1173 3160 γάρ
1193 3087 1388 3158 σοφίας
1402 3086 1567 3156 φόϐος
1588 3086 1819 3156 Κυρίου.
1844 3104 1862 3136 ι

1975 3097 2187 3153 litatem
2220 3097 2555 3155 vociferatas
2590 3114 2714 3154 esse
2748 3116 2761 3154 :
2793 3099 2874 3153 vel
2911 3101 3058 3170 qttod
3100 3100 3286 3171 priore
3318 3103 3571 3157 emcitate

276 3180 390 3233 Καὶ
422 3180 586 3250 μέχρι
615 3179 725 3236 τῶν
753 3179 1008 3250 περάτων
1022 3182 1128 3251 τῆς
1157 3179 1283 3248 γῆς,
1309 3178 1407 3231 καὶ
1434 3177 1544 3231 τῶν
1577 3176 1871 3249 βαρϐαρω-

272 3271 461 3327 τάτων
487 3271 669 3341 διῆλθε
691 3271 753 3325 τὸ
774 3272 1063 3343 κήρυγμα,
1094 3271 1190 3324 καὶ
1211 3270 1314 3340 τῆς
1338 3258 1673 3339 θεογνωσίας
1710 3271 1743 3324 ό
1765 3269 1873 3338 φό-

270 3363 382 3429 ϐος
438 3362 579 3416 κατὰ
626 3362 693 3416 τό
714 3379 728 3399 ν
775 3361 1251 3431 Ἐγτισάτωσαν,
1287 3361 1388 3416 καὶ
1418 3361 1873 3431 λαλησάτωσακ

274 3455 423 3525 ἅμα.
463 3455 604 3510 Ἀλλ’
636 3458 756 3509 ἐκεῖ
789 3457 889 3526 μὲν
917 3454 1235 3511 ἐκελεύοντο
1258 3457 1507 3529 ἀπαντᾷν
1541 3457 1638 3511 καί
1662 3455 1869 3524 λαλεῖν,

278 3545 526 3615 δηλονότι
554 3544 803 3611 δοξάζειν
836 3544 973 3598 Θεόν
993 3562 1008 3577 ·
1039 3545 1282 3599 ἐνταῦθα
1309 3546 1388 3612 δὲ,
1430 3547 1740 3616 Ἠττισαν,
1771 3544 1873 3600 καί

270 3626 473 3708 ἦλθον
502 3636 626 3707 ἅμα
667 3636 890 3706 κρίνων
917 3635 1177 3703 ἕκαστος
1218 3634 1300 3702 τῷ
1328 3638 1601 3705 πλησίον
1644 3635 1875 3705 βοηθῆ-

281 3744 409 3783 σαι.
438 3726 643 3792 Σώζειν
677 3728 788 3800 γὰρ
816 3730 868 3782 οἰ
903 3728 1174 3798 θεοφιλεῖς
1212 3727 1330 3799 μεθ’
1367 3726 1578 3783 ἑαυτῶν
1609 3727 1874 3795 καὶτοὺς

281 3824 555 3891 πλησίον
584 3822 919 3891 ἐπείγονται,
949 3823 1171 3894 ἀγάπης
1212 3822 1410 3885 αὐτοὺς
1434 3821 1586 3893 νόμῳ
1613 3822 1714 3892 τῆς
1741 3823 1874 3876 ἀπιο

282 3917 441 3981 στίας
465 3915 802 3981 ἑξέλκοντες,
835 3915 1092 3985 λέγοντες
1118 3915 1194 3981 ὡς
1217 3914 1331 3969 Καὶ
1359 3916 1523 3986 ἡμεῖς
1567 3932 1701 3968 ποτε
1729 3910 1875 3989 ἦμεν

278 4003 449 4059 τέκνα
476 4005 670 4077 ὀργῆς,
694 4005 1113 4078 εἰδωλολατρείᾳ
1135 4004 1545 4076 προσκείμενοι,
1574 4004 1672 4058 νῦν
1690 4004 1750 4059 δὲ
1782 4004 1876 4059 τὸν

281 4099 455 4163 ὅντως
494 4098 800 4166 ἐγνωκότες
820 4097 955 4153 Θεὸν
983 4096 1218 4169 διεσώθη
1228 4113 1347 4167 μεν,
1377 4098 1478 4169 τῆς
1500 4095 1611 4150 τῶν
1640 4095 1876 4151 εἰδώλων

283 4189 573 4254 ἀσθενείας
622 4189 1037 4258 κατεγνωκότες
1066 4189 1341 4260 δεομένων
1377 4187 1474 4245 τοῦ
1517 4187 1657 4261 πρὸς
1688 4188 1877 4244 στάσιν

286 4282 662 4353 στηρίζοντος,
702 4283 848 4354 ,ὅπερ
896 4282 1000 4337 οὐκ
1040 4281 1258 4352 ἔχουσιν
1305 4280 1548 4337 οἴκοθεν’
1588 4280 1704 4335 ἀλλ’
1753 4281 1876 4335 οὐδὲ

1952 3188 2241 3254 liberata},
2278 3205 2404 3261 qua:
2427 3189 2576 3245 dicta
2600 3200 2728 3247 sunt
2758 3211 2771 3247 :
2800 3190 2914 3263 Ego
2939 3191 3081 3246 Deus
3106 3192 3401 3260 primus.et
3431 3194 3571 3248 inea

1973 3297 2093 3352 qua:
2114 3291 2338 3338 ventura
2376 3294 2499 3337 sunt
2528 3282 2604 3338 ita
2634 3283 2838 3340 habere
2870 3292 3214 3361 repererunt.
3240 3284 3397 3352 Quod
3426 3295 3482 3340 ut
3516 3284 3571 3339 iu

1968 3373 2097 3443 ipso
2169 3372 2456 3443 sapientiae
2525 3373 2800 3444 principio
2876 3374 3164 3440 viderunt,
3252 3376 3564 3431 timuerunt.

1981 3478 2002 3514 ι
2048 3457 2271 3516 Initium
2299 3463 2451 3517 enim
2490 3464 2806 3534 sapientiae,
2858 3464 3145 3532 scribitur,
3190 3467 3359 3521 timor
3396 3467 3575 3521 Domi-

1977 3552 2033 3608 ni
2070 3554 2133 3606 “.
2179 3572 2197 3605 ι
2238 3552 2448 3610 Deinde
2492 3555 2558 3610 ad
2603 3563 2889 3612 extremos
2917 3558 3071 3613 orbis
3123 3575 3300 3629 usque
3342 3559 3571 3624 limites,

1975 3653 2031 3702 et
2069 3646 2521 3716 gentesmaxime
2556 3646 2851 3711 barbaras,
2880 3648 2998 3718 ipsa
3015 3647 3297 3720 Evangelii
3324 3654 3573 3720 promul-

1975 3738 2147 3814 gatio,
2205 3735 2521 3807 divinaque
2570 3737 2912 3808 cognitionis
2958 3739 3120 3792 timor
3170 3724 3336 3811 (sicut
3387 3744 3572 3799 verbis

1976 3829 2103 3885 istis
2142 3847 2156 3887 :
2189 3829 2480 3891 Accedant,
2517 3838 2565 3884 et
2603 3829 2891 3899 loquantur
2920 3832 3103 3899 simul,
3130 3833 3428 3906 innuitur),
3462 3851 3569 3906 pe-

1977 3929 2291 3980 netrarunt.
2325 3920 2396 3975 At
2423 3921 2501 3978 ibi
2537 3922 2789 3993 quidem,
2827 3922 3050 3979 obviam
3082 3925 3187 3992 ire,
3211 3933 3263 3981 et
3298 3927 3470 3998 loqui,
3516 3928 3571 3982 id

1977 4024 2084 4081 est,
2118 4012 2288 4070 Deum
2325 4013 2555 4069 laudare
2582 4014 2887 4084 jubebatur
2920 4034 2933 4071 :
2964 4015 3054 4072 hic
3080 4025 3289 4083 autem,
3312 4020 3574 4076 accessis-

1979 4123 2056 4169 se.
2090 4116 2142 4162 et
2172 4105 2378 4161 venisse
2421 4105 2586 4160 simul
2609 4105 2862 4176 iudicans
2896 4109 3275 4179 unusquisque,
3301 4118 3359 4163 ut
3382 4110 3572 4179 proxi-

1979 4214 2064 4251 mo
2097 4195 2409 4260 auxilietttr,
2450 4194 2732 4251 dicuntur.
2769 4195 3005 4275 Servare
3026 4198 3175 4253 enim
3216 4215 3405 4256 secum
3442 4201 3573 4256 uici-

1979 4302 2076 4341 nos
2101 4284 2270 4341 etiam
2299 4283 2393 4354 qui
2427 4284 2506 4354 pii
2547 4292 2702 4351 sunt,
2737 4294 3017 4341 conantur
3048 4303 3064 4342 :
3097 4303 3224 4342 cum
3253 4288 3570 4345 dilectionis

283 4377 555 4432 σταθέντα
587 4376 859 4431 κινεῖσθαι
890 4376 1213 4447 δυνήσεται.
1243 4376 1355 4430 Καὶ
1404 4375 1521 4440 πῶς
1565 4374 1647 4428 ἔτι
1697 4373 1869 4431 ταῦτα

1982 4390 2177 4433 norma
2207 4375 2524 4446 provocati,
2552 4374 2622 4430 ab
2652 4375 2981 4431 iulidelitate
3021 4379 3245 4433 eosdem
3277 4381 3525 4450 eripiunt
3551 4399 3570 4442 ;

282 4468 397 4522 θεοί
416 4482 433 4534 ;

1984 4481 2260 4523 memores
2282 4480 2346 4522 se
2375 4466 2542 4521 etiam
2569 4465 2871 4536 aliquando
2901 4466 3044 4524 ﬁlios
3070 4467 3168 4524 ira:
3196 4472 3482 4527 exstitisse
3501 4475 3568 4540 ³³,

214 4570 221 4576 ”
282 4571 338 4616 et
372 4560 706 4619 idololatriae
744 4561 1102 4629 incubuisse,
1146 4569 1524 4622 nuucautem
1554 4562 1731 4619 Deum
1755 4576 1885 4619 vere
1923 4568 2313 4633 agnoscentes,
2352 4567 2407 4615 et
2430 4559 2666 4639 salutem
2707 4568 3065 4627 consecutos,
3129 4561 3400 4620 idolorum
3464 4566 3572 4621 im-

285 4655 651 4711 becillitatem
676 4655 981 4721 damnare;
1015 4670 1144 4726 qua:
1180 4671 1289 4711 non
1316 4657 1433 4711 alio
1468 4657 1648 4714 solum
1671 4656 1743 4712 ad
1795 4664 2001 4712 statum
2056 4654 2163 4711 sibi
2234 4652 2705 4719 conﬁrmandum,
2773 4668 2939 4725 quem
2978 4669 3008 4709 a
3050 4672 3113 4714 se
3156 4671 3266 4714 nou
3342 4661 3568 4731 habent,

285 4748 447 4822 453
474 4758 706 4822 egeant:
732 4752 828 4806 sed
852 4765 980 4805 cum
1005 4751 1285 4832 steterint,
1319 4765 1390 4807 ne
1421 4752 1630 4808 moveri
1651 4750 1873 4821 quidem
1909 4750 2151 4807 valeant.
2189 4747 2293 4816 Qui
2323 4748 2495 4820 igitur
2528 4747 2712 4804 adhuc
2754 4748 2879 4815 ista,
2910 4749 2985 4804 dii
3019 4765 3144 4807 esse
3178 4759 3431 4824 queant?

356 4842 548 4897 Ταῦτα
587 4843 647 4897 δὲ
694 4838 764 4914 ἦν
819 4842 965 4916 ἆπερ
1010 4842 1198 4913 ἔλεγεν
1235 4843 1388 4898 ἄνωο
1416 4843 1878 4913 Λαλησάτωσαν

285 4934 429 5005 ἅμα,
456 4933 619 5004 ,μετά
664 4933 727 4987 τὸ
770 4933 1029 5003 ἐγγίσαι,
1064 4932 1262 5005 μηκέτι
1309 4933 1399 4987 διά
1451 4933 1550 5005 τὴν
1595 4931 1880 5003 ,ἁμαρτίαν

285 5027 440 5091 lives;
469 5024 710 5098 μακρὰν,
740 5025 1052 5094 οἰκειότητα
1074 5026 1129 5080 δὲ
1152 5025 1413 5090 λαϐόντες
1442 5026 1797 5098 πνευματικά
1827 5034 1878 5081 ⁸.

287 5117 621 5189 Γευσάμενοι
652 5117 763 5186 γάρ
797 5118 1037 5189 συνῆκαν
1072 5119 1156 5172 ὅτι
1176 5119 1422 5190 Χριστὸς
1460 5122 1489 5172 ό
1525 5119 1751 5190 Κύριος,
1784 5119 1879 5172 καὶ

286 5211 349 5265 τὸ
387 5209 583 5273 κάλλος
611 5211 710 5282 τῆς
739 5209 1001 5281 ἀληθείας
1032 5210 1258 5276 ἰδόντες,
1296 5213 1396 5283 οὑχ
1419 5213 1632 5277 ἑαυτοῖς
1661 5213 1756 5266 καὶ
1784 5211 1881 5283 μό-

287 5318 400 5366 νοις
444 5300 727 5373 ετήρησαν
774 5301 1129 5366 διδάσκοντες
1184 5302 1440 5370 ἑτέρους,
1505 5304 1587 5364 ὡς
1651 5304 1878 5374 ἴσχυσε

282 5394 512 5450 τέκτων
548 5393 708 5463 ἀνὴρ
735 5395 833 5449 καί
869 5396 1158 5466 χαλκεύς.
1203 5396 1329 5461 Πῶς
1362 5397 1419 5451 δὲ
1448 5397 1730 5467 -τσχυσαν
1750 5416 1769 5464 ;
1815 5398 1876 5451 '0

366 5568 408 5598 "
454 5574 606 5632 Psal.
655 5591 743 5644 cx,
778 5575 867 5631 10.
952 5578 994 5609 ’⁸
1043 5575 1245 5647 Ephes.
1284 5578 1430 5645 ",3.

356 5770 385 5814 ς
422 5778 511 5832 γρ.
551 5762 679 5819 ἀπό.
781 5773 803 5802 ι’
847 5782 938 5834 γρ.
981 5763 1387 5835 πνευματικήν.

2051 4844 2233 4913 Atque
2268 4841 2388 4898 haec
2423 4847 2606 4908 erant,
2660 4855 2783 4912 quae
2837 4843 3094 4912 superius
3151 4848 3389 4919 volebat,
3440 4868 3565 4909 cum

1979 4933 2226 4990 diceret:
2283 4931 2599 5002 Loquautur
2648 4931 2811 4986 simul
2859 4941 3152 5005 postquam
3186 4952 3567 5011 accesserunt;

1979 5026 2031 5082 id
2066 5029 2172 5089 est,
2206 5030 2497 5095 postquam
2543 5022 2761 5079 sublata
2810 5026 3024 5094 peccati
3072 5026 3363 5097 distantia,
3408 5036 3571 5092 fami-

1979 5116 2272 5174 liaritatem
2324 5115 2472 5172 inter
2524 5131 2587 5172 se
2643 5114 2984 5186 spiritualem
3042 5120 3310 5178 inierunt.
3368 5123 3565 5183 Statim

1977 5211 2128 5267 enim
2164 5218 2329 5279 atque
2353 5221 2473 5264 eam
2505 5207 2888 5278 degustarunt,
2938 5208 3227 5267 Christum
3268 5212 3563 5273 Dominum

1978 5309 2341 5375 agnoverunt,
2388 5300 2754 5371 veritatisque
2801 5301 3269 5371 pulchritudinem
3321 5320 3574 5367 contem-

1977 5398 2134 5470 plati,
2160 5413 2278 5453 .non
2306 5411 2427 5452 eam
2459 5394 2564 5466 sibi
2600 5403 2816 5452 tantum
2867 5410 3260 5470 reservarunt,
3294 5403 3391 5461 sed
3443 5406 3566 5462 aliis

1603 5670 1844 5729 VARIE
1889 5668 2295 5730 LECTIONES.
