3950 6418
420 307 561 369 ειδι

1729 305 2083 368 PROCOPII
2115 304 2361 368 GAZzEI

3597 296 3743 366 2332

431 420 663 487 potiores
728 420 964 491 artiﬁce:
1020 407 1331 474 et-mrari’os
1382 416 1625 473 evasisse
1680 416 2008 472 docuerunt.

2136 419 2218 473 ιὲν
2261 418 2479 482 συνθεὶς
2501 419 2597 474 καὶ
2629 418 2932 491 διαγλύψας
2963 419 3183 476 εἴδωλον
3205 418 3392 491 τέχνῃ
3418 416 3743 491 τεκτονικῇ,

435 509 543 589 sed
578 511 671 581 qui
703 511 924 566 tandem
976 510 1267 587 potiores?_
1299 506 1438 573 Quia
1490 504 1745 561 confecto
1789 507 2011 577 quidam

432 613 486 659 et
522 604 801 674 insculpto
840 612 959 656 arte
986 617 1083 655 sua
1116 601 1265 655 idolo
1297 600 1471 667 alius;
1505 599 1648 653 alius
1673 607 1854 654 autem
1880 599 2018 654 mal-

436 693 503 747 lei
541 707 646 761 ope
679 692 942 747 fabricata
988 699 1195 753 statua,
1241 690 1504 759 deceptos
1548 688 1803 742 homines
1838 687 1894 743 in
1936 703 2016 743 reo

435 785 666 853 probum
698 798 925 838 sensqu
961 791 1304 852 rapuerunt,
1346 781 1477 836 dum
1542 796 1644 835 sua
1691 796 1788 836 eos
1832 795 2019 851 opera,

434 876 525 945 qui
554 875 621 929 ad
661 875 956 943 imaginem
990 874 1086 928 Dei
1123 875 1295 929 creati
1347 882 1561 936 essent,
1599 873 1833 928 adorare
1867 887 2020 927 eom-

436 968 728 1036 pulerunt;
762 965 1026 1036 idipsum,
1082 965 1232 1037 quod
1265 981 1296 1020 a
1326 980 1386 1022 se
1417 964 1733 1020 confectura
1759 973 1901 1029 erat,
1936 981 2023 1017 so-

437 1056 753 1110 lidationem
799 1056 1015 1121 bonam,
1067 1066 1326 1125 umquam
1379 1055 1522 1111 bene
1594 1055 1713 1110 suis
1770 1055 2021 1125 partibus

437 1158 616 1217 aptam
650 1155 706 1201 et
752 1147 1145 1210 cohazrentem,
1197 1147 1562 1216 appellantes.
1618 1147 1687 1199 At
1749 1153 1880 1201 sunt
1926 1144 2021 1214 qui

437 1248 607 1294 totam
646 1240 891 1309 priorum
926 1239 1221 1293 verborum
1274 1239 1469 1293 seriem
1510 1239 1567 1292 in
1612 1238 1759 1292 hunc
1791 1237 2017 1291 modum

436 1330 800 1400 explicarunt.
845 1326 1142 1397 Postquam
1174 1327 1307 1382 satis
1338 1327 1406 1380 de
1455 1327 1697 1397 gentium
1733 1327 2022 1380 vocatione

436 1419 721 1482 disseruit,
760 1417 829 1472 ad
884 1418 1164 1472 lsraelitas
1217 1431 1527 1471 sermonem
1579 1416 1843 1473 traducit.
1882 1414 2020 1471 Cum

438 1513 585 1569 enini
617 1513 673 1566 in
707 1511 889 1582 lapide
931 1509 1249 1565 cliensionis
1295 1509 1673 1574 ollendissent,
1706 1516 1761 1563 ct
1788 1524 1817 1563 a
1847 1509 2023 1564 salute

441 1606 600 1675 longe
627 1603 922 1667 abessent,
949 1609 1070 1671 post
1109 1599 1243 1671 legis
1287 1604 1540 1655 umbram
1574 1599 1796 1655 inducta
1825 1616 1920 1670 per
1956 1599 2022 1654 li-

441 1698 565 1752 detn
599 1704 683 1750 est
746 1695 947 1764 gratia.
1008 1691 1424 1761 Murmurabant
1481 1699 1663 1746 autent
1712 1692 1960 1747 dicentes
2003 1708 2018 1746 :

2122 514 2151 565 ὁ
2177 512 2234 565 δὲ
2257 512 2485 582 ποιήσας
2509 512 2799 582 ἀνδριάντα
2824 513 3190 585 σφυρήλατον,
3219 510 3598 580 ἀπεκόμισαν
3617 508 3747 573 τοὺς

2121 603 2508 673 ἠπατημένους
2562 604 2642 666 εἰς
2692 602 2948 673 ἀδόκιμον
3006 603 3169 667 νοῦν,
3228 603 3587 671 ποιήσαντες
3637 599 3749 653 τῶν

2124 694 2270 748 ἰδίων
2300 693 2477 763 ἔργων
2504 694 2887 764 τφοσκυνητὰς
2910 694 3036 756 τοὺς
3061 695 3181 746 κατ’
3213 692 3421 745 εἰκόνα
3442 689 3750 759 γεγονότας

2121 784 2280 847 Θεοῦ,
2317 785 2668 848 ἐπαινοῦντες
2694 785 2755 837 τὸ
2776 785 2957 858 ἔργον,
2988 787 3083 839 καὶ
3120 787 3480 855 σύμϐλημα
3510 781 3748 835 καλοῦν-

2121 893 2213 940 τες
2246 875 2464 938 καλὸν,
2496 877 2573 940 ὡς
2603 877 2784 939 καλῶς
2815 880 2880 930 ἐκ
2905 877 3013 930 τῶν
3046 877 3192 930 ἰδίων
3236 874 3622 946 ἡρμοσμένον
3651 890 3751 945 με·

2125 963 2254 1033 ρῶν.
2287 963 2399 1032 Τῆς
2431 963 2488 1016 δὲ
2535 963 2716 1034 πάσης
2745 966 2957 1035 ρήσεως
2997 965 3067 1019 τὰ
3111 966 3324 1036 πρῶτά
3372 980 3531 1027 τινες
3570 964 3748 1029 οὕτως

2126 1055 2489 1124 ἐρμήνευσαν·
2527 1055 2665 1128 Περὶ
2693 1056 2794 1126 τῆς
2822 1058 2930 1110 ἀπὸ
2961 1058 3071 1110 τῶν
3101 1057 3284 1110 ἐθνῶν
3311 1056 3581 1126 κλήσεως
3612 1053 3746 1109 αὖτ-

2121 1145 2306 1216 αρκῶς
2348 1143 2562 1209 εἰπὼν,
2629 1147 2721 1198 ἐπὶ
2791 1147 2918 1210 τοὺς
2974 1147 3036 1212 ἐξ
3093 1146 3323 1218 Ἰσραὴλ
3418 1146 3741 1219 μεταϐἐῆηο

2122 1253 2237 1291 κεν.
2281 1236 2712 1315 Προσκοψάντων
2760 1237 2869 1309 γὰρ
2903 1236 3082 1291 αὐτῶν
3124 1239 3206 1308 τῷ
3244 1237 3395 1307 λίθῳ
3429 1237 3534 1289 τοῦ
3566 1254 3743 1308 προσ-

2122 1327 2437 1397 κόμματος,
2516 1330 2613 1382 καὶ
2687 1327 2788 1397 τῆς
2862 1330 3144 1399 σωτηρίας
3222 1329 3559 1398 γεγονότων
3638 1348 3744 1399 μα-

2123 1415 2284 1482 κρὰν,
2324 1415 2465 1485 μετὰ
2491 1417 2597 1485 τῆς
2623 1416 2765 1470 κατὰ
2810 1418 2977 1487 νόμον
3020 1419 3206 1481 σκιᾶς,
3245 1421 3390 1474 ἅντε
3406 1418 3617 1489 ισήχθη
3649 1418 3745 1488 μέν

2124 1508 2157 1578 ἡ
2189 1505 2277 1560 διὰ
2305 1508 2542 1570 πίστεως
2567 1509 2747 1579 χάρις.
2773 1508 3135 1578 Διεγόγγυζον
3170 1510 3231 1563 δὲ
3266 1510 3539 1577 λέγοντες
3560 1526 3577 1541 '
3619 1510 3743 1565 Ἀπ-

2122 1600 2399 1668 εκρύὸηοή
2419 1599 2557 1667 ὁδός
2575 1618 2695 1668 μου
2718 1601 2840 1656 ἀπὸ
2868 1601 2974 1655 τοῦ
3006 1601 3186 1656 Θεοῦο
3212 1600 3378 1654 τοῦτ’
3408 1602 3587 1664 ἐστιν,
3614 1602 3743 1654 οὐκ·

2124 1691 2206 1745 ἑτι
2245 1696 2312 1763 τῇ
2356 1693 2497 1746 κατὰ
2554 1693 2718 1763 νόμον
2768 1696 3028 1765 προσέχει
3078 1694 3347 1769 λατρεία.
3401 1694 3640 1764 Ἀεαεῖλε
3676 1694 3741 1750 δέ

444 1786 773 1841 Abscondita
790 1792 868 1837 est
904 1783 987 1836 ria
1018 1797 1135 1835 mea
1160 1798 1194 1834 α
1228 1781 1337 1836 Deo
1358 1823 1373 1848 ,
1400 1782 1451 1836 id
1484 1789 1570 1838 est
1603 1800 1616 1836 :
1648 1780 1767 1835 Non
1790 1782 2027 1851 amplius

2136 1802 2242 1851 μου
2275 1784 2390 1853 τὴν
2420 1786 2642 1861 κρίσιν,
2678 1788 2775 1840 καὶ
2813 1787 3050 1855 ἀπέστη
3075 1800 3090 1814 '
3130 1788 3292 1841 τοῦτ’
3329 1788 3512 1852 ἔστιν,
3540 1788 3743 1841 ἔπαυσε

444 1879 581 1950 legis
614 1877 822 1933 cultum
864 1874 1245 1945 amplectitur;
1293 1875 1389 1929 sed
1413 1890 1446 1928 α
1488 1890 1572 1928 me
1593 1873 1865 1944 judicium
1897 1873 2025 1927 abs-

447 1965 567 2020 tulit
631 1973 681 2018 et
735 1967 974 2026 recessit,
1020 1961 1073 2017 id
1109 1969 1216 2026 est,
1275 1963 1444 2034 legem
1486 1979 1705 2020 cessare
1744 1963 1901 2018 fecit.
1935 1964 2027 2018 Sic

444 2063 591 2117 enim
641 2071 692 2117 et
744 2060 912 2114 David
961 2059 1210 2114 cecinit:
1263 2078 1284 2112 ι
1326 2059 1603 2116 Judicium
1656 2070 1711 2117 et
1760 2061 2026 2131 iustitiam

446 2155 501 2207 in
536 2151 705 2206 Jacob
739 2151 915 2205 lceisti
962 2151 1042 2216 “;
1085 2170 1104 2204 ι
1158 2153 1304 2221 quod
1346 2152 1488 2206 idem
1526 2153 1687 2223 plane
1734 2161 1838 2217 est,
1877 2169 1941 2207 ac
1981 2153 2026 2209 si

448 2245 619 2314 legem
658 2259 780 2297 eum
830 2257 937 2312 per
992 2241 1180 2298 Mosen
1239 2246 1492 2300 sanxisse
1547 2245 1719 2299 dicat.
1771 2245 1916 2310 Quin
1972 2255 2029 2300 et

449 2335 626 2391 Muses
655 2336 771 2405 ipse
801 2335 1037 2387 iii-hunc
1076 2334 1310 2388 modum
1349 2336 1574 2389 scribit:
1618 2355 1637 2387 ι
1696 2334 1761 2390 Et
1797 2337 1947 2391 dedit
1976 2334 2026 2392 ei

439 2428 649 2499 judicia
706 2427 861 2497 legis.
904 2444 924 2478 ι
978 2422 1309 2481 Uubrarnm
1358 2424 1577 2488 deinde,
1633 2427 1833 2495 quibus
1896 2428 2025 2482 olim

447 2520 868 2581 involvebatur,
923 2533 1127 2589 sc0pus
1184 2519 1569 2590 praeligehatur
1624 2519 1916 2585 Christus,
1969 2528 2029 2574 ut

446 2619 567 2684 ipse
601 2614 786 2679 docet,
826 2610 912 2666 bis
958 2611 1187 2666 verbis:
1242 2629 1262 2662 ι
1323 2611 1379 2664 Si
1427 2611 1729 2667 crederetis
1786 2611 1942 2676 Mosi,
1974 2618 2047 2679 et,

447 2708 581 2762 mihi
613 2709 777 2761 etiam
820 2706 1121 2761 crederetis
1163 2701 1231 2758 ".
1273 2722 1292 2757 ν
1347 2704 1425 2757 Ad
1462 2704 1598 2768 lucc,
1636 2704 2025 2774 prepbetarum

445 2815 728 2857 sermones
770 2800 928 2871 longe
967 2810 1092 2853 ante
1141 2798 1384 2852 futurum
1431 2798 1638 2854 Christi
1680 2799 2024 2869 mysterium,

446 2893 593 2962 quod
626 2892 743 2961 ipsa
787 2891 1045 2945 Mosaicae
1094 2890 1230 2959 legis
1259 2900 1554 2958 exceptura
1601 2899 1752 2945 esset
1799 2903 2027 2944 oecono-

450 2986 582 3049 mia,
615 2984 1036 3038 denuntiarunt.
1091 2979 1319 3039 Verum.
1374 2989 1637 3050 tanquam
1688 2997 1795 3035 non
1842 2980 2030 3035 audie-

448 3078 590 3143 ritis,
640 3077 818 3132 dicam
858 3094 872 3130 :
908 3073 1045 3129 Deus
1086 3091 1189 3129 non
1225 3073 1444 3128 esuriet.
1487 3073 1676 3144 Neque
1708 3078 1853 3131 enim
1898 3075 2030 3130 mihi

450 3181 712 3240 tanquam
755 3167 1080 3238 indigerem,
1126 3168 1266 3238 legis
1311 3170 1515 3223 cultum
1549 3177 1602 3222 et
1632 3168 1903 3224 sacriﬁcia
1932 3183 2031 3223 ex-

446 3265 711 3332 hibuisti;
774 3262 931 3333 juxta
996 3263 1127 3317 illud
1182 3280 1197 3316 :
1251 3280 1269 3314 ι
1330 3260 1448 3317 Non
1509 3278 1706 3318 vescor
1745 3271 2030 3318 taurorum

444 3354 621 3430 454
657 3355 939 3417 carnibus,
969 3364 1061 3408 aut
1091 3354 1373 3409 hircorum
1415 3355 1542 3409 bibo
1573 3356 1898 3425 sanguinem
1932 3357 2030 3410 η.»

455 3447 558 3512 Qui
608 3460 831 3515 possum
869 3458 970 3514 ego
1005 3443 1123 3499 istis
1165 3444 1431 3512 indigere,
1475 3443 1567 3513 qui
1620 3461 1741 3500 sunt
1775 3455 2035 3512 wternus,

458 3536 591 3591 nulli
620 3536 1003 3607 corruptioni,
1050 3536 1187 3590 nulli
1221 3536 1478 3605 denique,
1523 3551 1673 3593 more
1727 3536 2036 3606 hominum,

455 3631 701 3698 ρειεείοηὶ
760 3627 1070 3684 obnoxius?
1129 3627 1232 3682 Sed
1290 3636 1470 3682 tecum
1526 3629 1597 3682 ita
1662 3629 2036 3697 ratiocinaris,

462 3720 679 3789 inquit:
724 3717 780 3774 Si
820 3718 1093 3773 veteribus
1142 3726 1450 3788 praestant,
1501 3732 1621 3786 quae
1675 3733 1818 3771 nova
1876 3727 2037 3786 sunt;

2131 1875 2223 1931 τὸν
2258 1878 2444 1948 νόμον.
2489 1880 2599 1932 Καὶ
2624 1879 2789 1932 Δαϐὶδ
2831 1881 2938 1949 γάρ
2987 1896 3143 1949 φησιο
3176 1898 3196 1930 ι
3238 1879 3456 1949 Κρίσιν
3513 1880 3609 1932 καί
3662 1880 3738 1932 δι-

2133 1969 2427 2040 καιοσύνην
2463 1972 2523 2023 ἐν
2563 1969 2759 2024 Ἰακὼὸ
2798 1971 2862 2024 σὺ
2891 1972 3174 2042 ἐποίησας,
3214 1990 3235 2022 ι
3271 1970 3533 2042 δηλονότι
3571 1973 3634 2025 σὺ
3653 1972 3739 2025 τδν

2132 2060 2221 2114 διὰ
2270 2061 2514 2126 Μωσέως
2547 2063 2711 2131 νόμον
2747 2063 3027 2135 διώρισας.
3083 2063 3193 2116 Καὶ
3224 2063 3448 2133 Μωσῆς
3484 2062 3544 2115 δέ
3579 2078 3733 2134 φησι·

2140 2169 2158 2202 ι
2196 2151 2306 2204 Καὶ
2336 2150 2535 2205 ἔδωκεν
2557 2153 2707 2224 αὐτῷ
2734 2154 3083 2224 δικαιώματα
3113 2154 3315 2225 νόμου.
3353 2142 3374 2206 ἰ
3412 2154 3597 2208 Πάλαι
3619 2171 3737 2207 σκο-

2134 2241 2233 2306 πδς
2274 2243 2330 2296 δέ
2377 2242 2558 2298 αὐτῶν
2599 2236 2674 2297 ὧν
2711 2239 2825 2315 εἶχε
2861 2246 3052 2312 σκιῶν,
3098 2246 3157 2298 ἐν
3216 2238 3313 2308 αἷς
3358 2246 3734 2316 προετυποῦτο

2134 2338 2391 2409 Χριστὸς,
2433 2338 2509 2402 ὡς
2549 2340 2712 2405 αὐτός
2748 2357 2939 2411 φησιν*
2984 2361 3003 2393 ι
3043 2343 3102 2395 Εἰ
3148 2340 3488 2393 ἐπιστεύετε
3533 2339 3734 2404 Minari,

2136 2431 2454 2501 ἐπιστεύετε
2480 2432 2546 2487 ἂν
2572 2434 2713 2503 ἐμοί.
2745 2451 2763 2483 ι
2796 2434 2907 2487 Kai.
2935 2434 3240 2504 προφητῶν
3263 2433 3326 2486 δὲ
3348 2433 3506 2501 λόγοι
3533 2433 3594 2486 τὸ
3616 2431 3735 2501 μὲλ-

2132 2521 2225 2576 λον
2294 2523 2533 2594 Χριστοῦ
2606 2525 2906 2596 μυστήριον
2970 2525 3510 2595 προκατήγγειλαν,
3571 2525 3648 2586 εἰς
3707 2520 3735 2574 ὃ

2136 2617 2416 2687 καταντᾷν
2448 2616 2681 2686 ἤμελλεν
2715 2618 2748 2688 ἡ
2780 2616 2874 2671 τοῦ
2906 2618 3074 2688 νόμου
3120 2617 3384 2680 Μωσέως
3437 2614 3728 2686 οἰκονομία.

2132 2707 2299 2778 Πλὴν,
2317 2708 2399 2771 ὡς
2407 2707 2492 2777 μὴ
2510 2708 2857 2775 ἀκηκοότων
2883 2710 3015 2782 ἐρῶ,
3040 2709 3116 2773 ὡς
3160 2708 3232 2762 '0
3265 2709 3420 2774 Θεὸς
3444 2710 3519 2762 οὐ
3537 2706 3731 2762 πεινά-

2134 2816 2250 2854 σει.
2278 2800 2370 2868 Μὴ
2398 2800 2637 2869 δεομένῳ
2663 2800 2770 2871 γάρ
2804 2818 2896 2871 μοι
2927 2801 3027 2863 τὰς
3056 2800 3204 2855 κατὰ
3253 2800 3428 2871 νόμον
3465 2799 3730 2869 προσῆγες

2133 2888 2392 2961 λατρείας
2424 2890 2730 2960 συμφώνως
2768 2890 2882 2961 τῷο
2918 2909 2939 2943 ι
2972 2891 3064 2960 Μὴ
3111 2892 3395 2961 φάγωμαι
3433 2889 3570 2961 κρέα
3610 2887 3728 2941 ταὺ-

2136 2997 2268 3049 ρων,
2318 2980 2350 3053 ἢ
2412 2976 2553 3052 αἷμα
2599 2982 2820 3052 τράγων
2871 2983 3115 3053 πίωμαις
3156 3001 3176 3035 ι
3216 2981 3353 3044 Πῶς
3405 2982 3517 3052 γὰρ
3558 2979 3726 3051 ἐνδεὴς

2135 3070 2249 3139 ἐγὼ
2277 3058 2506 3138 τούτων,
2534 3073 2775 3139 αἰώνιος
2795 3075 3057 3145 ὑπάρχων
3086 3075 3183 3127 καὶ
3222 3074 3543 3147 ᾶφθαρτοςς
3575 3073 3605 3141 ἢ
3630 3073 3724 3126 πά-

2134 3161 2225 3226 θος
2244 3162 2583 3232 ἀνθρώπινον
2608 3166 2863 3236 πείσομαι
2881 3182 2896 3231 ;
2917 3166 3075 3220 Ἀ’λλὰ
3091 3165 3316 3240 λογίζῃ,
3348 3173 3543 3236 φησιν,
3566 3163 3637 3227 ὼς
3663 3162 3721 3216 Εἰ

2134 3254 2373 3324 κρείττω
2401 3255 2472 3308 τὰ
2498 3257 2593 3310 νέα
2623 3255 2731 3309 τῶν
2762 3257 2954 3320 πάλαι,
2981 3256 3035 3310 τί
3073 3256 3213 3320 ὅλως
3252 3257 3368 3310 ἔδει
3399 3257 3498 3324 τῆς
3518 3253 3723 3325 πρώτης

2135 3347 2500 3417 νομοθεσίας;
2533 3348 2608 3420 μὴ
2637 3349 2759 3403 τότε
2788 3348 2846 3403 δέ
2874 3349 3222 3419 κηρυχθῆναι
3256 3350 3328 3402 τὰ
3354 3348 3487 3414 νῦν;
3521 3347 3724 3414 ἁγνοεξ

2134 3437 2243 3506 γὰρ
2276 3438 2414 3491 Θεοῦ
2467 3442 2659 3509 σοφίας
2706 3441 3044 3510 οἰκονομίαν,
3091 3442 3159 3512 ῆν
3207 3440 3411 3511 μαθὼν
3453 3440 3481 3493 ὁ
3530 3435 3723 3498 Παῦλός

2135 3543 2323 3597 φησιν,
2358 3530 2442 3584 ὃτι
2477 3531 2665 3601 Νόμος
2695 3531 3062 3603 παρεισῆλθεν
3100 3532 3188 3584 ἵνα
3218 3531 3501 3605 πλεονάσῃ
3530 3529 3589 3583 τὸ
3627 3544 3722 3581 τα·

2140 3624 2433 3695 ράπτωμα.
2466 3627 2576 3680 Καὶ
2610 3625 2803 3680 πάλιν·
2840 3626 3159 3680 Συνέκλεισε
3184 3626 3304 3697 γὰρ
3334 3629 3367 3696 ὴ
3402 3622 3592 3696 Γραψὴ
3609 3621 3721 3684 τοὺς

2150 3719 2362 3780 πάντας
2383 3720 2476 3789 ὑφ’
2509 3719 2804 3792 ἁμαρτίαν,
2829 3720 2930 3773 οἴνα
2959 3720 3084 3783 τοὺς
3113 3718 3329 3791 πάντας
3377 3717 3601 3789 ἐλεήσῃ.

440 3803 590 3879 ἠιιίιί
626 3809 851 3863 omnino
885 3809 1097 3879 priores
1138 3808 1280 3863 ferre
1314 3808 1458 3878 leges
1488 3816 1627 3879 opus
1649 3807 1859 3863 fuerat?
1893 3825 2019 3865 num
2045 3820 2178 3867 tunc
2216 3810 2402 3865 doceri
2436 3810 2633 3875 satius,
2658 3826 2779 3879 quae
2812 3825 2959 3865 nunc
2977 3809 3446 3880 pronuntiantur?
3478 3813 3546 3861 At
3584 3807 3720 3876 igno-

458 3918 550 3959 ras
594 3902 792 3958 divinae
837 3900 1119 3973 sapientia:
1166 3901 1551 3966 mconomiam,
1601 3901 1762 3968 cujus
1784 3903 2099 3972 cognitione
2133 3904 2395 3974 prmditus
2434 3904 2751 3972 Apostolus,
2784 3902 2958 3972 legem
2995 3901 3320 3965 introduci,
3355 3908 3415 3955 ut
3455 3906 3717 3967 peccatum

460 3996 789 4058 abundaret,
825 3990 1112 4046 afﬁrmavit
1156 3990 1240 4044 ”:
1277 3989 1494 4053 deinde.
1536 3991 1873 4048 conclusisse
1900 3990 2244 4064 Scriptaram
2290 4008 2485 4049 omnes
2524 3992 2641 4046 sub
2673 3999 2917 4061 peccato,
2974 3998 3033 4044 ut
3081 3988 3336 4044 ouinium
3363 3989 3715 4042 misereretur.

530 4105 923 4175 Arguitigitur
969 4103 1248 4158 hominum
1290 4100 1723 4158 imbecillitatem
1756 4104 1840 4160 lex
1890 4105 2033 4175 ipsa,

463 4212 574 4252 non
601 4211 697 4251 eos
730 4194 1066 4266 justilicans,
1115 4192 1210 4248 sed
1253 4194 1539 4260 damnans,
1607 4210 1751 4265 quos
1787 4196 2044 4253 Christus

460 4290 641 4358 gratia
671 4287 1018 4359 ju'stilicavit.
1040 4284 1163 4355 Ipse
1199 4287 1345 4340 enim
1376 4294 1483 4351 est,
1519 4287 1638 4353 qui,
1674 4298 2043 4358 praeterquam

468 4383 744 4451 quodnon
770 4380 961 4440 esurit,
1004 4378 1071 4433 iis
1121 4377 1310 4438 etiam,
1362 4377 1457 4447 qui
1496 4375 1770 4446 justitiam
1802 4380 2047 4432 esuriant

434 4471 751 4543 spirituale
799 4468 963 4523 robur
1013 4469 1240 4539 largitur
1292 4468 1386 4536 ‘°;
1438 4484 1714 4538 sensuque
1752 4469 2047 4525 destitutos

2212 4108 2474 4177 Ἔλεγχος
2505 4106 2614 4177 ἄρα
2656 4106 2756 4176 τῆς
2788 4104 3095 4177 ἀνθρώπων
3145 4104 3449 4165 ἀσθενείας
3478 4101 3507 4154 ὀ
3549 4101 3715 4168 νόμος»

2136 4199 2199 4254 οὐ
2250 4198 2501 4259 δικαιῶν.
2533 4198 2672 4253 ἀλλὰ
2717 4196 3090 4267 κατακρίνων,
3137 4194 3235 4259 οὒς
3277 4197 3306 4248 ὁ
3341 4192 3575 4265 Χριστὸς
3617 4188 3715 4242 ta-

2140 4289 2347 4344 καίωσε
2369 4291 2571 4358 χάριτι.
2597 4288 2767 4351 Αὐτὸς
2795 4288 2904 4355 γὰρ
2922 4288 2950 4340 ὁ
2980 4287 3076 4341 xal.
3107 4287 3247 4358 πρὸς
3273 4284 3351 4355 τῷ
3379 4283 3467 4354 μὴ
3493 4275 3710 4345 πεινᾷν.

2142 4384 2259 4444 τοῖς
2309 4379 2561 4434 πεινῶσι
2607 4379 2708 4452 τὴν
2759 4379 3110 4450 δικαιοσύνην
3163 4377 3356 4447 ἰσχὺν
3409 4376 3583 4436 διδοὺς
3629 4370 3713 4438 τὴν

2145 4474 2547 4542 πνευματικὴν,
2575 4472 2602 4524 ὁ
2635 4472 2733 4523 καὶ
2765 4473 2897 4534 τοὺς
2928 4470 3294 4539 ἀναισθήτους
3328 4470 3409 4531 είς
3449 4462 3706 4530 συναίσθη·

466 4563 717 4617 immisso
759 4575 1017 4626 mret-ore,
1069 4560 1367 4615 vindictam
1420 4571 1770 4630 peccatorum
1814 4577 2031 4631 persen-

2153 4580 2237 4616 σιν
2294 4562 2445 4631 ἄγων
2505 4561 2792 4633 ὀδυνηρὰν,
2839 4562 2924 4628 ἐφ’
2955 4554 3034 4623 οἷς
3085 4559 3472 4631 ἁμαρτηκότες
3523 4554 3707 4607 τίσουσι

470 4667 576 4711 ttt‘e
610 4652 764 4708 facit.
799 4652 951 4707 Solet
1001 4652 1147 4707 enim
1183 4651 1246 4706 ad
1281 4652 1513 4706 salutem
1556 4668 1749 4706 maror
1772 4695 1789 4716 ,
1821 4653 1913 4722 qui
1960 4667 2046 4708 se-

467 4747 711 4800 cundum
746 4743 914 4799 Deum
964 4752 1069 4806 est.
1122 4742 1502 4814 pmititentiam
1552 4744 1769 4814 operari
1823 4747 2047 4801 minime

469 4838 846 4909 panitcndam
887 4837 930 4868 ²²
960 4854 973 4889 :
1017 4833 1097 4891 vel
1123 4847 1269 4890 certe
1299 4851 1575 4891 uiatorem
1607 4853 1731 4892 eum
1766 4838 1854 4892 hic
1883 4838 2049 4893 intel-

468 4930 611 5001 ligit,
637 4946 798 5001 quem
838 4929 906 4983 ab
949 4929 1107 4983 urbis
1137 4929 1545 4999 expugnatione
1588 4928 1750 4983 iidem
1788 4943 2050 4999 percepe-

469 5029 620 5084 runt,
652 5021 746 5092 qui
798 5020 1027 5091 sanguis
1078 5020 1200 5089 ejus
1259 5036 1424 5089 super
1475 5036 1575 5076 nos
1608 5027 1661 5074 et
1694 5035 1861 5089 super
1907 5021 2050 5077 ﬁlios

473 5120 695 5167 nostros
747 5110 1216 5168 inclamarunt“.
1278 5112 1358 5166 illi
1398 5113 1546 5168 enim
1600 5113 1872 5182 spiritu-ali
1922 5114 2051 5168 cibo

471 5202 745 5268 destituti,
803 5203 1001 5255 inllrtni
1042 5212 1349 5257 evaserunt
1394 5245 1410 5270 ,
1472 5203 1851 5273 quantumvis,
1889 5213 2049 5259 antea

473 5295 670 5353 robore
711 5301 1084 5363 prastarent:
1133 5286 1258 5348 cum
1304 5308 1540 5366 propter
1591 5294 2047 5361 imbecillitatem,

471 5384 673 5443 diaboli
697 5382 937 5454 pedibus
987 5392 1178 5451 gentes
1222 5386 1607 5447 calcarentnr;
1638 5385 2049 5455 praeqptisque

472 5475 741 5549 legalibus
798 5473 1055 5535 educati,
1117 5477 1289 5545 gratia
1351 5470 1606 5548 gentibus
1666 5476 2043 5544 adventante,

538 5671 987 5761 ft‘lfsalthvui,‘
1018 5667 1072 5724 4.
1149 5668 1191 5700 ’⁷
1221 5665 1381 5761 litim.
1416 5688 1463 5729 ν.
1503 5669 1593 5755 46.
1668 5672 1710 5703 “
1729 5669 1874 5727 Psal.
1926 5685 2069 5737 ms,
2113 5670 2195 5729 l5.

508 5740 565 5801 9.
602 5741 682 5797 lt).
761 5741 804 5770 “
838 5740 1215 5797 Slattlmxrn.
1241 5736 1332 5790 25.

540 5804 545 5811 ι

2151 4654 2328 4718 δίκας.
2373 4654 2439 4708 Ἦ
2474 4654 2583 4722 γὰρ
2614 4654 2754 4707 κατὰ
2783 4652 2936 4706 Θεὸν
2971 4652 3139 4717 λύπη
3177 4653 3469 4721 μετάνοιαν
3505 4648 3579 4706 εἰς
3620 4658 3705 4693 σω·

2144 4746 2343 4816 τηρίαν
2379 4744 2793 4816 ἀμεταμέλητον
2836 4742 3274 4814 κατεργάζεται·
3316 4742 3483 4813 ἧγουν
3522 4735 3704 4796 λύπην

2142 4839 2323 4899 διδοὺς
2353 4837 2452 4907 τὴν
2484 4839 2549 4889 ἐκ
2590 4839 2690 4906 τῆς
2736 4826 2992 4898 ἁλώσεως
3035 4837 3148 4897 τοῖς
3193 4832 3445 4887 εἰποῦσιο
3484 4828 3552 4880 Τὸ
3586 4816 3704 4888 αἷμα

2150 4925 2319 4980 αὑτοῦ
2353 4925 2436 4994 ἐφ’
2462 4927 2610 4996 ἡμᾶς
2637 4926 2731 4978 καὶ
2770 4926 2861 4979 ἐπὶ
2903 4924 2971 4976 τὰ
3008 4923 3177 4976 τέκνα
3212 4920 3388 4992 ἡμῶν.
3420 4919 3487 4971 οι
3510 4910 3701 4977 καὶτῆς

2150 5021 2528 5091 πνευματικῆς
2567 5019 2922 5089 ἐστερημένοι
2950 5017 3155 5086 τροφῆς
3187 5011 3496 5071 ἀσθενοῦσι,
3527 5004 3699 5058 καίτοι

2152 5113 2419 5184 πρότερον
2468 5113 2772 5184 έρῥωμένοι
2804 5110 3188 5180 τυγχάνοντες,
3224 5108 3314 5161 ὅτε
3358 5105 3425 5157 τὰ
3454 5099 3572 5165 ἔθνη
3605 5093 3698 5184 τοῖς

2150 5204 2476 5267 διαῦολικοῖς
2525 5202 2582 5268 ἐξ
2626 5200 2909 5264 ἀσθενείας
2956 5197 3343 5253 ὑποπεπτώκει
3397 5191 3569 5249 ποσὶν.
3619 5180 3696 5235 καὶ

2150 5299 2269 5358 ταῖς
2309 5293 2550 5356 ἐντολαῖς
2600 5295 2719 5356 ταῖς
2753 5290 2895 5345 κατὰ
2925 5290 3091 5362 νόμον
3142 5288 3481 5360 τρεφόμενοι,
3521 5278 3610 5345 τῆς
3646 5269 3696 5322 δὲ

2144 5387 2373 5459 ,χάριτος
2403 5383 2661 5454 ἐλθούσης
2696 5384 2805 5445 τοῖς
2840 5381 3073 5446 ἔθνεσιν,
3105 5380 3258 5435 αὐτοὶ
3291 5362 3697 5459 μετέστησαν

2152 5447 2333 5549 λιμὸν,
2350 5447 2408 5530 θν
2434 5447 2816 5528 ἐπεσπασαντο
2844 5473 3076 5539 ἑαυτοῖς,
3094 5472 3154 5525 οὐ
3186 5469 3364 5540 λιμὸν
3390 5466 3563 5524 ἄρτου,
3588 5447 3693 5508 οῦδ)

2274 5671 2316 5703 ⁸⁸
2352 5668 2509 5725 Rom.
2544 5683 2599 5727 v.
2634 5665 2717 5723 15.
2799 5664 2841 5696 ⁸⁸
2873 5657 3063 5718 Matth.
3100 5673 3154 5726 ν,
3187 5658 3239 5713 6.
3314 5655 3357 5687 ’ί
3387 5648 3426 5704 ll
3457 5645 3566 5702 Cor.
3602 5649 3684 5699 νυ,
