3950 6414
427 310 573 372 9ίῖἷῶ

1772 325 2128 389 PROCOPII
2167 327 2411 391 ΟΑΖΑΞΙ

3586 338 3722 405 2356

502 423 746 485 minent
774 426 1050 496 nonnulli,
1071 431 1357 506 postquam
1381 445 1572 508 gentes
1600 443 1883 511 mysteriis
1913 442 2018 496 ini--

2197 440 2355 508 Τινὲς
2411 443 2470 498 δὲ
2518 444 2793 514 λέγουσιν,
2851 448 2926 512 ὡς
2987 452 3446 522 μυσταγωγήσας
3494 459 3620 520 τοὺς
3670 461 3724 527 ἐξ

429 521 640 584 tiassot,
668 525 946 593 aposwlos
991 526 1096 594 iam
1139 530 1422 598 proposito
1453 533 1748 598 sermonis,
1785 541 1839 589 et
1869 546 2020 592 cate-

428 613 604 669 chesc-
617 630 655 669 rs
670 625 1017 685 argumento,
1037 618 1316 677 conﬁdere
1329 621 1542 692 jubere,
1562 632 1894 697 patrumque
1910 627 2021 680 vir-

429 716 623 770 tuxem,
661 710 824 778 cujus
871 712 946 765 illi
995 714 1219 770 nomine
1252 714 1364 771 Deo
1394 716 1576 773 dilecti
1615 733 1933 783 evaserant,
1964 721 2018 775 in

430 796 745 850 memoriam
799 813 1062 858 revocare
1109 821 1120 856 :
1155 802 1388 861 Dilectus
1421 819 1686 879 praeterea
1730 817 1786 866 et
1827 811 2018 866 eiectos

2123 536 2315 599 ἐθνῶν,
2350 537 2768 609 παραθαρρύνει
2789 538 2916 604 τοὺς
2944 541 3308 607 ἀποστόλους,
3343 545 3418 596 δι’
3460 533 3538 599 ὧν
3571 549 3728 618 ἤμελ-

2121 627 2180 681 λε
2206 627 2296 681 τὸν
2341 628 2442 696 τῆς
2494 631 2855 700 κατηχήσεως
2891 631 3162 686 ποιεῖσθαι
3240 634 3445 702 λόγον·
3497 639 3593 688 καὶ
3633 643 3727 710 τῆς

2121 715 2232 772 τῶν
2264 721 2519 790 πατέρων
2568 723 2767 785 αὐτοὺς
2817 722 3133 793 ὑπέμνησεν
3156 726 3391 795 ἀρετῆς,
3421 727 3481 791 ἐξ
3528 719 3676 800 ἦπερ
3704 739 3724 767 ³

2121 813 2440 882 ἠγαπῶντο
2462 813 2615 883 παρὰ
2635 812 2793 869 Θεοῦ.
2831 815 3201 884 Ἀγαπητοὺς
3226 816 3288 868 δὲ
3317 817 3419 870 καὶ
3449 819 3732 889 ἐκλελεγο

430 895 612 954 patres
653 903 843 946 eorum
877 893 1188 962 nominare,
1224 905 1284 953 ut
1311 915 1377 955 ex
1413 902 1654 973 ingenua
1697 912 1754 960 et
1803 904 2018 960 liberali

2133 907 2353 975 μένους.
2377 907 2506 970 τοὺς
2548 906 2794 976 πατέρας
2845 908 3065 972 καλῶν,
3104 909 3178 972 ὡς
3235 911 3305 962 ὲκ
3355 909 3521 980 ῥίζης
3573 911 3730 976 ὄντας

427 980 598 1050 stirpe
633 987 940 1054 propagati,
971 989 1222 1058 patribus
1275 990 1389 1048 fieri
1442 995 1672 1064 similes,
1718 1011 2022 1068 eorumque

427 1074 683 1142 pietatem
745 1078 949 1134 imitari
1005 1083 1289 1140 studeant.
1347 1086 1644 1155 Abraham,
1681 1089 1883 1160 inquit,
1933 1106 2023 1144 as-

429 1171 648 1236 sumpsi,
698 1187 891 1228 vocans
920 1190 1039 1228 eum
1069 1176 1135 1231 ab
1179 1181 1431 1235 extremis
1460 1191 1636 1248 terra,
1665 1183 1754 1240 his
1787 1184 1970 1240 verbis
2002 1201 2015 1238 :

437 1274 454 1307 s
497 1257 771 1324 Egredere
798 1259 867 1317 de
901 1271 1047 1318 terra
1084 1275 1197 1333 tua,
1231 1278 1282 1324 et
1316 1267 1384 1324 de
1410 1273 1741 1341 cognatione
1768 1279 1862 1326 tua
1894 1273 1962 1327 ³¹.
1996 1289 2014 1324 ι
2057 1311 2064 1318 .

434 1347 660 1414 Deinde,
713 1367 743 1404 a
791 1355 1191 1412 summitatibus
1241 1359 1355 1424 ait;
1403 1361 1535 1430 quia
1591 1370 1844 1418 montosa
1901 1377 2023 1419 esse

429 1439 810 1498 Chaldaeorum
831 1454 975 1502 terra
997 1458 1255 1506 narratur
1279 1469 1294 1518 ;
1315 1455 1456 1509 unde
1479 1453 1784 1510 idololatria
1805 1471 2022 1512 summa

432 1533 721 1590 laborasse
750 1536 1050 1594 Abrahami
1079 1548 1330 1610 posteros
1355 1544 1704 1612 signiﬁcavit.
1729 1546 2020 1618 Deinceps,

434 1634 696 1696 tanquam
729 1629 798 1685 de
829 1632 1088 1689 universo
1147 1635 1345 1692 lsraele
1400 1638 1654 1706 locutus;
1711 1639 1840 1694 Dixi
1901 1642 2021 1708 tibi,

435 1719 605 1784 addit,
635 1737 767 1789 puer
796 1740 940 1779 meus
970 1743 1046 1781 es.
1085 1725 1180 1804 Est
1212 1728 1359 1783 enim
1387 1736 1443 1785 et
1473 1729 1591 1801 ipse
1625 1732 2024 1804 primogenitus

435 1823 809 1881 nuncupatus,
868 1832 1045 1887 neque
1093 1833 1126 1872 a
1169 1817 1302 1884 Deo,
1354 1837 1383 1875 a
1423 1837 1531 1892 quo
1573 1822 1768 1878 electas
1820 1823 2022 1891 fuerat,

437 1905 762 1975 derelictus;
788 1924 913 1964 cum
943 1911 1011 1966 ab
1031 1911 1226 1967 eodem
1258 1914 1445 1969 audiat
1473 1934 1486 1969 :
1515 1914 1598 1971 Ne
1621 1919 1828 1982 timeas,
1863 1936 2026 1992 neque

435 2015 600 2054 erres.
635 1999 742 2072 Ego
771 2003 910 2056 enim
944 2020 1060 2058 sum
1095 2004 1238 2062 Deus
1282 2016 1426 2076 tuus,
1473 2011 1565 2079 qui
1612 2012 1910 2079 confartavi
1943 2021 2024 2080 te;

435 2109 500 2146 eo
534 2100 777 2164 tempore
823 2096 1107 2163 nimirum,
1145 2113 1255 2168 quo
1298 2100 1502 2170 ipsum,
1552 2101 1673 2173 lege
1719 2106 2024 2176 proposita,

437 2185 605 2240 Deum
658 2203 847 2250 unum,
897 2197 952 2244 et
989 2190 1278 2247 Dominum
1327 2209 1494 2249 unum
1546 2209 1690 2263 esse,
1727 2199 1889 2267 eique
1920 2200 2024 2256 soli

435 2279 782 2334 serviendum
809 2281 1031 2350 docuit;
1065 2299 1192 2339 cum
1223 2285 1461 2357 denique
1489 2286 1768 2359 Unigeniti
1803 2291 2025 2348 dextera

435 2373 776 2428 devictarum
807 2376 1052 2445 gentium
1082 2378 1458 2436 hzereditatem
1491 2381 1646 2438 adire
1669 2383 1819 2440 fecit.

511 2465 620 2520 Sin.
643 2477 826 2522 autem
857 2470 922 2524 ad
953 2470 1192 2540 priorem
1217 2472 1733 2544 interpretationem
1755 2477 2021 2548 respicis:

439 2559 508 2614 ab
559 2561 672 2629 ipsa
730 2562 944 2617 seminis
989 2563 1219 2620 Abralus
1267 2567 1566 2634 mentione,
1614 2568 1680 2624 ad
1734 2570 2023 2640 apostolici

434 2651 589 2707 chori
621 2653 946 2708 electionem
983 2656 1185 2712 iterum
1212 2660 1547 2728 revertitur;
1579 2663 1671 2731 qui
1720 2673 1849 2730 puer
1880 2679 2024 2717 meus

433 2743 618 2813 dicat;
649 2754 743 2800 aut
774 2745 943 2819 5.58
990 2751 1295 2806 secundum
1342 2751 1660 2824 Symmachi
1697 2755 2026 2825 interpretao

436 2835 642 2890 tionem
677 2849 856 2890 servus
910 2855 1076 2904 meus,
1118 2856 1224 2910 qua
1274 2843 1490 2898 ratione
1536 2852 1594 2899 et
1630 2841 1834 2900 Paulus
1877 2845 2026 2900 servi

438 2927 704 2994 nomine,
767 2939 1026 2999 tanquam
1085 2933 1360 3001 praeclarae
1409 2933 1692 3005 dignitatis
1750 2937 2024 3008 alicujus,

441 3019 726 3094 gloriatur.
772 3022 916 3089 Quin
940 3031 994 3079 et
1024 3027 1166 3095 apud
1210 3027 1533 3097 prophetam
1567 3038 1758 3098 postea
1806 3046 1820 3081 :
1858 3049 1877 3082 ι
1913 3029 2029 3084 Ma-

2123 1002 2251 1065 τοὺς
2289 1001 2349 1066 ἐξ
2393 1001 2576 1055 αὐτῶν
2635 1000 2892 1070 εὐγενοῦς
2929 1000 2950 1038 ί
3009 1000 3254 1072 ζηλῶσαι
3303 1002 3440 1066 τοὺς
3493 1007 3730 1076 πατέρας

2125 1093 2456 1164 παρακαλεῖ,
2488 1093 2585 1148 καὶ
2622 1092 2721 1166 τὴν
2769 1094 2995 1149 ἐκείνων
3027 1094 3321 1148 εὐσέϐειαν
3349 1110 3364 1124 ·
3406 1095 3611 1162 larum,
3659 1098 3728 1161 ὠς

2123 1187 2232 1242 τοῦ
2296 1185 2550 1256 ’Δϐραὰμ
2593 1185 2987 1249 ἀντελάϐετο,
3043 1184 3321 1253 καλέσας
3381 1187 3606 1241 τοῦτον
3667 1190 3728 1254 ἐξ

2123 1278 2310 1349 ἄκρου
2332 1278 2442 1348 τῆς
2479 1277 2612 1350 γῆς,
2643 1280 2816 1333 είπών
2838 1297 2853 1310 ·
2901 1279 3161 1345 (Ἔξελθε
3192 1280 3306 1333 ἀπὸ
3341 1280 3448 1350 τῆς
3483 1279 3590 1350 γῆς
3619 1299 3726 1349 σου,

2124 1373 2220 1425 καὶ
2257 1370 2366 1424 ἀπὸ
2397 1372 2496 1447 τῇς
2527 1369 2849 1438 συγγενείας
2889 1387 3006 1423 σου.
3042 1389 3061 1422 s
3111 1368 3406 1424 Σκοπιῶν
3445 1367 3504 1422 δέ
3550 1389 3726 1442 φησιν,

2124 1463 2428 1533 ἐπειδήπερ
2459 1460 2680 1532 ὀρεινὴν
2718 1455 2978 1533 εἶναιτὴν
3003 1462 3281 1516 Χαλδαίαν
3318 1463 3636 1536 ἱστόρηται,
3670 1467 3728 1520 δι’

2125 1546 2202 1608 ὧν
2233 1553 2291 1605 ὲν
2321 1551 2479 1622 ἄκρῳ
2505 1551 2621 1622 τῆς
2667 1550 3116 1624 εἰδωλολατρείας
3152 1548 3302 1607 εἶναι
3334 1553 3433 1608 τὸν
3485 1553 3730 1625 Ἀϐραὰμ

2127 1647 2476 1720 ἐσημαίνετο.
2530 1641 2666 1700 Εἷτά
2723 1662 2888 1718 φησιν
2946 1646 3022 1709 ὡς
3056 1646 3187 1717 περὶ
3233 1647 3454 1710 παντὸς
3499 1647 3725 1719 Ἰσραὴλ,

2128 1741 2210 1795 ὅτι
2242 1737 2397 1795 Εἴπὰ
2428 1754 2559 1794 σοι·
2587 1737 2738 1805 Παῖς
2765 1753 2887 1807 μου
2924 1734 2997 1793 εἴ.
3039 1737 3411 1808 Πρωτότοκος
3443 1739 3555 1809 γὰρ
3607 1739 3728 1793 ὠνό-

2131 1850 2354 1905 μασται.
2391 1832 2661 1901 Γεγονότα
2696 1849 2756 1885 τε
2776 1830 2966 1886 τοῦτον
3015 1832 3371 1886 ἀπόλεκτον
3404 1833 3507 1884 οὐκ
3542 1832 3725 1900 ἐγκατ-

2127 1927 2315 1982 έλιπεν
2355 1928 2383 1980 6
2421 1925 2575 1988 Θεός.
2626 1925 2772 1997 Πρὸς
2828 1925 2888 1978 ὃν
2934 1941 3106 1994 φησι·
3161 1923 3265 1992 Μὴ
3309 1923 3529 1993 φοϐοῦ,
3583 1924 3725 1994 μηδέ
3814 1941 3819 1945 ’

2127 2017 2376 2072 πλανᾶν
2412 2016 2528 2088 ἐγὼ
2567 2014 2680 2086 γάρ
2730 2019 2848 2086 ειμι
2881 2019 2915 2071 ό
2960 2017 3107 2082 Θεός
3145 2030 3294 2080 σου,
3335 2018 3369 2069 ὁ
3397 2016 3725 2084 ἐνισχύσας

2127 2127 2222 2167 σε.
2263 2109 2492 2177 Διδάξας
2523 2109 2686 2164 αὑτὸν
2733 2109 2825 2163 διὰ
2859 2108 2955 2162 τοῦ
3001 2109 3194 2180 νόμου,
3233 2109 3322 2161 ὃτι
3361 2107 3460 2161 καὶ
3498 2107 3626 2170 Θεὸς
3653 2105 3723 2172 εἷς

2128 2207 2267 2271 ἐστι,
2295 2205 2389 2257 καὶ
2418 2203 2625 2274 Κύριος
2656 2196 2757 2265 εἷς,
2783 2201 2880 2254 καὶ
2908 2195 3058 2270 αὐτῷ
3093 2200 3204 2272 χρὴ
3241 2198 3400 2271 μόνῳ
3428 2199 3720 2270 λατρεύειν,

2127 2297 2217 2353 διὰ
2277 2300 2377 2368 τῆς
2423 2295 2558 2359 ἰδίας
2604 2292 2810 2360 δεξιᾶς
2854 2294 2950 2348 τοῦ
2981 2293 3335 2362 Μονογενοῦς
3399 2293 3722 2366 κληρονόμον

2129 2387 2368 2458 ποιήσας
2398 2384 2572 2440 ἐθνῶν
2605 2385 2955 2456 ἡττημένων.

2199 2475 2357 2530 Κατὰ
2399 2473 2459 2528 δὲ
2496 2473 2598 2545 τὴν
2641 2472 2868 2544 πρώτην
2905 2473 3192 2544 ἐξήγησιν.
3243 2473 3356 2528 τοῦ
3392 2475 3723 2543 σπέρματος

2141 2563 2392 2634 Ἀϐραὰμ
2417 2551 2824 2636 μνημονεύσας,
2863 2563 2956 2616 ἐπὶ
2984 2563 3084 2634 τὴν
3108 2562 3206 2616 τοῦ
3243 2562 3610 2617 ἀποστολικοῦ
3639 2579 3722 2633 χο-

2132 2655 2228 2728 ροῦ
2279 2655 2442 2710 πάλιν
2488 2655 2799 2726 ἀνέδραμεν
2851 2654 3110 2724 ἐκλογὴν,
3175 2652 3330 2717 παῖς
3364 2671 3486 2722 μου
3539 2654 3716 2722 λέγων,

2129 2748 2274 2802 κατὰ
2304 2747 2362 2802 δὲ
2391 2748 2518 2810 τοὺς
2539 2747 2782 2813 λοιποὺς,
2804 2745 3009 2813 δοῦλε,
3043 2747 3130 2816 ἐφ’
3157 2741 3206 2818 ᾧ
3229 2749 3331 2802 καὶ
3351 2746 3565 2810 Παῦλος
3593 2746 3731 2817 μέγα

2130 2840 2368 2911 φρονῶν,
2400 2839 2588 2894 δοῦλον
2619 2839 2835 2907 ἑαυτὸν,
2862 2839 2938 2903 ὡς
2962 2840 3072 2894 ἀπό
3098 2858 3252 2906 τινος
3285 2842 3548 2896 ἐκάλεσεν
3571 2839 3716 2904 ἀξιώ-

2133 2952 2324 3008 ματος.
2355 2935 2469 2988 Καὶ
2501 2933 2710 3005 προῖὼν
2752 2933 2862 3005 γὰρ
2895 2934 2925 2986 6
2977 2934 3276 3006 προφήτης
3331 2935 3482 3005 ἐρεῖο
3529 2952 3546 2985 ι
3577 2933 3718 2999 Μέγα

2132 3029 2216 3081 σοί
2243 3029 2360 3080 ἐστι
2385 3025 2481 3080 τοῦ
2508 3025 2776 3097 κληθῆναί
2819 3037 2878 3078 σε
2910 3025 3079 3079 παῖδά
3113 3043 3244 3095 μου.
3291 3045 3311 3079 t
3351 3024 3638 3081 Κάνταῦθα
3666 3022 3714 3075 δὲ

436 3129 604 3177 anum
639 3113 734 3169 tibi
767 3123 851 3170 est
879 3116 1068 3170 vocari
1103 3133 1321 3172 servum
1367 3135 1572 3188 meum,
1606 3121 1858 3177 invenias
1887 3123 1956 3176 ³³.
2004 3142 2023 3176 s

2139 3119 2302 3174 πάλιν
2329 3116 2439 3187 τῆς
2487 3115 2754 3187 ἐκλογῆς
2800 3116 2914 3185 τὴν
2942 3117 3238 3172 δουλείαν
3269 3117 3591 3190 προέταξεν.
3620 3118 3718 3169 Πα-

440 3206 504 3260 Ει
533 3207 621 3262 hic
643 3217 908 3277 praeterea
935 3210 1198 3275 electioni,
1229 3213 1533 3267 servitutem
1574 3215 1866 3285 praeponit,
1907 3215 2036 3270 Ele-

441 3303 669 3356 ctionem
710 3316 842 3358 vero
876 3301 942 3356 ad
982 3301 1343 3375 Evangelium
1374 3306 1636 3375 gentibus
1676 3308 2036 3378 promulgan-

389 3413 393 3458 ξ
449 3395 579 3450 dum
603 3396 874 3460 excitans,
910 3395 962 3449 Ν
969 3399 1041 3451 oti
1064 3407 1312 3463 metuere,
1339 3399 1544 3470 inquit,
1573 3416 1666 3471 ego
1699 3409 1866 3464 tecum
1892 3415 2030 3455 sum.

389 3475 394 3484 ⁸
448 3496 614 3552 Juxta
652 3490 820 3548 illud:
847 3510 867 3545 s
891 3490 1031 3549 Ecce
1053 3509 1156 3565 ego
1186 3494 1471 3550 vobiscum
1493 3509 1613 3549 sum
1633 3493 1893 3550 omnibus
1923 3493 2038 3548 die-

441 3590 568 3653 bus,
622 3602 800 3658 usque
842 3585 911 3642 ad
968 3587 1506 3641 consummationem
1555 3584 1832 3641 saeculi".
1871 3603 1888 3637 ι
1929 3584 2035 3641 Sed

441 3684 586 3744 vide,
639 3699 703 3737 ne
753 3697 917 3747 erres,
974 3679 1192 3749 adjicit;
1230 3679 1325 3750 qui
1373 3686 1465 3733 tua
1515 3685 1568 3734 te
1611 3678 1780 3736 unius
1830 3678 2037 3734 virtute

439 3783 610 3831 tantae
659 3774 1089 3846 promulgationi
1138 3774 1276 3829 satis
1325 3787 1450 3829 esse
1498 3785 1662 3844 posse
1721 3771 2033 3828 arbitreris.

442 3871 583 3937 Quid
609 3869 754 3925 enim
781 3883 869 3924 me
903 3866 1151 3933 absente,
1184 3865 1396 3936 tibique
1424 3865 1574 3920 vires
1605 3863 1876 3920 adversus
1908 3867 2036 3918 tan-

443 3975 532 4020 tas
569 3963 824 4020 miserias
857 3978 964 4016 non
999 3961 1414 4031 suppeditante,
1447 3958 1705 4016 facturus
1729 3958 1900 4014 eras?
1924 3957 2039 4028 Ego

443 4055 592 4113 enim
617 4065 689 4120 te,
727 4071 796 4111 ne
847 4068 1158 4125 praeconem
1216 4052 1399 4121 agenti
1435 4050 1742 4122 quidquam
1772 4049 2038 4116 ediceret,

443 4155 711 4218 tanquam
763 4144 1022 4213 praesidio
1059 4143 1398 4198 muniebam.
1453 4140 1648 4213 Itaque
1690 4149 1818 4197 tuos
1852 4140 2040 4196 adver-

2141 3211 2501 3285 ραθαρῤύνων
2529 3209 2585 3264 δὲ
2615 3209 2729 3278 τὴν
2757 3209 3024 3280 ἐκλογὴν
3049 3211 3183 3280 πρὸς
3233 3211 3295 3264 τὸ
3323 3213 3457 3266 πᾶσι
3483 3211 3542 3264 τὺ
3569 3210 3715 3278 Εὐαγ-

2138 3305 2322 3374 γέλιον
2352 3302 2590 3374 κηρύξαι
2618 3305 2730 3366 τοῖς
2751 3302 2963 3355 ἔθνεσιν
2983 3317 2997 3335 ·
3026 3306 3086 3357 Μ
3089 3301 3123 3370 ὴ
3154 3303 3380 3371 φοϐοῦ,
3410 3303 3570 3374 φησί·
3587 3301 3717 3371 μετὰ

2139 3393 2257 3451 σοῦ
2286 3394 2398 3465 γάρ
2433 3398 2571 3465 ειμι.
2600 3394 2760 3449 Κατὰ
2791 3395 2871 3448 τόο
2917 3414 2934 3447 ι
2961 3393 3090 3448 Ἰδοὺ
3122 3393 3246 3463 ἐγὼ
3277 3395 3399 3465 μεθ’
3432 3393 3583 3464 ὑμῶν
3619 3394 3716 3462 εἰμι

2140 3488 2322 3553 πάσας
2353 3468 2453 3550 τὰς
2487 3487 2720 3558 ἡμέρας,
2751 3486 2858 3549 ἕως
2889 3486 2990 3556 τῆς
3018 3486 3340 3550 συντελείας
3370 3485 3462 3539 τοῦ
3487 3485 3714 3546 αἰῶνος.»

2153 3581 2317 3636 Ἀλλὰ
2349 3581 2506 3652 μηδὲ
2561 3578 2794 3657 πλανῶ,
2836 3580 3026 3652 φησὶν,
3079 3580 3319 3650 νομίσας
3377 3579 3483 3649 ίδίᾳ
3515 3576 3716 3645 δυνάμει

2140 3675 2280 3748 πρὸς
2331 3674 2588 3728 τοσοῦτον
2631 3674 2929 3746 ἐξαρκέσαι
2978 3673 3040 3726 τὸ
3095 3674 3385 3744 κήρυγμα.
3423 3670 3488 3724 Τί
3537 3669 3638 3739 γὰρ
3662 3665 3714 3720 ἂν

2141 3765 2410 3838 ἔπραξας,
2448 3765 2524 3838 μὴ
2555 3765 2826 3837 παρόντος
2860 3764 3018 3836 ἐμοῦ,
3055 3763 3152 3819 καὶ
3187 3764 3328 3836 πρὸς
3365 3758 3709 3830 ταλαιπωρίας

2140 3855 2440 3928 καρτερίαν
2501 3855 2894 3926 ὲμϐάλλοντος;
2953 3854 3065 3924 ἐγώ
3137 3872 3200 3908 σε
3247 3853 3360 3925 γὰρ
3417 3851 3712 3923 ἐφρούρουν,

2142 3949 2282 4021 πρὸς
2315 3947 2375 4002 τὸ
2434 3949 2603 4020 μηδὲν
2663 3947 2919 4019 ἐμποδῶν
2953 3961 3034 4000 σοι
3089 3946 3349 4015 γενέσθαι
3392 3943 3707 4017 κηρύττοντι.

2147 4035 2274 4096 Τῶν
2317 4033 2412 4094 οὖν
2463 4037 2919 4109 ἀνθισταμένων
2972 4037 3180 4108 μηδένα
3233 4035 3504 4104 πεποίησο
3557 4032 3708 4098 λόγον.

2147 4133 2436 4188 Ἔσονται
2463 4129 2576 4200 γὰρ
2603 4132 2691 4197 εἰς
2718 4128 2920 4194 οὐδὲν,
2944 4129 2995 4183 οἱ
3035 4127 3172 4200 πρὸς
3207 4127 3388 4196 ὀλίγον
3426 4127 3482 4177 ἐν
3509 4122 3581 4193 τῷ
3607 4117 3710 4175 διώ,-

446 4240 622 4294 sarios
650 4236 807 4292 nihili
836 4235 1030 4292 facias.
1076 4235 1250 4290 Erunt
1280 4236 1422 4289 enim
1458 4235 1615 4304 quasi
1647 4249 1754 4290 non
1781 4233 1912 4298 sint,
1942 4231 2027 4304 qui

2144 4239 2264 4278 κειν
2297 4218 2440 4277 εἷναί
2471 4235 2522 4276 τι
2551 4220 2827 4288 δόξαντες,
2858 4213 2934 4274 ὧν
2972 4219 3034 4273 τὸ
3076 4221 3232 4284 τέλος
3270 4217 3535 4274 ἀπώλεια.
3575 4209 3710 4314 κατὰ

448 4345 557 4384 non
599 4328 674 4382 ita
706 4327 916 4397 pridem
967 4326 1256 4382 smvientes
1289 4324 1499 4397 aliquid
1530 4340 1657 4382 esse
1682 4323 2027 4392 videbantur,

2141 4316 2226 4370 τό·
2264 4335 2284 4369 ι
2315 4311 2473 4369 Εἶδον
2507 4313 2598 4368 τὸν
2641 4312 2813 4384 ἀσεϐῆ
2867 4310 3345 4384 ὑπερυψοὺμενον,
3400 4308 3493 4362 καὶ
3525 4305 3710 4397 παρῆλο

447 4435 573 4474 cum
605 4420 678 4475 sit
707 4393 907 4474 eorum
963 4417 1088 4472 ﬁnis
1118 4393 1408 4484 interitus;
1439 4416 1598 4488 juxta
1631 4415 1770 4471 illud
1803 4433 1816 4470 :
1856 4433 1874 4466 ι
1914 4413 2027 4470 Vidi

2145 4408 2259 4475 θον,
2290 4406 2387 4461 καὶ
2405 4405 2514 4461 ἰδοὺ
2539 4406 2641 4460 οὐκ
2659 4401 2748 4478 ἦν.
2785 4424 2802 4457 ι
2828 4433 2895 4444 -
2919 4425 2937 4457 ι
2965 4405 3029 4458 Ol
3049 4404 3159 4476 γὰρ
3194 4400 3542 4474 φρονοῦντες,
3572 4393 3705 4467 φησὶν

447 4514 674 4583 impium
698 4512 1002 4566 exaltatum
1029 4509 1287 4575 maxime,
1316 4518 1370 4565 et
1393 4508 1649 4573 transivi,
1673 4516 1728 4564 et
1758 4521 1889 4564 ecce
1929 4521 2027 4563 nor

2147 4501 2217 4556 τὰ
2244 4499 2448 4572 ὑψηλὰ,
2479 4499 2659 4570 δεινὴν
2691 4497 2786 4553 καὶ
2829 4498 3096 4569 ἀδόκητον
3149 4496 3482 4568 ὑπομένουσι
3521 4502 3709 4583 auvzpt:

447 4612 566 4660 erat
593 4603 661 4656 ³⁵.
703 4621 722 4654 ι
765 4619 785 4652 ί
820 4600 927 4666 Qui
963 4599 1111 4655 enim
1143 4601 1318 4654 altum
1379 4599 1628 4670 sapiunt,
1669 4597 1878 4669 inquit,
1908 4611 2027 4669 gra-

2143 4593 2265 4665 ϐήν.
2308 4610 2328 4645 ι
2364 4591 2476 4645 Καὶ
2523 4587 2687 4645 πάλιν
2715 4607 2728 4621 ⁸
2772 4591 2905 4654 «Ὃς
2956 4588 3159 4659 ὑψηλὸν
3189 4590 3350 4642 ποιεῖ
3396 4585 3486 4638 τὸν
3539 4583 3707 4686 ἑαυτου

449 4711 569 4752 vcm
616 4700 671 4749 et
720 4693 1157 4761 inexspectalam
1205 4690 1422 4745 ruinam
1474 4689 1760 4760 patiuntur
1789 4689 1856 4742 ".
1913 4707 1931 4740 ι
1976 4687 2027 4741 EI

2140 4678 2312 4752 οἶκον,
2339 4683 2494 4754 ζητεῖ
2518 4674 2833 4752 συντριϐήν.
2860 4697 2880 4733 ›
2908 4679 2982 4732 Τὸ
3009 4680 3088 4746 δὲ,
3119 4679 3264 4749 Ἐγὼ
3287 4674 3580 4742 ἐϐοήθησά
3604 4681 3704 4773 σοι,

450 4802 671 4843 rursum
708 4804 722 4840 :
764 4803 785 4836 ι
831 4783 934 4850 Qui
985 4783 1236 4838 excelsas
1281 4782 1426 4838 aedes
1472 4781 1768 4847 construit,
1819 4780 2027 4834 ruinam

2138 4775 2222 4847 μὴ
2277 4773 2488 4845 φοϐοῦ,
2523 4771 2776 4841 σκώληξ
2816 4771 3045 4837 Ἰακὼϐ,
3085 4771 3147 4825 οὐ
3202 4773 3380 4826 κεῖται
3424 4765 3568 4833 παρὰ
3612 4765 3707 4818 τοῖς

451 4887 607 4949 parat
650 4879 715 4932 ³⁷.
771 4897 790 4931 ι
827 4878 896 4932 At
936 4877 1070 4932 illud
1119 4894 1133 4930 :
1187 4874 1300 4944 Ego
1333 4873 1636 4928 auxitiatus
1665 4889 1784 4928 sum
1821 4871 1938 4936 tibi,
1971 4888 2027 4926 ne

2152 4866 2577 4938 Ἑϐδομήκοντα.
2606 4863 2898 4932 Σκώληκα
2945 4863 3002 4916 δὲ
3031 4863 3469 4935 προσηγόρευσεν
3501 4857 3556 4910 ὃν
3572 4866 3708 4957 napo-

455 4972 664 5035 timeas,
693 4971 883 5025 vermis
916 4967 1106 5032 Iacob,
1133 4983 1240 5022 non
1269 4967 1592 5037 agnoscitur
1624 4965 1692 5020 ab
1728 4963 2027 5032 interpretii

2148 4958 2331 5014 λαϐὼν
2363 4957 2624 5011 ἐκάλεσεν
2649 4954 2963 5018 ἐκλεκτὸν,
2989 4953 3081 5008 διὰ
3122 4953 3184 5006 τὸ
3233 4950 3541 5042 σκώληκος
3568 4943 3707 5042 δίξηγ

454 5059 557 5112 bus
601 5029 988 5127 septuaginta.
1053 5029 1263 5110 Deinde
1304 5029 1508 5108 vvermis
1567 5053 1710 5110 idem
1779 5029 2008 5108 nomine

2145 5052 2257 5105 τῶν
2295 5048 2545 5105 ἀπίστων
2578 5047 2677 5111 τὰς
2725 5046 2914 5109 πόλεις
2959 5045 3330 5116 ὑποδυόμενον
3367 5039 3463 5110 τὴν
3489 5029 3707 5137 δεισιδαί·

453 5148 598 5219 quod
626 5148 777 5203 electi
826 5157 1008 5213 antea,
1040 5148 1396 5219 signiﬁcavit,
1432 5147 1552 5203 sive
1578 5145 1728 5216 quod
1755 5147 1952 5201 vermis
1987 5146 2027 5201 ir

2149 5161 2289 5216 μονα
2322 5142 2534 5211 πλάνην
2581 5138 2644 5206 ἐξ
2693 5137 2859 5193 αὐτοῦ
2913 5138 3114 5208 βάθους
3143 5139 3244 5206 τῆς
3299 5132 3403 5187 τῶν
3429 5129 3703 5197 ἀνθρώπων

456 5241 678 5298 modum
733 5239 1141 5296 incredulorum
1175 5240 1341 5296 urbes
1399 5241 1816 5310 subingressus,
1851 5255 2027 5310 super

2147 5233 2492 5308 ἐξαφανίζων
2539 5234 2742 5305 ψυχῆς,
2791 5234 2885 5287 καὶ
2913 5234 2996 5286 ὅτι
3027 5249 3135 5304 περ
3159 5228 3369 5290 εὐτελὲς
3407 5218 3702 5328 καὶῆἱδιωτιῖ

457 5334 702 5390 stitionis
753 5347 996 5388 errorem
1033 5332 1286 5388 funditus
1324 5348 1391 5389 ex
1441 5334 1730 5389 hominum
1770 5333 2027 5389 mentibus

2157 5333 2254 5385 κδν
2283 5331 2393 5383 τῶν
2435 5327 2752 5383 ἀποστόλων
2785 5327 3022 5398 ὑπάρχει
3069 5325 3131 5379 τὸ
3179 5324 3453 5422 κίγρυγμα.

456 5418 773 5495 erstirp'arit
829 5443 841 5480 :
888 5425 1004 5481 sive
1065 5427 1213 5495 quod
1266 5426 1420 5481 humi
1455 5441 1687 5499 serpens
1729 5429 1849 5498 ipsa
1879 5428 2027 5482 etian

2157 5420 2252 5479 οὖν
2287 5423 2384 5478 καὶ
2410 5422 2572 5485 αὐτὸς
2602 5421 2661 5474 ὲν
2699 5393 2914 5490 ψαλμῷ-
2938 5393 3114 5489 -ιρησιν
3151 5417 3181 5469 ὁ
3209 5393 3417 5480 Σωτήρ
3456 5423 3473 5457 ι
3495 5398 3622 5470 Ἐγὼ
3652 5393 3698 5447 δέ

530 5625 574 5656 ³³
613 5623 750 5680 Gen.
779 5642 875 5692 xu,
907 5629 957 5682 l.
1022 5627 1066 5659 ³³
1105 5627 1208 5685 lsa.
1243 5627 1464 5692 xux,6.
1542 5628 1588 5663 “
1624 5628 1818 5686 Matth.
1858 5642 2024 5684 xxvm

2133 5631 2164 5682 ι.
2239 5625 2283 5660 ³³
2324 5624 2472 5681 Psal.
2512 5639 2694 5692 xxxvr,
2753 5621 2843 5679 35.
2915 5620 2960 5656 ³⁸
2993 5619 3159 5678 Prov.
3186 5629 3315 5682 xvu,
3357 5611 3440 5667 i9.
3510 5603 3552 5636 ⁸⁷
3580 5589 3694 5652 ίδίδο

484 5716 569 5772 16.
1779 5743 2009 5802 VARle
2044 5739 2450 5799 LECTIONES.

532 5823 553 5851 ς
583 5833 670 5886 Ἡρ,
702 5807 968 5892 ἐφ’ᾗπερ,
1063 5817 1078 5853 t
1117 5831 1209 5885 γρ,
1245 5814 1511 5886 εὐγενεῖς.
