3950 6406
385 354 548 416 2339

1722 360 2071 425 PROCOPII
2112 361 2358 423 GAZ/El

3532 357 3678 423 2300

387 477 566 537 ribus,
605 489 838 545 quarum
866 474 971 529 hoc
1008 475 1129 529 loco
1162 471 1429 528 mcminit.
1466 473 1540 529 De
1567 488 1707 543 aqua
1764 474 1871 528 ista
1904 479 1960 526 et

2086 472 2227 525 ιόνον
2260 470 2455 543 πλήθει
2487 471 2877 543 συνεστηκότα.
2911 466 3130 525 Τούτων
3186 470 3307 545 γὰρ
3368 469 3680 541 μέμνηται.

389 566 643 622 Christus
672 569 787 636 ipse
815 569 960 622 hunc
1006 567 1060 619 in
1122 564 1345 621 modum
1390 567 1749 636 loquebatur:
1805 583 1824 617 ι
1860 564 1967 630 Qui

390 660 591 715 biberit
613 675 810 730 aquam
833 675 898 715 ex
960 660 1126 724 me“,
1170 679 1188 711 ι
1234 668 1544 730 creteraque
1599 659 1878 728 deinceps.
1906 656 1970 712 Et

388 766 617 806 rursus:
651 769 669 802 ι
706 750 807 817 Qui
832 766 1028 821 aquam
1058 752 1279 817 biberit,
1306 768 1472 823 quam
1522 767 1625 822 ego
1672 751 1832 816 dabo,
1870 749 1972 804 llu-

390 842 538 894 mina
559 840 629 895 de
659 850 848 897 ventre
886 843 1006 912 ejus
1038 843 1212 897 ﬂuent
1238 859 1395 913 aqum
1429 844 1665 899 viventis
1687 845 1755 899 ⁸⁸.
1789 860 1808 896 ι
1857 842 1971 899 Hoc

392 941 572 984 autem
604 931 822 986 dicebat
842 932 908 987 de
948 934 1168 1003 spiritu,
1227 949 1390 1003 quem
1451 937 1737 1004 accepturi
1792 940 1969 996 erant,

391 1020 485 1088 qui
518 1020 573 1074 in
610 1020 792 1091 ipsum
817 1022 1138 1092 credebant,
1182 1025 1344 1092 cujus
1370 1025 1636 1079 beneﬁcio
1688 1024 1892 1093 vigere,
1916 1029 1971 1077 ct

390 1106 448 1161 lu
501 1108 673 1163 altum
730 1111 890 1182 erigi,
949 1127 1342 1182 nunquamque
1402 1123 1739 1184 putrescere,
1783 1113 1972 1167 odoris

393 1198 634 1272 denique
658 1207 986 1261 suavitatem
1035 1211 1287 1262 emittere
1335 1207 1641 1262 credentes.
1671 1220 1973 1261 consueve-

394 1303 541 1348 runt.
576 1293 709 1350 Olca
757 1296 952 1367 igitur,
985 1304 1040 1352 et
1070 1298 1273 1367 palma,
1315 1307 1369 1353 et
1413 1300 1541 1352 vitis
1577 1299 1631 1352 in
1684 1296 1971 1369 Scriptura

396 1387 611 1443 fructus
661 1387 930 1444 Ecclesiae
979 1390 1260 1445 denotant.
1299 1391 1401 1447 Hic
1449 1402 1630 1446 autem
1690 1405 1813 1461 qua:
1871 1406 1973 1444 no-

394 1479 679 1535 minantur
713 1480 965 1547 arbores,
1025 1497 1240 1549 eorum,
1298 1484 1391 1554 qui
1447 1484 1501 1538 in
1558 1497 1621 1538 ea
1680 1483 1974 1554 proﬁciunt

397 1571 727 1637 ubertatem,
798 1574 1188 1640 altitudinem,
1240 1576 1537 1630 novitatem
1604 1586 1661 1630 et
1727 1575 1971 1646 vigorem

396 1662 816 1733 demOnstrant;
855 1667 999 1736 quod
1026 1667 1083 1722 in
1108 1667 1313 1721 deserto
1372 1667 1491 1721 ﬂeri
1521 1655 1747 1723 videtur.
1794 1667 1975 1723 admi-

2072 566 2208 633 Περὶ⁸
2234 564 2428 619 τούτου
2462 566 2557 619 καὶ
2584 567 2613 619 ὁ
2659 564 2849 635 Σωτὴρ
2877 563 2972 618 τοῦ
2999 563 3220 630 ὓδατος
3250 563 3457 631 ἔλεγεν
3480 580 3495 595 ·
3530 565 3686 627 ι’ος

2027 703 2039 713 .
2071 657 2116 712 δ’
2147 657 2212 713 ἂν
2243 658 2343 731 πίῃ
2396 660 2460 713 ὲκ
2507 657 2603 712 τοῦ
2653 657 2789 729 ἐμοῦ
2836 656 3051 720 ὕδατος,
3085 676 3107 709 ι
3142 658 3241 711 καὶ
3266 657 3343 710 τὰ
3377 655 3539 723 ἑξῆς.
3573 655 3689 709 Καὶ

2073 749 2256 803 πάλινο
2299 750 2399 803 «Ὀ
2444 749 2612 803 πίνων
2641 750 2705 803 ἐκ
2738 748 2831 803 τοῦ
2862 748 3073 812 ὕδατος,
3119 744 3179 804 ob
3218 746 3345 817 ἐγὼ
3379 745 3550 800 δώσω
3586 748 3689 801 αὐο

2071 840 2170 911 τῷ,
2208 841 2441 910 ποταμοὶ
2473 841 2539 893 ἐκ
2566 840 2666 910 τῆς
2692 840 2898 904 κοιλίας
2936 838 3101 893 αὐτοῦ
3140 841 3445 909 ῥεύσουσιν
3490 836 3692 902 ὓδατος

2072 931 2297 997 ζῶντος.
2357 935 2399 983 ι’
2439 931 2611 985 Τοῦτο
2655 932 2713 986 δὲ
2762 932 2919 1002 ἔλεγε
2977 933 3106 1004 περὶ⁵
3163 932 3261 987 τοῦ
3328 929 3689 1001 Πνεύματος,

2073 1025 2211 1095 ὅπερ
2252 1024 2488 1095 ἤμελλον
2535 1025 2839 1096 λαμῆἀνειν
2875 1027 2925 1079 οἱ
2962 1024 3320 1089 πιστεύοντες
3359 1025 3448 1087 εἰς
3493 1022 3690 1087 αὐτὸν,

2073 1117 2134 1170 τὸ
2168 1116 2393 1180 εύθαλές
2420 1134 2481 1173 τε
2515 1118 2610 1171 καὶ
2656 1118 2879 1188 ὑψηλὸν,
2926 1118 3167 1189 ἄσηπτον
3216 1134 3285 1171 τε
3325 1114 3691 1197 καὶκεύῶδες

2073 1212 2187 1274 τοῖς
2212 1211 2602 1264 πεπιστευκόσι
2632 1210 3016 1281 χαριζομένου.
3056 1209 3243 1264 Έλαία
3295 1208 3406 1280 μὲν
3438 1204 3563 1270 οὖν,
3596 1206 3692 1259 καὶ

2076 1305 2272 1373 φοῖνιξ.
2311 1305 2407 1359 καὶ
2430 1305 2679 1375 ἄμπελος
2705 1309 2763 1359 ὲν
2790 1309 2856 1376 τῇ
2891 1304 3080 1375 Γραφῇ
3118 1304 3248 1367 τοὺς
3283 1300 3556 1376 καρποὺς
3590 1299 3693 1370 τῆς

2088 1398 2413 1469 Ἐκκλησίας
2444 1398 2792 1468 σημαίνουσι.
2827 1397 2907 1451 Τὰ
2936 1397 2992 1450 δὲ
3020 1396 3114 1450 νῦν
3147 1396 3455 1467 λεχθέντα,
3509 1393 3574 1446 τὸ
3603 1394 3691 1446 εύ-

2078 1488 2261 1554 θαλὲς,
2293 1491 2386 1543 καὶ
2411 1489 2742 1561 διῃρημένον
2769 1504 2820 1555 ι,
2845 1490 3041 1561 νεαρόν
3062 1507 3121 1543 τε
3166 1489 3266 1544 καὶ
3299 1489 3557 1560 ἀκμαῖον
3581 1484 3690 1540 τῶν

2076 1583 2137 1636 ὲν
2185 1583 2321 1654 αὐτῇ
2365 1584 2843 1655 προσκοπτόντων,
2895 1584 3033 1653 ὅπερ
3074 1583 3133 1635 ἐν
3180 1580 3396 1651 ἐρήμῳ
3426 1579 3685 1648 γενέσθαι

2078 1675 2406 1746 παράδοξον.
2443 1676 2534 1728 Διό
2566 1693 2722 1746 φησι,
2755 1675 2889 1743 Xsip
2920 1675 3142 1743 Κυρίου
3179 1670 3686 1739 ἐποίησε-ταῦτα,

398 1757 593 1811 rabilc.
626 1756 805 1828 Atque
838 1758 963 1813 inde
992 1773 1094 1822 est,
1130 1758 1276 1828 quod
1335 1774 1551 1812 manum
1600 1757 1821 1812 Domini
1868 1759 1973 1814 ista

2086 1766 2218 1820 ὥστε
2242 1766 2370 1831 τοὺς
2404 1767 2497 1820 ἐπὶ
2530 1767 2635 1837 γῆς
2677 1766 3097 1838 ὲρῥιζωμένους,
3130 1767 3188 1819 ὲν
3217 1763 3305 1835 τῷ
3351 1762 3545 1834 θνητῷ
3596 1764 3689 1816 καὶ

396 1849 633 1918 eiecisse
661 1848 885 1917 subiicit
913 1870 927 1905 :
966 1865 1161 1920 nempe
1191 1851 1366 1922 utqui
1403 1852 1457 1905 in
1478 1858 1625 1907 terra
1650 1852 1887 1914 radices,
1920 1852 1974 1907 id

2086 1858 2408 1930 ἀνθρωπίνῳ
2436 1833 2866 1929 βίιμπρὸςνύψος
2886 1833 3219 1926 ανατρέχειν
3250 1833 3544 1925 οὐράνιον,
3590 1851 3687 1921 τῆς

397 1950 503 2003 est,
539 1944 800 1997 caducam
826 1954 881 1998 et
903 1944 1198 1999 humanam
1223 1945 1390 1999 vitam
1424 1955 1670 2016 agerent.
1703 1945 1761 1999 in
1804 1946 1975 2001 ctele-

398 2034 506 2088 stia
538 2035 779 2105 fastigia,
812 2050 909 2105 spe
934 2036 1088 2107 regni
1119 2035 1448 2091 immortalis
1489 2036 1686 2101 evecti,
1712 2036 1979 2093 ascende-

397 2135 543 2181 rent.
584 2126 736 2183 Adeo
790 2127 893 2182 fuit
954 2128 1068 2194 illa,
1132 2144 1298 2201 quam
1363 2130 1419 2184 in
1479 2129 1740 2199 gentibus
1805 2128 1979 2184 edidit

400 2219 685 2283 Dominus,
746 2219 1112 2276 admiratione
1179 2220 1343 2291 digna
1404 2220 1717 2276 conversio.
1770 2218 1980 2275 Deinde

400 2326 555 2381 aqua:
578 2311 833 2366 ductuum
852 2315 1096 2377 nomine,
1118 2312 1383 2369 Ecclesia:
1403 2312 1660 2369 doctores
1693 2312 1975 2379 indicavit,

396 2402 491 2473 qui
534 2403 789 2459 haustum
822 2403 1007 2460 animo
1051 2403 1119 2459 de
1152 2402 1437 2473 Scriptura
1485 2404 1755 2460 divinitus
1805 2402 1980 2473 inspi-

397 2505 516 2551 rata
553 2497 647 2553 Dei
710 2497 940 2553 verbum
980 2496 1036 2552 in
1091 2497 1231 2552 alios
1279 2496 1704 2562 trattsl‘undunt,
1741 2504 1805 2551 ut
1856 2496 1981 2551 vita:

397 2587 621 2657 quidem
654 2587 908 2645 instituto
953 2589 1143 2645 odoris
1199 2589 1534 2654 bonitatem;
1572 2589 1978 2645 mundanarum

399 2688 580 2736 autem
612 2681 954 2751 voluptatum
1014 2682 1163 2754 fuga,
1202 2682 1675 2752 incorruptionem
1723 2681 1980 2751 adipisci,

402 2762 560 2831 ﬂrmo
583 2774 825 2845 denique
852 2784 907 2831 et
932 2774 1116 2831 stabili
1163 2775 1222 2830 in
1261 2776 1427 2831 rebus
1477 2775 1739 2830 omnibus
1789 2774 1982 2831 habitu

401 2874 742 2937 comparato,
787 2868 1007 2922 radices
1059 2882 1246 2939 agere,
1297 2874 1353 2924 et
1407 2877 1696 2924 ventorum
1743 2867 1983 2936 impetus

400 2959 644 3030 perferre
695 2960 933 3016 valeant.
961 2959 1264 3016 Conﬁrmat
1291 2961 1437 3016 enim
1473 2959 1651 3029 iustos
1682 2959 1981 3027 Dominus;

400 3069 640 3123 eumque
672 3054 831 3110 decet
868 3058 1097 3110 istorum
1130 3063 1408 3110 auctorem
1441 3064 1495 3111 et
1523 3070 1748 3110 causam
1776 3070 1985 3127 cogno-

401 3162 577 3213 scere,
608 3163 717 3203 non
750 3160 944 3219 sponte
965 3159 1019 3203 et
1037 3146 1266 3204 fortuito
1296 3148 1547 3203 accidere
1574 3156 1793 3219 putare.

472 3237 610 3294 Sunt
645 3254 776 3294 vero
819 3239 916 3310 qui
957 3246 1071 3295 tota
1132 3240 1236 3295 ista
1270 3240 1566 3296 verborum
1621 3239 1766 3296 serie
1810 3237 1982 3295 Deum

406 3328 603 3386 Israelt'
637 3331 942 3386 secundum
977 3332 1420 3402 progressionem
1452 3342 1647 3403 putent
1677 3333 1734 3390 in
1780 3346 1988 3386 memo-

336 3461 341 3469 η
402 3426 541 3480 riam
578 3439 839 3480 revoCare
872 3439 982 3495 quo
1047 3425 1166 3480 loco
1217 3440 1432 3495 semper
1468 3425 1614 3496 apud
1655 3440 1715 3480 se
1761 3423 1987 3481 habitus

405 3517 708 3585 sit;quem
744 3515 864 3570 orbi
899 3516 1182 3579 universo,
1226 3515 1393 3571 veluti
1456 3529 1747 3570 accensam
1791 3516 1987 3569 divina:

405 3607 724 3676 cognitionis
756 3605 954 3672 facem,
980 3606 1284 3676 praelucere
1318 3605 1576 3661 voluerit.
1621 3605 1987 3659 Abraltamum

404 3700 603 3756 deinde
648 3701 715 3755 ab
759 3699 919 3773 431
953 3700 1217 3754 extremis
1269 3706 1430 3754 terrae
1461 3698 1663 3755 ﬁnibus
1700 3699 1986 3767 evocavit;

401 3792 641 3862 IEgypIo
681 3792 940 3861 denique,
983 3790 1160 3845 altero
1189 3797 1350 3844 terra:
1393 3799 1654 3856 extremo,
1696 3789 1984 3860 eripuerit,

398 3882 639 3952 ﬁliorum
669 3884 791 3939 loco
824 3881 1100 3936 habuerit.
1142 3879 1370 3937 Confido
1398 3880 1582 3951 igitur,
1637 3881 1838 3952 inquit,
1892 3881 1987 3951 qui

404 3986 484 4031 tot
515 3973 859 4030 admirabilia
882 3983 1144 4043 expertus
1162 3973 1275 4040 sis;
1300 3988 1479 4043 neque
1500 3989 1666 4039 erres,
1689 3983 1988 4043 quantum-

402 4070 487 4123 vis
521 4076 573 4121 te
595 4067 805 4121 circum
849 4074 1041 4136 gentes
1090 4067 1380 4134 permulta:
1406 4065 1670 4119 ambiant.
1704 4066 1819 4136 Ego
1839 4068 1984 4120 enim

404 4170 697 4238 postquam
729 4162 796 4215 de
842 4161 954 4215 tuis
984 4159 1238 4214 hostibus
1285 4159 1616 4231 supplicium
1672 4174 1986 4229 sumpsero,

402 4253 758 4329 quantumvis
789 4253 1050 4323 prodeant
1088 4252 1204 4319 alii,
1238 4253 1293 4307 in
1333 4253 1581 4307 nibiluin
1609 4260 1794 4307 tamen
1826 4268 1991 4324 repu-

402 4350 691 4403 tabuntur.
725 4343 831 4399 Sed
879 4342 1065 4399 forsan
1128 4343 1252 4398 ideo
1307 4344 1520 4409 metuis,
1575 4343 1720 4414 quod
1769 4354 1987 4400 tuorum

404 4441 769 4513 paucitatem;
813 4452 1001 4493 eorum
1033 4437 1362 4506 contra,qui
1403 4446 1452 4492 te
1478 4435 1751 4502 ambiunt,
1798 4437 1990 4508 ingen-

2082 1947 2356 2019 βασιλείας
2382 1948 2488 2001 τῶν
2519 1946 2768 2018 οὐρανῶν
2796 1946 2896 2009 τὰς
2937 1945 3144 1999 ἑαυτῶν
3179 1942 3555 2014 ἀναρτῶντας
3598 1939 3682 1994 ὲλ-

2080 2040 2259 2105 πίδας.
2293 2039 2451 2093 Οὕτω
2480 2037 2799 2109 θαυμαστὴν
2823 2039 2851 2092 ὁ
2874 2037 3007 2097 Θεὸς
3033 2040 3091 2090 ὲν
3120 2036 3345 2089 ἔθνεσιν
3375 2035 3560 2086 ἐποίει
3592 2046 3684 2102 μευ

2079 2135 2331 2204 ταῦολήν.
2380 2131 2791 2203 ’Υδραγωγοὺς
2837 2129 2894 2183 δὲ
2927 2131 3055 2194 τοὺς
3086 2130 3186 2200 τῆς
3231 2124 3578 2196 Ἑκκλησίας
3605 2125 3682 2177 δι-

2074 2229 2386 2292 δασκάλους
2438 2227 2722 2292 ἐκάλεσεν,
2772 2223 2822 2278 οἳ
2867 2223 3119 2295 καθάπερ
3147 2223 3214 2276 ὲκ
3254 2218 3465 2291 πηγῶν
3494 2233 3553 2270 τε
3589 2216 3681 2269 καὶ

2078 2323 2366 2393 ποταμῶν,
2396 2319 2488 2375 τὸν
2511 2320 2608 2391 τῆς
2641 2316 3003 2372 θεοπνεύστου
3029 2316 3258 2388 Γραφῆς
3289 2314 3377 2375 είς
3411 2309 3544 2365 νοῦν
3572 2311 3681 2362 εισ-

2079 2414 2433 2485 οικησὰμενοι
2489 2413 2681 2481 λόγον,
2731 2412 2827 2465 καὶ
2878 2411 2958 2474 είς
3009 2408 3231 2478 ἑτέρους
3283 2403 3457 2458 αὐτὸν
3509 2417 3686 2471 παρα-

2080 2505 2415 2575 πέμπουσιν,
2479 2500 2554 2566 ῶς
2609 2502 2679 2556 ἂν
2728 2501 2902 2571 ἔχοιεν
2946 2498 3034 2552 διὰ
3093 2498 3193 2566 μὲν
3245 2492 3562 2555 πολιτείας,
3620 2488 3683 2543 eo

2082 2596 2316 2667 εὔοσμον
2345 2612 2359 2627 '
2388 2595 2477 2649 διὰ
2515 2594 2574 2648 δὲ
2604 2594 2705 2664 τῆς
2745 2592 2958 2662 ἀποχῆς
2985 2589 3095 2643 τῶν
3125 2585 3426 2658 κοσμικῶν
3461 2582 3679 2656 ἡδονῶν,

2080 2692 2143 2746 τὸ
2166 2691 2240 2762 μὴ
2266 2687 2589 2759 φθείρεσθαι
2611 2704 2626 2720 ο
2653 2686 2743 2740 διὰ
2771 2685 2829 2739 δὲ
2854 2685 2956 2756 τῆς
2986 2680 3301 2744 εὐσταθοῦς
3334 2680 3434 2733 καὶ
3463 2677 3680 2748 βεϐαίας

2083 2785 2143 2839 ὲν
2184 2782 2391 2838 ἅπασιν
2432 2779 2622 2846 ἕξεως,
2655 2780 2718 2833 τδ
2770 2776 3125 2851 ἐρριζῶσθαι,
3176 2773 3286 2829 καὶ
3343 2773 3536 2843 φέρειν
3577 2768 3682 2822 τῶν

2085 2872 2416 2944 πνευμάτων
2450 2870 2547 2933 τὰς
2597 2867 2927 2940 προσϐολάς.
2974 2861 3380 2934 ’Υποστηρίζει
3423 2861 3535 2931 γὰρ
3558 2860 3678 2922 τοὺς

2085 2964 2330 3028 δικαίους
2358 2963 2387 3015 ὁ
2415 2963 2637 3032 Κύριος.
2690 2960 2800 3013 Καὶ
2842 2958 2926 3012 δεῖ
2954 2956 3146 3011 τοῦτον
3189 2955 3377 3009 αἴτιον
3410 2948 3675 3025 ἡγεῖσθαι,

2087 3059 2184 3114 καὶ
2221 3056 2297 3129 μὴ
2323 3054 2497 3110 ταῦτα
2529 3052 2771 3125 νομίζειν
2801 3052 3103 3123 αὐτόματα.

2157 3241 2316 3304 Τινὲς
2350 3240 2407 3294 δὲ
2435 3238 2564 3309 περὶ
2593 3237 2692 3308 τῆς
2717 3236 2898 3305 πάσης
2930 3234 3142 3305 ἔφασαν
3175 3231 3423 3301 ρήσεως,
3451 3227 3525 3291 ὡς
3554 3225 3675 3279 ὑπο.

2093 3337 2392 3408 μιμνήσκει
2448 3332 2582 3395 Θεὸς
2627 3330 2721 3384 τὸν
2765 3328 2907 3383 κατὰ
2937 3324 3220 3399 προκοπὴν
3258 3321 3524 3390 Ἰσραὴλ
3567 3318 3675 3372 οταν

2090 3429 2180 3484 ἀεὶ
2205 3426 2340 3498 πρὸς
2365 3424 2529 3479 αὐτὸν
2552 3423 2650 3495 τὴν
2685 3422 2870 3493 σχέσιν
2897 3419 3194 3490 ἐκτήσατο,
3221 3415 3427 3469 τοῦτον
3475 3409 3675 3477 ἀναξίας

2089 3522 2169 3595 τῷ
2243 3520 2408 3575 παντὶ
2467 3517 2660 3588 κόσμῳ
2741 3513 2993 3582 καθάπερ
3065 3511 3198 3582 δᾷδα
3266 3505 3671 3576 θεογνωσίαςο

2103 3614 2366 3683 Ἀϐραὰμ
2417 3611 2516 3684 μὲν
2545 3608 2783 3672 καλέσας
2813 3606 2908 3662 ἀπ’
2939 3604 3111 3675 ἄκρου
3152 3603 3251 3673 τῆς
3303 3601 3410 3671 γῆς
3438 3641 3453 3667 ,
3503 3597 3560 3662 ἐξ
3587 3596 3674 3648 Δία

2089 3706 2301 3778 γύπτου
2329 3704 2387 3757 δὲ
2412 3702 2636 3765 τούτους
2678 3699 2867 3770 ἑτέρου
2901 3695 3237 3764 σὲξελόμενος
3275 3692 3475 3759 ἄκρου
3505 3687 3595 3739 καὶ
3622 3686 3675 3737 έν

2090 3796 2243 3853 πᾶσι
2272 3804 2303 3845 γ
2330 3794 2707 3864 λογισάμενος.
2737 3789 3022 3844 Τοσούτων
3044 3783 3136 3841 οὖν
3160 3783 3415 3854 γεγονὼς
3436 3782 3496 3834 ἐν
3519 3778 3672 3846 πείρᾳ

2091 3887 2411 3958 θαυμάτων,
2441 3884 2668 3957 θάρρει·
2704 3882 2810 3936 κᾶν
2858 3878 3032 3933 πολλὰ
3056 3895 3116 3932 σε
3149 3876 3277 3947 ἔθνη
3336 3869 3668 3945 περικυκλοῖ,

2095 3981 2170 4054 μὴ
2199 3978 2428 4036 πλανῶ.
2476 3975 2617 4045 Ἐγὼ
2664 3974 2775 4045 γὰρ
2823 3974 2851 4026 ὁ
2881 3972 3008 4035 τοὺς
3039 3971 3166 4033 σοὺς
3222 3967 3461 4040 ἐχθροὺς
3492 3960 3666 4032 μετελ·

2092 4071 2222 4137 θὼν,
2267 4070 2371 4125 κᾶν
2418 4069 2596 4139 ἕτεροι
2642 4066 2882 4134 φανεῖεν,
2940 4064 3021 4126 είς
3046 4061 3201 4115 οὐδὲν
3238 4058 3661 4128 λογισθήσονται.

2080 4162 2245 4219 ’Ἀλλ’
2291 4161 2422 4224 ἴσως
2468 4155 2719 4224 δειλιᾷς,
2749 4155 2849 4225 τὴν
2881 4155 2982 4224 σὴν
3013 4152 3309 4223 ὀλιγότητα
3343 4148 3552 4221 βλέπων
3579 4141 3666 4197 καὶ

2091 4256 2200 4313 τῶν
2225 4250 2574 4310 κυκλούντων
2600 4249 2662 4302 τὸ
2709 4246 2935 4315 πλῆθος.
2975 4243 3137 4296 ’Λλλά
3166 4244 3263 4313 τὴν
3313 4238 3452 4310 ἐμὴν
3485 4235 3662 4290 σκόπει

2087 4347 2407 4415 βοήθειαν,
2439 4343 2507 4397 δι’
2536 4337 2604 4414 ἧς
2628 4338 2969 4407 κατακόψετε
2996 4335 3122 4397 τοὺς
3169 4332 3291 4387 καθ’
3333 4330 3488 4401 ὑμῶν
3508 4329 3666 4396 ἐπαρ-

2084 4438 2306 4503 θέντας,
2333 4435 2410 4499 ῶς
2458 4433 2624 4501 ὄρεσι
2651 4429 2746 4483 καὶ
2766 4426 3022 4494 βουνοῖς
3054 4419 3472 4486 ἁπεικάζεσθαι.
3499 4416 3663 4480 Ὅπερ

406 4508 512 4588 ἶοιη
562 4529 968 4586 multitudinem
1013 4526 1269 4583 intueris.
1313 4524 1517 4581 Verum
1571 4526 1638 4581 ad
1678 4543 1859 4583 meum
1902 4545 1983 4586 re-

2095 4528 2189 4582 ὲπλ,
2211 4526 2317 4580 τῶν
2365 4529 2483 4595 ρπε’
2517 4520 2768 4593 χιλιάδων
2810 4518 2918 4572 τῶν
2964 4513 3264 4585 ’Δσσυρίων
3308 4511 3538 4579 ἐγένετο,
3569 4518 3662 4595 μη·

404 4625 559 4694 spice
615 4621 914 4685 auxilium;
954 4633 1066 4689 quo
1117 4616 1365 4687 adjutus,
1419 4616 1768 4688 insurgentes
1825 4620 1880 4675 in
1935 4632 1989 4679 te

400 4721 595 4774 hostes
621 4713 891 4769 montibus
913 4709 1051 4780 ipsis
1097 4718 1153 4765 et
1189 4707 1414 4763 collibus
1456 4718 1808 4779 comparatos
1864 4728 1993 4770 con-

403 4808 631 4864 feceris.
675 4803 833 4859 Sicut
882 4802 936 4856 in
993 4796 1280 4855 CLXXXV
1336 4798 1691 4869 Assyriorum
1744 4801 1991 4861 millibus

301 4953 321 4977 ,δ
402 4901 602 4978 patuit,
625 4896 718 4970 qui
744 4903 797 4951 te
813 4909 882 4951 ne
903 4892 1191 4948 adoriente
1218 4890 1462 4960 quidem,
1491 4903 1611 4944 mea
1636 4892 1800 4947 unius
1822 4908 1988 4963 opera

2097 4619 2156 4672 δὲ
2209 4594 2619 4686 πολεμήσαντος
2657 4609 2894 4680 Ἰσραήλ.
2943 4606 3026 4660 Τὰ
3053 4606 3110 4659 δὲ
3148 4604 3276 4668 τοὺς
3323 4599 3543 4672 ἐχθροὺς
3575 4594 3659 4647 αύ-

2096 4710 2207 4764 τῶν
2259 4703 2683 4776 καταληψόμενα
2740 4700 2886 4770 πάθη
2948 4697 3101 4767 δηλοῖ
3163 4695 3224 4749 τό
3248 4712 3263 4726 ·
3292 4691 3661 4761 Ζητήσουσιν

2097 4802 2276 4871 ὕδωρ,
2327 4800 2421 4854 καὶ
2443 4800 2557 4866 οὐχ
2590 4793 2944 4862 εὑρήσουσι.
2978 4791 3060 4844 Τὰ
3104 4789 3161 4843 δὲ
3189 4789 3316 4859 περὶ
3352 4783 3469 4840 τῶν
3494 4789 3660 4871 πυτατ

2092 4863 2232 4966 μῶνί
2256 4863 2351 4946 καὶ
2388 4890 2484 4958 επὶ
2521 4863 2626 4958 τῆς
2653 4886 2898 4955 ἱστορίας
2925 4881 3211 4952 γεγονέναι
3235 4879 3422 4948 φασὶν,
3466 4871 3539 4966 ὡς
3573 4863 3658 4966 καὶ

316 4970 328 5047 ⁵ξ
405 4952 813 5050 ἓεοίϐετύηιυ.
847 4986 1101 5043 Ostendit
1155 4998 1322 5061 porro
1354 4998 1477 5065 quae
1540 4982 1741 5038 damna
1804 4985 1983 5044 hostes

2092 4952 2303 5057 ἶπέτρας
2332 4952 2677 5054 ἀκροτόμους
2713 4952 3016 5048 ἐκραγῆναι
3046 4975 3185 5044 πρὸς
3222 4970 3387 5065 boatu
3409 4985 3424 5000 ·
3453 4961 3553 5065 καί
3569 4952 3656 5065 ad;

314 5123 324 5165 ε
406 5092 559 5161 ipsos
593 5081 836 5138 invasuri
866 5081 979 5136 sint
1000 5096 1016 5147 ;
1040 5093 1165 5134 cum
1188 5077 1504 5146 quaesituros
1524 5076 1745 5146 quidem
1775 5095 1992 5148 aquam,

408 5178 503 5236 sed
532 5173 636 5231 non
668 5183 964 5244 reperturas
1003 5169 1277 5240 adjunxit.
1301 5169 1370 5222 At
1407 5168 1554 5239 qttod
1587 5166 1655 5223 de
1680 5168 1994 5237 ﬂuminibus

408 5268 570 5330 dixit,
604 5266 678 5320 ita
715 5262 922 5318 factum
953 5275 1095 5328 esse,
1126 5249 1590 5325 aiunt,'blstoriae
1640 5246 1748 5316 illa;
1782 5271 1992 5319 testan-

408 5372 524 5423 tur,
553 5373 678 5431 qua:
707 5356 776 5411 de
817 5353 1114 5425 praeruptis
1135 5351 1311 5423 petris
1340 5367 1513 5422 aquas
1540 5367 1836 5410 emanasse
1865 5370 1994 5410 nar-

412 5464 563 5513 rant:
597 5464 659 5510 ut
690 5459 744 5506 et
773 5447 964 5517 ﬂuvios
992 5443 1261 5501 defecisse
1283 5460 1299 5511 ;
1325 5458 1447 5499 cum
1485 5459 1515 5499 a
1549 5445 1756 5516 populo
1797 5443 1994 5502 Jorda-

2096 5078 2181 5142 θις
2206 5042 2826 5144 ..ποταμοὺς-ἐκλιπεῖν,
2980 5065 3072 5119 τὸν
3096 5042 3383 5133 -Ἶορδάνην
3411 5052 3500 5108 τοῦ
3536 5042 3653 5144 λαοῦ

2093 5134 2484 5227 διαϐαίνοντος.
2500 5134 2586 5216 ’Ὃ
2610 5160 2710 5215 καὶ
2735 5162 2769 5231 ἡ
2794 5158 3039 5214 θάλασσα
3067 5152 3338 5216 παθοῦσα,
3361 5145 3490 5218 πρὸς
3516 5134 3652 5194 avai-

2097 5278 2246 5339 ρεσιν
2279 5257 2437 5323 αὖθις
2465 5259 2573 5312 τῶν
2599 5230 2915 5325 Λίγυπτίων
2966 5251 3182 5323 ὲχέετοο
3215 5245 3264 5301 οἳ
3295 5245 3386 5299 καὶ
3411 5230 3653 5339 εξεσράέέ

2106 5326 2283 5422 caveo,
2341 5355 2442 5409 οὐκ
2504 5354 2583 5415 είς
2646 5349 2815 5421 ἄμφω
2888 5347 2989 5416 τῆς
3045 5342 3316 5411 θαλάσσης
3371 5332 3437 5387 τὰ
3489 5326 3645 5398 μέρη,

2104 5453 2219 5507 ἀλλ’
2266 5450 2395 5505 ἔνθα
2449 5443 2518 5519 ἦν
2561 5443 2815 5518 Ἰσραήλ·
2844 5440 2920 5504 ὼς
2971 5437 3039 5492 ἂν
3082 5433 3316 5508 ὁρῶντες
3361 5422 3648 5494 θαρῤήσωσι

485 5638 530 5673 ⁸⁵
561 5637 719 5694 Joan.
740 5651 814 5700 tv,
856 5598 944 5689 i5.
1020 5633 1066 5667 '°
1092 5633 1252 5689 Joan.
1277 5650 1372 5697 vn,
1396 5634 1485 5691 58.
1564 5636 1605 5669 "
1637 5636 1743 5693 lsa.
1776 5649 1984 5697 xxxv",
2005 5632 2096 5689 56.

1726 5746 1810 5803 VA
1820 5744 1957 5803 ἎΙᾸΞ
1997 5740 2400 5802 LECTIONES.

485 5843 511 5873 ι
543 5845 633 5899 γρ,
655 5825 967 5899 διηρμένον.
1045 5831 1073 5872 γ
1101 5840 1187 5891 Π).
1211 5821 1265 5872 ὲν
1293 5818 1472 5876 παισί.
