3950 6382
282 355 428 419 εῑιδ

1440 353 1978 415 COMMENTARII
2015 356 2099 416 IN
2142 357 2432 422 ISAIAM.

3399 367 3541 428 2366

282 479 491 554 uouet;
522 462 671 533 παρὰ
816 450 1109 554 Mutuain
1129 462 1336 554 ἕτερος,
1372 463 1511 554 πλην
1533 464 1635 554 τῆς
1675 463 1860 534 καινῆς

1971 467 2138 533 tione,
2176 470 2454 527 Ecclesias
2481 470 2653 541 ipsas,
2681 487 2802 542 quae
2832 472 3006 554 a-llde
3034 471 3247 537 alienis,
3279 482 3540 543 tanquam

282 551 572 626 διαθήκης,
608 552 738 623 περὶ
770 546 837 625 ἧς
878 551 1147 626 Ἱερεμίας
1195 553 1361 623 φησι·
1405 571 1423 605 ι
1463 546 1575 607 Καὶ
1601 552 1860 623 διαθήσο-

284 657 389 712 μαι
419 642 606 705 αὐτοῖς
638 641 907 714 διαθήκην
955 641 1170 712 καινὴν,
1200 642 1261 695 οὐ
1286 640 1430 695 κατὰ
1466 642 1570 713 τὴν
1594 642 1879 714 διαθήκην

278 732 350 801 ἢν
375 729 635 801 διεθέμην
663 733 775 801 τοῖς
833 731 1105 802 πατράσιν
1156 730 1356 785 αὐτῶν.
1396 750 1415 783 t
1451 732 1598 802 Ἔφη
1618 732 1676 785 δὲ
1705 732 1801 785 καὶ
1831 732 1860 784 ὁ

278 821 476 890 παρὼν
513 824 813 894 προφήτης*
850 840 870 875 ι
915 823 1008 876 Ἐκ
1030 823 1138 893 γὰρ
1161 821 1302 876 Σιὼν
1330 821 1672 888 ἐξελεύσεται
1697 823 1863 891 νόμος

275 913 373 967 καὶ
396 912 557 980 λόγος
602 913 807 984 Κυρίου
852 912 913 978 ἐξ
971 913 1349 984 Ἰερουσαλήμ.
1392 932 1410 965 ι
1451 912 1669 984 Ἐπειδὴ
1709 913 1765 966 δὲ
1793 915 1860 983 τῇ

275 1003 627 1076 προκειμένῃ
657 1005 813 1077 ρήσει
843 1004 1056 1075 ἀθρόως
1083 1004 1349 1059 ἐπέϐαλεν
1402 1003 1595 1070 εἰπὼν,
1655 1003 1868 1059 Ἰακὼϐ

272 1102 309 1154 ὁ
325 1099 623 1168 παῖς-μου,
654 1103 729 1170 μὴ
750 1100 990 1171 διορίσας
1012 1101 1073 1154 τὸ
1090 1100 1383 1170 πρόσωπον
1402 1114 1416 1129 ⁸
1438 1099 1534 1151 νῦν
1556 1098 1860 1167 ἐπήγαγεν,

276 1188 483 1254 οὔτως
495 1190 662 1258 λέγει
680 1191 897 1257 Κύριος
923 1193 956 1243 ὀ
975 1188 1137 1256 Θεὸς,
1162 1188 1219 1254 ἐξ
1239 1188 1404 1242 αὐτοῦ
1418 1187 1591 1258 δηλῶν
1608 1185 1862 1258 εἰρῆσθαι

274 1280 345 1333 τὰ
401 1280 807 1351 τεθεσπισμένα
867 1280 997 1352 περὶ
1051 1280 1313 1351 Χριστοῦ.
1363 1279 1470 1333 Τοῦ
1506 1278 1563 1332 δὲ
1613 1278 1863 1346 λέγοντος

276 1374 519 1445 ἀοράτου
545 1374 927 1444 τυγχάνοντος,
967 1373 1065 1444 τὴν
1093 1373 1281 1426 οὐσίαν
1300 1369 1500 1434 αὑτοῦ,
1524 1371 1617 1423 καὶ
1644 1368 1743 1439 τὴν
1773 1368 1864 1423 δύ·-

273 1453 448 1534 ναμίν
478 1467 544 1518 ἐκ
576 1465 841 1536 μεγέθους
866 1466 1162 1535 παρίστησι
1222 1463 1564 1533 κτισμάτων,
1601 1462 1741 1516 κατὰ
1763 1460 1861 1534 τὴν

273 1554 493 1607 Παύλου
517 1557 726 1626 φωνήν.
761 1556 879 1610 Τὸν
930 1556 1191 1624 οὐρανὸν
1233 1554 1303 1608 δὲ
1335 1554 1642 1624 πεπῆχθαὶ
1673 1571 1859 1624 φησιν.

285 1645 381 1711 Ἐξ
406 1646 602 1711 ὕδατος
634 1647 743 1719 γὰρ
772 1647 1023 1716 συνέστη,
1051 1646 1193 1710 κατὰ
1217 1646 1318 1715 τὴν
1345 1645 1588 1709 Μωσέως
1618 1643 1856 1715 γραφὴν,

270 1741 376 1794 οῦκ
408 1741 477 1794 ἐκ
509 1740 701 1813 πυρὸς,
730 1740 873 1793 κατὰ
914 1741 1042 1803 τοὺς
1099 1739 1203 1804 ἔξω
1238 1738 1455 1809 σοφούς·
1509 1738 1621 1808 Τὴν
1648 1740 1704 1791 δὲ
1742 1737 1861 1807 γῆν

266 1830 697 1898 ὼτερεῶσθαι,
727 1831 812 1885 διὰ
858 1829 920 1882 τὺ
975 1831 1145 1901 μέσην
1194 1828 1360 1882 οὖσαν
1410 1827 1666 1899 ἀκίνητον
1695 1824 1855 1893 εἶναι,
1890 1812 1934 1871 Β

267 1924 396 1975 ἀντὶ
417 1921 477 1975 δὲ
495 1921 612 1987 τοῦ,
631 1921 729 1977 καὶ
749 1921 818 1976 τὰ
835 1922 904 1975 ἐν
920 1920 1075 1989 αὐτῇ
1093 1936 1107 1951 ο
1143 1920 1240 1973 καὶ
1277 1921 1350 1973 τὰ
1370 1920 1742 1987 πορευόμενα
1764 1919 1857 1973 ἐπ’

266 2012 470 2079 αὐτῆς
498 2016 526 2067 ὁ
588 2014 884 2084 Σύμμαχος
929 2013 1168 2082 εἴρηκεν.
1198 2011 1334 2064 Τίνα
1374 2011 1431 2064 δὲ
1491 2008 1663 2064 ταῦτα
1710 2010 1857 2078 λέγει

265 2106 302 2159 ὁ
327 2104 540 2170 διδοὺς
567 2104 767 2172 πνοὴν
799 2101 880 2169 τῷ
915 2100 1044 2168 λαῷ
1083 2100 1163 2167 τῷ
1200 2102 1292 2155 ἐπ’
1318 2100 1507 2168 αὐτῆς
1534 2117 1553 2165 ;
1584 2102 1724 2154 llis:
1748 2100 1858 2172 γὰρ

267 2195 591 2265 ἀνθρώποις
621 2196 712 2249 διὰ
748 2196 841 2248 τοῦ
881 2193 1308 2266 πρωτοπλάστου
1338 2195 1418 2256 είς
1449 2192 1628 2264 ψυχὴν
1661 2193 1856 2263 ὲνεφύ-

270 2304 411 2359 σησε
438 2288 643 2365 ζῶσαν,
683 2287 779 2341 τοῦ
807 2287 862 2340 δὲ
879 2288 1218 2356 πνεύματος
1248 2287 1309 2340 οὑ
1361 2286 1496 2339 πᾶσι
1532 2286 1853 2355 μετέδωκεν,

268 2379 413 2434 ἀλλὰ
468 2381 583 2441 τοῖς
635 2378 896 2432 πατοῦσι
936 2375 1052 2443 τὴν
1093 2375 1229 2445 γῆν,
1261 2376 1567 2446 κρείττοσιν
1608 2372 1728 2430 οῦσι
1760 2376 1854 2430 τοῦ

270 2470 516 2539 γεώδους
547 2470 916 2540 φρονήματος.
979 2466 1166 2530 Εἴποις
1190 2466 1235 2519 δ’
1290 2465 1358 2520 ἂν
1406 2465 1502 2520 καὶ
1551 2469 1659 2520 πᾶν
1699 2466 1857 2535 γένος

268 2563 572 2634 δηλοῦσθαι
627 2562 782 2627 ζώων
831 2561 1051 2629 λογικόν
1082 2577 1141 2614 τε
1173 2559 1268 2615 καὶ
1305 2559 1520 2627 ἄλογον.
1554 2559 1773 2613 Πολλῶν
1799 2559 1858 2613 δὲ

267 2654 743 2725 ψευδοπροφητῶν
791 2652 1098 2722 γεγονότοιν
1152 2653 1208 2704 ὲν
1281 2648 1524 2723 Ἰσραὴλ,
1575 2649 1857 2705 συνέϐαινε

270 2745 468 2798 λοιπὸν
498 2746 595 2797 καὶ⁸
625 2743 752 2807 τοὺς
786 2742 1005 2812 ἀληθεῖς
1057 2732 1406 2795 ἀπιστεῖσθαι
1443 2741 1749 2808 προφήτας,
1781 2739 1859 2802 ὡς

272 2839 377 2893 καὶ
422 2836 588 2890 αὐτὸν
658 2832 1029 2902 ἀπιστηθῆναι
1089 2829 1267 2884 καίτοι
1337 2828 1860 2905 θαυματουργοῦντα

272 2929 537 3000 Χριστόν.
585 2925 904 2980 Ἐκϐἀλλειν
933 2925 1044 2993 γὰρ
1095 2921 1258 2976 αὑτὸν
1280 2921 1521 2990 ἔφασκον
1551 2924 1608 2974 ἐν
1632 2919 1858 2986 Βεελζέ-

272 3020 410 3077 σουλ
421 3021 489 3076 τὰ
511 3020 783 3089 δαιμόνια,
807 3016 991 3085 ἔλεγόν
1010 3032 1070 3069 τε
1090 3030 1105 3046 ·
1135 3034 1153 3066 ‹
1182 3015 1242 3067 Ei
1266 3010 1334 3086 ἦν
1355 3008 1509 3076 οὗτος
1536 3015 1676 3086 παρὰ
1703 3013 1859 3078 Θεοῦ,

261 3112 379 3170 ὀὐκ
442 3110 565 3166 ἔλυε
614 3111 675 3164 τὸ
709 3109 1009 3164 Σάϐϐατον.
1040 3125 1057 3158 ι
1097 3104 1297 3176 Διόπερ
1335 3105 1575 3174 ἔφασκεν
1620 3107 1803 3169 αὐτοῖς
1831 3107 1860 3159 ὁ

1967 558 2126 620 mari,
2156 559 2400 628 undique
2443 560 2790 623 obsidentur,
2821 549 3212 629 intelligimus;
3253 559 3416 630 legent
3442 574 3544 613 au-

1966 656 2096 711 tem,
2120 648 2281 703 aliam
2313 651 2381 705 ab
2407 665 2493 714 ea,
2527 667 2650 721 quae
2683 650 2787 705 fuit
2815 667 2914 721 per
2944 650 3133 710 Mosen
3158 650 3500 719 proinulgata
3525 668 3539 707 :

1964 737 2017 792 id
2047 746 2154 804 est,
2189 747 2581 796 testamentum
2619 741 2756 796 illud
2788 756 3002 807 recens,
3038 742 3106 795 de
3136 756 3256 810 tquo
3300 740 3357 794 in
3397 741 3544 796 hunc

1965 829 2186 883 modum
2227 830 2468 900 loquitur
2498 830 2763 886 Jeremias
2792 850 2806 887 ι
2844 850 2864 883 ι
2903 832 2967 885 Et
2994 834 3237 887 testabor
3263 832 3342 885 eis
3375 841 3543 887 testa-

1964 929 2208 976 mentum
2236 937 2469 989 novum;
2501 939 2609 978 non
2638 924 2939 978 secundum
2964 910 3119 988 illud,
3146 922 3291 992 quod
3319 923 3541 978 condidi

1964 1013 2213 1084 patribus
2241 1029 2432 1068 eorum
2464 1016 2529 1071 “.
2571 1033 2590 1067 ι
2628 1014 2717 1070 Ait
2748 1031 2878 1071 vero
2927 1025 2983 1070 et
3034 1024 3227 1070 uoster
3277 1015 3368 1069 hic
3416 1029 3542 1084 pro-

1965 1104 2128 1173 pheta
2157 1122 2172 1158 :
2214 1124 2231 1156 ι
2264 1103 2341 1158 De
2381 1103 2512 1158 Sion
2547 1104 2719 1158 exibit
2748 1105 2857 1171 lex,
2891 1113 2948 1158 et
2975 1106 3199 1159 verbum
3236 1103 3449 1157 Domini
3473 1103 3545 1158 de

1962 1195 2264 1252 Jerusalem
2292 1197 2358 1252 “.
2395 1215 2414 1249 ι
2452 1195 2743 1257 Caeterum,
2773 1196 2901 1265 quia
2928 1196 3223 1264 propositae
3246 1195 3540 1248 verborum

1964 1285 2149 1346 seriei,
2182 1284 2334 1338 nulla
2373 1300 2621 1354 personae
2657 1284 2935 1353 loquentis
2983 1282 3129 1337 facta
3161 1284 3540 1350 distinctione,

1962 1374 2130 1430 Iacob
2174 1375 2321 1446 ﬁlius
2356 1393 2502 1430 meus
2543 1375 2836 1430 confertim
2877 1373 3229 1445 adjunxerat,
3265 1390 3433 1439 nunc,
3466 1376 3542 1429 ita

1963 1466 2255 1525 Dominum
2298 1468 2470 1525 Deum
2510 1469 2739 1531 dixisse,
2780 1478 3039 1537 tanquam
3091 1467 3161 1521 ab
3195 1466 3383 1521 eodem
3421 1483 3542 1536 pro-

1963 1561 2127 1617 deant
2156 1576 2278 1631 quae
2320 1561 2390 1615 de
2426 1560 2652 1616 Christo
2692 1559 2881 1614 futura
2927 1566 3244 1624 narrantur,
3275 1557 3541 1614 ostendit.

1961 1652 2188 1718 Deinde,
2217 1654 2348 1724 quia
2391 1655 2446 1708 in
2492 1653 2779 1709 oculorum
2826 1665 3051 1706 sensum
3098 1665 3207 1704 non
3248 1650 3417 1715 cadit,
3449 1649 3545 1719 qui

1960 1745 2226 1815 loquitur,
2276 1743 2525 1814 ejusdem
2585 1743 2883 1798 essentiam
2952 1750 3008 1796 et
3078 1740 3223 1795 vires
3271 1754 3300 1792 a
3357 1752 3542 1793 rerum

1965 1832 2276 1891 creataruiu
2336 1834 2744 1907 magnitudine,
2796 1833 2875 1887 uti
2921 1839 2977 1887 et
3028 1830 3270 1895 Paulus,
3318 1832 3591 1885 demon--

1958 1932 2104 1983 strat
2136 1926 2203 1983 ⁸⁵.
2239 1926 2385 1981 Dixit
2431 1927 2600 1996 igitur
2650 1924 2838 1978 emtum
2895 1924 3065 1992 ﬁxum
3112 1937 3262 1985 esse;
3296 1929 3354 1975 ut
3403 1934 3545 1994 aqua

1965 2029 2240 2084 constare,
2265 2018 2563 2075 secundum
2594 2017 2759 2072 Mosae
2789 2016 3118 2071 sententiam
3145 2014 3229 2081 ⁶⁸;
3262 2029 3369 2068 non
3394 2013 3542 2083 igne,
3650 2017 3657 2022 ’

1967 2115 2108 2171 sicut
2155 2110 2399 2182 profana:
2461 2109 2746 2179 sapientiae
2796 2108 3077 2178 magistris
3127 2107 3341 2177 placet,
3391 2105 3545 2175 judi-

1940 2216 2136 2273 caret.
2186 2204 2334 2258 Dixit
2380 2211 2436 2257 et
2484 2202 2694 2270 ﬁrmari
2735 2210 2936 2255 terram
2982 2198 3126 2263 ideo,
3163 2206 3358 2267 putant
3402 2212 3545 2252 non-

1967 2297 2127 2362 nulli,
2151 2292 2299 2365 quod
2327 2295 2383 2348 in
2414 2294 2535 2362 ipso
2566 2291 2754 2358 mundi
2788 2290 2970 2345 medio
2996 2289 3196 2342 librata
3226 2294 3544 2357 permaneat

1968 2384 2493 2444 immobilisNerum
2512 2398 2622 2453 quo
2645 2383 2787 2446 loco,
2803 2390 2851 2436 et
2885 2397 3003 2450 quae
3027 2380 3079 2434 in
3100 2380 3238 2449 ipsa,
3257 2379 3542 2445 habemus,

1966 2480 2037 2535 Et
2059 2497 2176 2550 quae
2197 2480 2253 2532 in
2276 2480 2395 2548 ipsa
2417 2476 2718 2542 ambulant,
2743 2475 3139 2544 interpretatur
3160 2471 3543 2542 Symmachus;

1965 2574 2034 2627 At
2065 2585 2316 2641 quamam
2352 2576 2502 2632 sunt,
2538 2582 2659 2636 quae
2695 2565 2873 2619 verbis
2912 2564 3057 2628 istis,
3104 2563 3209 2628 Qui
3250 2562 3395 2615 dedit
3436 2562 3543 2630 ﬂa-

1967 2673 2079 2717 tum
2116 2659 2331 2731 populo,
2369 2657 2471 2723 Qui
2499 2658 2554 2711 in
2584 2673 2647 2710 ea
2678 2663 2780 2719 est,
2812 2654 3108 2724 intelligit?
3139 2653 3365 2708 Cunctis
3395 2654 3543 2707 enim

1964 2749 2284 2805 horninibus
2314 2762 2411 2816 per
2453 2743 2854 2814 protoplaslum
2892 2741 2947 2796 in
2991 2743 3230 2795 animam
3270 2741 3544 2796 viventem

1926 2884 1930 2888 -
1966 2840 2259 2912 inSpiravit
2303 2837 2548 2909 quidem,
2581 2852 2691 2890 non
2722 2844 2907 2889 autem
2944 2848 3137 2888 omnes
3167 2833 3386 2900 spiritus
3422 2846 3547 2901 par-

1930 2970 1935 2973 -
1966 2935 2161 3002 ticipes
2192 2931 2413 2996 effecit;
2456 2930 2550 2985 sed
2590 2942 2688 2983 eos
2726 2933 2961 2990 tantum,
2990 2922 3086 2993 qui
3124 2922 3358 2978 terrenis
3399 2925 3549 2991 cogi-

1967 3026 2268 3082 tationibus
2317 3023 2634 3093 superiores
2685 3019 2900 3080 eil'ecti,
2956 3027 3157 3071 terram
3206 3014 3547 3069 conculcant.

1971 3119 2134 3173 Dicas
2167 3130 2298 3171 vero
2336 3113 2520 3169 omnia
2561 3111 2728 3166 etiam
2774 3108 3138 3162 animantium
3174 3120 3396 3175 genera,
3432 3105 3549 3160 sive

271 3211 477 3281 Σωτήρ
500 3224 514 3240 ο
546 3227 568 3261 ε
614 3208 673 3261 '0
703 3207 942 3273 κλέπτης
998 3202 1099 3257 οὐκ
1126 3164 1388 3273 ἔρχεται,
1418 3205 1479 3261 εἰν
1510 3202 1585 3274 μὴ
1617 3204 1705 3257 ἵνα
1741 3164 1860 3258 κλέ-

1970 3209 2184 3265 ratione
2228 3207 2496 3276 polleant,
2529 3204 2644 3258 sive
2677 3202 2863 3257 eadem
2909 3199 3300 3262 destituantur,
3338 3195 3549 3266 signiﬁ-

268 3300 376 3373 ψῃ,
419 3299 511 3352 καὶ
535 3286 705 3367 θύσῃ,
741 3295 834 3348 καὶ
855 3293 1114 3365 ἀπολέσῃ.
1182 3292 1323 3358 Ἐγὼ
1349 3288 1514 3362 ἦλθον
1580 3293 1667 3347 ἵνα
1699 3293 1846 3366 ζωὴν

270 3392 499 3462 ἔχωσιν.
533 3408 553 3441 ι
598 3388 707 3441 Καὶ
774 3385 973 3440 πάλιν·
1014 3403 1033 3437 t
1081 3381 1221 3453 Ἐγὼ
1249 3379 1414 3456 ἦλθον
1453 3384 1511 3437 ὲν
1539 3384 1615 3457 τῷ
1636 3387 1862 3459 ὀνόματι

270 3483 370 3536 τοῦ
402 3481 648 3551 Πατέρος
679 3497 807 3550 μου.
849 3496 868 3531 ι

1968 3301 2106 3356 cari.
2153 3298 2446 3360 Caeterum,
2482 3293 2609 3363 quia
2660 3291 2813 3346 falsis
2864 3289 3218 3344 abundabant
3266 3285 3548 3357 prophetia

1971 3391 2249 3450 Israelita).
2298 3387 2501 3442 factum
2549 3392 2634 3439 est
2681 3382 2923 3443 tandem,
2969 3388 3029 3434 ut
3074 3380 3218 3434 veris
3260 3378 3394 3432 fides
3438 3392 3547 3431 non

1902 3482 1905 3485 ’
1969 3481 2324 3537 adhiberetur
2356 3493 2372 3531 :
2407 3477 2515 3530 imo
2550 3488 2619 3530 ne
2650 3472 2872 3528 Christo
2913 3470 3157 3541 quidem,
3199 3467 3550 3539 quantumvis

272 3574 543 3628 miracula
578 3578 841 3643 patraret.
886 3568 1024 3624 Eum
1058 3567 1202 3624 enim
1237 3578 1293 3625 et
1325 3580 1540 3641 sumpta
1572 3586 1602 3625 a
1630 3572 1921 3630 Beclzebul
1952 3581 2226 3645 potestate
2257 3569 2530 3625 daemonia
2561 3567 2784 3636 ejicere,
2812 3573 2888 3631 et,
2950 3565 2997 3620 si
3061 3579 3128 3619 ex
3199 3564 3308 3618 Deo
3374 3571 3546 3627 esset,

275 3663 586 3721 Sabbatum
631 3678 911 3734 nunquam
953 3662 1262 3718 soluturum
1326 3663 1501 3720 fuisse
1552 3664 1807 3721 dicebant
1840 3669 1902 3723 “.
1964 3668 2106 3722 Hinc
2154 3665 2246 3720 illa
2298 3661 2647 3717 Salvatoris:
2687 3677 2706 3710 ι
2748 3655 2863 3711 Fur
2926 3671 3038 3709 non
3082 3656 3258 3722 venit,
3331 3653 3439 3709 nisi
3489 3660 3550 3705 ut

273 3758 513 3823 furetur,
541 3766 766 3824 mactet,
792 3753 954 3828 467
986 3761 1041 3810 et
1066 3754 1286 3825 perdat;
1317 3769 1419 3826 ego
1451 3764 1632 3812 autem
1665 3760 1847 3827 venio,
1889 3769 1949 3815 ut
2000 3758 2167 3815 vitam
2222 3754 2462 3813 habeant
2492 3752 2556 3806 ⁸⁷.
2597 3770 2616 3804 ι
2662 3751 2731 3805 Ει
2760 3769 2773 3805 :
2804 3750 2957 3818 tEgo
3000 3750 3126 3804 veni
3213 3747 3266 3802 in
3324 3746 3550 3802 nomine

272 3847 463 3906 Patris
491 3850 596 3904 mei
624 3849 690 3901 ⁸⁸.
720 3867 739 3901 ι

349 3941 518 3995 Ὅθεν
555 3939 706 4011 αὐτῷ
731 3943 765 4011 ἡ
789 3937 1098 4011 προφητεία
1134 3936 1513 4010 μαρτυροῦντα
1528 3941 1618 3996 τὸν
1642 3943 1861 4015 Πατέρα

274 4035 445 4099 ποιεῖ,
480 4031 556 4095 ὡς
604 4030 828 4101 κληθεὶς
856 4027 1041 4101 ἦλθεν,
1072 4029 1185 4084 ἀλλ’
1213 4030 1314 4084 οὐκ
1354 4031 1676 4101 αὐτόμολος,
1718 4036 1864 4089 κατὰ

274 4114 403 4187 τοῦς
424 4122 533 4175 ἀπὸ
560 4121 790 4191 καρδίας
851 4120 1171 4187 λαλοῦντας,
1229 4120 1346 4174 ἀλλ’
1381 4122 1450 4175 ἐν
1475 4121 1859 4193 δικαιοσύνῃ,

278 4214 399 4269 κατ’
444 4210 602 4278 ἀξίαν
651 4213 753 4283 τὴν
804 4211 1001 4281 κλῆσιν
1050 4210 1250 4264 λαϐών.
1296 4212 1405 4265 Καὶ
1448 4212 1554 4265 τῶν
1581 4213 1865 4280 δυνάμεων

279 4305 391 4360 ὄντι
420 4304 614 4374 Κυρίῳ
672 4304 955 4374 συνεργεῖν
1006 4300 1429 4369 ἐπαγγέλλεται,
1459 4302 1550 4356 διὰ
1583 4303 1652 4357 τὰ
1685 4307 1862 4376 μέτρα

274 4397 373 4468 τῆς
396 4395 839 4467 ἀνθρωπότητος,
896 4394 953 4446 ὃν
983 4393 1077 4446 καὶ¹
1101 4392 1236 4446 Θεὸν
1265 4392 1504 4457 δεικνὺς,
1531 4396 1626 4446 καὶ
1653 4394 1768 4465 φῶς
1795 4399 1863 4451 ὲκ

279 4489 481 4559 φωτὸς,
501 4488 580 4550 εἰς
612 4485 738 4556 φῶς
762 4485 924 4539 αὐτὸν
975 4482 1169 4538 ἐθνῶν
1207 4483 1399 4555 ὥσπερ
1444 4501 1495 4538 τι
1520 4485 1692 4556 δῶρον
1716 4487 1863 4541 δεδό-

279 4579 405 4634 σθαι
425 4580 611 4650 φησὶν,
651 4579 733 4641 είς
771 4575 1072 4642 Διαθήκην
1096 4575 1305 4646 Καινὴν
1331 4575 1430 4645 τῆς
1469 4576 1742 4648 προτέρας
1763 4575 1860 4649 τὴν
1893 4560 1937 4615 ι)

280 4670 442 4724 σκιὰν
493 4665 812 4738 θεοπρεπῶς
854 4664 1299 4735 καταργήσαντα.
1343 4665 1475 4725 Καὶ,
1505 4665 1735 4735 ἐπείπερ
1766 4666 1863 4720 αὒ-

276 4760 367 4824 τδς
395 4755 465 4831 ἦν
493 4760 527 4830 ἡ
548 4757 831 4825 Διαθήκη,
859 4756 1087 4827 μεσίτης
1139 4754 1214 4809 ὣν
1245 4755 1378 4810 Θεοῦ
1414 4757 1511 4809 καὶ
1534 4757 1860 4828 ἀνθρώπων,

278 4852 399 4906 οὐδὲ
433 4850 675 4922 γραφὴν,
725 4849 848 4903 οὐδὲ
895 4847 1121 4918 βιϐλίον,
1153 4847 1357 4919 ὁμοίως
1403 4846 1630 4911 ἐξέδωκε
1653 4850 1864 4903 Μωσεῖο

2038 3940 2176 3995 Hinc
2194 3950 2415 3994 rursum
2444 3932 2629 3989 Patris
2658 3932 3036 3989 testimonium
3064 3931 3330 4003 propheta
3359 3943 3551 3986 noster

1966 4034 2214 4099 adhibet,
2245 4044 2486 4099 eumque
2518 4042 2630 4083 non
2681 4033 2900 4097 sponte,
2951 4033 3012 4081 ut
3062 4025 3425 4096 transfugam,
3455 4031 3551 4078 aut

1966 4142 2157 4183 eorum
2206 4123 2470 4193 aliquem,
2507 4118 2603 4189 qui
2655 4119 2724 4173 de
2782 4134 2886 4173 suo
2932 4126 3146 4172 tantum
3204 4116 3426 4187 ingenio
3471 4117 3552 4171 Io-

1966 4225 2235 4290 quuntur,
2272 4213 2368 4269 sed
2402 4212 2509 4268 rite
2541 4218 2794 4265 vocatum
2836 4211 2892 4263 in
2926 4209 3135 4272 iustitia
3170 4209 3455 4270 accedere,
3495 4215 3551 4262 et

1968 4324 2093 4365 cum
2123 4305 2466 4362 exercituum
2496 4302 2752 4365 Domino,
2785 4316 2887 4371 pro
2921 4300 3287 4355 humanitatis
3316 4301 3548 4363 ratione.

1968 4398 2257 4469 coopetari
2304 4395 2614 4458 conﬁrmat,
2660 4393 2946 4463 Deumque
2981 4407 3130 4456 esse,
3162 4402 3219 4447 et
3261 4391 3443 4446 lumen
3485 4393 3552 4444 de

1968 4492 2199 4555 lumine,
2225 4498 2280 4545 et
2305 4489 2472 4543 lucem
2499 4488 2751 4559 gentium,
2775 4493 3036 4555 tanquam
3069 4484 3273 4538 donum
3300 4483 3548 4551 aliquod,

1973 4584 2027 4639 in
2080 4592 2447 4638 testamentum
2496 4596 2723 4643 novum,
2761 4580 2967 4635 veteris
3017 4577 3208 4633 umbra
3260 4575 3548 4639 divinitus,

1959 4684 2022 4731 ut
2066 4690 2171 4747 par
2212 4682 2352 4737 erat,
2404 4671 2672 4742 dissipata
2711 4671 2777 4724 “.
2833 4668 3101 4736 Quoniam
3156 4666 3353 4722 deinde
3404 4665 3547 4720 idem

1960 4767 2077 4838 ipse
2124 4772 2500 4819 testamentum
2550 4771 2669 4816 erat
2714 4760 3000 4833 (tanquam
3050 4757 3228 4812 factus
3275 4754 3547 4811 mediator

1964 4856 2057 4912 Dei
2091 4866 2145 4912 et
2177 4853 2482 4917 hominum)
2516 4868 2693 4924 neque
2727 4852 3083 4921 scripturam,
3114 4861 3291 4916 neque
3320 4846 3540 4911 librant,

280 4945 337 4998 ἐν
367 4942 519 5013 αὐτῷ
581 4942 640 4996 δὲ
691 4942 787 4995 καὶ
822 4941 937 4994 τῶν
989 4938 1158 4993 πάλαι
1197 4937 1445 5008 τυφλῶν
1478 4937 1576 5003 τὰς
1606 4939 1785 5009 ψυχὰς
1813 4944 1860 4995 oi

1965 4949 2133 5004 veluti
2179 4948 2380 5014 Moses,
2432 4945 2781 5002 edidit:sed
2828 4944 2883 4999 in
2935 4947 3058 5013 ipso
3107 4958 3298 4998 eorum
3351 4943 3540 5009 etiam,

281 5034 570 5104 ὀφθαλμοί
640 5032 1047 5103 διανοίγονται
1108 5030 1243 5102 πρὸς
1297 5031 1498 5099 γνῶσιν
1557 5030 1730 5095 Θεοῦ,
1802 5029 1862 5096 ἐξ

282 5122 507 5193 ἀγνοίας
531 5126 629 5196 τῆς
658 5125 787 5196 περὶ
806 5122 1002 5178 εἴδωλά
1019 5139 1081 5175 τε
1108 5123 1202 5176 καὶ
1226 5121 1509 5191 δαίμονας,
1530 5117 1610 5186 οἷς
1637 5122 1699 5176 τὺ
1722 5122 1863 5176 θεῖον

284 5219 448 5284 σέϐας
495 5220 640 5290 ἅπερ
670 5220 802 5290 ὲμόν
833 5219 884 5273 ι).
938 5217 998 5272 '0
1030 5217 1087 5272 δὲ
1139 5217 1300 5280 αὐτὸς
1336 5217 1432 5271 καὶ
1470 5220 1580 5281 τοῖς
1614 5219 1671 5272 ὲν
1710 5217 1862 5289 ᾅδου,

284 5313 725 5382 καθειργμένοις
750 5312 820 5366 ἐν
852 5311 1000 5377 οἴκῳ
1039 5308 1323 5380 φυλακῆς
1353 5309 1586 5381 ἐκήρυξε
1613 5310 1862 5380 πνεύμα-

286 5420 389 5469 σιν,
415 5407 481 5458 ὲκ
504 5402 746 5474 δεσμῶν
791 5401 1038 5472 ἀνάγκης
1085 5403 1295 5463 πάντας
1351 5401 1522 5465 ἀνείς.
1570 5399 1737 5472 Ὁμοῦ
1777 5402 1856 5471 δὲ,

1938 5041 2064 5111 -qui
2110 5041 2384 5111 quondam
2444 5038 2753 5093 animorum
2784 5036 3037 5092 vcwcitate
3087 5034 3432 5099 laborabant,
3475 5035 3545 5089 ad

1971 5134 2064 5189 Dei
2101 5134 2436 5204 agnitionem
2475 5131 2617 5188 oeuli
2663 5130 2993 5198 aperiuntur,
3019 5128 3073 5183 id
3122 5134 3210 5183 est
3247 5127 3317 5182 ab
3357 5127 3541 5191 idolis,

1971 5221 2172 5293 quibus
2231 5221 2479 5277 divinum
2534 5219 2741 5274 cultum
2796 5216 3137 5281 tribuebant,
3194 5224 3547 5271 revocantur.

1969 5311 2115 5370 Idem
2149 5326 2278 5366 vero
2308 5319 2360 5367 et
2391 5312 2459 5366 iis
2482 5311 2647 5365 etiam
2679 5308 2986 5376 spiritibus,
3012 5308 3108 5378 qui
3138 5309 3280 5378 apud
3313 5308 3544 5372 inferos,

1968 5407 2026 5460 in
2055 5406 2280 5460 carceris
2306 5403 2462 5459 domo
2490 5402 2762 5460 constricti
2795 5401 3127 5457 tenebantur
3156 5401 3223 5468 ⁷⁸,
3248 5401 3316 5456 dc
3341 5414 3400 5455 se
3426 5399 3548 5468 ipso

353 5518 398 5549 “
430 5515 638 5572 Jerem.
677 5531 825 5575 xxxr.
854 5515 943 5575 5i,
970 5514 1062 5568 32.
1138 5514 1184 5547 “
1220 5513 1328 5571 lsa.
1353 5514 1488 5576 ",5.
1566 5515 1613 5547 "‘
1651 5513 1856 5572 Rom.t

1964 5514 2013 5570 0.
2093 5514 2137 5547 °'
2168 5514 2303 5570 Gen.
2342 5528 2378 5576 ι.
2410 5506 2475 5569 6.’
2545 5513 2589 5548 ⁸⁸
2616 5511 2748 5569 Luc.
2781 5527 2857 5580 ιι,
2895 5511 2982 5580 14,
3018 5512 3113 5580 l5;
3150 5509 3304 5569 Juan.
3342 5525 3417 5575 ιχ,
3454 5506 3543 5562 l6.

287 5589 332 5623 ⁸⁷
355 5586 516 5645 Joan.
556 5603 612 5653 ι,
641 5586 729 5654 {0,
764 5587 824 5642 ll
927 5585 972 5620 °'
1005 5583 1163 5641 Joan.
1201 5601 1251 5651 v,
1284 5585 1372 5642 45.
1451 5585 1495 5617 ⁸³
1524 5584 1544 5639 ι
1579 5582 1740 5641 Joan.
1774 5601 1835 5649 ll,

1998 5587 2042 5620 ⁷⁰
2073 5585 2267 5657 LPetr.
2298 5600 2384 5652 ιιι,
2419 5586 2485 5643 19

1545 5692 1779 5750 VARUE
1809 5693 2216 5753 LECTIONES.

356 5771 382 5814 ιδ
426 5787 512 5841 γρ.
554 5767 841 5838 ἀπένεμον.
