3950 6380
270 327 409 395 ποθ

1341 332 1753 395 COMMENTA
1762 329 1873 390 R11
1920 330 1995 391 IN
2038 330 2158 391 ISA
2170 330 2319 390 IAM.

3385 328 3530 392 9.370

272 438 438 493 λεύων
462 440 632 495 πᾶσιν
674 440 985 512 ἀνθρώποις
1014 443 1205 514 ὕμνον
1230 443 1420 513 ᾅδειν,
1457 444 1492 516 ἦ
1537 441 1679 497 κατὰ
1727 442 1845 502 τοὺς

1954 439 2075 504 dit;
2111 441 2205 510 qui
2243 440 2520 510 hymnum,
2557 441 2639 497 vel
2679 442 2948 497 canticum
2990 443 3084 513 (ut
3111 445 3294 500 (αξιοι-ἰ
3342 455 3530 504 trans-

273 530 515 596 λοιποὺς,
542 526 727 602 ᾆσμα⁹
766 532 954 603 ἐπειδὴ
981 534 1018 602 ἠ
1050 532 1200 603 ἀρχὴ
1228 534 1392 588 αὑτοῦ
1438 534 1532 587 καὶ
1587 530 1850 601 καθολικὴ

272 620 493 686 ἐξουσία
528 621 653 674 καθ’
683 622 813 694 ὅλης
870 624 1174 693 ἐδοξάσθη
1204 627 1303 696 τῆς
1331 628 1454 696 γῆς.
1489 625 1850 695 Πεπλήρωται

266 713 380 784 γὰρ
405 712 516 765 τῶν
549 713 660 767 ἀπὸ
709 715 810 785 τῆς
850 716 1091 787 Χριστοῦ
1133 718 1505 789 προσηγορίας
1542 716 1851 787 λεγομένων

265 806 631 876 Χριστιανῶν.
675 808 765 860 Ἐν
812 807 1031 879 καθαρᾷ
1066 809 1124 863 δὲ
1157 811 1361 881 θεωρίᾳ
1392 809 1500 863 τῶν
1548 808 1850 878 μελλόντων

264 899 293 951 6
322 898 610 969 προφήτης
641 898 915 963 ἑστιαθεὶς
936 899 1036 971 τὴν
1068 900 1267 972 ψυχὴν,
1307 901 1685 972 συνεορτάζειν
1702 899 1850 970 αὐτῷ

263 990 359 1042 καὶ
388 989 519 1049 τοὺς
544 986 740 1052 ἄλλους
775 990 1102 1059 παρακαλεῖ,
1140 991 1250 1043 τῶν
1291 990 1514 1058 ἀγαθῶν
1545 990 1851 1058 ὑμνοῦντας

261 1080 325 1133 τδ
352 1080 548 1133 αἴτιον.
582 1079 1037 1149 Παρηκολούθουν
1064 1082 1175 1153 γάρ
1225 1083 1275 1135 oi
1327 1085 1601 1153 προφῆται
1645 1083 1756 1143 τοῖς
1790 1081 1850 1146 ἐξ

260 1170 477 1223 ἑαυτῶν
518 1168 858 1239 λεγομένοις,
885 1170 960 1234 ὡς
983 1171 1113 1224 ποτὲ
1154 1173 1252 1242 μὲν
1276 1171 1686 1244 παραιτεῖσθαι,
1717 1172 1849 1225 ποτὲ

258 1261 317 1315 δὲ
350 1261 569 1330 χαίρειν
617 1262 710 1314 ἐπὶ
739 1265 852 1325 τοῖς
885 1262 1038 1334 παρὰ
1088 1263 1223 1317 Θεοῦ
1263 1263 1598 1334 λεγομένοις.
1637 1266 1702 1316 Ὃ
1754 1263 1848 1317 καὶ

262 1352 358 1408 νῦν
394 1352 600 1422 πάσχει
631 1353 724 1407 τοῦ
754 1354 1009 1423 Σωτῆρος
1040 1355 1139 1425 τὴν
1175 1357 1483 1427 παρουσίαν
1509 1356 1672 1427 ὁρῶν,
1702 1357 1849 1411 διδά-

266 1463 412 1499 σκων
443 1446 563 1516 ἅμα
586 1446 662 1509 ὡς
682 1447 710 1498 6
742 1448 1118 1518 φανησόμενος
1151 1447 1356 1519 Κύριος
1384 1448 1444 1501 οὐ
1480 1448 1600 1502 τότε
1632 1447 1848 1519 πρῶτον

262 1536 451 1605 ἄρξει,
493 1537 714 1607 κρατῶν
759 1537 818 1591 δὲ
861 1538 1097 1603 πάντων,
1147 1538 1224 1603 ὡς
1268 1539 1423 1603 Θεὸς,
1464 1538 1558 1593 καὶ
1593 1541 1705 1602 τοῖς
1747 1538 1844 1592 ἐπὶ

263 1627 376 1699 τῆς
434 1628 699 1697 ὑπάρχων
741 1627 982 1693 τοιοῦτος
1012 1629 1484 1701 φανερωθήσεται,
1531 1647 1847 1700 προκαταρ-

262 1718 468 1787 χόντων
499 1716 666 1770 αὐτοῦ
715 1718 813 1787 τῆς
851 1717 1106 1786 γνώσεως
1141 1720 1250 1773 τῶν
1296 1722 1682 1791 ἐργαζομένων
1713 1724 1846 1774 ἁπο-

266 1807 472 1862 στόλων
496 1808 599 1878 τὴν
622 1808 944 1874 θάλατταν,
971 1811 1038 1880 ἣν
1062 1810 1254 1865 ἔπλεον
1284 1812 1609 1875 ἁλιεύοντες.
1631 1813 1848 1880 Καινὸς

262 1900 317 1954 δὲ
358 1900 551 1970 ὕμνος
596 1902 665 1972 τῇ
716 1901 826 1954 τῶν
873 1903 1216 1973 πραγμάτων
1267 1906 1469 1976 πρέπει
1517 1907 1845 1975 καινότητι.

261 1993 332 2048 Εἴ
358 2011 444 2057 τις
473 1993 584 2065 γάρ
614 1996 672 2048 ὲν
705 1994 945 2065 Χριστῷ,
980 1994 1159 2063 καινὴ
1189 1996 1387 2060 κτίσις,
1425 1996 1521 2050 καὶ
1550 1998 1618 2050 τὰ
1643 2000 1849 2068 ἀρχαῖα

258 2082 573 2154 παρῆλθεν·
600 2083 787 2152 γέγονε
815 2083 871 2136 δὲ
900 2085 1079 2138 πάντα
1100 2084 1294 2139 καινά.
1328 2087 1713 2159 Πνευματικῆς
1738 2089 1848 2160 γάρ

252 2173 532 2237 δουλείας,
563 2175 624 2228 οὐ
662 2175 955 2245 σαρκικῆς,
983 2177 1126 2230 κατὰ
1165 2177 1257 2230 τὸν
1303 2177 1539 2249 Ἰσραὴλ,
1575 2179 1844 2250 λελυτρῶ-

264 2266 408 2336 μεθα
431 2284 445 2297 ·
481 2266 579 2320 καὶ
611 2269 732 2320 ἀντὶ
770 2267 1070 2332 πλινθείας,
1104 2268 1212 2323 τῶν
1254 2272 1320 2323 ὲκ
1355 2270 1714 2342 φιλοσαρκίας
1742 2272 1848 2340 ἔξω

262 2357 572 2427 γεγόναμεν
635 2356 969 2429 μολυσμῶν,
1020 2363 1285 2431 φυγόντες
1334 2363 1435 2415 οὐκ
1481 2364 1847 2434 ὲργοδιωκτάς

176 2516 183 2527 ⁸
264 2450 632 2518 Δίγυπτίους,
668 2451 790 2503 οὐδὲ
838 2451 1102 2521 τύραννον
1136 2454 1444 2524 ἄνθρωπον,
1474 2458 1599 2520 τοὺς
1631 2457 1691 2511 δὲ
1719 2476 1846 2513 συν-

264 2539 538 2604 ωθοῦντας
600 2542 681 2604 εἰς
732 2544 1011 2613 ἁμαρτίαν
1065 2546 1215 2614 ἡμᾶς
1264 2545 1548 2614 δαίμονας,
1602 2550 1695 2602 καὶ
1752 2551 1843 2604 τὸν

263 2630 474 2696 τούτοις
518 2634 861 2703 ἐφεστηκότα
898 2635 1165 2702 διάϐολον,
1216 2636 1292 2700 ὡς
1333 2637 1586 2709 διαϐῆναι
1630 2640 1728 2712 τὴν
1780 2643 1845 2696 ἐκ

264 2722 355 2776 τοῦ
419 2722 536 2793 βίου
592 2723 823 2795 τύρϐην,
855 2725 930 2787 ὼς
962 2725 1287 2793 θάλατταν,
1336 2731 1430 2782 καὶ
1477 2734 1669 2799 φαγεῖν
1724 2734 1845 2787 ἀντὶ

268 2817 462 2885 μάννα,
490 2815 580 2868 τὸν
610 2816 775 2888 ἄρτον
802 2817 893 2869 τὸν
913 2817 973 2882 ἐξ
1001 2819 1232 2889 οὐρανοῦ
1258 2821 1352 2873 καὶ
1380 2818 1530 2891 ζωὴν
1556 2821 1632 2893 τῷ
1654 2822 1845 2894 κόσμῳ

246 2899 578 2976 ’παρέχοντα
602 2922 617 2938 ο
647 2906 743 2961 καὶ
772 2910 885 2971 τοῖς
908 2911 972 2962 ὲκ
994 2909 1230 2981 Χριστοῦ
1260 2911 1360 2982 τῆς
1384 2912 1605 2981 πέτρας
1629 2913 1846 2985 ἐνετρύ-

267 3014 448 3069 φησαν
478 3006 504 3035 ο
535 2996 635 3067 μὲν
666 2998 893 3069 νάμασι,
928 3001 1184 3070 τυχόντες
1228 3019 1287 3055 τε
1320 3001 1415 3055 τοῦ
1453 3003 1598 3056 θείου
1644 3004 1844 3075 βαπτί-

1953 530 2228 599 tulerunt)
2264 531 2527 585 mortales
2572 545 2765 586 omnes
2802 548 2991 587 cauere
3042 533 3364 603 praecipiat;
3402 552 3531 592 cum

1950 621 2285 687 principatus
2317 620 2462 689 ejus,
2493 636 2825 690 summaque
2857 624 2909 676 in
2940 639 3136 678 onmes
3168 637 3413 696 potestas
3435 643 3532 697 per

1952 712 2141 766 orbem
2171 713 2487 768 universum
2518 713 2873 783 gloriﬁcetur.
2896 715 2965 769 lis
2994 716 3141 771 enim
3180 726 3332 773 totus
3358 720 3532 774 refero

1952 806 2042 853 tus
2070 806 2174 862 est,
2205 801 2296 868 qui
2329 799 2397 853 de
2421 799 2628 855 Christi
2661 802 2882 856 nomine
2909 803 3213 858 Christiani
3242 809 3528 875 appellan-

1951 899 2061 945 tur.
2097 888 2388 958 Postquam
2414 900 2596 944 autem
2643 907 2778 960 pura
2812 908 2995 947 rerum
3046 894 3356 949 futurarum
3397 913 3530 951 con-

1951 981 2302 1050 templatione
2357 982 2599 1035 animum
2636 998 2797 1037 suum
2856 986 3075 1038 satiavit
3125 988 3423 1057 propheta;
3458 989 3527 1043 ad

1949 1072 2166 1127 easdem
2191 1071 2303 1139 jam
2336 1072 2528 1140 epulas
2550 1080 2601 1126 et
2627 1072 2766 1126 alios
2785 1072 2947 1126 etiam
2978 1075 3527 1145 invitat,'secutnquo

1948 1162 2220 1216 bonorum
2253 1170 2535 1216 auctorem
2571 1166 2856 1219 celebrare
2914 1167 3258 1224 adhortatur.
3314 1170 3527 1225 Intelli-

1949 1254 2152 1323 gebant
2179 1255 2326 1308 enim
2355 1255 2633 1323 prophetae
2665 1270 2786 1323 qua:
2811 1270 2839 1308 a
2881 1271 2942 1309 se
2972 1258 3332 1328 dicebantur;
3365 1262 3525 1316 inde-

1914 1359 2055 1413 -que
2133 1358 2229 1399 eos
2283 1343 2572 1413 deprecari
2627 1345 2944 1414 aliquando,
3007 1348 3301 1417 aliquando
3360 1352 3525 1406 etiam

1938 1437 2246 1507 ,postttlarc,
2279 1437 2449 1490 ΙιυιὲὶΓὶ
2477 1437 2717 1505 denique
2749 1454 3147 1509 nonnunquam
3178 1440 3269 1495 Dei
3298 1457 3527 1511 respon-

1948 1545 2010 1584 so
2040 1528 2230 1583 videas
2269 1546 2283 1582 :
2322 1529 2468 1598 quod
2503 1540 2556 1582 et
2587 1545 2737 1584 nunc
2772 1532 2977 1600 patitur
3011 1531 3201 1595 Isaias,
3248 1534 3342 1600 qui
3371 1549 3524 1587 com-

1949 1619 2134 1672 munis
2165 1619 2408 1672 omnium
2438 1620 2741 1675 Salvatoris
2774 1623 3068 1676 adventura
3100 1623 3345 1684 intuens,
3373 1637 3528 1676 cum-

1948 1710 2071 1764 dem
2141 1712 2326 1775 simul,
2394 1726 2520 1764 cum
2588 1714 2894 1781 apparebit,
2948 1729 3055 1766 non
3108 1721 3225 1769 tum
3292 1714 3528 1783 primum

1951 1802 2225 1869 imperium
2288 1817 2451 1856 suum
2511 1804 2971 1872 auSpicaturum,
3028 1804 3147 1867 sed,
3202 1804 3293 1873 qui
3362 1802 3525 1874 471

1950 1894 2196 1951 omnium
2229 1894 2470 1963 potiatur
2499 1903 2762 1961 tanquam
2803 1895 2969 1961 Deus,
2998 1895 3065 1949 iis
3113 1896 3300 1960 ctiam,
3348 1898 3440 1965 qui
3471 1897 3528 1949 in

1950 1997 2094 2043 terra
2131 1989 2643 2050 versantur,_talent
2677 2003 2735 2043 se
2763 1990 3046 2056 prmlibata
3091 1990 3174 2044 sui
3205 1988 3525 2057 cognitione

1949 2096 2045 2149 per
2076 2081 2376 2150 apostolos,
2410 2080 2498 2149 qui
2538 2080 2888 2148 piscatoriam
2921 2080 3089 2133 vitam
3126 2088 3349 2149 agentes
3378 2094 3527 2132 mare

1949 2174 2254 2244 fatigabant
2283 2174 2351 2237 ’³,
2382 2185 2735 2229 ostensurum
2761 2173 2944 2228 docet.
2981 2173 3149 2227 Decet
3180 2187 3310 2227 vero
3339 2187 3523 2226 rerum

1950 2266 2234 2321 novitatem
2263 2276 2313 2319 et
2339 2265 2521 2335 hymni
2550 2281 2770 2334 quoque
2797 2267 3022 2319 novitas.
3058 2262 3114 2317 Si
3146 2265 3270 2333 quis
3293 2266 3436 2317 enim
3469 2264 3528 2318 in

1948 2357 2169 2414 Christo
2200 2365 2304 2420 est,
2332 2366 2582 2411 creatura
2625 2374 2760 2410 nova
2794 2368 2910 2423 est;
2946 2357 3353 2425 antiquatisque
3375 2363 3527 2409 vetc-

1949 2450 2123 2512 ribus,
2151 2466 2281 2503 nuva
2310 2445 2387 2502 illi
2423 2447 2609 2522 ontnia
2642 2448 2900 2501 abierunt
2930 2448 2997 2500 ⁷⁵.
3033 2446 3319 2516 Spirituali
3352 2448 3529 2516 siqui-

1947 2543 2094 2606 dem,
2136 2554 2246 2611 non
2272 2541 2479 2595 carnali
2507 2539 2795 2599 servitute,
2834 2547 2892 2591 ut
2920 2539 3087 2593 Israel
3124 2539 3393 2606 redempti
3432 2554 3526 2593 su-

1946 2649 2070 2688 mus
2101 2651 2116 2699 ;
2152 2647 2331 2702 neque
2372 2633 2606 2691 lati-rum
2640 2631 3012 2694 confectione,
3058 2630 3153 2685 scd
3183 2631 3369 2685 carnis
3401 2630 3525 2684 ille-

1945 2726 2125 2781 cebris
2149 2724 2692 2794 inquinamentisque
2718 2724 2958 2790 liberati,
2984 2739 3089 2776 non
3117 2723 3277 2777 modo
3300 2739 3524 2791 operum

1946 2826 2231 2874 exactores
2253 2816 2559 2888 Egyptios,
2583 2821 2987 2887 tyranimntque
3012 2816 3213 2884 ipsum,
3235 2818 3327 2870 sed
3350 2818 3527 2870 malus

1945 2911 2244 2975 daemones,
2266 2924 2566 2979 eorumque
2585 2910 2910 2978 principem,
2936 2924 2966 2962 a
2989 2910 3193 2977 quibus
3217 2909 3283 2962 ad
3311 2909 3521 2964 scelera

1947 3001 2319 3071 rapiebamur,
2354 2999 2678 3068 ellugitnus;
2712 3001 2944 3069 vimque
2995 3000 3181 3066 istius,
3255 3010 3520 3069 tanquam

266 3105 472 3159 σματος
506 3088 598 3142 τὸν
640 3089 910 3161 Ἰορδάνην
938 3090 1216 3162 διέϐημεν,
1266 3094 1344 3156 είς
1375 3095 1479 3164 γῆν
1517 3095 1845 3161 εἰσελθόντες

1951 3093 2116 3148 maris
2168 3090 2915 3161 tempestatem.incolumes
2959 3090 3274 3156 evasimus;
3325 3101 3379 3146 et
3430 3106 3529 3160 pro

265 3181 361 3251 τὴν
393 3183 508 3244 τοίς
551 3181 723 3249 ἁγίοις
757 3182 1197 3255 ἐπηγγελμένην,
1226 3185 1295 3257 ἢν
1328 3188 1377 3240 oi
1414 3188 1848 3260 μακαριζόμενοι

265 3271 667 3343 κληρονομοῦσι
722 3278 950 3345 πραεῖςο
1009 3274 1095 3345 ἐφ’
1143 3271 1222 3342 οἷς
1281 3277 1388 3332 ἔδει
1444 3280 1698 3349 γενέσθαι
1755 3284 1848 3337 τὸν

264 3365 460 3433 ὕμνον
487 3365 607 3436 Θεῷ
638 3368 798 3436 παρὰ
826 3365 938 3435 τῆς
966 3367 1159 3438 ἀρχῆς
1179 3371 1388 3437 αὐτοῦ,
1412 3372 1521 3425 τῶν
1542 3373 1634 3426 ὑπ’
1657 3373 1845 3441 αὐτοῦ,

266 3454 411 3511 καθά
443 3456 579 3526 φασί
608 3474 774 3523 τινες,
804 3459 1121 3530 ἀρχομένων
1141 3461 1202 3514 οὐ
1248 3465 1389 3516 κατὰ
1417 3464 1516 3533 τὴν
1562 3464 1843 3533 Ἰουδαίαν,

264 3549 405 3602 κατὰ
434 3547 491 3601 δὲ
525 3550 709 3604 πᾶσαν
742 3550 860 3619 τὴν
895 3549 1033 3621 γῆν.
1081 3552 1157 3605 Οὐ
1199 3553 1307 3625 γάρ
1336 3553 1412 3617 ὡς
1456 3555 1626 3609 πάλαι
1688 3557 1747 3611 ὲν
1777 3559 1843 3628 τῇ

275 3638 508 3710 Ἰουδαίᾳ
529 3639 769 3708 γνωστὸς
793 3640 820 3694 6
853 3640 1057 3712 Κύριος
1074 3643 1224 3721 “uad.
1248 3645 1307 3696 ὲν
1341 3644 1486 3715 μόνῳ
1509 3646 1588 3715 τῷ
1631 3645 1848 3718 Ἰσραὴλ

263 3733 325 3786 τὸ
353 3731 528 3802 ὄνομα
553 3731 741 3787 αὑτοῦ.
776 3733 995 3804 Πλήρης
1024 3734 1079 3788 δὲ
1109 3734 1204 3787 νῦν
1238 3736 1267 3788 6
1305 3737 1532 3807 οὐρανὸς
1581 3738 1675 3790 καὶ
1707 3740 1739 3808 ἡ
1771 3739 1843 3811 γῆ

263 3822 361 3893 τῆς
390 3821 548 3891 δόξης
569 3821 759 3877 αὐτοῦ.
791 3824 900 3876 Καὶ
934 3823 1099 3877 Δαϐιδ
1130 3823 1186 3877 δέ
1219 3842 1379 3895 φησι·
1418 3825 1843 3898 Πληρωθήσεται

260 3915 360 3985 τῆς
391 3913 552 3984 δόξης
581 3914 747 3968 αὐτοῦ
773 3916 924 3969 πᾶσα
959 3918 992 3988 ἡ
1026 3915 1122 3986 γῆ.

1953 3199 2177 3249 manna,
2207 3196 2399 3250 panem
2431 3181 2497 3235 de
2522 3180 2688 3246 caelo,
2717 3181 2807 3250 qui
2846 3179 3053 3234 mundo
3087 3182 3257 3235 vitam
3295 3183 3523 3252 prebet,

1952 3277 2169 3333 edimus
2194 3277 2261 3329 ⁷⁸.
2295 3275 2410 3329 lmo
2440 3282 2495 3328 et
2522 3274 2801 3338 laticibus,
2838 3274 2931 3343 qui
2980 3274 3047 3329 de
3103 3276 3413 3344 petra"‘,id
3440 3280 3527 3330 est

1952 3369 2196 3432 Christo,
2234 3374 2545 3431 manarunt,
2578 3366 2644 3420 ad
2671 3365 2897 3422 delicias
2927 3380 3102 3436 usque
3142 3366 3273 3436 poti,
3303 3373 3530 3420 sancto-

1950 3478 2059 3533 que
2086 3461 2417 3532 baptismate
2447 3459 2648 3521 abluti,
2681 3458 2913 3526 trajecto
2945 3454 3188 3514 Iordane
3210 3458 3264 3512 in
3291 3458 3528 3527 promis-

1951 3569 2070 3611 sam
2106 3563 2306 3608 terratn
2335 3550 2767 3621 penetravimus,
2803 3565 2967 3615 quam
2999 3550 3095 3620 qui
3138 3549 3284 3605 beati
3327 3548 3529 3617 praedi-

1950 3656 2168 3711 cantur,
2199 3645 2359 3698 mites
2404 3649 2825 3711 consequuntur
2852 3643 2918 3698 ".
2979 3642 3225 3708 Quorum
3281 3643 3528 3704 nomine,

1946 3738 2201 3808 hymnum
2240 3733 2348 3787 Deo
2377 3731 2442 3787 ab
2468 3733 2581 3801 ejus
2613 3734 2940 3802 principatu,
2974 3732 3028 3785 id
3056 3740 3165 3795 est,
3187 3742 3247 3786 ut
3277 3731 3525 3787 nonnulli

1947 3837 2162 3901 putant,
2185 3826 2253 3880 al)
2274 3826 2395 3894 ejus
2417 3823 2676 3887 subditis,
2704 3838 2812 3876 non
2838 3823 2894 3875 in
2911 3820 3123 3886 Judaaa,
3151 3821 3243 3875 sed
3272 3820 3525 3874 universa

1946 3929 2112 3980 terra,
2148 3913 2358 3971 cantari
2391 3912 2594 3968 decuit.
2621 3910 2739 3965 Non
2778 3911 2946 3972 enim,
2975 3919 3033 3964 ut
3076 3912 3206 3965 olim
3252 3910 3304 3964 in
3337 3909 3524 3964 Judaea

262 4019 433 4065 notus
466 4009 733 4066 Dominus
764 4010 844 4075 ⁷⁷,
870 4012 951 4066 sic
977 4020 1033 4067 et
1072 4027 1219 4066 nunc
1264 4012 1319 4067 in
1372 4012 1575 4069 Israele
1633 4023 1844 4071 tantum
1887 4015 2204 4071 celebratur
2235 4024 2434 4077 nomen
2467 4008 2611 4076 ejus,
2644 4008 2740 4062 sed
2777 4005 3027 4075 ejusdem
3091 4006 3254 4061 laude
3322 4005 3528 4061 ccelum

262 4109 315 4156 et
351 4108 524 4167 terra,
563 4099 765 4156 Davide
787 4110 949 4165 teste,
986 4102 1318 4169 redundant,
1358 4101 1451 4172 qui
1501 4102 1619 4172 ejus
1668 4103 1839 4173 gloria
1881 4114 2081 4160 terram
2114 4114 2330 4157 omnem
2362 4098 2624 4168 repletam
2660 4095 2727 4149 iri
2760 4096 3089 4150 vaticinatus
3109 4105 3187 4150 est
3223 4096 3291 4145 ⁷⁸.

331 4193 495 4257 Τίνες
524 4192 580 4246 δὲ
610 4193 658 4245 οἱ
694 4193 819 4256 τοὺς
854 4193 1079 4265 ᾅδοντας
1100 4193 1191 4246 τὸν
1217 4193 1429 4248 καινὸν
1449 4194 1642 4263 ὕμνον
1671 4195 1853 4249 ἱστάν-

265 4302 376 4352 τες,
414 4286 508 4339 καὶ
543 4285 680 4357 πρὸς
713 4285 875 4356 χορὸν
912 4284 1314 4354 συγκαλοῦντες
1346 4287 1753 4356 πνευματικόνς
1785 4290 1851 4343 υί

262 4378 361 4448 τὴν
386 4375 693 4432 θάλατταν
733 4375 1022 4442 πλέοντες
1052 4376 1141 4429 διὰ
1169 4376 1266 4446 τὴν
1298 4377 1495 4448 τέχνην
1533 4378 1843 4432 ἀπόστολοι.

264 4470 376 4523 Καὶ
407 4471 490 4522 ὅτι
519 4470 616 4537 τὴν
637 4467 761 4521 καθ’
784 4469 931 4540 ἡμᾶς
956 4468 1339 4539 περιπλέοντες
1362 4467 1684 4532 θάλατταν,
1715 4470 1847 4523 ποτὲ

264 4560 370 4630 μὲν
409 4560 721 4629 ἐννήσοις
759 4562 1079 4631 ἐκήρυττον,
1116 4560 1247 4613 ποτὲ
1273 4559 1328 4613 δὲ
1346 4559 1445 4630 τῆς
1485 4550 1714 4625 Ἰταλίας
1752 4562 1847 4614 καὶ

275 4650 556 4715 Ἱσπανίας
598 4651 876 4706 ἐπέκεινα.
906 4651 1176 4704 Ἔπλεον
1228 4650 1284 4704 δὲ
1316 4652 1408 4705 καὶ
1454 4651 1546 4705 τοῦ
1599 4653 1715 4724 βίου
1747 4654 1846 4722 τὴν

261 4742 591 4809 θάλατταν,
620 4743 690 4797 ἐν
723 4742 941 4811 νήσοις
982 4745 1102 4807 ταῖς
1144 4741 1255 4797 τῶν
1300 4742 1470 4797 ἐθνῶν
1499 4743 1850 4814 Ἐκκλησίαις

262 4836 631 4907 κηρύττοντες
680 4833 776 4888 τοῦ
840 4835 955 4905 βίου
1007 4836 1105 4899 τὰς
1152 4835 1477 4907 προσϐολὰς,
1520 4836 1851 4908 ὡς’κῦματα

263 4928 567 4997 φερούσαις
596 4928 691 4980 καὶ
744 4926 1053 4997 πνεύματα,
1095 4927 1226 4999 περὶ
1268 4920 1336 4998 ἧς
1370 4944 1536 4998 φησιν
1581 4930 1609 4982 6
1651 4929 1845 4982 Δαϐίδο

268 5038 287 5073 ι
312 5005 465 5089 Ᾱῦτη
515 5020 549 5090 ἡ
596 5017 842 5072 θάλασσα
877 5017 911 5088 ὴ
969 5018 1179 5089 μεγάλη
1216 5018 1308 5072 καὶ
1343 5018 1671 5092 εὐρύχωρος,
1703 5039 1721 5071 ι
1760 5021 1852 5074 καὶ

258 5110 332 5164 τά
352 5109 565 5174 τούτοις
599 5109 863 5180 ἑπόμενα.
899 5109 1055 5163 Ἐπεὶ
1075 5112 1170 5163 καὶ
1189 5109 1283 5163 τοῦ
1309 5109 1423 5179 βίου
1453 5113 1519 5164 τὰ
1549 5112 1853 5182 πράγματα

258 5202 325 5255 τὸ
353 5201 705 5272 ἀστάθμητον
739 5200 954 5271 ἔχοντα,
986 5201 1098 5256 ἄνω
1135 5202 1285 5256 κάτω
1319 5201 1579 5273 συγχύσει
1617 5205 1846 5256 κινεῖται

260 5295 458 5366 πολλῇ,
493 5297 560 5366 ἢν
593 5293 947 5348 διαπλέουσιν
997 5295 1044 5347 oi
1078 5293 1153 5364 μὴ
1194 5294 1330 5364 πρὸς
1371 5295 1541 5364 αὐτῆς
1591 5294 1849 5364 βαπτιζό-

263 5405 444 5460 μενοι,
470 5387 581 5442 τῶν
617 5388 674 5442 δὲ
702 5386 913 5459 ταύτης
952 5387 1215 5458 κυμάτων
1266 5388 1719 5462 ὑπερανέχοντες,
1759 5389 1853 5459 δη-

328 5503 378 5534 "
412 5501 604 5555 Matth.
640 5516 714 5564 tv,
742 5501 827 5555 l8.
906 5500 950 5533 ⁷³
979 5500 1018 5554 ll
1047 5500 1174 5555 Cor.
1206 5518 1260 5567 ν,
1294 5501 1383 5555 l7.

256 5589 422 5636 uxv,
454 5574 511 5626 2.
588 5570 634 5603 ’⁸
665 5569 810 5625 Psal.
843 5585 1065 5639 CXLVIII,
1113 5572 1167 5642 4,
1189 5565 1314 5628 7."
1349 5569 1498 5629 Psal.
1532 5565 1651 5637 etii,
1680 5571 1772 5626 ‘35.

334 5764 355 5788 "
382 5760 470 5813 ἴσ.
514 5756 903 5828 Ξνετρύφημιν.

1494 5501 1540 5533 ⁷⁸
1569 5499 1726 5556 Joan.
1758 5516 1831 5565 vt,
1860 5499 2041 5564 5|,‘55.
2065 5496 2125 5526 π’
2146 5493 2304 5550 ιαιιτ.
2341 5508 2396 5557 ι,
2422 5492 2475 5556 3,
2509 5491 2560 5545 4-

2031 4193 2256 4258 Verum,
2294 4191 2517 4261 quinam
2542 4197 2691 4250 sunt,
2724 4190 2816 4256 qui
2852 4187 3018 4241 allato
3063 4202 3188 4240 nova
3226 4186 3418 4257 hymno
3460 4185 3529 4239 ad

1958 4284 2244 4355 spirituale
2285 4280 2582 4348 tripudium
2627 4276 3025 4332 cohortantur?
3065 4276 3309 4345 Apostoli
3361 4276 3526 4330 nimi-

1954 4392 2100 4439 rum,
2141 4373 2233 4442 qui
2274 4371 2556 4440 navigandi
2598 4368 2792 4438 peritia
2832 4383 2979 4420 mare
3013 4373 3369 4437 superarunt.
3422 4365 3528 4429 Qui

1955 4484 2104 4520 mare
2133 4464 2333 4519 deinde
2366 4463 2527 4516 nobis
2557 4461 2952 4515 circumfusum
2988 4458 3331 4520 oberrantes,
3362 4456 3524 4512 Chri-

1952 4571 2097 4615 stum
2128 4556 2348 4627 quidem
2395 4554 2533 4608 alias
2581 4553 2636 4605 in
2703 4552 2917 4615 insulis,
2977 4552 3114 4606 alias
3167 4551 3331 4604 etiam
3384 4549 3528 4603 ultra

1948 4648 2179 4713 Italiam,
2217 4646 2468 4713 ultraque
2515 4640 2835 4710 Hispaniam
2869 4639 3310 4709 promulgarunt.
3359 4633 3530 4687 Navi-

1946 4747 2143 4813 garunt
2175 4752 2305 4793 vero
2338 4744 2393 4790 et
2434 4735 2558 4787 vitae
2592 4733 2754 4788 istius
2782 4733 3020 4801 pelagus,
3066 4730 3195 4784 dum
3250 4725 3529 4782 Ecclesias

1948 4832 2213 4905 gentium,
2242 4845 2362 4901 qua:
2386 4830 2511 4882 vita:
2542 4826 2708 4896 hujus
2734 4826 3046 4888 insultibus,
3074 4822 3331 4892 tanquam
3364 4817 3527 4873 undis
3606 4860 3626 4875 κ

1950 4936 2004 4982 et
2029 4925 2228 4985 ventis,
2259 4922 2676 4992 quatiebantur,
2712 4919 2766 4971 in
2800 4916 2996 4970 insulis
3037 4914 3384 4968 docuerunt:
3417 4923 3530 4979 quo

1952 5018 2019 5073 de
2046 5025 2099 5073 et
2141 5016 2230 5070 illa
2262 5022 2396 5071 sunt
2426 5011 2649 5066 Davidis
2679 5030 2691 5065 :
2726 5028 2743 5061 ι
2813 5007 2926 5061 lloc
2970 5022 3121 5061 mare
3173 5018 3431 5071 magnum
3474 5007 3529 5053 ct

1953 5114 2258 5185 spatiosum
2293 5109 2360 5177 τ’,
2406 5127 2425 5160 ο
2461 5114 2769 5174 caeteraque
2808 5116 2929 5172 quae
2958 5105 3285 5169 sequuntur.
3315 5094 3528 5150 Incerta

1953 5205 2149 5261 deinde
2198 5211 2255 5258 et
2304 5197 2679 5257 inconstantia
2733 5206 2861 5251 sunt
2909 5195 3076 5264 hujus
3133 5186 3524 5260 vitmttegotia,

1954 5308 2264 5364 magnaque
2309 5306 2412 5346 nos
2463 5286 2789 5343 confusione
2836 5299 3056 5340 sursum
3099 5282 3357 5337 deorsum
3418 5275 3531 5344 agi-

1953 5394 2095 5451 tant,
2123 5383 2324 5456 quibus
2351 5397 2409 5438 se
2436 5380 2538 5436 soli
2564 5378 2866 5449 explicant,
2901 5377 2994 5447 qui
3033 5376 3142 5430 illis
3172 5371 3335 5446 [‘72
3385 5382 3530 5422 nun-

2712 5488 2757 5521 ⁷⁸
2792 5486 2981 5541 Matth.
3019 5500 3068 5550 v,
3109 5485 3160 5539 4.
3308 5482 3350 5513 τ’
3379 5474 3525 5532 Psal-

1554 5681 1792 5741 VARUE
1831 5680 1991 5737 Ll'IC'l
2011 5678 2232 5735 lONES.
