3950 6388
523 334 659 399 2371

1859 319 2214 384 PROGOPII
2253 318 2499 381 ῦΑΖίΕΙ

3635 326 3757 395 2372

522 456 694 514 quam
726 437 972 513 demergi
1031 439 1428 511 sepatiuntur,
1460 436 1513 493 id
1540 444 1651 501 est,
1681 436 1775 508 qui
1817 435 2114 493 mundanis

2227 434 2352 507 λαϐὴ
2373 433 2486 487 τῶν
2529 433 2814 503 κοσμικῶν
2855 433 2994 507 πρός
3034 449 3098 502 γε
3157 434 3269 500 τοῖς
3301 434 3476 500 ἄλλοις
3514 455 3759 511 περίστοα.

526 550 589 591 se
618 533 1078 605 occupationibus
1107 547 1218 586 non
1252 531 1559 585 involvunt.
1607 527 1888 598 lntelligas
1926 534 1983 583 et
2028 528 2115 581 in-

527 626 771 681 sularum
799 624 1046 686 nomine.
1079 638 1272 678 eorum
1303 620 1472 676 etiam
1502 620 1740 685 animas,
1768 619 1863 690 qui
1908 618 2114 674 amaris

530 713 1041 785 perturbationibus
1067 722 1194 766 ante
1216 710 1421 766 Christi
1446 711 1739 764 adventum
1764 707 2113 764 inuudaban-

518 818 639 860 tur.
666 807 875 872 Quibus
900 804 1127 874 subjicit
1161 820 1175 857 :
1208 788 1431 866 Laetare,
1445 801 1735 865 desertum,
1760 810 1809 855 et
1839 802 1940 856 vici
1962 802 2115 872 ejus;

529 906 624 949 nul
655 897 958 951 secundum
997 896 1159 960 alios,
1210 894 1472 947 civitates.
1525 890 1731 947 Multas
1761 891 2035 961 siquidem
2061 890 2117 945 in

530 991 780 1044 Ecclesia
822 988 917 1043 Dei
978 987 1250 1052 civitates,
1289 1001 1391 1056 pro
1443 985 1597 1039 varia
1643 999 1835 1039 earum
1881 981 2122 1037 admini-

530 1082 747 1135 strandi
776 1078 1120 1151 regendique
1151 1079 1387 1142 ratione,
1422 1076 1687 1148 reperias.
1712 1076 1947 1145 Ideoque
1976 1085 2030 1131 et
2061 1074 2118 1130 in

529 1169 751 1244 Egypti
773 1172 1005 1236 visione,
1031 1171 1282 1241 quinque
1326 1169 1566 1222 civitates
1604 1169 1659 1222 in
1701 1165 1962 1238 IEgypto,
1993 1180 2116 1236 qua:

531 1263 712 1331 lingua
735 1262 1045 1315 Chananaea
1088 1267 1402 1322 uterentur,
1446 1258 1567 1313 fore
1606 1256 1955 1328 praedixerat.
1996 1255 2119 1310 Non

529 1355 732 1408 desunt
755 1360 964 1416 tamen,
1020 1351 1119 1421 qui
1155 1351 1348 1405 deserti
1398 1350 1640 1405 civitates
1663 1363 1758 1404 eas
1798 1363 1923 1405 esse
1974 1347 2125 1402 arbi-

531 1452 768 1510 trantur,
835 1458 975 1514 quas
1026 1442 1145 1497 suis
1191 1442 1509 1496 nominibus
1575 1438 1751 1495 Cedar
1816 1448 1873 1492 et
1901 1437 2119 1491 Petram

530 1543 870 1606 nuncupat:
928 1548 1165 1606 quarum
1229 1534 1324 1588 illa
1379 1531 1838 1597 Sarracenorum,
1873 1538 2123 1585 extremo

531 1644 699 1699 supra
739 1628 1000 1682 Arabiam
1057 1628 1263 1681 deserto
1321 1627 1426 1681 sita
1473 1634 1578 1692 est,
1647 1627 1765 1680 haec
1824 1633 2007 1679 autem
2067 1623 2123 1679 in

530 1717 822 1773 Palaestina
883 1718 1126 1787 regione,
1195 1716 1464 1788 impietati
1508 1724 1564 1771 et
1617 1714 1995 1786 superstitioni
2030 1713 2126 1786 ad-

2217 527 2395 599 σμῶν.
2423 525 2616 591 Είποις
2659 526 2707 580 δ’
2740 526 2806 581 ἄν
2835 525 3092 593 νήσους,
3127 525 3221 580 καὶ
3250 526 3347 590 τὰς
3385 528 3488 599 πρὸ
3514 530 3608 601 τῆς
3647 535 3763 607 Χρι.

2216 619 2346 674 στοῦ
2380 618 2689 691 παρουσίας
2723 617 2954 682 πάθεσιν
2994 618 3261 689 ἁλμυροῖς
3300 620 3766 690 κατακλυζομέναι

2216 710 2417 784 ψυχάς.
2457 713 2573 781 Ἐφ’
2594 709 2676 776 οἷς
2700 729 2864 783 φησιν
2883 726 2898 745 °
2927 711 3328 781 Εὐφράνθητι,
3353 711 3587 784 ἕρημος,
3615 718 3772 777 aulai

2218 805 2409 877 κῶμαι
2466 805 2699 875 αὐτῆς,
2748 806 2783 877 ἢ
2838 805 2981 859 κατὰ
3005 807 3132 869 τοὺς
3160 805 3403 871 λοιποὺς,
3456 811 3515 861 al
3565 811 3771 879 πόλεις.

2221 898 2425 952 Πολλαὶ
2452 897 2563 969 γὰρ
2621 899 2835 964 πόλεις
2870 900 2930 953 ἐν
2981 897 3279 968 Ἐκκλησία
3331 896 3487 961 Θεοῦ,
3528 901 3660 955 κατὰ
3689 904 3775 970 τὰς
3866 942 3878 961 .

2220 989 2839 1062 διαφόρουςπολιτείας,
2874 988 3247 1043 ὲπινοοῦνται.
3298 990 3391 1043 Διὸ
3436 992 3537 1045 κάν
3579 994 3643 1063 τῇ
3690 995 3775 1066 τῆς

2220 1081 2503 1150 Αἰγύπτου
2532 1083 2746 1153 ὁράσει,
2783 1081 2944 1135 πέντε
2984 1081 3197 1147 πόλεις
3226 1080 3415 1150 ἔλεγεν
3461 1083 3518 1134 ὲν
3542 1082 3776 1157 Αἰγύπτῳ

2222 1173 2553 1243 γενήσεσθαι
2577 1172 2847 1236 λαλούσας
2875 1172 3092 1244 γλώττῃ
3117 1173 3184 1241 τῇ
3205 1172 3541 1227 Χανανίτιδι.
3560 1173 3707 1236 Τινὲς
3730 1174 3777 1228 δὲ

2223 1268 2438 1332 πόλεις
2496 1263 2725 1335 ἐρήμου
2775 1265 2910 1334 φασὶ
2967 1265 3066 1329 τὰς
3114 1263 3547 1334 ἐπιφερομένας,
3592 1264 3685 1336 τήν
3727 1283 3776 1319 τε
3854 1324 3877 1331 ν,

2224 1356 2428 1427 Κηδὰρ
2457 1359 2554 1412 καὶ
2580 1359 2676 1429 τὴν
2706 1358 2958 1427 Πέτραν.
2987 1350 3092 1411 Ὠν
3128 1359 3162 1428 ή
3196 1357 3295 1428 μὲν
3332 1355 3521 1426 Κηδὰρ
3550 1357 3779 1428 Eupaer

2227 1450 2335 1505 νῶν
2362 1451 2519 1514 πόλις
2567 1450 2829 1505 ἐπέκεινα
2859 1452 2960 1521 τῆς
3000 1447 3263 1519 Ἀραϐίας
3310 1448 3404 1501 ἐπὶ
3430 1447 3531 1516 τῆς
3572 1449 3780 1519 ἐσχάτης

2227 1542 2477 1613 ἐρήμου.
2510 1544 2692 1613 Πέτρα
2713 1541 2771 1595 δὲ
2807 1540 3347 1611 δεισιδαιμονεστάτη
3379 1538 3535 1603 πόλις
3557 1542 3647 1612 τῆς
3687 1543 3781 1595 Πα-

2227 1632 2513 1702 λαιστίνης
2537 1648 2551 1662 ’
2587 1631 2655 1686 δι’
2687 1625 2762 1685 ὧν
2796 1631 3095 1702 γνωρίμων
3123 1629 3301 1683 οὐσῶν
3342 1629 3631 1694 Ἰουδαίοις,
3659 1631 3784 1701 δηλοῖ

2230 1726 2329 1780 καὶ
2355 1727 2436 1789 είς
2479 1726 2607 1788 τοὺς
2635 1724 2705 1779 τὰ
2737 1723 2944 1794 ἔσχατα
2976 1720 3373 1786 κατοικοῦντας
3399 1721 3510 1790 τῆς
3539 1721 3647 1792 γῆς
3670 1724 3783 1794 φθά-

531 1812 859 1867 dictissima.
927 1784 1173 1877 Quarum
1238 1784 1542 1876 mentione,
1595 1784 1856 1879 tanquam
1922 1784 2123 1862 Judaris

2235 1835 2351 1874 σειν
2400 1784 2501 1890 τὴν
2549 1784 2944 1887 εὐφροσύνην
2990 1814 3091 1886 τὴν
3145 1784 3375 1886 λογικὴν
3419 1784 3515 1868 και
3680 1784 3786 1882 τοὺς

534 1913 678 1958 notat
742 1905 878 1967 sint,
953 1904 1020 1959 ad
1071 1911 1354 1958 extremos
1421 1916 1601 1972 usque
1669 1911 1825 1955 terra:
1914 1900 2128 1956 incolas

531 1995 699 2050 etiam
745 1996 1057 2051 idololatria
1119 1997 1362 2050 maxime
1416 1995 1756 2059 laborantes,
1811 2001 2129 2049 manantem

532 2102 603 2141 cx
664 2088 834 2143 verbo
926 2087 1177 2143 itetitinm
1238 2095 1629 2158 perventuram
1709 2100 1835 2143 esse
1914 2086 2131 2156 signiti-

533 2187 643 2234 cat.
685 2179 762 2234 Ex
799 2180 1033 2250 singulis
1075 2180 1222 2236 enim
1282 2180 1617 2250 quibusdam
1680 2188 1734 2235 et
1780 2179 2130 2235 auditoribus

534 2272 761 2328 minime
796 2272 1025 2343 ignotis,
1059 2272 1128 2327 ad
1156 2282 1352 2344 gentes
1383 2273 1676 2328 universas
1727 2282 2128 2342 perventuram

534 2380 662 2421 esse
697 2366 791 2421 Dei
826 2366 1205 2436 cognitionem
1232 2367 1598 2423 demonstrat.
1632 2364 1861 2433 Deinde,
1886 2373 1943 2422 et
1984 2366 2128 2437 apud

535 2470 632 2510 cos
652 2455 841 2519 etiam,
865 2471 1104 2525 quorum
1132 2456 1400 2521 meminit,
1429 2456 1642 2512 Christi
1676 2456 1956 2511 Ecclesias
1980 2472 2127 2526 esse,

537 2548 682 2603 sicut
715 2548 1039 2617 praedictum
1071 2555 1215 2611 erat,
1264 2562 1429 2603 nemo
1482 2563 1597 2603 non
1651 2548 1823 2604 videt.
1856 2548 2022 2604 Dicas
2072 2556 2123 2605 et

540 2642 837 2706 Ecclesias,
890 2655 1013 2710 quae
1069 2640 1162 2694 Dei
1196 2640 1515 2710 cOgnitione
1566 2639 1845 2710 quondam
1899 2640 2128 2710 privata

537 2728 782 2794 fuerant,
821 2727 1015 2783 deserti
1056 2740 1280 2783 nomine
1305 2768 1320 2795 ,
1371 2742 1673 2799 earumque
1726 2729 2129 2799 ignorationem

539 2835 638 2891 per
675 2819 854 2874 Cedar
909 2820 1062 2890 (quo
1099 2812 1275 2876 verbo
1304 2822 1546 2877 tenebrae
1572 2821 1999 2894 signiﬁcantur)
2029 2821 2128 2878 de-

538 2913 841 2967 monstrari
874 2930 889 2966 :
920 2912 1127 2982 quibus
1171 2912 1309 2982 jam,
1358 2913 1490 2982 quia
1548 2912 1819 2968 illustrari
1872 2912 2127 2980 debeant,

540 3003 838 3059 annuntiat
860 3003 1055 3068 simul,
1092 3011 1150 3058 et
1171 3003 1335 3058 docet
1364 3002 1488 3058 fore
1518 3012 1604 3070 ut,
1641 3003 1950 3074 appellante
2003 3003 2129 3058 Sal-

2232 1911 2479 1983 ἐσχάτην
2524 1908 2971 1980 εἰδωλολατρείαν
3021 1908 3385 1980 νοσήσαντας.
3427 1907 3524 1962 Διά
3576 1907 3785 1979 μερικῶν

2232 2007 2345 2077 γάρ
2374 2021 2536 2058 τινων
2577 2007 2609 2073 ἡ
2661 2001 2858 2074 Γραφὴ
2886 2000 2985 2056 καὶ
3010 2003 3144 2065 ,τοῖς
3180 2001 3484 2071 ἀκροαταῖς
3527 2002 3785 2073 γνωρίμων

2232 2097 2336 2168 τῆς
2370 2096 2553 2167 πάσης
2573 2095 2680 2166 γῆς
2708 2095 2806 2166 τὴν
2839 2092 3169 2163 θεογνωσίαν
3203 2092 3558 2167 παρίστησιν.
3583 2094 3721 2146 Ἐστι
3740 2094 3786 2147 δι

2233 2186 2329 2241 νῦν
2375 2186 2504 2240 ἰδεῖν
2556 2185 2635 2249 ὡς
2680 2185 2780 2239 καὶ
2822 2183 2977 2256 παρὰ
3029 2185 3143 2248 τοῖς
3200 2184 3521 2254 εἰρημένοις
3580 2183 3785 2253 Χριστθῦ

2232 2278 2598 2348 τυγχάνουσιν
2627 2275 2956 2347 Ἐκκλησίαι
2980 2274 3125 2330 κατὰ
3151 2274 3252 2346 τὴν
3279 2274 3598 2348 πρόρρησιν.
3628 2273 3785 2340 Εἴποις

2232 2367 2279 2421 δ’
2309 2367 2377 2422 ἂν
2406 2367 2502 2420 καὶ
2526 2366 2624 2430 τὰς
2644 2366 2826 2438 ψυχὰς
2854 2368 2955 2431 τὰς
2981 2365 3366 2436 ἑστερημένας
3391 2365 3560 2418 πάλαι
3585 2364 3786 2433 θεογνω-

2234 2457 2359 2520 σίας
2385 2457 2608 2528 ἔρημον
2636 2457 2915 2527 λέγεσθαι,
2939 2452 3015 2512 ὦν
3036 2457 3136 2529 τὴν
3165 2457 3398 2527 ἄγνοιαν
3430 2456 3734 2528 παρίστησιν
3756 2458 3781 2527 ή
3813 2494 3823 2511 ι

2233 2548 2438 2619 Κηδὰρ
2492 2550 2805 2620 σκοτασμὸς
2876 2550 3321 2622 ἑρμηνευομὲνη.
3369 2551 3467 2613 Ἀς
3528 2549 3599 2612 ὡς
3645 2566 3786 2620 φωτι-
3876 2590 3877 2593 η

2237 2641 2588 2713 σθησομένας
2621 2641 3058 2711 εὐαγγελίζεται,
3096 2641 3236 2713 ὁμοῦ
3274 2642 3370 2696 καὶ
3414 2641 3686 2703 διδάσκων,
3723 2640 3783 2704 ὡς

2235 2735 2293 2789 ai
2326 2734 2466 2807 πρὸς
2495 2734 2596 2807 τὴν
2643 2734 2955 2809 παρουσίανὶ
2980 2736 3408 2806 ἀπομαχόμεναι
3448 2732 3539 2788 τοῦ
3570 2734 3782 2805 Σωτῆρος

2231 2825 2428 2897 ψυχαὶ,
2467 2826 2530 2880 τὸ
2550 2827 2689 2898 πρὸς
2718 2828 2882 2881 αὐτὸν
2918 2827 3087 2891 σέϐας
3123 2827 3574 2899 ὁμολογήσουσιν.
3604 2824 3781 2897 Χωρίον

2231 2916 2345 2987 γὰρ
2371 2919 2406 2989 ἡ
2436 2918 2642 2988 Κηδὰρ
2668 2918 2764 2972 τοῦ
2786 2918 2976 2988 γένους
3012 2917 3185 2972 Ἡσαῦ
3210 2918 3310 2972 τοῦ
3339 2918 3716 2980 διατελέσαντος
3736 2919 3781 2970 ἐν

2231 3008 2461 3079 πολέμῳ
2506 3009 2645 3082 πρὸς
2687 3009 3069 3085 Ἰερουσαλὴμ,
3125 3010 3221 3064 καὶ
3275 3010 3369 3065 τὸν
3416 3010 3574 3081 νόμον
3617 3009 3697 3063 τὸν
3735 3009 3781 3061 ὲν

534 3104 753 3160 vatore,
781 3109 904 3164 qua:
931 3094 1091 3146 victae
1121 3103 1280 3148 antea
1314 3091 1714 3162 debellatzeque
1763 3091 1986 3148 fuerant
2008 3092 2123 3147 ani-

2234 3102 2401 3173 αὐτῇ.
2434 3104 2543 3155 Καὶ
2577 3102 2753 3165 άλλως
2784 3103 2861 3166 δὲ,
2906 3105 2954 3156 oi
2992 3102 3425 3175 κατοικοῦντες
3448 3102 3662 3170 Πέτραν
3702 3101 3779 3154 εὐ-

536 3200 664 3254 mse,
696 3187 946 3257 ejusdem
980 3186 1191 3242 cultura
1252 3201 1448 3242 rursus
1483 3187 1886 3256 amplectantur
1906 3194 1968 3240 et
1995 3200 2123 3255 prae-

2238 3190 2717 3261 ερρανθήσονται.
2767 3193 2832 3246 Ἦ
2886 3193 2943 3247 δὲ
2973 3192 3151 3264 πέτρα
3193 3188 3268 3265 ἦν
3313 3193 3342 3246 ὁ
3392 3192 3634 3267 Χριστός.
3672 3191 3780 3262 Περὶ

534 3280 747 3336 dicent.
781 3278 906 3334 Fuit
934 3279 1085 3333 enim
1118 3277 1300 3335 ‘Cedar
1332 3286 1686 3350 posterorum
1750 3276 1898 3332 Esau
1945 3279 2123 3345 sedes,

2239 3284 2460 3338 πάντων
2516 3285 2577 3339 δὲ
2626 3284 2737 3338 τῶν
2793 3284 3101 3356 εἰρημένων
3143 3285 3352 3357 φησὶν,
3408 3285 3483 3350 ὼς
3533 3284 3599 3338 ἐν
3644 3282 3780 3353 ὄρεσι

537 3371 638 3441 qui
681 3370 779 3424 diu
827 3369 1099 3426 adversus
1150 3366 1462 3423 Jerusalem
1515 3377 1570 3423 et
1617 3367 1793 3439 legem
1846 3367 2033 3423 hostes
2073 3382 2123 3423 sc

2236 3376 2494 3444 στάντες
2544 3378 2654 3432 τῶν
2682 3377 2777 3431 τοῦ
2825 3377 2986 3444 Θεοῦ,
3027 3377 3280 3450 δηλονότι
3341 3378 3555 3447 λογίων,
3602 3378 3653 3431 ὲν
3682 3376 3779 3447 ὕψει

543 3464 921 3533 pmbuerunt.
956 3461 1108 3517 Alias
1150 3475 1286 3515 vero
1317 3459 1649 3515 (tutabantur
1682 3470 1736 3515 et
1770 3461 1865 3530 qui
1916 3459 2123 3517 Petram

2237 3471 2620 3541 προσοίσουσιν
2671 3471 2871 3542 ὕμνον
2923 3470 3099 3543 αὐτῷ,
3149 3474 3297 3527 κατὰ
3345 3472 3435 3526 τόυ
3486 3489 3504 3524 ι
3538 3472 3647 3526 Ἐπ’
3682 3470 3778 3541 ὅρος

543 3559 719 3627 ipsam
756 3556 1025 3625 incolunt;
1062 3570 1175 3625 quo
1224 3555 1447 3609 nomine
1488 3553 1750 3610 Christus
1799 3555 2123 3625 appellatur.

2237 3562 2441 3634 ὑψηλὸν
2460 3564 2717 3636 ἀνάϐηθι,
2752 3568 2784 3619 ὁ
2808 3564 3309 3638 εὐαγγελιζόμενος
3339 3564 3496 3619 Σιών.
3530 3583 3550 3617 ι
3572 3564 3672 3617 Καὶ
3696 3560 3778 3627 τὰς

541 3649 831 3722 Signiﬁcat
854 3656 1038 3703 autem
1078 3648 1395 3718 praemissos
1419 3662 1638 3714 omnes,
1667 3655 1931 3718 tanquam
1958 3648 2052 3718 qui
2077 3648 2123 3702 in

2230 3656 2454 3726 ἀρετὰς
2481 3659 2540 3712 δὲ
2568 3660 2736 3713 αὐτοῦ
2768 3662 2827 3714 ὲν
2868 3662 2987 3725 ταῖς
3033 3658 3444 3731 δεδηλωμέναις
3478 3656 3677 3725 νήσοις
3702 3655 3775 3723 ἀγ·

540 3741 806 3793 montium
844 3737 942 3793 'Dei
975 3738 1259 3793 verticibus
1310 3737 1576 3804 habitent,
1623 3737 1679 3793 id
1723 3748 1829 3805 est,
1878 3740 2123 3796 oraculo-

2234 3750 2437 3820 γελεῖν
2460 3768 2630 3823 φησιν
2654 3769 2669 3785 υ
2711 3753 2849 3823 ὅπερ
2888 3751 3110 3807 ἐποίουν
3149 3754 3199 3805 oi
3240 3751 3507 3823 μαθηταὶ,
3549 3747 3669 3802 ποτὲ
3702 3744 3768 3816 μὲν

541 3847 665 3887 rum
697 3832 821 3902 ejus
856 3831 1204 3887 altitudinem
1248 3841 1648 3902 assequamur,
1699 3833 1967 3905 hymnum
2021 3835 2123 3893 Deo

2234 3843 2401 3897 αὐτοῦ
2436 3845 2536 3915 τὴν
2583 3846 2960 3919 ὐπερκόσμιον
2985 3844 3278 3917 δηλοῦντες
3313 3844 3572 3915 θεότητα,
3604 3839 3713 3894 ποτὲ
3734 3835 3774 3889 δὲ

537 3940 667 3982 csse
714 3927 1038 3993 oblaturos;
1082 3924 1242 3995 juxta
1295 3925 1430 3979 illud
1465 3942 1479 3978 :
1523 3942 1542 3976 ι
1583 3924 1643 3979 In
1678 3936 1918 3981 montem
1955 3930 2123 3985 excel‘

2233 3935 2333 3998 τὰς
2366 3936 2646 4001 θεοσεϐίας
2668 3936 3050 4007 ἀγγέλλοντες.

544 4034 667 4073 sum
699 4020 958 4085 ascende,
1001 4019 1097 4090 qui
1135 4019 1484 4089 evangelizas
1519 4017 1656 4074 Sion
1683 4020 1754 4074 °°.
1794 4039 1813 4073 ι
1867 4021 1946 4075 Ad
2004 4023 2132 4093 hoc,
2173 4029 2393 4086 virtutes
2420 4032 2563 4102 ejus.
2589 4029 2646 4085 ln
2670 4031 2952 4103 praedictis
2977 4030 3140 4104 473
3217 4030 3417 4086 insulis
3484 4029 3774 4086 nuntiatum

543 4111 1074 4181 essedicit,qualia
1096 4118 1373 4165 constata
1402 4109 1835 4181 discipulisesse
1858 4111 2129 4184 factitata,
2204 4119 2336 4176 dum
2407 4123 2604 4194 partim
2649 4122 2876 4194 quidem
2929 4122 3107 4193 ipsius
3162 4121 3508 4179 divinitatem
3557 4117 3775 4184 mundum

543 4220 902 4275 exsuperare,
928 4205 1127 4275 partim
1152 4213 1343 4260 autem
1376 4220 1534 4262 veras
1577 4205 1672 4262 Dei
1721 4208 1942 4265 colendi
1986 4209 2136 4282 leges
2166 4216 2433 4273 exsistere
2462 4218 2641 4289 palam
2670 4218 3086 4291 proﬁterentur.

620 4297 1002 4368 Deinde,quia
1032 4296 1236 4353 ﬁducia
1289 4307 1344 4355 et
1383 4299 1645 4355 libertate
1700 4302 1941 4358 maxima
1985 4305 2051 4360 ad
2083 4305 2123 4360 it

2310 4311 2423 4365 Καὶ
2444 4310 2633 4384 ἐπειδὴ
2660 4312 2950 4385 παρρησίᾳ
2994 4311 3164 4385 πολλῇ
3215 4311 3349 4388 περὶ
3370 4312 3554 4366 τούτου
3600 4306 3778 4380 χρωμέο

545 4390 832 4446 utentibus
860 4405 969 4445 non
1001 4398 1159 4444 erant
1210 4389 1480 4458 defuturi,
1524 4406 1553 4445 a
1593 4391 1796 4462 quibus
1856 4410 2123 4468 oppugna-

2239 4422 2351 4469 νοις
2384 4404 2618 4476 ἤμελλον
2647 4406 3022 4477 ὲπαναστῆναι
3053 4405 3267 4473 πολλοὶ,
3290 4405 3391 4462 ,καὶ
3423 4406 3471 4458 οί
3502 4402 3586 4458 διὰ
3610 4399 3779 4455 τούτων

543 4491 782 4549 rentur;
820 4483 937 4538 sive
973 4480 1028 4537 id
1061 4497 1161 4538 sua
1194 4491 1418 4553 sponte,
1461 4484 1579 4539 sive
1609 4484 1922 4541 daemonum
1974 4504 2123 4559 oper:

2241 4499 2636 4569 ὲνεργήσαντες
2672 4497 2947 4569 δαίμονες,
2980 4497 3059 4562 ὡς
3104 4498 3169 4571 δὴ
3220 4497 3585 4568 σαλευομένης
3627 4490 3779 4552 αὐτοῖς

544 4577 763 4632 incitati
820 4575 1093 4638 facerent,
1149 4583 1416 4647 tanquam
1461 4592 1737 4633 concusso
1770 4589 1821 4635 et
1851 4590 2046 4637 ruente
2078 4582 2123 4637 il-

2241 4591 2342 4661 τῆς
2369 4590 2571 4662 ἀρχῆς,
2633 4589 2946 4654 άναλὼτους
2988 4590 3192 4654 αὐτοὺς
3238 4587 3597 4662 προαγορεύει
3647 4581 3775 4651 γενή-

545 4670 725 4726 lorum
761 4669 1020 4739 imperio,
1043 4668 1286 4734 eosdem,
1318 4667 1430 4723 Deo
1470 4670 1779 4740 opitulante
1826 4681 1882 4728 et
1927 4690 2123 4746 propu-

2246 4683 2458 4746 σεσθαι,
2484 4682 2963 4756 προπολεμοῦντος
3010 4682 3191 4737 αὐτῶν
3218 4683 3315 4737 τοῦ
3375 4680 3528 4736 Θεοῦ.
3572 4670 3779 4741 Ἐξελεὺ·

542 4774 773 4837 gnante,
805 4777 1092 4833 nunquam
1124 4761 1429 4832 expugnari
1457 4777 1620 4831 posse
1654 4763 1925 4834 pradicit.
1955 4765 2123 4822 Exibit

2244 4794 2397 4833 σεται
2421 4777 2498 4843 δὲ,
2524 4778 2712 4848 φησὶν,
2744 4776 2821 4840 ὡς
2864 4777 2958 4829 ἐπὶ
2994 4774 3261 4845 βασιλέως
3290 4775 3557 4841 ἐξιόντος
3593 4772 3670 4835 εὶς
3692 4766 3779 4819 πό·

544 4858 693 4912 cnim
745 4868 1008 4928 tanquam
1052 4870 1176 4921 rex,
1209 4855 1301 4926 qui
1339 4853 1611 4924 egreditur
1667 4855 1739 4910 ad
1777 4856 1992 4912 bellum.
2025 4858 2123 4915 lmt

2238 4873 2448 4940 λεμον.
2490 4867 2793 4938 Ἐπετερεῖ
2839 4867 2899 4921 δὲ
2953 4865 3163 4936 ζῆλον,
3223 4868 3257 4941 ἢ
3307 4867 3398 4922 τὸν
3441 4864 3566 4934 παρ’
3616 4853 3776 4915 ἑαυτοῦ

548 4950 833 5005 suscitabit
884 4948 1098 5015 zelum;
1132 4957 1228 5003 aut
1291 4962 1418 5002 cum
1472 4947 1710 5031 scilicet,
1761 4950 1917 5020 quia
1950 4968 2008 5008 se
2037 4964 2119 5009 est

2239 4962 2361 5016 κατ’
2390 4960 2601 5033 ἐχθρῶν
2630 4959 2894 5015 τοιοῦτον
2917 4960 3029 5032 γὰρ
3050 4978 3127 5014 πα
3138 4959 3209 5033 ρὰ
3232 4959 3476 5032 Ζαχαρία
3499 4956 3584 5023 τὸ,
3616 4974 3633 5005 ι
3653 4949 3778 5019 Ἐζή-

551 5042 821 5098 adversus
876 5043 1067 5098 hostes
1114 5060 1128 5096 :
1195 5041 1359 5112 quale
1420 5040 1557 5096 illud
1618 5050 1706 5099 est
1757 5046 1901 5114 apud
1935 5045 2123 5101 Zacha

2238 5054 2393 5109 λωκα
2415 5054 2514 5124 τὴν
2550 5052 2932 5124 Ἰερουσαλὴμ,
2966 5053 3060 5107 καὶ
3089 5054 3189 5123 τὴν
3214 5053 3355 5108 Σιὼν
3386 5050 3538 5117 ζῆλον
3565 5047 3772 5119 μέγαν,³

556 5133 690 5187 riam
722 5150 737 5186 :
771 5151 789 5183 ι
827 5131 1012 5187 Zelavi
1037 5134 1307 5189 adversus
1347 5131 1654 5189 Jerusalem
1685 5142 1742 5191 et
1774 5136 1927 5203 Sion,
1959 5141 2123 5195 zelun

2248 5145 2282 5217 ἦ
2311 5145 2439 5207 τοὺς
2470 5143 2610 5217 ὑπὲρ
2650 5144 2817 5198 αὐτοῦ
2849 5144 3233 5216 ζηλώσοντας,
3261 5146 3444 5206 ὁποῖος
3472 5137 3537 5213 ἧν
3566 5140 3593 5192 ὁ
3636 5136 3776 5201 ὶέῖων

474 5256 477 5259 ι
557 5235 817 5291 magnum
883 5222 954 5276 ⁸ι.
1003 5240 1023 5274 ι
1078 5226 1191 5277 Aut
1244 5237 1341 5278 cos
1403 5225 1684 5294 profecto,
1718 5228 1813 5296 qui
1838 5229 1891 5283 in
1926 5230 2123 5301 ipsum,

2259 5236 2587 5299 Ἀπόστολος
2611 5253 2624 5266 °
2665 5257 2684 5290 ι
2717 5238 2813 5301 Τίς
2864 5238 3012 5309 ἡμᾶς
3045 5239 3273 5309 χωρίσει
3320 5234 3427 5290 ἀπὸ
3472 5233 3566 5302 τῆς
3594 5229 3775 5297 ἀγάπης

556 5327 739 5366 amore
772 5320 1099 5367 exrestuant.
1139 5312 1330 5380 Qualis
1363 5318 1816 5386 eratApostolus,
1840 5321 1933 5391 qui
1959 5315 2087 5378 dicit
2116 5342 2123 5378 :

2244 5329 2338 5382 τοῦ
2373 5330 2647 5400 Χριστοῦ;
2692 5349 2711 5383 ι
2748 5330 2856 5389 Καὶ
2894 5330 3081 5384 πάλιν·
3120 5349 3138 5382 ι
3164 5329 3319 5400 Ἐμοὶ
3343 5327 3448 5397 γὰρ
3493 5323 3582 5379 καὶ
3605 5319 3660 5371 τὸ
3698 5314 3775 5387 ζῇν

558 5423 577 5453 ι
611 5402 748 5471 Quis
790 5419 895 5460 nos
948 5406 1223 5476 separabit
1261 5421 1290 5459 a
1317 5406 1612 5464 dilectione
1652 5408 1855 5467 Christi
1888 5409 2122 5467 ⁸¹⁴ΞιΕι⁸

2243 5421 2501 5491 Χριστὸς,
2533 5422 2629 5474 καὶ
2657 5422 2718 5474 τὸ
2748 5421 3043 5476 ἀποθανεῖν
3075 5420 3284 5492 κέρδος.
3323 5436 3342 5469 ι
3364 5410 3599 5487 Ζηλωταὶ
3622 5408 3673 5463 δὲ
3701 5401 3775 5459 καὶ

624 5584 672 5619 ”
708 5585 813 5643 lsa.
850 5604 936 5655 XL,
981 5590 1034 5646 9.
1114 5593 1157 5625 ει
1193 5592 1363 5653 Zaclt.
1397 5612 1512 5652 \‘lll.
1536 5598 1592 5653 2.
1671 5599 1716 5631 ⁸¹
1751 5600 1910 5655 Rom.
1948 5617 2067 5666 vttt,
2099 5602 2123 5655 Ξ

2264 5603 2310 5636 ⁸³
2339 5547 2577 5683 Phiiipp.
2614 5626 2650 5677 ι,
2692 5609 2780 5664 2|.

1859 5722 2089 5778 \‘Alilf.
2124 5724 2533 5784 LEtlTlONES.

623 5777 647 5818 δ
682 5799 772 5851 γρ.
796 5781 1299 5856 κατακλυζομὲνας.
