3950 6412
162 324 298 391 2373

1288 332 1830 393 COMMENTARII
1872 334 1953 394 IN
1994 332 2282 393 ISAIAM.

3262 327 3406 391 2374

160 452 203 505 υι
228 450 364 505 θεῖοι
403 447 662 518 γεγόνασι
696 448 993 519 μάρτυρες.
1035 446 1093 501 '0
1124 447 1182 501 δὲ
1233 446 1416 514 ζῆλος
1460 450 1521 501 οὐ
1554 446 1727 510 πάθος

1837 463 2064 504 rursus:
2093 468 2110 500 ι
2142 447 2271 501 Mihi
2297 448 2444 501 enim
2478 455 2533 503 et
2559 444 2743 502 vivere
2769 446 3029 504 Christus
3062 455 3169 517 est,
3196 458 3252 505 et
3271 453 3409 505 mnri

158 540 307 602 Θεοῦ.
337 540 431 593 ἐπὶ
470 538 527 592 δὲ
577 540 705 601 τοὺς
744 538 1139 609 ἡμαρτηκότας
1171 539 1473 607 ἐκδίκησις.
1517 539 1605 601 Ὠς
1637 540 1730 591 ἐπὶ

161 628 452 700 πολεμικοῦ
475 630 533 684 δὲ
558 628 897 698 ἀλαλαγμοῦ,
925 630 1018 684 καὶ
1039 628 1099 681 τὸ
1126 628 1425 696 βοήσεται
1463 630 1562 684 ἐπὶ
1590 630 1731 697 τσὺς

92 735 111 743 υ
155 718 405 790 ἐχθροὺς
430 719 757 789 ιπενήνοχεν
778 734 791 749 ο
826 718 856 772 θ
875 717 941 789 δὴ
967 717 1214 772 ποιοῦσιν
1238 718 1269 788 ἢ
1305 718 1727 788 συμϐάλλοντες.

156 810 185 879 ἢ
232 810 665 880 κατορχούμενοι
709 808 819 863 τῶν
850 810 1192 881 ἡττημένων.
1235 806 1373 865 Εἶτα
1404 810 1501 883 τὴν
1529 812 1730 881 πολλὴν

154 901 241 953 ἐπὶ
263 904 379 963 τοῖς
420 900 631 955 ἔθνεσιν
651 899 1104 972 είδωλολατροῦσι
1138 903 1525 974 μακροθυμίαν
1555 904 1730 973 δηλῶν

155 994 481 1063 ἐπενήνοχεν
500 1008 514 1023 '
562 993 932 1061 Ἐσιώπησα,
958 995 1046 1065 μὴ
1069 998 1168 1052 καὶ
1192 998 1284 1053 ἀεὶ
1312 999 1731 1069 σιωπήσωμαη

159 1081 355 1135 Ἤθελε
393 1082 495 1151 μὲν
539 1085 653 1156 γὰρ
702 1086 796 1138 καὶ
829 1085 997 1140 πάλαι
1056 1087 1325 1158 ῥύσασθαι
1356 1089 1580 1155 τούτους
1634 1092 1729 1146 τοῦ

154 1170 388 1226 Σατανᾶ,
413 1172 519 1224 Τὸν
546 1171 602 1226 δὲ
630 1173 976 1244 προσήκοντα
1004 1176 1192 1247 καιρὸν
1223 1180 1536 1248 περιέμενε,
1566 1181 1730 1251 μέχρι

155 1262 237 1315 διὰ
263 1261 505 1333 Χριστοῦ
526 1262 635 1316 τῶν
657 1265 803 1333 ἡμᾶς
828 1266 1188 1335 νενικηκότων
1204 1270 1729 1339 κατεστρατεύσατο.

158 1350 322 1404 Τοῦτο
346 1350 408 1403 δὲ
432 1351 494 1403 τὸ
510 1350 851 1419 ἐσιώπησα,
879 1354 973 1406 καὶ
989 1354 1085 1407 ἐπὶ
1103 1354 1198 1407 τοῦ
1214 1357 1478 1425 λεγεῶνος
1500 1360 1731 1431 ἁρμόσει

82 1514 85 1519 ν
156 1439 245 1494 τοῦ
294 1441 450 1511 παρᾶ
506 1441 634 1504 τοὺς
670 1441 877 1510 τάφους
901 1464 908 1469 -
932 1444 1253 1501 ἀποκτεῖναι
1309 1448 1399 1503 τὸν
1447 1449 1732 1522 ἄνθρωπον

158 1529 511 1602 ἐθελήσαντος
529 1546 544 1560 ⁸
578 1532 671 1585 καὶ
690 1533 783 1585 ἐπὶ
815 1533 913 1603 τῆς
934 1534 1162 1589 καθόλου
1183 1541 1438 1609 κρίσεως,
1463 1540 1730 1613 ἡνίκαπερ

157 1623 451 1678 ἀποδίδωσι
494 1624 565 1677 τὰ
601 1626 738 1695 προς
781 1625 938 1693 ἀξίαν
984 1629 1223 1701 ἑκάστῳ.
1258 1631 1368 1701 Τὴν
1416 1634 1548 1706 περὶ
1585 1637 1732 1705 ἡμᾶς

1833 540 2067 594 lucrum.
2117 555 2136 589 ι
2217 537 2346 593 Zelo
2377 554 2507 593 vero
2538 536 2839 608 ﬂagrarunt
2867 548 2925 595 et
2944 540 3086 595 beati
3117 549 3408 612 martyres.

1834 630 2061 695 Deinde,
2086 644 2211 686 cum
2242 631 2385 685 zelus
2401 630 2511 685 Deo
2538 631 2822 697 tribuitur,
2842 646 2951 686 non
2972 632 3159 701 passio
3183 633 3367 702 aliqua
3392 668 3409 697 ,

1832 722 1926 777 sed
1958 721 2010 774 in
2046 736 2160 784 eos,
2190 722 2282 791 qui
2333 732 2583 792 peccant,
2621 723 3027 788 animadversio
3058 723 3408 780 demonstra-

1834 819 1943 864 tur.
1984 796 2277 876 Praiterea,
2306 821 2563 879 tanquam
2607 811 2676 866 de
2720 812 2913 867 bellica
2960 811 3357 868 vociferatione
3393 832 3408 868 :

1835 900 1903 955 Et
1938 901 2191 955 clamabit
2215 918 2372 970 super
2397 903 2573 957 hostes
2604 919 2748 969 suos,
2789 904 2975 958 intulit
3005 920 3020 968 ;
3048 906 3212 975 quale
3240 914 3333 959 aut
3354 905 3410 960 in

1830 987 2088 1042 conﬂictu
2120 990 2260 1057 ipso,
2301 998 2396 1045 aut
2427 992 2553 1044 dum
2586 991 2748 1049 victis
2778 992 3095 1059 insultatur,
3123 1008 3155 1046 a
3183 995 3412 1049 victori-

1832 1076 1938 1133 bus
1977 1078 2117 1135 ellici
2151 1082 2458 1135 consuevit.
2502 1080 2730 1145 Deinde,
2765 1090 2822 1136 ut
2849 1084 3077 1137 multam
3112 1085 3167 1137 in
3196 1093 3407 1154 gentes,

1832 1185 1955 1240 quae
1995 1171 2142 1225 idola
2175 1172 2482 1237 coluerunt,
2517 1174 2686 1226 animi
2723 1173 2811 1228 sui
2847 1175 3124 1230 lenitatem
3149 1176 3410 1232 ostende-

1832 1268 1939 1327 ret,
1963 1263 2108 1317 tacui
2126 1261 2329 1331 adjecit
2363 1281 2377 1317 :
2399 1260 2452 1315 N
2459 1279 2543 1315 um
2560 1279 2766 1332 semper
2785 1266 2949 1319 etiam
2979 1267 3163 1322 tacebo
3181 1269 3206 1321 ?
3226 1267 3410 1323 Voluit

1832 1352 1980 1409 enim
2006 1361 2064 1406 et
2091 1353 2313 1407 eosdem
2347 1351 2564 1408 Satanae
2589 1354 2796 1408 dudum
2833 1359 3043 1425 eripere
3093 1358 3190 1413 sed
3223 1373 3291 1413 eo
3316 1373 3411 1413 us-

1833 1459 1941 1514 que
1963 1444 2225 1514 temporis
2240 1446 2705 1514 opportunitatem
2728 1447 3148 1516 exspectandam
3171 1449 3409 1511 censuit,

1834 1537 2010 1592 donec
2041 1536 2262 1589 Christo
2310 1535 2469 1601 duce,
2505 1536 2561 1589 in
2587 1551 2703 1602 eos,
2736 1551 2765 1589 a
2797 1538 3001 1606 quibus
3030 1538 3408 1604 vincebamur,

1835 1627 1979 1682 bella
2001 1634 2239 1697 gereret.
2263 1626 2334 1681 At
2355 1626 2503 1697 quod
2532 1627 2682 1680 tacui
2710 1628 2868 1692 dicit,
2891 1628 3057 1682 etiam
3092 1628 3293 1697 legioni
3324 1643 3410 1683 re-

155 1714 208 1768 δὲ
263 1715 432 1784 φειδὼ
485 1718 782 1789 παρίστησι
833 1719 926 1773 τοῦ
975 1720 1133 1785 Θεοῦ,
1192 1722 1252 1776 τὸ
1300 1724 1399 1795 τὴν
1448 1727 1726 1798 ἡμετέραν

1839 1727 1927 1772 cte
1956 1718 2249 1772 conveniat
2276 1716 2346 1782 ⁸⁸,
2379 1718 2474 1788 qui
2516 1718 2583 1772 ad
2617 1719 2867 1788 sepulcra
2894 1719 3173 1774 hominem
3203 1722 3411 1775 exstin-

156 1808 331 1862 σίονεὶ
398 1810 674 1880 σωτηρίαν
729 1809 967 1870 ὠδίνειν
1021 1812 1121 1877 τὰς
1172 1815 1280 1869 τῶν
1347 1818 1723 1890 ὑποκειμένων

1837 1824 1995 1879 gnere
2025 1817 2263 1863 conatus
2289 1817 2395 1864 est.
2422 1809 2730 1865 Conveniat
2762 1812 2931 1864 etiam
2966 1820 3021 1865 et
3051 1812 3307 1866 universo
3335 1812 3410 1865 illi

153 1898 522 1971 οἰκειούμενον
567 1901 777 1969 φύσεις,
808 1902 885 1966 ὡς
939 1904 1009 1958 τὰ
1055 1905 1255 1973 ἔκγονα
1305 1908 1591 1974 ὠδίνουσα,
1628 1914 1722 1965 καὶ

1837 1900 2054 1967 judicio,
2089 1915 2199 1969 quo
2229 1909 2473 1969 tempore
2505 1916 2606 1971 pro
2653 1902 2974 1956 meritorum
3028 1903 3262 1966 ratione,
3312 1919 3410 1957 sua

154 1989 323 2043 ταῦτα
352 1990 583 2062 μηδενὸς
612 1991 894 2056 ποιοῦντος
940 1997 1285 2066 χρηστότητα
1313 2002 1455 2053 κατὰ
1482 2002 1572 2054 τὸν
1618 2005 1726 2057 Δα-

155 2083 233 2135 6ίδ
251 2100 267 2112 ·
301 2083 381 2136 Οὐ
415 2085 946 2153 κατοιήσωο-ετοίνυν
972 2087 1040 2140 δι’
1071 2088 1294 2160 ἀγάπην
1330 2091 1723 2164 μακροθυμῶν,

152 2170 222 2235 ὡς
276 2171 466 2242 ἐκείνη
524 2172 812 2243 πάσχουσα
852 2175 1059 2229 τέκνων
1108 2175 1307 2244 ἑλπίδι,
1341 2178 1569 2250 ἠρεμεῖν
1625 2182 1725 2250 μὲν

156 2262 550 2335 παραγγέλλων
565 2267 676 2329 τοῖς
703 2264 953 2331 πάθεσιν,
978 2269 1330 2338 πηγαςούσας
1350 2271 1407 2324 δὲ
1425 2271 1730 2341 ξηραίνωγ

156 2354 246 2417 τὰς
274 2354 495 2422 ἡδονὰς,
533 2356 790 2428 τοιαύτην
839 2358 1025 2422 αὐτοῖς
1072 2360 1398 2431 προσάγων
1441 2363 1528 2418 διὰ
1559 2382 1729 2435 μετα-

159 2447 302 2512 νόίας
326 2447 439 2501 ἀπὺ
470 2446 579 2502 τῶν
610 2448 833 2504 ἀτόπων
854 2450 953 2522 τὴν
981 2452 1256 2509 ἔκστασιν.
1273 2454 1397 2518 Πῶς
1422 2456 1528 2528 γὰρ
1555 2458 1622 2512 ἄν
1645 2474 1729 2521 τις

159 2539 515 2611 μετανοήσειε
571 2539 645 2610 μὴ
673 2542 978 2609 καταγνοὺς
1003 2543 1222 2611 ἑαυτοῦ,
1254 2547 1349 2600 καὶ
1381 2546 1490 2601 τῶν
1530 2549 1728 2619 προτέ-

160 2644 265 2698 ρων
294 2630 680 2699 παυσάμενοςς
725 2633 864 2687 κατὰ
889 2633 977 2687 τόο
1024 2652 1043 2687 ι
1089 2634 1208 2690 ”()τ’
1241 2634 1309 2690 ἂν
1359 2638 1730 2712 ἀποστραφεὶς

160 2721 461 2788 στενάξεις,
525 2723 650 2777 τότε
696 2724 939 2797 σωθήσῃ.
973 2744 992 2778 ι
1046 2727 1218 2782 Τοῦτο
1262 2729 1318 2783 δὲ
1363 2732 1560 2798 πᾶσιν,
1606 2733 1731 2787 ὅσον

157 2811 241 2879 ἐφ’
270 2810 474 2882 ἑαυτῷ,
506 2812 741 2884 Χριστὸς
795 2815 1143 2887 ἐπιδημήσας
1174 2819 1468 2890 εἰργάσατο
1490 2838 1506 2855 ο
1533 2822 1582 2874 εί
1636 2822 1731 2877 καὶ

160 2901 381 2969 τυφλοί
397 2918 563 2968 τινες,
591 2902 687 2957 τοῦ
706 2904 884 2972 φωτὸς
910 2906 1200 2976 παρόντος,
1231 2908 1505 2979 διαμένειν
1531 2911 1733 2965 ἐσπού-

156 2990 327 3044 δασαν
385 2992 525 3063 πρὸς
562 2995 689 3058 τοὺς
733 2994 911 3060 θείους
959 2997 1471 3070 ὲθελοκωφήσαντες
1517 3001 1730 3071 λόγους,

1828 1991 2064 2060 singulis
2082 1998 2170 2045 est
2195 1990 2532 2046 redditurus.
2556 1991 2849 2056 Caeterum,
2866 1992 2948 2046 vel
2963 2007 3032 2046 eo
3054 1992 3213 2047 nobis
3238 1990 3410 2048 Deum

1827 2096 2062 2152 parcere
2101 2081 2448 2136 demonstrat
2475 2082 2736 2145 maxime,
2754 2082 2900 2153 quod
2926 2084 2998 2136 ita
3033 2086 3414 2139 nosti-assam-

1831 2173 1903 2229 tis
1938 2173 2159 2228 nomine
2201 2183 2455 2242 angatur,
2491 2183 2552 2227 ut
2600 2174 2944 2229 subditorum
2975 2184 3258 2246 assumpta
3285 2192 3412 2246 per-

1829 2280 1967 2321 sona
1997 2265 2154 2319 veluti
2176 2273 2422 2319 nostram
2452 2265 2681 2319 salutem
2710 2266 3004 2333 parturiat,
3027 2268 3178 2322 nullo
3203 2277 3410 2331 tamen.

1830 2354 2035 2411 Davide
2067 2362 2223 2418 teste,
2255 2353 2402 2423 quod
2436 2362 2643 2410 rectum
2667 2363 2752 2410 est
2773 2353 3008 2410 faciente
3040 2357 3124 2420 ⁸⁸⁸,
3162 2357 3404 2411 dolorem

1837 2450 1996 2506 ferat.
2051 2445 2171 2502 Non
2198 2446 2526 2501 transferam
2575 2446 2766 2515 igitur,
2796 2446 2996 2516 inquit,
3022 2454 3247 2517 prapter
3271 2448 3414 2501 dile-

1828 2541 2074 2595 ctionem
2127 2552 2287 2608 aequo
2343 2537 2525 2591 animo
2544 2536 2712 2609 474
2760 2538 3062 2608 perferens,
3097 2538 3416 2594 doloribus-

1828 2646 1938 2701 que
1960 2616 2282 2699 imperans;
2320 2637 2379 2683 ut
2413 2629 2530 2693 illa,
2562 2645 2685 2699 quae
2719 2630 3015 2684 liberorum
3034 2626 3134 2700 'spe
3155 2621 3363 2701 patitur
3395 2649 3411 2685 :

1832 2723 1927 2779 sed
1958 2722 2327 2778 scaturientes
2346 2720 2627 2774 exsiccabo
2655 2722 2984 2790 voluptates,
2999 2737 3120 2779 eam
3142 2723 3251 2779 illis
3268 2738 3418 2777 aver-

1828 2815 2035 2866 siouem
2065 2811 2338 2866 scelerum
2370 2825 2467 2880 per
2526 2811 2908 2881 paenitentiam
2973 2811 3274 2869 adducens.
3310 2814 3416 2880 Qui

1824 2906 2007 2976 possit
2030 2904 2176 2961 enim
2199 2903 2551 2973 resipiscere,
2581 2904 2675 2973 qui
2699 2918 2800 2959 nec
2817 2904 3034 2974 culpam
3065 2919 3222 2960 suam
3252 2919 3420 2970 agno-

1836 2999 1942 3055 scit
1985 3013 2001 3059 ;
2036 3014 2136 3054 nec
2161 2999 2289 3052 vitae
2342 2996 2550 3066 prioris
2583 2994 2764 3051 studia
2815 2997 3073 3052 omittit?
3106 2997 3237 3053 inde
3283 2997 3418 3053 illud

158 3082 253 3135 καὶ
276 3084 393 3147 τοῖς
427 3084 669 3149 εἰδώλοις
706 3086 1011 3157 ἐνέμειναν,
1043 3089 1186 3143 κατὰ
1207 3089 1268 3143 τό
1290 3106 1304 3120 °
1331 3108 1352 3143 ι
1374 3090 1591 3163 Ὅμοιοι
1635 3093 1733 3147 αὑ-

1837 3099 1953 3147 est:
1980 3109 2002 3143 ι
2027 3090 2162 3145 Cum
2191 3103 2446 3144 reversus
2474 3087 2834 3158 ingemueris,
2849 3098 2981 3143 tunc
2997 3090 3297 3145 salvaberis
3313 3089 3381 3144 ⁸⁸.
3395 3108 3416 3140 ι

158 3174 268 3237 τοῖς
306 3174 553 3242 γένοιντο
581 3177 629 3229 οἱ
655 3176 931 3242 ποιοῦντες
956 3179 1118 3234 αὐτά.
1150 3198 1170 3233 ι

1844 3184 2085 3254 ldipsum
2137 3196 2268 3236 vero
2323 3180 2600 3242 omnibus,
2638 3190 2905 3248 quantum
2941 3179 2998 3233 in
3030 3196 3092 3235 se
3134 3180 3257 3243 fuit,
3288 3180 3423 3235 dum

162 3264 208 3317 in
235 3265 407 3319 terris
446 3274 651 3334 ageret.
681 3264 936 3322 Christus
987 3268 1259 3336 praestitit.
1294 3270 1414 3326 Etsi
1454 3273 1578 3327 claci
1617 3273 1841 3344 quidam
1872 3274 2015 3329 lucis
2045 3271 2212 3340 hujus
2248 3284 2356 3324 non
2379 3268 2677 3334 defuerint,
2709 3270 2807 3340 qui
2839 3281 3034 3339 sponte
3061 3264 3158 3327 sua
3194 3271 3248 3327 in
3279 3271 3423 3326 divi'

156 3356 239 3411 nis
270 3356 406 3412 istis
440 3357 787 3414 sermonibus
816 3359 1073 3416 caecutire
1107 3376 1344 3433 semper,
1363 3371 1417 3420 et
1439 3380 1540 3438 pro
1574 3366 1738 3425 idolis
1759 3369 1877 3426 suis
1906 3375 2057 3425 stare
2089 3363 2412 3429 maluerint,
2448 3361 2609 3432 juxta
2638 3363 2775 3418 illud
2808 3381 2823 3419 :
2863 3381 2882 3415 ι
2914 3360 3135 3418 Similes
3159 3363 3268 3420 illis
3295 3355 3424 3419 facti

154 3456 309 3514 sunt,
336 3448 438 3518 qui
469 3448 801 3506 feceruntea
829 3451 897 3510 ⁸⁷.
920 3469 941 3503 ι

218 3543 302 3596 Τδ
338 3542 422 3609 δὲ,
446 3542 751 3609 ἐκστήσω,
778 3528 922 3609 τινὲς
949 3544 1006 3617 ἢ,
1034 3545 1126 3603 ἐπὶ
1148 3546 1244 3601 τοῦ
1284 3548 1387 3620 τῆς
1437 3549 1529 3604 ὑπ’
1554 3550 1736 3607 αὐτῶν

148 3635 544 3704 κρατουμένης
573 3635 677 3704 γῆς
709 3634 815 3700 ἐξω
844 3638 1077 3706 ποιήσω,
1111 3639 1266 3706 φασὶ,
1295 3640 1391 3694 καὶ
1423 3641 1524 3711 τῆς
1577 3658 1736 3712 περι-

145 3726 474 3796 ωρισμὲνης
489 3725 677 3791 αὐτοῖς
698 3727 842 3781 κατᾶ
865 3729 1083 3783 πάντων
1098 3729 1294 3802 ἀρχῆς,
1313 3731 1455 3785 κατὰ
1470 3732 1532 3785 τό
1544 3749 1557 3762 ⁸
1587 3751 1607 3784 ι
1619 3733 1735 3789 Νῦν

142 3817 171 3869 ὁ
224 3817 425 3887 ἄρχων
473 3816 568 3870 τοῦ
616 3817 824 3888 κόσμου
868 3818 1058 3874 τούτου
1098 3821 1500 3894 ἐκϐληθήσεται
1549 3823 1676 3893 ἔξω,
1708 3844 1727 3878 ι

144 3910 325 3980 ήγουν
382 3909 484 3963 ἐπί
530 3909 639 3965 τοῦ
684 3911 985 3980 θαυμάσαι
1007 3915 1033 3953 ε
1072 3913 1283 3984 ποιήσω
1328 3916 1454 3979 τοὺς
1494 3916 1735 3991 ὁρῶντας

153 4003 213 4056 τὰ
259 4003 703 4074 κατωρθωμένα.
769 4004 897 4075 Ἐφ’.
924 3999 1008 4069 οἷς
1060 4006 1152 4060 καὶ
1193 4004 1518 4080 Ἀμσακοὺμ
1568 4026 1739 4065 κατα-

148 4092 561 4163 πληττόμενος,
589 4094 741 4163 ἔλεγε
761 4110 776 4126 ο
836 4114 854 4147 ι
881 4095 1077 4167 Κύριε,
1108 4098 1413 4169 είσακήκοα
1441 4100 1538 4170 τὴν
1566 4102 1740 4173 ἀκοήν

149 4198 274 4248 σου,
308 4188 412 4237 καὶ
441 4184 739 4255 ἐφοϐήθην.
772 4186 968 4258 Κύριε,
1003 4188 1311 4260 κατενόησα
1335 4191 1404 4245 τὰ
1440 4191 1583 4262 ἔργα
1624 4210 1740 4261 σου,

148 4275 246 4326 καὶ
275 4273 527 4345 ἐξέστην.
561 4292 580 4326 ι
610 4276 683 4329 Τὸ
704 4274 762 4328 δὲ
808 4277 1000 4345 ξηρὰν
1045 4279 1295 4350 σφηνίζει
1323 4281 1497 4350 λέγων
1517 4298 1532 4313 ⁸
1566 4283 1743 4351 Θήσω

148 4365 265 4436 γὰρ
297 4365 608 4434 ποταμοὺς
633 4369 725 4434 εις
750 4366 1005 4437 νήσους,
1036 4370 1134 4425 καὶ
1162 4371 1271 4441 ἕλη
1302 4373 1562 4443 «inparti,
1599 4377 1741 4431 οὓτω

1909 3544 2017 3604 Sed
2044 3545 2313 3601 avertendi
2346 3542 2578 3600 verbum
2602 3542 2679 3597 ita
2714 3551 2987 3614 usurpant
3020 3544 3271 3601 nonnulli
3299 3562 3314 3609 ;
3343 3553 3424 3609 nt,
3522 3537 3526 3540 ’

1835 3646 1931 3695 aut
1953 3637 2229 3692 daemonas
2251 3645 2417 3702 terra,
2442 3648 2608 3704 quam
2629 3636 2915 3703 possident
2970 3650 3080 3691 non
3120 3638 3429 3706 ejectnrum

1834 3746 1898 3788 se
1925 3729 2113 3794 modo,
2143 3729 2242 3784 sed
2273 3727 2547 3798 praefinito
2573 3730 2625 3783 in
2654 3742 2852 3782 omnes
2896 3728 3131 3796 imperio
3175 3730 3425 3797 privatu—

1842 3837 1997 3888 rum;
2027 3820 2186 3891 juxta
2240 3818 2377 3875 illud
2406 3838 2421 3872 :
2457 3837 2477 3872 ι
2512 3819 2673 3873 Nunc
2731 3819 2988 3888 princeps
3020 3821 3213 3874 mundi
3260 3820 3425 3889 hujus

1842 3908 2096 3980 ejicietur
2139 3906 2297 3967 foras.
2320 3909 2367 3941 ⁸⁸
2398 3928 2411 3964 :
2444 3927 2463 3960 ι
2502 3908 2817 3981 signiﬁcare
2872 3917 3086 3978 putent.
3109 3913 3219 3964 Aut
3251 3920 3423 3977 certe,
3480 3898 3495 3899 ί

1838 4012 1894 4056 ut
1913 4000 2056 4072 apud
2076 4015 2293 4065 omnes,
2316 4000 2410 4070 qui
2439 4001 2562 4069 ejus
2588 4001 2850 4075 praclarc
2876 4000 3019 4055 facta
3040 4001 3421 4067 intuebuntur,

1838 4095 1896 4149 in
1920 4094 2333 4149 admirationem
2361 4095 2555 4160 veniat,
2586 4093 2906 4150 effecturum
2943 4109 2957 4147 :
2987 4094 3188 4162 quibus
3217 4102 3270 4150 et
3319 4094 3427 4149 lla-

1842 4185 2045 4252 bacum
2106 4186 2223 4256 ipse
2272 4185 2563 4257 perculsus
2592 4183 2861 4239 dicebat:
2900 4201 2920 4235 ι
2960 4181 3211 4252 Domine,
3238 4186 3425 4240 audivi

1849 4278 2188 4333 auditionem
2218 4284 2371 4331 tuam
2402 4286 2458 4332 et
2490 4277 2686 4344 timui,
2713 4274 3210 4347 Domine,cogitavi
3261 4293 3425 4348 Opera

1851 4377 1966 4435 tua,
2008 4379 2063 4445 et
2095 4369 2353 4439 obstupui
2381 4370 2448 4422 ⁸³.
2477 4387 2497 4421 ι
2536 4367 2761 4436 Deinde,
2810 4369 2940 4440 quid
2986 4369 3224 4423 εἰσωθιάὶ
3263 4370 3428 4424 verbo

153 4454 345 4508 καλῶν
376 4457 506 4520 τοὺς
534 4457 664 4529 παρ’
690 4459 917 4531 Ἕλλησι
973 4462 1192 4530 σοφοὺς,
1227 4464 1322 4518 καὶ
1370 4466 1470 4520 ὅσα
1512 4467 1577 4537 δὴ
1608 4469 1733 4538 περὶ

1849 4458 2136 4529 intelligat,
2168 4461 2426 4530 explicat,
2446 4474 2576 4514 cum
2606 4460 2797 4530 adjicit
2837 4461 3134 4530 positurum
3156 4476 3210 4514 se
3238 4461 3431 4528 ﬂuvios

149 4545 301 4598 θεῶν
316 4547 718 4604 ἁνεπλάσαντο.
746 4550 825 4603 Δι’
853 4546 928 4606 ὧν
953 4552 1078 4619 τοὺς
1104 4555 1463 4626 πειθομένους
1485 4558 1737 4624 ὲπότιζον

144 4636 450 4708 ἀνατροπῇ
481 4636 701 4710 θολερᾷ,
735 4640 878 4694 κατὰ
907 4643 1008 4713 τὴν
1063 4645 1313 4716 Γραφὴν,
1357 4645 1448 4711 οὒς
1481 4649 1577 4702 καί
1626 4649 1738 4719 ἕλη

144 4726 337 4791 καλεῖ,
380 4726 441 4778 τὸ
470 4724 694 4791 εύανθες
715 4729 849 4798 ὁμοῦ
882 4733 975 4785 καὶ
1005 4732 1066 4785 τὸ
1087 4732 1339 4805 ἄκαρπον
1359 4736 1603 4806 ἔχοντας,
1643 4737 1739 4802 οὒς

144 4819 353 4884 φανεὶς
377 4818 407 4868 ὁ
438 4817 672 4888 Χριστὸς
698 4819 889 4892 ὥσπερ
923 4821 1214 4903 ξηράνας,
1267 4829 1586 4900 ἀπράκτους
1631 4832 1739 4884 ἁπ-

142 4904 384 4971 ἑδειξεν,
418 4906 562 4960 καθὰ
607 4908 703 4962 καὶ
730 4908 940 4974 Παῦλός
989 4929 1142 4984 φησι·
1180 4933 1199 4966 ι
1232 4916 1342 4969 Ποῦ
1393 4920 1595 4988 σοφός;
1633 4919 1736 4973 ποῦ

141 4995 573 5067 γραμματεύςς
616 4999 717 5052 ποῦ
755 5000 1063 5075 συζητητὴς
1115 5005 1209 5060 τοῦ
1259 5009 1456 5073 αἰῶνος
1504 5010 1734 5078 τούτους

141 5091 285 5160 οὐχὶ
312 5089 601 5161 ἐμώρανεν
624 5091 653 5143 ὁ
700 5090 833 5156 Θεὸς
866 5096 967 5164 τὴν
998 5097 1191 5169 σοφίαν
1220 5099 1317 5154 τοῦ
1344 5103 1550 5172 κόσμου
1577 5121 1592 5169 ;
1626 5122 1645 5156 ι
1678 5104 1739 5171 ἐξ

142 5172 227 5233 ὧν
259 5180 359 5234 καὶ
393 5179 834 5251 χρηματίζουσαι
878 5185 1032 5257 νῆσοι
1079 5186 1369 5259 γεγόνασιν
1421 5194 1739 5264 Ἐκκλησίαι

146 5271 285 5337 τοὶις
331 5275 392 5328 ὲν
446 5271 670 5346 Χριστῷ
721 5276 1173 5350 ναυτιλλομένους
1234 5282 1543 5356 δεχόμεναι,
1606 5304 1741 5342 κατ-

1842 4552 1900 4604 in
1927 4550 2154 4616 insulas,
2194 4559 2245 4605 et
2291 4551 2509 4619 paludes
2538 4551 2859 4605 siccaturum
2889 4566 2909 4617 ;
2939 4552 3013 4605 ita
3059 4553 3305 4622 gentium
3335 4566 3426 4607 sa-

1845 4644 2060 4713 pientes
2095 4657 2448 4713 nuncupans,
2472 4653 2527 4698 et
2553 4658 2902 4713 quaecunque
2924 4642 2992 4698 de
3021 4642 3128 4698 diis
3154 4644 3271 4698 suis
3294 4657 3429 4698 con-

1842 4735 2145 4801 finxerunt,
2169 4735 2315 4791 unde
2346 4735 2454 4789 sibi
2482 4735 2739 4791 credulos
2769 4735 2994 4791 turbido
3028 4741 3184 4806 potu,
3220 4750 3424 4790 secun-

1841 4828 1970 4883 dum
1996 4826 2342 4897 Scripturam
2375 4827 2694 4883 evertebant
2721 4846 2734 4881 :
2758 4843 2896 4897 quos
2936 4836 2990 4882 et
3043 4828 3282 4897 paludes,
3328 4825 3429 4880 llo-

1842 4916 1999 4973 ribus
2031 4917 2253 4987 quidem
2274 4918 2522 4979 vestitas,
2555 4917 2656 4972 sed
2689 4917 2872 4972 fructu
2903 4916 3198 4974 destitutas
3229 4927 3427 4983 vocat;

1848 5024 1971 5081 qua:
2001 5010 2313 5080 appellente
2360 5008 2605 5071 Christo,
2634 5010 2781 5066 velut
2817 5009 3096 5064 exsiccatae
3120 5018 3175 5066 et
3208 5010 3431 5064 inutiles

1848 5110 2261 5167 remanserunt,
2306 5110 2367 5156 ut
2396 5102 2474 5154 ait
2504 5099 2712 5156 Paulus
2751 5100 2838 5156 bis
2861 5101 3043 5156 verbis
3087 5117 3102 5157 :
3142 5119 3162 5153 ι
3209 5100 3309 5157 libi
3340 5114 3432 5155 sa-

1838 5178 2049 5265 piens?
2077 5193 2172 5249 ubi
2215 5193 2397 5250 scriba
2439 5193 2584 5247 iubi
2640 5192 2928 5262 indagator
2981 5192 3170 5248 saeculi
3212 5190 3377 5261 hujus
3407 5192 3434 5244 ΐ

1847 5283 2041 5340 Nonne
2055 5283 2279 5340 stultam
2294 5282 2421 5339 fecit
2435 5280 2579 5339 Deus
2590 5281 2917 5363 sapientiam
2932 5281 3097 5354 hujus
3116 5280 3306 5337 mundi
3323 5279 3425 5334 ’σὺ

226 5448 435 5533 ξδξιιιο.
458 5468 580 5533 νιᾶ
621 5451 713 5508 ⁸50.
790 5451 836 5485 ⁸³
854 5448 1005 5511 Psal.
1030 5470 1152 5523 xm,
1175 5458 1232 5514 5.
1305 5460 1351 5493 ⁸⁸
1385 5457 1639 5527 lsa.xxx,
1685 5462 1774 5518 l5.
1849 5466 1895 5497 ⁸⁷
1919 5464 2064 5521 Psal.
2097 5465 2323 5533 cxm,8.
2401 5464 2448 5497 ⁸⁸
2476 5460 2640 5519 Joan.
2676 5478 2773 5530 an,
2805 5462 2894 5519 5i.
2972 5462 3016 5496 ”
3042 5458 3244 5516 llabac.
3266 5472 3345 5524 tu,
3372 5457 3427 5516 2.

142 5520 201 5552 ³⁸
232 5519 253 5573 Ι
281 5522 412 5576 Cor.
436 5539 476 5588 ι,
506 5523 597 5577 20.

1460 5634 1694 5693 VARUS
1735 5604 2138 5713 LrCnoruas.

199 5728 385 5799 'er.
412 5729 745 5801 κατοικήσω.
823 5730 851 5772 ⁸
892 5747 977 5802 γρ.
1024 5728 1423 5802 ἐπιθαυμάσαι.
