3950 6378
248 226 389 290 2⁸377

1290 238 1318 321 ‘_
1365 227 1898 291 COMMENTARII
1938 227 2020 322 ιιι
2062 225 2321 285 lSAIAM

3370 220 3509 283 2378

248 334 308 388 δὲ
358 334 691 402 λιμνάζοντα
746 336 979 404 λογικῶν
1038 338 1253 393 ὑδάτων
1302 342 1497 412 χωρία,
1546 343 1621 406 ὡς
1666 342 1833 395 ἕλεσι

1957 355 2064 391 iam
2096 340 2150 391 in
2184 339 2441 391 insulam.
2468 335 2584 389 imo
2619 350 2740 406 qum.
2771 335 2888 389 loca
2917 333 3059 404 apud
3091 334 3212 389 illos
3245 335 3319 388 ita
3346 337 3510 391 ratio-

251 423 726 493 παραϐάλλεσθαι,
759 426 1018 495 ξηρανῶ.

337 601 674 672 ’Δπειλήσας
730 601 937 669 ταῦτα,
990 605 1307 675 μεταϐαίνει
1364 607 1522 660 πάλιν
1599 609 1692 660 ἐπὶ
1734 608 1831 678 τὴν

252 696 416 766 χάριν
440 694 540 766 τὴν
564 695 809 748 δοθεῖσαν
830 699 944 761 τοῖς
971 696 1147 750 ἔθνεσι
1175 698 1535 764 λέγων-’Ἂξω
1561 700 1833 768 τυφλοὺς

252 785 321 837 ἐν
350 784 490 850 ὀδῷ.
523 786 636 839 Καὶ
665 786 869 857 πρόσθε
896 789 1003 858 γὰρ
1034 789 1140 860 ἔφη
1174 791 1301 861 περὶ
1331 792 1591 863 Χριστοῦ·
1624 813 1641 842 ι
1660 793 1831 845 Ἔδω-

250 875 328 927 xii
365 892 426 928 σε
476 877 556 939 είς
586 876 850 945 διαθήκην
888 878 1098 944 γένους,
1145 881 1223 942 εἰς
1267 880 1380 948 φῶς
1430 881 1597 933 ἐθνῶν
1628 881 1833 946 ἀνοῖξαι

251 965 571 1037 ὀφθαλμοὺς
603 968 842 1034 τυφλῶν.
868 987 884 1019 ι
913 971 985 1022 Τὸ
1006 970 1061 1023 δὲ
1108 971 1244 1036 ὀδῷ,
1274 972 1424 1043 παρὰ
1448 973 1613 1025 πᾶσιν
1641 972 1835 1035 ἑνικῶς

252 1057 629 1128 ἐξενήνεκται,
684 1062 751 1132 ἢν
782 1060 1051 1133 ὲῶῆλωσεν
1077 1063 1106 1114 ό
1144 1062 1331 1133 Σωτὴρ
1362 1064 1532 1117 εἰπών
1557 1080 1570 1096 ο
1614 1083 1633 1115 ι
1694 1063 1836 1133 Ἐγώ

253 1152 376 1220 είμι
414 1150 448 1220 ἡ
476 1150 614 1214 ὁδὸς,
657 1169 676 1203 ι
714 1153 780 1221 ἣν
807 1153 1146 1222 ἠγνοοῦμεν
1179 1154 1238 1207 τὸ
1273 1157 1558 1225 πρότερον.
1577 1158 1685 1211 Καὶ
1717 1158 1836 1226 τρί-

256 1241 426 1305 ϐους,
461 1242 560 1304 τὰς
620 1243 970 1311 προφητικὲις
1030 1242 1276 1312 δηλονότι
1311 1246 1555 1315 Γραφάς,
1612 1252 1706 1300 καὶ
1742 1246 1834 1300 τοῦ

258 1330 381 1401 βίου
405 1333 534 1395 τοὺς
578 1332 681 1385 ὑπὸ
717 1335 813 1404 τῆς
860 1335 1009 1399 Θείας
1068 1336 1541 1407 ὑποϐαλλομένους
1582 1339 1836 1393 διδασκα-

255 1420 402 1485 λίας.
460 1424 569 1476 Καὶ
601 1423 698 1493 τὴν
752 1424 1002 1493 ἄγνοιαν
1029 1427 1121 1480 τοῦ
1164 1426 1299 1481 Θεοῦ
1336 1429 1658 1497 μεταϐαλεῖν
1707 1432 1838 1500 ἡμῖν

258 1517 345 1579 εἰς
375 1513 522 1584 φῶς,
570 1516 666 1568 καὶ
709 1519 778 1569 τὰ
806 1517 972 1571 πάλαι
1015 1519 1241 1574 σκολιά
1278 1537 1337 1573 τε
1387 1523 1482 1574 καὶ
1514 1522 1698 1591 ἀσαφῆ
1742 1521 1838 1574 τοῦ

258 1606 400 1658 θεοῦ
479 1606 637 1674 λόγια
705 1609 1028 1680 γενήσεσθαί
1097 1624 1258 1681 φησιν
1324 1612 1542 1680 ὁμαλά.
1604 1614 1718 1682 Ἐφ’
1760 1608 1840 1677 οἷς

249 1700 581 1769 ’ἐπήνεγκε,
640 1702 830 1755 Ταῦτα
890 1703 961 1757 τὰ
1028 1704 1268 1775 ῥήματα
1324 1706 1560 1776 ποιήσω
1617 1708 1843 1773 αὐτοῖς.

277 1790 551 1861 Ἀκριϐῶς
574 1791 629 1844 δὲ
655 1788 827 1858 εἶπεν,
853 1794 938 1857 οὐ,
963 1794 1200 1866 λαλήσω,
1228 1797 1652 1869 ἀλλὰ,ποιήσω.
1672 1799 1847 1853 Πάλαι

269 1883 370 1951 μὲν
398 1883 508 1954 γὰρ
555 1882 646 1936 διὰ
672 1886 968 1955 προφητῶν
1000 1887 1291 1959 ἐλελάλητο
1313 1906 1325 1919 ·
1351 1890 1447 1944 νῦν
1473 1892 1529 1945 δὲ
1569 1893 1636 1944 δι’
1669 1890 1848 1965 ἔργων

267 1974 541 2027 ἐπιτελεῖν
596 1977 1016 2045 ἐπαγγέλλεται.
1061 1979 1340 2035 Ἐντεῦθεν
1382 1984 1700 2055 ἐπιστρέφει
1757 1984 1848 2037 τὸν

264 2062 427 2130 λόγον
458 2063 554 2115 ἐπὶ
584 2065 711 2127 τοὺς
745 2065 913 2119 πάλαι
953 2067 1216 2136 μένοντας
1256 2070 1482 2140 πλησίον
1509 2072 1666 2137 Θεοῦ,
1695 2074 1846 2128 ἀπο-

265 2155 647 2223 στραφέντας
679 2155 847 2222 δέεις
867 2158 940 2210 τὰ
970 2159 1182 2226 ὀπίσω,
1215 2164 1343 2226 τοὺς
1376 2148 1660 2228 Ἰονδαίους
1682 2167 1845 2237 φημί.

267 2247 522 2299 Δείκνυσι
552 2248 607 2300 δὲ
657 2247 855 2319 ὥσπερ
887 2251 1071 2314 αὐτοῖς
1109 2252 1217 2306 τῶν
1256 2252 1426 2307 ἐθνῶν
1468 2256 1566 2326 τὴν
1594 2259 1849 2330 ἐπιστρο-

270 2338 402 2407 φὴν,
445 2338 540 2390 καὶ
568 2339 686 2391 οἵαν
717 2338 875 2409 ἔσχον
894 2342 1241 2411 μεταϐολὴν
1268 2346 1346 2407 είς
1383 2346 1497 2414 φῶς
1529 2350 1592 2402 ὲκ
1629 2351 1850 2414 σκότους

269 2427 647 2497 χωρήσαντες,
696 2429 1066 2496 όνειδιστικῶς
1098 2435 1236 2505 πρὸς
1278 2437 1405 2498 τοὺς
1458 2439 1852 2511 εἰδωλολάτραις

270 2516 449 2584 λέγων
474 2533 487 2545 ·
515 2521 894 2589 Αἰσχύνθητε
926 2525 1253 2593 αίσχύνην,
1281 2529 1374 2581 καὶ
1405 2528 1473 2583 τὰ
1496 2530 1644 2599 ἑξῆς.
1674 2532 1849 2601 Ὅπερ

272 2605 522 2678 ἀκριϐῶς
555 2609 863 2680 ἐρμήνευσε
913 2612 1209 2684 Σύμμαχος
1269 2616 1438 2671 εἰπών
1465 2635 1477 2649 ·
1509 2623 1849 2690 Αἰσχυνθή-

273 2711 489 2771 σονται
516 2699 825 2767 αἰσχύνην
855 2704 912 2754 οἱ
964 2705 1317 2773 πεποιθότες
1368 2709 1492 2773 τοῖς
1539 2712 1846 2779 γλυπτοῖς.

283 2785 345 2837 Ἰ)
380 2786 436 2839 δὲ
489 2787 746 2853 Ἀκύλας,
776 2792 1302 2862 αὶσχυνθήτωσαν.
1335 2798 1391 2851 Ὀ
1437 2799 1493 2852 δὲ
1541 2800 1849 2869 Θεοδοτίων,

272 2879 921 2948 καταισχυνθήτωσαν.
979 2886 1089 2937 Καὶ
1140 2887 1250 2958 γὰρ
1308 2889 1520 2956 ἀληθῶς
1563 2892 1672 2945 τῶν
1725 2896 1853 2962 πρὶν

269 2963 811 3039 ιίδωλολατρούντων
837 2971 1006 3027 ἐθνῶν
1040 2976 1394 3044 μεταϐάντων
1414 2983 1489 3044 εἰς
1518 2981 1850 3050 θεοσέὸειαν,

272 3055 337 3108 τὺ
372 3056 645 3117 Ἰουδαίων
668 3059 820 3125 ἔθνος
843 3063 1123 3134 ᾐσχύνθη
1149 3083 1161 3095 ·
1193 3070 1285 3122 καὶ
1305 3069 1398 3123 νῦν
1426 3074 1857 3142 αἰσχυνθέντες

273 3146 592 3202 ἐπαύσαντο
626 3151 751 3215 τοὺς
798 3153 966 3207 πάλαι
999 3158 1269 3226 τυφλοὺς
1307 3163 1675 3229 φωτισθέντας
1721 3166 1855 3219 ἰδόν-

271 3256 389 3303 τες.

361 3330 708 3400 Ἐμιρατικῶς
738 3334 795 3389 δὲ
828 3335 948 3391 λίαν
995 3337 1100 3410 ἔφη
1157 3344 1287 3413 περὶ
1345 3345 1545 3398 αὐτῶν·
1605 3348 1769 3402 Αὐτοὶ
1802 3349 1859 3402 δὲ

272 3423 760 3493 ἀπεστράφησαν
784 3429 834 3480 οἱ
861 3429 1011 3501 νόμῳ
1042 3431 1174 3502 θείῳ
1210 3435 1559 3505 παιδαγωγού
1568 3456 1737 3508 μενοι,
1763 3441 1859 3494 καὶ

272 3515 368 3568 τὸν
396 3516 503 3569 τῶν
531 3516 667 3571 ὅλων
696 3519 1000 3588 ἐγνωκότες
1031 3523 1184 3578 Θεόνο
1211 3526 1406 3599 ἤκουον
1439 3521 1570 3600 γὰρ,
1607 3548 1625 3582 ι
1656 3531 1857 3601 Κύριος

271 3605 458 3668 ὀΘεός
511 3624 626 3673 σου,
681 3610 888 3682 Κύριος
928 3607 1009 3678 εἷς
1032 3616 1199 3671 ἐστιν.
1231 3636 1250 3671 ι
1288 3619 1421 3684 Καὶ,
1462 3639 1479 3670 ι
1503 3622 1617 3675 Οὐκ
1646 3622 1859 3677 ἔσονταί

274 3713 364 3750 σοι
396 3696 509 3751 θεοὶ
550 3699 690 3770 πλὴν
725 3703 880 3773 ἐμοῦ.
907 3724 927 3758 ι
963 3706 1148 3761 Ταῦτα
1172 3708 1364 3774 εἰπὼν,
1397 3711 1474 3774 ὡς
1506 3714 1585 3775 εἰς
1645 3716 1860 3784 κωφῶν

270 3782 395 3843 ῶτα
452 3792 702 3863 κραυγὴν
745 3795 928 3862 ἀφιεὶς
973 3798 1195 3876 ὲπιόοᾷ·
1226 3803 1290 3854 Ol
1313 3803 1516 3870 κωφοὶ,
1535 3782 1853 3860 ἀκούσατε.

283 3878 380 3942 Ὧς
412 3879 479 3933 ἂν
507 3881 564 3933 δὲ
597 3883 674 3952 μὴ
696 3885 929 3968 νομισθῇ
963 3890 1092 3958 περὶ
1138 3890 1248 3943 τῶν
1274 3891 1444 3947 ἐθνῶν
1465 3897 1492 3948 ὁ
1518 3895 1675 3964 λόγος
1704 3899 1855 3968 εἰρῆ-

271 3970 405 4025 σθαι
428 3971 620 4045 (πάλαι
650 3960 1020 4047 γὰρεκείνοις
1049 3981 1220 4037 ταῦτα
1257 3987 1511 4058 προσῆν),
1541 3960 1856 4060 διορίζεται,

270 4066 387 4119 Καὶ
442 4067 535 4132 τις
586 4067 815 4136 τυφλὸς
868 4072 1067 4142 ἀλλ’ἢ
1108 4078 1162 4128 οἱ
1185 4077 1391 4144 παῖδές
1446 4098 1561 4149 μου
1575 4098 1596 4145 ;
1639 4078 1858 4137 Ἀνθὀῦ

271 4156 577 4227 Σύμμαχός
613 4175 747 4229 φησι
773 4176 788 4192 ο
822 4162 932 4215 Καὶ
967 4167 1057 4231 τις
1094 4169 1343 4237 τυφλὸς,
1374 4174 1427 4225 εὶ
1459 4172 1545 4241 μὴ
1579 4177 1610 4227 ό
1638 4174 1858 4241 δοῦλός

269 4264 422 4317 nov;
440 4247 539 4302 καὶ
566 4250 766 4318 κωφὸς
787 4253 867 4320 ὡς
890 4257 923 4308 ὁ
946 4256 1201 4328 ἄγγελός
1224 4278 1381 4329 μου;
1411 4264 1501 4329 τίς
1514 4265 1755 4334 τυφλὸς.
1779 4269 1859 4334 ὠς

1940 421 2158 484 nalibus
2192 429 2348 498 aquis
2379 435 2660 498 stagnant,
2698 437 2753 482 ut
2784 441 2907 481 cum
2923 426 3205 495 paludibus
3222 427 3512 482 conferan—

1940 527 2050 580 tur,
2096 515 2284 570 eadem
2323 514 2616 568 exsiccabo.

2011 607 2144 674 Qum
2182 615 2476 677 postquam
2526 616 2612 661 est
2642 605 3057 669 interminatus,
3089 605 3290 662 transit
3321 620 3514 661 rursus

1943 699 2007 753 ad
2045 701 2299 769 gratiam,
2339 712 2461 767 quae
2486 698 2745 767 gentibus
2774 712 3039 751 concessa
3061 705 3167 763 est,
3195 698 3280 752 his
3297 696 3512 751 verbis:

1943 790 2152 843 Ducam
2178 806 2345 844 σαι-οε
2380 791 2433 843 in
2473 791 2580 843 via.
2616 789 2928 844 Dixitenim
2981 790 3050 846 de
3096 788 3320 845 Christo
3349 789 3527 842 etiam'

1943 882 2243 950 superius:
2283 902 2302 933 ι
2339 881 2467 937 Dedi
2500 894 2550 937 te
2582 883 2633 936 in
2667 890 3053 938 testamentum
3085 882 3323 953 generis,
3359 882 3412 935 in
3435 882 3518 935 lu-

1942 984 2060 1027 cem
2118 972 2405 1042 gentium,
2451 978 2513 1026 ut
2555 975 2800 1042 aperires
2841 972 3033 1027 oculos
3087 985 3359 1027 caecorum
3398 971 3438 1024 ⁸.
3490 987 3511 1020 ι

1943 1063 2071 1119 Ideo
2105 1075 2288 1119 autem
2321 1066 2418 1119 via:
2447 1079 2645 1120 nomen
2676 1065 3031 1135 singulariter
3060 1080 3252 1120 omnes
3281 1079 3518 1134 usurpa-

1945 1163 2097 1219 runt,
2130 1162 2189 1208 ut
2218 1169 2362 1219 eam,
2395 1156 2463 1209 de
2485 1171 2592 1225 qua
2635 1154 2891 1210 Salvator
2923 1156 3185 1225 loquitur,
3218 1172 3341 1211 cum
3371 1156 3515 1211 viam

1944 1259 2004 1299 se
2036 1258 2161 1299 esse
2181 1245 2381 1299 asserit
2404 1247 2446 1308 ³,
2472 1260 2633 1313 quam
2664 1256 2824 1300 antea
2857 1240 3233 1312 nesciebamus,
3259 1265 3392 1304 esse
3419 1248 3516 1303 de-

1947 1342 2351 1389 monstrarent.
2376 1334 2607 1390 Semitas
2637 1336 2855 1400 deinde,
2880 1339 3081 1408 scripta
3105 1342 3513 1409 prophetarum,

1948 1427 2002 1479 in
2045 1427 2247 1495 quibus
2279 1427 2453 1483 beatas
2486 1429 2770 1483 vitaeratio
2800 1430 2957 1486 nobis
2974 1435 3238 1502 aperitur,
3260 1435 3518 1503 appellat.

1953 1516 2157 1587 Deique
2206 1520 2599 1587 ignorationem
2636 1521 2691 1574 in
2732 1520 2922 1586 lucem,
2978 1535 3029 1577 et
3075 1540 3195 1593 qua:
3244 1528 3521 1593 quondam

1952 1610 2165 1678 obliqua
2201 1610 2555 1681 diﬂiciliaque
2600 1612 2855 1677 fuerant,
2909 1615 3072 1681 plana
3112 1626 3166 1670 et
3202 1626 3351 1670 recta
3409 1616 3526 1674 fore

1882 1695 1923 1749 Β
1950 1699 2259 1768 pollicetur.
2295 1699 2452 1756 Unde
2493 1704 2677 1758 statim
2722 1703 2833 1758 haec
2866 1721 2921 1758 se
2945 1708 3022 1759 eis
3058 1707 3216 1760 verba
3254 1707 3527 1776 facturum

1951 1790 2161 1859 adjicit.
2209 1794 2474 1863 Apposite
2522 1806 2704 1849 autem
2738 1805 2793 1850 et
2848 1798 3243 1868 signiﬁcanter,
3295 1816 3405 1856 non
3445 1801 3527 1856 di-

1949 1881 2108 1935 cendi
2141 1884 2399 1949 verbum,
2421 1885 2515 1939 sed
2543 1885 2776 1953 faciendi
2802 1889 3110 1958 usurpavit,
3134 1892 3227 1960 qni
3258 1907 3380 1960 qua:
3396 1893 3525 1947 olim

1952 1988 2046 2042 per
2083 1975 2380 2043 prOphetas
2406 1974 2582 2031 fuerat
2612 1978 2849 2043 locutus,
2879 1996 3028 2036 nunc
3057 1982 3235 2051 reipsa
3269 1998 3328 2038 se
3389 1999 3527 2054 prac-
3601 2020 3607 2025 -

1950 2064 2211 2121 stiturutn
2249 2068 2593 2137 polliceatur.
2618 2071 2791 2140 Atque
2819 2073 2948 2127 hinc
2982 2083 3087 2141 est,
3125 2075 3268 2143 quod
3301 2075 3368 2129 ad
3408 2091 3526 2140 eos,

1950 2158 2045 2226 qui
2083 2157 2194 2213 Deo
2226 2159 2502 2227 quondam
2522 2162 2778 2235 proximi,
2810 2178 2946 2217 nunc
2971 2173 3264 2220 retrorsum
3293 2166 3529 2221 conversi

1952 2259 2096 2316 sinit,
2124 2251 2178 2305 id
2214 2259 2320 2315 est,
2366 2253 2432 2307 ad
2471 2252 2717 2318 Judaaos,
2757 2270 3065 2311 sermonem
3095 2259 3383 2314 convertit.
3420 2257 3530 2313 Οε-Δ

1952 2340 2128 2394 tendit
2170 2349 2355 2397 autem
2400 2344 2806 2413 quodammodo
2840 2346 2974 2416 ipsis
3005 2348 3248 2417 gentium
3295 2363 3529 2404 conver-

1951 2431 2184 2497 sionem,
2221 2442 2274 2488 et
2316 2449 2480 2504 quam
2532 2437 2878 2491 mutationem
2920 2441 3064 2507 passi
3097 2448 3318 2504 essent,
3365 2443 3456 2511 qui
3495 2456 3526 2494 a

1940 2526 2200 2597 teni-bris
2241 2527 2297 2581 in
2357 2528 2532 2582 lucem
2576 2529 2913 2597 prodierant,
2955 2533 3085 2586 dum
3126 2534 3207 2589 sic
3254 2535 3527 2589 idolorum

1957 2617 2203 2672 cultores
2230 2620 2616 2688 exprobrantis
2647 2624 2811 2675 modo
2832 2625 3148 2693 aggreditur
3183 2645 3195 2679 :
3229 2626 3529 2697 Confundi—

1955 2707 2088 2760 mini
2114 2708 2448 2776 confusione,
2478 2720 2533 2765 et
2561 2726 2685 2780 quae
2722 2712 3012 2783 deinceps;
3036 2730 3156 2785 qua:
3178 2730 3435 2775 accurate
3457 2721 3528 2777 ita

1956 2797 2194 2852 reddidit
2219 2798 2584 2869 Symmachus
2620 2823 2630 2856 :
2673 2802 3080 2872 Confundenlur
3101 2809 3408 2880 confusione
3439 2815 3531 2882 qui

1955 2890 2230 2958 conﬁdunt
2264 2891 2319 2944 in
2355 2891 2712 2960 sculptilibus,
2751 2896 2948 2966 Aquila
2978 2909 3157 2956 autem
3187 2918 3242 2956 et
3282 2903 3533 2960 Theodo-

1959 2981 2037 3034 tio
2085 2981 2507 3049 confundantur.
2552 2984 2760 3041 Revera
2790 2988 2937 3043 enim
2982 3005 3106 3044 cum
3149 2993 3218 3047 ab
3259 2993 3529 3051 idolorum

1960 3075 2110 3128 cultu
2140 3075 2207 3128 ad
2245 3075 2503 3145 pietatem
2549 3085 2740 3147 gentes
2771 3081 3122 3148 transissent,
3150 3083 3323 3143 ludasi
3345 3090 3534 3159 confu-

1959 3166 2005 3217 si
2037 3175 2159 3219 sunt
2189 3183 2208 3219 :
2240 3167 2333 3221 sed
2350 3166 2462 3235 jam
2486 3167 2770 3223 desierunt
2793 3173 3178 3247 confundi,qui
3202 3197 3367 3235 caecos
3381 3183 3534 3250 olim,

1961 3272 2107 3311 nunc
2144 3271 2265 3313 esse
2300 3260 2479 3314 visum
2513 3258 2744 3332 adeptos
2771 3266 3116 3323 intueantur.

2029 3346 2191 3418 477
2210 3347 2476 3405 Cancrum
2495 3366 2603 3406 non
2616 3354 2735 3410 sine
2749 3370 2948 3426 magna
2970 3361 3295 3429 emphaside
3310 3365 3391 3419 eis
3417 3381 3541 3420 con-

1961 3442 2095 3492 versi
2115 3451 2236 3493 sunt
2264 3444 2554 3511 usurpavit
2571 3460 2585 3509 ;
2601 3446 2802 3515 quippe
2820 3447 2912 3517 qui
2928 3447 3241 3519 legedivina
3260 3456 3539 3519 instructi,

1962 3529 2132 3585 Deum
2170 3534 2339 3586 etiam
2380 3537 2767 3592 universorum
2793 3542 3204 3611 cognovissent.
3238 3546 3542 3602 Audierant

1962 3627 2109 3675 enim
2150 3640 2163 3674 :
2203 3641 2220 3673 ι
2249 3623 2519 3681 Dominus
2550 3626 2692 3682 Deus
2716 3636 2864 3694 tuus,
2894 3620 3167 3690 Dominus
3204 3652 3347 3692 unus
3364 3648 3446 3693 est
3462 3639 3535 3693 ⁸.»

1960 3711 2058 3767 Et:
2081 3731 2099 3764 ι
2128 3714 2244 3767 Non
2257 3725 2423 3769 erunt
2442 3718 2537 3771 tibi
2557 3719 2631 3771 dii
2648 3728 2845 3788 praeter
2864 3736 2950 3778 me
2969 3723 3012 3778 ⁵.
3040 3744 3058 3777 ι
3082 3726 3208 3781 Hzcc
3222 3743 3343 3783 cum
3365 3730 3543 3788 dixis-

1960 3815 2068 3869 St'l,
2092 3814 2352 3875 tanquam
2373 3808 2426 3860 in
2445 3808 2730 3864 surdorum
2743 3827 2906 3868 aures
2922 3825 3177 3871 contenta
3192 3835 3324 3876 voce
3344 3839 3357 3875 :
3378 3822 3543 3879 Sardi

1960 3897 2162 3962 audite,
2182 3898 2469 3955 inclamat.
2491 3903 2569 3955 Ac
2592 3918 2662 3957 ne
2686 3903 2750 3957 de
2766 3907 3041 3974 gentibus.
3065 3910 3267 3978 quibus
3286 3915 3386 3968 ista
3411 3918 3540 3972 olim

1960 3990 2209 4057 deerant,
2235 3990 2423 4046 haberi
2452 4007 2634 4049 sermo
2653 3995 2933 4053 videretur
2956 4002 3095 4067 (haec
3120 4005 3264 4060 enim
3285 4008 3394 4064 illis
3408 4011 3537 4065 olim

1960 4084 2411 4155 conveniebant),
2445 4086 2700 4142 distinxit
2731 4089 2817 4146 his
2847 4094 3032 4151 verbis
3060 4112 3074 4149 :
3114 4096 3305 4169 Ecquis
3338 4117 3538 4164 ca'cus.

1960 4177 2066 4230 nisi
2107 4177 2209 4245 ﬁlii
2249 4178 2395 4234 mei?
2426 4194 2529 4249 pro
2584 4196 2695 4249 quo
2767 4181 3135 4254 Symmachus
3175 4207 3187 4244 :
3225 4189 3419 4259 Ecquis
3442 4212 3543 4248 ar-

1961 4284 2076 4331 cus,
2116 4269 2221 4322 nisi
2247 4286 2432 4325 servus
2460 4287 2605 4326 meus
2631 4274 2726 4328 ?ct
2772 4286 2948 4330 mutus
2991 4291 3048 4331 ut
3089 4284 3309 4338 nuntius
3360 4291 3541 4342 meus?
3582 4338 3589 4344 .

273 4340 307 4391 ό
326 4338 560 4404 τέλειος
584 4356 605 4405 ;
634 4343 733 4395 καὶ
790 4347 987 4415 κωφὸς
1008 4349 1089 4415 ὡς
1117 4353 1149 4403 o'
1176 4350 1397 4418 δοῦλός
1432 4373 1552 4422 μου
1568 4371 1588 4419 ;
1631 4357 1849 4412 Δοῦλον

1963 4362 2081 4431 quis
2145 4379 2358 4427 carens,
2407 4371 2467 4417 ut
2519 4365 2837 4433 perfectus?
2894 4378 2945 4423 et
3004 4384 3204 4438 mutus,
3251 4386 3309 4431 ut
3362 4395 3541 4433 seruus

272 4428 369 4481 τὸν
394 4430 461 4483 ὲκ
484 4433 793 4503 περιτομῆς
841 4437 997 4491 καλεῖ
1045 4441 1195 4502 λαὸν,
1249 4442 1512 4512 ἄγγελόν
1538 4464 1599 4501 τε
1637 4449 1730 4502 καὶ
1767 4450 1857 4503 τέ-

275 4522 449 4575 letor
502 4526 869 4595 κατακρίνων,
919 4531 1002 4584 ὅτι
1052 4532 1359 4599 τοιούτουςί
1393 4537 1659 4610 ὑπάρχειν
1694 4542 1856 4610 ἠϐού-

275 4609 420 4666 λετο.
471 4614 591 4668 Ὀτι
620 4616 676 4669 δὲ
711 4618 938 4684 ἑαυτοὺς
987 4623 1349 4693 ἐτύφλωσάν
1376 4646 1436 4682 τε
1478 4632 1571 4684 καὶ
1616 4609 1854 4702 κωφοὺς

275 4701 707 4773 ἀπειργάσαντο,
752 4711 1051 4783 παρίστησι
1109 4714 1279 4785 λέγων
1302 4735 1315 4750 ·
1345 4720 1521 4776 Ἴδετε
1556 4701 1856 4792 πολλάκις

278 4792 378 4846 καὶ
425 4797 538 4848 οὐκ
584 4797 994 4866 ἐφυλάξασθε.
1042 4807 1391 4879 Ἢνοιγμένα
1437 4814 1510 4868 τὰ
1563 4810 1704 4881 ὦτα,
1754 4819 1852 4873 καὶ

279 4886 394 4937 οὐκ
417 4886 740 4980 ἠκούσατε.
774 4893 995 4967 Προέφη
1023 4897 1080 4951 δὲ
1106 4901 1200 4953 καί
1224 4901 1305 4968 τὸ,
1332 4923 1349 4955 ι
1376 4905 1535 4978 Ἀκοῇ
1566 4908 1860 4980 ἀκούσητε,

282 4976 457 5069 καλ-οὐ
493 4979 570 5049 μὴ
601 4982 819 5052 συνῆτε,
857 5004 876 5038 ι
909 4988 1006 5042 καὶ
1038 4990 1106 5044 τὰ
1144 4991 1291 5064 ἑξῆς.
1320 4996 1393 5049 Τὸ
1420 4997 1475 5050 δὲ
1505 4976 1666 5069 ῥητὸν
1691 4976 1864 5063 οὕτως

278 5063 513 5130 ἐξέδωκε
540 5070 860 5147 Σύμμαχοςσ
887 5075 1064 5148 Εἶδες
1084 5063 1305 5149 πολλὰ,
1337 5088 1432 5141 καὶ
1452 5063 1522 5143 οὗ
1547 5063 1859 5159 multifaria

291 5158 666 5251 Ϊᾼλνεῳγμένα
698 5166 769 5221 τὰ
796 5164 917 5223 ὦτα
961 5175 1172 5241 αὐτοῦ,
1224 5178 1322 5231 καὶ
1346 5182 1417 5233 οὺ
1443 5180 1528 5248 μὴ
1554 5158 1867 5251 ἀκούω-εις.

280 5248 495 5316 Κύριος
523 5252 828 5323 ἠθέλησεν
861 5261 961 5315 ἵνα
989 5263 1281 5336 δικαιώσῃ
1319 5269 1506 5324 αὐτὸν
1521 5248 1856 5341 percutiant

360 5358 376 5391 ¹
410 5360 521 5417 lsa.
568 5381 702 5432 xui,
748 5366 799 5422 6.
883 5372 903 5400 ²
937 5370 1097 5428 Joan.
1127 5393 1239 5443 xw,
1270 5384 1323 5434 6.
1405 5382 1425 5414 ⁸
1454 5381 1608 5439 Deut.
1643 5401 1721 5449 Vl,
1759 5387 1809 5440 4.

1957 5385 2113 5441 Exod.
2142 5405 2232 5451 xx,
2258 5407 2336 5443 ιιι.

1964 4455 2155 4508 meus?
2214 4454 2432 4509 Servum
2491 4457 2880 4515 circumcisum
2938 4465 3198 4533 populum
3274 4471 3539 4535 nominat,

1964 4546 2206 4599 nuntium
2240 4555 2293 4600 et
2336 4547 2628 4617 perfectura
2670 4553 3088 4621 condemnatis;
3120 4559 3379 4626 quoniam
3415 4563 3539 4617 talis

1961 4646 2084 4688 esse
2113 4634 2352 4689 volebat.
2389 4634 2614 4703 Seipsos
2646 4653 2775 4692 vero
2807 4656 2973 4695 ca'cos
3005 4651 3059 4697 et
3090 4656 3260 4700 mutos
3295 4647 3541 4704 olfecisse

1962 4721 2259 4801 signiﬁcat,
2302 4740 2427 4778 cum
2469 4727 2546 4779 ait
2585 4744 2598 4780 :
2653 4727 2874 4784 Vidistis
2916 4748 3079 4802 sirpe,
3120 4744 3171 4788 et
3226 4754 3331 4791 non
3362 4750 3542 4793 custo-

1970 4814 2150 4869 distis.
2183 4817 2393 4885 Aperta:
2437 4819 2584 4874 vobis
2614 4837 2792 4887 aures,
2823 4834 2870 4877 et
2904 4842 3005 4878 non
3037 4828 3290 4884 audistis.
3330 4832 3542 4889 Scribi-

1961 4914 2051 4959 tur
2074 4907 2221 4961 enim
2255 4916 2309 4963 et
2340 4909 2474 4964 illud
2507 4929 2520 4964 :
2557 4929 2576 4961 ι
2606 4911 2812 4966 Auditu
2844 4915 3101 4983 audietis,
3125 4929 3178 4974 et
3211 4936 3321 4975 non
3376 4924 3541 4979 intel-

1960 4996 2140 5067 ligetis
2167 4999 2210 5063 ⁵,
2251 5016 2273 5049 ι
2310 5012 2639 5069 ςαξιεηιιυε,
2662 5019 2785 5073 qua:
2822 5017 3151 5073 sequuntur.
3178 5010 3384 5067 Locum
3408 5031 3540 5071 vero

1962 5090 2034 5142 ita
2087 5094 2371 5148 transtulit
2410 5093 2774 5164 Symmachus
2819 5116 2831 5151 :
2873 5098 3068 5155 Vidisti
3108 5105 3299 5171 multa,
3353 5119 3539 5164 etnon

1962 5181 2249 5236 custodies.
2276 5183 2490 5250 Aperta:
2504 5200 2661 5238 aures
2691 5197 2814 5254 tute,
2845 5200 2894 5242 et
2918 5206 3022 5243 non
3045 5195 3252 5251 audies.
3281 5196 3539 5253 Dominus

1974 5271 2138 5325 voluit
2166 5273 2471 5343 justi/icore
2499 5292 2619 5329 eum
2667 5279 2736 5331 ad
2782 5279 2943 5350 legem
2998 5286 3447 5356 magniﬁcandam
3491 5299 3540 5341 et

2454 5394 2475 5424 ⁸
2504 5392 2606 5445 lsa.
2634 5408 2704 5463 rt,
2738 5397 2792 5453 9.
2840 5384 2849 5397 ’

1586 5502 1817 5557 νΑιιιΑε
1861 5503 2258 5560 LECTIONES.

361 5574 379 5615 ί
404 5589 497 5642 γρ.
534 5573 795 5638 τοιοῦτος.

608 5620 880 5732 Pudor“
924 5675 968 5734 G
982 5696 1040 5735 ιι.
1094 5679 1196 5740 LX
1211 5680 1259 5741 ii
1273 5682 1407 5742 ΧΗ
1421 5620 1469 5744 1..
