3950 6406
495 220 585 284 ΠΕ)

1779 217 2132 280 PROCOPII
2159 216 2401 278 GAZAZI

3551 219 3676 289 2380

439 326 801 385 extollendam
835 342 853 380 :
882 326 1086 399 quibus
1132 334 1319 397 aperte
1347 326 1413 381 de
1461 324 1668 382 Judmis
1713 338 2012 382 sermonem

2129 328 2337 397 νόμον,
2382 327 2482 380 καὶ
2532 326 2834 394 θαυμάσαι
2862 341 2876 355 ⁸
2916 322 3103 393 σαφῶς
3135 323 3311 395 δηλῶν
3335 324 3419 392 ὡς
3447 332 3683 402 περὶτῶν

441 434 568 474 esse
604 417 1028 473 demonstravit.
1073 416 1181 473 Sed
1229 416 1358 486 ipsi,
1389 416 1591 486 inquit,
1624 416 1782 472 intus
1816 416 2023 472 habent

442 511 692 582 laqueum
741 510 1000 564 latentem
1041 508 1096 561 in
1135 507 1303 561 animi
1348 509 1646 575 sensibus,
1691 518 1834 579 quos
1868 508 2006 562 inito

441 603 709 657 adversus
742 600 1025 655 Christum
1075 598 1312 654 consilio
1360 598 1715 654 occultarum.
1752 599 1870 665 Vel,
1914 611 2022 653 non

440 692 853 760 [impenderunt
899 703 1009 758 quo
1052 697 1217 757 pacto
1261 687 1368 742 sibi
1419 688 1486 743 de
1523 687 1689 743 domo
1739 687 2024 744 servitutis

441 785 667 856 ereptis,
698 784 817 852 lege
853 792 1115 851 tanquam
1146 774 1463 851 paedagogo,
1513 780 1834 835 moderatus
1874 793 1997 832 sum

438 876 700 945 Alioquin
737 875 884 929 enim
914 873 1108 943 gratiis
1141 871 1281 927 mihi
1328 872 1627 942 persolutis
1656 872 1869 926 laudem
1902 887 2020 925 ma-

436 968 798 1039 gniﬁcassent,
836 966 927 1037 qui
960 980 1107 1019 nunc
1147 964 1216 1019 ad
1262 964 1657 1029 idololatriam,
1696 964 2023 1033 sceleraque

436 1061 622 1114 omnia
651 1073 773 1114 sese
815 1064 1231 1112 converterunt.
1258 1054 1448 1126 Itaque
1475 1054 1696 1110 dicebat
1727 1070 1785 1108 ιι
1812 1052 2021 1124 Exspe-

436 1154 581 1210 ctavi
613 1161 674 1208 ut
706 1152 915 1208 faceret
946 1167 1147 1219 uvam;
1182 1150 1312 1206 fecit
1342 1159 1525 1205 autem
1563 1149 1751 1219 spinas
1768 1147 1810 1201 ⁸.
1834 1160 1853 1200 ι
1881 1146 2022 1202 Hinc

434 1256 488 1301 et
522 1260 584 1300 ea
605 1247 772 1301 etiam
825 1246 935 1301 illis
965 1247 1019 1299 in
1050 1243 1369 1299 memoriam
1404 1248 1649 1305 revocat,
1680 1256 1804 1311 qua!
1847 1239 2021 1309 patri-

435 1336 538 1391 bus
590 1337 707 1392 suis
765 1338 1140 1407 contigerunt.
1196 1335 1364 1406 578
1407 1332 1521 1403 Ego
1565 1332 1741 1396 enim,
1801 1331 2017 1399 inquit,

431 1428 543 1483 vidi
577 1429 910 1499 impietatem
935 1443 1152 1483 eorum.
1198 1427 1405 1496 Itirepti
1440 1424 1712 1495 siquidem
1744 1422 2017 1492 factisunt

432 1520 486 1572 in
511 1525 750 1589 prmdam
787 1520 1049 1576 hostibus.
1082 1519 1328 1591 Laqueus
1360 1520 1501 1574 enim
1532 1534 1715 1572 eorum
1749 1519 1802 1571 in
1836 1516 2020 1571 cubili-

434 1608 529 1665 bus
562 1610 771 1680 ubique.
797 1610 867 1664 Et
892 1612 947 1664 in
983 1610 1229 1665 domibus
1262 1610 1426 1665 simul
1468 1608 1861 1665 absconderant
1892 1623 1978 1663 eos
1997 1625 2016 1674 ;

433 1700 565 1756 deos
591 1701 848 1764 nimirum
881 1701 1206 1757 conﬂatiles.

503 1795 609 1861 Qui
649 1795 795 1850 enim
851 1796 1055 1865 populo
1097 1794 1605 1866 prmerant,palam
1660 1807 1720 1850 se
1767 1808 1835 1849 ex
1883 1793 2018 1864 legis

2138 414 2407 470 Ἰουδαίων
2432 419 2461 469 ὁ
2494 415 2651 484 λόγος
2678 432 2693 449 ο
2732 414 2856 468 Αλλ*
2886 415 3059 482 αὐτοὶ,
3112 413 3300 484 φησὶν,
3340 413 3492 474 ενδον
3515 422 3679 493 ἔχουσι

2124 507 2240 575 τὴν
2265 507 2489 577 παγῖδα
2514 508 2574 560 ὲν
2603 508 2715 569 τοῖς
2742 508 3047 576 λογισμοῖς,
3092 505 3187 569 οὓς
3215 506 3513 575 ἔκρυπτον
3549 518 3678 571 κατὰ

2127 597 2224 650 τοῦ
2282 598 2527 667 Χριστοῦ
2577 598 2973 669 βουλευόμενοι.
3011 600 3217 666 Ἥγουν
3243 600 3342 654 οὐκ
3388 602 3679 671 ὲλογίσαντο

2125 686 2243 751 πῶς
2271 687 2544 759 ἐξήγαγον
2592 689 2791 753 αὐτοὺς
2818 688 2877 753 ἐξ
2903 689 3054 743 οἴκου
3113 689 3377 758 δουλείας,
3426 696 3517 748 καὶ
3543 698 3681 769 νόμῳ

2126 781 2616 853 πλπαιδαγὼγηκα.
2649 782 2721 835 Ἦ
2777 784 2886 851 γὰρ
2908 780 2976 835 ἂν
3015 780 3389 851 ἐμεγάλυνον
3435 786 3679 857 αῑνεσιι·,

2125 870 2492 941 προσάγοντες
2532 890 2623 943 μοι
2655 873 2722 926 τὰ
2749 873 3105 943 χαριστήρια.
3158 871 3274 924 Νῦν
3301 871 3357 925 δὲ
3384 872 3514 943 πρὸς
3538 876 3681 930 εἰδω-

2123 962 2439 1036 λολατρείαν
2509 967 2605 1020 καὶ
2654 967 2838 1019 πᾶσαν
2871 965 3085 1019 ἀδικίαν
3132 965 3467 1038 ἀπέστησαν.
3497 970 3685 1041 Διόπερ

2125 1057 2309 1125 ἔλεγεν
2337 1075 2351 1089 ·
2368 1080 2387 1110 ι
2412 1059 2718 1129 ’Υπέμεινα
2747 1056 2841 1112 τοῦ
2873 1060 3098 1128 ποιῆσαι
3119 1058 3415 1128 σταφυλὴν,
3441 1060 3685 1131 ἐποίησεν

2122 1151 2177 1204 δὲ
2209 1151 2471 1215 ἀκάνθας.
2509 1171 2528 1203 ι
2558 1151 2721 1205 Ὅθεν
2746 1152 2942 1214 αὐτοὺς
2971 1151 3050 1212 εἰς
3075 1149 3376 1221 ἀνάμνησιν
3401 1150 3556 1218 φέρει
3585 1152 3685 1206 τῶν

2120 1246 2235 1307 τοῖς
2299 1245 2540 1315 πατράσι
2586 1242 3031 1313 συμϐεϐηκότων.
3083 1240 3230 1310 Ἐγὼ
3289 1242 3387 1312 μὲν
3418 1243 3525 1312 γὰρ
3557 1236 3687 1296 εἶδον

2119 1340 2217 1401 τὰς
2238 1336 2495 1400 ἀσεϐείας
2521 1336 2723 1390 αὐτῶν.
2761 1334 2936 1390 Αὐτοὶ
2969 1334 3039 1389 δὲ
3076 1332 3507 1403 διηρπασμένα
3529 1339 3687 1406 τετό-

2121 1447 2265 1485 νασι
2316 1429 2405 1495 εἷς
2433 1447 2496 1483 τε
2519 1428 2830 1499 προνομὴν
2862 1426 2983 1493 τοῖς
3031 1426 3284 1496 ἐχθροῖς.
3334 1426 3402 1480 Ἦ
3434 1425 3543 1495 γὰρ
3580 1443 3686 1482 πα-

2120 1523 2236 1593 γίς,
2269 1523 2454 1592 φησὶν,
2483 1521 2553 1575 ἐν
2581 1519 2708 1586 τοῖς
2769 1519 3048 1588 ταμιείοις
3097 1517 3412 1587 πανταχοῦ
3443 1534 3458 1549 ο
3506 1520 3600 1575 καί
3624 1522 3689 1574 ἐν

2120 1615 2314 1680 οἵκοις
2374 1612 2495 1683 ἅμα
2530 1613 2809 1681 ἔκρυψαν
2871 1611 3116 1676 αὐτοὺς,
3167 1610 3413 1682 δηλονότι
3442 1611 3565 1674 τοὺς
3586 1631 3686 1683 χω-

2119 1704 2361 1768 νευτούς.
2743 1755 2749 1761 .

2190 1797 2252 1850 Oi
2277 1796 2388 1864 γὰρ
2405 1794 2697 1867 ἡγούμενοι
2715 1794 2811 1848 τοῦ
2837 1793 2966 1877 λαοῦ
3008 1792 3261 1865 φανερῶς
3294 1792 3397 1863 μὲν
3430 1790 3532 1863 ζῇν
3555 1794 3686 1847 κατὰ

434 1885 700 1941 instituto
731 1887 897 1940 vitam
935 1902 1096 1957 agere
1121 1887 1399 1958 ﬁngebant
1429 1886 1677 1956 quidem,
1705 1886 1802 1942 sed
1833 1886 2012 1940 animo

2117 1889 2207 1941 τὸν
2242 1887 2406 1959 νόμον
2436 1888 2782 1954 ὲπλάττοντο,
2813 1888 2872 1940 ἐν
2907 1885 2983 1957 νῷ
3011 1885 3191 1958 δὲτὴν
3210 1885 3467 1939 ἀσέὸειαν
3498 1885 3686 1957 erupu-

432 1974 773 2047 impietatem
809 1979 1199 2043 occultabant;
1233 1978 1403 2047 inque
1429 1978 1721 2031 domorum
1756 1985 2015 2046 penetra-

431 2062 579 2117 libus
615 2062 760 2116 idola
795 2063 1092 2131 habebant,
1118 2074 1239 2135 quat
1262 2064 1538 2120 colebant.
1570 2065 1758 2135 Itaque
1775 2065 1856 2119 sic
1881 2065 2057 2117 Eze-~

428 2154 666 2210 chielem
692 2154 995 2224 alloquitur
1025 2156 1295 2211 Dominus
1330 2173 1346 2212 :
1387 2174 1407 2206 ι
1450 2153 1554 2211 Fili
1586 2156 1849 2219 hominis,
1887 2170 2018 2226 per--

430 2245 573 2312 fora,
609 2253 666 2302 et
698 2247 977 2317 perforari
1005 2248 1272 2317 parietem
1292 2287 1308 2314 ,
1335 2258 1389 2303 et
1411 2249 1545 2303 vidi.
1580 2248 1644 2302 Et
1677 2263 1808 2303 ecce
1832 2250 2016 2304 omnis

430 2338 731 2395 similitudo
756 2341 1060 2411 reptilis,et
1076 2341 1333 2410 jumenti,
1357 2350 1412 2397 et
1434 2343 1619 2396 omnia
1646 2343 1792 2398 idola
1815 2343 2016 2398 domus

426 2429 598 2486 Israel
626 2430 905 2501 descripta
935 2433 990 2486 in
1015 2448 1082 2487 eo
1104 2434 1334 2490 circum.
1364 2434 1428 2487 Et
1448 2434 1668 2490 dixitad
1699 2450 1785 2491 me
1813 2436 2015 2490 :Certe

426 2521 483 2578 vi
506 2522 637 2586 listi,
660 2522 732 2576 (ili
759 2522 1025 2588 hominis,
1045 2538 1114 2577 an
1144 2539 1311 2595 parva
1328 2534 1458 2580 sunt
1476 2525 1661 2581 domui
1686 2527 1878 2595 Israel,
1896 2543 2017 2599 qua-

429 2611 1015 2684 faciuntsinguliclam
1039 2616 1089 2669 in
1119 2616 1380 2673 cubiculo
1410 2633 1513 2672 suo
1538 2618 1630 2671 "li
1661 2619 1792 2675 Inde
1810 2622 2022 2691 estigi-

430 2713 542 2771 tur,
562 2704 708 2773 quod
734 2690 843 2759 eos
867 2719 925 2760 se
956 2705 1010 2758 in
1041 2707 1401 2775 captivitatem
1444 2708 1729 2764 tradidisse
1763 2690 2008 2781 subiicit.

430 2793 475 2848 D
492 2811 543 2850 :o
560 2804 742 2850 autem
767 2797 1076 2864 deserente,
1096 2799 1222 2868 quis
1239 2806 1347 2866 est,
1370 2800 1464 2870 qui
1493 2807 1733 2870 tueatur,
1760 2804 1853 2874 qui
1876 2805 2018 2859 dire-

427 2892 523 2954 pta
537 2895 767 2957 repetat,
787 2901 913 2942 cum
932 2887 1162 2942 deorum
1186 2889 1398 2953 nullus,
1419 2904 1561 2959 quos
1584 2891 1692 2961 ipsi
1722 2894 1934 2959 colunt,
1960 2894 2015 2949 id

2119 1999 2273 2036 πτον.
2332 1981 2445 2035 Καὶ
2492 1984 2549 2035 ὲν
2593 1982 2767 2045 οἴκοις
2813 1982 3027 2052 ἔχοντες
3077 1980 3375 2051 ἀγάλματα
3418 1978 3587 2049 λάθρα
3632 1979 3689 2034 τὸ

2118 2075 2280 2140 σέϐας
2310 2074 2672 2147 προσέφερον.
2699 2074 2790 2128 Διὸ
2821 2074 2958 2145 πρὸς
2997 2072 3255 2143 Ἰεζεκιήλ
3291 2089 3457 2144 φησιν
3486 2075 3514 2127 ὁ
3545 2072 3686 2135 Sed:

2126 2185 2143 2218 ι
2169 2167 2265 2219 Υἱὲ
2288 2164 2935 2238 ὰνθρὼπου,ὗρυξον.Κα“ι
2958 2161 3143 2235 ὥρυξα
3161 2161 3224 2233 δὴ
3250 2163 3312 2214 ὲν
3335 2161 3413 2232 τῷ
3427 2162 3584 2232 τοίχῳ
3603 2163 3688 2215 καὶ

2116 2254 2273 2312 εἶδον.
2307 2258 2418 2311 Καὶ
2455 2257 2563 2312 ἰδοὺ
2582 2258 2731 2310 πᾶσα
2760 2255 3019 2327 ὁμοίωσις
3044 2253 3303 2325 ἑρπετοῦ,
3327 2254 3422 2306 καὶ⁸
3449 2253 3685 2324 κτήνους,

2117 2352 2211 2404 καὶ
2244 2351 2425 2404 πάντα
2455 2350 2522 2404 τὰ
2555 2349 2750 2402 εἴδωλα
2794 2347 2947 2402 οἴκου
2994 2346 3212 2419 Ἰσραὴλ
3244 2347 3687 2418 διαγεγραμμένα

2116 2444 2205 2497 ἐπ’
2236 2442 2403 2497 αὑτοῦ
2436 2443 2640 2514 κύκλῳ.
2671 2442 2779 2496 Καὶ
2802 2437 2959 2516 εἶπεν
2980 2441 3115 2514 πρός
3152 2456 3242 2512 με’
3276 2439 3582 2512 Ἑώρακας,
3611 2442 3686 2495 υἱὲ

2116 2533 2426 2608 ἀνθρώπου.
2480 2536 2570 2604 Μὴ
2621 2535 2793 2606 μικρὰ
2846 2535 2925 2605 τῷ
2978 2534 3111 2604 οἴκῳ
3145 2532 3430 2604 Ἰσραὴλᾶ
3459 2533 3688 2587 ποιοῦσιν

2116 2627 2346 2691 ἕκαστος
2367 2629 2426 2681 ὲν
2442 2626 2518 2699 τῷ
2535 2627 2753 2681 κοιτῶνι
2767 2626 2944 2680 αὐτῶν
2969 2625 3047 2697 τῷ
3068 2625 3306 2704 κρυπτῷ
3326 2644 3340 2691 ;
3363 2644 3380 2677 ι
3413 2626 3493 2679 διό
3517 2642 3687 2697 φησιν,

2116 2720 2326 2783 Αὐτοὺς
2373 2723 2451 2786 εὶς
2488 2720 2910 2789 αἰχμαλωσίαν
2951 2719 3293 2787 παρέδωκα.
3325 2718 3461 2772 Θεοῦ
3487 2719 3540 2773 δὲ
3570 2737 3690 2789 προ-

2115 2814 2314 2879 δόντος,
2352 2813 2434 2877 τίς
2466 2811 2533 2867 ἂν
2559 2812 2797 2883 προέστη
2826 2811 2894 2865 τὰ
2916 2810 3344 2880 διηρπασμένα
3400 2812 3692 2881 πραττόμε‹

2116 2922 2225 2970 νος,
2276 2904 2505 2976 μηδενὸς
2554 2903 2716 2957 τοῦτο
2786 2903 3049 2973 πράττειν
3075 2903 3388 2970 δυναμένου
3414 2902 3520 2956 τῶν
3554 2920 3691 2973 νομι-

433 2986 696 3046 praestare
717 2979 931 3033 valeat?
961 2976 1269 3034 Prudenter
1286 2989 1534 3035 autemet
1565 2984 1864 3039 commode
1887 2999 2012 3040 cum

2121 2992 2359 3046 σθέντων
2404 2992 2573 3063 θεῶνῖς
2602 2992 2961 3064 οἰκονομικῶς
2982 2992 3039 3045 δὲ
3065 2992 3204 3063 μετὰ
3256 2994 3367 3065 τὴν
3402 2993 3509 3049 τῶν
3538 2994 3691 3047 ἐθνῶν

431 3077 552 3143 post
585 3071 830 3139 gentium
868 3071 1211 3126 vocationem
1252 3072 1535 3128 Israelitas
1561 3074 1772 3143 ejiciat,
1793 3092 2012 3133 causam

2121 3083 2335 3153 κλῆσιν,
2386 3082 2484 3153 τὴν
2534 3083 2712 3138 αἰτίαν
2777 3083 2882 3152 ἔφη
2915 3084 3013 3153 τῆς
3052 3082 3340 3155 ἀποϐολῆς
3382 3086 3607 3157 Ἰσραὴλ,
3633 3088 3690 3157 ἦν

430 3175 550 3215 eam
580 3159 825 3225 adducit,
857 3175 1021 3231 quam
1050 3170 1109 3216 et
1134 3161 1314 3218 Moses
1343 3164 1461 3234 ipse
1490 3165 2018 3233 demonstravit,ubi

430 3253 506 3306 ait
547 3270 561 3307 :
621 3269 639 3303 ι
691 3251 797 3322 Ipsi
846 3256 914 3306 ad
962 3254 1371 3331 aemulationem
1422 3272 1509 3311 me
1554 3271 2016 3328 provocaverunt,

431 3353 693 3415 tanquam
729 3347 875 3402 Deus
910 3362 1020 3401 non
1053 3363 1271 3416 essem;
1299 3363 1401 3418 ego
1434 3358 1618 3405 autem
1642 3366 1739 3407 eos
1755 3368 2021 3423 provoca-

431 3439 524 3505 bo,
560 3447 824 3509 tanquam
865 3454 1003 3510 gens
1044 3455 1156 3495 non
1202 3442 1276 3495 sit
1323 3442 1365 3495 ⁸.
1401 3460 1421 3493 υ
1471 3441 1537 3496 Et
1560 3442 1770 3498 David:
1812 3463 1831 3496 ι
1873 3444 2017 3501 Exa-

430 3531 797 3587 cerbaverunt
843 3547 968 3586 eum
1010 3531 1064 3586 in
1100 3532 1359 3589 ﬁctilibus
1383 3534 1501 3590 suis
1526 3535 1568 3602 ’,
1610 3555 1630 3588 ι
1681 3544 1736 3591 et
1764 3553 1887 3608 qua:
1925 3554 2015 3594 se-

428 3634 699 3693 quuntur.
728 3622 869 3679 Sunt
908 3624 1094 3693 itaque
1124 3625 1423 3695 diligenter
1456 3627 1768 3683 animorum
1806 3630 2012 3685 vitandi

389 3759 395 3766 .
428 3717 624 3787 laquei,
661 3731 730 3772 ne
776 3719 983 3773 nostris
1023 3717 1131 3787 ipsi
1165 3717 1563 3789 cupiditatibus
1597 3722 1766 3792 capti,
1808 3722 2010 3778 daemo-

427 3811 538 3865 niis
580 3812 633 3864 in
687 3810 1051 3881 depastionem
1087 3812 1395 3879 tradantur,
1444 3811 1605 3882 juxta
1653 3815 1786 3869 illud
1830 3832 1845 3869 :
1890 3834 1911 3867 ι
1955 3813 2011 3869 Si

427 3905 660 3972 spiritus
699 3904 1041 3960 dominantis
1088 3904 1144 3957 in
1195 3911 1249 3958 te
1302 3905 1587 3970 ascendat,
1641 3904 1823 3959 locum
1858 3915 2010 3960 tuum

426 4009 496 4048 ne
519 3995 743 4049 deseras
774 3994 841 4050 ι’.
879 4013 898 4046 ι
926 3993 1154 4060 Deinde,
1197 4003 1462 4065 tanquam
1501 3996 1567 4049 ad
1606 3998 1799 4050 surdos
1832 3997 2014 4068 loque-

424 4094 601 4149 retur,
621 4084 1039 4140 etauditoribus
1064 4094 1302 4151 careret,
1329 4086 1464 4157 ipsis
1490 4085 1840 4144 auditoribus
1853 4088 2010 4143 dicit:

425 4175 563 4242 Quis
593 4177 748 4230 estin
779 4178 946 4242 vobis,
975 4178 1065 4247 qui
1095 4177 1207 4232 Ita'c
1234 4179 1470 4233 audiat?
1506 4178 1619 4234 Etsi
1650 4179 1797 4233 enim
1826 4195 2009 4234 rerum

421 4273 655 4322 eventus
686 4267 929 4323 nondum
966 4276 1193 4324 secutus
1225 4277 1331 4334 est,
1361 4279 1515 4323 certo
1534 4277 1717 4324 tamen
1750 4270 1804 4322 in
1830 4278 2011 4339 poste-

422 4373 544 4412 rum
572 4373 636 4414 ea
667 4360 784 4430 ipsa
818 4360 1003 4414 futura
1036 4366 1188 4415 sunt.
1213 4358 1352 4426 Quis
1382 4361 1553 4428 igitur
1583 4375 1805 4415 causam
1859 4362 2003 4416 dire-
2038 4349 2081 4404 D

425 4453 625 4520 ptiom's
649 4454 835 4524 populi
879 4454 953 4509 ita
983 4464 1212 4525 quaeret,
1258 4462 1318 4509 ut
1357 4454 1503 4510 dicat
1547 4471 1561 4509 :
1594 4454 1725 4521 Quis
1763 4455 1908 4509 dedit
1952 4456 2006 4509 in

417 4545 765 4615 direptionem
781 4546 994 4601 Iacob?
1022 4546 1280 4602 Nondum
1299 4548 1444 4601 enim
1473 4547 1524 4601 id
1559 4549 1852 4618 quisquam
1882 4549 2009 4604 fecit

416 4646 615 4707 praeter
663 4636 817 4690 illum
852 4637 907 4691 in
943 4652 1093 4706 quem
1122 4645 1490 4704 peccaverunt,
1529 4639 1584 4690 in
1620 4640 1875 4708 cujusque
1906 4639 2007 4692 viis

416 4729 693 4782 ambulare
745 4728 1050 4781 uoluerunt.
1101 4726 1297 4782 Vocati
1349 4731 1495 4783 enim
1548 4731 1614 4784 ad
1659 4731 2007 4802 evangelicas

418 4822 551 4885 uias,
584 4837 689 4874 non
717 4819 1093 4874 auscultarunt
1125 4834 1142 4872 :
1172 4816 1353 4890 neque
1391 4830 1670 4875 recentem
1710 4822 1872 4892 legem
1903 4838 2004 4876 au-

416 4912 532 4965 dire
558 4912 844 4966 voluerunt
874 4929 890 4977 ;
917 4911 1062 4966 unde
1093 4910 1261 4983 479
1285 4910 1482 4964 bellum
1512 4912 1567 4964 in
1587 4918 1676 4965 eos
1699 4913 2003 4981 praevaluit.

416 5001 559 5056 Olim
592 5004 738 5056 enim
774 5003 909 5058 bello
932 5005 1118 5072 aliquo
1152 5019 1331 5073 usque
1380 5006 1573 5066 vexati,
1610 5005 1687 5059 ita
1714 5020 1775 5059 se
1822 5014 2006 5059 tamen

421 5100 799 5162 repararunt,
838 5104 902 5148 ut
950 5104 1007 5149 et
1036 5094 1255 5156 urbem,
1302 5104 1357 5147 et
1408 5096 1672 5163 templum
1694 5094 1860 5148 etiam
1923 5095 2010 5148 in-

417 5193 666 5241 staurata
694 5185 961 5240 baberent
992 5204 1006 5240 :
1032 5194 1088 5241 at
1116 5202 1268 5241 nunc
1295 5198 1360 5241 ex
1387 5201 1499 5256 quo
1530 5186 1674 5256 pulsi
1703 5195 1855 5251 sunt,
1879 5197 2003 5241 tan-

417 5284 534 5330 tum
564 5276 817 5330 adversus
846 5292 933 5331 eos
973 5277 1277 5331 animorum
1311 5278 1507 5331 bellum
1539 5278 1801 5344 invaluit,
1839 5288 1897 5332 ut
1936 5294 2005 5334 ne

417 5371 485 5424 ad
514 5369 782 5424 malorum
822 5368 1046 5440 quidem
1079 5371 1312 5426 istorum
1349 5385 1577 5427 causam
1615 5371 1926 5425 advertant.

426 5468 429 5475 ’
495 5485 514 5516 ⁸
544 5477 648 5536 Isa.
673 5496 748 5547 ix,
780 5483 835 5536 4.

2117 3174 2296 3245 δηλῶν
2349 3174 2502 3243 ἔλεγε
2544 3174 2771 3244 Μωσῆςο
2808 3192 2828 3225 ι
2860 3175 3025 3228 Αὐτοὶ
3083 3175 3489 3246 παρεζήλωσάν
3514 3195 3579 3247 με
3607 3179 3685 3231 ἐπ’

2117 3268 2178 3320 οὐ
2204 3266 2345 3337 Θεῷ,
2400 3266 2557 3334 κάγὼ
2586 3266 2967 3337 παραζηλώσω
2992 3268 3190 3333 αὐτοὺς
3226 3270 3317 3321 ἐπ’
3347 3270 3449 3323 οὐκ
3488 3270 3676 3324 ἔθνει.»

2116 3360 2230 3414 Καὶ
2272 3358 2437 3413 Δαδὶδ
2467 3359 2524 3413 δέ
2556 3375 2713 3430 φησν
2754 3379 2772 3410 ι
2798 3360 3228 3430 Παρεπίκραναν
3292 3361 3455 3416 αὐτὸν
3493 3358 3551 3416 ἐν
3585 3366 3685 3426 τοῖς

2115 3453 2374 3521 γλυπτοῖς
2422 3452 2633 3518 αὐτῶν,
2660 3471 2677 3503 ι
2715 3452 2810 3506 καὶ
2862 3452 2932 3507 τὰ
2982 3451 3132 3522 ἑξῆς.
3183 3453 3278 3507 Διδ
3309 3453 3570 3524 φευκτέον
3598 3455 3683 3518 τὰς

2115 3543 2259 3597 κατὰ
2294 3542 2420 3598 νοῦν
2452 3541 2732 3612 παγίδας,
2766 3542 2853 3596 ἵνα
2900 3542 2975 3613 μὴ
2990 3542 3211 3613 δαίμοσι
3244 3543 3532 3616 γενώμεθα
3558 3559 3685 3614 προσ

2113 3635 2292 3706 νομὴ,
2327 3636 2417 3689 διὰ
2443 3635 2551 3689 τῶν
2582 3636 2642 3688 ἐν
2668 3636 2800 3705 ἡμῖν
2833 3635 3169 3706 κινουμένων
3189 3636 3405 3702 παθῶν,
3440 3637 3576 3691 κατὰ
3594 3638 3649 3690 τό
3668 3653 3682 3667 ·

2120 3749 2139 3783 ι
2173 3731 2300 3784 Ἐὰν
2353 3728 2574 3799 πνεῦμα
2636 3726 3044 3793 ὲξουσιάζοντος
3076 3727 3258 3800 ἀναϐῇ
3302 3729 3395 3782 ἐπὶ
3423 3730 3500 3793 σὲ,
3531 3729 3684 3781 τόπον

2115 3836 2208 3875 σου
2241 3821 2316 3892 μὴ
2336 3821 2502 3893 ἀφῇς.
2532 3838 2552 3872 ι
2602 3813 2757 3887 Εἶτα,
2791 3816 3092 3890 ἐπειδήπερ
3127 3818 3204 3882 ὡς
3238 3819 3462 3890 κωφοῖς
3494 3819 3678 3883 ἐλάλει,

2111 3914 2336 3986 ἀπορῶν
2358 3911 2646 3984 ἀκροατῶν
2675 3913 2733 3966 ὲν
2758 3912 2944 3975 αὐτοῖς
2968 3910 3138 3981 λέγει·
3182 3913 3363 3978 Τίςέν
3392 3912 3534 3983 ὑμῖν
3554 3912 3680 3965 ἐνω-

2110 4005 2318 4062 τιεῒται
2345 4005 2533 4059 ταῦτα
2553 4004 2651 4069 ;Ei
2674 4004 2784 4074 γὰρ
2803 4003 2898 4057 καὶ¹
2914 4006 3083 4075 μήπω
3107 4004 3348 4073 πάρεστι
3370 4003 3480 4058 τῶν
3511 4020 3678 4074 πραγ-

2116 4098 2302 4168 μάτων
2357 4098 2391 4167 ή
2423 4094 2671 4157 ἔκϐασις.
2725 4093 2840 4147 ἀλλ’
2885 4094 2942 4147 ὲν
2964 4095 3075 4156 τοῖς
3128 4093 3380 4148 ἐπιοῦσιν
3450 4094 3677 4148 ἐπιτελε-

2111 4189 2373 4259 σθήσεται
2433 4188 2688 4258 χρόνοιςο
2722 4186 2807 4250 τίς
2862 4180 2956 4239 οὖν
3015 4185 3328 4258 ζητήσειτὺ
3358 4188 3530 4243 αἴτιον
3581 4186 3679 4254 τῆς

2110 4277 2442 4350 διαρπαγῆς
2473 4276 2564 4331 τοῦ
2627 4276 2783 4343 λαοῦ,
2832 4275 2975 4331 ὥστε
3024 4277 3200 4330 εἰπεῖν
3227 4277 3314 4344 τὸ,
3351 4279 3446 4344 Τίς
3473 4278 3679 4332 ἔδωκεν

2108 4372 2199 4437 εἰς
2256 4365 2598 4437 διαρπαγὴν
2634 4365 2848 4419 Ἰακώϐ
2865 4380 2885 4429 ;
2910 4364 3083 4428 οὐδεὶς
3108 4365 3165 4419 δὲ
3190 4364 3355 4418 τοῦτο
3392 4367 3675 4437 πέπρακεν,

2106 4463 2139 4534 ἢ
2170 4460 2331 4522 αὐτὸς
2358 4453 2406 4526 ᾧ
2434 4456 2808 4527 ήμάρτοσαν,
2834 4462 2932 4509 καὶ
2969 4457 3080 4509 οὐκ
3103 4455 3429 4510 ἐϐούλοντο
3464 4457 3532 4510 ἑν
3562 4455 3677 4520 ταῖς

2106 4554 2270 4619 ὁδοῖς
2313 4551 2502 4606 αὐτοῦ
2532 4550 2915 4619 πορεύεσθαι.
2952 4548 3299 4620 Καλούμενοι
3344 4549 3453 4620 γὰρ
3482 4551 3554 4612 εἰς
3588 4547 3675 4611 τὰς

2105 4642 2472 4714 εὐαγγελικὰς
2529 4641 2732 4706 ὀδοὺς,
2777 4642 2892 4710 οὺχ
2937 4640 3255 4706 ὑπήκουον
3289 4658 3304 4673 ο
3335 4639 3563 4697 οὐδὲτοῦ
3587 4640 3676 4708 τῆς

2107 4738 2317 4808 Καινῆς
2341 4734 2619 4806 Διαθήκης
2648 4733 2895 4788 ἀκούειν
2944 4733 3137 4805 ἤθελον
3178 4735 3397 4803 νόμου.
3426 4734 3515 4787 Διὸ
3550 4748 3677 4786 κατ-

2109 4831 2370 4900 ίσχυσεν
2387 4826 2480 4881 ἐπ’
2509 4823 2731 4890 αὐτοὺς
2755 4824 3042 4894 πόλεμος.
3079 4823 3253 4879 Πάλαι
3291 4824 3389 4895 μὲν
3422 4824 3525 4895 γὰρ
3551 4822 3676 4892 πρὸς

2108 4922 2299 4991 καιρόν
2315 4936 2438 4971 τινα
2480 4917 2940 4985 πολεμούμενοι,
2974 4911 3130 4977 αὖθις
3161 4913 3536 4984 ἀνελάμϐανον
3568 4914 3677 4965 ἐαυ-

2109 5014 2258 5076 τους,
2280 5012 2356 5073 ὡς
2382 5011 2478 5063 καὶ
2528 5009 2629 5079 τὴν
2672 5006 3048 5077 Ἰερουσαλὴμ,
3087 5007 3181 5058 καὶ
3202 5006 3265 5059 τὸ
3290 5007 3351 5061 ἐν
3380 5007 3513 5076 αὐτῇ
3560 5020 3675 5056 συνο

2110 5104 2331 5157 εστάναι
2362 5100 2650 5170 βασίλειον.
2684 5098 2800 5151 Νῦν
2827 5086 2913 5163 δὲ,
2944 5098 3031 5150 ὅτε
3090 5096 3259 5161 ἔξωθε
3287 5095 3335 5162 i,
3391 5097 3482 5151 καὶ
3511 5097 3542 5149 ὀ
3568 5091 3674 5147 τῶν

2111 5191 2331 5264 ψυχῶν
2348 5190 2441 5245 ἐπ’
2465 5182 2688 5253 αὑτοὺξ
2715 5188 3069 5256 -κιιτίο-χυκε
3097 5189 3381 5253 πόλεμος,
3439 5185 3531 5239 καὶ
3578 5180 3675 5235 τῶν

2114 5287 2300 5341 κακῶν
2327 5282 2533 5338 τούτων
2559 5283 2659 5334 οὐκ
2683 5279 2999 5349 ὲλογίσαντο
3021 5278 3118 5350 τὴν
3148 5279 3348 5332 αἰτίαν.
3578 5284 3584 5289 ‘

913 5482 931 5512 ⁷
966 5480 1164 5536 Ezech.
1197 5484 1499 5550 vtu,8-I0.
1577 5484 1599 5515 ⁸
1630 5482 1790 5538 Deut.
1837 5498 2014 5550 nm,
2069 5484 2161 5540 2|.
2238 5486 2259 5516 ’
2290 5481 2439 5538 Psal.
2478 5495 2685 5547 Lxxvu,
2726 5480 2816 5535 40.
2900 5480 2943 5511 ¹⁰
2996 5478 3178 5534 Eccle.
3223 5491 3279 5543 κ,
3318 5477 3375 5534 4.

1693 5601 1917 5657 νΑιιιίΕ
1954 5601 2361 5660 LECTIUNES.

485 5668 501 5722 ἱ
536 5672 622 5726 ἵσ.
654 5670 864 5741 tae-'qu
878 5689 997 5726 ταν.
