3950 6384
294 241 429 308 2381

1397 243 1934 307 COMMENTARII
1970 243 2050 305 IN
2088 240 2352 305 ISAIAM
2362 290 2374 302 .

3420 247 3564 310 2382

368 351 524 414 Τινὲς
548 351 606 403 δὲ
634 350 728 404 καὶ
759 352 932 405 ταῦτα
960 352 1120 407 πάλιν
1172 353 1264 407 ἐπὶ
1314 355 1414 426 τῆς
1446 357 1534 408 ἐπ’
1579 355 1880 426 Ἀσσυρίων

2055 343 2316 409 Nonnulli
2351 368 2478 409 vero
2522 359 2578 408 et
2628 354 2746 411 haec
2786 355 2951 410 etiam
3000 356 3067 411 ad
3098 373 3240 422 eam,
3283 374 3447 428 quam
3494 362 3563 413 ab

297 443 550 504 ἁλώσεως
598 441 809 506 ἔλαϐον,
844 443 896 496 οἳ
924 446 1018 498 καὶ
1045 446 1104 499 τὸ
1137 448 1236 515 μὲν
1286 447 1561 511 ἀκούειν,
1616 449 1677 500 τὸ
1697 446 1883 516 ιψιλῶς

300 535 604 607 ἀκροᾶσθαί
650 521 803 605 φασι.
843 537 916 589 Τὸ
940 538 1000 594 δὲ
1027 538 1452 607 ἐνωτίσασθαι,
1482 541 1545 594 τδ
1573 542 1640 610 τῇ
1674 539 1885 609 διανοίᾳ

300 626 773 697 παραπέμψασθαι
798 627 955 697 λόγον
985 629 1273 699 ἐμφρόνως
1304 630 1625 695 ἀκούοντας,
1664 630 1883 692 ὁποίους

299 719 390 771 νῦν
415 719 695 789 ἀκροατὰς
716 721 744 771 ό
762 720 1054 791 προφήτης
1076 719 1251 809 ζητεῖ,
1274 721 1416 774 κατὰ
1440 718 1656 774 Παῦλον
1677 719 1885 781 εἰδότας

296 810 377 863 ὅτι
432 809 683 871 τυπικῶς
735 811 969 874 ἐκείνοις
1021 812 1358 878 συνέϐαινεν,
1414 810 1632 881 ἐγράφη
1660 810 1717 863 δὲ
1748 809 1886 881 πρὸς

297 903 580 956 νουθεσίαν
633 903 814 973 ἡμῶν,
841 905 992 968 ὅπως
1043 904 1111 958 ἀν
1141 904 1201 957 τὸ
1226 907 1339 968 τοῖς
1368 905 1504 969 ῐσοις
1547 903 1753 958 ἁλῶναι
1778 922 1883 973 φυ-

293 996 597 1060 λάξωνται.
661 997 749 1049 Ἐν
797 997 1033 1066 ὲμφάσει
1081 996 1138 1050 δέ
1187 1014 1372 1068 φησιν,
1420 998 1501 1050 ὅτι
1538 995 1886 1065 παρέδωκεν

308 1088 612 1153 Ἰακὼ6,ὂν
641 1087 701 1156 ἐξ
728 1086 1005 1156 Αἰγύπτου
1048 1089 1307 1142 διέσωσεν
1354 1090 1495 1160 ὑπὲρ
1539 1084 1601 1145 οὗ
1646 1088 1885 1143 τοσαῦτα

296 1181 415 1233 κατ’
440 1180 656 1251 ἐχθρῶν
674 1180 891 1247 ἐγένετο
917 1178 1198 1249 θαύματα.
1229 1181 1332 1233 Τὸν
1356 1181 1452 1235 οὖν
1476 1181 1706 1235 εἰωθότα
1726 1182 1883 1251 νικᾷν

298 1270 388 1333 τίς
424 1269 726 1322 ὑποπεσεῖν
780 1270 1011 1337 εποίησε
1045 1273 1158 1332 τοῖς
1218 1271 1453 1340 ἐχθροῖς,
1482 1272 1576 1324 καὶ
1605 1272 1692 1325 διὰ
1723 1272 1883 1325 ποίαν

296 1363 475 1416 αἰτίαν
501 1380 518 1429 ;
546 1364 578 1432 ἠ
602 1362 660 1415 δὲ
687 1362 785 1416 τοῦ
812 1366 905 1430 τίς
932 1364 1220 1435 ἐρώτησις,
1250 1364 1541 1435 ὁμολογίαν
1560 1363 1676 1434 ἔχει
1708 1363 1880 1434 σαφῆ,

297 1452 371 1515 ὡς
403 1453 536 1516 Θεὸς
564 1456 592 1508 ό
619 1454 844 1525 δράσας,
878 1455 993 1509 ἀνθ’
1019 1447 1095 1509 ὧν
1127 1455 1291 1509 αὐτὸν
1321 1455 1703 1524 ἐγκατέλιπον.
1739 1456 1884 1526 Πλὴν

292 1543 413 1597 δέον
438 1544 638 1608 αὐτοὺς
676 1545 749 1615 μὴ
776 1546 1064 1616 ἁμαρτεῖν,
1125 1546 1251 1599 οὐδὲ
1284 1544 1551 1610 παθόντες
1597 1546 1885 1618 ἐνουθετή-

296 1635 489 1705 θησαν.
527 1635 606 1689 Δι’
632 1636 725 1701 οὓς
763 1637 1031 1709 Ἱερεμίας
1061 1638 1196 1708 φησί
1220 1652 1234 1666 ο
1262 1656 1281 1689 ι
1311 1636 1510 1710 Κύριε,
1532 1639 1581 1690 οἱ
1612 1639 1883 1708 ὀφθαλμοί

1987 445 2234 514 Assyriis
2282 446 2430 514 passi
2487 453 2650 509 sunt,
2700 449 3165 516 expugnationem
3211 449 3562 519 retulerunt;

1986 534 2151 590 iidem
2197 537 2386 589 audire
2434 536 2760 606 simpliciter
2813 554 2913 608 pro
2964 538 3279 592 auscultarc
3322 539 3564 609 positum

1986 626 2362 692 arbitrantur;
2421 626 2641 681 auribus
2698 636 2880 682 autem
2922 631 3234 698 percipere,
3290 645 3389 698 pro
3443 645 3569 700 quin

1987 718 2229 772 audieris
2262 725 2446 773 mente
2476 718 2777 788 prudenter
2811 720 3021 790 agitare
3063 724 3257 790 quales
3289 737 3437 774 nunc
3467 735 3567 775 au-

1984 806 2194 861 ditores
2226 808 2492 877 propheta
2521 809 2785 878 postulat,
2840 810 2959 878 qui,
2989 809 3148 879 juxta
3203 809 3435 865 Paulum
3497 812 3564 876 “,

1985 897 2164 951 sciant
2219 897 2403 951 omnia
2454 900 2510 951 in
2564 898 2737 967 ﬁgura
2792 900 2900 954 illis
2952 900 3254 971 contigisse
3297 919 3315 956 :
3359 901 3565 971 scripta

1987 996 2169 1041 autem
2202 1002 2327 1042 esse
2361 987 2417 1041 in
2451 987 2882 1043 admonitionem
2912 998 3184 1058 nostram,
3224 996 3288 1047 ut
3335 1000 3566 1046 caveant

1988 1095 2056 1134 ne
2087 1095 2117 1133 a
2150 1079 2432 1135 similibus
2462 1080 2834 1152 decipiantur.
2891 1082 3214 1154 Emphatice
3247 1092 3429 1139 autem
3457 1082 3563 1137 Ja-

1985 1169 2078 1223 cob
2114 1170 2297 1240 ipsum
2331 1170 2621 1223 tradidisse
2645 1171 2801 1235 dixit,
2832 1172 2924 1240 qui
2957 1173 3210 1227 eumdem
3237 1188 3304 1227 ex
3327 1171 3563 1243 .‘Egypto

1984 1269 2235 1329 ereptum
2285 1260 2543 1324 scrvarit,
2595 1260 2827 1329 ejusque
2863 1261 3085 1315 nomine
3138 1269 3217 1315 tot
3272 1261 3328 1315 in
3380 1262 3567 1316 hostrs

1985 1357 2240 1422 portenta
2290 1349 2549 1406 ediderit.
2598 1348 2730 1415 Quis
2785 1366 2910 1407 eum
2936 1352 3121 1419 igitur,
3161 1352 3401 1422 quierat
3444 1353 3566 1406 vin-

1985 1456 2110 1497 cere
2146 1440 2372 1507 solitus,
2424 1440 2678 1497 hostibus
2726 1440 3004 1512 subjecit;
3050 1456 3240 1512 quasve
3273 1442 3436 1512 hujus
3483 1443 3564 1497 rei

1985 1533 2246 1589 occasio?
2269 1534 2339 1587 At
2364 1533 2511 1589 enim
2537 1534 2673 1590 satis
2707 1535 2868 1589 docet
2900 1534 3275 1605 interrogandi
3297 1535 3565 1605 particula

1987 1626 2093 1680 ista
2133 1624 2243 1679 illis
2270 1624 2456 1680 omnia
2481 1623 2592 1680 Deo
2624 1633 2855 1681 auctore
2884 1626 2956 1680 ob
2982 1626 3035 1681 id
3064 1628 3384 1697 contigisse,
3420 1626 3566 1696 quod

298 1744 392 1781 σου
429 1730 510 1789 εἰς
543 1728 743 1782 πίστιν.
791 1728 1211 1799 Ἐμαστίγωσας
1237 1728 1455 1794 αὐτοὺς,
1490 1730 1585 1781 καὶ⁵
1607 1731 1708 1781 οὐκ
1756 1730 1880 1799 ἠθέ-

1987 1717 2240 1772 eumdem
2277 1717 2643 1785 reliquerunt.
2694 1715 2803 1772 Sed
2847 1733 2947 1773 eos
2979 1733 3087 1773 non
3126 1733 3382 1787 peccasse
3415 1720 3569 1789 prius

294 1819 466 1888 λησαν
525 1819 781 1883 δέξασθαι
813 1820 1082 1875 παιδείαν.
1121 1839 1139 1872 ι
1172 1821 1261 1874 Διὸ
1284 1821 1383 1873 καὶ
1413 1821 1666 1889 λέγοντος
1716 1820 1882 1875 αὐτοῦ

295 1912 406 1973 τοῖς
460 1908 866 1980 ὑπολειφθεῖσιν
890 1913 955 1965 ὲκ
995 1913 1100 1985 τῆς
1160 1910 1414 1976 ἁλώσεως
1469 1912 1544 1983 μὴ
1600 1912 1884 1966 κατελθεῖν

294 1998 375 2060 εἰς
426 1997 525 2069 τὴν
556 1998 855 2066 Αἴγυπτον,
883 2000 939 2053 αἰ
964 2000 1172 2054 τούτων
1232 2004 1490 2069 γυναῖκες
1536 2002 1883 2073 ἀναισθήτως

290 2087 517 2158 ἔχουσαι
545 2091 644 2160 τῆς
693 2092 888 2161 ὀργῆς,
953 2094 1131 2146 ἐϐόων
1160 2110 1175 2126 ·
1200 2095 1316 2147 Οὐκ
1345 2094 1638 2149 ἀπέστειλέ
1678 2111 1737 2147 σε
1767 2094 1880 2157 Κό-

294 2195 433 2250 ριος.
462 2182 855 2252 Προσέφασκον
874 2183 951 2250 δὲ,
988 2184 1205 2255 Ἐπειδὴ
1229 2185 1553 2258 διελίπομενί
1576 2186 1880 2261 θύουσαιτῇ

294 2269 584 2344 βασιλίσσῃ
633 2272 730 2325 τοῦ
757 2274 1014 2345 οὐρανοῦ,
1074 2277 1405 2347 κατείληφεν
1434 2280 1583 2350 ἡμᾶς
1614 2278 1682 2333 τὰ
1709 2280 1876 2334 κακά.

290 2361 482 2425 οὕτως
519 2363 865 2434 ἀναισθήτως
916 2361 1089 2437 εἶχον,
1142 2370 1629 2438 κατισχύσαντος
1681 2370 1883 2425 αὐτῶν

292 2454 400 2508 τοῦ
428 2454 722 2524 πολέμου,
744 2458 843 2510 καί
863 2455 982 2511 τῶν
1013 2460 1217 2523 κύκλῳ
1242 2461 1750 2530 καταφλετόντων
1772 2464 1880 2514 αὐ-

290 2548 453 2612 τούς.
492 2547 578 2610 Ὠς
625 2548 720 2601 καὶ⁵
775 2547 1009 2619 ἀλλαχοῦ
1064 2568 1229 2618 φησιν
1262 2551 1292 2603 ὁ
1321 2549 1516 2622 παρὼν
1568 2552 1875 2621 προφήτηςο

297 2640 393 2690 «Ai
412 2638 595 2704 πόλεις
613 2641 766 2711 ὑμῶν
787 2642 993 2711 πυρίκα
1004 2658 1168 2695 υστοι.
1185 2661 1203 2693 ι
1219 2644 1284 2695 "A
1312 2642 1376 2714 δή
1403 2660 1536 2713 φησι
1564 2642 1660 2695 νῦν
1682 2644 1878 2705 αὐτοὺς

292 2729 649 2793 πεπονθέναι,
699 2732 799 2784 οὐκ
835 2732 1233 2802 ἀσθενήσαντος
1274 2732 1469 2797 σώζειν
1515 2734 1714 2797 αὐτοὺς
1773 2733 1871 2786 τοῦ

292 2819 451 2875 θεοῦ.
500 2820 664 2891 Δηλοῖ
689 2821 838 2877 δὲτὰ
867 2822 1152 2891 φθάσαντα
1191 2823 1467 2893 θαύματα.
1511 2824 1652 2878 Ἀλλ’
1707 2824 1877 2878 οὐδὲι

294 2909 822 2983 δικαιοπραγοῦντες
867 2915 1224 2979 πεπόνθασιν,
1284 2914 1401 2968 ἀλλ’
1450 2915 1532 2968 ὅτι
1560 2916 1652 2970 τὸν
1691 2918 1877 2978 αὐτοῖς

292 3001 519 3055 δοθέντα
567 3004 734 3073 νόμον
779 3005 1122 3076 παρέϐησαν.
1156 3008 1221 3061 Ὃ
1253 3005 1329 3078 μὴ
1357 3006 1630 3072 νοοῦντες,
1666 3008 1878 3076 ἐμείνα-

288 3107 372 3159 es,
402 3095 559 3165 φησί,
587 3097 700 3159 τοῖς
729 3095 925 3160 δεινοῖς
944 3097 1315 3168 συνεχόμενοι.

1987 1810 2257 1879 oportuit,
2302 1824 2373 1863 ne
2428 1819 2779 1879 peccatorum
2814 1810 3025 1865 ultione
3052 1811 3119 1865 ad
3153 1809 3363 1881 frugem
3415 1825 3570 1864 revo-

1985 1901 2100 1953 cari
2155 1915 2215 1954 se
2245 1907 2299 1954 et
2329 1900 2534 1969 corripi
2584 1915 2693 1954 non
2740 1899 3033 1968 dolerent;
3068 1914 3301 1969 quorum
3349 1900 3571 1955 nomine

1986 1991 2331 2061 siclequitur
2357 1990 2666 2048 Jeremias:
2705 2011 2724 2045 ι
2758 1991 3008 2054 Domine.
3030 1993 3176 2047 oculi
3200 1994 3278 2046 tui
3303 1994 3358 2046 in
3385 1992 3567 2047 Iidem.

1986 2082 2301 2151 Flagellasti
2351 2099 2469 2149 eos,
2529 2093 2584 2140 et
2650 2086 2950 2141 noluerunt
3008 2087 3261 2156 amplecti
3321 2084 3568 2155 discipli-

1985 2188 2110 2228 nam
2145 2175 2209 2228 “.
2241 2192 2259 2225 ι
2286 2175 2468 2245 Atque
2497 2176 2626 2230 hinc
2658 2186 2765 2240 est,
2793 2177 2937 2246 quod
2971 2191 3094 2230 cum
3126 2177 3215 2237 iis.
3248 2177 3364 2245 qui,
3399 2189 3566 2244 expu.

1983 2275 2152 2338 gnata
2182 2268 2409 2323 civitate
2437 2278 2840 2331 remanserant,
2892 2285 2959 2323 ne
3008 2269 3060 2323 in
3091 2268 3386 2340 Egyptum
3440 2267 3568 2323 des-

1983 2358 2307 2424 cenderent,
2329 2358 2472 2415 idem
2503 2360 2800 2426 suaderet;
2829 2360 3147 2416 eorumdem
3169 2360 3569 2430 uxoresimpe-
3668 2406 3677 2414 .

1986 2451 2121 2506 tenti
2158 2452 2344 2505 furore
2378 2453 2622 2522 perc-itte,
2657 2468 2687 2506 a
2738 2451 2971 2508 Domino
2996 2453 3227 2510 missum
3283 2467 3390 2507 non
3444 2468 3570 2508 esse

1981 2543 2379 2597 inclamabant.
2446 2544 2571 2599 ideo
2622 2544 2769 2599 enim
2822 2558 2884 2600 se
2934 2544 3101 2599 tantis
3160 2544 3568 2599 calamitatibus

1981 2636 2175 2706 premi,
2234 2636 2391 2704 quod
2444 2636 2650 2706 reginae
2704 2638 2830 2692 ραιιὶ
2879 2637 3193 2693 sacriﬁcare
3237 2636 3566 2698 desiissent,

1980 2732 2320 2785 clamabant.
2354 2731 2504 2786 Adeo
2553 2732 2665 2788 illis
2709 2747 2911 2788 sensus
2978 2733 3404 2802 obstupuerant,
3440 2745 3566 2785 cum

1979 2824 2291 2891 prmealeret
2338 2822 2592 2899 adversus
2619 2839 2712 2877 eos
2737 2825 2955 2891 bellum,
2982 2835 3030 2880 et
3061 2827 3153 2895 qui
3192 2824 3564 2879 comburebaut

1981 2931 2069 2969 eos
2104 2916 2161 2967 in
2214 2914 2469 2967 circuitu.
2500 2913 2662 2979 Quod
2688 2915 2890 2969 alicubi
2940 2920 3104 2971 etiam
3139 2926 3329 2972 noster
3380 2911 3588 2971 indicat

1982 3005 2274 3074 propheta,
2303 3004 2434 3057 dum
2466 3005 2636 3060 urbes
2662 3019 2853 3059 eorum
2885 3008 3064 3075 ignem
3099 3007 3418 3076 populatum
3444 3021 3567 3061 esse

1909 3089 1953 3145 C
1992 3095 2306 3165 signiﬁcat;
2354 3094 2483 3148 talia
2510 3104 2660 3169 certe
2688 3103 2743 3151 et
2781 3096 2934 3165 ipsos
2968 3097 3132 3151 etiam
3174 3112 3321 3151 nunc
3375 3111 3567 3165 passos

289 3203 419 3243 esse
466 3190 636 3255 dicit;
695 3192 822 3245 licet
865 3207 894 3245 a
922 3190 1035 3247 Deo
1076 3207 1188 3245 non
1215 3190 1378 3261 eripi,
1411 3192 1731 3262 servarique
1760 3206 1869 3247 non
1908 3190 2243 3260 potuissent.
2285 3187 2494 3243 lndicat
2539 3199 2720 3243 autem
2783 3188 3155 3256 prrecedentes
3199 3188 3563 3253 calamitates,

290 3283 430 3342 quas
465 3284 570 3325 non
594 3268 822 3337 iustitiae
842 3272 1117 3342 operibus,
1141 3274 1235 3329 sed
1268 3274 1401 3343 legis
1431 3275 1642 3330 traditae
1691 3275 1989 3330 violatione
2016 3275 2261 3343 perpessi
2292 3281 2425 3331 sunt
2458 3292 2472 3331 :
2504 3277 2571 3333 ad
2596 3276 2745 3347 quod
2779 3276 2904 3347 quia
2936 3292 3043 3334 non
3101 3275 3430 3343 adrertistis,
3483 3276 3569 3334 in-

289 3362 435 3430 quit,
458 3359 677 3416 damnis
702 3372 756 3417 et
776 3360 1178 3418 calamitatibus
1205 3365 1505 3420 etiamnum
1535 3364 1767 3435 opprimi
1794 3379 1901 3419 non
1932 3363 2229 3420 desivistis.
2264 3397 2289 3411 .-

894 3451 1146 3509 ΚΕΦΔΔ.
1180 3453 1312 3509 Ml“.

363 3554 522 3616 ιιι-ιγ’.
574 3546 686 3601 Kal
737 3544 857 3600 νῦν
901 3545 1092 3610 οὕτως
1143 3548 1307 3616 λέγει
1352 3546 1570 3615 Κύριος
1610 3546 1644 3600 ό
1684 3544 1829 3608 Θεὸς
1852 3545 1887 3596 ὁ

2592 3452 2750 3512 CAP.
2779 3452 2968 3512 XLIII.

2057 3541 2227 3615 580
2258 3542 2426 3598 Vens.
2481 3542 2631 3598 l-i3.
2682 3542 2924 3598 Ei-uunc
2977 3554 3057 3599 ita
3106 3545 3235 3598 dicit
3285 3544 3568 3610 Dominus,

292 3637 558 3703 ποιήσας
573 3651 670 3699 σε,
697 3635 926 3701 Ἰακὼϐ,
955 3636 1056 3691 καὶ
1073 3639 1105 3691 ό
1121 3636 1369 3703 πλάσας
1386 3654 1481 3703 σε,
1504 3636 1772 3705 Ἰσραήλ’
1790 3634 1880 3703 Μὴ

1986 3635 2080 3704 ιικί
2119 3635 2247 3703 fecit
2292 3644 2363 3698 te,
2391 3632 2586 3698 Jacab,
2620 3643 2671 3688 et
2702 3637 2795 3704 qui
2828 3636 3080 3704 formavit
3120 3647 3191 3703 te,
3228 3636 3405 3692 Israel
3434 3655 3453 3692 :
3490 3637 3572 3692 Ne

292 3727 504 3796 φοϐοῦ,
530 3727 619 3781 ὅτι
642 3724 1085 3796 ἐλυτρωσάμην
1105 3740 1204 3790 σε,
1225 3726 1495 3801 iudicati
1518 3743 1593 3782 σε
1611 3726 1678 3779 τὸ
1703 3726 1880 3796 ὄνομά

1989 3726 2211 3791 timeas,
2243 3726 2492 3794 quoniam
2546 3725 2744 3779 redemi
2781 3735 2853 3791 te,
2904 3728 3084 3780 recavi
3131 3736 3180 3780 te
3213 3730 3423 3782 nomine
3457 3739 3567 3782 tuo.

290 3835 433 3873 σου.
474 3819 644 3888 Ἐμός
692 3815 751 3873 εἷ
777 3819 881 3872 σύ.
911 3818 1021 3873 Kal
1046 3818 1157 3873 ἐὰν
1202 3817 1514 3888 διαϐαίνῃς
1543 3817 1621 3871 δι’
1647 3818 1888 3882 ὕδατος,

1988 3813 2145 3869 Heus
2174 3831 2228 3873 es
2259 3826 2336 3869 tu.
2374 3813 2443 3867 Et
2468 3816 2516 3867 si
2539 3815 2816 3869 transieris
2848 3832 2943 3882 per
2976 3833 3195 3887 aquam,
3231 3810 3400 3872 tecum
3426 3834 3565 3882 sum,

283 3909 568 3979 μετὰσοῦ
582 3912 722 3979 εἰμι,
740 3910 838 3964 καὶ
854 3910 1106 3979 ποταμοὶ
1118 3912 1190 3965 οὐ
1209 3910 1651 3979 συγκλείσουσι
1670 3925 1763 3965 σε.
1778 3907 1880 3965 Καὶ

1986 3917 2036 3960 et
2088 3906 2315 3974 ﬂumina
2364 3923 2471 3960 non
2519 3908 2817 3975 cooperient
2864 3916 2933 3964 te.
2967 3907 3036 3963 Et
3067 3910 3114 3964 si
3153 3912 3434 3967 transieris
3476 3926 3569 3981 per

286 4003 660 4073 ἐὰνδιέλθῃς
680 4002 777 4057 διὰ
805 4003 1017 4072 πυρὸς,
1040 4005 1110 4058 οὺ
1126 4002 1212 4072 μὴ
1246 4001 1651 4071 κατακαυθῇς,
1674 4019 1729 4057 κ.
1752 4019 1804 4057 τ.
1834 4002 1882 4056 λ.
1904 4023 1909 4026 ’

373 4092 653 4147 ’Δνοίκεια
700 4091 876 4146 ταῦτα
914 4091 1023 4147 τῶν
1056 4092 1187 4163 περὶ
1241 4091 1336 4145 τοῦ
1367 4093 1432 4145 ὲκ
1460 4091 1763 4162 περιτομῆς
1781 4092 1882 4161 ἀρ-

284 4184 421 4247 τίως
474 4183 785 4255 εἰρημένων
822 4182 976 4247 λαοῦ,
1025 4181 1119 4245 οὒς
1171 4182 1435 4236 ἀπεκάλει
1483 4182 1742 4251 τυφλοὺς,
1785 4182 1882 4236 καὶ

1984 3997 2177 4066 ignem,
2203 4012 2305 4052 non
2336 3997 2684 4063 cembureris,
2704 3998 2925 4067 ﬂamma
2951 4017 3055 4054 non
3089 3999 3356 4057 comburet
3377 4013 3564 4067 te,etc.

2049 4088 2211 4160 48],
2250 4088 2476 4144 Diversa
2507 4098 2637 4145 sunt
2670 4091 2786 4145 haec
2814 4091 2882 4144 ab
2916 4091 3049 4154 illis,
3081 4106 3205 4161 quae
3230 4091 3299 4147 de
3325 4092 3565 4147 circum-

1982 4182 2105 4237 ciso
2164 4183 2366 4252 pepqu
2402 4198 2574 4251 nuper
2621 4182 2972 4248 dicebantur,
3036 4198 3161 4238 cum
3218 4198 3394 4239 caecos
3445 4199 3562 4249 eos,

288 4276 533 4344 κωφοὺς,
561 4279 655 4330 καὶ
681 4276 1143 4347 διηρπασμένους.
1172 4275 1381 4329 Οὐκοῦν
1408 4275 1502 4328 νῦν
1523 4278 1550 4328 ὁ
1574 4275 1731 4345 λόγος
1751 4277 1879 4347 περὶ

1986 4277 2176 4332 surdos
2212 4285 2265 4330 ct
2294 4276 2540 4345 direptos
2569 4275 2901 4330 nominaret.
2933 4273 3052 4329 Jam
3080 4276 3250 4345 igitur
3273 4291 3458 4332 screto
3479 4290 3565 4331 est

286 4367 385 4421 τοῦ
419 4368 730 4439 κρείττονος
769 4368 1071 4451 τάγματος,
1091 4369 1202 4422 τῶν
1226 4372 1290 4423 ὲκ
1317 4368 1619 4440 περιτομῆς
1649 4384 1876 4421 πιστευ-

1986 4369 2054 4424 de
2086 4371 2457 4437 praestantiori
2491 4369 2583 4423 illo
2605 4369 3065 4422 circumcisorum
3086 4376 3257 4433 centu,
3278 4370 3371 4437 qui
3405 4369 3561 4423 [ἰὰν-ιιι

287 4461 522 4516 σάντων.
555 4460 619 4513 Εἰ
640 4460 752 4530 γὰρ
808 4461 1079 4526 κάκεῖνοι,
1112 4462 1269 4532 φησὶ,
1309 4460 1541 4515 τοιοῦτοι
1569 4462 1875 4529 γεγονότες,

282 4550 517 4606 τοιαῦτα
570 4552 940 4619 πεπόνθασιν,
1009 4552 1129 4606 ἀλλ’
1201 4554 1359 4625 ὑμεῖς
1409 4555 1460 4607 οἰ
1525 4552 1618 4606 τὸν
1667 4552 1878 4606 ἑαυτῶν

288 4644 529 4713 ποιητὴν
554 4644 648 4698 καὶ
698 4644 946 4713 πλάστην
978 4645 1316 4713 ἐπιγνόντες,
1346 4644 1640 4708 ἀκούσατε,
1669 4642 1880 4712 ποίημά

283 4751 346 4787 τε
374 4735 467 4786 καὶ
489 4734 718 4803 πλάσμα
743 4734 803 4787 τὸ
831 4738 890 4789 ὲν
919 4737 1048 4805 ὑμῖν
1075 4738 1443 4807 τετηρηκότες
1475 4736 1781 4803 ἀλὼϐητον,
1805 4736 1881 4798 ὡς

281 4826 502 4888 οἰκείως
544 4826 762 4880 ἀκούειν
802 4827 1003 4882 Ἰακώϐ
1023 4845 1085 4882 τε
1135 4830 1233 4882 καὶ
1274 4828 1532 4897 Ἰσραήλ.
1568 4827 1710 4896 Ἐγὼ
1768 4829 1879 4897 γὰρ

281 4921 317 4972 ό
345 4917 613 4986 ποιήσας
673 4918 774 4989 μέν
806 4932 881 4972 σε
929 4922 1072 4973 κατὰ
1132 4919 1311 4992 ψυχὴν
1363 4922 1462 4989 τὴν
1516 4919 1636 4973 κατ’
1693 4919 1879 4973 εἰκόνα

282 5009 690 5081 πεποιημένην,
746 5009 993 5077 πλάσας
1023 5011 1081 5065 δέ
1116 5029 1214 5064 σου
1264 5015 1356 5066 καὶ
1382 5011 1441 5064 τὸ
1467 5012 1532 5065 ὲκ
1560 5011 1665 5081 γῆς
1714 5011 1875 5080 σῶμα

281 5097 512 5170 ληφθὲν,
544 5099 603 5164 ὃς
631 5103 726 5154 καὶ
766 5098 906 5171 αἷμα
958 5104 1259 5173 παρασχὼν
1314 5103 1457 5172 ὑπὲρ
1514 5101 1610 5155 σοῦ
1638 5102 1699 5155 τὸ
1720 5102 1873 5172 ἐμὸν,

280 5191 721 5262 ἂλυτρωσάμην
765 5211 838 5246 σε
884 5194 1071 5266 κτῆμα
1133 5195 1264 5247 ἴδιον
1323 5195 1716 5265 ποιησάμενος.
1772 5190 1871 5247 Ὧν

280 5284 590 5354 ἠξιωμένος
620 5283 804 5354 βάδιζε
828 5286 894 5355 ἦν
912 5286 1205 5355 ἐκελεύθης
1225 5286 1342 5339 ὁδὸν
1361 5285 1866 5356 εὐαγγελιζόμενος.

278 5374 401 5467 Κᾶν
426 5376 549 5431 ἀνθι
567 5377 737 5430 στῶσί
767 5395 935 5442 τινες,
956 5378 1157 5447 θάῤῥει
1185 5380 1260 5447 μὴ
1289 5378 1517 5444 δεδιώς.
1559 5398 1578 5429 ι
1602 5378 1731 5431 Ἰδοὺ
1760 5377 1869 5448 γὰρ

349 5492 394 5525 ⁸⁸
435 5491 604 5546 lCer.
640 5510 694 5559 x,
734 5493 822 5547 il.
900 5494 944 5526 "
974 5491 1176 5549 Jerem.
1208 5508 1259 5557 v,
1293 5493 1345 5545 5.

1977 4459 2218 4528 amplexi
2244 4466 2395 4513 sunt.
2434 4456 2491 4512 Si
2518 4459 2663 4513 enim
2690 4464 2746 4512 et
2774 4457 2874 4521 illi,
2897 4457 2993 4521 ait,
3021 4457 3150 4526 quia
3185 4457 3324 4512 tales
3351 4467 3561 4517 essent.

1976 4549 2249 4619 ejusmodi
2284 4552 2433 4620 passi
2463 4560 2613 4616 sunt,
2637 4564 2736 4604 vns
2768 4550 2869 4618 ipsi
2903 4549 3122 4613 saltem,
3156 4548 3250 4617 qui
3276 4545 3564 4603 Factorem

1976 4649 2221 4696 vestrum
2255 4642 2582 4712 agnovistis,
2633 4642 2853 4706 audite,
2903 4639 3111 4707 audite,
3169 4642 3414 4708 inquam,
3469 4641 3564 4711 qui

1977 4749 2117 4803 opus
2150 4734 2331 4802 ipsum
2378 4741 2433 4787 et
2484 4734 2829 4805 ﬁgmentum,
2862 4732 3011 4804 quod
3041 4732 3096 4788 in
3131 4731 3285 4786 vobis
3333 4741 3438 4798 est,
3490 4734 3563 4785 ita

1983 4829 2103 4882 sine
2146 4827 2268 4882 labe
2296 4828 2691 4891 conservastis,
2736 4837 2797 4880 ut
2846 4824 3114 4895 peculiari
3146 4823 3366 4879 nomine
3392 4821 3561 4877 Iacob

1978 4933 2028 4975 et
2062 4919 2238 4976 Israel
2260 4920 2519 4975 audiatis.
2552 4919 2668 4991 Ego
2691 4920 2839 4974 enim
2864 4934 2986 4974 sum
3015 4918 3106 4988 qui
3143 4916 3246 4987 feci
3277 4926 3347 4983 te,
3378 4918 3563 4973 animo

1977 5014 2198 5084 quidem
2246 5012 2314 5067 ad
2363 5029 2544 5069 meum
2595 5013 2876 5081 exemplar
2908 5020 2963 5067 et
3006 5010 3074 5064 ad
3124 5011 3418 5081 imaginem
3463 5026 3561 5064 ex-

1979 5118 2208 5169 presso;
2247 5117 2480 5173 corpore
2520 5103 2946 5158 autemdeterra
2978 5110 3159 5156 create
3180 5112 3233 5156 et
3255 5108 3557 5171 assumpto.

1979 5192 2113 5262 Ego,
2171 5197 2415 5263 inquam,
2448 5196 2544 5263 qui
2572 5206 2628 5251 et
2655 5194 2978 5264 sanguinem
3014 5207 3196 5247 meum
3246 5200 3338 5246 tua
3386 5206 3558 5247 causa

1977 5284 2285 5350 cil‘undens,
2323 5285 2521 5340 redemi
2573 5294 2654 5350 te;
2688 5288 3077 5357 peculiumque
3100 5286 3370 5341 exsistere
3419 5285 3555 5339 mibi

1977 5378 2148 5432 volui.
2181 5378 2278 5433 liis
2308 5395 2440 5448 ergo
2472 5394 2568 5450 per
2601 5395 2689 5436 me
2718 5380 2917 5453 dignus
2959 5380 3202 5448 babitus,
3248 5393 3413 5451 perge
3440 5390 3552 5448 quo

1592 5582 1833 5639 VARIIE
1866 5582 2270 5639 LECTIONES.

351 5653 380 5695 ⁸
408 5672 496 5722 γρ.
535 5654 836 5727 παθήματα
873 5656 1015 5730 ἅπερ
1057 5657 1233 5712 οἰδὲν.
