3950 6394
435 223 577 288 2333
1781 215 2137 277 PROCOPII
2177 216 2421 276 GAZEI
2560 266 2567 273 .
3561 223 3687 289 2384

429 334 645 406 iuberis
674 334 867 390 itinere
907 330 1181 405 proﬁcisci
1220 328 1569 399 Evangelium
1616 327 2010 397 depraedicans.

2136 324 2231 392 εγὼ
2286 319 2606 395 μεθ’.’ὑμ‹τ›ν
2654 327 2770 396 εἰμι
2823 328 3002 392 πάσας
3052 327 3151 393 τὰς
3199 330 3433 400 ἡμέρας,
3474 332 3572 399 ἕως
3601 341 3687 410 τῆς

432 425 593 495 Quod
648 427 693 483 si
752 429 1043 496 insurgaut
1083 423 1355 488 nonnulli,
1393 419 1621 491 conﬁde,
1678 420 1817 474 nihil
1873 420 2028 491 quid-

2136 418 2445 482 συντελείας
2466 416 2560 471 τοῦ
2593 417 2809 483 αἰῶνος.
2850 440 2868 472 ι
2896 421 3247 491 Μιμούμενος
3272 423 3449 478 τοίνυν
3475 426 3589 495 ἐμὲ,
3609 434 3691 485 τον

433 538 599 593 quam
631 520 854 575 veritus.
892 536 911 569 ι
944 515 1085 572 Ecce
1116 516 1264 572 enim
1287 530 1389 586 ego
1411 514 1695 570 vobiscum
1730 528 1853 568 sum
1915 514 2028 568 dies

2136 509 2419 579 ἇλλαγμά
2434 528 2527 564 σου
2553 510 2615 564 τδ
2636 507 2776 582 αἷμα
2794 513 2858 565 τὸ
2873 514 3006 584 ἐμὸν
3027 514 3412 585 ποιησάμενον,
3434 517 3694 590 ἄλλαγμα

434 630 628 668 omnes
659 612 729 667 ad
757 608 1291 667 consummationem
1323 621 1504 676 usque
1526 604 1738 661 saeculi.
1769 624 1788 657 ι
1817 603 1902 659 Me
1929 603 2028 674 igi-

2136 605 2297 671 γένου
2330 606 2426 658 καὶ
2454 605 2618 670 αὐτὸς
2670 605 2781 659 τῶν
2806 605 2896 659 διὰ
2922 605 3016 659 σοῦ
3040 605 3385 677 καλουμένων
3413 610 3695 668 ἀσεϐεστά-

438 719 528 762 tur
561 705 833 767 imitatus,
883 701 978 771 qui
1027 699 1353 771 sanguinem
1403 714 1583 753 meum
1636 696 2028 766 redemptionis

2136 714 2244 749 των
2268 713 2328 749 τε
2365 697 2459 750 καὶ
2502 698 2665 768 μέχρι
2716 698 2826 751 τῶν
2874 698 3121 768 ἐσχάτων
3145 697 3432 753 οἰκούντων
3458 701 3553 772 τῆς
3580 705 3694 774 γῆς.

437 807 542 850 tua:
571 791 1016 861 propitiationem
1051 805 1175 846 esse
1215 789 1383 854 volui,
1427 788 1524 844 tias
1555 796 1608 842 et
1642 794 1699 842 tu
1738 786 2028 856 impiorum

2136 782 2238 841 Ὧν
2273 789 2379 841 τῶν
2413 790 2511 858 μὲν
2537 792 2872 860 Αἰγύπτιοι,
2898 789 3007 842 τῶν
3036 790 3093 843 δὲ
3126 791 3401 858 Αἰθίοπές
3439 811 3495 847 τε
3541 799 3630 850 καὶ
3651 800 3697 851 οί

434 883 786 955 propitiatio,
825 882 921 952 qui
963 896 1061 951 per
1118 889 1169 936 te
1202 880 1402 943 vocati,
1434 877 1502 933 ad
1554 885 1834 933 extremas
1884 876 2028 930 orbis

2136 893 2229 949 την
2261 882 2510 950 Συήνην
2562 882 2836 946 οἰκοῦντες
2882 883 3260 954 παράδειγμα.
3316 887 3474 940 Σαϐὰ
3500 888 3555 940 δὲ
3583 890 3696 944 ἀντὶ

435 987 623 1047 partes
646 981 1056 1047 propagantur:
1084 988 1322 1043 quorum
1342 971 1440 1026 tibi
1459 970 1775 1039 exemplum
1793 965 2028 1039 {Egyptii

2136 972 2342 1042 Συήνης
2364 972 2632 1036 ἐξέδωκαν
2648 975 2695 1026 οἰ
2715 974 2891 1027 λοιποί
2917 990 2931 1003 ·
2952 973 3095 1028 οὕτω
3122 976 3231 1046 γὰρ
3262 975 3594 1046 ἐδοξάσθης
3622 981 3689 1035 δι’

436 1070 543 1139 ipsi
570 1067 977 1139 zEtliiopesqae,
998 1075 1053 1123 et
1082 1067 1172 1135 qui
1205 1066 1412 1137 Syenen
1446 1063 1719 1128 incolunt,
1755 1062 1838 1117 vel
1868 1061 2028 1125 Saba,

2136 1062 2376 1132 ἀγάπην
2406 1064 2565 1134 ἐμὴν
2592 1064 2673 1131 ὡς
2697 1065 2794 1119 διὰ
2818 1065 2936 1119 σοῦ
2965 1067 3174 1130 πάντας
3207 1066 3493 1138 κληθῆναι.
3547 1072 3701 1126 Σαϐὰ

440 1170 498 1217 ut
523 1163 708 1219 caeteri
732 1160 1161 1227 transtulerunt,
1187 1159 1353 1231 482
1383 1172 1509 1214 esse
1539 1163 1766 1228 queant.
1790 1153 2028 1208 Tantum

2136 1154 2187 1207 δὲ
2218 1153 2371 1218 ἔθνος
2415 1156 2689 1213 Αἰθιόπων
2741 1152 2803 1210 οὗ
2834 1158 2867 1226 ἡ
2902 1156 3191 1227 βασίλισσα
3221 1159 3379 1230 ¹πρὸς
3422 1160 3701 1232 Σολομῶνα

433 1257 579 1311 enim
612 1272 643 1309 a
677 1271 782 1320 me,
812 1271 908 1325 pro
945 1270 1062 1307 mea
1091 1253 1147 1306 in
1197 1261 1244 1305 te
1290 1250 1647 1305 benevolentia
1690 1248 2028 1319 gloriﬁcatus

2136 1247 2490 1316 παρεγένετο.

433 1365 485 1402 es
509 1388 524 1412 ,
574 1359 633 1403 ut
677 1356 910 1403 caeteros
950 1359 1145 1400 omnes
1179 1358 1274 1412 per
1308 1350 1359 1397 te
1391 1341 1579 1395 vocari
1610 1340 1899 1394 voluerim.
1935 1335 2032 1391 Est
2073 1351 2203 1391 vero
2230 1348 2281 1392 et
2314 1336 2460 1391 Saba
2508 1354 2645 1411 gens
2685 1339 2776 1394 illa
2805 1339 3121 1410 Ethiopian,
3183 1356 3251 1396 ex
3317 1356 3426 1412 qua
3472 1343 3699 1414 reginam

433 1439 502 1494 ad
539 1438 892 1495 Salomonem
924 1451 1049 1493 esse
1087 1432 1394 1505 profectam
1426 1434 1662 1504 legimus
1693 1432 1757 1485 ι’.

512 1531 619 1589 Eos
646 1532 818 1603 igitur
839 1545 1053 1596 omnes,
1075 1542 1188 1599 prae
1218 1534 1292 1589 te,
1325 1527 1408 1582 vel
1431 1541 1531 1595 pro
1565 1532 1640 1591 te,
1664 1520 2017 1593 inquit,mihi
2068 1546 2084 1603 _-

2200 1517 2439 1583 Τούτους
2465 1515 2557 1574 οὖν
2587 1520 2727 1591 ὑπὲρ
2756 1520 2873 1586 σοῦ,
2903 1521 2936 1593 ἢ
2962 1521 3078 1574 ἀντὶ
3104 1520 3222 1584 σοῦ,
3252 1522 3460 1588 πάντας
3483 1525 3704 1595 ἐκτησά.

434 1592 736 1693 assumpsi.
769 1623 840 1677 At
866 1621 990 1676 illos
1008 1592 1148 1675 male
1170 1618 1414 1689 perdam,
1432 1592 1529 1687 qui
1556 1617 1674 1679 tibi,
1699 1592 1815 1671 sive
1846 1614 2028 1685 populi

2142 1622 2272 1676 μην.
2340 1607 2618 1662 Ἀπολέσω
2651 1608 2707 1661 δὲ
2748 1610 2878 1672 τοὺς
2928 1592 3351 1681 λπολεμήσοντάς
3410 1630 3469 1666 σε
3520 1592 3607 1669 διά
3649 1616 3702 1670 τδ

436 1718 551 1772 sive
569 1715 835 1786 principes
853 1712 1149 1775 exsistant,
1170 1708 1576 1780 praedicationis
1595 1706 1816 1761 nomine
1833 1703 1897 1758 ad
1908 1718 2026 1759 ver-

437 1811 549 1866 sari
580 1809 880 1865 audebunt.
912 1804 1134 1875 Conﬁde
1159 1818 1313 1874 ergo.
1342 1801 1480 1857 Nam
1505 1800 1694 1871 etipse
1711 1798 1852 1869 ﬁlios
1884 1805 2023 1861 tuos,

436 1918 593 1973 quos,
630 1900 741 1956 Deo
773 1897 1102 1967 onitulante,
1124 1911 1222 1967 per
1251 1895 1441 1949 orbem
1470 1891 1794 1947 universum
1823 1903 2025 1960 propa-

435 2002 606 2064 gasti,
637 1992 692 2046 in
726 2005 899 2047 meam
947 1990 1229 2044 caelestem
1277 1987 1558 2042 civitatem
1615 1983 1883 2041 sublimes
1930 1995 2025 2053 per

436 2101 619 2145 aerem
656 2083 918 2154 angelicis
950 2081 1274 2144 virtutibus,
1307 2089 1573 2150 tanquam
1619 2075 1846 2147 pennis,
1891 2072 2026 2127 sub-

436 2181 598 2234 nixos
654 2174 1006 2246 congregabo.
1063 2172 1214 2229 Meos
1269 2173 1440 2237 enim,
1488 2171 1649 2241 quia
1700 2169 1856 2224 vobis
1910 2159 2026 2220 nati

436 2270 908 2339 regenerationem
942 2266 998 2319 in
1031 2264 1279 2320 Ecclesia
1322 2262 1507 2332 adepti
1543 2268 1694 2325 sunt,
1727 2259 1871 2328 ﬁlios
1902 2270 2026 2312 esse

433 2362 591 2426 volo;
621 2367 675 2413 rt
707 2357 1058 2411 Christianos
1076 2370 1284 2433 omnes
1314 2354 1381 2408 de
1412 2368 1525 2407 meo
1559 2351 1771 2406 nomine
1810 2362 2026 2402 nuncu-

434 2451 576 2523 pari.
605 2449 737 2523 quia
776 2448 1037 2504 Christus
1068 2445 1188 2516 ipse
1218 2459 1364 2507 sum,
1395 2457 1559 2511 quem
1594 2440 1753 2495 vobis
1790 2439 1891 2491 ista
1932 2451 2027 2506 per

435 2544 760 2617 prophetam
813 2539 1209 2593 vaticinantem
1254 2534 1478 2590 auditis.
1516 2534 1585 2587 At
1642 2547 1754 2602 quo
1801 2530 1924 2585 loco
1971 2530 2025 2582 in

431 2637 665 2708 gl’oriam
696 2647 869 2688 meam
907 2628 1208 2701 pra'paravi
1226 2642 1345 2681 eum
1375 2624 1666 2689 habemus,
1696 2620 1789 2677 alii
1824 2621 1878 2674 in
1908 2619 2025 2691 glo-

432 2731 574 2782 riam
625 2741 794 2780 meam
838 2722 1015 2777 creavi
1049 2737 1172 2775 eum
1224 2721 1703 2788 interpretantur:
1736 2713 2024 2778 nimirum,

435 2831 494 2873 ut
526 2835 631 2882 me,
661 2817 751 2888 qui
788 2831 883 2887 per
914 2828 1011 2868 vos
1044 2820 1136 2869 est
1158 2818 1387 2867 vocatus
1412 2807 1652 2879 populus
1677 2805 2022 2877 gloriﬁcam-

435 2914 622 2983 lpsum
678 2910 850 2975 enim,
909 2922 1035 2961 cum
1095 2904 1348 2959 moribus
1400 2908 1547 2958 esset
1598 2898 2020 2969 incompositis,

2131 1699 2418 1770 κήρυγμα,
2440 1700 2603 1764 λαούς
2618 1718 2677 1754 τε
2697 1702 2791 1755 καὶ
2813 1701 3134 1771 ἄρχοντας.
3167 1703 3377 1772 Θάῤῥει
3405 1707 3697 1779 τοιγαροῦν.

2133 1790 2244 1843 Καὶ
2275 1791 2343 1845 τὰ
2375 1792 2442 1844 σὰ
2471 1791 2579 1863 γὰρ
2635 1792 2839 1857 τέκνα,
2863 1793 2902 1847 ἂ
2927 1796 3068 1848 κατὰ
3118 1794 3251 1847 Θεὸν
3302 1796 3551 1867 σπείρας,
3590 1799 3702 1853 καθ’

2124 1882 2262 1953 ὅλης
2278 1884 2376 1952 τῆς
2402 1886 2730 1956 οἰκουμένης
2756 1887 3074 1956 ἐγέννησας,
3096 1889 3178 1951 εἰς
3200 1887 3357 1941 πόλιν
3384 1905 3483 1959 μου
3507 1891 3702 1957 συνάξω

2133 1975 2231 2047 τὴν
2264 1978 2611 2048 ἐπουράνιον,
2658 1979 2968 2051 μετεώρους
2995 1981 3063 2033 δι’
3086 1981 3244 2051 ἀέρος
3270 1981 3605 2050 ἀναλαϐὼν,
3633 1981 3700 2049 ὡς

2134 2071 2357 2138 πτηνοῖς
2389 2069 2927 2143 ὑποκουφιζομένους
2958 2074 3205 2142 ἀνέμοις,
3239 2077 3361 2137 ταῖς
3398 2075 3699 2143 ἁγγελικαῖς

2133 2159 2377 2231 δηλονότι
2431 2162 2715 2233 δυνάμεσι.
2771 2166 2911 2228 Τοὺς
2953 2165 3022 2218 δι’
3051 2166 3207 2234 ὑμῶν
3259 2167 3371 2238 γὰρ
3426 2167 3697 2237 τεχθέντας

2135 2255 2305 2324 ἐμοὺς
2344 2251 2488 2310 εἶναι
2517 2256 2737 2323 παῖδας
2771 2258 3048 2327 ὁρίζομαι,
3086 2260 3182 2329 τῆς
3206 2262 3265 2313 ὲν
3300 2259 3592 2331 Ἐκκλησία
3613 2277 3696 2312 τυ-

2134 2346 2330 2415 χόντας
2381 2351 2821 2421 ἀναγεννήσεως,
2854 2352 2904 2404 οἳ
2939 2352 3033 2406 καὶ
3066 2351 3146 2416 τῷ
3184 2350 3309 2420 ἐμῷ
3361 2351 3700 2423 κληθήσονται

2137 2439 2338 2503 πάντες
2365 2441 2609 2510 ὀνόματι
2646 2444 2963 2512 Χριστιανοὶ
3000 2444 3550 2515 προσαγορευόμενοι.
3578 2446 3699 2514 Χρι-

2136 2532 2259 2595 στὸς
2283 2532 2390 2604 γὰρ
2419 2535 2447 2587 6
2474 2534 2645 2589 ταῦτα
2688 2535 2777 2589 διὰ
2803 2536 2898 2590 τοῦ
2929 2537 3213 2607 προφήτου
3245 2535 3529 2600 θεσπίσας.
3569 2536 3701 2590 Ἀντί

2134 2624 2190 2677 δὲ
2221 2625 2337 2689 τοῦ,
2364 2626 2436 2681 ἐν
2455 2627 2564 2699 γὰρ
2578 2627 2651 2698 τῇ
2675 2628 2825 2697 δόξῃ
2850 2647 2970 2698 μου
2990 2629 3387 2683 κατέσπευσα
3422 2626 3438 2667 ι
3490 2628 3661 2682 αὐτόν
3684 2642 3698 2660 ⁶

2134 2719 2222 2782 εις
2242 2716 2359 2783 τὴν
2380 2718 2572 2783 δόξαν
2585 2736 2705 2787 μου
2735 2719 2950 2774 ἐκτισα
2980 2719 3495 2787 αὐτὸν,,ὲξέδωκαν
3527 2720 3573 2772 οἰ
3600 2717 3695 2772 λοι·

2138 2807 2247 2860 ποί.
2301 2806 2387 2872 Ὠς
2412 2808 2480 2863 ἂν
2510 2812 2558 2862 οί
2580 2822 2620 2848 ω
2654 2809 2722 2863 δι’
2749 2810 2904 2881 ὑμῶν
2959 2811 3182 2881 κληθεὶς
3232 2810 3449 2880 δοξάζει
3474 2828 3538 2882 με
3566 2810 3696 2872 λαός.

2142 2902 2428 2958 "Em/lava
2449 2903 2561 2975 γὰρ
2586 2904 2749 2959 αὐτὸν
2799 2905 3076 2961 ἄπλαστον
3100 2906 3231 2961 ὄντα
3289 2909 3404 2971 τοῖς
3473 2906 3697 2976 τρόποις,

436 2961 622 2983 -ι------
838 2961 850 2975 ,
1786 2961 1797 2969 ,
2009 2961 2012 2962 ν

434 3000 712 3074 efformavi
740 3038 755 3063 ,
810 3006 866 3055 et
912 3012 1063 3056 eum
1091 2996 1144 3048 in
1194 2992 1522 3066 ignorantiae
1568 2989 1811 3045 tenebris
1867 2994 2027 3041 antea

2136 2992 2401 3061 ἐφώτισά
2455 2961 2514 3048 τε
2532 2961 2543 2975 ι
2567 2996 2747 3067 σκότῳ
2798 2996 2900 3067 τῆς
2929 2997 3152 3066 ἀγνοίας
3172 2961 3571 3067 τυφλώττοντα.
3588 2961 3699 3051 To;

434 3102 772 3157 versaretur,
806 3093 858 3144 in
898 3090 1067 3143 lucem
1098 3083 1280 3139 eduxi.
1314 3081 1639 3154 Cujusmodi
1668 3088 1845 3151 gentes
1896 3080 2029 3149 ipsa:

434 3187 799 3245 exstiterunt,
823 3197 966 3252 quas
1006 3179 1060 3232 in
1100 3184 1255 3233 suam
1287 3176 1588 3232 Ecclesiam
1616 3176 1838 3228 coivisse
1867 3174 2024 3233 dicit,

436 3294 502 3333 ex
528 3276 730 3349 quibus
760 3281 813 3328 et
839 3270 1103 3343 principes
1137 3268 1189 3321 iu
1220 3267 1313 3321 Dei
1341 3265 1542 3336 populo
1563 3263 1849 3319 constituti
1875 3271 2027 3319 sunt.

438 3369 670 3436 Deinde,
719 3379 984 3437 tanquam
1016 3377 1232 3426 eorum,
1270 3375 1391 3428 quae
1418 3357 1761 3413 vaticinatus
1796 3364 1902 3421 est,
1931 3356 2030 3410 ad-

439 3462 733 3517 miratione
761 3457 1026 3528 prepheta
1058 3465 1348 3522 caperetur
1371 3472 1379 3501 ;
1400 3449 1537 3521 Quis
1568 3456 1673 3512 est,
1705 3448 1901 3516 inquit,
1931 3450 2027 3519 qui

440 3551 864 3627 prmdictionum
902 3547 1132 3601 istarum
1165 3550 1392 3597 eventus
1421 3540 1540 3595 suis
1575 3539 1755 3594 oculis
1790 3542 2027 3609 usurpa-

440 3658 622 3708 turus,
682 3641 933 3710 testisque
968 3636 1191 3690 futurus
1227 3633 1334 3689 sit?
1385 3629 1768 3700 Justiﬁcentur
1823 3631 1916 3701 qui
1951 3640 2030 3684 te-

437 3735 754 3792 stimonium
786 3729 949 3785 laturi
978 3736 1141 3791 sunt;
1167 3725 1429 3797 quoniam
1450 3724 1635 3793 etipse
1664 3723 1818 3778 testis
1834 3736 2026 3776 eorum

438 3827 661 3882 futurus
692 3838 838 3889 sum,
870 3829 921 3876 et
952 3820 1122 3890 ﬁlius,
1155 3833 1308 3888 quem
1337 3815 1505 3885 elegi;
1536 3813 1604 3868 de
1632 3829 1744 3884 quo
1766 3813 1984 3868 dicebat
2010 3832 2023 3867 :

444 3936 464 3972 ι
502 3917 644 3973 Ecce
695 3930 829 3986 puer
883 3927 1065 3976 meus,
1097 3914 1257 3980 quem
1290 3908 1426 3980 elegi
1462 3906 1527 3967 ".
1569 3926 1588 3958 ›
1624 3905 1770 3972 Quin
1819 3913 1876 3960 et
1905 3904 2023 3961 Sal-

437 4017 597 4063 vatur
623 4012 814 4062 noster
838 4004 915 4058 ait
949 4018 965 4056 :
1003 4022 1020 4052 ι
1058 4000 1162 4067 Qui
1193 3997 1486 4054 confessus
1516 4012 1604 4052 me
1641 3997 1803 4051 fuerit
1837 4011 2025 4051 coram

441 4096 780 4161 hominibus,
832 4091 1136 4147 conﬁtebor
1162 4098 1218 4145 et
1257 4089 1410 4143 illum
1456 4102 1642 4143 coram
1680 4085 1840 4141 Patre
1881 4101 2023 4153 meo,

438 4189 537 4258 qui
576 4189 628 4241 in
668 4186 830 4240 caelis
864 4195 950 4238 est
981 4182 1045 4235 ‘5.
1090 4200 1109 4233 ι
1142 4178 1221 4233 Ad
1257 4179 1480 4234 eosdem
1527 4177 1748 4233 dicebat
1777 4193 1975 4234 rursus
2005 4194 2020 4232 :

446 4303 466 4335 ι
508 4280 620 4337 Vos
650 4279 812 4334 eritis
848 4277 982 4331 mihi
1015 4283 1188 4330 testes
1220 4274 1274 4328 in
1320 4270 1568 4337 Galilma,
1602 4278 1657 4325 et
1709 4271 1765 4325 in
1813 4268 2022 4333 Judaza,

440 4384 497 4430 et
532 4370 960 4441 Hierosolymis,
1012 4375 1068 4421 et
1115 4366 1182 4421 ad
1221 4372 1500 4421 extremos
1529 4363 1684 4419 orbis
1717 4378 1893 4433 usque
1927 4372 2035 4417 ter-

440 4463 625 4519 minos
658 4460 725 4516 “.
766 4478 784 4510 ι
809 4456 941 4512 Hcce
965 4463 1169 4520 autem,
1202 4455 1299 4517 ait,
1331 4452 1554 4522 faciam,
1586 4462 1842 4522 testesque
1871 4468 2034 4518 meos,

2136 3083 2277 3137 αὕτα
2299 3084 2354 3137 δὲ
2388 3084 2456 3138 τὰ
2487 3084 2657 3153 ἔθνη,
2686 3085 2723 3140 ἆ
2750 3087 2889 3159 πρὸς
2915 3088 3013 3159 τὴν
3044 3087 3184 3141 ἰδίαν
3218 3088 3544 3159 Ἐκκλησίαν
3574 3102 3699 3141 συν-

2137 3175 2322 3244 ῆχθαι
2377 3194 2564 3248 φησιν,
2625 3178 2685 3244 ἐξ
2714 3173 2791 3233 ὧν
2840 3180 2935 3235 καὶ
2979 3179 3273 3251 ἄρχοντες
3324 3183 3415 3235 ἐπὶ
3455 3183 3541 3234 τὸν
3590 3180 3697 3234 λαὸν

2137 3269 2482 3338 κατέστησαν
2532 3271 2625 3325 τοῦ
2670 3270 2829 3326 Θεοῦ.
2887 3268 3076 3328 Εἷταὸ
3104 3276 3397 3346 προφήτης
3448 3273 3697 3344 Θαύματος

2137 3359 2222 3426 ἐφ’
2250 3354 2332 3422 οἷς
2354 3359 2609 3414 ἐθέσπισε
2640 3362 2976 3433 πληρωθεὶς,
3004 3365 3100 3430 Τίς
3129 3363 3240 3435 ἄρα
3268 3365 3445 3427 ἔσται,
3477 3365 3646 3434 φησὶν,
3671 3363 3696 3414 6

2141 3450 2349 3519 μέλλων
2405 3452 2537 3506 ποτὲ
2565 3453 2771 3508 τούτων
2793 3455 2903 3508 τῶν
2928 3458 3278 3527 πραγμάτων
3302 3457 3597 3527 ὀφθαλμοῖς
3612 3456 3695 3519 τὰς

2138 3546 2396 3611 ἐκϐάσεις
2452 3548 2625 3618 ὁρᾷν,
2680 3551 2774 3603 καὶ
2829 3549 2938 3603 τῶν
2996 3551 3458 3624 ἀποτελεσμάτων
3500 3548 3679 3603 ἕσεσθα

2130 3636 2366 3707 μάρτυς
2394 3656 2412 3703 ;
2436 3641 2932 3710 Δικαιωθήτωσαν
2941 3644 3442 3714 μαρτυρήσαντες
3468 3652 3512 3707 ιι,
3531 3640 3693 3709 ἐπειδὴ

2135 3729 2292 3798 κάγὼ
2334 3730 2569 3801 μάρτυς
2618 3733 2801 3787 αὐτῶν
2844 3738 3186 3807 γενήσομαι,
3229 3736 3331 3792 καὶ
3383 3739 3416 3791 ὁ
3457 3734 3590 3800 παῖς
3638 3732 3699 3786 ὃν

2135 3820 2536 3893 ἐξελεξάμην.
2568 3825 2705 3896 Περί
2735 3821 2905 3898 οὗπερ
2929 3827 3116 3897 ἔλεγεν
3140 3845 3156 3859 ’
3200 3848 3219 3881 ι
3244 3829 3376 3884 Ἰδοὺ
3405 3830 3433 3882 6
3462 3828 3583 3890 παῖς
3611 3841 3695 3895 μου

2136 3913 2196 3966 ὃν
2250 3917 2500 3986 ᾑρέτισα.
2532 3936 2550 3969 ι
2578 3919 2691 3973 Καὶ
2711 3921 2738 3973 6
2769 3920 2958 3992 Σωτὴρ
2984 3920 3040 3974 δέ
3076 3940 3241 3992 φησιν
3265 3940 3278 3952 ·
3323 3941 3342 3974 ι
3371 3923 3468 3984 ’ος
3498 3920 3559 3974 ἂν
3583 3920 3694 3987 ὁμο·

2136 4005 2421 4075 λογήσειεν
2445 4011 2568 4080 ἐμοὶ
2593 4010 2908 4081 ἔμπροσθεν
2927 4015 3035 4067 τῶν
3057 4016 3153 4068 ἀνθ
3161 4014 3383 4087 ρώπων,
3403 4013 3693 4085 ὁμολογήσω

2136 4099 2293 4167 κάγὼ
2314 4103 2373 4154 ὲν
2407 4102 2556 4174 αὐτῷ
2589 4102 2901 4175 ἔμπροσθεν
2954 4106 3048 4160 τοῦ
3099 4108 3343 4179 Πατέρος
3380 4123 3500 4177 μου,
3530 4102 3615 4158 τοῦ
3640 4104 3687 4153 ἐν

2135 4193 2250 4254 τοῖς
2295 4192 2566 4264 οὐρανοῖς.
2600 4214 2618 4247 ι
2668 4196 2812 4267 Πρὸς
2848 4196 2942 4260 οὓς
3000 4198 3207 4268 ἔφασκε
3238 4199 3436 4253 πάλιν·
3473 4214 3492 4247 ι
3531 4192 3690 4262 Ὑμεῖς

2070 4322 2110 4374 D
2136 4281 2194 4374 δε
2226 4280 2415 4336 ἔσεσθὲ
2486 4302 2577 4355 μοι
2630 4287 2909 4360 μάρτυρες
2936 4289 2994 4341 ἐν
3022 4307 3082 4344 τε
3113 4293 3178 4361 τῇ
3206 4290 3485 4360 Γαλιλαίᾳ.
3536 4281 3690 4350 καὶτῇ

2150 4372 2399 4445 Ἰουδαίᾳ,
2457 4380 2552 4431 καὶ
2581 4380 2647 4450 τῇ
2689 4379 3068 4451 Ἰερουσαλὴμ,
3095 4384 3189 4436 καὶ
3213 4383 3320 4448 ἓως
3345 4382 3563 4452 ἐσχάτου
3605 4374 3692 4443 τῆἶ

2137 4466 2261 4536 γῆς.
2300 4484 2319 4516 ι
2357 4468 2550 4522 Ταῦτα
2578 4470 2658 4533 δὲ,
2686 4474 2840 4544 φησὶ,
2867 4475 3122 4543 ποιήσω,
3151 4475 3401 4541 καὶτοὺς
3420 4465 3691 4544 μάρτυίάς

441 4565 494 4612 et
515 4555 747 4610 Puerum
772 4567 969 4616 meum,
1006 4565 1160 4619 quem
1185 4547 1343 4618 elegi,
1376 4548 1591 4602 mittam
1627 4544 1793 4619 483
1819 4546 2028 4601 cunctis

2136 4575 2276 4627 μου,
2312 4558 2411 4613 καὶ
2438 4559 2545 4614 τὸν
2565 4561 2757 4617 Παῖδά
2779 4583 2924 4632 μου,
2949 4567 3024 4619 ὃν
3057 4566 3450 4637 ἐξελεξάμην,
3482 4563 3689 4616 ἀποστε-

444 4649 788 4712 buminibus,
846 4655 904 4700 ut
956 4644 1164 4707 sciatis,
1206 4652 1256 4696 et
1301 4640 1573 4707 credatis,
1623 4652 1673 4694 et
1720 4639 2035 4710 intelligetis

439 4743 568 4812 quia
596 4756 689 4811 ego
734 4755 881 4802 sunt,
916 4746 971 4791 et
1009 4734 1284 4806 principio
1318 4745 1541 4795 carens,
1581 4740 1636 4785 et
1666 4731 1819 4787 solus
1867 4729 2033 4784 Deus.

442 4834 578 4890 Nam
641 4841 696 4887 et
730 4831 992 4887 Christus
1050 4829 1195 4898 ipse,
1240 4833 1295 4880 et
1353 4824 1590 4897 apostoli
1648 4824 1938 4893 scientiam
1974 4824 2038 4879 de

2135 4650 2213 4704 λῶ
2241 4652 2407 4706 πᾶσιν
2436 4652 2768 4723 ἀνθρώποις,
2790 4657 2893 4711 ἵνα
2928 4658 3136 4727 γνῶτε,
3189 4661 3287 4715 καὶ
3334 4654 3686 4715 πιστεύσητε,

2147 4743 2236 4797 Ιιοιὶ
2270 4743 2528 4813 συνῆτε,
2554 4746 2644 4800 ὅτι
2681 4749 2796 4819 ἐγὼ
2822 4750 3058 4823 ἄναρχὸς
3107 4769 3166 4806 τε
3218 4752 3310 4807 καί
3344 4750 3497 4820 μόνος
3545 4741 3685 4805 Θεόςι

2138 4840 2250 4891 Καὶ
2277 4840 2513 4911 Χριστὸς
2536 4841 2669 4914 γὰρ,
2707 4843 2802 4896 καὶ
2833 4844 3122 4897 ἀπόστολοι
3139 4845 3237 4916 τὴν
3268 4841 3372 4897 τοῦ
3401 4835 3537 4893 Θεοῦ
3568 4829 3690 4901 γνῶ·

448 4927 581 4993 Deo,
608 4924 853 4996 ejusdem
887 4921 1069 4993 ﬁdem,
1104 4929 1163 4976 et
1190 4918 1443 4973 nmitiam
1490 4917 1904 4972 annuntiarunt.
1942 4916 2028 4971 Est

2140 4949 2227 4985 σιν
2273 4932 2605 5001 ἐκήρυξαν,
2635 4937 2847 4990 πίστιν
2878 4954 2935 4989 τε
2982 4938 3076 4990 καὶ
3104 4936 3202 5005 τὴν
3239 4935 3365 5006 περὶ
3396 4926 3549 4985 αὐτοῦ
3579 4921 3686 4975 σύν-

447 5032 577 5073 vero
610 5017 748 5071 Deus
775 5032 943 5083 unus,
977 5014 1140 5069 Pater
1161 5012 1301 5085 ipse,
1333 5025 1436 5085 nec
1467 5011 1631 5065 aliam
1663 5011 1732 5065 ab
1768 5024 1834 5066 eo
1857 5011 2039 5065 virtu-

2140 5038 2281 5075 ισιν.
2315 5017 2409 5086 Εἷς
2430 5023 2489 5076 δὲ
2524 5027 2663 5092 Θεὸς
2694 5027 2722 5079 6
2747 5027 2958 5098 Πατὴρ,
2992 5028 3091 5096 οὐχ
3113 5027 3307 5099 ἐτέρας
3345 5020 3505 5090 οὔσης
3540 5006 3687 5068 αὐτοῦ

448 5118 557 5162 tem
595 5108 947 5178 peculiariter
971 5083 1196 5162 obtinet
1215 5098 1357 5167 qniF
1358 5083 1490 5157 ilius
1515 5108 1620 5158 est.
1645 5100 1718 5158 Ut
1741 5116 1871 5172 ergo
1889 5102 2028 5157 testi:

2136 5114 2235 5183 τῆς
2267 5083 2404 5178 tritae
2448 5083 2744 5188 ’δυνάμεως
2783 5119 2842 5183 ὃς
2875 5083 3023 5174 ἐστιν
3059 5083 3091 5173 3
3120 5083 3599 5184 Πύρ-Τοιγαροῦν
3621 5101 3685 5162 ὡς

446 5210 533 5255 est
565 5200 681 5269 ipse
704 5199 864 5255 Pater
900 5207 955 5254 et
986 5196 1128 5253 Deus
1169 5194 1457 5262 Salvator,
1491 5194 1565 5249 ita
1583 5195 1635 5244 et
1651 5188 1699 5244 F
1701 5192 1850 5261 ilius,
1882 5210 2028 5265 quem

2136 5204 2368 5276 μάρτυς
2389 5209 2417 5260 ὁ
2442 5208 2634 5280 Πατὴρ
2669 5212 2765 5265 καὶ
2795 5211 2940 5278 Θεὸς
2969 5210 3191 5280 σώζων,
3220 5209 3358 5265 οὕτω
3380 5205 3469 5259 καὶ
3495 5192 3682 5258 απαξ,

445 5290 621 5359 elegit.

2137 5296 2213 5350 ὃν
2234 5297 2585 5364 ἐξελέξατο.

520 5402 676 5463 uqu
732 5401 871 5472 “es.
912 5419 968 5467 χ,
1010 5402 1036 5455 ι
1071 5416 1227 5472 seqq.
1291 5401 1334 5432 "
1354 5398 1463 5454 lsa.
1500 5415 1635 5468 seu,
1673 5401 1723 5455 i.
1806 5402 1851 5435 ³⁵
1888 5394 2028 5464 Matt]

2136 5428 2169 5479 ε,
2203 5412 2295 5467 32.
2375 5415 2419 5447 η
2455 5416 2578 5471 Act.
2610 5432 2647 5485 I,
2680 5416 2734 5472 8.

1762 5516 1849 5572 VA
1859 5517 1999 5576 ΒΙᾹΞ
2040 5521 2444 5583 LECTIONES.

519 5644 653 5703 ιτρ.
694 5633 1100 5689 κατεσκεύασα.
1175 5641 1215 5671 ιη
1258 5650 1349 5703 πο.
1391 5633 1438 5685 6.

1515 5642 1540 5669 ιι
1583 5632 1666 5686 τσ.
1715 5639 2181 5707 μαρτυρήσοντες.
