3950 6416
308 434 441 499 £385

1434 438 1967 501 COMMENTARII
2006 441 2084 503 IN
2128 444 2415 503 ISAIAM.

3424 438 3565 508 2336

375 546 577 617 Διόπερ
597 548 655 601 ἒν
689 545 895 617 ἑτέροις
926 546 955 599 ό
985 542 1174 616 παρὼν
1206 548 1492 619 προφήτης
1518 549 1652 621 φησι
1672 567 1685 580 ·
1725 568 1743 601 ι
1773 550 1883 603 Καὶ

2055 550 2240 623 Itaque
2279 561 2333 609 et
2358 554 2484 608 alibi
2514 553 2595 608 sic
2625 552 2872 624 loquitur
2914 563 3099 609 noster
3133 553 3222 608 hic
3259 556 3517 623 propheta
3548 568 3563 605 :

309 637 594 692 ἀποστελεῖ
623 637 826 708 Κύριος
854 636 1037 700 αὐτοῖς
1067 640 1310 709 σωτῆρα,
1349 637 1408 700 ὃς
1461 636 1626 691 σώσει
1666 638 1881 702 αὐτούς.

309 729 526 801 Κρὶνων
552 730 717 783 σώσει
736 730 951 793 αὐτούς.
976 748 995 781 ι
1030 730 1175 783 Ἀντὶ
1200 730 1255 785 δὲ
1272 730 1364 785 τοῦ
1396 730 1695 794 ὠνείδισα,
1714 732 1888 800 ἠκού-

311 820 449 875 τισά
478 838 644 890 φασιν
667 822 717 873 οἱ
746 820 946 876 λοιποί.
991 821 1257 876 ’Δκουστᾶι
1277 823 1385 892 γὰρ
1413 822 1587 877 ταῦτα
1618 825 1886 893 κατέστη-

312 929 377 966 σα
402 910 694 980 προλαϐὼν
722 912 909 980 μόνος
953 911 1028 964 ῶν
1077 914 1133 963 ὲν
1184 912 1314 981 ὑμῖν
1345 911 1510 978 Θεὸς,
1566 912 1662 965 καὶ
1713 912 1890 976 οὐδεὶς

310 1001 513 1069 παρῆν
551 1019 653 1071 μοι
712 1001 891 1066 ξένος
939 1001 1110 1055 ταῦτα
1143 1002 1455 1066 θεσπίζοντι
1482 1003 1571 1057 διὰ
1596 1003 1702 1057 τῶν
1740 1006 1889 1075 ὲμῶν

312 1077 607 1163 προφητῶν
630 1135 645 1159 ,
689 1094 765 1157 ὠς
813 1095 983 1163 ὑμεῖς
1030 1095 1201 1148 αὐτοὶ
1242 1096 1528 1164 γεγόνατε
1569 1096 1887 1166 μάρτυρες.

311 1185 551 1254 Μάρτυς
582 1185 640 1239 δὲ
668 1185 852 1255 κάγὼ,
884 1184 983 1239 καὶ
1034 1188 1068 1240 ό
1110 1186 1254 1252 Παῖς
1300 1190 1333 1241 ό
1381 1187 1543 1256 ἐμός.
1583 1190 1757 1258 Συνῆν
1781 1190 1890 1258 γάρ

314 1295 402 1350 μοι
432 1274 765 1342 θεσπίζοντι,
818 1277 925 1347 πρὸ
953 1279 1053 1343 τῆς
1076 1277 1277 1347 σαρκὸς
1315 1277 1455 1346 ἔχων
1480 1279 1579 1350 τὴν
1629 1279 1886 1352 ὕπαρξιν.

323 1367 460 1420 Ἀλλ’
496 1368 643 1438 ἆπερ
673 1366 743 1432 ἐξ
763 1366 947 1436 ἀρχῆς
978 1366 1173 1438 ὥρισα,
1197 1368 1368 1421 ταῦτα
1392 1369 1677 1441 δυνήσεται
1708 1389 1887 1443 παρα-

314 1457 563 1510 σαλεύειν
597 1457 793 1521 οὐδείς.
818 1456 1001 1511 Ταῦτα
1044 1458 1293 1511 λέλεκται
1344 1460 1443 1528 μὲν
1489 1462 1569 1523 εἰς
1601 1461 1890 1532 πρόσωπον

324 1548 526 1604 Ἰακώϐ
551 1566 610 1602 τε
643 1550 737 1602 καὶ
773 1548 1043 1616 Ἰσραὴλ,
1078 1552 1158 1612 εἰς
1187 1550 1243 1603 δὲ
1277 1551 1366 1603 τὸν
1399 1552 1755 1606 ἀποστολικὸν
1799 1573 1891 1624 χο-

318 1638 405 1707 ρδν
442 1638 801 1706 ἀναφέρεται,
838 1638 935 1690 καὶ
965 1639 1057 1691 ἐπὶ
1082 1638 1289 1703 πάντας
1348 1643 1471 1705 τοὺς
1523 1641 1582 1706 ἐξ
1625 1643 1891 1697 Ἰουδαίων

315 1731 540 1791 πιστοὺς
578 1729 673 1782 τοῦ
729 1730 887 1797 λόγου
935 1730 1235 1801 διήκοντος.
1282 1733 1439 1795 Τινὲς
1493 1733 1550 1786 δέ
1602 1753 1783 1803 φασιν,
1817 1737 1891 1801 ὡς

314 1821 513 1890 ἀγαθὸς
541 1820 617 1874 ὢν
646 1823 675 1874 ὁ
700 1821 853 1884 Θεὸς,
890 1821 985 1886 οὓς
1020 1823 1292 1876 παιδεύων
1337 1824 1578 1878 ἀπέϐαλε
1603 1867 1616 1890 ,
1670 1828 1892 1892 τούτους

1999 663 2019 696 ι
2059 644 2121 698 Et
2157 645 2333 699 mittet
2365 645 2497 715 ipsis
2540 646 2889 711 salvatorem,
2922 645 3015 715 qui
3038 645 3210 700 salvet
3250 658 3377 709 eos;
3408 641 3561 711 judi-

1994 752 2128 792 cans
2157 739 2386 793 salvabit
2437 753 2533 794 eos
2566 739 2629 792 ¹⁷.
2685 757 2703 790 ι
2753 738 2819 791 At
2853 753 2952 808 pro
2990 735 3325 805 exprobrari,
3360 734 3559 804 reliqui

1994 827 2181 883 audire
2205 829 2306 899 feci
2336 830 2788 899 interpretantur.
2826 830 2934 885 lsta
2975 831 3122 884 enitn
3163 844 3258 883 vos
3292 840 3420 884 ante
3449 843 3570 882 0m-

1996 933 2093 971 nes
2124 918 2307 983 docui,
2337 918 2428 987 qui
2460 918 2598 971 Deus
2621 934 2754 970 unus
2786 917 2839 971 in
2867 918 3022 973 vobis
3052 917 3195 988 sint;
3228 931 3406 985 neque
3437 915 3570 970 mihi

1993 1008 2168 1078 adfuit
2216 1011 2439 1073 alienus,
2477 1025 2601 1064 cum
2644 1009 2749 1065 ista
2799 1025 2896 1079 per
2934 1008 3231 1080 prophetas
3275 1023 3427 1063 meos
3471 1023 3569 1062 va-

1978 1097 2289 1167 .ticinarer;
2340 1098 2800 1168 quemadmodum
2863 1115 2950 1152 vos
3011 1098 3142 1152 mihi
3199 1106 3356 1152 testes
3387 1099 3569 1152 estis:

1999 1189 2147 1242 testis
2208 1188 2336 1243 item
2394 1197 2444 1242 et
2495 1204 2609 1258 ego,
2640 1184 2906 1258 Filiusque
2962 1205 3127 1244 meus.
3181 1188 3372 1242 Adfuit
3421 1188 3568 1243 enim

1997 1287 2050 1333 et
2084 1279 2202 1348 ipse
2253 1294 2488 1343 mecum,
2524 1295 2647 1333 cum
2682 1279 2787 1334 ista
2842 1280 3217 1351 praedicerent,
3270 1296 3397 1336 cum
3444 1289 3573 1336 ante

1996 1370 2177 1425 carnis
2217 1372 2650 1440 assumptionem
2685 1373 2994 1427 exsisteret.
3029 1371 3134 1427 Sed
3174 1388 3295 1441 quae.
3324 1374 3388 1426 ab
3418 1374 3572 1427 initio

1996 1462 2071 1516 ita
2105 1461 2222 1517 fore
2260 1461 2501 1523 decrevi.
2554 1472 2769 1517 mutare
2800 1473 2859 1518 et
2889 1479 3106 1518 movere
3147 1479 3308 1519 nemo
3355 1473 3440 1518 est
3476 1467 3568 1533 qui

1999 1553 2191 1621 possit.
2241 1553 2417 1621 Atque
2475 1552 2589 1606 hzec
2646 1550 2868 1621 quidem
2916 1552 2970 1605 in
3021 1550 3215 1606 Jacobi
3258 1562 3314 1607 et
3354 1552 3572 1608 Israetis

1999 1644 2226 1710 gratiam
2258 1640 2537 1707 dicuntur,
2575 1657 2695 1713 qua:
2720 1651 2900 1697 tamen
2938 1641 3011 1695 ad
3044 1644 3410 1712 apostolicum
3442 1651 3576 1698 cho-

1998 1750 2140 1794 rum,
2179 1742 2232 1786 et
2270 1734 2335 1787 ad
2365 1748 2460 1788 eos
2488 1734 2649 1788 etiam
2688 1747 2903 1795 omnes,
2931 1733 3022 1802 qui
3072 1748 3141 1789 ex
3164 1732 3372 1788 Iudaeis
3416 1733 3575 1788 [idem

2000 1825 2232 1894 amplexi
2266 1834 2417 1893 sunt,
2444 1827 2840 1880 extenduntur.
2886 1823 3089 1879 Volunt
3119 1840 3282 1895 porro
3326 1826 3575 1879 nonnulli

315 1913 704 1984 προσκαλεῖται
732 1912 799 1966 δι’
832 1914 998 1978 ἔλεον,
1036 1913 1173 1985 λήθῃ
1222 1917 1610 1986 παραπέμπων
1648 1918 1716 1971 τὰ
1759 1920 1893 1989 πρό-

2001 1914 2166 1969 Deum
2199 1915 2402 1986 ipsum,
2441 1915 2532 1985 qui
2568 1932 2666 1986 pro
2698 1932 2796 1971 sua
2838 1915 3107 1981 bonitate,
3142 1932 3280 1987 quos
3312 1934 3339 1969 :t
3386 1932 3444 1971 se
3485 1933 3579 1970 ca-

312 2023 465 2076 τερα,
498 2007 592 2058 καὶ
642 2005 917 2075 προτιθεὶς
957 2008 1132 2077 ἀρχὴν
1158 2006 1348 2075 ἑτέρου
1395 2007 1610 2076 καιροῦ,
1647 2008 1786 2061 κατὰ
1815 2009 1892 2075 τὸ,

320 2117 339 2149 ι
371 2098 618 2168 Σήμερον
672 2099 767 2152 ἐὰν
792 2100 891 2168 τῆς
938 2100 1121 2169 φωνῆς
1154 2117 1254 2169 μου
1301 2099 1595 2171 ἀκούσητε,
1639 2120 1657 2153 t
1692 2102 1787 2154 καὶ
1830 2102 1898 2154 τὰ

312 2190 398 2258 ἐφ’
431 2190 580 2258 ἑξῆς.
627 2191 715 2254 Ὠς
734 2191 844 2261 γὰρ
865 2192 982 2244 ἐκεῖ
1010 2192 1068 2245 τὸ
1121 2192 1393 2259 σήμερον
1412 2231 1426 2257 ,
1457 2192 1631 2257 οὕτως
1664 2188 1899 2249 ἐνταῦθα

310 2287 373 2335 τὸ
396 2282 537 2349 νῦν,
571 2284 910 2352 ἀμνηστείας
937 2284 1057 2355 ἔχον
1097 2285 1381 2345 ὑπόθεσιν,
1421 2284 1517 2338 καὶ
1553 2277 1898 2355 πραγμάτων

312 2372 519 2441 ἑτέρων
540 2372 715 2443 ἀρχὴν
738 2372 1013 2442 ἐσομένων
1038 2375 1187 2443 παρὰ
1212 2373 1350 2427 Θεοῦ
1378 2374 1453 2444 μὴ
1487 2374 1898 2446 συγχωροῦντος

312 2465 454 2530 ἄγαν
474 2463 737 2543 οάθυμεῖν,
772 2463 845 2526 ὡς
871 2464 1091 2530 ἕξοντας
1119 2466 1227 2517 τῶν
1251 2466 1536 2537 παρόντων
1573 2467 1895 2537 μεταϐολὴν,

315 2556 572 2609 ἁπάντων
612 2554 917 2624 ἀνθρώπων
943 2556 1013 2609 δι’
1054 2558 1284 2625 αἵματος
1329 2557 1715 2628 λυτρουμένων
1762 2560 1896 2630 Χρι-

316 2647 466 2700 στοῦ.
502 2648 787 2716 Ηὺδόέησε
825 2648 934 2719 γὰρ
966 2650 993 2701 ό
1028 2648 1159 2711 Θεὸς
1199 2649 1783 2718 ἀνακεφαλαιώσασθαι
1831 2654 1897 2706 τὰ

316 2739 497 2792 πάντα
528 2739 585 2789 ὲν
614 2738 784 2809 αὐτῷ,
818 2739 957 2792 κατὰ
982 2742 1081 2810 τὴν
1120 2741 1333 2793 Παύλου
1382 2743 1589 2812 φωνὴν,
1620 2742 1743 2806 δοὺς
1769 2730 1898 2815 ἡμῖν

316 2831 413 2882 καὶ
439 2829 501 2883 τὸ
528 2830 712 2882 καινὸν
740 2829 908 2897 δνομα
931 2832 1167 2901 Χριστοῦ
1198 2832 1256 2885 τὸ
1293 2832 1589 2901 ἐπικληθὲν
1621 2835 1706 2902 ἐφ’
1729 2837 1896 2905 ἡμᾶς.

317 2917 384 2972 ΤΞ
405 2917 460 2970 δὲ
482 2917 778 2983 τοῦνομα;
819 2920 993 2984 Ἐμὸς
1011 2916 1066 2974 εἷ
1086 2921 1186 2974 σύ.
1211 2921 1445 2991 Χριστοῦ
1471 2922 1579 2991 γὰρ
1602 2916 1742 2979 εἶναι
1767 2927 1901 2978 πάν-

316 3024 410 3070 τες
434 3007 707 3078 λεγόμεθα
739 3010 836 3079 τῆς
866 3011 997 3080 πρὶν
1030 3010 1135 3077 ἔξω
1154 3012 1440 3079 γεγονότες
1473 3013 1897 3085 ἀλλοτριώσεως,

317 3100 385 3168 ἣν
416 3098 648 3168 ἔσχομεν
675 3098 1104 3170 ἁμαρτάνοντες.
1140 3103 1319 3158 καίτοι
1359 3106 1501 3160 κατὰ
1547 3107 1708 3177 φύσιν
1751 3108 1903 3175 ὄντες

316 3190 479 3244 Θεοῦ.
519 3190 680 3244 Ἀλλὰ
708 3192 870 3246 πάλιν
907 3197 937 3263 ἡ
949 3196 1055 3263 μᾶς
1082 3195 1170 3249 διὰ
1200 3197 1292 3250 τοῦ
1343 3199 1658 3271 Πνεύματος
1690 3202 1900 3256 ὠκειὼ-

2000 2009 2226 2074 st‘gatos
2264 2008 2486 2077 repulit.
2521 2009 2754 2063 invitare
2799 2024 3014 2074 rursus,
3069 2016 3123 2062 ut
3171 2009 3581 2078 praeteritorum

1997 2099 2247 2154 oblivisci
2294 2100 2497 2164 soleat,
2553 2099 2817 2169 temporis
2857 2100 3023 2153 etiam
3079 2098 3313 2155 alterius
3368 2099 3577 2169 princi—

1999 2193 2146 2260 pium
2183 2192 2274 2246 hic
2310 2206 2659 2262 proponere:
2702 2191 2867 2259 quale
2906 2199 2992 2247 est
3037 2191 3170 2246 illttd
3203 2210 3216 2245 :
3263 2210 3282 2242 ι
3325 2189 3498 2246 llodie
3530 2192 3575 2247 si

1999 2296 2184 2336 vocem
2219 2295 2394 2336 meam
2420 2280 2798 2347 audieritis",
2830 2299 2848 2331 ι
2890 2289 2943 2336 et
2976 2296 3101 2351 quae
3130 2289 3458 2350 sequuntur.
3507 2279 3577 2334 Ut

1997 2373 2139 2426 enim
2188 2372 2261 2427 ibi
2302 2372 2456 2427 hodie
2517 2373 2842 2427 vocabulum
2871 2414 2886 2434 ,
2935 2373 3014 2427 sic
3057 2381 3111 2426 et
3171 2372 3260 2425 hic
3308 2372 3573 2442 particula

1998 2478 2135 2516 nunc
2165 2462 2461 2517 oblivionis
2499 2473 2885 2531 argumentum
2936 2462 3206 2525 continet,
3244 2469 3297 2515 et
3327 2461 3574 2516 ostendit

2000 2553 2109 2606 Deo
2158 2563 2384 2608 auctore
2429 2567 2612 2606 rerum
2662 2550 2779 2607 fore
2814 2552 3046 2607 aliarum
3086 2553 3442 2622 principium,
3479 2553 3575 2622 qui

2001 2659 2099 2698 nos
2129 2645 2373 2697 animum
2424 2644 2768 2715 despondere
2825 2660 3107 2715 nunquam
3160 2646 3408 2714 patitur:
3455 2652 3579 2698 tan-

1999 2750 2157 2804 quam
2194 2734 2394 2790 Christi
2424 2736 2691 2805 sanguine
2719 2734 3017 2804 redemptis
3050 2735 3308 2788 omnibus
3336 2750 3579 2803 praesen-

2000 2825 2135 2879 timu
2165 2839 2344 2880 rerum
2386 2826 2675 2881 immineat
2727 2827 3115 2881 commutatio.
3165 2824 3379 2879 Placuit
3430 2827 3577 2881 cnim

2004 2915 2131 2983 Deo,
2162 2923 2301 2971 teste
2335 2916 2502 2972 Paulo
2551 2917 2631 2981 ",
2684 2917 2869 2970 omnia
2907 2917 2962 2970 in
2996 2932 3063 2970 eo
3108 2917 3440 2976 instaurare.
3486 2917 3583 2984 qui

2002 3008 2231 3077 largitur
2256 3010 2410 3064 nobis
2456 3018 2730 3065 recentem
2770 3010 2935 3064 etiam
2986 3009 3051 3064 de
3106 3008 3315 3064 Christi
3360 3012 3582 3063 nomine

2002 3099 2439 3169 appellationem,
2473 3099 2619 3170 quod
2662 3101 2976 3155 invocatum
3008 3107 3091 3153 est
3146 3113 3312 3169 super
3353 3113 3458 3152 nos
3512 3099 3578 3151 ¹⁹,

2002 3189 2285 3258 Quodnam
2323 3191 2504 3263 igitur
2544 3207 2728 3246 nomen
2780 3190 2905 3247 est?
2960 3188 3110 3244 Meus
3139 3206 3193 3243 es
3242 3199 3319 3244 tu.
3372 3188 3580 3245 Christi

319 3297 454 3334 σατο
485 3283 718 3352 ποιήσας
740 3284 1048 3346 ἁναλώτους
1078 3287 1240 3341 παντὶ
1292 3292 1602 3361 πειρασμῷ.
1643 3296 1894 3360 "atauo!

2006 3281 2275 3353 siquidem
2308 3297 2500 3337 omnes
2533 3296 2655 3338 esse
2683 3281 2942 3345 dicimur,
2981 3282 3072 3350 qui
3112 3290 3264 3336 extra
3289 3282 3584 3336 alienatio-

317 3372 429 3443 γὰρ
465 3376 559 3428 καὶ
586 3374 740 3443 ὕδωρ
770 3378 864 3428 καὶ
887 3380 1129 3446 φλόγες,
1160 3379 1260 3442 τὰς
1290 3382 1591 3448 πολυειδεῖς
1638 3385 1745 3438 τῶν
1783 3404 1903 3441 πει-

320 3463 552 3533 ρασμῶν
593 3464 816 3533 ἐφόδους
859 3470 1350 3538 κατασημαίνουσι.
1396 3472 1710 3543 Γέγραπται
1758 3476 1902 3546 γάρ·

324 3572 343 3603 ι
384 3555 506 3606 ’Ότι
532 3556 733 3618 πάντες
779 3559 827 3610 οἱ
872 3558 1119 3622 θέλοντες
1161 3560 1261 3631 ζῇν
1304 3562 1542 3627 εὐσεϐῶς
1591 3569 1647 3617 ἐν
1684 3567 1904 3640 Χριστῷ

332 3644 531 3714 Ἰησοῦ,
572 3646 988 3718 διωχθήσονται.
1029 3670 1047 3703 ο
1102 3654 1211 3705 Καὶ
1250 3657 1363 3717 τοῖς
1406 3656 1760 3712 πιστεύσασιν
1800 3662 1902 3731 ἔφη

318 3736 552 3804 Χριστός
574 3753 589 3766 ·
614 3758 632 3788 ι
662 3738 854 3809 Θλίψιν
872 3740 1022 3824 ἔχετε
1046 3745 1103 3795 ἐν
1120 3743 1196 3814 τῷ
1212 3745 1419 3818 κόσμῳ.
1464 3767 1481 3798 ι
1499 3750 1608 3803 Καὶ
1625 3753 1681 3803 ὲν
1702 3756 1766 3824 τῇ
1798 3771 1871 3808 πα
1887 3786 1902 3796 -

318 3827 523 3899 ραϐολῇ
553 3827 608 3881 δὲ
637 3831 737 3897 τῆς
787 3833 880 3884 ἐπὶ
927 3819 1026 3905 τῆς
1058 3838 1265 3906 πέτρας
1317 3819 1791 3912 τεθεμελιωμέντγς
1821 3848 1897 3898 οἱα

316 3917 476 3981 κίαςο
518 3937 536 3968 ι
571 3919 680 3973 Καὶ
722 3920 949 3991 κατέϐη,
982 3924 1234 3995 φησὶν,ἠ
1276 3926 1463 3998 βροχὴ,
1509 3932 1605 3984 καὶ
1652 3928 1814 4002 ἦλθον
1852 3936 1902 3988 οἱ

315 4007 578 4076 ποταμοὶ,
608 4010 703 4062 καὶ
732 4009 998 4066 ἔπνευσαν
1024 4018 1071 4067 οἱ
1107 4015 1319 4085 ἄνεμοι,
1354 4037 1372 4068 ι
1403 4021 1528 4083 τοὺς
1560 4027 1902 4095 πειρασμοῦς

312 4098 407 4151 διὰ
458 4098 665 4153 τούτων
721 4102 917 4169 δηλῶν.
950 4106 1022 4159 Τὸ
1043 4106 1122 4181 δὲ,
1167 4108 1424 4176 ἐποίησά
1479 4129 1595 4168 σου
1622 4115 1903 4187 ἄλλαγμα

313 4187 645 4265 Αιγυπτον,
682 4192 836 4262 δηλοί
858 4194 934 4257 ὡς
958 4195 1080 4248 ἀντὶ
1109 4198 1207 4267 τῆς
1247 4200 1475 4270 ἐκϐολῆς
1503 4208 1902 4275 περιεποιησά-

318 4296 429 4348 μην
461 4279 530 4333 τὰ
561 4279 710 4350 ἔθνη,
739 4275 815 4335 ὧν
836 4283 1029 4355 πρώην
1066 4286 1434 4352 ἀσεϐούντων,
1479 4293 1639 4360 μόνος
1684 4295 1901 4365 Ἰσραὴλ

315 4369 520 4439 κλῆρος
574 4372 784 4444 ὑπῆρχε
845 4375 1002 4430 Θεοῦ.
1066 4377 1181 4431 Νῦν
1235 4380 1292 4433 δὲ
1339 4383 1747 4454 μετέστραπται
1792 4389 1900 4442 τῶν

313 4462 723 4535 πραγμάτωνή
764 4464 937 4531 τάξις,
973 4467 1061 4520 ὅτε
1094 4468 1187 4521 τὸν
1226 4471 1522 4542 Λυτρωτὴν
1574 4476 1900 4530 ἀπέκτειναν

326 4556 593 4610 Ἰουδαῖοι.
635 4555 881 4621 Δοεὰσω
907 4559 963 4610 δέ
1002 4576 1094 4621 σε,
1128 4561 1283 4630 φησι.
1340 4563 1478 4632 μετὰ
1524 4565 1683 4619 τοῦτο
1728 4568 1893 4634 τιμή-
1933 4618 1972 4670 D

311 4662 456 4711 σας.
509 4646 856 4715 κληθήσεται
901 4648 1009 4718 γὰρ
1063 4650 1155 4702 καὶ
1189 4650 1353 4715 αὐτὸς
1380 4655 1517 4721 μετὰ
1550 4655 1648 4725 τὴν
1690 4658 1897 4713 εἴσοδον

312 4738 428 4791 τῶν
480 4738 672 4803 ἐθνῶν,
721 4739 883 4809 ἡνίκα
933 4741 1101 4795 ποιῶν
1158 4743 1297 4813 ὑπὲρ
1339 4745 1454 4808 σοῦ,
1483 4750 1754 4816 πολλούς
1798 4767 1899 4805 σοι

312 4828 491 4882 δώσω
510 4829 862 4893 διδασκάλους
891 4832 985 4885 καὶ
1013 4833 1311 4902 ἄρχοντας
1332 4836 1484 4904 ὑπὲρ
1515 4839 1627 4907 τῆς
1659 4843 1781 4911 σῆς
1810 4844 1898 4898 λέ-

313 4936 512 4987 γοντας
546 4921 838 4990 κεφαλῆς.
871 4925 1114 4993 Κεφαλὴ
1135 4926 1192 4979 δὲ
1216 4928 1322 4981 τῶν
1344 4930 1552 4984 πιστῶν
1580 4933 1608 4985 ό
1639 4935 1895 5003 Χριστὸς,

313 5012 454 5082 ὅπερ
476 5012 616 5080 ὑπὲρ
657 5012 772 5080 σοῦ,
814 5014 907 5066 καὶ
938 5015 1035 5085 τῆς
1058 5017 1156 5086 σῆς
1180 5018 1451 5088 ὠφελείας
1474 5024 1783 5093 γενήσεται.
1815 5028 1893 5099 Τῇ

312 5102 374 5156 δὲ
402 5102 511 5156 τῶν
571 5104 842 5158 Ἰουδαίων
903 5108 1242 5177 ὑπισχνεῖται
1294 5112 1592 5186 Συναγωγῇ
1649 5118 1896 5183 συνάξειν

313 5194 486 5263 αὐτῆς
515 5196 589 5250 τὰ
614 5194 814 5250 τέκνα.
850 5197 1028 5251 Σῶσαι
1060 5199 1169 5271 γὰρ
1198 5201 1266 5254 τὰ
1289 5201 1609 5272 ἀπολωλότα
1644 5208 1896 5279 πρόϐατα

311 5282 479 5358 ἦλθεν
516 5287 752 5359 Ἰσραήλ.
788 5289 894 5342 Καὶ
924 5289 992 5343 τὰ
1024 5293 1299 5373 πανταχοῦ
1346 5295 1719 5367 διεσπαρμένα
1750 5300 1893 5373 λόγῳ

311 5379 676 5451 δημιουργίας
714 5382 897 5434 τέκνα
927 5382 1098 5451 Θεοῦ,
1151 5369 1293 5446 τοὺς
1324 5382 1383 5451 ἐξ
1419 5386 1590 5442 ἐθνῶν
1624 5369 1889 5461 δηλονότι,

312 5464 408 5530 οὓς
437 5467 721 5533 πλανήσας
749 5468 960 5539 ἀπέστη
970 5487 1026 5523 σε
1048 5470 1185 5525 Θεοῦ
1205 5473 1563 5541 διασκεδάσας
1580 5480 1607 5531 ό
1628 5481 1889 5545 Σατανᾶς.

314 5557 406 5613 Διὸ
435 5558 683 5622 εἰπόντος
714 5560 957 5629 Καῖὰφα,
1005 5582 1023 5613 ι
1057 5562 1331 5635 Συμφέρει
1360 5568 1445 5620 ἵνα
1481 5563 1559 5632 εἷς
1605 5570 1896 5644 ἄνθρωπος

313 5651 562 5723 ἀποθάνῃ
601 5653 742 5727 ὑπὲρ
769 5652 863 5706 τοῦ
897 5653 1049 5720 λαοῦ,
1090 5674 1107 5706 ο
1136 5657 1303 5727 φησὶν
1338 5661 1897 5736 όεύαγγελιστὴς,’ὠς

386 5765 429 5795 ¹⁷
457 5766 575 5841 lia.
604 5769 860 5841 ηεξατ.
938 5770 979 5801 ’⁸
1021 5768 1161 5826 Psal.
1205 5791 1346 5841 χειν,
1372 5777 1422 5830 8.

242 5914 251 5921 ἠ
312 5852 420 5904 vn,
452 5834 543 5891 27.
620 5837 666 5869 "
698 5837 895 5910 Ephes.
931 5856 983 5904 ι’.
1021 5841 1112 5894 9.5.

2008 3390 2129 3428 nem
2163 3374 2358 3437 simus,
2416 3389 2580 3445 quam
2647 3382 2939 3443 peccantes
2995 3372 3151 3441 prius
3205 3372 3581 3434 habebamus.

2005 3465 2361 3536 quantumvis
2392 3463 2561 3536 m
2588 3480 2615 3517 a
2650 3466 2758 3518 Deo
2806 3472 2999 3517 natura
3031 3477 3309 3518 essuuus.
3340 3460 3447 3517 Sed
3482 3478 3586 3518 nos

2005 3572 2227 3613 rursum
2254 3557 2372 3627 ipse
2400 3556 2505 3613 sibi
2534 3556 2855 3611 conciliavit
2881 3574 2895 3616 ;
2929 3571 3052 3609 cum
3089 3556 3380 3624 quibusvis
3406 3564 3587 3610 lenta-

2007 3648 2243 3703 tionibus
2261 3646 2710 3719 inexpugnabiles
2730 3647 2990 3702 reddidit.
3012 3644 3265 3701 Flumina
3288 3647 3583 3715 siquidem,

2003 3748 2054 3794 et
2093 3755 2254 3809 aqua,
2275 3745 2329 3792 ct
2359 3739 2525 3808 ignes,
2570 3737 2752 3791 varios
2801 3737 3167 3791 tentationum
3216 3737 3455 3793 insultus
3488 3738 3585 3793 dc-

2004 3832 2243 3899 s‘gnant.
2284 3828 2557 3883 Scribitur
2587 3829 2731 3883 enim
2764 3846 2777 3881 :
2815 3847 2834 3879 ι
2881 3826 3086 3883 Omnes
3144 3829 3232 3900 qui
3277 3830 3365 3899 pie
3394 3833 3587 3885 νυιιιιιι

2005 3925 2059 3979 in
2074 3923 2206 3981 Jesu
2227 3924 2447 3980 Christo
2477 3925 2660 3979 vivere
2674 3925 3116 3995 persecutionem
3146 3926 3428 3996 patientur
3448 3928 3515 3987 ",
3551 3949 3569 3979 ι

2001 4017 2208 4071 Christi
2250 4016 2447 4071 deinde
2471 4014 2537 4069 ad
2569 4015 2739 4085 ipsos,
2771 4016 2866 4085 qui
2901 4015 3062 4069 [idem
3103 4017 3341 4086 amplexi
3377 4029 3582 4083 essent,

2004 4108 2172 4164 verba
2202 4093 2311 4163 non
2342 4108 2566 4169 desunt,
2596 4108 2797 4178 quibus
2831 4124 2927 4162 eos
2970 4108 3021 4161 in
3070 4110 3171 4163 hoc
3204 4111 3407 4166 saeculo
3446 4112 3587 4167 allii-

2002 4200 2210 4271 gendos
2238 4217 2359 4257 esse
2400 4202 2647 4266 monuit;
2684 4203 2738 4254 in
2782 4215 2844 4255 ea
2877 4212 3138 4271 praeterea
3180 4203 3378 4259 domus
3428 4218 3587 4274 para-

2005 4294 2148 4358 bola,
2187 4295 2344 4361 cujus
2384 4291 2530 4361 jacta
2581 4308 2746 4364 super
2797 4302 3007 4364 petram
3073 4294 3432 4352 fundamenta
3462 4297 3583 4351 fue-

2003 4393 2128 4438 rant
2163 4403 2175 4438 :
2210 4403 2227 4436 ‹
2267 4384 2329 4439 Et
2372 4385 2676 4450 descendit,
2729 4383 2928 4456 inquit,
2980 4386 3175 4452 imber,
3211 4397 3266 4441 et
3313 4400 3586 4443 venerunt.

2002 4476 2249 4543 lluvii,et
2277 4475 2546 4530 [laverunt
2585 4478 2729 4531 venti
2766 4478 2849 4542 ";
2887 4496 2906 4528 ι
2970 4477 3173 4547 quibus
3224 4478 3358 4532 nihil
3409 4481 3581 4546 aliud,

2004 4582 2167 4637 quam
2212 4567 2546 4622 tenlationes
2595 4568 2942 4640 signiﬁcavit.
2982 4572 3049 4622 At
3079 4571 3227 4639 quod
3278 4584 3583 4627 commuta-

2005 4662 2194 4713 tionem
2225 4670 2372 4713 tuam
2402 4660 2502 4729 feci
2531 4660 2847 4732 zEgyptum,
2891 4663 2986 4725 ait,
3014 4671 3202 4731 gentes
3233 4678 3292 4718 se
3327 4665 3380 4718 in
3417 4681 3583 4735 repu-

2004 4753 2278 4809 diatorum
2317 4752 2496 4807 locum
2554 4756 2655 4808 sibi
2717 4754 3317 4823 adoptasseustendit,
3378 4759 3580 4826 quibus

1967 4845 2170 4915 _impie
2207 4845 2531 4917 degentibus
2576 4855 2757 4912 antea,
2816 4848 2967 4902 solus
3017 4849 3110 4902 Dei
3164 4865 3287 4905 sors
3327 4864 3582 4907 evaserat

2005 4937 2192 4992 lsrael.
2229 4937 2386 4993 Nunc
2425 4947 2605 4993 autem
2633 4956 2811 4993 rerum
2851 4949 2933 4994 est
2966 4940 3105 4993 ordo
3135 4942 3480 5009 inhumatus,
3513 4962 3582 5002 ex

2005 5042 2113 5095 quo
2144 5025 2563 5097 Redemptorem
2600 5028 2771 5083 Juda'i
2812 5030 2971 5085 morti
3002 5032 3220 5086 tradere
3260 5035 3380 5088 ausi
3429 5048 3580 5093 sunt.

2003 5122 2073 5172 At
2100 5118 2412 5189 gloriﬁcabo
2437 5129 2508 5183 te,
2543 5121 2739 5188 inquit,
2771 5120 2970 5175 honore
3002 5135 3187 5190 posma
3212 5139 3577 5195 prosequens.

2004 5210 2305 5265 Vocabitur
2342 5212 2489 5267 enim
2536 5219 2591 5265 et
2635 5212 2743 5275 ille,
2797 5223 3085 5281 postquam
3140 5214 3360 5269 fuerunt
3389 5226 3583 5287 gentes

2003 5302 2282 5370 ingressa,
2330 5302 2553 5370 quando
2587 5314 2809 5371 propter
2854 5310 2906 5356 te
2939 5304 3210 5359 excitatos
3243 5306 3440 5360 multo:
3484 5308 3587 5361 tibi

2001 5393 2137 5447 dabo
2171 5393 2426 5449 doctores
2457 5405 2511 5447 et
2540 5395 2824 5463 principes,
2857 5395 2949 5465 qui
2982 5412 3078 5463 pro
3102 5409 3189 5450 tuo
3211 5399 3384 5466 capite
3408 5399 3572 5454 verba

2003 5484 2227 5539 faciant.
2269 5485 2361 5537 list
2405 5499 2536 5537 vero
2566 5484 2911 5538 credentium
2961 5497 3118 5553 caput
3180 5484 3438 5540 Christus
3490 5485 3574 5549 ⁸),

2002 5575 2093 5645 qui
2128 5591 2226 5643 pro
2256 5583 2336 5638 te,
2372 5574 2424 5629 id
2455 5575 2612 5630 estin
2644 5587 2791 5628 tuam
2825 5590 2936 5629 rem
2968 5587 3228 5646 tuamque
3286 5578 3576 5632 utilitatem

2004 5666 2186 5719 omnia
2226 5664 2469 5721 facturus
2522 5674 2627 5721 est.
2667 5663 2896 5719 Videtur
2947 5675 3127 5720 autem
3187 5667 3429 5735 polliceri
3482 5666 3575 5721 Ju-

1522 5780 1561 5809 "
1597 5778 1796 5851 Ephcs.
1837 5798 1892 5848 ι,

2000 5823 2011 5837 .
2090 5783 2133 5814 ²⁰
2164 5781 2363 5839 Jerem.
2401 5800 2452 5849 ι,
2494 5783 2579 5839 Η..
2656 5785 2697 5814 ²¹
2739 5782 2785 5835 ll
2816 5781 2959 5835 Tim.
2997 5797 3033 5835 lt
3061 5797 3097 5846 ι,
3126 5782 3209 5836 l3.
3295 5784 3337 5814 ²²
3381 5782 3571 5839 Matth.
3627 5786 3635 5792 ’
