3950 6402
329 348 469 440 2389

1454 379 1986 440 COMMENTARII
2049 382 2128 442 IN
2190 384 2479 445 [SAL-XM.

3449 380 3594 445 23ῡῦ

412 488 575 543 Ἀλλὰ
607 489 778 543 ταῦτα
809 489 1149 559 μὲνὲκεῖνοι·
1185 492 1342 560 ὑμεῖς
1380 492 1460 554 δὲ,
1507 486 1552 544 ὦ
1599 493 1899 563 προφῆται,

2079 495 2183 550 Sed
2223 498 2299 550 illi
2357 499 2575 568 quidem
2634 500 2733 552 ista
2772 513 2916 553 :vos
2950 504 3155 561 autem,
3195 513 3226 552 0
3288 497 3597 567 propinetxs

327 580 579 651 γένεσθέ
604 597 708 649 μοι
757 579 1050 649 μάρτυρες
1077 598 1089 611 ο
1124 581 1490 650 μαρτυρήσω
1517 582 1580 635 δὲ
1623 582 1747 637 σὺν
1807 582 1911 649 Υιῷ

332 669 508 738 κάγὼ,
547 670 737 741 φησιν,
766 654 1257 741 ἐμαυτῷβῖλεγεν
1283 672 1392 742 γὰρ
1423 675 1451 726 ὁ
1485 674 1674 743 Σωτήρ
1693 690 1706 702 ·
1727 693 1746 725 ι
1785 673 1912 727 Ἐὰν

328 763 440 831 ἐγὼ
470 762 734 832 μαρτυρῶ
768 762 898 845 περ).
918 762 1180 830 ἐμαυτοῦ,
1209 764 1242 831 ἡ
1274 763 1549 832 μαρτυρία
1577 781 1676 832 μου
1704 764 1914 836 ἀληθής

327 855 500 915 ἐστιν,
554 854 638 907 ὅτι
681 848 800 906 οἶδα
829 852 993 905 πόθεν
1020 854 1155 923 εἰμὶ,
1192 853 1289 905 καὶ
1340 854 1443 906 ποῦ
1487 855 1702 922 ὑπάγω.
1733 873 1752 907 ι
1805 857 1912 908 Καὶ

335 944 527 997 πάλιν*
569 964 587 996 ι
639 944 784 1012 Ἐγὼ
821 946 1086 1016 μαρτυρῶ
1115 946 1244 1017 περὶ
1270 946 1534 1016 ἐμαυτοῦ,
1560 946 1655 999 καὶ
1701 964 1911 1018 μαρτυ-

332 1038 415 1105 ρεῖ
451 1038 582 1101 περὶ
610 1035 745 1105 ἐμοῦ
770 1038 800 1089 ὁ
830 1035 1052 1105 πέμψας
1088 1054 1155 1104 με
1183 1038 1395 1106 Πατήρ.
1434 1036 1604 1089 Ταυτὶ
1636 1035 1714 1100 δὲ,
1745 1036 1906 1106 φησι,

330 1126 603 1195 λελάληκα
651 1128 801 1198 ὑμῖν,
850 1127 953 1181 ἵνα
998 1126 1206 1196 γνῶτε,
1239 1126 1339 1181 καὶ
1383 1128 1773 1193 πιστεύσητε,
1816 1128 1914 1182 καὶ

328 1217 562 1286 συνῆτε
601 1218 688 1271 ὅτι
718 1218 833 1288 ἐγώ
878 1221 1016 1286 εἰμι.
1049 1237 1069 1270 ι
1100 1219 1198 1272 Διὰ
1218 1219 1328 1290 γάρ
1357 1219 1667 1290 γνώσεωςὴ
1706 1221 1910 1284 πίστις.

332 1312 432 1364 Διὰ
456 1312 515 1365 δὲ
538 1312 638 1382 τῆς
661 1312 922 1375 πίστεως,
954 1312 988 1382 ἡ
1025 1309 1264 1374 σύνεσις.
1322 1328 1342 1362 ι
1400 1310 1525 1365 Ἐὰν
1560 1312 1667 1381 γὰρ
1696 1311 1770 1382 μὴ
1819 1328 1911 1365 πι-

337 1391 626 1475 στεύσητε,
667 1405 777 1459 οὐδ’
815 1404 875 1457 οὐ
914 1403 988 1475 μὴ
1017 1402 1235 1473 συνῆτε,
1269 1423 1287 1456 ι
1314 1403 1500 1472 φησίν.
1537 1404 1632 1456 Ὢν
1663 1402 1721 1456 δὲ
1745 1403 1914 1467 ἀΐδιος

329 1498 444 1565 εἰμι
471 1497 568 1549 καὶ
596 1497 809 1567 Σωτήρ.
865 1495 977 1551 Καὶ
1023 1498 1285 1566 προεῖπον
1325 1495 1415 1549 ὅτι
1464 1494 1647 1561 σώζω,
1698 1497 1791 1549 καὶ
1824 1494 1913 1548 διὰ

330 1587 566 1658 Χριστοῦ
591 1588 728 1658 πρὸς
758 1588 919 1658 ἔργον
945 1589 1150 1659 ἤγαγον
1208 1586 1506 1641 Ὠνείδισα
1519 1588 1597 1649 δὲ,
1615 1588 1770 1657 φησὶ,
1801 1590 1914 1651 τοῖς

327 1677 385 1740 ἐξ
429 1676 669 1748 Ἰσραὴλ,
696 1678 779 1730 ὅτι
808 1677 1082 1747 φιλήδονοι
1122 1677 1324 1746 μᾶλλον
1351 1676 1525 1739 ὄντες,
1559 1676 1592 1746 ἢ
1650 1675 1911 1745 φιλόθεοι,

324 1768 417 1820 τὸν
442 1767 577 1837 ἐμὸν
605 1767 941 1837 παρέϐαινον
985 1768 1172 1838 νόμον.
1215 1766 1357 1836 Ἐγὼ
1402 1769 1460 1821 δὲ
1516 1767 1604 1821 διὰ
1634 1767 1913 1839 πολεμίων

327 1855 515 1923 ἐφόδου
571 1855 795 1919 τούτους
834 1856 1141 1923 ἐπαίδευον,
1196 1858 1285 1911 ὅτε
1323 1858 1415 1910 καὶ
1468 1858 1568 1928 τὴν
1600 1860 1730 1929 παρ’
1772 1859 1910 1930 ἐμοῦ

327 1947 603 2017 σωτηρίαν
642 1948 892 2017 ἐζήτουν.
930 1950 1112 2020 Ὅπερ
1154 1949 1337 2012 αὐτοῖς
1365 1950 1647 2004 ὠνειδισα
1689 1951 1779 2005 διά
1814 1953 1913 2022 τῆς

338 2039 604 2107 Ἱερεμίου
640 2040 828 2110 φωνῆς
856 2040 1032 2109 λέγων
1050 2056 1064 2070 ο
1105 2060 1121 2092 ι
1165 2041 1253 2093 Ἐν
1274 2040 1352 2111 τῷ
1382 2042 1561 2113 καιρῷ
1588 2041 1698 2095 τῶν
1724 2043 1913 2096 κακῶν

322 2130 504 2183 αὐτῶν
543 2130 786 2200 ἐροῦσιν,
828 2132 1089 2198 Ἀνάστα,
1148 2134 1243 2187 καὶ
1290 2133 1464 2187 σῶσον
1523 2135 1691 2204 ἡμᾶς.
1731 2154 1750 2186 ι
1784 2136 1910 2201 Καὶ,

328 2243 348 2274 ι
381 2222 493 2276 Ποῦ
515 2225 659 2277 εἰσιν
704 2225 755 2277 oi
787 2224 898 2277 Θεοί
954 2241 1069 2288 σου,
1106 2224 1197 2288 οὓς
1254 2224 1519 2294 ἐποίησας
1568 2226 1816 2296 σεαυτῷς
1866 2229 1916 2279 εἰ

322 2318 724 2379 ἀναστήσονται
747 2318 841 2372 καὶ
863 2317 1103 2370 σώσουσί
1128 2335 1186 2370 σε
1211 2320 1268 2372 ὲν
1290 2317 1471 2389 καιρῷ
1492 2319 1593 2387 τῆς
1613 2318 1914 2382 κακὼσεώς

326 2423 457 2472 σονς
500 2426 518 2460 ι
552 2406 716 2468 Σώζω
744 2409 925 2463 τοίνυν
941 2411 1130 2477 μόνος
1154 2410 1287 2478 ἐγὼ,
1315 2410 1391 2473 ὠς
1410 2410 1672 2465 δύνασθαι
1709 2412 1914 2483 μηδένα

321 2498 433 2550 τῶν
498 2497 658 2567 ἐμῶν
703 2499 1042 2567 ἐξαρπάσαι
1097 2499 1314 2568 χειρῶν
1368 2501 1476 2553 τὸν
1535 2499 1908 2571 σωζόμενον·

322 2588 581 2659 ποιήσω.
608 2592 704 2645 καὶ
745 2592 832 2657 τίς
854 2592 1258 2660 ἀποστρέφου
1293 2593 1458 2655 αὐτὸς
1496 2593 1689 2648 ἔδωκα
1716 2594 1824 2665 γάρ
1846 2595 1911 2649 τά

322 2682 478 2754 ἔθνη,
511 2684 606 2737 καὶ
659 2684 744 2747 τίς
771 2682 932 2736 τοῦτο
988 2683 1289 2753 μεταϐαλεῖ
1353 2683 1488 2754 πρὸς
1525 2685 1585 2738 τὸ
1625 2688 1700 2757 μὴ
1739 2686 1913 2750 οὕτως

323 2774 506 2843 ἔχειν;
536 2775 620 2828 διὸ
676 2777 809 2843 περὶ
837 2776 947 2827 τῶν
976 2775 1172 2827 ἑαυτοῦ
1205 2775 1497 2845 προϐάτων
1523 2776 1710 2845 ἔλεγεν
1741 2780 1768 2831 ὁ
1800 2779 1912 2831 Σω-

323 2869 458 2936 τήρ·
496 2884 516 2918 ι
542 2865 719 2934 Κάγὼ
744 2866 936 2937 δίδωμι
964 2868 1149 2929 αὐτοῖς
1177 2865 1326 2937 ζωὴν
1355 2865 1596 2929 αἰώνιον,
1623 2870 1718 2920 καὶ
1749 2870 1810 2931 οὐ
1838 2869 1912 2939 μὴ

323 2959 637 3012 ἀπόλωνται
680 2960 762 3022 είς
819 2958 910 3012 τὸν
964 2958 1159 3012 αἰῶνα.
1220 2958 1333 3010 Καὶ
1379 2959 1442 3011 ού
1477 2959 1551 3029 μὴ
1580 2960 1804 3033 ἁρπάσῃ
1829 2979 1913 3025 τις

258 3125 263 3131 ⁸
324 3050 468 3105 αὐτὰ
496 3054 562 3105 ὲκ
593 3054 695 3121 τῆς
724 3051 908 3122 χειρός
939 3068 1065 3121 μου.
1114 3050 1173 3103 Ὀ
1198 3051 1411 3122 Πατὴρ,
1454 3051 1513 3115 ὃς
1561 3051 1765 3105 δέδωκέ
1799 3071 1912 3122 μοι,

2012 594 2173 639 estote
2218 587 2347 640 mihi
2392 596 2564 641 testes.
2602 588 2719 657 Ipse
2754 602 2882 642 vero
2943 586 3075 640 mihi
3124 602 3245 639 cum
3273 582 3405 639 l'i‘lio
3454 589 3599 642 testis

2013 671 2189 728 fuero.
2223 673 2443 730 Dicebat
2468 677 2614 730 enim
2641 676 2894 730 Salvator
2926 693 2938 728 :
2965 693 2984 726 ι
3015 676 3073 730 Si
3097 690 3200 744 ego
3225 675 3600 732 testimonium

2015 767 2274 834 perhiheo
2303 770 2371 824 de
2408 785 2495 824 me
2549 773 2693 839 ipso,
2724 771 3099 825 testimonium
3162 785 3345 824 meum
3413 786 3600 824 verum

2014 866 2099 911 est
2131 872 2145 909 :
2178 861 2305 925 quia
2340 875 2440 929 ego
2467 861 2590 916 novi
2621 859 2764 914 unde
2793 877 2939 921 sum,
2972 871 3023 914 et
3059 877 3168 930 quo
3196 861 3337 912 vado
3366 859 3434 914 "‘.
3473 878 3491 912 ι
3536 860 3603 914 Ει

2016 964 2254 1004 rursus:
2296 969 2314 1000 ι
2342 950 2453 1021 Ego
2515 952 2891 1006 testimonium
2947 952 3207 1020 perhibeo
3235 952 3303 1005 de
3365 951 3600 1020 meipso,

2016 1046 2071 1093 et
2127 1046 2354 1095 testatur
2391 1041 2459 1095 de
2509 1056 2616 1107 me,
2655 1042 2749 1110 qui
2809 1042 2957 1096 misit
3000 1058 3087 1097 me
3140 1042 3302 1097 Pater
3349 1043 3416 1098 ³³.
3478 1042 3603 1098 [lace
3648 1106 3656 1113 ,

2017 1142 2201 1187 autem
2242 1134 2457 1188 locutus
2486 1149 2607 1190 sum
2633 1135 2805 1199 vobis,
2836 1142 2895 1187 ut
2922 1136 3129 1201 sciatis,
3160 1146 3209 1189 et
3232 1138 3487 1198 credatis.
3550 1148 3599 1190 et

2016 1224 2349 1294 intelligetis,
2380 1226 2505 1294 quia
2533 1241 2625 1295 ego
2645 1241 2783 1279 sum.
2830 1244 2848 1277 ι
2894 1225 3054 1280 Fides
3087 1228 3232 1281 enim
3267 1228 3601 1297 cognitione,

2019 1316 2124 1370 [ide
2166 1325 2349 1371 autem
2404 1316 2763 1387 intelligentia
2811 1328 3184 1387 comparatur.
3231 1335 3250 1369 ι
3281 1317 3399 1373 Nisi
3457 1305 3602 1373 duim

2016 1408 2382 1474 credideritis,
2411 1410 2606 1479 inquit,
2644 1424 2751 1463 non
2779 1409 3090 1479 intelligetis
3116 1409 3181 1463 ³⁸.
3213 1429 3231 1462 ο
3265 1410 3368 1477 Qui
3421 1422 3603 1466 autem

2017 1514 2138 1555 sum
2168 1508 2429 1566 aeternus,
2452 1516 2574 1555 sum
2600 1501 2740 1556 idem
2766 1506 2820 1554 et
2850 1499 3124 1556 Salvator.
3146 1500 3214 1554 Et
3241 1504 3333 1571 qui
3367 1503 3605 1572 μετεπιῑεί

2016 1592 2224 1648 salvare
2252 1608 2360 1659 me,
2405 1593 2458 1647 id
2488 1594 2654 1648 etiam
2685 1607 2781 1662 per
2804 1592 3090 1647 Christum
3125 1608 3317 1662 reapse
3350 1594 3602 1662 praestiti.

2016 1684 2352 1753 Exprobravi
2380 1684 2826 1755 autem,.inquit,
2869 1685 3082 1751 lsraeli,
3109 1699 3237 1739 eum
3282 1683 3457 1753 ipsum
3506 1701 3607 1741 γο-

2018 1778 2312 1847 luptatum,
2340 1791 2504 1847 quam
2562 1777 2655 1832 Dei
2679 1792 2800 1832 esse
2840 1776 3247 1843 amantiorem;
3283 1776 3376 1846 qui
3437 1778 3605 1846 legem

2019 1885 2193 1924 meam
2227 1868 2577 1939 praetergredi
2613 1886 2723 1925 non
2760 1868 3055 1925 dubitarit.
3083 1868 3189 1923 Sed
3258 1867 3477 1923 eosdem
3508 1882 3608 1939 ego

2018 1962 2303 2018 invasione
2360 1962 2601 2018 hostium
2658 1961 2962 2032 castigari,
3000 1974 3183 2016 cuma
3247 1976 3331 2015 me
3378 1960 3607 2015 salutem

2017 2061 2344 2124 quaererent,
2397 2055 2542 2109 sicut
2574 2069 2670 2124 per
2702 2051 2994 2108 Jeremiam
3029 2051 3344 2122 exprobrata“
3370 2051 3456 2107 his
3484 2067 3608 2105 ver-

2017 2147 2103 2203 bis
2138 2166 2195 2202 τι
2226 2149 2284 2201 ln
2305 2160 2548 2218 tempore
2588 2147 2856 2200 malorum
2898 2161 3123 2201 suorum
3151 2145 3358 2208 dicent,
3397 2145 3607 2198 Exsur-

2016 2254 2102 2309 ge,
2130 2247 2183 2294 et
2226 2240 2375 2294 salva
2412 2254 2510 2293 nos
2540 2240 2604 2280 ³⁷·
2641 2257 2660 2290 ι
2702 2236 2806 2292 Et:
2850 2256 2868 2289 ι
2905 2235 3007 2291 Ubi
3038 2245 3169 2292 sunt
3227 2235 3302 2290 dii
3334 2235 3433 2301 tui,
3468 2250 3608 2304 quos

2017 2325 2220 2379 frustra
2253 2326 2429 2381 fecisti
2477 2327 2573 2380 tibi
2604 2325 2626 2378 Τ
2658 2342 2786 2380 num
2824 2334 3052 2394 surgent
3098 2334 3152 2380 et
3190 2325 3502 2379 Iiberabuut
3555 2333 3608 2379 te

2016 2417 2071 2472 in
2113 2427 2356 2487 tempore
2389 2418 2703 2472 amictionis
2733 2426 2840 2473 tute
2867 2419 2951 2470 “‘i
2979 2436 2996 2470 υ
3033 2416 3262 2471 Salvabo
3319 2417 3483 2485 igitur
3512 2431 3607 2485 ego
3710 2440 3721 2445 -

2015 2511 2202 2576 solus;
2236 2528 2345 2570 nec,
2370 2512 2893 2580 poteritquisquam
2935 2510 3185 2563 manibus
3218 2510 3346 2562 meis
3400 2525 3605 2567 eruere.

2015 2618 2176 2673 quem
2226 2603 2436 2656 salvare
2490 2610 2755 2659 statuero.
2813 2600 3060 2665 Faciam,
3112 2604 3173 2655 et‘
3217 2603 3333 2669 quis
3372 2603 3610 2654 avertet?

2016 2696 2137 2765 Ipse
2178 2696 2380 2749 salvavi
2404 2703 2615 2765 gentes,
2649 2706 2703 2748 et
2737 2694 2863 2764 quis
2895 2704 2996 2758 est,
3036 2693 3130 2762 qui
3198 2709 3312 2748 rem
3368 2695 3440 2747 ita
3495 2710 3608 2748 non

2018 2788 2221 2843 habere
2246 2788 2428 2853 dicat;
2458 2795 2553 2841 aut
2588 2785 2847 2841 infectam
2887 2785 3128 2840 reddat?
3159 2784 3297 2839 Hine
3325 2795 3410 2841 est
3440 2786 3608 2855 igitur

2018 2878 2173 2943 illud,
2199 2879 2341 2947 quod
2386 2876 2457 2932 de
2486 2877 2605 2931 suis
2654 2879 2850 2932 ovibus
2881 2877 3099 2931 dicebat
3140 2876 3434 2931 Salvator:
3480 2895 3499 2927 ι
3546 2876 3609 2931 Et

2017 2988 2120 3043 ego
2153 2972 2275 3026 dedi
2309 2972 2392 3026 eis
2420 2970 2588 3024 vitam
2621 2954 3040 3040 sempiternam,
3077 2983 3251 3037 neque
3274 2968 3526 3038 peribunt
3552 2968 3605 3021 in

2020 3063 2305 3126 saeculum,
2349 3076 2527 3131 neque
2554 3075 2648 3115 eas
2701 3059 2939 3129 abripiet
2979 3058 3271 3129 quisquam
3322 3059 3391 3113 de
3443 3073 3606 3112 manu

326 3144 548 3196 πάντων
581 3143 781 3213 μείζων
814 3143 953 3206 ἐστὶ,
985 3144 1082 3196 καὶ
1103 3142 1281 3203 οὐδεὶς
1301 3142 1526 3199 δύναται
1557 3143 1829 3211 ἁρπάζειν
1853 3148 1912 3198 ἐκ

2023 3167 2164 3208 mea.
2201 3152 2383 3219 Pater,
2411 3153 2503 3222 qui
2543 3151 2693 3208 dedit
2722 3152 2879 3217 mihi,
2908 3150 3154 3206 omnium
3177 3156 3262 3205 est
3290 3150 3600 3221 potentissi-

324 3236 428 3306 τῆς
457 3237 637 3306 χειρὸς
667 3235 763 3291 τοῦ
789 3236 1032 3307 [latri-590;
1071 3253 1195 3305 μου.
1255 3255 1274 3287 ›
1313 3235 1471 3305 Φωνὴ
1520 3237 1631 3305 γὰρ
1674 3236 1811 3308 αὐτὴ
1852 3240 1916 3309 τῇ

326 3329 670 3400 προκειμένῃ
699 3328 1024 3398 συνάδουσα.
1057 3326 1215 3388 Τινὲς
1248 3324 1304 3378 δὲ
1344 3324 1408 3378 τὸ
1431 3364 1446 3390 ,
1496 3325 1754 3394 ἐποίησα
1808 3326 1917 3380 ἄλ-

323 3420 530 3489 λαγμά
561 3435 680 3475 σου
707 3421 1034 3489 Αἴγυπτον,
1070 3420 1150 3483 είς
1182 3419 1496 3490 ὑπόμνησιν
1535 3417 1793 3488 εἰρῆσθαι
1822 3422 1920 3490 τῆς

326 3514 390 3577 ἐξ
419 3512 697 3581 Αἰγύπτου
723 3516 886 3583 φασὶν
914 3514 1255 3584 ἐλευθερίας.
1278 3517 1418 3573 ’Ὀλα
1450 3519 1561 3589 γάρ
1586 3518 1715 3589 ἔθνη
1745 3536 1917 3588 τιμω-

331 3599 647 3670 ρησάμενος
682 3601 840 3672 ὑμῶν
868 3604 1443 3677 άντικατηλλαξάμην.
1490 3607 1794 3679 Τοιγαροῦν
1821 3611 1921 3662 ἐπ-

327 3693 475 3760 άγει*
493 3692 619 3762 Ἀφ’
640 3690 714 3751 οὗ
730 3694 973 3764 ἔντιμος
995 3696 1212 3767 ἐγένου
1239 3699 1500 3752 ἐνώπιον
1522 3699 1690 3768 ἐμοῦ,
1710 3698 1918 3764 ἐδοξά·

323 3789 504 3851 σθης.
535 3787 611 3839 Οὐ
640 3785 750 3858 γὰρ
768 3788 946 3860 οἰκείᾳ
975 3789 1204 3860 δυνάμει
1223 3790 1293 3842 τά
1315 3789 1445 3861 ἔθνη
1470 3790 1782 3861 νενίκηκας,
1811 3793 1914 3863 ἐμῇ

321 3863 386 3929 δὲ
406 3876 568 3949 ῥώμῃ
598 3893 661 3930 τε
692 3881 788 3932 καὶ
819 3880 1130 3951 συμμαχίᾳ,
1153 3882 1247 3933 καὶ
1270 3881 1339 3935 τὰ
1360 3881 1495 3952 πρὸς
1520 3882 1710 3952 χρείαν
1724 3883 1810 3936 ἀεὶ
1824 3898 1916 3952 χο-

326 3967 698 4038 ρηγήσαντος.
727 3968 797 4033 ὡς
821 3973 890 4023 τὰ
919 3971 1081 4042 πέριξ
1114 3971 1241 4043 ἔθνη
1268 3971 1572 4042 θαυμάζειν
1601 3973 1919 4043 καταπλητ-

323 4057 551 4128 τόμενα.
577 4060 689 4114 Καὶ
722 4062 818 4115 νῦν
856 4061 913 4115 δὲ
950 4062 1134 4130 δράσω
1156 4063 1224 4116 τὰ
1260 4064 1637 4134 παραπλήσια.
1669 4064 1789 4119 Κᾶν
1810 4065 1919 4137 γάρ

322 4146 404 4209 ὡς
438 4147 683 4201 ἁλουσῶν
710 4148 819 4204 τῶν
860 4150 892 4203 ι’
922 4150 1108 4219 φυλῶν
1140 4153 1503 4217 ὑπεκλύεσθε,
1552 4154 1660 4225 χρὴ
1696 4158 1919 4209 σκοπεῖν

322 4238 404 4301 ὡς
446 4239 498 4292 εί
549 4241 813 4313 γενοίμην
865 4243 994 4314 ὑμῖν
1050 4244 1309 4316 εὐμενὴς,
1339 4248 1680 4317 πανταχόθεν
1715 4247 1918 4312 πάντες

322 4328 689 4399 συνάγεσθε,
717 4335 810 4411 καὶ
842 4335 904 4387 τὸ
930 4335 1030 4404 τὴν
1077 4337 1378 4408 ἀνάκλησιν
1422 4339 1710 4393 κωλύσων
1739 4339 1916 4393 οὐδέν.

322 4420 438 4474 Καὶ
472 4421 573 4492 τὴν
602 4423 778 4496 ἀρχὴν
806 4424 915 4497 γὰρ
938 4425 1089 4496 ἐμῆς
1111 4427 1276 4482 ἕνεκα
1310 4427 1497 4497 δόξης
1523 4416 1918 4503 περιεποιησάέ

2022 3261 2176 3310 mus;
2200 3261 2300 3302 nec
2335 3252 2517 3315 potest
2544 3246 2835 3315 quisquam
2884 3257 3079 3313 rapere
3119 3243 3187 3298 de
3217 3259 3382 3297 manu
3427 3241 3610 3297 Patris

2023 3340 2128 3395 mei
2156 3339 2218 3391 ³³.
2252 3359 2273 3390 ο
2307 3336 2594 3392 Consentit
2644 3336 2788 3390 enim
2843 3342 2947 3389 vo):
3010 3335 3134 3399 ista,
3191 3349 3315 3388 eum
3367 3334 3435 3388 iis
3488 3350 3631 3407 quae.

2021 3431 2183 3485 nobis
2245 3443 2276 3483 a
2330 3428 2596 3498 propheta
2655 3433 3061 3498 proponuntur.
3116 3425 3376 3480 Nonnulli
3424 3436 3606 3481 autem

2020 3522 2165 3591 quod
2202 3521 2303 3590 feci
2324 3522 2793 3575 commutationem
2837 3528 2987 3572 tuam
3017 3516 3309 3589 ﬂgyplunt
3339 3518 3494 3581 dixit,
3526 3519 3613 3573 id-

2022 3615 2240 3684 ipsum;
2274 3620 2335 3666 ut
2364 3626 2426 3667 se
2470 3610 2795 3682 Egyptiaca
2848 3611 3114 3666 servitute
3176 3610 3434 3664 liberatos
3489 3625 3613 3665 esse

2022 3702 2392 3767 meminerint,
2426 3702 2739 3770 appositum
2768 3700 3155 3765 arbitrantur;
3187 3700 3344 3769 quasi
3390 3710 3610 3770 sumpta

2019 3796 2088 3852 de
2121 3796 2374 3865 gentibus
2398 3793 2668 3848 universis
2699 3791 2904 3846 ultione
2930 3791 3057 3846 illos’
3094 3792 3146 3844 in
3171 3793 3401 3846 istorum
3428 3792 3610 3847 locum

2020 3898 2080 3942 se
2117 3884 2469 3940 substituisse
2497 3882 2664 3937 dicat.
2700 3880 2888 3949 Itaque
2910 3880 3103 3950 adjicit
3140 3897 3153 3932 :
3186 3881 3261 3935 Ex
3310 3898 3412 3952 quo
3445 3884 3612 3937 Itono-

2020 3977 2210 4031 rabilis
2240 3976 2415 4045 {actus
2441 3991 2494 4029 es
2520 3975 2576 4028 in
2599 3983 2881 4038 conspectu
2908 3990 3040 4041 meo,
3067 3972 3403 4043 gloriﬁcatus
3442 3974 3610 4047 437

2019 4084 2096 4121 es.
2135 4065 2318 4135 Neque
2348 4065 2494 4120 enim
2526 4072 2621 4118 tua
2643 4064 2869 4130 virtute,
2903 4064 2997 4119 sed
3029 4065 3165 4119 meis
3202 4065 3431 4130 viribus,
3456 4082 3611 4121 meo-

2020 4171 2126 4227 que
2149 4155 2358 4210 auxilio
2385 4163 2578 4227 gentes
2612 4156 2911 4226 superasti,
2944 4155 3037 4225 qui
3068 4156 3200 4210 nulli
3235 4165 3287 4211 te
3309 4156 3471 4212 rebus
3488 4174 3611 4229 ege-

2020 4264 2081 4304 re
2110 4262 2305 4319 passus
2337 4248 2440 4302 sim
2469 4265 2484 4301 :
2519 4247 2661 4302 unde
2694 4254 2749 4301 et
2781 4247 2978 4303 vicinis
3019 4247 3261 4318 undique
3294 4250 3612 4319 regionibus

2020 4351 2230 4408 magna:
2259 4351 2368 4390 non
2403 4335 2756 4393 admirationi
2806 4327 3040 4401 tantum,
3068 4338 3161 4393 sed
3199 4341 3399 4395 terrori
3447 4343 3610 4394 etiam

2019 4428 2301 4486 exstitisti.
2354 4428 2517 4498 Atqui
2557 4428 2669 4484 illis
2696 4428 2998 4482 etiamnum
3054 4430 3214 4500 plane
3270 4431 3471 4485 similia
3514 4433 3612 4485 ad-

324 4528 436 4584 μην
466 4513 632 4585 ὑμᾶς,
661 4518 757 4569 καὶ
786 4516 854 4570 τά
880 4518 1017 4589 πρὸς
1050 4519 1151 4589 ἐμὲ
1197 4521 1658 4592 τυφλώττοντηας
1693 4523 1912 4578 ἐλευθε-

2021 4523 2291 4579 missurus
2314 4521 2441 4577 sim.
2470 4518 2589 4576 Etsi
2616 4520 2763 4577 enim
2823 4527 3084 4591 tanquam
3119 4522 3297 4592 captis
3356 4524 3611 4579 tribubus

316 4605 450 4676 ,ρέας
503 4607 736 4674 ἠξίωσα.
776 4609 850 4664 Οὐ
912 4611 1022 4681 γὰρ
1072 4610 1289 4667 οἴκοθεν
1327 4613 1575 4684 κινηθεὶς
1625 4611 1911 4686 ιρκειὼοης

320 4698 468 4768 ἐμοί.
493 4700 557 4753 Τί
579 4696 672 4756 οὖν
700 4702 840 4772 μετὰ
865 4702 1138 4776 τοσαύτην
1164 4709 1382 4777 πεῖραν,
1404 4707 1481 4768 ὡς
1514 4707 1652 4778 μήτε
1681 4708 1905 4775 ἰδόντες,

324 4790 470 4859 μήτε
509 4791 616 4861 μὴν
642 4794 944 4865 ἀκηκοότες
978 4795 1396 4866 τυφλώττετε;

2018 4618 2230 4685 decem,
2288 4630 2456 4686 prope
2506 4613 2766 4676 deticitis,
2836 4630 2945 4669 non
3013 4614 3267 4686 ignorare
3299 4631 3394 4670 vos
3452 4613 3612 4669 decet

2016 4718 2221 4772 tamen,
2245 4721 2352 4771 me,
2386 4707 2431 4762 si
2464 4706 2710 4777 placidus
2733 4720 2859 4761 esse
2881 4720 3121 4775 cepero,
3154 4721 3344 4762 omnes
3369 4697 3631 4776 undique.

2015 4809 2347 4865 coacturum,
2379 4814 2559 4868 neque
2593 4796 2887 4853 revocandi
2941 4797 3254 4852 institutum
3308 4797 3610 4868 quidquam

323 4894 449 4935 esse
486 4883 909 4950 prohibiturum.
948 4886 1085 4945 Nam
1133 4899 1187 4943 et
1249 4906 1346 4946 vos
1379 4891 1448 4945 ab
1506 4890 1666 4946 initio
1720 4891 1907 4962 gloria:
1945 4913 2072 4951 mea:
2102 4895 2350 4949 serviens
2410 4890 2544 4946 mihi
2598 4889 2977 4959 acquisivi,-et
3000 4889 3356 4958 quantumvis
3410 4890 3466 4943 in
3523 4907 3612 4949 me

318 4975 654 5032 mentientes
712 4978 878 5033 etiam
943 4979 1196 5035 libertate
1244 4980 1467 5051 donavi.
1526 4981 1715 5053 Neque
1767 4986 1912 5040 enim
1956 4995 2146 5057 tuapte
2178 4985 2418 5056 ingenio,
2477 4991 2681 5050 tuaque
2719 4989 2932 5033 tantum
2987 4979 3186 5036 ductus
3258 4983 3427 5036 animi
3485 4999 3611 5052 prn-

320 5070 590 5141 pensitate
622 5071 757 5127 mihi
791 5072 1093 5129 adhaesisti.
1129 5073 1269 5141 Quid
1298 5073 1467 5145 igitur
1529 5082 1679 5130 tanta
1743 5079 1978 5148 experti,
2021 5089 2283 5150 tanquam
2346 5075 2484 5131 nihil
2539 5072 2848 5137 audieritis,
2880 5071 3131 5141 nihilque
3170 5073 3439 5142 videritis,
3501 5077 3605 5147 ipsi

320 5164 586 5218 circuitis
609 5164 634 5217 ?

405 5254 845 5330 Ὑπομιμνήσκει
872 5260 930 5314 δὲ
963 5261 1182 5327 αὐτοὺς,
1209 5260 1286 5327 ὡς
1314 5263 1410 5315 καὶ
1454 5262 1632 5317 πάντα
1681 5263 1748 5317 τά
1784 5263 1911 5333 ἔθνη

324 5347 426 5402 σὺν
483 5348 793 5419 Ἀσσυρίοις
846 5353 1293 5423 ἐπεστράτευσαν
1369 5353 1731 5426 Ἰερουσαλὴμ
1779 5356 1910 5427 θαρ-

322 5439 529 5510 ροῦντα
556 5443 672 5505 τοῖς
702 5443 854 5507 ἰδίοις
881 5443 1046 5511 Θεοῖς,
1071 5448 1204 5518 παρ’
1232 5440 1309 5501 ὧν
1337 5447 1398 5500 ού
1443 5448 1697 5518 βοήθειαν
1728 5449 1906 5520 ἔσχον,

323 5532 386 5585 οὐ
418 5532 517 5595 τὰς
566 5534 870 5603 μελλούσας
917 5538 1273 5609 προέγνωσαν
1324 5540 1536 5603 ἑαυτοῖς
1592 5542 1900 5610 συμφοράς.

338 5624 704 5697 Ὄγδοήκοντα
728 5630 890 5684 πέντε
913 5633 1021 5703 γάρ
1046 5633 1282 5703 χιλιάδες
1306 5632 1509 5686 τούτων
1533 5633 1906 5690 πεπτώκασιν.

2092 5267 2279 5333 Neque
2310 5276 2441 5318 vero
2464 5277 2562 5317 eos
2592 5258 2802 5330 patitur
2823 5256 3107 5324 oblivisci,
3140 5260 3601 5328 quemadmodum

2014 5364 2070 5410 et
2101 5362 2295 5424 gentes
2322 5366 2537 5413 omnes,
2571 5349 2780 5418 junctis
2807 5364 2933 5404 cum
2966 5349 3199 5421 Assyrio
3230 5348 3463 5411 viribus,
3490 5349 3605 5403 bel-

2018 5445 2070 5498 lo
2096 5441 2404 5498 Jerusalem
2434 5438 2686 5507 aggressi
2722 5444 2877 5498 sunt.
2910 5453 3035 5492 cum
3069 5437 3177 5491 diis
3208 5437 3324 5493 Suis
3351 5436 3598 5492 conlide-

2012 5543 2162 5598 rent;
2201 5548 2232 5588 a
2267 5532 2469 5602 quibus
2510 5545 2689 5603 neque
2740 5530 3006 5583 auxilium
3046 5530 3216 5583 ullum
3280 5536 3596 5609 senserunt.

2021 5641 2199 5696 neque
2233 5624 2339 5680 sibi
2375 5623 2717 5678 calamitates
2749 5621 3067 5692 impendere
3095 5619 3482 5691 praevideruut.
3523 5618 3599 5675 Ex

396 5801 441 5832 "
472 5801 610 5859 Joan
662 5819 783 5869 vni,
818 5803 900 5859 H.
983 5806 1027 5837 ³⁸
1056 5805 1187 5863 ibid.
1224 5805 1307 5861 18.
1387 5808 1430 5839 ³⁸
1471 5806 1575 5865 [5a.
1612 5821 1704 5867 vn,
1736 5807 1789 5861 9.
1868 5806 1908 5845 ³⁷

2024 5820 2135 5859 rem
2190 5821 2228 5868 ι,
2257 5803 2344 5857 27.
2423 5802 2468 5835 ”
2503 5802 2637 5857 ibid.
2670 5802 2762 5857 28.
2846 5803 2890 5835 3’
2916 5798 3075 5855 Joau.
3116 5817 3168 5860 κ,
3199 5800 3289 5863 ‘28.
3322 5799 3412 5855 '29.
