  <div class='ocr_page' id='page_1' title='image "/cluster/home/n/w/nwhite01/storage/ocr_20150623/87:pt.2/coo.31924054869908/440.png"; bbox 0 0 3950 6384; ppageno 0'>
   <div class='ocr_carea' id='block_1_1' title="bbox 164 378 356 465">
    <p class='ocr_par' dir='ltr' id='par_1_1' title="bbox 164 378 356 465">
     <span class='ocr_line' id='line_1_1' title="bbox 164 378 356 465; baseline -0.016 -21"><span class='ocrx_word' id='word_1_1' title='bbox 164 378 296 444; x_wconf 74' lang='lat'><strong>2393</strong></span> <span class='ocrx_word' id='word_1_2' title='bbox 348 459 356 465; x_wconf 36' lang='grc'><strong>,</strong></span> 
     </span>
    </p>
   </div>
   <div class='ocr_carea' id='block_1_2' title="bbox 1263 391 2283 459">
    <p class='ocr_par' dir='ltr' id='par_1_2' title="bbox 1263 391 2283 459">
     <span class='ocr_line' id='line_1_2' title="bbox 1263 391 2283 459; baseline 0.008 -8"><span class='ocrx_word' id='word_1_3' title='bbox 1263 391 1791 454; x_wconf 73' lang='lat' dir='ltr'><strong>COMMENTARII</strong></span> <span class='ocrx_word' id='word_1_4' title='bbox 1855 396 1938 457; x_wconf 92' lang='lat' dir='ltr'><strong>IN</strong></span> <span class='ocrx_word' id='word_1_5' title='bbox 1998 396 2283 459; x_wconf 62' lang='lat' dir='ltr'><strong>ISAIAM.</strong></span> 
     </span>
    </p>
   </div>
   <div class='ocr_carea' id='block_1_3' title="bbox 3290 401 3428 467">
    <p class='ocr_par' dir='ltr' id='par_1_3' title="bbox 3290 401 3428 467">
     <span class='ocr_line' id='line_1_3' title="bbox 3290 401 3428 467; baseline 0.014 -2"><span class='ocrx_word' id='word_1_6' title='bbox 3290 401 3428 467; x_wconf 63' lang='lat'><strong>239.5</strong></span> 
     </span>
    </p>
   </div>
   <div class='ocr_carea' id='block_1_4' title="bbox 162 489 1772 578">
    <p class='ocr_par' dir='ltr' id='par_1_4' title="bbox 162 489 1750 574">
     <span class='ocr_line' id='line_1_4' title="bbox 162 489 1750 574; baseline 0.007 -29"><span class='ocrx_word' id='word_1_7' title='bbox 162 489 416 563; x_wconf 81' lang='grc' dir='ltr'>πλησίους</span> <span class='ocrx_word' id='word_1_8' title='bbox 436 494 790 565; x_wconf 77' lang='grc' dir='ltr'>ἐσϐεσμένῳ</span> <span class='ocrx_word' id='word_1_9' title='bbox 814 497 1258 569; x_wconf 78' lang='grc' dir='ltr'>παραϐάλλεσθαι</span> <span class='ocrx_word' id='word_1_10' title='bbox 1278 500 1429 568; x_wconf 74' lang='grc' dir='ltr'>λίνῳ</span> <span class='ocrx_word' id='word_1_11' title='bbox 1449 500 1527 571; x_wconf 85' lang='grc' dir='ltr'><strong>τῷ</strong></span> <span class='ocrx_word' id='word_1_12' title='bbox 1550 502 1750 574; x_wconf 59' lang='grc' dir='ltr'>ῥαδίως</span> 
     </span>
    </p>
   </div>
   <div class='ocr_carea' id='block_1_5' title="bbox 1878 489 3432 578">
    <p class='ocr_par' dir='ltr' id='par_1_5' title="bbox 1878 505 3432 578">
     <span class='ocr_line' id='line_1_5' title="bbox 1878 505 3432 578; baseline 0.004 -19"><span class='ocrx_word' id='word_1_13' title='bbox 1878 505 2080 559; x_wconf 78' lang='lat' dir='ltr'><strong>entiam</strong></span> <span class='ocrx_word' id='word_1_14' title='bbox 2133 521 2333 572; x_wconf 84' lang='lat' dir='ltr'><strong>meam,</strong></span> <span class='ocrx_word' id='word_1_15' title='bbox 2376 515 2432 562; x_wconf 92' lang='lat' dir='ltr'><strong>et</strong></span> <span class='ocrx_word' id='word_1_16' title='bbox 2472 520 2638 578; x_wconf 91' lang='lat' dir='ltr'><strong>quam</strong></span> <span class='ocrx_word' id='word_1_17' title='bbox 2668 507 2735 563; x_wconf 91' lang='lat' dir='ltr'><strong>de</strong></span> <span class='ocrx_word' id='word_1_18' title='bbox 2770 508 2931 564; x_wconf 83' lang='lat' dir='ltr'><strong>vobis</strong></span> <span class='ocrx_word' id='word_1_19' title='bbox 2973 522 3164 565; x_wconf 83' lang='lat' dir='ltr'><strong>curam</strong></span> <span class='ocrx_word' id='word_1_20' title='bbox 3207 510 3432 567; x_wconf 81' lang='lat' dir='ltr'><strong>habeam</strong></span> 
     </span>
    </p>
   </div>
   <div class='ocr_carea' id='block_1_6' title="bbox 160 584 1748 667">
    <p class='ocr_par' dir='ltr' id='par_1_6' title="bbox 160 584 1748 667">
     <span class='ocr_line' id='line_1_6' title="bbox 160 584 1748 667; baseline 0.004 -27"><span class='ocrx_word' id='word_1_21' title='bbox 160 584 516 655; x_wconf 70' lang='grc' dir='ltr'><strong>ἀγαπωμένῳ</strong></span> <span class='ocrx_word' id='word_1_22' title='bbox 549 588 645 641; x_wconf 75' lang='grc' dir='ltr'>καὶ</span> <span class='ocrx_word' id='word_1_23' title='bbox 675 589 1059 659; x_wconf 68' lang='grc' dir='ltr'>σϐεννυμένῳ</span> <span class='ocrx_word' id='word_1_24' title='bbox 1097 592 1260 661; x_wconf 71' lang='grc' dir='ltr'>τυχὸν</span> <span class='ocrx_word' id='word_1_25' title='bbox 1287 592 1418 663; x_wconf 77' lang='grc' dir='ltr'>ψιλῇ</span> <span class='ocrx_word' id='word_1_26' title='bbox 1467 594 1561 646; x_wconf 74' lang='grc' dir='ltr'><strong>καὶ</strong></span> <span class='ocrx_word' id='word_1_27' title='bbox 1609 594 1748 667; x_wconf 82' lang='grc' dir='ltr'>μόνῃ</span> 
     </span>
    </p>
   </div>
   <div class='ocr_carea' id='block_1_7' title="bbox 1856 592 3438 671">
    <p class='ocr_par' dir='ltr' id='par_1_7' title="bbox 1856 592 3438 671">
     <span class='ocr_line' id='line_1_7' title="bbox 1856 592 3438 671; baseline 0.004 -25"><span class='ocrx_word' id='word_1_28' title='bbox 1856 593 2083 646; x_wconf 75' lang='lat' dir='ltr'><strong>ostendi.</strong></span> <span class='ocrx_word' id='word_1_29' title='bbox 2120 592 2260 647; x_wconf 87' lang='lat' dir='ltr'><strong>Olim</strong></span> <span class='ocrx_word' id='word_1_30' title='bbox 2296 595 2570 665; x_wconf 85' lang='lat' dir='ltr'><strong>siquidem</strong></span> <span class='ocrx_word' id='word_1_31' title='bbox 2607 603 2662 651; x_wconf 90' lang='lat' dir='ltr'><strong>et</strong></span> <span class='ocrx_word' id='word_1_32' title='bbox 2700 610 2803 669; x_wconf 82' lang='lat' dir='ltr'><strong>ego</strong></span> <span class='ocrx_word' id='word_1_33' title='bbox 2838 607 2891 653; x_wconf 89' lang='lat' dir='ltr'><strong>te</strong></span> <span class='ocrx_word' id='word_1_34' title='bbox 2915 614 2981 653; x_wconf 77' lang='lat' dir='ltr'><strong>ea:</strong></span> <span class='ocrx_word' id='word_1_35' title='bbox 3014 597 3249 671; x_wconf 60' lang='lat' dir='ltr'><strong>Egypto</strong></span> <span class='ocrx_word' id='word_1_36' title='bbox 3272 600 3438 654; x_wconf 68' lang='lat' dir='ltr'><strong>eduxi</strong></span> 
     </span>
    </p>
   </div>
   <div class='ocr_carea' id='block_1_8' title="bbox 158 677 1772 758">
    <p class='ocr_par' dir='ltr' id='par_1_8' title="bbox 158 677 1745 758">
     <span class='ocr_line' id='line_1_8' title="bbox 158 677 1745 758; baseline 0.006 -28"><span class='ocrx_word' id='word_1_37' title='bbox 158 677 314 750; x_wconf 84' lang='grc' dir='ltr'>χειρί.</span> <span class='ocrx_word' id='word_1_38' title='bbox 344 680 647 750; x_wconf 74' lang='grc' dir='ltr'>Διὴταγον</span> <span class='ocrx_word' id='word_1_39' title='bbox 675 681 731 734; x_wconf 87' lang='grc' dir='ltr'>δὲ</span> <span class='ocrx_word' id='word_1_40' title='bbox 760 683 1182 751; x_wconf 79' lang='grc' dir='ltr'>τρίϐον.αὑτοὺς</span> <span class='ocrx_word' id='word_1_41' title='bbox 1209 684 1279 738; x_wconf 79' lang='grc' dir='ltr'>ἐν</span> <span class='ocrx_word' id='word_1_42' title='bbox 1310 684 1481 737; x_wconf 77' lang='grc' dir='ltr'>ὕδατι</span> <span class='ocrx_word' id='word_1_43' title='bbox 1516 686 1652 754; x_wconf 74' lang='grc' dir='ltr'>πρὸς</span> <span class='ocrx_word' id='word_1_44' title='bbox 1681 689 1745 758; x_wconf 85' lang='grc' dir='ltr'>τῇ</span> 
     </span>
    </p>
   </div>
   <div class='ocr_carea' id='block_1_9' title="bbox 1878 677 3437 758">
    <p class='ocr_par' dir='ltr' id='par_1_9' title="bbox 1878 686 3437 757">
     <span class='ocr_line' id='line_1_9' title="bbox 1878 686 3437 757; baseline 0.001 -17"><span class='ocrx_word' id='word_1_45' title='bbox 1878 700 1951 740; x_wconf 76' lang='lat' dir='ltr'><strong>ter</strong></span> <span class='ocrx_word' id='word_1_46' title='bbox 1976 700 2147 748; x_wconf 88' lang='lat' dir='ltr'><strong>mare,</strong></span> <span class='ocrx_word' id='word_1_47' title='bbox 2170 686 2225 739; x_wconf 91' lang='lat' dir='ltr'><strong>in</strong></span> <span class='ocrx_word' id='word_1_48' title='bbox 2249 687 2393 756; x_wconf 90' lang='lat' dir='ltr'><strong>quod</strong></span> <span class='ocrx_word' id='word_1_49' title='bbox 2419 686 2729 744; x_wconf 83' lang='lat' dir='ltr'><strong>Pharaonis</strong></span> <span class='ocrx_word' id='word_1_50' title='bbox 2745 692 3054 745; x_wconf 80' lang='lat' dir='ltr'><strong>exercitum</strong></span> <span class='ocrx_word' id='word_1_51' title='bbox 3078 693 3151 746; x_wconf 90' lang='lat' dir='ltr'><strong>ita</strong></span> <span class='ocrx_word' id='word_1_52' title='bbox 3175 691 3437 757; x_wconf 86' lang='lat' dir='ltr'><strong>demersi,</strong></span> 
     </span>
    </p>
   </div>
   <div class='ocr_carea' id='block_1_10' title="bbox 158 768 1750 849">
    <p class='ocr_par' dir='ltr' id='par_1_10' title="bbox 158 768 1750 849">
     <span class='ocr_line' id='line_1_10' title="bbox 158 768 1750 849; baseline 0.005 -24"><span class='ocrx_word' id='word_1_53' title='bbox 158 768 441 839; x_wconf 70' lang='grc' dir='ltr'>θαλάσσῃ</span> <span class='ocrx_word' id='word_1_54' title='bbox 462 772 561 824; x_wconf 70' lang='grc' dir='ltr'><strong>καὶ</strong></span> <span class='ocrx_word' id='word_1_55' title='bbox 591 772 683 824; x_wconf 83' lang='grc' dir='ltr'>τὸν</span> <span class='ocrx_word' id='word_1_56' title='bbox 714 775 958 844; x_wconf 81' lang='grc' dir='ltr'>ποταμὸν</span> <span class='ocrx_word' id='word_1_57' title='bbox 995 774 1361 846; x_wconf 78' lang='grc' dir='ltr'>Ἰορδάνην.“0</span> <span class='ocrx_word' id='word_1_58' title='bbox 1396 780 1492 831; x_wconf 72' lang='grc' dir='ltr'><strong>καὶ</strong></span> <span class='ocrx_word' id='word_1_59' title='bbox 1517 768 1750 849; x_wconf 56' lang='grc' dir='ltr'>’θαυμά-</span> 
     </span>
    </p>
   </div>
   <div class='ocr_carea' id='block_1_11' title="bbox 160 862 1745 939">
    <p class='ocr_par' dir='ltr' id='par_1_11' title="bbox 160 862 1745 939">
     <span class='ocr_line' id='line_1_11' title="bbox 160 862 1745 939; baseline 0.006 -25"><span class='ocrx_word' id='word_1_60' title='bbox 160 862 257 926; x_wconf 84' lang='grc' dir='ltr'>ζων</span> <span class='ocrx_word' id='word_1_61' title='bbox 273 863 447 932; x_wconf 68' lang='grc' dir='ltr'>φησιν</span> <span class='ocrx_word' id='word_1_62' title='bbox 463 864 492 916; x_wconf 84' lang='grc' dir='ltr'>ὁ</span> <span class='ocrx_word' id='word_1_63' title='bbox 508 862 702 916; x_wconf 73' lang='grc' dir='ltr'><strong>Δαιείδ⁸</strong></span> <span class='ocrx_word' id='word_1_64' title='bbox 738 883 766 913; x_wconf 75' lang='grc' dir='ltr'><strong>ι</strong></span> <span class='ocrx_word' id='word_1_65' title='bbox 785 865 850 917; x_wconf 92' lang='grc' dir='ltr'><strong>Τί</strong></span> <span class='ocrx_word' id='word_1_66' title='bbox 873 865 956 918; x_wconf 87' lang='grc' dir='ltr'><strong>σοί</strong></span> <span class='ocrx_word' id='word_1_67' title='bbox 976 868 1118 938; x_wconf 78' lang='grc' dir='ltr'>ἐστι,</span> <span class='ocrx_word' id='word_1_68' title='bbox 1136 866 1404 934; x_wconf 78' lang='grc' dir='ltr'>θάλασσα,</span> <span class='ocrx_word' id='word_1_69' title='bbox 1422 870 1504 923; x_wconf 83' lang='grc' dir='ltr'>ὅτι</span> <span class='ocrx_word' id='word_1_70' title='bbox 1523 869 1745 939; x_wconf 76' lang='grc' dir='ltr'>ἔφυγες,</span> 
     </span>
    </p>
   </div>
   <div class='ocr_carea' id='block_1_12' title="bbox 160 955 1751 1031">
    <p class='ocr_par' dir='ltr' id='par_1_12' title="bbox 160 955 1751 1031">
     <span class='ocr_line' id='line_1_12' title="bbox 160 955 1751 1031; baseline 0.005 -22"><span class='ocrx_word' id='word_1_71' title='bbox 160 955 246 1009; x_wconf 80' lang='grc' dir='ltr'><strong>καὶ</strong></span> <span class='ocrx_word' id='word_1_72' title='bbox 281 957 377 1019; x_wconf 72' lang='grc' dir='ltr'><strong>σὺ,</strong></span> <span class='ocrx_word' id='word_1_73' title='bbox 414 956 679 1026; x_wconf 81' lang='grc' dir='ltr'>Ἰορδάνη,</span> <span class='ocrx_word' id='word_1_74' title='bbox 707 958 790 1011; x_wconf 84' lang='grc' dir='ltr'>ὃτι</span> <span class='ocrx_word' id='word_1_75' title='bbox 817 959 1095 1031; x_wconf 78' lang='grc' dir='ltr'>ἑστράφης</span> <span class='ocrx_word' id='word_1_76' title='bbox 1139 964 1218 1025; x_wconf 76' lang='grc' dir='ltr'>εἰς</span> <span class='ocrx_word' id='word_1_77' title='bbox 1241 961 1308 1016; x_wconf 87' lang='grc' dir='ltr'>τὰ</span> <span class='ocrx_word' id='word_1_78' title='bbox 1337 963 1549 1029; x_wconf 85' lang='grc' dir='ltr'>ὀπίσω;</span> <span class='ocrx_word' id='word_1_79' title='bbox 1583 982 1601 1014; x_wconf 81' lang='grc' dir='ltr'><strong>ι</strong></span> <span class='ocrx_word' id='word_1_80' title='bbox 1641 964 1751 1017; x_wconf 70' lang='grc' dir='ltr'>Καὶ</span> 
     </span>
    </p>
   </div>
   <div class='ocr_carea' id='block_1_13' title="bbox 156 1046 1749 1123">
    <p class='ocr_par' dir='ltr' id='par_1_13' title="bbox 156 1046 1749 1123">
     <span class='ocr_line' id='line_1_13' title="bbox 156 1046 1749 1123; baseline 0.004 -23"><span class='ocrx_word' id='word_1_81' title='bbox 156 1048 348 1100; x_wconf 72' lang='grc' dir='ltr'>πάλιν·</span> <span class='ocrx_word' id='word_1_82' title='bbox 391 1064 412 1098; x_wconf 72' lang='grc' dir='ltr'><strong>ι</strong></span> <span class='ocrx_word' id='word_1_83' title='bbox 439 1046 501 1100; x_wconf 87' lang='lat'><strong>&#39;0</strong></span> <span class='ocrx_word' id='word_1_84' title='bbox 535 1049 932 1119; x_wconf 78' lang='grc' dir='ltr'><strong>μεταστρέφων</strong></span> <span class='ocrx_word' id='word_1_85' title='bbox 974 1048 1074 1121; x_wconf 81' lang='grc' dir='ltr'>τὴν</span> <span class='ocrx_word' id='word_1_86' title='bbox 1114 1051 1390 1106; x_wconf 72' lang='grc' dir='ltr'>θάλασσαν</span> <span class='ocrx_word' id='word_1_87' title='bbox 1428 1053 1510 1116; x_wconf 81' lang='grc' dir='ltr'><strong>είς</strong></span> <span class='ocrx_word' id='word_1_88' title='bbox 1557 1052 1749 1123; x_wconf 79' lang='grc' dir='ltr'>ξηράν,</span> 
     </span>
    </p>
   </div>
   <div class='ocr_carea' id='block_1_14' title="bbox 154 1137 1752 1208">
    <p class='ocr_par' dir='ltr' id='par_1_14' title="bbox 154 1137 1752 1208">
     <span class='ocr_line' id='line_1_14' title="bbox 154 1137 1752 1208; baseline 0.004 -19"><span class='ocrx_word' id='word_1_89' title='bbox 154 1140 208 1190; x_wconf 84' lang='grc' dir='ltr'><strong>ἐν</strong></span> <span class='ocrx_word' id='word_1_90' title='bbox 270 1137 512 1208; x_wconf 81' lang='grc' dir='ltr'><strong>ποταμῷ</strong></span> <span class='ocrx_word' id='word_1_91' title='bbox 553 1138 919 1194; x_wconf 84' lang='grc' dir='ltr'>διελεύσονται</span> <span class='ocrx_word' id='word_1_92' title='bbox 964 1140 1105 1195; x_wconf 87' lang='grc' dir='ltr'>ποδί.</span> <span class='ocrx_word' id='word_1_93' title='bbox 1132 1161 1151 1191; x_wconf 83' lang='grc' dir='ltr'><strong>ι</strong></span> <span class='ocrx_word' id='word_1_94' title='bbox 1201 1141 1326 1206; x_wconf 85' lang='grc' dir='ltr'><strong>Πῶς</strong></span> <span class='ocrx_word' id='word_1_95' title='bbox 1368 1141 1428 1195; x_wconf 86' lang='grc' dir='ltr'>δὲ</span> <span class='ocrx_word' id='word_1_96' title='bbox 1455 1143 1618 1205; x_wconf 82' lang='grc' dir='ltr'>αὐτὸς</span> <span class='ocrx_word' id='word_1_97' title='bbox 1658 1141 1752 1206; x_wconf 80' lang='grc' dir='ltr'><strong>ἐξ·</strong></span> 
     </span>
    </p>
   </div>
   <div class='ocr_carea' id='block_1_15' title="bbox 154 1228 1752 1302">
    <p class='ocr_par' dir='ltr' id='par_1_15' title="bbox 154 1228 1752 1302">
     <span class='ocr_line' id='line_1_15' title="bbox 154 1228 1752 1302; baseline 0.003 -22"><span class='ocrx_word' id='word_1_98' title='bbox 154 1228 379 1297; x_wconf 78' lang='grc' dir='ltr'><strong>ήτατεν</strong></span> <span class='ocrx_word' id='word_1_99' title='bbox 416 1228 649 1298; x_wconf 80' lang='grc' dir='ltr'>ἅρματα</span> <span class='ocrx_word' id='word_1_100' title='bbox 686 1229 785 1283; x_wconf 79' lang='grc' dir='ltr'>καὶ</span> <span class='ocrx_word' id='word_1_101' title='bbox 813 1231 1002 1284; x_wconf 80' lang='grc' dir='ltr'><em>ἵππον</em></span> <span class='ocrx_word' id='word_1_102' title='bbox 1020 1248 1040 1296; x_wconf 90' lang='grc'><em>;</em></span> <span class='ocrx_word' id='word_1_103' title='bbox 1067 1231 1236 1300; x_wconf 78' lang='grc' dir='ltr'>Δῆλον</span> <span class='ocrx_word' id='word_1_104' title='bbox 1275 1232 1386 1302; x_wconf 83' lang='grc' dir='ltr'><strong>γὰρ</strong></span> <span class='ocrx_word' id='word_1_105' title='bbox 1417 1232 1495 1296; x_wconf 85' lang='grc' dir='ltr'><strong>ὡς</strong></span> <span class='ocrx_word' id='word_1_106' title='bbox 1523 1232 1614 1286; x_wconf 73' lang='grc' dir='ltr'><strong>τὸν</strong></span> <span class='ocrx_word' id='word_1_107' title='bbox 1650 1233 1752 1285; x_wconf 84' lang='grc' dir='ltr'><strong>Ἰσ-</strong></span> 
     </span>
    </p>
   </div>
   <div class='ocr_carea' id='block_1_16' title="bbox 156 1318 1755 1393">
    <p class='ocr_par' dir='ltr' id='par_1_16' title="bbox 156 1318 1755 1393">
     <span class='ocr_line' id='line_1_16' title="bbox 156 1318 1755 1393; baseline 0.001 -21"><span class='ocrx_word' id='word_1_108' title='bbox 156 1318 296 1389; x_wconf 73' lang='grc' dir='ltr'>ραὴλ</span> <span class='ocrx_word' id='word_1_109' title='bbox 324 1318 510 1390; x_wconf 69' lang='grc' dir='ltr'>οἰκείᾳ</span> <span class='ocrx_word' id='word_1_110' title='bbox 531 1320 851 1390; x_wconf 72' lang='grc' dir='ltr'><strong>προαιρέσει</strong></span> <span class='ocrx_word' id='word_1_111' title='bbox 871 1321 1070 1392; x_wconf 83' lang='grc' dir='ltr'>Φαραὼ</span> <span class='ocrx_word' id='word_1_112' title='bbox 1096 1322 1439 1388; x_wconf 78' lang='grc' dir='ltr'>κατεδίωξεν,</span> <span class='ocrx_word' id='word_1_113' title='bbox 1456 1323 1755 1393; x_wconf 70' lang='grc' dir='ltr'>ἐπειδήπερ</span> 
     </span>
    </p>
   </div>
   <div class='ocr_carea' id='block_1_17' title="bbox 155 1409 1756 1489">
    <p class='ocr_par' dir='ltr' id='par_1_17' title="bbox 155 1409 1756 1489">
     <span class='ocr_line' id='line_1_17' title="bbox 155 1409 1756 1489; baseline 0.002 -26"><span class='ocrx_word' id='word_1_114' title='bbox 155 1409 372 1480; x_wconf 79' lang='grc' dir='ltr'>εἴρηται</span> <span class='ocrx_word' id='word_1_115' title='bbox 403 1410 560 1489; x_wconf 77' lang='grc' dir='ltr'>παρὰ</span> <span class='ocrx_word' id='word_1_116' title='bbox 590 1411 728 1464; x_wconf 82' lang='grc' dir='ltr'>Θεοῦ</span> <span class='ocrx_word' id='word_1_117' title='bbox 752 1412 888 1480; x_wconf 72' lang='grc' dir='ltr'>πρὸς</span> <span class='ocrx_word' id='word_1_118' title='bbox 907 1412 1089 1467; x_wconf 69' lang='grc' dir='ltr'>αὐτόν*</span> <span class='ocrx_word' id='word_1_119' title='bbox 1128 1431 1146 1464; x_wconf 80' lang='grc' dir='ltr'><strong>ι</strong></span> <span class='ocrx_word' id='word_1_120' title='bbox 1184 1412 1279 1475; x_wconf 78' lang='grc' dir='ltr'><strong>Εἰς</strong></span> <span class='ocrx_word' id='word_1_121' title='bbox 1307 1413 1466 1467; x_wconf 84' lang='grc' dir='ltr'>τοῦτο</span> <span class='ocrx_word' id='word_1_122' title='bbox 1495 1413 1756 1484; x_wconf 78' lang='grc' dir='ltr'>ἐξήγειρά</span> 
     </span>
    </p>
   </div>
   <div class='ocr_carea' id='block_1_18' title="bbox 155 1502 1755 1577">
    <p class='ocr_par' dir='ltr' id='par_1_18' title="bbox 155 1502 1755 1577">
     <span class='ocr_line' id='line_1_18' title="bbox 155 1502 1755 1577; baseline 0.004 -25"><span class='ocrx_word' id='word_1_123' title='bbox 155 1518 210 1553; x_wconf 85' lang='grc' dir='ltr'><strong>σε</strong></span> <span class='ocrx_word' id='word_1_124' title='bbox 256 1503 416 1565; x_wconf 77' lang='grc' dir='ltr'>ὅπως</span> <span class='ocrx_word' id='word_1_125' title='bbox 464 1502 789 1574; x_wconf 81' lang='grc' dir='ltr'><strong>ἐνδείξωμαι</strong></span> <span class='ocrx_word' id='word_1_126' title='bbox 842 1505 900 1557; x_wconf 84' lang='grc' dir='ltr'><strong>ἐν</strong></span> <span class='ocrx_word' id='word_1_127' title='bbox 953 1505 1038 1557; x_wconf 77' lang='grc' dir='ltr'><strong>σοὶ</strong></span> <span class='ocrx_word' id='word_1_128' title='bbox 1075 1503 1173 1575; x_wconf 81' lang='grc' dir='ltr'>τὴν</span> <span class='ocrx_word' id='word_1_129' title='bbox 1206 1505 1436 1577; x_wconf 88' lang='grc' dir='ltr'>δύναμίν</span> <span class='ocrx_word' id='word_1_130' title='bbox 1491 1523 1626 1577; x_wconf 92' lang='grc' dir='ltr'>μου,</span> <span class='ocrx_word' id='word_1_131' title='bbox 1662 1506 1755 1559; x_wconf 74' lang='grc' dir='ltr'>καὶ</span> 
     </span>
    </p>
   </div>
   <div class='ocr_carea' id='block_1_19' title="bbox 150 1594 1755 1669">
    <p class='ocr_par' dir='ltr' id='par_1_19' title="bbox 150 1594 1755 1669">
     <span class='ocr_line' id='line_1_19' title="bbox 150 1594 1755 1669; baseline 0.003 -23"><span class='ocrx_word' id='word_1_132' title='bbox 150 1594 304 1657; x_wconf 79' lang='grc' dir='ltr'>ὅπως</span> <span class='ocrx_word' id='word_1_133' title='bbox 330 1595 599 1666; x_wconf 80' lang='grc' dir='ltr'>διαγγελῇ</span> <span class='ocrx_word' id='word_1_134' title='bbox 621 1597 682 1649; x_wconf 72' lang='grc' dir='ltr'>τὸ</span> <span class='ocrx_word' id='word_1_135' title='bbox 706 1596 877 1668; x_wconf 77' lang='grc' dir='ltr'>ὄνομά</span> <span class='ocrx_word' id='word_1_136' title='bbox 909 1613 1014 1666; x_wconf 87' lang='grc' dir='ltr'><strong>μου</strong></span> <span class='ocrx_word' id='word_1_137' title='bbox 1046 1599 1105 1650; x_wconf 82' lang='grc' dir='ltr'><strong>ἐν</strong></span> <span class='ocrx_word' id='word_1_138' title='bbox 1138 1599 1287 1669; x_wconf 87' lang='grc' dir='ltr'>πάσῃ</span> <span class='ocrx_word' id='word_1_139' title='bbox 1317 1601 1381 1668; x_wconf 83' lang='grc' dir='ltr'>τῇ</span> <span class='ocrx_word' id='word_1_140' title='bbox 1414 1600 1507 1668; x_wconf 80' lang='grc' dir='ltr'>γῇ.</span> <span class='ocrx_word' id='word_1_141' title='bbox 1543 1617 1560 1650; x_wconf 92' lang='grc' dir='ltr'><strong>ι</strong></span> <span class='ocrx_word' id='word_1_142' title='bbox 1599 1598 1755 1652; x_wconf 84' lang='grc' dir='ltr'>Οῦτω</span> 
     </span>
    </p>
   </div>
   <div class='ocr_carea' id='block_1_20' title="bbox 147 1684 1751 1760">
    <p class='ocr_par' dir='ltr' id='par_1_20' title="bbox 147 1684 1751 1760">
     <span class='ocr_line' id='line_1_20' title="bbox 147 1684 1751 1760; baseline 0.002 -24"><span class='ocrx_word' id='word_1_143' title='bbox 147 1684 204 1737; x_wconf 83' lang='grc' dir='ltr'>δὲ</span> <span class='ocrx_word' id='word_1_144' title='bbox 238 1686 344 1737; x_wconf 75' lang='grc' dir='ltr'><strong>καὶ</strong></span> <span class='ocrx_word' id='word_1_145' title='bbox 372 1687 505 1747; x_wconf 83' lang='grc' dir='ltr'>τοὺς</span> <span class='ocrx_word' id='word_1_146' title='bbox 533 1685 838 1754; x_wconf 84' lang='grc' dir='ltr'>φεύγοντας</span> <span class='ocrx_word' id='word_1_147' title='bbox 880 1687 981 1759; x_wconf 79' lang='grc' dir='ltr'>τὴν</span> <span class='ocrx_word' id='word_1_148' title='bbox 1029 1687 1160 1758; x_wconf 75' lang='grc' dir='ltr'>περὶ</span> <span class='ocrx_word' id='word_1_149' title='bbox 1200 1689 1269 1743; x_wconf 78' lang='grc' dir='ltr'><strong>τά</strong></span> <span class='ocrx_word' id='word_1_150' title='bbox 1302 1689 1462 1760; x_wconf 77' lang='grc' dir='ltr'>γήϊνα</span> <span class='ocrx_word' id='word_1_151' title='bbox 1493 1687 1751 1759; x_wconf 80' lang='grc' dir='ltr'>σπουδὴν,</span> 
     </span>
    </p>
   </div>
   <div class='ocr_carea' id='block_1_21' title="bbox 148 1777 1755 1853">
    <p class='ocr_par' dir='ltr' id='par_1_21' title="bbox 148 1777 1755 1853">
     <span class='ocr_line' id='line_1_21' title="bbox 148 1777 1755 1853; baseline 0.002 -22"><span class='ocrx_word' id='word_1_152' title='bbox 148 1777 259 1831; x_wconf 76' lang='grc' dir='ltr'>ὑπό</span> <span class='ocrx_word' id='word_1_153' title='bbox 308 1795 368 1832; x_wconf 83' lang='grc' dir='ltr'><strong>τε</strong></span> <span class='ocrx_word' id='word_1_154' title='bbox 412 1777 506 1832; x_wconf 85' lang='grc' dir='ltr'><strong>τοῦ</strong></span> <span class='ocrx_word' id='word_1_155' title='bbox 551 1778 800 1839; x_wconf 77' lang='grc' dir='ltr'>διαϐόλου</span> <span class='ocrx_word' id='word_1_156' title='bbox 851 1778 1215 1851; x_wconf 80' lang='grc' dir='ltr'><strong>διωκομένους</strong></span> <span class='ocrx_word' id='word_1_157' title='bbox 1244 1779 1407 1846; x_wconf 77' lang='grc' dir='ltr'>σώζει</span> <span class='ocrx_word' id='word_1_158' title='bbox 1437 1781 1755 1853; x_wconf 79' lang='grc' dir='ltr'>παραδόξως</span> 
     </span>
    </p>
   </div>
   <div class='ocr_carea' id='block_1_22' title="bbox 1859 778 3436 852">
    <p class='ocr_par' dir='ltr' id='par_1_22' title="bbox 1859 778 3436 852">
     <span class='ocr_line' id='line_1_22' title="bbox 1859 778 3436 852; baseline 0.006 -22"><span class='ocrx_word' id='word_1_159' title='bbox 1859 786 1918 831; x_wconf 88' lang='grc' dir='ltr'><strong>ιιι</strong></span> <span class='ocrx_word' id='word_1_160' title='bbox 1951 778 2005 831; x_wconf 91' lang='lat' dir='ltr'><strong>in</strong></span> <span class='ocrx_word' id='word_1_161' title='bbox 2032 778 2303 847; x_wconf 86' lang='lat' dir='ltr'><strong>profundo</strong></span> <span class='ocrx_word' id='word_1_162' title='bbox 2329 781 2564 848; x_wconf 79' lang='lat' dir='ltr'><strong>sepultus</strong></span> <span class='ocrx_word' id='word_1_163' title='bbox 2604 781 2734 837; x_wconf 89' lang='lat' dir='ltr'><strong>inde</strong></span> <span class='ocrx_word' id='word_1_164' title='bbox 2761 790 2954 852; x_wconf 85' lang='lat' dir='ltr'><strong>postea</strong></span> <span class='ocrx_word' id='word_1_165' title='bbox 2990 799 3094 837; x_wconf 83' lang='lat' dir='ltr'><strong>non</strong></span> <span class='ocrx_word' id='word_1_166' title='bbox 3114 783 3436 840; x_wconf 70' lang='lat' dir='ltr'><strong>surrexerit.</strong></span> 
     </span>
    </p>
   </div>
   <div class='ocr_carea' id='block_1_23' title="bbox 1856 864 3438 933">
    <p class='ocr_par' dir='ltr' id='par_1_23' title="bbox 1856 864 3438 933">
     <span class='ocr_line' id='line_1_23' title="bbox 1856 864 3438 933; baseline 0.005 -14"><span class='ocrx_word' id='word_1_167' title='bbox 1856 867 1979 933; x_wconf 82' lang='lat' dir='ltr'><strong>Quo</strong></span> <span class='ocrx_word' id='word_1_168' title='bbox 2006 864 2210 922; x_wconf 79' lang='lat' dir='ltr'><strong>factum</strong></span> <span class='ocrx_word' id='word_1_169' title='bbox 2244 877 2351 932; x_wconf 90' lang='lat' dir='ltr'><strong>est,</strong></span> <span class='ocrx_word' id='word_1_170' title='bbox 2385 879 2443 924; x_wconf 92' lang='lat' dir='ltr'><strong>ut</strong></span> <span class='ocrx_word' id='word_1_171' title='bbox 2475 870 2705 927; x_wconf 67' lang='lat' dir='ltr'><strong>ﬂamma</strong></span> <span class='ocrx_word' id='word_1_172' title='bbox 2732 887 2840 927; x_wconf 90' lang='lat' dir='ltr'><strong>non</strong></span> <span class='ocrx_word' id='word_1_173' title='bbox 2872 874 3156 930; x_wconf 87' lang='lat' dir='ltr'><strong>absimiles</strong></span> <span class='ocrx_word' id='word_1_174' title='bbox 3172 874 3438 929; x_wconf 71' lang='lat' dir='ltr'><strong>exstincto</strong></span> 
     </span>
    </p>
   </div>
   <div class='ocr_carea' id='block_1_24' title="bbox 1858 957 3442 1030">
    <p class='ocr_par' dir='ltr' id='par_1_24' title="bbox 1858 957 3442 1030">
     <span class='ocr_line' id='line_1_24' title="bbox 1858 957 3442 1030; baseline 0.004 -19"><span class='ocrx_word' id='word_1_175' title='bbox 1858 957 1969 1012; x_wconf 82' lang='lat' dir='ltr'><strong>lino</strong></span> <span class='ocrx_word' id='word_1_176' title='bbox 1993 969 2424 1028; x_wconf 88' lang='lat' dir='ltr'><strong>comparentur;</strong></span> <span class='ocrx_word' id='word_1_177' title='bbox 2458 962 2603 1030; x_wconf 92' lang='lat' dir='ltr'><strong>quod</strong></span> <span class='ocrx_word' id='word_1_178' title='bbox 2627 971 2685 1016; x_wconf 90' lang='lat' dir='ltr'><strong>ut</strong></span> <span class='ocrx_word' id='word_1_179' title='bbox 2706 962 2868 1019; x_wconf 80' lang='lat' dir='ltr'><strong>facile</strong></span> <span class='ocrx_word' id='word_1_180' title='bbox 2901 963 3220 1019; x_wconf 86' lang='lat' dir='ltr'><strong>incendium</strong></span> <span class='ocrx_word' id='word_1_181' title='bbox 3252 965 3442 1018; x_wconf 83' lang='lat' dir='ltr'><strong>conci-</strong></span> 
     </span>
    </p>
   </div>
   <div class='ocr_carea' id='block_1_25' title="bbox 1859 1050 3441 1126">
    <p class='ocr_par' dir='ltr' id='par_1_25' title="bbox 1859 1050 3441 1126">
     <span class='ocr_line' id='line_1_25' title="bbox 1859 1050 3441 1126; baseline 0.004 -23"><span class='ocrx_word' id='word_1_182' title='bbox 1859 1050 1965 1120; x_wconf 87' lang='lat' dir='ltr'><strong>pit.</strong></span> <span class='ocrx_word' id='word_1_183' title='bbox 1991 1051 2064 1105; x_wconf 89' lang='lat' dir='ltr'><strong>ita</strong></span> <span class='ocrx_word' id='word_1_184' title='bbox 2101 1051 2255 1104; x_wconf 90' lang='lat' dir='ltr'><strong>nullo</strong></span> <span class='ocrx_word' id='word_1_185' title='bbox 2290 1051 2509 1119; x_wconf 83' lang='lat' dir='ltr'><strong>negotio</strong></span> <span class='ocrx_word' id='word_1_186' title='bbox 2539 1053 2774 1110; x_wconf 77' lang='lat' dir='ltr'><strong>fortasse</strong></span> <span class='ocrx_word' id='word_1_187' title='bbox 2797 1054 2944 1110; x_wconf 89' lang='lat' dir='ltr'><strong>nuda</strong></span> <span class='ocrx_word' id='word_1_188' title='bbox 2976 1063 3189 1110; x_wconf 88' lang='lat' dir='ltr'><strong>tantum</strong></span> <span class='ocrx_word' id='word_1_189' title='bbox 3212 1058 3441 1126; x_wconf 88' lang='lat' dir='ltr'><strong>solaque</strong></span> 
     </span>
    </p>
   </div>
   <div class='ocr_carea' id='block_1_26' title="bbox 1859 1140 3441 1214">
    <p class='ocr_par' dir='ltr' id='par_1_26' title="bbox 1859 1140 3441 1214">
     <span class='ocr_line' id='line_1_26' title="bbox 1859 1140 3441 1214; baseline 0.002 -20"><span class='ocrx_word' id='word_1_190' title='bbox 1859 1154 2021 1194; x_wconf 88' lang='lat' dir='ltr'><strong>manu</strong></span> <span class='ocrx_word' id='word_1_191' title='bbox 2052 1141 2419 1211; x_wconf 75' lang='lat' dir='ltr'><strong>restinguitur.</strong></span> <span class='ocrx_word' id='word_1_192' title='bbox 2438 1140 2702 1206; x_wconf 73' lang='lat' dir='ltr'><strong>Ateduxi,</strong></span> <span class='ocrx_word' id='word_1_193' title='bbox 2722 1144 2921 1214; x_wconf 80' lang='lat' dir='ltr'><strong>inquit,</strong></span> <span class='ocrx_word' id='word_1_194' title='bbox 2941 1160 3050 1199; x_wconf 88' lang='lat' dir='ltr'><strong>non</strong></span> <span class='ocrx_word' id='word_1_195' title='bbox 3079 1146 3219 1200; x_wconf 84' lang='lat' dir='ltr'><strong>mari</strong></span> <span class='ocrx_word' id='word_1_196' title='bbox 3237 1146 3441 1211; x_wconf 87' lang='lat' dir='ltr'><strong>solum;</strong></span> 
     </span>
    </p>
   </div>
   <div class='ocr_carea' id='block_1_27' title="bbox 1861 1232 3444 1307">
    <p class='ocr_par' dir='ltr' id='par_1_27' title="bbox 1861 1232 3444 1307">
     <span class='ocr_line' id='line_1_27' title="bbox 1861 1232 3444 1307; baseline 0.004 -20"><span class='ocrx_word' id='word_1_197' title='bbox 1861 1232 1957 1287; x_wconf 88' lang='lat' dir='ltr'><strong>sed</strong></span> <span class='ocrx_word' id='word_1_198' title='bbox 1988 1249 2084 1303; x_wconf 89' lang='lat' dir='ltr'><strong>per</strong></span> <span class='ocrx_word' id='word_1_199' title='bbox 2130 1249 2284 1303; x_wconf 79' lang='lat' dir='ltr'><strong>aqua:</strong></span> <span class='ocrx_word' id='word_1_200' title='bbox 2320 1234 2564 1287; x_wconf 73' lang='lat' dir='ltr'><strong>semitam</strong></span> <span class='ocrx_word' id='word_1_201' title='bbox 2599 1236 2786 1301; x_wconf 86' lang='lat' dir='ltr'><strong>etiam,</strong></span> <span class='ocrx_word' id='word_1_202' title='bbox 2831 1236 2885 1291; x_wconf 89' lang='lat' dir='ltr'><strong>id</strong></span> <span class='ocrx_word' id='word_1_203' title='bbox 2918 1244 3024 1303; x_wconf 90' lang='lat' dir='ltr'><strong>est,</strong></span> <span class='ocrx_word' id='word_1_204' title='bbox 3064 1253 3160 1307; x_wconf 84' lang='lat' dir='ltr'><strong>per</strong></span> <span class='ocrx_word' id='word_1_205' title='bbox 3181 1236 3444 1294; x_wconf 82' lang='lat' dir='ltr'><strong>Jordauis</strong></span> 
     </span>
    </p>
   </div>
   <div class='ocr_carea' id='block_1_28' title="bbox 1860 1324 3444 1394">
    <p class='ocr_par' dir='ltr' id='par_1_28' title="bbox 1860 1324 3444 1394">
     <span class='ocr_line' id='line_1_28' title="bbox 1860 1324 3444 1394; baseline 0.002 -16"><span class='ocrx_word' id='word_1_206' title='bbox 1860 1325 2124 1389; x_wconf 83' lang='lat' dir='ltr'><strong>ﬂuvium;</strong></span> <span class='ocrx_word' id='word_1_207' title='bbox 2162 1325 2309 1394; x_wconf 90' lang='lat' dir='ltr'><strong>quod</strong></span> <span class='ocrx_word' id='word_1_208' title='bbox 2354 1325 2663 1381; x_wconf 81' lang='lat' dir='ltr'><strong>admiratus</strong></span> <span class='ocrx_word' id='word_1_209' title='bbox 2700 1324 2875 1379; x_wconf 84' lang='lat' dir='ltr'><strong>David</strong></span> <span class='ocrx_word' id='word_1_210' title='bbox 2914 1327 3061 1382; x_wconf 90' lang='lat' dir='ltr'><strong>hunc</strong></span> <span class='ocrx_word' id='word_1_211' title='bbox 3108 1327 3161 1380; x_wconf 90' lang='lat' dir='ltr'><strong>in</strong></span> <span class='ocrx_word' id='word_1_212' title='bbox 3221 1324 3444 1382; x_wconf 89' lang='lat' dir='ltr'><strong>modum</strong></span> 
     </span>
    </p>
   </div>
   <div class='ocr_carea' id='block_1_29' title="bbox 1861 1418 3442 1491">
    <p class='ocr_par' dir='ltr' id='par_1_29' title="bbox 1861 1418 3442 1491">
     <span class='ocr_line' id='line_1_29' title="bbox 1861 1418 3442 1491; baseline 0.001 -17"><span class='ocrx_word' id='word_1_213' title='bbox 1861 1420 2062 1476; x_wconf 80' lang='lat' dir='ltr'><strong>cecinit</strong></span> <span class='ocrx_word' id='word_1_214' title='bbox 2097 1439 2111 1476; x_wconf 89' lang='lat'><strong>:</strong></span> <span class='ocrx_word' id='word_1_215' title='bbox 2142 1439 2160 1472; x_wconf 77' lang='grc' dir='ltr'><strong>ι</strong></span> <span class='ocrx_word' id='word_1_216' title='bbox 2184 1418 2324 1486; x_wconf 87' lang='lat' dir='ltr'><strong>Quid</strong></span> <span class='ocrx_word' id='word_1_217' title='bbox 2359 1426 2445 1475; x_wconf 90' lang='lat' dir='ltr'><strong>est</strong></span> <span class='ocrx_word' id='word_1_218' title='bbox 2474 1422 2593 1486; x_wconf 89' lang='lat' dir='ltr'><strong>tibi,</strong></span> <span class='ocrx_word' id='word_1_219' title='bbox 2624 1436 2796 1486; x_wconf 87' lang='lat' dir='ltr'><strong>mare,</strong></span> <span class='ocrx_word' id='word_1_220' title='bbox 2832 1420 2979 1491; x_wconf 89' lang='lat' dir='ltr'><strong>quod</strong></span> <span class='ocrx_word' id='word_1_221' title='bbox 3013 1420 3237 1491; x_wconf 84' lang='lat' dir='ltr'><strong>fugisti;</strong></span> <span class='ocrx_word' id='word_1_222' title='bbox 3271 1430 3325 1477; x_wconf 90' lang='lat' dir='ltr'><strong>et</strong></span> <span class='ocrx_word' id='word_1_223' title='bbox 3359 1431 3442 1487; x_wconf 90' lang='lat' dir='ltr'><strong>tu,</strong></span> 
     </span>
    </p>
   </div>
   <div class='ocr_carea' id='block_1_30' title="bbox 1859 1500 3448 1579">
    <p class='ocr_par' dir='ltr' id='par_1_30' title="bbox 1859 1500 3448 1579">
     <span class='ocr_line' id='line_1_30' title="bbox 1859 1500 3448 1579; baseline 0.002 -16"><span class='ocrx_word' id='word_1_224' title='bbox 1859 1500 2137 1572; x_wconf 69' lang='lat' dir='ltr'><strong>Iordanis,</strong></span> <span class='ocrx_word' id='word_1_225' title='bbox 2157 1510 2286 1579; x_wconf 82' lang='lat' dir='ltr'><strong>quia</strong></span> <span class='ocrx_word' id='word_1_226' title='bbox 2316 1523 2621 1575; x_wconf 83' lang='lat' dir='ltr'><strong>conversus</strong></span> <span class='ocrx_word' id='word_1_227' title='bbox 2649 1525 2709 1566; x_wconf 88' lang='lat' dir='ltr'><strong>es</strong></span> <span class='ocrx_word' id='word_1_228' title='bbox 2734 1520 3039 1566; x_wconf 84' lang='lat' dir='ltr'><strong>retrorsum</strong></span> <span class='ocrx_word' id='word_1_229' title='bbox 3076 1510 3156 1563; x_wconf 73' lang='grc' dir='ltr'><strong>⁸ιῖ</strong></span> <span class='ocrx_word' id='word_1_230' title='bbox 3188 1531 3206 1563; x_wconf 78' lang='grc' dir='ltr'><strong>ι</strong></span> <span class='ocrx_word' id='word_1_231' title='bbox 3239 1511 3304 1566; x_wconf 88' lang='grc' dir='ltr'>Ει</span> <span class='ocrx_word' id='word_1_232' title='bbox 3326 1528 3448 1566; x_wconf 84' lang='lat' dir='ltr'><strong>rur-</strong></span> 
     </span>
    </p>
   </div>
   <div class='ocr_carea' id='block_1_31' title="bbox 1861 1594 3447 1666">
    <p class='ocr_par' dir='ltr' id='par_1_31' title="bbox 1861 1594 3447 1666">
     <span class='ocr_line' id='line_1_31' title="bbox 1861 1594 3447 1666; baseline 0.003 -16"><span class='ocrx_word' id='word_1_233' title='bbox 1861 1610 2025 1651; x_wconf 87' lang='lat' dir='ltr'><strong>sum:</strong></span> <span class='ocrx_word' id='word_1_234' title='bbox 2066 1614 2084 1647; x_wconf 77' lang='grc' dir='ltr'><strong>ι</strong></span> <span class='ocrx_word' id='word_1_235' title='bbox 2126 1594 2230 1661; x_wconf 87' lang='lat' dir='ltr'><strong>Qui</strong></span> <span class='ocrx_word' id='word_1_236' title='bbox 2274 1599 2549 1653; x_wconf 84' lang='lat' dir='ltr'><strong>convertit</strong></span> <span class='ocrx_word' id='word_1_237' title='bbox 2590 1613 2742 1654; x_wconf 90' lang='lat' dir='ltr'><strong>mare</strong></span> <span class='ocrx_word' id='word_1_238' title='bbox 2784 1599 2840 1653; x_wconf 91' lang='lat' dir='ltr'><strong>in</strong></span> <span class='ocrx_word' id='word_1_239' title='bbox 2889 1599 3138 1666; x_wconf 88' lang='lat' dir='ltr'><strong>siccum;</strong></span> <span class='ocrx_word' id='word_1_240' title='bbox 3172 1599 3230 1655; x_wconf 90' lang='lat' dir='ltr'><strong>in</strong></span> <span class='ocrx_word' id='word_1_241' title='bbox 3278 1599 3447 1654; x_wconf 84' lang='lat' dir='ltr'><strong>ﬂuvio</strong></span> 
     </span>
    </p>
   </div>
   <div class='ocr_carea' id='block_1_32' title="bbox 1862 1692 3452 1761">
    <p class='ocr_par' dir='ltr' id='par_1_32' title="bbox 1862 1692 3452 1761">
     <span class='ocr_line' id='line_1_32' title="bbox 1862 1692 3452 1761; baseline 0 -15"><span class='ocrx_word' id='word_1_242' title='bbox 1862 1692 2280 1760; x_wconf 88' lang='lat' dir='ltr'><strong>pertransibunt</strong></span> <span class='ocrx_word' id='word_1_243' title='bbox 2331 1692 2466 1761; x_wconf 87' lang='lat' dir='ltr'><strong>pede</strong></span> <span class='ocrx_word' id='word_1_244' title='bbox 2495 1696 2562 1747; x_wconf 74' lang='lat'><strong>&quot;.</strong></span> <span class='ocrx_word' id='word_1_245' title='bbox 2601 1712 2618 1745; x_wconf 81' lang='grc' dir='ltr'><strong>ι</strong></span> <span class='ocrx_word' id='word_1_246' title='bbox 2660 1692 2781 1760; x_wconf 82' lang='lat' dir='ltr'><strong>Quo</strong></span> <span class='ocrx_word' id='word_1_247' title='bbox 2823 1695 2989 1750; x_wconf 86' lang='lat' dir='ltr'><strong>modo</strong></span> <span class='ocrx_word' id='word_1_248' title='bbox 3039 1704 3222 1749; x_wconf 87' lang='lat' dir='ltr'><strong>autem</strong></span> <span class='ocrx_word' id='word_1_249' title='bbox 3265 1692 3452 1747; x_wconf 71' lang='lat' dir='ltr'><strong>eduxit</strong></span> 
     </span>
    </p>
   </div>
   <div class='ocr_carea' id='block_1_33' title="bbox 1864 1784 3451 1855">
    <p class='ocr_par' dir='ltr' id='par_1_33' title="bbox 1864 1784 3451 1855">
     <span class='ocr_line' id='line_1_33' title="bbox 1864 1784 3451 1855; baseline 0.001 -18"><span class='ocrx_word' id='word_1_250' title='bbox 1864 1800 2075 1847; x_wconf 74' lang='lat' dir='ltr'><strong>currus,</strong></span> <span class='ocrx_word' id='word_1_251' title='bbox 2110 1793 2160 1839; x_wconf 87' lang='lat' dir='ltr'><strong>et</strong></span> <span class='ocrx_word' id='word_1_252' title='bbox 2187 1786 2416 1855; x_wconf 70' lang='lat' dir='ltr'><strong>equum?</strong></span> <span class='ocrx_word' id='word_1_253' title='bbox 2449 1786 2739 1841; x_wconf 85' lang='lat' dir='ltr'><strong>Enimvero</strong></span> <span class='ocrx_word' id='word_1_254' title='bbox 2765 1790 2978 1841; x_wconf 88' lang='lat' dir='ltr'><strong>certum</strong></span> <span class='ocrx_word' id='word_1_255' title='bbox 3004 1794 3090 1841; x_wconf 89' lang='lat' dir='ltr'><strong>est</strong></span> <span class='ocrx_word' id='word_1_256' title='bbox 3110 1784 3451 1839; x_wconf 83' lang='lat' dir='ltr'><strong>Pharaonem</strong></span> 
     </span>
    </p>
   </div>
   <div class='ocr_carea' id='block_1_34' title="bbox 147 1870 1772 1948">
    <p class='ocr_par' dir='ltr' id='par_1_34' title="bbox 147 1870 1754 1944">
     <span class='ocr_line' id='line_1_34' title="bbox 147 1870 1754 1944; baseline 0.002 -22"><span class='ocrx_word' id='word_1_257' title='bbox 147 1870 292 1934; x_wconf 75' lang='grc' dir='ltr'>Θεὸς</span> <span class='ocrx_word' id='word_1_258' title='bbox 322 1870 604 1941; x_wconf 76' lang='grc' dir='ltr'>,βάσιμον</span> <span class='ocrx_word' id='word_1_259' title='bbox 639 1872 823 1935; x_wconf 83' lang='grc' dir='ltr'>αὐτοτς</span> <span class='ocrx_word' id='word_1_260' title='bbox 855 1872 1175 1941; x_wconf 82' lang='grc' dir='ltr'>ἀποφαίνων</span> <span class='ocrx_word' id='word_1_261' title='bbox 1204 1872 1300 1926; x_wconf 85' lang='grc' dir='ltr'><strong>τοῦ</strong></span> <span class='ocrx_word' id='word_1_262' title='bbox 1335 1873 1604 1944; x_wconf 77' lang='grc' dir='ltr'>παρόντος</span> <span class='ocrx_word' id='word_1_263' title='bbox 1635 1873 1754 1944; x_wconf 84' lang='grc' dir='ltr'>βίου</span> 
     </span>
    </p>
   </div>
   <div class='ocr_carea' id='block_1_35' title="bbox 1878 1870 3451 1948">
    <p class='ocr_par' dir='ltr' id='par_1_35' title="bbox 1878 1877 3451 1948">
     <span class='ocr_line' id='line_1_35' title="bbox 1878 1877 3451 1948; baseline 0.003 -19"><span class='ocrx_word' id='word_1_264' title='bbox 1878 1892 1957 1931; x_wconf 79' lang='lat' dir='ltr'><strong>ma</strong></span> <span class='ocrx_word' id='word_1_265' title='bbox 1999 1885 2217 1932; x_wconf 70' lang='lat' dir='ltr'><strong>tantum</strong></span> <span class='ocrx_word' id='word_1_266' title='bbox 2255 1878 2537 1934; x_wconf 85' lang='lat' dir='ltr'><strong>voluntate</strong></span> <span class='ocrx_word' id='word_1_267' title='bbox 2581 1877 2839 1934; x_wconf 86' lang='lat' dir='ltr'><strong>lsraelem</strong></span> <span class='ocrx_word' id='word_1_268' title='bbox 2893 1886 3245 1948; x_wconf 79' lang='lat' dir='ltr'><strong>persecutum</strong></span> <span class='ocrx_word' id='word_1_269' title='bbox 3288 1892 3451 1939; x_wconf 88' lang='lat' dir='ltr'><strong>esse.</strong></span> 
     </span>
    </p>
   </div>
   <div class='ocr_carea' id='block_1_36' title="bbox 146 1963 1761 2035">
    <p class='ocr_par' dir='ltr' id='par_1_36' title="bbox 146 1963 1761 2035">
     <span class='ocr_line' id='line_1_36' title="bbox 146 1963 1761 2035; baseline 0.002 -21"><span class='ocrx_word' id='word_1_270' title='bbox 146 1963 243 2016; x_wconf 71' lang='grc' dir='ltr'><strong>τὸν</strong></span> <span class='ocrx_word' id='word_1_271' title='bbox 281 1963 561 2027; x_wconf 83' lang='grc' dir='ltr'>κλύδωνα,</span> <span class='ocrx_word' id='word_1_272' title='bbox 582 1967 696 2028; x_wconf 79' lang='grc' dir='ltr'>τοῖς</span> <span class='ocrx_word' id='word_1_273' title='bbox 716 1964 912 2018; x_wconf 91' lang='grc' dir='ltr'>τούτου</span> <span class='ocrx_word' id='word_1_274' title='bbox 944 1967 1351 2035; x_wconf 82' lang='grc' dir='ltr'>περισπασμοῐς</span> <span class='ocrx_word' id='word_1_275' title='bbox 1372 1966 1433 2018; x_wconf 79' lang='grc' dir='ltr'>οὺ</span> <span class='ocrx_word' id='word_1_276' title='bbox 1459 1965 1761 2035; x_wconf 82' lang='grc' dir='ltr'>συγχωρῶν</span> 
     </span>
    </p>
   </div>
   <div class='ocr_carea' id='block_1_37' title="bbox 148 2054 1765 2128">
    <p class='ocr_par' dir='ltr' id='par_1_37' title="bbox 148 2054 1765 2128">
     <span class='ocr_line' id='line_1_37' title="bbox 148 2054 1765 2128; baseline 0.001 -21"><span class='ocrx_word' id='word_1_277' title='bbox 148 2054 633 2122; x_wconf 71' lang='grc' dir='ltr'>κατακλύζεσθαι,</span> <span class='ocrx_word' id='word_1_278' title='bbox 663 2056 827 2109; x_wconf 73' lang='grc' dir='ltr'>οἱονεὶ</span> <span class='ocrx_word' id='word_1_279' title='bbox 854 2056 1276 2128; x_wconf 80' lang='grc' dir='ltr'>καταξηραίνων</span> <span class='ocrx_word' id='word_1_280' title='bbox 1296 2058 1424 2120; x_wconf 78' lang='grc' dir='ltr'>τοὺς</span> <span class='ocrx_word' id='word_1_281' title='bbox 1444 2057 1765 2110; x_wconf 83' lang='grc' dir='ltr'>ἐπιπίπτον-</span> 
     </span>
    </p>
   </div>
   <div class='ocr_carea' id='block_1_38' title="bbox 148 2147 1766 2219">
    <p class='ocr_par' dir='ltr' id='par_1_38' title="bbox 148 2147 1766 2219">
     <span class='ocr_line' id='line_1_38' title="bbox 148 2147 1766 2219; baseline 0.001 -20"><span class='ocrx_word' id='word_1_282' title='bbox 148 2165 252 2211; x_wconf 80' lang='grc' dir='ltr'><strong>τας</strong></span> <span class='ocrx_word' id='word_1_283' title='bbox 280 2149 654 2218; x_wconf 81' lang='grc' dir='ltr'>πειρασμοὺς,</span> <span class='ocrx_word' id='word_1_284' title='bbox 675 2147 744 2201; x_wconf 77' lang='grc' dir='ltr'>ἵν’</span> <span class='ocrx_word' id='word_1_285' title='bbox 760 2148 1041 2219; x_wconf 86' lang='grc' dir='ltr'>ἰσχύσειαν</span> <span class='ocrx_word' id='word_1_286' title='bbox 1064 2150 1134 2203; x_wconf 84' lang='grc' dir='ltr'><strong>ἐν</strong></span> <span class='ocrx_word' id='word_1_287' title='bbox 1150 2148 1229 2217; x_wconf 79' lang='grc' dir='ltr'>γῇ</span> <span class='ocrx_word' id='word_1_288' title='bbox 1257 2148 1545 2216; x_wconf 80' lang='grc' dir='ltr'>γεγονότες</span> <span class='ocrx_word' id='word_1_289' title='bbox 1568 2148 1766 2216; x_wconf 81' lang='grc' dir='ltr'><strong>ἐρήμῳ</strong></span> 
     </span>
    </p>
   </div>
   <div class='ocr_carea' id='block_1_39' title="bbox 153 2237 1762 2309">
    <p class='ocr_par' dir='ltr' id='par_1_39' title="bbox 153 2237 1762 2309">
     <span class='ocr_line' id='line_1_39' title="bbox 153 2237 1762 2309; baseline 0.001 -20"><span class='ocrx_word' id='word_1_290' title='bbox 153 2238 247 2290; x_wconf 78' lang='grc' dir='ltr'><strong>νοῦ</strong></span> <span class='ocrx_word' id='word_1_291' title='bbox 283 2239 629 2291; x_wconf 72' lang='grc' dir='ltr'>καταστάσει</span> <span class='ocrx_word' id='word_1_292' title='bbox 679 2238 905 2309; x_wconf 69' lang='grc' dir='ltr'>σχολαία</span> <span class='ocrx_word' id='word_1_293' title='bbox 950 2239 1045 2293; x_wconf 68' lang='grc' dir='ltr'><strong>καὶ</strong></span> <span class='ocrx_word' id='word_1_294' title='bbox 1076 2238 1298 2308; x_wconf 83' lang='grc' dir='ltr'>καθαρᾷ</span> <span class='ocrx_word' id='word_1_295' title='bbox 1324 2237 1414 2290; x_wconf 76' lang='grc' dir='ltr'><strong>τὸν</strong></span> <span class='ocrx_word' id='word_1_296' title='bbox 1448 2238 1507 2302; x_wconf 81' lang='grc' dir='ltr'><strong>ἐξ</strong></span> <span class='ocrx_word' id='word_1_297' title='bbox 1531 2239 1762 2309; x_wconf 73' lang='grc' dir='ltr'>οὐρανοῦ</span> 
     </span>
    </p>
   </div>
   <div class='ocr_carea' id='block_1_40' title="bbox 158 2329 1762 2401">
    <p class='ocr_par' dir='ltr' id='par_1_40' title="bbox 158 2329 1762 2401">
     <span class='ocr_line' id='line_1_40' title="bbox 158 2329 1762 2401; baseline -0.001 -18"><span class='ocrx_word' id='word_1_298' title='bbox 158 2330 261 2399; x_wconf 75' lang='grc' dir='ltr'>μὲν</span> <span class='ocrx_word' id='word_1_299' title='bbox 294 2329 465 2399; x_wconf 80' lang='grc' dir='ltr'>ἄρτον</span> <span class='ocrx_word' id='word_1_300' title='bbox 492 2332 703 2398; x_wconf 79' lang='grc' dir='ltr'>φαγεῖν,</span> <span class='ocrx_word' id='word_1_301' title='bbox 737 2332 799 2383; x_wconf 79' lang='grc' dir='ltr'>τὸ</span> <span class='ocrx_word' id='word_1_302' title='bbox 821 2330 878 2383; x_wconf 85' lang='grc' dir='ltr'>δὲ</span> <span class='ocrx_word' id='word_1_303' title='bbox 908 2330 973 2382; x_wconf 87' lang='grc' dir='ltr'><strong>ἐκ</strong></span> <span class='ocrx_word' id='word_1_304' title='bbox 997 2329 1203 2400; x_wconf 81' lang='grc' dir='ltr'>πέτρας</span> <span class='ocrx_word' id='word_1_305' title='bbox 1232 2329 1391 2399; x_wconf 83' lang='grc' dir='ltr'>ὕδωρ</span> <span class='ocrx_word' id='word_1_306' title='bbox 1420 2331 1566 2383; x_wconf 83' lang='grc' dir='ltr'>πιεῖν</span> <span class='ocrx_word' id='word_1_307' title='bbox 1588 2346 1600 2359; x_wconf 89' lang='grc'><strong>·</strong></span> <span class='ocrx_word' id='word_1_308' title='bbox 1624 2331 1762 2401; x_wconf 81' lang='grc' dir='ltr'>ὅπερ</span> 
     </span>
    </p>
   </div>
   <div class='ocr_carea' id='block_1_41' title="bbox 158 2420 1763 2493">
    <p class='ocr_par' dir='ltr' id='par_1_41' title="bbox 158 2420 1763 2493">
     <span class='ocr_line' id='line_1_41' title="bbox 158 2420 1763 2493; baseline -0.002 -18"><span class='ocrx_word' id='word_1_309' title='bbox 158 2424 315 2475; x_wconf 74' lang='grc' dir='ltr'>ἐστὶν</span> <span class='ocrx_word' id='word_1_310' title='bbox 349 2423 412 2475; x_wconf 88' lang='grc' dir='ltr'><strong>ἐν</strong></span> <span class='ocrx_word' id='word_1_311' title='bbox 450 2420 662 2491; x_wconf 80' lang='grc' dir='ltr'>μεθέξει</span> <span class='ocrx_word' id='word_1_312' title='bbox 694 2421 949 2490; x_wconf 84' lang='grc' dir='ltr'>γενέσθαι</span> <span class='ocrx_word' id='word_1_313' title='bbox 975 2420 1216 2493; x_wconf 82' lang='grc' dir='ltr'>Χριστοῦ</span> <span class='ocrx_word' id='word_1_314' title='bbox 1239 2463 1254 2487; x_wconf 89' lang='grc'><strong>,</strong></span> <span class='ocrx_word' id='word_1_315' title='bbox 1283 2420 1510 2475; x_wconf 81' lang='grc' dir='ltr'>διελθεῖν</span> <span class='ocrx_word' id='word_1_316' title='bbox 1565 2439 1626 2474; x_wconf 86' lang='grc' dir='ltr'><strong>τε</strong></span> <span class='ocrx_word' id='word_1_317' title='bbox 1670 2421 1763 2473; x_wconf 78' lang='grc' dir='ltr'><strong>τὸν</strong></span> 
     </span>
    </p>
   </div>
   <div class='ocr_carea' id='block_1_42' title="bbox 173 2513 1533 2586">
    <p class='ocr_par' dir='ltr' id='par_1_42' title="bbox 173 2513 1533 2586">
     <span class='ocr_line' id='line_1_42' title="bbox 173 2513 1533 2586; baseline -0.001 -19"><span class='ocrx_word' id='word_1_318' title='bbox 173 2515 458 2586; x_wconf 73' lang='grc' dir='ltr'>Ἰορδάνην</span> <span class='ocrx_word' id='word_1_319' title='bbox 485 2515 578 2567; x_wconf 69' lang='grc' dir='ltr'><strong>καὶ</strong></span> <span class='ocrx_word' id='word_1_320' title='bbox 612 2513 716 2583; x_wconf 79' lang='grc' dir='ltr'>γῆς</span> <span class='ocrx_word' id='word_1_321' title='bbox 744 2513 845 2581; x_wconf 84' lang='grc' dir='ltr'>τῆς</span> <span class='ocrx_word' id='word_1_322' title='bbox 873 2513 1298 2584; x_wconf 80' lang='grc' dir='ltr'>ἐπηγγελμένης</span> <span class='ocrx_word' id='word_1_323' title='bbox 1327 2514 1533 2583; x_wconf 78' lang='grc' dir='ltr'>τυχεῖν.</span> 
     </span>
    </p>
   </div>
   <div class='ocr_carea' id='block_1_43' title="bbox 1860 1966 3454 2039">
    <p class='ocr_par' dir='ltr' id='par_1_43' title="bbox 1860 1966 3454 2039">
     <span class='ocr_line' id='line_1_43' title="bbox 1860 1966 3454 2039; baseline 0.003 -19"><span class='ocrx_word' id='word_1_324' title='bbox 1860 1981 1985 2021; x_wconf 88' lang='lat' dir='ltr'><strong>cum</strong></span> <span class='ocrx_word' id='word_1_325' title='bbox 2022 1982 2053 2021; x_wconf 89' lang='lat' dir='ltr'><strong>a</strong></span> <span class='ocrx_word' id='word_1_326' title='bbox 2092 1966 2205 2024; x_wconf 90' lang='lat' dir='ltr'><strong>Deo</strong></span> <span class='ocrx_word' id='word_1_327' title='bbox 2241 1970 2364 2039; x_wconf 90' lang='lat' dir='ltr'><strong>ipse</strong></span> <span class='ocrx_word' id='word_1_328' title='bbox 2397 1972 2454 2025; x_wconf 90' lang='lat' dir='ltr'><strong>in</strong></span> <span class='ocrx_word' id='word_1_329' title='bbox 2497 1970 2643 2025; x_wconf 86' lang='lat' dir='ltr'><strong>hunc</strong></span> <span class='ocrx_word' id='word_1_330' title='bbox 2685 1972 2908 2026; x_wconf 89' lang='lat' dir='ltr'><strong>modum</strong></span> <span class='ocrx_word' id='word_1_331' title='bbox 2931 1971 3221 2027; x_wconf 87' lang='lat' dir='ltr'><strong>&#39;audiverit</strong></span> <span class='ocrx_word' id='word_1_332' title='bbox 3265 1989 3279 2026; x_wconf 90' lang='lat'>:</span> <span class='ocrx_word' id='word_1_333' title='bbox 3332 1990 3350 2024; x_wconf 79' lang='grc' dir='ltr'><strong>ι</strong></span> <span class='ocrx_word' id='word_1_334' title='bbox 3393 1971 3454 2026; x_wconf 86' lang='lat' dir='ltr'><strong>In</strong></span> 
     </span>
    </p>
   </div>
   <div class='ocr_carea' id='block_1_44' title="bbox 1861 2060 3457 2135">
    <p class='ocr_par' dir='ltr' id='par_1_44' title="bbox 1861 2060 3457 2135">
     <span class='ocr_line' id='line_1_44' title="bbox 1861 2060 3457 2135; baseline 0.001 -22"><span class='ocrx_word' id='word_1_335' title='bbox 1861 2060 1965 2115; x_wconf 93' lang='lat' dir='ltr'><strong>hoc</strong></span> <span class='ocrx_word' id='word_1_336' title='bbox 1988 2061 2225 2116; x_wconf 81' lang='lat' dir='ltr'><strong>excitavi</strong></span> <span class='ocrx_word' id='word_1_337' title='bbox 2262 2069 2336 2127; x_wconf 79' lang='lat' dir='ltr'><strong>te,</strong></span> <span class='ocrx_word' id='word_1_338' title='bbox 2368 2070 2428 2116; x_wconf 93' lang='lat' dir='ltr'><strong>ut</strong></span> <span class='ocrx_word' id='word_1_339' title='bbox 2459 2063 2840 2120; x_wconf 90' lang='lat' dir='ltr'><strong>demonstrem</strong></span> <span class='ocrx_word' id='word_1_340' title='bbox 2881 2063 3043 2135; x_wconf 71' lang='grc'><strong>49],</strong></span> <span class='ocrx_word' id='word_1_341' title='bbox 3088 2065 3142 2118; x_wconf 92' lang='lat' dir='ltr'><strong>in</strong></span> <span class='ocrx_word' id='word_1_342' title='bbox 3178 2072 3230 2117; x_wconf 84' lang='lat' dir='ltr'><strong>te</strong></span> <span class='ocrx_word' id='word_1_343' title='bbox 3256 2073 3457 2132; x_wconf 83' lang='lat' dir='ltr'><strong>poten-</strong></span> 
     </span>
    </p>
   </div>
   <div class='ocr_carea' id='block_1_45' title="bbox 1861 2149 3456 2216">
    <p class='ocr_par' dir='ltr' id='par_1_45' title="bbox 1861 2149 3456 2216">
     <span class='ocr_line' id='line_1_45' title="bbox 1861 2149 3456 2216; baseline 0.001 -13"><span class='ocrx_word' id='word_1_344' title='bbox 1861 2149 1994 2203; x_wconf 87' lang='lat' dir='ltr'><strong>tiam</strong></span> <span class='ocrx_word' id='word_1_345' title='bbox 2037 2166 2251 2216; x_wconf 86' lang='lat' dir='ltr'><strong>meam;</strong></span> <span class='ocrx_word' id='word_1_346' title='bbox 2296 2161 2350 2208; x_wconf 93' lang='lat' dir='ltr'><strong>et</strong></span> <span class='ocrx_word' id='word_1_347' title='bbox 2400 2163 2460 2208; x_wconf 93' lang='lat' dir='ltr'><strong>ut</strong></span> <span class='ocrx_word' id='word_1_348' title='bbox 2514 2154 2876 2210; x_wconf 88' lang='lat' dir='ltr'><strong>annuntietur</strong></span> <span class='ocrx_word' id='word_1_349' title='bbox 2919 2170 3122 2209; x_wconf 89' lang='lat' dir='ltr'><strong>nomen</strong></span> <span class='ocrx_word' id='word_1_350' title='bbox 3163 2168 3345 2208; x_wconf 90' lang='lat' dir='ltr'><strong>meum</strong></span> <span class='ocrx_word' id='word_1_351' title='bbox 3401 2154 3456 2205; x_wconf 88' lang='lat' dir='ltr'><strong>in</strong></span> 
     </span>
    </p>
   </div>
   <div class='ocr_carea' id='block_1_46' title="bbox 1862 2241 3457 2311">
    <p class='ocr_par' dir='ltr' id='par_1_46' title="bbox 1862 2241 3457 2311">
     <span class='ocr_line' id='line_1_46' title="bbox 1862 2241 3457 2311; baseline -0.001 -16"><span class='ocrx_word' id='word_1_352' title='bbox 1862 2241 2129 2297; x_wconf 89' lang='lat' dir='ltr'><strong>universa</strong></span> <span class='ocrx_word' id='word_1_353' title='bbox 2160 2251 2306 2298; x_wconf 89' lang='lat' dir='ltr'><strong>terra</strong></span> <span class='ocrx_word' id='word_1_354' title='bbox 2336 2245 2404 2297; x_wconf 74' lang='lat'><strong>”.</strong></span> <span class='ocrx_word' id='word_1_355' title='bbox 2444 2262 2462 2295; x_wconf 83' lang='grc' dir='ltr'><strong>ι</strong></span> <span class='ocrx_word' id='word_1_356' title='bbox 2501 2242 2594 2298; x_wconf 90' lang='lat' dir='ltr'><strong>Sic</strong></span> <span class='ocrx_word' id='word_1_357' title='bbox 2622 2259 2751 2299; x_wconf 90' lang='lat' dir='ltr'><strong>vero</strong></span> <span class='ocrx_word' id='word_1_358' title='bbox 2784 2254 2837 2300; x_wconf 91' lang='lat' dir='ltr'><strong>et</strong></span> <span class='ocrx_word' id='word_1_359' title='bbox 2873 2258 2969 2299; x_wconf 75' lang='lat' dir='ltr'><strong>eos</strong></span> <span class='ocrx_word' id='word_1_360' title='bbox 3011 2243 3318 2311; x_wconf 75' lang='lat' dir='ltr'><strong>etiam,qni</strong></span> <span class='ocrx_word' id='word_1_361' title='bbox 3367 2256 3457 2294; x_wconf 73' lang='lat' dir='ltr'><strong>re-</strong></span> 
     </span>
    </p>
   </div>
   <div class='ocr_carea' id='block_1_47' title="bbox 1868 2333 3461 2407">
    <p class='ocr_par' dir='ltr' id='par_1_47' title="bbox 1868 2333 3461 2407">
     <span class='ocr_line' id='line_1_47' title="bbox 1868 2333 3461 2407; baseline 0.001 -22"><span class='ocrx_word' id='word_1_362' title='bbox 1868 2346 1992 2386; x_wconf 89' lang='lat' dir='ltr'><strong>rum</strong></span> <span class='ocrx_word' id='word_1_363' title='bbox 2022 2333 2390 2389; x_wconf 82' lang='lat' dir='ltr'><strong>humanarum</strong></span> <span class='ocrx_word' id='word_1_364' title='bbox 2411 2350 2580 2390; x_wconf 90' lang='lat' dir='ltr'><strong>curas</strong></span> <span class='ocrx_word' id='word_1_365' title='bbox 2602 2335 2950 2407; x_wconf 77' lang='lat' dir='ltr'><strong>fugiunt,ve|</strong></span> <span class='ocrx_word' id='word_1_366' title='bbox 2980 2336 3101 2403; x_wconf 84' lang='lat' dir='ltr'><strong>ipso</strong></span> <span class='ocrx_word' id='word_1_367' title='bbox 3131 2335 3461 2403; x_wconf 80' lang='lat' dir='ltr'><strong>insequente</strong></span> 
     </span>
    </p>
   </div>
   <div class='ocr_carea' id='block_1_48' title="bbox 1871 2422 3458 2489">
    <p class='ocr_par' dir='ltr' id='par_1_48' title="bbox 1871 2422 3458 2489">
     <span class='ocr_line' id='line_1_48' title="bbox 1871 2422 3458 2489; baseline 0.001 -14"><span class='ocrx_word' id='word_1_368' title='bbox 1871 2422 2136 2489; x_wconf 86' lang='lat' dir='ltr'><strong>diabolo,</strong></span> <span class='ocrx_word' id='word_1_369' title='bbox 2191 2424 2593 2481; x_wconf 81' lang='lat' dir='ltr'><strong>admirabiliter</strong></span> <span class='ocrx_word' id='word_1_370' title='bbox 2660 2426 2919 2481; x_wconf 87' lang='lat' dir='ltr'><strong>liberabit</strong></span> <span class='ocrx_word' id='word_1_371' title='bbox 2967 2423 3145 2489; x_wconf 87' lang='lat' dir='ltr'><strong>Deus;</strong></span> <span class='ocrx_word' id='word_1_372' title='bbox 3202 2424 3283 2480; x_wconf 85' lang='lat' dir='ltr'><strong>sic</strong></span> <span class='ocrx_word' id='word_1_373' title='bbox 3330 2423 3458 2476; x_wconf 90' lang='lat' dir='ltr'><strong>item</strong></span> 
     </span>
    </p>
   </div>
   <div class='ocr_carea' id='block_1_49' title="bbox 1873 2511 3459 2583">
    <p class='ocr_par' dir='ltr' id='par_1_49' title="bbox 1873 2511 3459 2583">
     <span class='ocr_line' id='line_1_49' title="bbox 1873 2511 3459 2583; baseline 0 -16"><span class='ocrx_word' id='word_1_374' title='bbox 1873 2512 2040 2582; x_wconf 87' lang='lat' dir='ltr'><strong>hujus</strong></span> <span class='ocrx_word' id='word_1_375' title='bbox 2058 2513 2182 2567; x_wconf 65' lang='lat' dir='ltr'><strong>vitm</strong></span> <span class='ocrx_word' id='word_1_376' title='bbox 2210 2515 2329 2576; x_wconf 88' lang='lat' dir='ltr'><strong>iter,</strong></span> <span class='ocrx_word' id='word_1_377' title='bbox 2353 2525 2613 2583; x_wconf 75' lang='lat' dir='ltr'><strong>tanquam</strong></span> <span class='ocrx_word' id='word_1_378' title='bbox 2641 2516 2810 2569; x_wconf 89' lang='lat' dir='ltr'><strong>maris</strong></span> <span class='ocrx_word' id='word_1_379' title='bbox 2824 2515 3072 2579; x_wconf 82' lang='lat' dir='ltr'><strong>aestuosi,</strong></span> <span class='ocrx_word' id='word_1_380' title='bbox 3097 2528 3164 2567; x_wconf 91' lang='lat' dir='ltr'><strong>ne</strong></span> <span class='ocrx_word' id='word_1_381' title='bbox 3193 2511 3459 2567; x_wconf 83' lang='lat' dir='ltr'><strong>ﬂuetilms</strong></span> 
     </span>
    </p>
   </div>
   <div class='ocr_carea' id='block_1_50' title="bbox 166 2602 3463 2676">
    <p class='ocr_par' dir='ltr' id='par_1_50' title="bbox 166 2602 3463 2676">
     <span class='ocr_line' id='line_1_50' title="bbox 166 2602 3463 2676; baseline -0.002 -15"><span class='ocrx_word' id='word_1_382' title='bbox 166 2608 288 2676; x_wconf 82' lang='lat' dir='ltr'><strong>ejus</strong></span> <span class='ocrx_word' id='word_1_383' title='bbox 311 2608 746 2669; x_wconf 87' lang='lat' dir='ltr'><strong>absorbeantur,</strong></span> <span class='ocrx_word' id='word_1_384' title='bbox 770 2605 1063 2661; x_wconf 87' lang='lat' dir='ltr'><strong>desiccatis</strong></span> <span class='ocrx_word' id='word_1_385' title='bbox 1089 2619 1211 2675; x_wconf 64' lang='lat' dir='ltr'><strong>quae</strong></span> <span class='ocrx_word' id='word_1_386' title='bbox 1237 2611 1537 2660; x_wconf 89' lang='lat' dir='ltr'><strong>occurrunt</strong></span> <span class='ocrx_word' id='word_1_387' title='bbox 1558 2602 1974 2669; x_wconf 86' lang='lat' dir='ltr'><strong>tentationibus,</strong></span> <span class='ocrx_word' id='word_1_388' title='bbox 2009 2604 2251 2672; x_wconf 89' lang='lat' dir='ltr'><strong>pervium</strong></span> <span class='ocrx_word' id='word_1_389' title='bbox 2280 2603 2480 2670; x_wconf 81' lang='lat' dir='ltr'><strong>faciet,</strong></span> <span class='ocrx_word' id='word_1_390' title='bbox 2519 2612 2579 2657; x_wconf 93' lang='lat' dir='ltr'><strong>ut</strong></span> <span class='ocrx_word' id='word_1_391' title='bbox 2642 2605 2695 2658; x_wconf 89' lang='lat' dir='ltr'><strong>in</strong></span> <span class='ocrx_word' id='word_1_392' title='bbox 2752 2613 2895 2658; x_wconf 77' lang='lat' dir='ltr'><strong>terra</strong></span> <span class='ocrx_word' id='word_1_393' title='bbox 2953 2604 3184 2669; x_wconf 80' lang='lat' dir='ltr'><strong>deserta,</strong></span> <span class='ocrx_word' id='word_1_394' title='bbox 3273 2604 3463 2673; x_wconf 82' lang='lat' dir='ltr'><strong>quieto</strong></span> 
     </span>
    </p>
   </div>
   <div class='ocr_carea' id='block_1_51' title="bbox 166 2694 3459 2771">
    <p class='ocr_par' dir='ltr' id='par_1_51' title="bbox 166 2694 3459 2771">
     <span class='ocr_line' id='line_1_51' title="bbox 166 2694 3459 2771; baseline -0.003 -11"><span class='ocrx_word' id='word_1_395' title='bbox 166 2713 223 2760; x_wconf 84' lang='lat' dir='ltr'><strong>et</strong></span> <span class='ocrx_word' id='word_1_396' title='bbox 250 2718 391 2771; x_wconf 85' lang='lat' dir='ltr'><strong>puro</strong></span> <span class='ocrx_word' id='word_1_397' title='bbox 422 2702 618 2756; x_wconf 82' lang='lat' dir='ltr'><strong>mentis</strong></span> <span class='ocrx_word' id='word_1_398' title='bbox 650 2708 796 2755; x_wconf 86' lang='lat' dir='ltr'><strong>statu</strong></span> <span class='ocrx_word' id='word_1_399' title='bbox 823 2714 1016 2770; x_wconf 88' lang='lat' dir='ltr'><strong>panem</strong></span> <span class='ocrx_word' id='word_1_400' title='bbox 1043 2699 1111 2754; x_wconf 89' lang='lat' dir='ltr'><strong>de</strong></span> <span class='ocrx_word' id='word_1_401' title='bbox 1138 2698 1280 2753; x_wconf 66' lang='lat' dir='ltr'><strong>caelo</strong></span> <span class='ocrx_word' id='word_1_402' title='bbox 1312 2697 1494 2763; x_wconf 81' lang='lat' dir='ltr'><strong>edere,</strong></span> <span class='ocrx_word' id='word_1_403' title='bbox 1529 2712 1821 2767; x_wconf 83' lang='lat' dir='ltr'><strong>aquamque</strong></span> <span class='ocrx_word' id='word_1_404' title='bbox 1852 2695 1922 2752; x_wconf 90' lang='lat' dir='ltr'><strong>de</strong></span> <span class='ocrx_word' id='word_1_405' title='bbox 1980 2705 2132 2766; x_wconf 89' lang='lat' dir='ltr'><strong>petra</strong></span> <span class='ocrx_word' id='word_1_406' title='bbox 2161 2698 2379 2765; x_wconf 87' lang='lat' dir='ltr'><strong>bibere;</strong></span> <span class='ocrx_word' id='word_1_407' title='bbox 2408 2698 2459 2753; x_wconf 90' lang='lat' dir='ltr'><strong>id</strong></span> <span class='ocrx_word' id='word_1_408' title='bbox 2525 2708 2631 2762; x_wconf 87' lang='lat' dir='ltr'><strong>est,</strong></span> <span class='ocrx_word' id='word_1_409' title='bbox 2687 2697 2892 2753; x_wconf 88' lang='lat' dir='ltr'><strong>Christi</strong></span> <span class='ocrx_word' id='word_1_410' title='bbox 2960 2697 3254 2768; x_wconf 86' lang='lat' dir='ltr'><strong>participes</strong></span> <span class='ocrx_word' id='word_1_411' title='bbox 3318 2694 3459 2760; x_wconf 78' lang='lat' dir='ltr'><strong>fieri,</strong></span> 
     </span>
    </p>
   </div>
   <div class='ocr_carea' id='block_1_52' title="bbox 169 2789 1740 2862">
    <p class='ocr_par' dir='ltr' id='par_1_52' title="bbox 169 2789 1740 2862">
     <span class='ocr_line' id='line_1_52' title="bbox 169 2789 1740 2862; baseline -0.007 -11"><span class='ocrx_word' id='word_1_412' title='bbox 169 2798 230 2841; x_wconf 72' lang='grc' dir='ltr'><strong>ει</strong></span> <span class='ocrx_word' id='word_1_413' title='bbox 258 2795 501 2851; x_wconf 74' lang='lat' dir='ltr'><strong>Jordane</strong></span> <span class='ocrx_word' id='word_1_414' title='bbox 539 2792 771 2862; x_wconf 71' lang='lat' dir='ltr'><strong>traiecto</strong></span> <span class='ocrx_word' id='word_1_415' title='bbox 810 2790 1083 2861; x_wconf 79' lang='lat' dir='ltr'><strong>promissa</strong></span> <span class='ocrx_word' id='word_1_416' title='bbox 1120 2801 1266 2845; x_wconf 88' lang='lat' dir='ltr'><strong>terra</strong></span> <span class='ocrx_word' id='word_1_417' title='bbox 1304 2789 1465 2860; x_wconf 88' lang='lat' dir='ltr'><strong>potiri</strong></span> <span class='ocrx_word' id='word_1_418' title='bbox 1504 2790 1740 2843; x_wconf 85' lang='lat' dir='ltr'><strong>valeant.</strong></span> 
     </span>
    </p>
   </div>
   <div class='ocr_carea' id='block_1_53' title="bbox 254 2880 1770 2955">
    <p class='ocr_par' dir='ltr' id='par_1_53' title="bbox 254 2880 1770 2955">
     <span class='ocr_line' id='line_1_53' title="bbox 254 2880 1770 2955; baseline -0.005 -15"><span class='ocrx_word' id='word_1_419' title='bbox 254 2887 400 2941; x_wconf 74' lang='grc' dir='ltr'>Ἀλλ’</span> <span class='ocrx_word' id='word_1_420' title='bbox 434 2885 528 2939; x_wconf 70' lang='grc' dir='ltr'>ἐπὶ</span> <span class='ocrx_word' id='word_1_421' title='bbox 572 2884 671 2955; x_wconf 81' lang='grc' dir='ltr'><strong>τὴν</strong></span> <span class='ocrx_word' id='word_1_422' title='bbox 722 2882 963 2953; x_wconf 76' lang='grc' dir='ltr'>ἱστορίαν</span> <span class='ocrx_word' id='word_1_423' title='bbox 995 2881 1551 2953; x_wconf 84' lang='grc' dir='ltr'>παλινδρομήσωμεν.</span> <span class='ocrx_word' id='word_1_424' title='bbox 1583 2880 1770 2933; x_wconf 87' lang='grc' dir='ltr'>Ταῦτα</span> 
     </span>
    </p>
   </div>
   <div class='ocr_carea' id='block_1_54' title="bbox 179 2968 1777 3049">
    <p class='ocr_par' dir='ltr' id='par_1_54' title="bbox 179 2968 1777 3049">
     <span class='ocr_line' id='line_1_54' title="bbox 179 2968 1777 3049; baseline -0.008 -18"><span class='ocrx_word' id='word_1_425' title='bbox 179 2977 277 3049; x_wconf 63' lang='grc' dir='ltr'>μὲν</span> <span class='ocrx_word' id='word_1_426' title='bbox 297 2971 416 3040; x_wconf 82' lang='grc' dir='ltr'>οὖν,</span> <span class='ocrx_word' id='word_1_427' title='bbox 434 2974 589 3044; x_wconf 67' lang='grc' dir='ltr'>φησι,</span> <span class='ocrx_word' id='word_1_428' title='bbox 612 2972 782 3027; x_wconf 84' lang='grc' dir='ltr'>πάλαι</span> <span class='ocrx_word' id='word_1_429' title='bbox 800 2974 1101 3044; x_wconf 82' lang='grc' dir='ltr'>πεποίηκα.</span> <span class='ocrx_word' id='word_1_430' title='bbox 1120 2972 1256 3025; x_wconf 76' lang='grc' dir='ltr'>Νυνὶ</span> <span class='ocrx_word' id='word_1_431' title='bbox 1274 2971 1333 3023; x_wconf 78' lang='grc' dir='ltr'><strong>δὲ</strong></span> <span class='ocrx_word' id='word_1_432' title='bbox 1354 2971 1422 3024; x_wconf 81' lang='grc' dir='ltr'>τὰ</span> <span class='ocrx_word' id='word_1_433' title='bbox 1441 2971 1497 3023; x_wconf 87' lang='grc' dir='ltr'><strong>ἐν</strong></span> <span class='ocrx_word' id='word_1_434' title='bbox 1517 2968 1777 3039; x_wconf 82' lang='grc' dir='ltr'>Αἰγύπτῳ</span> 
     </span>
    </p>
   </div>
   <div class='ocr_carea' id='block_1_55' title="bbox 178 3058 1780 3133">
    <p class='ocr_par' dir='ltr' id='par_1_55' title="bbox 178 3058 1780 3133">
     <span class='ocr_line' id='line_1_55' title="bbox 178 3058 1780 3133; baseline -0.004 -15"><span class='ocrx_word' id='word_1_435' title='bbox 178 3065 270 3119; x_wconf 74' lang='grc' dir='ltr'><strong>καὶ</strong></span> <span class='ocrx_word' id='word_1_436' title='bbox 301 3060 614 3117; x_wconf 74' lang='grc' dir='ltr'>Βαϐυλῶνι</span> <span class='ocrx_word' id='word_1_437' title='bbox 643 3064 708 3133; x_wconf 80' lang='grc' dir='ltr'>τῇ</span> <span class='ocrx_word' id='word_1_438' title='bbox 734 3062 844 3114; x_wconf 80' lang='grc' dir='ltr'><strong>τῶν</strong></span> <span class='ocrx_word' id='word_1_439' title='bbox 875 3062 1144 3116; x_wconf 80' lang='grc' dir='ltr'>ἐπιόντων</span> <span class='ocrx_word' id='word_1_440' title='bbox 1175 3060 1449 3132; x_wconf 80' lang='grc' dir='ltr'>ὑπερϐολῇ</span> <span class='ocrx_word' id='word_1_441' title='bbox 1484 3058 1780 3130; x_wconf 80' lang='grc' dir='ltr'>σιγηθήσε-</span> 
     </span>
    </p>
   </div>
   <div class='ocr_carea' id='block_1_56' title="bbox 176 3151 1779 3224">
    <p class='ocr_par' dir='ltr' id='par_1_56' title="bbox 176 3151 1779 3224">
     <span class='ocr_line' id='line_1_56' title="bbox 176 3151 1779 3224; baseline -0.004 -15"><span class='ocrx_word' id='word_1_442' title='bbox 176 3174 288 3211; x_wconf 81' lang='grc' dir='ltr'>ται.</span> <span class='ocrx_word' id='word_1_443' title='bbox 307 3155 455 3210; x_wconf 73' lang='grc' dir='ltr'>Ἀντὶ</span> <span class='ocrx_word' id='word_1_444' title='bbox 472 3155 529 3208; x_wconf 82' lang='grc' dir='ltr'>δὲ</span> <span class='ocrx_word' id='word_1_445' title='bbox 546 3152 639 3206; x_wconf 88' lang='grc' dir='ltr'><strong>τοῦ</strong></span> <span class='ocrx_word' id='word_1_446' title='bbox 661 3153 1113 3223; x_wconf 60' lang='grc' dir='ltr'>συλλογίζεσθε,</span> <span class='ocrx_word' id='word_1_447' title='bbox 1139 3154 1432 3224; x_wconf 85' lang='grc' dir='ltr'>Σύμμαχος</span> <span class='ocrx_word' id='word_1_448' title='bbox 1451 3151 1779 3216; x_wconf 71' lang='grc' dir='ltr'>ἐννοεῖσθε,</span> 
     </span>
    </p>
   </div>
   <div class='ocr_carea' id='block_1_57' title="bbox 1948 2869 3462 2943">
    <p class='ocr_par' dir='ltr' id='par_1_57' title="bbox 1948 2869 3462 2943">
     <span class='ocr_line' id='line_1_57' title="bbox 1948 2869 3462 2943; baseline 0.001 -15"><span class='ocrx_word' id='word_1_449' title='bbox 1948 2872 2056 2928; x_wconf 91' lang='lat' dir='ltr'><strong>Sed</strong></span> <span class='ocrx_word' id='word_1_450' title='bbox 2089 2875 2152 2925; x_wconf 88' lang='lat' dir='ltr'><strong>ad</strong></span> <span class='ocrx_word' id='word_1_451' title='bbox 2197 2871 2483 2926; x_wconf 88' lang='lat' dir='ltr'><strong>historiam</strong></span> <span class='ocrx_word' id='word_1_452' title='bbox 2527 2882 2886 2926; x_wconf 85' lang='lat' dir='ltr'><strong>revertamur.</strong></span> <span class='ocrx_word' id='word_1_453' title='bbox 2923 2869 3047 2926; x_wconf 56' lang='lat' dir='ltr'><strong>Haec</strong></span> <span class='ocrx_word' id='word_1_454' title='bbox 3096 2872 3317 2943; x_wconf 88' lang='lat' dir='ltr'><strong>quidem</strong></span> <span class='ocrx_word' id='word_1_455' title='bbox 3363 2875 3462 2940; x_wconf 85' lang='lat' dir='ltr'><strong>ait,</strong></span> 
     </span>
    </p>
   </div>
   <div class='ocr_carea' id='block_1_58' title="bbox 1878 2962 3471 3035">
    <p class='ocr_par' dir='ltr' id='par_1_58' title="bbox 1878 2962 3471 3035">
     <span class='ocr_line' id='line_1_58' title="bbox 1878 2962 3471 3035; baseline -0.001 -16"><span class='ocrx_word' id='word_1_456' title='bbox 1878 2965 2006 3020; x_wconf 86' lang='lat' dir='ltr'><strong>olim</strong></span> <span class='ocrx_word' id='word_1_457' title='bbox 2041 2978 2071 3017; x_wconf 89' lang='lat' dir='ltr'><strong>a</strong></span> <span class='ocrx_word' id='word_1_458' title='bbox 2099 2978 2187 3017; x_wconf 89' lang='lat' dir='ltr'><strong>me</strong></span> <span class='ocrx_word' id='word_1_459' title='bbox 2217 2962 2410 3017; x_wconf 71' lang='lat' dir='ltr'><strong>effecta</strong></span> <span class='ocrx_word' id='word_1_460' title='bbox 2445 2972 2597 3017; x_wconf 88' lang='lat' dir='ltr'><strong>sunt.</strong></span> <span class='ocrx_word' id='word_1_461' title='bbox 2641 2962 2863 3028; x_wconf 77' lang='lat' dir='ltr'><strong>Verum,</strong></span> <span class='ocrx_word' id='word_1_462' title='bbox 2900 2963 2946 3017; x_wconf 89' lang='lat' dir='ltr'><strong>si</strong></span> <span class='ocrx_word' id='word_1_463' title='bbox 2979 2977 3100 3032; x_wconf 66' lang='lat' dir='ltr'><strong>quae</strong></span> <span class='ocrx_word' id='word_1_464' title='bbox 3154 2964 3208 3017; x_wconf 90' lang='lat' dir='ltr'><strong>in</strong></span> <span class='ocrx_word' id='word_1_465' title='bbox 3232 2962 3471 3035; x_wconf 67' lang='lat' dir='ltr'><strong>Aigypto</strong></span> 
     </span>
    </p>
   </div>
   <div class='ocr_carea' id='block_1_59' title="bbox 1877 3035 3470 3125">
    <p class='ocr_par' dir='ltr' id='par_1_59' title="bbox 1877 3035 3470 3125">
     <span class='ocr_line' id='line_1_59' title="bbox 1877 3035 3470 3125; baseline -0.002 -14"><span class='ocrx_word' id='word_1_466' title='bbox 1877 3066 1933 3111; x_wconf 82' lang='lat' dir='ltr'><strong>et</strong></span> <span class='ocrx_word' id='word_1_467' title='bbox 1972 3035 2515 3124; x_wconf 57' lang='lat' dir='ltr'><strong>Babylonepatravi,</strong></span> <span class='ocrx_word' id='word_1_468' title='bbox 2549 3068 2675 3109; x_wconf 90' lang='lat' dir='ltr'><strong>cum</strong></span> <span class='ocrx_word' id='word_1_469' title='bbox 2721 3054 2812 3119; x_wconf 88' lang='lat' dir='ltr'><strong>iis,</strong></span> <span class='ocrx_word' id='word_1_470' title='bbox 2853 3068 2976 3125; x_wconf 69' lang='lat' dir='ltr'><strong>quae</strong></span> <span class='ocrx_word' id='word_1_471' title='bbox 3011 3062 3321 3124; x_wconf 82' lang='lat' dir='ltr'><strong>sequuntur</strong></span> <span class='ocrx_word' id='word_1_472' title='bbox 3343 3070 3470 3110; x_wconf 88' lang='lat' dir='ltr'><strong>con-</strong></span> 
     </span>
    </p>
   </div>
   <div class='ocr_carea' id='block_1_60' title="bbox 1884 3145 3469 3216">
    <p class='ocr_par' dir='ltr' id='par_1_60' title="bbox 1884 3145 3469 3216">
     <span class='ocr_line' id='line_1_60' title="bbox 1884 3145 3469 3216; baseline -0.003 -12"><span class='ocrx_word' id='word_1_473' title='bbox 1884 3150 2170 3213; x_wconf 88' lang='lat' dir='ltr'><strong>ferantur,</strong></span> <span class='ocrx_word' id='word_1_474' title='bbox 2211 3149 2460 3216; x_wconf 88' lang='lat' dir='ltr'><strong>priorum</strong></span> <span class='ocrx_word' id='word_1_475' title='bbox 2511 3146 2833 3200; x_wconf 85' lang='lat' dir='ltr'><strong>memoriam</strong></span> <span class='ocrx_word' id='word_1_476' title='bbox 2867 3145 3205 3201; x_wconf 89' lang='lat' dir='ltr'><strong>oblitterabit</strong></span> <span class='ocrx_word' id='word_1_477' title='bbox 3234 3147 3469 3201; x_wconf 88' lang='lat' dir='ltr'><strong>istorum</strong></span> 
     </span>
    </p>
   </div>
   <div class='ocr_carea' id='block_1_61' title="bbox 181 3224 1772 3335">
    <p class='ocr_par' dir='ltr' id='par_1_61' title="bbox 181 3240 1772 3316">
     <span class='ocr_line' id='line_1_61' title="bbox 181 3240 1772 3316; baseline -0.006 -16"><span class='ocrx_word' id='word_1_478' title='bbox 181 3245 333 3316; x_wconf 74' lang='grc' dir='ltr'>φησί.</span> <span class='ocrx_word' id='word_1_479' title='bbox 365 3244 501 3296; x_wconf 85' lang='grc' dir='ltr'>Τίνα</span> <span class='ocrx_word' id='word_1_480' title='bbox 532 3243 589 3296; x_wconf 84' lang='grc' dir='ltr'>δὲ</span> <span class='ocrx_word' id='word_1_481' title='bbox 620 3240 689 3296; x_wconf 79' lang='grc' dir='ltr'>τὰ</span> <span class='ocrx_word' id='word_1_482' title='bbox 714 3245 911 3306; x_wconf 77' lang='grc' dir='ltr'>καινὰ,</span> <span class='ocrx_word' id='word_1_483' title='bbox 942 3242 979 3297; x_wconf 67' lang='grc' dir='ltr'><strong>ἃ.</strong></span> <span class='ocrx_word' id='word_1_484' title='bbox 1011 3244 1154 3296; x_wconf 79' lang='grc' dir='ltr'>κατὰ</span> <span class='ocrx_word' id='word_1_485' title='bbox 1183 3242 1273 3295; x_wconf 80' lang='grc' dir='ltr'><strong>τὸν</strong></span> <span class='ocrx_word' id='word_1_486' title='bbox 1309 3242 1500 3313; x_wconf 76' lang='grc' dir='ltr'>καιρὸν</span> <span class='ocrx_word' id='word_1_487' title='bbox 1527 3241 1616 3294; x_wconf 81' lang='grc' dir='ltr'><strong>τὸν</strong></span> <span class='ocrx_word' id='word_1_488' title='bbox 1645 3240 1772 3292; x_wconf 82' lang='grc' dir='ltr'>ἴδιον</span> 
     </span>
    </p>
   </div>
   <div class='ocr_carea' id='block_1_62' title="bbox 1878 3224 3474 3335">
    <p class='ocr_par' dir='ltr' id='par_1_62' title="bbox 1888 3236 3474 3309">
     <span class='ocr_line' id='line_1_62' title="bbox 1888 3236 3474 3309; baseline -0.003 -15"><span class='ocrx_word' id='word_1_489' title='bbox 1888 3237 2234 3309; x_wconf 75' lang='lat' dir='ltr'><strong>magnitudo.</strong></span> <span class='ocrx_word' id='word_1_490' title='bbox 2275 3238 2345 3291; x_wconf 87' lang='lat' dir='ltr'><strong>At</strong></span> <span class='ocrx_word' id='word_1_491' title='bbox 2386 3236 2533 3307; x_wconf 89' lang='lat' dir='ltr'><strong>quod</strong></span> <span class='ocrx_word' id='word_1_492' title='bbox 2562 3236 2652 3291; x_wconf 90' lang='lat' dir='ltr'><strong>hic</strong></span> <span class='ocrx_word' id='word_1_493' title='bbox 2694 3236 2929 3306; x_wconf 80' lang='lat' dir='ltr'><strong>colligite</strong></span> <span class='ocrx_word' id='word_1_494' title='bbox 2970 3237 3259 3301; x_wconf 87' lang='lat' dir='ltr'><strong>habemus,</strong></span> <span class='ocrx_word' id='word_1_495' title='bbox 3297 3236 3474 3291; x_wconf 74' lang='lat' dir='ltr'><strong>consi-</strong></span> 
     </span>
    </p>
   </div>
   <div class='ocr_carea' id='block_1_63' title="bbox 178 3330 1775 3410">
    <p class='ocr_par' dir='ltr' id='par_1_63' title="bbox 178 3330 1775 3410">
     <span class='ocr_line' id='line_1_63' title="bbox 178 3330 1775 3410; baseline -0.006 -18"><span class='ocrx_word' id='word_1_496' title='bbox 178 3339 525 3410; x_wconf 48' lang='grc' dir='ltr'>γνώσεσθε</span> <span class='ocrx_word' id='word_1_497' title='bbox 572 3336 675 3389; x_wconf 83' lang='grc' dir='ltr'><em>Ἕν</em></span> <span class='ocrx_word' id='word_1_498' title='bbox 702 3333 777 3403; x_wconf 77' lang='grc' dir='ltr'>τῇ</span> <span class='ocrx_word' id='word_1_499' title='bbox 807 3334 1006 3403; x_wconf 80' lang='grc' dir='ltr'>ἐρήμῳ</span> <span class='ocrx_word' id='word_1_500' title='bbox 1037 3333 1274 3402; x_wconf 82' lang='grc' dir='ltr'>ποιήσω</span> <span class='ocrx_word' id='word_1_501' title='bbox 1309 3332 1555 3387; x_wconf 76' lang='grc' dir='ltr'>όδόν.⁹ίι</span> <span class='ocrx_word' id='word_1_502' title='bbox 1584 3331 1693 3401; x_wconf 71' lang='grc' dir='ltr'>γὰρ</span> <span class='ocrx_word' id='word_1_503' title='bbox 1718 3330 1775 3396; x_wconf 81' lang='grc' dir='ltr'><strong>ἐξ</strong></span> 
     </span>
    </p>
   </div>
   <div class='ocr_carea' id='block_1_64' title="bbox 177 3418 1776 3495">
    <p class='ocr_par' dir='ltr' id='par_1_64' title="bbox 177 3418 1776 3495">
     <span class='ocr_line' id='line_1_64' title="bbox 177 3418 1776 3495; baseline -0.007 -13"><span class='ocrx_word' id='word_1_504' title='bbox 177 3428 353 3482; x_wconf 81' lang='grc' dir='ltr'>ἐθνῶν</span> <span class='ocrx_word' id='word_1_505' title='bbox 396 3424 695 3495; x_wconf 77' lang='grc' dir='ltr'>Ἐκκλησία</span> <span class='ocrx_word' id='word_1_506' title='bbox 721 3423 988 3495; x_wconf 86' lang='grc' dir='ltr'>πρότερον</span> <span class='ocrx_word' id='word_1_507' title='bbox 1027 3423 1253 3491; x_wconf 78' lang='grc' dir='ltr'>ἕρημος</span> <span class='ocrx_word' id='word_1_508' title='bbox 1286 3418 1423 3475; x_wconf 82' lang='grc' dir='ltr'>οὖσα</span> <span class='ocrx_word' id='word_1_509' title='bbox 1448 3421 1596 3475; x_wconf 82' lang='grc' dir='ltr'>Θεοῦ</span> <span class='ocrx_word' id='word_1_510' title='bbox 1626 3418 1776 3489; x_wconf 78' lang='grc' dir='ltr'>γνώ-</span> 
     </span>
    </p>
   </div>
   <div class='ocr_carea' id='block_1_65' title="bbox 178 3507 1776 3590">
    <p class='ocr_par' dir='ltr' id='par_1_65' title="bbox 178 3507 1776 3590">
     <span class='ocr_line' id='line_1_65' title="bbox 178 3507 1776 3590; baseline -0.008 -15"><span class='ocrx_word' id='word_1_511' title='bbox 178 3539 338 3586; x_wconf 78' lang='grc' dir='ltr'>σεως</span> <span class='ocrx_word' id='word_1_512' title='bbox 389 3517 634 3590; x_wconf 82' lang='grc' dir='ltr'>(ταύτης</span> <span class='ocrx_word' id='word_1_513' title='bbox 666 3516 778 3585; x_wconf 77' lang='grc' dir='ltr'>γὰρ</span> <span class='ocrx_word' id='word_1_514' title='bbox 826 3516 875 3569; x_wconf 81' lang='grc' dir='ltr'>οἱ</span> <span class='ocrx_word' id='word_1_515' title='bbox 922 3513 1254 3579; x_wconf 87' lang='grc' dir='ltr'>διδάσκαλοι,</span> <span class='ocrx_word' id='word_1_516' title='bbox 1291 3514 1593 3582; x_wconf 83' lang='grc' dir='ltr'>φάσκοντες</span> <span class='ocrx_word' id='word_1_517' title='bbox 1637 3507 1776 3565; x_wconf 82' lang='grc' dir='ltr'>εἶναι</span> 
     </span>
    </p>
   </div>
   <div class='ocr_carea' id='block_1_66' title="bbox 178 3604 1777 3684">
    <p class='ocr_par' dir='ltr' id='par_1_66' title="bbox 178 3604 1777 3684">
     <span class='ocr_line' id='line_1_66' title="bbox 178 3604 1777 3684; baseline -0.008 -16"><span class='ocrx_word' id='word_1_518' title='bbox 178 3614 360 3684; x_wconf 75' lang='grc' dir='ltr'>σοφοὶ,</span> <span class='ocrx_word' id='word_1_519' title='bbox 390 3608 823 3681; x_wconf 78' lang='grc' dir='ltr'>ἐμωράνθησαν)</span> <span class='ocrx_word' id='word_1_520' title='bbox 856 3606 1012 3678; x_wconf 72' lang='grc' dir='ltr'>ἔσχεν</span> <span class='ocrx_word' id='word_1_521' title='bbox 1043 3607 1190 3662; x_wconf 74' lang='grc' dir='ltr'><strong>ὁδὸν</strong></span> <span class='ocrx_word' id='word_1_522' title='bbox 1216 3607 1307 3660; x_wconf 83' lang='grc' dir='ltr'><strong>τὸν</strong></span> <span class='ocrx_word' id='word_1_523' title='bbox 1332 3605 1565 3675; x_wconf 73' lang='grc' dir='ltr'>Χριστὸν</span> <span class='ocrx_word' id='word_1_524' title='bbox 1592 3604 1777 3656; x_wconf 78' lang='grc' dir='ltr'>εἰπόν-</span> 
     </span>
    </p>
   </div>
   <div class='ocr_carea' id='block_1_67' title="bbox 175 3695 1778 3773">
    <p class='ocr_par' dir='ltr' id='par_1_67' title="bbox 175 3695 1778 3773">
     <span class='ocr_line' id='line_1_67' title="bbox 175 3695 1778 3773; baseline -0.009 -14"><span class='ocrx_word' id='word_1_525' title='bbox 175 3724 278 3760; x_wconf 82' lang='grc' dir='ltr'>τα·</span> <span class='ocrx_word' id='word_1_526' title='bbox 318 3724 338 3756; x_wconf 74' lang='grc' dir='ltr'><strong>ι</strong></span> <span class='ocrx_word' id='word_1_527' title='bbox 377 3702 520 3773; x_wconf 83' lang='grc' dir='ltr'><strong>Ἑγώ</strong></span> <span class='ocrx_word' id='word_1_528' title='bbox 550 3706 665 3773; x_wconf 88' lang='grc' dir='ltr'>εἰμι</span> <span class='ocrx_word' id='word_1_529' title='bbox 693 3701 884 3773; x_wconf 84' lang='grc' dir='ltr'>ἡὸδός·</span> <span class='ocrx_word' id='word_1_530' title='bbox 906 3720 925 3753; x_wconf 82' lang='grc' dir='ltr'><strong>ι</strong></span> <span class='ocrx_word' id='word_1_531' title='bbox 962 3700 993 3769; x_wconf 80' lang='grc' dir='ltr'>ἢ</span> <span class='ocrx_word' id='word_1_532' title='bbox 1024 3700 1121 3752; x_wconf 79' lang='grc' dir='ltr'><strong>καὶ</strong></span> <span class='ocrx_word' id='word_1_533' title='bbox 1148 3699 1211 3752; x_wconf 81' lang='grc' dir='ltr'><strong>τὸ</strong></span> <span class='ocrx_word' id='word_1_534' title='bbox 1237 3698 1500 3768; x_wconf 84' lang='grc' dir='ltr'>κήρυγμα</span> <span class='ocrx_word' id='word_1_535' title='bbox 1522 3696 1583 3749; x_wconf 88' lang='grc' dir='ltr'><strong>τὸ</strong></span> <span class='ocrx_word' id='word_1_536' title='bbox 1614 3695 1778 3762; x_wconf 82' lang='grc' dir='ltr'>εὐαγ-</span> 
     </span>
    </p>
   </div>
   <div class='ocr_carea' id='block_1_68' title="bbox 175 3785 1777 3867">
    <p class='ocr_par' dir='ltr' id='par_1_68' title="bbox 175 3785 1777 3867">
     <span class='ocr_line' id='line_1_68' title="bbox 175 3785 1777 3867; baseline -0.009 -16"><span class='ocrx_word' id='word_1_537' title='bbox 175 3797 407 3867; x_wconf 74' lang='grc' dir='ltr'>γελικδν</span> <span class='ocrx_word' id='word_1_538' title='bbox 438 3797 531 3849; x_wconf 74' lang='grc' dir='ltr'><strong>καὶ</strong></span> <span class='ocrx_word' id='word_1_539' title='bbox 558 3796 845 3864; x_wconf 77' lang='grc' dir='ltr'>σωτήριον.</span> <span class='ocrx_word' id='word_1_540' title='bbox 885 3791 997 3862; x_wconf 81' lang='grc' dir='ltr'>Τὴν</span> <span class='ocrx_word' id='word_1_541' title='bbox 1027 3791 1087 3845; x_wconf 83' lang='grc' dir='ltr'>δὲ</span> <span class='ocrx_word' id='word_1_542' title='bbox 1130 3790 1260 3861; x_wconf 79' lang='grc' dir='ltr'>πρὶν</span> <span class='ocrx_word' id='word_1_543' title='bbox 1307 3787 1488 3842; x_wconf 83' lang='grc' dir='ltr'>αὐτῶν</span> <span class='ocrx_word' id='word_1_544' title='bbox 1538 3785 1777 3856; x_wconf 80' lang='grc' dir='ltr'>ἐρημίαν</span> 
     </span>
    </p>
   </div>
   <div class='ocr_carea' id='block_1_69' title="bbox 178 3877 1777 3961">
    <p class='ocr_par' dir='ltr' id='par_1_69' title="bbox 178 3877 1777 3961">
     <span class='ocr_line' id='line_1_69' title="bbox 178 3877 1777 3961; baseline -0.009 -16"><span class='ocrx_word' id='word_1_545' title='bbox 178 3890 458 3961; x_wconf 78' lang='grc' dir='ltr'>ἐδήλωσεν</span> <span class='ocrx_word' id='word_1_546' title='bbox 486 3888 516 3940; x_wconf 85' lang='grc' dir='ltr'>ὁ</span> <span class='ocrx_word' id='word_1_547' title='bbox 545 3884 710 3939; x_wconf 71' lang='grc' dir='ltr'>Δαϐὶδ</span> <span class='ocrx_word' id='word_1_548' title='bbox 741 3884 941 3952; x_wconf 75' lang='grc' dir='ltr'><strong>λέγων⁹</strong></span> <span class='ocrx_word' id='word_1_549' title='bbox 984 3900 1002 3933; x_wconf 78' lang='grc' dir='ltr'><strong>ι</strong></span> <span class='ocrx_word' id='word_1_550' title='bbox 1037 3882 1152 3936; x_wconf 78' lang='grc' dir='ltr'>Οὐκ</span> <span class='ocrx_word' id='word_1_551' title='bbox 1190 3880 1305 3934; x_wconf 74' lang='grc' dir='ltr'>ἐστι</span> <span class='ocrx_word' id='word_1_552' title='bbox 1347 3878 1515 3932; x_wconf 86' lang='grc' dir='ltr'>ποιῶν</span> <span class='ocrx_word' id='word_1_553' title='bbox 1541 3877 1777 3948; x_wconf 86' lang='grc' dir='ltr'>χρηστό-</span> 
     </span>
    </p>
   </div>
   <div class='ocr_carea' id='block_1_70' title="bbox 179 3968 1778 4052">
    <p class='ocr_par' dir='ltr' id='par_1_70' title="bbox 179 3968 1778 4052">
     <span class='ocr_line' id='line_1_70' title="bbox 179 3968 1778 4052; baseline -0.01 -17"><span class='ocrx_word' id='word_1_554' title='bbox 179 3999 348 4052; x_wconf 83' lang='grc' dir='ltr'>τητα,</span> <span class='ocrx_word' id='word_1_555' title='bbox 368 3980 472 4033; x_wconf 84' lang='grc' dir='ltr'><strong>οὐκ</strong></span> <span class='ocrx_word' id='word_1_556' title='bbox 501 3978 648 4031; x_wconf 74' lang='grc' dir='ltr'>ἔστιν</span> <span class='ocrx_word' id='word_1_557' title='bbox 676 3975 779 4039; x_wconf 68' lang='grc' dir='ltr'>ἕως</span> <span class='ocrx_word' id='word_1_558' title='bbox 807 3974 945 4038; x_wconf 78' lang='grc' dir='ltr'>ἑνός.</span> <span class='ocrx_word' id='word_1_559' title='bbox 978 3974 1221 4042; x_wconf 73' lang='grc' dir='ltr'>»Ὥσπερ</span> <span class='ocrx_word' id='word_1_560' title='bbox 1248 3971 1305 4023; x_wconf 79' lang='grc' dir='ltr'>δὲ</span> <span class='ocrx_word' id='word_1_561' title='bbox 1326 3971 1439 4024; x_wconf 82' lang='grc' dir='ltr'>ἄνω</span> <span class='ocrx_word' id='word_1_562' title='bbox 1460 3973 1524 4023; x_wconf 87' lang='grc' dir='ltr'><strong>ἐκ</strong></span> <span class='ocrx_word' id='word_1_563' title='bbox 1546 3968 1778 4038; x_wconf 84' lang='grc' dir='ltr'>μερικῆς</span> 
     </span>
    </p>
   </div>
   <div class='ocr_carea' id='block_1_71' title="bbox 180 4057 1779 4141">
    <p class='ocr_par' dir='ltr' id='par_1_71' title="bbox 180 4057 1779 4141">
     <span class='ocr_line' id='line_1_71' title="bbox 180 4057 1779 4141; baseline -0.011 -13"><span class='ocrx_word' id='word_1_564' title='bbox 180 4072 549 4141; x_wconf 76' lang='grc' dir='ltr'>..ιι-τρώσεως</span> <span class='ocrx_word' id='word_1_565' title='bbox 580 4070 672 4122; x_wconf 73' lang='grc' dir='ltr'><strong>ἐπὶ</strong></span> <span class='ocrx_word' id='word_1_566' title='bbox 700 4068 801 4129; x_wconf 83' lang='grc' dir='ltr'>τὴν</span> <span class='ocrx_word' id='word_1_567' title='bbox 833 4065 1062 4120; x_wconf 85' lang='grc' dir='ltr'>καθόλου</span> <span class='ocrx_word' id='word_1_568' title='bbox 1097 4061 1350 4135; x_wconf 81' lang='grc' dir='ltr'>μετῆλθε,</span> <span class='ocrx_word' id='word_1_569' title='bbox 1382 4061 1481 4129; x_wconf 85' lang='grc' dir='ltr'>τὴν</span> <span class='ocrx_word' id='word_1_570' title='bbox 1511 4057 1779 4121; x_wconf 80' lang='grc' dir='ltr'>ἀνάδειξιν</span> 
     </span>
    </p>
   </div>
   <div class='ocr_carea' id='block_1_72' title="bbox 184 4147 1780 4228">
    <p class='ocr_par' dir='ltr' id='par_1_72' title="bbox 184 4147 1780 4228">
     <span class='ocr_line' id='line_1_72' title="bbox 184 4147 1780 4228; baseline -0.011 -10"><span class='ocrx_word' id='word_1_571' title='bbox 184 4164 365 4218; x_wconf 75' lang='grc' dir='ltr'>εἰπὼν</span> <span class='ocrx_word' id='word_1_572' title='bbox 418 4160 514 4215; x_wconf 78' lang='grc' dir='ltr'><strong>τοῦ</strong></span> <span class='ocrx_word' id='word_1_573' title='bbox 567 4157 830 4228; x_wconf 84' lang='grc' dir='ltr'>βασιλέως</span> <span class='ocrx_word' id='word_1_574' title='bbox 864 4153 1126 4227; x_wconf 79' lang='grc' dir='ltr'>Χριστοῦ,</span> <span class='ocrx_word' id='word_1_575' title='bbox 1157 4152 1300 4206; x_wconf 76' lang='grc' dir='ltr'>οὕτω</span> <span class='ocrx_word' id='word_1_576' title='bbox 1349 4151 1446 4203; x_wconf 72' lang='grc' dir='ltr'><strong>καὶ</strong></span> <span class='ocrx_word' id='word_1_577' title='bbox 1491 4148 1586 4202; x_wconf 89' lang='grc' dir='ltr'><strong>νῦν</strong></span> <span class='ocrx_word' id='word_1_578' title='bbox 1636 4147 1780 4201; x_wconf 81' lang='grc' dir='ltr'>ὀδοῦ</span> 
     </span>
    </p>
   </div>
   <div class='ocr_carea' id='block_1_73' title="bbox 190 4229 1782 4325">
    <p class='ocr_par' dir='ltr' id='par_1_73' title="bbox 190 4229 1782 4325">
     <span class='ocr_line' id='line_1_73' title="bbox 190 4229 1782 4325; baseline -0.011 -17"><span class='ocrx_word' id='word_1_579' title='bbox 190 4232 597 4325; x_wconf 67' lang='grc' dir='ltr'>μνησθεὶςτῆς</span> <span class='ocrx_word' id='word_1_580' title='bbox 626 4250 698 4303; x_wconf 74' lang='grc' dir='ltr'>ἐν</span> <span class='ocrx_word' id='word_1_581' title='bbox 728 4248 921 4313; x_wconf 82' lang='grc' dir='ltr'>ὕδατι,</span> <span class='ocrx_word' id='word_1_582' title='bbox 958 4248 1050 4299; x_wconf 75' lang='grc' dir='ltr'><strong>ἐπὶ</strong></span> <span class='ocrx_word' id='word_1_583' title='bbox 1096 4244 1160 4298; x_wconf 82' lang='grc' dir='ltr'>τὸ</span> <span class='ocrx_word' id='word_1_584' title='bbox 1186 4229 1427 4315; x_wconf 78' lang='grc' dir='ltr'>Χριστοῦ</span> <span class='ocrx_word' id='word_1_585' title='bbox 1481 4242 1782 4310; x_wconf 80' lang='grc' dir='ltr'>μυστήριον</span> 
     </span>
    </p>
   </div>
   <div class='ocr_carea' id='block_1_74' title="bbox 193 4328 1780 4413">
    <p class='ocr_par' dir='ltr' id='par_1_74' title="bbox 193 4328 1780 4413">
     <span class='ocr_line' id='line_1_74' title="bbox 193 4328 1780 4413; baseline -0.01 -16"><span class='ocrx_word' id='word_1_586' title='bbox 193 4342 487 4413; x_wconf 79' lang='grc' dir='ltr'>μετῆλθεν.</span> <span class='ocrx_word' id='word_1_587' title='bbox 518 4341 610 4393; x_wconf 68' lang='lat' dir='ltr'><strong>At?)</strong></span> <span class='ocrx_word' id='word_1_588' title='bbox 645 4337 787 4411; x_wconf 77' lang='grc' dir='ltr'>λήθῃ</span> <span class='ocrx_word' id='word_1_589' title='bbox 818 4337 885 4391; x_wconf 78' lang='grc' dir='ltr'><strong>τά</strong></span> <span class='ocrx_word' id='word_1_590' title='bbox 926 4335 1119 4408; x_wconf 82' lang='grc' dir='ltr'>πρῶτα</span> <span class='ocrx_word' id='word_1_591' title='bbox 1150 4331 1488 4403; x_wconf 79' lang='grc' dir='ltr'>παραδοῦναί</span> <span class='ocrx_word' id='word_1_592' title='bbox 1522 4347 1654 4401; x_wconf 87' lang='grc' dir='ltr'>φησι</span> <span class='ocrx_word' id='word_1_593' title='bbox 1686 4328 1780 4382; x_wconf 88' lang='grc' dir='ltr'><strong>τοῦ</strong></span> 
     </span>
    </p>
   </div>
   <div class='ocr_carea' id='block_1_75' title="bbox 193 4422 1783 4505">
    <p class='ocr_par' dir='ltr' id='par_1_75' title="bbox 193 4422 1783 4505">
     <span class='ocr_line' id='line_1_75' title="bbox 193 4422 1783 4505; baseline -0.01 -16"><span class='ocrx_word' id='word_1_594' title='bbox 193 4423 541 4505; x_wconf 72' lang='grc' dir='ltr'>βραχυτέρου</span> <span class='ocrx_word' id='word_1_595' title='bbox 586 4427 1000 4499; x_wconf 82' lang='grc' dir='ltr'>καλυπτομένου</span> <span class='ocrx_word' id='word_1_596' title='bbox 1044 4425 1124 4499; x_wconf 81' lang='grc' dir='ltr'>τῷ</span> <span class='ocrx_word' id='word_1_597' title='bbox 1182 4422 1408 4497; x_wconf 76' lang='grc' dir='ltr'>μείζονι,</span> <span class='ocrx_word' id='word_1_598' title='bbox 1438 4424 1621 4477; x_wconf 81' lang='grc' dir='ltr'>ὁποῖόν</span> <span class='ocrx_word' id='word_1_599' title='bbox 1667 4424 1783 4475; x_wconf 87' lang='grc' dir='ltr'>ἐστι</span> 
     </span>
    </p>
   </div>
   <div class='ocr_carea' id='block_1_76' title="bbox 191 4510 1784 4596">
    <p class='ocr_par' dir='ltr' id='par_1_76' title="bbox 191 4510 1784 4596">
     <span class='ocr_line' id='line_1_76' title="bbox 191 4510 1784 4596; baseline -0.011 -15"><span class='ocrx_word' id='word_1_600' title='bbox 191 4526 291 4581; x_wconf 71' lang='grc' dir='ltr'><strong>καὶ</strong></span> <span class='ocrx_word' id='word_1_601' title='bbox 316 4510 424 4577; x_wconf 76' lang='grc' dir='ltr'>τό·’</span> <span class='ocrx_word' id='word_1_602' title='bbox 445 4541 465 4573; x_wconf 75' lang='grc' dir='ltr'><strong>ι</strong></span> <span class='ocrx_word' id='word_1_603' title='bbox 490 4521 585 4575; x_wconf 82' lang='grc' dir='ltr'>Ἐκ</span> <span class='ocrx_word' id='word_1_604' title='bbox 626 4521 825 4591; x_wconf 84' lang='grc' dir='ltr'>μέρους</span> <span class='ocrx_word' id='word_1_605' title='bbox 865 4515 1351 4588; x_wconf 82' lang='grc' dir='ltr'>γινώσκομεν.Ὅτ’</span> <span class='ocrx_word' id='word_1_606' title='bbox 1382 4513 1448 4568; x_wconf 83' lang='grc' dir='ltr'><strong>ἂν</strong></span> <span class='ocrx_word' id='word_1_607' title='bbox 1477 4513 1533 4566; x_wconf 81' lang='grc' dir='ltr'>δὲ</span> <span class='ocrx_word' id='word_1_608' title='bbox 1566 4512 1696 4584; x_wconf 76' lang='grc' dir='ltr'>ἔλθῃ</span> <span class='ocrx_word' id='word_1_609' title='bbox 1722 4512 1784 4596; x_wconf 51' lang='lat' dir='ltr'><strong>eo</strong></span> 
     </span>
    </p>
   </div>
   <div class='ocr_carea' id='block_1_77' title="bbox 1880 3326 3470 3401">
    <p class='ocr_par' dir='ltr' id='par_1_77' title="bbox 1880 3326 3470 3401">
     <span class='ocr_line' id='line_1_77' title="bbox 1880 3326 3470 3401; baseline -0.002 -16"><span class='ocrx_word' id='word_1_610' title='bbox 1880 3332 2064 3387; x_wconf 87' lang='lat' dir='ltr'><strong>derate</strong></span> <span class='ocrx_word' id='word_1_611' title='bbox 2089 3330 2231 3385; x_wconf 86' lang='lat' dir='ltr'><strong>dixit</strong></span> <span class='ocrx_word' id='word_1_612' title='bbox 2274 3328 2666 3401; x_wconf 86' lang='lat' dir='ltr'><strong>Symmachus.</strong></span> <span class='ocrx_word' id='word_1_613' title='bbox 2700 3326 2805 3384; x_wconf 89' lang='lat' dir='ltr'><strong>Sed</strong></span> <span class='ocrx_word' id='word_1_614' title='bbox 2846 3343 2969 3398; x_wconf 60' lang='lat' dir='ltr'><strong>qua:</strong></span> <span class='ocrx_word' id='word_1_615' title='bbox 3014 3345 3151 3383; x_wconf 76' lang='lat' dir='ltr'><strong>nova</strong></span> <span class='ocrx_word' id='word_1_616' title='bbox 3183 3330 3274 3385; x_wconf 87' lang='lat' dir='ltr'><strong>illa</strong></span> <span class='ocrx_word' id='word_1_617' title='bbox 3318 3336 3470 3391; x_wconf 86' lang='lat' dir='ltr'><strong>sunt.</strong></span> 
     </span>
    </p>
   </div>
   <div class='ocr_carea' id='block_1_78' title="bbox 1880 3415 3472 3491">
    <p class='ocr_par' dir='ltr' id='par_1_78' title="bbox 1880 3415 3472 3491">
     <span class='ocr_line' id='line_1_78' title="bbox 1880 3415 3472 3491; baseline -0.002 -17"><span class='ocrx_word' id='word_1_618' title='bbox 1880 3436 2002 3491; x_wconf 64' lang='lat' dir='ltr'><strong>quae</strong></span> <span class='ocrx_word' id='word_1_619' title='bbox 2044 3436 2145 3476; x_wconf 89' lang='lat' dir='ltr'><strong>suo</strong></span> <span class='ocrx_word' id='word_1_620' title='bbox 2181 3427 2424 3488; x_wconf 89' lang='lat' dir='ltr'><strong>tempore</strong></span> <span class='ocrx_word' id='word_1_621' title='bbox 2475 3417 2745 3488; x_wconf 81' lang='lat' dir='ltr'><strong>cognituri</strong></span> <span class='ocrx_word' id='word_1_622' title='bbox 2782 3417 2958 3471; x_wconf 76' lang='lat' dir='ltr'><strong>estis?</strong></span> <span class='ocrx_word' id='word_1_623' title='bbox 2993 3415 3058 3471; x_wconf 86' lang='lat' dir='ltr'><strong>In</strong></span> <span class='ocrx_word' id='word_1_624' title='bbox 3090 3416 3298 3472; x_wconf 71' lang='lat' dir='ltr'><strong>deserto</strong></span> <span class='ocrx_word' id='word_1_625' title='bbox 3335 3420 3472 3473; x_wconf 79' lang='lat' dir='ltr'><strong>viam</strong></span> 
     </span>
    </p>
   </div>
   <div class='ocr_carea' id='block_1_79' title="bbox 1881 3504 3478 3579">
    <p class='ocr_par' dir='ltr' id='par_1_79' title="bbox 1881 3504 3478 3579">
     <span class='ocr_line' id='line_1_79' title="bbox 1881 3504 3478 3579; baseline -0.003 -15"><span class='ocrx_word' id='word_1_626' title='bbox 1881 3511 2101 3579; x_wconf 76' lang='lat' dir='ltr'><strong>faciant.</strong></span> <span class='ocrx_word' id='word_1_627' title='bbox 2136 3506 2256 3578; x_wconf 88' lang='lat' dir='ltr'><strong>Ipsa</strong></span> <span class='ocrx_word' id='word_1_628' title='bbox 2289 3506 2560 3576; x_wconf 89' lang='lat' dir='ltr'><strong>siquidem</strong></span> <span class='ocrx_word' id='word_1_629' title='bbox 2594 3505 2837 3574; x_wconf 80' lang='lat' dir='ltr'><strong>gentium</strong></span> <span class='ocrx_word' id='word_1_630' title='bbox 2874 3504 3118 3563; x_wconf 84' lang='lat' dir='ltr'><strong>Ecclesia</strong></span> <span class='ocrx_word' id='word_1_631' title='bbox 3156 3504 3252 3560; x_wconf 82' lang='lat' dir='ltr'><strong>Dei</strong></span> <span class='ocrx_word' id='word_1_632' title='bbox 3289 3508 3478 3576; x_wconf 80' lang='lat' dir='ltr'><strong>cogni-</strong></span> 
     </span>
    </p>
   </div>
   <div class='ocr_carea' id='block_1_80' title="bbox 1882 3596 3478 3669">
    <p class='ocr_par' dir='ltr' id='par_1_80' title="bbox 1882 3596 3478 3669">
     <span class='ocr_line' id='line_1_80' title="bbox 1882 3596 3478 3669; baseline -0.002 -13"><span class='ocrx_word' id='word_1_633' title='bbox 1882 3604 2025 3657; x_wconf 83' lang='lat' dir='ltr'><strong>tione</strong></span> <span class='ocrx_word' id='word_1_634' title='bbox 2056 3612 2215 3655; x_wconf 89' lang='lat' dir='ltr'><strong>antea</strong></span> <span class='ocrx_word' id='word_1_635' title='bbox 2249 3599 2533 3662; x_wconf 85' lang='lat' dir='ltr'><strong>destituta,</strong></span> <span class='ocrx_word' id='word_1_636' title='bbox 2571 3604 2627 3650; x_wconf 83' lang='lat' dir='ltr'><strong>et</strong></span> <span class='ocrx_word' id='word_1_637' title='bbox 2645 3596 2859 3652; x_wconf 78' lang='lat' dir='ltr'><strong>deserta</strong></span> <span class='ocrx_word' id='word_1_638' title='bbox 2882 3598 3074 3669; x_wconf 83' lang='lat' dir='ltr'><strong>(hujus</strong></span> <span class='ocrx_word' id='word_1_639' title='bbox 3097 3599 3245 3653; x_wconf 90' lang='lat' dir='ltr'><strong>enim</strong></span> <span class='ocrx_word' id='word_1_640' title='bbox 3278 3599 3478 3654; x_wconf 41' lang='lat' dir='ltr'><strong>docto,</strong></span> 
     </span>
    </p>
   </div>
   <div class='ocr_carea' id='block_1_81' title="bbox 1879 3690 3476 3761">
    <p class='ocr_par' dir='ltr' id='par_1_81' title="bbox 1879 3690 3476 3761">
     <span class='ocr_line' id='line_1_81' title="bbox 1879 3690 3476 3761; baseline -0.002 -12"><span class='ocrx_word' id='word_1_641' title='bbox 1879 3710 1991 3759; x_wconf 89' lang='lat' dir='ltr'><strong>res,</strong></span> <span class='ocrx_word' id='word_1_642' title='bbox 2039 3707 2166 3748; x_wconf 93' lang='lat' dir='ltr'><strong>cum</strong></span> <span class='ocrx_word' id='word_1_643' title='bbox 2218 3706 2278 3747; x_wconf 86' lang='lat' dir='ltr'><strong>se</strong></span> <span class='ocrx_word' id='word_1_644' title='bbox 2312 3691 2595 3761; x_wconf 86' lang='lat' dir='ltr'><strong>sapientes</strong></span> <span class='ocrx_word' id='word_1_645' title='bbox 2646 3704 2771 3745; x_wconf 85' lang='lat' dir='ltr'><strong>esse</strong></span> <span class='ocrx_word' id='word_1_646' title='bbox 2822 3691 3095 3756; x_wconf 88' lang='lat' dir='ltr'><strong>dicerent,</strong></span> <span class='ocrx_word' id='word_1_647' title='bbox 3133 3691 3293 3746; x_wconf 88' lang='lat' dir='ltr'><strong>stulti</strong></span> <span class='ocrx_word' id='word_1_648' title='bbox 3348 3690 3476 3746; x_wconf 84' lang='lat' dir='ltr'><strong>facti</strong></span> 
     </span>
    </p>
   </div>
   <div class='ocr_carea' id='block_1_82' title="bbox 1881 3781 3479 3855">
    <p class='ocr_par' dir='ltr' id='par_1_82' title="bbox 1881 3781 3479 3855">
     <span class='ocr_line' id='line_1_82' title="bbox 1881 3781 3479 3855; baseline -0.004 -14"><span class='ocrx_word' id='word_1_649' title='bbox 1881 3793 2013 3841; x_wconf 90' lang='lat' dir='ltr'><strong>sunt</strong></span> <span class='ocrx_word' id='word_1_650' title='bbox 2043 3784 2112 3855; x_wconf 78' lang='lat'><strong>“)</strong></span> <span class='ocrx_word' id='word_1_651' title='bbox 2149 3782 2433 3838; x_wconf 91' lang='lat' dir='ltr'><strong>Christum</strong></span> <span class='ocrx_word' id='word_1_652' title='bbox 2475 3784 2678 3851; x_wconf 87' lang='lat' dir='ltr'><strong>ipsum,</strong></span> <span class='ocrx_word' id='word_1_653' title='bbox 2729 3781 2822 3851; x_wconf 92' lang='lat' dir='ltr'><strong>qui</strong></span> <span class='ocrx_word' id='word_1_654' title='bbox 2866 3795 2926 3837; x_wconf 87' lang='lat' dir='ltr'><strong>se</strong></span> <span class='ocrx_word' id='word_1_655' title='bbox 2961 3781 3102 3835; x_wconf 83' lang='lat' dir='ltr'><strong>viam</strong></span> <span class='ocrx_word' id='word_1_656' title='bbox 3139 3794 3264 3835; x_wconf 84' lang='lat' dir='ltr'><strong>esse</strong></span> <span class='ocrx_word' id='word_1_657' title='bbox 3306 3787 3479 3835; x_wconf 88' lang='lat' dir='ltr'><strong>testa-</strong></span> 
     </span>
    </p>
   </div>
   <div class='ocr_carea' id='block_1_83' title="bbox 1881 3869 3476 3942">
    <p class='ocr_par' dir='ltr' id='par_1_83' title="bbox 1881 3869 3476 3942">
     <span class='ocr_line' id='line_1_83' title="bbox 1881 3869 3476 3942; baseline -0.006 -11"><span class='ocrx_word' id='word_1_658' title='bbox 1881 3883 1971 3931; x_wconf 91' lang='lat' dir='ltr'><strong>tur</strong></span> <span class='ocrx_word' id='word_1_659' title='bbox 1998 3875 2065 3942; x_wconf 71' lang='lat'><strong>“,</strong></span> <span class='ocrx_word' id='word_1_660' title='bbox 2098 3872 2577 3942; x_wconf 75' lang='lat' dir='ltr'><strong>evangelicamque</strong></span> <span class='ocrx_word' id='word_1_661' title='bbox 2605 3881 2659 3925; x_wconf 90' lang='lat' dir='ltr'><strong>et</strong></span> <span class='ocrx_word' id='word_1_662' title='bbox 2687 3872 2988 3926; x_wconf 83' lang='lat' dir='ltr'><strong>salutarem</strong></span> <span class='ocrx_word' id='word_1_663' title='bbox 3019 3869 3476 3939; x_wconf 60' lang='lat' dir='ltr'><strong>praedicationem</strong></span> 
     </span>
    </p>
   </div>
   <div class='ocr_carea' id='block_1_84' title="bbox 1881 3952 3478 4035">
    <p class='ocr_par' dir='ltr' id='par_1_84' title="bbox 1881 3952 3478 4035">
     <span class='ocr_line' id='line_1_84' title="bbox 1881 3952 3478 4035; baseline -0.006 -13"><span class='ocrx_word' id='word_1_664' title='bbox 1881 3966 2104 4022; x_wconf 88' lang='lat' dir='ltr'><strong>habuit:</strong></span> <span class='ocrx_word' id='word_1_665' title='bbox 2139 3979 2374 4035; x_wconf 86' lang='lat' dir='ltr'><strong>quorum</strong></span> <span class='ocrx_word' id='word_1_666' title='bbox 2407 3952 3186 4033; x_wconf 68' lang='lat' dir='ltr'><strong>praecedentemsolitudinem</strong></span> <span class='ocrx_word' id='word_1_667' title='bbox 3236 3959 3478 4029; x_wconf 80' lang='lat' dir='ltr'><strong>explica-</strong></span> 
     </span>
    </p>
   </div>
   <div class='ocr_carea' id='block_1_85' title="bbox 1882 4050 3473 4122">
    <p class='ocr_par' dir='ltr' id='par_1_85' title="bbox 1882 4050 3473 4122">
     <span class='ocr_line' id='line_1_85' title="bbox 1882 4050 3473 4122; baseline -0.006 -11"><span class='ocrx_word' id='word_1_668' title='bbox 1882 4059 1958 4114; x_wconf 89' lang='lat' dir='ltr'><strong>vit</strong></span> <span class='ocrx_word' id='word_1_669' title='bbox 1994 4056 2187 4117; x_wconf 86' lang='lat' dir='ltr'><strong>David.</strong></span> <span class='ocrx_word' id='word_1_670' title='bbox 2231 4069 2357 4109; x_wconf 89' lang='lat' dir='ltr'><strong>cum</strong></span> <span class='ocrx_word' id='word_1_671' title='bbox 2398 4054 2508 4108; x_wconf 85' lang='lat' dir='ltr'><strong>ait:</strong></span> <span class='ocrx_word' id='word_1_672' title='bbox 2548 4071 2568 4104; x_wconf 76' lang='grc' dir='ltr'>ί</span> <span class='ocrx_word' id='word_1_673' title='bbox 2606 4050 2727 4108; x_wconf 78' lang='lat' dir='ltr'><strong>Non</strong></span> <span class='ocrx_word' id='word_1_674' title='bbox 2770 4058 2856 4108; x_wconf 90' lang='lat' dir='ltr'><strong>est</strong></span> <span class='ocrx_word' id='word_1_675' title='bbox 2902 4052 2997 4122; x_wconf 91' lang='lat' dir='ltr'><strong>qui</strong></span> <span class='ocrx_word' id='word_1_676' title='bbox 3040 4050 3206 4105; x_wconf 83' lang='lat' dir='ltr'><strong>faciat</strong></span> <span class='ocrx_word' id='word_1_677' title='bbox 3240 4050 3473 4115; x_wconf 86' lang='lat' dir='ltr'><strong>bonum,</strong></span> 
     </span>
    </p>
   </div>
   <div class='ocr_carea' id='block_1_86' title="bbox 1883 4139 3473 4221">
    <p class='ocr_par' dir='ltr' id='par_1_86' title="bbox 1883 4139 3473 4221">
     <span class='ocr_line' id='line_1_86' title="bbox 1883 4139 3473 4221; baseline -0.009 -16"><span class='ocrx_word' id='word_1_678' title='bbox 1883 4166 1992 4205; x_wconf 85' lang='lat' dir='ltr'><strong>non</strong></span> <span class='ocrx_word' id='word_1_679' title='bbox 2031 4156 2117 4204; x_wconf 90' lang='lat' dir='ltr'><strong>est</strong></span> <span class='ocrx_word' id='word_1_680' title='bbox 2158 4160 2330 4217; x_wconf 87' lang='lat' dir='ltr'><strong>usque</strong></span> <span class='ocrx_word' id='word_1_681' title='bbox 2364 4145 2433 4200; x_wconf 85' lang='lat' dir='ltr'><strong>ad</strong></span> <span class='ocrx_word' id='word_1_682' title='bbox 2483 4158 2653 4198; x_wconf 86' lang='lat' dir='ltr'><strong>unum</strong></span> <span class='ocrx_word' id='word_1_683' title='bbox 2687 4143 2754 4195; x_wconf 75' lang='grc' dir='ltr'><strong>⁵ο.</strong></span> <span class='ocrx_word' id='word_1_684' title='bbox 2803 4160 2823 4194; x_wconf 79' lang='grc' dir='ltr'><strong>ι</strong></span> <span class='ocrx_word' id='word_1_685' title='bbox 2858 4141 3128 4221; x_wconf 64' lang='lat' dir='ltr'><strong>Caeterum</strong></span> <span class='ocrx_word' id='word_1_686' title='bbox 3162 4154 3277 4195; x_wconf 89' lang='lat' dir='ltr'><strong>non</strong></span> <span class='ocrx_word' id='word_1_687' title='bbox 3311 4139 3473 4193; x_wconf 87' lang='lat' dir='ltr'><strong>aliter</strong></span> 
     </span>
    </p>
   </div>
   <div class='ocr_carea' id='block_1_87' title="bbox 1884 4229 3591 4314">
    <p class='ocr_par' dir='ltr' id='par_1_87' title="bbox 1884 4229 3591 4314">
     <span class='ocr_line' id='line_1_87' title="bbox 1884 4229 3591 4314; baseline -0.008 -20"><span class='ocrx_word' id='word_1_688' title='bbox 1884 4257 2048 4314; x_wconf 89' lang='lat' dir='ltr'><strong>quam</strong></span> <span class='ocrx_word' id='word_1_689' title='bbox 2079 4240 2340 4309; x_wconf 87' lang='lat' dir='ltr'><strong>superius</strong></span> <span class='ocrx_word' id='word_1_690' title='bbox 2363 4252 2391 4289; x_wconf 91' lang='lat' dir='ltr'><strong>a</strong></span> <span class='ocrx_word' id='word_1_691' title='bbox 2419 4235 2686 4305; x_wconf 77' lang='lat' dir='ltr'><strong>singulari</strong></span> <span class='ocrx_word' id='word_1_692' title='bbox 2721 4231 3104 4301; x_wconf 84' lang='lat' dir='ltr'><strong>redemptione,</strong></span> <span class='ocrx_word' id='word_1_693' title='bbox 3144 4229 3210 4284; x_wconf 90' lang='lat' dir='ltr'><strong>ad</strong></span> <span class='ocrx_word' id='word_1_694' title='bbox 3236 4244 3483 4285; x_wconf 83' lang='lat' dir='ltr'><strong>commu-</strong></span> <span class='ocrx_word' id='word_1_695' title='bbox 3588 4304 3591 4307; x_wconf 82' lang='lat'><em>_</em></span> 
     </span>
    </p>
   </div>
   <div class='ocr_carea' id='block_1_88' title="bbox 1886 4318 3483 4389">
    <p class='ocr_par' dir='ltr' id='par_1_88' title="bbox 1886 4318 3483 4389">
     <span class='ocr_line' id='line_1_88' title="bbox 1886 4318 3483 4389; baseline -0.009 -1"><span class='ocrx_word' id='word_1_696' title='bbox 1886 4349 2009 4389; x_wconf 89' lang='lat' dir='ltr'><strong>nem</strong></span> <span class='ocrx_word' id='word_1_697' title='bbox 2051 4340 2107 4386; x_wconf 92' lang='lat' dir='ltr'><strong>et</strong></span> <span class='ocrx_word' id='word_1_698' title='bbox 2146 4328 2460 4385; x_wconf 84' lang='lat' dir='ltr'><strong>universam</strong></span> <span class='ocrx_word' id='word_1_699' title='bbox 2490 4323 2736 4388; x_wconf 89' lang='lat' dir='ltr'><strong>transiit,</strong></span> <span class='ocrx_word' id='word_1_700' title='bbox 2788 4337 2918 4377; x_wconf 89' lang='lat' dir='ltr'><strong>cum</strong></span> <span class='ocrx_word' id='word_1_701' title='bbox 2971 4321 3039 4376; x_wconf 86' lang='lat' dir='ltr'><strong>de</strong></span> <span class='ocrx_word' id='word_1_702' title='bbox 3079 4319 3290 4375; x_wconf 89' lang='lat' dir='ltr'><strong>Christi</strong></span> <span class='ocrx_word' id='word_1_703' title='bbox 3334 4318 3483 4389; x_wconf 76' lang='lat' dir='ltr'><strong>regis</strong></span> 
     </span>
    </p>
   </div>
   <div class='ocr_carea' id='block_1_89' title="bbox 1887 4412 3486 4483">
    <p class='ocr_par' dir='ltr' id='par_1_89' title="bbox 1887 4412 3486 4483">
     <span class='ocr_line' id='line_1_89' title="bbox 1887 4412 3486 4483; baseline -0.01 -3"><span class='ocrx_word' id='word_1_704' title='bbox 1887 4425 2123 4480; x_wconf 81' lang='lat' dir='ltr'><strong>adventu</strong></span> <span class='ocrx_word' id='word_1_705' title='bbox 2159 4417 2459 4483; x_wconf 86' lang='lat' dir='ltr'><strong>disseruit,</strong></span> <span class='ocrx_word' id='word_1_706' title='bbox 2491 4417 2564 4471; x_wconf 92' lang='lat' dir='ltr'><strong>ita</strong></span> <span class='ocrx_word' id='word_1_707' title='bbox 2604 4425 2661 4471; x_wconf 88' lang='lat' dir='ltr'><strong>et</strong></span> <span class='ocrx_word' id='word_1_708' title='bbox 2694 4429 2869 4479; x_wconf 89' lang='lat' dir='ltr'><strong>nunc,</strong></span> <span class='ocrx_word' id='word_1_709' title='bbox 2896 4423 3186 4483; x_wconf 81' lang='lat' dir='ltr'><strong>postquam</strong></span> <span class='ocrx_word' id='word_1_710' title='bbox 3217 4412 3336 4477; x_wconf 70' lang='lat' dir='ltr'><strong>vite,</strong></span> <span class='ocrx_word' id='word_1_711' title='bbox 3361 4425 3486 4481; x_wconf 71' lang='lat' dir='ltr'><strong>quae</strong></span> 
     </span>
    </p>
   </div>
   <div class='ocr_carea' id='block_1_90' title="bbox 1888 4504 3482 4586">
    <p class='ocr_par' dir='ltr' id='par_1_90' title="bbox 1888 4504 3482 4586">
     <span class='ocr_line' id='line_1_90' title="bbox 1888 4504 3482 4586; baseline -0.012 -15"><span class='ocrx_word' id='word_1_712' title='bbox 1888 4519 1943 4571; x_wconf 83' lang='lat' dir='ltr'><strong>in</strong></span> <span class='ocrx_word' id='word_1_713' title='bbox 1994 4531 2133 4586; x_wconf 83' lang='lat' dir='ltr'><strong>aqua</strong></span> <span class='ocrx_word' id='word_1_714' title='bbox 2178 4520 2286 4572; x_wconf 82' lang='lat' dir='ltr'><strong>est,</strong></span> <span class='ocrx_word' id='word_1_715' title='bbox 2342 4509 2721 4572; x_wconf 74' lang='lat' dir='ltr'><strong>mennnissel,</strong></span> <span class='ocrx_word' id='word_1_716' title='bbox 2782 4506 2852 4562; x_wconf 86' lang='lat' dir='ltr'><strong>ad</strong></span> <span class='ocrx_word' id='word_1_717' title='bbox 2893 4506 3099 4562; x_wconf 78' lang='lat' dir='ltr'><strong>ChriSti</strong></span> <span class='ocrx_word' id='word_1_718' title='bbox 3156 4504 3482 4581; x_wconf 77' lang='lat' dir='ltr'><strong>mysterium</strong></span> 
     </span>
    </p>
   </div>
   <div class='ocr_carea' id='block_1_91' title="bbox 192 4592 1772 4683">
    <p class='ocr_par' dir='ltr' id='par_1_91' title="bbox 192 4592 1772 4683">
     <span class='ocr_line' id='line_1_91' title="bbox 192 4592 1772 4683; baseline -0.009 -13"><span class='ocrx_word' id='word_1_719' title='bbox 192 4617 427 4681; x_wconf 87' lang='grc' dir='ltr'>τέλειον,</span> <span class='ocrx_word' id='word_1_720' title='bbox 446 4614 509 4667; x_wconf 84' lang='grc' dir='ltr'><strong>τὸ</strong></span> <span class='ocrx_word' id='word_1_721' title='bbox 540 4615 606 4666; x_wconf 90' lang='grc' dir='ltr'><strong>ἐκ</strong></span> <span class='ocrx_word' id='word_1_722' title='bbox 635 4611 835 4683; x_wconf 79' lang='grc' dir='ltr'>μέρους</span> <span class='ocrx_word' id='word_1_723' title='bbox 859 4609 1365 4682; x_wconf 86' lang='grc' dir='ltr'>καταργηθήσεται.</span> <span class='ocrx_word' id='word_1_724' title='bbox 1401 4627 1420 4658; x_wconf 77' lang='grc' dir='ltr'><strong>ι</strong></span> <span class='ocrx_word' id='word_1_725' title='bbox 1455 4605 1653 4658; x_wconf 66' lang='grc' dir='ltr'>Λοιπὸν</span> <span class='ocrx_word' id='word_1_726' title='bbox 1678 4592 1772 4666; x_wconf 51' lang='lat' dir='ltr'><strong>tot}</strong></span> 
     </span>
    </p>
   </div>
   <div class='ocr_carea' id='block_1_92' title="bbox 1878 4592 3483 4683">
    <p class='ocr_par' dir='ltr' id='par_1_92' title="bbox 1895 4592 3483 4669">
     <span class='ocr_line' id='line_1_92' title="bbox 1895 4592 3483 4669; baseline -0.011 -8"><span class='ocrx_word' id='word_1_727' title='bbox 1895 4606 2199 4661; x_wconf 82' lang='lat' dir='ltr'><strong>orationem</strong></span> <span class='ocrx_word' id='word_1_728' title='bbox 2242 4599 2546 4656; x_wconf 83' lang='lat' dir='ltr'><strong>transtulit.</strong></span> <span class='ocrx_word' id='word_1_729' title='bbox 2596 4600 2776 4669; x_wconf 84' lang='lat' dir='ltr'><strong>Atque</strong></span> <span class='ocrx_word' id='word_1_730' title='bbox 2808 4598 2938 4653; x_wconf 88' lang='lat' dir='ltr'><strong>hinc</strong></span> <span class='ocrx_word' id='word_1_731' title='bbox 2979 4606 3066 4652; x_wconf 76' lang='lat' dir='ltr'><strong>est</strong></span> <span class='ocrx_word' id='word_1_732' title='bbox 3123 4594 3271 4665; x_wconf 91' lang='lat' dir='ltr'><strong>quod</strong></span> <span class='ocrx_word' id='word_1_733' title='bbox 3303 4592 3483 4646; x_wconf 87' lang='lat' dir='ltr'><strong>mino-</strong></span> 
     </span>
    </p>
   </div>
   <div class='ocr_carea' id='block_1_93' title="bbox 195 4697 1796 4778">
    <p class='ocr_par' dir='ltr' id='par_1_93' title="bbox 195 4697 1796 4778">
     <span class='ocr_line' id='line_1_93' title="bbox 195 4697 1796 4778; baseline -0.01 -14"><span class='ocrx_word' id='word_1_734' title='bbox 195 4710 372 4764; x_wconf 61' lang='grc' dir='ltr'>πάλαι</span> <span class='ocrx_word' id='word_1_735' title='bbox 407 4706 668 4778; x_wconf 85' lang='grc' dir='ltr'>μεγάλοις</span> <span class='ocrx_word' id='word_1_736' title='bbox 697 4702 1046 4771; x_wconf 79' lang='grc' dir='ltr'>ἀντεξετάζει</span> <span class='ocrx_word' id='word_1_737' title='bbox 1074 4701 1145 4755; x_wconf 85' lang='grc' dir='ltr'>τὰ</span> <span class='ocrx_word' id='word_1_738' title='bbox 1172 4699 1353 4770; x_wconf 82' lang='grc' dir='ltr'>πολλῴ</span> <span class='ocrx_word' id='word_1_739' title='bbox 1382 4698 1491 4752; x_wconf 84' lang='grc' dir='ltr'><strong>τῶν</strong></span> <span class='ocrx_word' id='word_1_740' title='bbox 1507 4697 1688 4767; x_wconf 80' lang='grc' dir='ltr'>μέσων</span> <span class='ocrx_word' id='word_1_741' title='bbox 1717 4713 1796 4748; x_wconf 91' lang='grc' dir='ltr'>νι-</span> 
     </span>
    </p>
   </div>
   <div class='ocr_carea' id='block_1_94' title="bbox 197 4788 1799 4867">
    <p class='ocr_par' dir='ltr' id='par_1_94' title="bbox 197 4788 1799 4867">
     <span class='ocr_line' id='line_1_94' title="bbox 197 4788 1799 4867; baseline -0.009 -13"><span class='ocrx_word' id='word_1_742' title='bbox 197 4800 408 4854; x_wconf 82' lang='grc' dir='ltr'>κῶντα.</span> <span class='ocrx_word' id='word_1_743' title='bbox 423 4798 512 4860; x_wconf 85' lang='grc' dir='ltr'>Ὧς</span> <span class='ocrx_word' id='word_1_744' title='bbox 529 4797 638 4867; x_wconf 77' lang='grc' dir='ltr'>γὰρ</span> <span class='ocrx_word' id='word_1_745' title='bbox 654 4796 884 4867; x_wconf 85' lang='grc' dir='ltr'>ἐποίησα</span> <span class='ocrx_word' id='word_1_746' title='bbox 895 4791 1189 4860; x_wconf 79' lang='grc' dir='ltr'>,φησὶν,ἐπ’</span> <span class='ocrx_word' id='word_1_747' title='bbox 1229 4790 1499 4861; x_wconf 73' lang='grc' dir='ltr'>Ἐρυθρᾶς</span> <span class='ocrx_word' id='word_1_748' title='bbox 1526 4788 1799 4858; x_wconf 83' lang='grc' dir='ltr'>θαλάττης</span> 
     </span>
    </p>
   </div>
   <div class='ocr_carea' id='block_1_95' title="bbox 201 4882 1798 4958">
    <p class='ocr_par' dir='ltr' id='par_1_95' title="bbox 201 4882 1798 4958">
     <span class='ocr_line' id='line_1_95' title="bbox 201 4882 1798 4958; baseline -0.008 -13"><span class='ocrx_word' id='word_1_749' title='bbox 201 4891 373 4954; x_wconf 78' lang='grc' dir='ltr'>ὁδὸν,</span> <span class='ocrx_word' id='word_1_750' title='bbox 414 4889 590 4952; x_wconf 79' lang='grc' dir='ltr'>οὕτως</span> <span class='ocrx_word' id='word_1_751' title='bbox 617 4890 688 4942; x_wconf 80' lang='grc' dir='ltr'>ἐν</span> <span class='ocrx_word' id='word_1_752' title='bbox 710 4886 785 4958; x_wconf 76' lang='grc' dir='ltr'>τῇ</span> <span class='ocrx_word' id='word_1_753' title='bbox 809 4887 1007 4956; x_wconf 77' lang='grc' dir='ltr'>ἐρήμῳ</span> <span class='ocrx_word' id='word_1_754' title='bbox 1030 4886 1366 4954; x_wconf 75' lang='grc' dir='ltr'>ποιήσαιμι,</span> <span class='ocrx_word' id='word_1_755' title='bbox 1392 4883 1487 4936; x_wconf 74' lang='grc' dir='ltr'>καὶ</span> <span class='ocrx_word' id='word_1_756' title='bbox 1512 4882 1798 4953; x_wconf 79' lang='grc' dir='ltr'>ῥεύσουσιν</span> 
     </span>
    </p>
   </div>
   <div class='ocr_carea' id='block_1_96' title="bbox 200 4973 1810 5053">
    <p class='ocr_par' dir='ltr' id='par_1_96' title="bbox 200 4973 1810 5053">
     <span class='ocr_line' id='line_1_96' title="bbox 200 4973 1810 5053; baseline -0.009 -14"><span class='ocrx_word' id='word_1_757' title='bbox 200 4986 263 5040; x_wconf 77' lang='grc' dir='ltr'><strong>ἐν</strong></span> <span class='ocrx_word' id='word_1_758' title='bbox 292 4984 436 5053; x_wconf 83' lang='grc' dir='ltr'><strong>αὐτῇ</strong></span> <span class='ocrx_word' id='word_1_759' title='bbox 467 4981 740 5051; x_wconf 74' lang='grc' dir='ltr'>ποταμοὶ,</span> <span class='ocrx_word' id='word_1_760' title='bbox 780 4981 1033 5052; x_wconf 85' lang='grc' dir='ltr'>καθάπερ</span> <span class='ocrx_word' id='word_1_761' title='bbox 1060 4981 1153 5033; x_wconf 74' lang='grc' dir='ltr'>ἐπὶ</span> <span class='ocrx_word' id='word_1_762' title='bbox 1179 4978 1459 5042; x_wconf 78' lang='grc' dir='ltr'>Μωσέως,</span> <span class='ocrx_word' id='word_1_763' title='bbox 1513 4977 1571 5029; x_wconf 77' lang='grc' dir='ltr'><strong>ἐν</strong></span> <span class='ocrx_word' id='word_1_764' title='bbox 1617 4973 1810 5045; x_wconf 75' lang='grc' dir='ltr'>ἐκείνῃ</span> 
     </span>
    </p>
   </div>
   <div class='ocr_carea' id='block_1_97' title="bbox 205 5064 1799 5147">
    <p class='ocr_par' dir='ltr' id='par_1_97' title="bbox 205 5064 1799 5147">
     <span class='ocr_line' id='line_1_97' title="bbox 205 5064 1799 5147; baseline -0.008 -18"><span class='ocrx_word' id='word_1_765' title='bbox 205 5078 273 5147; x_wconf 74' lang='grc' dir='ltr'>τῇ</span> <span class='ocrx_word' id='word_1_766' title='bbox 324 5075 614 5144; x_wconf 84' lang='grc' dir='ltr'>πρότερον.</span> <span class='ocrx_word' id='word_1_767' title='bbox 634 5071 774 5125; x_wconf 83' lang='grc' dir='ltr'>Ἀλλ’</span> <span class='ocrx_word' id='word_1_768' title='bbox 809 5073 930 5125; x_wconf 77' lang='grc' dir='ltr'>ἐκεῖ</span> <span class='ocrx_word' id='word_1_769' title='bbox 983 5070 1082 5142; x_wconf 87' lang='grc' dir='ltr'><strong>μὲν</strong></span> <span class='ocrx_word' id='word_1_770' title='bbox 1136 5067 1391 5132; x_wconf 79' lang='grc' dir='ltr'>ὑδάτων,</span> <span class='ocrx_word' id='word_1_771' title='bbox 1428 5071 1485 5120; x_wconf 87' lang='grc' dir='ltr'><strong>ἐν</strong></span> <span class='ocrx_word' id='word_1_772' title='bbox 1519 5067 1577 5119; x_wconf 88' lang='grc' dir='ltr'><strong>δέ</strong></span> <span class='ocrx_word' id='word_1_773' title='bbox 1624 5064 1799 5137; x_wconf 84' lang='grc' dir='ltr'>ταύτῃ</span> 
     </span>
    </p>
   </div>
   <div class='ocr_carea' id='block_1_98' title="bbox 81 5156 1802 5233">
    <p class='ocr_par' dir='ltr' id='par_1_98' title="bbox 81 5156 1802 5233">
     <span class='ocr_line' id='line_1_98' title="bbox 81 5156 1802 5233; baseline -0.01 -7"><span class='ocrx_word' id='word_1_774' title='bbox 81 5214 97 5226; x_wconf 94' lang='grc'><strong>.</strong></span> <span class='ocrx_word' id='word_1_775' title='bbox 205 5165 560 5228; x_wconf 78' lang='grc' dir='ltr'>διδασκαλίας</span> <span class='ocrx_word' id='word_1_776' title='bbox 608 5163 706 5217; x_wconf 91' lang='grc' dir='ltr'><strong>τοῦ</strong></span> <span class='ocrx_word' id='word_1_777' title='bbox 752 5162 1095 5233; x_wconf 87' lang='grc' dir='ltr'>Πνεύματος.</span> <span class='ocrx_word' id='word_1_778' title='bbox 1138 5161 1202 5214; x_wconf 80' lang='grc' dir='ltr'><strong>Οἱ</strong></span> <span class='ocrx_word' id='word_1_779' title='bbox 1252 5160 1362 5230; x_wconf 81' lang='grc' dir='ltr'><strong>γὰρ</strong></span> <span class='ocrx_word' id='word_1_780' title='bbox 1415 5156 1621 5226; x_wconf 88' lang='grc' dir='ltr'>ταύτην</span> <span class='ocrx_word' id='word_1_781' title='bbox 1670 5171 1802 5226; x_wconf 89' lang='grc' dir='ltr'>προ-</span> 
     </span>
    </p>
   </div>
   <div class='ocr_carea' id='block_1_99' title="bbox 212 5242 1803 5328">
    <p class='ocr_par' dir='ltr' id='par_1_99' title="bbox 212 5242 1803 5328">
     <span class='ocr_line' id='line_1_99' title="bbox 212 5242 1803 5328; baseline -0.008 -16"><span class='ocrx_word' id='word_1_782' title='bbox 212 5258 429 5328; x_wconf 78' lang='grc' dir='ltr'>χέαντες</span> <span class='ocrx_word' id='word_1_783' title='bbox 479 5242 871 5325; x_wconf 77' lang='grc' dir='ltr'>εὐαγγελισταὶ</span> <span class='ocrx_word' id='word_1_784' title='bbox 924 5254 1021 5307; x_wconf 74' lang='grc' dir='ltr'><strong>καὶ</strong></span> <span class='ocrx_word' id='word_1_785' title='bbox 1068 5251 1379 5317; x_wconf 81' lang='grc' dir='ltr'>ἀπόστολοι,</span> <span class='ocrx_word' id='word_1_786' title='bbox 1431 5250 1548 5303; x_wconf 85' lang='grc' dir='ltr'>ὅσοι</span> <span class='ocrx_word' id='word_1_787' title='bbox 1582 5263 1639 5301; x_wconf 88' lang='grc' dir='ltr'><strong>τε</strong></span> <span class='ocrx_word' id='word_1_788' title='bbox 1670 5246 1803 5300; x_wconf 77' lang='grc' dir='ltr'>κατ’</span> 
     </span>
    </p>
   </div>
   <div class='ocr_carea' id='block_1_100' title="bbox 226 5335 1804 5418">
    <p class='ocr_par' dir='ltr' id='par_1_100' title="bbox 226 5335 1804 5418">
     <span class='ocr_line' id='line_1_100' title="bbox 226 5335 1804 5418; baseline -0.01 -16"><span class='ocrx_word' id='word_1_789' title='bbox 226 5346 555 5418; x_wconf 79' lang='grc' dir='ltr'>Ἐκκλησίαν</span> <span class='ocrx_word' id='word_1_790' title='bbox 582 5343 942 5412; x_wconf 78' lang='grc' dir='ltr'>μυσταγωγοὶ</span> <span class='ocrx_word' id='word_1_791' title='bbox 970 5340 1221 5411; x_wconf 77' lang='grc' dir='ltr'>ποταμοί</span> <span class='ocrx_word' id='word_1_792' title='bbox 1244 5337 1672 5411; x_wconf 69' lang='grc' dir='ltr'>χρηματίζουσι.</span> <span class='ocrx_word' id='word_1_793' title='bbox 1693 5335 1804 5388; x_wconf 75' lang='grc' dir='ltr'><strong>Καὶ</strong></span> 
     </span>
    </p>
   </div>
   <div class='ocr_carea' id='block_1_101' title="bbox 212 5429 1806 5508">
    <p class='ocr_par' dir='ltr' id='par_1_101' title="bbox 212 5429 1806 5508">
     <span class='ocr_line' id='line_1_101' title="bbox 212 5429 1806 5508; baseline -0.008 -13"><span class='ocrx_word' id='word_1_794' title='bbox 212 5440 355 5495; x_wconf 79' lang='grc' dir='ltr'>κατὰ</span> <span class='ocrx_word' id='word_1_795' title='bbox 383 5437 476 5492; x_wconf 82' lang='grc' dir='ltr'><strong>τὸν</strong></span> <span class='ocrx_word' id='word_1_796' title='bbox 489 5437 655 5491; x_wconf 68' lang='lat' dir='ltr'><strong>saeta</strong></span> <span class='ocrx_word' id='word_1_797' title='bbox 682 5434 965 5508; x_wconf 85' lang='grc' dir='ltr'>εἰρηκότα,</span> <span class='ocrx_word' id='word_1_798' title='bbox 989 5453 1008 5487; x_wconf 73' lang='grc' dir='ltr'><strong>ι</strong></span> <span class='ocrx_word' id='word_1_799' title='bbox 1037 5435 1277 5505; x_wconf 84' lang='grc' dir='ltr'>Ἑπῆραν</span> <span class='ocrx_word' id='word_1_800' title='bbox 1290 5436 1340 5487; x_wconf 82' lang='grc' dir='ltr'>οἱ</span> <span class='ocrx_word' id='word_1_801' title='bbox 1360 5430 1595 5502; x_wconf 73' lang='grc' dir='ltr'>ποταμοὶ</span> <span class='ocrx_word' id='word_1_802' title='bbox 1622 5429 1806 5500; x_wconf 79' lang='grc' dir='ltr'>φωνὰς</span> 
     </span>
    </p>
   </div>
   <div class='ocr_carea' id='block_1_102' title="bbox 212 5522 1804 5599">
    <p class='ocr_par' dir='ltr' id='par_1_102' title="bbox 212 5522 1804 5599">
     <span class='ocr_line' id='line_1_102' title="bbox 212 5522 1804 5599; baseline -0.009 -11"><span class='ocrx_word' id='word_1_803' title='bbox 212 5532 411 5589; x_wconf 73' lang='grc' dir='ltr'>αὐτῶν.</span> <span class='ocrx_word' id='word_1_804' title='bbox 430 5551 450 5586; x_wconf 78' lang='grc' dir='ltr'><strong>ι</strong></span> <span class='ocrx_word' id='word_1_805' title='bbox 484 5532 637 5585; x_wconf 74' lang='grc' dir='ltr'>Ἐπεὶ</span> <span class='ocrx_word' id='word_1_806' title='bbox 659 5530 804 5584; x_wconf 88' lang='grc' dir='ltr'>καθά</span> <span class='ocrx_word' id='word_1_807' title='bbox 823 5546 986 5599; x_wconf 85' lang='grc' dir='ltr'>φησιν</span> <span class='ocrx_word' id='word_1_808' title='bbox 998 5530 1158 5592; x_wconf 59' lang='lat' dir='ltr'><strong>ate-ca;</strong></span> <span class='ocrx_word' id='word_1_809' title='bbox 1177 5527 1483 5591; x_wconf 58' lang='lat' dir='ltr'><strong>ﬁd).tV,‘El€</strong></span> <span class='ocrx_word' id='word_1_810' title='bbox 1508 5527 1688 5578; x_wconf 80' lang='grc' dir='ltr'>πᾶσαν</span> <span class='ocrx_word' id='word_1_811' title='bbox 1707 5522 1804 5593; x_wconf 82' lang='grc' dir='ltr'><strong>τὴν</strong></span> 
     </span>
    </p>
   </div>
   <div class='ocr_carea' id='block_1_103' title="bbox 213 5620 1108 5696">
    <p class='ocr_par' dir='ltr' id='par_1_103' title="bbox 213 5620 1108 5696">
     <span class='ocr_line' id='line_1_103' title="bbox 213 5620 1108 5696; baseline -0.016 -18"><span class='ocrx_word' id='word_1_812' title='bbox 213 5626 317 5696; x_wconf 83' lang='grc' dir='ltr'>γῆν</span> <span class='ocrx_word' id='word_1_813' title='bbox 350 5622 574 5694; x_wconf 74' lang='grc' dir='ltr'>ἐξῆλθεν</span> <span class='ocrx_word' id='word_1_814' title='bbox 599 5624 626 5674; x_wconf 87' lang='grc' dir='ltr'>ὁ</span> <span class='ocrx_word' id='word_1_815' title='bbox 647 5620 884 5690; x_wconf 79' lang='grc' dir='ltr'>φθόγγος</span> <span class='ocrx_word' id='word_1_816' title='bbox 909 5620 1108 5674; x_wconf 80' lang='grc' dir='ltr'>αὐτῶν,</span> 
     </span>
    </p>
   </div>
   <div class='ocr_carea' id='block_1_104' title="bbox 1898 4684 3485 4767">
    <p class='ocr_par' dir='ltr' id='par_1_104' title="bbox 1898 4684 3485 4767">
     <span class='ocr_line' id='line_1_104' title="bbox 1898 4684 3485 4767; baseline -0.01 -15"><span class='ocrx_word' id='word_1_817' title='bbox 1898 4699 2049 4754; x_wconf 91' lang='lat' dir='ltr'><strong>ribus</strong></span> <span class='ocrx_word' id='word_1_818' title='bbox 2079 4713 2174 4767; x_wconf 87' lang='lat' dir='ltr'><strong>per</strong></span> <span class='ocrx_word' id='word_1_819' title='bbox 2199 4694 2406 4764; x_wconf 84' lang='lat' dir='ltr'><strong>majora</strong></span> <span class='ocrx_word' id='word_1_820' title='bbox 2426 4693 2743 4756; x_wconf 86' lang='lat' dir='ltr'><strong>occultatis,</strong></span> <span class='ocrx_word' id='word_1_821' title='bbox 2769 4691 2953 4760; x_wconf 84' lang='lat' dir='ltr'><strong>priora</strong></span> <span class='ocrx_word' id='word_1_822' title='bbox 2986 4687 3252 4743; x_wconf 86' lang='lat' dir='ltr'><strong>oblivioni</strong></span> <span class='ocrx_word' id='word_1_823' title='bbox 3283 4684 3485 4753; x_wconf 81' lang='lat' dir='ltr'><strong>tradi-ta</strong></span> 
     </span>
    </p>
   </div>
   <div class='ocr_carea' id='block_1_105' title="bbox 1894 4781 3486 4856">
    <p class='ocr_par' dir='ltr' id='par_1_105' title="bbox 1894 4781 3486 4856">
     <span class='ocr_line' id='line_1_105' title="bbox 1894 4781 3486 4856; baseline -0.011 -8"><span class='ocrx_word' id='word_1_824' title='bbox 1894 4806 2017 4848; x_wconf 88' lang='lat' dir='ltr'><strong>esse</strong></span> <span class='ocrx_word' id='word_1_825' title='bbox 2049 4789 2222 4849; x_wconf 78' lang='lat' dir='ltr'><strong>dixit,</strong></span> <span class='ocrx_word' id='word_1_826' title='bbox 2248 4787 2411 4856; x_wconf 79' lang='lat' dir='ltr'><strong>quale</strong></span> <span class='ocrx_word' id='word_1_827' title='bbox 2440 4794 2523 4840; x_wconf 80' lang='lat' dir='ltr'><strong>est</strong></span> <span class='ocrx_word' id='word_1_828' title='bbox 2577 4794 2631 4839; x_wconf 87' lang='lat' dir='ltr'><strong>et</strong></span> <span class='ocrx_word' id='word_1_829' title='bbox 2680 4784 2851 4836; x_wconf 86' lang='lat' dir='ltr'><strong>illud:</strong></span> <span class='ocrx_word' id='word_1_830' title='bbox 2889 4801 2907 4834; x_wconf 78' lang='grc' dir='ltr'><strong>ι</strong></span> <span class='ocrx_word' id='word_1_831' title='bbox 2950 4781 3026 4834; x_wconf 80' lang='lat' dir='ltr'><strong>Ex</strong></span> <span class='ocrx_word' id='word_1_832' title='bbox 3062 4789 3214 4848; x_wconf 86' lang='lat' dir='ltr'><strong>parte</strong></span> <span class='ocrx_word' id='word_1_833' title='bbox 3278 4791 3486 4849; x_wconf 76' lang='lat' dir='ltr'><strong>cogno-</strong></span> 
     </span>
    </p>
   </div>
   <div class='ocr_carea' id='block_1_106' title="bbox 1898 4865 3465 4942">
    <p class='ocr_par' dir='ltr' id='par_1_106' title="bbox 1898 4865 3465 4942">
     <span class='ocr_line' id='line_1_106' title="bbox 1898 4865 3465 4942; baseline -0.011 -3"><span class='ocrx_word' id='word_1_834' title='bbox 1898 4883 2124 4939; x_wconf 88' lang='lat' dir='ltr'><strong>scimus.</strong></span> <span class='ocrx_word' id='word_1_835' title='bbox 2165 4879 2300 4934; x_wconf 89' lang='lat' dir='ltr'><strong>Cum</strong></span> <span class='ocrx_word' id='word_1_836' title='bbox 2320 4872 2503 4932; x_wconf 85' lang='lat' dir='ltr'><strong>autem</strong></span> <span class='ocrx_word' id='word_1_837' title='bbox 2536 4865 2769 4931; x_wconf 62' lang='lat' dir='ltr'><strong>°venerit</strong></span> <span class='ocrx_word' id='word_1_838' title='bbox 2803 4871 2950 4942; x_wconf 92' lang='lat' dir='ltr'><strong>quod</strong></span> <span class='ocrx_word' id='word_1_839' title='bbox 3017 4868 3325 4939; x_wconf 73' lang='lat' dir='ltr'><strong>perfectura</strong></span> <span class='ocrx_word' id='word_1_840' title='bbox 3381 4876 3465 4922; x_wconf 84' lang='lat' dir='ltr'><strong>est</strong></span> 
     </span>
    </p>
   </div>
   <div class='ocr_carea' id='block_1_107' title="bbox 1898 4960 3488 5047">
    <p class='ocr_par' dir='ltr' id='par_1_107' title="bbox 1898 4960 3488 5047">
     <span class='ocr_line' id='line_1_107' title="bbox 1898 4960 3488 5047; baseline -0.012 -16"><span class='ocrx_word' id='word_1_841' title='bbox 1898 4975 2044 5047; x_wconf 85' lang='lat' dir='ltr'><strong>quod</strong></span> <span class='ocrx_word' id='word_1_842' title='bbox 2099 4990 2163 5029; x_wconf 82' lang='lat' dir='ltr'><strong>ex</strong></span> <span class='ocrx_word' id='word_1_843' title='bbox 2200 4982 2353 5044; x_wconf 88' lang='lat' dir='ltr'><strong>parte</strong></span> <span class='ocrx_word' id='word_1_844' title='bbox 2401 4980 2486 5026; x_wconf 79' lang='lat' dir='ltr'><strong>est</strong></span> <span class='ocrx_word' id='word_1_845' title='bbox 2514 4966 2877 5024; x_wconf 68' lang='lat' dir='ltr'><strong>evacuabit‘ur</strong></span> <span class='ocrx_word' id='word_1_846' title='bbox 2902 4965 2946 4997; x_wconf 79' lang='lat'><strong>&quot;</strong></span> <span class='ocrx_word' id='word_1_847' title='bbox 2981 4982 3027 5019; x_wconf 80' lang='grc' dir='ltr'>,ι</span> <span class='ocrx_word' id='word_1_848' title='bbox 3083 4963 3157 5016; x_wconf 75' lang='lat' dir='ltr'><strong>lis</strong></span> <span class='ocrx_word' id='word_1_849' title='bbox 3201 4960 3488 5029; x_wconf 81' lang='lat' dir='ltr'><strong>deinceps,</strong></span> 
     </span>
    </p>
   </div>
   <div class='ocr_carea' id='block_1_108' title="bbox 1899 5052 3492 5139">
    <p class='ocr_par' dir='ltr' id='par_1_108' title="bbox 1899 5052 3492 5139">
     <span class='ocr_line' id='line_1_108' title="bbox 1899 5052 3492 5139; baseline -0.013 -15"><span class='ocrx_word' id='word_1_850' title='bbox 1899 5083 2022 5139; x_wconf 72' lang='lat' dir='ltr'><strong>quae</strong></span> <span class='ocrx_word' id='word_1_851' title='bbox 2052 5079 2248 5136; x_wconf 78' lang='lat' dir='ltr'><strong>magna</strong></span> <span class='ocrx_word' id='word_1_852' title='bbox 2282 5062 2563 5134; x_wconf 87' lang='lat' dir='ltr'><strong>quondam</strong></span> <span class='ocrx_word' id='word_1_853' title='bbox 2594 5060 2843 5125; x_wconf 88' lang='lat' dir='ltr'><strong>fuerunt,</strong></span> <span class='ocrx_word' id='word_1_854' title='bbox 2880 5057 2989 5110; x_wconf 88' lang='lat' dir='ltr'><strong>alia</strong></span> <span class='ocrx_word' id='word_1_855' title='bbox 3022 5054 3273 5124; x_wconf 80' lang='lat' dir='ltr'><strong>apponit,</strong></span> <span class='ocrx_word' id='word_1_856' title='bbox 3307 5066 3338 5106; x_wconf 89' lang='lat' dir='ltr'><strong>a</strong></span> <span class='ocrx_word' id='word_1_857' title='bbox 3370 5052 3492 5120; x_wconf 88' lang='lat' dir='ltr'><strong>qui-</strong></span> 
     </span>
    </p>
   </div>
   <div class='ocr_carea' id='block_1_109' title="bbox 1899 5143 3493 5228">
    <p class='ocr_par' dir='ltr' id='par_1_109' title="bbox 1899 5143 3493 5228">
     <span class='ocr_line' id='line_1_109' title="bbox 1899 5143 3493 5228; baseline -0.013 -11"><span class='ocrx_word' id='word_1_858' title='bbox 1899 5161 2005 5217; x_wconf 89' lang='lat' dir='ltr'><strong>bus</strong></span> <span class='ocrx_word' id='word_1_859' title='bbox 2052 5158 2215 5228; x_wconf 82' lang='lat' dir='ltr'><strong>longe</strong></span> <span class='ocrx_word' id='word_1_860' title='bbox 2264 5158 2381 5227; x_wconf 90' lang='lat' dir='ltr'><strong>ipsa</strong></span> <span class='ocrx_word' id='word_1_861' title='bbox 2423 5161 2781 5226; x_wconf 89' lang='lat' dir='ltr'><strong>superantur.</strong></span> <span class='ocrx_word' id='word_1_862' title='bbox 2816 5148 2888 5204; x_wconf 88' lang='lat' dir='ltr'><strong>Ut</strong></span> <span class='ocrx_word' id='word_1_863' title='bbox 2916 5148 3062 5203; x_wconf 91' lang='lat' dir='ltr'><strong>enim</strong></span> <span class='ocrx_word' id='word_1_864' title='bbox 3095 5146 3252 5210; x_wconf 89' lang='lat' dir='ltr'><strong>mihi,</strong></span> <span class='ocrx_word' id='word_1_865' title='bbox 3306 5145 3404 5207; x_wconf 89' lang='lat' dir='ltr'><strong>ait,</strong></span> <span class='ocrx_word' id='word_1_866' title='bbox 3437 5143 3493 5197; x_wconf 92' lang='lat' dir='ltr'><strong>in</strong></span> 
     </span>
    </p>
   </div>
   <div class='ocr_carea' id='block_1_110' title="bbox 1902 5237 3492 5315">
    <p class='ocr_par' dir='ltr' id='par_1_110' title="bbox 1902 5237 3492 5315">
     <span class='ocr_line' id='line_1_110' title="bbox 1902 5237 3492 5315; baseline -0.011 -11"><span class='ocrx_word' id='word_1_867' title='bbox 1902 5250 2039 5304; x_wconf 88' lang='lat' dir='ltr'><strong>mari</strong></span> <span class='ocrx_word' id='word_1_868' title='bbox 2072 5248 2262 5303; x_wconf 78' lang='lat' dir='ltr'><strong>Rubro</strong></span> <span class='ocrx_word' id='word_1_869' title='bbox 2292 5249 2433 5302; x_wconf 84' lang='lat' dir='ltr'><strong>viam</strong></span> <span class='ocrx_word' id='word_1_870' title='bbox 2465 5244 2651 5315; x_wconf 87' lang='lat' dir='ltr'><strong>aperui</strong></span> <span class='ocrx_word' id='word_1_871' title='bbox 2671 5238 2803 5309; x_wconf 46' lang='lat' dir='ltr'><strong>{sic</strong></span> <span class='ocrx_word' id='word_1_872' title='bbox 2833 5249 2888 5296; x_wconf 89' lang='lat' dir='ltr'><strong>et</strong></span> <span class='ocrx_word' id='word_1_873' title='bbox 2920 5241 2971 5294; x_wconf 86' lang='lat' dir='ltr'><strong>in</strong></span> <span class='ocrx_word' id='word_1_874' title='bbox 2995 5238 3207 5293; x_wconf 77' lang='lat' dir='ltr'><strong>deserto</strong></span> <span class='ocrx_word' id='word_1_875' title='bbox 3242 5237 3492 5305; x_wconf 70' lang='lat' dir='ltr'><strong>[acturus</strong></span> 
     </span>
    </p>
   </div>
   <div class='ocr_carea' id='block_1_111' title="bbox 1902 5325 3495 5403">
    <p class='ocr_par' dir='ltr' id='par_1_111' title="bbox 1902 5325 3495 5403">
     <span class='ocr_line' id='line_1_111' title="bbox 1902 5325 3495 5403; baseline -0.011 -7"><span class='ocrx_word' id='word_1_876' title='bbox 1902 5359 2041 5403; x_wconf 78' lang='lat' dir='ltr'><strong>sunt,</strong></span> <span class='ocrx_word' id='word_1_877' title='bbox 2076 5348 2126 5395; x_wconf 87' lang='lat' dir='ltr'><strong>et</strong></span> <span class='ocrx_word' id='word_1_878' title='bbox 2154 5340 2457 5393; x_wconf 74' lang='lat' dir='ltr'><strong>ntanabunt</strong></span> <span class='ocrx_word' id='word_1_879' title='bbox 2496 5352 2560 5392; x_wconf 76' lang='lat' dir='ltr'><strong>es</strong></span> <span class='ocrx_word' id='word_1_880' title='bbox 2586 5350 2651 5391; x_wconf 86' lang='lat' dir='ltr'><strong>ea</strong></span> <span class='ocrx_word' id='word_1_881' title='bbox 2697 5334 2871 5403; x_wconf 80' lang='lat' dir='ltr'><strong>ﬂuvii,</strong></span> <span class='ocrx_word' id='word_1_882' title='bbox 2907 5348 3016 5387; x_wconf 90' lang='lat' dir='ltr'><strong>non</strong></span> <span class='ocrx_word' id='word_1_883' title='bbox 3053 5329 3216 5385; x_wconf 85' lang='lat' dir='ltr'><strong>aliter</strong></span> <span class='ocrx_word' id='word_1_884' title='bbox 3246 5340 3412 5397; x_wconf 83' lang='lat' dir='ltr'><strong>quam</strong></span> <span class='ocrx_word' id='word_1_885' title='bbox 3440 5325 3495 5379; x_wconf 84' lang='lat' dir='ltr'><strong>in</strong></span> 
     </span>
    </p>
   </div>
   <div class='ocr_carea' id='block_1_112' title="bbox 1907 5416 3496 5503">
    <p class='ocr_par' dir='ltr' id='par_1_112' title="bbox 1907 5416 3496 5503">
     <span class='ocr_line' id='line_1_112' title="bbox 1907 5416 3496 5503; baseline -0.011 -17"><span class='ocrx_word' id='word_1_886' title='bbox 1907 5434 2091 5503; x_wconf 78' lang='lat' dir='ltr'><strong>priore</strong></span> <span class='ocrx_word' id='word_1_887' title='bbox 2142 5431 2257 5494; x_wconf 91' lang='lat' dir='ltr'><strong>illo,</strong></span> <span class='ocrx_word' id='word_1_888' title='bbox 2313 5430 2454 5483; x_wconf 89' lang='lat' dir='ltr'><strong>duce</strong></span> <span class='ocrx_word' id='word_1_889' title='bbox 2481 5426 2652 5491; x_wconf 83' lang='lat' dir='ltr'><strong>Mosc,</strong></span> <span class='ocrx_word' id='word_1_890' title='bbox 2705 5424 2925 5478; x_wconf 75' lang='lat' dir='ltr'><strong>factum.</strong></span> <span class='ocrx_word' id='word_1_891' title='bbox 2945 5420 3202 5478; x_wconf 88' lang='lat' dir='ltr'><strong>audistis.</strong></span> <span class='ocrx_word' id='word_1_892' title='bbox 3239 5416 3342 5471; x_wconf 75' lang='lat' dir='ltr'><strong>Sed</strong></span> <span class='ocrx_word' id='word_1_893' title='bbox 3373 5431 3496 5485; x_wconf 72' lang='lat' dir='ltr'><strong>quae</strong></span> 
     </span>
    </p>
   </div>
   <div class='ocr_carea' id='block_1_113' title="bbox 1914 5507 3500 5591">
    <p class='ocr_par' dir='ltr' id='par_1_113' title="bbox 1914 5507 3500 5591">
     <span class='ocr_line' id='line_1_113' title="bbox 1914 5507 3500 5591; baseline -0.011 -13"><span class='ocrx_word' id='word_1_894' title='bbox 1914 5524 1986 5578; x_wconf 90' lang='lat' dir='ltr'><strong>ibi</strong></span> <span class='ocrx_word' id='word_1_895' title='bbox 2038 5536 2301 5591; x_wconf 81' lang='lat' dir='ltr'><strong>aquarum</strong></span> <span class='ocrx_word' id='word_1_896' title='bbox 2355 5518 2579 5572; x_wconf 82' lang='lat' dir='ltr'><strong>[lumina</strong></span> <span class='ocrx_word' id='word_1_897' title='bbox 2612 5516 2853 5581; x_wconf 89' lang='lat' dir='ltr'><strong>fuerant,</strong></span> <span class='ocrx_word' id='word_1_898' title='bbox 2894 5514 2986 5568; x_wconf 89' lang='lat' dir='ltr'><strong>hic</strong></span> <span class='ocrx_word' id='word_1_899' title='bbox 3023 5518 3188 5567; x_wconf 89' lang='lat' dir='ltr'><strong>erunt</strong></span> <span class='ocrx_word' id='word_1_900' title='bbox 3229 5507 3500 5563; x_wconf 64' lang='lat' dir='ltr'><strong>doctrina</strong></span> 
     </span>
    </p>
   </div>
   <div class='ocr_carea' id='block_1_114' title="bbox 1845 5598 3497 5683">
    <p class='ocr_par' dir='ltr' id='par_1_114' title="bbox 1845 5598 3497 5683">
     <span class='ocr_line' id='line_1_114' title="bbox 1845 5598 3497 5683; baseline -0.01 -17"><span class='ocrx_word' id='word_1_901' title='bbox 1845 5671 1849 5676; x_wconf 60' lang='grc'><strong>,</strong></span> <span class='ocrx_word' id='word_1_902' title='bbox 1916 5613 2152 5683; x_wconf 85' lang='lat' dir='ltr'><strong>Spiritus</strong></span> <span class='ocrx_word' id='word_1_903' title='bbox 2203 5609 2368 5682; x_wconf 63' lang='lat'><strong>492</strong></span> <span class='ocrx_word' id='word_1_904' title='bbox 2403 5608 2600 5665; x_wconf 89' lang='lat' dir='ltr'><strong>sancti.</strong></span> <span class='ocrx_word' id='word_1_905' title='bbox 2641 5604 2785 5661; x_wconf 90' lang='lat' dir='ltr'><strong>Sunt</strong></span> <span class='ocrx_word' id='word_1_906' title='bbox 2824 5604 2996 5670; x_wconf 89' lang='lat' dir='ltr'><strong>enim,</strong></span> <span class='ocrx_word' id='word_1_907' title='bbox 3039 5617 3069 5656; x_wconf 90' lang='lat' dir='ltr'><strong>a</strong></span> <span class='ocrx_word' id='word_1_908' title='bbox 3109 5598 3310 5670; x_wconf 78' lang='lat' dir='ltr'><strong>quibus</strong></span> <span class='ocrx_word' id='word_1_909' title='bbox 3348 5611 3497 5651; x_wconf 85' lang='lat' dir='ltr'><strong>ema-</strong></span> 
     </span>
    </p>
   </div>
   <div class='ocr_carea' id='block_1_115' title="bbox 273 5739 3492 5861">
    <p class='ocr_par' dir='ltr' id='par_1_115' title="bbox 273 5739 3492 5861">
     <span class='ocr_line' id='line_1_115' title="bbox 273 5739 3492 5861; baseline -0.01 -6"><span class='ocrx_word' id='word_1_910' title='bbox 273 5798 317 5833; x_wconf 79' lang='lat'>&quot;</span> <span class='ocrx_word' id='word_1_911' title='bbox 350 5796 496 5855; x_wconf 85' lang='lat' dir='ltr'><strong>Psal.</strong></span> <span class='ocrx_word' id='word_1_912' title='bbox 526 5796 743 5860; x_wconf 78' lang='lat' dir='ltr'><strong>cxtn,5.</strong></span> <span class='ocrx_word' id='word_1_913' title='bbox 784 5796 825 5828; x_wconf 58' lang='grc' dir='ltr'><strong>δ’</strong></span> <span class='ocrx_word' id='word_1_914' title='bbox 848 5791 1193 5861; x_wconf 72' lang='lat' dir='ltr'><strong>Psal.ux,6.</strong></span> <span class='ocrx_word' id='word_1_915' title='bbox 1224 5743 1268 5825; x_wconf 51' lang='lat'><strong>&quot;.3</strong></span> <span class='ocrx_word' id='word_1_916' title='bbox 1297 5791 1469 5849; x_wconf 77' lang='lat' dir='ltr'><strong>Exod.</strong></span> <span class='ocrx_word' id='word_1_917' title='bbox 1494 5791 1662 5857; x_wconf 60' lang='lat'><strong>121,16.</strong></span> <span class='ocrx_word' id='word_1_918' title='bbox 1688 5790 1730 5823; x_wconf 79' lang='grc'><em>“</em></span> <span class='ocrx_word' id='word_1_919' title='bbox 1755 5789 1911 5850; x_wconf 68' lang='lat' dir='ltr'><strong>liora.</strong></span> <span class='ocrx_word' id='word_1_920' title='bbox 1938 5806 1974 5857; x_wconf 91' lang='grc' dir='ltr'><strong>ι,</strong></span> <span class='ocrx_word' id='word_1_921' title='bbox 1998 5788 2090 5844; x_wconf 68' lang='lat'><strong>22.</strong></span> <span class='ocrx_word' id='word_1_922' title='bbox 2120 5785 2332 5843; x_wconf 74' lang='lat' dir='ltr'><strong>&quot;Joan.</strong></span> <span class='ocrx_word' id='word_1_923' title='bbox 2356 5799 2468 5851; x_wconf 76' lang='lat' dir='ltr'><strong>xiv,</strong></span> <span class='ocrx_word' id='word_1_924' title='bbox 2495 5783 2548 5839; x_wconf 88' lang='grc'><strong>6.</strong></span> <span class='ocrx_word' id='word_1_925' title='bbox 2585 5783 2630 5815; x_wconf 72' lang='grc'><strong>⁸⁸</strong></span> <span class='ocrx_word' id='word_1_926' title='bbox 2661 5739 2805 5839; x_wconf 78' lang='lat' dir='ltr'><strong>I‘sal.</strong></span> <span class='ocrx_word' id='word_1_927' title='bbox 2826 5778 3000 5845; x_wconf 77' lang='lat' dir='ltr'><strong>xm,3.</strong></span> <span class='ocrx_word' id='word_1_928' title='bbox 3037 5777 3082 5810; x_wconf 79' lang='lat'><strong>&quot;</strong></span> <span class='ocrx_word' id='word_1_929' title='bbox 3115 5777 3133 5832; x_wconf 94' lang='lat' dir='ltr'><strong>l</strong></span> <span class='ocrx_word' id='word_1_930' title='bbox 3165 5774 3287 5831; x_wconf 89' lang='lat' dir='ltr'><strong>Cor.</strong></span> <span class='ocrx_word' id='word_1_931' title='bbox 3314 5767 3492 5835; x_wconf 52' lang='lat' dir='ltr'><strong>suis).</strong></span> 
     </span>
    </p>
   </div>
  </div>
