3950 6386
204 233 315 300 2401

1361 225 1902 290 COMMENTARII
1939 222 2025 285 IN
2056 221 2346 286 ISAIAM.

3320 221 3463 287 2402

200 352 248 405 τὸ
284 348 475 419 νεαρόν
517 363 577 399 τε
607 343 702 397 καὶ
726 342 978 405 ἀειθαλὲς
1015 341 1110 396 τοῦ
1169 343 1362 413 φυτοῦ.
1388 345 1601 413 Πηγαῖς
1654 341 1765 411 γὰρ

1876 356 2136 409 aquarum
2167 380 2182 407 ,
2215 348 2265 394 et
2295 339 2432 392 sicut
2467 337 2613 392 saliat
2649 336 2811 407 juxta
2843 336 3254 408 prwterﬂucn'ex
3295 355 3463 410 aqua:

198 443 270 495 ἀεὶ
291 439 386 494 καὶ
409 437 676 508 ποταμοῖς
706 434 1125 504 παραπέφυκεν.

1872 431 2103 497 intulit;
2154 442 2213 485 ut
2264 446 2361 502 per
2414 429 2659 494 salicem,
2696 428 2917 483 vitalem
2977 426 3315 489 facultatem.
3353 446 3464 499 qua

195 546 351 605 genus
391 532 496 585 hoc
531 528 731 597 planta:
761 533 1050 581 recreatur
1080 540 1297 597 semper
1328 534 1382 582 et
1415 526 1581 593 viret,
1628 524 1922 580 indicaret.
1956 523 2225 580 Fontibus
2293 524 2439 578 enim
2507 529 2776 593 perpetire
2843 532 2898 578 et
2959 520 3250 577 ﬂuviorum
3328 520 3459 593 ripis

196 622 529 677 alnascitur.

253 713 407 776 Τινὲς
457 711 513 764 δὲ
539 710 676 782 πρὸς
729 712 857 771 τοὺς
877 710 1077 772 αὐτοὺς
1112 709 1210 763 καὶ
1235 710 1303 763 τὰ
1351 711 1472 765 νῦν
1506 710 1759 784 εἰρῆσθαί

1930 701 2051 758 Non
2099 703 2317 768 desunt,
2359 702 2453 773 qui
2493 710 2549 757 et
2594 701 2699 756 ista
2753 702 2919 755 etiam
2972 700 3038 754 ad
3077 701 3297 755 eosdem
3352 696 3463 759 dici

188 819 329 872 φασι.
400 799 511 871 Τὴν
577 799 689 869 γὰρ
716 800 896 853 αἰτίαν
945 800 1045 867 τῆς
1076 800 1358 864 ἀπωλείας
1378 801 1568 867 εἰπὼν,
1600 802 1764 855 πάλιν

1876 795 2201 851 axistiment.
2254 792 2551 864 Postquam
2578 794 2725 848 enim
2778 789 3038 848 interitus
3066 808 3291 847 causam
3318 803 3463 848 attuo

184 894 365 955 αὐτοῖς
406 892 468 943 τὸ
522 893 881 961 μνησικακεῖν
960 892 1769 965 ἐπαγγέλλεταιρἝτεροναὺ-

182 986 285 1047 τοῖς
336 983 460 1041 ἀντὶ
505 983 599 1035 τοῦ
663 981 1028 1052 προλαϐόντος
1060 983 1256 1055 ὁρίζων
1313 987 1505 1057 καιρὸν
1544 986 1607 1038 τὸ
1648 987 1769 1039 νῦν

179 1075 369 1142 λέγων,
393 1073 471 1136 ὡς
505 1073 600 1126 καὶ
627 1072 689 1125 τό
719 1089 733 1103 ο
774 1091 792 1123 ι
834 1074 1088 1143 Σήμερον
1118 1075 1213 1127 ἐὰν
1234 1060 1332 1145 τῆς
1385 1077 1570 1145 φωνῆς
1599 1077 1763 1131 αὐτοῦ

178 1163 471 1232 ἀκούσητε.
519 1183 537 1215 ι
569 1160 1020 1235 Προτρέπειγὰρ
1045 1165 1207 1218 αὐτὸν
1266 1165 1618 1219 ἐπιλαθέσθαι
1668 1168 1768 1238 μὲν

177 1256 279 1309 τῶν
308 1254 503 1309 πάλαι.
533 1254 657 1307 Ὅτι
690 1253 749 1306 δὲ
812 1254 1002 1308 αὐτοῦ
1059 1254 1204 1322 παῖς
1244 1256 1543 1328 ὠνομάσθη
1565 1266 1616 1315 ιι.
1646 1274 1771 1311 σκο-

178 1352 294 1402 πεῖν
329 1348 428 1400 καὶ
455 1346 533 1410 ὼς
566 1349 631 1400 ὲκ
651 1347 868 1399 πάντων
893 1345 1233 1410 ἐξείλεκται
1276 1347 1385 1402 τῶν
1413 1348 1604 1414 ἐθνῶν,
1628 1350 1771 1402 κατά

176 1440 232 1493 τό
260 1455 275 1468 ο
303 1457 322 1490 ι
358 1439 492 1491 Ὅτε
527 1436 838 1507 διεμέριζεν
857 1435 886 1488 ὁ
912 1435 1179 1504 ’Υψιστος
1217 1436 1368 1508 ἔθνη,
1398 1456 1416 1489 ι
1448 1439 1544 1492 καὶ
1572 1437 1641 1492 τὰ
1680 1439 1768 1508 ἐφ’

175 1532 316 1602 ἑξῆς.
376 1530 441 1584 Εἰ
467 1528 526 1583 δὲ
549 1530 725 1582 νοοῖτο
762 1528 889 1599 περὶ
910 1528 1020 1580 τῶν
1067 1528 1124 1595 ἐξ
1156 1529 1347 1594 ἐθνῶν,
1398 1530 1637 1603 τοσαύτη
1682 1549 1770 1597 τις

174 1624 325 1676 ἔσται
355 1622 507 1687 τότε,
527 1620 682 1690 φησὶ,
708 1619 960 1690 προκοπὴ
986 1620 1083 1673 καὶ
1110 1620 1417 1685 θεοσεϐείας
1433 1622 1772 1693 κατόρθωσις

1864 888 2046 951 lisset,
2074 886 2280 942 eisdem
2318 901 2514 941 rursus
2550 886 2880 956 injuriarum
2918 886 3144 941 minime
3192 901 3251 941 se
3284 900 3467 942 recor-

1870 978 2134 1033 daturum
2164 978 2480 1048 pollicetur.
2505 986 2558 1032 et
2587 978 2641 1032 in
2675 979 2937 1048 praeteriti
2986 978 3188 1044 locum,
3247 986 3462 1047 tempus

1864 1070 2011 1125 aliud
2047 1069 2258 1133 delinit,
2317 1083 2443 1123 cum
2499 1085 2637 1122 nunc
2694 1071 2960 1135 assumit;
3015 1070 3323 1139 cujusmodi
3376 1078 3465 1125 est

1864 1162 2035 1218 illud:
2084 1181 2103 1214 ι
2137 1160 2310 1216 Hodie
2344 1162 2391 1215 si
2431 1177 2619 1216 vocem
2648 1161 2768 1230 ejus
2793 1160 3078 1216 audieritis
3108 1162 3174 1215 ⁷¹.
3223 1178 3242 1212 ι
3279 1161 3493 1233 lpsum'

1866 1257 2040 1319 enim,
2090 1262 2151 1309 ut
2193 1268 2386 1309 eorum
2464 1261 2587 1323 quc
2652 1253 3032 1323 praeterierunt
3077 1252 3459 1317 obliviscatur,

1870 1347 2220 1402 adhortatur.
2296 1344 2395 1399 Est
2421 1359 2553 1399 vero
2581 1344 2821 1413 qualiter
2862 1344 2976 1412 ejus
3001 1359 3128 1412 puer
3166 1345 3457 1412 nominari,

1870 1452 1937 1493 ex
1974 1438 2345 1507 omnibusque
2384 1436 2644 1507 gentibus
2695 1436 2819 1504 eligi
2871 1435 3130 1500 dicatur,
3175 1437 3462 1492 adverten-

1880 1529 2033 1585 dum.
2067 1528 2199 1585 Tale
2227 1537 2278 1585 et
2314 1529 2447 1584 illud
2489 1537 2611 1585 est:
2662 1546 2681 1580 ι
2715 1527 2948 1595 Quando
2981 1529 3261 1584 dividebat
3289 1529 3462 1585 Altis-

1871 1622 2048 1680 simus
2075 1634 2265 1688 gentes
2290 1622 2360 1688 ⁷³,
2398 1641 2418 1674 ι
2463 1630 2671 1693 etquae
2722 1631 3053 1692 sequuntur.
3099 1623 3254 1688 Quod
3306 1623 3353 1677 si
3393 1623 3463 1678 de

172 1714 279 1768 τῶν
319 1714 622 1766 οἰκούντων
652 1711 820 1765 πάλαι
854 1710 953 1782 τὴν
984 1711 1214 1780 ἔρημόν
1252 1730 1312 1765 τε
1352 1714 1449 1768 καὶ
1476 1713 1768 1783 ἄνυδρον,

1879 1715 2139 1784 gentibus
2189 1713 2538 1784 intelligitur.
2578 1723 2692 1768 tum
2748 1729 2985 1784 magnus
3028 1715 3164 1769 adeo
3211 1717 3336 1779 erit,
3377 1715 3462 1769 in-

169 1807 245 1871 ὡς
312 1803 654 1876 ἁμιλλᾶσθαι
702 1803 835 1875 πρὸς
903 1805 1163 1869 ἀλλήλους
1197 1805 1272 1877 ᾡς
1327 1807 1387 1859 ὲν
1426 1805 1613 1877 δρόμῳ
1676 1807 1771 1861 τοῦ

166 1897 305 1953 Θεοῦ
338 1901 442 1969 τὴν
503 1896 663 1967 χάριν
725 1895 999 1967 ἁρπάζειν
1060 1899 1491 1967 ἐπειγομένους,
1539 1899 1634 1951 καὶ
1681 1899 1774 1952 τὸν

167 1989 271 2059 μὲν
300 1991 416 2043 Τοῦ
461 1988 631 2054 Θεοῦ,
657 1988 859 2056 λέγειν,
893 1988 1031 2056 εἰμί,
1096 1987 1188 2041 τὸν
1251 1988 1311 2042 δὲ
1361 1990 1627 2058 τοῦνομα
1666 1989 1774 2044 τοῦ

176 2077 403 2135 Ἰακὼϐ
465 2078 891 2148 ἐπιγράφεσθαι,
943 2078 1122 2132 καίτοι
1202 2079 1280 2151 μὴ
1356 2080 1487 2133 ὄντα
1555 2079 1620 2133 ὲκ
1677 2078 1773 2133 τοῦ

178 2170 421 2236 Ἰακὼϐ,
483 2171 547 2222 ὲκ
592 2170 649 2222 δὲ
694 2170 792 2239 τῆς
821 2170 1050 2238 ἐρήμου
1075 2171 1173 2240 τῆς
1200 2170 1488 2241 πρότερον.
1532 2169 1681 2224 Ἀντὶ
1718 2170 1775 2223 δὲ

164 2261 262 2317 τοῦ
318 2262 645 2328 βοήσεται,
690 2262 1064 2328 κληθήσεται
1136 2262 1433 2335 Σύμμαχος
1488 2262 1692 2335 ἔφησεν
1721 2272 1770 2303 ν·

165 2354 355 2419 τοῦτο,
402 2354 592 2423 φασιν,
623 2356 681 2405 ὲν
712 2356 823 2415 τοῖς
852 2353 961 2407 τῶν
985 2354 1245 2425 διωγμῶν
1278 2357 1493 2427 καιροῖς
1547 2354 1776 2409 ἐθεασά-

171 2445 340 2516 μεθα,
377 2446 614 2508 πολλοὺς
635 2444 744 2496 τῶν
802 2444 1033 2498 ἐθνικῶν
1079 2446 1177 2509 τὰς
1207 2446 1318 2501 τῶν
1366 2447 1538 2512 ἁγίων
1563 2446 1776 2519 ἀνδρῶν

168 2538 560 2607 προσηγορίας
615 2538 832 2600 ἑαυτοῖς
898 2537 1341 2605 ὑφαρπάζοντας.
1408 2537 1623 2592 Ἐκάλει
1663 2538 1773 2608 γὰρ

169 2629 370 2681 ἑαυτὸν
425 2628 455 2679 ὁ
511 2626 611 2698 μὲν
666 2625 887 2691 Ἰακὼϐ,
957 2628 986 2679 ὁ
1056 2626 1113 2679 δὲ
1167 2626 1435 2695 Ἰσραὴλ,
1488 2627 1667 2699 ἕτεροι
1716 2627 1775 2680 δὲ

182 2716 471 2787 Ἱερεμίαν
533 2733 592 2769 τε
664 2714 762 2769 καὶ
796 2714 1049 2780 Ἠσαίαν,
1105 2714 1203 2767 καὶ
1229 2715 1450 2785 Δανιήλ.
1507 2714 1645 2767 Μεθ’
1699 2707 1775 2767 ὧν

166 2809 462 2880 ὀνομάτων
489 2810 584 2861 ἐπὶ
619 2808 689 2861 τὰ
723 2806 1003 2878 μαρτύρια
1044 2806 1342 2878 προθύμως
1394 2807 1620 2869 ἑαυτοὺς
1670 2809 1772 2860 ἐπ-

169 2901 449 2953 εδίδοσαν.
478 2899 556 2952 Τὸ
602 2900 660 2952 δὲ
694 2898 769 2966 τῇ
792 2900 967 2968 χειρὶ,
1007 2897 1096 2951 διὰ
1122 2896 1185 2950 τὸ
1215 2896 1416 2961 σιτίζειν
1463 2897 1594 2961 ἴσως
1647 2897 1774 2951 πολε

168 2992 298 3055 λοὺς
329 2992 428 3044 ἐπὶ
458 2990 713 3061 καρπῶν,
738 2991 773 3058 ἢ
827 2989 1191 3060 βραχιόνωνῆ
1264 2986 1360 3043 τοῦ
1415 2989 1653 3059 σταυροῦ
1715 2989 1775 3042 τὸ

1876 1807 2017 1876 quit,
2080 1821 2427 1877 progressus,
2474 1815 2770 1875 tantusque
2812 1807 2868 1860 in
2939 1807 3141 1876 pietate
3181 1807 3463 1876 profectus

1874 1913 2088 1964 eorum,
2118 1898 2212 1968 qui
2244 1896 2481 1952 desertas
2508 1897 2637 1951 olim
2686 1908 2743 1951 et
2789 1898 3079 1967 inaquosas
3133 1899 3462 1955 solitudines

1875 1988 2231 2053 habitabant,
2267 1997 2327 2042 ut
2354 1990 2497 2042 inter
2534 2002 2616 2055 se,
2650 1997 2912 2059 tanquam
2938 2004 3129 2054 cursu,
3178 1990 3246 2045 de
3284 1991 3464 2060 adipi-

1880 2083 2081 2137 scenda
2122 2080 2212 2136 Dei
2240 2082 2418 2151 gratia
2446 2094 2643 2152 magna
2679 2082 3037 2136 contentione
3057 2082 3367 2150 decertcnl;
3410 2091 3466 2136 et

1876 2170 1963 2225 hic
1994 2170 2242 2242 quidem,
2281 2171 2376 2225 Dei
2411 2187 2552 2236 sum,
2582 2170 2762 2225 dicat:
2802 2170 2889 2225 ille
2926 2180 3107 2225 autem
3142 2172 3243 2225 sibi
3275 2172 3467 2226 Jacobi

1875 2279 2067 2317 nomen
2118 2263 2410 2328 ascribat,
2464 2262 2821 2332 quantumvis
2858 2276 2923 2315 ex
2968 2260 3173 2315 Jacobo
3205 2277 3312 2315 non
3360 2262 3460 2326 sit,

1876 2354 1973 2411 sed
2006 2371 2069 2409 ex
2096 2356 2303 2410 deserto
2329 2364 2459 2426 a_nte
2490 2353 2785 2424 prodierit.
2822 2351 3025 2408 Verum
3060 2367 3160 2423 pro
3187 2354 3461 2417 clamabit,

1875 2448 2150 2500 vocabitur
2185 2445 2347 2500 habet
2378 2444 2765 2514 Symmachus.
2793 2447 2972 2519 Atque
2997 2444 3254 2513 idipsum,
3284 2446 3461 2508 aiunt,

1875 2537 2136 2592 saeviente
2166 2535 2572 2605 persecutionis
2592 2542 2863 2605 tempore,
2883 2536 3135 2606 contigit,
3158 2551 3269 2604 quo
3283 2534 3466 2590 enini-

1874 2639 1970 2680 cos
2006 2626 2207 2679 multos
2239 2634 2557 2679 sanctorum
2598 2623 2882 2680 hominum
2932 2626 3327 2695 appellationes
3357 2626 3463 2681 sibi

1874 2719 2122 2787 arripere
2169 2715 2433 2771 vidimus.
2480 2714 2552 2771 Se
2601 2717 2749 2770 enim
2801 2714 3064 2771 Jacobum
3105 2717 3272 2783 alius,
3323 2717 3466 2772 alius

1875 2809 2004 2863 item
2036 2807 2294 2863 Israelem
2317 2850 2331 2873 ,
2363 2809 2455 2862 alii
2492 2808 2655 2864 etiam
2688 2806 3016 2877 Jeremiam,
3054 2817 3107 2864 et
3147 2810 3372 2873 Isaiam,
3410 2820 3466 2863 et

1875 2897 2152 2952 Danielem
2186 2898 2618 2968 nuncupabant:
2658 2900 2863 2969 quibus
2912 2900 3216 2969 assumptis
3277 2901 3467 2970 appel-

1877 2988 2174 3044 lationibus
2206 2988 2377 3043 alacri
2405 3000 2459 3043 et
2500 2987 2631 3044 forti
2683 2989 2871 3043 animo
2907 2988 2973 3043 ad
3008 2989 3271 3062 martyria
3304 3004 3465 3045 accc-

169 3084 432 3153 σημεῖον,
459 3082 493 3152 ἢ
524 3080 624 3152 τὴν
672 3081 910 3152 Χριστοῦ
964 3081 1366 3152 προσηγορίαν.
1425 3082 1634 3149 ’Ἡγουν
1678 3082 1768 3134 ἐπὶ

1879 3080 2107 3135 debant.
2170 3078 2330 3146 Quod
2399 3089 2583 3134 autem
2652 3096 2819 3134 manu
2875 3081 3045 3147 dixit,
3084 3080 3208 3138 ideo
3278 3082 3465 3139 forsan

168 3170 251 3237 τῷ
278 3173 560 3241 ὀνόματι,
595 3170 780 3241 φησιν,
837 3170 1024 3235 ἐπειδὴ
1078 3169 1266 3238 ὄνομα
1312 3170 1427 3232 τοῖς
1481 3170 1541 3233 ἐξ
1579 3168 1772 3223 Ἰακὼϐ

168 3260 474 3331 σχοίνισμα
536 3261 632 3313 καὶ
654 3259 854 3331 κλῆρος
882 3257 1041 3312 Θεοῦ.
1090 3258 1209 3313 Οὐκ
1257 3259 1325 3329 ἑᾷ
1356 3259 1433 3325 δὲ,
1467 3260 1623 3327 φασὶ,
1644 3260 1773 3323 τοὺς

161 3351 563 3421 ἀσεϐήσαντας
620 3353 820 3421 χωρεῖν
846 3353 925 3413 εἰς
953 3349 1289 3417 ἀπόγνωσιν,
1344 3349 1420 3413 ὡς
1459 3350 1536 3421 μὴ
1592 3351 1772 3405 δοκεῖν

160 3441 468 3515 ὁλϐῤῥιζον
512 3439 837 3495 ἀπολεῖσθαι
881 3439 972 3492 τὸν
1038 3439 1275 3510 Ἰσραὴλ,
1324 3440 1772 3509 ἀποστραφέντος

159 3533 254 3595 είς
309 3533 466 3587 ἀπαν
508 3532 707 3595 αὐτοὺς
762 3529 854 3584 τοῦ
911 3530 1067 3583 Θεοῦ.
1125 3530 1410 3584 Καταλέαν
1443 3533 1493 3584 εί
1519 3539 1547 3569 ι
1579 3532 1636 3586 δὲ
1658 3538 1772 3598 τοῖς

159 3627 254 3688 εις
276 3624 448 3678 αὑτὸν
466 3622 782 3678 πιστεύουσι
824 3622 925 3692 τὴν
946 3621 1049 3695 τῆς
1072 3624 1353 3693 σωτηρίας
1388 3623 1529 3681 ὁδόν.

1877 3171 2102 3240 adjecit,
2138 3170 2284 3240 quod
2344 3170 2549 3227 Christi
2606 3186 2807 3227 nomen
2875 3172 3153 3243 permulti,
3196 3174 3279 3228 vel
3334 3188 3465 3230 cru-

1877 3261 1959 3315 cis
2013 3262 2229 3329 signum
2292 3260 2346 3313 in
2403 3261 2623 3329 palmis,
2674 3271 2769 3317 aut
2836 3264 3082 3320 brachiis
3144 3265 3292 3319 inuri
3357 3265 3465 3320 sibi

1877 3356 2158 3405 curarent.
2220 3348 2321 3404 Vel
2370 3359 2525 3404 certe
2564 3350 2618 3404 in
2674 3354 2887 3408 nomine
2920 3353 3043 3409 ideo
3097 3354 3261 3420 dixit,
3298 3355 3464 3428 497

1876 3443 2025 3513 quod
2070 3442 2139 3497 iis
2202 3440 2294 3511 qui
2346 3440 2416 3496 de
2444 3439 2653 3500 Jacobo
2690 3446 3035 3513 prodierunt,
3089 3445 3370 3503 funiculus
3410 3457 3467 3503 et

1879 3536 2174 3591 hereditas
2205 3532 2304 3587 Dei
2336 3550 2527 3587 nomen
2561 3538 2837 3591 exstiterit
2860 3538 2928 3592 ⁷³.
2962 3536 3151 3608 Neque
3195 3554 3325 3593 vero
3367 3553 3468 3594 eos

1882 3627 2114 3697 patitur,
2143 3624 2423 3693 inquiunt,
2456 3626 2549 3692 qui
2575 3625 2742 3696 impie
2765 3638 3018 3697 egerunt,
3050 3629 3116 3683 ad
3140 3629 3256 3698 spei
3292 3645 3469 3701 usque

156 3716 587 3787 projectionem
625 3714 905 3779 devenire,
940 3728 1010 3768 ne
1074 3713 1211 3767 velle
1253 3714 1508 3769 videatur
1555 3715 1810 3773 lsraelem
1876 3725 2052 3772 totum
2083 3715 2334 3784 stirpitus
2384 3713 2649 3782 interire;
2715 3726 2973 3788 tanquam
3031 3710 3254 3773 eosdem
3304 3721 3465 3791 plane

174 3815 350 3871 Deus
385 3824 719 3870 aversetur:
761 3815 856 3868 sed
889 3815 980 3877 iis,
1022 3816 1114 3884 qui
1150 3815 1202 3868 in
1238 3830 1364 3868 eum
1407 3817 1785 3884 crediderunt,
1824 3820 2021 3876 salutis
2049 3817 2193 3871 viam
2221 3813 2618 3885 expeditiorem
2652 3822 2707 3867 et
2737 3812 2997 3867 leniorem
3034 3812 3182 3867 facit.

244 3909 490 3963 Ἑαυτὸν
511 3908 570 3961 δὲ
597 3907 771 3976 λέγων
802 3908 1039 3975 Κύριον,
1072 3908 1167 3961 καὶ
1208 3906 1375 3969 Θεὸν,
1402 3908 1662 3975 ποιητήν
1713 3927 1773 3965 τε

159 4003 271 4057 καὶ
296 3999 617 4068 πλάστην,
650 3999 937 4069 ἐμφαίνειν
961 3998 1137 4052 ἔοικεν
1164 3998 1247 4052 ὅτι
1289 4001 1382 4052 καὶ
1405 3999 1770 4070 πεπλάνηται,

153 4092 227 4145 τὸ
285 4092 397 4161 τῆς
426 4092 710 4157 θεότητος
762 4089 953 4157 ὄνομα
990 4086 1206 4157 Ἰσραὴλ
1253 4087 1500 4159 περιθεὶς
1561 4090 1771 4160 ἑτέροις

154 4187 285 4246 τοῖς
311 4183 420 4235 οὐκ
449 4177 571 4235 οὖσι
602 4183 766 4245 θεοῖς,
797 4181 892 4234 καὶ
920 4178 1019 4249 τῆς
1057 4179 1116 4245 ἐξ
1154 4179 1331 4250 ἀρχῆς
1361 4180 1454 4233 τοῦ
1478 4179 1768 4252 ἀνθρώπου

155 4274 543 4347 δημιουργίας
561 4274 901 4344 ὑπέμνησεν,
930 4272 1254 4343 ἀχαριστίας
1282 4273 1651 4343 γραφόμενος,
1676 4275 1765 4326 si!

1951 3909 2109 3977 Quod
2140 3915 2327 3963 autem
2369 3906 2660 3961 Dominum
2690 3920 2751 3960 se
2781 3914 2832 3958 et
2856 3903 3047 3969 Deum,
3079 3904 3459 3977 (actoremque,

1875 4012 1931 4061 et
1965 4002 2346 4071 plasmatorem
2378 3980 2626 4052 nominat
2658 4014 2674 4064 ;
2706 3996 2995 4051 aberrasse
3011 3996 3258 4066 etipsum
3286 3997 3460 4054 lsrae-

1874 4093 2005 4157 lem,
2046 4093 2143 4163 qui
2179 4091 2276 4145 Dei
2309 4105 2499 4144 nomen
2556 4087 2816 4156 aliis,qui
2856 4086 2930 4140 dii
2962 4103 3071 4142 non
3122 4099 3272 4153 sunt,
3304 4091 3461 4150 allii-,-

1874 4182 2078 4246 buerit,
2103 4181 2320 4237 videtur
2342 4178 2614 4244 indicare,
2637 4188 2689 4232 et
2715 4178 2891 4247 posita
2917 4185 3044 4233 ante
3066 4182 3261 4233 oculos
3285 4180 3457 4250 prima

1873 4276 2040 4346 hujus
2099 4274 2485 4337 fabricatione,
2537 4270 2951 4341 ingratitudinis
3009 4286 3258 4341 arguere,
3312 4276 3456 4342 quod

156 4369 379 4441 γονέας
434 4364 614 4436 τιμῶν
644 4365 772 4428 τοὺς
791 4366 871 4434 είς
913 4365 1012 4434 τὴν
1050 4364 1264 4432 γένεσιν
1295 4364 1770 4435 ὑπουργήσαντας,

1879 4366 2282 4438 procreationis
2316 4364 2604 4419 ministros
2642 4372 2896 4433 parentes
2922 4365 3134 4429 colens,
3174 4362 3458 4421 Faetorem

156 4460 345 4513 αὐτὸν
393 4458 718 4530 ἀπεστράφη
764 4457 855 4511 τὸν
882 4456 1164 4524 ποιητὴν,
1198 4455 1228 4509 ὃ
1294 4457 1389 4509 καὶ
1420 4457 1487 4509 δι’
1519 4457 1636 4521 ἑνὸς
1658 4456 1763 4529 ἔφη

152 4548 281 4603 τῶν
309 4548 614 4621 προφητῶν
646 4564 662 4580 ο
701 4565 720 4599 ο
750 4547 878 4611 Υἱὸς
911 4546 1126 4612 δοξάζει
1151 4549 1386 4618 πατέρα,
1442 4547 1537 4600 καὶ
1578 4546 1764 4610 δοῦλος

152 4642 264 4695 τὸν
339 4641 533 4712 κύριον
583 4639 772 4694 αὐτοῦ.
802 4657 822 4691 ι
866 4639 977 4693 Καί
1009 4656 1024 4671 ο
1061 4657 1080 4689 ι
1119 4639 1184 4691 El
1229 4639 1425 4715 ’Πατήρ
1475 4640 1592 4708 εἰμι
1631 4637 1763 4707 ἐγὼ,

157 4734 280 4790 ποῦ
309 4736 467 4788 ἐστιν
490 4735 525 4805 ἡ
557 4732 684 4797 δόξα
717 4748 856 4804 μου;
889 4751 908 4783 ι
939 4729 1048 4784 Καί
1070 4746 1085 4762 ο
1123 4748 1143 4783 ι
1179 4730 1241 4783 El
1266 4730 1471 4801 Κύριός
1498 4729 1764 4801 είμιὲγὼ,

159 4825 281 4880 ποῦ
314 4826 470 4878 ἐστιν
493 4825 524 4877 δ
546 4824 709 4896 φόϐος
742 4839 844 4895 μου
869 4840 884 4888 ;
917 4822 1065 4891 λέγει
1080 4822 1285 4892 Κύριος
1312 4822 1759 4893 παντοκράτωρ.»

162 4917 405 4986 Κύριος
465 4915 566 4985 μὲν
623 4916 733 4988 γάρ
756 4917 926 4978 ἐστιν,
982 4913 1059 4977 ὡς
1091 4913 1197 4967 ὑπὸ
1220 4912 1390 4981 χεῖρα
1434 4912 1534 4991 τὴν
1591 4912 1770 4966 κτίσιν

164 5008 427 5078 κρατῶν,
451 5007 644 5078 Πατὴρ
670 5006 838 5071 δὲ,ὡς
862 5004 1137 5073 ποιητής.
1169 5004 1243 5057 Τὸ
1265 5004 1323 5056 δὲ
1353 5004 1435 5056 ἔτι
1455 5003 1767 5072 βοηθήσῃ,

167 5097 521 5170 παρίστησιν
565 5098 642 5162 ὡς
707 5098 919 5169 ἥμερος
997 5095 1111 5165 ἐγὼ
1168 5096 1265 5150 καὶ
1327 5095 1465 5165 πρὸς
1512 5094 1770 5148 τοσοῦτον

174 5191 572 5262 ἡμαρτηκότα.
627 5189 869 5243 Ἀνωθεν
915 5189 973 5242 δέ
1017 5204 1164 5251 τινες
1214 5186 1471 5258 περὶτῆς
1505 5186 1634 5256 ὅλης
1668 5185 1770 5256 ῥὴ-

173 5295 329 5343 cem;
360 5281 594 5351 ἔφασαν,
626 5279 702 5343 ὡς
732 5281 943 5348 ἐνάγων
972 5279 1173 5341 αὐτοὺς
1236 5279 1319 5341 είς
1382 5276 1611 5342 ἔνδειξιν
1671 5276 1771 5346 τῆς

1873 4457 2054 4527 ipsum
2087 4463 2376 4511 aversatus
2415 4454 2509 4521 sit,
2554 4453 2700 4524 quod
2732 4467 2829 4521 per
2890 4455 3180 4523 quemdam
3219 4458 3457 4527 prophe-

1870 4555 1982 4602 tam
2015 4548 2071 4601 in
2105 4547 2252 4601 hunc
2277 4545 2501 4601 modum
2523 4547 2601 4600 ait
2628 4561 2643 4600 :
2673 4564 2692 4597 ι
2725 4542 2903 4601 Filius
2920 4546 3189 4615 gloriﬁcat
3220 4547 3457 4612 Patrem,

1871 4649 1926 4695 et
1953 4654 2148 4694 servus
2181 4639 2466 4695 dominum
2504 4655 2667 4695 suum
2696 4640 2787 4694 ⁷³⁸.
2818 4658 2836 4692 ι
2883 4640 2993 4696 Et:
3038 4659 3057 4692 ι
3095 4638 3152 4695 Si
3185 4648 3336 4709 pater
3355 4655 3458 4712 ego

1873 4747 2021 4798 sum,
2057 4731 2152 4786 ubi
2182 4739 2269 4786 est
2298 4732 2472 4802 gloria
2531 4748 2650 4788 mea
2696 4733 2788 4787 “‘P
2826 4751 2845 4785 ι
2876 4733 2944 4787 Et
2977 4751 2990 4787 :
3022 4751 3041 4784 ι
3085 4730 3143 4786 Si
3194 4731 3458 4792 Dominus

1877 4836 2002 4876 sum
2035 4837 2155 4892 ego.
2194 4822 2291 4877 ubi
2326 4822 2459 4876 mihi
2483 4822 2707 4879 debitus
2732 4824 2917 4889 timor,
2944 4822 3022 4884 ait
3050 4821 3313 4878 Dominus
3337 4838 3455 4877 om-

1875 4912 2235 4983 nipotens"?
2263 4912 2526 4968 Dominus
2591 4915 2736 4970 enim
2763 4928 2904 4968 unus
2930 4921 3049 4981 est;
3084 4921 3343 4982 tanquam
3359 4915 3456 4984 qui

1874 5011 2082 5058 cuncta
2118 5015 2307 5059 creata
2368 5021 2534 5059 manu
2565 5005 2966 5075 complectatur
3000 5022 3015 5072 ;
3057 5004 3217 5060 Pater
3249 5013 3456 5075 autem,

1875 5102 2141 5173 tanquam
2176 5096 2272 5165 qui
2304 5096 2497 5152 eadem
2541 5096 2745 5166 fecerit.
2775 5096 2931 5164 Quod
2959 5112 3089 5153 vero
3132 5099 3313 5155 adhuc
3354 5114 3459 5153 au-

1873 5185 2067 5239 xilium
2094 5184 2405 5240 habiturum
2433 5187 2597 5252 dixit,
2633 5187 2686 5242 in
2717 5194 2841 5243 eum
2869 5203 2929 5245 se
2959 5188 3176 5243 facilem
3215 5199 3269 5245 et
3304 5203 3458 5244 man-

1875 5287 2115 5346 suetum,
2137 5279 2232 5350 qui
2264 5278 2402 5334 adeo
2425 5281 2697 5351 peccavit,
2724 5281 2987 5338 ostendit.
3018 5280 3274 5337 Nonnulli
3292 5260 3457 5354 porro

251 5394 303 5431 ⁷⁸
339 5394 489 5450 Psal.
512 5407 657 5461 xcrv,
687 5393 740 5446 8.
819 5394 866 5426 ⁷³
889 5393 1045 5448 Deut.
1086 5407 1259 5455 mm,
1290 5390 1342 5444 8.
1420 5390 1467 5422 ⁷³
1497 5389 1631 5444 ibid.
1663 5389 1717 5445 9.

1897 5388 2130 5445 Malach.
2165 5407 2205 5456 ι,
2239 5388 2291 5445 6.
2370 5391 2417 5423 '"’
2445 5391 2578 5447 ibid.
2654 5393 2699 5424 ⁷⁵
2737 5392 2871 5447 ibid.

1480 5505 1720 5563 vanus
1754 5504 2165 5593 LECTIONES.

260 5638 295 5668 ι
334 5627 424 5684 ισ.
450 5627 565 5683 εστι
600 5628 638 5699 ἢ
667 5629 936 5703 προσήκει
974 5630 1012 5702 ἢ
1040 5632 1281 5687 τοιῦτόγ
1303 5648 1378 5687 τι.
1455 5639 1484 5670 ν
1511 5648 1600 5701 γρ.
1632 5630 1759 5701 ἔφη.
1793 5628 1909 5683 καί.

1991 5643 2017 5670 κ
2052 5647 2142 5699 γρ.
2168 5628 2541 5685 καταλεαίνει.
2620 5639 2650 5679 γ
2680 5647 2769 5697 γρ.
2796 5629 2871 5692 ὡς
2902 5628 2939 5695 ἢ
2964 5629 3068 5683 ὃτι.
