3950 6390
550 227 693 293 2ἱο3
1856 208 2213 273 PROGOPII
2247 209 2495 271 GAZ/El
3667 218 3793 286 2404

549 344 721 403 supra
766 327 1001 401 positam
1038 325 1332 383 verborum
1375 321 1575 378 seriem
1609 334 1637 374 a
1666 318 1949 390 principio
1980 333 2109 387 repe

2243 316 2376 380 ἰδίας
2445 315 2945 387 μεγαλοπρεπείας,
2997 315 3072 379 ὡς
3112 308 3223 379 οἷός
3273 333 3333 370 τε
3382 318 3535 375 ἔσται
3594 342 3683 380 και
3711 335 3796 394 τις

549 431 751 487 tentes,
794 421 988 476 volunt
1009 432 1105 473 eos
1134 431 1164 469 ο
1202 417 1310 470 Deo
1340 416 1400 470 in
1437 429 1550 470 suae
1582 411 2015 483 magniﬁcentiae
2039 414 2109 468 de

2244 408 2378 461 δέκα
2401 407 2574 476 φυλὰς
2608 408 2984 478 ἐπαναγαγεῖν
3022 407 3117 461 ἐὰν
3150 407 3476 479 βουληθῶσι,
3521 414 3626 470 τῶν
3651 422 3799 478 πάλαι

551 514 1005 570 monstrationem
1040 507 1221 562 induci
1257 517 1319 561 ut
1350 516 1610 562 renovata
1660 515 1909 560 veterum
1965 506 2107 558 mira

2245 503 2543 573 θαυμάτων
2571 502 2857 573 ὑπέμνησε
2878 520 2929 557 ν.
2981 503 3044 557 El
3072 501 3129 556 δὲ
3159 502 3442 570 λέγετεἼί
3482 507 3562 560 δεῖ
3597 512 3803 583 psum}.

552 606 801 662 culorum
848 601 1130 663 memoria,
1168 612 1329 668 posse
1359 614 1388 651 a
1438 615 1496 652 se
1537 598 1726 651 decem
1776 595 1997 659 tribus,-
2026 595 2112 650 nis

2245 599 2418 658 σθαι;
2453 595 2614 648 πάλιν
2667 594 2890 649 ἐκείνων
2923 594 3341 664 ἀπιστουμένων
3367 596 3446 668 τῷ
3480 599 3668 671 χρόνῳ,
3715 623 3805 659 πα.

550 697 686 767 ipse
730 692 1076 756 obstiterint,
1112 691 1166 744 in
1205 690 1435 759 patriam
1472 689 1662 743 reduci
1709 703 1820 743 non
1859 686 2110 742 dubitent

2246 686 2447 759 ρείσθω
2470 685 2661 749 ταῦτα,
2699 685 2854 754 φησι,
2888 685 2985 738 καὶ
3022 685 3090 738 τὰ
3125 686 3234 738 νέα
3287 689 3617 759 σκοπήσατε.
3640 693 3804 760 Είπῲν

549 789 707 855 Quod
737 788 806 848 si,
849 784 983 856 quid
1019 783 1326 837 meminisse
1359 796 1499 851 opus
1523 781 1617 842 sit,
1649 779 1946 848 postulatis
1980 795 1996 832 :
2027 778 2109 831 ela

2246 779 2297 831 δὲ
2330 776 2398 830 τὰ
2448 776 2579 844 περὶ
2608 776 2711 846 τῆς
2750 776 2957 845 Καινῆς
2983 774 3282 846 Διαθήκης,
3308 780 3497 845 φησιν,
3531 781 3603 844 ὡς
3630 784 3701 836 Οὐ
3722 786 3806 840 νῦν

550 895 652 949 ps0
703 892 924 932 rursum
956 876 1184 945 tempori
1227 872 1388 927 ﬁdem
1420 870 1863 932 detralientibus,
1891 870 2019 935 ista,
2053 869 2105 921 iu

2244 869 2419 940 ἀρχὴν
2455 869 2555 939 τῆς
2588 869 2721 939 περὶ
2759 868 2820 921 σέ
2851 868 3181 938 κηδεμονίας
3236 870 3569 940 πεποίημαι,
3595 874 3703 928 ἀλλ’
3753 881 3804 935 οὐ

549 973 691 1040 quit,
719 970 1229 1039 przelermittantur,
1254 972 1308 1019 et
1345 979 1465 1033 quae
1497 964 1729 1017 recentia
1764 970 1914 1024 sunt,
1952 959 2104 1015 consi

2244 960 2298 1013 δὲ
2330 961 2523 1030 μισθὸν
2544 960 2728 1014 λαϐὼν
2770 959 2831 1024 ἐξ
2864 959 3060 1031 ἀρχῆς,
3098 959 3412 1015 τούναντίον
3445 962 3504 1016 δέ
3560 967 3651 1018 καὶ
3698 970 3804 1023 ass.

549 1063 762 1117 derate.
792 1059 1017 1120 Deinde,
1045 1065 1103 1111 ut
1128 1071 1215 1122 ea,
1252 1040 1373 1125 quae
1395 1054 1462 1108 ad
1483 1053 1694 1108 Novum
1721 1044 2109 1107 Testamentun

2244 1048 2426 1102 σοῦντι
2466 1050 2574 1103 τῶν
2632 1050 3049 1120 ἁμαρτημάτων
3092 1047 3289 1117 ἄφεσιν
3344 1051 3581 1119 δέδωκα,
3636 1059 3802 1129 καιρὸν

512 1154 520 1161 ’
549 1155 806 1212 attinent.
837 1151 1038 1220 attigit,
1070 1164 1179 1203 non
1217 1163 1277 1203 se
1314 1164 1459 1201 nunc
1496 1146 1736 1216 primum
1765 1144 1884 1213 ejus
1936 1157 2070 1196 cura

2244 1140 2373 1211 ὑμῖν
2395 1141 2519 1204 δοὺς
2554 1137 2905 1210 δικαιοσύνηκ,
2936 1139 3298 1211 ἐργάζεσθαι.
3342 1143 3455 1197 Καὶ
3514 1147 3546 1215 ἡ
3581 1147 3802 1207 θάλασσα

550 1245 869 1314 suscepisse
908 1241 1230 1311 respondet,
1266 1241 1359 1310 qui
1394 1254 1463 1294 ne
1484 1237 1797 1292 mercedem
1830 1235 2047 1306 quidem
2068 1235 2110 1287 al

2244 1230 2373 1301 γὰρ,
2403 1230 2501 1283 καὶ
2527 1231 2555 1283 6
2600 1227 2792 1283 στύλος
2823 1227 2920 1281 τοῦ
2952 1227 3143 1295 πυρὸς,
3164 1227 3260 1281 καὶ
3302 1230 3336 1299 ἡ
3369 1229 3591 1302 νεφέλη,
3646 1233 3804 1303 βαπτε.

549 1336 711 1390 initio
744 1332 1041 1402 acceperit,
1073 1331 1169 1386 sed
1195 1340 1390 1385 contra
1417 1338 1475 1383 ut
1497 1329 1663 1398 impie
1692 1328 1904 1397 degenti
1934 1341 2109 1396 peccat

2244 1337 2450 1391 σματος
2477 1319 2663 1390 χώραν
2692 1321 2914 1389 ἐπεῖχεν
2956 1320 3107 1388 ὑμῖν.
3160 1320 3272 1374 Καὶ
3299 1321 3329 1372 6
3357 1320 3680 1385 ’Δπόστολος
3714 1328 3801 1398 γὰρ

548 1438 733 1481 torum
766 1426 1008 1486 veniam,
1043 1431 1340 1494 prorogato
1368 1420 1435 1475 ad
1471 1420 1805 1489 operandam
1856 1418 2108 1488 justitiau

2244 1412 2609 1483 βεϐαπτίσθαι
2662 1412 2826 1481 φησιν
2887 1411 3088 1475 αὐτοὺς
3149 1414 3208 1464 ἐν
3259 1414 3329 1482 τῇ
3386 1413 3583 1485 νεφέλῃ
3625 1417 3712 1468 καὶ
3748 1422 3799 1490 τῇ

548 1526 817 1588 tempore,
850 1516 1108 1587 largitum
1164 1528 1309 1569 esse.
1373 1512 1519 1568 Mare
1569 1514 1736 1576 enim,
1773 1520 1828 1566 et
1877 1513 2108 1566 column;

2243 1504 2511 1575 θαλάσσῃ.
2556 1504 2616 1557 '0
2648 1504 2812 1566 αὐτὸς
2863 1502 2920 1556 δέ
2969 1504 3065 1556 καὶ
3128 1501 3225 1556 νῦν
3279 1505 3399 1572 εἰμι
3495 1505 3799 1577 βουλομένων

550 1603 715 1675 ignis,
754 1612 809 1656 et
838 1604 1060 1667 nebula,
1099 1603 1451 1671 baptismatis
1493 1604 1694 1664 vicem,
1734 1601 2000 1671 Apostolo
2046 1610 2110 1656 te-

2243 1597 2399 1666 ὑμῶν
2443 1596 2631 1665 ἀφιεὶς
2656 1596 2954 1667 ἁμαρτίας,
2996 1598 3091 1649 ἐὰν
3119 1596 3332 1650 ἑαυτῶν
3391 1599 3680 1670 κατήγοροι
3730 1604 3797 1670 γέ.

547 1702 632 1745 ste
664 1691 734 1754 ⁷⁸,
757 1693 1173 1761 suppleverunt,
1194 1690 1286 1757 qui
1319 1691 1373 1742 in
1404 1689 1550 1743 nube
1565 1697 1619 1743 et
1651 1690 1788 1742 mari
1825 1689 2107 1759 baptizato:

2238 1687 2403 1760 νησθε
2462 1689 2556 1741 ἐπὶ
2625 1690 2843 1757 ἀφέσει,
2898 1688 2961 1740 οὐ
2992 1688 3342 1759 κατακρίσει.
3414 1687 3478 1741 Ei
3526 1689 3582 1743 δὲ
3612 1692 3702 1762 μὴ,
3754 1696 3798 1748 ἐν

547 1781 714 1837 dicat.
739 1781 884 1835 Idem
903 1796 1054 1847 vero,
1095 1780 1191 1846 ait,
1227 1788 1278 1835 et
1314 1795 1460 1835 nunc
1488 1780 1603 1849 ipse
1650 1795 1793 1846 sum,
1823 1782 1917 1849 qui
1948 1782 2107 1835 volcn

2241 1779 2421 1852 καιρῷ
2473 1781 2573 1851 τῆς
2634 1781 2870 1851 κρίσεως
2898 1780 3105 1835 τούτων
3155 1781 3305 1851 ὑμᾶς
3363 1782 3661 1853 ὑπομνήσω
3697 1787 3798 1851 τοὺς

547 1874 697 1928 tibus
737 1873 891 1927 vobis
920 1880 1142 1944 peccata
1182 1871 1421 1936 dimitto,
1463 1871 1509 1926 si
1545 1870 1649 1941 ipsi
1682 1886 1873 1926 eorum
1904 1887 2105 1927 accusa

2239 1872 2451 1926 ἐαυτῶν
2502 1873 2744 1944 πατέρας
2784 1876 2906 1936 ταῖς
2943 1874 3248 1944 ἁμαρτίαις
3288 1874 3640 1945 νικήσαντας.
3670 1878 3799 1931 Ἦσέο

544 1971 694 2018 tores
718 1963 770 2016 in
791 1963 1196 2027 remissionem,
1214 1977 1321 2015 nou
1341 1963 1394 2015 iu
1419 1960 1932 2017 condemnationem
1962 1960 2104 2031 ἀεί

2238 1964 2369 2019 6ουν
2423 1964 2521 2034 μὲν
2581 1966 2690 2036 γάρ
2744 1965 2991 2019 κάκεῖνοι
3019 2005 3036 2027 ,
3083 1966 3202 2019 ἀλλ’
3257 1970 3360 2020 οὐκ
3436 1967 3647 2021 εἴδωλον
3699 1971 3795 2023 καθ’

544 2070 669 2111 esse
698 2055 1010 2111 volueritis.
1049 2054 1148 2110 Sin
1179 2054 1382 2119 minus,
1423 2054 1550 2125 ipsa
1586 2069 1688 2126 ego
1722 2055 1881 2109 vobis
1936 2054 2104 2123 judici

2242 2052 2387 2121 ὑμᾶς
2438 2053 2839 2122 ἐπεισήνεγκαν
2894 2050 2972 2121 τῷ
3036 2053 3297 2121 ἡμετέρῳ
3338 2052 3474 2123 ναῷ.
3530 2055 3634 2108 Καὶ
3662 2057 3794 2110 πάλιν

544 2158 792 2217 tempore
824 2147 879 2200 in
909 2145 1226 2202 memoriam
1264 2144 1561 2209 revocabo,
1591 2151 1644 2199 et
1694 2145 1968 2213 majorum
1996 2156 2103 2200 ‘scc

2239 2144 2588 2211 ἐπιστρέψων
2643 2143 2862 2208 αὐτοὺς,
2945 2143 3347 2215 δυσωπητικῶς
3446 2145 3652 2200 Ἰακὼϐ
3715 2150 3794 2202 καί

546 2245 657 2299 lera
694 2256 709 2304 ;
740 2239 931 2295 eadem
962 2251 1227 2307 superare
1257 2237 1530 2292 evincam.
1567 2237 1682 2291 Etsi
1706 2238 1853 2291 enim
1880 2237 2104 2306 impieta

2253 2235 2503 2303 Ἰσραὴλ
2536 2237 2602 2287 ἐκ
2653 2234 2760 2289 τῶν
2839 2234 3094 2307 πατέρων
3166 2235 3346 2300 καλεῖ,
3413 2237 3512 2291 καὶ
3572 2240 3795 2306 ποιητὴν

549 2335 621 2389 tis
673 2330 906 2385 crimine
938 2335 991 2383 et
1030 2328 1108 2382 illi
1147 2340 1369 2397 quoque
1418 2339 1527 2381 non
1584 2326 1892 2389 caruerint,
1930 2326 2109 2380 idoluu

2240 2326 2337 2380 καὶ
2360 2327 2448 2379 διὰ
2506 2326 2725 2381 πάντων
2770 2326 3031 2395 διήκοντα
3078 2327 3299 2391 δεικνὺς
3345 2328 3674 2391 έαυτδν,καὶ
3715 2328 3794 2399 τῆς

544 2432 725 2479 tamen
782 2422 836 2475 in
890 2420 1157 2491 templum
1199 2433 1405 2483 meum,
1437 2417 1587 2487 quod
1628 2418 1734 2487 ipsi
1784 2416 1965 2472 facere
2016 2432 2104 2472 aut

2240 2421 2299 2472 ἐν
2340 2421 2403 2489 τῇ
2438 2420 2636 2489 γαστρὶ
2665 2420 2940 2490 μέμνηται
3001 2417 3310 2485 πλάσεως.
3352 2414 3487 2473 Εἶτα
3516 2420 3692 2490 μισθὸν
3714 2420 3794 2489 τῆς

543 2518 706 2580 estis,
736 2529 1021 2584 nunquam
1054 2510 1413 2566 induxerunt.
1450 2509 1678 2571 Deinde,
1712 2516 1773 2564 ut
1812 2509 1880 2564 ad
1942 2509 2103 2578 rcsipi

2239 2508 2321 2574 εἰς
2363 2509 2455 2561 τὸν
2484 2509 2765 2579 Μονογενῆ
2797 2510 3033 2572 πίστεως
3063 2508 3131 2562 τὸ
3174 2508 3428 2578 Πνεῦμα
3448 2507 3632 2562 δώσειν
3652 2512 3789 2577 ἐπαγ-

542 2610 811 2665 scentiam
832 2606 1093 2668 adducat,
1115 2604 1353 2676 graviter
1374 2602 1595 2659 eosdem
1612 2606 2008 2673 perstringens,
2039 2602 2102 2655 la

2240 2601 2562 2671 γειλὰμενος
2589 2601 2689 2673 τὴν
2749 2600 2810 2666 ἐξ
2837 2600 3004 2654 αὐτοῦ
3062 2601 3488 2672 χορηγουμένην
3542 2600 3789 2669 εὐλογίαν

542 2703 731 2757 cobum
759 2707 809 2754 et
841 2696 1101 2752 lsraelem
1135 2696 1203 2750 de
1232 2703 1451 2764 patrum
1481 2695 1704 2750 nomine
1737 2694 1975 2763 appellat
2006 2711 2021 2761 ;
2052 2694 2102 2763 fa

2238 2692 2412 2763 δηλοῖ.
2476 2694 2639 2747 Ἰδιον
2703 2693 2814 2764 γὰρ
2851 2693 2962 2747 τῶν
2992 2693 3368 2762 εὐλογοὺντων
3413 2693 3563 2757 Θεὸν,
3611 2694 3667 2748 τὸ
3718 2694 3793 2747 καὶ

546 2806 848 2862 ctoremque
879 2807 939 2846 se
972 2803 1095 2845 esse
1119 2788 1386 2853 ostendit,
1416 2794 1472 2843 et
1499 2786 1687 2842 omnia
1720 2801 2026 2856 permeare,
2056 2787 2106 2856 ip

2238 2786 2441 2850 αὐτοὺς
2464 2788 2746 2856 εὐλογίας
2779 2787 3151 2859 πληροῦσθαι.
3185 2789 3252 2840 Εἰ
3276 2788 3388 2859 γὰρ
3420 2790 3447 2843 ὀ
3474 2785 3791 2856 τδνἋσραὰμ

544 2899 663 2939 sam
686 2880 947 2947 denique,
978 2892 1102 2947 qua
1159 2878 1216 2931 in
1260 2884 1417 2931 utero
1457 2875 1782 2935 absolvitur,
1812 2874 2104 2942 plasmatio

2240 2877 2477 2946 εὐλογῶν
2505 2880 2791 2949 εὐλογίας
2817 2879 3155 2950 κληρονόμος
3177 2880 3358 2944 ἔσται,
3436 2884 3581 2952 πόσῳ
3607 2897 3663 2949 γε
3695 2880 3793 2933 τοῦ·

544 2989 663 3028 nem
714 2969 1010 3026 moderari.
1056 2966 1320 3037 Spiritum
1361 2965 1560 3021 deinde
1589 2964 1711 3034 ejus
1740 2964 1890 3029 lidei,
1919 2980 2041 3034 qua:
2083 2965 2098 3018 i

2240 2987 2334 3023 του
2358 2971 2453 3024 τὸν
2482 2970 2618 3024 Θεὸν
2639 2972 2734 3025 καὶ
2748 2974 3057 3040 Δεσπότην;
3086 2973 3178 3025 Ἐν
3199 2974 3415 3036 τούτοις
3443 2974 3499 3027 δέ
3518 2974 3790 3043 γενήσονται

549 3064 913 3135 Unigeuitutu
955 3060 1189 3115 habetur
1219 3059 1294 3125 (id
1322 3068 1405 3115 est
1439 3056 1876 3119 benedictionem,
1902 3072 2023 3127 quae
2069 3058 2109 3110 a}

2246 3062 2361 3123 τοῖς
2389 3060 2637 3127 ἀγαθοῖς,
2667 3061 2745 3124 ὡς
2764 3064 2889 3125 ,τοῖς
2913 3028 3229 3117 ἀείθάλέσιν
3266 3067 3507 3118 ἐοικέναι
3526 3028 3694 3132 ἔρυτοῖς
3714 3064 3789 3117 καὶ

546 3157 745 3215 eodem
773 3152 1178 3225 suppeditatur)
1212 3150 1484 3206 mercedis
1507 3149 1628 3204 loco
1655 3148 1915 3205 daturum
1950 3165 2009 3205 se
2043 3151 2106 3203 de

1137 3152 1178 3222 r)
1212 3150 1484 3206 mercedis
1507 3149 1628 3204 loco
1655 3148 1915 3205 daturum
1950 3165 2009 3205 se
2043 3151 2139 3203 de-
2245 3153 2315 3206 τὰ
2341 3154 2435 3206 ἐπὶ
2466 3155 2697 3217 τούτοις.

544 3258 840 3305 monstrat.
867 3246 964 3302 Est
997 3245 1147 3302 enim
1185 3244 1254 3300 iis
1302 3244 1568 3298 usitatqu
1610 3250 1663 3296 et
1708 3242 2019 3313 proprium,
2046 3243 2141 3311 qui
2180 3243 2294 3301 Deo
2328 3247 2683 3314 benedicunt,
2713 3257 2771 3302 ut
2803 3249 2909 3318 ipsi
2940 3242 3163 3321 quoque
3177 3250 3539 3306 benedictione
3575 3249 3785 3318 replean-

547 3348 657 3395 tur.
713 3339 774 3394 Si
802 3337 950 3393 enim
1009 3334 1449 3406 quiAbraltamo
1474 3333 1772 3396 benedicit,
1830 3335 2244 3391 benedictionem
2289 3347 2346 3394 et
2417 3339 2534 3408 ipse
2575 3341 2958 3410 consequitur,
3024 3354 3240 3414 quanto
3317 3343 3495 3413 magis
3564 3342 3651 3413 qui
3684 3338 3784 3397 Deo.

546 3439 602 3487 et
639 3429 921 3485 Domino?
951 3427 1081 3484 istis
1109 3428 1278 3497 igitur
1302 3426 1463 3481 bonis
1492 3426 1824 3481 abundaturi
1864 3437 2036 3494 sunt;
2074 3437 2135 3484 ut
2173 3431 2480 3488 virentibus
2520 3448 2735 3505 semper
2760 3435 3058 3490 arboribus
3106 3426 3171 3489 e'a
3210 3435 3405 3502 etiam,
3447 3448 3566 3505 qua:
3599 3435 3659 3488 ad
3692 3430 3784 3486 illos

545 3531 819 3593 spectant,
862 3528 1183 3591 appareant.

616 3613 784 3686 599
819 3613 982 3666 Vens.
1018 3610 1175 3666 6—23.
1206 3610 1297 3666 Sic
1333 3612 1410 3665 ait
1465 3610 1630 3672 Deus,
1676 3626 1769 3663 rea:
1817 3610 2011 3675 Israel,
2050 3614 2140 3682 qui

2319 3620 2491 3683 ς-κγθ.
2580 3613 2782 3680 Οὕτως
2856 3613 3020 3683 λέγει
3056 3618 3128 3679 ,ό
3218 3614 3386 3681 Θεὸς,
3446 3615 3480 3667 ό
3534 3608 3773 3677 βασιλεὺς

546 3706 790 3761 liberavit
848 3706 1045 3773 ipsum,
1080 3704 1222 3759 Deus
1266 3706 1643 3759 exercituum:
1684 3702 1798 3775 Ego
1835 3706 2106 3775 primus,t

2258 3705 2520 3774 Ἰσραὴλ,
2549 3708 2583 3759 ό
2604 3703 2956 3773 ῥυσάμενος
2981 3704 3174 3759 αὑτὸν
3209 3706 3358 3771 Θεὸς
3389 3702 3639 3759 Σαόοώθο
3670 3697 3772 3768 Ἐγὼ

544 3814 640 3868 ego
669 3795 937 3866 posthac.
970 3794 1175 3850 Praeter
1220 3812 1301 3849 me
1351 3811 1456 3850 non
1508 3808 1586 3851 est
1625 3798 1784 3853 Deus.
1823 3800 1954 3863 Qui:
2003 3800 2104 3853 sici

2244 3797 2495 3867 πρῶτος,
2527 3798 2625 3851 καί
2675 3795 2791 3860 ἐγὼ
2819 3798 2972 3866 μετὰ
3022 3797 3234 3851 ταῦτα.
3299 3796 3475 3864 Πλὴν
3533 3793 3664 3864 ἐμοῦ
3698 3792 3776 3844 οὐκ

546 3906 641 3961 ego
668 3891 693 3941 2
725 3887 861 3954 Stet,
888 3897 1054 3952 vocet,
1082 3896 1133 3943 et
1173 3890 1475 3954 annuntiet,
1501 3898 1552 3944 et
1585 3900 1737 3955 paret
1774 3892 1930 3959 mihi,
1954 3906 2020 3945 ea:
2039 3907 2106 3961 qu

2243 3892 2378 3947 ἐστι
2405 3893 2439 3945 ὁ
2478 3891 2640 3955 Θεός.
2693 3892 2783 3956 Τίς
2823 3888 3028 3958 ὥσπερ
3056 3889 3213 3959 ἐγώ;
3269 3889 3494 3959 Στήτω,
3523 3887 3614 3941 καί
3640 3885 3776 3938 καῖε-

549 3984 652 4054 feci
681 3983 947 4038 hominem
973 3983 1028 4037 in
1066 3992 1350 4048 tctcrnum,
1382 3970 1495 4038 etc.

2244 3982 2429 4049 σάτω,
2485 3983 2585 4036 καί
2632 3981 3062 4050 ἀναπειλὰτω,
3120 3981 3223 4036 καὶ
3285 3978 3641 4050 ἑτοιμασάτω
3683 3989 3774 4043 μοι.

1438 4122 1441 4125 -
2240 4076 2341 4143 ἀφ’
2388 4071 2459 4131 οὗ
2490 4076 2753 4142 ἐποίησα
2774 4075 3102 4143 ἄνθρωπον
3138 4078 3228 4142 είς
3266 4077 3374 4132 τὸν
3408 4067 3773 4135 αὶῶνα,κ,τ.λ.

622 4163 784 4235 500
809 4161 972 4217 Aliud
1006 4172 1089 4217 est
1113 4165 1402 4221 sermonis
1423 4165 1644 4220 initium
1677 4165 1745 4219 ad
1773 4165 2018 4232 Judaeos,
2043 4166 2137 4236 qui

2313 4168 2406 4232 Ἐξ
2464 4168 2659 4236 ὲτέρας
2703 4167 2882 4238 ἀρχῆς
2915 4168 3054 4239 πρὸς
3092 4160 3219 4233 τοὺς
3275 4167 3655 4236 εἰδωλολάτρας
3693 4158 3773 4211 τῶν

552 4260 825 4315 idolorum
871 4258 1081 4313 cultum
1121 4260 1360 4329 amplexi
1393 4270 1544 4316 sunt.
1581 4260 1689 4316 Sed
1748 4261 2038 4332 cujusnam
2071 4264 2112 4319 si

2240 4259 2515 4314 Ἰουδαίων
2545 4260 2573 4313 6
2596 4259 2774 4329 λόγος.
2806 4260 2970 4313 Ποίου
2998 4260 3055 4313 δὲ
3097 4261 3343 4330 Ἰσραήλ
3367 4261 3482 4311 ἐστι
3502 4249 3771 4321 βασιλεὺς,

554 4351 776 4406 lsraelis
805 4366 898 4404 rex
924 4366 1032 4404 non
1066 4350 1325 4419 ignorare
1352 4353 1584 4423 patitur,
1615 4368 1742 4407 cum
1770 4355 1862 4423 qui
1898 4353 2114 4407 liberari

2241 4352 2515 4422 ἐπήνεγκε
2572 4350 2768 4419 λέγων,
2809 4352 2846 4407 ὀ
2906 4350 3259 4420 ῥυσάμενος
3307 4348 3494 4405 αὐτόν
3549 4343 3679 4407 Θεὸς
3693 4342 3774 4393 Σα-

548 4457 672 4496 enm
693 4442 832 4496 Deus
858 4442 1212 4505 exercituum,
1246 4441 1458 4512 adjicit.
1489 4444 1588 4497 Est
1614 4445 1759 4498 enim
1794 4443 2108 4498 liberatarum

2285 4443 2423 4498 αώθ.
2448 4444 2570 4497 Τῶν
2590 4443 2700 4514 γὰρ
2733 4443 3082 4511 ρυσθέντων
3108 4442 3225 4495 ἐστὶ
3255 4438 3568 4507 βασιλεὺς.
3595 4435 3649 4488 οὐ
3690 4429 3776 4482 τῶν
3840 4461 3845 4471 ς

555 4551 648 4589 rex
674 4575 690 4601 ,
727 4547 836 4588 non
863 4546 1061 4588 eorum
1109 4534 1205 4603 qui
1266 4533 1570 4604 impietatis
1621 4546 1926 4603 arguuntur
1959 4553 1973 4589 :
2005 4551 2115 4604 quo

2247 4535 2740 4605 κατηγορουμένων
2764 4534 2850 4588 ἐπ’
2910 4532 3155 4605 ἀσεϐείᾳ.
3197 4532 3311 4596 Οὓς
3362 4531 3431 4601 δὴ
3481 4529 3572 4582 καὶ
3613 4522 3774 4586 πλανη’

553 4639 736 4683 tamen
767 4626 1094 4681 aberrantes
1142 4626 1312 4680 etiam
1350 4627 1420 4681 ad
1466 4643 1636 4681 unum
1684 4627 1854 4680 Deum
1908 4628 2113 4682 reducit

2248 4625 2439 4688 θέντας
2468 4626 2789 4695 ἐπιστρέφει
2812 4624 2952 4694 πρὸς
2989 4624 3083 4677 τὸν
3126 4625 3223 4679 ἕνα
3265 4623 3432 4679 Θεόν.
3484 4616 3596 4685 Πρὸ
3619 4606 3671 4667 οὗ
3702 4608 3773 4662 καὶ

546 4736 665 4793 quo
719 4735 903 4789 neque
976 4719 1127 4787 prior
1177 4734 1361 4789 neque
1408 4722 1673 4790 posterior
1713 4720 1860 4774 ullus
1910 4701 2106 4774 inveni:

2242 4719 2373 4787 μεθ’
2404 4717 2479 4772 ὃν
2527 4720 2629 4771 οὐκ
2657 4718 2803 4772 ἔστιν
2826 4719 2987 4773 ἄλλον
3013 4718 3212 4790 εὑρεῖν.
3243 4719 3304 4771 Ei
3334 4715 3393 4769 δὲ
3415 4712 3505 4766 καὶ
3533 4709 3648 4775 περὶ
3668 4718 3768 4793 παν-

554 4790 748 4884 queat.
784 4812 951 4880 Quod
1000 4812 1048 4868 si
1080 4813 1150 4868 de
1210 4814 1474 4871 universo
1505 4814 1672 4869 etiam
1728 4810 1931 4868 Israele
1976 4814 2111 4868 verb

2247 4807 2337 4871 τὸς
2366 4810 2538 4861 νοοῖτο
2568 4807 2665 4861 τοῦ
2718 4807 2968 4876 Ἰσραὴλ
3039 4808 3100 4861 τὸ
3142 4811 3175 4862 ό
3212 4804 3551 4876 ῥυσάμενος
3599 4790 3766 4890 αὐτὸς.

554 4901 682 4964 ista,
716 4903 803 4972 qui
832 4901 1079 4956 liberauit
1110 4903 1672 4975 eum,intelligantur,
1714 4917 1833 4969 eos,
1879 4911 1938 4957 ut
1969 4900 2110 4973 Egy

2243 4899 2346 4968 τῆς
2392 4898 2706 4968 ἐλευθερίας
2776 4899 2958 4952 αὐτῶν
3013 4901 3113 4969 τῆς
3166 4900 3227 4965 ἐξ
3277 4896 3544 4966 Αἰγύπτου
3602 4895 3770 4956 μεμνη’

553 4988 752 5058 ριὶαςω
788 4990 1080 5045 servitutis
1139 4989 1296 5061 501
1340 4991 1717 5059 meminerint,
1749 5008 1778 5047 a
1814 5008 1920 5064 qua
1971 5003 2113 5059 crept

2248 4991 2370 5044 σθαι
2441 4989 2774 5059 παρακαλεῖ,
2848 4992 2942 5042 καὶ
3002 4991 3112 5043 τῶν
3171 4989 3437 5045 τοσούτων
3500 4977 3764 5047 θαυμάτων.

556 5088 712 5146 sunt,
744 5080 1090 5148 adhortatur,
1121 5092 1511 5153 tantorumque
1532 5084 1922 5139 miraculorum
1951 5090 2114 5147 aucto

2248 5080 2398 5152 παρὰ
2420 5082 2513 5134 τὸν
2542 5080 2705 5149 φύσει
2730 5081 2881 5135 Θεὸν
2900 5081 3172 5150 ἄναρχον
3195 5099 3259 5136 τε
3305 5080 3401 5133 καὶ
3421 5071 3768 5133 ἀτελεύτητον

557 5187 674 5227 rem
704 5182 904 5242 praeter
934 5174 1121 5242 Deum,
1165 5177 1258 5246 qui
1281 5184 1480 5231 natura
1521 5177 1650 5230 talis
1670 5177 1932 5245 principio
1964 5184 2012 5228 et
2041 5174 2117 5243 ﬁn

2257 5172 2438 5241 ἕτερον
2490 5173 2683 5225 οὐδένα
2741 5172 2958 5236 δεικνύς
2983 5191 2997 5205 ⁴
3030 5177 3079 5227 εί
3110 5175 3167 5228 δὲ
3212 5170 3450 5243 νομίζεις
3470 5165 3614 5219 ἄλλον
3638 5154 3765 5246 ei“?
3812 5229 3817 5233 .

557 5241 738 5327 caret,
762 5264 977 5319 nullum
1006 5241 1131 5323 esse
1153 5241 1321 5322 alium
1347 5267 1613 5324 ostendit.
1647 5241 1870 5333 Vverum,
1906 5267 1953 5322 si
1975 5241 2117 5322 aliun

2248 5264 2460 5333 λεγέτω
2491 5267 2643 5318 ποῖον
2674 5264 2836 5335 ἔργον
2870 5265 3037 5319 αὐτοῦ
3059 5241 3328 5319 δείκνυσιν
3394 5261 3450 5312 ἐν
3495 5253 3567 5322 τῷ
3598 5241 3762 5335 acuti.

556 5354 831 5414 exsistere
885 5357 1201 5423 arbitraris,
1228 5358 1377 5414 dicat
1405 5359 1541 5429 jam,
1601 5359 1767 5430 quale
1806 5331 1968 5415 suum
1999 5373 2116 5428 opu:

2256 5355 2410 5418 Ἐνδς
2468 5355 2578 5426 γὰρ
2621 5354 2775 5420 ὃντος
2817 5354 2908 5410 τοῦ
2963 5357 3191 5430 κόσμου,
3241 5356 3333 5409 καὶ
3371 5342 3649 5419 συμφυοῦς.
3692 5331 3766 5386 καῖ

564 5444 616 5499 in
666 5445 772 5501 hoc
834 5446 1077 5503 universi
1125 5449 1343 5505 theatro
1386 5426 1675 5507 ostendere
1751 5462 1941 5521 queat.
1983 5426 2124 5507 Uini:

2246 5447 2427 5517 ἐαυτῷ
2455 5450 2832 5520 συνημμένου,
2857 5443 2938 5513 εἷς
2969 5450 3034 5504 ἂν
3065 5426 3260 5524 enim
3281 5450 3308 5501 6
3349 5443 3525 5499 τούτου
3549 5435 3764 5505 δῖῖίιυνθνρ⁴

635 5625 677 5660 ⁷⁸
711 5624 734 5682 ι
761 5625 885 5680 Cor.
918 5644 969 5692 κ,
1000 5628 1054 5682 ‘2.
