3950 6384
149 237 288 301 2405

1290 233 1832 296 COMMENTARII
1875 234 1959 296 IN
2000 232 2294 298 ISAIAM.

3292 239 3445 309 2406

140 352 259 416 τὰς,
311 346 377 401 ἐκ
424 345 686 418 μεγέθους
748 346 844 399 καὶ
893 342 1159 413 καλλονῆς
1218 342 1538 413 κτισμάτων
1578 340 1736 395 νοοὺ-

1855 342 1990 398 enim
2026 357 2150 397 cum
2193 344 2290 405 sit,
2318 339 2681 414 ejusdemque
2743 350 2978 409 natura,
3007 310 3068 399 et
3107 343 3213 400 sibi
3260 348 3447 401 cohav-

141 454 325 507 μενος.
375 436 529 492 Θεοῦ
585 435 642 488 δὲ
687 434 842 497 όντος
887 435 1102 505 ἐτέρου,
1158 432 1257 487 καὶ
1305 434 1511 505 κόσμος
1547 432 1735 502 ἕτερος

138 527 502 598 νοηθήσεταιο
539 522 676 592 ὅπερ
707 527 773 577 ὲκ
807 523 1069 577 πλειόνων
1092 523 1170 587 ὡς
1217 524 1418 576 ἄτοπον
1449 522 1735 593 ἐξελήλεγ-

137 638 288 675 κται.
346 619 425 672 Τὸ
465 617 523 671 δὲ
577 600 803 682 στήτω,
834 616 980 668 τοῦτ’
1024 614 1140 673 ἔστι
1214 614 1431 684 πρῶτον
1505 613 1740 684 ὓπαρξιν

138 710 407 765 δεικνύτω
438 708 541 779 τὴν
568 705 789 769 ἑαυτοῦ,
818 706 915 760 καὶ
935 706 1011 768 ὡς
1055 707 1115 759 ὲν
1173 703 1367 768 οὐσίας
1416 706 1565 758 ἐστὶν
1599 704 1737 758 ὑπο-

141 802 352 862 στάσει,
385 801 483 853 καὶ
506 799 584 862 ὠς
606 800 692 868 ἐφ’
729 797 923 853 ἑαυτοῦ
955 797 1110 867 μένει
1174 797 1270 851 καὶ
1317 793 1741 868 ἓστηκεν.“1·3ῐτα

142 896 326 965 φωνὴν
350 894 509 961 ἀφεὶς
541 892 770 962 λογικὴν
798 891 893 944 καὶ
923 889 1046 960 Θεῷ
1069 891 1417 961 πρέπουσαν,
1455 890 1738 958 ἀναγγει-

142 983 298 1040 λὰτω
330 984 541 1052 πρῶτα
564 982 665 1036 καὶ
689 982 944 1050 ἔσχατα,
987 981 1080 1050 ἀφ’
1130 974 1196 1035 οὗ
1249 982 1361 1034 τὸν
1416 980 1739 1049 ἄνθρωπον

143 1078 405 1140 ἔκλασα,
444 1074 611 1145 μέχρι
643 1072 740 1125 τοῦ
765 1070 1035 1141 παρόντος
1093 1070 1311 1141 καιροῦ,
1348 1071 1380 1142 ἢ
1413 1073 1504 1125 καὶ
1526 1072 1607 1125 ἔτι
1629 1071 1736 1127 τοῦ

139 1170 497 1240 μέλλοντος,
545 1165 800 1236 καθάπερ
852 1162 965 1233 ἐγὼ
988 1162 1059 1216 τὰ
1123 1163 1226 1232 μὲν
1272 1162 1477 1230 πρῶτα
1506 1162 1594 1216 διὰ
1611 1164 1740 1217 Μω-

146 1260 299 1325 σέως,
320 1260 395 1314 τὰ
422 1260 481 1313 δὲ
514 1261 614 1331 τῆς
640 1256 736 1312 τοῦ
770 1255 1009 1327 Χριστοῦ
1084 1255 1413 1327 παρουσίας,
1454 1254 1521 1309 δι’
1568 1254 1737 1308 αὑτοῦ

141 1354 327 1407 ἰε-καὶ
365 1352 480 1404 τῶν
502 1351 680 1405 ἄλλων
710 1339 970 1420 ἐμήνυσα
998 1345 1321 1418 προφητῶν.
1351 1343 1475 1411 Θεῷ
1525 1346 1634 1416 γὰρ
1662 1346 1739 1417 τῷ

144 1443 283 1498 κατὰ
312 1443 479 1512 φύσιν
527 1443 705 1497 πάντα
756 1442 1023 1509 πάρεστιν
1085 1440 1145 1492 ἐν
1194 1437 1483 1509 ἀμερίστῳ
1536 1438 1738 1508 γνώσει

142 1536 230 1590 καὶ
249 1536 528 1606 τά.χρόνῳ
561 1534 908 1605 διεστηκότα.

1847 447 1976 489 rens
2009 432 2250 488 mundus
2292 432 2534 500 ;unlicus
2579 447 2804 503 quoque
2867 443 2923 488 et
2977 433 3100 504 ejus
3161 435 3342 503 opifex
3378 452 3459 491 ex.

1846 525 2225 595 magnitudine
2251 526 2438 594 operis
2468 532 2522 579 et
2554 525 2967 594 pulchritudine
2991 526 3333 595 intelligatur
3353 543 3449 581 nc-

1847 632 2005 673 cesse
2031 624 2116 673 est
2144 634 2159 683 ;
2189 617 2655 688 quemadmodum
2675 626 2730 672 et
2760 620 2999 673 mundus
3031 619 3195 683 alius,
3228 621 3276 672 si
3307 618 3448 673 Deus

1850 707 1995 761 alius
2032 725 2045 760 :
2073 707 2221 776 quod
2254 711 2444 764 multis
2471 711 2786 765 rationibus
2821 711 3130 766 absurdum
3164 726 3290 767 esse
3316 729 3451 768 CON-

1849 800 2110 855 vincitur.
2128 802 2198 855 At
2220 802 2365 871 quod
2399 812 2544 856 atare
2571 803 2828 872 imperat,
2864 804 3110 874 postulat
3143 805 3447 874 imprimis,

1848 902 1909 948 ut
1940 910 2099 950 suam
2150 897 2243 950 ille
2300 898 2691 952 exsistentiam
2730 897 3096 966 demonstret,
3133 899 3356 965 deinde,
3383 909 3446 955 ut

1848 994 1923 1041 sn
1968 986 2023 1040 in
2076 986 2340 1042 essentia:
2385 987 2979 1059 hypostasi,denique,
3018 1000 3078 1044 ut
3142 991 3197 1045 in
3259 991 3447 1060 seipso

1846 1086 2065 1132 maneat
2095 1086 2148 1133 et
2176 1087 2410 1133 constet.
2434 1080 2578 1134 Voce
2608 1088 2873 1150 prteterea
2905 1098 3039 1136 usus
3060 1083 3296 1137 rationis
3316 1099 3446 1153 par-

1844 1170 2031 1239 ticipe,
2066 1168 2288 1240 Deoque
2327 1172 2705 1234 convenienti,
2747 1188 2866 1241 qua:
2908 1176 3084 1241 prima
3111 1192 3329 1245 qumque
3360 1177 3445 1228 ul-

1846 1261 2003 1325 tima,
2050 1261 2255 1331 inquit,
2300 1261 2605 1327 annuntiat,
2648 1262 2717 1316 ab
2775 1278 2842 1318 eo
2889 1272 3135 1334 tempore
3186 1282 3445 1332 exorsus,

1845 1365 1955 1419 quo
1994 1349 2260 1405 hominem
2299 1352 2533 1420 formavi
2588 1352 2659 1406 ad
2718 1368 2965 1423 praesens
3009 1370 3206 1426 usque,
3230 1365 3286 1411 et
3324 1374 3446 1427 quae

1846 1449 2068 1495 ventura
2100 1444 2290 1508 etiam,
2333 1443 2804 1513 quemadmodum
2835 1446 2886 1499 ei
2921 1445 3041 1516 ipse
3093 1449 3269 1516 prima
3319 1449 3443 1518 qui-

1853 1530 1978 1586 dem
2011 1548 2111 1603 per
2147 1540 2354 1597 Mosen,
2383 1542 2583 1589 caetera
2634 1542 2819 1589 autem
2856 1536 2926 1591 de
2957 1535 3163 1592 Christi
3204 1539 3441 1593 adventu

140 1643 235 1699 per
259 1627 549 1690 eumdem,
583 1624 996 1695 prophetasque
1039 1608 1180 1675 alios
1231 1618 1447 1689 aperui.
1472 1616 1535 1672 Ei
1568 1617 1867 1688 siquidem,
1900 1622 1998 1692 qui
2055 1632 2257 1678 natura
2291 1623 2435 1679 Deus
2496 1624 2592 1688 sit,
2662 1628 2958 1694 praesentia
3030 1637 3163 1682 sunt
3230 1628 3438 1692 omnia,

141 1719 410 1788 nulloque
451 1716 556 1787 ipsi
586 1714 930 1786 cognitionis
958 1711 1288 1771 discrimine
1315 1724 1381 1764 ea
1408 1713 1599 1775 etiam,
1627 1724 1750 1780 qua:
1790 1719 2039 1782 tempore
2072 1715 2514 1786 distinguuntur,
2545 1724 2898 1787 separantur.

222 1811 389 1865 ’Δλλὰ
417 1810 529 1878 γὰρ
555 1818 579 1845 ι
606 1808 684 1879 μὴ
706 1805 1187 1877 συσχηματίζεσθε
1210 1804 1747 1875 ἐγκαλυπτόμενοι.

1931 1803 2125 1863 Videte
2172 1807 2345 1878 igitur
2377 1823 2448 1864 ne
2492 1809 2585 1863 alii
2671 1808 3098 1864 conformemiui
3149 1807 3451 1864 absconditi

137 1907 210 1969 ὡς
230 1904 446 1966 ειδότες
480 1901 581 1972 μέν
620 1916 698 1966 τι,
723 1899 799 1969 μὴ
823 1897 1139 1969 βουλόμενοι
1163 1897 1219 1950 δὲ
1240 1895 1444 1965 λέγειν.
1502 1898 1586 1950 οὐ
1639 1895 1750 1965 γὰρ

137 1998 469 2067 ἠκούσατε,
496 1993 685 2064 φησὶν,
708 1991 811 2046 ἀπ’
844 1988 1063 2059 ἀρχῆς,
1094 1989 1218 2042 οὑδὲ
1275 1988 1479 2057 ἔγνωτε
1506 1987 1749 2041 τοιοῦτον

140 2087 309 2147 ὠδὶν,
336 2084 419 2149 ὡς
442 2082 555 2153 ἐγὼ
578 2079 891 2154 πρόγνωσίν
910 2078 1096 2149 τετὴν
1118 2078 1260 2149 ἱμὴν
1299 2078 1395 2131 καὶ
1420 2077 1611 2141 θεῖκὰς
1653 2077 1753 2129 ὲπ-

149 2176 335 2243 ιδειξα
359 2174 617 2245 πράξεις.
640 2167 743 2225 Ὧν
772 2172 931 2242 ὑμεῖς
958 2170 1257 2241 μάρτυρες,
1286 2170 1401 2222 ὅσοι
1422 2168 1489 2222 τὰ
1508 2167 1752 2228 Μωσέως

138 2269 229 2325 καὶ
250 2266 366 2339 τῶν
403 2263 523 2336 μετ’
554 2263 722 2316 αὑτὸν
747 2260 1030 2331 ἐγνώκατε
1053 2260 1234 2328 λόγια,
1260 2259 1332 2312 τὰ
1383 2260 1443 2312 ὲν
1489 2258 1754 2327 Αἰγύπτῳ

139 2356 424 2427 θαύματα,
455 2355 553 2407 καὶ
587 2352 727 2424 μετὰ
748 2350 957 2421 ταύτην
979 2350 1345 2419 ἀγγέλλοντα,
1377 2350 1473 2402 καὶ
1504 2349 1607 2418 τῆς
1629 2348 1749 2402 κτί-

140 2465 281 2511 σεως
329 2447 508 2517 αὐτῆς
548 2444 625 2507 ὡς
671 2444 737 2514 δὴ
804 2443 1056 2515 ,δεσπότῃ
1113 2441 1539 2513 συγκινηθεισης
1604 2440 1747 2511 ἐμοί.

140 2538 327 2594 Ταῦτα
378 2539 493 2607 γὰρ
535 2535 673 2599 ἰδίας
729 2536 989 2590 ἐκάλεσεν
1032 2535 1257 2605 ἀρετὰς,
1314 2533 1381 2597 ἃς
1434 2532 1750 2608 ἐνεργοῦντι

144 2630 347 2683 τούτων
369 2624 441 2700 ἦν
471 2628 649 2690 οὐδεὶς
676 2627 775 2680 σὺν
812 2627 960 2696 ἐμοὶ,
983 2625 1100 2679 ἀλλ’
1123 2626 1247 2679 οὐδὲ
1298 2625 1407 2694 πρὸ
1452 2625 1546 2678 τοῦ
1586 2641 1752 2677 κατα-

145 2723 418 2792 κλυσμοῦ,
450 2722 541 2774 are
574 2719 709 2791 μηδὲ
754 2718 864 2772 τῶν
914 2717 1153 2773 εἰδώλων
1213 2713 1355 2787 ἦσαν
1403 2717 1747 2788 δημιουργοὶ,

147 2815 401 2883 καθάπερ
432 2814 550 2866 ἴστε
582 2810 681 2865 καὶ
697 2810 878 2880 ὑμεῖς,
902 2809 981 2872 ὡς
1012 2809 1083 2862 ἐν
1111 2808 1271 2878 ἀρχῇ
1293 2807 1386 2861 τοῦ
1408 2808 1604 2878 θνητοῦ
1633 2808 1751 2879 βίου

146 2908 350 2960 τούτων
381 2896 633 2974 ὑπῆρχεν
655 2902 828 2956 οὐδέν.
867 2903 933 2954 υἱ
968 2902 1026 2954 δὲ
1060 2902 1204 2972 μετὰ
1234 2900 1411 2954 ταῦτα
1464 2900 1751 2970 γενόμενοι

148 2996 457 3054 παύσονται
483 2996 584 3066 τῆς
609 2995 819 3064 πλάνης
845 2994 1391 3064 ἐγκαλυπτόμενοι.
1431 2993 1753 3064 Ἐπιμένον-

146 3108 233 3156 τες
259 3092 322 3146 δὲ
349 3090 500 3145 κατὰ
526 3091 619 3143 τὸν
657 3089 758 3150 τῆς
791 3087 1126 3158 ἐκδικήσεως
1176 3086 1501 3141 ἀπολοῦνται
1533 3087 1749 3156 καιρόν.

1856 1906 2119 1970 tanquam
2167 1903 2407 1958 scientes
2438 1902 2665 1972 quidem
2702 1902 2937 1972 aliquid,
2973 1904 3068 1956 sed
3115 1901 3317 1958 etTerre
3349 1920 3448 1957 no-

1854 1992 2051 2049 lentes.
2117 1991 2243 2048 Non
2302 1995 2443 2048 enim
2495 1994 2806 2060 audivistis,
2864 1993 3077 2064 inquit,
3140 1993 3207 2046 ab
3254 1994 3446 2059 initio,

1854 2102 2035 2157 neque
2078 2090 2422 2160 coguovistis
2456 2088 2735 2159 ejusmodi
2767 2089 3094 2159 quidquam,
3129 2100 3295 2159 atque
3322 2104 3446 2157 ego,

1856 2181 1948 2250 qui
2005 2188 2062 2236 et
2127 2181 2311 2235 futura
2371 2183 2439 2235 de
2485 2195 2573 2233 me
2618 2182 2894 2250 praescivi.
2940 2188 2994 2234 et
3043 2178 3227 2234 divina
3282 2194 3447 2250 opera

1855 2271 2029 2336 edidi,
2065 2286 2303 2341 quorum
2325 2287 2425 2328 vos
2457 2272 2792 2343 omnesipse
2815 2279 2986 2327 testes
3020 2272 3257 2342 appello,
3286 2282 3448 2340 quot-

1855 2372 1991 2434 quot
2048 2364 2216 2420 ltlosis
2273 2366 2521 2429 oracula,
2568 2374 2624 2419 et
2676 2380 2802 2435 quae
2856 2373 3048 2435 postea
3098 2364 3245 2419 edita
3294 2374 3446 2426 sunt,

1854 2457 2160 2520 evolvistis,
2195 2458 2249 2510 in
2282 2457 2482 2526 quibus
2505 2472 2627 2527 quae
2656 2452 2711 2511 in
2746 2455 3009 2528 Egypto,
3036 2465 3092 2510 et
3123 2456 3384 2525 deinceps
3416 2470 3447 2510 a

1854 2562 1942 2604 me.
1972 2558 2188 2618 patrata
2218 2557 2372 2614 sunt,
2431 2563 2557 2604 cum
2593 2556 2781 2604 creata
2809 2549 2995 2603 omnia
3033 2548 3166 2602 mihi
3208 2547 3448 2603 Domino

1854 2641 2261 2706 subservirent,
2318 2642 2633 2711 reperiatis.
2698 2640 2826 2696 llam
2868 2642 3014 2696 enim
3046 2643 3300 2711 proprias
3330 2640 3443 2695 vir-

1854 2741 2000 2789 tutes
2056 2734 2353 2803 appellavit
2413 2751 2428 2788 :
2482 2732 2632 2800 Quas
2666 2749 2794 2789 cum
2845 2748 2950 2804 ego
2997 2749 3282 2804 operarer,
3346 2735 3435 2788 iu—

1853 2826 1993 2894 quit,
2059 2839 2276 2879 mecum
2311 2825 2499 2881 nullus
2529 2826 2655 2891 fuit,
2705 2827 2818 2881 imo
2848 2841 2919 2880 ne
2971 2837 3100 2882 ante
3131 2827 3444 2881 eluvionem

1854 2915 2077 2985 quidem
2138 2930 2265 2969 cum
2323 2917 2570 2971 nondum
2622 2925 2812 2972 essent
2854 2917 3129 2972 idolorum
3161 2918 3387 2987 opiﬁces
3424 2936 3440 2972 :

1853 3009 1999 3062 sicut
2028 3017 2083 3062 et
2114 3022 2212 3062 vos
2271 3008 2326 3061 in
2382 3009 2503 3078 ipso
2564 3008 2821 3063 mortalis
2852 3009 2983 3063 vitat
3006 3008 3286 3077 principio,
3308 3009 3447 3062 nihil

1854 3097 2054 3152 borum
2087 3097 2394 3167 quidquam
2422 3098 2600 3152 visum
2624 3112 2749 3152 esse
2779 3114 2889 3151 non
2922 3098 3211 3168 ignoratis.
3240 3096 3446 3152 Verum

155 3179 353 3252 Ὑμεῖς
404 3178 473 3232 δὲ
522 3178 663 3241 τέως
698 3175 753 3230 τί
801 3177 878 3247 μὴ
918 3175 1224 3245 λογίζεσθε,
1269 3176 1352 3239 τίς
1381 3175 1489 3238 τῶν
1524 3176 1747 3248 ἀψύχων

1857 3188 1953 3259 qui
1985 3197 2176 3257 postea
2224 3188 2337 3241 nati
2372 3197 2526 3254 sunt,
2558 3188 2627 3242 ab
2656 3202 2848 3243 errore
2882 3188 3185 3243 cessabunt
3219 3187 3447 3242 abscon-

150 3272 486 3345 ὸγαλμάτων
531 3271 567 3341 ἡ
633 3270 840 3339 (ptime;
880 3270 945 3322 Et
998 3270 1107 3339 γὰρ
1146 3264 1293 3340 εἶχόν
1321 3286 1441 3324 τινα
1494 3270 1747 3342 δύναμιν,

144 3369 399 3439 ἤρκεσαν
420 3364 489 3418 ἂν
519 3365 633 3427 τοῖς
658 3361 1009 3428 Αἰγυπτίοις,
1033 3361 1128 3414 καὶ
1157 3363 1649 3434 τοῖςἈμορραίοις
1670 3366 1751 3425 εἰς

142 3458 435 3530 σωτηρίαν
461 3458 584 3520 ταῖς
617 3457 778 3524 ὲμαίς
805 3453 1110 3524 ἐνεργείαις
1137 3454 1590 3524 ἀντιταττόμενα.
1614 3455 1752 3509 Νυνὶ

135 3552 195 3607 δὲ
259 3553 364 3606 σὺν
414 3550 603 3612 αὐτοῖς
641 3547 759 3618 ἥλω
798 3549 909 3610 τοῖς
955 3545 1328 3617 προσκυνοῦσι
1370 3549 1466 3600 καὶ
1517 3549 1654 3619 πυρὶ
1683 3549 1751 3602 δι’

134 3642 304 3715 ὑμῶν
340 3640 717 3712 παραδέδοται.
754 3639 881 3702 Πῶς
909 3633 1003 3691 οὖν
1035 3637 1197 3708 ὑμεῖς
1247 3639 1299 3691 οἱ
1341 3641 1752 3708 κατεγνωκότες

131 3734 419 3804 γεγόνατε
474 3731 685 3784 τούτων
731 3729 1082 3799 δημιουργοὶ,
1140 3730 1239 3783 καὶ
1286 3730 1462 3783 ταῦτα
1505 3731 1749 3795 Μωσέως

134 3825 514 3887 ἀκούσαντες,
550 3822 627 3886 ὡς
655 3821 776 3892 Θεῷ
810 3822 958 3891 μόνῳ
995 3820 1335 3892 λατρεύσεις,
1363 3822 1460 3875 καὶ
1491 3823 1554 3874 οὐ
1593 3823 1754 3893 ποιή-

143 3935 262 3980 σεις
298 3914 522 3985 σεαυτῷ
548 3913 807 3979 εῖδωλον;
835 3911 981 3966 οὑτω
1024 3913 1289 3982 γεγόνατε
1322 3913 1547 3982 μάταιοι
1573 3916 1642 3967 τὰ
1675 3914 1751 3987 μὴ

140 4008 281 4063 ὅντα.
308 4006 703 4077 ποθήσαντες;
739 4003 813 4058 Τὸ
847 4005 905 4058 δὲ
940 4004 1385 4073 ὲξηρὰνθησαν,
1432 4006 1483 4058 εἰ
1516 4005 1617 4076 μὲν
1658 4010 1752 4060 ἐπὶ

133 4100 270 4154 τῶν
306 4097 602 4171 τλυπτῶν·
634 4100 831 4162 νοοῖτο,
854 4098 977 4151 ἀντὶ
1004 4097 1100 4151 τοῦ
1149 4097 1433 4152 ἀπώλοντο
1482 4100 1748 4153 κείσεται.

138 4195 207 4249 Εἰ
247 4194 311 4247 δὲ
345 4192 442 4246 ἐπὶ
466 4192 579 4246 τῶν
600 4190 1015 4256 τεκταινόντων,
1054 4189 1132 4254 ὡς
1157 4191 1250 4244 ἐπὶ
1272 4191 1456 4259 φυτῶν
1486 4192 1752 4265 ἀκάρπων

138 4284 355 4357 ῥηθείη
388 4281 862 4353 ξηραινομένων,
887 4274 963 4336 ὧν
992 4283 1054 4337 τὸ
1085 4282 1240 4346 τέλος
1273 4286 1355 4347 εἱς
1401 4283 1620 4339 καῦσιν,
1679 4287 1753 4339 Τὸ

136 4377 201 4431 δὲ
234 4377 439 4446 κωφοὶ
470 4374 590 4430 ἀπὸ
618 4374 946 4442 ἀνθρώπων
960 4373 1081 4427 ἀντὶ
1101 4373 1195 4427 τοῦ
1220 4374 1502 4439 τελοῦντες
1530 4376 1629 4446 μὲν
1657 4377 1749 4430 οὑ-

136 4468 347 4539 δαμῶς
400 4469 482 4531 εἰς
544 4464 902 4538 ἀνθρώπους,
961 4465 1282 4535 ἀναίσθητοι
1331 4467 1432 4532 δὲ,
1492 4469 1636 4522 κατὰ
1668 4470 1749 4523 τό·

1853 3281 1954 3335 diti
1992 3296 2010 3334 :
2050 3282 2145 3350 qui
2191 3295 2325 3335 vero
2378 3281 2708 3347 institerint,
2762 3280 2886 3352 ipso
2934 3281 3162 3336 ultionis
3200 3290 3447 3352 tempore

1857 3374 2211 3444 deperibunt.
2255 3373 2364 3428 Vos
2417 3384 2600 3428 autem
2657 3374 2880 3429 interim
2943 3374 3077 3446 quid
3127 3389 3236 3429 non
3284 3374 3447 3445 502

1856 3465 2252 3531 consideratis,
2277 3481 2529 3536 quamam
2567 3466 2641 3522 sit
2671 3467 2790 3538 ipsa
2838 3468 3113 3523 idolorum
3144 3469 3325 3523 anima
3352 3484 3448 3524 ea-

1854 3557 2092 3610 rentiunt
2115 3566 2314 3610 natura
2336 3556 2433 3610 iSi
2466 3572 2630 3626 quam
2653 3558 2800 3611 enim
2834 3559 3135 3627 potentiam
3160 3557 3446 3622 baberent,

1860 3647 2137 3719 Egyptiis
2168 3656 2221 3701 et
2247 3647 2607 3711 Amorrlueis,
2635 3650 2828 3718 qui.ea
2867 3648 3077 3704 \iriltns
3108 3650 3246 3704 meis
3274 3666 3447 3719 oppo-

1853 3749 2032 3805 nunt,
2108 3742 2175 3796 ad
2245 3741 2480 3796 salutem
2538 3740 2749 3810 aliquid
2805 3739 3064 3795 conferre
3115 3741 3445 3811 potuissent.

1851 3835 1921 3886 At
1947 3847 2097 3887 nunc
2122 3847 2249 3888 cum
2287 3833 2406 3888 suis
2444 3832 2564 3903 ipsa
2600 3832 2996 3888 adoratoribus
3027 3844 3186 3902 capta
3213 3849 3312 3904 per
3342 3849 3446 3889 vos

1855 3926 1910 3981 in
1940 3928 2123 3996 ignem
2154 3926 2405 3996 conjecta
2430 3934 2582 3981 sunt.
2617 3925 2726 3991 Qui
2758 3941 2858 3981 vos
2890 3926 3078 3996 igitur,
3111 3942 3250 3996 quos
3275 3926 3449 3983 latere

1854 4016 1972 4083 ipsa
2006 4028 2115 4069 non
2144 4021 2463 4085 potuerunt,
2499 4028 2691 4069 eorum
2732 4013 2961 4084 opifices
2986 4014 3310 4078 exstitistis,
3351 4016 3447 4085 qui

1853 4108 2042 4164 Mosen
2079 4108 2190 4164 Deo
2239 4109 2335 4163 uni
2364 4108 2743 4172 serviendum,
2777 4121 2959 4178 neque
3016 4107 3162 4162 idola
3195 4106 3450 4163 facienda

1853 4201 2145 4256 docentem
2183 4201 2524 4256 audivistis?
2560 4201 2631 4255 At
2661 4215 2727 4256 eo
2775 4200 2881 4271 ipsi
2955 4201 3229 4257 vecordiae
3264 4201 3450 4273 evasi:

1856 4293 1978 4359 stis,
2003 4304 2062 4346 ut
2091 4308 2280 4348 earum
2302 4309 2487 4347 rerum
2518 4307 2725 4356 amore,
2746 4308 2867 4362 qua:
2887 4308 2997 4347 non
3026 4303 3177 4359 sunt,
3203 4294 3452 4349 insania.

1857 4385 1954 4441 tis.
2018 4385 2291 4441 Caeterum
2347 4385 2497 4456 quod
2555 4393 2887 4439 exaruerunt
2943 4387 3214 4453 habetur,
3278 4388 3325 4443 si
3384 4388 3454 4442 de

1860 4477 2203 4548 sculptilibus
2251 4476 2630 4548 intelligatur;
2665 4478 2807 4532 idem
2842 4477 3027 4548 plane,
3071 4479 3216 4548 quod
3270 4480 3451 4550 perie-

145 4579 169 4612 σ
204 4563 444 4631 Ὅμοιοι
474 4561 662 4624 αὑτοῖς
687 4560 932 4629 γένοιντο
956 4561 1007 4612 οἱ
1039 4561 1320 4623 ποιοῦντες
1354 4560 1514 4616 αὑτά.
1551 4579 1571 4612 ι
1622 4558 1747 4615 Εἶτά

1866 4578 2018 4634 runt,
2052 4570 2366 4639 signiﬁcare
2398 4567 2708 4638 putandum
2734 4578 2819 4624 est
2852 4588 2866 4624 :
2902 4569 2988 4624 sin
3013 4578 3194 4625 autem
3229 4571 3297 4624 ad
3332 4586 3450 4634 eos,

142 4672 315 4728 φησι,
341 4653 844 4725 συναχθήτωσαν
864 4652 1109 4718 πάντες,
1128 4652 1204 4715 ὡς
1233 4652 1300 4706 ἂν
1325 4653 1520 4716 κοινῶς
1546 4655 1758 4720 ἐντρα-

1868 4661 1963 4731 qui
1993 4676 2058 4715 ea
2095 4661 2351 4714 fabricati
2401 4667 2552 4727 sunt,
2587 4659 2899 4725 referatur;
2931 4668 3190 4728 tanquam
3215 4660 3285 4714 de
3331 4676 3453 4713 ars-

140 4751 327 4807 πεῖεν
377 4751 428 4804 οἱ
490 4749 598 4804 τῶν
646 4747 911 4804 εἰδώλων
969 4748 1309 4818 θεραπευταὶ
1354 4751 1422 4820 τῇ
1468 4748 1747 4821 δυσσεϐείᾳ

1866 4754 2139 4809 scentibus
2186 4753 2480 4807 arboribus
2514 4752 2754 4818 dicetur,
2793 4767 3029 4822 quorum
3065 4752 3191 4806 finis
3224 4753 3341 4822 ipsa
3370 4762 3452 4807 est

142 4844 439 4898 συνειπεῖν
459 4843 561 4896 οὐκ
590 4842 892 4914 ἰσχύοντες.

1867 4847 2204 4903 combustio.
2236 4844 2393 4911 Quod
2431 4854 2612 4898 autem
2646 4845 2836 4899 surdos
2861 4843 2925 4897 ab
2946 4845 3249 4899 hominibus
3278 4844 3453 4911 dixit,

145 4939 305 4994 idem
340 4940 527 5009 plane,
560 4952 624 4992 ac
677 4939 725 4993 si
768 4937 924 4993 nullo
958 4937 1123 4992 modo
1179 4920 1325 4994 inter
1353 4938 1609 4995 homines
1642 4950 1991 5007 numeratos,
2026 4952 2079 4997 et
2146 4958 2313 4997 sensu
2384 4941 2686 4996 destitutos
2765 4939 3017 5007 dixisset,
3083 4938 3454 5022 signiﬁcavit;

148 5033 326 5102 quale
372 5040 459 5087 est
496 5031 629 5086 illud
665 5049 680 5098 ;
718 5050 736 5083 ι
776 5033 1000 5087 Similes
1052 5032 1122 5089 iis
1242 5032 1373 5088 ﬁant
1400 5075 1415 5097 ,

1538 5036 1634 5105 qui
1666 5035 1880 5091 faciunt
1914 5051 1980 5092 ea
2011 5038 2082 5091 ⁷⁷.
2128 5056 2147 5089 ι
2218 5036 2429 5091 Deinde
2510 5044 2896 5105 congregemur
2964 5050 3164 5098 omnes,
3242 5035 3455 5104 adjicit,

155 5131 219 5178 ut
251 5138 457 5179 omnes
489 5124 656 5178 simul
691 5122 963 5179 idtlorum
994 5126 1262 5191 cultores,
1301 5141 1428 5180 cum
1475 5126 1532 5181 in
1559 5129 1849 5198 impietate
1917 5130 2238 5185 consentire
2308 5143 2419 5182 non
2479 5137 2710 5198 queant,
2776 5126 2978 5196 pudore
3033 5128 3457 5198 confundantur.

231 5216 374 5274 Εἶτα
409 5218 686 5290 μέμνηται
742 5219 854 5274 τῶν
895 5220 1171 5291 ὀργάνων,
1211 5219 1280 5273 δι’
1327 5215 1402 5275 ὧν
1441 5221 1510 5275 τὰ
1545 5221 1767 5277 εἴδωλα

166 5310 595 5378 ωτεσκεύαζον,
619 5311 708 5365 ἵνα
733 5311 835 5385 τὴν
868 5312 999 5385 περὶ
1053 5311 1228 5367 ταῦτα
1270 5313 1469 5385 τέχνην
1509 5330 1756 5384 προσκυ-

232 5495 282 5527 ’τ
323 5495 470 5551 Psal.
505 5509 661 5561 cxm,
690 5494 744 5549 8.

1946 5223 2449 5282 lnStrnmentorum
2484 5230 2770 5292 praterea,
2808 5222 3014 5293 quibus
3046 5222 3193 5277 idoia
3231 5222 3454 5292 ﬂebant,

1870 5317 2160 5393 meminit;
2212 5324 2272 5371 ut
2312 5325 2496 5369 autem
2551 5327 2650 5370 eos
2705 5313 2941 5369 adorare
2986 5314 3356 5371 demonstret.
3394 5314 3456 5369 Si
3564 5354 3569 5359 .

1453 5587 1684 5642 mum:
1724 5586 2128 5668 LECTtoNES.

202 5714 208 5719 -
238 5690 263 5722 ι
293 5682 384 5739 ισ.
410 5679 555 5752 ἄλλῳ
581 5662 735 5748 γοῦν.
