3950 6390
565 211 704 277 2401

1878 206 2235 269 PROCOPII
2283 206 2529 267 GAZAEI

3658 216 3781 282 2i08

565 329 714 384 enim
742 327 946 398 tignum
974 325 1158 397 ipsum
1192 324 1333 382 Deus
1363 333 1551 392 esset,
1606 323 1749 381 idem
1793 333 1848 380 et
1875 325 1999 382 sine
2029 335 2148 381 arte

2268 323 2478 386 οοῦντας
2501 321 2698 384 αὐτοὺς
2720 319 2994 393 ἀποφήνῃ.
3028 320 3093 373 Εἰ
3125 319 3233 391 γὰρ
3265 318 3331 393 ἦν
3356 322 3483 376 αὐτὸ
3527 326 3583 380 τὸ
3626 332 3792 393 ξύλον

570 420 713 476 Deus
735 411 1049 493 exsisteret.
1071 420 1254 474 Artem
1286 420 1472 488 itaque
1505 418 1661 473 deam
1683 416 2007 485 effecerunt,
2029 432 2152 489 qua

569 526 654 570 est
675 512 912 567 hominis
930 510 1131 565 inﬁrmi
1147 517 1203 565 et
1220 510 1560 579 corruptioni
1581 510 1984 588 obnoxii.Alias
2001 511 2150 567 enim

571 604 694 660 cibo
711 613 766 657 et
789 612 916 673 potu
937 617 1046 656 non
1078 602 1366 672 indigeret.
1402 600 1840 670 Interrogatione
1879 601 2150 671 siquidem

572 696 737 751 verba
763 696 868 749 ista
890 709 903 745 :
924 692 1049 748 Non
1073 694 1210 748 bibet
1231 708 1448 763 aquam,
1464 692 1854 763 distinguenda
1871 707 1993 747 esse
2004 692 2153 746 arbi-

572 796 803 841 tramur.
824 785 943 852 Quo
961 792 1121 855 pacto
1137 800 1268 857 ergo
1280 787 1373 855 qui
1392 786 1774 856 corrumpitur
1793 785 2145 854 incorrupta;

571 885 626 932 et
663 878 757 947 qui
782 878 1035 941 moritur,
1065 878 1396 932 immortalia
1440 878 1677 934 eﬂiciat?
1721 876 1986 932 Nonnulli
2025 891 2154 931 vero

569 972 736 1024 etiam
755 969 823 1024 de
852 969 1013 1026 idolis
1042 978 1215 1023 totum
1249 970 1301 1024 id
1330 977 1685 1041 acceperunt,
1708 970 1910 1039 quibus
1941 968 2153 1024 hostias

570 1062 893 1117 offerebant.
925 1061 1118 1117 Utrum
1144 1077 1275 1117 vero
1293 1062 1519 1118 minime
1534 1062 2153 1119 saeriﬂcantibusvobis

570 1162 625 1207 et
658 1153 878 1218 esuriet,
909 1160 959 1205 et
995 1152 1363 1221 inﬁrmabitur
1402 1153 1520 1229 qui.
1556 1152 1700 1207 Deus
1731 1154 1852 1208 est?
1876 1152 2068 1208 Nonne
2099 1162 2155 1207 et

572 1261 767 1312 aquam
796 1243 971 1298 bibere
1003 1245 1082 1298 illi
1116 1260 1347 1301 necesse
1372 1245 1563 1311 fuerit,
1598 1246 1645 1302 si
1675 1247 1801 1302 istis
1848 1255 2037 1317 egeat;
2087 1261 2155 1301 ne

570 1333 702 1408 quid
722 1334 949 1388 omnino
980 1334 1128 1403 quod
1162 1333 1230 1387 ad
1280 1349 1471 1389 eorum
1507 1334 1920 1390 accusationem
1966 1333 2152 1399 faciat,

571 1426 665 1495 qui
720 1438 1018 1494 corporeas
1078 1425 1188 1479 Deo
1235 1424 1451 1481 hostias
1502 1424 1760 1489 ollerunt,
1805 1424 2008 1494 quibus
2040 1424 2157 1494 ipse

571 1532 681 1571 non
712 1515 945 1587 indiget,
968 1514 1225 1571 omittat?
1249 1514 1440 1585 Neque
1471 1516 1616 1571 enim
1661 1522 1857 1569 natura
1885 1513 2029 1570 Deus
2049 1513 2156 1570 sihi

571 1608 844 1665 sacriﬁcia
872 1607 986 1662 ﬁeri
1019 1622 1084 1663 ex
1118 1606 1367 1677 professo
1401 1607 1716 1676 imperavit.
1748 1604 1998 1661 Sollicite
2028 1621 2157 1660 vero

572 1702 629 1756 in
663 1703 899 1756 istorum
932 1698 1418 1771 reprehensionem
1448 1714 1597 1754 nunc
1637 1700 1966 1756 immoratus
1993 1698 2155 1770 503
2191 1686 2229 1738 Β

569 1800 657 1849 est
683 1793 971 1863 propheta,
1026 1801 1084 1847 ut
1130 1792 1260 1845 facti
1292 1792 1543 1846 saniores
1572 1792 1640 1846 ad
1689 1806 1878 1845 verum
1912 1790 2006 1847 Dei
2039 1792 2157 1845 eul-

573 1896 690 1941 tum
740 1895 1166 1941 reverterentur.
1205 1881 1405 1937 Verum
1458 1882 1604 1953 quod
1662 1883 1730 1937 ad
1776 1884 1877 1937 viri
1927 1884 2156 1953 formam

569 1978 732 2043 dixit,
765 1993 923 2034 suam
960 1978 1111 2046 ipsos
1134 1975 1370 2046 formam
1405 1983 1517 2030 tam
1544 1975 1706 2047 longe
1736 1991 1765 2030 a
1791 1991 1918 2031 vera
1951 1975 2160 2031 discre-

573 2078 795 2141 pantem
843 2074 1075 2123 adorare
1121 2067 1420 2138 signiﬁcat,
1453 2076 1724 2138 quantum
1756 2066 1826 2122 ab
1854 2067 2159 2137 exemplari

571 2160 807 2218 dissidet
863 2159 1123 2214 imitatio.
1156 2160 1348 2228 Itaque
1386 2173 1502 2214 suae
1546 2160 1697 2228 ipsos
1729 2166 1959 2223 naturae,
1990 2173 2155 2229 quam

560 2254 627 2317 .in
666 2252 828 2322 lignis
874 2260 925 2305 et
975 2251 1132 2304 saxis
1185 2256 1601 2320 expresserunt,
1659 2248 1922 2319 injuriam
1953 2249 2158 2312 facere,

569 2343 667 2415 qui
698 2359 829 2398 verae
855 2344 1044 2411 forma:
1067 2341 1366 2411 imaginem
1400 2344 1748 2411 praeportant,
1785 2340 1946 2409 eique
1980 2339 2157 2394 hono-

569 2450 686 2491 rem
716 2434 989 2490 deferant.
1026 2431 1233 2488 Deinde
1252 2447 1380 2486 cum
1411 2433 1672 2487 statuisse
1693 2433 1745 2486 in
1770 2432 1928 2486 (ionio
1947 2433 2159 2502 adjicit,

570 2527 628 2582 in
666 2526 873 2597 templo
912 2526 1211 2596 signiticet,
1255 2524 1312 2578 in
1364 2524 1510 2592 quod
1548 2524 1717 2593 petita
1750 2540 1816 2579 ex
1857 2525 2006 2578 saltu
2038 2539 2160 2578 ma-

571 2619 710 2675 teria
743 2618 967 2673 inducta
996 2625 1102 2672 est.
1148 2614 1307 2682 Quod
1339 2615 1432 2686 qui
1468 2615 1709 2677 noverit,
1751 2630 1822 2669 ne
1853 2629 1913 2669 se
1938 2616 2160 2684 quidem

570 2711 925 2767 ethnicorum
958 2710 1121 2780 nugis
1170 2707 1313 2763 tueri
1341 2706 1567 2773 audeat,
1601 2707 1696 2776 qni
1731 2706 1872 2760 rmlo
1920 2706 2163 2777 delapsis

572 2802 889 2859 simulacris
914 2801 1320 2873 gloriabantur.
1365 2798 1461 2854 Est
1489 2814 1624 2869 ergo
1657 2786 1793 2854 cinis
1822 2815 1917 2852 cor
1946 2814 2162 2862 eorum;

575 2910 755 2965 neque
776 2897 1059 2966 quisquam
1092 2894 1149 2946 in
1195 2893 1247 2946 id
1279 2891 1491 2944 animas
1514 2906 1702 2945 eorum
1736 2892 2025 2960 prolapsas
2054 2893 2162 2945 eri-

2251 414 2406 478 Θεὸς,
2433 413 2527 466 καὶ
2547 412 2719 482 χωρὶς
2741 411 2807 465 ἂν
2828 410 3029 483 τέχνης
3064 410 3276 481 ὑπῆρχε
3307 414 3468 477 Θεός.
3492 415 3685 470 Οὔκοῦν
3710 422 3794 492 τὴν

2252 504 2446 574 τέχνην
2478 500 2833 571 ὲθεοποίησαν
2853 499 3116 580 ασθενοῦς
3144 498 3309 553 οὖσαν
3332 500 3518 572 ἀνδρὸς
3540 505 3630 558 καὶ
3647 508 3799 577 φθαρ-

2251 593 2369 648 τοῦ.
2391 594 2465 646 Οὐ
2495 593 2604 665 γὰρ
2621 593 2689 646 ἂν
2716 592 2887 645 ἐδεῖτο
2913 590 3123 662 τροφῆς
3140 590 3235 644 καὶ
3258 587 3443 648 ποτοῦ.
3484 594 3569 645 Ἐν
3614 596 3800 668 ἐρωτή.

2254 703 2338 740 σει
2373 686 2481 756 γὰρ
2535 683 2919 748 ὑποστίζοντες
2965 683 3046 749 τὸ,
3075 683 3159 736 Οὐ
3202 682 3289 751 μὴ
3335 684 3442 751 πίῃ
3478 684 3646 753 ὕδωρ,
3691 690 3804 741 ἀνα.

2256 776 2599 847 γνωσόμεθα.
2637 776 2763 839 Πῶς
2795 769 2889 829 οὖν
2916 777 2947 828 ό
2994 773 3234 844 φθαρτὸς
3260 772 3535 845 ἄφθαρτα,
3564 778 3654 856 καὶ
3684 779 3804 832 ἀθά-

2256 884 2393 922 νατα
2446 868 2727 937 ποιήσειεν
2773 868 2802 919 ό
2874 864 3103 935 θνητός;
3147 863 3293 927 τινὲς
3339 862 3397 916 δὲ
3441 865 3532 916 καὶ
3588 867 3677 919 ἐπὶ
3713 870 3806 922 τῶν

2254 963 2491 1017 εἰδώλων
2523 961 2584 1015 τὸ
2614 962 2738 1015 ὂλον
2771 959 3040 1024 ἐδέξαντο.
3078 959 3465 1030 ιῐροσαγάγετε
3497 971 3523 1000 ι
3566 960 3668 1027 γὰρ
3703 964 3806 1017 τού.

2254 1076 2366 1121 τοις
2399 1059 2612 1121 Θυσίας.
2657 1059 2802 1127 Ἀρα
2827 1056 2855 1096 δ
2877 1050 2971 1109 οὖν
2997 1054 3073 1125 μὴ
3099 1053 3337 1106 θυόντων
3367 1053 3540 1122 ὑμῶν,
3562 1056 3803 1113 πεινάσει

2255 1149 2354 1203 καὶ
2382 1148 2715 1213 ἀσθενήσει
2742 1148 3066 1217 ἐνυπάρχων
3095 1147 3279 1213 Θεός;
3328 1146 3524 1200 οὐκοῦν
3557 1149 3647 1201 καί
3669 1149 3802 1222 ὕδωρ

2255 1241 2463 1311 ὀφείλει
2508 1240 2687 1305 πιεῖν,
2729 1241 2780 1294 εί
2816 1239 3025 1293 τούτων
3054 1239 3206 1293 ἐστὶν
3238 1238 3446 1310 ινδεὴς,
3488 1239 3573 1293 ῐνα
3615 1240 3806 1298 διαθάλ-

2256 1332 2339 1385 λει
2379 1330 2612 1386 καθόλου
2662 1334 2788 1395 τοὺς
2830 1330 2952 1401 Θεῷ
2989 1348 3043 1382 τι
3101 1331 3519 1403 προσφέροντας
3548 1330 3806 1398 ὑλικὸν,οὓ

2261 1424 2339 1496 μὴ
2371 1424 2616 1490 πέφυκεν
2646 1423 2864 1493 ἐνδεής
2914 1422 2978 1475 οὐ
3011 1421 3068 1475 δὲ
3106 1422 3280 1492 γὰρό
3325 1421 3486 1491 φύσει
3527 1423 3654 1487 Θεὸς
3702 1443 3808 1496 προ-

2257 1517 2581 1588 ηγουμένως
2607 1516 2707 1579 τὰς
2763 1514 2959 1580 Θυσίας
3007 1516 3297 1581 ἐπέταξεν.
3351 1517 3732 1587 Ἐντρεπτικῶς
3765 1520 3807 1573 δὲ

2259 1609 2353 1662 νῦν
2381 1612 2409 1663 ὁ
2445 1610 2733 1680 προφήτης
2778 1611 2892 1673 τοῖς
2945 1610 3074 1679 περὶ
3117 1608 3328 1662 τούτων
3374 1609 3615 1679 ἐνέμεινε
3638 1610 3807 1678 λόγοις,

2261 1701 2335 1764 ὡς
2362 1701 2429 1754 ἂν
2467 1702 2838 1771 φρονήσαντες
2889 1702 3281 1770 ἐπιστραφεῖεν
3331 1700 3467 1770 πρὸς
3514 1700 3806 1758 θεοσέϐειαν.

2261 1793 2335 1846 Τὸ
2368 1793 2425 1846 δὲ
2455 1793 2532 1853 ὡς
2558 1793 2807 1862 μορφὴν
2842 1791 3099 1861 ἀνδρὸς,
3126 1791 3460 1863 παρίστησιν
3486 1792 3560 1856 ὡς
3586 1794 3675 1863 τὴν
3704 1795 3809 1849 ἰδίαν

2260 1885 2629 1956 προσκυνοῦσι
2669 1886 2915 1955 μορφὴν
2976 1884 3231 1938 τοσοῦτον
3272 1885 3603 1956 ἀπᾴδουσαν,
3648 1888 3807 1940 ὄσωνο

2261 1977 2644 2049 ἀρχετύπωνή
2683 1979 2936 2047 μίμησις.
2968 1977 3082 2030 Καὶ
3124 1977 3224 2049 τὴν
3264 1977 3491 2030 ⁸ἑαυτῶν
3534 1978 3809 2047 αἰσχύνουσι

2262 2067 2425 2135 φύσιν
2454 2069 2554 2134 τὴν
2582 2067 2638 2118 ὲν
2665 2066 2860 2130 λίθοις
2888 2062 2987 2117 καὶ
3010 2063 3222 2130 ξύλοις
3249 2063 3436 2117 εἰκόνα
3459 2061 3564 2129 τῆς
3583 2063 3809 2129 ἀληθοῦς

2261 2157 2642 2228 προτιμῶντες
2680 2155 2943 2226 μορφῆς,
2975 2156 3072 2209 καὶ
3111 2154 3274 2219 δόξαν
3319 2154 3505 2227 ὲκείνῂ
3552 2155 3810 2224 προσάγον-

2260 2268 2374 2314 τες.
2405 2251 2479 2303 Τὸ
2505 2250 2562 2302 δὲ
2594 2250 2847 2317 ἵστησιν
2869 2250 2940 2303 ἐν
2968 2249 3133 2314 οικῳ,
3184 2247 3343 2318 δηλοῖ
3372 2249 3455 2301 ὅτι
3483 2247 3592 2319 ναῷ
3615 2250 3673 2300 ἑκ
3698 2246 3811 2316 δρυι

2256 2343 2379 2413 poi}
2438 2343 2540 2411 τὴν
2588 2340 2724 2411 ὓλην
2770 2340 2973 2395 λαϐὼν.
3028 2341 3209 2411 Ὅπερ
3264 2338 3421 2403 εἰδὼς
3472 2339 3571 2394 οὐκ
3624 2340 3682 2393 ἂν
3721 2340 3811 2409 ἔχοι

2261 2440 2464 2507 λέγειν,
2525 2438 2667 2492 κατὰ
2715 2438 2841 2499 τοὺς
2900 2433 3174 2504 Ἑλλήνων
3219 2432 3457 2505 λήρους,
3516 2431 3716 2499 διοπετῆ
3757 2430 3810 2482 τὰ

2263 2532 2582 2602 ἀγάλματα.
2630 2529 2862 2596 Σποδὸς
2894 2525 2990 2603 οὖν
3035 2528 3146 2598 ἄρα
3188 2528 3229 2594 ἢ
3277 2525 3490 2595 καρδία
3514 2522 3713 2590 αὐτῶν,
3738 2523 3811 2575 καὶ

2264 2621 2466 2689 οὐδεὶς
2515 2624 2584 2678 ἂν
2630 2621 2901 2687 ἐξέλοιτο
2951 2622 3056 2686 τὰς
3102 2619 3211 2673 τῶν
3260 2620 3344 2682 είς
3383 2617 3540 2671 τοῦτο
3576 2618 3809 2670 πεσόντων

2265 2717 2493 2785 ψυχὰς,
2526 2714 2667 2785 πλὴν
2695 2714 2724 2768 δ
2751 2714 2841 2785 ήτι
2864 2713 2892 2750 α
2928 2712 3090 2782 μόνος
3120 2712 3286 2781 εἴπερ
3316 2711 3489 2765 ἐθέλοι
3536 2709 3658 2772 Θεὸς
3681 2710 3706 2761 ό
3731 2724 3806 2777 μι-

2266 2806 2643 2874 τασκευάςων,
2667 2808 2742 2870 ὡς
2771 2805 3045 2876 βούλεται,
3075 2804 3280 2868 πάντα,
3303 2804 3400 2857 κα)⁸
3426 2801 3661 2874 φωτίζων
3681 2802 3807 2853 iano-

2266 2915 2356 2952 τισ
2365 2900 2521 2968 μένα.

572 2989 708 3065 piat,
773 2996 1138 3058 praeterquam
1191 2983 1337 3038 Deus
1390 2997 1552 3049 unus,
1631 2983 1726 3053 qui
1803 2981 1989 3037 omnia
2058 3000 2160 3054 pro
2225 2992 2440 3046 arbitrii
2497 2992 2584 3048 sui
2636 2991 2851 3046 ratione
2916 2993 3336 3051 transmittare,
3390 2986 3729 3052 tenebrasque
3770 2980 3812 3034 in

574 3079 754 3133 lin-em
798 3087 1011 3130 vertere
1045 3083 1232 3144 queat.

651 3170 916 3239 Sequitur
943 3166 1151 3229 videte;
1194 3164 1246 3219 id
1278 3172 1386 3232 est,
1415 3164 1671 3232 cogitate.
1709 3162 1778 3217 Et
1832 3182 1935 3219 non
1968 3165 2158 3222 dicetis
2188 3173 2230 3231 α

578 3264 780 3336 falsum
825 3274 940 3312 esse
972 3259 1025 3309 in
1057 3254 1277 3308 dextera
1311 3270 1453 3320 mea,
1487 3254 1731 3309 dextera:
1767 3257 1916 3310 enim
1948 3256 2177 3311 nomine

580 3351 929 3422 unigenitum
953 3344 1159 3399 Filium
1186 3344 1390 3400 usitate
1407 3344 1703 3413 appellavit
1724 3363 1743 3422 ι
1764 3345 1858 3414 qui
1879 3346 1995 3403 sive
2034 3348 2177 3403 Deus

581 3448 701 3501 sive
752 3442 1044 3502 Dominus,
1079 3439 1197 3493 sive
1223 3439 1339 3501 lux,
1377 3441 1492 3493 sive
1515 3421 1865 3507 virtus,.site
1906 3454 2030 3504 rex,
2062 3440 2181 3494 sive

583 3531 999 3603 mundiOpifex,
1022 3531 1140 3585 sive
1176 3530 1284 3583 vita
1326 3529 1666 3595 nominetur,
1693 3545 1839 3597 vere,
1865 3538 1921 3586 et
1953 3532 2180 3601 preprie

583 3628 709 3683 istis
722 3625 983 3680 omnibus
1006 3621 1378 3693 signiﬁcatur,
1398 3636 1522 3691 qua:
1538 3620 1880 3678 daemonibus
1898 3632 1991 3676 aut
2014 3624 2178 3679 idolis

586 3719 727 3775 falso
747 3710 1094 3771 tribuuntur.
1127 3711 1338 3767 Natura
1369 3713 1515 3767 enim
1547 3729 1614 3767 ex
1651 3712 1759 3768 Deo
1774 3712 1922 3770 Deus
1946 3714 2176 3785 εει.ορ-

584 3813 718 3866 time
748 3825 883 3865 vero
915 3808 970 3862 in
1003 3806 1334 3863 obliviosnm
1374 3803 1635 3860 Israelem
1658 3818 1917 3862 memento
1946 3809 2177 3864 verbum

584 3901 899 3972 usurpavit.
927 3896 1223 3952 Formatus
1246 3897 1383 3951 enim
1418 3897 1472 3951 in
1492 3896 1669 3965 ﬁlium
1696 3914 1804 3953 non
1822 3899 2014 3955 debuit
2032 3899 2179 3954 idola

584 4003 739 4048 muta
767 3989 1049 4060 amplecti,
1085 3998 1147 4043 ut
1193 3989 1481 4059 dignitatis
1534 3990 1977 4046 oblivisceretur.
2015 4011 2035 4044 ι
2070 3992 2177 4058 Qui

582 4087 730 4140 enim
759 4081 1262 4137 novitvoluntatem
1285 4079 1522 4145 Domini,
1550 4096 1654 4136 nec
1675 4080 1809 4135 facit
1840 4097 1987 4149 eam,
2006 4096 2179 4153 vapu-

585 4177 724 4233 labit
750 4173 936 4228 multis
986 4172 1053 4227 ⁷⁸.
1097 4190 1117 4223 ι
1157 4171 1364 4226 Eorum
1396 4172 1677 4243 deinceps,
1707 4189 1830 4243 quae
1861 4174 2174 4243 admiseris,

498 4338 507 4345 .
585 4264 1003 4339 quantumlibet
1049 4265 1240 4319 eadem
1269 4265 1537 4320 oblivioni
1577 4282 1663 4320 me
1692 4266 2024 4321 traditurum
2058 4268 2179 4339 pol-

587 4369 784 4431 )icear,
832 4364 1002 4419 etiam
1035 4369 1089 4417 te
1147 4361 1274 4413 volo
1327 4359 1649 4412 meminisse.
1700 4357 1912 4413 Dicitur
1951 4374 2083 4413 vero
2121 4360 2177 4414 in

2340 3169 2551 3231 Ἴδετε,
2590 3163 2736 3220 τοῦτ’
2780 3163 2898 3217 ἔστι
2933 3162 3339 3233 κατανοήσατε,
3365 3161 3472 3231 .xai
3510 3162 3616 3216 οὐκ
3666 3157 3813 3227 ἐρεῖτε

2279 3262 2368 3315 ὄτι
2400 3259 2632 3329 ψεῦδος
2689 3258 2760 3311 ἐν
2810 3254 2886 3324 τῇ
2935 3253 3109 3323 δεειῇ
3129 3272 3278 3323 μου,
3311 3253 3554 3322 συνήθως
3600 3250 3722 3304 οὕτω
3744 3250 3813 3301 τὸν

2284 3351 2548 3421 μονογενῆ
2576 3348 2813 3411 καλέσας
2849 3347 2987 3401 Υίὸν
3010 3388 3028 3413 ,
3056 3346 3116 3409 ὃς
3143 3346 3260 3400 εἴτε
3296 3345 3461 3411 Θεὸς,
3490 3345 3595 3399 εἴτε
3622 3343 3811 3411 Κύριος,

2281 3446 2391 3499 εἴτε
2417 3442 2554 3513 φῶς,
2611 3442 2646 3512 ἢ
2689 3441 2942 3510 δύναμις,
2974 3438 3009 3510 ἢ
3055 3437 3397 3509 βασιλεὺς,ἢ
3441 3431 3811 3507 ΔημιουργὸςΛ

2281 3537 2395 3606 ζωὴ
2424 3536 2660 3602 λέγοιτο,
2702 3531 2882 3586 πάντα
2907 3529 3113 3600 κυρίως
3142 3528 3300 3583 ἐστὶν
3330 3528 3389 3595 ἐξ
3432 3527 3670 3599 ἀληθείας
3694 3525 3808 3591 λεγό-

2284 3644 2465 3699 μενος,
2497 3626 2608 3679 τῶν
2653 3623 2892 3678 εἰδώλων
2933 3622 2966 3694 ἢ
3002 3620 3282 3689 δαιμόνων
3318 3620 3528 3692 ψευδῶς
3555 3618 3710 3673 ταῦτα
3744 3617 3802 3668 is-

2279 3721 2550 3792 γομένων.
2590 3718 2755 3772 Φύσει
2799 3716 2909 3787 γὰρ
2962 3715 3095 3778 Θεὸς
3122 3715 3293 3779 αὐτὸς
3317 3715 3384 3769 ἐκ
3406 3712 3559 3768 Θεοῦ.
3598 3712 3674 3774 Ὧς
3721 3710 3800 3761 ist-

2280 3812 2512 3883 λήσμονι
2539 3809 2596 3862 δὲ
2626 3809 2707 3881 τῷ
2748 3806 2999 3876 Ἰσραὴλ
3044 3806 3105 3860 τὸ
3128 3806 3438 3875 μνήσθητι
3468 3803 3638 3865 καλῶς
3658 3801 3805 3867 ἐπενή-

2279 3912 2457 3974 νοχεν.
2512 3898 2818 3965 Πλασθείς
2853 3898 2964 3968 γὰρ
3009 3900 3098 3964 είς
3145 3896 3357 3960 παῖδα,
3391 3896 3491 3949 οὐκ
3519 3893 3701 3963 ὀφείλει
3734 3886 3808 3955 τῆς

2279 3994 2440 4059 ἀξίας
2500 3991 2801 4062 ὑπεριδεῖν,
2862 3988 3084 4058 κωφοῖς
3130 3987 3408 4052 εἰδώλοις
3454 3983 3807 4056 προσκείμενοςο

2286 4106 2305 4139 ι
2327 4088 2386 4140 '0
2411 4086 2521 4156 γὰρ
2552 4084 2710 4148 εἰδὼς
2750 4084 2811 4136 τὸ
2847 4076 3060 4153 θέλημα
3085 4082 3180 4136 τοῦ
3210 4081 3423 4155 Κυρίου
3454 4077 3632 4143 αὐτοῦ,
3656 4069 3807 4141 καὶμὴ

2279 4181 2535 4251 ποιήσας,
2564 4178 2865 4249 δαρήσεται
2907 4175 3129 4239 πολλάς.
3168 4194 3187 4227 ι
3248 4175 3468 4239 Λοιπὸν,
3512 4167 3583 4225 ὧν
3615 4170 3806 4240 ἥμαρτες

2274 4271 2574 4342 μέμνησο,
2610 4269 2715 4324 κᾶν
2743 4267 2855 4336 ἐγώ
2886 4285 2969 4321 σοι
3011 4266 3219 4321 τούτων
3249 4264 3580 4337 apo-questu
3616 4256 3807 4332 χαρίζω-

2282 4379 2401 4433 μαι.
2450 4359 2808 4415 Πεπλάσθαι
2843 4359 2901 4412 δὲ
2951 4358 3173 4424 λέγεται
3216 4358 3312 4412 διὰ
3365 4356 3459 4410 τοῦ
3504 4355 3655 4424 νόμου
3696 4343 3809 4415 πρὸς

586 4460 763 4521 filium
789 4472 885 4527 per
927 4456 1101 4525 legent
1124 4490 1129 4495 ρ
1153 4451 1441 4522 formatus.
1492 4449 1560 4505 Ut
1590 4449 1735 4505 enim
1767 4449 2015 4506 Adamus
2060 4452 2168 4523 ipse

2282 4454 2488 4510 παῖδα.
2542 4454 2630 4518 Ὠς
2680 4453 2788 4525 γὰρ
2835 4451 3011 4521 Ἀδὰμ
3049 4452 3114 4504 ἐκ
3162 4452 3292 4522 γῆς,
3330 4450 3426 4505 καὶ
3452 4450 3554 4502 πᾶν
3580 4446 3633 4498 ὲν
3652 4435 3811 4511 γαστρὶ

584 4551 654 4607 de
676 4557 849 4613 terra,
878 4544 1175 4614 omnisque
1204 4541 1473 4612 deinceps
1515 4541 1573 4595 in
1602 4548 1759 4596 utero
1780 4540 2049 4609 formatus
2089 4554 2168 4598 est

2281 4547 2608 4602 πλάττεται
2636 4544 2868 4615 βρέφος’
2900 4543 3075 4606 οὕτως
3102 4545 3150 4596 ei
3185 4544 3246 4595 ὲν
3274 4541 3495 4615 Χριστῷ
3521 4538 3603 4591 διὰ
3624 4529 3811 4606 μετοχῆς

587 4640 796 4702 inlatis,
858 4636 943 4691 sic
968 4642 1025 4690 et
1048 4634 1144 4705 qui
1183 4631 1238 4686 in
1268 4631 1501 4687 Christo
1538 4631 1766 4701 degunt,
1800 4648 1899 4703 per
1929 4632 2168 4702 Spiritus

2281 4639 2380 4694 τοῦ
2423 4639 2581 4708 ἁγίου
2607 4638 2972 4715 πλάττονται
3000 4635 3142 4689 ΙΙνεύ
3152 4652 3327 4706 ματος
3365 4636 3446 4697 είς
3483 4627 3612 4692 εἶδος
3632 4627 3685 4679 τὸ
3709 4620 3810 4689 πρὸς

589 4730 769 4788 sancti
820 4727 1304 4801 participationem
1348 4725 1404 4779 in
1451 4724 1698 4794 ejusdem
1736 4727 1978 4796 speciem
2014 4727 2176 4797 επον-

590 4828 851 4889 utantur;
877 4816 1037 4889 juxta
1078 4812 1216 4868 illud
1250 4831 1263 4869 :
1316 4831 1335 4865 ι
1370 4813 1576 4877 Filioli,
1608 4830 1747 4884 quos
1793 4816 1994 4869 iterum
2043 4831 2174 4887 par-

590 4914 763 4977 turio,
820 4910 1000 4966 donec
1051 4908 1381 4963 informetur
1424 4907 1678 4964 Christus
1722 4909 1777 4964 in
1821 4911 1982 4967 vobis
2023 4913 2088 4967 7’.
2149 4931 2169 4963 ι

595 5004 658 5059 Et
689 5018 914 5060 rursum
950 5020 965 5057 :
1009 5018 1028 5053 ι
1063 4999 1247 5055 Nolite
1278 4996 1621 5054 conformari
1654 5001 1857 5057 saeculo
1893 5002 2045 5067 huic,
2077 5002 2175 5059 sed

596 5094 978 5151 reformamini
1009 5093 1065 5149 in
1096 5094 1343 5149 novitate
1371 5107 1573 5148 sensus
1604 5094 1799 5159 vestri,
1833 5103 1892 5149 ut
1931 5096 2177 5167 probetis

594 5204 720 5258 quae
766 5187 840 5243 sit
894 5186 1155 5243 voluntas
1193 5184 1288 5241 Dei
1330 5185 1500 5250 bona,
1535 5191 1602 5239 ἐι
1643 5186 1783 5243 bene
1831 5189 2074 5260 placens,
2124 5198 2180 5245 et

2284 4732 2468 4796 αὐτὸν,
2500 4730 2645 4785 κατὰ
2689 4730 2750 4783 τό
2777 4744 2791 4759 ⁸
2834 4714 2859 4781 ιθ
2877 4729 3102 4791 Τεκνία,
3134 4726 3229 4792 οὒς
3272 4726 3434 4781 πάλιν
3477 4723 3640 4777 ὠδίνω
3685 4714 3806 4785 μέχρι

2289 4823 2554 4895 μορφωθῇ
2586 4822 2819 4893 Χριστὸς
2873 4823 2933 4874 ὲν
2985 4821 3135 4889 ὑμῖν.
3167 4839 3188 4874 ι
3232 4821 3345 4875 Καὶ
3374 4816 3549 4873 πάλιν·
3584 4832 3601 4863 ί
3630 4809 3709 4875 Μὴ

2287 4891 2695 4987 ἇχῆιὶατίξεσὸε
2737 4904 2815 4985 τῷ
2867 4914 3025 4968 αἰῶνι
3059 4913 3256 4985 τούτῳ,
3302 4912 3417 4967 ἀλλ’
3448 4891 3808 4996 ἁναμορφοῦσθε

2285 5006 2352 5074 τῇ
2376 5001 2741 5057 ἀνακαινώσει
2762 5002 2858 5056 τοῦ
2887 5003 3009 5066 νοὸς
3047 5002 3221 5073 ὑμῶν,
3277 5003 3358 5065 είς
3384 5000 3444 5053 τὸ
3475 4992 3753 5065 δοκιμάζειν
3769 4992 3808 5038 τι

2287 5095 2349 5168 τὴ
2377 5093 2589 5166 θέλημα
2622 5093 2718 5147 τοῦ
2761 5094 2898 5149 Θεοῦ
2948 5096 3010 5148 τὸ
3041 5094 3269 5163 ἀγαθὸν,
3303 5093 3399 5148 καὶ
3425 5090 3710 5159 εὐάρεστον,
3736 5077 3807 5132 καὶ

2288 5188 2516 5243 τέλειον.
2553 5207 2570 5240 ι
2627 5189 2736 5242 Καὶ
2769 5188 2952 5244 πάλιν·
2997 5206 3016 5239 ι
3041 5187 3234 5258 Ἡμεῖς
3280 5187 3338 5240 δὲ
3364 5171 3807 5245 ἀνακεκαλυμμένῳ

566 5268 840 5344 ’νει-ΐεειιι
858 5277 930 5332 ⁸⁸.
976 5298 994 5330 ι
1029 5276 1314 5349 itemque:
1354 5295 1373 5329 ι
1403 5275 1517 5333 Nos
1544 5285 1728 5334 autem
1766 5281 2006 5337 revelata
2037 5282 2168 5338 facit

2289 5279 2570 5352 προσώπῳ
2610 5280 2710 5353 τήν
2757 5281 2927 5352 αὐτὴν
2973 5280 3158 5336 εἰκόνα
3210 5270 3638 5352 μεταμορφοῦσθε
3674 5267 3717 5307 δ’
3753 5261 3803 5328 τῇ
3835 5265 3847 5273 ’

664 5418 715 5452 ⁷⁸
762 5417 900 5473 an.
933 5434 1036 5484 sn,
1066 5417 1156 5472 47.
1232 5419 1277 5451 ⁷⁸
1316 5416 1494 5474 Galat.
1525 5436 1603 5488 tv,
1644 5419 1733 5477 19.
1808 5419 1856 5452 ⁸⁸
1896 5415 2055 5475 Rom.
2089 5434 2187 5484 xu,
2222 5417 2278 5471 Ξ.

1877 5538 2114 5598 VARle
2148 5535 2553 5593 LECTIONES.

682 5655 707 5681 ⁸
744 5665 837 5723 ῃ).
870 5650 1146 5722 προσήγκ.
1226 5650 1254 5690 ιι
1293 5643 1380 5719 ηδ’.
1415 5647 1545 5724 ἆρα.
1625 5666 1646 5692 ο
1679 5672 1763 5723 rp.
1789 5655 1932 5709 ὅσον.
2009 5667 2035 5694 α
2072 5671 2164 5723 γρ.
2193 5654 2292 5709 ὅτι.
2370 5651 2432 5692 ά*
2456 5669 2546 5721 γρ.
2579 5650 3098 5723 μεταμορφούμεθα.
