3950 6392
239 331 379 397 2109

1374 332 1915 397 COMMENTARII
1955 333 2038 395 IN
2078 334 2367 395 ISAIAM.

3356 338 3500 403 21110

242 446 606 504 ἀνακαινώσει
638 448 732 501 τοῦ
767 447 884 511 νοὸς
918 447 1077 519 ὑμῶν
1106 460 1154 515 θ,
1207 448 1313 501 ἀπὸ
1338 448 1498 520 δόξης
1539 450 1618 512 εἰς
1644 448 1823 513 δόξαν,

1949 464 1986 503 ιι
2019 449 2266 505 eamdem
2299 446 2589 518 imaginem
2623 445 2786 521 504
2816 436 3301 518 transformamur,
3349 467 3507 508 reno-

242 540 491 609 καθάπερ
523 540 632 595 ἀπὸ
660 540 868 613 Κυρίου
913 539 1256 614 Πνεύματος.
1294 561 1314 595 ι
1360 541 1500 595 Ἀλλ’
1537 542 1827 613 ἡμεῖς’μὲν

243 630 401 687 οὕτω.
435 632 563 695 Τοῖς
584 633 644 685 ὲν
682 632 834 703 νόμῳ
877 632 934 685 δὲ
970 632 1173 704 πρέπει
1203 633 1451 699 δουλείας
1485 633 1705 705 πνεῦμα
1733 633 1829 688 λα-

242 718 396 774 ϐοῦσι
421 720 485 773 τὸ
516 722 597 785 εἰς
626 722 848 794 οἰκέτην
881 723 974 775 κα)⁸
1021 722 1206 777 παῖδα
1234 723 1601 780 πεπλάσθαι.
1637 724 1827 794 Παρα-

244 810 525 875 σαίνοντας
557 810 667 879 γὰρ
715 814 744 865 ό
773 813 960 883 νόμος,
999 813 1076 878 ὡς
1118 814 1335 879 οἰκέτας
1366 812 1641 879 ἐκόλαζεν.
1678 813 1742 868 Ἦ
1769 815 1829 869 ὲν

242 902 465 975 Χριστῷ
492 903 552 957 δὲ
591 902 824 969 middle
858 904 1006 969 υἰούς
1048 922 1109 959 τε
1146 905 1243 972 καὶ
1272 906 1632 978 συμμόρφους
1660 904 1828 978 ἐργά-

243 996 418 1059 ζεται.
444 995 539 1067 Τῷ
579 995 647 1067 δὴ
682 991 777 1050 οῦν
808 997 1081 1067 Ἰσραὴλ,
1132 997 1225 1069 Μὴ
1261 996 1670 1052 ἐπιλανθάνου
1703 1013 1825 1069 μου,

243 1086 400 1159 φησὶ,
428 1087 771 1160 τρεπόμενος
816 1090 897 1153 εἰς
952 1088 1231 1143 ἀσέϐειαν.
1288 1088 1433 1162 Πρὸς
1474 1088 1534 1144 δν
1589 1088 1828 1161 ἀλλαχοῦ

244 1194 410 1247 φησιν
428 1193 444 1209 °
484 1197 503 1231 ι
525 1177 715 1250 Ὑμεῖς
738 1181 797 1235 οἰ
826 1179 1315 1253 ὲπιλανθανόμενοί
1340 1197 1465 1253 μου,
1493 1180 1589 1236 καὶ
1611 1181 1831 1253 ἑτοιμά-

245 1265 432 1333 ζοντες
460 1268 539 1340 τῷ
586 1270 850 1343 δαιμονίῳ
889 1269 1194 1344 τράπεζαν,
1244 1272 1338 1327 καὶ
1385 1272 1722 1344 πληροῦντες
1758 1275 1828 1346 τῇ

244 1359 383 1433 τύχῃ
417 1361 696 1434 κέρασμα.
725 1382 745 1416 ι

312 1536 505 1603 Οὕτως
552 1538 664 1612 ἄρα
712 1539 872 1611 λήθη
928 1540 1089 1608 Θεοῦ,
1122 1541 1185 1596 τδ
1225 1541 1595 1613 ἀποφοιτῆσαι
1637 1540 1829 1597 τούτου

245 1630 413 1701 δηλοῖ.
453 1632 787 1705 Προτρέπων
825 1634 882 1689 δὲ
930 1635 1184 1690 σπεύδειν
1233 1635 1330 1690 ἐπὶ
1363 1634 1675 1706 μετάνοιαν,
1705 1635 1833 1688 ὲπι-

248 1723 577 1794 στρέφουσιν
606 1726 794 1790 αὐτοῖς
819 1727 1240 1800 ἁμαρτημάτων
1278 1728 1472 1798 ἄφεσιν
1499 1725 1831 1797 ἐπαγγέλλε-

244 1785 355 1877 ταὶ,
387 1785 742 1885 ίΑπήλειψα,
771 1785 967 1887 λέγων,
1002 1785 1122 1873 diu
1158 1820 1253 1873 τοῦ
1281 1785 1632 1888 ἀξταλειψωξ
1654 1785 1829 1873 καθά·
1858 1785 1909 1848 Β

244 1920 353 1974 περ
376 1921 431 1957 τι
460 1905 623 1975 νέφος
645 1906 910 1973 διαλύσας
947 1908 981 1979 ἢ
1014 1910 1233 1979 γνόφον.
1261 1908 1336 1963 Τδ
1370 1909 1477 1980 γὰρ
1503 1909 1697 1981 μέλλον
1733 1908 1828 1963 τοῦ

243 1993 465 2065 χρόνου,
516 1995 579 2049 τὸ
630 1997 1013 2069 λυτρώσομαί
1058 2016 1136 2057 σε
1183 2001 1534 2073 παρίστησιν.
1567 2001 1693 2066 Πῶς
1720 2000 1831 2075 γὰρ

242 2083 592 2155 ἀπήλειψεν
616 2090 645 2141 ὀ
672 2089 856 2143 καλῶν
881 2093 961 2156 είς
987 2092 1387 2162 ἐπιστροφὴν,
1419 2094 1495 2158 ὡς
1510 2094 1832 2165 ἀπεστραμ-

246 2178 432 2247 μένον,
463 2180 574 2233 tor
592 2179 885 2251 ‘Iapavjz;
914 2182 1002 2238 διὰ
1034 2183 1278 2256 Χριστοῦ
1306 2185 1414 2257 γὰρ
1436 2184 1639 2256 ἧμελλε
1663 2185 1831 2239 πᾶσιν

243 2268 277 2336 ή
318 2268 433 2323 τῶν
467 2270 884 2343 ἁμαρτημάτων
934 2275 1132 2344 ἄφεσις
1183 2275 1422 2329 δίδοσθαι
1463 2293 1833 2349 συναναστρα-

245 2357 441 2423 φέντος
473 2360 606 2431 ἡμῖν
647 2362 747 2415 τοῦ
780 2362 1003 2434 Ἀμνοῦ,
1034 2365 1092 2427 ὃς
1123 2366 1267 2437 αῐρει
1300 2366 1401 2439 τὴν
1429 2367 1706 2443 ἁμαρτίαν
1736 2367 1830 2421 τοῦ

244 2448 480 2520 κόσμου.
522 2454 589 2505 Ὀ
617 2452 679 2525 δὴ
711 2455 946 2524 προϊδὼν
979 2459 1008 2511 ὁ
1052 2460 1355 2530 προφήτης,
1391 2460 1487 2513 καὶ
1530 2461 1604 2525 ὡς
1644 2459 1833 2513 πολλοὶ

245 2541 456 2597 τούτων
490 2545 877 2617 πιστεύσουσιν
922 2548 1002 2621 τῷ
1041 2551 1363 2622 προφητικῷ
1391 2551 1704 2622 πειθόμενοι
1745 2551 1835 2605 λό-

243 2651 351 2706 γῳ,
381 2637 598 2707 χαίρειν
620 2639 749 2703 τοὺς
790 2641 1088 2710 οὐρανοὺς
1116 2642 1482 2712 προσφωνεῖ,
1509 2644 1608 2707 τὰς
1654 2645 1834 2712 οὐρα-

244 2728 423 2794 νίους
452 2729 699 2801 δηλονότι
725 2732 1004 2805 δυνάμεις,
1052 2734 1128 2799 ὡς
1172 2734 1239 2788 ἂν
1280 2737 1459 2807 χαρᾶς
1497 2737 1556 2790 ὲν
1585 2736 1835 2808 οὐρανοῖς

246 2821 659 2903 γενησομένης)
676 2823 769 2875 ἐπὶ
821 2827 932 2888 τοῖς
978 2828 1259 2895 μετανοεῖν
1309 2826 1616 2897 μέλλουσιν.
1667 2827 1835 2883 Ὅθεν

248 2911 492 2983 Χριστοῦ
517 2913 873 2985 γεννηθέντος
910 2917 1231 2988 άνέκραξονο
1275 2936 1294 2969 ι
1320 2918 1456 2983 Δόξα
1487 2920 1545 2972 ὲν
1593 2919 1838 2990 ὑψίστοις

250 3003 394 3076 Θεῷ,
426 3005 521 3059 καὶ
549 3006 643 3058 ἐπὶ
675 3006 780 3077 γῆς
822 3009 1036 3079 εἰρήνη.
1065 3028 1084 3060 ι
1122 3009 1442 3070 Σαλπίζειν
1477 3010 1533 3063 δὲ
1566 3010 1838 3082 βούλεται,

1930 539 2144 596 vatione
2169 539 2367 595 mentis
2388 548 2610 606 nostrae,
2637 553 2666 593 a
2691 539 2866 611 gloria
2889 540 2944 596 in
2966 540 3218 610 gloriam,
3244 553 3506 614 tanquam

1930 642 1960 682 a
1990 627 2205 684 Domini
2234 628 2433 700 spiritu
2462 630 2529 685 δι.
2564 648 2585 683 ι
2622 629 2803 701 Atque
2829 631 2903 686 ita
2928 646 3029 687 nos
3062 633 3305 703 quidem.
3341 634 3509 692 Decet

1927 732 2060 774 vero
2092 727 2145 774 et
2192 734 2308 787 eos,
2355 719 2450 791 qui
2480 719 2537 774 in
2579 719 2698 790 lege
2728 720 3013 777 servitutis
3047 722 3309 792 spiritum
3341 739 3519 787 accca

1929 818 2148 881 perunt,
2185 810 2239 864 in
2270 825 2491 867 servum
2539 818 2594 867 et
2619 811 2791 880 ﬁlium
2818 811 3067 881 formari.
3104 813 3163 868 ln
3193 824 3510 887 transgreso

1929 917 2088 958 sores
2114 902 2261 959 enim
2290 903 2401 969 lex,
2451 913 2709 974 tanquam
2741 904 2796 959 in
2834 920 3028 960 servos
3049 948 3063 971 ,
3097 905 3506 963 animadverte-

1930 994 2027 1050 bat
2083 1011 2099 1049 :
2166 1010 2292 1051 cum
2351 996 2468 1066 ipsa
2529 997 2586 1051 in
2639 996 2866 1051 Christo
2927 997 3183 1066 formatio
3242 997 3406 1066 lilios,
3454 1008 3511 1055 et

1902 1086 2246 1151 .conformes
2269 1088 2316 1121 ⁸⁸
2360 1087 2575 1144 eﬂieiat.
2624 1088 2965 1145 Adhortatur
2991 1105 3121 1161 ergo
3151 1089 3411 1146 Israelem
3444 1107 3512 1146 uo

1931 1181 2001 1237 ad
2021 1181 2282 1252 pietatem
2308 1195 2612 1238 conversus
2652 1182 2736 1237 sui
2784 1182 2875 1237 ille
2899 1182 3263 1238 obliviscatur.
3300 1183 3510 1254 Cujus-

1930 1272 2080 1327 modi
2112 1280 2241 1328 sunt
2274 1273 2381 1329 ista
2409 1270 2476 1327 ad
2503 1271 2759 1328 eumdem
2786 1272 2988 1328 alicubi
3020 1290 3034 1327 :
3061 1292 3080 1327 ι
3123 1274 3228 1330 Vos
3250 1275 3345 1346 qui
3369 1274 3511 1331 obli-

1929 1363 2208 1420 viscimini
2265 1364 2370 1419 mei
2431 1371 2484 1419 et
2529 1364 2741 1435 paratis
2791 1364 3063 1421 daemonio
3112 1381 3404 1435 mensam,
3456 1374 3513 1423 et

1930 1453 2175 1525 impletis
2202 1453 2459 1511 Fortunae
2488 1454 2731 1510 libamen
2748 1454 2816 1511 ⁸³.
2855 1473 2878 1507 ι

2001 1547 2081 1602 ita
2110 1546 2277 1619 igitur
2304 1546 2400 1601 Dei
2425 1545 2685 1611 oblivisci,
2717 1545 2786 1600 ab
2818 1544 3014 1601 eodem
3047 1545 3311 1602 recedere
3340 1547 3513 1618 signi-

1931 1636 2081 1693 ﬁcat.
2113 1636 2250 1691 Cum
2287 1643 2473 1691 autem
2497 1636 2564 1689 ad
2603 1635 2987 1706 paenitentiam
3024 1636 3289 1692 festinare
3317 1636 3517 1693 adhor-

1932 1737 2103 1795 tatur,
2134 1727 2365 1794 eisdem,
2422 1729 2470 1782 si
2513 1726 2872 1797 resipiscant,
2901 1734 3255 1799 peccatorum
3296 1726 3517 1781 veniam

1932 1820 2259 1887 denuntiat;
2325 1818 2422 1889 qui
2483 1817 2650 1874 delevi
2700 1817 2954 1884 verbum,
2996 1830 3098 1888 pro
3149 1815 3355 1884 delebo,
3404 1832 3518 1872 non

1933 1909 2097 1966 aliter
2134 1923 2299 1980 quam
2329 1910 2398 1964 de
2417 1908 2640 1972 nebula,
2672 1915 2767 1962 aut
2794 1907 3031 1979 caligine
3058 1907 3245 1977 aliqua
3273 1906 3516 1974 locutus,

1933 2003 2402 2075 usurpat.Futuri
2431 2003 2707 2074 siquidem
2739 2001 3004 2073 temporis
3052 2001 3519 2072 significationem

1933 2094 2227 2170 expressit,
2265 2112 2387 2152 cum
2414 2096 2675 2151 redimam
2719 2105 2769 2151 te
2795 2094 3069 2166 adjunxit.
3104 2093 3209 2161 Qui
3247 2095 3393 2150 enim
3425 2093 3520 2150 de-

1935 2186 2119 2239 levisse
2142 2192 2385 2254 putetur,
2419 2184 2516 2255 qui
2558 2191 2823 2254 tanquam
2869 2185 3126 2240 aversum
3153 2181 3415 2239 Israelem
3446 2186 3520 2240 ad

1933 2278 2322 2334 conversionem
2347 2276 2651 2347 provocat?
2680 2276 2869 2332 Danda
2901 2277 3174 2347 siquidem
3201 2275 3383 2331 fuerat
3406 2291 3523 2332 om-

1935 2367 2099 2422 nibus
2132 2367 2454 2421 delictorum
2483 2365 2738 2421 remissio
2769 2381 2865 2437 per
2883 2365 3190 2429 Christum,
3211 2366 3307 2435 qui
3337 2381 3518 2438 agnus

1935 2458 2224 2514 nobiscum
2280 2466 2528 2513 versatus
2573 2467 2799 2528 peccata
2833 2456 3025 2512 mundi
3062 2458 3311 2513 sustulit.
3358 2457 3521 2523 Quod

1936 2560 2087 2606 certe
2135 2566 2258 2607 cum
2293 2551 2454 2622 longe
2498 2559 2627 2606 ante
2670 2550 2937 2621 propheta
2972 2549 3202 2616 videret,
3236 2566 3302 2606 ex
3338 2551 3521 2621 iisque

1937 2639 2054 2695 fore
2085 2655 2451 2711 nonpaueos,
2478 2640 2572 2710 qui
2596 2639 2933 2710 prophetica!
2954 2639 3195 2694 orationi
3250 2638 3520 2693 credituri

1938 2739 2144 2797 essent,
2177 2731 2337 2787 caelos
2376 2731 2549 2801 ipsos,
2579 2731 2633 2785 id
2672 2737 2757 2785 est
2800 2728 3051 2786 caelorum
3084 2730 3315 2785 virtutes
3343 2730 3525 2785 laetari

1941 2822 2298 2891 acclamavit,
2358 2832 2618 2896 tanquam
2687 2823 2947 2895 gaudium
3007 2822 3064 2877 in
3130 2824 3288 2878 cmlis
3355 2838 3526 2893 super

1940 2925 2230 2987 peccatore
2259 2916 2639 2986 paenitentiam
2664 2923 2860 2970 acturo
2890 2913 3141 2970 futurum
3161 2914 3231 2970 sit
3253 2912 3322 2967 ⁸⁸.
3346 2915 3524 2984 Atque

1941 3009 2071 3065 inde
2102 3017 2207 3076 est,
2256 3008 2402 3079 quod
2438 3014 2570 3065 nato
2597 3006 2821 3064 Christo
2850 3024 2865 3063 :
2897 3025 2917 3060 ι
2952 3005 3142 3062 Gloria
3195 3006 3251 3060 in
3287 3005 3524 3061 excelsis

250 3098 350 3150 καὶ
378 3097 431 3150 ετ
456 3096 603 3160 τινές
630 3097 761 3161 εἰσι,
806 3098 902 3153 καὶ
932 3100 1049 3168 τὴν
1075 3099 1193 3169 γῆν
1243 3101 1413 3171 αὐτὴν
1441 3102 1839 3174 ὑποστηρίζου-

1948 3102 2079 3168 Deo,
2111 3111 2165 3158 et
2191 3101 2244 3156 in
2293 3110 2439 3157 terra
2469 3117 2575 3173 pax
2604 3102 2676 3167 ⁸⁸,
2716 3119 2735 3153 ι
2770 3100 2953 3172 angeli
3004 3101 3349 3157 cecinerunt.
3397 3101 3527 3157 Vult

255 3206 348 3243 σαι
377 3187 521 3244 θεῖαι
543 3189 825 3262 δυνάμεις,
852 3192 1021 3263 ἤγουν
1049 3191 1372 3258 ἀλαλάξαι,
1405 3193 1545 3246 κατὰ
1566 3194 1696 3257 τοὺς
1730 3193 1843 3247 λοι-

249 3284 413 3348 ποὺς,
453 3283 624 3353 ὕμνον
661 3284 1091 3355 ἅναπεμπούσας
1139 3285 1279 3356 Θεῷ.
1318 3286 1476 3349 Εἰκὸς
1522 3285 1577 3340 δὲ
1603 3285 1847 3355 θεμέλια

253 3374 622 3445 χρηματίζειν
649 3377 782 3440 τοὺς
806 3376 1072 3446 θεοφιλεῖς
1105 3378 1312 3441 πάντας
1338 3379 1627 3448 προφήτας
1662 3395 1722 3431 τε
1751 3378 1848 3433 καὶ

251 3467 522 3533 δικαίους,
557 3468 699 3522 κατὰ
729 3470 823 3524 τὸν
861 3470 1187 3525 ’Δπόστολον
1209 3471 1460 3541 λέγοντα)
1488 3489 1507 3522 ι
1543 3470 1848 3525 Ἐποικοδο-

262 3559 531 3632 μηθέντες
559 3561 654 3614 ἐπὶ
694 3560 773 3633 τῷ
822 3561 1059 3633 θεμελίῳ
1096 3564 1209 3618 τῶν
1244 3563 1561 3617 ἀποστόλων
1596 3563 1688 3618 καὶ
1714 3579 1849 3634 προ-

260 3651 472 3723 φητῶν.
498 3672 519 3705 ι
541 3653 780 3725 Ἐπὶτὴν
810 3655 1048 3727 Χριστοῦ
1077 3657 1187 3728 γὰρ
1219 3656 1410 3727 κλῆσιν
1447 3656 1848 3728 μεγαλοφώνως

260 3747 477 3811 πάντας
531 3747 821 3813 ἐκάλεσαν,
859 3750 1002 3803 κατὰ
1043 3749 1105 3803 τό
1135 3766 1149 3780 ο
1186 3750 1310 3813 «Εἰς
1355 3752 1538 3803 πᾶσαν
1583 3748 1681 3821 τὴν
1746 3749 1849 3820 γῆν

257 3839 487 3909 ἐξῆλθεν
509 3840 538 3891 ό
563 3838 801 3909 φθόγγος
834 3841 1034 3897 αὐτῶν.
1067 3859 1085 3893 ι
1135 3840 1417 3894 Ἀπάντων
1480 3842 1577 3911 μὲν
1624 3840 1733 3912 γὰρ
1759 3845 1851 3895 θε-

257 3930 474 4002 μέλιος
498 3931 528 3984 ὁ
550 3934 793 4005 Χριστὸς
819 3933 1027 4004 ἀνέχων
1066 3951 1122 3986 τε
1152 3934 1245 3987 καὶ
1272 3934 1583 4005 διακρατῶν
1612 3934 1682 3988 τὰ
1722 3937 1852 4007 ἐρη-

264 4024 556 4096 ρεισμένα.
603 4025 721 4078 Ἐπ’
770 4027 919 4096 αύτῷ
965 4027 1321 4096 γὰρ’πάντες
1349 4025 1851 4098 ὲποικοδομούμεθα

263 4111 417 4179 οἶκος
440 4117 829 4188 πνευματικός.
879 4120 1141 4171 Κατοικεί
1169 4118 1277 4189 γὰρ
1325 4121 1383 4173 ὲν
1429 4122 1546 4183 ταῖς
1601 4120 1853 4191 καρδίαις

264 4206 426 4278 ἡμῶν
453 4207 542 4261 διὰ
570 4208 830 4271 πίστεως.
866 4208 1013 4279 Θεμέ
1027 4194 1133 4263 lict
1180 4210 1238 4262 δὲ
1270 4210 1713 4283 προσεχέστεροι,
1758 4212 1854 4267 καί¹

266 4298 438 4367 ἐγγὺς
472 4299 693 4370 μᾶλλον,
730 4299 763 4369 ἢ
794 4300 915 4354 καθ’
964 4302 1132 4371 ἡμᾶς,
1186 4303 1236 4354 οἰ
1285 4303 1571 4367 αὐτόπται,
1612 4303 1705 4356 καὶ
1748 4303 1855 4356 ὑπ-

270 4391 479 4464 ηρέται
511 4392 606 4445 τοῦ
645 4391 827 4461 λόγου,
859 4392 1107 4446 Γίνονται
1136 4393 1246 4464 γὰρ
1271 4395 1402 4465 ἡμῖν
1429 4394 1516 4448 διὰ
1540 4395 1649 4450 τῶν
1676 4411 1855 4465 παρα-

1946 3202 2130 3250 autem
2180 3204 2234 3250 et
2280 3196 2515 3250 virtutes
2564 3194 2804 3260 divinas,
2855 3192 3054 3262 siqua:
3108 3202 3305 3248 terram
3347 3192 3523 3263 ipsam

1948 3284 2199 3352 fulciant,
2252 3286 2377 3339 tuba
2404 3301 2629 3350 canere;
2665 3285 2819 3352 sive,
2869 3292 2932 3340 ut
2978 3284 3071 3338 alii
3100 3284 3525 3348 transtulerunt,

1948 3376 2169 3449 hymnis
2223 3378 2275 3432 in
2325 3378 2497 3432 Deum
2545 3378 2837 3432 exsultare.
2882 3375 2981 3433 Est
3026 3377 3192 3432 etiam
3237 3388 3533 3432 consenta-

1948 3485 2113 3525 neum
2141 3468 2611 3539 fundamentorum
2641 3469 2863 3524 nomine
2900 3469 3022 3539 pios
3054 3483 3267 3531 omnes,
3300 3469 3533 3537 prophe-

1950 3571 2160 3631 tasque,
2209 3571 2262 3618 et
2290 3561 2764 3632 justosiutelligi;
2800 3561 2916 3632 qui,
2965 3561 3199 3615 docente
3227 3559 3525 3629 Apostolo,

1950 3653 2324 3722 apostolorum
2365 3663 2420 3706 et
2464 3653 2857 3722 prophetarum
2915 3648 3296 3705 fundamentis
3336 3664 3535 3717 super-

1951 3743 2148 3798 Strueti
2196 3741 2309 3797 sint
2353 3742 2421 3796 ⁸⁸.
2456 3741 2538 3794 Ad
2569 3740 2780 3796 Christi
2828 3739 2976 3794 enim
3029 3753 3231 3793 nomen
3274 3744 3536 3792 contenta

1952 3849 2083 3888 voce
2110 3839 2382 3887 vocarunt
2425 3846 2655 3895 omnes;
2704 3831 2863 3898 juxta
2908 3828 3042 3882 illud
3091 3843 3106 3882 :
3156 3845 3179 3880 ι
3222 3824 3283 3881 In
3313 3840 3535 3882 omnem

1953 3937 2155 3982 terram
2186 3925 2356 3981 exivit
2385 3939 2554 3979 sonus
2581 3938 2774 3977 eorum
2798 3920 2870 3975 ⁸⁷.
2916 3938 2935 3973 ι
2967 3917 3225 3978 Omnium
3259 3918 3538 3988 siquidem

1953 4018 2361 4091 fundamentum
2390 4015 2650 4070 Christus
2675 4023 2795 4081 est;
2828 4010 2922 4083 qui
2953 4025 3076 4081 qua:
3107 4009 3330 4064 admota
3382 4018 3531 4072 sunt,

1955 4111 2061 4165 ﬁxa
2111 4110 2375 4179 ﬁrmaque
2428 4106 2700 4162 sustineat
2743 4114 2799 4160 et
2862 4103 3285 4173 complectatur.
3321 4102 3379 4155 In
3415 4101 3538 4170 ipso

1956 4203 2229 4273 siquidem
2274 4216 2467 4255 omnes
2522 4196 2859 4252 azdilieamur
2903 4194 3101 4251 domus
3135 4192 3441 4264 spiritualis
3466 4191 3534 4245 ⁸⁸.

1957 4291 2118 4362 505
2147 4290 2367 4344 Habitat
2385 4288 2531 4342 enim
2557 4288 2610 4340 in
2632 4284 2895 4340 cordibus
2927 4284 3133 4338 nostris
3155 4297 3252 4352 per
3285 4279 3444 4334 {idem
3467 4280 3536 4334 ⁸⁸.

1958 4383 2335 4437 Fundamenta
2388 4380 2557 4434 etiam
2610 4377 2795 4432 vicina
2845 4377 3021 4447 magis
3079 4383 3133 4429 et
3194 4376 3535 4443 propinqua.

264 4484 472 4539 δόσεων
527 4485 606 4546 εἰς
651 4483 932 4555 ἑδραίωμα
982 4485 1258 4550 πίστεως,
1312 4484 1452 4538 κατὰ
1497 4485 1596 4538 τό·
1654 4486 1770 4540 (Σὺ
1806 4481 1840 4538 επ

1959 4492 2123 4545 quam
2158 4486 2350 4531 nostro
2383 4472 2739 4551 sactnlo,lipsi
2773 4471 2996 4525 luerunt
3043 4467 3245 4521 oculati
3290 4473 3455 4519 testes
3488 4476 3543 4518 et

267 4575 503 4646 Πέτρος,
556 4575 651 4629 καὶ
701 4576 794 4627 ἐπὶ
834 4575 1009 4648 ταύτῃ
1054 4580 1120 4647 τῇ
1149 4576 1325 4648 πέτρᾳ
1365 4576 1713 4647 οἰκοδομήσω
1749 4595 1851 4647 μου

262 4664 373 4736 τὴν
412 4665 757 4735 Ἐκκλησίαν.
789 4682 808 4716 ι
848 4664 923 4717 Τὸ
960 4664 1067 4734 γὰρ
1102 4665 1201 4733 τῆς
1250 4662 1414 4716 αὑτοῦ
1452 4664 1689 4725 πίστεως
1720 4663 1854 4716 ἀσά-

265 4754 460 4809 λευτον
494 4754 858 4825 ὑπεδήλωσεν.
899 4755 1062 4823 Λέγει
1096 4753 1154 4806 δὲ
1186 4751 1282 4806 καὶ
1312 4751 1507 4806 Δαόίδ’
1550 4769 1568 4802 ι
1600 4752 1663 4803 Ol
1690 4750 1855 4822 θεμέ-

267 4847 573 4903 λιοιαύτοῦ
610 4849 669 4901 ὲν
713 4850 828 4911 τοῖς
876 4847 1027 4918 ὄρεσι
1078 4848 1191 4909 τοῖς
1236 4846 1433 4913 ἁγίοις,
1487 4862 1506 4894 ι
1561 4844 1692 4915 περὶ
1745 4844 1855 4898 τῶν

270 4939 456 4994 αὐτῶν
509 4938 705 5007 λέγων.
752 4938 818 4992 '0
864 4937 962 5008 μὲν
998 4932 1093 4991 οὗν
1126 4937 1332 5007 Μωσῆς
1386 4935 1717 5006 ἰσχνόφωνος
1765 4930 1853 5005 ἦν.

284 5031 349 5085 '0
377 5030 485 5103 γὰρ
510 5031 675 5100 νόμος
703 5028 771 5098 ἦν
792 5032 910 5093 τοῖς
934 5032 992 5083 ἐν
1032 5028 1261 5100 Ἰουδαίᾳ
1295 5028 1478 5099 μόνοις
1509 5026 1856 5092 ἐξάκουστος.

1962 4569 2206 4624 ministri
2241 4567 2426 4632 verbi;
2460 4567 2555 4636 qui
2599 4565 2760 4619 nobis
2810 4573 3039 4634 propter
3088 4557 3433 4623 traditiones,
3484 4557 3540 4609 in

1964 4661 2089 4714 ﬁdei
2120 4660 2557 4715 stabilimentum
2583 4657 2952 4719 exstiterunt,
2981 4655 3134 4725 juxta
3183 4648 3315 4703 illud
3352 4668 3365 4703 :
3403 4668 3419 4697 ι
3457 4644 3540 4701 Tu

1962 4767 2023 4808 es
2050 4751 2276 4814 Petrus,
2310 4759 2364 4806 et
2391 4765 2561 4819 super
2606 4748 2751 4802 hanc
2791 4755 3010 4817 petram
3044 4741 3322 4797 ledilicabo
3353 4737 3542 4793 Eccle-

1966 4847 2104 4901 siam
2136 4859 2315 4899 meam
2346 4843 2414 4895 ’°.
2450 4861 2470 4894 ι
2508 4841 2721 4895 Iudicat
2759 4840 2905 4895 enim
2939 4835 3185 4907 ejusdem
3216 4832 3339 4886 lidei
3377 4831 3543 4885 certi-

1965 4937 2213 4990 tudinem
2261 4941 2315 4989 et
2365 4932 2755 4988 constantiam.
2797 4930 2941 4996 Quin
2993 4938 3047 4984 et
3092 4926 3231 4997 apud
3284 4924 3543 4978 Davidcm

1965 5028 2208 5098 legimus
2250 5044 2264 5080 :
2330 5044 2348 5077 ι
2384 5024 2767 5079 Fundamenta
2818 5020 2939 5091 ejus
2986 5020 3041 5074 in
3089 5016 3369 5073 montibus
3422 5030 3553 5069 sau-

273 5124 616 5179 Σαλπισταί
668 5124 724 5176 δὲ
784 5122 881 5176 καὶ
942 5120 1319 5191 μεγαλόφωνοι
1359 5120 1602 5191 κήρυκες
1662 5118 1713 5171 οἱ
1768 5117 1840 5171 τὸι

1943 5122 2042 5176 etis
2066 5120 2134 5186 “,
2175 5137 2195 5171 ι
2233 5132 2359 5173 eum
2392 5117 2458 5171 de
2486 5115 2696 5171 eisdem
2745 5113 3013 5183 loquitur.
3059 5109 3208 5165 Voce
3244 5120 3377 5177 ergo
3410 5104 3577 5177 exili,

273 5216 513 5289 Χριστὸν
544 5213 827 5284 πανταχοῦ
853 5212 1281 5281 διαγγέλλοντες.

1965 5220 2020 5266 et
2037 5207 2332 5279 praepedita
2362 5204 2465 5259 fuit
2484 5204 2662 5260 Moses
2678 5204 2751 5270 θ’,
2776 5202 2921 5274 quod
2946 5203 3120 5273 legem
3148 5200 3203 5255 in
3220 5197 3411 5254 Iudaea
3430 5207 3520 5249 tan
3534 5229 3550 5240 .

276 5316 397 5365 tum
443 5306 694 5362 exaudiri
726 5320 961 5361 necesse
991 5312 1170 5366 esset;
1206 5303 1312 5373 ipsi
1364 5310 1546 5359 autem
1579 5317 1866 5373 prmeones
1904 5301 2111 5359 Christi
2135 5301 2527 5365 buccinatores,
2573 5311 2882 5368 magnaque
2922 5302 2977 5352 et
3037 5294 3147 5349 alta
3216 5306 3353 5349 voce
3412 5304 3550 5359 prae-

274 5403 404 5469 diti,
447 5409 509 5456 ut
537 5415 660 5456 eum
694 5402 899 5472 ubique
933 5401 1353 5455 annuntiarent.

351 5493 396 5526 ⁸¹
439 5491 483 5548 ll
504 5491 633 5547 Cor.
672 5508 750 5553 ιιι,
784 5493 871 5546 18.
962 5491 1008 5524 ⁸¹
1049 5492 1208 5547 Rom.
1248 5491 1488 5557 “11,29.
1563 5491 1610 5524 ⁸³
1648 5491 1754 5548 lsa.
1789 5505 1840 5545 ιι

378 5560 469 5616 20.
544 5562 587 5593 ⁸⁷
624 5560 1040 5625 Psal.xvttt,5;
1102 5564 1260 5618 Rom.
1311 5579 1369 5625 ι,
1409 5563 1497 5619 18.
1603 5560 1652 5594 ⁸⁸
1711 5561 1734 5615 l
1780 5561 1840 5617 Pt

1951 5486 2005 5542 6.
2080 5483 2130 5518 ”
2166 5481 2301 5538 Luc.
2357 5493 2449 5543 xv,
2514 5477 2565 5535 7.
2662 5475 2709 5509 ³³
2751 5474 2886 5531 Luc.
2947 5490 3010 5537 ιι.
3063 5474 3151 5529 ll.

1991 5574 2053 5625 ιι,
2128 5555 2183 5610 5.
2304 5549 2348 5583 ⁸⁸
2387 5548 2595 5621 prcs.
2640 5563 2723 5606 tu.
2785 5546 2875 5605 17.
2982 5545 3031 5580 ⁸⁸
3070 5544 3151 5601 Ma

281 5577 346 5629 ιι,
378 5560 469 5616 20.
544 5562 587 5593 ⁸⁷
624 5560 771 5616 Psal.
799 5562 1040 5628 xvttt,5;
1102 5564 1260 5618 Rom.
1311 5579 1369 5629 ι,
1409 5563 1497 5619 18.

277 5631 327 5666 ’ί
362 5630 508 5687 Psal.
563 5647 786 5702 eum,
816 5633 868 5688 1.
976 5634 1021 5665 ⁹²
1060 5632 1233 5689 Exod.
1260 5651 1334 5700 tv,
1372 5634 1459 5689 l0.

365 5808 389 5836 ·
414 5792 503 5864 γρ·
547 5789 724 5865 ήμῶνσ

243 5922 277 5977 ς
610 5882 881 5948 Ριτιιὸι..
932 5884 1050 5948 Gn.
1076 5882 1454 5948 LXXXVII.

3255 5471 3305 5504 “
3341 5471 3545 5543 Epiros.

2304 5549 2348 5583 "
2387 5548 2595 5621 Ephes.
2640 5563 2723 5606 tu.
2785 5546 2875 5605 17.
2982 5545 3031 5580 ⁸⁸
3070 5543 3262 5601 Matth.
3318 5546 3541 5611 “1,13.

1560 5722 1794 5780 VARIE
1829 5716 2245 5779 LECTIONES.

2092 5831 2121 5856 ἢ

3103 5870 3183 5935 ’ῖῦ
