3950 6458
404 301 541 368 2411

408 518 606 559 rursus
640 503 963 572 appellavit.
1000 500 1177 572 Opere
1217 498 1490 570 siquidem
1522 509 1577 553 et
1607 498 1775 553 verbo
1803 499 1992 554 excel-

416 598 676 661 luerunt,
708 604 760 649 et
823 594 891 648 ad
925 608 1021 648 eos
1052 594 1145 647 illa
1196 599 1375 648 sunt:
1420 612 1439 644 ι
1492 591 1552 647 In
1610 572 1850 646 montrin
1900 606 1998 646 cx-

411 686 620 741 celsum
672 681 930 750 ascende,
990 683 1085 752 qui
1132 680 1484 753 evangelizas
1532 677 1665 734 Sion
1714 679 1783 735 “.
1840 698 1859 732 ι
1930 676 1997 732 Et

420 791 646 833 rursum
684 774 823 844 legis
856 781 911 829 et
943 773 1131 845 gratiae
1155 786 1516 845 permagnum
1548 771 1868 828 discrimen.
1902 768 1997 823 Illa

414 867 706 937 siquidem,
737 880 863 921 cum
912 864 1179 920 ultionem
1224 862 1737 934 transgressoribus
1769 861 1997 915 minita-

411 969 590 1023 retur,
630 956 852 1011 nonnisi
891 956 1180 1012 tristitiam
1211 970 1483 1012 summam
1539 954 1909 1025 personabat;
1944 961 1997 1009 at

408 1049 575 1118 hujus
620 1062 902 1119 praecones
933 1049 1054 1103 orbi
1105 1058 1375 1104 terrarum
1425 1045 1671 1101 lwtitiam
1704 1043 2000 1101 denuntia—

409 1147 584 1204 runt;
617 1153 743 1193 cum
791 1145 1143 1209 peccatorum
1180 1138 1432 1203 veniam,
1481 1152 1604 1193 eum
1644 1135 2000 1206 iustificatio-

411 1243 537 1285 nem
568 1229 623 1282 in
654 1227 779 1293 fide,
819 1242 945 1282 cum
983 1227 1223 1298 Spiritus
1254 1226 1434 1281 sancti
1491 1225 1998 1297 participationem,

413 1337 537 1378 cum
562 1320 870 1392 adoptionis
894 1321 1238 1394 dignitatem,
1274 1336 1401 1375 cum
1432 1334 1665 1392 regnum
1693 1320 1994 1382 caelorum,

405 1431 540 1471 cum
580 1416 731 1470 omni
787 1414 1027 1485 denique
1072 1413 1412 1486 cogitatione
1464 1414 1674 1485 majora
1727 1413 1893 1477 bona,
1945 1411 2000 1466 id

419 1514 523 1572 est,
568 1514 775 1561 certam
809 1513 864 1558 et
894 1505 1117 1560 minime
1150 1505 1398 1559 fallacem
1445 1503 1568 1559 fidei
1620 1505 1818 1574 legem,
1878 1517 1997 1573 pro.

398 1588 969 1670 unulgarunt.-Colles
995 1606 1177 1651 autem
1212 1603 1268 1650 et
1289 1595 1509 1651 eosdem
1536 1596 1698 1650 etiam
1724 1591 2002 1665 appellare

417 1705 590 1760 queas
619 1707 635 1756 ;
677 1689 772 1759 qui
805 1703 836 1742 η
872 1699 1013 1743 terra
1037 1688 1258 1744 exaltati
1292 1687 1626 1758 supradictis
1654 1698 1836 1742 tamen
1871 1692 2002 1743 sunt

1735 296 2088 358 PROCOPII
2122 295 2366 357 GAZ/EI

478 413 628 478 Quos
664 398 927 481 praeteiea
978 418 1140 473 terra:
1192 410 1540 481 fundamenta
1575 407 1735 475 dixit,
1790 416 1992 463 montes
2018 426 2069 486 Α

3532 282 3687 351 2412

2171 412 2236 464 ’Δ
2265 411 2323 464 δὲ
2381 408 2626 479 θεμέλια
2688 409 2791 478 γῆς
2840 406 2970 477 ἔφη,
3025 404 3133 473 ὄρη
3167 403 3333 457 πάλιν
3362 400 3689 472 ὠνόμασεν.

2102 503 2286 576 Ἐργῳ
2333 503 2442 574 γὰρ
2490 497 2634 574 ἦσαν
2666 504 2762 556 καὶ⁸
2815 502 2958 572 λόγῳ
3010 500 3358 569 διαπρεπεῖς,
3404 493 3544 567 πρὸς
3585 492 3699 557 οὓς

2099 597 2354 666 ἔφασκεν·
2395 615 2413 648 ι
2435 596 2553 649 Ἐπ’
2586 595 2711 667 ὅρος
2740 593 2941 665 ὑψηλὸν
2972 591 3231 662 ἀνάϐηθι,
3272 591 3301 643 ό
3329 585 3700 657 εὐαγγελιζό-

2101 705 2259 761 μενος
2298 687 2457 742 Σιών.
2490 706 2511 740 ι
2550 685 2728 757 Πολλὴ
2777 684 2836 739 δὲ
2878 683 3041 738 πάλιν
3078 683 3179 752 τῆς
3217 681 3440 753 χάριτος
3472 679 3508 744 ἡ
3542 674 3702 747 πρὸς

2097 780 2190 833 τὸν
2227 779 2393 851 νόμον
2429 778 2682 850 διαφορά.
2737 777 2795 831 '0
2844 776 2942 849 μὲν
2990 774 3102 846 γὰρ
3147 774 3401 835 κολάσεις
3439 768 3706 824 ἀπειλῶν

2097 874 2210 937 τοῖς
2260 871 2691 942 παραϐαίνουσιν
2738 869 2869 924 ἐϐόα
2910 868 3237 940 κατήφειαν.
3271 867 3337 920 Ol
3380 864 3440 918 δὲ
3477 862 3706 934 ταύτης

2099 958 2341 1034 κήρυκες
2382 961 2782 1032 εὐφροσύνην
2802 959 2881 1031 τῷ
2918 960 3113 1029 κόσμῳ
3135 955 3536 1028 κατήγγειλαν,
3585 950 3710 1016 ἀφ-

2100 1071 2215 1109 εσιν
2251 1053 2485 1125 βοῶντες
2536 1052 2844 1124 ἁμαρτιῶν,
2885 1052 2979 1106 καὶ
3028 1048 3313 1105 δικαίωσιν
3370 1049 3429 1101 ἐν
3480 1044 3705 1107 πίστει,

2102 1141 2255 1211 ἁγίου
2284 1159 2344 1195 τε
2374 1140 2692 1212 Πνεύματος
2730 1139 2974 1212 μέθεξιν,
3010 1139 3106 1194 καὶ
3132 1137 3407 1199 υἱοθεσίας
3433 1136 3704 1206 λαμπρά·

2100 1251 2261 1302 τητα,
2294 1232 2541 1304 οὐρανῶν
2590 1250 2652 1288 τε
2700 1232 3000 1305 βασιλείαν,
3054 1230 3150 1285 καὶ
3205 1229 3316 1283 τῶν
3370 1228 3516 1297 ὑπὲρ
3565 1225 3708 1279 νοῦν

2102 1328 2326 1397 ἀγαθῶν
2354 1328 2413 1381 οὐ
2445 1327 2895 1399 κατεψευσμένην
2952 1323 3166 1380 ἐλπίδα.
3219 1321 3498 1387 Βουνοὺς
3544 1320 3590 1373 δ’
3627 1319 3708 1373 ἂν

2103 1420 2281 1485 εἴποις
2307 1421 2434 1484 τοὺς
2467 1421 2562 1474 καὶ
2598 1420 2797 1483 αὐτοὺς
2830 1418 3250 1489 ὕπερηρμένους
3277 1414 3391 1482 τῆς
3408 1412 3543 1483 τῆς,
3582 1411 3710 1465 τῶν

2096 1507 2159 1571 δὲ
2181 1507 2481 1579 λεχθέντων
2515 1506 2672 1578 ὁρῶν
2700 1508 2852 1579 ὅμως
2877 1507 3187 1570 ἐλάττονας.
3221 1504 3392 1559 Elida
3425 1503 3506 1570 δὲ,
3536 1502 3606 1555 τά
3642 1503 3712 1555 ἐν

2103 1600 2289 1664 αὐτοῖς
2316 1601 2412 1655 καὶ
2442 1600 2533 1654 ὑπ’
2559 1600 2741 1655 αὐτῶν
2772 1597 3153 1671 τεθραμμένα,
3177 1598 3227 1651 οί
3269 1596 3337 1650 δι’
3366 1596 3550 1649 αὐτῶν
3601 1611 3709 1646 πι-

2107 1691 2451 1758 στεύσαντες,
2481 1692 2577 1747 καὶ
2619 1691 2810 1763 ῶσπερ
2837 1688 3249 1758 ἀναϐεϐηκότες
3292 1688 3375 1751 είς
3407 1684 3580 1756 ἀνδρα
3604 1683 3713 1737 τέ-

416 1780 696 1836 montibus
727 1778 1054 1844 inferiores;
1080 1779 1228 1848 {igua
1250 1792 1379 1833 vero
1416 1780 1469 1831 in
1506 1780 1663 1849 ipsis,
1683 1786 1737 1832 et
1767 1776 1836 1857 ab
1865 1775 2002 1848 ipsis

2111 1784 2247 1838 λειον
2271 1784 2369 1838 καὶ
2395 1785 2629 1855 καρποῖς
2656 1783 2938 1854 κομῶντες
2965 1780 3386 1852 πνευματικοῖς,
3410 1776 3509 1830 καὶ
3539 1775 3714 1829 αὐτοὶ

422 1874 686 1934 enutrita.
716 1886 812 1928 eos
839 1872 988 1942 ipsos
1026 1886 1123 1941 per
1148 1887 1285 1942 quos
1317 1870 1475 1927 fidem
1524 1870 1727 1942 adepti,
1776 1878 1831 1926 et
1875 1876 1999 1925 tan-

420 1980 585 2036 quam
617 1965 672 2019 in
707 1965 854 2018 viros
884 1961 1157 2033 perfectos
1188 1962 1384 2031 evecti,
1412 1962 1685 2019 fructibus
1712 1962 2000 2020 abundant

420 2051 846 2124 spiritualibus;
881 2049 975 2122 qui
1006 2050 1171 2104 etiam
1218 2047 1480 2105 Ecclesiae
1518 2048 1774 2105 doctores
1819 2063 2004 2104 evase-

417 2154 573 2212 runt,
594 2158 802 2213 eosque
820 2142 1099 2197 fructuum
1121 2142 1389 2208 ubertate,
1410 2140 1502 2212 qui
1526 2141 1594 2196 ad
1618 2156 1677 2197 se
1708 2141 1999 2210 accedunt,

417 2235 697 2292 reﬁciunt.
736 2232 1018 2289 Laetamur
1040 2244 1196 2299 vero,
1237 2233 1391 2303 quia,
1445 2238 1815 2303 praeterquam
1851 2234 2000 2302 quod

418 2327 720 2397 redemptus
759 2334 843 2381 est
865 2324 1058 2393 Jacob,
1092 2324 1210 2396 ipse
1243 2324 1407 2380 etiam
1439 2323 1772 2395 gloriﬁcatus
1806 2332 1880 2378 est
1913 2321 2003 2379 Is-

416 2418 537 2476 rael
564 2418 659 2473 Dei
691 2414 869 2472 Filius
903 2415 1154 2480 eﬂ‘ectus,
1186 2415 1418 2486 ejusque
1449 2412 1641 2481 frater,
1680 2413 1775 2485 qui
1807 2423 2005 2468 natura

416 2523 475 2572 et
504 2527 634 2570 vere
669 2510 847 2565 Filius
889 2518 995 2566 est.
1053 2509 1205 2564 Alias
1258 2522 1389 2563 vero
1432 2515 1486 2562 et
1516 2507 1783 2562 mundum
1837 2507 2003 2563 etiam

417 2607 625 2678 ipsum,
665 2602 894 2674 ejusque
950 2606 1139 2672 partes
1193 2598 1263 2653 ad
1315 2598 1504 2668 gloriae
1554 2597 2003 2668 praedicationem

417 2698 546 2754 ideo
580 2695 905 2766 compellit:
963 2692 1104 2760 Quia
1136 2690 1357 2747 redemit
1394 2688 1535 2744 Deus
1587 2686 1780 2754 Iacob,
1821 2698 1871 2743 et
1918 2686 2006 2741 ls-

419 2789 538 2845 rael
565 2786 994 2859 glorificabitur,
1041 2784 1179 2849 sive,
1213 2790 1271 2837 ut
1316 2782 1440 2836 aliis
1476 2781 1655 2848 placet
1698 2777 2009 2851 interpreti-

418 2882 547 2947 bus,
569 2881 624 2934 in
651 2876 825 2933 Israel
847 2875 1256 2948 gloriﬁcabitur.
1284 2874 1446 2948 506
1466 2872 1622 2940 Quod
1644 2878 1760 2928 tum
1785 2871 2006 2927 demum

418 2969 676 3025 effectum
712 2975 819 3032 est,
872 2981 999 3021 cum
1035 2980 1102 3020 ex
1138 2964 1324 3035 priore
1381 2965 1609 3036 populo,
1673 2960 2010 3033 prophetica;

420 3061 695 3117 orationis
731 3057 1032 3113 utilitatem
1064 3056 1298 3126 experti,
1327 3056 1553 3126 rejectis
1593 3053 1762 3109 idolis
1797 3053 1863 3107 ad
1888 3051 2009 3123 pie-

419 3163 595 3209 tatem
626 3164 686 3205 se
714 3147 1091 3204 contulerunt.
1143 3145 1403 3201 Nonnulli
1452 3160 1622 3218 porro
1652 3146 1821 3202 verba
1863 3145 1965 3199 ista
1997 3162 2011 3199 :
2041 3128 2084 3189 α

423 3246 497 3299 Et
525 3257 629 3295 non
661 3250 814 3294 erant
844 3238 1102 3309 ﬁngentes
1140 3235 1335 3303 Deum,
1371 3245 1420 3292 et
1457 3238 1752 3303 sculpentes
1774 3236 2016 3304 inutilia,

424 3334 799 3404 explicarunt,
848 3344 958 3385 non
1011 3328 1161 3399 quod
1209 3331 1417 3385 vellent
1470 3343 1580 3384 non
1632 3343 1774 3393 esse,
1809 3328 1902 3398 qui
1954 3341 2023 3395 ea

425 3422 804 3479 confecissent
831 3459 847 3487 ,
901 3418 998 3475 sed
1040 3418 1190 3490 quod
1239 3419 1330 3485 iis,
1373 3434 1403 3473 a
1444 3421 1645 3490 quibus
1687 3418 2016 3483 colerentur,

427 3529 594 3585 apem
627 3513 770 3569 ferre
801 3526 910 3567 non
939 3519 1206 3582 possent;
1247 3521 1508 3582 tanquam
1540 3527 1606 3566 eo
1636 3519 1879 3580 tempore
1909 3526 2019 3564 non

376 3590 805 3683 ""‘es'sent,-euui
842 3602 1075 3656 istorum
1129 3599 1335 3672 iugatis
1385 3600 1776 3656 adoratoribus
1825 3597 2020 3656 lsraeli

433 3713 637 3757 terram
684 3696 917 3768 largitus
943 3705 1049 3753 est.
1084 3696 1189 3763 Qui
1225 3697 1395 3768 igitur
1437 3712 1548 3753 non
1591 3711 1769 3751 vanus
1794 3696 1889 3761 sit,
1924 3693 2020 3766 qui

433 3799 589 3847 tanta
623 3789 890 3845 beneficia
936 3799 1221 3859 expertus,
1270 3790 1417 3845 idola
1451 3790 1645 3854 coluit,
1698 3799 1753 3845 et
1800 3788 2020 3844 arbitrii

434 3885 693 3941 libertate
714 3883 857 3939 male
878 3882 1088 3939 abusus
1104 3883 1226 3939 est?
1251 3901 1270 3935 ι
1300 3882 1417 3941 Etsi
1437 3884 1586 3939 enim
1611 3884 1794 3939 omnia
1820 3883 2013 3950 licent,

439 3990 553 4032 non
585 3974 774 4032 omnia
801 3984 983 4031 tamen
1027 3974 1369 4045 expediunt;
1404 3991 1584 4046 neque
1611 3991 1711 4048 ego
1737 3979 1793 4030 iu
1830 3975 2015 4039 ullius,

451 4068 653 4135 inquit,
689 4065 903 4137 redigat
949 4073 1279 4136 potestatem
1327 4066 1411 4133 ἰς
1450 4085 1470 4120 ι
1503 4068 1559 4121 id
1588 4075 1711 4123 est:
1753 4066 1858 4134 Qui
1885 4066 2020 4122 mihi

437 4156 748 4228 imperandi
778 4165 1111 4227 patestatem
1141 4158 1352 4229 accepi,
1389 4158 1436 4214 si
1467 4158 1604 4214 meis
1648 4160 1766 4229 ipse
1800 4158 2020 4230 cupidi-

442 4250 645 4304 tatibus
680 4264 926 4321 paream,
971 4249 1084 4320 jam
1134 4250 1310 4321 ipsam
1348 4244 1654 4322 imperandi
1698 4250 2018 4308 facultatem

440 4342 642 4409 amisi;
691 4341 786 4413 qui
840 4355 906 4397 eo
940 4340 1061 4412 ipso
1093 4356 1125 4396 a
1182 4342 1436 4399 libertate
1496 4343 1814 4409 defecerim,
1871 4342 2019 4414 quod

2103 1877 2204 1948 τῆς
2239 1876 2566 1948 Ἐκκλησίας
2609 1874 2761 1938 ὄντες
2791 1873 3128 1938 διδάσκαλοι,
3181 1871 3278 1927 καὶ
3323 1870 3448 1933 ταῖς
3475 1868 3713 1937 νοηταῖς

2106 1970 2436 2041 εὐκαρπίαις
2483 1971 2612 2035 τοὺς
2660 1970 2995 2040 προσιόντας
3045 1967 3230 2030 αὐτοῖς
3293 1960 3710 2031 ἀνακτώμενοι.

2107 2058 2373 2132 Χαίρουσι
2399 2062 2480 2125 δὲ,
2515 2062 2599 2116 ὅτι
2629 2061 2767 2132 πρὸς
2792 2057 3273 2132 τῷλυτρωθῆναι
3291 2055 3402 2110 τὸν
3444 2051 3713 2122 Ἰσραὴλ

2107 2157 2204 2211 καὶ
2231 2154 2593 2219 δεδόξασται
2633 2156 2677 2194 ο·
2702 2152 2851 2208 Θεοῦ
2877 2152 3231 2224 χρηματίσας
3289 2145 3715 2213 Υἱὸς-,ἀδελφός

2106 2263 2169 2304 τε
2198 2245 2291 2302 τοῦ
2341 2247 2501 2318 φύσει
2548 2246 2643 2302 καὶ
2691 2244 2908 2317 ἀληθῶς
2941 2244 3099 2299 Υίοῦ.
3149 2242 3260 2298 Καὶ
3295 2241 3476 2303 ἄλλως
3520 2236 3583 2291 δέ
3611 2237 3714 2290 τὸν

2108 2341 2337 2411 κόσμον,
2371 2340 2469 2394 καὶ
2509 2340 2580 2395 τὰ
2613 2338 2807 2393 τούτου
2843 2338 2985 2410 μέρη
3017 2335 3154 2408 πρὸς
3182 2332 3494 2403 δοξολογίαν
3537 2331 3712 2394 κινεῖ,

2106 2432 2192 2486 ὅτι
2223 2429 2604 2499 ὲλυτρώσατο
2636 2432 2671 2485 ὁ
2719 2428 2865 2495 Θεὸς
2898 2429 3008 2482 τὸν
3055 2425 3286 2488 Ἰακὼϐ,
3314 2423 3414 2479 καί
3452 2420 3715 2490 Ἰσραὴλ

2110 2519 2578 2588 δοξασθήσεται.
2641 2519 2676 2589 ἢ
2726 2517 2869 2572 κατὰ
2912 2518 3040 2581 τοὺς
3094 2513 3471 2578 λοιποὺς,καὶ
3525 2512 3600 2566 ἐν
3627 2510 3718 2576 τῷ

2124 2610 2375 2680 Ἰσραὴλ
2409 2609 2877 2678 δοξασθήσεται.
2912 2609 3095 2680 Ὅπερ
3142 2606 3357 2677 ἐγίνετο
3388 2605 3554 2674 ἡνίκα
3596 2603 3717 2656 τῶν

2111 2704 2176 2758 ἐκ
2226 2702 2322 2758 τοῦ
2402 2702 2673 2774 προτέρου
2720 2701 2852 2756 λαοῦ
2908 2700 3100 2756 πολλοὶ
3148 2700 3278 2763 τοὺς
3323 2696 3715 2769 προφητικοὺς

2111 2796 2307 2865 λόγους
2333 2795 2684 2867 ὠφελημένοι
2726 2794 2867 2867 πρὸς
2914 2792 3207 2851 εὐσέϐειαν
3252 2790 3496 2863 ἐχώρουν
3532 2805 3718 2843 κατα·-

2112 2888 2365 2952 λιπόντες
2395 2890 2466 2942 τὰ
2508 2887 2727 2943 εἴδωλα.
2759 2887 2917 2951 Τινὲς
2947 2886 3006 2940 δὲ
3031 2885 3112 2951 τὸ,
3148 2884 3261 2939 Καὶ
3299 2885 3412 2938 οὐκ
3438 2878 3607 2953 ἦσαν
3660 2883 3717 2935 cl

2115 2980 2483 3047 πλάττοντες
2515 2976 2666 3036 Θεὸν
2692 2977 2792 3034 καί
2827 2979 3168 3050 γλύφοντες
3198 2973 3506 3045 ἀνωφελῆ,
3530 2972 3718 3037 οὕτως

2116 3073 2457 3146 ἐξηγήσαντο
2476 3090 2491 3104 ·
2524 3072 2599 3128 Οὐ
2624 3072 2777 3144 παρὰ
2806 3072 2870 3127 τδ
2901 3073 2976 3143 μὴ
3011 3065 3153 3125 εἶναι
3173 3070 3303 3134 τοὺς
3334 3067 3511 3123 ταῦτα
3545 3069 3720 3138 ἐργα-

2118 3157 2403 3228 ζομένους,
2436 3157 2590 3230 παρά
2623 3158 2682 3212 δὲ
2733 3157 2798 3211 τὸ
2836 3157 2912 3229 μὴ
2952 3154 3215 3212 δύνασθαι
3269 3153 3543 3225 βοηθῆσαι
3598 3154 3716 3217 τοῖς

2117 3248 2258 3303 αὒτά
2306 3247 2725 3321 θεραπεύουσιν,
2766 3249 2844 3313 ὡς
2896 3249 3034 3321 μηδὲ
3081 3248 3214 3304 ὄντα
3245 3248 3409 3319 ἡνίκα
3462 3246 3567 3318 τὴν
3606 3247 3715 3316 γῆν

2117 3339 2548 3412 ἐκληροδότησεν
2588 3340 2805 3413 Ἰσραὴλ
2836 3342 2964 3405 τοὺς
2991 3339 3200 3396 τούτων
3224 3340 3511 3403 ἀπελάσας
3543 3354 3719 3409 προσ-

2122 3434 2384 3506 κυνητάς,
2434 3434 2559 3498 Πῶς
2605 3434 2700 3489 οὖν
2736 3436 2799 3488 οὐ
2841 3434 3073 3505 μάταιος
3119 3433 3260 3505 μετὰ
3296 3433 3575 3503 τοσαύτην
3603 3434 3719 3487 πετο

2121 3542 2221 3597 ραν
2251 3524 2719 3596 εἰδωλολατρήσας
2767 3523 2952 3591 αὐτὸς,
2986 3524 3083 3578 καὶ
3120 3523 3200 3593 τῷ
3243 3522 3584 3594 αὐτεξουσίῳ
3618 3540 3720 3577 κα-

2120 3600 2233 3681 κῶς
2265 3616 2645 3688 χρησάμενος;
2682 3636 2702 3669 ι
2724 3616 2786 3671 El
2832 3616 2943 3689 γὰρ
2965 3618 3062 3672 καὶ
3104 3617 3285 3671 πάντα
3325 3615 3561 3681 ἔξεστιν,
3597 3615 3718 3670 ἀλλ’

2120 3710 2181 3764 οὺ
2234 3709 2413 3764 πάντα
2459 3710 2750 3782 συμφέρει.
2781 3711 2917 3764 Οὐδὲ
2959 3693 3490 3782 ἐξουσιασθήσομαι,
3518 3712 3716 3782 φησὶν,

2122 3801 2228 3855 ὑπό
2280 3817 2450 3867 τινος.
2488 3820 2507 3854 ι
2561 3801 2719 3855 Τοῦτ’
2753 3800 2923 3868 ἐστιν,
2952 3802 3177 3873 Ἀρχειν
3230 3800 3413 3872 λαχὼν
3469 3802 3715 3873 ἐμαυτοῦ

2120 3892 2216 3946 ἐάν
2249 3892 2581 3963 ὑποταγείην
2610 3895 2720 3958 τοῖς
2753 3892 2975 3960 πάθεσι,
3000 3891 3179 3947 καὶτὸ
3204 3893 3398 3964 ἄρχειν
3428 3893 3711 3961 ἀπώλεσα,

2119 3986 2222 4056 τῆς
2256 3984 2572 4055 ἐλευθερίας
2615 3985 2878 4050 ἀποστὰς,
2922 3985 2989 4039 δι’
3036 3977 3111 4041 ὧν
3143 3984 3382 4055 ἐμαυτὸν
3442 3985 3715 4040 ὑπέϐαλον

2121 4072 2360 4145 ἐξουσίᾳ.
2394 4075 2568 4129 Τοῦτο
2618 4075 2676 4130 δέ
2710 4075 2856 4131 κατὰ
2902 4077 3100 4150 μικρὸν
3148 4074 3334 4132 ὁδεῦον
3367 4078 3434 4149 τῇ
3465 4077 3577 4130 τῶν
3604 4077 3715 4147 ἠδο-

2120 4161 2229 4216 νῶν
2259 4163 2521 4235 συνηθείᾳ
2562 4164 2699 4237 πρὸς
2737 4165 2995 4220 ἀσέϐειαν
3037 4165 3277 4236 ἔρχεται.
3310 4165 3567 4237 Πονηρόκ
3605 4165 3714 4237 γὰρ

2123 4252 2380 4318 ὑπονοίας
2402 4254 2582 4309 τίκτει
2616 4257 2761 4309 κατὰ
2787 4256 2947 4321 Θεοῦ,
2983 4256 3059 4320 ὡς
3093 4257 3168 4327 μὴ
3219 4256 3425 4320 εἰδότος
3457 4255 3529 4309 τὰ
3577 4256 3716 4324 γινό-

2127 4360 2287 4415 μενα,
2322 4344 2356 4415 ἢ
2419 4344 2518 4397 καὶ
2566 4343 2986 4416 ἀδιαφοροῦντος
3030 4345 3123 4400 ἐπ’
3168 4346 3374 4408 αὐτοῖς.
3408 4346 3499 4398 Δεῖ
3534 4344 3715 4399 τοίνυν

437 4438 670 4492 aliorum
718 4436 979 4509 potestati
1020 4438 1130 4515 me
1182 4436 1300 4506 ipse
1356 4435 1712 4506 subjecerim.
1748 4434 1804 4492 ld
1837 4438 2007 4508 ipsum

2124 4435 2210 4504 ἐφ’
2237 4434 2474 4506 ἑκάστης
2508 4435 2785 4506 ἁμαρτίας
2822 4433 2893 4489 τά
2921 4451 2980 4488 τε
3023 4435 3164 4507 μέρη
3198 4436 3445 4500 σκοπεῖν,
3476 4433 3575 4488 καὶ
3618 4434 3716 4505 τὴν

439 4540 623 4587 autem
657 4530 703 4586 si
741 4529 1008 4601 paulatim
1060 4522 1477 4600 progrediatur,
1512 4530 1852 4600 voluptatum
1894 4539 2007 4585 tan-

2125 4523 2357 4578 ἀτοπίαν
2372 4523 2464 4577 τοῦ
2486 4524 2698 4591 τέλους,
2720 4525 2813 4579 καὶ
2830 4524 3184 4596 συναίσθησιν
3214 4525 3482 4589 λαϐόντας
3499 4526 3716 4592 αἰσχύ·

438 4625 560 4678 dem
605 4621 1007 4678 consuetudine
1040 4606 1113 4677 ad.
1156 4621 1497 4690 impietatem
1532 4622 1801 4691 pervenit.
1846 4615 2007 4677 Nefa-

2126 4617 2339 4668 νεσθαι
2397 4614 2504 4686 πρό
2548 4631 2612 4684 γε
2653 4614 2763 4669 τῶν
2819 4617 2996 4672 ἀλλων
3053 4617 3302 4681 ἑαυτούς.
3369 4616 3543 4680 Αὐτὸς
3612 4616 3717 4688 γὰρ

384 4700 390 4709 ’
439 4715 554 4769 rias
590 4714 737 4770 enim
763 4714 831 4767 de
860 4711 973 4767 Deo
1011 4711 1379 4787 cogitationes
1417 4709 1595 4780 parit;
1633 4717 1893 4780 tanquam
1935 4724 2007 4777 ea,

2134 4705 2310 4778 ἐαυτῷ
2363 4721 2446 4772 τις
2503 4707 2573 4762 τὰ
2626 4709 2813 4762 εἰκότα
2861 4709 3243 4783 διαλεγόμενος
3308 4708 3605 4780 ὠφελεῖται
3652 4708 3718 4764 τὰ

439 4821 562 4877 qua:
589 4804 746 4870 fiunt,
775 4804 862 4859 vel
894 4802 1133 4874 ignoret,
1170 4802 1256 4858 vel
1291 4817 1400 4858 non
1448 4811 1624 4859 curet.
1664 4801 1832 4858 Decet
1858 4801 2028 4874 igitur
2137 4800 2392 4873 μέγιστα.
2472 4830 2499 4839 -

442 4900 649 4969 peccati
681 4898 954 4968 cujusque
993 4904 1203 4969 partes.
1238 4897 1524 4968 ipsamque
1556 4895 1681 4954 finis
1750 4897 2154 4953 absurditatem
2248 4897 2493 4965 intueri;
2553 4899 2713 4955 decet
2764 4909 2821 4955 et
2894 4900 3016 4972 ejus
3069 4900 3439 4973 cognitionem
3491 4897 3714 4968 adeptos

444 4994 615 5049 nostri
643 4993 913 5064 imprimis
954 5010 1055 5050 nos
1086 4992 1481 5064 pudoreaﬂici.
1513 4992 1699 5066 Neque
1724 4996 1888 5050 .enim
1931 5007 2121 5064 parum
2152 4993 2383 5064 juvatur
2447 4995 2700 5068 quisquis
2767 5014 2889 5068 quae
2910 4999 3107 5055 rationi
3173 5006 3546 5054 consentanea
3614 5013 3709 5065 pu-

448 5096 547 5153 tat,
579 5103 764 5143 secum
803 5089 923 5158 ipse
961 5087 1154 5157 agitat.
2051 5122 2060 5139 ν
2456 5110 2467 5119 ~

522 5176 680 5249 507
718 5174 887 5234 Vens.
916 5179 1107 5236 24⁸28.
1141 5176 1231 5236 Sic
1254 5179 1387 5235 dicit
1434 5168 1713 5245 Dominus,
1746 5182 1838 5253 qui
1875 5181 2007 5236 rede-

2203 5177 2417 5248 κδ’-κη’.
2453 5177 2618 5233 Οὕτω
2639 5179 2802 5247 λέγει
2839 5178 3055 5246 Κύριος
3096 5179 3129 5230 ό
3164 5172 3578 5244 λυτρούμενος
3621 5187 3710 5236 σε,

446 5270 543 5323 mit
581 5277 650 5333 te,
691 5282 739 5323 et
773 5269 1025 5338 formarit
1058 5260 1110 5326 εἰ
1137 5285 1203 5326 ex
1232 5280 1385 5327 utero
1415 5287 1434 5326 :
1465 5271 1575 5343 Ego
1615 5272 1902 5338 Dominus,
1932 5289 2007 5341 qua

2131 5273 2230 5327 καί
2268 5272 2572 5326 πλάσσων
2598 5286 2674 5325 σε
2700 5271 2771 5325 ἐκ
2797 5270 3060 5336 κοιλίαςο
3106 5268 3255 5339 Ἐγὼ
3276 5267 3493 5336 Κύριος
3513 5270 3547 5322 ό
3575 5281 3714 5321 συν-

447 5361 682 5432 compleo
722 5361 922 5417 omnia.
974 5358 1206 5418 Extendi
1253 5363 1442 5419 caelum
1498 5365 1669 5431 solus,
1707 5373 1757 5420 et
1810 5364 2007 5434 ﬁrmae

2130 5360 2325 5417 τελῶν
2358 5361 2554 5419 πάντα
2573 5378 2586 5392 ⁸
2624 5361 2893 5427 ἐξέτεινα
2930 5363 3033 5415 τὸν
3082 5357 3345 5427 οὐραγὸν
3380 5357 3592 5427 μόνος,
3620 5353 3714 5407 xui

512 5471 565 5515 ’δ’
600 5494 705 5553 lsa.
738 5508 828 5558 χι,
861 5493 915 5549 9.
996 5494 1041 5529 οι
1070 5494 1088 5549 1
1117 5492 1246 5553 Cor.
1279 5509 1367 5563 Vl,
1411 5494 1497 5553 te.

1770 5613 1999 5670 VARUE
2036 5612 2435 5671 [.ECTIONES.

539 5735 585 5775 ⁸⁸
616 5750 708 5805 τρο
738 5732 827 5787 τδν
853 5730 1071 5801 Ἰακὼϐ,
1099 5734 1192 5787 καὶ
1235 5733 1451 5805 Ἰσραὴλ
1481 5732 1813 5800 δεδόξασται.
