3950 6384
288 299 427 365 2H3

1419 305 1955 366 COMMENTARII
1989 266 2406 367 misum.

3401 302 3546 368 2414

288 413 626 480 ἐστερέωσα
682 412 797 483 τὴν
867 415 1004 484 γῆν.
1072 415 1164 480 Τίς
1219 414 1420 483 ἕτερος
1475 414 1868 470 διασκεδάσει

1979 422 2190 469 terram.
2238 416 2371 482 Quis
2427 414 2567 469 alius
2618 415 2900 486 dissipabit
2927 415 3078 485 signa
3135 415 3442 485 pythonum,
3497 425 3547 470 et

288 506 504 574 σημεῖα
545 507 1054 576 ἐγγαστριμύθων,
1097 507 1194 560 καί
1243 507 1527 574 μαντείας
1575 507 1692 563 ἀπὸ
1731 522 1872 575 καρ-

289 595 461 662 δίας;
491 614 545 651 κ.
571 614 622 653 τ.
653 598 703 651 λ.

361 689 621 758 Ἔλεγχον
669 688 1120 760 είδωλολατρείας
1167 689 1572 762 προεκθέμενος
1626 692 1654 743 ὁ
1690 689 1868 758 λόγος,

288 785 382 837 καὶ
408 783 484 846 ὡς
516 783 816 835 παύσονται
861 782 1068 854 ταύτης
1106 782 1159 835 οἱ
1203 782 1301 849 τὴν
1336 781 1680 853 προφητικὴν
1723 781 1869 835 διδα-

289 876 514 930 σκαλίαν
543 875 887 954 ὠφελημένοι
911 892 924 905 ·
965 874 1057 927 νῦν
1081 874 1182 946 τὴν
1230 876 1295 928 ἐκ
1331 874 1650 938 Βαϐυλῶνος
1697 873 1874 928 ἀπαλ-

286 969 459 1040 λαγὴν
512 968 946 1036 ἐπαγγέλλεται,
990 969 1072 1029 εἰς
1121 967 1302 1038 ἤνπερ
1353 967 1873 1038 εἰδωλολατροῦντες

289 1059 654 1130 ἀπήχθησαν,
702 1051 872 1128 οὗπερ
918 1059 967 1112 εί
1017 1059 1324 1112 παύσαιντο
1377 1057 1508 1124 νῦν,
1557 1059 1874 1130 ἐλευθερίαν

288 1151 578 1220 ὑπέσχετο.
667 1150 892 1221 Ἐπειδὴ
941 1151 998 1203 δὲ
1031 1151 1160 1222 περὶ
1199 1151 1542 1222 πραγμάτων
1600 1152 1874 1222 μεγίστων

285 1245 523 1296 ἐποιεῖτο
547 1243 676 1307 τοὺς
698 1241 913 1311 λόγους,
938 1243 1032 1294 καὶ
1059 1238 1129 1314 ἦν
1155 1243 1302 1306 είκὺς
1335 1243 1685 1296 ἀπιστεῖσθαι
1720 1243 1876 1314 παρά

283 1351 464 1397 τινων,
490 1333 719 1398 εἰκότως
748 1333 846 1405 τὴν
872 1333 1008 1387 ίδίαν
1037 1333 1344 1407 ἀνεκήρυξε
1369 1333 1621 1404 δύναμιν.
1651 1335 1874 1388 Πάντων

285 1425 393 1495 γὰρ
419 1424 498 1478 ὢν
546 1426 799 1497 ποιητὴς,
831 1427 925 1479 καὶ
972 1425 1241 1497 παράγων
1279 1427 1338 1493 ἐξ
1369 1426 1470 1480 οὐκ
1513 1426 1705 1494 ὄντων,
1753 1425 1874 1490 πῶς

283 1520 384 1572 οὐκ
431 1519 498 1572 ἂν
553 1518 667 1589 ἔχοι
717 1518 915 1590 ῥᾳδίως
952 1519 1091 1590 ὅπερ
1133 1519 1196 1572 ἂν
1231 1519 1404 1573 ἐθέλοι
1436 1522 1646 1587 ποιεῖν;
1688 1521 1784 1584 Ὠς
1815 1520 1874 1574 δὲ

283 1609 545 1663 τοιούτων
575 1610 872 1678 ἐσομένων,
900 1610 993 1662 καὶ
1021 1610 1134 1664 ἀνω
1171 1611 1582 1682 παρεκελεύετο
1604 1615 1670 1682 τῇ
1695 1611 1874 1666 κτίσει

284 1702 588 1770 δοξολογεῖν
633 1702 726 1753 τὸν
764 1702 920 1766 Θεὸν,
964 1697 1047 1764 οἷς
1087 1702 1399 1767 ἀκολούθως
1453 1704 1616 1775 φησίν
1641 1720 1656 1734 ο
1711 1703 1874 1756 Οὕτω

283 1798 446 1865 ,λέγει
479 1797 692 1862 Κύριος
738 1798 772 1848 ό
809 1795 1276 1863 λυτρωσίὶμενός
1327 1813 1401 1850 σε
1444 1797 1540 1849 καὶ
1572 1795 1876 1850 πλάσσων

283 1906 358 1943 σε
387 1890 456 1942 ἐκ
505 1889 758 1952 κοιλίας·
817 1886 1000 1959 [ὅπερ]
1052 1887 1326 1957 Ἱερεμίας
1364 1887 1636 1958 ἐδήλωσεν
1677 1885 1872 1944 είπὼν.

292 2003 310 2035 ι
335 1982 447 2035 Καὶ
478 1981 696 2049 ἐγένετο
719 1980 878 2048 λόγος
905 1979 1113 2051 Κυρίου
1143 1981 1281 2049 πρός
1315 1997 1383 2050 με
1411 1978 1608 2048 λέγων·
1642 1978 1756 2050 Πρὸ
1777 1976 1873 2032 τοῦ

287 2089 355 2142 με
413 2071 619 2124 πλάσαι
669 2086 727 2122 σε
781 2071 846 2122 ἐκ
901 2069 1111 2131 κοιλίας
1155 2068 1457 2141 ἐπίσταμαί
1511 2085 1602 2122 σε’
1636 2089 1655 2122 ι
1717 2069 1876 2137 λόγον

282 2162 458 2216 εἰπὼν
488 2161 694 2232 Κυρίου
723 2161 813 2214 τὸν
836 2161 945 2215 τῶν
973 2161 1117 2215 κατά
1147 2161 1382 2232 γαστρὸς
1414 2161 1874 2233 κυοφορουμένων

281 2253 654 2325 Δημιουργόν.
684 2248 797 2306 Εἶτ’
828 2253 1016 2322 ἐπειδὴ
1059 2254 1190 2324 περὶ
1220 2252 1531 2323 ἐλευθερίας
1587 2253 1874 2326 πρόκειται

281 2346 445 2413 λόγος
471 2362 486 2378 ο
549 2346 963 2414 λυτρούμενον
1029 2345 1221 2400 ἐαυτὸν
1276 2346 1506 2410 εἰκότως
1557 2345 1870 2415 ὠνόμασεν,

281 2434 610 2506 σωματικὴν
663 2434 896 2489 πλάσιν
922 2433 997 2498 ὡς
1029 2434 1093 2506 δὴ
1143 2437 1476 2506 σωματικοῖς
1522 2436 1702 2502 λέξας.
1731 2433 1873 2504 Ἐγώ

282 2529 426 2599 ειμι,
459 2528 646 2598 φησιν,
685 2526 715 2578 ὁ
743 2527 806 2579 ἐκ
845 2525 1046 2597 μικροῦ
1079 2543 1137 2579 σε
1181 2525 1426 2592 πλάσας
1485 2527 1870 2594 ὑποκειμένου,

283 2621 385 2674 καὶ
430 2621 507 2683 ὡς
562 2620 628 2672 ἐκ
691 2618 958 2690 σπηλαίου
1026 2618 1170 2682 τινος
1232 2617 1518 2688 ἐξαγαγὼν
1570 2618 1869 2685 σκοτεινοῦ,

288 2712 462 2783 μηδὲν
499 2711 627 2782 περὶ
651 2711 845 2764 τούτου
883 2710 990 2764 τῶν
1020 2710 1224 2780 γονέων
1263 2711 1504 2776 εἰδότων,
1544 2710 1679 2782 ἐμοῦ
1713 2711 1771 2764 δέ
1811 2711 1874 2765 τὺ

285 2804 570 2857 κλασθὲν
627 2804 1049 2874 ὑποστήσαντος.
1097 2805 1161 2857 Εἰ
1206 2804 1264 2857 δὲ
1314 2804 1548 2875 σμικρόν
1599 2821 1682 2857 σοι
1713 2803 1873 2858 τοῦτο

287 2895 430 2966 πρὸς
462 2893 614 2947 θείαν
649 2895 899 2964 φαίνεται
937 2895 1188 2965 δύναμιν,
1221 2895 1413 2949 σκόπει
1441 2895 1538 2949 τοῦ
1567 2896 1775 2967 κόσμου
1804 2896 1874 2951 τὰ

292 2987 532 3056 μέγιστα
582 2985 746 3039 πόθεν
792 2985 919 3057 ἔσχε
967 2987 1066 3058 τὴν
1099 2987 1357 3058 ὓπαρξιν,
1393 2987 1538 3042 καθά
1590 3005 1721 3058 φησι
1775 2989 1874 3042 καὶ

1973 504 2322 560 divinationes
2352 506 2416 560 de
2450 506 2651 562 corde?
2681 514 2791 562 etc.

2046 699 2210 771 508
2243 699 2503 772 Exposita
2539 696 3049 772 prius'idololatriae
3096 694 3548 768 reprehensmne,

1975 807 2136 863 quam
2157 792 2398 847 relicturi
2429 803 2577 858 sunt,
2600 793 2692 863 qui
2723 792 3044 863 prophetica
3069 792 3359 861 disciplina
3397 791 3544 844 aucti

1976 889 2130 948 sunt,
2175 882 2498 956 Babylonica
2532 884 2644 952 jam
2680 899 2776 940 eos
2803 885 3086 948 servitute,
3107 883 3159 936 in
3191 898 3294 951 qua
3324 887 3553 952 propter

1976 976 2250 1032 idolorum
2288 978 2492 1032 cultum
2513 961 2918 1041 detinebantur,
2937 975 2982 1028 si
3005 974 3192 1029 eodem
3212 973 3550 1035 abstineant,

1975 1069 2268 1124 liberatum
2315 1069 2415 1134 iri,
2471 1068 2804 1137 domumque
2862 1079 3184 1122 reversuros
3240 1065 3550 1135 pollicetur.

1975 1158 2248 1226 Quoniam
2279 1169 2460 1214 autem
2497 1159 2754 1214 maximis
2803 1157 2870 1212 de
2903 1157 3067 1212 rebus
3099 1172 3407 1212 sermonem
3451 1156 3551 1209 ha-

1976 1250 2209 1314 buerat,
2257 1265 2356 1306 nec
2391 1265 2582 1305 omnes
2635 1249 2944 1304 credituros
2983 1263 3105 1303 esse
3141 1249 3244 1303 sibi
3284 1247 3547 1318 putabat,

1977 1356 2136 1396 suam
2167 1341 2282 1411 ipse
2310 1341 2505 1395 merito
2539 1339 2864 1409 potentiam,
2901 1354 3139 1408 suasque
3169 1339 3316 1393 vires
3342 1339 3552 1407 deprat-

1977 1431 2199 1486 dicavit.
2224 1431 2361 1486 Cum
2394 1432 2539 1486 enim
2573 1444 2757 1484 rerum
2801 1429 3044 1483 omnium
3076 1438 3267 1483 auctor
3303 1429 3395 1492 sit,
3428 1444 3552 1483 eas-

1976 1538 2084 1593 que
2129 1522 2196 1577 de
2245 1521 2419 1576 nihilo
2471 1520 2815 1592 produxerit,
2866 1518 2960 1590 qui
2997 1534 3105 1574 non
3164 1521 3357 1588 possit,
3403 1519 3551 1589 quod

1976 1613 2128 1677 velit,
2175 1612 2390 1668 efﬁcere
2426 1611 2626 1666 facile?
2658 1611 2940 1681 Tanquam
2967 1617 3150 1663 autem
3176 1620 3360 1664 essent
3385 1625 3552 1665 even-

1978 1717 2099 1762 tura
2133 1706 2282 1770 talia,
2316 1705 2481 1759 etiam
2513 1719 2679 1774 supra
2713 1703 2779 1757 ad
2813 1703 2905 1757 Dei
2949 1703 3142 1758 laudes
3171 1703 3553 1772 praidicandas

1979 1812 2286 1857 creaturam
2325 1798 2648 1853 adhortatus
2699 1804 2829 1852 est:
2892 1796 3092 1866 quibus
3123 1797 3235 1865 jam
3287 1797 3432 1850 bono
3463 1811 3556 1850 or-

1979 1893 2106 1946 dine
2141 1890 2333 1958 adjicit
2363 1909 2376 1944 :
2423 1889 2512 1944 Sic
2541 1890 2670 1942 dicit
2706 1887 2995 1954 Dominus,
3026 1889 3116 1957 qui
3151 1887 3371 1940 redemit
3404 1896 3470 1954 te,
3503 1897 3555 1940 et

1977 1985 2067 2054 qui
2091 1983 2339 2056 formavit
2362 1991 2409 2036 te
2437 1997 2502 2036 ex
2530 1993 2701 2036 utero.
2749 1980 2907 2046 Quod
2949 1979 3219 2034 Jercmias
3271 1978 3553 2042 indicavit,

1979 2093 2104 2132 cum
2141 2077 2254 2130 ait:
2305 2094 2323 2126 ι
2364 2074 2432 2129 Ει
2471 2074 2674 2128 factum
2701 2083 2785 2129 est
2814 2073 3042 2128 verbum
3090 2071 3305 2126 Domini
3355 2071 3421 2126 ad
3469 2086 3558 2127 me

1978 2169 2167 2223 dicens
2195 2184 2208 2220 :
2243 2167 2550 2236 Antequam
2582 2180 2685 2235 ego
2720 2164 3017 2219 formarem
3045 2171 3097 2218 te
3128 2179 3193 2217 ex
3215 2173 3392 2226 utero,
3428 2164 3556 2217 novi

1976 2265 2132 2326 te“;
2173 2281 2190 2313 ι
2233 2264 2456 2316 verbum
2494 2259 2711 2313 Domini
2758 2258 2905 2313 enim
2942 2257 3246 2328 appellans,
3298 2257 3392 2326 qui
3457 2271 3556 2312 eo-

1977 2369 2121 2417 rum,
2163 2353 2253 2424 qui
2289 2363 2523 2407 matrum
2578 2361 2734 2405 utero
2777 2346 3120 2404 clauduntur
3150 2349 3329 2403 adhuc
3366 2349 3558 2404 condi-

1979 2455 2063 2501 tor
2101 2445 2192 2500 sit.
2229 2445 2453 2505 Deinde,
2496 2443 2758 2512 quoniam
2807 2442 2873 2496 de
2908 2441 3160 2495 libertate
3214 2455 3397 2496 sermo
3445 2451 3554 2504 est.

1977 2535 2357 2602 redemptorem
2391 2548 2450 2586 se
2484 2531 2683 2585 merito
2728 2529 3019 2599 appellavit
3047 2546 3062 2595 ;
3098 2529 3277 2598 deque
3304 2532 3557 2598 corporis

1977 2626 2296 2696 formatione
2335 2625 2570 2686 loeutus,
2605 2622 2731 2692 quia
2761 2635 2889 2675 cum
2932 2620 3214 2690 corporeis
3242 2620 3351 2690 agit
3387 2640 3398 2673 :
3439 2619 3558 2689 Ipse

1977 2733 2122 2783 sum,
2158 2716 2356 2784 inquit,
2393 2713 2483 2784 qui
2514 2722 2568 2768 te
2599 2729 2663 2768 ex
2700 2728 2868 2783 parvo
2903 2713 3168 2782 principio
3199 2711 3461 2780 formavi,
3503 2723 3560 2766 et

1978 2818 2236 2879 tanquam
2282 2807 2350 2861 de
2381 2807 2675 2861 tenebroso
2708 2820 2875 2875 specu
2930 2805 3117 2875 aliquo
3155 2803 3357 2868 eduxi;
3407 2805 3554 2874 quod

1977 2903 2195 2974 penitus
2223 2901 2546 2970 ignorarunt
2585 2897 2974 2968 progenitores
3007 2897 3084 2951 tui
3113 2913 3128 2962 ;
3170 2911 3296 2952 cum
3336 2897 3554 2951 interim

1977 2993 2122 3064 quod
2148 2993 2435 3062 formatum
2467 2997 2587 3045 erat
2621 2990 3012 3060 producerem.
3051 2987 3208 3054 Quod
3239 2990 3286 3044 si
3321 2988 3416 3043 tibi
3440 2989 3556 3044 leve

288 3078 493 3131 Δαὸίδ·
539 3095 562 3130 ι
607 3077 666 3132 '0
699 3077 956 3131 ἐκτείνων
1001 3079 1093 3132 τὸν
1141 3079 1372 3150 οὐρανὸν
1411 3079 1544 3133 ὡσεὶ
1596 3080 1800 3152 ὃέρῤιν.
1849 3098 1869 3132 ι

1979 3083 2126 3140 istud
2157 3081 2222 3137 ad
2275 3081 2473 3136 divinae
2508 3080 2728 3134 virtutis
2779 3079 3238 3149 significationem
3292 3086 3554 3149 putatur,

287 3169 402 3224 Καὶ
429 3170 613 3223 πάλιν·
644 3187 663 3220 ι
687 3169 1046 3240 Ἐθεμελίωσε
1070 3171 1169 3241 τὴν
1194 3171 1296 3239 γῆν
1319 3172 1412 3224 ἐπὶ
1449 3172 1548 3241 τὴν
1571 3171 1874 3240 ἀσφάλειαν

288 3263 483 3333 αὐτῆς.
519 3281 537 3315 ι
591 3261 742 3316 Ἀντὶ
796 3263 856 3316 δὲ
916 3263 1010 3315 τοῦ
1060 3265 1093 3317 ό
1139 3263 1476 3331 συντελῶν,
1522 3267 1558 3318 ὁ
1611 3265 1875 3334 ποιήσας

287 3353 568 3419 ἐξέδωκαν
602 3355 651 3407 oi
684 3353 882 3407 λοιποί.
913 3373 932 3405 ι
955 3354 1140 3408 Πάντα
1176 3356 1284 3426 γὰρ
1327 3357 1394 3410 δι’
1423 3357 1591 3411 αὐτοῦ
1636 3359 1873 3427 ἐγένετο,

287 3450 389 3502 καὶ
411 3449 579 3519 χωρὶς
606 3447 771 3501 αὐτοῦ
795 3448 1012 3516 ἐγένετο
1044 3448 1218 3503 οὐδέν.
1250 3467 1268 3500 ι
1305 3449 1450 3516 Ὅτι,
1484 3469 1503 3501 ι
1527 3451 1700 3515 Αὐτὸς
1729 3447 1873 3520 εἶπε,

286 3541 389 3592 καί
420 3538 784 3610 ἐγενήθησαν.
817 3540 990 3603 Αὐτὸς
1023 3541 1347 3606 ἐνετείλατο,
1370 3543 1465 3596 καὶ
1483 3542 1870 3615 ἐκτίσθησαν.»

299 3631 364 3685 ὐ
383 3631 438 3686 δὲ
466 3631 720 3694 τοσοῦτος
747 3631 800 3684 τί
823 3631 1082 3702 ἐποίησεν
1098 3633 1239 3687 κατά
1264 3634 1491 3705 καιροὺς
1525 3636 1871 3706 ἐπενήνοχεν,

283 3723 369 3788 ὡς
410 3723 606 3780 ἀπολεῖ
646 3724 745 3788 τὰς
780 3725 1058 3795 πανταχοῦ
1087 3726 1375 3794 μαντείας
1409 3727 1504 3780 καὶ
1530 3725 1598 3780 τά
1635 3729 1875 3798 χρηστή-

288 3832 388 3887 ρια
433 3815 500 3868 δι’
555 3810 628 3868 ὧν
679 3817 728 3868 oi
777 3815 1032 3885 δαίμονες
1079 3815 1400 3885 ἐφενάκιζον
1454 3819 1580 3882 τοὺς
1625 3819 1734 3889 πρὸ
1774 3821 1874 3890 τῆς

284 3905 532 3976 Χριστοῦ
569 3907 894 3974 παρουσίας,
921 3907 1202 3962 εἰδέναιτὸ
1249 3907 1441 3978 μέλλον
1489 3910 1872 3982 πλαττόμενοι,

286 3997 389 4052 καὶ
416 3997 486 4050 τά
515 3999 635 4061 ταῖς
673 3997 924 4068 καρδίαις
952 3998 1299 4069 ἐπερχόμενα
1325 3998 1573 4066 λέγοντες
1597 4015 1612 4029 ’
1642 4001 1771 4070 περὶ
1798 3994 1875 4055 ὧν

285 4093 536 4160 ἔφασκεν
620 4091 885 4162 Ἰεζεκιήλ
933 4111 950 4127 ο
1005 4110 1025 4144 ι
1071 4092 1208 4146 0ύαὶ
1260 4095 1372 4156 τοῖς
1432 4093 1872 4164 προφητεύουσιν

286 4184 405 4238 ἀπὸ
450 4182 678 4253 καρδίας
735 4181 959 4250 αὐτῶν,
1027 4182 1125 4238 καὶ
1204 4185 1266 4236 τὺ
1319 4183 1549 4238 καθόλου
1614 4185 1688 4255 μὴ
1753 4185 1877 4255 βλέ-

285 4275 480 4329 modi!
516 4293 537 4327 ι
1591 4287 1600 4298 '

363 4544 728 4600 Διεσκέδασε
785 4543 844 4598 δέ
889 4543 1063 4598 ταῦτα
1108 4545 1202 4598 καὶ
1251 4543 1330 4615 τῷ
1376 4544 1611 4610 παῦσαι,
1659 4546 1756 4600 καὶ
1795 4545 1873 4617 τῷ

286 4641 472 4694 ποιεῖν
499 4639 534 4693 ἆ
560 4639 707 4692 ἐστιν
734 4637 968 4701 ἐκείνοις
996 4637 1343 4709 ἀτέκμαρτα,
1369 4639 1463 4692 καὶ
1484 4637 1868 4709 ἀπρόγνωστα.

1980 3178 2216 3231 maxima
2250 3175 2365 3237 illa,
2395 3189 2517 3244 quin
2547 3173 2602 3227 in
2636 3172 2841 3226 mundo
2879 3180 3029 3237 sunt,
3081 3172 3226 3226 unde
3261 3171 3553 3234 exsistant,

1980 3270 2218 3324 intuere.
2250 3267 2389 3321 Audi
2445 3266 2717 3321 dicentem
2769 3263 3065 3320 Davidem:
3106 3282 3126 3315 ι
3164 3263 3267 3329 Qui
3303 3263 3555 3320 extendis

1979 3360 2201 3426 coelum,
2249 3361 2395 3414 sicut
2445 3358 2640 3428 pellem
2685 3356 2752 3410 ³⁸.
2804 3375 2823 3407 ι
2852 3355 2985 3410 Item
3022 3373 3036 3409 :
3075 3375 3093 3406 ι
3146 3355 3251 3422 Qui
3307 3355 3558 3409 fundavit

1979 3462 2182 3508 terram
2215 3465 2381 3519 super
2413 3449 2768 3503 stabilitatem
2809 3462 2966 3503 suam
3013 3446 3090 3504 '7.
3144 3467 3163 3500 ι
3205 3446 3327 3514 Quo
3357 3449 3559 3506 deinde

1979 3546 2120 3610 loco,
2152 3544 2241 3614 qui
2271 3542 2505 3610 compleo
2539 3541 2826 3603 habemus,
2869 3541 2960 3609 qui
2987 3540 3088 3609 feci
3124 3523 3560 3612 interpretantur

1979 3637 2094 3691 alii.
2134 3655 2153 3688 ι
2197 3635 2393 3690 Omnia
2425 3635 2572 3689 enim
2623 3647 2720 3702 per
2747 3633 2923 3701 ipsum
2949 3632 3094 3687 facta
3144 3642 3292 3698 sunt,
3345 3644 3397 3688 et
3437 3634 3558 3690 sine

1978 3729 2100 3798 ipso
2133 3727 2332 3782 factum
2364 3734 2448 3781 est
2475 3725 2610 3778 nihil
2641 3725 2707 3789 ⁸³,
2744 3742 2762 3773 ι
2798 3724 3062 3793 quoniam
3092 3742 3111 3774 ι
3157 3725 3279 3794 Ipse
3309 3725 3473 3789 dixit,
3505 3735 3559 3780 et

1979 3822 2120 3875 facta
2167 3826 2332 3882 sunt;
2377 3818 2494 3886 ipse
2526 3815 2825 3880 mandavit,
2883 3823 2938 3870 et
3001 3823 3185 3870 creata
3239 3827 3369 3872 sunt
3421 3819 3489 3872 θ’.
3534 3837 3552 3866 ι

1976 3912 2188 3966 Tantus
2224 3918 2405 3964 autem
2447 3907 2577 3976 quid
2628 3905 2894 3975 deinceps
2945 3907 3291 3975 praestiterit,
3328 3909 3554 3964 intulit:

1978 4016 2102 4057 cutn
2136 4017 2216 4068 se,
2261 4016 2384 4071 qua:
2413 3999 2618 4070 ubique
2649 4005 2862 4061 essent,
2892 3998 3269 4062 divinationes,
3305 3999 3470 4070 509
3501 4010 3559 4054 et

1978 4094 2202 4149 oracula
2235 4093 2540 4148 deleturum
2593 4089 2973 4160 significavit:
3027 4091 3230 4160 quibus
3279 4091 3558 4147 d:emoues

1978 4194 2106 4242 ante
2135 4184 2339 4242 Christi
2381 4185 2672 4238 adventum
2714 4182 2898 4236 futura
2937 4199 3018 4247 se,
3057 4186 3369 4255 mentisque
3407 4187 3560 4255 cogi-

1979 4280 2217 4335 tationes
2269 4277 2570 4348 intelligere
2621 4275 2918 4347 fingebant.
2957 4276 3031 4330 De
3097 4278 3300 4347 quibus
3351 4287 3406 4332 et
3463 4279 3555 4333 illa

1979 4377 2108 4425 sunt
2147 4366 2496 4422 Ezechielis:
2545 4384 2566 4416 ‹
2606 4363 2700 4418 Vae
2759 4365 3218 4435 prophetantibus
3271 4366 3338 4420 de
3391 4369 3558 4421 corde

1901 4439 1948 4494 θ
1979 4474 2100 4524 suo,
2129 4464 2184 4513 et
2218 4455 2440 4510 omnino
2476 4471 2584 4509 non
2610 4455 2927 4511 videntibus
2959 4456 3000 4508 ἰ
3039 4475 3057 4506 ι

2047 4551 2157 4607 Ista
2186 4563 2314 4603 vero
2366 4547 2640 4614 dissipavit
2672 4560 2690 4599 :
2721 4549 2919 4616 partim
2980 4547 3106 4616 quia
3134 4562 3354 4604 cessare
3406 4548 3556 4610 fecit,

1974 4645 2174 4717 partim
2199 4641 2344 4713 quod
2375 4656 2438 4694 ea
2466 4649 2723 4710 operatus
2743 4646 2848 4704 est,
2875 4654 2998 4709 qua
3042 4640 3143 4709 ipsi
3202 4640 3366 4694 nullis
3423 4657 3559 4695 eon-

305 4727 821 4798 Ἀπεστράφησαν
849 4728 904 4782 δέ
932 4729 1029 4782 καὶ
1060 4730 1353 4798 φρόνιμοι.
1387 4729 1689 4801 Φρονίμους
1714 4731 1872 4784 καλεῖ

1979 4733 2204 4804 iecturis
2237 4731 2454 4801 assequi
2483 4738 2540 4784 ot
2571 4729 2832 4800 praescire
2873 4739 3189 4799 potuerunt.
3214 4724 3398 4785 Averii
3433 4744 3558 4786 sunt

281 4824 418 4886 τοὺς
449 4821 578 4893 παρ’
611 4819 838 4892 Ἕλλησι
862 4822 1080 4890 σοφοὺς,
1115 4813 1190 4875 ὧν
1217 4821 1518 4890 ἐμώρανεν
1539 4823 1642 4893 τὴν
1674 4823 1868 4892 σοφίαν

283 4914 368 4984 τῷ
407 4915 504 4984 τῆς
547 4913 808 4982 ἀληθείας
839 4913 1184 4983 διαμαρτεῖν,
1224 4914 1497 4984 ἀχρήστου
1537 4915 1639 4985 τῆς
1675 4917 1734 4968 ἐν
1763 4914 1864 4968 αὐ·

283 5009 402 5070 τοῖς
427 5005 846 5076 ἀποδειχθείσης
888 5004 1328 5077 σοφίας⁶ψυχικὴ
1359 5006 1469 5078 γὰρ
1496 5002 1586 5078 ἦν,
1617 5008 1711 5061 καὶ
1741 5009 1867 5061 ἐπί-

286 5115 461 5168 γειος,
513 5096 895 5168 δαιμονιώδης,
927 5096 994 5168 ἢν
1041 5098 1136 5150 καὶ
1175 5099 1206 5150 ὁ
1251 5097 1461 5162 Παῦλος
1507 5100 1870 5171 μεμωράνθαι

285 5191 476 5262 φησίν·
501 5191 674 5262 ἧγουν
735 5191 865 5254 τοὺς
896 5191 1126 5261 μάγους.
1158 5192 1364 5261 Σοφοὺς
1393 5194 1500 5262 γάρ
1527 5194 1622 5246 καὶ
1645 5192 1870 5259 τούτους

285 5281 540 5338 ἐκάλουν.
587 5281 772 5335 Ταῦτα
817 5281 914 5352 μὲν
944 5278 1038 5334 οὖν
1068 5280 1427 5336 διασκεδάσαι.
1469 5283 1575 5338 Τοῦ
1623 5284 1679 5338 δὲ
1723 5284 1868 5354 ἐμοῦ

296 5373 434 5427 Υἰοῦ
467 5374 560 5427 κα)⁸
586 5372 848 5444 Χριστοῦ,
882 5375 1010 5444 περὶ
1031 5364 1092 5426 οῦ
1124 5374 1294 5428 πολλά
1314 5377 1588 5442 προεῖπον,
1621 5377 1721 5432 καὶ
1751 5377 1870 5432 τῶν

285 5465 561 5535 ἀγγέλων
580 5467 769 5520 αὐτοῦ
797 5465 906 5519 τῶν
936 5467 1276 5533 ἀποστόλων,
1307 5468 1517 5536 στήσω
1539 5470 1610 5524 τὰ
1627 5452 1870 5540 ῥήματά

285 5576 350 5612 τε
379 5559 475 5612 καί
508 5559 626 5628 τὴν
648 5561 914 5630 βουλήν.
957 5559 1218 5630 Ῥήματα
1243 5561 1300 5614 δέ
1332 5562 1569 5635 Χριστοῦ
1607 5564 1669 5618 τὸ
1692 5567 1871 5637 σωτή-

360 5675 406 5706 ⁹⁵
445 5674 648 5728 Jerem.
683 5691 733 5740 ι,
765 5675 818 5730 5.
896 5677 944 5709 ⁹⁶
969 5676 1112 5732 Psal.
1149 5693 1280 5745 cur,
1324 5679 1376 5734 2.
1491 5683 1536 5714 ³⁷
1590 5683 1722 5739 ibid.
1765 5687 1817 5740 5.

263 5744 455 5806 ,‘Jac.
482 5761 564 5810 ιιι,
601 5745 686 5800 15.
762 5747 781 5779 ³
822 5745 979 5802 Boni.
1013 5763 1050 5810 ι,
1089 5747 1178 5802 28.

1975 4841 2142 4896 porro
2166 4834 2219 4880 et
2245 4825 2524 4894 prudentes
2547 4840 2566 4889 ;
2595 4839 2705 4892 quo
2729 4823 2950 4884 nomine
2983 4821 3292 4878 Gratcorum
3333 4827 3556 4896 sapien-

1973 4928 2057 4974 tes
2079 4917 2351 4989 intelligit,
2379 4929 2612 4986 quorum
2643 4913 2968 4983 sapientiam
3024 4928 3089 4968 eo
3144 4913 3263 4984 ipso
3291 4917 3434 4986 quod
3465 4933 3559 4973 ve-

1960 4998 2136 5066 ritate
2164 5010 2504 5072 excideruut,
2535 5008 2589 5060 in
2614 5007 2906 5060 stultitiam
2935 5008 3275 5061 commutavit
3306 5025 3326 5073 ;
3356 5009 3406 5064 id
3451 5023 3557 5077 est,

1975 5091 2222 5158 inutilem
2251 5116 2374 5157 esse
2401 5098 2788 5155 demonstravit
2805 5097 2958 5169 (Erat
2987 5099 3132 5153 enim
3167 5101 3423 5158 animalis
3445 5105 3556 5173 illa,

1974 5208 2212 5261 terrena,
2242 5201 2296 5250 et
2351 5192 2616 5248 diabolica
2660 5192 2706 5256 ',
2761 5206 2924 5261 quam
2975 5192 3180 5248 Paulus
3238 5193 3558 5254 infatuatam

1973 5303 2097 5345 esse
2122 5285 2393 5356 significat
2419 5285 2462 5355 ³)
2499 5304 2511 5339 ;
2542 5285 2626 5338 vel
2651 5293 2799 5339 certe
2832 5298 3019 5354 magos
3059 5284 3208 5349 illos,
3239 5304 3377 5358 qums
3428 5292 3561 5347 item

1975 5383 2249 5451 sapientes
2272 5378 2638 5449 appellabant.
2659 5377 2769 5431 Ista
2804 5377 2990 5447 igitur,
3019 5379 3217 5448 inquit,
3256 5381 3559 5453 dissipabo.

1978 5472 2210 5543 Filiique
2237 5473 2356 5536 mei,
2390 5471 2440 5526 id
2477 5480 2560 5525 est
2591 5470 2794 5525 Christi
2831 5469 2920 5541 (de
2951 5485 3059 5541 quo
3090 5474 3344 5542 superius
3388 5491 3417 5528 ιι
3473 5491 3563 5532 me

1979 5575 2108 5623 sunt
2146 5566 2293 5621 dicta
2318 5565 2608 5636 permulta)
2640 5572 2686 5618 et
2713 5563 3020 5634 angelorum
3053 5567 3203 5634 ejus;
3236 5566 3288 5620 id
3321 5574 3404 5621 est
3426 5583 3560 5640 apo-

1917 5686 1965 5718 "
1992 5686 2150 5742 Joan.
2189 5702 2245 5751 ι,
2285 5687 2338 5740 3.
2415 5687 2460 5716 ’θ
2501 5685 2646 5740 Psal..
2695 5698 2880 5748 xxxii,
2910 5683 2962 5738 9.
3044 5685 3058 5714 ¹
3097 5683 3296 5740 Ezech.
3327 5701 3456 5756 xm,
3493 5687 3562 5744 l7
