3916 6394
445 262 589 330 2415

1784 268 2134 329 PROCOPII
2200 271 2437 332 GAZEI

3576 278 3705 343 2416

446 380 737 443 stolarum,
768 380 923 434 verba
950 387 999 434 et
1021 377 1300 432 consilium
1322 375 1573 446 ﬁrmabo.
1598 373 1699 431 Ubi
1736 390 1832 442 per
1860 374 2039 442 verba,

2149 392 2263 447 ριον
2306 380 2591 449 κήρυγμα.
2626 376 2831 447 Bauli;
2863 377 2921 432 δὲ
2968 377 3077 432 τῶν
3122 377 3390 449 ἀγγέλων
3437 383 3710 452 αὑτοῦ,τδ

446 474 744 527 salutarem
803 468 1008 525 Christi
1065 468 1512 538 praedicationem
1578 466 1890 532 intellexit;
1949 482 2045 538 per

445 563 729 620 consilium
756 571 937 618 autem
965 560 1271 631 angelorum
1304 559 1440 629 ejus,
1468 558 1601 614 illud
1638 559 1840 631 ipsum,
1873 562 2044 629 quod,

448 656 660 712 scelere
683 662 738 711 et
767 668 956 710 errore
983 652 1212 718 relictis,
1243 651 1310 706 ad
1368 652 1642 706 ceritatem
1671 659 1726 707 et
1785 652 2042 706 virtutem

447 763 639 804 omnes
665 753 1046 802 aceurrerunt.
1082 745 1189 816 Ego
1229 759 1382 809 vero,
1434 744 1638 815 inquit,
1672 744 1765 814 qui
1818 744 1923 800 ista
1960 742 2043 798 l'a-

320 875 326 882 ε
437 848 636 897 .cturus
661 853 807 904 sum,
838 838 952 908 jam
991 836 1116 893 inde
1146 837 1462 908 praenuntia
1500 844 1555 892 et
1577 826 1850 907 polliceor
1878 834 2043 891 Jeru-

446 933 613 987 salem
662 947 751 987 me
776 946 807 986 a
834 929 1148 1003 Babyloniis
1213 945 1484 994 eversam,
1516 929 1779 1001 ipsasque
1833 927 2045 984 Judwce

447 1026 684 1080 civitates
720 1025 1170 1089 instauraturum,
1194 1022 1447 1093 ejusque,
1478 1030 1739 1093 tanquam
1779 1036 1808 1074 a
1841 1021 2046 1091 princi-

437 1116 559 1187 pio,
590 1116 801 1171 deserta
835 1117 1201 1170 restituturum
1228 1130 1247 1168 :
1283 1113 1392 1169 imo
1423 1113 1678 1169 vitiorum
1728 1111 2046 1182 multiplici-

442 1216 634 1273 tatem,
673 1224 796 1279 qua:
821 1207 1002 1279 abyssi
1050 1208 1274 1263 nomine
1330 1205 1699 1277 signiﬁcatur,
1757 1204 2040 1261 desolatu-

442 1316 608 1369 rum;
650 1300 1092 1373 Babylonemque
1127 1300 1330 1355 civium
1391 1297 1634 1368 alioquin
1676 1296 1857 1367 copia,
1914 1304 2042 1351 tan-

442 1409 606 1462 quam
625 1392 782 1462 aquis
803 1392 954 1462 ﬂuvii
972 1391 1369 1453 abundantem,
1385 1390 1604 1461 penitus
1623 1389 2041 1445 exsiccaturum.

438 1485 701 1541 Nonnulli
738 1494 919 1541 tamen
948 1500 1044 1553 per
1074 1483 1355 1555 abyssum,
1393 1483 1579 1555 populi
1647 1483 2041 1553 frequentiam,

442 1578 539 1649 qui
569 1577 870 1649 Babylonia
899 1577 1310 1641 continebatur,
1347 1575 1503 1630 innui
1536 1582 1868 1646 putaverunt
1898 1592 1913 1628 :
1944 1589 2042 1644 per

441 1672 635 1739 fluvios
668 1678 875 1735 autem,
896 1679 1092 1741 gentes
1121 1670 1177 1724 in
1209 1668 1455 1725 eamdem
1508 1667 1869 1731 conﬂuentes,
1905 1682 2043 1738 quas

2151 471 2542 542 παυσαμένους
2582 471 2792 535 πάντας
2828 469 3031 533 κακίας
3073 471 3170 525 καλ⁸
3200 472 3411 545 πλάνης
3457 476 3712 547 προσδρα-

2152 562 2274 631 μεῖν
2318 561 2574 629 ἀληθείᾳ
2601 561 2696 613 καὶ
2742 561 2933 632 ἀρετῇ.
2984 560 3129 630 Ἐγὼ
3168 560 3224 615 δὲ
3255 564 3285 616 ὁ
3323 562 3494 617 ταῦτα
3525 565 3716 635 μέλλων

2149 653 2349 718 ποιεῖν,
2385 651 2637 707 ἐντεῦθεν
2663 651 2765 723 ήδη
2791 651 3049 723 προλέγω
3069 651 3165 706 καὶ
3202 653 3631 726 ἐπαγγέλλομαι,
3649 656 3718 720 ὡς

2148 744 2563 816 ἀνοικοδομήσω
2596 745 2695 815 τὴν
2741 744 3145 815 Ἰερουσαλὴμ
3175 747 3241 817 ἢν
3278 745 3297 785 ί
3340 748 3447 800 ὑπὸ
3476 748 3721 804 Βαϐυλω-

2146 836 2277 891 νίων
2322 838 2750 908 καθῃρημένην
2782 838 2882 893 καὶ
2909 837 3019 906 τὰς
3062 839 3271 907 πόλεις
3289 838 3401 907 τῆς
3429 839 3720 909 Ἰουδαίας,

2145 924 2213 1002 ἧς
2239 931 2313 995 ὼς
2353 929 2412 996 ἐξ
2444 931 2619 1003 ἀρχῆς
2646 931 2718 986 τὰ
2739 933 2929 1003 ἔρημα
2954 932 3126 987 πάλιν
3137 932 3537 1000 συστήσεται.
3573 935 3724 989 Ἀλλὰ

2146 1021 2243 1075 καὶ
2289 1020 2389 1094 τὴν
2432 1021 2812 1092 πολυπληθίαν
2850 1023 2951 1093 τῆς
2979 1023 3178 1087 κακίας
3216 1023 3497 1077 ἄϐυσσον
3533 1023 3724 1095 ὀνομαο

2148 1112 2388 1181 ζομένην
2439 1112 2647 1183 ἔρημον
2703 1115 3057 1185 καταστήσω.
3108 1114 3223 1168 Καὶ
3279 1114 3380 1186 τὴν
3418 1115 3723 1185 Βαϐυλῶνα,

2144 1204 2246 1276 τὴν
2282 1203 2547 1274 πλήθεσιν
2590 1204 2896 1277 οἰκητόρων
2925 1206 3002 1269 ὡς
3036 1207 3332 1276 ποταμοῖς
3380 1207 3717 1278 διαρῥέουσαι

2148 1297 2410 1366 ξηρανῶ,
2453 1298 2628 1370 πέρας
2654 1299 2841 1364 αὐτοῖς
2891 1298 3122 1363 ἐπιθείς.
3156 1298 3318 1363 Τινὲς
3360 1300 3420 1355 δὲ
3467 1300 3715 1357 ἄϐυσσοι

2150 1390 2251 1460 μὲν
2271 1390 2331 1443 τὸ
2355 1391 2789 1463 πολυάνθρωπον
2813 1391 3070 1464 εἰρῆσθαι
3088 1392 3191 1463 τῆς
3214 1392 3565 1457 Βαϐυλωνίας
3587 1394 3725 1462 φασί,

2146 1484 2462 1556 Ποταμοὺς
2491 1485 2572 1552 δὲ,
2605 1485 2677 1540 τὰ
2707 1488 2789 1550 είς
2808 1486 2981 1558 αὐτὴν
3010 1487 3345 1559 ἐπιρρέοντα
3393 1487 3501 1539 τῶν
3547 1486 3724 1554 ἐθνῶν,

2146 1576 2183 1632 ἆ
2216 1576 2382 1649 πέριξ
2408 1578 2579 1648 αὐτῆς
2604 1577 2735 1634 ὄντα
2765 1579 2903 1649 πρὸς
2925 1579 3253 1651 ἐπικουρίαν
3276 1577 3559 1644 ἐκάλεσεν,
3588 1578 3725 1644 ἔθους

2147 1666 2300 1732 ὄντος
2328 1666 2610 1739 Γραφικοῦ
2648 1668 2970 1739 ποταμοὺς
2989 1668 3086 1722 καὶ
3110 1667 3395 1731 θαλάσσας
3425 1668 3520 1721 καὶ
3550 1666 3724 1732 ὕδατα,

446 1765 687 1835 undique
742 1765 795 1817 in
836 1764 1099 1819 auxilium
1159 1762 1567 1829 accersiverat;
1609 1776 1733 1816 cum
1778 1762 1834 1815 in
1888 1776 2044 1817 more

2152 1759 2329 1814 πολλὰ
2354 1738 2544 1815 καλεῖν
2568 1738 2900 1833 ἔθνη.Λέγει
2936 1762 3046 1833 γὰρ
3079 1763 3173 1815 καὶ
3197 1760 3391 1815 Δαϐίδ’
3417 1779 3436 1812 ι
3457 1761 3609 1833 Φωνὴ
3627 1764 3726 1816 Κυ-

438 1856 734 1926 Scriptura
754 1856 974 1921 babeat,
1007 1856 1317 1924 ﬂuviorum,
1350 1853 1652 1923 marisque,
1686 1860 1741 1907 et
1771 1866 2040 1921 aquarum

443 1948 689 2014 nomine,
722 1946 1046 2017 populorqu
1095 1944 1505 2001 multitudinem
1561 1942 1898 2015 signiﬁcare.
1950 1941 2043 1999 Sic

438 2040 591 2095 enim
615 2048 669 2093 et
700 2037 904 2093 David:
944 2057 963 2090 ι
994 2037 1108 2093 Vox
1145 2036 1353 2091 Domini
1420 2050 1587 2107 super
1617 2050 1790 2107 aquas
1816 2035 1858 2089 ⁵.
1901 2034 2043 2091 Deus

439 2134 633 2199 gloriae
663 2131 907 2188 intonuit
936 2149 984 2200 ;›
1014 2138 1076 2187 ut
1108 2132 1346 2186 salutare
1385 2129 1645 2184 nimirum
1672 2127 1878 2184 Christi
1907 2142 2045 2199 pra:-

442 2226 689 2292 conium,
749 2224 898 2295 quod
956 2225 1065 2278 alta
1130 2239 1263 2279 voce
1332 2222 1666 2288 intonuerat,
1728 2220 1797 2276 ad
1853 2228 2044 2292 gentes

432 2326 767 2389 penetrasse
817 2317 1059 2373 doceret.
1100 2315 1233 2372 Tale
1266 2323 1350 2371 est
1416 2324 1471 2371 et
1515 2314 1693 2371 illud:
1737 2333 1756 2366 ι
1785 2312 2046 2371 Elevave—

442 2419 573 2464 runt
604 2409 768 2480 510
795 2408 1021 2463 ﬂumina
1047 2423 1211 2464 voces
1241 2422 1370 2464 suas
1394 2408 1435 2461 '.
1472 2426 1490 2460 ι
1525 2407 1734 2479 Magnae
1770 2405 2045 2477 siquidem

437 2519 568 2558 cum
594 2509 782 2559 essent
804 2502 1179 2572 apostolorum
1225 2514 1411 2566 voces,
1440 2499 1603 2556 facile
1635 2500 1767 2570 ipsae
1819 2500 2045 2573 exaudi-

443 2606 512 2651 ta:
542 2596 851 2669 agnitaeque
909 2605 1057 2654 sunt.
1092 2594 1304 2650 Dicitur
1328 2609 1459 2650 vero
1488 2595 1652 2650 etiam
1675 2594 1744 2650 de
1766 2585 2046 2666 Babylone

441 2702 495 2744 et
521 2690 718 2746 Ninive
747 2707 764 2745 :
799 2708 817 2741 ι
847 2688 1134 2755 Tanquam
1170 2703 1325 2759 aqua:
1352 2688 1588 2759 piscina,
1624 2703 1782 2758 aqua:
1804 2688 1925 2759 ejus
1947 2689 1988 2742 °.
2021 2705 2039 2737 ι

441 2782 560 2838 Νοιι
589 2782 792 2838 desunt
817 2789 997 2837 tamen
1022 2781 1115 2851 qui
1140 2781 1320 2851 abyssi
1349 2780 1590 2848 nomine,
1616 2780 1864 2837 Rubrum
1898 2795 2047 2835 mare

416 2876 777 2945 intelligunt,
816 2872 964 2945 quod
1012 2873 1218 2944 populo
1273 2873 1587 2944 trajiciente
1616 2873 1855 2929 divisum
1910 2882 2045 2927 est:

436 2969 589 3023 sicut
621 2982 719 3037 per
747 2965 1042 3021 desiccatos
1085 2966 1294 3036 ﬂuvios,
1329 2964 1647 3033 Jordanem,
1678 2967 1771 3037 qui
1809 2966 1863 3021 in
1899 2966 2046 3036 ejus-

442 3060 567 3116 dem
594 3060 828 3131 gratiam
854 3067 1169 3117 retroactus
1196 3074 1420 3115 cursum
1448 3060 1737 3131 suspendit
1760 3060 1807 3116 '.
1836 3061 2047 3127 Quibus
2073 3083 2117 3146 ρ

441 3151 663 3221 quidem
703 3150 891 3218 Deum,
925 3150 971 3207 si
1002 3167 1104 3207 nos
1136 3151 1185 3206 ei
1215 3151 1676 3217 eommiserimus,
1711 3150 2044 3208 ﬁuctuantes

438 3242 616 3298 animi
643 3241 1010 3313 cogitationes
1045 3257 1106 3297 se
1154 3242 1433 3309 daturum,
1476 3252 1530 3298 et
1563 3242 1908 3314 voluptatum
1944 3259 2045 3297 un-

441 3335 562 3399 das,
596 3333 800 3404 quibus
827 3330 1231 3403 immergimur,
1281 3334 1683 3387 exsiccaturum
1743 3331 2045 3406 signiﬁcari

440 3424 842 3494 voluit.Atque
870 3424 978 3479 ista
1032 3406 1255 3495 quidem
1307 3424 1407 3477 illi.
1441 3423 1711 3480 Caeterum
1773 3426 1916 3495 quod
1977 3424 2046 3480 ad

441 3530 543 3570 vos
587 3513 1027 3586 Babyloniosque
1090 3516 1309 3583 attinet,
1342 3530 1506 3572 omne
1529 3531 1633 3588 ego
1662 3516 1817 3582 illud,
1843 3517 2043 3587 inquit,

442 3609 550 3663 τινι
584 3623 719 3663 usus
760 3608 1068 3664 ministerio
1092 3608 1428 3679 przestitero,
1460 3608 1620 3679 cujus
1649 3624 1849 3665 nomen
1885 3610 2045 3680 longe

444 3712 572 3756 ante
605 3700 760 3755 vobis
786 3716 911 3756 esse
938 3700 1186 3771 ignotum
1210 3685 1319 3756 non
1350 3700 1555 3771 patior,
1599 3700 1801 3772 Cyrum
1858 3702 2045 3773 appel-

441 3796 600 3857 lans;
632 3808 795 3863 quem
829 3792 1189 3847 consiliorum
1222 3807 1468 3849 memum
1499 3792 1812 3848 ministrum
1863 3794 2044 3864 praeﬁ-

443 3889 609 3951 ciam,
644 3886 1009 3956 sapientiaque
1035 3892 1088 3940 et
1118 3885 1321 3957 pietate
1351 3886 1595 3953 ornabo;
1624 3896 1683 3941 ut
1717 3902 1837 3958 qum
1852 3888 2043 3943 adver—

442 3994 540 4034 sus
566 3977 895 4049 Babylonem
923 3979 1032 4048 agi,
1054 3978 1147 4048 qui
1183 3979 1422 4050 populus
1463 3979 1709 4046 liberari,
1736 3980 1832 4051 qui
1884 3980 2043 4036 deni-

442 4088 551 4142 que
579 4070 1048 4143 Jerosotymorum
1074 4072 1272 4127 civitas
1298 4072 1589 4144 ipsumque
1623 4075 1881 4143 templum
1950 4075 2043 4129 in-

445 4162 683 4217 staurari
735 4162 993 4228 debeant,
1047 4162 1333 4232 intelligat.
1397 4162 1570 4220 Habet
1607 4181 1736 4220 vero
1785 4165 1840 4220 in
1898 4165 2047 4227 hunc

441 4254 667 4329 produn)
737 4253 1054 4325 Symmachi
1093 4254 1514 4327 interpretatio:
1559 4257 1663 4323 Qui
1693 4258 1823 4312 dicit
1862 4258 2045 4329 Cyro:

443 4342 648 4398 Pastor
677 4362 843 4400 meus.
882 4346 949 4399 Et
1004 4346 1201 4402 iterum
1237 4366 1251 4401 :
1283 4346 1556 4418 Templum
1590 4360 1763 4406 autem
1794 4352 2046 4422 fundabi-

2151 1852 2267 1925 ρίου
2290 1853 2507 1908 ἐπὶτῶν
2525 1853 2756 1909 ὑδάτων.
2776 1854 2834 1907 Ὀ
2854 1853 2987 1919 Θεὸς
3003 1853 3105 1924 τῆς
3123 1853 3286 1926 δόξης
3307 1854 3653 1927 ἐϐρόντησεν,
3665 1868 3727 1917 ιτ(

2150 1945 2419 2015 σωτήριον
2458 1945 2726 2016 κήρυγμα
2761 1944 2852 2000 διὰ
2875 1944 2986 1999 τῶν
3029 1944 3204 1999 ἐθνῶν
3244 1945 3619 2016 κεχωρηκέναι
3642 1944 3726 2015 δη-

2118 2080 2121 2087 ,
2147 2036 2255 2091 λῶν
2276 2035 2454 2108 ὑψηλῇ
2480 2035 2785 2108 βροντῆσαν
2830 2038 3005 2108 φωνῇ.
3026 2035 3286 2091 Τοιοῦτον
3332 2036 3429 2090 καὶ
3449 2037 3529 2104 τὸ,
3560 2055 3577 2088 ι
3614 2037 3725 2091 Ἐπν

2120 2176 2123 2179 .
2146 2128 2289 2199 ἦραν
2311 2129 2362 2182 oi
2395 2128 2633 2199 ποταμοὶ
2660 2128 2846 2199 φωνὰς
2871 2127 3110 2182 αὐτῶν.»
3139 2127 3398 2198 Μεγάλαι
3430 2129 3537 2200 γὰρ
3555 2129 3609 2181 ai
3632 2130 3723 2183 τῶν

2148 2220 2466 2275 ἀποστόλων
2499 2214 2658 2275 οὖσαι
2694 2222 2872 2290 φωναὶ
2895 2220 3158 2290 γεγόνασι
3186 2220 3483 2292 γνώριμοι.
3513 2220 3721 2293 Εἴρηται

2148 2311 2207 2366 δὲ
2254 2313 2351 2366 καὶ
2395 2312 2525 2383 περὶ
2574 2311 2898 2377 Βαϐυλῶνος
2953 2312 3125 2385 αὐτῆς
3176 2313 3273 2366 καὶ
3317 2313 3557 2384 Νηνευὴ,
3592 2331 3609 2365 ι
3648 2314 3723 2376 Ὠς

2149 2406 2510 2478 κολυμϐήθρα
2567 2406 2761 2470 ὓδατος
2813 2404 2884 2459 τὰ
2941 2404 3110 2460 ὕδατα
3160 2405 3357 2477 αὐτῆς.
3408 2423 3427 2458 ι
3481 2405 3629 2470 Τινὲς
3674 2406 3723 2460 δὲ

2150 2499 2430 2554 ἄϐυσσον
2470 2501 2729 2572 εἰρήκασι
2772 2501 2872 2571 τὴν
2899 2498 3174 2570 Ἐρυθρὰν
3218 2498 3501 2554 θάλασσαν
3526 2501 3726 2571 ἐρημωο

2150 2593 2358 2661 θεῖσαν,
2384 2594 2473 2648 ὅτε
2497 2594 2684 2665 διέστη
2715 2594 3010 2665 παριόντος
3034 2594 3210 2666 αὐτὴν
3239 2593 3339 2649 τοῦ
3366 2593 3497 2649 λαοῦ
3521 2610 3535 2623 ·
3558 2597 3722 2649 Ποτα-

2144 2688 2300 2757 μοὺς
2329 2688 2387 2740 δὲ
2408 2686 2949 2757 ξηρανθέντας,τὸν
2988 2686 3271 2758 Ἰορδάνην
3299 2687 3724 2759 ἀναχαιτίσαντα.

2149 2779 2227 2831 Δι’
2249 2771 2323 2831 ὧν
2347 2777 2646 2831 ὑποϐάλλει
2661 2779 2827 2844 νοεῖν,
2845 2776 2920 2840 ῶς
2948 2775 3017 2832 Εἴ
3048 2794 3139 2847 μοι
3164 2777 3405 2848 saturei);
3428 2776 3726 2847 ὲπιδώσητε,

2149 2869 2277 2932 τοὺς
2330 2866 2631 2937 λογισμοὺς
2675 2865 2832 2937 ὑμῶν
2880 2864 3119 2935 κοιμίσω
3165 2864 3611 2936 κυμαινομένους
3647 2863 3730 2918 καὶ

2128 2960 2393 3028 ιξηρανῶ
2422 2958 2871 3031 πλημμυροῦσας
2916 2957 3016 3021 τὰς
3046 2957 3278 3030 ἡδονάς.
3309 2958 3421 3012 Καὶ
3452 2956 3617 3019 ταῦτα
3642 2956 3730 3027 μὲν

2151 3048 2321 3107 οὗτοι.
2357 3036 2439 3106 Τὰ
2471 3052 2527 3105 δὲ
2573 3052 2699 3107 καθ’
2735 3052 2880 3123 ὑμᾶς
2924 3069 2986 3106 τε
3020 3052 3114 3106 καλ⁵
3150 3050 3541 3115 Βαϐυλωνίους
3572 3050 3729 3104 πάντα

2155 3146 2391 3217 ποιήσω,
2436 3144 2594 3215 φησὶ,
2646 3145 2884 3216 διακόνῳ
2912 3146 3278 3217 χρησάμενος
3328 3144 3503 3217 ἀνδρὶ,
3549 3139 3604 3199 οὗ
3648 3143 3728 3198 καὶ

2124 3282 2129 3287 .
2152 3237 2395 3309 τοῦνομα
2418 3236 2671 3309 προλέγω
2691 3237 2894 3305 Κῦρον
2920 3236 3124 3301 καλῶν,
3148 3237 3208 3292 ὂν
3235 3239 3618 3310 προστήσομαι
3638 3235 3727 3290 τῶν

2153 3331 2303 3402 ἐμῶν
2346 3330 2731 3401 βουλευμάτων
2772 3330 3042 3396 διάκονον,
3095 3331 3410 3399 φρόνησιν
3461 3330 3605 3402 αὐτῷ
3643 3346 3730 3384 παν

2159 3421 2379 3493 ρασχὼν
2415 3422 2637 3493 εὐσεϐῆ,
2687 3421 2763 3486 ὡς
2791 3422 2860 3476 τὰ
2891 3421 3035 3476 κατὰ
3074 3421 3410 3486 Βαϐυλῶνος
3455 3421 3724 3493 ἐπιγνῶναι

2156 3520 2431 3590 πρακτέα,
2449 3517 2544 3571 τοῦ
2565 3535 2625 3572 τε
2650 3516 2783 3572 λαοῦ
2802 3516 2902 3588 τὴν
2928 3518 3137 3587 ἄνεσιν,
3159 3518 3258 3574 καὶ
3282 3521 3381 3592 τῆς
3397 3517 3721 3591 Ἰερουσαλὴμ

2155 3613 2255 3666 σὺν
2289 3612 2367 3681 τῷ
2400 3610 2515 3681 ναῷ
2557 3613 2656 3682 τὴν
2688 3610 2997 3668 ἀνάκτισιν.
3046 3611 3104 3665 '0
3133 3611 3192 3666 δὲ
3225 3612 3525 3684 Σύμμαχος
3550 3611 3720 3675 ἐξέδω-

2152 3718 2269 3757 κεν⁶
2289 3703 2351 3756 Ὀ
2380 3702 2571 3773 λέγων
2597 3704 2792 3771 Κύρῳ,
2826 3702 3060 3773 Ποιμήν
3075 3720 3220 3773 μου.
3254 3706 3364 3760 Καὶ
3391 3704 3567 3758 πάλιν·
3596 3705 3653 3756 '0
3668 3701 3722 3756 δὲ

2151 3798 2300 3864 ναὸς
2347 3796 2877 3868 θεμελιωθήσεται.
2919 3798 3366 3871 Τελευτήσαντος
3414 3801 3521 3871 γὰρ
3547 3799 3720 3866 Κύρου

2152 3891 2460 3946 κεκώλυται
2486 3891 2588 3961 μὲν
2616 3891 2681 3944 ἐκ
2706 3908 2869 3947 τινων
2902 3891 3210 3963 βασκανίας
3237 3896 3271 3966 ή
3295 3894 3406 3948 τῶν
3430 3893 3601 3963 ἔργων
3621 3891 3721 3945 ἐπί-

2153 3985 2300 4047 δοσις
2329 3984 2485 4055 παρὰ
2516 3983 2615 4038 τοῦ
2655 3984 2771 4054 μετ’
2821 3984 2987 4039 αὐτὸν
3020 3984 3448 4050 Βασιλεύσαντος
3485 3986 3576 4038 τοῦ
3610 3980 3716 4035 ναοῦ

2153 4078 2447 4145 θεμελίων
2468 4077 2560 4129 ἐπὶ
2579 4077 2777 4145 Κύρου
2802 4076 3222 4148 προκαταϐεϐλη
3233 4077 3435 4148 μένων,
3456 4072 3717 4147 ἐπληρώθη

2152 4168 2209 4221 δὲ
2239 4167 2379 4238 μετὰ
2406 4167 2583 4222 ταῦτα
2610 4167 2863 4240 βουλήσει
2901 4166 3061 4221 Θεοῦ.
3096 4169 3209 4222 Καὶ
3236 4168 3414 4223 ταῦτα
3453 4166 3721 4237 δεδήλωκεν

2153 4263 2187 4329 ή
2221 4261 2436 4332 Γραφή.
2468 4261 2580 4316 Καὶ
2596 4260 2860 4333 Ἰώσηπος
2883 4262 2941 4315 ἐν
2968 4267 3016 4315 α’
3042 4263 3068 4302 Β
3093 4263 3193 4332 τῆς
3216 4261 3642 4334 Ἀρχαιολογίας,
3661 4258 3722 4319 ὡς

2156 4353 2564 4424 ὲπιδειχθείσης
2611 4353 2770 4425 παρὰ
2818 4353 2928 4408 τῶν
2977 4353 3345 4425 αἰχμαλώτων
3397 4354 3493 4425 τῆς
3525 4349 3722 4405 Ἠσαῖον

446 4446 554 4491 tur.
590 4436 729 4508 Cyro
784 4438 933 4493 enim
986 4449 1231 4504 mortuo,
1264 4443 1658 4498 nonnullorum
1720 4444 1953 4510 invidia,
1982 4446 2044 4503 ad

2161 4446 2501 4518 προφητείας
2531 4446 2609 4517 τῷ
2638 4445 2831 4517 Κύρῳ.
2857 4446 3030 4501 ταῦτά
3063 4463 3123 4499 τε
3166 4448 3353 4515 γνοὺς,
3387 4449 3480 4499 καὶ
3512 4444 3594 4497 ἐπ’
3621 4438 3722 4494 ὀνό-

441 4529 726 4598 sequentis
757 4529 903 4600 regis
928 4531 1244 4586 mandatum
1298 4533 1484 4603 Operis
1512 4535 1818 4606 interrupta
1856 4553 2045 4594 cessa-

440 4621 520 4672 vit
547 4622 825 4688 promotio
849 4638 864 4687 ;
895 4637 1020 4677 cum
1056 4631 1267 4679 tantum
1292 4624 1430 4696 Cyro
1452 4630 1747 4697 superstite
1772 4629 1921 4699 jaeta
1949 4647 2040 4688 es-

441 4719 564 4767 sent
595 4712 782 4783 templi
810 4713 1159 4784 fundamenta
1184 4757 1197 4770 .
1232 4716 1339 4771 Sed
1366 4727 1449 4774 est
1471 4718 1657 4774 divina
1691 4721 1910 4778 tandem
1945 4738 2039 4778 vo-

2158 4555 2333 4608 ματος
2378 4538 2571 4593 ἑαυτὸν
2611 4537 2955 4609 κεκλημένον
2998 4534 3177 4608 εὑρὼν
3208 4538 3316 4608 πρὸ
3343 4537 3477 4591 δέκα
3512 4533 3601 4588 καὶ
3625 4531 3722 4584 δια·

2155 4632 2357 4687 κοσίων
2380 4632 2539 4698 ἐτῶν,
2571 4630 2669 4685 σὺν
2699 4631 2871 4703 πολλῇ
2895 4630 3178 4703 προθυμίᾳ
3199 4629 3271 4685 τά
3300 4624 3725 4702 προστεταγμένα

2146 4725 2469 4797 πεποίηκεν.

443 4800 657 4858 luntate
681 4811 869 4874 postea
901 4804 1203 4871 perfectum
1228 4806 1681 4881 absolutumque.
1719 4813 1901 4883 Atque
1928 4816 2042 4870 haec
2081 4815 2200 4887 ipsa
2244 4816 2465 4886 quidem
2495 4824 2647 4881 sunt,
2679 4830 2803 4886 quae
2832 4814 3120 4888 Scriptura
3186 4817 3326 4888 ipsa,
3388 4828 3509 4886 quae
3585 4808 3721 4865 Jose-

444 4896 589 4964 phus
612 4896 1215 4962 etiaminnuunt,cum
1248 4900 1722 4973 isteAntiquitatis
1791 4906 2088 4963 undecimo
2160 4906 2365 4979 Cyrum
2433 4906 2531 4973 ait,
2568 4914 2929 4979 posteaquam
2991 4910 3154 4966 istam
3206 4909 3359 4965 Isaia:
3411 4902 3721 4975 prophetiam

446 4988 554 5044 sibi
610 5003 641 5043 a
694 4992 928 5061 captivis
973 4993 1405 5051 demonstratam
1461 4997 1707 5071 legisset,
1763 5001 1880 5058 bace
1931 5004 2050 5074 ipsa
2090 5003 2405 5075 agnovisse,
2433 5018 2693 5075 eumque,
2720 5006 2815 5075 qui
2838 5019 2939 5061 suo
2963 5020 3025 5060 se
3085 5006 3311 5061 nomine
3371 5009 3498 5058 ante
3543 4999 3721 5053 ducen-

447 5087 536 5136 tos
563 5088 616 5137 et
637 5081 823 5139 decem
848 5100 1025 5142 annos
1052 5102 1176 5143 esse
1206 5090 1540 5160 appellatum
1578 5093 1788 5151 videret
1838 5111 2038 5170 magna
2078 5097 2366 5154 alacritate
2392 5098 2662 5169 imperata
2694 5099 3040 5170 praestitisse.

1082 5180 1239 5238 CAP.
1281 5183 1444 5243 XLV.

520 5264 837 5323 VensJ-S.
874 5268 964 5325 Sic
990 5272 1123 5327 dicit
1173 5275 1434 5333 Dominus
1486 5279 1625 5335 Deus
1678 5282 1877 5338 christo
1931 5301 2046 5340 meo

449 5359 611 5433 Cyro,
644 5362 797 5433 cujus
829 5364 1149 5434 apprehendi
1172 5369 1468 5437 dexteram,
1507 5383 1565 5427 ut
1600 5375 1884 5447 subjiciam
1928 5389 2053 5433 ante

521 5520 545 5552 ⁵
573 5517 719 5577 Psal.
757 5535 966 5586 xxvm,
999 5521 1054 5575 5.
1136 5524 1157 5556 ⁸
1198 5523 1345 5582 Psal.
1376 5544 1506 5597 xcu,
1543 5531 1597 5586 5.
1678 5533 1698 5563 ⁶
1730 5532 1943 5587 Nabum
2014 5550 2071 5595 ιι,
2103 5534 2156 5589 8.

2238 5268 2261 5277 1
2750 5194 3002 5249 ΚΕΦΔΔ.
3030 5195 3165 5249 ME’.

2214 5290 2343 5358 α’-η¹
2365 5327 2380 5342 .
2403 5287 2567 5342 Οὕτω
2604 5286 2767 5357 λέγει
2797 5288 3016 5355 Κύριος
3039 5290 3073 5341 ό
3103 5289 3250 5355 Θεὸς
3276 5285 3357 5352 τῷ
3380 5279 3594 5355 χριστῷ
3617 5290 3721 5347 μου

2156 5380 2347 5449 Κύρῳ,
2382 5375 2455 5437 οὗ
2492 5379 2802 5450 ἐκράτησα
2834 5379 2945 5449 τῆς
2992 5379 3216 5449 δεξιᾶς,
3266 5374 3589 5434 ἐπακοῦσαι
3630 5366 3719 5437 ἔμ’

2238 5536 2257 5564 ⁷
2288 5534 2455 5591 Josue
2522 5552 2605 5602 Ill,
2631 5540 2692 5596 15
2718 5552 2869 5608 seqq.

1776 5648 2007 5704 VARIAI
2056 5651 2466 5710 [.ECTIONES.

533 5723 555 5767 ί
590 5728 681 5797 γρ.
711 5727 837 5799 τήν⁹
918 5732 942 5771 ε
980 5748 1070 5802 rp.
1109 5735 1199 5784 ια’.
