3916 6456
226 457 357 521 2417

1354 475 1893 540 COMMENTARII
1928 483 2011 542 IN
2024 504 2029 515 κ
2045 484 2071 542 Ι
2078 485 2333 546 SAIAM.

3346 491 3491 556 2418

219 575 476 636 «paedor
510 554 700 630 aurai}
737 579 905 646 ἔθνη,
935 578 1036 634 καὶ
1079 581 1262 651 ἰσχὺν
1285 584 1601 647 ,βασιλέων
1634 588 1797 658 διαῤ-

1905 591 2088 661 faciem
2116 593 2230 662 ejus
2249 605 2448 663 gentes,
2472 605 2519 649 et
2550 597 2682 650 vires
2712 612 2891 667 regum
2940 594 3211 667 frangam.
3241 596 3492 668 Aperiam

212 664 391 732 ῥήξω.
438 665 691 732 ’Δνοιξω
711 671 1058 739 ἔμπροσθεν
1088 676 1280 731 αὐτοῦ
1311 678 1517 748 θύρας,
1550 681 1650 735 καὶ
1686 682 1798 737 πό-

214 758 336 822 λεις
363 759 438 813 οὐ
471 763 1092 832 συγκλεισθήσονται,
1118 784 1173 820 κ.
1199 785 1251 822 τ.
1293 769 1345 825 λ.

285 850 382 903 Ὃν
412 851 508 905 καὶ
532 853 792 922 χριστὸν
835 857 1015 925 καλεῖ,
1046 858 1190 913 οὕτω
1232 862 1361 936 παρ’
1404 863 1680 937 Ἑϐραίοις
1704 869 1797 922 λε-

215 940 460 1011 γομένων
499 944 610 999 τῶν
657 947 763 1001 ὑπὸ
799 947 935 1002 Θεοῦ
985 954 1485 1026 προχειρισθέντων
1521 961 1601 1023 είς
1638 960 1796 1030 βασι·
1852 968 1859 971 ’

213 1031 379 1085 λείαν.
453 1034 649 1108 Ἐλαίῳ
710 1038 820 1110 γὰρ
880 1041 1068 1107 αὐτοῖς
1118 1046 1168 1098 οἱ
1226 1045 1471 1116 βασιλεῖς
1529 1051 1796 1108 εἰώθεσαν

212 1126 484 1193 χρίεσθαι
532 1127 671 1200 πρὸς
702 1131 802 1203 τὴν
837 1132 1019 1207 ἀρχὴν
1055 1136 1469 1208 καθιστάμενοι.
1504 1144 1797 1214 Τροπικῶς

210 1214 268 1304 δέ
296 1217 390 1268 καὶ
430 1220 559 1282 τοὺς
600 1221 789 1290 ἁγίους
820 1224 966 1280 οὕτω
1006 1228 1233 1300 φησὶ.νή
1274 1231 1485 1304 Γραφή.
1540 1237 1798 1304 Χριστὸν

209 1300 301 1361 οὖν
321 1308 490 1365 αὑτὸν
519 1313 799 1382 ἐκάλεσεν,
824 1316 901 1383 ὡς
937 1321 1003 1374 ὲκ
1024 1320 1159 1376 Θεοῦ
1196 1300 1333 1394 πρὸς
1358 1300 1462 1397 τὴν
1491 1300 1666 1398 ἀρχὴν
1702 1348 1796 1384 κε-

211 1397 307 1490 κλη
316 1400 501 1469 μένον.
519 1403 609 1469 Ὠς
621 1405 678 1460 δὲ
698 1410 997 1478 τοιούτου,
1019 1414 1208 1484 φησὶν,
1228 1397 1635 1488 ἐπαγγέλλομαι
1655 1437 1799 1490 κρα-

211 1486 391 1554 τῆσαι
416 1490 530 1561 τῆς
552 1492 761 1561 δεξιᾶς
793 1499 933 1571 πρὸς
957 1500 1019 1555 τὸ
1052 1501 1126 1573 μὴ
1153 1486 1625 1576 παρατρέπεσθαι,
1655 1486 1795 1581 μηδὲ

210 1580 503 1681 νιξηθῆναι
546 1588 700 1653 παρά
726 1605 870 1656 τινος
899 1588 1227 1662 κρείττονος.
1277 1598 1638 1670 Ἀντιλήψεως
1686 1580 1794 1674 γίάρ

207 1679 366 1726 τοῦτο
419 1679 664 1746 σημεῖον,
704 1680 851 1734 καθά
901 1698 1069 1754 φησιν
1103 1687 1160 1740 ὲν
1206 1688 1489 1759 Ψαλμοῖς·
1531 1709 1550 1743 ι
1598 1692 1796 1763 Ἐκρά-

209 1779 400 1857 τησας-
426 1768 528 1837 τῆς
558 1769 740 1841 χειρὸς
767 1774 870 1843 τῆς
901 1773 1083 1853 δεξιᾶς
1129 1794 1255 1847 μου,
1299 1781 1392 1833 καὶ
1434 1783 1492 1835 ἐν
1524 1785 1590 1854 τῇ
1626 1783 1790 1857 βουλῇ

212 1868 305 1947 σου
335 1855 629 1947 omnes;
658 1878 748 1931 με.
782 1880 802 1914 ι
838 1862 1171 1933 ’Υποτάξας
1202 1868 1260 1921 δὲ
1306 1870 1595 1935 πλείστους
1620 1855 1789 1947 αὐτῷ,

1899 699 2080 739 caram
2105 703 2164 740 eo
2188 697 2388 755 portas,
2413 696 2462 742 et
2492 689 2643 742 urbes
2675 705 2780 743 non
2811 688 3148 757 claudentur,
3173 701 3277 746 etc.

1968 870 2039 922 At
2071 868 2216 938 quod
2271 869 2531 924 christum
2564 869 2878 940 appellavrt,
2926 870 2993 925 ad
3025 869 3382 927 Hebraecrum
3410 872 3496 926 lo-

1898 961 2101 1031 qnendi
2131 962 2586 1017 consuetudinem
2621 964 2829 1026 retulit,
2863 964 2956 1033 qui
3000 965 3107 1019 sibi
3165 965 3487 1034 designatos

1899 1068 1928 1105 a
1965 1052 2075 1108 Deo
2131 1069 2286 1125 reges
2343 1054 2419 1109 ita
2454 1055 2871 1125 nuncupabant.
2908 1054 3042 1111 Oleo
3104 1057 3375 1127 siquidem
3423 1057 3498 1112 de

1900 1164 2051 1203 more
2082 1164 2178 1205 eos
2211 1150 2549 1218 inungebant,
2577 1151 2669 1220 qui
2707 1159 2893 1207 essent
2923 1150 2990 1206 ad
3022 1151 3174 1222 regni
3213 1152 3494 1222 guberna-

1898 1237 2021 1292 cula
2054 1239 2280 1295 admoti.
2312 1237 2569 1310 Figurate
2590 1254 2717 1294 vero
2742 1249 2795 1294 et
2846 1248 3068 1295 sanctos
3118 1242 3199 1295 sic
3256 1242 3492 1310 appellat

1900 1328 2206 1398 Scriptura.
2238 1330 2507 1386 Christum
2538 1331 2724 1402 itaque
2776 1346 2902 1386 eum
2951 1331 3189 1397 vocavit,
3231 1340 3495 1402 tanquam

1897 1423 2164 1489 quiesset
2197 1435 2229 1474 a
2281 1420 2388 1477 Deo
2413 1422 2478 1476 ad
2523 1423 2810 1492 imperium
2861 1431 3112 1479 vocatus.
3140 1422 3299 1493 511
3356 1412 3496 1478 Cum

1899 1512 2021 1567 talis
2041 1519 2223 1566 autem
2255 1512 2345 1576 sit,
2378 1512 2580 1583 inquit,
2612 1513 2849 1583 ejusdem
2907 1531 2987 1568 me
3015 1513 3315 1580 dexteram,
3356 1531 3426 1590 ne
3461 1532 3492 1568 a

1898 1617 2173 1673 quoquam
2198 1611 2498 1670 avertatur,
2532 1610 2626 1658 aut
2658 1604 2955 1673 potentiori
3015 1606 3362 1669 succumbat,
3396 1621 3494 1672 αρ-

1895 1691 2228 1769 prehendisse
2260 1693 2542 1764 proﬁteor.
2570 1692 2685 1751 Hoc
2722 1696 2867 1751 enim
2900 1697 3239 1754 defensionis
3271 1697 3488 1767 signum

1896 1794 1999 1849 est,
2029 1786 2171 1840 sicut
2198 1786 2290 1840 illo
2317 1786 2616 1854 iudicatur,
2650 1771 2798 1857 quad
2858 1788 2913 1842 in
2941 1788 3180 1844 Psalmis
3236 1789 3440 1860 legitur
3475 1810 3489 1843 :

1902 1876 2191 1933 «Tenuisti
2231 1893 2454 1933 manum
2515 1879 2798 1935 dexteram
2848 1895 3048 1944 meam,
3090 1889 3144 1934 et
3198 1879 3253 1933 in
3307 1881 3494 1934 consi4

211 1944 391 2042 πᾶσαν
428 1946 727 2042 δισρῤήξω
774 1953 874 2025 τὴν
907 1956 964 2029 ὲσν
995 1960 1106 2020 τοῖς
1146 1957 1355 2025 λοιποῖς
1394 1961 1577 2017 ἔθνεσι
1608 1944 1789 2020 δυνα-

1905 1969 1969 2024 lio
2025 1980 2116 2024 tuo
2171 1970 2446 2026 deduxisti
2507 1986 2595 2026 me
2637 1971 2679 2025 ⁸.
2714 1991 2734 2025 ι
2789 1971 2926 2025 Cum
2987 1980 3170 2026 autem
3224 1972 3496 2042 plurimos

206 2036 442 2143 στείαν,
646 2042 846 2143 ἄϐατον
873 2046 1045 2112 ἐάσας
1065 2049 1235 2121 αὐτῷ,
1278 2051 1399 2106 καθ’
1434 2048 1510 2108 ὧν
1537 2056 1603 2110 ἆν
1630 2056 1789 2133 ἐθέλῃ

1905 2060 2072 2117 eidem
2129 2059 2418 2130 subjecero,
2450 2060 2623 2128 addit,
2666 2076 2883 2117 onmem
2940 2036 3497 2132 deinceps-reliqua-

206 2129 433 2227 χωρεῖν.
484 2129 645 2186 Ἀλλά
671 2133 776 2189 κᾶν
803 2131 837 2209 ᾗ
884 2153 937 2190 τι
969 2138 1195 2195 δυνατὸν
1236 2144 1510 2214 ἐμποδὼν,
1547 2146 1623 2211 ὡς
1653 2129 1791 2217 ὄρος

1905 2169 2018 2210 rum
2069 2155 2309 2225 gentium
2349 2157 2640 2225 potentiam
2688 2157 2965 2227 frangam,
3021 2129 3201 2225 neque
3248 2156 3297 2211 ei
3342 2129 3497 2225 quid-

205 2220 514 2318 γινόμενον,
542 2224 645 2281 κᾶν
680 2228 899 2302 ἰσχυρὸν
923 2231 1001 2297 ὡς
1032 2235 1262 2303 χαλκὸς
1293 2234 1350 2310 ᾗ,
1388 2240 1483 2293 καὶ
1514 2240 1787 2311 σίδηρος,

1905 2259 2082 2316 quam,
2115 2261 2223 2315 quo
2274 2262 2501 2316 pergere
2525 2226 2778 2314 voluerit,
2810 2264 2917 2303 non
2967 2248 3214 2318 pervium
3246 2244 3493 2301 alliciam.

205 2312 391 2409 πάντα
440 2320 765 2376 ταπεινώσω
807 2323 902 2378 καὶ
923 2325 1091 2393 λύσω,
1146 2328 1221 2391 ὡς
1263 2331 1399 2401 μηδὲ
1443 2335 1789 2402 θησαυροὺς

1905 2312 2037 2398 lino,
2101 2312 2146 2391 si
2185 2312 2484 2409 quidquam
2544 2312 2823 2408 potentius
2876 2312 3170 2403 obstiterit,
3207 2345 3261 2393 et
3302 2337 3495 2391 montis

203 2404 506 2476 ἀοράτους
533 2413 643 2476 τοῖς
683 2415 813 2486 πρὶν
845 2415 1124 2487 βασιλεῦσι
1146 2420 1334 2476 τοῦτον
1359 2423 1652 2481 διαλαθεῖν.

1905 2425 2073 2482 instar
2099 2429 2153 2481 in
2200 2404 2352 2482 ‘eum—
2402 2404 2703 2496 attollatur,
2761 2429 2978 2485 etiamsi
3038 2445 3140 2484 (ere
3207 2437 3301 2481 aut
3354 2429 3497 2497 ferro

204 2497 444 2556 validius
497 2502 590 2569 sit,
614 2503 746 2561 illud
788 2507 1043 2580 dejiciam
1089 2521 1269 2572 tamen
1306 2527 1360 2574 et
1397 2517 1669 2592 frangam,
1707 2531 1885 2591 neque
1916 2519 2247 2585 reconditos,
2280 2520 2666 2591 prioribusqne
2722 2520 2944 2591 regibus
2984 2521 3186 2590 ignotos
3219 2517 3491 2573 thesauros

207 2602 337 2643 eum
378 2592 546 2651 latere
576 2597 780 2667 patiar.

275 2683 441 2750 Τινὲς
470 2688 530 2742 δὲ
557 2692 903 2763 θησαυρούς
939 2716 1070 2768 φασι
1099 2705 1226 2769 τοὺς
1269 2705 1384 2759 ὅσοι
1414 2708 1508 2762 καὶ
1550 2702 1801 2778 μάλιστα

203 2776 430 2869 δυνατοὶ
462 2783 615 2854 παρὰ
652 2786 753 2857 τὴν
785 2787 974 2858 ἔφοδον
1002 2797 1201 2864 Κύρου
1229 2798 1517 2869 σπηλαίοις
1544 2776 1784 2868 ἐγκατα-

1949 2699 2206 2756 Nonnulli
2254 2713 2349 2770 per
2409 2699 2722 2765 thesauros,
2770 2713 2865 2755 eos
2921 2698 3074 2753 innut
3130 2697 3495 2765 arbitrantur,

1883 2792 1975 2862 qui
2008 2790 2091 2845 vel
2116 2789 2352 2845 maxime
2373 2798 2643 2859 potentes,
2677 2787 2815 2858 Cyro
2846 2802 2971 2842 cum
2995 2787 3241 2843 exercitu
3293 2786 3499 2842 adven-

206 2866 401 2936 δύντες
429 2872 739 2933 ἐλάνθανον.
773 2883 838 2935 Ὃ
867 2882 931 2956 δὴ
961 2886 1166 2955 μαθὼν,
1201 2866 1365 2958 δᾷδας
1394 2866 1641 2956 ἐξάπτων
1665 2892 1791 2956 τοὺς

1905 2890 2059 2949 ante,
2092 2882 2145 2936 in
2181 2881 2458 2952 speluncis
2516 2895 2639 2936 sese
2675 2879 3121 2946 abdiderunt;in
3188 2880 3391 2948 quibus
3442 2890 3498 2935 et

209 2960 414 3055 ἀνδρας
463 2964 809 3039 ἀνεύρισκεν.
865 2975 1040 3030 Γνῶθι
1084 2978 1141 3031 δὲ
1184 2980 1213 3019 h
1258 2981 1465 3036 τούτων
1516 2982 1793 3055 ἐσομένων

1911 2976 2017 3047 psi,
2045 2990 2169 3031 cum
2199 2990 2381 3044 regem
2425 2975 2598 3030 latere
2626 2990 2733 3029 non
2770 2974 3108 3044 potuissent,
3141 2971 3354 3028 facibus
3399 2987 3493 3026 ac-

208 3050 386 3120 ὄστις
419 3057 561 3128 εἰμὶ,
587 3061 617 3114 ὁ
653 3063 760 3135 πρὸ
785 3067 1056 3123 τοσούτων
1081 3070 1288 3141 χρόνων
1314 3073 1431 3142 τὴν
1458 3074 1584 3143 σὴν
1609 3050 1795 3143 προσ-

207 3147 710 3241 ητορίανείπών.
754 3157 891 3228 Εἰμὶ
937 3160 1047 3232 γὰρ
1096 3164 1241 3229 Θεὸς
1307 3166 1570 3234 Ἰσραὴλ,
1610 3168 1670 3221 ὃν
1717 3167 1793 3241 μὴ

208 3236 438 3305 ἀγνόει.
468 3240 546 3294 Δι’
584 3243 747 3299 αὑτὸν
778 3249 887 3320 γάρ
931 3267 1014 3304 σοι
1047 3253 1319 3324 τοσαύτην
1356 3255 1677 3310 δυναστείαν
1708 3236 1795 3311 δελ

1900 3066 2081 3122 censis
2109 3065 2324 3139 quaesiti
2376 3065 2686 3136 repertique
2709 3076 2855 3121 sunt.
2899 3064 3058 3120 Disce
3102 3080 3264 3128 vero,
3294 3064 3495 3135 inquit,

1901 3177 1970 3219 ex
2001 3158 2123 3214 istis
2152 3157 2317 3212 rebus
2344 3156 2542 3212 futuris
2572 3159 2819 3226 quisnam
2857 3157 2971 3226 ipse
3000 3157 3145 3221 sint;
3180 3157 3270 3226 qui
3303 3167 3353 3211 te
3387 3167 3496 3211 tam

1901 3251 2066 3320 longo
2108 3257 2230 3301 ante
2257 3248 2524 3316 temporis
2554 3245 2842 3300 intervallo
2866 3253 2955 3299 tua
2978 3248 3190 3299 nomine
3221 3262 3497 3315 nuncupr-

207 3327 492 3401 δώρημαι.
535 3315 1021 3410 Ἐμὸςγάρ-ὲστιν
1054 3315 1369 3399 ἐκπάντων
1396 3347 1666 3418 ἐκλεγεὶς
1693 3348 1797 3402 τῶν

1905 3344 2024 3397 rint.
2061 3340 2172 3410 Ego
2198 3340 2341 3394 enim
2366 3354 2484 3392 sum
2537 3336 2681 3391 Deus
2717 3335 2913 3404 Israel,
2942 3351 3103 3407 quem
3172 3346 3221 3391 te
3275 3337 3501 3390 minime

210 3420 389 3477 ἐθνῶν
425 3427 493 3495 τῇ
545 3427 685 3499 πρὸς
729 3431 857 3493 τοὺς
906 3431 1087 3489 αὐτῶν
1121 3435 1371 3507 πατέρας
1411 3440 1567 3509 τιμῇ.
1613 3440 1704 3492 Διό
1730 3457 1803 3493 σε

211 3517 656 3591 προσεδεξάμην,
706 3522 782 3587 ὡς
830 3524 1072 3595 ἐμαυτοῦ
1129 3529 1352 3596 οἰκεῖον,
1420 3531 1623 3603 καίπερ
1692 3534 1802 3586 οὐκ

211 3607 521 3677 ἐγνωκότα
533 3629 632 3681 με,
653 3616 719 3687 τῇ
749 3615 805 3669 δὲ
819 3617 884 3670 ὲκ
910 3618 1167 3690 πατέρων
1199 3620 1611 3694 είδωλολατρείᾳ
1632 3640 1801 3693 προσ-

211 3700 497 3771 κείμενον.
544 3702 633 3768 Ὠς
659 3705 728 3760 ἂν
769 3706 846 3779 μὴ
886 3707 1052 3780 δοκῇς
1086 3709 1471 3783 προλαόοὑσης
1520 3711 1800 3775 εὐσεϐείας

210 3792 362 3864 γέρα
404 3810 487 3847 σοι
513 3795 687 3850 ταῦτα
713 3797 983 3854 δεδόσθαι.
1028 3801 1167 3854 Ἀλλ’
1211 3803 1259 3855 εί
1305 3803 1398 3856 καὶ
1430 3801 1505 3872 μὴ
1535 3802 1799 3873 πρότερον

208 3883 414 3954 ἔγνως,
445 3885 527 3939 ὅτι
550 3887 743 3956 μόνος
770 3890 888 3959 εἰμὶ
919 3890 1074 3969 Θεὸς,
1111 3890 1252 3963 μάθε
1286 3886 1460 3961 γ’ήοῦν
1493 3892 1553 3958 ἐξ
1582 3886 1656 3950 ὧν
1683 3894 1799 3946 δια-

205 3975 522 4046 πράξομαι,
553 3978 623 4033 δι’
646 3973 722 4034 ὧν
751 3982 952 4047 πάντες
980 3983 1220 4039 εἴσονται
1255 3986 1407 4041 Θεὸν
1436 3982 1800 4056 εἶναιμόνον

207 4068 342 4140 ἐμὲ,
373 4071 469 4124 καὶ
496 4071 561 4125 δι’
609 4072 951 4147 ἀλλοφύλων,
992 4077 1106 4131 καὶ·
1131 4078 1232 4149 τῆς
1279 4079 1418 4150 ἐμῆς
1467 4079 1633 4143 ξένων
1663 4078 1799 4151 θρη-

213 4162 430 4229 σκείας,
458 4164 528 4217 τὰ
559 4165 825 4221 δοκοῦντα
852 4167 1344 4243 διαπραττόμενον.
1369 4171 1481 4224 Καὶ
1514 4170 1580 4225 δι’
1600 4165 1675 4226 ὧν
1708 4171 1799 4226 τὸν

212 4255 353 4326 ἐμὸν
395 4256 547 4321 λαὸν,
583 4259 754 4329 ήνίκα
800 4261 897 4331 μὲν
944 4261 1196 4326 παιδείας
1237 4258 1305 4335 ἦν
1353 4264 1566 4335 καιρὸς,
1609 4262 1799 4338 ῶσπερ

214 4344 369 4416 ὀργῆ
393 4349 488 4402 καὶ
517 4351 720 4418 σκότῳ
748 4352 837 4405 διὰ
866 4352 968 4422 τῆς
998 4352 1250 4417 παιδείας
1291 4355 1595 4426 κατήφειαν
1654 4373 1798 4426 παρ-

210 4436 417 4494 έδωκα.
464 4439 661 4494 Ἦνίκα
695 4441 755 4495 δὲ
780 4441 977 4506 σώζειν
1009 4443 1117 4497 ἔδει
1147 4444 1513 4514 διορθωθέντα
1547 4445 1674 4516 φῶς
1706 4448 1799 4501 καὶ

208 4528 467 4599 etprima-
493 4531 580 4583 ἐπ’
611 4532 777 4586 αὐτὸν
808 4534 1090 4588 ἀνατεῖλαι
1138 4535 1439 4606 πεποίηκα,
1475 4537 1563 4590 διά
1604 4540 1702 4609 τὴν
1734 4543 1799 4592 ὲκ

206 4621 315 4691 τῆς
355 4621 605 4690 ἀφέσεως
638 4624 749 4678 τῶν
785 4625 1003 4696 δεσμῶν
1032 4625 1397 4698 εὐφροσύνην.
1430 4629 1540 4682 Καὶ
1577 4630 1686 4699 γὰρ
1715 4632 1796 4683 εί-

1826 4669 1875 4727 ο

1903 3434 2027 3489 ideo
2057 3434 2215 3488 decet
2248 3433 2520 3502 ignorare,
2561 3429 2705 3500 quod
2757 3441 2976 3501 propter
3029 3431 3234 3501 ipsum,
3292 3438 3496 3483 tantam
3561 3484 3565 3493 ,

1905 3528 1999 3582 tibi
2028 3525 2325 3597 potentiam
2353 3524 2584 3593 largitus
2616 3539 2757 3578 sum.
2791 3522 2883 3579 Est
2910 3525 3055 3579 enim
3088 3524 3181 3579 ille
3208 3523 3336 3576 mihi
3359 3538 3496 3576 cun-

1904 3606 2006 3677 ctis
2035 3635 2065 3674 e
2088 3619 2345 3689 gentibus
2379 3627 2598 3686 patrum
2634 3631 2860 3671 suorum
2902 3615 3072 3686 gloria
3101 3625 3156 3670 et
3218 3631 3494 3670 commen-

1904 3712 2126 3766 datione
2158 3711 2403 3764 selectus.
2431 3709 2561 3763 Inde
2587 3724 2687 3779 ego
2715 3715 2768 3762 te
2801 3708 2966 3763 veluti
3006 3708 3325 3761 familiarem
3367 3706 3498 3759 ιιι.Ιά

1902 3818 2027 3857 cum
2060 3801 2163 3857 mei
2200 3801 2361 3871 plane
2397 3800 2612 3869 ignarus
2659 3814 2800 3853 esses
2834 3806 2889 3852 et
2954 3798 3113 3852 at'ita:
3171 3798 3500 3851 idololatriae

1903 3903 2158 3959 sectator,
2188 3891 2462 3960 assumpsi
2490 3907 2504 3955 ;
2530 3905 2599 3943 ne
2630 3896 2737 3943 tua:
2771 3888 2879 3943 ista
2906 3888 3149 3958 pristina:
3187 3887 3377 3956 pietati
3410 3885 3499 3940 de-

1886 3985 2014 4039 'bita
2045 3983 2268 4054 rependi
2302 3978 2760 4051 putares.Verum
2794 3979 3145 4048 quantumvis
3172 3988 3225 4032 tu
3248 3995 3327 4031 me
3358 3993 3499 4032 non~

1902 4077 2030 4132 dum
2057 4075 2230 4131 solum
2250 4091 2361 4129 esse
2396 4073 2565 4128 Deum
2612 4072 2915 4139 didiceris;
2954 4074 3036 4127 vel
3067 4087 3135 4126 ex
3185 4073 3270 4127 bis
3328 4082 3497 4138 certe,

1903 4181 2025 4237 qua:
2094 4172 2350 4236 gesturus
2398 4180 2521 4220 sum
2575 4163 2672 4218 tibi
2721 4164 3003 4233 patuerit;
3054 4163 3255 4232 quibus
3308 4179 3501 4219 omnes

1901 4275 2066 4312 unum
2089 4274 2171 4312 me
2192 4273 2323 4321 esse,
2346 4269 2551 4327 perque
2568 4264 2807 4320 exteros,
2826 4264 2880 4309 ct
2909 4271 2940 4309 a
2973 4270 3092 4309 meo
3118 4255 3264 4309 cultu
3291 4256 3501 4312 alienos

1890 4366 2024 4422 qua:
2063 4350 2223 4405 libuit
2262 4349 2497 4415 allicere,
2529 4348 2792 4404 credituri
2821 4357 2947 4403 sunt
2974 4365 2990 4415 ;
3018 4348 3111 4417 qui
3145 4363 3241 4417 per
3274 4347 3502 4403 eosdem

1901 4442 2062 4497 etiam
2098 4442 2359 4512 populum
2392 4455 2597 4505 meum,
2631 4438 2853 4509 quando
2898 4452 3036 4509 Opus
3070 4438 3192 4502 fuit,
3242 4449 3505 4509 tanquam

1892 4535 2000 4588 ira:
2056 4542 2110 4590 et
2165 4533 2416 4599 tenebris,
2474 4539 2699 4604 propter
2749 4532 3113 4602 correptionis
3173 4532 3503 4599 molestiam,

1900 4625 2271 4690 tradiderim:
2327 4640 2453 4679 cum
2500 4635 2683 4678 autem
2734 4633 2884 4679 recte
2957 4632 3207 4694 agentem
3282 4640 3503 4678 servare

195 4708 409 4776 ρήνης
439 4710 554 4779 εἰμὶ
604 4711 700 4765 καὶ
749 4713 947 4782 φωτὸς
998 4715 1259 4784 χορηγὸς,
1299 4716 1563 4784 σκότους
1608 4735 1667 4771 τε
1702 4722 1797 4772 καὶ

1905 4716 2111 4784 decuit,
2142 4716 2198 4769 in
2224 4714 2473 4770 eumdem
2533 4722 2757 4784 pr0pter
2813 4714 3022 4783 adepta
3063 4714 3333 4771 libertatis
3368 4714 3505 4767 laati-

201 4798 322 4853 τῶν
355 4799 634 4871 λυπηρῶν,
664 4801 700 4856 ἀ
720 4804 786 4877 δὴ
812 4805 999 4859 καλεῖν
1028 4805 1177 4859 κακά
1205 4805 1360 4875 φίλον
1386 4808 1505 4861 ἐστὶ
1528 4811 1642 4872 τοῖς
1668 4810 1798 4863 πολ-
1842 4836 1851 4845 -

204 4890 350 4956 λοίς,
381 4886 458 4947 ὧν
491 4894 600 4963 ἐγὼ
625 4896 858 4965 ποιητὴς
897 4896 1035 4967 πρὸς
1063 4896 1162 4967 τὴν
1184 4898 1342 4965 ἀξίαν
1372 4900 1512 4956 αὐτά
1541 4901 1796 4972 χορηγῶν

204 4984 301 5037 ἐπ’
336 4983 576 5058 ὠφελείᾳ
598 4986 711 5041 τῶν
742 4988 1070 5060 δεχομένων.

1903 4812 2059 4879 tiam,
2093 4810 2264 4865 lucem
2319 4819 2366 4864 et
2395 4825 2576 4877 pacem
2632 4808 2836 4864 exoriri
2873 4808 3119 4863 fecerim.
3171 4805 3304 4862 Sum
3348 4809 3496 4862 enim

1898 4903 2046 4971 pacis
2080 4902 2308 4972 largitor
2340 4911 2389 4954 et
2426 4900 2603 4965 lucis;
2651 4898 2987 4953 tenebrarum
3020 4897 3240 4961 deinde,
3296 4908 3348 4952 et
3405 4914 3500 4952 eo-

1900 5010 2045 5060 rum,
2088 4991 2250 5062 512
2277 5007 2398 5063 qua:
2430 4993 2670 5046 dolorem
2698 4988 2977 5051 adferunt,
3002 5003 3122 5057 qua:
3161 4988 3323 5058 vulgo
3360 4988 3506 5042 mala

189 5079 396 5134 ‘solent
418 5081 715 5149 appellari;
743 5098 977 5153 quorum
1014 5098 1115 5154 ego
1143 5100 1244 5157 pro
1289 5087 1468 5142 meriti
1530 5088 1800 5159 cujusque
1836 5088 2076 5155 ratione,
2103 5088 2159 5142 in
2189 5102 2376 5143 eorum
2398 5086 2764 5147 commodum,
2838 5081 2930 5153 qui
3002 5082 3132 5137 talia
3196 5084 3501 5154 patiuntur.

206 5169 441 5226 effector
466 5183 522 5229 et
550 5181 744 5229 auctor
779 5176 895 5247 ipse
915 5192 1059 5233 sum.

282 5262 446 5327 Τινὲς
487 5264 547 5317 δὲ
577 5266 704 5335 φῶς
747 5268 843 5321 καὶ
888 5272 1131 5340 σκότος,
1171 5274 1385 5348 ἡμέραν
1423 5278 1681 5349 είρήκασι
1711 5282 1805 5334 καὶ

1987 5275 2105 5331 Non
2134 5275 2333 5329 desunt
2364 5279 2569 5334 tamen,
2603 5268 2696 5338 qui
2725 5267 2859 5320 lucis
2890 5274 2943 5321 et
2970 5266 3307 5321 tenebrarum
3326 5269 3505 5321 nomi-

207 5355 413 5411 νύκτα.
436 5357 501 5411 Οἳ
524 5359 619 5412 καὶ
642 5361 791 5414 κακὰ
812 5361 883 5415 τὰ
911 5365 1274 5437 ἐπενεχθέντα
1302 5372 1415 5434 τοῖς
1443 5370 1797 5436 Βαϐυλωνίοις

1913 5386 2005 5436 ne,
2038 5369 2180 5422 diem
2214 5373 2268 5420 ct
2304 5372 2519 5417 noctem
2545 5366 2735 5431 putent
2760 5358 3083 5429 significari,
3109 5376 3284 5431 eaque
3305 5363 3502 5413 damna

192 5445 375 5513 φασὶ,
406 5445 478 5499 δι’
504 5448 570 5517 ἢν
605 5449 953 5517 ἐπεδείξαντο
975 5457 1116 5509 κατά
1147 5457 1257 5510 τῶν
1294 5458 1355 5523 ἐξ
1403 5458 1618 5530 Ἰσραὴλ
1660 5461 1804 5532 ἡλω-

207 5535 394 5590 κάτων
430 5539 714 5609 ὠμότητα,
747 5543 822 5606 ὡς
862 5544 950 5600 διὰ
978 5548 1250 5620 Ζαχαρίου
1290 5551 1380 5605 τὸν
1416 5551 1548 5606 Θεὸν
1588 5553 1805 5624 εἰρηκέ-

275 5716 301 5750 ⁸
343 5716 497 5773 Psal.
533 5737 701 5788 Lxxu,
727 5723 819 5778 9i.

1912 5464 2098 5527 etiam,
2135 5474 2255 5529 quae
2287 5454 2573 5525 Babylonii
2617 5451 2927 5523 patiuntur,
2963 5450 3088 5521 ideo
3118 5451 3329 5515 inferri,
3358 5454 3501 5519 quod

1913 5555 1968 5608 in
2003 5552 2251 5622 captivos
2290 5546 2573 5603 lsraelitas
2608 5544 2837 5601 nimium
2869 5560 2927 5601 sc
2959 5544 3256 5599 crudeliter
3312 5556 3501 5613 gesse-

1554 5826 1784 5882 VARIIE
1842 5775 2271 5883 LI‘J‘CTIONES.

318 5908 347 5951 ιι
377 5908 464 5963 ῗσ.
499 5909 660 5963 λείπ.
701 5911 784 5965 ἐκ.
