3916 6394
244 329 386 398 2421

1373 351 1911 416 COMMENTARII
1948 357 2031 420 IN
2069 342 2362 427 ISAtAi'I.

3366 382 3524 449 2429.2.

244 441 677 515 ἂδικαιὼμεθα.
711 450 846 521 Περὶ
867 447 928 504 οὗ
961 470 1094 525 φησι
1117 453 1210 509 καὶ
1238 456 1403 510 Δαὸίδ
1428 475 1442 490 ο
1482 478 1500 509 ι
1536 459 1830 530 Είργάσατε

1947 461 2112 521 habet
2138 471 2470 542 capulatam.
2503 475 2621 534 Nisi
2655 477 2701 535 si
2733 479 2859 551 quis
2874 481 3110 553 iustitia:
3131 485 3195 544 de
3217 497 3363 547 terra
3419 509 3544 551 rato-

244 529 598 607 6tuatomivq~v
623 538 683 590 ὲν
720 540 873 611 μέσῳ
901 543 1001 613 τῆς
1024 543 1148 616 γῆς.
1175 563 1195 599 ι
1226 544 1324 599 Ἐκ
1348 547 1462 617 γῆς
1482 547 1593 621 γὰρ
1610 545 1724 620 εἷχε
1735 549 1834 621 τὴν

250 624 432 697 σάρκα
468 630 546 700 μὴ
577 631 951 690 κατελθοῦσαν
980 635 1051 703 ἐξ
1098 640 1391 709 οὐρανοῦ.

1943 558 2131 615 rientis
2198 566 2440 634 nomine,
2484 568 2779 628 Dominum
2837 575 3147 649 signiﬁcari
3206 584 3382 651 malit,
3443 602 3544 657 per

1943 660 2103 716 quem
2186 654 2622 716 misericordiam
2695 669 3002 737 consecuti,
3060 672 3311 748 justique
3361 654 3545 735 effecti

244 735 444 779 sumus
477 740 492 777 :
525 723 594 780 de
620 740 732 797 quo
752 735 806 783 et
826 725 1049 786 Davidis
1068 729 1161 786 illa
1185 740 1315 790 sunt
1348 749 1363 788 :
1402 752 1421 788 ι
1450 734 1723 808 Operatus
1752 743 1839 794 est
1877 734 2113 797 salutem
2147 743 2202 799 in
2243 747 2425 806 medio
2455 754 2647 811 mundi
2677 755 2744 813 ’⁸,
2777 776 2797 810 ι
2830 760 2959 830 quia
2987 723 3238 822 Ica‘rneni'
3276 770 3343 826 de
3400 778 3550 829 terra

246 831 359 872 non
386 816 518 874 caelo
541 818 839 877 demissam
880 824 1092 881 habuit.

314 909 361 960 θ’
377 909 489 974 σις’.
518 911 659 983 Ἐγώ
668 915 785 985 ειμι
798 917 1058 986 Κύριος-ό
1068 926 1135 974 at!
1144 922 1286 989 [σας
1298 938 1390 988 σε,
1406 924 1845 993 ποιῶν-βελτίω,

2028 922 2194 1001 514
2234 928 2396 990 Vatis.
2428 934 2582 990 9-17.
2626 935 2738 1012 Ego
2770 956 2889 996 sum
2919 941 3083 1011 Deus,
3122 948 3215 1017 qui
3256 950 3431 1005 creari
3470 959 3545 1015 te,
3608 904 3623 1009 ._

244 1004 674 1060 κατεσκεύασα
701 1008 781 1074 ὡς
803 1011 1006 1079 πηλὸν
1033 1015 1350 1085 κεραμέως.
1379 1018 1475 1088 Μὴ
1501 1022 1534 1073 ό
1561 1017 1830 1089 ἁροτριῶ1

1954 1017 2168 1086 faciens
2191 1025 2484 1093 meliorem,
2523 1004 2822 1099 pra'pnravi
2860 1043 2918 1089 ut
2961 1004 3147 1094 lutum.
3177 1040 3353 1111 ﬁguli.
3390 1040 3541 1097 Num

244 1092 587 1165 ἀροτριὰσει
611 1100 730 1171 τὴν
759 1103 877 1174 τῆν
903 1105 1060 1177 ὅλην
1087 1106 1204 1178 τὴν
1220 1109 1488 1181 ήμέραν;
1523 1112 1619 1182 Μὴ
1667 1113 1830 1183 epsit

1950 1110 2044 1179 qui
2078 1120 2201 1166 arat
2239 1122 2461 1183 terram,
2494 1092 2678 1174 arabit
2713 1131 2822 1178 tota
2848 1124 2933 1179 die
2960 1128 2986 1179 Ρ
3018 1144 3143 1183 num
3172 1092 3320 1188 Idicet
3369 1133 3553 1188 lutum.

245 1189 449 1255 πηλὸς
494 1189 576 1257 τῷ
624 1196 888 1266 κεραμεῖ,
937 1200 1000 1255 Τί
1048 1203 1262 1271 ποιεῖς,
1314 1203 1403 1258 ὅτι
1447 1207 1561 1261 οὐκ
1607 1203 1844 1277 ἐργάζῃ,

243 1280 393 1334 οὐδὲ
434 1283 595 1354 ἔχεις
628 1288 870 1358 χεῖρας;
907 1293 1053 1349 Οὐαὶ
1105 1299 1140 1350 ό
1179 1297 1376 1369 ,λέγων
1395 1298 1478 1367 τῷ
1524 1302 1725 1372 πατρὶ,
1782 1304 1848 1358 Τί

244 1375 606 1445 γεννήσεις;
637 1398 691 1434 κ.
722 1399 773 1439 τ.
809 1384 862 1439 λ.

329 1470 626 1547 Ἐπιτιμᾷν
648 1478 677 1532 ὁ
705 1479 862 1548 λόγος
882 1481 1033 1539 δοκεῖ
1059 1487 1172 1552 τοῖς
1199 1489 1339 1560 μετὰ
1371 1490 1641 1566 τοσαύτην
1665 1494 1840 1566 ἐπαγ-

241 1561 435 1629 γελίαν
470 1566 571 1639 τὴν
614 1569 874 1644 περὶτῆς
915 1576 1272 1652 ἀνακλήσεως
1310 1582 1387 1655 μὴ
1440 1561 1840 1663 προστρέχουσι

239 1653 321 1725 τῷ
356 1656 499 1729 Θεῷ,
531 1661 627 1715 καὶ
653 1661 730 1728 ὡς
756 1664 979 1722 πάντων
1005 1671 1120 1726 ὅντι
1157 1671 1277 1745 Θεῷ
1308 1653 1451 1731 κατὰ
1483 1653 1839 1751 *καιρονῖπαι-

240 1743 457 1800 δεύοντι
474 1747 568 1804 τὸν
586 1749 739 1819 λαὸν,
761 1756 857 1809 καὶ
873 1757 1038 1814 πάλιν
1062 1743 1757 1835 ἀναλαέιϐάνοντιβέλτίω
1770 1786 1838 1825 τε

238 1836 336 1890 τὸν
371 1838 502 1895 ναὸν
529 1842 624 1897 καὶ
667 1843 768 1918 τὴν
803 1846 963 1902 πόλιν
1001 1827 1717 1930 κατασκευάζοντιηδίκην
1747 1879 1839 1917 κε-
1867 1827 1912 1887 Β

229 1930 480 2000 ραμέως
505 1933 576 1988 τὰ
599 1939 959 2011 συντριϐέντα
980 1943 1145 1999 πάλιν
1170 1947 1572 2024 ἀνανεουμένῳ,
1604 1954 1699 2007 καὶ
1728 1955 1837 2010 τῶν

238 2022 486 2096 πρώτων
526 2029 766 2100 κρείττω
809 2031 1083 2091 δεικνύντι
1117 2036 1187 2091 τὰ
1226 2038 1479 2113 δεύτερα.
1517 2022 1631 2115 Τὴν
1664 2046 1837 2120 αὐτὴν

238 2111 429 2171 λαϐὼν
459 2117 597 2184 Θεὸς
634 2121 731 2177 καὶ
761 2125 898 2195 πρὸς
939 2126 1214 2200 Ἰερεμίαν
1251 2111 1438 2189 εἰκόνα
1464 2111 1834 2209 προσέθηκεν·

244 2226 265 2260 ι
289 2208 359 2262 ιιι
379 2210 608 2279 καθὼςὸ
638 2219 919 2288 κεραμεὺς
949 2212 1106 2286 οὗτος
1134 2222 1195 2276 οὐ
1215 2225 1521 2299 δυνήσομαι
1544 2229 1641 2285 τοῦ
1669 2233 1837 2305 ποιῆ-

238 2317 337 2355 σαι
372 2303 521 2374 ὑμᾶς
573 2304 726 2373 οἶκος
771 2310 1022 2385 Ἰσραήλς
1064 2334 1084 2369 ι
1119 2318 1216 2371 καὶ
1253 2317 1350 2375 νῦν
1376 2319 1435 2374 δέ
1468 2339 1604 2393 φησι
1629 2324 1718 2379 διὰ
1739 2303 1836 2380 τοῦ

236 2394 519 2466 παρόντος
558 2403 865 2475 προφήτου,
911 2406 993 2460 ὅτι
1035 2408 1289 2474 ,βέλτιον
1318 2414 1347 2455 ι
1379 2419 1834 2489 κατεσκεύασα,

236 2487 338 2542 νῦν
385 2490 464 2554 ὡς
511 2494 716 2562 πηλὸν
764 2500 1069 2570 κεραμέως
1114 2504 1206 2559 τὸν
1261 2507 1431 2562 πάλαι
1479 2487 1837 2582 συντριϐέντα

234 2580 395 2640 λαόν.
443 2583 591 2640 Ἀντί
632 2588 690 2643 δὲ
730 2590 827 2645 τοῦ
879 2594 1070 2650 ποιῶν
1099 2596 1358 2662 ,ϐέλτιον
1387 2580 1833 2674 κατεσκεύασα,

236 2673 549 2747 Σύμμαχος
574 2676 779 2752 ἔφησεν
795 2694 808 2710 ·
842 2683 987 2740 Οὐαὶ
1009 2688 1042 2740 ό
1064 2686 1397 2760 ἀντιλέγων
1421 2692 1501 2759 τῷ
1529 2673 1837 2753 πλάσαντι

235 2766 454 2823 αὐτόν.
500 2771 648 2825 ’Λντὶ
694 2772 753 2827 δὲ
790 2774 920 2828 τοῦ·
967 2778 1064 2849 Μὴ
1095 2783 1130 2835 ό
1162 2781 1452 2852 ἀροτριῶν
1492 2787 1836 2859 ἀροτριάσει

233 2857 359 2927 τὴν
390 2861 507 2930 γῆν
528 2878 549 2927 ;
573 2866 602 2917 ὁ
653 2865 975 2938 Θεοδοτίων,
1009 2871 1299 2944 ἀρὸτριῶν
1326 2878 1470 2946 τοὺς
1515 2857 1837 2951 ἀροτριῶν-

231 2967 348 3018 τας
371 2951 488 3022 τὴν
505 2954 646 3025 γῆν.
678 2958 820 3046 Ἐγὼ
842 2961 973 3033 γὰρ,
1000 2966 1192 3034 φησὶν,
1223 2966 1252 3019 ὁ
1274 2969 1403 3034 τοὺς
1427 2971 1712 3041 οἰκοῦντας
1738 2976 1838 3046 τὴν

232 3043 346 3113 γῆν
372 3048 639 3117 γεωργῶν
664 3034 983 3120 μετέπλασα
1008 3055 1102 3109 τὸν
1130 3055 1284 3113 λαόν.
1316 3060 1407 3132 Μὴ
1433 3061 1528 3117 οὖν
1558 3034 1841 3120 ἐναντιοδ-

1950 1202 2117 1273 ﬁgulo
2140 1219 2160 1260 :
2178 1205 2324 1274 Quid
2340 1208 2500 1279 facis,
2529 1215 2781 1282 quoniam
2799 1233 2904 1271 non
2926 1222 3184 1290 operaria,
3200 1240 3363 1295 neque
3381 1225 3543 1281 habes

1949 1310 2141 1353 manus
2166 1300 2193 1356 2
2233 1297 2324 1355 ναξ
2353 1303 2445 1373 qui
2474 1302 2605 1360 dicit
2636 1310 2805 1378 patri,
2841 1308 2983 1378 Quid
3005 1315 3278 1384 generabis
3304 1319 3329 1374 ?
3358 1330 3463 1376 etc.

2020 1473 2135 1533 Illis
2165 1478 2347 1535 oratio
2395 1493 2734 1542 succensere
2770 1486 3010 1558 videtur,
3058 1491 3152 1562 qui
3202 1503 3325 1563 post
3357 1504 3539 1553 tantas

1948 1568 2350 1637 promissiones
2392 1574 2460 1630 ad
2496 1590 2621 1631 eum
2667 1593 2779 1634 non
2817 1578 3108 1649 festinant,
3140 1586 3235 1654 qui
3277 1595 3553 1659 tanquam.
3654 1567 3664 1579 ’

1947 1659 2195 1717 omnium
2247 1656 2416 1735 Deus,
2459 1682 2584 1723 cum
2641 1672 2906 1742 populum
2955 1676 3279 1748 aliquandiu
3326 1681 3537 1749 aﬂlixit,

1946 1750 2186 1810 admittit
2210 1771 2450 1828 rursum,
2483 1764 2799 1838 temploque
2828 1775 2882 1823 et
2915 1769 3051 1825 urbe
3078 1772 3133 1825 in
3179 1772 3371 1829 melius
3403 1790 3542 1844 prte-

1939 1847 2168 1915 paratis,
2227 1863 2350 1918 quae
2401 1854 2641 1911 contrita
2686 1854 2951 1926 fuerant,
3003 1877 3111 1916 non
3165 1863 3327 1919 aliter
3371 1882 3549 1937 quam-

1938 1935 2163 2006 ﬁgulua,
2187 1938 2486 2008 instaurat,
2520 1952 2575 2001 et
2606 1949 2848 2003 secunda
2882 1951 3164 2020 prioribus
3196 1935 3427 2012 meliora
3455 1959 3540 2015 ef-

1938 2025 2075 2082 ﬁcit.
2101 2026 2203 2086 Est
2230 2046 2361 2088 vero
2398 2040 2455 2090 et
2494 2036 2640 2107 apud
2669 2036 2967 2095 Jeremiam
2999 2042 3190 2099 eadem
3235 2060 3373 2101 usus
3400 2046 3543 2102 ima-

1938 2119 2064 2191 gine
2093 2121 2261 2193 Deus,
2301 2141 2427 2182 cum
2450 2129 2527 2185 ait
2558 2146 2571 2183 :
2602 2148 2621 2183 ι
2651 2129 2940 2206 Nunquid,
2979 2136 3127 2193 sicut
3172 2137 3373 2210 ﬁgulus
3408 2140 3545 2208 istc,

1937 2229 2049 2271 non
2088 2225 2284 2288 potero
2325 2220 2484 2280 vobis
2520 2223 2724 2294 facere,
2752 2227 2951 2285 domus
2974 2229 3144 2288 Israel
3178 2232 3266 2286 "-?
3295 2252 3314 2285 ι
3350 2232 3443 2289 Sic
3481 2245 3553 2291 et.

1936 2307 2108 2381 hujus
2139 2327 2200 2369 se
2223 2311 2340 2384 jam
2375 2318 2657 2388 pr0phctae
2676 2334 2809 2377 voce
2836 2325 3140 2379 contritum
3161 2332 3401 2383 veterem
3436 2344 3538 2399 po-

1934 2402 2154 2470 pulum,
2197 2412 2453 2476 tanquam
2488 2410 2645 2480 ﬁguli
2679 2410 2853 2467 lutum
2899 2412 3063 2486 515
3096 2432 3395 2487 reparasse,
3425 2436 3537 2476 me:

1936 2490 2230 2564 ﬂoremque
2266 2496 2515 2555 effecisse
2562 2502 2860 2573 significat.
2912 2504 3021 2562 Sed
3064 2510 3370 2567 notandum
3424 2521 3532 2579 est,

1935 2598 2049 2655 quo
2080 2587 2224 2656 loco,
2260 2591 2462 2661 faciens
2494 2596 2769 2652 meliorem
2801 2603 3106 2669 prwparavi
3131 2604 3425 2675 habemus,
3459 2627 3539 2665 υιο

1944 2677 2038 2747 qui
2094 2681 2421 2737 contradicit
2478 2685 2661 2755 lictori
2710 2705 2808 2744 suo
2857 2688 3251 2764 Symmachum
3317 2699 3531 2771 legere,

1936 2767 2159 2840 deinde,
2185 2789 2287 2844 pro
2318 2777 2560 2848 nunquid
2598 2795 2762 2843 orans
2800 2783 2980 2838 arabit
3015 2794 3238 2855 terram,
3276 2767 3533 2849 Theodo-

1938 2860 2166 2930 tionem,
2203 2864 2296 2934 qui
2333 2874 2458 2919 arat
2489 2878 2708 2924 arantes
2741 2880 2966 2940 terram,
3003 2876 3385 2949 interpretari.
3408 2881 3538 2952 Ipse

1938 2952 2111 3019 enim,
2136 2952 2235 3019 ait,
2277 2956 2543 3027 populum
2584 2962 2641 3013 in
2696 2961 2929 3017 formam
2964 2964 3131 3020 aliam
3167 2971 3400 3037 mutavi,
3437 2976 3533 3043 qui

1943 3053 2103 3101 terrae
2129 3047 2365 3116 incolas,
2398 3064 2657 3121 agrorum
2699 3052 2896 3122 instar,
2920 3072 3174 3126 exerceo,
3224 3069 3278 3118 et
3309 3065 3533 3136 suliigo.

241 3135 344 3189 σοι
379 3140 501 3203 ταῖς
533 3141 697 3212 ὲμαῖς
747 3144 1108 3219 οἰκονομίαις,
1143 3151 1225 3217 ὡς
1256 3152 1401 3207 οὐδέ
1439 3158 1638 3224 πηλὸς
1668 3175 1830 3229 κερα-

1943 3133 2138 3194 Videte
2160 3137 2330 3208 igitur
2358 3155 2428 3196 ne
2454 3141 2710 3199 instituto
2750 3160 2875 3202 meo
2901 3163 3147 3221 meaeque
3172 3133 3535 3223 providerunt:

232 3228 357 3299 μεῖ.
396 3232 606 3300 Πηλοῦ
639 3236 750 3308 γὰρ
775 3237 933 3307 λόγον
967 3240 1037 3294 ἐκ
1068 3240 1182 3312 γῆς
1207 3246 1588 3315 πλασθέντες
1634 3228 1833 3322 ἔχομεν

230 3320 311 3385 ὡς
342 3325 480 3395 πρὸς
513 3327 773 3398 κεραμέα
801 3331 894 3384 τὸν
929 3332 1153 3389 πάντων
1178 3339 1544 3410 Δημιουργόν.
1588 3320 1703 3408 Πᾶς
1732 3320 1832 3416 μὲν

230 3413 330 3469 οὖν
359 3416 779 3492 ἐναντιούμενος
812 3424 1191 3493 ταλανξζεται,
1222 3429 1520 3502 ἐξαιρέτως
1564 3434 1623 3489 δὲ
1656 3436 1686 3489 ὁ
1716 3413 1831 3492 Πα-

230 3506 374 3578 τέρα
422 3506 608 3579 λαχὼν
658 3511 752 3567 τὸν
794 3513 930 3567 Θεὸν
969 3516 1123 3587 αὐτῷ
1164 3535 1225 3573 τε
1271 3516 1423 3585 λαὸξ
1444 3522 1825 3597 ἀνακείμενος.

235 3601 387 3657 οὐαί
421 3602 533 3675 γὰρ
562 3605 596 3659 ὁ
641 3607 838 3677 λέγων
881 3608 963 3676 τῷ
991 3611 1198 3682 πατέρι
1246 3615 1461 3685 αὐτοῦ,
1502 3618 1565 3673 Τί
1607 3622 1825 3690 γεννή-

230 3707 408 3762 σεις;
436 3695 470 3767 ἢ
510 3698 655 3752 κατὰ
686 3699 1008 3773 Σύμμαχον,
1042 3706 1105 3759 Τί
1132 3705 1502 3777 ἐγέννησας
1525 3712 1599 3765 Οὐ
1628 3713 1830 3767 παύον-

227 3802 323 3840 ται
352 3786 463 3858 γάρ
494 3805 643 3854 τινες
680 3790 1044 3860 ἐγκαλοῦντες
1073 3793 1195 3873 Θεῷ
1219 3809 1235 3825 ·
1274 3795 1340 3849 Τί
1370 3798 1478 3867 γὰρ
1503 3798 1612 3852 ἔδει
1634 3800 1826 3855 τούτου

224 3877 326 3932 τοῦ
359 3877 509 3950 βίους
539 3882 635 3948 Τίς
664 3884 697 3954 ή
733 3885 924 3938 τούτου
958 3886 1263 3957 διοίκησιςς
1299 3889 1395 3944 καὶ
1421 3890 1504 3956 τίς
1536 3893 1761 3949 ἐκείνων
1792 3897 1826 3968 ἡ

226 3974 394 4047 χρεία
417 3991 433 4042 ;
469 3975 642 4049 ἐχρῆν
664 3976 723 4031 δὲ
754 3977 901 4033 οὕτω
928 3981 1284 4053 γεγενῆσθαι.

194 4248 219 4285 ’κ
300 4237 441 4296 Εἷτὰ
470 4257 658 4312 φησιν’
692 4241 1067 4312 Ἐρωτήσιιτέ
1084 4234 1163 4314 με
1203 4246 1337 4315 περὶ
1370 4246 1490 4301 τῶν
1512 4249 1659 4303 υἱῶν
1678 4268 1824 4321 μου,

226 4333 332 4389 καὶ
363 4334 498 4403 περὶ
527 4334 647 4389 τῶν
676 4330 868 4406 ἔργων
898 4336 1020 4392 τῶν
1046 4339 1411 4410 χειρῶνμου.
1448 4342 1549 4396 Διὰ
1574 4344 1673 4414 μὲν
1705 4344 1825 4399 τῶν

226 4424 378 4480 υἱῶν
407 4425 692 4497 σημαίνων
724 4428 824 4499 τὴν
856 4432 1055 4502 νοερὰν
1087 4431 1276 4485 οὐσίαν
1308 4433 1405 4486 καὶ
1437 4433 1688 4508 λογικήν.
1722 4439 1823 4493 Διὰ

1944 3228 2335 3301 adversemini,
2361 3249 2465 3289 non
2490 3235 2660 3307 magis
2683 3253 2845 3308 quam
2879 3239 3052 3296 lutum
3089 3244 3278 3315 ﬁgulo.
3321 3246 3532 3305 Sumus

1934 3320 2084 3377 enim
2126 3323 2231 3377 luti
2264 3324 2464 3393 instar,
2502 3326 2597 3398 qui
2647 3329 2712 3383 de
2743 3338 2889 3385 terra
2925 3334 3202 3405 ﬁngimur,
3231 3337 3276 3392 si
3306 3338 3373 3394 ad
3407 3355 3530 3393 om-

1932 3414 2087 3472 nium
2133 3416 2390 3487 opificem
2440 3420 2667 3490 ﬁgulum
2714 3424 3068 3495 respicimus.
3113 3427 3212 3485 Est
3257 3430 3533 3502 igiturin-

1932 3506 2062 3564 felix
2084 3509 2408 3581 quicunque
2434 3513 2614 3570 eidem
2646 3515 2996 3586 adversatur,
3024 3520 3120 3576 sed
3140 3522 3230 3577 ille
3256 3524 3534 3596 praecipue

1930 3599 2027 3670 qui
2068 3598 2239 3657 Deum
2282 3602 2337 3658 in
2393 3605 2614 3661 Patrem
2663 3606 2916 3675 sortitus,
2966 3611 3256 3683 eidemque
3293 3618 3534 3688 populus

1930 3692 2163 3751 eﬂ'ectus
2225 3695 2330 3768 ipsi
2376 3711 2500 3753 sese
2534 3699 2711 3755 'audet
2755 3715 3058 3771 opponere.
3102 3703 3195 3761 Vae
3236 3708 3382 3763 enim
3436 3710 3533 3780 qui

1929 3784 2059 3839 dicit
2084 3785 2229 3854 patri
2253 3802 2371 3851 suo,
2399 3786 2542 3854 Quid
2558 3789 2839 3860 generabis
2862 3795 2890 3849 Ρ
2907 3801 3022 3861 aut,
3046 3796 3351 3852 secundum
3376 3798 3531 3871 Sym-

1929 3876 2209 3945 machum,
2230 3877 2372 3946 Quid
2395 3882 2676 3951 genuisti?
2706 3897 2816 3937 non
2842 3883 3106 3943 desinunt
3127 3888 3277 3944 enim
3306 3888 3419 3946 Deo
3445 3893 3528 3948 sic

1937 3971 2241 4026 conviciari
2286 3972 2569 4030 nonnulli:
2592 3974 2935 4047 Ecquidnam
2958 3979 3072 4036 vita
3104 3981 3208 4039 ista
3236 3997 3378 4056 opus
3393 3984 3534 4040 fuit?

1932 4064 2135 4135 ecquid
2171 4066 2367 4124 isthaec
2398 4068 2811 4126 administratio
2837 4071 2861 4126 ?
2888 4071 3075 4145 Ecqua
3109 4075 3333 4133 illorum
3368 4079 3525 4134 utili~

1931 4157 2056 4215 tas?
2086 4160 2156 4214 At
2179 4160 2254 4215 ita
2287 4159 2405 4215 ﬁeri
2429 4163 2704 4233 oportuit.

2003 4250 2209 4307 Deinde
2251 4251 2479 4322 subiicit
2504 4270 2518 4307 :
2544 4251 2880 4326 Interrogata
2914 4272 2998 4312 me
3023 4256 3090 4312 de
3126 4258 3256 4329 ﬁliis
3282 4261 3434 4327 meis,
3476 4274 3526 4318 et

1929 4345 1995 4400 de
2018 4343 2262 4413 operibus
2293 4360 2549 4398 manuum
2582 4361 2845 4402 mearum.
2878 4347 2980 4404 Ubi
3005 4348 3245 4418 ﬁliorum
3275 4354 3523 4423 nomine,
3560 4398 3561 4403 η

1928 4435 2298 4508 intelligendi,
2328 4434 2809 4509 ratiocinandique
2843 4454 3078 4509 capaces
3109 4450 3339 4499 naturas
3372 4461 3386 4510 ;
3428 4462 3527 4517 per

224 4516 284 4570 δὲ
318 4515 437 4571 τῶν
496 4517 707 4587 ἔργων,
740 4518 809 4573 τὰ
849 4520 989 4592 μέρη
1038 4521 1134 4574 τοῦ
1181 4522 1413 4595 κόσμου.
1441 4525 1506 4579 Ei
1559 4527 1663 4597 μὲν
1710 4530 1818 4602 γὰρ

1940 4543 2087 4598 ψενα
2146 4536 2364 4594 autem,
2411 4529 2603 4585 mundi
2676 4539 2864 4601 partes
2934 4532 3226 4593 intellexit.
3279 4536 3337 4591 Si
3387 4515 3521 4609 quid

225 4606 379 4680 ἔχεις
404 4624 480 4674 τι,
506 4609 699 4681 φησὶν.
753 4612 950 4680 εἰπεῖν,
982 4612 1062 4675 εἰς
1095 4614 1306 4669 τούτων
1337 4615 1821 4691 ὄιόρθωσιν,,λέγε.

223 4702 291 4755 Ei
322 4699 382 4754 δὲ
419 4702 611 4772 μαθεῖν
640 4719 727 4766 τις
759 4702 935 4758 ἐθέλει
963 4704 1092 4775 περὶ
1124 4707 1326 4774 αὐτῶν,
1378 4709 1466 4765 διὰ
1513 4711 1622 4765 τῶν
1670 4714 1822 4783 ἐμῶν

1924 4623 2071 4680 enim
2097 4623 2248 4680 vales
2274 4623 2485 4690 dicere,
2511 4623 2711 4694 inquit,
2737 4634 2793 4681 tu
2821 4627 2958 4683 illud
2990 4628 3045 4682 in
3080 4630 3312 4685 istorum
3337 4646 3524 4687 emen-

1924 4716 2202 4772 dationem
2255 4716 2731 4789 directionemque
2782 4721 3097 4790 producito.
3170 4723 3268 4778 Sin
3327 4734 3516 4780 autem

221 4793 500 4864 ἐρωτάτω
523 4811 593 4866 με
644 4798 966 4868 προφητῶν,
1000 4798 1098 4852 καὶ
1129 4799 1402 4868 γνώσεται
1448 4803 1572 4859 τίνα
1618 4806 1821 4876 τρόπον

1940 4810 2140 4867 liscere
2188 4818 2243 4865 et
2294 4811 2489 4867 audire
2531 4810 2599 4867 de
2637 4813 2751 4869 illis
2797 4814 3097 4886 quisquam
3138 4817 3361 4887 cupiat,
3421 4834 3519 4889 per

221 4889 411 4942 πάντα
428 4888 601 4943 διὲπω
625 4890 948 4961 κηδόμενος.
986 4891 1123 4946 Τίνα
1150 4893 1261 4964 γὰρ
1297 4894 1413 4967 ἔχει
1466 4897 1678 4969 μέμψιν
1710 4899 1821 4955 ἀν-

1940 4918 2079 4961 neos
2125 4919 2214 4960 me
2248 4905 2549 4977 prophetas
2603 4906 2915 4978 interroget,
2952 4918 3012 4963 ut
3037 4908 3130 4979 qui
3172 4910 3358 4966 omnia
3398 4911 3521 4979 ipse

220 4980 467 5050 θρώπου
495 4981 864 5054 δημιουργίας
898 4985 1055 5037 ποῖον
1098 4984 1156 5037 δὲ
1180 4986 1427 5058 κάλλοςῆ
1458 4985 1690 5059 μέγεθος
1717 4995 1820 5047 οὺ.

212 5075 414 5147 ρανὸς
435 5076 500 5129 οὐ
525 5074 869 5149 παρέρχεται
892 5093 907 5142 ;
937 5077 991 5131 τί
1013 5077 1071 5131 δὲ
1093 5079 1167 5150 μὴ
1188 5080 1326 5152 πρὸς
1353 5082 1543 5153 χρείαν
1569 5085 1816 5155 ὲγένετο;

216 5165 319 5236 Γῆ
353 5165 453 5239 μὲν
478 5166 696 5239 οἴκησιν
741 5167 1053 5239 ἀνθρώπῳ,
1078 5172 1173 5225 καὶ
1200 5172 1367 5241 φυτὰ,
1412 5174 1506 5229 καὶ
1535 5176 1651 5241 ςῶα
1679 5178 1821 5247 πρὸς

215 5262 324 5330 τὴν
344 5260 514 5315 αὐτοῦ
547 5265 769 5333 χρῆσιν,
824 5263 1166 5337 παρέχουσα.
1224 5268 1496 5335 Bupalo-oi}
1523 5269 1580 5323 δὲ
1624 5270 1818 5342 ἄστρα

215 5350 320 5407 νῦν
353 5351 456 5423 μὲν
485 5353 637 5424 αὐτῷ
658 5353 1039 5425 δᾳδουχοῦντα·
1077 5356 1173 5410 νῦν
1201 5356 1261 5411 δὲ
1286 5359 1449 5414 πάλιν
1478 5362 1536 5415 ἐν
1565 5363 1814 5436 ἀρμονίῳ

215 5449 439 5516 κινήσει
492 5451 700 5518 σημεῖα
740 5450 835 5503 καὶ
867 5450 1098 5522 χρόνους
1143 5453 1477 5508 ἀποτελέσαι
1512 5456 1811 5528 δυνάμενα.

214 5542 367 5613 Πρὸς
392 5541 450 5595 δὲ
479 5544 593 5606 τοῖς
619 5542 802 5609 ἄλλοις
834 5545 1043 5610 καλοῖς,
1082 5546 1320 5616 Ἥγειρα
1342 5548 1436 5602 καὶ
1454 5548 1542 5603 διὰ
1569 5550 1662 5605 τὸν
1681 5552 1815 5623 ἐμὸν

293 5659 339 5694 η
362 5659 510 5716 Fsal.
549 5676 754 5735 uxin,
786 5664 873 5723 1‘2.
956 5667 997 5698 ¹⁹
1032 5664 1232 5723 Jcrem.
1256 5662 1433 5738 'xvm,
1470 5669 1504 5725 6

1928 5011 2126 5065 magna
2162 5012 2295 5052 cura
2341 4997 2560 5063 obeam,
2608 4997 2902 5068 intelligat.
2938 4997 3081 5065 Quid
3131 5000 3278 5054 enim
3327 5006 3411 5056 est
3459 5000 3518 5055 in

1928 5086 2158 5142 hominis
2185 5086 2418 5153 fabrica,
2449 5088 2597 5158 quod
2631 5089 2922 5159 quisquam
2948 5091 3317 5160 reprehendat
3332 5091 3356 5145 Ἰ
3371 5090 3518 5158 Quid

1926 5176 2217 5248 pulchrum
2264 5175 2421 5242 adeo,
2471 5175 2559 5231 vel
2593 5191 2876 5247 magnum,
2919 5178 3070 5247 quod
3124 5182 3418 5250 splendore
3461 5189 3521 5235 et

1924 5267 2287 5338 amplitudine
2315 5266 2505 5321 caelum
2547 5282 2657 5322 non
2692 5267 2955 5338 superet?
2985 5267 3131 5335 Quid
3176 5287 3289 5327 non
3330 5272 3385 5325 in
3424 5285 3519 5325 co-

1924 5365 2046 5420 dem
2075 5363 2143 5417 ad
2170 5363 2464 5417 utilitatem
2505 5360 2925 5433 comparatum?
2958 5361 3128 5419 Terra
3149 5364 3512 5436 quidemipsa

1926 5457 1981 5511 in
2013 5455 2433 5519 habitationem,
2474 5460 2534 5507 ut
2567 5453 2789 5523 plantae,
2835 5461 2891 5509 et
2927 5456 3189 5511 animalia
3225 5457 3280 5511 in
3324 5470 3513 5518 usum,

1924 5549 2226 5604 hominibus
2249 5555 2540 5604 cesserunt
2568 5563 2583 5601 :
2609 5546 2927 5606 caeliautem
2962 5557 3138 5617 astra,
3170 5549 3367 5622 partim
3390 5550 3517 5623 qui-

1551 5792 1786 5850 vamm
1821 5770 2239 5851 caenosas.

306 5875 331 5915 Ιί
352 5892 443 5947 π).
468 5870 684 5943 βελτίω.
