3916 6388
428 300 576 374 2423
1745 302 2104 365 PROCOPII
2142 303 2386 364 GAZ/EI
2828 314 2835 335 ν
3569 309 3702 379 etet

430 418 558 475 dem
600 424 663 473 ut
701 414 810 489 ipsi
859 417 1255 490 praelii-aerem;
1305 416 1507 488 partim
1561 430 1716 483 vero,
1757 423 1821 472 ut
1869 427 2019 471 motu
2054 434 2067 480 λ

2173 416 2256 470 ιδν
2284 417 2555 481 ,βασιλέα
2576 456 2592 483 ,
2622 417 2656 489 ἢ
2691 417 2911 488 Κῦρον,
2944 418 3141 488 λέγων,
3175 414 3269 489 οὗ,
3303 421 3568 493 (malum!
3590 426 3706 481 ὁδοὶ

435 498 706 567 ὼιιιίηυο
748 510 906 581 signa
947 518 1004 567 et
1037 520 1284 580 tempora
1324 510 1600 567 conﬁcere
1637 508 1909 568 valerent.
1941 508 2018 563 Ad

2173 511 2374 569 ύθεῖαι.
2421 514 2493 566 Ἦ
2522 512 2668 567 κατὰ
2696 512 3019 585 Σύμμαχον,
3055 516 3156 568 καί
3180 514 3389 584 πάσας
3410 517 3517 585 τὰς
3538 519 3706 587 όδσὺς

432 605 576 671 haec,
618 613 678 660 ut
719 604 981 672 praeclara
1034 603 1141 657 alia
1179 611 1410 671 taceam,
1456 605 1691 661 excitavi
1710 609 1766 660 et
1809 602 1931 674 ipse
1973 600 2029 656 in

2173 605 2326 659 ;ὐτοῦ
2352 605 2608 662 endured).
2643 606 2757 662 Kal
2780 603 2964 675 οὗτος
2990 607 3376 679 οίκοδομήσει
3408 609 3713 680 τὴν-πόλιν
3806 636 3826 657 ι

358 721 365 763 ι
439 699 630 768 populi
682 698 787 753 mei
837 695 1194 752 commodum
1240 695 1408 769 516
1444 714 1639 769 regem,
1692 696 1783 753 vel
1829 694 2030 768 Cyrum

2173 699 2555 771 :ov..Auvap.st.
2582 699 2710 770 τγὰρ
2744 700 2909 765 αὐτὸς
2969 701 3132 755 αὐτὸν
3170 699 3561 772 ᾠκοδόμησεν
3604 705 3716 759 ἐπι-

366 806 370 810 ’
437 790 713 856 innuens;
746 804 921 859 cujus,
956 789 1159 860 inquit,
1193 789 1293 855 via:
1320 798 1478 844 recta:
1505 800 1651 857 sunt,
1693 798 1789 845 aut
1817 802 2020 845 secun-

2173 788 2344 859 ρέψας
2367 793 2484 854 τοίς
2517 791 2801 845 ἐθέλουσιν
2824 791 3058 857 ἀνιέναι,
3081 791 3357 847 καὶτοῦτο
3381 796 3554 848 ποιεῖν
3583 796 3720 860 μετὰ

437 882 568 933 dum
600 878 994 950 Symmachum
1036 896 1051 931 :
1088 879 1155 935 Et
1181 897 1362 959 omnes
1393 882 1508 936 uias
1542 881 1659 952 ejus
1691 882 1926 952 dirigam
1949 886 2032 934 :et

2173 879 2331 949 ὠρων
2391 881 2617 947 τούτους
2664 883 2847 953 ἀφείς.
2885 885 2957 937 Ἦ
2987 883 3303 956 Ζοροϐάϐελ
3332 886 3399 938 ὲκ
3440 879 3605 940 Δᾶϐὶδ
3633 885 3719 939 Elt-

435 974 551 1041 ipse
585 972 873 1043 wdiﬁcabit
904 974 1177 1028 civitatem
1211 990 1403 1029 meam.
1428 973 1562 1029 Eam
1603 975 1748 1030 enim
1778 975 1897 1044 ipse
1934 986 2029 1043 por

2173 990 2299 1027 οντα
2318 975 2419 1048 τὴν
2443 975 2631 1047 γονὴν,
2653 976 2712 1041 ὃς
2735 975 3087 1047 ἡγησάμενος
3108 976 3217 1032 τῶν
3237 976 3572 1031 ἀνελθόντων
3592 980 3725 1045 ᾠκο-

439 1063 611 1119 tentia
642 1058 964 1135 wdiﬁcavit,
995 1065 1088 1135 qui
1120 1065 1441 1122 volentibus
1463 1066 1668 1134 redire,
1702 1074 1759 1121 et
1790 1065 2031 1136 idipsum

2173 1066 2364 1137 όμησε
2387 1067 2481 1121 τὸν
2529 1069 2676 1124 ναόν.
2713 1069 2849 1140 Περὶ
2875 1060 2938 1122 οῦ
2970 1085 3140 1141 φησιν
3165 1084 3179 1098 ⁸
3216 1088 3235 1121 ι
3259 1069 3328 1123 Ai
3354 1072 3538 1141 χεῖρες
3566 1072 3721 1142 Ζορο-

439 1165 724 1224 praestare,
758 1155 948 1213 multis
986 1157 1297 1212 muneribus
1338 1157 1585 1229 acceptis
1628 1155 1976 1214 concessit"
2016 1172 2030 1208 :

2176 1156 2309 1211 άϐελ
2336 1158 2713 1231 ὲθεμελίωσαν
2740 1159 2833 1214 τὸν
2893 1159 3044 1215 οἷκον
3083 1158 3298 1230 τοῦτον,
3343 1163 3442 1215 καὶ
3471 1162 3529 1214 αἱ
3559 1163 3725 1233 χεῖρες

369 1243 375 1250 ’
441 1249 533 1303 vel
566 1247 961 1305 Zorobabelem
997 1249 1065 1305 de
1091 1249 1264 1321 stirpe
1291 1249 1517 1306 Davidis
1558 1258 1915 1322 prognatum;
1944 1245 2039 1318 qui

2173 1245 2315 1301 ιύτοῦ
2338 1247 2748 1304 ὲπιτελέσουσιν
2776 1249 2998 1304 αὐτῶν
3693 1260 3696 1269 '

446 1356 573 1396 cum
607 1341 976 1397 redeuntibus
1014 1341 1355 1411 praefuisset,
1383 1351 1439 1397 et
1472 1342 1591 1413 ipse
1626 1341 1892 1413 templum
1924 1339 2274 1394 instauravit.
2304 1339 2496 1411 Itaque
2532 1350 2589 1397 et
2611 1341 2680 1397 de
2714 1342 2813 1397 illo
2871 1343 2928 1398 in
2990 1342 3142 1400 hunc
3197 1342 3427 1401 modum
3482 1341 3723 1415 legimus:

453 1451 474 1484 c
520 1431 719 1488 Manus
761 1430 1071 1487 Zorobabel
1128 1430 1444 1486 fundarunt
1483 1429 1709 1487 domum
1763 1430 1952 1495 istam,
1990 1432 2047 1482 et
2083 1440 2283 1485 manus
2310 1428 2558 1499 ejusdem
2587 1430 2874 1501 perﬁcient
2903 1445 3022 1486 eam
3063 1431 3135 1487 “.
3183 1451 3204 1486 ι

516 1524 891 1581 Commodius
923 1530 1106 1580 autem
1141 1523 1210 1580 de
1235 1523 1459 1580 Christo
1506 1523 1873 1596 intelligatur,
1912 1534 2039 1577 cum

2220 1520 2573 1594 Οίκειότερον
2603 1522 2650 1576 δ’
2673 1522 2741 1577 ἂν
2772 1522 2867 1577 ἐπὶ
2896 1523 3140 1595 Χριστοῦ
3166 1523 3532 1595 λαμϐάνοιτο,
3561 1525 3619 1591 ὃς
3644 1526 3728 1581 καί

448 1618 520 1674 de
550 1632 612 1673 se
641 1617 719 1672 ita
757 1616 1023 1688 loquatur
1060 1636 1073 1671 :
1117 1635 1138 1669 ι
1179 1615 1299 1688 Ego
1324 1609 1669 1675 constitutus
1702 1631 1824 1674 sum
1855 1631 1946 1673 rex
1972 1613 2043 1671 ab

2173 1630 2316 1687 ρησιν
2340 1631 2355 1645 ο
2396 1634 2415 1667 ι
2453 1613 2599 1685 Ἐγὼ
2625 1614 2683 1670 δὲ
2709 1615 3058 1688 κατεστάθην
3112 1615 3375 1687 βασιλεὺς
3437 1618 3529 1671 ὑπ’
3577 1619 3727 1673 αὐτοῦ

447 1725 516 1766 eo
562 1726 731 1782 super
788 1710 921 1766 Sion
974 1716 1221 1767 montem
1261 1719 1522 1768 sanctum
1565 1709 1690 1781 ejus
1710 1711 1792 1777 “;
1836 1708 2043 1778 seujus

2173 1707 2245 1761 ,πὶ
2272 1706 2413 1761 Σιὼν
2461 1707 2590 1780 ὄρος
2610 1706 2673 1762 τὸ
2694 1708 2850 1777 ἅγιον
2902 1707 3091 1762 αὑτοῦ.
3129 1727 3148 1760 ι
3198 1704 3402 1777 Οὗπερ
3444 1707 3653 1781 ἀληθῶς
3676 1718 3728 1768 αἱ

448 1804 573 1858 sine
613 1802 996 1859 controversia
1041 1812 1200 1859 rectm
1244 1812 1370 1859 sunt
1416 1806 1555 1869 vim,
1600 1804 1807 1875 quique
1853 1816 2042 1857 veram

2173 1800 2282 1855 ίδοί
2309 1801 2552 1858 εὐθεῖαι.
2589 1802 2700 1858 Καὶ
2720 1802 2821 1874 τὴν
2872 1801 3134 1874 ἀληθινὴν
3179 1800 3346 1865 αὐτὸς
3397 1801 3729 1872 ᾠκοδόμησε

450 1897 717 1951 civitatem
743 1900 1031 1965 exstruxit,
1069 1898 1261 1955 dicens
1301 1912 1318 1952 :
1351 1916 1371 1951 ι
1403 1896 1588 1969 Super
1631 1906 1846 1969 petram
1872 1895 2048 1951 aediﬁ-

2173 1895 2359 1962 πόλιν,
2384 1894 2595 1965 λέγων·
2630 1913 2649 1948 ι
2684 1893 2812 1949 ’Ettl.
2856 1894 2958 1967 τὴν
2992 1894 3200 1966 πέτραν
3254 1893 3594 1967 οἰκοδομήσω
3637 1912 3727 1966 μου

451 1989 594 2045 cabo
624 1988 934 2053 Ecclesiam
968 2006 1169 2056 meam,
1212 2000 1267 2047 et
1295 1999 1472 2062 portae
1499 1990 1664 2047 inferi
1693 2006 1802 2047 non
1839 2004 2050 2061 prava-

449 2082 646 2139 lebunt
672 2082 941 2141 adversus
965 2100 1085 2139 eam
1115 2086 1196 2151 ’3;
1227 2104 1246 2138 ι
1283 2101 1408 2158 quae
1434 2086 1583 2143 vivis
1609 2085 1892 2155 lapidibus
1911 2099 2051 2141 con-

451 2184 613 2233 stans
648 2177 960 2249 expugnari
1012 2194 1123 2234 non
1166 2187 1351 2250 potest
1382 2198 1396 2235 :
1430 2194 1597 2251 quam
1648 2180 1780 2236 item
1826 2179 1895 2236 ab
1922 2186 2052 2237 ortu

453 2268 524 2324 ad
564 2285 828 2326 occasum
861 2280 1183 2341 protensam
1218 2273 1489 2329 servitute
1525 2271 1842 2329 daemonum
1874 2271 2052 2345 gratis

450 2361 754 2429 liberavit,
791 2361 952 2434 juxta
986 2364 1122 2420 illud
1163 2383 1176 2419 :
1219 2384 1236 2417 ι
1268 2364 1458 2421 Gratia
1486 2366 1685 2421 salvati
1730 2365 1867 2422 estis
1912 2366 1978 2420 ".
2027 2384 2045 2417 ι

455 2453 591 2520 Qua:
619 2455 766 2511 enim
799 2455 1064 2512 historice
1097 2455 1164 2513 de
1195 2457 1356 2527 Cyro,
1384 2458 1469 2512 vel
1496 2457 2053 2514 Zorobabeledicun-

454 2555 572 2612 tur,
606 2564 879 2605 verorum.
908 2557 1039 2605 sunt
1068 2549 1343 2620 symbola.
1373 2549 1456 2605 Ad
1472 2549 1755 2605 Christum
1774 2549 2052 2619 siquidem

456 2640 659 2697 melius
693 2639 974 2697 referatur
1015 2641 1147 2696 illud
1186 2658 1201 2697 :
1246 2640 1374 2697 ch
1414 2651 1594 2697 autem
1631 2640 1761 2696 dicit
1801 2641 2054 2697 Dominus

431 2722 435 2769 ί
477 2733 677 2787 christo
704 2749 816 2788 meo
839 2731 1003 2804 Cyro.
1036 2731 1225 2805 Neque
1247 2734 1421 2799 enim,
1458 2742 1517 2786 ut
1540 2733 1908 2804 praesentibus
1934 2747 2058 2789 ver-

456 2825 550 2880 bis
597 2825 984 2896 signiﬁcatur,
1025 2824 1199 2898 Cyrus
1239 2827 1357 2897 ipse
1377 2870 1405 2894 ,.
1439 2828 1540 2883 fuit
1589 2837 1777 2883 unctus
1812 2827 2055 2896 Domini,

460 2932 589 2973 cum
631 2917 805 2974 Persa
837 2928 1021 2975 esset:
1049 2927 1144 2973 aut
1174 2919 1443 2974 civitatem
1473 2919 1794 2989 wdiﬁcavit;
1825 2918 1920 2975 sed
1937 2918 2059 2989 ejus

459 3017 683 3064 tantum
720 3008 1082 3066 fundamenta
1110 3008 1294 3065 facere
1317 3011 1511 3082 coepit,
1538 3027 1661 3083 qua:
1687 3010 1907 3067 deserta
1932 3024 2062 3080 pos-

461 3113 553 3158 tca
600 3102 667 3157 ad
721 3101 876 3157 Darii
923 3119 1102 3174 usque
1154 3111 1407 3175 tempora
1455 3106 1783 3175 permansit.
1834 3104 2059 3171 Adhaec,

461 3204 588 3258 qua:
634 3198 943 3260 sequuntur
991 3191 1290 3262 deinceps,
1351 3192 1583 3249 Christo
1628 3194 1854 3264 potius,
1892 3209 2062 3265 quam

467 3256 827 3347 Zorobalieli,
856 3292 949 3338 aut
976 3281 1118 3355 Cyro
1142 3256 1512 3353 conveniant;
1541 3286 1596 3341 in
1621 3256 1826 3357 quibus
1840 3256 2067 3358 v/E-gyp-

470 3385 585 3428 tum
623 3375 900 3431 laborasse
920 3375 1083 3442 dicit,
1116 3386 1176 3432 nt
1207 3393 1305 3439 eos
1328 3393 1525 3434 omnes
1563 3379 1658 3449 qui
1688 3386 1916 3450 propter
1945 3379 2069 3435 ido-

465 3468 652 3523 lorum
687 3468 900 3523 cultum
941 3468 999 3524 in
1043 3468 1356 3524 daemonum
1404 3477 1734 3540 potestatem
1775 3481 2067 3539 venerant,

468 3561 629 3615 innui
649 3561 1021 3618 demonstret.
1045 3562 1123 3617 Ad
1151 3570 1204 3617 te
1227 3570 1414 3617 autem
1440 3579 1633 3631 regem,
1661 3562 1819 3619 addit
1842 3564 1933 3632 (de
1958 3580 2072 3636 quo

470 3655 667 3710 isthaec
687 3654 922 3711 habetur
936 3654 1413 3728 pruphetia),gcns
1432 3656 1615 3712 omnis
1637 3657 1873 3713 barbara
1889 3667 2074 3716 trans-

472 3748 747 3805 ibit.Salra
761 3749 904 3804 enim
923 3747 1233 3817 Ait/iiopica
1246 3764 1380 3818 gens
1397 3758 1499 3813 est,
1515 3748 1678 3820 cujus
1691 3749 1817 3803 olim
1834 3750 1898 3805 ad
1918 3748 2074 3806 Salo-

466 3856 690 3898 moncm
713 3841 901 3912 regina
926 3856 984 3897 se
1005 3841 1322 3902 contulit”.
1343 3839 1469 3897 Istis
1487 3857 1616 3896 vero
1639 3840 1853 3897 felicem
1890 3857 2072 3896 rerum

467 3937 680 3991 exitum
715 3976 729 3999 ,
764 3934 985 3990 Christi.
1020 3933 1280 3988 nimirum
1356 3933 1725 3988 adorationem
1781 3932 2070 4004 praedicit,

469 4028 564 4099 qui
601 4039 656 4085 et
684 4027 1059 4094 Deuserat,ct
1105 4026 1277 4083 Deum
1337 4026 1392 4081 in
1440 4042 1500 4083 se
1546 4028 1717 4098 (quod
1760 4026 1866 4098 ipsi
1919 4026 2075 4098 prius

469 4122 807 4192 ignorabant
841 4119 1185 4191 adoratores)
1212 4119 1475 4176 habebat.
1497 4119 1820 4191 517Idem
1852 4135 1985 4176 vero
2022 4127 2078 4174 et

473 4211 700 4268 Israelis
731 4213 971 4268 salvator
1012 4212 1134 4277 fuit,
1157 4211 1305 4282 quod
1336 4209 1496 4266 Iesus
1521 4211 1745 4267 nomine
1777 4201 2074 4266 indicatur.

551 4307 649 4364 flis
691 4323 861 4378 porro
912 4305 1269 4361 adorantibus
1300 4346 1315 4368 ,
1376 4305 1471 4376 qui
1531 4321 1561 4361 e
1607 4304 2073 4361 circumcisorum

476 4402 839 4472 gentiumque
873 4415 1111 4455 numero
1150 4399 1422 4455 Ecclesiae
1477 4398 1783 4465 adversati,
1822 4396 2074 4455 eamdem

478 4495 759 4565 persecuti
786 4499 935 4555 sunt,
974 4506 1098 4545 cum
1126 4491 1268 4545 nihil
1289 4504 1319 4544 a
1351 4505 1412 4545 se
1436 4490 1816 4559 imminutam,
1845 4493 1942 4549 sed
1973 4509 2075 4550 au-

2149 1987 2250 2059 τὴν
2292 1986 2647 2060 Ἐκκλησίαν,
2702 1987 2800 2043 καὶ
2855 1986 3023 2042 πύλαι
3075 1986 3207 2059 ᾅδου
3232 1986 3297 2041 οὐ
3327 1986 3727 2058 κατισχύσουσιν

2153 2083 2349 2154 αὐτῆς.
2376 2101 2398 2135 ι
2433 2082 2596 2146 Ἥτις
2621 2081 2687 2135 ἐκ
2716 2080 2881 2135 λίθων
2906 2081 3209 2150 συνέστηκε
3237 2078 3483 2146 ζώντων,
3515 2079 3725 2134 ἀκαθαί-

2154 2176 2309 2248 ρετός
2331 2191 2414 2240 τε,
2439 2174 2536 2229 καὶ
2556 2173 2664 2228 ἀπὸ
2686 2170 2965 2228 ἀνατολῶν
2992 2173 3074 2236 εἰς
3099 2169 3319 2242 δυσμὰς
3342 2170 3727 2242 παρατείνουσα

2153 2267 2536 2341 ἠλευθέρωσέν
2566 2284 2630 2321 τε
2653 2267 2754 2337 τῆς
2786 2267 2853 2321 ἐκ
2871 2264 3142 2331 δαιμόνων
3170 2262 3445 2327 δουλείας,
3470 2261 3725 2316 καὶταῦτα

2157 2365 2383 2435 προῖκα,
2414 2361 2556 2417 κατὰ
2578 2362 2662 2426 τὸ,
2687 2380 2706 2413 ι
2729 2359 2930 2431 Χάριτί
2946 2361 3073 2413 ὲστε
3102 2356 3469 2429 σεσωσμένοι.
3493 2373 3517 2407 ι
3537 2354 3614 2409 Τὰ
3632 2353 3725 2426 γὰρ

2157 2455 2302 2512 κατὰ
2332 2456 2553 2524 Κῦρον,
2575 2453 2610 2525 ἢ
2642 2452 2951 2526 Ζοροϐάϐελ
3005 2451 3279 2523 ἱστορικὰ,
3340 2448 3589 2521 σύμϐολα
3633 2449 3724 2502 τῶν

2156 2548 2375 2622 ἀληθῶν
2406 2548 2674 2620 ὑπῆρχεν.
2723 2545 2850 2600 Ἐπὶ
2874 2542 3113 2616 Χριστοῦ
3148 2542 3263 2615 γὰρ
3294 2542 3496 2614 μᾶλλον
3518 2539 3726 2612 ἁρμόσει

2157 2641 2241 2707 τὸ,
2280 2641 2424 2696 Τάδε
2442 2640 2608 2711 λέγει
2629 2639 2846 2708 Κύριος
2875 2635 2955 2702 τῷ
2982 2634 3213 2707 χριστῷ
3220 2654 3344 2707 μου
3367 2635 3559 2705 Κύρῳ.
3590 2631 3728 2687 Κατὰ

2159 2732 2271 2805 γὰρ
2300 2732 2402 2804 τὴν
2450 2731 2746 2803 πρόχειρον
2796 2727 2967 2795 λέξιν,
3023 2727 3150 2782 οὔτε
3200 2727 3454 2798 χριστὸς
3507 2724 3725 2793 Κυρίου,

2161 2826 2378 2897 Πέρσης
2409 2824 2486 2880 ὣν
2519 2826 2771 2895 ὑπῆρχεν
2804 2826 2837 2878 ὁ
2859 2822 3080 2891 Κῦρος.
3110 2819 3237 2875 οὔτε
3274 2821 3377 2893 τὴν
3405 2821 3584 2875 πόλιν
3606 2816 3728 2885 ᾠκο-

2163 2921 2455 2991 δόμησεν,
2509 2918 2654 2991 πλὴν
2682 2918 2787 2989 τῆς
2839 2917 2947 2971 τῶν
2976 2915 3251 2987 θεμελίων
3276 2913 3475 2985 ἀρχῆς.
3496 2908 3622 2966 Εἶτα
3662 2909 3727 2963 δι-

2165 3013 2382 3085 έμεινεν
2411 3012 2618 3087 ἔρημος
2652 3011 2816 3083 μέχρι
2844 3011 2945 3081 τῆς
2969 3009 3255 3081 βασιλείας
3279 3005 3529 3078 Δαρείου.
3554 3002 3652 3059 Καὶ
3673 3001 3727 3055 τὰ
3778 3020 3781 3029 ί

2165 3106 2296 3177 ἐξῆς
2316 3105 2374 3159 δὲ
2412 3104 2613 3177 μᾶλλον
2638 3103 2718 3175 τῷ
2751 3102 2977 3175 Χριστῷ
3010 3102 3157 3174 ἥπερ
3190 3099 3503 3181 Ζοροϐάϐελ
3527 3095 3727 3167 ἁρμόσει

2167 3200 2262 3255 καὶ
2283 3200 2477 3267 Κύρῳ,
2506 3199 2564 3252 ὲν
2589 3192 2673 3261 οἷς
2701 3195 3010 3266 Αιγυπτον
3033 3210 3169 3265 φησι
3210 3189 3648 3254 κεκοπιακέναι,
3664 3186 3723 3240 δι’

2171 3291 2346 3362 αὐτῆς
2375 3289 2553 3360 δηλῶν
2592 3290 2717 3353 τοὺς
2746 3290 2862 3342 ὅσοι
2888 3287 3058 3343 πάλαι
3085 3285 3176 3340 διὰ
3198 3286 3300 3357 τῆς
3320 3277 3728 3351 είδωλολατρείας

2169 3380 2312 3457 ἦσαν
2365 3382 2754 3453 δεδουλωμένοι
2812 3382 2927 3444 τοῖς
2977 3378 3259 3448 δαίμοσιν.
3329 3374 3537 3431 Ἐπὶδὲ
3570 3372 3625 3426 σὲ
3655 3369 3728 3423 τὸν

2172 3475 2660 3550 προφητευόμενον
2683 3472 2951 3543 βασιλέα
2980 3472 3077 3526 κα¹ι
3119 3472 3230 3525 πᾶν
3258 3469 3414 3533 ἔθνος
3440 3465 3727 3531 διαϐήσεται

2176 3569 2475 3642 βάρϐαρον.
2504 3567 2668 3624 Σαϐὰ
2726 3566 2836 3637 γὰρ
2894 3564 3049 3628 ἔθνος
3102 3560 3478 3625 Αἰθιοπικὸν,
3531 3550 3725 3624 οὗπερή

2177 3662 2465 3734 βασίλισσα
2506 3660 2644 3733 πρὸς
2667 3657 2924 3729 Σολομὼν
2966 3655 3330 3728 παρεγένετο.
3357 3650 3520 3714 Τέλος
3548 3647 3600 3701 δὲ
3626 3642 3725 3698 τού·

2173 3771 2288 3817 τοις
2321 3751 2525 3822 ἀγαθὸν
2547 3751 2645 3820 τὴν
2663 3747 2902 3820 Χριστοῦ
2925 3744 3296 3819 προαγορεύει
3322 3739 3726 3811 προσκύνησιν,

2175 3847 2233 3911 ὃς
2259 3847 2353 3900 καὶ
2404 3844 2549 3910 Θεὸς
2576 3838 2677 3914 ἦν,
2738 3841 2833 3894 καὶ
2862 3838 2995 3893 Θεὸν
3046 3831 3197 3908 εἶχεν
3222 3837 3285 3890 ὲν
3325 3831 3492 3904 αὐτῷ,
3548 3830 3668 3897 ὅπερ
3688 3823 3726 3874 οε

2178 3935 2611 4010 προσκυνοῦντες
2666 3933 2897 4005 ἠγνόουν
2940 3930 3003 3985 τὸ
3042 3928 3337 4003 πρότερον.
3391 3913 3726 4010 Δύτδςδὲκαὶ

2177 4007 2286 4087 nia
2329 4030 2581 4100 Ἰσραὴλ
2605 4030 2639 4083 ό
2664 4026 2893 4096 Σωτήρ.
2929 4024 3004 4079 Τδ
3032 4023 3142 4096 γὰρ
3155 4020 3405 4093 Ἰησοῦς
3434 4017 3601 4088 ὄνομα
3627 4007 3726 4066 τοῦ·

2178 4142 2241 4178 το
2262 4123 2432 4196 δηλοῖ.

2251 4303 2475 4359 Τούτων
2550 4301 2613 4356 δὲ
2673 4296 3189 4369 προσκυνούντων
3245 4295 3303 4348 οὶ
3368 4285 3726 4369 ἀντικείμενοι

2182 4397 2697 4465 καταισχύνονται
2723 4394 2790 4447 ὲκ
2813 4389 3121 4464 περιτομῆς
3144 4404 3208 4441 τε
3233 4386 3329 4441 καὶ
3383 4377 3579 4475 ὲθνιιιοὶ
3617 4365 3730 4475 καῖά

2182 4488 2413 4559 καιροὺς
2438 4484 2537 4557 τὴν
2552 4481 2884 4553 Ἐκκλησίαν
2913 4477 3226 4545 διώξαντες.
3258 4472 3441 4545 Μηδὲν
3461 4469 3563 4540 γὰρ

477 4552 626 4641 ctam
676 4586 1063 4647 intuebuntur,
1098 4581 1305 4652 pudore
1346 4579 1748 4651 su/fundentur.
1778 4583 1852 4639 Ita
1885 4594 2067 4643 autem

2185 4552 2383 4653 σανξτες
2437 4552 2706 4652 ηύξησαν.
2743 4552 2809 4632 ίό
2833 4574 2893 4630 δὲ
2936 4572 3239 4628 Θεοδοτίων
3287 4567 3561 4680 ὲξέδωέιεψ

478 4679 769 4734 transtulit
808 4674 1124 4732 Thcodotio
1162 4693 1176 4730 :
1228 4665 1425 4729 Verum
1467 4674 1524 4728 in
1566 4683 1616 4729 te
1657 4675 1853 4744 fortis:
1889 4687 1938 4732 et
1971 4695 2067 4734 non

2182 4674 2253 4729 ἐν
2276 4672 2374 4727 σοί
2408 4669 2687 4740 ίσχυρὸς,
2738 4666 2843 4721 καὶ
2865 4668 2983 4721 οὐκ
3016 4662 3193 4718 ἐστιν
3215 4661 3305 4717 ἔτι
3355 4654 3518 4723 πλὴν
3553 4654 3728 4744 auro-v-

481 4781 561 4830 est
589 4772 763 4827 adhuc
793 4777 990 4841 praeter
1043 4785 1188 4824 eum.
1218 4766 1323 4823 Ubi
1351 4766 1551 4838 Aquila
1582 4768 1750 4823 etiam
1781 4769 1939 4841 [ortis
1975 4788 2077 4828 vo.

480 4867 685 4922 cabulo
708 4882 848 4922 usus
872 4871 979 4921 est.
1002 4862 1231 4929 Deinde,
1252 4876 1357 4934 pro
1379 4876 1490 4933 quo
1520 4861 1880 4919 nesciebamus
1911 4865 2079 4921 habe-

482 4974 632 5023 mus,
660 4957 911 5012 latentem
936 4953 1242 5011 Theodotio
1273 4961 1329 5009 et
1370 4952 1763 5025 Symmachus,
1794 4954 2081 5011 abscondi-

490 5060 604 5103 tum
665 5061 847 5105 autem
888 5049 1088 5121 Aquila
1126 5046 1530 5104 reddiderunt:
1569 5052 1631 5100 ut
1662 5045 1977 5104 abstrusam
2026 5056 2081 5103 et

487 5140 836 5197 reconditam
868 5155 990 5197 esse
1013 5137 1223 5195 Christi
1237 5135 1584 5192 divinitatem
1602 5135 2075 5195 demonstrarent.

487 5232 657 5289 Recte
696 5241 878 5289 autem
928 5233 997 5289 ad
1044 5248 1128 5296 ea,
1180 5247 1305 5303 quae
1345 5230 1415 5285 de
1447 5228 1667 5285 Christo
1717 5233 1991 5302 praedixit,
2031 5240 2085 5289 ct

486 5324 736 5395 ejusdem
794 5323 1198 5401 discipulorum
1245 5319 1587 5377 mentionem
1631 5321 1855 5391 adjecit.
1906 5323 2081 5378 Erant

486 5421 632 5474 enim
665 5415 866 5484 Israel,
902 5418 993 5489 qui
1022 5416 1287 5483 salvatur,
1331 5429 1429 5485 per
1471 5414 1829 5487 eosdemque,
1865 5418 2074 5474 insulas

2181 4766 2294 4822 Καὶ
2365 4734 2624 4827 Ἀκίῖλάς,
2665 4761 2937 4830 ισχυρὸς,
2969 4756 3193 4829 ἕφησενι
3230 4751 3379 4809 Ἀντὶ
3404 4744 3461 4802 δὲ
3494 4740 3581 4798 τοῦ
3601 4755 3614 4769 ·
3641 4734 3728 4790 οὐκ

2181 4859 2445 4932 ᾔδειμεν,
2500 4855 2530 4908 ὁ
2576 4854 2675 4926 μὲν
2725 4850 3020 4907 Θεοδοτίων
3076 4847 3174 4902 καὶ
3216 4840 3730 4932 Σύμμαχος,

2181 4916 2359 5024 ἑδαῖος
2380 4916 2444 5005 1.,
2463 4951 2525 5003 '0
2549 4916 2608 5002 δὲ
2649 4944 2908 5011 Ἀκύλας,
2942 4938 3491 5011 ἀποκρυπτόμενος
3520 4925 3577 5024 ῗδ
3617 4916 3728 5024 ἀφ’

2188 5020 2399 5120 ᾇίρυφον
2459 5042 2559 5114 τῆς
2611 5039 2708 5093 τοῦ
2755 5035 2996 5110 Χριστοῦ
3054 5030 3347 5103 θεολογίας
3403 5020 3724 5120 ὲμφήνιξνῖἱῗ

2202 5105 2543 5199 ’Ᾰκολούθως
2574 5133 2633 5187 δὲ
2657 5134 2724 5205 τῇ
2752 5105 2885 5203 περὶ
2932 5125 3174 5200 Χριστοῦ
3205 5105 3616 5205 προφητείᾳ-διαὶ
3640 5105 3727 5205 tibi:

2374 5186 2667 5301 μύηται
2697 5186 2998 5297 ⁵μαθιῖιιτῶν.¹
3017 5219 3185 5275 Αὐτοὶ
3205 5186 3314 5288 γαρ
3326 5186 3477 5305 ’ἦσαν
3515 5186 3727 5305 ἰσρίὶιῖί

2193 5283 2611 5395 ἶέζυιὲμὲνοὲς,
2644 5283 2713 5375 διξ
2738 5312 2814 5375 ὧν
2834 5283 2938 5381 ἰτὰς
2977 5283 3606 5395 νήσους-ἀθεκαίνίῖεν

2186 5383 2440 5492 κλησίαξ,
2487 5383 2857 5487 οἷς-’ἁρμόσει
2904 5410 3002 5466 καὶ
3033 5383 3117 5473 τὺ,
3151 5404 3266 5459 Οὐκ
3309 5383 3722 5492 αἰσχυνθήσιηται

558 5533 841 5591 "lEsdr.
889 5484 1002 5599 ti,l
1040 5544 1192 5602 seqq.
1273 5529 1582 5586 “Zachar.
1617 5547 1692 5601 tv,
1720 5484 1778 5588 ’9.
1856 5536 1902 5566 ’³
1935 5536 2061 5593 Psal

2173 5484 2290 5601 ,ϐξ
2337 5536 2384 5568 ’³
2421 5484 2863 5598 hlattli.av1,l8.
2941 5525 2989 5558 "
3010 5520 3213 5594 Ephes.
3245 5484 3385 5583 ιι,’5.
3455 5486 3715 5552 "Illnes-

488 5621 546 5673 ι,
574 5605 595 5661 i
620 5620 784 5703 ἴδοιμι.

1796 5691 2035 5750 VARI/IS
2072 5690 2481 5751 LECTIONES.

588 5784 610 5830 ι
642 5787 935 5858 κρυφαῖος.
