3916 6412
273 301 415 369 2425

1383 306 1922 370 COMMENTARII
1957 310 2042 371 IN
2075 313 2368 377 ISAIAM.

3418 311 3561 375 2426

275 413 529 469 τοσοῦτον
556 411 720 485 ἔργον
747 415 1029 487 πανταχοῦ
1058 416 1160 488 τῆς
1187 416 1521 489 οἰκουμένης
1557 418 1824 474 ἀνύσασιν
1847 436 1862 487 ;

1994 439 2145 495 psas,
2178 424 2232 480 id
2273 429 2358 480 est
2390 420 2691 489 Ecclesiae,
2713 421 3007 476 renovavit.
3030 416 3245 487 Quibus
3274 421 3567 484 conveniet

275 507 436 571 Τινὲς
469 506 526 560 δὲ
548 505 727 572 οὕτως
752 507 963 562 ἀνωθεν
1002 508 1348 581 ἐξηγήσαντο
1379 527 1393 541 ·
1427 512 1541 582 Τὴν
1573 512 1757 567 αἰτίαν
1791 512 1871 576 δίτ

275 596 410 651 δωσι
438 596 508 652 δι’
552 598 619 670 ἢν
673 596 1052 670 ὲνηνθρώπισε
1107 599 1316 665 λέγων·
1356 601 1499 671 Ἐγώ
1522 604 1641 673 εἰμι
1679 606 1713 657 ό
1743 604 1870 659 κτι-

279 704 397 757 σας
421 704 518 745 σε.
554 689 630 743 Τὸ
658 688 716 743 δὲ
738 691 882 759 εἰμὶ,
905 691 1008 760 τὴν
1032 690 1207 763 ἀληθῆ
1237 692 1583 765 παρέστησεν
1614 694 1871 766 ὓπαρξιν,

278 783 372 837 καὶ
412 781 513 854 τὴν
570 782 741 846 ὅντως
792 778 959 836 οὖσαν
985 781 1155 854 ζωήν.
1183 784 1442 838 Ἔκτισα
1469 784 1527 838 δέ
1551 799 1628 839 σε
1659 785 1747 839 ἐπ’
1770 786 1875 855 ἀφ-

280 874 514 947 θαρσίκ
535 874 769 930 θάνατον
806 873 882 946 μὴ
911 876 1173 947 ποιήσας,
1208 876 1364 930 οὐδέν
1383 894 1444 929 τε
1473 876 1615 943 ζῶον
1644 876 1736 931 ἐπὶ
1768 879 1875 949 γῆς

276 965 542 1031 ἀπέδειξα
573 966 981 1039 παραπλήσιον·
1014 966 1090 1020 σὲ
1118 965 1227 1037 γὰρ
1244 968 1443 1036 μόνον
1469 968 1552 1035 ὡς
1578 969 1876 1039 κεραμεὺς

282 1059 477 1130 χερσὶν
508 1057 674 1123 ἰδίαις
698 1057 1005 1113 διέπλασα
1030 1062 1094 1130 τῇ
1132 1061 1239 1131 ἐμῇ
1274 1061 1518 1131 τιμήσας
1541 1062 1712 1115 εικόνι
1736 1062 1875 1133 πρὸς

275 1154 343 1222 τῇ
391 1151 593 1205 πλάσει
638 1151 733 1205 τοῦ
792 1151 1066 1222 σώματος.
1127 1153 1265 1223 Περὶ
1308 1148 1375 1207 οὗ
1424 1154 1521 1207 καὶ
1571 1154 1708 1225 πρὸς
1750 1153 1875 1208 Ἰὼϐ

276 1243 558 1313 ἔφασκεν·
594 1262 613 1296 ι
638 1240 718 1298 Ἦ
753 1244 818 1298 σὺ
877 1243 1057 1298 λαϐὼν
1085 1254 1125 1282 ω
1176 1244 1423 1309 ἔπλασας
1451 1244 1611 1311 ζῶον,
1649 1225 1874 1301 καῖ’λα-

278 1337 441 1410 λητὸν
468 1336 603 1391 αὐτὸ
629 1336 753 1390 ἔθου
791 1336 887 1391 ἐπὶ
913 1336 1011 1408 τῆς
1034 1337 1137 1408 γῆς
1163 1353 1178 1403 ;
1210 1356 1229 1388 ι
1258 1338 1370 1391 Καὶ
1397 1336 1564 1391 Δαϐὶδ
1588 1337 1643 1391 δέ
1672 1355 1838 1410 φησιν
1858 1353 1872 1369 ⁶

285 1448 305 1482 ο
340 1428 699 1493 Ἦλάττωσας
731 1429 895 1482 αὐτὸν
927 1429 1106 1499 βραχύ
1121 1447 1173 1483 τι
1200 1428 1332 1500 παρ’
1366 1429 1658 1499 ἀγγέλους.
1684 1449 1703 1483 ι
1741 1427 1875 1484 Εἶτα

281 1524 399 1587 τοῖς
432 1521 494 1586 ἐξ
528 1521 749 1593 Ἰσραὴλ
793 1520 1126 1590 ἐγκαλοῦσιν
1179 1521 1329 1593 αὐτῷ
1361 1523 1461 1593 τὴν
1492 1524 1557 1577 ὲκ
1576 1524 1686 1577 τῶν
1718 1541 1875 1595 νομι-

278 1615 395 1670 κῶν
446 1612 636 1669 τύπων
688 1614 1013 1686 ἀπαλλαγὴν
1060 1615 1199 1686 πρὸς
1238 1615 1500 1687 ἀληθείας
1558 1616 1873 1687 μετάθεσιν,

276 1706 558 1772 ὀνειδίζει.
586 1706 815 1775 Ἔλεγον
871 1707 1003 1780 γὰρ,
1054 1726 1075 1759 ι
1110 1708 1173 1760 Et
1204 1703 1272 1779 ἦν
1310 1700 1467 1772 οὗτος
1502 1708 1657 1778 παρά
1686 1708 1823 1762 Θεοῦ
1847 1709 1877 1761 6

276 1793 592 1866 ἄνθρωπος,
651 1793 755 1848 οὐκ
804 1793 926 1848 ἔλυε
948 1795 1010 1849 τὸ
1039 1795 1345 1852 Σάϐϐατον.
1387 1815 1413 1848 ι
1466 1797 1729 1866 Ἀροτριᾷ
1768 1799 1878 1871 γάρ
1909 1787 1953 1843 Β

277 1901 388 1952 τις,
418 1884 609 1956 φησὶν,
647 1886 745 1957 ούχ
802 1882 894 1941 ἵνα
944 1886 1109 1958 μόνον
1158 1888 1486 1958 ἁροτριάσῃ
1525 1905 1539 1919 ’
1601 1889 1667 1943 ὲκ
1694 1891 1750 1943 δὲ
1770 1890 1879 1945 τῶν

277 1978 781 2050 καταϐαλλομένων
816 1980 1154 2052 σπερμάτων
1194 1980 1447 2053 καρποὺς
1499 1981 1881 2053 προσδεχόμε-

277 2087 393 2135 νος.
441 2070 617 2141 Κάγὼ
672 2072 852 2126 τοίνυν
915 2072 1086 2143 ὑμᾶς,
1121 2072 1199 2136 ὡς
1231 2073 1340 2145 γῆν
1385 2073 1765 2145 ὑλομανοῦσαν
1794 2074 1882 2130 διὰ

278 2159 385 2232 τὴν
414 2161 884 2235 είδωλολατρείαν,
906 2163 986 2235 τῷ
1009 2164 1261 2228 Μωσέως
1313 2165 1650 2233 ἡροτρίασα
1705 2165 1882 2237 νόμῳ,

276 2253 364 2325 τῷ
391 2254 513 2325 ἐμῷ
538 2254 991 2327 προευτρεπίζων
1047 2255 1161 2323 Υιῷ
1185 2255 1284 2327 τὴν
1314 2255 1425 2310 τῶν
1460 2255 1684 2325 ἀγαθῶν
1712 2274 1883 2329 σπερ-

282 2346 480 2418 μάτων
536 2346 869 2421 καταϐολὴν.
894 2348 961 2402 Τί
995 2343 1089 2403 οὖν
1140 2347 1233 2402 διὰ
1281 2348 1486 2413 παντὸς
1520 2350 1614 2403 τὸν
1659 2350 1886 2419 ἀρότην

283 2439 551 2512 στέργετε
583 2441 770 2513 νόμον,
816 2442 905 2496 ὅτε
928 2443 1125 2514 καιρὸς
1152 2444 1251 2513 τῆς
1277 2442 1346 2496 δι’
1378 2442 1579 2507 ὕδατος
1600 2444 1696 2498 καὶ
1728 2442 1888 2498 πνεύ-

284 2527 461 2603 ματος
506 2533 902 2602 ἀναπλάσεως;
958 2535 1097 2607 πρὸς
1136 2538 1204 2606 ἢν
1250 2534 1580 2600 ὑπείκοντας
1607 2536 1756 2607 ὑμᾶς
1785 2536 1886 2590 οὐκ

284 2625 424 2699 ἔχω,
459 2626 596 2699 μηδὲ
629 2625 721 2681 τὸν
753 2625 962 2697 πηλὸν
1015 2626 1261 2699 ὁρῶντας
1306 2627 1401 2680 τοῦ
1455 2627 1777 2698 κεραμέως,
1811 2628 1887 2692 ὡς

282 2719 504 2774 ἐκείνου
551 2719 850 2773 πλάττεταί
883 2736 944 2773 τε
972 2720 1069 2772 καὶ⁸
1127 2718 1573 2791 μεταπλάττεται
1628 2720 1884 2790 νεύματι,

289 2811 468 2884 μηδὲν
486 2812 588 2884 τὴν
633 2811 1036 2883 δημιουργικὴν
1066 2811 1419 2882 μεμφόμενον
1466 2810 1657 2880 χεῖρα,
1691 2811 1768 2874 ὡς
1786 2811 1889 2882 τῆς

285 2902 654 2967 ἀναπλάσεως
704 2903 1020 2974 ἐπιστήμην
1074 2903 1178 2956 οὐκ
1226 2901 1639 2972 ἐχουσαν;ἁλλ’
1705 2902 1826 2955 οὐδὲ
1861 2903 1889 2955 ὁ

286 2995 657 3068 τεχθήσεσθαι
683 2995 895 3068 μέλλων
916 2996 1251 3050 πυνθάνεται
1279 2995 1387 3049 τοῦ
1420 2996 1679 3062 πατέρος
1707 2994 1892 3063 ειᾶρα

1974 524 2028 572 et
2049 516 2186 571 illud
2223 532 2236 567 :
2276 512 2421 569 Num
2460 522 2688 585 propter
2722 528 2820 569 eos
2864 513 3075 584 pudore
3105 509 3434 573 adicientur,
3468 513 3561 583 qui

1975 615 2190 663 tantum
2224 622 2364 678 opus
2390 607 2595 678 ubique
2627 615 2905 661 terrarum
2939 603 3347 660 absolverunt?
3376 601 3567 674 Neque

1976 713 2108 755 vero
2134 699 2356 764 desunt,
2392 699 2486 768 qui
2520 698 2602 753 sic
2622 712 2653 755 a
2684 695 2962 767 principio
2992 694 3292 765 explicent,
3347 702 3407 748 ut
3433 708 3569 750 cau-

1978 804 2117 854 sam,
2147 804 2255 859 qua
2279 790 2479 844 ductus
2510 787 2913 842 humanitatem
2943 787 3272 855 assumpsit,
3301 798 3427 839 cum
3456 782 3567 855 Ego

1977 898 2117 947 sum,
2149 882 2240 951 qui
2272 880 2445 933 creavi
2476 887 2525 933 te
2548 877 2710 942 dicit,
2744 876 2931 931 atlerri
2958 875 3303 931 existiment.
3338 872 3567 939 Deinde,

1978 982 2034 1032 et
2057 973 2280 1028 verbum
2300 988 2418 1026 sum
2446 970 2739 1040 adiecisse,
2773 978 2834 1023 ut
2859 982 3044 1023 veram
3075 983 3135 1023 se
3161 966 3568 1033 exsistentiam,

1979 1080 2279 1137 veramque
2315 1064 2483 1119 vitam
2529 1077 2654 1117 esse
2683 1062 3123 1116 demonstraret.
3145 1058 3418 1129 Denique,
3449 1058 3565 1127 for-

1980 1160 2121 1214 mavi
2155 1169 2203 1213 te
2241 1157 2471 1223 dixisse,
2510 1163 2569 1208 ut
2601 1154 2667 1208 ad
2700 1152 3176 1223 incorruptionem
3202 1166 3279 1212 se,
3301 1150 3395 1221 qui
3418 1165 3572 1205 mor-

1980 1261 2090 1309 tem
2132 1265 2246 1306 non
2292 1248 2526 1313 fecerit,
2573 1246 2775 1316 cuique
2811 1245 3024 1299 nullum
3070 1243 3125 1298 in
3178 1252 3327 1299 terra
3387 1243 3573 1298 simiie

1981 1344 2188 1400 animal
2212 1357 2337 1399 esse
2359 1339 2619 1404 voluerit,
2644 1351 2866 1393 creasse
2881 1333 3178 1405 iudicaret.
3196 1334 3268 1389 Te
3298 1335 3570 1405 siquidem

1982 1452 2147 1492 unum
2185 1435 2326 1491 meis
2373 1435 2495 1504 ipse
2530 1432 2811 1494 manibus,
2839 1428 3043 1498 inquit,
3086 1436 3342 1496 tanquam
3374 1425 3571 1495 ﬁgulus

1982 1524 2279 1595 e/formaui,
2313 1536 2547 1592 meaque
2577 1529 2632 1575 te
2657 1518 2921 1590 imagine,
2947 1526 3073 1587 post
3102 1514 3337 1570 efﬁctum
3372 1531 3573 1586 corpus

1982 1617 2217 1675 honoris
2254 1630 2388 1687 ergo
2425 1612 2649 1675 donavi,
2684 1618 2744 1665 ut
2777 1611 2843 1664 ad
2871 1607 3072 1664 Jobum
3104 1606 3380 1661 dicentem
3414 1622 3575 1677 repe-

1982 1711 2095 1766 rias
2113 1711 2199 1765 his
2213 1709 2426 1765 verbis:
2448 1726 2466 1759 ι
2492 1704 2633 1761 Νυιιι
2655 1712 2712 1758 ιιι
2740 1705 2857 1757 luto
2883 1710 3110 1771 accepto
3142 1699 3349 1754 ﬁnxisti
3375 1700 3577 1754 animal

1982 1811 2037 1862 et.
2065 1803 2259 1859 vocale
2280 1801 2417 1856 illud
2440 1798 2678 1872 posuisti
2716 1798 2769 1851 in
2805 1808 2949 1851 terra
2979 1793 3065 1847 ²⁰⁶Ξ
3097 1813 3117 1846 ›
3156 1794 3220 1847 Et
3252 1793 3397 1864 apud
3421 1793 3578 1847 Davi-

1983 1896 2150 1952 dem:
2188 1912 2209 1947 ι
2248 1892 2500 1948 Minuisti
2535 1905 2661 1946 eum
2688 1888 2861 1959 paulo
2890 1884 3078 1940 minus
3107 1884 3177 1939 ab
3214 1884 3429 1953 angelis
3462 1883 3581 1952 glo-

1984 1989 2067 2044 ria
2088 1988 2155 2042 ".
2191 2006 2210 2040 ›
2240 1984 2511 2042 lsraelitis
2534 1982 2754 2049 deinde,
2785 1979 2882 2050 qui
2909 1978 3117 2049 ﬁguras
3142 1992 3267 2031 eum
3295 1975 3498 2045 legales
3512 1979 3579 2027 ad

1984 2081 2274 2139 veritatem
2296 2078 2588 2134 traducere
2627 2073 3087 2132 criminarentur,
3129 2068 3450 2138 exprobrat.
3485 2065 3580 2120 Di—

1984 2174 2187 2230 cebant
2209 2171 2358 2226 enim
2390 2188 2405 2225 :
2437 2188 2456 2221 ι
2501 2167 2560 2223 Si
2583 2166 2855 2221 hichomo
2884 2171 3033 2219 esset
3057 2176 3085 2215 a
3113 2160 3243 2227 Deo,
3275 2157 3583 2214 Sabbatum

1952 2268 2099 2322 ‘non
2133 2264 2376 2321 solveret
2410 2261 2481 2317 ’³.
2522 2280 2542 2315 ι
2573 2259 2710 2313 Arat
2740 2257 2887 2313 enim
2919 2254 3185 2327 quis,ait,
3220 2269 3330 2308 non
3365 2259 3579 2306 tantum

1985 2372 2046 2417 ut
2076 2369 2225 2427 aret,
2264 2359 2362 2415 sed
2388 2363 2447 2412 ut
2488 2371 2557 2411 ex
2590 2352 2863 2407 mandatis
2905 2350 3075 2404 humo
3097 2346 3426 2411 seminibus,
3464 2343 3582 2398 fru-

1987 2459 2111 2507 ctus
2127 2451 2294 2506 etiam
2314 2447 2607 2520 percipiat.
2638 2442 2825 2512 Itaque
2850 2448 2907 2496 et
2939 2455 3040 2495 vos
3063 2453 3165 2509 ego
3188 2445 3353 2493 terra:
3379 2437 3578 2496 instar,

1988 2543 2189 2613 inquit,
2226 2546 2454 2612 propter
2487 2534 2859 2591 idololatrian)
2880 2529 3245 2593 luxuriantis,
3276 2525 3585 2595 Mosislege

1989 2634 2263 2699 subactos,
2287 2631 2430 2685 Filio
2458 2628 2625 2699 518
2646 2643 2759 2681 meo
2795 2625 2864 2681 ad
2899 2624 3062 2678 bonae
3088 2619 3354 2676 sementis
3383 2633 3587 2686 excep-

1989 2732 2196 2783 tionem
2247 2725 2575 2796 praeparavi.
2637 2720 2781 2787 Quid
2829 2718 3000 2791 igitur
3036 2715 3143 2786 ipsi
3200 2714 3387 2769 studio
3428 2720 3599 2764 tanto

1988 2822 2163 2891 legem
2197 2820 2253 2872 in
2284 2825 2554 2871 aratorem
2586 2826 2805 2882 semper
2835 2808 3091 2864 retinetis
3124 2823 3138 2871 ;
3191 2820 3305 2877 quo
3338 2811 3586 2871 tempore

1991 2911 2230 2964 maxime
2266 2923 2407 2977 aqua
2450 2915 2506 2961 et
2551 2905 2747 2975 spiritu
2788 2904 2843 2956 in
2893 2901 3127 2956 formam
3172 2897 3337 2952 aliam
3384 2894 3587 2948 mutari

1990 2997 2189 3053 valetis
2215 3014 2229 3063 ;
2258 3012 2423 3067 quam
2449 2995 2557 3066 ipsi
2583 2993 2862 3064 refugitis,
2885 3006 3024 3061 quos
3055 2991 3225 3044 latere
3253 3002 3359 3041 non
3385 2992 3588 3055 potest,

287 3089 603 3160 γεννήσει.
620 3088 685 3142 Τί
712 3084 807 3143 οὖν
839 3089 1002 3159 ὑμεῖς
1031 3088 1107 3158 μὴ
1138 3088 1218 3160 τῷ
1253 3088 1474 3141 πάντων
1504 3089 1884 3159 παραχωρεῖτε

1997 3089 2167 3143 lutum
2205 3103 2304 3159 pro
2328 3085 2738 3158 ﬁguli-arbitrio
2766 3083 2933 3137 aliam
2965 3088 3131 3149 atque
3165 3077 3330 3131 aliam
3358 3075 3591 3144 ﬁguram

289 3152 631 3253 λημιουργῷ
674 3179 766 3235 τὸν
810 3152 1259 3252 τρδποννείδέναι
1300 3177 1402 3247 τῆς
1454 3152 1883 3242 avaritias“,

2002 3180 2149 3252 pati;
2184 3152 2698 3249 neqtt‘evquidquam
2728 3189 2876 3239 esse,
2907 3170 3054 3243 quod
3086 3166 3318 3223 artiﬁcis
3346 3181 3584 3225 manum,

291 3276 431 3347 περὶ
460 3269 529 3347 ἧς
552 3274 805 3345 λέγοντος
862 3273 958 3328 τοῦ
1015 3271 1255 3343 Χριστοῦ
1300 3272 1616 3344 Νικόδημος
1673 3272 1889 3341 ελεγεψ

2002 3280 2266 3340 tanquam
2320 3266 2560 3337 ﬁngendi
2609 3263 2897 3321 scientiam
2935 3276 3040 3315 non
3096 3259 3312 3321 habeat,
3360 3269 3594 3326 arguere

299 3367 436 3437 «Μὴ
472 3364 698 3422 δύναται
751 3366 1039 3438 ἄνθρωπος
1090 3363 1362 3436 γέρωνῶν
1392 3366 1479 3429 είς
1535 3364 1637 3437 τὴν
1685 3364 1886 3419 κοιλίαν

2004 3359 2235 3417 audeat?
2266 3360 2335 3415 At
2369 3359 2594 3413 minime
2623 3357 2718 3427 qui
2749 3355 3067 3409 nasciturus
3102 3360 3208 3415 est,
3243 3365 3272 3403 a
3311 3359 3462 3418 patre
3496 3364 3597 3400 suo

290 3460 400 3531 τῆς
428 3458 663 3531 μητέρος
693 3458 858 3513 αὐτοῦ
898 3458 1157 3529 δεύτερον
1191 3455 1457 3512 εἰσελθεῖν
1491 3458 1586 3512 καὶ
1620 3456 1886 3528 γεννηθῆ-

2006 3462 2428 3526 generaturume
2473 3451 2567 3517 sit,
2614 3447 2941 3518 postulabit.
2980 3442 3126 3511 Quid
3159 3442 3325 3513 igitur
3353 3440 3595 3496 omnium

292 3568 427 3619 ναις
458 3573 478 3608 ι
2009 3546 2193 3617 opiﬁci
2238 3544 2369 3610 Deo,
2417 3544 2643 3599 modum
2678 3540 2831 3595 illum
2879 3534 3155 3606 formandi
3202 3534 3441 3589 retinere
3488 3545 3600 3583 non

297 3646 634 3715 conceditis,
669 3648 737 3704 de
763 3664 874 3720 quo
895 3647 1181 3704 Christum
1207 3648 1510 3719 alloquitur
1536 3646 1896 3710 Nicodemus,
1937 3643 2068 3699 dum
2103 3644 2221 3697 ait:
2265 3661 2284 3692 ι
2325 3640 2466 3695 Νιιιιι
2497 3644 2682 3711 potest
2712 3637 2903 3701 homo,
2952 3646 3081 3687 cum
3163 3629 3236 3685 sit
3306 3640 3495 3692 senex,
3542 3624 3597 3677 iu

298 3749 552 3798 ventrem
581 3743 777 3798 matris
796 3758 910 3798 suae
939 3745 1139 3800 iterum
1172 3744 1405 3808 intrare,
1436 3753 1492 3797 et
1528 3741 1748 3797 renasci
1773 3741 1862 3793 ἠ
1900 3759 1920 3792 ι

380 3839 443 3892 El
465 3836 798 3909 ἐπετίμησεν
831 3836 946 3905 οὖν,
985 3838 1177 3907 φησὶν,
1213 3841 1247 3892 ὁ
1281 3803 1484 3908 πηλὸς
1514 3834 1595 3902 τῷ
1630 3834 1886 3905 κεραμεῖ,

2073 3827 2133 3882 Si
2183 3825 2355 3882 lutum
2397 3831 2530 3889 ergo
2572 3814 2739 3887 ﬁgulo
2777 3805 3397 3896 succensuitginquit;
3442 3803 3603 3874 sique

298 3930 406 3988 καὶ
437 3896 637 4001 μήπω.
665 3896 758 3997 τις
805 3896 1366 4001 τεθείς-ἐπύθετο.
1390 3896 1499 3985 toi}
1548 3896 1807 3996 πατέρος
1847 3945 1886 3981 z.

2004 3921 2250 3980 nondum
2273 3918 2328 3971 in
2355 3915 2533 3969 lucem
2566 3909 2753 3965 editus
2787 3921 2919 3977 puer
2943 3920 2978 3958 a
3004 3912 3156 3972 patre
3183 3916 3302 3966 suo,
3334 3896 3467 3969 quid
3507 3896 3603 3950 ille

299 3990 540 4089 τέξεται
564 4039 578 4054 ·
606 3990 933 4095 ἐρωτήσατε
980 3990 1077 4077 καὶ
1095 4023 1254 4093 ὑμεῖς
1276 4023 1327 4075 oi
1355 4020 1608 4093 ὲσόμενοί
1636 3990 1737 4092 μου
1765 3990 1886 4072 κατέ

2005 4018 2287 4091 geniturus
2318 4010 2412 4073 sit,
2435 4003 2692 4077 quaesivit
2727 4021 2741 4057 :
2771 4001 3113 4069 interrogate
3140 4004 3192 4050 et
3219 3994 3347 4065 ipsi,
3381 3991 3477 4063 qui
3504 3990 3603 4044 ﬁlii

301 4082 538 4199 κριιροὺς
561 4082 667 4171 υἱοί
694 4134 756 4170 τε
778 4082 883 4199 ἶκαὶ
905 4082 1385 4188 θυγατέρεςξτίνα
1420 4082 1584 4171 τοῦτο
1610 4082 1882 4183 γενήσετα

2005 4082 2063 4165 et
2100 4105 2227 4161 ﬁliae
2248 4096 2553 4171 aliquando
2581 4092 2715 4148 mihi
2735 4090 2915 4156 eritis,
2935 4100 3177 4159 quanam
3201 4082 3353 4140 istud
3383 4082 3606 4136 ratione

2020 4196 2038 4199 μ
2342 4190 2373 4199 ..
2464 4185 2513 4199 ..
2611 4184 2624 4199 .
2670 4192 2682 4199 Α
2940 4188 3199 4199 ηψημ,
3264 4181 3322 4199 Δ,
3366 4175 3605 4199 unum

301 4194 535 4283 τρόπον.
587 4194 971 4266 Ἐντείλασθέ
989 4227 1093 4281 μοι
1120 4209 1221 4265 καὶ
1251 4208 1388 4278 περὶ
1416 4208 1537 4263 τῶν
1570 4206 1761 4276 ἔργων
1785 4205 1907 4259 τῶν

305 4301 528 4374 χειρῶν
581 4320 725 4372 μου.
764 4302 913 4357 Ἀντὶ
958 4301 1079 4366 τοῦ,
1112 4300 1402 4368 διατάξατε
1455 4299 1575 4363 πῶς
1626 4297 1906 4369 ποιητέον,

303 4397 388 4463 ὥς
422 4396 729 4466 ἀγνοοῦντι.
757 4395 893 4467 Σιγῇ
936 4395 1045 4466 ἄρα
1093 4394 1235 4464 μετά
1267 4393 1482 4448 Παύλου
1516 4394 1708 4466 ῥητέον
1728 4408 1743 4425 ο
1789 4411 1810 4443 ‹
1841 4391 1906 4443 Ὢ

311 4489 481 4562 βάθος
526 4489 763 4544 πλούτου
815 4489 910 4542 καὶ
942 4487 1133 4557 σοφίας
1154 4486 1251 4541 καὶ
1280 4485 1538 4556 γνώσεως
1564 4485 1732 4539 Θεοῦῐ
1764 4502 1782 4536 ι
1813 4484 1908 4538 καὶ

2014 4196 2263 4250 futurum
2309 4190 2402 4247 sit.
2456 4184 2716 4242 Handate
2772 4182 2905 4238 mihi
2939 4188 3206 4252 praeterea
3258 4181 3323 4233 de
3359 4175 3605 4246 operibus

2015 4301 2276 4343 manuum
2316 4297 2557 4337 mearum
2584 4294 2604 4333 :
2647 4277 2705 4333 id
2735 4285 2842 4342 est,
2880 4274 3040 4337 mihi,
3081 4282 3345 4342 tanquam
3388 4268 3605 4339 ignaro,

2016 4379 2219 4452 agendi
2264 4375 2490 4431 modum
2536 4370 2786 4427 statuite.
2830 4369 2931 4424 Est
2973 4363 3221 4438 profecto
3266 4377 3390 4416 cum
3436 4359 3613 4413 Paulo

2014 4474 2181 4530 tacite
2237 4467 2540 4526 dicendum
2576 4478 2592 4516 :
2630 4482 2650 4514 «
2684 4460 2729 4517 0
2759 4458 2993 4515 altitudo
3032 4455 3352 4511 divitiarum
3377 4492 3392 4516 ,
3422 4461 3478 4506 et
3517 4464 3611 4506 sa-

306 4543 492 4653 Véqi’
526 4582 676 4655 ἑξῆς,
709 4581 904 4654 ἑτέρας
926 4543 1632 4652 λέγειν-παραγγελλοῦ-σης
1660 4578 1886 4652 ΓΡαΨῆς

1989 4566 2264 4639 *pientiae,
2306 4568 2362 4617 et
2410 4556 2660 4615 scientia:
2684 4554 2777 4609 Dei
2810 4553 2890 4607 "l
2942 4570 2962 4604 ι
2999 4555 3307 4618 eazteraque
3330 4543 3443 4608 illa,
3487 4558 3612 4613 qua:

320 4695 344 4730 ι
365 4677 491 4731 Ὀτι
518 4676 696 4731 πάντα
715 4674 965 4740 δύνασαι,
1014 4674 1275 4728 ἀδυνατεῖ
1302 4673 1360 4729 δέ
1390 4690 1472 4727 σοι
1502 4672 1679 4727 οὐδέν.
1708 4691 1727 4724 ι
1756 4667 1915 4725 Οἶδεν

312 4766 430 4839 γάρ
490 4768 831 4838 μεταποιεῖν,
883 4764 1027 4819 καθᾶ
1084 4763 1175 4818 διὰ
1212 4763 1308 4818 τοῦ
1385 4761 1649 4832 Ἰεζεκιήλ
1712 4778 1912 4832 φησιν,

2017 4667 2350 4730 sequuntur.
2399 4650 2558 4721 Quod
2595 4658 2649 4706 et
2688 4647 2825 4704 alibi
2861 4644 3152 4714 Scriptura
3197 4639 3442 4704 indicat,
3483 4651 3610 4730 cum

2018 4728 2138 4809 ait:
2173 4770 2191 4805 ι
2223 4746 2423 4804 Omnia
2452 4752 2633 4817 potes,
2669 4754 2850 4811 neque
2890 4736 3189 4808 quidquam
3218 4742 3321 4797 est,
3356 4728 3503 4800 quod
3533 4728 3613 4785 el—

444 4878 463 4914 ι
490 4822 792 4915 ζΕκσπάσω
816 4822 918 4931 τὴν
969 4857 1197 4929 καρδίαν
1241 4858 1425 4912 αὐτῶν
1455 4822 1556 4930 τὴν
1601 4822 1813 4926 λιθίνην
1851 4856 1886 4908 ἐγ

2018 4844 2186 4900 ﬁcere
2216 4855 2324 4896 non
2348 4851 2523 4910 queas
2544 4836 2611 4889 ⁸⁸.
2638 4852 2656 4886 ι
2693 4830 2859 4887 Novit
2892 4828 3039 4884 enim
3073 4826 3128 4879 in
3153 4822 3350 4878 melius
3373 4834 3623 4875 commu-

317 4956 423 5028 τῆς
446 4952 653 5026 σαρκὸς
672 4952 874 5020 αὐτῶν,
900 4952 1000 5007 καὶ
1026 4950 1185 5007 δώσω
1229 4951 1417 5015 αὐτοῖς
1456 4949 1687 5022 καρδίαν
1732 4947 1924 5018 σαρκί-

2019 4946 2157 5003 tare,
2184 4943 2240 4993 et
2275 4934 2620 4994 instaurare;
2655 4926 2806 4982 sicut
2857 4919 3001 4992 apud
3033 4916 3373 4972 Ezechielem
3416 4914 3471 4968 in
3501 4912 3616 4967 haec

236 5052 247 5069 ‘
319 5000 445 5120 νην,
476 5000 570 5103 “rd-6
607 5000 810 5101 e‘iﬁé'vat
858 5000 1062 5109 αὐτοὺς
1114 5044 1237 5117 ἐμὲ,
1271 5000 1748 5114 ὅτι

2028 5000 2199 5087 verba
2236 5024 2474 5096 legimus
2508 5037 2522 5075 :
2564 5038 2582 5070 ι
2612 5016 2859 5072 Evellam
2883 5025 2981 5066 cor
3005 5021 3197 5063 eorum
3246 5003 3523 5074 lapideum
3550 5000 3619 5055 de

320 5105 537 5213 καὶτὴν
567 5140 705 5194 ίδίαν
727 5105 1175 5209 ἐπιδεικνύμενος
1198 5105 1449 5208 δύναμιν,
1485 5105 1635 5205 Ἐγῶ
1658 5135 1886 5203 ἐποίησε

2031 5137 2199 5179 carne
2224 5131 2439 5181 eorum,
2469 5122 2526 5170 et
2559 5110 2705 5167 dabo
2729 5107 2840 5163 illis
2869 5119 2967 5175 cor
2995 5115 3287 5163 carneum,
3308 5105 3370 5152 ut
3403 5105 3505 5167 ipsi
3530 5110 3619 5147 νι-

2467 5205 2480 5213 ”
2796 5212 2799 5213 ν
2851 5194 3120 5213 ἢμ--ε--η
3147 5191 3191 5213 ιο
3258 5208 3273 5213 -
3327 5186 3518 5213 ι.--..,.
3565 5193 3617 5213 η.

323 5234 465 5307 τῆν,
490 5186 602 5288 καῖ
623 5232 943 5302 ἄνθρωπον
980 5186 1074 5284 ἐπ’
1120 5186 1571 5300 αζῦτιῖςῖᾒδνγάρ
1596 5186 1886 5291 ξιτιέᾴξκσ

2031 5214 2199 5269 deant
2233 5224 2340 5273 me,
2388 5205 2652 5277 quiaego
2685 5212 2810 5255 sum
2850 5194 3124 5251 Dominus
3147 5191 3213 5245 ³².
3258 5208 3277 5242 ι
3327 5186 3519 5257 Itaque
3564 5193 3621 5237 et

2233 5302 2245 5307 ·
2434 5298 2446 5307 ·
2491 5304 2498 5307 -
2553 5303 2563 5307 -
2705 5290 2750 5307 ’ξ
2778 5294 3083 5307 κ-ι--ι---ι
3135 5292 3329 5307 an“...
3366 5295 3417 5307 η
3446 5286 3492 5307 ι..
3527 5275 3619 5307 ιη.-

324 5275 617 5381 Liuiam
675 5275 990 5392 δυζήσεται.
1027 5320 1205 5391 Χεῖρα
1229 5275 1303 5376 δξ
1319 5275 1484 5376 πάλιν
1536 5275 1885 5389 gnara-3v;

2033 5320 2189 5362 suam
2218 5302 2352 5371 ipse
2397 5275 2661 5353 virtutem
2690 5290 3107 5350 demonstrans,
3135 5292 3331 5338 terram
3363 5295 3417 5333 se
3442 5286 3493 5331 et
3524 5275 3619 5328 lio-

2460 5390 2470 5392 ‘
2531 5387 2542 5392 ‘
2720 5383 2754 5392 ’λ
2831 5377 2872 5392 “
2915 5386 2928 5392 -
3004 5384 3018 5392 -
3091 5391 3099 5392 κ
3153 5365 3231 5392 εξ
3269 5371 3410 5392 2A-...
3460 5368 3618 5392 -.:.....

325 5371 702 5471 ξξᾷτᾶ
1367 5371 1534 5479 λύγῳ
1548 5371 1692 5477 ’γάρι
1709 5405 1793 5456 Κυ
1803 5399 1885 5474 ρίο

2031 5400 2225 5452 minem
2246 5395 2301 5447 in
2338 5408 2401 5446 ea
2446 5387 2629 5459 fecisse
2682 5383 2783 5437 ait.
2831 5377 3026 5435 Potest
3078 5371 3229 5432 enim
3269 5371 3413 5427 idem
3455 5371 3621 5423 etiam

402 5532 451 5565 ⁸⁸
497 5529 601 5588 Job
660 5546 716 5594 ι,
742 5528 795 5585 9.
871 5529 917 5560 ⁸⁷
959 5527 1100 5582 Psal.
1130 5542 1251 5589 νιιι,
1286 5478 1354 5592 6V;
1396 5522 1647 5587 ilebr.lt,
1692 5518 1743 5573 7.
1822 5516 1866 5549 ³⁸

1989 5528 2059 5567 ιιι.
2099 5527 2171 5573 ix,
2195 5506 2280 5562 l6.
2359 5506 2404 5536 '9
2428 5501 2585 5559 Joan.
2619 5513 2702 5565 ιιι,
2727 5497 2779 5551 4.
2858 5494 2904 5527 ³ο
2934 5490 3093 5547 Rom.
3128 5502 3205 5551 ιι,
3238 5484 3329 5541 '53.
3405 5481 3446 5513 "
3481 5478 3614 5551 Sap.

333 5626 416 5674 xi,
449 5604 536 5660 l8.
613 5600 659 5634 ³¹
685 5598 886 5655 Ezech.
924 5614 1003 5666 ιι,
1032 5596 1120 5664 19,
1167 5598 1260 5653 20.

1623 5680 1859 5743 VARI-1E

1989 5671 2296 5737 CTIONES.

446 5784 481 5806 "‘
515 5788 603 5845 la'.
635 5788 795 5842 λείπ.
842 5782 1039 5855 πηλόν.
