3916 6388
437 272 579 339 9427

1776 272 2128 338 PROCOPII
2161 273 2413 335 G-AZAII

3575 269 3708 339 2128
3774 276 3779 285 ’

440 385 756 440 instaurare
794 382 888 454 qui
920 381 1195 440 condidit.
1225 381 1427 438 Filium
1461 381 1681 448 deinde,
1723 398 1823 453 per
1857 396 2017 454 quem

2125 381 2174 435 οἱ
2198 382 2423 453 οὐρανοὶ
2443 380 2880 453 ἐστερεώθησαν,
2914 400 2933 434 t
2962 381 3024 446 ὃς
3045 380 3142 436 καὶ
3173 382 3298 449 τοῖς
3327 383 3585 452 ἄστροις
3611 390 3705 441 ἐν.

441 492 472 530 a
499 492 560 532 se
582 484 771 532 creata
803 483 933 531 sunt
970 476 1179 540 omnia,
1213 475 1334 546 ipso
1365 491 1554 530 manus
1598 477 1823 531 nomine
1863 475 2015 532 intel-

440 568 594 623 lexit.
616 566 827 624 «Verbo
844 553 1121 638 siquidem
1145 565 1360 622 Domini
1388 567 1517 623 οωιὶ
1538 567 1740 623 ﬁrmati
1756 578 1889 624 sunt
1912 566 1980 622 ³³ς
1995 586 2015 621 ι

441 675 617 730 eoque
647 661 809 714 astris
841 657 1153 724 mandante,
1194 657 1249 712 in
1282 657 1394 713 diei
1433 658 1657 729 quidem
1694 667 2020 729 potestatem

440 753 554 818 Sol;
592 752 644 805 in
682 751 861 826 noctis
894 760 1102 816 autem,
1140 751 1272 806 luna
1306 752 1555 807 etnicuit.
1586 750 1747 809 Unde
1786 751 1920 807 illud
1964 751 2020 805 in

439 842 714 899 Psalmis:
747 861 767 895 ι
820 842 916 899 Sol
959 844 1219 914 cognovit
1261 859 1525 901 occasum
1573 860 1734 900 suum
1782 844 1848 898 ".
1890 862 1909 898 ι
1956 845 2022 900 Et

319 984 325 990 .
438 935 638 990 iterum
674 951 689 988 :
724 952 744 986 ι
786 933 868 990 Tu
897 934 1207 991 fabricatus
1229 952 1289 992 es
1312 935 1485 991 solem
1512 944 1568 990 et
1594 936 1780 989 lunam
1812 934 1879 988 ⁸⁸.
1910 953 1929 986 ι
1953 934 2023 988 At

434 1039 650 1090 eorum,
683 1040 805 1094 qua:
840 1033 1267 1095 praecesserunt,
1294 1027 1550 1081 notitiam
1571 1026 1876 1093 illustrant,
1898 1042 2021 1096 qua:

435 1116 694 1187 deinceps
735 1126 1083 1186 sequuntur;
1114 1117 1317 1186 quibus
1355 1103 1590 1186 justitice
1629 1132 1725 1171 rea:
1762 1117 2021 1174 Christus

432 1206 786 1276 praedicatur,
835 1207 1002 1278 519
1033 1209 1126 1277 qui
1157 1207 1378 1276 justitia
1433 1211 1552 1279 ipsa
1591 1218 1697 1264 est.
1745 1209 1836 1264 Ait
1875 1211 2019 1264 enim

431 1298 595 1355 etiam
622 1298 831 1353 alicubi
866 1317 880 1355 :
922 1317 940 1350 ι
983 1299 1129 1354 Ecce
1151 1307 1303 1354 certe
1333 1308 1529 1370 regnat
1559 1299 1789 1369 justitize
1822 1315 1940 1365 rex,
1968 1309 2023 1356 et

429 1388 713 1460 principes
746 1406 869 1445 cum
894 1390 1108 1460 judicio
1143 1391 1496 1461 imperabunt
1519 1394 1588 1449 ”.
1633 1412 1653 1447 ι
1695 1392 1829 1448 Nam
1881 1408 2022 1464 prae-

428 1482 682 1547 terquam
715 1479 859 1548 quod
887 1490 1085 1535 natura
1115 1494 1238 1536 cum
1268 1491 1422 1551 patre
1440 1498 1534 1537 rex
1554 1489 1641 1539 cst
1660 1524 1675 1548 ,
1702 1498 1800 1539 eos
1826 1484 2017 1550 etiam,

433 1569 528 1637 qui
558 1569 908 1636 defecerunt,
936 1581 1221 1641 assumpta
1251 1586 1422 1628 carne
1462 1572 1659 1628 iterum
1701 1573 1805 1629 sibi
1832 1574 2021 1644 subje-

433 1659 511 1714 cit
544 1677 556 1713 :
590 1660 697 1724 Qui
717 1662 827 1715 vias
860 1673 1052 1728 rectas,
1085 1662 1137 1717 id
1169 1670 1256 1719 est
1297 1661 1729 1732 Evangeliorum
1760 1666 2014 1733 oracula,

2122 476 2400 531 στείλατο
2425 476 2684 543 διατάξας
2714 476 2808 529 τὸν
2836 476 2935 545 μὲν
2962 475 3116 546 ἥλιον
3137 477 3218 539 εἰς
3244 476 3428 547 ἀρχὰς
3455 480 3555 549 τῆς
3576 481 3709 550 ὴμέ-

2125 582 2247 638 ρας,
2299 567 2490 631 νυκτὸς
2515 567 2571 621 δὲ
2608 569 2706 638 τὴν
2761 567 3018 637 σελήνην.
3082 568 3174 621 Διό
3205 584 3374 637 φησιν
3396 568 3662 641 όψαλμός
3696 591 3709 604 ο

2132 676 2150 710 t
2184 658 2243 712 Ὁ
2269 659 2422 730 ἥλιος
2443 659 2586 729 ἔγνω
2627 659 2727 731 τὴν
2760 658 2819 712 δύ
2832 675 2916 712 σιν
2940 657 3127 712 αὑτοῦ.
3155 678 3175 710 ι
3209 658 3319 713 Καὶ
3349 659 3519 713 πάλιν
3538 676 3554 693 ο
3596 679 3617 715 ι
3643 662 3713 715 Σὺ

2124 750 2439 819 κατηρτίσω
2471 750 2623 820 ἥλιον
2652 749 2749 802 καὶ
2771 748 3024 819 σελήνην.
3051 767 3070 799 ι
3105 747 3307 827 Τὴννδὲ
3336 749 3451 803 τῶν
3479 750 3717 819 φθασάνο

2120 855 2230 891 των
2252 837 2462 893 ἔννοιαν
2486 840 2556 893 τὰ
2601 840 2740 909 μετὰ
2787 835 2960 891 ταῦτα
3015 837 3184 907 δηλοῖ,
3214 836 3278 891 δι’
3312 831 3393 891 ὧν
3414 840 3446 891 6
3477 840 3715 911 Χριστὸς

2124 930 2425 997 Βασιλεὺς
2473 930 2867 997 δικαιοσύνης
2907 930 3240 1001 κηρύττεται
3262 929 3538 1001 ὑπάρχων
3562 932 3716 984 αὐτό-

2122 1037 2314 1090 χρημα
2345 1019 2727 1088 δικαιοσύνη.
2757 1019 2867 1073 Καὶ
2886 1017 3120 1090 ἀλλαχοῦ
3142 1018 3249 1091 γάρ
3272 1036 3482 1088 φησιν’
3521 1039 3544 1071 ι
3589 1019 3716 1074 Ἰδοὺ

2120 1111 2185 1182 δὴ
2214 1110 2470 1181 βασιλεὺς
2520 1110 2870 1180 δικαιοσύνης
2928 1110 3239 1181 βασιλεύεις
3299 1112 3402 1165 καὶ
3454 1110 3715 1181 ἄρχοντες

2125 1203 2264 1273 μετὰ
2294 1202 2528 1273 κρίσεως
2574 1202 2902 1275 ἄρξουσιν.»
2965 1204 3132 1257 Φύσει
3187 1203 3298 1271 γὰρ
3347 1200 3428 1255 ὢν
3488 1204 3589 1257 σὺν
3640 1202 3717 1273 τῷ

2120 1295 2327 1367 Πατέρι
2357 1296 2665 1363 ,βασιλεὺς
2713 1297 2842 1359 τοὺς
2887 1296 3235 1359 ἀποστάντας
3285 1294 3453 1358 αὖθις
3479 1294 3713 1359 ὑπέταξε

2122 1388 2450 1459 σαρκωθεὶς,
2471 1388 2653 1455 ὀδοὺς
2678 1388 2836 1457 ἔχων
2848 1388 3088 1454 εὐθείας
3114 1387 3185 1441 τὰ
3212 1386 3326 1442 τῶν
3362 1385 3714 1453 Εὑαγγελίων

2121 1478 2488 1550 θεσπίσματα.
2516 1480 2736 1533 Σκολιδν
2751 1478 2863 1551 γὰρ
2877 1478 3031 1533 οὐδὲν
3048 1480 3106 1535 ὲν
3133 1479 3346 1541 αὐτοῖς.
3371 1476 3448 1530 Τὸ
3463 1477 3522 1530 δὲ
3535 1478 3707 1547 τραχὺ

2119 1570 2228 1626 τῶν
2258 1570 2501 1643 νομικῶν
2526 1573 2867 1640 ἐκπέφευγεν
2898 1571 3283 1642 δνταλμάτων.
3319 1568 3705 1640 Τεθεμελίωκε

2121 1663 2180 1719 δὲ
2212 1663 2312 1736 τὴν
2347 1663 2679 1734 Ἐκκλησίαν
2737 1663 2903 1729 αὐτὸς
2960 1662 3037 1720 ὢν
3081 1661 3363 1734 θεμέλιος,
3412 1662 3536 1731 Ἐφ’
3559 1654 3603 1728 ᾧ
3627 1662 3713 1714 καὶ

431 1748 488 1802 in
521 1750 722 1819 quibus
767 1754 901 1806 nihil
938 1768 1191 1823 pravum,
1224 1754 1471 1826 nihilque
1510 1756 1803 1812 sinuosum
1854 1773 2015 1828 repe-

2125 1759 2288 1828 ἡμεῖς
2316 1755 2823 1826 ὲποικοδομούμεθα
2838 1755 2915 1821 ὡς
2939 1755 3080 1811 λίθοι
3112 1755 3462 1819 πολυτελεῖς,
3487 1755 3569 1816 εἰς
3592 1754 3713 1821 ναὸν

427 1838 565 1907 rias,
618 1842 830 1910 edidit;
874 1845 968 1914 qui
1010 1844 1149 1900 dura
1198 1846 1334 1917 legis
1378 1846 1637 1904 mandata
1684 1847 2008 1907 declinavit.

2128 1849 2305 1917 ἅγιον,
2335 1848 2416 1912 εις
2445 1849 2882 1923 κατοικητήριον,
2923 1847 3018 1901 τοῦ
3071 1846 3206 1901 Θεοῦ
3236 1849 3298 1902 ὲν
3329 1845 3633 1916 Πνεῦματι,
3658 1846 3712 1909 ὃς

425 1931 572 1989 Bene
600 1948 782 1990 autem
830 1936 1088 1995 Ecclesia:
1130 1938 1271 1994 idem
1319 1938 1677 1996 fundamenta
1717 1940 1872 2009 jecit,
1925 1941 2017 2013 qui

2126 1944 2201 1998 οὺ
2216 1940 2368 2011 μετὰ
2384 1939 2589 2010 δώρων
2601 1940 2699 2013 τὴν
2719 1940 2996 2013 ἡμετέραν
3013 1939 3405 2011 αἰχμαλωσίαν
3425 1939 3708 2011 ἐρρύσατο.

423 2024 851 2085 fundamentum
879 2038 985 2099 est,
1019 2048 1188 2102 super
1216 2033 1365 2102 quod
1397 2043 1452 2089 et
1477 2033 1604 2104 ipsi,
1634 2042 1895 2105 tanquam
1932 2035 2014 2091 la—

2125 2052 2144 2088 ι
2168 2034 2243 2090 Οὐ
2280 2034 2389 2105 γὰρ
2407 2033 2690 2107 φθαρτοῖς,
2704 2035 2892 2106 φησὶν,
2911 2032 3212 2105 ἀργυρίῳῆ
3242 2030 3464 2103 χρυσίῳ
3485 2031 3710 2101 ἐλυτρώ-

423 2118 579 2187 pides
618 2123 847 2190 pretiosi
884 2123 952 2190 ",
980 2125 1037 2179 in
1061 2124 1441 2179 habitaculum
1472 2124 1567 2180 Dei
1597 2126 1654 2181 in
1689 2127 1889 2197 spiritu
1916 2143 2013 2183 su-

2125 2125 2297 2199 θημεν
2313 2128 2489 2197 ὲκτῆς
2514 2127 2756 2199 ματαίας
2770 2126 2931 2198 ἡμῶν
2955 2124 3316 2198 ἀναστροφῆς
3349 2140 3705 2196 πατροπαρα-

423 2213 795 2280 pcrstruimur
823 2234 838 2268 :
864 2215 957 2286 qui
975 2219 1146 2286 gratis
1169 2232 1270 2271 nos
1296 2218 1564 2274 servitute
1591 2219 1814 2290 eripuit.
1846 2238 1867 2273 ι
1902 2220 2016 2278 Ne-

2125 2217 2300 2283 Βότου,
2358 2218 2498 2275 ἀλλὰ
2550 2216 2718 2288 τιμίῳ
2775 2218 2975 2288 αἵματι
3007 2216 3083 2279 ὡς
3102 2215 3289 2285 ἀμνοῦ
3337 2212 3576 2284 ἀμώμου
3621 2212 3705 2266 καὶ

420 2320 530 2374 que
568 2306 717 2361 enim
751 2310 1232 2379 corruptibilibus,
1262 2317 1511 2381 argento,
1545 2311 1627 2368 vel
1643 2326 1778 2369 auro
1800 2312 2017 2369 redem-

2125 2313 2352 2369 ἀσπίλου
2373 2310 2634 2385 Χριστοῦ.
2668 2330 2687 2365 t
2726 2312 2841 2365 Οὐκ
2866 2309 3034 2380 ἐσμὲν
3054 2303 3148 2365 οῦν
3179 2306 3423 2374 ἑαυτῶν,
3450 2305 3590 2361 ἀλλὰ
3616 2303 3703 2358 τοῦ

421 2396 500 2466 pti
528 2411 746 2478 sumus,
778 2398 846 2455 de
892 2416 1031 2456 vana
1064 2410 1257 2457 nostra
1295 2403 1728 2459 conversatione
1769 2414 2016 2473 paterna:
2118 2407 2446 2478 πριαμένου.

422 2477 762 2557 traditionis,
790 2492 882 2547 sed
907 2493 1154 2563 pretioso
1185 2493 1458 2567 sanguine
1480 2494 1641 2564 quasi
1663 2498 2151 2565 agniimmaculati
2182 2477 2391 2556 Christi
2441 2504 2497 2554 et
2553 2495 2974 2553 incontaminati
3007 2495 3073 2549 ³⁸.
3122 2513 3141 2548 ι
3176 2492 3310 2551 Non
3348 2508 3546 2551 sumus
3608 2494 3704 2567 igi-

426 2589 516 2634 tur
545 2583 720 2637 nostri
748 2581 929 2652 juris;
966 2584 1062 2640 sed
1092 2585 1235 2655 ejus,
1260 2585 1356 2655 qui
1385 2599 1490 2640 nos
1520 2585 1773 2644 redemit.

496 2671 631 2727 Cum
664 2686 847 2730 autem
899 2674 1183 2731 Christum
1236 2674 1470 2731 dixisset
1502 2683 1667 2731 antea
1702 2692 1863 2734 suum
1912 2693 2012 2750 po-

2195 2674 2332 2746 Περὶ
2354 2672 2412 2727 δὲ
2434 2670 2531 2726 τοῦ
2593 2670 2832 2743 Χριστοῦ
2880 2670 3161 2742 προειπὼν
3185 2710 3202 2737 ,
3262 2673 3356 2729 ὅτι
3402 2674 3705 2747 ιπιστρέψει

426 2765 617 2833 pulum
653 2781 777 2821 esse
806 2781 1249 2835 conversurum;
1280 2770 1507 2840 quinam
1560 2774 1598 2827 ii
1656 2783 1868 2842 essent,
1916 2774 2013 2846 qui

2125 2770 2212 2822 τὸν
2250 2766 2378 2821 λαὸν
2408 2763 2600 2829 αὐτοῦ,
2653 2763 2858 2828 εὐθέως
2885 2765 3160 2836 ἐπήνεγκε
3182 2764 3346 2830 τινες
3377 2768 3430 2820 ol
3455 2767 3708 2840 κληθησό-

427 2858 614 2910 vocari
680 2855 969 2922 deberent,
1028 2857 1326 2915 confestim
1376 2861 1612 2929 addidit,
1667 2874 1887 2934 sumpto
1944 2864 2013 2920 ab

2125 2873 2309 2927 μενοι,
2362 2853 2565 2923 δεῖγμα
2614 2852 2724 2905 τῶν
2775 2851 3180 2925 εἰδωλολατρῶν
3224 2856 3366 2919 ⁴τοὺς
3411 2855 3608 2925 ἄκρους
3654 2858 3705 2911 tv
3797 2850 3805 2859 ’

428 2943 754 2999 idoiolatrim
797 2945 1162 3003 deditissimis
1213 2951 1489 3020 exemplo,
1536 2967 1648 3023 quo
1694 2953 2011 3010 liberatoris

2125 2947 2292 3018 ταύτῃ
2308 2944 2491 2999 λαϐὼν
2507 2945 2586 3008 είς
2600 2943 2826 3011 ἔνδειξιν
2845 2944 2941 3014 τῆς
2958 2942 3054 2999 τοῦ
3078 2947 3399 3011 σεσωκότας
3419 2947 3703 3020 δυνάμεως.

427 3037 607 3095 virtus
663 3038 838 3109 magis
876 3040 1226 3097 enitesceret.
1260 3039 1343 3098 Ad
1384 3058 1515 3101 oves
1545 3045 1717 3112 enim,
1772 3062 1893 3116 quae
1922 3061 2017 3117 pe-

2137 3037 2444 3108 Ἀπεστάλη
2501 3036 2602 3107 μὲν
2649 3037 2757 3106 γὰρ
2811 3036 2948 3107 πρὸς
2984 3038 3052 3090 τὰ
3084 3037 3423 3093 ἀπολωλότα
3479 3039 3706 3108 πρόϐατα.

429 3130 641 3185 rierant
676 3129 745 3186 de
805 3131 969 3187 domo
1000 3130 1192 3200 Israel,
1254 3135 1462 3194 missus
1517 3145 1638 3193 erat
1664 3098 1883 3208 quidem
1922 3098 2017 3208 r";

2126 3130 2281 3185 οῐκου
2326 3098 2569 3200 Ἰσραήλ.
2766 3126 2824 3180 δὲ
2856 3098 3319 3203 ’ἀπελάκτισενΙὸ
3370 3098 3707 3203 maxime“;

431 3223 526 3275 sed
554 3222 643 3276 ubi
675 3221 869 3278 eodem
901 3224 1183 3279 trucidato
1214 3227 1593 3282 recalcitravit
1621 3228 1878 3295 dilectus,
1909 3237 2023 3285 sta-

429 3316 528 3368 tim
555 3314 811 3384 gentibus
838 3315 1040 3371 illuxit.
1066 3315 1331 3388 lntelligit
1356 3329 1541 3374 autem
1570 3334 1669 3390 per
1700 3319 2023 3391 xEthiopum

430 3404 857 3472 negotiationem,
877 3403 1267 3461 Thebanorum
1290 3408 1474 3474 urbes,
1494 3410 1701 3479 quibus
1734 3421 1790 3466 et
1821 3411 1902 3466 illi
1929 3413 2024 3469 ad-

424 3495 635 3564 ja-scnt,
665 3496 754 3564 qui
786 3494 1011 3551 Sabaim
1039 3499 1422 3555 nominantur.
1477 3499 1605 3557 ideo
1652 3518 1818 3573 porro
1875 3505 2023 3561 labo-

428 3606 578 3644 ram
604 3589 759 3652 dicit,
782 3591 929 3659 quod
953 3591 1333 3650 acerbissimis
1360 3595 1612 3665 tyrannis
1656 3595 2033 3664 inservirent,.

429 3696 458 3733 a
486 3681 687 3749 quibus
721 3696 913 3735 eorum
944 3682 1103 3738 liberi
1131 3682 1185 3736 in
1214 3682 1485 3739 idolorum
1524 3686 1861 3742 sacriﬁcium
1900 3690 2020 3744 exi-

356 3780 365 3795 ’
425 3773 735 3844 gebantur:
775 3773 881 3839 vel,
918 3781 978 3829 ut
1007 3774 1290 3846 ingentem
1318 3778 1491 3834 fuisse
1516 3793 1709 3834 eorum
1746 3781 2018 3850 supersti-

428 3869 634 3923 tionem
668 3866 960 3933 indicaret,
993 3883 1115 3938 quae
1140 3875 1400 3939 superata
1430 3868 1485 3925 in
1519 3870 1778 3941 pietatem
1825 3872 2012 3928 abivit.

430 3960 525 4016 Est
550 3960 694 4014 enim
728 3959 782 4013 id
815 3974 981 4014 omne
1005 3958 1315 4025 sublatum,
1348 3959 1497 4033 quod
1528 3960 1619 4016 isti
1649 3960 2014 4032 repugnabat.

422 4052 592 4108 Eam:
622 4069 660 4133 ‘t
700 4050 803 4107 Ubi
836 4051 1140 4108 abundavit
1185 4061 1500 4123 peccatum,
1544 4052 2016 4122 superabundavit

421 4154 480 4200 ct
516 4145 692 4213 gratia
722 4144 802 4199 ’λοι
839 4162 859 4196 ι
907 4159 1033 4199 cum
1089 4144 1292 4215 ubique
1345 4147 1491 4217 apud
1545 4161 1642 4203 eos
1682 4154 2015 4203 constructae

422 4238 692 4303 ecclesiae,
732 4245 881 4291 tanta
912 4240 1340 4304 monachorum,
1368 4246 1521 4293 tanta
1555 4237 1828 4309 virginum
1856 4255 2014 4296 exer-

420 4331 745 4386 citationum
782 4331 1065 4387 laboribus
1098 4331 1535 4386 incumbentium
1560 4330 1831 4405 examina
1887 4346 2012 4387 cer-

2130 3224 2459 3288 ἀποκτείνας
2485 3222 2673 3288 αὐτὸν,
2731 3218 3047 3292 ἐπέλαμψεν
3101 3222 3319 3277 αὐτίκα
3358 3227 3473 3288 τοῖς
3493 3224 3702 3279 ἔθνεσιν.

2126 3318 2424 3373 Αἰθιόπων
2446 3315 2505 3373 δέ
2555 3330 2722 3385 φησιν
2748 3314 3061 3384 ἐμπορίαν,
3092 3313 3190 3379 τὰς
3215 3315 3480 3386 Θηϐαίων
3517 3316 3696 3381 πόλεις,

2127 3403 2209 3473 οἷς
2223 3407 2415 3477 ὅμοροι
2444 3405 2724 3474 Σαὸαειμ.
2768 3404 3142 3459 Ἐκοπίασαν
3178 3405 3239 3459 δὲ
3272 3410 3491 3477 πικροῖς
3520 3406 3695 3476 τυράνο

2127 3516 2239 3563 νοις
2296 3496 2670 3563 δουλεύοντες,
2703 3496 2783 3561 εἰς
2829 3494 3022 3559 θυσίας
3079 3497 3332 3551 αἰτοῦσιν
3371 3498 3519 3560 υἱοὺς
3539 3496 3697 3549 αὐτῶν

2126 3592 2222 3646 καὶ
2250 3588 2584 3660 θυγατέρας·
2615 3589 2786 3660 ἤγουν
2805 3588 2868 3642 τὸ
2895 3586 3113 3643 εὔτονον
3137 3591 3323 3644 αὐτῶν
3343 3591 3443 3661 τῆς
3468 3587 3697 3650 ἀσεόιίας

2125 3682 2387 3738 ινέδωκεν
2435 3680 2671 3754 ἡττηθὲν
2710 3681 2793 3745 είς
2817 3679 3130 3736 εὐσέόειαν.
3178 3681 3416 3753 Διελύθη
3447 3680 3554 3751 γὰρ
3590 3681 3696 3734 ὅσον

2122 3772 2271 3848 εἶχον
2300 3774 2438 3846 πρὸς
2469 3774 2674 3847 ταύτην
2707 3774 3047 3829 ὲνστατικόν.
3092 3793 3111 3827 ι
3142 3767 3221 3829 Oh
3256 3775 3367 3846 γὰρ
3392 3775 3692 3845 ἐπερίσσευ-

2125 3884 2218 3921 σεν
2245 3867 2278 3937 ὴ
2311 3865 2581 3937 ἁμαρτία,
2606 3866 3153 3937 ὑπερεπερίσσευσεν
3186 3868 3220 3938 ἡ
3250 3868 3435 3938 χάρις,
3463 3886 3481 3919 ι
3514 3879 3694 3919 παντα-

2123 3954 2222 4028 χοῦ
2278 3954 2690 4027 καθιδρυμένων
2716 3955 2773 4008 ὲν
2804 3954 3017 4020 τούτοις
3080 3955 3417 4028 ἐκκλησιῶν,
3446 3953 3691 4011 τοσούτων

2120 4065 2182 4102 τε
2218 4048 2353 4121 παρ’
2381 4049 2569 4112 αὐτοῖς
2633 4046 2930 4120 ὁρωμένων
2984 4046 3277 4118 μοναστῶν
3308 4049 3403 4102 καὶ
3430 4046 3692 4117 παρθένων

2121 4141 2307 4203 πόνοις
2338 4138 2707 4194 ὲναθλούντων
2740 4138 3047 4209 ἀσκήσεως.
3078 4138 3396 4208 ’Υψ-ηλοὺς
3443 4137 3499 4191 δέ
3549 4149 3690 4204 φησιν

2120 4237 2339 4303 αὐτοὺς,
2390 4236 2467 4299 ὡς
2490 4235 2798 4305 ἐπισήμους
2831 4235 2892 4288 ὲν
2919 4233 3236 4307 δυσσεϐείᾳ.
3282 4227 3690 4304 Χειροπὲδαςδὲ

2118 4329 2380 4401 τὰδεσμὰ
2430 4328 2531 4398 τῆς
2561 4326 2787 4396 ἀγάπης
2838 4327 3016 4391 καλεῖ,
3054 4327 3275 4391 καὶτὰς
3312 4326 3414 4395 τῆς
3441 4321 3688 4393 φιλοθεΐας

422 4425 647 4476 nantur.
675 4416 931 4474 Excelsa:
970 4428 1152 4475 autem
1175 4434 1275 4474 eos
1310 4418 1470 4481 dicit,
1526 4427 1789 4488 tanquam
1826 4418 2014 4489 impie-

2125 4417 2330 4489 σειρὰς,
2356 4417 2431 4482 ὡς
2456 4416 2656 4485 λέγειν’
2701 4434 2719 4468 ι
2743 4415 2840 4479 Τίς
2860 4415 3006 4487 ἡμᾶς
3043 4415 3280 4489 χωρίσει
3308 4414 3416 4471 ἀπὸ
3456 4414 3547 4480 τῆς
3572 4408 3691 4508 ἀγά-

420 4516 533 4564 tate
572 4521 626 4565 et
660 4509 1056 4580 superstitione
1106 4510 1340 4566 nobiles.
1395 4509 1624 4574 Deinde,
1682 4511 2016 4566 manicarum

2125 4507 2343 4589 πηςτοῦ
2374 4505 2636 4580 Χριστοῦ,
2664 4525 2682 4558 t
2711 4508 2791 4570 εἰς
2814 4506 2872 4561 ὃν
2900 4505 3119 4579 ἔρχεται
3153 4510 3264 4561 πᾶν
3288 4506 3462 4576 πέρας
3485 4505 3684 4570 εῠχῆςέ

420 4601 663 4667 nomine,
712 4602 1028 4659 dilectionis
1076 4602 1322 4667 vincula,
1354 4602 1638 4673 divinique
1673 4604 1877 4658 amoris
1917 4619 2012 4660 ca-

420 4705 580 4751 tenas
612 4695 886 4766 intelligit.
916 4693 1163 4765 Indeque
1192 4694 1327 4750 illud
1379 4704 1486 4762 est,
1517 4693 1664 4766 quod
1711 4694 2007 4751 scribitur:

425 4804 446 4838 ι
483 4785 619 4853 Quis
674 4803 779 4845 nos
825 4787 1105 4859 separabit
1133 4803 1160 4840 a
1196 4786 1497 4869 dilectione
1551 4787 1754 4843 Christi
1787 4787 1854 4854 ",
1897 4806 1915 4840 ι
1956 4788 2010 4843 in

2135 4600 2224 4654 Ἐν
2257 4596 2480 4670 Χριστῷ
2503 4597 2610 4668 γὰρ
2633 4598 2895 4669 αἰτοῦμεν
2919 4598 3069 4668 παρὰ
3094 4597 3188 4652 τοῦ
3251 4596 3492 4668 Πατέρος
3520 4591 3584 4645 τὰ
3614 4589 3687 4642 σί·

2120 4693 2367 4764 τήματα,
2403 4690 2464 4743 ὃν
2495 4690 2655 4760 ἔχων
2686 4692 2757 4745 ἐν
2804 4688 3022 4756 ἐαυτῷ,
3084 4690 3231 4758 Θεὸς
3283 4689 3487 4760 ὁμοίως
3532 4682 3683 4742 ἐστὶν,

2120 4784 2267 4839 καθά
2285 4800 2469 4855 φησιν·
2500 4802 2520 4835 ‹
2553 4782 2611 4837 '0
2629 4783 2895 4855 ἑωρακὼς
2919 4784 3042 4854 ἐμὲ,
3066 4782 3282 4856 ἑώρακε
3312 4783 3403 4837 τὸν
3431 4776 3679 4848 Πατέρα.»

429 4891 592 4945 quem
622 4879 805 4934 omnis
835 4880 1073 4946 precatio
1108 4878 1352 4934 desinit?
1386 4868 1443 4934 in
1479 4878 1703 4935 Christo
1737 4878 2008 4946 siquidem

2130 4874 2273 4946 Ἐγὼ
2294 4875 2391 4930 καῖ
2411 4876 2439 4928 6
2470 4868 2661 4945 Πατὴρ
2685 4875 2744 4929 ἓν
2766 4877 2958 4948 ὲσμεν.
2986 4895 3007 4931 ι

422 4985 544 5038 quae
571 4987 601 5025 a
632 4971 794 5029 Patre
818 4975 1077 5040 petimus,
1111 4973 1478 5043 postulamus,
1510 4989 1669 5045 quem
1694 4972 1858 5044 520
1885 4987 2008 5028 cum
2047 4987 2105 5026 in
2133 4989 2188 5027 se
2215 4971 2428 5038 habeat,
2452 4983 2506 5030 et
2531 4970 2677 5026 Deus
2717 4972 2791 5026 sit
2818 4988 3041 5046 quoque
3069 4988 3300 5031 necesse
3359 4977 3474 5035 est,
3537 4965 3676 5036 juxta

421 5064 588 5119 illud:
631 5084 649 5118 ι
682 5064 787 5133 Qui
817 5068 964 5124 videt
995 5083 1102 5133 me,
1130 5068 1277 5124 videt
1304 5078 1359 5124 et
1397 5066 1614 5122 Patrem
1648 5067 1714 5122 δ’.
1753 5086 1771 5118 ι
1835 5087 1854 5120 ι
1894 5065 2007 5141 Ego
2048 5075 2104 5121 et
2124 5065 2285 5122 Pater
2327 5083 2495 5121 unum
2537 5081 2730 5122 sumus
2760 5067 2827 5121 ⁸³.
2870 5085 2889 5118 ι

502 5153 730 5224 Deinde,
762 5161 906 5229 quod
936 5162 990 5215 in
1022 5170 1068 5219 te
1094 5161 1321 5224 Daune:
1343 5170 1542 5218 nonest
1574 5160 1712 5216 Deus
1736 5171 1929 5230 praeter
1953 5170 2019 5233 te,

422 5251 583 5313 dixit,
609 5252 822 5320 :cquale
851 5262 937 5309 est
967 5254 1116 5321 huic,
1141 5255 1489 5312 cEtVerhum
1518 5263 1637 5310 erat
1657 5255 1802 5326 apud
1824 5254 2015 5321 Deum,

424 5351 483 5398 et
511 5341 654 5399 Deus
678 5351 798 5398 erat
821 5345 1055 5401 Verbum
1080 5348 1180 5400 διδ
1209 5347 1476 5404 Prazterea
1501 5346 1885 5418 poenitentium
1916 5358 2015 5400 vo-

426 5451 545 5492 ccm
580 5438 925 5509 exprimunt,
972 5456 1092 5512 qua:
1121 5441 1207 5497 his
1258 5441 1476 5496 verbis:
1532 5436 1601 5493 Et
1630 5437 2009 5503 nesciebamus,

2208 5159 2280 5214 T6
2331 5160 2408 5227 δὲ,
2450 5161 2548 5214 Ἑν
2577 5160 2677 5214 σοὶ
2705 5162 2871 5230 Θεὸς,
2895 5161 2994 5217 καὶ
3035 5162 3150 5216 οὐκ
3208 5160 3340 5215 ἐστι
3363 5155 3502 5222 Θεὸς
3528 5146 3677 5213 πλὴν

2127 5253 2269 5321 σοῦ,
2304 5254 2738 5326 ίσοδυναμείτῷο
2775 5273 2795 5305 ‹
2826 5254 2937 5309 Καὶ
2958 5255 2985 5307 6
3011 5254 3182 5323 Λόγος
3205 5247 3272 5322 ἦν
3298 5250 3426 5320 πρὸς
3440 5246 3524 5302 τὸν
3543 5237 3672 5326 Θεὸν,

2122 5347 2218 5401 καὶ
2245 5346 2377 5410 Θεὸς
2394 5341 2464 5418 ἦν
2484 5346 2511 5399 6
2530 5324 2727 5414 Λόγος.
2759 5365 2778 5398 t
2802 5345 3224 5400 Μετανοούντων
3241 5344 3297 5398 δὲ
3318 5338 3463 5412 φωνή
3489 5335 3562 5397 τὸ.
3589 5324 3673 5423 καί

2120 5439 2234 5495 οὐκ
2253 5437 2514 5509 ᾔδειμεν.
2546 5437 2611 5491 Οἳ
2642 5438 2738 5490 καὶ
2758 5434 3112 5507 ὁμολογοῦσιν
3144 5435 3307 5490 αὐτὸν
3329 5424 3557 5494 Σωτῆρα
3582 5430 3674 5471 του

500 5571 738 5644 ⁸ῗΡεοΙ.
787 5592 960 5638 xxxn.
992 5575 1045 5630 6.
1123 5579 1168 5611 ³³
1214 5579 1353 5632 Psal.
1395 5594 1512 5644 cm,
1550 5578 1637 5634 i9.
1714 5580 1759 5613 ³³
1794 5573 2013 5630 Psal.Lx

2127 5568 2236 5635 ,16.
2271 5575 2318 5610 ³⁸
2351 5574 2559 5632 Jerem.
2597 5593 2755 5643 χχιιι,
2784 5575 2841 5632 5.
2918 5574 3007 5629 ³⁷1
3039 5573 3189 5631 Petr.
3224 5589 3283 5644 tt,
3313 5570 3365 5644 5.
3437 5558 3667 5644 ’Ἶρίῗξᾷ

434 5659 474 5719 ι,
516 5643 732 5719 _l8,19.
781 5648 853 5719 ,ευ
883 5644 1290 5711 militum.
1329 5650 1371 5681 κο
1401 5643 1560 5706 nom.
1592 5665 1647 5719 v,
1695 5648 1785 5703 ao.

436 5713 483 5746 “
506 5713 667 5771 .Ioan.
709 5732 746 5784 r,
780 5718 833 5773 ’5.

1898 5647 1940 5678 ⁸³
1979 5645 2140 5703 item.
2190 5662 2309 5714 vm,
2374 5646 2465 5704 55.

2587 5622 2842 5703 δᾛῦόἷιί
2888 5622 3007 5711 xw,-
3042 5622 3189 5701 .9?"
3219 5622 3283 5676 δ’
3316 5622 3461 5695 Joan.
3499 5649 3554 5701 κ,
3592 5622 3667 5680 50-
