3916 6410
256 298 405 365 2133

1400 302 1935 391 COMMENTARII
1977 305 2060 366 IN
2103 306 2396 368 ISAIAM.

3396 310 3537 375 2434

258 414 334 467 To
351 413 408 467 δὲ
431 414 697 485 κήρυγμα
724 412 785 467 τὸ
798 409 1036 484 Χριστοῦ
1070 411 1218 482 πάσῃ
1238 410 1456 486 γλώττῃ
1475 412 1738 479 λαλεῖται,
1757 416 1851 467 καὶ

1976 415 2048 484 [ui
2082 415 2329 471 divinum
2363 415 2623 473 omnibus
2660 414 3014 489 Evangelium
3049 418 3330 488 explicuit.
3375 420 3536 479 Hinc.

261 507 399 558 πᾶσι
415 505 708 576 γράμμασι
735 502 1028 572 γράφεται.
1043 501 1117 555 Τὸ
1131 502 1187 555 δὲ
1204 503 1316 557 οὐκ
1337 502 1405 557 ἐν
1424 504 1645 573 κρυφῇ,
1664 504 1853 558 τοῦτον

261 599 310 650 οξ
336 596 556 661 πλείους
586 595 678 649 τδν
718 595 921 667 τρόπον
950 596 1314 666 ὲρμήνευσαν,
1372 594 1448 658 ὡς
1509 597 1576 649 ἂν
1615 594 1797 664 μήτις
1826 608 1851 636 ι

262 687 408 741 εῐποι
443 704 457 717 ·
497 687 633 751 Θεὸς
664 686 764 755 μέν
787 688 905 740 ἐστι
937 687 1034 740 καὶ
1095 686 1258 756 μόνος
1308 685 1543 758 ἀληθῶς,
1576 687 1694 741 ἀλλ’
1723 684 1852 754 ἄδη-

260 778 352 831 λον
387 778 462 848 μὴ
518 777 616 831 καὶ
664 776 858 838 ἄλλους
881 774 1055 828 ἐθέλει
1084 773 1368 827 καλεῖσθαι
1410 773 1588 838 θεούς.
1662 775 1853 847 Νόμον

261 871 399 939 φησὶ
422 869 555 938 περὶ
578 866 773 921 τούτου
798 864 1239 939 διέταξαρλάθρα
1302 863 1588 934 λαλήσας
1657 868 1850 937 μηδέν.

261 957 489 1027 Κατέὅη
538 958 649 1029 γὰρ
696 956 725 1009 ὁ
778 955 984 1027 Κύριος
1039 955 1135 1008 ἐπὶ
1196 955 1258 1007 τὸ
1310 955 1443 1027 ὅρος
1476 956 1611 1011 Σινᾶ
1632 958 1691 1012 ὲν
1719 958 1853 1015 εῖδει

261 1050 459 1121 πυρὸς,
484 1051 580 1104 καὶ
613 1048 937 1119 σαλπίγγων
961 1045 1080 1118 ἠχὼ
1095 1057 1146 1112 1,
1174 1047 1423 1120 βρονταῖς
1452 1066 1513 1102 τε
1537 1050 1630 1104 καὶ
1647 1052 1855 1123 ἀστρα-

261 1144 418 1208 παῖς,
447 1143 544 1197 καὶ
580 1136 705 1212 ἦνή
741 1141 1045 1212 οἰκουμένη
1083 1142 1235 1194 πᾶσα
1286 1142 1581 1212 μετέωρος,
1609 1144 1764 1214 ὑμῶν
1794 1162 1856 1198 τε

261 1233 582 1304 κληθέντων
608 1234 703 1287 καὶ
728 1234 829 1301 τῆς
859 1232 1177 1300 Αἰγυπτίων
1225 1233 1638 1305 καταδυομένης
1656 1235 1853 1306 ἀρχῆς,

238 1326 364 1394 ,οὐχ
425 1324 513 1377 ἵνα
564 1325 841 1394 ματαίοις
882 1323 1209 1393 δουλεύσητε
1242 1339 1257 1355 ο
1336 1324 1569 1393 μάταιον
1629 1324 1739 1396 γὰρ
1796 1325 1859 1380 τὸ

263 1414 486 1469 εἴδωλον
504 1414 714 1486 εἴρηκε·
736 1413 991 1486 φανερῶς
1019 1413 1133 1484 γὰρ
1162 1413 1293 1483 ὑμῖν
1317 1414 1572 1485 ἐκήρυξε,
1604 1432 1624 1465 ι
1653 1414 1860 1486 Κύριον

263 1508 360 1561 τὸν
392 1508 528 1561 Θεόν
557 1525 651 1561 σου
675 1506 1095 1576 προσκυνήσεις,
1134 1506 1230 1559 καὶ
1254 1505 1404 1577 αὐτῷ
1459 1506 1605 1578 μόνῳ
1632 1505 1863 1579 λατρεύ-

269 1616 404 1664 σεις,
433 1600 529 1654 καὶ
555 1599 614 1653 οὐ
648 1598 900 1669 ποιήσεις
932 1598 1147 1670 σεαυτῷ
1174 1597 1420 1653 εἴδωλον.
1451 1618 1470 1651 ι
1501 1598 1772 1664 Πολλάκις
1805 1600 1864 1654 δὲ

1957 506 2204 579 inquam,
2234 509 2383 580 quod
2417 510 2472 565 in
2512 526 2734 566 omnem
2786 522 2987 566 terram
3038 527 3229 567 eorum
3268 514 3360 583 qui
3408 530 3543 584 apo-

1955 602 2084 658 stoli
2114 604 2465 672 dicebantur,
2491 607 2644 661 vocis
2670 621 2842 661 sonus
2872 606 3057 677 erupit
3091 606 3159 662 ".
3195 606 3363 663 Ilosis
3396 609 3544 662 enim

1955 696 2183 750 oracula
2211 712 2467 753 sermone
2497 698 2719 769 quidem
2746 706 2801 754 et
2832 698 3247 755 characteribns
3278 698 3544 764 Hebraeis,

1954 785 2096 842 locis
2147 786 2311 843 inviis
2366 797 2422 843 et
2464 803 2606 859 aqua
2658 788 2978 855 destitutis,
3033 790 3348 845 clanculum
3395 789 3546 846 edita

1954 875 2205 947 reperias
2236 893 2249 929 :
2281 877 2490 934 Christi
2530 884 2715 935 autem
2751 878 3105 950 Evangelium
3142 879 3389 934 omnium
3415 895 3549 947 gen-

1955 966 2095 1021 tium
2145 966 2350 1038 linguis
2400 976 2456 1024 et
2493 970 2693 1025 litteris
2739 969 3099 1025 celebratum.
3139 969 3209 1029 At
3250 969 3396 1038 quod
3435 984 3549 1025 nou

1958 1056 2122 1129 524
2150 1057 2206 1110 in
2240 1058 2551 1115 abscondito
2582 1060 2867 1128 scribitur,
2895 1060 2966 1116 ita
2991 1061 3272 1131 explicant
3299 1061 3549 1117 nonnulli

1958 1162 2024 1204 ac
2053 1150 2101 1205 si
2144 1150 2385 1218 dicatur,
2430 1152 2600 1208 Deum
2646 1153 2869 1224 quidem
2920 1153 3099 1209 solum
3144 1169 3206 1208 re
3239 1168 3369 1209 vera
3401 1170 3548 1220 esse,

1959 1242 2055 1297 sed
2103 1243 2410 1308 incertum,
2451 1260 2521 1299 an
2570 1254 2625 1301 et
2666 1245 2807 1301 alios
2857 1246 3023 1301 etiam
3082 1245 3216 1301 deos
3270 1247 3553 1318 appellare

1958 1334 2261 1403 permittat.
2304 1332 2529 1405 Legem,
2573 1336 2774 1406 inquit,
2809 1336 2914 1390 hac
2952 1337 3021 1391 de
3045 1351 3106 1392 re
3138 1336 3456 1408 tuli,neque
3494 1338 3552 1391 iu

1960 1421 2275 1479 abscondito
2313 1425 2615 1495 quidquam
2662 1426 2873 1480 locutus
2898 1442 3039 1481 sum.
3076 1426 3370 1484 Descendit
3399 1429 3550 1483 enim

1960 1516 2016 1570 in
2050 1514 2182 1571 Sina
2226 1527 2469 1572 montem
2503 1517 2793 1581 Dominus,
2838 1518 2893 1572 in
2930 1518 3170 1589 speciem
3209 1519 3371 1589 ignis,
3399 1519 3550 1573 tuhis

1962 1606 2351 1683 clangentibus
2382 1611 2452 1674 ⁸⁸,
2485 1610 2662 1665 multo
2709 1610 2940 1675 tonitru,
2974 1612 3259 1683 multaque
3295 1628 3554 1668 corusca-

264 1691 348 1758 τὸ,
377 1690 495 1761 ἐγώ
512 1694 651 1769 εἰμι,
677 1690 929 1745 λέλεκται
963 1690 1404 1762 προτρεπτικῶς,
1433 1691 1511 1755 εἰς
1536 1693 1862 1763 κατανόησιν

1976 1696 2135 1764 tione,
2174 1698 2231 1752 in
2284 1698 2577 1754 sublimem
2632 1716 2862 1770 prorsus
2910 1708 2965 1756 et
3011 1703 3287 1758 excelsam
3325 1710 3552 1767 terram,

266 1784 362 1838 τοῦ
398 1785 563 1856 μόνου
595 1785 732 1839 Θεοῦ
774 1783 871 1838 καὶ
895 1783 967 1837 τὰ
991 1783 1160 1838 πάλαι
1225 1785 1553 1854 ποιήσαντος
1584 1783 1858 1855 θαύματα.

1976 1790 2347 1860 exstinctaque
2378 1791 2765 1863 Egyptiorum
2805 1795 3192 1864 regno‘vocari
3228 1810 3328 1849 vos
3354 1802 3407 1847 et
3437 1807 3557 1850 ser-

267 1884 388 1937 vari
425 1880 627 1948 voluit;
672 1896 808 1946 non,
841 1888 901 1935 ut
948 1879 1053 1950 ipsi
1099 1880 1267 1935 rebus
1302 1880 1473 1942 vanis,
1514 1881 1699 1950 qualia
1730 1889 1859 1936 sunt
1901 1898 2023 1953 quae
2069 1885 2213 1939 idola
2261 1886 2636 1953 nominantur,
2676 1903 2778 1943 vos
2866 1889 3280 1959 manciparetis.
3356 1891 3561 1960 Aperte

269 1976 545 2046 siquidem
577 1974 778 2039 vobis,
819 1973 1108 2029 Dominum
1157 1970 1327 2027 Deum
1379 1972 1720 2028 adorandum
1798 1990 1943 2038 csse,
1985 1979 2144 2047 eique
2202 1979 2296 2032 uni
2351 1980 2745 2046 serviendum,
2794 1996 2974 2051 neque
3031 1982 3176 2037 idola
3240 1982 3559 2039 fabricanda
3627 1988 3646 2012 ‘

267 2066 468 2121 edixit.
520 2066 620 2121 Est
678 2079 810 2119 vero
867 2063 1308 2129 advertendum,
1368 2079 1616 2135 persmpe
1664 2064 1799 2119 illud
1848 2079 1863 2119 :
1908 2065 2020 2137 Ego
2052 2086 2171 2123 sum
2214 2070 2501 2137 Dominus,
2579 2072 2985 2130 exhortationis
3029 2075 3215 2139 modo,
3259 2075 3325 2131 ad
3400 2078 3560 2133 unius

271 2162 373 2217 Dei
409 2160 898 2228 signiﬁcationem,
936 2158 1030 2229 qui
1077 2157 1257 2228 prisca
1293 2158 1562 2211 miracula
1611 2159 1871 2228 patravit,
1906 2165 2187 2233 usurpari.

342 2252 563 2310 Λαλῶν
578 2252 981 2320 δικαιοσύνην
1009 2250 1108 2304 καὶ
1136 2250 1530 2320 ἀναγγέλλων
1555 2252 1861 2317 ἀλήθειαν.

282 2347 531 2401 ὶιέταττε
584 2344 683 2415 μὲν
761 2344 868 2413 γὰρ
902 2345 930 2397 ὁ
997 2343 1160 2414 νόμος
1195 2342 1265 2396 τὰ
1314 2343 1565 2413 πρακτέα
1594 2342 1818 2406 δικαίως
1849 2359 1864 2373 ·

271 2439 529 2511 ᾐνίττετο
556 2437 612 2490 δὲ
660 2438 756 2491 καὶ
790 2439 906 2499 ταῖς
936 2438 1118 2500 σκιαῖς
1172 2434 1290 2505 τὴν
1347 2434 1641 2501 ἀλήθειαν
1682 2436 1749 2488 τά
1807 2435 1867 2489 ὲν

270 2530 499 2602 Χριστῷ
530 2531 847 2601 προτυπῶν.
881 2529 1020 2601 Περὶ
1081 2528 1248 2583 αὑτοῦ
1290 2528 1400 2600 γὰρ
1460 2527 1691 2599 ἐλάλησε
1734 2529 1867 2581 Μω-

272 2622 400 2689 σῆς.
434 2620 543 2672 Καὶ
561 2620 736 2673 ταῦτα
766 2619 862 2688 μὲν
885 2612 1055 2672 οὗτοι.
1076 2618 1235 2670 Κατὰ
1256 2616 1313 2670 δὲ
1344 2618 1444 2687 τὴν
1479 2618 1708 2689 πρώτην
1779 2617 1869 2681 ὲξ-

270 2714 500 2783 ήγησιν,
537 2713 659 2765 Οὐκ
701 2707 877 2765 εἶπον
897 2709 976 2775 τῷ
1008 2707 1309 2778 σπέρματι
1336 2709 1565 2775 Ἰακὼϐ,
1602 2710 1870 2764 Marmor

273 2802 593 2872 ζητήσατε.
623 2802 784 2855 Κατὰ
808 2801 866 2854 δὲ
902 2799 1218 2871 Σύμμαχον,
1252 2800 1516 2869 ματαίως
1573 2798 1871 2867 ζητήσατέ

270 2911 370 2963 με.
400 2895 562 2947 Κατὰ
585 2894 641 2946 δὲ
671 2894 796 2956 τοὺς
818 2892 1040 2955 ἄλλους,
1078 2889 1270 2957 κενῶς
1328 2888 1635 2959 ζητήσατέ
1673 2909 1770 2961 με.
1798 2890 1872 2943 Τὸ

275 2987 390 3056 γὰρ
412 2984 747 3053 Εὐαγγέλιον
768 2975 1006 3055 πρώτοις
1038 2984 1169 3055 ὑμῖν
1235 2980 1571 3053 ἀνεκήρυξα.
1636 2984 1749 3037 Καὶ.
1797 2983 1873 3046 ὡς

274 3081 344 3133 ἂν
374 3079 448 3151 μὴ
477 3079 667 3151 δόξητε
695 3080 875 3151 μάτην
934 3077 1233 3144 θεοσεῦεἶν,
1291 3076 1483 3148 μισθὸν
1539 3077 1668 3149 ὑμῖν
1731 3077 1875 3149 ζωὴν

275 3171 700 3241 ἐπηγγειλάμην
730 3169 969 3233 αἰώνιον,
1001 3169 1096 3223 καὶ
1155 3167 1191 3221 ἃ
1236 3166 1519 3237 ὀφθαλμὸς
1579 3167 1678 3219 οὑκ
1713 3162 1873 3233 εἶδεν,

277 3262 378 3316 καὶ
404 3262 474 3314 τὰ
504 3260 652 3331 ἑξῆς.
679 3259 905 3331 Ἐπειδὴ
929 3258 997 3312 δὲ
1023 3260 1169 3324 Θεός
1193 3262 1312 3329 ειμι
1326 3258 1536 3313 λαλῶν
1566 3257 1879 3311 δικαιοσύο

276 3371 403 3421 νην
460 3353 559 3407 καὶ
617 3351 1019 3423 ἀναγγέλλων
1065 3351 1380 3415 ἀλήθειαν,
1436 3349 1576 3403 κατὰ
1622 3350 1716 3403 τὸν
1778 3349 1880 3419 τῆς

280 3443 696 3511 δικαιοσύνης
725 3442 905 3511 λόγον,
940 3441 1080 3512 μετὰ
1104 3441 1230 3505 τοὺς
1254 3442 1319 3494 ὲκ
1349 3441 1675 3511 περιτομῆς,
1731 3439 1879 3493 καλῶ

2041 2256 2304 2328 Sequitur
2356 2265 2541 2314 autem
2578 2277 2592 2313 :
2628 2258 2733 2326 Qui
2766 2258 3043 2329 justitiam
3085 2259 3338 2330 loquitur,
3374 2271 3422 2314 et
3474 2279 3560 2317 ve-

1970 2346 2185 2401 ritatem
2236 2348 2548 2422 annuntiat.
2585 2348 2899 2418 lmperabat
2939 2348 3086 2404 enim
3131 2350 3219 2405 lex
3255 2366 3377 2420 qua)
3410 2352 3562 2421 juste

1971 2436 2087 2492 ﬁeri
2131 2438 2334 2503 liceret,
2369 2438 2578 2493 umbris
2618 2446 2803 2493 autem
2844 2439 3119 2493 veritatem
3151 2438 3409 2506 innuens,
3440 2457 3562 2510 quae

1971 2528 2025 2582 in
2063 2528 2288 2584 Christo
2334 2538 2496 2586 erant
2543 2539 2672 2585 ante
2722 2531 3076 2601 depingebat,
3112 2531 3182 2587 de
3234 2548 3343 2601 quo
3384 2533 3563 2587 Moses

1971 2622 2188 2678 locutus
2239 2622 2416 2677 fuerat
2446 2620 2513 2675 ".
2551 2625 2730 2694 Atque
2785 2624 2900 2679 haec
2953 2623 3177 2694 quidem
3232 2626 3337 2692 illi,
3372 2641 3561 2679 verum

1973 2714 2275 2769 secundum
2309 2715 2545 2784 priorem
2571 2716 2995 2784 explicationem
3027 2734 3041 2770 :
3077 2714 3205 2769 Non
3235 2717 3349 2769 dixi
3375 2718 3565 2770 semini

1971 2803 2165 2869 Iacob,
2242 2803 2445 2860 Vanum
2492 2808 2715 2876 quwrite
2746 2821 2765 2870 ;
2802 2806 3107 2861 secundum
3171 2806 3565 2877 Symmachum

1976 2903 2155 2950 autem
2211 2903 2265 2950 et
2316 2896 2480 2960 alios,
2520 2894 2756 2951 Frustra
2780 2897 3002 2966 qua'rite
3048 2912 3151 2950 me.
3208 2895 3564 2966 Evangelium

1976 2986 2249 3055 siquidem
2297 2985 2456 3041 vobis
2508 2986 2627 3056 ipse
2670 2994 2798 3041 ante
2846 3000 3040 3040 omnes
3085 2985 3460 3055 promulgavi;
3503 3000 3571 3038 ac

1978 3092 2047 3131 ne
2083 3076 2337 3145 pietatem
2386 3074 2595 3131 frustra
2641 3076 2827 3131 colere
2872 3074 3218 3139 videremini,
3256 3073 3567 3129 mercedem

1977 3170 2145 3223 etiam
2196 3170 2360 3223 vitam
2417 3178 2701 3233 aeternam,
2753 3176 3065 3236 cmteraque
3112 3166 3241 3231 alia,
3289 3180 3411 3234 qua:
3466 3176 3570 3243 ιιι-ο

1981 3259 2132 3313 auris
2160 3259 2389 3321 audivit,
2428 3273 2528 3314 nec
2560 3258 2757 3313 oculus
2794 3258 2952 3325 vidit,
2982 3271 3084 3311 nec
3111 3258 3167 3311 in
3200 3271 3295 3310 cor
3326 3255 3569 3311 hominis

1983 3349 2355 3403 ascenderunt
2387 3347 2455 3414 ⁵³,
2496 3362 2600 3418 ego
2644 3347 2923 3417 pollicitus
2958 3362 3104 3402 sum.
3142 3345 3246 3401 Sed
3281 3346 3393 3416 jam
3427 3362 3568 3415 quo-

1984 3440 2132 3494 niam
2164 3441 2277 3510 Ego
2299 3456 2417 3493 sum
2442 3439 2610 3506 Deus,
2635 3439 3015 3510 quijustitiam
3037 3438 3247 3509 loquor,
3278 3447 3327 3492 et
3360 3456 3573 3493 annun-

281 3536 495 3600 πάντας
538 3535 676 3605 πρὸς
702 3536 960 3605 ἐμαυτὸν,
986 3533 1258 3605 κήρυγμά
1292 3550 1352 3586 τε
1380 3532 1645 3602 ποιοῦμαι
1678 3532 1871 3586 κοινόν.

1986 3535 2058 3586 tio
2092 3535 2366 3588 veritatem
2402 3535 2708 3589 secundum
2739 3531 2975 3602 justitia:
3011 3532 3273 3599 verbum;
3305 3541 3430 3603 post
3476 3530 3574 3585 Ju-

282 3628 642 3697 Συνὰχθητε
670 3627 768 3681 καὶ
802 3626 995 3695 ἣκετε,
1022 3626 1122 3679 καὶ
1165 3626 1600 3691 ,βουλεύσασθε
1654 3622 1775 3692 ἅμα
1829 3626 1882 3678 οι

283 3720 624 3789 σωζόμενοι
655 3720 776 3773 τῶν
803 3718 1017 3772 ἐθνῶν.
1036 3717 1186 3771 ’Λντὶ
1218 3717 1275 3769 δὲ
1307 3716 1401 3770 τοῦ
1448 3718 1882 3781 ,βουλεύσασθε

282 3812 429 3880 ἅμα,
492 3811 810 3881 Σύμμαχος,
859 3808 1299 3877 προσεγγίσατέ
1384 3825 1508 3877 μοι,
1576 3809 1765 3877 φησὶν,
1825 3810 1881 3862 οἱ

282 3903 761 3973 διαπεφευγότες
813 3901 933 3955 τῶν
988 3901 1207 3957 ἐθνῶν.
1283 3900 1358 3954 Τὸ
1428 3900 1485 3955 δὲ
1534 3900 1882 3970 συνάχθητε

282 3995 586 4060 καλοῦντός
609 3998 759 4049 ἐστιν
781 3994 874 4058 οὓς
907 3996 934 4048 ὁ
987 3994 1238 4059 Σατανᾶς
1275 3993 1639 4049 διεσκέδασεν.
1676 3992 1882 4046 Ἐλθὼν

282 4087 449 4158 γὰρὸ
481 4087 675 4158 Σωτὴρ
710 4086 942 4141 θάνατον
967 4085 1233 4156 ὑπέμεινε
1280 4086 1347 4139 δι’
1376 4086 1545 4157 ἡμᾶς,
1589 4085 1700 4152 ἵνα,
1740 4086 1884 4139 κατὰ

284 4180 382 4235 τὸν
411 4178 842 4250 εὐαγγελιστὴν,
887 4179 955 4233 τὰ
984 4179 1150 4232 τέκνα
1192 4176 1287 4230 τοῦ
1316 4176 1449 4230 Θεοῦ
1470 4177 1537 4230 τὰ
1567 4177 1884 4248 διεσκορπι-

287 4271 473 4341 σμένα
503 4271 786 4344 συναγάγῃ
827 4272 908 4330 εἰς
953 4270 1013 4324 ἓν
1052 4268 1403 4333 συνδεθέντας
1462 4269 1741 4342 ὁμοψυχίᾳ
1788 4273 1884 4324 καὶ

287 4362 500 4417 πίστει.
534 4363 646 4417 Kal.
688 4362 765 4427 ὡς
818 4363 1037 4435 μακρὰν
1095 4357 1248 4415 οῦσιν
1298 4361 1472 4428 ἣκειν
1529 4361 1683 4432 φησι.
1744 4361 1881 4416 Θεοῦ

283 4455 403 4526 γὰρ
427 4454 691 4525 ἀφίστησι
745 4453 945 4524 πλάνη.
982 4454 1074 4508 Διὸ
1100 4454 1192 4508 καὶ
1239 4452 1454 4516 Παῦλός
1525 4470 1712 4524 φησιν,
1743 4473 1763 4507 ‹
1820 4455 1888 4509 Οἵ

284 4563 426 4601 ποτε
456 4546 612 4609 ὄντες
645 4546 884 4619 μακράν,
906 4547 1207 4618 ἐγενήθητε
1232 4545 1419 4615 ἐγγύς.
1460 4564 1478 4596 ι
1527 4546 1637 4599 Kal.
1695 4546 1881 4614 πάλιν,
1910 4577 1916 4585 ε

291 4656 314 4692 ε
345 4638 759 4709 Εὑηγγελίσατο
785 4639 1012 4711 εἰρήνην
1036 4639 1165 4710 ὑμῖν
1190 4641 1301 4702 τοῖς
1333 4639 1572 4709 μακρὰν,
1606 4640 1698 4694 καὶ
1730 4642 1882 4712 εἰρή-

284 4747 392 4801 νην
417 4734 531 4793 τοῖς
560 4730 750 4801 ἐγγύς.
789 4750 808 4784 ι
835 4733 946 4785 Καὶ
972 4732 1261 4803 προφήτης
1311 4732 1370 4785 δέ
1419 4749 1607 4804 φησιν·
1647 4751 1667 4785 ι
1703 4733 1887 4802 Ἐγγί-

289 4839 427 4876 σατε
464 4822 543 4893 τῷ
567 4823 688 4895 Θεῷ
708 4823 802 4877 καὶ
829 4824 1007 4891 ὲγγιεῐ
1032 4823 1161 4893 ὑμῖν
1191 4839 1207 4855 ο
1257 4842 1276 4875 ι
1334 4823 1397 4876 τδ
1426 4822 1483 4876 δὲ
1534 4824 1886 4889 βουλεύσα-

287 4917 407 4968 σθε
441 4912 577 4983 ἅμα,
604 4915 742 4983 πρὸς
772 4913 835 4967 τὸ
862 4915 960 4967 σὺν
985 4914 1244 4984 φρονήσει
1281 4912 1571 4985 προσιέναι
1629 4931 1883 4985 παρακα-

289 5003 399 5059 λεῖ.
432 5006 525 5058 Δεῐ
555 5005 664 5075 γὰρ
683 5006 866 5058 πᾶσαν
890 5004 1100 5074 πλάνην
1121 5003 1537 5075 ἀρνησαμένους
1566 5004 1710 5060 οὕτω
1727 5023 1886 5077 προσ·

295 5095 439 5149 ιέναι
468 5097 588 5169 Θεῷ
612 5096 739 5151 νοῦν
796 5092 999 5165 εὐσεϐῆ
1028 5095 1127 5167 τῆς
1155 5096 1285 5166 πρὶν
1309 5095 1624 5169 ἀφροσύνης
1650 5082 1897 5163 ἁλλαξα-ν

299 5188 520 5254 μένους.

1915 4869 1958 4924 D

1985 3624 2157 3689 daeos,
2191 3625 2257 3677 ad
2288 3638 2376 3677 me
2408 3623 2686 3693 quoslibet
2722 3637 2823 3693 ego
2858 3624 3011 3678 nullo
3046 3622 3369 3678 discrimine
3412 3638 3573 3679 acce-

1983 3715 2134 3779 dere,
2167 3721 2221 3769 et
2267 3729 2561 3768 commune
2610 3714 2871 3769 omnibus
2914 3714 3195 3784 Evangelii
3238 3716 3571 3782 praeconium

1984 3821 2107 3861 esse
2152 3805 2345 3875 jubco.
2408 3804 2817 3877 Congregamini
2866 3815 2922 3859 et
2984 3806 3152 3859 venite
3210 3815 3259 3857 et
3312 3806 3574 3861 consulite

1984 3900 2167 3966 simul,
2196 3901 2285 3971 qui
2315 3900 2601 3955 salvamini
2633 3900 2695 3954 de
2721 3900 2965 3971 gentibus
2990 3940 3005 3967 ,
3043 3900 3131 3954 ubi
3169 3915 3271 3969 pro
3316 3902 3574 3954 consufite

1984 3994 2167 4059 simul,
2219 3992 2468 4048 Accedite
2516 3992 2587 4047 ad
2638 4008 2718 4046 me
2767 3994 2858 4062 qui
2905 3993 2970 4046 de
3018 3993 3260 4060 gentibus
3312 3994 3572 4064 effugisti:

1987 4082 2385 4151 interpretatur
2436 4081 2824 4151 Symmachus.
2864 4080 2996 4137 Ideo
3046 4089 3231 4137 autem
3278 4099 3572 4154 congrega-

1985 4177 2117 4228 mini
2149 4174 2309 4240 dixit,
2341 4182 2399 4229 ut
2438 4174 2685 4243 cogentis
2725 4174 2878 4245 ipsos
2909 4184 2962 4231 et
2992 4178 3355 4232 convocantis
3393 4193 3577 4245 perso-

1986 4281 2112 4319 nam
2141 4264 2302 4335 525
2335 4265 2689 4335 exprimeret,
2726 4265 2821 4335 qui
2854 4275 3013 4320 erant
3051 4281 3083 4320 a
3122 4268 3326 4321 Satana
3358 4267 3574 4337 disgre-

1987 4360 2120 4431 gati.
2148 4358 2287 4414 Cum
2319 4359 2564 4414 venisset
2591 4359 2737 4413 enim
2769 4374 2879 4414 non
2913 4359 3022 4426 sui,
3052 4360 3147 4415 sed
3175 4362 3350 4415 nostri
3379 4376 3573 4425 causa,

1986 4459 2220 4507 mortem
2257 4451 2426 4507 subiit
2460 4452 2735 4518 Salvator,
2767 4460 2827 4505 ut
2862 4452 3166 4507 secundum
3212 4452 3577 4523 Evangelisne

1987 4543 2152 4597 verba
2178 4542 2248 4606 ⁸⁸,
2276 4541 2368 4596 Dei
2401 4541 2563 4609 filios,
2594 4541 2685 4611 qui
2714 4550 2872 4597 erant
2899 4542 3157 4613 dispersi,
3187 4544 3374 4598 eodem
3404 4547 3573 4598 animi

1988 4633 2226 4704 fideique
2268 4633 2490 4688 vinculo
2540 4650 2823 4691 connexos
2873 4635 2928 4689 in
2980 4652 3148 4690 unum
3195 4650 3571 4708 congregaret.

1990 4725 2198 4781 Deinde
2243 4734 2503 4797 tanquam
2539 4726 2699 4798 longe
2731 4727 2939 4795 absint,
2970 4737 3246 4783 venturum
3278 4745 3337 4784 se
3371 4731 3573 4785 innuit.

1994 4818 2157 4875 Arcet
2183 4818 2331 4876 enim
2352 4828 2406 4874 et
2432 4826 2653 4889 separat
2680 4834 2711 4873 a
2744 4818 2855 4875 Deo
2880 4836 3035 4876 error
3057 4822 3194 4891 ipse.
3220 4820 3459 4892 Indeque
3491 4831 3574 4876 νει

1997 4911 2151 4965 Pauli
2198 4911 2334 4965 illud
2383 4931 2396 4966 :
2448 4929 2467 4961 ι
2505 4909 2609 4977 Qui
2661 4911 2959 4980 aliquando
3010 4912 3178 4967 eratis
3228 4912 3408 4983 longe,
3444 4912 3573 4968 facti

1991 5005 2127 5060 estis
2173 5020 2344 5076 prope
2374 5006 2441 5058 ⁸⁵.
2479 5023 2497 5055 ι
2555 5003 2621 5057 Ει
2667 5019 2888 5060 rursum
2928 5024 2942 5059 :
2989 5024 3008 5057 ι
3045 5004 3451 5076 Evangelizavit
3484 5023 3578 5077 pa-

1948 5093 2106 5153 'cem
2156 5098 2334 5163 vobis,
2379 5098 2471 5168 qui
2523 5098 2687 5167 longe
2745 5096 2952 5162 fuistis,
2989 5107 3044 5151 et
3100 5113 3289 5167 pacem
3341 5099 3430 5164 iis,
3482 5102 3576 5169 qui

1983 5207 2153 5262 prope
2183 5190 2251 5244 ⁸⁸.
2291 5209 2309 5242 ι
2362 5190 2428 5243 Ει
2480 5189 2760 5259 propheta:
2809 5188 2974 5244 etiam
3009 5207 3021 5242 :
3058 5205 3083 5240 ι
3120 5190 3574 5260 Appropinquate

300 5276 431 5344 Deo,
471 5286 528 5334 et
568 5277 1036 5349 appropinquabit
1065 5277 1223 5335 vobis
1255 5278 1314 5339 ⁸⁷.
1362 5296 1381 5331 ι
1413 5279 1477 5335 At
1512 5280 1656 5351 quod
1702 5283 1962 5337 consulite
2048 5283 2213 5337 simul
2263 5283 2421 5347 dicit,
2497 5285 2568 5335 ita
2626 5290 2789 5338 caute
2832 5289 2884 5338 et
2934 5280 3233 5352 prudenter
3316 5283 3578 5339 accedere

404 5461 452 5492 ⁸ο
484 5458 631 5512 Psal.
668 5471 827 5521 xvm,
863 5457 926 5521 5;
960 5457 1121 5512 Rom.
1167 5473 1222 5519 ιι,
1262 5457 1350 5511 18.

295 5547 360 5598 ιι,
393 5533 447 5586 9.
527 5532 572 5562 ⁸³
602 5526 849 5595 loan.xr,
890 5528 981 5583 52.
1057 5528 1104 5561 ³⁸
1143 5528 1342 5598 Ephcs.
1379 5545 1439 5594 ιι,
1474 5530 1560 5584 15.

1463 5458 1508 5489 ⁸¹
1553 5459 1722 5513 Exod.
1762 5477 1875 5524 χιιι,
1912 5463 1934 5515 l
1976 5477 2129 5530 seqq.

2226 5462 2271 5492 δ’
2334 5459 2491 5514 Joan.
2559 5477 2609 5532 ν,
2646 5460 2737 5514 46.
2841 5458 3014 5516 "lsa.
3051 5474 3198 5525 μιν,
3238 5458 3303 5524 4;
3363 5457 3380 5512 ι
3437 5457 3573 5520 Cor.

1674 5531 1721 5561 ⁵⁸
1753 5532 1886 5585 ibid.
1922 5534 2009 5585 Η.
2090 5533 2134 5565 ⁵⁷
2164 5530 2277 5586 Jac.
2314 5548 2387 5595 ιν,
2422 5534 2476 5585 8.

1599 5643 1825 5699 VAle
1867 5645 2273 5703 LECTIONES.

370 5747 401 5778 ι
444 5753 535 5810 γρ.
579 5738 631 5790 εἴ
659 5754 758 5801 τις.
839 5744 865 5785 1
903 5734 990 5789 ισ.
1025 5735 1163 5805 ἤχῳ.
