3916 6416
453 344 596 410 2435
704 410 707 419 ,

1746 329 2111 393 PROCOPH
2146 328 2389 389 GAZKEI

3598 304 3733 367 241th

455 460 804 514 adhortatur.
855 453 1025 511 Decet
1068 451 1214 507 enim
1267 466 1375 505 non
1421 447 1528 505 nisi
1568 447 1759 504 relicta
1805 459 2036 517 prorsus
2073 442 2336 514 peccandi
2379 438 2804 505 consuetudine,
2837 438 3058 507 vitaque
3089 434 3140 488 in
3209 431 3420 515 melius
3493 433 3752 481 comma:

454 562 590 620 tata,
614 559 766 608 caste
792 558 846 607 et
875 550 965 621 pie
991 547 1056 603 ad
1091 546 1262 602 Deum
1294 545 1577 601 accedere.

524 650 607 704 Ad
644 664 740 704 vos
787 647 955 717 igitur
985 644 1193 699 reversi
1230 641 1596 707 considerate,
1623 653 1789 711 quam
1822 635 2041 707 penitus

2217 625 2627 697 Συστρέψαντες
2667 622 2762 676 οὖν
2810 620 3039 684 ἑαυτοὺς
3088 621 3337 676 συνίδετε
3387 621 3467 686 ὡς
3522 623 3739 694 ἀνόητοι

455 722 719 797 vecordes
744 738 821 791 illi
845 738 976 801 sint,
1001 735 1090 806 qui
1121 735 1321 804 lignum
1347 732 1637 800 sculptura:
1663 744 1775 784 sua:
1800 727 2036 792 elevant,

457 832 510 887 id
554 840 659 897 est,
692 831 785 900 qui
834 829 910 882 ita
955 827 1248 892 extollunt,
1289 832 1349 880 ut
1385 824 1614 895 gloriam
1650 836 1770 892 qua:
1799 818 1895 874 uni
1930 817 2041 872 Deo

458 923 708 987 debetur,
752 922 900 991 ligno
934 919 1259 990 largiantur.
1300 915 1596 983 Nimirum,
1629 914 1833 987 quibus
1862 912 2042 983 placet

457 1024 678 1083 portare
720 1028 920 1068 sensus
952 1012 1222 1081 expertia,
1249 1018 1303 1063 et
1330 1025 1453 1080 quae
1483 1023 1551 1063 ne
1577 1007 1785 1063 moveri
1814 1005 2040 1075 quidem

455 1108 698 1173 valeant,
730 1122 840 1177 quo
872 1113 1033 1176 pacto
1064 1104 1150 1158 vel
1191 1112 1358 1167 terra,
1391 1103 1472 1158 vel
1516 1101 1650 1157 mari
1692 1101 1796 1155 iter
1829 1098 2039 1154 facien-

455 1212 560 1266 tes,
589 1201 659 1256 ab
682 1198 952 1270 ejusmodi
985 1198 1250 1253 auxilium
1277 1197 1592 1265 postulant?
1619 1194 1773 1261 Quod
1802 1192 1847 1248 si
1881 1191 2041 1261 quid-

451 1307 615 1361 quam
654 1291 885 1353 habent,
914 1287 1059 1359 quod
1106 1303 1208 1358 pro
1244 1287 1353 1342 diis
1387 1287 1509 1341 istis
1540 1286 1749 1349 dicant,
1777 1283 2043 1339 accedant

451 1392 507 1435 et
532 1380 656 1449 ipsi.
685 1378 823 1433 Tum
856 1379 1075 1432 deruunt
1115 1377 1259 1431 enim
1290 1392 1480 1432 verum
1517 1373 1686 1431 Deum
1720 1381 2040 1446 agnoscent,

452 1489 579 1527 eum
644 1472 873 1542 propius
931 1471 1293 1525 accesserint.
1352 1473 1550 1524 Annon
1624 1483 1882 1539 magnum
1957 1475 2043 1523 est

453 1564 673 1618 deitatis
711 1568 1117 1632 argumentum,
1154 1560 1299 1630 quod
1348 1575 1376 1614 a
1420 1559 1705 1630 prophetis
1747 1560 1852 1613 ista
1885 1558 2045 1630 longe

452 1664 581 1710 ante
613 1654 893 1724 przedicta,
935 1667 1099 1722 quam
1139 1650 1287 1707 facta
1317 1659 1479 1715 sunt;
1516 1651 1703 1720 qualia
1738 1651 2040 1717 dannones,

452 1749 545 1816 qui
593 1745 909 1799 futurorum
968 1743 1220 1798 notitiam
1263 1742 1368 1798 sibi
1405 1752 1691 1817 arrogant,
1736 1758 1804 1797 ne
1851 1739 2040 1797 fucum

452 1837 675 1907 quidem
745 1833 998 1889 faciendo
1071 1841 1335 1903 praestare
1392 1842 1627 1904 queant;
1698 1832 1795 1887 sed
1864 1846 2043 1901 neque

452 1926 660 1981 Christi
704 1926 1022 1988 adventum,
1052 1925 1137 1978 vel
1186 1925 1470 1979 interitum
1520 1939 1679 1977 suum
1724 1923 2044 1993 praenosse?

2141 719 2422 784 παντελῶς
2472 722 2525 774 οί
2544 720 2818 787 αἴροντες
2859 717 2923 770 τὸ
2961 716 3153 780 ξύλον
3210 715 3472 785 γλύμμιι
3522 714 3741 782 αὐτῶν,

2139 816 2340 871 δὲστιν
2395 812 2656 883 ὑψοῦντες
2704 812 2779 874 ὡς
2804 810 2964 874 δόξαν
3009 808 3160 879 αὐτῷ
3214 807 3538 877 προσάγειν
3585 806 3742 862 Θεοῦ.

2146 909 2353 975 Ἠγουν
2378 904 2430 960 οί
2457 904 2526 959 τὰ
2555 903 2740 974 ἄψυχα
2761 902 3045 972 φέροντες,
3098 899 3175 963 ὡς
3210 898 3295 970 μὴ
3328 898 3612 951 κινεῖσθαι
3656 897 3746 951 δυ.

2143 999 2374 1070 νάμενα,
2428 997 2547 1058 πῶς
2597 991 3088 1064 όδοιποροῦντες,ἢ
3125 990 3394 1052 πλέοντες
3422 988 3527 1060 τὴν
3599 992 3745 1060 παρὶ

2140 1090 2348 1146 τούτων
2400 1087 2681 1142 αἰτοῦνται
2733 1084 3018 1157 βοήθειαν;
3054 1084 3121 1137 Εί
3167 1082 3227 1136 δὲ
3276 1079 3477 1151 ἔχουσί
3509 1097 3564 1132 τι
3625 1084 3744 1151 περὶ

2140 1184 2251 1238 τῶν
2277 1181 2421 1236 ίδίων
2450 1181 2630 1249 λέγειν
2677 1175 2845 1244 θεῶν,
2876 1175 3247 1246 προσίτωσαν.
3299 1171 3592 1239 Σύνεγγυς
3644 1175 3744 1244 γὰρ

2140 1272 2426 1342 γεγονότες
2460 1270 2550 1324 τὸν
2580 1269 2757 1341 ἀληθῆ
2815 1267 2948 1322 Θεὸν
2980 1265 3422 1335 έπιγνώσονται.
3467 1263 3547 1317 Οὐ
3610 1264 3744 1335 μέγα

2141 1367 2341 1437 δεῖγμα
2369 1363 2469 1435 τῆς
2492 1363 2744 1432 θεότητος
2784 1361 2845 1414 τὸ
2878 1360 3248 1432 προαγγεῖλαι
3293 1356 3483 1411 ταῦτα
3517 1356 3608 1410 διὰ
3644 1358 3743 1410 τῶν

2143 1457 2459 1531 προφητῶν,
2480 1457 2615 1527 ὅπερ
2637 1456 2738 1509 οὐκ
2770 1453 2955 1525 έχουσι
2982 1454 3160 1507 ποιεῖν
3184 1453 3234 1504 οἱ
3257 1449 3599 1521 φενακισμῷ
3625 1466 3744 1520 προ-

2143 1549 2323 1619 λέγειν
2347 1547 2817 1619 ὲπαγγελλόμενοι
2855 1547 3136 1617 δαίμονες,
3206 1549 3358 1616 μήτε
3382 1544 3489 1615 τὴν
3512 1544 3741 1612 Χριστοῦ

2146 1641 2457 1713 παρουσίαν
2485 1640 2836 1713 προγνόντες,
2865 1640 3005 1710 μήτε
3066 1637 3154 1709 τὴν
3205 1636 3357 1690 ἰδίαν
3408 1636 3737 1702 κατάλυσινς

2156 1734 2301 1806 Ἐγὼ
2341 1734 2401 1787 δὲ
2447 1735 2729 1804 προεῖπον,
2754 1733 2878 1785 ἐπεὶ
2920 1730 3153 1799 δίκαιός
3204 1730 3335 1798 sim
3397 1727 3502 1782 καὶ
3528 1728 3737 1796 Σωτήρ.

2142 1828 2358 1895 Δικαίῳ
2376 1828 2482 1898 γὰρ
2508 1826 2649 1897 λόγῳ
2672 1826 2810 1896 πρὸς
2840 1824 3117 1898 σωτηρίαν
3156 1823 3352 1878 πάντα
3389 1821 3461 1876 τὰ
3500 1821 3626 1891 ἔθνη
3643 1838 3739 1874 κα-

2145 1920 2246 1974 λῶ.
2277 1920 2449 1975 Τοῦτο
2470 1921 2578 1992 γὰρ
2598 1919 2752 1990 δηλοῖ
2782 1919 2842 1974 τὸ
2874 1917 2977 1974 ἀπ’
3016 1917 3290 1988 ἐσχάτου
3324 1915 3442 1985 τῆς
3476 1915 3611 1984 τῆς.
3640 1917 3738 1968 Καὶ

452 2018 524 2073 At
551 2032 616 2072 ea
649 2017 789 2087 ipse,
825 2017 949 2085 quia
980 2018 1163 2083 justus
1219 2024 1269 2069 et
1320 2013 1568 2069 Salvator
1605 1982 1744 2079 sum,
1778 2013 2041 2083 praedixi;

2153 2011 2379 2067 δίκαιον
2433 1982 2625 2066 ἑαυτὸν
2652 1982 2858 2076 ’άλλως
2918 1982 3265 2080 καλετξῖπρδς
3335 1982 3738 2077 ἀντιδιαστολήν

454 2108 550 2179 qui
579 2107 730 2176 justa
776 2107 1032 2162 oratione
1067 2113 1257 2176 gentes
1290 2122 1481 2161 clunes
1515 2105 1582 2160 ad
1616 2108 1853 2161 salutem
1884 2119 2042 2159 voco.

455 2200 513 2254 Id
565 2199 712 2255 enim
766 2214 832 2254 eo
884 2199 1026 2267 ipso,
1071 2199 1216 2267 quod
1272 2199 1336 2252 ab
1384 2198 1635 2254 extremis
1690 2207 1843 2253 terra:
1887 2196 2043 2263 dixit,

458 2288 816 2358 signiﬁcavit.
851 2286 996 2353 Quin
1041 2296 1092 2343 et
1134 2289 1344 2359 justum
1391 2305 1451 2344 se
1497 2288 1635 2344 alias
1686 2290 1956 2355 nominat,
1988 2296 2048 2343 ut

457 2378 792 2442 daemonum,
823 2377 918 2446 qui
952 2377 1006 2431 in
1039 2386 1292 2431 naturam
1322 2384 1568 2432 nostrain
1598 2376 1670 2430 ita
1696 2381 2044 2446 grassantur,

455 2476 520 2523 ut
552 2468 621 2523 ab
656 2467 915 2522 humanis
963 2468 1163 2522 hostiis
1214 2484 1324 2523 non
1375 2468 1709 2545 abstineant,
1736 2466 2048 2522 distinctio-

458 2564 582 2615 nem
641 2559 923 2614 adhibeat.
957 2557 1062 2624 Qui
1117 2559 1262 2613 enim
1306 2576 1415 2613 non
1461 2559 1644 2629 justus
1684 2557 1920 2623 dicatur,
1954 2557 2048 2627 qui

458 2660 568 2705 tam
605 2651 839 2706 libenter
874 2650 1076 2721 injuria
1120 2650 1333 2707 alTeclis
1384 2651 1724 2723 opitulatur?
1766 2651 1859 2723 qui
1910 2650 2050 2706 nihil

457 2742 688 2796 omnino
735 2739 984 2796 futurum
1037 2742 1381 2812 pronuntiat,
1410 2743 1560 2812 quod
1598 2752 1753 2799 certo
1791 2750 1847 2798 et
1883 2742 2047 2797 indu-

458 2831 635 2885 bitate
672 2840 870 2886 eventu
927 2847 1036 2885 non
1093 2832 1326 2902 probet?
1370 2832 1508 2888 Cum
1558 2832 1704 2888 enim
1752 2834 2050 2890 Abrahanti

458 2928 688 2990 nepotes
741 2935 864 2975 esse
919 2922 1266 2986 servituros,
1334 2919 1670 2992 tandemque
1735 2922 2049 2977 libertatem

461 3017 866 3067 consecuturos
892 3012 1238 3080 prazdixisset
1258 3028 1275 3077 ;
1297 3011 1463 3084 526
1483 3012 1605 3083 ipso
1631 3020 1797 3067 etiam
1817 3026 1927 3067 non
1963 3026 2051 3067 re-

458 3097 728 3153 cordante
759 3101 1077 3169 patriarcha
1107 3099 1308 3173 (neque
1339 3101 1484 3157 enim
1514 3103 1734 3158 vivebat
1759 3101 1941 3157 adhuc
1970 3100 2051 3157 vel

440 3192 585 3259 tejus
641 3201 993 3261 posterorum
1041 3193 1359 3263 quisquam,
1413 3195 1510 3265 qui
1554 3194 1788 3265 justitiae
1828 3194 2055 3250 nomine

2144 2105 2255 2160 τῶν
2287 2102 2626 2176 ἠδικηκότων
2652 2102 2751 2174 τὴν
2774 2104 3054 2175 ἡμετέραν
3114 2102 3287 2173 φύσιν
3335 2100 3639 2172 δαιμόνων,
3690 2098 3735 2152 οἳ

2152 2195 2287 2267 μηδὲ
2315 2195 2570 2265 θυμάτων
2601 2193 2957 2265 ἀνθρωπίνων
2983 2193 3318 2264 ἀπέσχοντο.
3355 2191 3468 2247 Καὶ
3508 2182 3625 2253 πῶς
3677 2191 3731 2242 οὐ

2148 2284 2382 2371 metator;
2440 2287 2469 2340 ὁ
2523 2289 2638 2350 τοῖς
2681 2285 2934 2340 τοσοῦτον
2987 2285 3351 2357 ἠδικημένοις
3405 2282 3730 2353 ὲπικουρῶν;

2148 2378 2208 2444 ὃς
2257 2378 2353 2433 καὶ
2395 2377 2628 2432 καθόλου
2675 2376 2977 2446 προλέγων,
3030 2378 3383 2433 ἀδιάπτωτον
3437 2376 3599 2446 τηρεῖ
3638 2372 3733 2426 τῶν

2149 2468 2570 2542 προρρηθέντων
2589 2468 2688 2541 τὴν
2718 2468 2982 2531 έκδασιν;
3015 2469 3315 2540 Προειπὼν
3346 2469 3459 2539 γὰρ
3501 2463 3733 2537 ’Δϐραὰμ

2151 2561 2258 2634 τὴν
2277 2561 2524 2617 δουλείαν
2548 2578 2609 2615 τε
2635 2560 2733 2615 καὶ
2761 2561 2859 2633 τὴν
2888 2559 3208 2632 ἐλευθερίαν
3238 2558 3337 2615 τοῦ
3379 2560 3601 2629 γένους,
3654 2554 3738 2609 καὶ

2154 2654 2291 2727 μήτε
2334 2653 2591 2727 Ἅϐραὰμ
2607 2653 3023 2726 ὑπομνήσαντος
3050 2652 3193 2726 (τότε
3216 2652 3339 2722 γὰρ
3363 2650 3490 2706 οὐδὲ
3520 2645 3587 2720 ἦν
3614 2650 3735 2720 μήτε

2150 2746 2259 2800 τῶν
2287 2745 2344 2813 ἐξ
2371 2744 2539 2800 αὐτοῦ
2584 2744 3171 2818 δικαιοπραγούντων),
3247 2743 3394 2815 πρὸς
3462 2742 3617 2815 ἔργον
3660 2741 3736 2808 ἐξ·

2153 2838 2375 2909 ήνεγκε.
2401 2837 2514 2891 Καὶ
2537 2837 2701 2892 πάλιν
2720 2836 2953 2893 δίκαιόν
2975 2853 3143 2906 φησιν
3165 2835 3396 2897 ἑαυτὸν,
3423 2835 3551 2898 τοὺς
3570 2835 3734 2905 ήμαρ-

2151 2930 2389 3002 τηκότας
2430 2929 2631 2999 φοϐῶν.
2669 2932 2916 2988 Δίκαιον
2945 2930 3055 3003 γὰρ
3093 2930 3128 3002 ή
3170 2930 3566 3001 ἀπαραίτητος
3589 2927 3732 2981 κόλα-

2156 3037 2261 3084 σις.
2303 3021 2475 3075 Καλεῖ
2492 3021 2550 3075 δὲ
2577 3022 2671 3076 καὶ
2699 3020 2972 3090 Σωτῆρα,
2999 3021 3075 3085 ὡς
3110 3022 3178 3075 ἂν
3214 3020 3392 3074 αὐτὸν
3446 3018 3538 3073 ἐπὶ
3559 3033 3732 3084 σωτηα

2145 3110 2254 3179 pla
2305 3109 2569 3181 μαθόντες
2596 3112 2777 3167 πάντα
2819 3113 2994 3167 ποιεῖν
3038 3109 3257 3178 αὐτῶν,
3288 3111 3600 3182 ὁμολογοῖεν
3648 3108 3733 3180 μὲν

2159 3199 2549 3271 μετανοοῦντες
2581 3201 2649 3274 ἢν
2673 3202 2739 3256 ὲκ
2778 3200 2890 3256 τῶν
2934 3201 3161 3257 δικαίων
3218 3200 3511 3271 ὀφείλουσι
3553 3199 3694 3270 δίκην
3717 3213 3729 3231 ⁸

446 3281 965 3354 ιρςοηιωειιόιπειιιν)
1006 3282 1074 3337 ad
1118 3283 1327 3339 exitum
1381 3299 1474 3340 res
1518 3284 1636 3355 ipsa
1671 3283 1907 3339 deducta
1945 3291 2049 3338 est.

2158 3292 2573 3365 φιλανθρωπίας
2611 3292 2670 3347 δὲ
2722 3294 2997 3365 τυχόντες,
3051 3294 3150 3366 τὴν
3184 3293 3290 3349 τοῦ
3343 3289 3724 3364 συγχωροῦντος

462 3370 685 3427 Iustum
719 3389 919 3431 rursus
945 3385 1000 3430 et
1035 3376 1155 3445 ipse
1185 3391 1245 3432 se
1274 3377 1535 3449 appellat,
1577 3387 1637 3433 ut
1669 3378 1760 3446 iis,
1793 3379 1893 3449 qui
1927 3394 2054 3449 pec-

2156 3384 2529 3455 χρηστότητα.
2577 3403 2596 3436 ι
2618 3384 2841 3448 Δίκαιος
2911 3384 3022 3455 γὰρ
3089 3383 3292 3440 ἑαυτοῦ
3334 3385 3630 3454 κατήγορος
3676 3380 3723 3433 ἐν

466 3473 687 3539 carunt,
727 3475 933 3520 metum
992 3467 1252 3522 incutiat.
1293 3468 1459 3524 Caret
1509 3470 1656 3524 enim
1704 3471 2049 3527 miseratione

2156 3474 2523 3547 πρωτολογία.
2552 3495 2571 3528 ι
2605 3476 2718 3547 Τὴν
2753 3475 2885 3546 περὶ
2913 3474 3024 3530 τῶν
3057 3474 3243 3531 ἐθνῶν
3274 3476 3334 3530 δὲ
3357 3473 3724 3539 δικαιοσύνην

464 3568 605 3639 (ιιιαῖ
631 3554 906 3623 jastorum
957 3566 1042 3613 est
1097 3559 1152 3613 in
1189 3559 1401 3615 scelera
1435 3561 1856 3617 animadversio.
1893 3562 2049 3617 Vocat

2160 3565 2279 3639 μεθ’
2310 3566 2476 3638 ὅρκου
2515 3567 2862 3639 προῖσχεται,
2921 3585 2941 3619 ι
2985 3567 3103 3622 Ἵνα
3119 3568 3212 3623 διὰ
3232 3552 3350 3633 δύῖ,
3383 3565 3546 3638 φησὶν
3563 3563 3725 3625 ὁθείος

456 3624 605 3697 verti
626 3654 683 3699 et
711 3643 1062 3714 Salvatorem,
1096 3655 1156 3702 ut
1185 3657 1470 3719 postquam
1500 3650 1678 3720 ipsum
1714 3652 1905 3705 salutis
1933 3666 2062 3722 ergo

2172 3657 2516 3725 Ἀπὸστολος,
2550 3658 2894 3729 πραγμάτων
2911 3659 3293 3731 ἀμεταθέτων,
3352 3661 3412 3715 ὲν
3455 3653 3535 3723 οἷς
3555 3654 3720 3711 ἀδύνα-

456 3734 650 3789 moliri
697 3738 881 3792 omnia
932 3742 1336 3810 perspexerint,
1377 3758 1472 3799 eas
1517 3743 1624 3800 sibi
1670 3759 1888 3814 poenas,
1920 3759 2049 3816 quas

2160 3764 2251 3802 τον
2285 3748 2592 3819 ψεύσασθαι
2621 3750 2773 3817 Θεὸν,
2810 3750 3038 3840 ἰσχυρὰν
3070 3751 3424 3824 παράκλησιν
3447 3751 3665 3833 ἔχωμεν.
3696 3761 3713 3796 t

450 3830 773 3930 .pcrl'erunt,
820 3831 967 3900 juste
1018 3832 1187 3904 inﬂigi
1244 3836 1517 3891 scelerum
1570 3836 1910 3891 conscientia
1962 3836 2278 3908 fateantur;
2350 3843 2397 3897 si
2438 3843 2573 3912 quid
2632 3850 2815 3899 autem
2856 3830 3219 3901 humanitatis
3288 3832 3571 3908 sentiant:
3610 3838 3717 3896 illud

463 3926 649 3995 ipsum
712 3926 915 3982 divinae
972 3928 1163 3998 gratim
1224 3929 1661 4001 bcnignitatique
1694 3932 2022 3987 attribuant.
2072 3952 2091 3987 ι
2123 3933 2320 3993 Justus
2360 3937 2532 4003 enim,
2574 3938 2838 3992 scribitur
2869 3938 2937 4005 ⁸⁸,
2968 3939 3122 4009 prior
3145 3949 3232 3995 est
3261 3947 3552 3995 accusator
3577 3937 3669 3993 sui.
3691 3953 3709 3985 ι

446 4021 724 4078 Praeterit
763 4035 896 4075 vero
926 4035 1039 4075 non
1071 4020 1528 4089 sinejttramenlo
1573 4023 1815 4093 gentium
1874 4024 2169 4096 justitiam,
2210 4047 2229 4082 ι
2263 4038 2447 4100 utper
2516 4031 2656 4087 duas
2698 4046 2810 4099 res,
2876 4032 2955 4087 ait
3017 4033 3318 4105 Apostolus
3349 4035 3422 4099 ⁸³.
3487 4031 3714 4088 immobi-

447 4114 567 4177 fles,
597 4111 813 4181 quibus.
835 4111 1180 4180 impossibile
1216 4121 1302 4167 est
1334 4113 1553 4167 ruentiri
1595 4113 1784 4180 Deum,
1809 4112 2174 4173 fortissimum
2206 4121 2470 4176 solatium
2506 4121 2831 4178 habeamus.
2869 4140 2888 4175 ι

539 4208 608 4261 Et
646 4223 910 4263 sermones
952 4207 1072 4273 mei,
1105 4206 1275 4272 addit,
1333 4225 1438 4262 non
1497 4216 1817 4263 avertentur.
1850 4208 2055 4276 Quales

454 4313 597 4354 Nero
627 4298 940 4353 sermones?
969 4297 1180 4364 Quibus
1222 4297 1487 4352 nimirum
1521 4299 1739 4353 dicebat
1772 4316 1785 4352 :
1818 4298 2056 4356 Conver-

452 4392 648 4446 4imiui
677 4391 747 4443 ad
773 4406 873 4454 me,
911 4399 963 4443 et
1001 4388 1134 4443 salvi
1159 4389 1310 4443 eritis
1343 4388 1407 4442 ab
1432 4398 1670 4444 extremo
1714 4400 1889 4446 teme.
1920 4390 2058 4460 Qui-

448 4484 568 4539 ;bus
596 4492 778 4537 autem
825 4483 894 4537 de
940 4482 1129 4537 causis
1173 4481 1564 4552 jusjurandum
1616 4483 1909 4551 addiderit,
1953 4484 2060 4540 hoc

444 4579 583 4644 εἶρςο
638 4573 872 4638 indicat,
930 4572 1097 4641 quod,
1129 4574 1258 4643 quia
1306 4573 1440 4626 mihi
1495 4573 1864 4629 incurvabitur
1910 4591 2062 4630 omne

447 4684 624 4738 .gena,
664 4681 772 4721 non
830 4664 1154 4720 'Judmorum
1211 4673 1450 4732 tantum,
1493 4666 1763 4736 adjunxit.
1808 4665 1867 4722 Si
1912 4668 2060 4724 enim

450 4759 645 4829 gratia
690 4756 885 4812 lsraeli
914 4768 1047 4826 .pOSt
1082 4764 1232 4811 tanta
1282 4766 1508 4827 peccata
1541 4772 1678 4826 opus
1711 4757 1849 4827 fuit;
1888 4761 2062 4815 multo

460 4849 648 4916 magis
678 4850 824 4917 quod
868 4848 1096 4915 dicitur,
1134 4865 1256 4902 cum
1292 4848 1366 4905 sit
1402 4850 1650 4903 omnium
1676 4850 1849 4922 longe
1886 4852 2062 4908 maxi-
2092 4843 2137 4901 D

447 4957 638 5005 anum,
688 4940 851 4996 ﬁdem
906 4955 1018 4995 non
1071 4940 1337 4994 inveniat.
1397 4939 1528 4995 inde
1578 4951 1664 4997 est
1713 4957 1869 5014 ergo,
1916 4943 2063 5015 quod

2223 4215 2336 4273 Kal
2396 4219 2451 4272 οἱ
2514 4219 2684 4287 λόγοι
2733 4218 2791 4272 δέ
2812 4206 2953 4289 μου,
2988 4219 3155 4292 φησὶν
3186 4222 3306 4277 οὐκ
3349 4216 3711 4289 ἀποστραφή·
3786 4210 3791 4215 ’

2156 4327 2392 4365 amat.
2458 4311 2609 4365 Ποῖοι
2668 4311 2726 4365 δὲ
2782 4312 2990 4382 λόγοις
3032 4312 3104 4367 δι’
3159 4306 3238 4369 ὧν
3317 4313 3523 4383 ἔλεγεν,
3566 4311 3704 4365 Ἐπι-

2157 4400 2466 4470 στράφητε
2523 4401 2619 4455 ἐπ’
2673 4400 2798 4472 ἐμὲ,
2828 4402 2930 4456 καί
2963 4403 3324 4474 σωθήσεσθε
3356 4395 3710 4468 οιςάπ’ἐσχά-

2157 4510 2266 4547 του
2290 4491 2400 4562 τῆς
2424 4491 2556 4565 τῆς.
2601 4493 2726 4571 Ἐπὶ
2764 4494 2908 4549 τίσιν
2933 4494 2993 4549 δὲ
3046 4484 3140 4550 τδν
3212 4498 3380 4568 ὅρκον
3437 4495 3706 4565 ἐπήγαγεν,

2181 4582 2332 4654 δηλοῖ
2359 4583 2530 4653 λέγων
2564 4598 2578 4613 ·
2618 4581 2740 4638 Ὅτι
2764 4582 2895 4654 ἐμοὶ
2935 4584 3157 4655 κάμψει
3200 4585 3330 4641 πᾶν
3378 4587 3541 4657 γόνυ,
3582 4581 3636 4634 οὐ
3661 4578 3711 4630 τὸ

2152 4674 2424 4730 Ἰουδαίων
2482 4676 2664 4747 μόνον.
2725 4677 2790 4731 El
2849 4677 2961 4751 γὰρ
3017 4675 3236 4750 Ἰσραὴλ
3293 4677 3433 4750 μετὰ
3470 4673 3712 4731 τοσαύτας

2153 4769 2448 4841 ἁμαρτίας,
2487 4771 2712 4842 χάριτος
2741 4773 2938 4846 ἐδεήθη
2964 4790 2979 4804 ⁸
3005 4774 3188 4845 πολλῷ
3223 4774 3423 4847 μᾶλλον
3480 4769 3569 4824 ἐπὶ
3595 4767 3711 4820 πάν·

2161 4879 2267 4917 των
2301 4863 2447 4935 μέγα
2474 4862 2539 4918 ὃν
2567 4866 2629 4918 τὺ
2649 4864 2947 4939 λεγόμενον
2995 4869 3306 4939 ήπιστεῖτο.
3360 4865 3441 4920 Δι’
3471 4865 3604 4932 ὅπερ
3645 4856 3709 4918 ὡς

2159 4953 2467 5025 ἀνθρώποις
2494 4956 2891 5029 διαλεγόμενος,
2924 4960 3087 5031 ὅρκον
3135 4961 3440 5031 ἐπήγαγεν,
3469 4956 3541 5018 ὡς
3562 4961 3707 5022 προσ-

480 5039 744 5099 tanquam
776 5045 900 5085 cum
932 5030 1248 5086 hominibus
1283 5045 1469 5086 sermo
1508 5030 1799 5098 habeatur,
1843 5034 2049 5088 admoti

2161 5048 2492 5119 κυνήσουσιν
2573 5050 2746 5122 αὐτῷ,
2792 5051 2890 5105 καὶ
2953 5052 3119 5108 αὐτὸν
3174 5054 3338 5124 ὅρκον
3396 5049 3702 5118 ποιήσονται,

466 5123 865 5193 jurejurando,
895 5139 991 5179 eos
1027 5125 1184 5179 illum
1233 5138 1359 5180 esse
1404 5125 1756 5194 adoraturos,
1788 5128 2049 5199 similiqut

2162 5137 2301 5208 ὅπερ
2327 5139 2392 5192 ὲκ
2423 5138 2626 5209 μέρους
2655 5141 3018 5214 πεπλήρωται
3056 5123 3364 5215 κληθέντων
3411 5138 3516 5192 τῶν
3535 5128 3701 5187 ἐθνῶν.

453 5216 795 5288 juramento
824 5210 1049 5283 usut’os,
1082 5214 1642 5288 conﬁrmavit,.quod
1675 5229 1928 5290 ex‘patre
1951 5221 2049 5291 jan

2165 5228 2596 5302 Πληρωθήσεται
2626 5232 2683 5286 δὲ
2704 5210 2927 5299 τελείως
2947 5236 3005 5288 ὲν
3032 5237 3102 5307 τῇ
3133 5210 3409 5303 συντελείᾳ
3448 5228 3536 5282 τοῦ
3587 5220 3703 5278 alt?)-

465 5305 690 5361 vocatis
723 5306 980 5377 gentibus
1020 5305 1295 5362 accidisse
1330 5308 1606 5364 videmus.
1652 5308 1932 5365 Eliieietur
1965 5326 2064 5365 au-

442 5409 559 5455 tem
578 5411 825 5467 penitus,
870 5410 997 5450 cum
1047 5397 1102 5451 in
1155 5399 1342 5453 saeculi
1374 5402 1851 5458 consummatione
1872 5405 2059 5460 omnis

461 5492 715 5547 humanae
764 5493 972 5549 mentis
1021 5493 1286 5564 cogitatio
1336 5495 1668 5566 vanitasque
1714 5498 2055 5556 destruetur.

462 5582 651 5639 Omnis
684 5593 863 5638 autem
904 5584 1089 5654 lingua
1118 5583 1277 5653 dicet,
1302 5585 1431 5656 quia
1449 5586 1674 5656 justitia
1703 5599 1752 5644 et
1779 5590 1953 5661 gloria
1983 5592 2053 5646 ad

559 5760 607 5794 ⁵⁸
636 5759 797 5818 Prov.
836 5776 995 5832 xvttt,
1028 5764 1115 5818 Π.
1191 5763 1235 5797 ⁸³
1277 5761 1442 5821 liebr.
1480 5781 1557 5835 vi,
1589 5766 1679 5823 18.

2170 5338 2282 5383 νος.
2312 5321 2401 5374 ὅτε
2444 5324 2554 5376 πᾶν
2574 5323 2911 5396 ἀνθρώπινον
2935 5327 3226 5400 φάντασμα
3270 5325 3364 5380 καὶ
3380 5320 3562 5393 ψεῦδος
3587 5329 3701 5368 κατ·

2165 5411 2558 5483 αργηθήσεται.
2600 5413 2775 5469 Πᾶσα
2834 5416 2905 5470 δὲ
2935 5416 3190 5488 γλῶσσα
3218 5416 3355 5487 ἐρεῖ,
3391 5413 3477 5467 ὅτι
3507 5409 3701 5462 δικαιο-

2162 5504 2345 5571 σύνη,
2379 5505 2479 5559 καί
2507 5505 2659 5573 δόξα
2685 5508 2835 5578 πρὸς
2872 5512 3062 5565 αὐτὸν
3111 5511 3264 5580 ἣξει.
3323 5506 3395 5560 Τὸ
3453 5501 3507 5556 δὲ
3551 5493 3696 5556 δόξαν

2162 5595 2343 5663 ἰσχὺς
2379 5597 2407 5650 ὁ
2446 5595 2741 5670 Σύμμαχος
2762 5600 3006 5672 εἴρηκεν.
3040 5602 3217 5657 Πᾶσαι
3249 5602 3350 5672 γὰρ
3368 5596 3422 5652 αἱ
3468 5593 3524 5648 έν
3556 5585 3698 5654 οὐρα-
