3916 6450
193 318 221 355 ιο

195 320 311 383 ’.ειη

1282 301 1818 377 COMMENTARII
1853 315 1935 375 IN
1965 315 2258 376 ISAIAM.

3309 308 3455 373 2438

193 436 287 496 νοίς
307 430 500 501 ἀρεταὶ
550 432 704 496 τέλος
759 429 922 486 αὑτὸν
945 429 1150 495 ἕξουσι.
1185 428 1298 483 Kal.
1365 431 1515 484 πᾶσα
1565 429 1781 498 ἰσχὺςη

1887 445 1969 481 um
1999 431 2196 497 veniet,
2229 443 2342 501 quo
2367 427 2512 495 loco,
2539 441 2642 499 pro
2671 427 2876 497 gloria,
2897 425 3001 481 vim
3027 422 3168 482 dixit
3198 421 3446 498 Symma-

191 523 475 596 ἀνθρώπων
502 522 611 575 τῶν
643 524 783 593 ὑπὲρ
813 520 1124 582 θεοσεϐείας
1145 520 1578 590 ἀγωνισαμένων
1616 521 1753 591 πρὸς

193 615 338 669 αὐτὸν
357 614 657 677 ἐλεύσεται,
676 614 877 683 ἀρετῆς
897 611 992 665 xal.
1005 613 1252 681 καμάτου
1272 612 1407 682 γέρα
1429 613 1756 683 παρέχοντα.

195 711 251 762 οι
301 707 359 761 δὲ
386 705 750 775 διορίζοντες
774 704 1049 770 ἑαυτοὺς,
1095 704 1635 774 αἰσχυνθιξσονται.
1673 703 1762 757 Διὸ

190 798 447 851 λέλεκταιο
486 796 952 867 Αἰσχυνθήσονται
986 794 1188 858 πάντες
1224 797 1272 847 οἱ
1324 793 1762 865 προσκυνοῦντες

188 890 287 949 τοῖς
313 887 594 956 γλυπτοῖς.
633 885 742 938 Kal.
766 887 882 948 τοῖς
911 884 1190 949 Ἰουδαίοις
1251 885 1472 953 ἐλέγετο
1504 901 1518 915 ·
1563 902 1581 936 ‹
1635 883 1760 937 Ἐὰν

191 977 258 1048 μὴ
288 976 615 1046 πιστεύσητε
638 977 720 1029 ὅτι
754 974 866 1042 ἐγώ
892 976 1029 1045 εἰμι,
1064 978 1120 1028 ἐν
1141 978 1262 1038 ταῖς
1292 976 1590 1047 ἁμαρτίαις
1608 975 1762 1044 ὑμῶν

173 1061 559 1126 ἀποθανεῖσθε.
591 1089 610 1124 ι
663 1071 802 1124 Πότε
857 1071 914 1123 δὲ
971 1070 1531 1139 αἰσχυνθήσονται;
1591 1071 1760 1124 Ὅταν

188 1165 300 1216 πᾶν
327 1163 476 1232 γόνυ
493 1161 726 1231 κάμψῃ,
757 1165 897 1232 μετὰ
937 1163 1111 1218 ταῦτα
1172 1163 1412 1230 λέγεται,
1445 1160 1762 1228 δικαιωθή-

186 1269 427 1317 σονται,
485 1253 585 1307 καί
630 1255 700 1306 ὲν
731 1254 813 1318 τῷ
849 1253 970 1319 Θεῷ
1018 1253 1588 1319 ὲνδοξασθήσονται
1640 1250 1764 1307 πᾶν

185 1346 248 1400 τὸ
269 1346 511 1414 σπέρμα
547 1345 666 1399 τῶν
693 1346 840 1399 υἱῶν
871 1346 1136 1414 Ἰσραήλ.
1172 1346 1247 1398 Τὸ
1277 1346 1333 1398 δέ
1361 1347 1598 1414 σπέρμα
1643 1343 1764 1397 τῶν

187 1438 325 1494 υίῶν
366 1437 639 1506 Ἰσραὴλ,
670 1439 779 1490 υἱοὶ
810 1447 832 1474 ι
857 1438 968 1507 γὰρ
1015 1436 1251 1506 Ἰσραὴλ,
1298 1435 1349 1489 οἳ
1402 1436 1610 1504 πρῶτοι
1655 1435 1763 1486 τῶν

189 1529 529 1597 Εὑαγγελίων
561 1530 856 1600 ἐτύγχανον
887 1531 1148 1600 κήρυκες,
1183 1523 1256 1582 ὧν
1286 1527 1345 1581 τδ
1378 1528 1613 1596 σπέρμα
1670 1527 1764 1579 καὶ

189 1625 281 1692 τὴν
305 1622 560 1692 διαδοχὴν
597 1621 700 1691 ἔφη
731 1621 1232 1686 δικαιωθήσεσθαι
1257 1619 1356 1673 καὶ
1393 1619 1765 1683 δοξασθήσε-

190 1719 345 1783 σθαι,
388 1715 489 1781 τῆς
526 1713 800 1776 υἱοθεσίας
831 1706 1191 1784 ἠξιωμένους,
1231 1713 1362 1782 περὶ
1409 1704 1483 1764 ὧν
1521 1711 1604 1773 τὸ,
1643 1729 1660 1761 ι
1701 1710 1762 1762 Εἰ

1865 521 2024 576 chus.
2075 522 2280 578 Omnes
2335 521 2505 586 enim,
2547 535 2669 591 quae
2715 519 2771 574 in
2819 520 2980 576 etelis
3018 528 3151 575 sunt
3194 521 3450 590 virtutes,

1864 632 1965 688 pro
1997 617 2100 672 ﬁne
2133 617 2310 688 ipsum
2345 617 2613 672 habitura:
2647 621 2800 672 sunt.
2838 615 3028 670 Omnis
3074 615 3314 685 denique
3352 617 3454 672 ho-

1865 710 2074 763 minum
2106 712 2296 776 virtus,
2325 711 2420 782 qui
2453 709 2674 782 pietatis
2704 707 2932 763 nomine
2972 707 3351 772 decertarunt,
3383 708 3454 762 ad

1863 816 2014 867 eum,
2045 803 2138 871 qui
2175 803 2379 860 laboris
2414 812 2468 858 et
2512 802 2821 858 honestatis
2864 801 3152 870 praemium
3199 802 3452 872 largitur,

1863 901 2097 946 ventura
2116 907 2217 948 est.
2241 894 2539 960 Quiautcm
2559 910 2614 948 se
2634 895 2736 963 ipsi
2755 892 3450 963 separant,confundantur.

1865 986 2042 1051 Atque
2093 985 2219 1039 inde
2248 993 2352 1051 est,
2381 985 2526 1054 quod
2553 1001 2744 1040 omnes
2771 987 2861 1054 qui
2890 985 3161 1054 sculptilia
3198 986 3451 1052 adorant,

1867 1075 2026 1146 527
2055 1076 2341 1130 confusum
2377 1077 2443 1130 iri
2477 1077 2944 1136 scribitur“.llinc
2966 1078 3155 1143 etiam,
3183 1078 3331 1145 quod
3362 1072 3456 1130 Ju-

1865 1164 1996 1218 dreis
2019 1163 2306 1217 dicebatur
2350 1179 2364 1217 :
2441 1183 2458 1216 ι
2485 1163 2599 1218 Nisi
2625 1164 2974 1219 credideritis
2998 1165 3146 1233 quod
3180 1180 3278 1235 ego
3308 1181 3453 1231 sum,

1867 1255 1922 1308 in
1967 1255 2206 1324 peccatis
2246 1254 2446 1308 vestris
2499 1256 2808 1310 moriemini
2843 1256 2911 1307 ⁸⁸.
2939 1276 2957 1306 ι
2997 1255 3228 1320 Quando
3270 1265 3457 1310 autem

1866 1347 2288 1408 confundentur?
2303 1344 2402 1400 Ubi
2423 1363 2572 1399 omne
2589 1364 2723 1415 genu
2742 1347 3089 1400 incurvaverit
3109 1358 3327 1417 ;postea
3349 1349 3454 1402 ait:

1864 1441 2340 1509 Iusti/imbuatur,
2371 1451 2418 1494 et
2455 1441 2506 1493 in
2540 1441 2647 1494 Deo
2675 1441 3070 1510 glori/imbitur
3097 1458 3248 1494 omne
3284 1456 3462 1494 semen

1867 1533 2100 1602 ﬁliorum
2150 1529 2346 1584 Israel.
2400 1529 2541 1584 Sunt
2580 1547 2708 1585 vero
2763 1549 2938 1586 semen
2988 1532 3225 1600 ﬁliorum
3262 1531 3458 1595 Israel,

1869 1625 1947 1678 illi
1978 1625 2078 1692 ipsi
2107 1622 2272 1678 lsrael
2307 1623 2426 1688 ﬁlii,
2460 1624 2554 1692 qui
2611 1625 2774 1694 primi
2834 1639 3117 1694 prmeones
3177 1623 3462 1694 Evangelii

1869 1715 2114 1778 fuerunt,
2155 1732 2387 1786 quorum
2421 1733 2595 1770 semen
2623 1726 2676 1770 el.
2701 1730 3055 1771 successores
3077 1716 3464 1784 justiﬁcatum,

193 1807 263 1878 μὴ
310 1807 516 1878 Κύριος
567 1805 796 1860 Σαϐαὼθ
849 1783 1210 1874 ἐγκατέλιπεν
1261 1807 1393 1876 ἡμῖν
1435 1805 1704 1874 σπέρμα,
1737 1821 1755 1854 ι

1887 1783 2332 1877 tloriﬁcatu—mque
2371 1808 2435 1862 iri
2467 1808 2624 1872 dixit,
2649 1807 2740 1875 qui
2771 1816 2902 1861 sunt
2930 1809 2986 1862 in
3021 1783 3164 1863 ﬁlios
3193 1783 3464 1876 adoptati,

191 1899 530 1969 προείρηται.
585 1898 708 1950 Ὅτι
761 1897 820 1951 δὲ
880 1897 1122 1966 σπέρμα
1175 1896 1284 1949 τῶν
1343 1893 1686 1949 διδασκάλων
1719 1893 1768 1945 οἱ

194 1992 454 2062 μαθηταὶ,
483 1990 632 2060 δηλοῖ
659 1989 755 2042 καὶ
789 1989 1002 2053 Παῦλος
1029 1989 1222 2057 λέγων·
1257 2006 1273 2039 ι
1299 1989 1389 2040 Ἐν
1406 1987 1516 2056 γὰρ
1548 1983 1770 2054 Χριστῷ

192 2081 367 2153 Ἰησοῦ
397 2081 486 2135 διὰ
503 2081 600 2134 τοῦ
623 2080 962 2151 Εὗαγγελίου
986 2079 1097 2150 ἐγὼ
1123 2080 1268 2150 ὑμᾶς
1285 2078 1574 2149 ἐγέννησα.
1605 2093 1626 2131 ι

758 2349 1011 2404 ΚΕΦΛΛ.
1055 2351 1209 2416 Man

257 2447 392 2496 a'-e’.
451 2441 677 2494 Ἐπεσε
710 2441 866 2507 Βὴλ,
896 2440 1220 2507 συνετρίϐη
1257 2437 1460 2508 Δαγὼν
1481 2477 1495 2498 .
1537 2434 1776 2506 ἐγένετο

193 2535 265 2589 τὰ
289 2531 527 2602 τλυπτὰ
552 2529 754 2586 αὐτῶν
777 2533 866 2596 εἰς
895 2532 1091 2597 θηρία,
1113 2529 1210 2583 καί
1235 2529 1304 2582 τὰ
1337 2529 1550 2595 κτήνη.
1577 2527 1778 2595 Αῑρετε

192 2622 348 2678 αὐτὰ
395 2620 870 2695 βιαταδεδεμένα,
912 2621 990 2686 ὡς
1026 2621 1275 2688 φορτίον
1325 2617 1634 2683 κοπιῶντι,
1681 2617 1780 2671 καί

191 2712 615 2781 saeuae-qi,
660 2712 762 2765 καί
813 2711 1114 2766 πεινῶντι.
1161 2712 1284 2766 Οὐκ
1329 2711 1604 2778 ἰσχύοντι
1638 2707 1777 2776 ἅμα,

197 2808 253 2861 cI
279 2810 354 2860 οὐ
387 2805 759 2873 δυνήσονται
786 2802 1059 2872 σωθῆναι
1110 2802 1234 2858 ἀπὸ
1269 2803 1539 2872 ,πολέμου
1559 2819 1572 2833 ·
1610 2801 1780 2855 αὐτοί

197 2898 265 2952 δὲ
298 2895 664 2966 αἰχμάλωτοι
697 2894 1001 2964 ἤχθησαν,
1033 2911 1089 2948 κ.
1116 2912 1168 2948 τ.
1198 2893 1250 2948 λ.

267 2988 454 3042 Εἰπὼν
486 2987 616 3058 περὶ
665 2987 765 3056 τῆς
798 2987 1141 3056 ἐπιστροφῆς
1174 2985 1284 3038 τῶν
1323 2983 1518 3047 ἐθνῶν,
1551 2983 1648 3038 καὶ
1685 2984 1785 3054 τῆς

199 3082 432 3150 ἐκλογῆς
487 3080 582 3133 τοῦ
646 3079 962 3150 σπέρματος
1019 3077 1131 3133 τῶν
1182 3077 1312 3130 υἱῶν
1365 3075 1605 3147 Ἰσραὴλ,
1647 3077 1786 3147 πρὸς

211 3176 501 3236 Ἰουδαίους
537 3173 915 3244 ἀποστραφεὶς
953 3171 1052 3242 τὴν
1091 3171 1331 3241 παντελῆ
1379 3170 1641 3241 σημαίνει
1685 3171 1785 3240 τῆς

197 3270 648 3338 εἰδωλολατρείας
696 3268 1040 3340 καθαίρεσιν.
1097 3266 1228 3333 Βὴλ
1283 3264 1342 3318 δὲ
1395 3265 1490 3319 καὶ
1526 3265 1787 3334 Ἕλληνες
1874 3263 1883 3275 ’

197 3367 427 3422 καλοῦσι
455 3366 546 3418 τὸν
573 3363 802 3435 Κρόνον,
824 3356 870 3430 ᾧ
903 3363 968 3432 δὴ
1005 3361 1286 3430 προσῆγον
1317 3361 1368 3412 οἰ
1409 3359 1656 3412 πλεῖστοι
1697 3357 1790 3410 θυ-

199 3462 324 3515 σίαν
343 3460 411 3512 τὰ
438 3458 690 3528 φίλτατα.
730 3456 788 3509 '0
821 3456 876 3507 δὲ
901 3453 1125 3522 Δαγὼν,
1169 3451 1484 3521 ἀλλοφύλων
1516 3450 1704 3516 ξόανον
1733 3451 1791 3502 ἐν

208 3552 520 3608 Ἀσκαλῶνι
547 3552 641 3604 καὶ
686 3549 838 3622 Γάξῃ
884 3548 1220 3617 τιμώμενον·
1269 3547 1346 3615 Τῇ
1385 3545 1443 3598 δὲ
1493 3543 1638 3610 λέξει
1691 3539 1792 3612 τῆξ

198 3643 448 3716 ἰστορίας
491 3645 519 3695 ὁ
558 3641 847 3712 προφήτης
881 3638 1178 3706 ἐνέμεινεν.
1233 3637 1317 3700 Ὠς
1350 3636 1520 3706 γὰρὴ
1559 3633 1791 3694 κιϐωτὸς

196 3734 409 3791 ἁλοῦσα
446 3733 583 3802 πρὸς
612 3731 778 3784 αὑτὸν
819 3729 1219 3798 εἰσενήνεκται,
1255 3727 1581 3794 συνετρίϐη
1616 3741 1792 3791 παρα-

198 3828 397 3898 χρῆμα
420 3823 626 3877 πεσών.
666 3821 800 3874 ’Λπὺ
822 3821 879 3874 δὲ
912 3819 1006 3873 τοῦ
1041 3817 1270 3890 μερικοῦ
1303 3815 1439 3888 πρὸς
1464 3815 1527 3868 τδ
1558 3814 1789 3868 καθόλου

197 3921 304 3989 τῆς
345 3913 791 3984 εἰδωλολατρείας
821 3912 926 3965 τὸν·
955 3911 1113 3979 λόγον
1153 3907 1448 3976 ἀναγαγὼν
1467 3945 1483 3970 ,
1518 3905 1792 3976 Ἐγένετο

194 4008 478 4082 τλυπτὰ,
535 4006 736 4078 φησιν,
796 4001 998 4058 αὐτῶν
1046 4003 1134 4067 εἰς
1185 3999 1362 4068 θηρία
1421 3997 1524 4051 καὶ
1569 3996 1787 4065 κτήνη.

197 4098 447 4155 Τοιαῦτα
475 4094 533 4150 δέ
571 4095 696 4150 καθ’
735 4095 866 4165 ὅλης
904 4096 1004 4165 τῆς
1047 4092 1326 4161 Αἰγύπτου
1359 4089 1428 4144 τὰ
1471 4089 1682 4144 εἴδωλα.
1732 4089 1791 4142 ’0

196 4193 258 4246 δὲ
289 4193 616 4261 Σύμμαχος,
655 4187 948 4256 Ἐγένετο,
1001 4185 1156 4255 φησὶ,
1198 4183 1272 4237 τὰ
1321 4182 1541 4237 εἴδωλα
1591 4180 1794 4236 αὐτῶν

198 4283 374 4350 ζώοις
421 4281 660 4345 ἐκδοτα,
697 4279 772 4342 ὡς
803 4279 1182 4350 ἁπορῤιφέντα
1230 4276 1497 4343 δηλονότι,
1540 4275 1636 4328 καὶ
1671 4273 1794 4329 λίαν

198 4373 558 4448 κρημωμὲνα
577 4386 628 4428 ι.
647 4371 1096 4442 ’Υπομιμνήσκει
1121 4369 1201 4433 δέ,
1219 4367 1354 4438 φασί
1373 4367 1751 4432 τινες,αὺτοὺς
1767 4367 1795 4419 ὁ

1872 1900 1940 1954 de
1978 1900 2180 1970 quibus
2204 1900 2335 1954 illud
2365 1908 2524 1954 antea
2558 1916 2571 1951 :
2609 1919 2626 1950 ι
2667 1900 2784 1954 Nisi
2824 1901 3088 1955 Dominus
3123 1902 3466 1955 exercituum

1871 1992 2187 2063 reliquisset
2205 1992 2364 2047 nobis
2391 2009 2579 2048 semen
2603 1994 2670 2055 θ’,
2697 2011 2715 2044 ι
2745 2001 3073 2063 usurpatum
3105 1992 3225 2046 fuit.
3269 1991 3468 2047 Semen

1875 2098 2040 2152 porro
2095 2085 2482 2153 magistrorum
2542 2086 2709 2138 etiam
2763 2084 3067 2153 discipulos
3127 2099 3252 2140 esse
3295 2083 3466 2139 Paulo

1875 2184 2014 2231 teste
2049 2177 2307 2246 patuerit,
2348 2178 2440 2248 qui
2472 2193 2530 2231 se
2563 2177 2616 2230 in
2657 2175 2882 2232 Christo
2900 2176 3031 2232 Jesu
3067 2193 3165 2247 per
3214 2174 3467 2248 Evange-

1877 2268 2011 2322 lium
2036 2267 2355 2324 Corinthios
2385 2269 2644 2340 genuisse
2677 2269 2994 2324 afﬁrmavit.

2475 2358 2629 2413 CAP.
2676 2357 2860 2412 XLVI.

1954 2447 2118 2502 Vens.
2152 2450 2269 2504 1-5.
2307 2449 2505 2504 Cecidit
2540 2449 2655 2514 Bel,
2686 2451 2948 2503 contritus
2983 2458 3062 2504 est
3091 2448 3264 2520 Dago.
3291 2446 3470 2504 Facta

1879 2551 2000 2597 sunt
2034 2541 2304 2608 scnlptilia
2341 2558 2521 2595 eorum
2553 2543 2604 2594 in
2635 2542 2851 2605 bestias,
2887 2552 2934 2594 et
2959 2541 3232 2610 jumenta.
3269 2538 3469 2593 Porta-

1883 2637 1949 2689 tis
1989 2651 2049 2688 ea
2083 2634 2332 2705 alligata,
2363 2634 2518 2704 quasi
2544 2650 2676 2686 onus
2729 2633 3021 2699 laboranti,
3078 2643 3128 2687 et
3177 2632 3466 2701 deﬁcienti,

1880 2740 1929 2782 et
1957 2728 2200 2790 sitienti;
2235 2743 2329 2779 nec
2377 2727 2684 2795 pra’ualenli
2713 2725 2900 2790 simul,
2940 2727 3031 2795 qui
3081 2743 3185 2778 non
3220 2732 3470 2794 poterunt

1883 2821 2086 2874 salvari
2119 2822 2173 2874 in
2231 2820 2388 2887 bello,
2419 2821 2522 2889 ipsi
2553 2829 2730 2874 autem
2762 2821 2957 2889 captivi
2985 2818 3133 2873 ducti
3177 2828 3324 2884 sunt,
3356 2824 3467 2874 etc.

1958 3012 2254 3082 Postquam
2290 3013 2356 3066 de
2390 3013 2637 3082 gentium
2670 3013 3057 3077 conversione,
3095 3011 3274 3082 deque
3323 3011 3474 3068 elec-

1812 3105 2040 3183 Ctione
2081 3104 2310 3159 seminis
2361 3103 2528 3158 Israel
2565 3105 2904 3174 disputavit,
2957 3102 3026 3158 ad
3082 3103 3302 3159 Judaeos
3359 3103 3473 3172 jam

1892 3209 2216 3255 conversus,
2255 3209 2472 3247 omnem
2505 3209 2735 3263 prorsus
2761 3193 3036 3248 idolorum
3074 3195 3280 3248 cultum
3316 3207 3473 3248 ever-

1893 3305 2013 3343 sum
2087 3288 2152 3340 iri
2221 3286 2386 3358 528
2454 3287 2746 3358 signiﬁcat.
2813 3286 2909 3341 Est
2960 3303 3092 3342 vero
3154 3285 3253 3341 Bel
3308 3288 3473 3340 etiam

1893 3377 2102 3433 Graecis
2139 3377 2412 3431 Saturnus
2443 3385 2837 3446 nuncupatus;
2871 3379 2958 3433 cui
2993 3378 3197 3433 liberos
3243 3391 3377 3431 suos
3410 3377 3470 3431 in

1893 3469 2226 3524 sacriﬁcium
2259 3470 2518 3538 permulti
2551 3468 2877 3523 oll'erebant.
2931 3469 3085 3539 Dago
3139 3475 3324 3524 autem
3382 3483 3471 3523 exs

1894 3567 2180 3612 ternorum
2214 3558 2542 3628 populorum
2575 3560 2968 3624 simulacrum,
3022 3558 3168 3629 quod
3221 3559 3457 3613 Ascalon

1893 3661 1946 3705 et
1996 3649 2156 3704 Gaza:
2217 3649 2520 3704 colebatur.
2583 3648 2793 3702 Alludit
2845 3663 3007 3718 porro
3064 3650 3132 3703 ad
3189 3649 3478 3704 historiam

1893 3741 2086 3806 Isaias,
2120 3756 2241 3810 qua:
2275 3747 2434 3810 capta
2479 3754 2628 3807 arca,
2687 3748 2742 3794 et
2799 3740 2864 3793 ad
2919 3740 3125 3793 idolum
3189 3740 3478 3794 introduc-

1893 3843 1946 3888 ta
1981 3834 2045 3897 ⁸³,
2080 3831 2352 3887 cecidisse
2388 3831 2592 3899 ipsum,
2628 3839 2682 3885 et
2721 3833 3011 3884 contritum
3046 3831 3216 3887 fuisse
3250 3830 3470 3886 doceat.

1895 3919 2122 3985 Deinde,
2158 3931 2278 3977 uta
2326 3921 2618 3992 singulari,
2675 3919 2742 3974 ad
2804 3921 2856 3974 id
2911 3920 3056 3991 quod
3115 3921 3336 3992 generis
3393 3930 3479 3978 est

1894 4013 2163 4079 universi,
2191 4020 2510 4081 susceptura
2537 4013 2600 4065 de
2633 4009 2950 4066 idololatria
3002 4026 3318 4066 sermonem
3359 4020 3476 4066 tra-

1895 4105 2080 4167 ducat,
2115 4102 2290 4157 Facta
2318 4110 2465 4169 sunt,
2499 4101 2700 4172 inquit,
2731 4102 3013 4168 scnlptilia
3041 4119 3224 4157 eorum
3275 4103 3329 4156 in
3363 4103 3480 4157 bes-

1897 4194 2022 4250 tias.
2051 4200 2100 4245 et
2121 4191 2367 4259 jumenta
2397 4205 2417 4244 :
2447 4190 2628 4260 qualia
2665 4188 2882 4244 fuerant
2923 4189 3038 4260 ipsa
3094 4187 3478 4260 Egyptiorum

1896 4283 2065 4337 idola.
2095 4280 2216 4347 Quo
2239 4281 2360 4334 loco
2381 4278 2772 4351 Symmachus,
2804 4276 3275 4348 Fuerunt,inquit,
3301 4294 3482 4332 eorum

1897 4374 2046 4429 idola
2081 4371 2406 4427 animalith
2439 4383 2794 4436 consecrata;
2825 4380 3085 4440 tanquam
3137 4368 3354 4438 abjecta
3397 4369 3484 4422 ni-

197 4469 363 4531 Θεὸς,
385 4467 461 4530 ὡς
478 4466 546 4519 τὰ
577 4465 677 4535 μὲν
706 4463 876 4518 αὑτοῦ
903 4463 1053 4533 μένει
1077 4460 1346 4532 διηνεκῶς
1375 4458 1673 4530 τελούμενα
1691 4474 1706 4490 ο
1727 4457 1781 4510 vi

1902 4467 2128 4533 mirum,
2167 4465 2436 4536 valdeque
2471 4466 2740 4536 neglecta.
2775 4463 2962 4520 Placet
2993 4463 3279 4517 nonnullis
3311 4461 3480 4514 Deum

191 4562 255 4615 δὲ
288 4561 406 4614 τῶν
426 4558 660 4612 εἰδώλων
691 4557 872 4611 πάντα
903 4553 1097 4624 ψευδῆ,
1117 4555 1210 4607 καὶ
1235 4551 1372 4623 πρὸς
1399 4551 1461 4604 τὸ
1494 4551 1661 4622 μηδὲν
1681 4550 1800 4603 δια-

191 4655 500 4708 πίπτοντα.
515 4650 650 4712 Θεὸς
683 4649 795 4720 γὰρ
827 4650 856 4702 ὁ
887 4647 1052 4711 αὑτός
1084 4649 1202 4700 ἐστι
1227 4689 1242 4712 ,
1292 4645 1488 4716 γνώμῃ
1509 4645 1605 4698 καὶ
1639 4642 1800 4713 φύσει

191 4744 520 4818 μεταϐολὴν
534 4744 595 4795 οὐ
617 4741 930 4812 δεχόμενος.
947 4739 1060 4794 Kal
1079 4738 1118 4793 ἃ
1137 4741 1399 4810 προεῖπεν
1413 4736 1689 4808 Ἀσραὰμ,
1713 4735 1801 4800 ἐξ-

189 4837 483 4892 ετέλεσεν.
504 4837 615 4888 Kal.
632 4832 951 4904 νῦνεάληθὴς
966 4832 996 4872 b
1015 4830 1208 4899 εἰπὼν,
1231 4831 1314 4884 ὅτι
1331 4829 1495 4900 Ἐ’μοί
1513 4829 1636 4885 πᾶν
1653 4829 1800 4898 γόνυ

190 4932 463 5002 κάμψει,
491 4931 590 4984 καὶ
615 4927 772 4997 κοινὴ
798 4927 935 4980 πᾶσι
956 4925 1245 4996 δοθήσεται
1271 4924 1472 4996 δωρεά.
1507 4925 1572 4976 Ἦ
1605 4922 1662 4976 δέ
1687 4921 1799 4976 τῶν

192 5025 455 5080 εἰδώλων
489 5022 748 5077 ἀσθένεια
797 5018 1158 5089 διελέγχεταιο
1199 5017 1297 5072 καὶ
1328 5028 1352 5057 ε
1387 5015 1804 5088 παραδοθέντων

192 5118 372 5191 ὑμῶν
396 5114 768 5187 αἰχμαλωσίᾳ,
801 5112 1122 5181 ἐλεφάντων
1150 5109 1370 5182 φορτία,
1404 5110 1500 5163 καὶ
1529 5109 1639 5162 τῶν
1670 5109 1804 5163 ὑπο-

191 5210 422 5280 ζυγίων
449 5208 778 5278 ἁπαγόμενα
805 5203 1055 5274 φορτίον
1097 5203 1415 5274 γενήσεται.
1451 5202 1563 5256 Καὶ
1608 5201 1805 5272 ἄνδρες

189 5305 264 5358 δὲ
302 5303 563 5374 φέροντες
595 5301 683 5355 ἐπ’
709 5299 881 5370 ὤμων
921 5294 1063 5350 αὐτὰ
1101 5292 1584 5362 κοπωθήσονται.
1615 5291 1717 5355 Τίς
1746 5291 1804 5345 δὲ

190 5394 403 5466 φέρων
427 5393 559 5448 Θεὸν
591 5391 843 5459 ἀσθενεῖς
875 5387 992 5444 Οὐκ
1022 5385 1134 5460 ἄρα
1160 5385 1335 5440 ταῦτα
1368 5383 1507 5440 θεοί.
1549 5383 1674 5448 Πῶς
1692 5384 1802 5454 γὰρ

1899 4577 2024 4631 quae
2075 4575 2174 4614 sua
2221 4551 2382 4614 sunt'
2417 4573 2644 4612 manere
2708 4572 2946 4626 semper,
3017 4552 3307 4609 indicare:
3363 4565 3485 4620 qua:

1901 4659 2082 4705 autem
2118 4649 2413 4712 idolorum,
2446 4647 2583 4702 falsa
2619 4647 2806 4701 onmia
2841 4647 3132 4704 exsistere,
3168 4650 3221 4696 et
3252 4643 3301 4694 in
3335 4639 3483 4693 nihi-

1899 4741 2012 4796 lum
2048 4741 2225 4796 abire.
2263 4739 2360 4796 Est
2389 4740 2534 4795 enim
2560 4739 2703 4797 idem
2739 4745 3002 4808 perpetuo
3045 4734 3206 4797 Deus,
3244 4732 3476 4800 ejusque

1900 4849 2186 4904 nunquam
2239 4834 2324 4887 vel
2382 4833 2677 4895 sententia,
2741 4830 2825 4884 vel
2888 4835 3083 4884 natura
3137 4827 3484 4888 immolatur,

1901 4941 2120 4996 quaque
2150 4923 2255 4979 ﬁde
2282 4923 2415 4977 olim
2467 4938 2592 4994 qua:
2639 4921 2955 4976 Abrahamo
3010 4918 3292 4988 pollicitus
3341 4925 3484 4980 erat,

1901 5017 2182 5090 praestitit,
2233 5016 2425 5072 eadem
2463 5023 2516 5070 ct
2556 5029 2724 5079 nunc,
2776 5013 2922 5084 quod
2981 5029 3134 5066 omne
3177 5027 3312 5081 genu
3363 5019 3488 5063 ante

1903 5124 1958 5161 se
2006 5105 2205 5177 ﬂexum
2251 5106 2343 5172 iri,
2413 5120 2816 5175 commnneque
2861 5102 3118 5157 omnibus
3172 5101 3359 5156 datum
3419 5100 3485 5154 iri

1904 5214 2107 5254 munus
2139 5198 2450 5263 allirmavit,
2483 5197 2783 5254 eil'ecturus
2830 5206 2935 5252 est.
2992 5195 3264 5266 Arguitur
3322 5208 3491 5263 porro

1906 5278 2186 5344 idolorum
2218 5288 2592 5353 imbecillitas,
2629 5302 2775 5358 quae,
2809 5303 2933 5342 cum
2965 5286 3089 5342 duci
3125 5301 3244 5348 vos,
3282 5285 3486 5353 inquit,

1908 5382 1965 5437 in
2019 5381 2299 5448 exsilium,
2364 5381 2704 5450 contigerit,
2751 5380 3059 5452 elephantis
3119 5393 3224 5435 non
3287 5375 3490 5442 solum,

315 5553 365 5586 ”
402 5551 548 5609 Psal.
576 5566 725 5616 xcvr,
756 5549 809 5604 7.
887 5548 930 5582 ⁶¹
962 5546 1120 5603 Joan.
1158 5557 1277 5611 vni,
1310 5545 1406 5605 Ἡ.
1480 5543 1523 5575 θ’
1555 5539 1663 5597 lsa.
1698 5556 1732 5606 ι,
1768 5540 1781 5595 ι

1887 5541 1894 5571 ι
1934 5538 1951 5592 l
1989 5539 2123 5610 lteg.
2212 5553 2273 5603 ν,
2307 5537 2330 5592 t
2366 5552 2520 5610 seqq.

1499 5663 1736 5720 VARle
1772 5661 2178 5716 LECTIONES.

310 5785 440 5848 ττρ.
473 5773 630 5830 εἰσιν.
707 5783 725 5806 ·
763 5772 846 5828 la.
878 5767 1226 5841 ἠτιμωμέναο
1303 5762 1331 5804 ³³
1360 5779 1454 5832 Τρο
1482 5759 1766 5830 ἀληθεύειι

1847 5769 1868 5796 ο
1909 5759 1994 5812 lc.
2031 5760 2084 5812 ἃ.
