  <div class='ocr_page' id='page_1' title='image "/cluster/home/n/w/nwhite01/storage/ocr_20150623/87:pt.2/coo.31924054869908/463.png"; bbox 0 0 3916 6388; ppageno 0'>
   <div class='ocr_carea' id='block_1_1' title="bbox 468 310 612 376">
    <p class='ocr_par' dir='ltr' id='par_1_1' title="bbox 468 310 612 376">
     <span class='ocr_line' id='line_1_1' title="bbox 468 310 612 376; baseline -0.007 0"><span class='ocrx_word' id='word_1_1' title='bbox 468 310 612 376; x_wconf 72' lang='grc' dir='ltr'>2-ἱ39</span> 
     </span>
    </p>
   </div>
   <div class='ocr_carea' id='block_1_2' title="bbox 1775 295 2439 363">
    <p class='ocr_par' dir='ltr' id='par_1_2' title="bbox 1775 295 2439 363">
     <span class='ocr_line' id='line_1_2' title="bbox 1775 295 2439 363; baseline -0.012 0"><span class='ocrx_word' id='word_1_2' title='bbox 1775 295 2139 363; x_wconf 80' lang='lat' dir='ltr'><strong>PROCOPII</strong></span> <span class='ocrx_word' id='word_1_3' title='bbox 2194 296 2439 357; x_wconf 71' lang='lat' dir='ltr'><strong>GAZ.’EI</strong></span> 
     </span>
    </p>
   </div>
   <div class='ocr_carea' id='block_1_3' title="bbox 3607 301 3742 370">
    <p class='ocr_par' dir='ltr' id='par_1_3' title="bbox 3607 301 3742 370">
     <span class='ocr_line' id='line_1_3' title="bbox 3607 301 3742 370; baseline 0.044 -6"><span class='ocrx_word' id='word_1_4' title='bbox 3607 301 3742 370; x_wconf 68' lang='lat'><strong>9.440</strong></span> 
     </span>
    </p>
   </div>
   <div class='ocr_carea' id='block_1_4' title="bbox 466 404 2055 498">
    <p class='ocr_par' dir='ltr' id='par_1_4' title="bbox 466 415 2055 498">
     <span class='ocr_line' id='line_1_4' title="bbox 466 415 2055 498; baseline -0.008 -17"><span class='ocrx_word' id='word_1_5' title='bbox 466 423 847 498; x_wconf 75' lang='lat' dir='ltr'><strong>iumentisque</strong></span> <span class='ocrx_word' id='word_1_6' title='bbox 865 423 1106 487; x_wconf 66' lang='lat' dir='ltr'><strong>caeteris,</strong></span> <span class='ocrx_word' id='word_1_7' title='bbox 1126 419 1328 492; x_wconf 86' lang='lat' dir='ltr'><strong>quibus</strong></span> <span class='ocrx_word' id='word_1_8' title='bbox 1352 417 1681 484; x_wconf 81' lang='lat' dir='ltr'><strong>avehentur,</strong></span> <span class='ocrx_word' id='word_1_9' title='bbox 1707 418 1853 473; x_wconf 77' lang='lat' dir='ltr'><strong>oneri</strong></span> <span class='ocrx_word' id='word_1_10' title='bbox 1878 415 2055 471; x_wconf 80' lang='lat' dir='ltr'><strong>futura</strong></span> 
     </span>
    </p>
   </div>
   <div class='ocr_carea' id='block_1_5' title="bbox 2165 404 3745 498">
    <p class='ocr_par' dir='ltr' id='par_1_5' title="bbox 2168 404 3745 490">
     <span class='ocr_line' id='line_1_5' title="bbox 2168 404 3745 490; baseline 0.006 -23"><span class='ocrx_word' id='word_1_11' title='bbox 2168 414 2233 468; x_wconf 88' lang='grc' dir='ltr'><strong>ἂν</strong></span> <span class='ocrx_word' id='word_1_12' title='bbox 2264 414 2361 467; x_wconf 70' lang='grc' dir='ltr'><strong>καὶ</strong></span> <span class='ocrx_word' id='word_1_13' title='bbox 2393 414 2561 485; x_wconf 69' lang='grc' dir='ltr'>ἤγετο</span> <span class='ocrx_word' id='word_1_14' title='bbox 2596 410 2733 484; x_wconf 65' lang='grc' dir='ltr'>πρδς</span> <span class='ocrx_word' id='word_1_15' title='bbox 2778 413 2887 466; x_wconf 88' lang='grc' dir='ltr'><strong>τῶν</strong></span> <span class='ocrx_word' id='word_1_16' title='bbox 2918 412 3196 482; x_wconf 86' lang='grc' dir='ltr'>πολεμίων</span> <span class='ocrx_word' id='word_1_17' title='bbox 3230 404 3602 487; x_wconf 78' lang='grc' dir='ltr'>αἰχμάλωτα;</span> <span class='ocrx_word' id='word_1_18' title='bbox 3634 424 3745 490; x_wconf 86' lang='grc' dir='ltr'><strong>πῶς</strong></span> 
     </span>
    </p>
   </div>
   <div class='ocr_carea' id='block_1_6' title="bbox 471 510 2053 585">
    <p class='ocr_par' dir='ltr' id='par_1_6' title="bbox 471 510 2053 585">
     <span class='ocr_line' id='line_1_6' title="bbox 471 510 2053 585; baseline -0.008 -10"><span class='ocrx_word' id='word_1_19' title='bbox 471 529 636 585; x_wconf 84' lang='lat' dir='ltr'><strong>sunt;</strong></span> <span class='ocrx_word' id='word_1_20' title='bbox 671 517 766 573; x_wconf 90' lang='lat' dir='ltr'><strong>sed</strong></span> <span class='ocrx_word' id='word_1_21' title='bbox 804 516 940 572; x_wconf 79' lang='lat' dir='ltr'><strong>viris</strong></span> <span class='ocrx_word' id='word_1_22' title='bbox 975 515 1164 581; x_wconf 88' lang='lat' dir='ltr'><strong>etiam,</strong></span> <span class='ocrx_word' id='word_1_23' title='bbox 1200 528 1439 585; x_wconf 90' lang='lat' dir='ltr'><strong>quorum</strong></span> <span class='ocrx_word' id='word_1_24' title='bbox 1472 510 1718 567; x_wconf 85' lang='lat' dir='ltr'><strong>humeris</strong></span> <span class='ocrx_word' id='word_1_25' title='bbox 1750 511 2053 582; x_wconf 81' lang='lat' dir='ltr'><strong>gestabun-</strong></span> 
     </span>
    </p>
   </div>
   <div class='ocr_carea' id='block_1_7' title="bbox 472 604 2058 677">
    <p class='ocr_par' dir='ltr' id='par_1_7' title="bbox 472 604 2058 677">
     <span class='ocr_line' id='line_1_7' title="bbox 472 604 2058 677; baseline -0.002 -15"><span class='ocrx_word' id='word_1_26' title='bbox 472 618 584 674; x_wconf 88' lang='lat' dir='ltr'><strong>tur,</strong></span> <span class='ocrx_word' id='word_1_27' title='bbox 621 609 854 663; x_wconf 82' lang='lat' dir='ltr'><strong>laborem</strong></span> <span class='ocrx_word' id='word_1_28' title='bbox 907 607 1177 676; x_wconf 76' lang='lat' dir='ltr'><strong>paritura.</strong></span> <span class='ocrx_word' id='word_1_29' title='bbox 1232 605 1428 662; x_wconf 86' lang='lat' dir='ltr'><strong>Verum</strong></span> <span class='ocrx_word' id='word_1_30' title='bbox 1461 605 1588 677; x_wconf 83' lang='lat' dir='ltr'><strong>quis</strong></span> <span class='ocrx_word' id='word_1_31' title='bbox 1632 604 1802 659; x_wconf 90' lang='lat' dir='ltr'><strong>Deum</strong></span> <span class='ocrx_word' id='word_1_32' title='bbox 1834 613 2058 673; x_wconf 79' lang='lat' dir='ltr'><strong>gestans</strong></span> 
     </span>
    </p>
   </div>
   <div class='ocr_carea' id='block_1_8' title="bbox 471 684 2058 768">
    <p class='ocr_par' dir='ltr' id='par_1_8' title="bbox 471 684 2058 768">
     <span class='ocr_line' id='line_1_8' title="bbox 471 684 2058 768; baseline -0.006 -12"><span class='ocrx_word' id='word_1_33' title='bbox 471 702 741 757; x_wconf 85' lang='lat' dir='ltr'><strong>inlirmior</strong></span> <span class='ocrx_word' id='word_1_34' title='bbox 788 700 1023 755; x_wconf 81' lang='lat' dir='ltr'><strong>evadat?</strong></span> <span class='ocrx_word' id='word_1_35' title='bbox 1061 697 1179 753; x_wconf 85' lang='lat' dir='ltr'><strong>Non</strong></span> <span class='ocrx_word' id='word_1_36' title='bbox 1210 713 1344 768; x_wconf 83' lang='lat' dir='ltr'><strong>ergo</strong></span> <span class='ocrx_word' id='word_1_37' title='bbox 1373 697 1448 752; x_wconf 90' lang='lat' dir='ltr'><strong>dii</strong></span> <span class='ocrx_word' id='word_1_38' title='bbox 1478 698 1570 752; x_wconf 90' lang='lat' dir='ltr'><strong>illa</strong></span> <span class='ocrx_word' id='word_1_39' title='bbox 1604 684 1755 753; x_wconf 77' lang='lat' dir='ltr'><strong>sunt.</strong></span> <span class='ocrx_word' id='word_1_40' title='bbox 1780 696 1884 762; x_wconf 84' lang='lat' dir='ltr'><strong>Qui</strong></span> <span class='ocrx_word' id='word_1_41' title='bbox 1912 696 2058 749; x_wconf 89' lang='lat' dir='ltr'><strong>enim</strong></span> 
     </span>
    </p>
   </div>
   <div class='ocr_carea' id='block_1_9' title="bbox 469 786 2059 865">
    <p class='ocr_par' dir='ltr' id='par_1_9' title="bbox 469 786 2059 865">
     <span class='ocr_line' id='line_1_9' title="bbox 469 786 2059 865; baseline -0.006 -15"><span class='ocrx_word' id='word_1_42' title='bbox 469 804 628 865; x_wconf 90' lang='lat' dir='ltr'><strong>capta</strong></span> <span class='ocrx_word' id='word_1_43' title='bbox 658 793 728 847; x_wconf 90' lang='lat' dir='ltr'><strong>ab</strong></span> <span class='ocrx_word' id='word_1_44' title='bbox 766 791 1025 847; x_wconf 88' lang='lat' dir='ltr'><strong>hostibus</strong></span> <span class='ocrx_word' id='word_1_45' title='bbox 1060 791 1115 845; x_wconf 92' lang='lat' dir='ltr'><strong>in</strong></span> <span class='ocrx_word' id='word_1_46' title='bbox 1162 790 1422 846; x_wconf 84' lang='lat' dir='ltr'><strong>exsilium</strong></span> <span class='ocrx_word' id='word_1_47' title='bbox 1479 789 1897 844; x_wconf 83' lang='lat' dir='ltr'><strong>traducantur?</strong></span> <span class='ocrx_word' id='word_1_48' title='bbox 1952 786 2059 854; x_wconf 80' lang='lat' dir='ltr'><strong>Qui</strong></span> 
     </span>
    </p>
   </div>
   <div class='ocr_carea' id='block_1_10' title="bbox 468 880 2061 953">
    <p class='ocr_par' dir='ltr' id='par_1_10' title="bbox 468 880 2061 953">
     <span class='ocr_line' id='line_1_10' title="bbox 468 880 2061 953; baseline -0.004 -12"><span class='ocrx_word' id='word_1_49' title='bbox 468 884 685 941; x_wconf 88' lang='lat' dir='ltr'><strong>damnis</strong></span> <span class='ocrx_word' id='word_1_50' title='bbox 714 899 926 950; x_wconf 91' lang='lat' dir='ltr'><strong>eorum,</strong></span> <span class='ocrx_word' id='word_1_51' title='bbox 953 898 987 939; x_wconf 90' lang='lat' dir='ltr'><strong>a</strong></span> <span class='ocrx_word' id='word_1_52' title='bbox 1018 882 1220 953; x_wconf 89' lang='lat' dir='ltr'><strong>quibus</strong></span> <span class='ocrx_word' id='word_1_53' title='bbox 1251 882 1576 948; x_wconf 88' lang='lat' dir='ltr'><strong>adorantur,</strong></span> <span class='ocrx_word' id='word_1_54' title='bbox 1595 898 1705 938; x_wconf 90' lang='lat' dir='ltr'><strong>non</strong></span> <span class='ocrx_word' id='word_1_55' title='bbox 1721 880 2061 948; x_wconf 83' lang='lat' dir='ltr'><strong>tangantur?</strong></span> 
     </span>
    </p>
   </div>
   <div class='ocr_carea' id='block_1_11' title="bbox 470 971 2058 1044">
    <p class='ocr_par' dir='ltr' id='par_1_11' title="bbox 470 971 2058 1044">
     <span class='ocr_line' id='line_1_11' title="bbox 470 971 2058 1044; baseline -0.002 -15"><span class='ocrx_word' id='word_1_56' title='bbox 470 975 675 1029; x_wconf 82' lang='lat' dir='ltr'><strong>Volunt</strong></span> <span class='ocrx_word' id='word_1_57' title='bbox 720 974 814 1029; x_wconf 84' lang='lat' dir='ltr'><strong>alii</strong></span> <span class='ocrx_word' id='word_1_58' title='bbox 854 975 1173 1031; x_wconf 88' lang='lat' dir='ltr'><strong>sacerdotes</strong></span> <span class='ocrx_word' id='word_1_59' title='bbox 1212 989 1343 1038; x_wconf 81' lang='lat' dir='ltr'><strong>eos,</strong></span> <span class='ocrx_word' id='word_1_60' title='bbox 1402 974 1496 1044; x_wconf 89' lang='lat' dir='ltr'><strong>qui</strong></span> <span class='ocrx_word' id='word_1_61' title='bbox 1544 976 1600 1029; x_wconf 91' lang='lat' dir='ltr'><strong>in</strong></span> <span class='ocrx_word' id='word_1_62' title='bbox 1658 971 2058 1028; x_wconf 64' lang='lat' dir='ltr'><strong>daemoniorum</strong></span> 
     </span>
    </p>
   </div>
   <div class='ocr_carea' id='block_1_12' title="bbox 468 1064 2059 1136">
    <p class='ocr_par' dir='ltr' id='par_1_12' title="bbox 468 1064 2059 1136">
     <span class='ocr_line' id='line_1_12' title="bbox 468 1064 2059 1136; baseline 0.001 -19"><span class='ocrx_word' id='word_1_63' title='bbox 468 1068 687 1136; x_wconf 81' lang='lat' dir='ltr'><strong>pompis</strong></span> <span class='ocrx_word' id='word_1_64' title='bbox 703 1067 947 1136; x_wconf 89' lang='lat' dir='ltr'><strong>ipsorum</strong></span> <span class='ocrx_word' id='word_1_65' title='bbox 972 1065 1180 1122; x_wconf 85' lang='lat' dir='ltr'><strong>fercula</strong></span> <span class='ocrx_word' id='word_1_66' title='bbox 1203 1065 1548 1136; x_wconf 86' lang='lat' dir='ltr'><strong>bajulabant,</strong></span> <span class='ocrx_word' id='word_1_67' title='bbox 1574 1065 1701 1119; x_wconf 93' lang='lat' dir='ltr'><strong>dum</strong></span> <span class='ocrx_word' id='word_1_68' title='bbox 1729 1079 1825 1133; x_wconf 88' lang='lat' dir='ltr'><strong>per</strong></span> <span class='ocrx_word' id='word_1_69' title='bbox 1847 1064 2059 1134; x_wconf 86' lang='lat' dir='ltr'><strong>plateas</strong></span> 
     </span>
    </p>
   </div>
   <div class='ocr_carea' id='block_1_13' title="bbox 467 1157 2054 1229">
    <p class='ocr_par' dir='ltr' id='par_1_13' title="bbox 467 1157 2054 1229">
     <span class='ocr_line' id='line_1_13' title="bbox 467 1157 2054 1229; baseline -0.001 -16"><span class='ocrx_word' id='word_1_70' title='bbox 467 1160 808 1224; x_wconf 86' lang='lat' dir='ltr'><strong>incederent,</strong></span> <span class='ocrx_word' id='word_1_71' title='bbox 844 1159 1120 1214; x_wconf 88' lang='lat' dir='ltr'><strong>idolorum</strong></span> <span class='ocrx_word' id='word_1_72' title='bbox 1153 1159 1368 1229; x_wconf 90' lang='lat' dir='ltr'><strong>pondus</strong></span> <span class='ocrx_word' id='word_1_73' title='bbox 1399 1174 1510 1213; x_wconf 90' lang='lat' dir='ltr'><strong>non</strong></span> <span class='ocrx_word' id='word_1_74' title='bbox 1544 1158 1666 1212; x_wconf 90' lang='lat' dir='ltr'><strong>sine</strong></span> <span class='ocrx_word' id='word_1_75' title='bbox 1697 1157 1889 1211; x_wconf 90' lang='lat' dir='ltr'><strong>labore</strong></span> <span class='ocrx_word' id='word_1_76' title='bbox 1925 1171 2054 1211; x_wconf 88' lang='lat' dir='ltr'><strong>sus-</strong></span> 
     </span>
    </p>
   </div>
   <div class='ocr_carea' id='block_1_14' title="bbox 467 1234 2057 1307">
    <p class='ocr_par' dir='ltr' id='par_1_14' title="bbox 467 1234 2057 1307">
     <span class='ocr_line' id='line_1_14' title="bbox 467 1234 2057 1307; baseline -0.001 -4"><span class='ocrx_word' id='word_1_77' title='bbox 467 1234 728 1306; x_wconf 79' lang='lat' dir='ltr'><strong>tinuisse.</strong></span> <span class='ocrx_word' id='word_1_78' title='bbox 777 1251 906 1307; x_wconf 87' lang='lat' dir='ltr'><strong>Istis</strong></span> <span class='ocrx_word' id='word_1_79' title='bbox 956 1266 1091 1307; x_wconf 85' lang='lat' dir='ltr'><strong>vero</strong></span> <span class='ocrx_word' id='word_1_80' title='bbox 1142 1250 1402 1306; x_wconf 88' lang='lat' dir='ltr'><strong>admonet</strong></span> <span class='ocrx_word' id='word_1_81' title='bbox 1451 1249 1729 1306; x_wconf 87' lang='lat' dir='ltr'><strong>lsraelltas</strong></span> <span class='ocrx_word' id='word_1_82' title='bbox 1787 1249 1951 1304; x_wconf 90' lang='lat' dir='ltr'><strong>etiam</strong></span> <span class='ocrx_word' id='word_1_83' title='bbox 1989 1247 2057 1303; x_wconf 88' lang='lat' dir='ltr'><strong>de</strong></span> 
     </span>
    </p>
   </div>
   <div class='ocr_carea' id='block_1_15' title="bbox 464 1341 2057 1414">
    <p class='ocr_par' dir='ltr' id='par_1_15' title="bbox 464 1341 2057 1414">
     <span class='ocr_line' id='line_1_15' title="bbox 464 1341 2057 1414; baseline -0.001 -18"><span class='ocrx_word' id='word_1_84' title='bbox 464 1341 746 1408; x_wconf 87' lang='lat' dir='ltr'><strong>hostibus,</strong></span> <span class='ocrx_word' id='word_1_85' title='bbox 781 1358 811 1396; x_wconf 91' lang='lat' dir='ltr'><strong>a</strong></span> <span class='ocrx_word' id='word_1_86' title='bbox 842 1343 1043 1414; x_wconf 85' lang='lat' dir='ltr'><strong>quibus</strong></span> <span class='ocrx_word' id='word_1_87' title='bbox 1073 1353 1298 1414; x_wconf 85' lang='lat' dir='ltr'><strong>propter</strong></span> <span class='ocrx_word' id='word_1_88' title='bbox 1327 1341 1604 1397; x_wconf 87' lang='lat' dir='ltr'><strong>idolorum</strong></span> <span class='ocrx_word' id='word_1_89' title='bbox 1636 1344 1849 1396; x_wconf 88' lang='lat' dir='ltr'><strong>cultum</strong></span> <span class='ocrx_word' id='word_1_90' title='bbox 1882 1342 2057 1397; x_wconf 88' lang='lat' dir='ltr'><strong>abdu-</strong></span> 
     </span>
    </p>
   </div>
   <div class='ocr_carea' id='block_1_16' title="bbox 464 1434 2055 1505">
    <p class='ocr_par' dir='ltr' id='par_1_16' title="bbox 464 1434 2055 1505">
     <span class='ocr_line' id='line_1_16' title="bbox 464 1434 2055 1505; baseline -0.001 -17"><span class='ocrx_word' id='word_1_91' title='bbox 464 1434 625 1489; x_wconf 89' lang='lat' dir='ltr'><strong>cendi</strong></span> <span class='ocrx_word' id='word_1_92' title='bbox 654 1441 825 1501; x_wconf 85' lang='lat' dir='ltr'><strong>sunt;</strong></span> <span class='ocrx_word' id='word_1_93' title='bbox 864 1435 1164 1505; x_wconf 87' lang='lat' dir='ltr'><strong>animoque</strong></span> <span class='ocrx_word' id='word_1_94' title='bbox 1190 1434 1456 1505; x_wconf 87' lang='lat' dir='ltr'><strong>relinquit</strong></span> <span class='ocrx_word' id='word_1_95' title='bbox 1489 1434 1848 1504; x_wconf 82' lang='lat' dir='ltr'><strong>cogitandum</strong></span> <span class='ocrx_word' id='word_1_96' title='bbox 1887 1449 2055 1503; x_wconf 90' lang='lat' dir='ltr'><strong>quam</strong></span> 
     </span>
    </p>
   </div>
   <div class='ocr_carea' id='block_1_17' title="bbox 464 1525 2058 1594">
    <p class='ocr_par' dir='ltr' id='par_1_17' title="bbox 464 1525 2058 1594">
     <span class='ocr_line' id='line_1_17' title="bbox 464 1525 2058 1594; baseline -0.001 -15"><span class='ocrx_word' id='word_1_97' title='bbox 464 1539 631 1594; x_wconf 83' lang='lat' dir='ltr'><strong>grave</strong></span> <span class='ocrx_word' id='word_1_98' title='bbox 660 1526 733 1580; x_wconf 87' lang='lat' dir='ltr'><strong>sit</strong></span> <span class='ocrx_word' id='word_1_99' title='bbox 765 1532 817 1581; x_wconf 90' lang='lat' dir='ltr'><strong>et</strong></span> <span class='ocrx_word' id='word_1_100' title='bbox 856 1527 1207 1581; x_wconf 83' lang='lat' dir='ltr'><strong>intolerabile</strong></span> <span class='ocrx_word' id='word_1_101' title='bbox 1240 1526 1640 1581; x_wconf 82' lang='lat' dir='ltr'><strong>daemoniorum</strong></span> <span class='ocrx_word' id='word_1_102' title='bbox 1678 1542 1815 1581; x_wconf 78' lang='lat' dir='ltr'><strong>onus</strong></span> <span class='ocrx_word' id='word_1_103' title='bbox 1851 1525 2058 1580; x_wconf 86' lang='lat' dir='ltr'><strong>anima-</strong></span> 
     </span>
    </p>
   </div>
   <div class='ocr_carea' id='block_1_18' title="bbox 463 1617 2054 1688">
    <p class='ocr_par' dir='ltr' id='par_1_18' title="bbox 463 1617 2054 1688">
     <span class='ocr_line' id='line_1_18' title="bbox 463 1617 2054 1688; baseline 0 -17"><span class='ocrx_word' id='word_1_104' title='bbox 463 1617 572 1673; x_wconf 83' lang='lat' dir='ltr'><strong>bus</strong></span> <span class='ocrx_word' id='word_1_105' title='bbox 615 1617 704 1684; x_wconf 90' lang='lat' dir='ltr'><strong>iis,</strong></span> <span class='ocrx_word' id='word_1_106' title='bbox 738 1633 862 1688; x_wconf 70' lang='lat' dir='ltr'><strong>quae</strong></span> <span class='ocrx_word' id='word_1_107' title='bbox 896 1628 1189 1688; x_wconf 82' lang='lat' dir='ltr'><strong>postquam</strong></span> <span class='ocrx_word' id='word_1_108' title='bbox 1220 1633 1279 1673; x_wconf 91' lang='lat' dir='ltr'><strong>se</strong></span> <span class='ocrx_word' id='word_1_109' title='bbox 1308 1617 1585 1688; x_wconf 87' lang='lat' dir='ltr'><strong>impietati</strong></span> <span class='ocrx_word' id='word_1_110' title='bbox 1645 1618 2054 1687; x_wconf 90' lang='lat' dir='ltr'><strong>manciparunt,</strong></span> 
     </span>
    </p>
   </div>
   <div class='ocr_carea' id='block_1_19' title="bbox 464 1706 2053 1778">
    <p class='ocr_par' dir='ltr' id='par_1_19' title="bbox 464 1706 2053 1778">
     <span class='ocr_line' id='line_1_19' title="bbox 464 1706 2053 1778; baseline -0.001 -16"><span class='ocrx_word' id='word_1_111' title='bbox 464 1706 718 1762; x_wconf 83' lang='lat' dir='ltr'><strong>confecto</strong></span> <span class='ocrx_word' id='word_1_112' title='bbox 758 1707 905 1763; x_wconf 92' lang='lat' dir='ltr'><strong>bello</strong></span> <span class='ocrx_word' id='word_1_113' title='bbox 942 1707 1243 1762; x_wconf 87' lang='lat' dir='ltr'><strong>nonaliter</strong></span> <span class='ocrx_word' id='word_1_114' title='bbox 1301 1722 1470 1778; x_wconf 87' lang='lat' dir='ltr'><strong>quam</strong></span> <span class='ocrx_word' id='word_1_115' title='bbox 1522 1707 1725 1777; x_wconf 85' lang='lat' dir='ltr'><strong>captivi</strong></span> <span class='ocrx_word' id='word_1_116' title='bbox 1783 1707 2053 1763; x_wconf 87' lang='lat' dir='ltr'><strong>scelerum</strong></span> 
     </span>
    </p>
   </div>
   <div class='ocr_carea' id='block_1_20' title="bbox 463 1775 2131 1865">
    <p class='ocr_par' dir='ltr' id='par_1_20' title="bbox 463 1775 2131 1865">
     <span class='ocr_line' id='line_1_20' title="bbox 463 1775 2131 1865; baseline -0.001 -11"><span class='ocrx_word' id='word_1_117' title='bbox 463 1800 678 1855; x_wconf 86' lang='lat' dir='ltr'><strong>catenis</strong></span> <span class='ocrx_word' id='word_1_118' title='bbox 709 1800 967 1855; x_wconf 66' lang='lat' dir='ltr'><strong>revinctae</strong></span> <span class='ocrx_word' id='word_1_119' title='bbox 995 1799 1284 1854; x_wconf 85' lang='lat' dir='ltr'><strong>ducuntur.</strong></span> <span class='ocrx_word' id='word_1_120' title='bbox 1342 1799 1453 1856; x_wconf 91' lang='lat' dir='ltr'><strong>Eos</strong></span> <span class='ocrx_word' id='word_1_121' title='bbox 1483 1798 1684 1856; x_wconf 88' lang='lat' dir='ltr'><strong>deinde</strong></span> <span class='ocrx_word' id='word_1_122' title='bbox 1717 1815 1829 1855; x_wconf 91' lang='lat' dir='ltr'><strong>non</strong></span> <span class='ocrx_word' id='word_1_123' title='bbox 1861 1797 2055 1865; x_wconf 83' lang='lat' dir='ltr'><strong>Jacob,</strong></span> <span class='ocrx_word' id='word_1_124' title='bbox 2092 1775 2131 1830; x_wconf 77' lang='grc' dir='ltr'><strong>Β</strong></span> 
     </span>
    </p>
   </div>
   <div class='ocr_carea' id='block_1_21' title="bbox 463 1891 2056 1965">
    <p class='ocr_par' dir='ltr' id='par_1_21' title="bbox 463 1891 2056 1965">
     <span class='ocr_line' id='line_1_21' title="bbox 463 1891 2056 1965; baseline -0.001 -17"><span class='ocrx_word' id='word_1_125' title='bbox 463 1893 566 1948; x_wconf 83' lang='lat' dir='ltr'><strong>sed</strong></span> <span class='ocrx_word' id='word_1_126' title='bbox 589 1893 807 1948; x_wconf 85' lang='lat' dir='ltr'><strong>domum</strong></span> <span class='ocrx_word' id='word_1_127' title='bbox 865 1891 1037 1948; x_wconf 83' lang='lat' dir='ltr'><strong>Jacob</strong></span> <span class='ocrx_word' id='word_1_128' title='bbox 1100 1902 1313 1948; x_wconf 89' lang='lat' dir='ltr'><strong>tantum</strong></span> <span class='ocrx_word' id='word_1_129' title='bbox 1350 1894 1628 1960; x_wconf 85' lang='lat' dir='ltr'><strong>nominat,</strong></span> <span class='ocrx_word' id='word_1_130' title='bbox 1668 1901 1903 1965; x_wconf 85' lang='lat' dir='ltr'><strong>propter</strong></span> <span class='ocrx_word' id='word_1_131' title='bbox 1937 1891 2056 1947; x_wconf 83' lang='lat' dir='ltr'><strong>alli-</strong></span> 
     </span>
    </p>
   </div>
   <div class='ocr_carea' id='block_1_22' title="bbox 461 1985 2059 2057">
    <p class='ocr_par' dir='ltr' id='par_1_22' title="bbox 461 1985 2059 2057">
     <span class='ocr_line' id='line_1_22' title="bbox 461 1985 2059 2057; baseline 0.003 -19"><span class='ocrx_word' id='word_1_132' title='bbox 461 1985 691 2041; x_wconf 80' lang='lat' dir='ltr'><strong>nitatem</strong></span> <span class='ocrx_word' id='word_1_133' title='bbox 746 1986 912 2057; x_wconf 77' lang='lat'><strong>529</strong></span> <span class='ocrx_word' id='word_1_134' title='bbox 942 2003 1066 2042; x_wconf 88' lang='lat' dir='ltr'><strong>cum</strong></span> <span class='ocrx_word' id='word_1_135' title='bbox 1092 2002 1285 2054; x_wconf 84' lang='lat' dir='ltr'><strong>carne,</strong></span> <span class='ocrx_word' id='word_1_136' title='bbox 1320 1997 1369 2041; x_wconf 87' lang='lat' dir='ltr'><strong>et</strong></span> <span class='ocrx_word' id='word_1_137' title='bbox 1400 1988 1663 2057; x_wconf 81' lang='lat' dir='ltr'><strong>reliquias</strong></span> <span class='ocrx_word' id='word_1_138' title='bbox 1703 1986 1897 2054; x_wconf 82' lang='lat' dir='ltr'><strong>Israel,</strong></span> <span class='ocrx_word' id='word_1_139' title='bbox 1930 1998 2059 2042; x_wconf 85' lang='lat' dir='ltr'><strong>tan-</strong></span> 
     </span>
    </p>
   </div>
   <div class='ocr_carea' id='block_1_23' title="bbox 469 2079 2061 2150">
    <p class='ocr_par' dir='ltr' id='par_1_23' title="bbox 469 2079 2061 2150">
     <span class='ocr_line' id='line_1_23' title="bbox 469 2079 2061 2150; baseline 0.004 -22"><span class='ocrx_word' id='word_1_140' title='bbox 469 2093 630 2146; x_wconf 82' lang='lat' dir='ltr'><strong>quam</strong></span> <span class='ocrx_word' id='word_1_141' title='bbox 673 2079 803 2149; x_wconf 78' lang='lat' dir='ltr'><strong>feces</strong></span> <span class='ocrx_word' id='word_1_142' title='bbox 864 2080 981 2149; x_wconf 85' lang='lat' dir='ltr'><strong>ejus</strong></span> <span class='ocrx_word' id='word_1_143' title='bbox 1030 2080 1265 2150; x_wconf 79' lang='lat' dir='ltr'><strong>aliquas,</strong></span> <span class='ocrx_word' id='word_1_144' title='bbox 1319 2088 1375 2135; x_wconf 85' lang='lat' dir='ltr'><strong>et</strong></span> <span class='ocrx_word' id='word_1_145' title='bbox 1426 2087 1803 2136; x_wconf 80' lang='lat' dir='ltr'><strong>excrementa.</strong></span> <span class='ocrx_word' id='word_1_146' title='bbox 1859 2079 2061 2134; x_wconf 80' lang='lat' dir='ltr'><strong>Putant</strong></span> 
     </span>
    </p>
   </div>
   <div class='ocr_carea' id='block_1_24' title="bbox 461 2171 2057 2243">
    <p class='ocr_par' dir='ltr' id='par_1_24' title="bbox 461 2171 2057 2243">
     <span class='ocr_line' id='line_1_24' title="bbox 461 2171 2057 2243; baseline 0.001 -18"><span class='ocrx_word' id='word_1_147' title='bbox 461 2173 717 2225; x_wconf 85' lang='lat' dir='ltr'><strong>nonnulli</strong></span> <span class='ocrx_word' id='word_1_148' title='bbox 745 2171 998 2226; x_wconf 85' lang='lat' dir='ltr'><strong>abductis</strong></span> <span class='ocrx_word' id='word_1_149' title='bbox 1018 2174 1071 2227; x_wconf 84' lang='lat' dir='ltr'><strong>in</strong></span> <span class='ocrx_word' id='word_1_150' title='bbox 1099 2174 1464 2243; x_wconf 85' lang='lat' dir='ltr'><strong>captivitatem</strong></span> <span class='ocrx_word' id='word_1_151' title='bbox 1494 2175 1807 2243; x_wconf 86' lang='lat' dir='ltr'><strong>permultis,</strong></span> <span class='ocrx_word' id='word_1_152' title='bbox 1838 2174 2057 2227; x_wconf 84' lang='lat' dir='ltr'><strong>unicam</strong></span> 
     </span>
    </p>
   </div>
   <div class='ocr_carea' id='block_1_25' title="bbox 462 2263 2057 2332">
    <p class='ocr_par' dir='ltr' id='par_1_25' title="bbox 462 2263 2057 2332">
     <span class='ocr_line' id='line_1_25' title="bbox 462 2263 2057 2332; baseline 0.003 -17"><span class='ocrx_word' id='word_1_153' title='bbox 462 2263 704 2326; x_wconf 88' lang='lat' dir='ltr'><strong>domum,</strong></span> <span class='ocrx_word' id='word_1_154' title='bbox 745 2273 1010 2332; x_wconf 78' lang='lat' dir='ltr'><strong>tanquam</strong></span> <span class='ocrx_word' id='word_1_155' title='bbox 1048 2264 1308 2320; x_wconf 87' lang='lat' dir='ltr'><strong>immanis</strong></span> <span class='ocrx_word' id='word_1_156' title='bbox 1341 2264 1392 2319; x_wconf 91' lang='lat' dir='ltr'><strong>ei</strong></span> <span class='ocrx_word' id='word_1_157' title='bbox 1426 2265 1676 2320; x_wconf 71' lang='lat' dir='ltr'><strong>barbara:</strong></span> <span class='ocrx_word' id='word_1_158' title='bbox 1708 2264 2057 2320; x_wconf 87' lang='lat' dir='ltr'><strong>crudelitatis</strong></span> 
     </span>
    </p>
   </div>
   <div class='ocr_carea' id='block_1_26' title="bbox 463 2355 2056 2427">
    <p class='ocr_par' dir='ltr' id='par_1_26' title="bbox 463 2355 2056 2427">
     <span class='ocr_line' id='line_1_26' title="bbox 463 2355 2056 2427; baseline 0.004 -20"><span class='ocrx_word' id='word_1_159' title='bbox 463 2355 727 2424; x_wconf 81' lang='lat' dir='ltr'><strong>reliquias</strong></span> <span class='ocrx_word' id='word_1_160' title='bbox 759 2356 1026 2425; x_wconf 90' lang='lat' dir='ltr'><strong>appellari</strong></span> <span class='ocrx_word' id='word_1_161' title='bbox 1064 2373 1078 2409; x_wconf 91' lang='lat'><strong>:</strong></span> <span class='ocrx_word' id='word_1_162' title='bbox 1112 2357 1265 2427; x_wconf 90' lang='lat' dir='ltr'><strong>quod</strong></span> <span class='ocrx_word' id='word_1_163' title='bbox 1305 2365 1359 2412; x_wconf 90' lang='lat' dir='ltr'><strong>et</strong></span> <span class='ocrx_word' id='word_1_164' title='bbox 1391 2358 1541 2426; x_wconf 86' lang='lat' dir='ltr'><strong>ipsos</strong></span> <span class='ocrx_word' id='word_1_165' title='bbox 1569 2358 1761 2421; x_wconf 87' lang='lat' dir='ltr'><strong>etiam,</strong></span> <span class='ocrx_word' id='word_1_166' title='bbox 1810 2358 1919 2413; x_wconf 91' lang='lat' dir='ltr'><strong>nisi</strong></span> <span class='ocrx_word' id='word_1_167' title='bbox 1967 2374 2056 2413; x_wconf 88' lang='lat' dir='ltr'><strong>re-</strong></span> 
     </span>
    </p>
   </div>
   <div class='ocr_carea' id='block_1_27' title="bbox 463 2446 2062 2517">
    <p class='ocr_par' dir='ltr' id='par_1_27' title="bbox 463 2446 2062 2517">
     <span class='ocr_line' id='line_1_27' title="bbox 463 2446 2062 2517; baseline 0.003 -18"><span class='ocrx_word' id='word_1_168' title='bbox 463 2446 763 2515; x_wconf 83' lang='lat' dir='ltr'><strong>sipuerint,</strong></span> <span class='ocrx_word' id='word_1_169' title='bbox 798 2462 1163 2517; x_wconf 88' lang='lat' dir='ltr'><strong>perpessuros</strong></span> <span class='ocrx_word' id='word_1_170' title='bbox 1199 2464 1323 2504; x_wconf 90' lang='lat' dir='ltr'><strong>esse</strong></span> <span class='ocrx_word' id='word_1_171' title='bbox 1353 2465 1464 2503; x_wconf 90' lang='lat' dir='ltr'><strong>non</strong></span> <span class='ocrx_word' id='word_1_172' title='bbox 1493 2450 1828 2505; x_wconf 87' lang='lat' dir='ltr'><strong>dissimulat.</strong></span> <span class='ocrx_word' id='word_1_173' title='bbox 1857 2449 2062 2506; x_wconf 85' lang='lat' dir='ltr'><strong>Volunt</strong></span> 
     </span>
    </p>
   </div>
   <div class='ocr_carea' id='block_1_28' title="bbox 462 2528 2061 2616">
    <p class='ocr_par' dir='ltr' id='par_1_28' title="bbox 462 2528 2061 2616">
     <span class='ocr_line' id='line_1_28' title="bbox 462 2528 2061 2616; baseline 0.004 -24"><span class='ocrx_word' id='word_1_174' title='bbox 462 2538 556 2593; x_wconf 81' lang='lat' dir='ltr'><strong>alii</strong></span> <span class='ocrx_word' id='word_1_175' title='bbox 586 2538 652 2593; x_wconf 91' lang='lat' dir='ltr'><strong>ad</strong></span> <span class='ocrx_word' id='word_1_176' title='bbox 680 2555 899 2606; x_wconf 90' lang='lat' dir='ltr'><strong>eorum,</strong></span> <span class='ocrx_word' id='word_1_177' title='bbox 927 2556 1049 2609; x_wconf 73' lang='lat' dir='ltr'><strong>qua:</strong></span> <span class='ocrx_word' id='word_1_178' title='bbox 1079 2540 1225 2595; x_wconf 89' lang='lat' dir='ltr'><strong>dicta</strong></span> <span class='ocrx_word' id='word_1_179' title='bbox 1257 2550 1387 2598; x_wconf 87' lang='lat' dir='ltr'><strong>sunt</strong></span> <span class='ocrx_word' id='word_1_180' title='bbox 1414 2583 1429 2608; x_wconf 92' lang='lat'><strong>,</strong></span> <span class='ocrx_word' id='word_1_181' title='bbox 1460 2542 1876 2599; x_wconf 85' lang='lat' dir='ltr'><strong>meditationem</strong></span> <span class='ocrx_word' id='word_1_182' title='bbox 1908 2528 2061 2616; x_wconf 72' lang='lat' dir='ltr'><strong>ipsus</strong></span> 
     </span>
    </p>
   </div>
   <div class='ocr_carea' id='block_1_29' title="bbox 460 2631 2059 2708">
    <p class='ocr_par' dir='ltr' id='par_1_29' title="bbox 460 2631 2059 2708">
     <span class='ocr_line' id='line_1_29' title="bbox 460 2631 2059 2708; baseline 0.003 -23"><span class='ocrx_word' id='word_1_183' title='bbox 460 2631 736 2698; x_wconf 81' lang='lat' dir='ltr'><strong>revocari,</strong></span> <span class='ocrx_word' id='word_1_184' title='bbox 779 2648 921 2702; x_wconf 89' lang='lat' dir='ltr'><strong>quos</strong></span> <span class='ocrx_word' id='word_1_185' title='bbox 961 2631 1152 2689; x_wconf 81' lang='lat' dir='ltr'><strong>Jacobi</strong></span> <span class='ocrx_word' id='word_1_186' title='bbox 1180 2650 1383 2704; x_wconf 81' lang='lat' dir='ltr'><strong>genere</strong></span> <span class='ocrx_word' id='word_1_187' title='bbox 1437 2635 1740 2706; x_wconf 80' lang='lat' dir='ltr'><strong>gloriantes</strong></span> <span class='ocrx_word' id='word_1_188' title='bbox 1796 2652 1897 2708; x_wconf 89' lang='lat' dir='ltr'><strong>par</strong></span> <span class='ocrx_word' id='word_1_189' title='bbox 1953 2636 2059 2691; x_wconf 84' lang='lat' dir='ltr'><strong>fuit</strong></span> 
     </span>
    </p>
   </div>
   <div class='ocr_carea' id='block_1_30' title="bbox 460 2722 2059 2802">
    <p class='ocr_par' dir='ltr' id='par_1_30' title="bbox 460 2722 2059 2802">
     <span class='ocr_line' id='line_1_30' title="bbox 460 2722 2059 2802; baseline 0.005 -25"><span class='ocrx_word' id='word_1_190' title='bbox 460 2722 710 2791; x_wconf 86' lang='lat' dir='ltr'><strong>ejusdem</strong></span> <span class='ocrx_word' id='word_1_191' title='bbox 753 2739 937 2782; x_wconf 88' lang='lat' dir='ltr'><strong>mores</strong></span> <span class='ocrx_word' id='word_1_192' title='bbox 966 2726 1194 2780; x_wconf 89' lang='lat' dir='ltr'><strong>imitari.</strong></span> <span class='ocrx_word' id='word_1_193' title='bbox 1221 2727 1334 2783; x_wconf 87' lang='lat' dir='ltr'><strong>Etsi</strong></span> <span class='ocrx_word' id='word_1_194' title='bbox 1364 2728 1535 2791; x_wconf 88' lang='lat' dir='ltr'><strong>enim,</strong></span> <span class='ocrx_word' id='word_1_195' title='bbox 1571 2729 1777 2799; x_wconf 88' lang='lat' dir='ltr'><strong>inquit,</strong></span> <span class='ocrx_word' id='word_1_196' title='bbox 1810 2730 2059 2802; x_wconf 63' lang='lat' dir='ltr'><strong>reliquiae</strong></span> 
     </span>
    </p>
   </div>
   <div class='ocr_carea' id='block_1_31' title="bbox 462 2813 2063 2894">
    <p class='ocr_par' dir='ltr' id='par_1_31' title="bbox 462 2813 2063 2894">
     <span class='ocr_line' id='line_1_31' title="bbox 462 2813 2063 2894; baseline 0.006 -25"><span class='ocrx_word' id='word_1_197' title='bbox 462 2813 588 2869; x_wconf 86' lang='lat' dir='ltr'><strong>sitis</strong></span> <span class='ocrx_word' id='word_1_198' title='bbox 622 2814 798 2870; x_wconf 81' lang='lat' dir='ltr'><strong>Israel</strong></span> <span class='ocrx_word' id='word_1_199' title='bbox 830 2817 953 2872; x_wconf 68' lang='lat' dir='ltr'><strong>dita:</strong></span> <span class='ocrx_word' id='word_1_200' title='bbox 988 2819 1170 2873; x_wconf 88' lang='lat' dir='ltr'><strong>tribus</strong></span> <span class='ocrx_word' id='word_1_201' title='bbox 1192 2820 1319 2885; x_wconf 83' lang='lat' dir='ltr'><strong>illae,</strong></span> <span class='ocrx_word' id='word_1_202' title='bbox 1353 2837 1477 2891; x_wconf 80' lang='lat' dir='ltr'><strong>qua:</strong></span> <span class='ocrx_word' id='word_1_203' title='bbox 1503 2822 1571 2877; x_wconf 89' lang='lat' dir='ltr'><strong>de</strong></span> <span class='ocrx_word' id='word_1_204' title='bbox 1594 2822 1890 2879; x_wconf 89' lang='lat' dir='ltr'><strong>duodecim</strong></span> <span class='ocrx_word' id='word_1_205' title='bbox 1927 2824 2063 2894; x_wconf 87' lang='lat' dir='ltr'><strong>(de-</strong></span> 
     </span>
    </p>
   </div>
   <div class='ocr_carea' id='block_1_32' title="bbox 456 2907 2062 2985">
    <p class='ocr_par' dir='ltr' id='par_1_32' title="bbox 456 2907 2062 2985">
     <span class='ocr_line' id='line_1_32' title="bbox 456 2907 2062 2985; baseline 0.007 -28"><span class='ocrx_word' id='word_1_206' title='bbox 456 2918 587 2958; x_wconf 82' lang='lat' dir='ltr'><strong>cem</strong></span> <span class='ocrx_word' id='word_1_207' title='bbox 623 2907 770 2961; x_wconf 90' lang='lat' dir='ltr'><strong>enim</strong></span> <span class='ocrx_word' id='word_1_208' title='bbox 814 2907 959 2963; x_wconf 88' lang='lat' dir='ltr'><strong>bello</strong></span> <span class='ocrx_word' id='word_1_209' title='bbox 999 2921 1189 2981; x_wconf 84' lang='lat' dir='ltr'><strong>captas</strong></span> <span class='ocrx_word' id='word_1_210' title='bbox 1216 2918 1271 2967; x_wconf 89' lang='lat' dir='ltr'><strong>et</strong></span> <span class='ocrx_word' id='word_1_211' title='bbox 1312 2912 1582 2969; x_wconf 84' lang='lat' dir='ltr'><strong>abductas</strong></span> <span class='ocrx_word' id='word_1_212' title='bbox 1636 2930 1759 2970; x_wconf 89' lang='lat' dir='ltr'><strong>esse</strong></span> <span class='ocrx_word' id='word_1_213' title='bbox 1804 2916 2062 2985; x_wconf 82' lang='lat' dir='ltr'><strong>constat)</strong></span> 
     </span>
    </p>
   </div>
   <div class='ocr_carea' id='block_1_33' title="bbox 462 2995 2063 3077">
    <p class='ocr_par' dir='ltr' id='par_1_33' title="bbox 462 2995 2063 3077">
     <span class='ocr_line' id='line_1_33' title="bbox 462 2995 2063 3077; baseline 0.008 -29"><span class='ocrx_word' id='word_1_214' title='bbox 462 2995 648 3050; x_wconf 86' lang='lat' dir='ltr'><strong>adhuc</strong></span> <span class='ocrx_word' id='word_1_215' title='bbox 676 3006 902 3053; x_wconf 88' lang='lat' dir='ltr'><strong>manent</strong></span> <span class='ocrx_word' id='word_1_216' title='bbox 928 3000 1260 3069; x_wconf 88' lang='lat' dir='ltr'><strong>incolumes,</strong></span> <span class='ocrx_word' id='word_1_217' title='bbox 1295 3019 1390 3060; x_wconf 90' lang='lat' dir='ltr'><strong>eos</strong></span> <span class='ocrx_word' id='word_1_218' title='bbox 1422 3013 1627 3071; x_wconf 87' lang='lat' dir='ltr'><strong>tamen,</strong></span> <span class='ocrx_word' id='word_1_219' title='bbox 1663 3007 1869 3077; x_wconf 87' lang='lat' dir='ltr'><strong>quibus</strong></span> <span class='ocrx_word' id='word_1_220' title='bbox 1923 3008 2063 3063; x_wconf 90' lang='lat' dir='ltr'><strong>resi-</strong></span> 
     </span>
    </p>
   </div>
   <div class='ocr_carea' id='block_1_34' title="bbox 2159 505 3749 583">
    <p class='ocr_par' dir='ltr' id='par_1_34' title="bbox 2159 505 3749 583">
     <span class='ocr_line' id='line_1_34' title="bbox 2159 505 3749 583; baseline 0.005 -24"><span class='ocrx_word' id='word_1_221' title='bbox 2159 508 2203 559; x_wconf 86' lang='grc' dir='ltr'>δ’</span> <span class='ocrx_word' id='word_1_222' title='bbox 2238 508 2304 561; x_wconf 86' lang='grc' dir='ltr'>ἂν</span> <span class='ocrx_word' id='word_1_223' title='bbox 2342 506 2517 560; x_wconf 87' lang='grc' dir='ltr'>ταῦτα</span> <span class='ocrx_word' id='word_1_224' title='bbox 2563 505 2839 569; x_wconf 81' lang='grc' dir='ltr'><strong>παθόντας</strong></span> <span class='ocrx_word' id='word_1_225' title='bbox 2883 507 3008 570; x_wconf 80' lang='grc' dir='ltr'>τοὺς</span> <span class='ocrx_word' id='word_1_226' title='bbox 3052 505 3215 570; x_wconf 81' lang='grc' dir='ltr'><strong>ἰδίους</strong></span> <span class='ocrx_word' id='word_1_227' title='bbox 3264 509 3535 580; x_wconf 81' lang='grc' dir='ltr'><strong>παρεῖδον</strong></span> <span class='ocrx_word' id='word_1_228' title='bbox 3584 528 3749 583; x_wconf 88' lang='grc' dir='ltr'>προσ-</span> 
     </span>
    </p>
   </div>
   <div class='ocr_carea' id='block_1_35' title="bbox 2146 597 3749 672">
    <p class='ocr_par' dir='ltr' id='par_1_35' title="bbox 2146 597 3749 672">
     <span class='ocr_line' id='line_1_35' title="bbox 2146 597 3749 672; baseline 0.004 -20"><span class='ocrx_word' id='word_1_229' title='bbox 2146 599 2439 669; x_wconf 86' lang='grc' dir='ltr'>.κυνητάς;</span> <span class='ocrx_word' id='word_1_230' title='bbox 2468 598 2650 651; x_wconf 78' lang='grc' dir='ltr'>Ἀλλοι</span> <span class='ocrx_word' id='word_1_231' title='bbox 2681 597 2740 652; x_wconf 80' lang='grc' dir='ltr'>δέ</span> <span class='ocrx_word' id='word_1_232' title='bbox 2777 615 2944 667; x_wconf 82' lang='grc' dir='ltr'>φασιν</span> <span class='ocrx_word' id='word_1_233' title='bbox 2972 598 3047 662; x_wconf 86' lang='grc' dir='ltr'>ὡς</span> <span class='ocrx_word' id='word_1_234' title='bbox 3077 600 3136 652; x_wconf 80' lang='grc' dir='ltr'>ὲν</span> <span class='ocrx_word' id='word_1_235' title='bbox 3167 601 3286 663; x_wconf 85' lang='grc' dir='ltr'>ταῖς</span> <span class='ocrx_word' id='word_1_236' title='bbox 3313 599 3428 653; x_wconf 85' lang='grc' dir='ltr'><strong>τῶν</strong></span> <span class='ocrx_word' id='word_1_237' title='bbox 3458 601 3749 672; x_wconf 80' lang='grc' dir='ltr'><strong>δαιμονίων</strong></span> 
     </span>
    </p>
   </div>
   <div class='ocr_carea' id='block_1_36' title="bbox 2161 690 3754 766">
    <p class='ocr_par' dir='ltr' id='par_1_36' title="bbox 2161 690 3754 766">
     <span class='ocr_line' id='line_1_36' title="bbox 2161 690 3754 766; baseline 0.003 -20"><span class='ocrx_word' id='word_1_238' title='bbox 2161 695 2413 763; x_wconf 85' lang='grc' dir='ltr'>πομπαῖς</span> <span class='ocrx_word' id='word_1_239' title='bbox 2452 690 2844 762; x_wconf 78' lang='grc' dir='ltr'><strong>ἐκκομίζοντες</strong></span> <span class='ocrx_word' id='word_1_240' title='bbox 2877 692 3044 763; x_wconf 79' lang='grc' dir='ltr'><strong>ἱερεῖς</strong></span> <span class='ocrx_word' id='word_1_241' title='bbox 3081 692 3150 746; x_wconf 84' lang='grc' dir='ltr'>τὰ</span> <span class='ocrx_word' id='word_1_242' title='bbox 3173 692 3476 765; x_wconf 82' lang='grc' dir='ltr'>ἀγάλματα</span> <span class='ocrx_word' id='word_1_243' title='bbox 3501 694 3754 766; x_wconf 78' lang='grc' dir='ltr'>φέροντες</span> 
     </span>
    </p>
   </div>
   <div class='ocr_carea' id='block_1_37' title="bbox 2160 785 3751 860">
    <p class='ocr_par' dir='ltr' id='par_1_37' title="bbox 2160 785 3751 860">
     <span class='ocr_line' id='line_1_37' title="bbox 2160 785 3751 860; baseline 0.004 -20"><span class='ocrx_word' id='word_1_244' title='bbox 2160 788 2248 840; x_wconf 75' lang='grc' dir='ltr'><strong>ἐπ’</strong></span> <span class='ocrx_word' id='word_1_245' title='bbox 2282 787 2474 859; x_wconf 77' lang='grc' dir='ltr'>ὤμων,</span> <span class='ocrx_word' id='word_1_246' title='bbox 2507 786 2606 850; x_wconf 77' lang='grc' dir='ltr'>τὰς</span> <span class='ocrx_word' id='word_1_247' title='bbox 2638 785 2904 850; x_wconf 82' lang='grc' dir='ltr'>πλατείας</span> <span class='ocrx_word' id='word_1_248' title='bbox 2956 785 3399 858; x_wconf 78' lang='grc' dir='ltr'>ἀχθοφοροῦντες</span> <span class='ocrx_word' id='word_1_249' title='bbox 3446 789 3751 860; x_wconf 80' lang='grc' dir='ltr'>διήρχοντο.</span> 
     </span>
    </p>
   </div>
   <div class='ocr_carea' id='block_1_38' title="bbox 2161 877 3753 952">
    <p class='ocr_par' dir='ltr' id='par_1_38' title="bbox 2161 877 3753 952">
     <span class='ocr_line' id='line_1_38' title="bbox 2161 877 3753 952; baseline 0.003 -19"><span class='ocrx_word' id='word_1_250' title='bbox 2161 880 2265 933; x_wconf 86' lang='grc' dir='ltr'>Τὸν</span> <span class='ocrx_word' id='word_1_251' title='bbox 2308 880 2525 952; x_wconf 82' lang='grc' dir='ltr'>Ἰσραὴλ</span> <span class='ocrx_word' id='word_1_252' title='bbox 2551 879 2609 933; x_wconf 86' lang='grc' dir='ltr'>δὲ</span> <span class='ocrx_word' id='word_1_253' title='bbox 2648 877 2740 933; x_wconf 88' lang='grc' dir='ltr'>διὰ</span> <span class='ocrx_word' id='word_1_254' title='bbox 2772 877 2985 933; x_wconf 84' lang='grc' dir='ltr'>τούτων</span> <span class='ocrx_word' id='word_1_255' title='bbox 3040 879 3461 952; x_wconf 78' lang='grc' dir='ltr'><strong>ὑπομιμνήσκει</strong></span> <span class='ocrx_word' id='word_1_256' title='bbox 3508 881 3605 934; x_wconf 76' lang='grc' dir='ltr'><strong>καὶ</strong></span> <span class='ocrx_word' id='word_1_257' title='bbox 3649 883 3753 938; x_wconf 86' lang='grc' dir='ltr'><strong>τῶν</strong></span> 
     </span>
    </p>
   </div>
   <div class='ocr_carea' id='block_1_39' title="bbox 2161 970 3749 1045">
    <p class='ocr_par' dir='ltr' id='par_1_39' title="bbox 2161 970 3749 1045">
     <span class='ocr_line' id='line_1_39' title="bbox 2161 970 3749 1045; baseline 0.001 -18"><span class='ocrx_word' id='word_1_258' title='bbox 2161 972 2482 1040; x_wconf 79' lang='grc' dir='ltr'>άπαξόντων</span> <span class='ocrx_word' id='word_1_259' title='bbox 2536 972 2741 1035; x_wconf 80' lang='grc' dir='ltr'>αὐτοὺς</span> <span class='ocrx_word' id='word_1_260' title='bbox 2770 970 3073 1041; x_wconf 85' lang='grc' dir='ltr'>πολεμίων,</span> <span class='ocrx_word' id='word_1_261' title='bbox 3096 970 3174 1035; x_wconf 87' lang='grc' dir='ltr'>ὼς</span> <span class='ocrx_word' id='word_1_262' title='bbox 3211 970 3282 1025; x_wconf 83' lang='grc' dir='ltr'>τὰ</span> <span class='ocrx_word' id='word_1_263' title='bbox 3344 972 3548 1027; x_wconf 75' lang='grc' dir='ltr'>εἴδωλα</span> <span class='ocrx_word' id='word_1_264' title='bbox 3584 990 3749 1045; x_wconf 60' lang='grc' dir='ltr'>προσ-</span> 
     </span>
    </p>
   </div>
   <div class='ocr_carea' id='block_1_40' title="bbox 2161 1064 3751 1137">
    <p class='ocr_par' dir='ltr' id='par_1_40' title="bbox 2161 1064 3751 1137">
     <span class='ocr_line' id='line_1_40' title="bbox 2161 1064 3751 1137; baseline 0.002 -19"><span class='ocrx_word' id='word_1_265' title='bbox 2161 1068 2528 1134; x_wconf 87' lang='grc' dir='ltr'>κυνήσαντας,</span> <span class='ocrx_word' id='word_1_266' title='bbox 2549 1066 2642 1119; x_wconf 71' lang='grc' dir='ltr'>καὶ</span> <span class='ocrx_word' id='word_1_267' title='bbox 2667 1064 2809 1119; x_wconf 83' lang='grc' dir='ltr'><strong>κατὰ</strong></span> <span class='ocrx_word' id='word_1_268' title='bbox 2826 1065 3068 1119; x_wconf 85' lang='grc' dir='ltr'>διάνοιαν</span> <span class='ocrx_word' id='word_1_269' title='bbox 3099 1064 3506 1134; x_wconf 87' lang='grc' dir='ltr'>αἰνιττόμενος,</span> <span class='ocrx_word' id='word_1_270' title='bbox 3524 1064 3602 1127; x_wconf 79' lang='grc' dir='ltr'>ὡς</span> <span class='ocrx_word' id='word_1_271' title='bbox 3620 1064 3751 1137; x_wconf 84' lang='grc' dir='ltr'>βαρὺ</span> 
     </span>
    </p>
   </div>
   <div class='ocr_carea' id='block_1_41' title="bbox 2161 1154 3747 1229">
    <p class='ocr_par' dir='ltr' id='par_1_41' title="bbox 2161 1154 3747 1229">
     <span class='ocr_line' id='line_1_41' title="bbox 2161 1154 3747 1229; baseline -0.001 -16"><span class='ocrx_word' id='word_1_272' title='bbox 2161 1159 2257 1213; x_wconf 75' lang='grc' dir='ltr'>καὶ</span> <span class='ocrx_word' id='word_1_273' title='bbox 2288 1158 2700 1213; x_wconf 75' lang='grc' dir='ltr'>δυσϐάστακτον</span> <span class='ocrx_word' id='word_1_274' title='bbox 2728 1157 2930 1229; x_wconf 77' lang='grc' dir='ltr'>ψυχαῖς</span> <span class='ocrx_word' id='word_1_275' title='bbox 2960 1156 3019 1210; x_wconf 83' lang='grc' dir='ltr'><strong>τὸ</strong></span> <span class='ocrx_word' id='word_1_276' title='bbox 3038 1155 3148 1210; x_wconf 87' lang='grc' dir='ltr'><strong>τῶν</strong></span> <span class='ocrx_word' id='word_1_277' title='bbox 3178 1154 3461 1227; x_wconf 82' lang='grc' dir='ltr'>δαιμόνων</span> <span class='ocrx_word' id='word_1_278' title='bbox 3485 1157 3747 1225; x_wconf 79' lang='grc' dir='ltr'>φορτίον,</span> 
     </span>
    </p>
   </div>
   <div class='ocr_carea' id='block_1_42' title="bbox 2163 1247 3755 1335">
    <p class='ocr_par' dir='ltr' id='par_1_42' title="bbox 2163 1247 3755 1335">
     <span class='ocr_line' id='line_1_42' title="bbox 2163 1247 3755 1335; baseline -0.006 -29"><span class='ocrx_word' id='word_1_279' title='bbox 2163 1253 2386 1307; x_wconf 71' lang='grc' dir='ltr'>ἐπειδὰν</span> <span class='ocrx_word' id='word_1_280' title='bbox 2405 1253 2575 1316; x_wconf 76' lang='grc' dir='ltr'>αὐτὰς</span> <span class='ocrx_word' id='word_1_281' title='bbox 2597 1250 2822 1321; x_wconf 82' lang='grc' dir='ltr'>ἀσεϐείᾳ</span> <span class='ocrx_word' id='word_1_282' title='bbox 2847 1247 3393 1335; x_wconf 67' lang='grc' dir='ltr'>καταδουλώσωνται,</span> <span class='ocrx_word' id='word_1_283' title='bbox 3415 1248 3575 1318; x_wconf 82' lang='grc' dir='ltr'>δίκην</span> <span class='ocrx_word' id='word_1_284' title='bbox 3595 1251 3755 1320; x_wconf 80' lang='grc' dir='ltr'>αἰχμ-</span> 
     </span>
    </p>
   </div>
   <div class='ocr_carea' id='block_1_43' title="bbox 2170 1339 3749 1417">
    <p class='ocr_par' dir='ltr' id='par_1_43' title="bbox 2170 1339 3749 1417">
     <span class='ocr_line' id='line_1_43' title="bbox 2170 1339 3749 1417; baseline -0.005 -17"><span class='ocrx_word' id='word_1_285' title='bbox 2170 1346 2395 1400; x_wconf 82' lang='grc' dir='ltr'>αλώτων</span> <span class='ocrx_word' id='word_1_286' title='bbox 2462 1347 2682 1417; x_wconf 61' lang='grc' dir='ltr'>σειραῖςξ</span> <span class='ocrx_word' id='word_1_287' title='bbox 2750 1342 2926 1406; x_wconf 76' lang='grc' dir='ltr'>αὐτὰς</span> <span class='ocrx_word' id='word_1_288' title='bbox 2990 1340 3416 1412; x_wconf 79' lang='grc' dir='ltr'>ἁμαρτημάτων</span> <span class='ocrx_word' id='word_1_289' title='bbox 3467 1339 3749 1410; x_wconf 81' lang='grc' dir='ltr'>δεδεμένας</span> 
     </span>
    </p>
   </div>
   <div class='ocr_carea' id='block_1_44' title="bbox 2160 1431 3750 1510">
    <p class='ocr_par' dir='ltr' id='par_1_44' title="bbox 2160 1431 3750 1510">
     <span class='ocr_line' id='line_1_44' title="bbox 2160 1431 3750 1510; baseline -0.006 -14"><span class='ocrx_word' id='word_1_290' title='bbox 2160 1440 2521 1510; x_wconf 74' lang='grc' dir='ltr'><strong>ἀπάγοντες,</strong></span> <span class='ocrx_word' id='word_1_291' title='bbox 2548 1438 2644 1492; x_wconf 87' lang='grc' dir='ltr'><strong>τοῦ</strong></span> <span class='ocrx_word' id='word_1_292' title='bbox 2704 1438 2837 1503; x_wconf 83' lang='grc' dir='ltr'>παρ’</span> <span class='ocrx_word' id='word_1_293' title='bbox 2872 1436 3054 1490; x_wconf 84' lang='grc' dir='ltr'>αὐτῶν</span> <span class='ocrx_word' id='word_1_294' title='bbox 3102 1434 3349 1504; x_wconf 82' lang='grc' dir='ltr'>πολέμου</span> <span class='ocrx_word' id='word_1_295' title='bbox 3395 1432 3578 1503; x_wconf 81' lang='grc' dir='ltr'>πέρας</span> <span class='ocrx_word' id='word_1_296' title='bbox 3605 1431 3750 1486; x_wconf 86' lang='grc' dir='ltr'>τοῦτο</span> 
     </span>
    </p>
   </div>
   <div class='ocr_carea' id='block_1_45' title="bbox 2162 1522 3748 1601">
    <p class='ocr_par' dir='ltr' id='par_1_45' title="bbox 2162 1522 3748 1601">
     <span class='ocr_line' id='line_1_45' title="bbox 2162 1522 3748 1601; baseline -0.006 -15"><span class='ocrx_word' id='word_1_297' title='bbox 2162 1531 2500 1601; x_wconf 84' lang='grc' dir='ltr'>ποιούμενοι.</span> <span class='ocrx_word' id='word_1_298' title='bbox 2523 1524 2655 1583; x_wconf 80' lang='grc' dir='ltr'>Εἶτα</span> <span class='ocrx_word' id='word_1_299' title='bbox 2681 1528 2841 1582; x_wconf 86' lang='grc' dir='ltr'>καλεῖ</span> <span class='ocrx_word' id='word_1_300' title='bbox 2864 1526 3066 1590; x_wconf 79' lang='grc' dir='ltr'>αὐτοὺς</span> <span class='ocrx_word' id='word_1_301' title='bbox 3098 1527 3200 1579; x_wconf 86' lang='grc' dir='ltr'><strong>οὐκ</strong></span> <span class='ocrx_word' id='word_1_302' title='bbox 3228 1522 3457 1589; x_wconf 81' lang='grc' dir='ltr'>Ἰακὼϐ,</span> <span class='ocrx_word' id='word_1_303' title='bbox 3488 1522 3606 1578; x_wconf 82' lang='grc' dir='ltr'>ἀλλ’</span> <span class='ocrx_word' id='word_1_304' title='bbox 3629 1524 3748 1577; x_wconf 79' lang='grc' dir='ltr'>αὐτὸ</span> 
     </span>
    </p>
   </div>
   <div class='ocr_carea' id='block_1_46' title="bbox 2165 1618 3747 1696">
    <p class='ocr_par' dir='ltr' id='par_1_46' title="bbox 2165 1618 3747 1696">
     <span class='ocr_line' id='line_1_46' title="bbox 2165 1618 3747 1696; baseline -0.007 -16"><span class='ocrx_word' id='word_1_305' title='bbox 2165 1626 2326 1696; x_wconf 85' lang='grc' dir='ltr'>μόνον</span> <span class='ocrx_word' id='word_1_306' title='bbox 2351 1621 2520 1679; x_wconf 77' lang='grc' dir='ltr'>οἷκον</span> <span class='ocrx_word' id='word_1_307' title='bbox 2564 1621 2793 1687; x_wconf 77' lang='grc' dir='ltr'>Ἰακὼϐ,</span> <span class='ocrx_word' id='word_1_308' title='bbox 2825 1622 2913 1675; x_wconf 82' lang='grc' dir='ltr'><strong>διὰ</strong></span> <span class='ocrx_word' id='word_1_309' title='bbox 2965 1621 3064 1690; x_wconf 78' lang='grc' dir='ltr'><strong>τὴν</strong></span> <span class='ocrx_word' id='word_1_310' title='bbox 3114 1618 3258 1672; x_wconf 84' lang='grc' dir='ltr'>κατὰ</span> <span class='ocrx_word' id='word_1_311' title='bbox 3313 1618 3504 1688; x_wconf 79' lang='grc' dir='ltr'>σάρκα</span> <span class='ocrx_word' id='word_1_312' title='bbox 3556 1618 3747 1685; x_wconf 80' lang='grc' dir='ltr'>συγγέο</span> 
     </span>
    </p>
   </div>
   <div class='ocr_carea' id='block_1_47' title="bbox 2161 1709 3746 1785">
    <p class='ocr_par' dir='ltr' id='par_1_47' title="bbox 2161 1709 3746 1785">
     <span class='ocr_line' id='line_1_47' title="bbox 2161 1709 3746 1785; baseline -0.004 -15"><span class='ocrx_word' id='word_1_313' title='bbox 2161 1735 2337 1783; x_wconf 89' lang='grc' dir='ltr'>νειαν,</span> <span class='ocrx_word' id='word_1_314' title='bbox 2368 1716 2462 1770; x_wconf 81' lang='grc' dir='ltr'><strong>καὶ</strong></span> <span class='ocrx_word' id='word_1_315' title='bbox 2503 1714 2841 1771; x_wconf 86' lang='grc' dir='ltr'>κατάλοιπον</span> <span class='ocrx_word' id='word_1_316' title='bbox 2888 1712 3129 1785; x_wconf 82' lang='grc' dir='ltr'>Ἰσραὴλ,</span> <span class='ocrx_word' id='word_1_317' title='bbox 3159 1712 3242 1776; x_wconf 88' lang='grc' dir='ltr'>ὡς</span> <span class='ocrx_word' id='word_1_318' title='bbox 3272 1710 3467 1780; x_wconf 70' lang='grc' dir='ltr'>τρύγα</span> <span class='ocrx_word' id='word_1_319' title='bbox 3492 1711 3627 1764; x_wconf 85' lang='grc' dir='ltr'>τινὰ</span> <span class='ocrx_word' id='word_1_320' title='bbox 3656 1709 3746 1763; x_wconf 80' lang='grc' dir='ltr'><strong>καί</strong></span> 
     </span>
    </p>
   </div>
   <div class='ocr_carea' id='block_1_48' title="bbox 2162 1800 3744 1879">
    <p class='ocr_par' dir='ltr' id='par_1_48' title="bbox 2162 1800 3744 1879">
     <span class='ocr_line' id='line_1_48' title="bbox 2162 1800 3744 1879; baseline -0.008 -15"><span class='ocrx_word' id='word_1_321' title='bbox 2162 1810 2524 1879; x_wconf 83' lang='grc' dir='ltr'>περίττευμα</span> <span class='ocrx_word' id='word_1_322' title='bbox 2571 1806 2846 1876; x_wconf 72' lang='grc' dir='ltr'>Ἰσραήλ.</span> <span class='ocrx_word' id='word_1_323' title='bbox 2879 1804 3036 1868; x_wconf 81' lang='grc' dir='ltr'>Τινὲς</span> <span class='ocrx_word' id='word_1_324' title='bbox 3076 1803 3135 1857; x_wconf 81' lang='grc' dir='ltr'><em>δέ</em></span> <span class='ocrx_word' id='word_1_325' title='bbox 3158 1819 3329 1870; x_wconf 85' lang='grc' dir='ltr'>φασιν</span> <span class='ocrx_word' id='word_1_326' title='bbox 3359 1802 3437 1864; x_wconf 81' lang='grc' dir='ltr'>ὡς</span> <span class='ocrx_word' id='word_1_327' title='bbox 3467 1801 3577 1853; x_wconf 88' lang='grc' dir='ltr'><strong>τῶν</strong></span> <span class='ocrx_word' id='word_1_328' title='bbox 3607 1800 3744 1852; x_wconf 61' lang='lat' dir='ltr'><strong>nitel-</strong></span> 
     </span>
    </p>
   </div>
   <div class='ocr_carea' id='block_1_49' title="bbox 2163 1885 3740 1967">
    <p class='ocr_par' dir='ltr' id='par_1_49' title="bbox 2163 1885 3740 1967">
     <span class='ocr_line' id='line_1_49' title="bbox 2163 1885 3740 1967; baseline -0.006 -14"><span class='ocrx_word' id='word_1_329' title='bbox 2163 1917 2307 1954; x_wconf 88' lang='grc' dir='ltr'>στων</span> <span class='ocrx_word' id='word_1_330' title='bbox 2361 1901 2451 1964; x_wconf 82' lang='grc' dir='ltr'><strong>είς</strong></span> <span class='ocrx_word' id='word_1_331' title='bbox 2500 1896 2932 1967; x_wconf 74' lang='grc' dir='ltr'>αίχμαλωσίαν</span> <span class='ocrx_word' id='word_1_332' title='bbox 2980 1893 3284 1965; x_wconf 80' lang='grc' dir='ltr'>ἀχθέντων,</span> <span class='ocrx_word' id='word_1_333' title='bbox 3333 1891 3529 1961; x_wconf 85' lang='grc' dir='ltr'>ὥσπερ</span> <span class='ocrx_word' id='word_1_334' title='bbox 3583 1885 3740 1944; x_wconf 81' lang='grc' dir='ltr'>οἷκον</span> 
     </span>
    </p>
   </div>
   <div class='ocr_carea' id='block_1_50' title="bbox 2160 1982 3744 2062">
    <p class='ocr_par' dir='ltr' id='par_1_50' title="bbox 2160 1982 3744 2062">
     <span class='ocr_line' id='line_1_50' title="bbox 2160 1982 3744 2062; baseline -0.007 -14"><span class='ocrx_word' id='word_1_335' title='bbox 2160 1992 2270 2048; x_wconf 78' lang='grc' dir='ltr'>ἕνα</span> <span class='ocrx_word' id='word_1_336' title='bbox 2291 1991 2449 2047; x_wconf 88' lang='grc' dir='ltr'>καλεῖ</span> <span class='ocrx_word' id='word_1_337' title='bbox 2479 1992 2577 2046; x_wconf 76' lang='grc' dir='ltr'><strong>καὶ</strong></span> <span class='ocrx_word' id='word_1_338' title='bbox 2606 1990 2953 2062; x_wconf 81' lang='grc' dir='ltr'>βαρϐαρικῆς</span> <span class='ocrx_word' id='word_1_339' title='bbox 2976 1987 3262 2059; x_wconf 85' lang='grc' dir='ltr'>ὠμότητος</span> <span class='ocrx_word' id='word_1_340' title='bbox 3287 1984 3571 2055; x_wconf 79' lang='grc' dir='ltr'>λείψανον.</span> <span class='ocrx_word' id='word_1_341' title='bbox 3591 1982 3744 2037; x_wconf 83' lang='grc' dir='ltr'>Τοῦτο</span> 
     </span>
    </p>
   </div>
   <div class='ocr_carea' id='block_1_51' title="bbox 2160 2075 3741 2156">
    <p class='ocr_par' dir='ltr' id='par_1_51' title="bbox 2160 2075 3741 2156">
     <span class='ocr_line' id='line_1_51' title="bbox 2160 2075 3741 2156; baseline -0.006 -16"><span class='ocrx_word' id='word_1_342' title='bbox 2160 2088 2275 2156; x_wconf 84' lang='grc' dir='ltr'><strong>γὰρ</strong></span> <span class='ocrx_word' id='word_1_343' title='bbox 2300 2087 2498 2149; x_wconf 80' lang='grc' dir='ltr'>αὐτοὺς</span> <span class='ocrx_word' id='word_1_344' title='bbox 2525 2084 2814 2139; x_wconf 88' lang='grc' dir='ltr'>πείσεσθαι</span> <span class='ocrx_word' id='word_1_345' title='bbox 2839 2084 2914 2155; x_wconf 84' lang='grc' dir='ltr'>μὴ</span> <span class='ocrx_word' id='word_1_346' title='bbox 2938 2078 3344 2154; x_wconf 88' lang='grc' dir='ltr'>μετανοοῦντάς</span> <span class='ocrx_word' id='word_1_347' title='bbox 3368 2093 3559 2148; x_wconf 85' lang='grc' dir='ltr'>φησιν.</span> <span class='ocrx_word' id='word_1_348' title='bbox 3577 2075 3741 2130; x_wconf 61' lang='lat' dir='ltr'><strong>&quot;Alio:</strong></span> 
     </span>
    </p>
   </div>
   <div class='ocr_carea' id='block_1_52' title="bbox 2160 2171 3744 2251">
    <p class='ocr_par' dir='ltr' id='par_1_52' title="bbox 2160 2171 3744 2251">
     <span class='ocr_line' id='line_1_52' title="bbox 2160 2171 3744 2251; baseline -0.008 -16"><span class='ocrx_word' id='word_1_349' title='bbox 2160 2180 2219 2235; x_wconf 82' lang='grc' dir='ltr'>δέ</span> <span class='ocrx_word' id='word_1_350' title='bbox 2242 2198 2407 2250; x_wconf 77' lang='grc' dir='ltr'>φασιν</span> <span class='ocrx_word' id='word_1_351' title='bbox 2425 2179 2504 2244; x_wconf 86' lang='grc' dir='ltr'><strong>ὡς</strong></span> <span class='ocrx_word' id='word_1_352' title='bbox 2525 2179 2663 2251; x_wconf 84' lang='grc' dir='ltr'>πρὸς</span> <span class='ocrx_word' id='word_1_353' title='bbox 2684 2179 2784 2251; x_wconf 88' lang='grc' dir='ltr'><strong>τὴν</strong></span> <span class='ocrx_word' id='word_1_354' title='bbox 2800 2177 2909 2231; x_wconf 91' lang='grc' dir='ltr'><strong>τῶν</strong></span> <span class='ocrx_word' id='word_1_355' title='bbox 2937 2174 3252 2247; x_wconf 76' lang='grc' dir='ltr'>εἰρημένων</span> <span class='ocrx_word' id='word_1_356' title='bbox 3276 2172 3482 2235; x_wconf 77' lang='grc' dir='ltr'>αὐτοὺς</span> <span class='ocrx_word' id='word_1_357' title='bbox 3503 2171 3621 2239; x_wconf 75' lang='grc' dir='ltr'>ἄγει</span> <span class='ocrx_word' id='word_1_358' title='bbox 3641 2186 3744 2223; x_wconf 89' lang='grc' dir='ltr'>συν-</span> 
     </span>
    </p>
   </div>
   <div class='ocr_carea' id='block_1_53' title="bbox 2162 2262 3740 2341">
    <p class='ocr_par' dir='ltr' id='par_1_53' title="bbox 2162 2262 3740 2341">
     <span class='ocr_line' id='line_1_53' title="bbox 2162 2262 3740 2341; baseline -0.006 -17"><span class='ocrx_word' id='word_1_359' title='bbox 2162 2271 2442 2340; x_wconf 80' lang='grc' dir='ltr'>αίσθησιν.</span> <span class='ocrx_word' id='word_1_360' title='bbox 2505 2269 2704 2325; x_wconf 87' lang='grc' dir='ltr'>Ἰακὼϐ</span> <span class='ocrx_word' id='word_1_361' title='bbox 2754 2270 2864 2341; x_wconf 86' lang='grc' dir='ltr'><strong>γὰρ</strong></span> <span class='ocrx_word' id='word_1_362' title='bbox 2894 2268 3192 2339; x_wconf 84' lang='grc' dir='ltr'>αὐχοῦντες</span> <span class='ocrx_word' id='word_1_363' title='bbox 3241 2262 3391 2321; x_wconf 81' lang='grc' dir='ltr'>εῖναι</span> <span class='ocrx_word' id='word_1_364' title='bbox 3442 2263 3617 2330; x_wconf 80' lang='grc' dir='ltr'>γένος,</span> <span class='ocrx_word' id='word_1_365' title='bbox 3660 2262 3740 2316; x_wconf 84' lang='grc' dir='ltr'><strong>τὸν</strong></span> 
     </span>
    </p>
   </div>
   <div class='ocr_carea' id='block_1_54' title="bbox 2162 2353 3742 2435">
    <p class='ocr_par' dir='ltr' id='par_1_54' title="bbox 2162 2353 3742 2435">
     <span class='ocr_line' id='line_1_54' title="bbox 2162 2353 3742 2435; baseline -0.006 -19"><span class='ocrx_word' id='word_1_366' title='bbox 2162 2363 2378 2417; x_wconf 76' lang='grc' dir='ltr'>ἐκείνου</span> <span class='ocrx_word' id='word_1_367' title='bbox 2408 2362 2615 2435; x_wconf 86' lang='grc' dir='ltr'>τρόπον</span> <span class='ocrx_word' id='word_1_368' title='bbox 2638 2360 2839 2432; x_wconf 75' lang='grc' dir='ltr'>ζηλοῦν</span> <span class='ocrx_word' id='word_1_369' title='bbox 2861 2363 3001 2415; x_wconf 89' lang='grc' dir='ltr'>εἰσιν</span> <span class='ocrx_word' id='word_1_370' title='bbox 3024 2357 3270 2426; x_wconf 51' lang='lat' dir='ltr'><strong>ﬁmum</strong></span> <span class='ocrx_word' id='word_1_371' title='bbox 3296 2355 3411 2426; x_wconf 84' lang='grc' dir='ltr'><strong>γὰρ</strong></span> <span class='ocrx_word' id='word_1_372' title='bbox 3431 2357 3529 2410; x_wconf 75' lang='grc' dir='ltr'>καὶ</span> <span class='ocrx_word' id='word_1_373' title='bbox 3546 2353 3742 2423; x_wconf 73' lang='grc' dir='ltr'>λεῖμμα</span> 
     </span>
    </p>
   </div>
   <div class='ocr_carea' id='block_1_55' title="bbox 2160 2443 3740 2525">
    <p class='ocr_par' dir='ltr' id='par_1_55' title="bbox 2160 2443 3740 2525">
     <span class='ocr_line' id='line_1_55' title="bbox 2160 2443 3740 2525; baseline -0.006 -18"><span class='ocrx_word' id='word_1_374' title='bbox 2160 2455 2466 2525; x_wconf 79' lang='grc' dir='ltr'>τυγχάνετε</span> <span class='ocrx_word' id='word_1_375' title='bbox 2513 2451 2611 2506; x_wconf 88' lang='grc' dir='ltr'><strong>τοῦ</strong></span> <span class='ocrx_word' id='word_1_376' title='bbox 2654 2450 2904 2520; x_wconf 76' lang='grc' dir='ltr'>Ἰσραὴλ</span> <span class='ocrx_word' id='word_1_377' title='bbox 2958 2448 3059 2504; x_wconf 84' lang='grc' dir='ltr'><strong>δύο</strong></span> <span class='ocrx_word' id='word_1_378' title='bbox 3098 2445 3550 2519; x_wconf 68' lang='grc' dir='ltr'>περιλειφθεῖσαι</span> <span class='ocrx_word' id='word_1_379' title='bbox 3596 2443 3740 2513; x_wconf 74' lang='grc' dir='ltr'>φυλαὶ</span> 
     </span>
    </p>
   </div>
   <div class='ocr_carea' id='block_1_56' title="bbox 2165 2538 3740 2619">
    <p class='ocr_par' dir='ltr' id='par_1_56' title="bbox 2165 2538 3740 2619">
     <span class='ocr_line' id='line_1_56' title="bbox 2165 2538 3740 2619; baseline -0.01 -16"><span class='ocrx_word' id='word_1_380' title='bbox 2165 2548 2244 2618; x_wconf 83' lang='grc' dir='ltr'><strong>(αἱ</strong></span> <span class='ocrx_word' id='word_1_381' title='bbox 2264 2547 2374 2619; x_wconf 81' lang='grc' dir='ltr'>γὰρ</span> <span class='ocrx_word' id='word_1_382' title='bbox 2405 2547 2538 2601; x_wconf 78' lang='grc' dir='ltr'>δέκα</span> <span class='ocrx_word' id='word_1_383' title='bbox 2564 2546 2702 2617; x_wconf 78' lang='grc' dir='ltr'>πρὸς</span> <span class='ocrx_word' id='word_1_384' title='bbox 2735 2541 3131 2614; x_wconf 79' lang='grc' dir='ltr'>αἰχμαλωσίαν</span> <span class='ocrx_word' id='word_1_385' title='bbox 3166 2538 3556 2611; x_wconf 84' lang='grc' dir='ltr'>ἀπήχθησαν),</span> <span class='ocrx_word' id='word_1_386' title='bbox 3591 2553 3740 2607; x_wconf 85' lang='grc' dir='ltr'>μετα-</span> 
     </span>
    </p>
   </div>
   <div class='ocr_carea' id='block_1_57' title="bbox 2163 2629 3741 2710">
    <p class='ocr_par' dir='ltr' id='par_1_57' title="bbox 2163 2629 3741 2710">
     <span class='ocr_line' id='line_1_57' title="bbox 2163 2629 3741 2710; baseline -0.008 -15"><span class='ocrx_word' id='word_1_387' title='bbox 2163 2639 2421 2704; x_wconf 88' lang='grc' dir='ltr'>νοοῦντας</span> <span class='ocrx_word' id='word_1_388' title='bbox 2474 2640 2626 2709; x_wconf 85' lang='grc' dir='ltr'>ὄμως</span> <span class='ocrx_word' id='word_1_389' title='bbox 2664 2640 2726 2691; x_wconf 84' lang='grc' dir='ltr'><strong>οὐ</strong></span> <span class='ocrx_word' id='word_1_390' title='bbox 2780 2636 3139 2710; x_wconf 74' lang='grc' dir='ltr'>περιόψομαι.</span> <span class='ocrx_word' id='word_1_391' title='bbox 3189 2632 3402 2688; x_wconf 81' lang='grc' dir='ltr'>Λοιπὸν</span> <span class='ocrx_word' id='word_1_392' title='bbox 3458 2632 3638 2693; x_wconf 86' lang='grc' dir='ltr'>αὐτοῖς</span> <span class='ocrx_word' id='word_1_393' title='bbox 3676 2629 3741 2693; x_wconf 85' lang='grc' dir='ltr'><strong>ὡς</strong></span> 
     </span>
    </p>
   </div>
   <div class='ocr_carea' id='block_1_58' title="bbox 2164 2721 3738 2801">
    <p class='ocr_par' dir='ltr' id='par_1_58' title="bbox 2164 2721 3738 2801">
     <span class='ocr_line' id='line_1_58' title="bbox 2164 2721 3738 2801; baseline -0.008 -17"><span class='ocrx_word' id='word_1_394' title='bbox 2164 2732 2401 2801; x_wconf 86' lang='grc' dir='ltr'>ἀνόνητα</span> <span class='ocrx_word' id='word_1_395' title='bbox 2439 2729 2747 2800; x_wconf 87' lang='grc' dir='ltr'>μελετῶσι,</span> <span class='ocrx_word' id='word_1_396' title='bbox 2791 2728 2885 2782; x_wconf 83' lang='grc' dir='ltr'><strong>τὸν</strong></span> <span class='ocrx_word' id='word_1_397' title='bbox 2930 2729 3096 2799; x_wconf 89' lang='grc' dir='ltr'>νόμον</span> <span class='ocrx_word' id='word_1_398' title='bbox 3157 2725 3218 2792; x_wconf 79' lang='grc' dir='ltr'><strong>ἐξ</strong></span> <span class='ocrx_word' id='word_1_399' title='bbox 3275 2723 3506 2778; x_wconf 79' lang='grc' dir='ltr'>ἁπαλῶν</span> <span class='ocrx_word' id='word_1_400' title='bbox 3551 2721 3738 2791; x_wconf 81' lang='grc' dir='ltr'>ὀνύχων</span> 
     </span>
    </p>
   </div>
   <div class='ocr_carea' id='block_1_59' title="bbox 2164 2814 3736 2892">
    <p class='ocr_par' dir='ltr' id='par_1_59' title="bbox 2164 2814 3736 2892">
     <span class='ocr_line' id='line_1_59' title="bbox 2164 2814 3736 2892; baseline -0.007 -17"><span class='ocrx_word' id='word_1_401' title='bbox 2164 2822 2462 2876; x_wconf 83' lang='grc' dir='ltr'>ὠνείδισεν.</span> <span class='ocrx_word' id='word_1_402' title='bbox 2516 2820 2813 2892; x_wconf 87' lang='grc' dir='ltr'>Δεχόμενοι</span> <span class='ocrx_word' id='word_1_403' title='bbox 2866 2819 2976 2891; x_wconf 83' lang='grc' dir='ltr'>γὰρ</span> <span class='ocrx_word' id='word_1_404' title='bbox 3025 2816 3344 2888; x_wconf 83' lang='grc' dir='ltr'>περιτομὴν</span> <span class='ocrx_word' id='word_1_405' title='bbox 3394 2814 3736 2885; x_wconf 78' lang='grc' dir='ltr'>ὀκταήμερον,</span> 
     </span>
    </p>
   </div>
   <div class='ocr_carea' id='block_1_60' title="bbox 2166 2906 3739 2985">
    <p class='ocr_par' dir='ltr' id='par_1_60' title="bbox 2166 2906 3739 2985">
     <span class='ocr_line' id='line_1_60' title="bbox 2166 2906 3739 2985; baseline -0.006 -16"><span class='ocrx_word' id='word_1_406' title='bbox 2166 2920 2277 2978; x_wconf 83' lang='grc' dir='ltr'>τοῖς</span> <span class='ocrx_word' id='word_1_407' title='bbox 2312 2916 2494 2980; x_wconf 81' lang='grc' dir='ltr'>ἄλλοις</span> <span class='ocrx_word' id='word_1_408' title='bbox 2546 2915 2801 2985; x_wconf 73' lang='grc' dir='ltr'>νομίμοις</span> <span class='ocrx_word' id='word_1_409' title='bbox 2829 2913 3206 2982; x_wconf 80' lang='grc' dir='ltr'>ὲντρέφονται,</span> <span class='ocrx_word' id='word_1_410' title='bbox 3244 2911 3325 2974; x_wconf 85' lang='grc' dir='ltr'>ὡς</span> <span class='ocrx_word' id='word_1_411' title='bbox 3366 2907 3615 2981; x_wconf 85' lang='grc' dir='ltr'>εἰρῆσθαι</span> <span class='ocrx_word' id='word_1_412' title='bbox 3659 2906 3739 2960; x_wconf 82' lang='grc' dir='ltr'>διὰ</span> 
     </span>
    </p>
   </div>
   <div class='ocr_carea' id='block_1_61' title="bbox 2166 2997 3740 3074">
    <p class='ocr_par' dir='ltr' id='par_1_61' title="bbox 2166 2997 3740 3074">
     <span class='ocr_line' id='line_1_61' title="bbox 2166 2997 3740 3074; baseline -0.005 -15"><span class='ocrx_word' id='word_1_413' title='bbox 2166 3006 2357 3059; x_wconf 86' lang='grc' dir='ltr'>τοῦτο·</span> <span class='ocrx_word' id='word_1_414' title='bbox 2416 3025 2435 3058; x_wconf 75' lang='grc' dir='ltr'><strong>ι</strong></span> <span class='ocrx_word' id='word_1_415' title='bbox 2479 3005 2591 3058; x_wconf 73' lang='grc' dir='ltr'>Καὶ</span> <span class='ocrx_word' id='word_1_416' title='bbox 2647 3003 2773 3056; x_wconf 75' lang='grc' dir='ltr'>λαοὶ</span> <span class='ocrx_word' id='word_1_417' title='bbox 2807 3002 3147 3074; x_wconf 80' lang='grc' dir='ltr'>ἐμελέτησαν</span> <span class='ocrx_word' id='word_1_418' title='bbox 3191 3001 3360 3056; x_wconf 82' lang='grc' dir='ltr'>κενά.</span> <span class='ocrx_word' id='word_1_419' title='bbox 3398 3019 3418 3052; x_wconf 71' lang='grc' dir='ltr'><strong>ι</strong></span> <span class='ocrx_word' id='word_1_420' title='bbox 3473 2997 3740 3054; x_wconf 74' lang='grc' dir='ltr'>Είδωλολα·</span> 
     </span>
    </p>
   </div>
   <div class='ocr_carea' id='block_1_62' title="bbox 462 3088 2055 3170">
    <p class='ocr_par' dir='ltr' id='par_1_62' title="bbox 462 3088 2055 3170">
     <span class='ocr_line' id='line_1_62' title="bbox 462 3088 2055 3170; baseline 0.008 -27"><span class='ocrx_word' id='word_1_421' title='bbox 462 3088 686 3160; x_wconf 81' lang='lat' dir='ltr'><strong>piscere</strong></span> <span class='ocrx_word' id='word_1_422' title='bbox 711 3091 1008 3160; x_wconf 82' lang='lat' dir='ltr'><strong>placuerit,</strong></span> <span class='ocrx_word' id='word_1_423' title='bbox 1053 3111 1164 3149; x_wconf 91' lang='lat' dir='ltr'><strong>non</strong></span> <span class='ocrx_word' id='word_1_424' title='bbox 1201 3111 1323 3151; x_wconf 89' lang='lat' dir='ltr'><strong>sum</strong></span> <span class='ocrx_word' id='word_1_425' title='bbox 1353 3098 1730 3168; x_wconf 79' lang='lat' dir='ltr'><strong>neglecturus.</strong></span> <span class='ocrx_word' id='word_1_426' title='bbox 1768 3099 2055 3170; x_wconf 83' lang='lat' dir='ltr'><strong>Deinceps,</strong></span> 
     </span>
    </p>
   </div>
   <div class='ocr_carea' id='block_1_63' title="bbox 2165 3088 3737 3170">
    <p class='ocr_par' dir='ltr' id='par_1_63' title="bbox 2167 3090 3737 3168">
     <span class='ocr_line' id='line_1_63' title="bbox 2167 3090 3737 3168; baseline -0.005 -17"><span class='ocrx_word' id='word_1_427' title='bbox 2167 3098 2428 3166; x_wconf 88' lang='grc' dir='ltr'>τροῦντες</span> <span class='ocrx_word' id='word_1_428' title='bbox 2468 3097 2599 3168; x_wconf 74' lang='grc' dir='ltr'>γὰρ,</span> <span class='ocrx_word' id='word_1_429' title='bbox 2628 3094 2987 3167; x_wconf 63' lang='grc' dir='ltr'>προφητικῶν</span> <span class='ocrx_word' id='word_1_430' title='bbox 3025 3096 3108 3159; x_wconf 84' lang='grc' dir='ltr'><strong>είς</strong></span> <span class='ocrx_word' id='word_1_431' title='bbox 3143 3093 3386 3165; x_wconf 77' lang='grc' dir='ltr'>ἔλεγχον</span> <span class='ocrx_word' id='word_1_432' title='bbox 3429 3093 3631 3146; x_wconf 85' lang='grc' dir='ltr'>ἐδέοντο</span> <span class='ocrx_word' id='word_1_433' title='bbox 3662 3090 3737 3144; x_wconf 77' lang='grc' dir='ltr'>λόο</span> 
     </span>
    </p>
   </div>
   <div class='ocr_carea' id='block_1_64' title="bbox 462 3181 2055 3262">
    <p class='ocr_par' dir='ltr' id='par_1_64' title="bbox 462 3181 2055 3262">
     <span class='ocr_line' id='line_1_64' title="bbox 462 3181 2055 3262; baseline 0.008 -28"><span class='ocrx_word' id='word_1_434' title='bbox 462 3190 726 3251; x_wconf 88' lang='lat' dir='ltr'><strong>tanquam</strong></span> <span class='ocrx_word' id='word_1_435' title='bbox 748 3181 955 3237; x_wconf 80' lang='lat' dir='ltr'><strong>frustra</strong></span> <span class='ocrx_word' id='word_1_436' title='bbox 975 3184 1244 3251; x_wconf 89' lang='lat' dir='ltr'><strong>laborent,</strong></span> <span class='ocrx_word' id='word_1_437' title='bbox 1274 3188 1447 3259; x_wconf 85' lang='lat' dir='ltr'><strong>legem</strong></span> <span class='ocrx_word' id='word_1_438' title='bbox 1475 3190 1577 3253; x_wconf 90' lang='lat' dir='ltr'><strong>eis,</strong></span> <span class='ocrx_word' id='word_1_439' title='bbox 1605 3191 1660 3245; x_wconf 90' lang='lat' dir='ltr'><strong>in</strong></span> <span class='ocrx_word' id='word_1_440' title='bbox 1683 3206 1790 3262; x_wconf 89' lang='lat' dir='ltr'><strong>qua</strong></span> <span class='ocrx_word' id='word_1_441' title='bbox 1815 3207 1846 3246; x_wconf 88' lang='lat' dir='ltr'><strong>a</strong></span> <span class='ocrx_word' id='word_1_442' title='bbox 1867 3194 2055 3247; x_wconf 77' lang='lat' dir='ltr'><strong>teneri:</strong></span> 
     </span>
    </p>
   </div>
   <div class='ocr_carea' id='block_1_65' title="bbox 2165 3181 3733 3262">
    <p class='ocr_par' dir='ltr' id='par_1_65' title="bbox 2172 3182 3733 3262">
     <span class='ocr_line' id='line_1_65' title="bbox 2172 3182 3733 3262; baseline -0.007 -16"><span class='ocrx_word' id='word_1_443' title='bbox 2172 3209 2307 3262; x_wconf 84' lang='grc' dir='ltr'>γων.</span> <span class='ocrx_word' id='word_1_444' title='bbox 2356 3190 2548 3257; x_wconf 82' lang='grc' dir='ltr'>Ὑμεῖς</span> <span class='ocrx_word' id='word_1_445' title='bbox 2581 3189 2679 3259; x_wconf 83' lang='grc' dir='ltr'><strong>μὲν</strong></span> <span class='ocrx_word' id='word_1_446' title='bbox 2705 3184 2799 3242; x_wconf 80' lang='grc' dir='ltr'><strong>οῦν</strong></span> <span class='ocrx_word' id='word_1_447' title='bbox 2820 3191 2868 3241; x_wconf 77' lang='grc' dir='ltr'>οξ</span> <span class='ocrx_word' id='word_1_448' title='bbox 2904 3188 3063 3242; x_wconf 76' lang='grc' dir='ltr'>αὐτοὶ</span> <span class='ocrx_word' id='word_1_449' title='bbox 3091 3186 3191 3259; x_wconf 84' lang='grc' dir='ltr'>τὴν</span> <span class='ocrx_word' id='word_1_450' title='bbox 3212 3186 3427 3257; x_wconf 87' lang='grc' dir='ltr'>πλάνην</span> <span class='ocrx_word' id='word_1_451' title='bbox 3453 3202 3467 3217; x_wconf 75' lang='grc'><strong><em>⁸</em></strong></span> <span class='ocrx_word' id='word_1_452' title='bbox 3496 3184 3604 3253; x_wconf 68' lang='grc' dir='ltr'>ἐγὼ</span> <span class='ocrx_word' id='word_1_453' title='bbox 3634 3183 3685 3238; x_wconf 81' lang='grc' dir='ltr'>δὲ</span> <span class='ocrx_word' id='word_1_454' title='bbox 3710 3182 3733 3234; x_wconf 81' lang='grc' dir='ltr'><strong><em>ὁ</em></strong></span> 
     </span>
    </p>
   </div>
   <div class='ocr_carea' id='block_1_66' title="bbox 462 3273 2055 3353">
    <p class='ocr_par' dir='ltr' id='par_1_66' title="bbox 462 3273 2055 3349">
     <span class='ocr_line' id='line_1_66' title="bbox 462 3273 2055 3349; baseline 0.01 -25"><span class='ocrx_word' id='word_1_455' title='bbox 462 3273 689 3342; x_wconf 81' lang='lat' dir='ltr'><strong>ungulis</strong></span> <span class='ocrx_word' id='word_1_456' title='bbox 715 3275 919 3329; x_wconf 88' lang='lat' dir='ltr'><strong>eruditi</strong></span> <span class='ocrx_word' id='word_1_457' title='bbox 948 3275 1185 3343; x_wconf 76' lang='lat' dir='ltr'><strong>fuerant,</strong></span> <span class='ocrx_word' id='word_1_458' title='bbox 1219 3281 1540 3349; x_wconf 86' lang='lat' dir='ltr'><strong>exprobrat.</strong></span> <span class='ocrx_word' id='word_1_459' title='bbox 1573 3281 2055 3340; x_wconf 72' lang='lat' dir='ltr'><strong>Circumcisionetr</strong></span> 
     </span>
    </p>
   </div>
   <div class='ocr_carea' id='block_1_67' title="bbox 2165 3273 3731 3353">
    <p class='ocr_par' dir='ltr' id='par_1_67' title="bbox 2171 3279 3731 3353">
     <span class='ocr_line' id='line_1_67' title="bbox 2171 3279 3731 3353; baseline -0.005 -15"><span class='ocrx_word' id='word_1_460' title='bbox 2171 3284 2334 3349; x_wconf 79' lang='grc' dir='ltr'>αὐτὸς</span> <span class='ocrx_word' id='word_1_461' title='bbox 2372 3284 2473 3353; x_wconf 86' lang='grc' dir='ltr'>τὴν</span> <span class='ocrx_word' id='word_1_462' title='bbox 2505 3281 2945 3353; x_wconf 81' lang='grc' dir='ltr'>φιλανθρωπίαν,</span> <span class='ocrx_word' id='word_1_463' title='bbox 2998 3280 3099 3351; x_wconf 83' lang='grc' dir='ltr'>τὴν</span> <span class='ocrx_word' id='word_1_464' title='bbox 3131 3279 3412 3351; x_wconf 80' lang='grc' dir='ltr'>ὑμετέραν</span> <span class='ocrx_word' id='word_1_465' title='bbox 3459 3279 3546 3333; x_wconf 69' lang='lat' dir='ltr'><strong>dei.</strong></span> <span class='ocrx_word' id='word_1_466' title='bbox 3576 3293 3731 3347; x_wconf 71' lang='grc' dir='ltr'>,σωτη-</span> 
     </span>
    </p>
   </div>
   <div class='ocr_carea' id='block_1_68' title="bbox 456 3363 2055 3449">
    <p class='ocr_par' dir='ltr' id='par_1_68' title="bbox 456 3363 2055 3449">
     <span class='ocr_line' id='line_1_68' title="bbox 456 3363 2055 3449; baseline 0.009 -31"><span class='ocrx_word' id='word_1_467' title='bbox 456 3363 611 3418; x_wconf 85' lang='lat' dir='ltr'><strong>enim</strong></span> <span class='ocrx_word' id='word_1_468' title='bbox 642 3374 842 3420; x_wconf 87' lang='lat' dir='ltr'><strong>octavo</strong></span> <span class='ocrx_word' id='word_1_469' title='bbox 873 3367 964 3424; x_wconf 90' lang='lat' dir='ltr'><strong>die</strong></span> <span class='ocrx_word' id='word_1_470' title='bbox 1000 3369 1206 3440; x_wconf 87' lang='lat' dir='ltr'><strong>adepti,</strong></span> <span class='ocrx_word' id='word_1_471' title='bbox 1242 3371 1296 3425; x_wconf 89' lang='lat' dir='ltr'><strong>in</strong></span> <span class='ocrx_word' id='word_1_472' title='bbox 1335 3373 1461 3429; x_wconf 85' lang='lat' dir='ltr'><strong>aliis</strong></span> <span class='ocrx_word' id='word_1_473' title='bbox 1517 3377 1683 3428; x_wconf 89' lang='lat' dir='ltr'><strong>etiam</strong></span> <span class='ocrx_word' id='word_1_474' title='bbox 1739 3376 1877 3449; x_wconf 85' lang='lat' dir='ltr'><strong>legis</strong></span> <span class='ocrx_word' id='word_1_475' title='bbox 1930 3394 2055 3448; x_wconf 78' lang='lat' dir='ltr'><strong>prae-</strong></span> 
     </span>
    </p>
   </div>
   <div class='ocr_carea' id='block_1_69' title="bbox 2165 3363 3729 3449">
    <p class='ocr_par' dir='ltr' id='par_1_69' title="bbox 2172 3365 3729 3447">
     <span class='ocr_line' id='line_1_69' title="bbox 2172 3365 3729 3447; baseline -0.007 -18"><span class='ocrx_word' id='word_1_476' title='bbox 2172 3375 2297 3447; x_wconf 88' lang='grc' dir='ltr'>ρίαν</span> <span class='ocrx_word' id='word_1_477' title='bbox 2324 3372 2526 3445; x_wconf 79' lang='grc' dir='ltr'>ζητῶν,</span> <span class='ocrx_word' id='word_1_478' title='bbox 2545 3371 2647 3426; x_wconf 78' lang='grc' dir='ltr'><strong>καὶ</strong></span> <span class='ocrx_word' id='word_1_479' title='bbox 2672 3371 3008 3437; x_wconf 81' lang='grc' dir='ltr'>παιδεύσας</span> <span class='ocrx_word' id='word_1_480' title='bbox 3029 3371 3173 3442; x_wconf 82' lang='grc' dir='ltr'>ὑμᾶς</span> <span class='ocrx_word' id='word_1_481' title='bbox 3199 3369 3569 3441; x_wconf 69' lang='grc' dir='ltr'>αῑχμαλωσίᾳ,</span> <span class='ocrx_word' id='word_1_482' title='bbox 3596 3365 3729 3420; x_wconf 79' lang='grc' dir='ltr'>πάλιν</span> 
     </span>
    </p>
   </div>
   <div class='ocr_carea' id='block_1_70' title="bbox 462 3454 2055 3535">
    <p class='ocr_par' dir='ltr' id='par_1_70' title="bbox 462 3454 2055 3528">
     <span class='ocr_line' id='line_1_70' title="bbox 462 3454 2055 3528; baseline 0.011 -22"><span class='ocrx_word' id='word_1_483' title='bbox 462 3454 646 3523; x_wconf 88' lang='lat' dir='ltr'><strong>ceptis</strong></span> <span class='ocrx_word' id='word_1_484' title='bbox 680 3457 756 3510; x_wconf 88' lang='lat' dir='ltr'><strong>ita</strong></span> <span class='ocrx_word' id='word_1_485' title='bbox 812 3459 1143 3528; x_wconf 85' lang='lat' dir='ltr'><strong>educantur,</strong></span> <span class='ocrx_word' id='word_1_486' title='bbox 1193 3471 1251 3516; x_wconf 89' lang='lat' dir='ltr'><strong>ut</strong></span> <span class='ocrx_word' id='word_1_487' title='bbox 1300 3479 1413 3518; x_wconf 90' lang='lat' dir='ltr'><strong>non</strong></span> <span class='ocrx_word' id='word_1_488' title='bbox 1470 3465 1753 3521; x_wconf 88' lang='lat' dir='ltr'><strong>immerito</strong></span> <span class='ocrx_word' id='word_1_489' title='bbox 1809 3468 2055 3525; x_wconf 88' lang='lat' dir='ltr'><strong>dicatur:</strong></span> 
     </span>
    </p>
   </div>
   <div class='ocr_carea' id='block_1_71' title="bbox 2165 3454 3730 3535">
    <p class='ocr_par' dir='ltr' id='par_1_71' title="bbox 2166 3456 3730 3535">
     <span class='ocr_line' id='line_1_71' title="bbox 2166 3456 3730 3535; baseline -0.006 -15"><span class='ocrx_word' id='word_1_490' title='bbox 2166 3466 2379 3532; x_wconf 71' lang='grc' dir='ltr'>ἀνήσω</span> <span class='ocrx_word' id='word_1_491' title='bbox 2439 3463 2666 3535; x_wconf 85' lang='grc' dir='ltr'>δεσμοῦ.</span> <span class='ocrx_word' id='word_1_492' title='bbox 2723 3464 2811 3528; x_wconf 84' lang='grc' dir='ltr'>Ὠς</span> <span class='ocrx_word' id='word_1_493' title='bbox 2874 3462 2984 3535; x_wconf 80' lang='grc' dir='ltr'><strong>γάρ</strong></span> <span class='ocrx_word' id='word_1_494' title='bbox 3022 3463 3209 3535; x_wconf 80' lang='grc' dir='ltr'>ἰατρὸς</span> <span class='ocrx_word' id='word_1_495' title='bbox 3263 3459 3470 3531; x_wconf 81' lang='grc' dir='ltr'>ἀγαθὸς</span> <span class='ocrx_word' id='word_1_496' title='bbox 3517 3459 3605 3513; x_wconf 88' lang='grc' dir='ltr'><strong>νῦν</strong></span> <span class='ocrx_word' id='word_1_497' title='bbox 3650 3456 3730 3528; x_wconf 74' lang='grc' dir='ltr'>μὲν</span> 
     </span>
    </p>
   </div>
   <div class='ocr_carea' id='block_1_72' title="bbox 469 3545 2055 3626">
    <p class='ocr_par' dir='ltr' id='par_1_72' title="bbox 469 3545 2055 3617">
     <span class='ocr_line' id='line_1_72' title="bbox 469 3545 2055 3617; baseline 0.011 -20"><span class='ocrx_word' id='word_1_498' title='bbox 469 3563 490 3596; x_wconf 76' lang='grc' dir='ltr'><strong>ι</strong></span> <span class='ocrx_word' id='word_1_499' title='bbox 533 3545 600 3599; x_wconf 88' lang='lat' dir='ltr'><strong>Et</strong></span> <span class='ocrx_word' id='word_1_500' title='bbox 630 3549 816 3617; x_wconf 85' lang='lat' dir='ltr'><strong>populi</strong></span> <span class='ocrx_word' id='word_1_501' title='bbox 854 3551 1104 3606; x_wconf 85' lang='lat' dir='ltr'><strong>meditati</strong></span> <span class='ocrx_word' id='word_1_502' title='bbox 1137 3562 1269 3608; x_wconf 87' lang='lat' dir='ltr'><strong>sunt</strong></span> <span class='ocrx_word' id='word_1_503' title='bbox 1316 3555 1502 3610; x_wconf 87' lang='lat' dir='ltr'><strong>inania</strong></span> <span class='ocrx_word' id='word_1_504' title='bbox 1534 3557 1598 3612; x_wconf 73' lang='lat'><strong>“.</strong></span> <span class='ocrx_word' id='word_1_505' title='bbox 1649 3578 1668 3610; x_wconf 70' lang='grc' dir='ltr'><strong>ι</strong></span> <span class='ocrx_word' id='word_1_506' title='bbox 1723 3558 1860 3613; x_wconf 85' lang='lat' dir='ltr'><strong>Cum</strong></span> <span class='ocrx_word' id='word_1_507' title='bbox 1914 3562 2055 3617; x_wconf 89' lang='lat' dir='ltr'><strong>enim</strong></span> 
     </span>
    </p>
   </div>
   <div class='ocr_carea' id='block_1_73' title="bbox 2165 3545 3731 3626">
    <p class='ocr_par' dir='ltr' id='par_1_73' title="bbox 2171 3553 3731 3626">
     <span class='ocr_line' id='line_1_73' title="bbox 2171 3553 3731 3626; baseline -0.008 -9"><span class='ocrx_word' id='word_1_508' title='bbox 2171 3560 2429 3624; x_wconf 87' lang='grc' dir='ltr'>ἀπειλαῖς</span> <span class='ocrx_word' id='word_1_509' title='bbox 2460 3558 2685 3625; x_wconf 74' lang='grc' dir='ltr'>αὐτοὺς,</span> <span class='ocrx_word' id='word_1_510' title='bbox 2712 3556 2809 3613; x_wconf 88' lang='grc' dir='ltr'><strong>νῦν</strong></span> <span class='ocrx_word' id='word_1_511' title='bbox 2848 3558 2906 3611; x_wconf 85' lang='grc' dir='ltr'>δὲ</span> <span class='ocrx_word' id='word_1_512' title='bbox 2944 3556 3110 3611; x_wconf 85' lang='grc' dir='ltr'>πάλιν</span> <span class='ocrx_word' id='word_1_513' title='bbox 3141 3555 3371 3626; x_wconf 72' lang='grc' dir='ltr'>ἀγαθῶν</span> <span class='ocrx_word' id='word_1_514' title='bbox 3402 3553 3731 3625; x_wconf 81' lang='grc' dir='ltr'>ὑποσχέσεσιν</span> 
     </span>
    </p>
   </div>
   <div class='ocr_carea' id='block_1_74' title="bbox 463 3637 2055 3726">
    <p class='ocr_par' dir='ltr' id='par_1_74' title="bbox 463 3637 2055 3722">
     <span class='ocr_line' id='line_1_74' title="bbox 463 3637 2055 3722; baseline 0.012 -31"><span class='ocrx_word' id='word_1_515' title='bbox 463 3637 533 3692; x_wconf 87' lang='lat' dir='ltr'><strong>ad</strong></span> <span class='ocrx_word' id='word_1_516' title='bbox 571 3639 943 3697; x_wconf 88' lang='lat' dir='ltr'><strong>idololatriam</strong></span> <span class='ocrx_word' id='word_1_517' title='bbox 980 3659 1041 3699; x_wconf 89' lang='lat' dir='ltr'><strong>se</strong></span> <span class='ocrx_word' id='word_1_518' title='bbox 1071 3647 1508 3717; x_wconf 86' lang='lat' dir='ltr'><strong>convertissent,</strong></span> <span class='ocrx_word' id='word_1_519' title='bbox 1561 3651 1888 3722; x_wconf 81' lang='lat' dir='ltr'><strong>prophetico</strong></span> <span class='ocrx_word' id='word_1_520' title='bbox 1937 3669 2055 3709; x_wconf 90' lang='lat' dir='ltr'><strong>ser-</strong></span> 
     </span>
    </p>
   </div>
   <div class='ocr_carea' id='block_1_75' title="bbox 2165 3637 3651 3726">
    <p class='ocr_par' dir='ltr' id='par_1_75' title="bbox 2170 3648 3651 3726">
     <span class='ocr_line' id='line_1_75' title="bbox 2170 3648 3651 3726; baseline -0.003 -16"><span class='ocrx_word' id='word_1_521' title='bbox 2170 3653 2421 3726; x_wconf 83' lang='grc' dir='ltr'>ἀρπάσαι</span> <span class='ocrx_word' id='word_1_522' title='bbox 2449 3653 2716 3723; x_wconf 82' lang='grc' dir='ltr'>πειρᾶται</span> <span class='ocrx_word' id='word_1_523' title='bbox 2744 3651 2840 3706; x_wconf 90' lang='grc' dir='ltr'><strong>τοῦ</strong></span> <span class='ocrx_word' id='word_1_524' title='bbox 2864 3650 3116 3705; x_wconf 87' lang='grc' dir='ltr'>διαϐόλου</span> <span class='ocrx_word' id='word_1_525' title='bbox 3141 3648 3367 3721; x_wconf 81' lang='grc' dir='ltr'>χειρῶν.</span> <span class='ocrx_word' id='word_1_526' title='bbox 3648 3716 3651 3719; x_wconf 96' lang='lat'><em>_</em></span> 
     </span>
    </p>
   </div>
   <div class='ocr_carea' id='block_1_76' title="bbox 463 3733 3724 3819">
    <p class='ocr_par' dir='ltr' id='par_1_76' title="bbox 463 3733 3724 3819">
     <span class='ocr_line' id='line_1_76' title="bbox 463 3733 3724 3819; baseline 0.004 -37"><span class='ocrx_word' id='word_1_527' title='bbox 463 3744 628 3786; x_wconf 86' lang='lat' dir='ltr'><strong>mone</strong></span> <span class='ocrx_word' id='word_1_528' title='bbox 671 3733 1014 3792; x_wconf 78' lang='lat' dir='ltr'><strong>ad~errorem</strong></span> <span class='ocrx_word' id='word_1_529' title='bbox 1078 3741 1472 3798; x_wconf 88' lang='lat' dir='ltr'><strong>revincendum</strong></span> <span class='ocrx_word' id='word_1_530' title='bbox 1526 3761 1667 3816; x_wconf 92' lang='lat' dir='ltr'><strong>opus</strong></span> <span class='ocrx_word' id='word_1_531' title='bbox 1719 3747 2060 3804; x_wconf 82' lang='lat' dir='ltr'><strong>habuerunt.</strong></span> <span class='ocrx_word' id='word_1_532' title='bbox 2101 3748 2213 3804; x_wconf 88' lang='lat' dir='ltr'><strong>Vos</strong></span> <span class='ocrx_word' id='word_1_533' title='bbox 2248 3762 2401 3819; x_wconf 79' lang='lat' dir='ltr'><strong>ergo,</strong></span> <span class='ocrx_word' id='word_1_534' title='bbox 2436 3746 2637 3816; x_wconf 89' lang='lat' dir='ltr'><strong>inquit,</strong></span> <span class='ocrx_word' id='word_1_535' title='bbox 2707 3753 2975 3817; x_wconf 89' lang='lat' dir='ltr'><strong>quantum</strong></span> <span class='ocrx_word' id='word_1_536' title='bbox 3016 3745 3091 3803; x_wconf 80' lang='lat' dir='ltr'><strong>ad</strong></span> <span class='ocrx_word' id='word_1_537' title='bbox 3168 3744 3435 3816; x_wconf 80' lang='lat' dir='ltr'><strong>peccandi</strong></span> <span class='ocrx_word' id='word_1_538' title='bbox 3485 3740 3724 3797; x_wconf 82' lang='lat' dir='ltr'><strong>licentiam</strong></span> 
     </span>
    </p>
   </div>
   <div class='ocr_carea' id='block_1_77' title="bbox 462 3827 3722 3915">
    <p class='ocr_par' dir='ltr' id='par_1_77' title="bbox 462 3827 3722 3915">
     <span class='ocr_line' id='line_1_77' title="bbox 462 3827 3722 3915; baseline 0.002 -34"><span class='ocrx_word' id='word_1_539' title='bbox 462 3827 683 3893; x_wconf 76' lang='lat' dir='ltr'><strong>attinet,</strong></span> <span class='ocrx_word' id='word_1_540' title='bbox 722 3830 881 3885; x_wconf 83' lang='lat' dir='ltr'><strong>iidem</strong></span> <span class='ocrx_word' id='word_1_541' title='bbox 919 3835 1084 3904; x_wconf 88' lang='lat' dir='ltr'><strong>plane</strong></span> <span class='ocrx_word' id='word_1_542' title='bbox 1115 3840 1484 3896; x_wconf 89' lang='lat' dir='ltr'><strong>remansistis.</strong></span> <span class='ocrx_word' id='word_1_543' title='bbox 1536 3843 1652 3915; x_wconf 83' lang='lat' dir='ltr'><strong>Ego</strong></span> <span class='ocrx_word' id='word_1_544' title='bbox 1713 3859 1844 3900; x_wconf 90' lang='lat' dir='ltr'><strong>vero</strong></span> <span class='ocrx_word' id='word_1_545' title='bbox 1872 3845 2065 3902; x_wconf 88' lang='lat' dir='ltr'><strong>eodem</strong></span> <span class='ocrx_word' id='word_1_546' title='bbox 2107 3860 2325 3915; x_wconf 90' lang='lat' dir='ltr'><strong>semper</strong></span> <span class='ocrx_word' id='word_1_547' title='bbox 2351 3846 2406 3899; x_wconf 90' lang='lat' dir='ltr'><strong>in</strong></span> <span class='ocrx_word' id='word_1_548' title='bbox 2436 3858 2536 3899; x_wconf 92' lang='lat' dir='ltr'><strong>vos</strong></span> <span class='ocrx_word' id='word_1_549' title='bbox 2572 3843 2782 3908; x_wconf 88' lang='lat' dir='ltr'><strong>animo,</strong></span> <span class='ocrx_word' id='word_1_550' title='bbox 2824 3842 3131 3913; x_wconf 74' lang='lat' dir='ltr'><strong>eademque</strong></span> <span class='ocrx_word' id='word_1_551' title='bbox 3197 3838 3580 3897; x_wconf 84' lang='lat' dir='ltr'><strong>benevolentia</strong></span> <span class='ocrx_word' id='word_1_552' title='bbox 3648 3848 3722 3888; x_wconf 82' lang='lat' dir='ltr'><strong>ex-</strong></span> 
     </span>
    </p>
   </div>
   <div class='ocr_carea' id='block_1_78' title="bbox 465 3923 3720 4012">
    <p class='ocr_par' dir='ltr' id='par_1_78' title="bbox 465 3923 3720 4012">
     <span class='ocr_line' id='line_1_78' title="bbox 465 3923 3720 4012; baseline 0.002 -35"><span class='ocrx_word' id='word_1_553' title='bbox 465 3923 695 3989; x_wconf 89' lang='lat' dir='ltr'><strong>sistens,</strong></span> <span class='ocrx_word' id='word_1_554' title='bbox 729 3926 908 3997; x_wconf 88' lang='lat' dir='ltr'><strong>deque</strong></span> <span class='ocrx_word' id='word_1_555' title='bbox 939 3939 1122 3986; x_wconf 81' lang='lat' dir='ltr'><strong>vestra</strong></span> <span class='ocrx_word' id='word_1_556' title='bbox 1150 3950 1375 4007; x_wconf 81' lang='lat' dir='ltr'><strong>semper</strong></span> <span class='ocrx_word' id='word_1_557' title='bbox 1406 3937 1585 3995; x_wconf 92' lang='lat' dir='ltr'><strong>salute</strong></span> <span class='ocrx_word' id='word_1_558' title='bbox 1649 3942 1946 4011; x_wconf 91' lang='lat' dir='ltr'><strong>sollicitus,</strong></span> <span class='ocrx_word' id='word_1_559' title='bbox 2007 3958 2134 3997; x_wconf 90' lang='lat' dir='ltr'><strong>cum</strong></span> <span class='ocrx_word' id='word_1_560' title='bbox 2172 3956 2273 3998; x_wconf 88' lang='lat' dir='ltr'><strong>vos</strong></span> <span class='ocrx_word' id='word_1_561' title='bbox 2302 3941 2630 4012; x_wconf 84' lang='lat' dir='ltr'><strong>captivitate</strong></span> <span class='ocrx_word' id='word_1_562' title='bbox 2664 3941 3019 4011; x_wconf 82' lang='lat' dir='ltr'><strong>castigavere,</strong></span> <span class='ocrx_word' id='word_1_563' title='bbox 3075 3937 3321 3993; x_wconf 80' lang='lat' dir='ltr'><strong>vinculis</strong></span> <span class='ocrx_word' id='word_1_564' title='bbox 3367 3936 3618 3990; x_wconf 86' lang='lat' dir='ltr'><strong>liberatos</strong></span> <span class='ocrx_word' id='word_1_565' title='bbox 3652 3927 3720 3981; x_wconf 84' lang='lat' dir='ltr'><strong>di-</strong></span> 
     </span>
    </p>
   </div>
   <div class='ocr_carea' id='block_1_79' title="bbox 459 4020 3720 4108">
    <p class='ocr_par' dir='ltr' id='par_1_79' title="bbox 459 4020 3720 4108">
     <span class='ocr_line' id='line_1_79' title="bbox 459 4020 3720 4108; baseline 0.003 -38"><span class='ocrx_word' id='word_1_566' title='bbox 459 4021 698 4073; x_wconf 78' lang='lat' dir='ltr'><strong>mittam.</strong></span> <span class='ocrx_word' id='word_1_567' title='bbox 736 4020 844 4077; x_wconf 90' lang='lat' dir='ltr'><strong>Eos</strong></span> <span class='ocrx_word' id='word_1_568' title='bbox 870 4025 1016 4079; x_wconf 88' lang='lat' dir='ltr'><strong>enim</strong></span> <span class='ocrx_word' id='word_1_569' title='bbox 1084 4044 1194 4083; x_wconf 93' lang='lat' dir='ltr'><strong>non</strong></span> <span class='ocrx_word' id='word_1_570' title='bbox 1263 4033 1423 4089; x_wconf 87' lang='lat' dir='ltr'><strong>aliter</strong></span> <span class='ocrx_word' id='word_1_571' title='bbox 1484 4050 1652 4105; x_wconf 87' lang='lat' dir='ltr'><strong>quam</strong></span> <span class='ocrx_word' id='word_1_572' title='bbox 1709 4039 1921 4108; x_wconf 86' lang='lat' dir='ltr'><strong>peritus</strong></span> <span class='ocrx_word' id='word_1_573' title='bbox 1968 4037 2241 4104; x_wconf 89' lang='lat' dir='ltr'><strong>medicus,</strong></span> <span class='ocrx_word' id='word_1_574' title='bbox 2304 4038 2503 4108; x_wconf 86' lang='lat' dir='ltr'><strong>partim</strong></span> <span class='ocrx_word' id='word_1_575' title='bbox 2548 4036 2735 4103; x_wconf 84' lang='lat' dir='ltr'><strong>minis,</strong></span> <span class='ocrx_word' id='word_1_576' title='bbox 2786 4035 2986 4107; x_wconf 85' lang='lat' dir='ltr'><strong>partim</strong></span> <span class='ocrx_word' id='word_1_577' title='bbox 3051 4033 3215 4090; x_wconf 90' lang='lat' dir='ltr'><strong>etiam</strong></span> <span class='ocrx_word' id='word_1_578' title='bbox 3272 4023 3720 4104; x_wconf 83' lang='lat' dir='ltr'><strong>pollicitationibus</strong></span> 
     </span>
    </p>
   </div>
   <div class='ocr_carea' id='block_1_80' title="bbox 462 4109 1605 4190">
    <p class='ocr_par' dir='ltr' id='par_1_80' title="bbox 462 4109 1605 4190">
     <span class='ocr_line' id='line_1_80' title="bbox 462 4109 1605 4190; baseline 0.014 -26"><span class='ocrx_word' id='word_1_579' title='bbox 462 4111 532 4164; x_wconf 89' lang='lat' dir='ltr'><strong>de</strong></span> <span class='ocrx_word' id='word_1_580' title='bbox 563 4109 767 4166; x_wconf 89' lang='lat' dir='ltr'><strong>diaboli</strong></span> <span class='ocrx_word' id='word_1_581' title='bbox 808 4117 1062 4174; x_wconf 89' lang='lat' dir='ltr'><strong>manibus</strong></span> <span class='ocrx_word' id='word_1_582' title='bbox 1102 4120 1318 4190; x_wconf 90' lang='lat' dir='ltr'><strong>eripere</strong></span> <span class='ocrx_word' id='word_1_583' title='bbox 1349 4135 1605 4180; x_wconf 85' lang='lat' dir='ltr'><strong>conatur.</strong></span> 
     </span>
    </p>
   </div>
   <div class='ocr_carea' id='block_1_81' title="bbox 525 4197 2051 4287">
    <p class='ocr_par' dir='ltr' id='par_1_81' title="bbox 525 4197 2051 4287">
     <span class='ocr_line' id='line_1_81' title="bbox 525 4197 2051 4287; baseline 0.015 -34"><span class='ocrx_word' id='word_1_584' title='bbox 525 4197 702 4269; x_wconf 82' lang='lat'><strong>&#39;530</strong></span> <span class='ocrx_word' id='word_1_585' title='bbox 743 4200 906 4259; x_wconf 71' lang='lat' dir='ltr'><strong>Vens.</strong></span> <span class='ocrx_word' id='word_1_586' title='bbox 947 4205 1102 4263; x_wconf 82' lang='lat' dir='ltr'><strong>5-H.</strong></span> <span class='ocrx_word' id='word_1_587' title='bbox 1161 4210 1263 4266; x_wconf 84' lang='lat' dir='ltr'><strong>Cui</strong></span> <span class='ocrx_word' id='word_1_588' title='bbox 1296 4231 1376 4268; x_wconf 87' lang='lat' dir='ltr'><strong>me</strong></span> <span class='ocrx_word' id='word_1_589' title='bbox 1424 4218 1814 4274; x_wconf 82' lang='lat' dir='ltr'><strong>assimilastis?</strong></span> <span class='ocrx_word' id='word_1_590' title='bbox 1863 4220 2051 4287; x_wconf 84' lang='lat' dir='ltr'><strong>videte,</strong></span> 
     </span>
    </p>
   </div>
   <div class='ocr_carea' id='block_1_82' title="bbox 462 4294 2056 4379">
    <p class='ocr_par' dir='ltr' id='par_1_82' title="bbox 462 4294 2056 4379">
     <span class='ocr_line' id='line_1_82' title="bbox 462 4294 2056 4379; baseline 0.018 -39"><span class='ocrx_word' id='word_1_591' title='bbox 462 4294 768 4360; x_wconf 67' lang='lat' dir='ltr'><strong>excogitare</strong></span> <span class='ocrx_word' id='word_1_592' title='bbox 817 4299 908 4366; x_wconf 87' lang='lat' dir='ltr'><strong>qui</strong></span> <span class='ocrx_word' id='word_1_593' title='bbox 950 4303 1168 4367; x_wconf 80' lang='lat' dir='ltr'><strong>erratis,</strong></span> <span class='ocrx_word' id='word_1_594' title='bbox 1218 4315 1267 4358; x_wconf 87' lang='lat' dir='ltr'><strong>et</strong></span> <span class='ocrx_word' id='word_1_595' title='bbox 1307 4308 1399 4376; x_wconf 87' lang='lat' dir='ltr'><strong>qui</strong></span> <span class='ocrx_word' id='word_1_596' title='bbox 1445 4310 1696 4379; x_wconf 76' lang='lat' dir='ltr'><strong>confertis</strong></span> <span class='ocrx_word' id='word_1_597' title='bbox 1742 4329 1933 4368; x_wconf 86' lang='lat' dir='ltr'><strong>aurum</strong></span> <span class='ocrx_word' id='word_1_598' title='bbox 1991 4313 2056 4369; x_wconf 87' lang='lat' dir='ltr'><strong>de</strong></span> 
     </span>
    </p>
   </div>
   <div class='ocr_carea' id='block_1_83' title="bbox 464 4387 2057 4471">
    <p class='ocr_par' dir='ltr' id='par_1_83' title="bbox 464 4387 2057 4471">
     <span class='ocr_line' id='line_1_83' title="bbox 464 4387 2057 4471; baseline 0.016 -37"><span class='ocrx_word' id='word_1_599' title='bbox 464 4387 767 4454; x_wconf 79' lang='lat' dir='ltr'><strong>marsupio,</strong></span> <span class='ocrx_word' id='word_1_600' title='bbox 802 4400 852 4442; x_wconf 89' lang='lat' dir='ltr'><strong>et</strong></span> <span class='ocrx_word' id='word_1_601' title='bbox 883 4405 1159 4462; x_wconf 83' lang='lat' dir='ltr'><strong>argentum</strong></span> <span class='ocrx_word' id='word_1_602' title='bbox 1184 4397 1237 4449; x_wconf 84' lang='lat' dir='ltr'><strong>in</strong></span> <span class='ocrx_word' id='word_1_603' title='bbox 1265 4408 1470 4453; x_wconf 84' lang='lat' dir='ltr'><strong>statera</strong></span> <span class='ocrx_word' id='word_1_604' title='bbox 1501 4404 1824 4471; x_wconf 82' lang='lat' dir='ltr'><strong>appenditis,</strong></span> <span class='ocrx_word' id='word_1_605' title='bbox 1858 4415 1907 4458; x_wconf 86' lang='lat' dir='ltr'><strong>et</strong></span> <span class='ocrx_word' id='word_1_606' title='bbox 1930 4422 2057 4459; x_wconf 88' lang='lat' dir='ltr'><strong>con-</strong></span> 
     </span>
    </p>
   </div>
   <div class='ocr_carea' id='block_1_84' title="bbox 2232 4201 3717 4283">
    <p class='ocr_par' dir='ltr' id='par_1_84' title="bbox 2232 4201 3717 4283">
     <span class='ocr_line' id='line_1_84' title="bbox 2232 4201 3717 4283; baseline -0.008 -14"><span class='ocrx_word' id='word_1_607' title='bbox 2232 4221 2402 4270; x_wconf 86' lang='grc' dir='ltr'>ε’-ια’.</span> <span class='ocrx_word' id='word_1_608' title='bbox 2429 4217 2547 4269; x_wconf 84' lang='grc' dir='ltr'>Τίνι</span> <span class='ocrx_word' id='word_1_609' title='bbox 2570 4231 2648 4283; x_wconf 86' lang='grc' dir='ltr'><strong>με</strong></span> <span class='ocrx_word' id='word_1_610' title='bbox 2672 4212 3052 4283; x_wconf 85' lang='grc' dir='ltr'>ὡμοιώσατε;</span> <span class='ocrx_word' id='word_1_611' title='bbox 3081 4212 3260 4277; x_wconf 71' lang='grc' dir='ltr'>ἴδετε,</span> <span class='ocrx_word' id='word_1_612' title='bbox 3278 4201 3717 4280; x_wconf 83' lang='grc' dir='ltr'>τεχνάσασθε,οί</span> 
     </span>
    </p>
   </div>
   <div class='ocr_carea' id='block_1_85' title="bbox 2163 4296 3718 4377">
    <p class='ocr_par' dir='ltr' id='par_1_85' title="bbox 2163 4296 3718 4377">
     <span class='ocr_line' id='line_1_85' title="bbox 2163 4296 3718 4377; baseline -0.006 -15"><span class='ocrx_word' id='word_1_613' title='bbox 2163 4307 2574 4377; x_wconf 75' lang='grc' dir='ltr'>πλανώμενοι,</span> <span class='ocrx_word' id='word_1_614' title='bbox 2620 4306 2722 4362; x_wconf 74' lang='grc' dir='ltr'><strong>καί</strong></span> <span class='ocrx_word' id='word_1_615' title='bbox 2751 4308 2807 4361; x_wconf 75' lang='grc' dir='ltr'>οἱ</span> <span class='ocrx_word' id='word_1_616' title='bbox 2856 4306 3355 4376; x_wconf 74' lang='grc' dir='ltr'>συμϐαλλόμενοι</span> <span class='ocrx_word' id='word_1_617' title='bbox 3383 4301 3628 4373; x_wconf 80' lang='grc' dir='ltr'>χρυσίον</span> <span class='ocrx_word' id='word_1_618' title='bbox 3664 4296 3718 4348; x_wconf 78' lang='grc' dir='ltr'><strong><em>ἐκ</em></strong></span> 
     </span>
    </p>
   </div>
   <div class='ocr_carea' id='block_1_86' title="bbox 2159 4384 3718 4469">
    <p class='ocr_par' dir='ltr' id='par_1_86' title="bbox 2159 4384 3718 4469">
     <span class='ocr_line' id='line_1_86' title="bbox 2159 4384 3718 4469; baseline -0.009 -15"><span class='ocrx_word' id='word_1_619' title='bbox 2159 4400 2566 4469; x_wconf 83' lang='grc' dir='ltr'>μαρσιππίου,</span> <span class='ocrx_word' id='word_1_620' title='bbox 2591 4397 2690 4452; x_wconf 74' lang='grc' dir='ltr'>καὶ</span> <span class='ocrx_word' id='word_1_621' title='bbox 2724 4397 3011 4468; x_wconf 82' lang='grc' dir='ltr'>ἀργύριον</span> <span class='ocrx_word' id='word_1_622' title='bbox 3038 4397 3108 4450; x_wconf 84' lang='grc' dir='ltr'>ἐν</span> <span class='ocrx_word' id='word_1_623' title='bbox 3136 4394 3290 4465; x_wconf 75' lang='grc' dir='ltr'>ζυγῷ</span> <span class='ocrx_word' id='word_1_624' title='bbox 3308 4393 3639 4461; x_wconf 79' lang='grc' dir='ltr'>στήσουσιν</span> <span class='ocrx_word' id='word_1_625' title='bbox 3660 4384 3718 4439; x_wconf 76' lang='grc' dir='ltr'>ἐν</span> 
     </span>
    </p>
   </div>
   <div class='ocr_carea' id='block_1_87' title="bbox 450 4478 2055 4581">
    <p class='ocr_par' dir='ltr' id='par_1_87' title="bbox 450 4478 2049 4564">
     <span class='ocr_line' id='line_1_87' title="bbox 450 4478 2049 4564; baseline 0.016 -38"><span class='ocrx_word' id='word_1_626' title='bbox 450 4478 659 4543; x_wconf 49' lang='lat' dir='ltr'><strong>alucitis</strong></span> <span class='ocrx_word' id='word_1_627' title='bbox 692 4482 991 4550; x_wconf 81' lang='lat' dir='ltr'><strong>auriﬁcem.</strong></span> <span class='ocrx_word' id='word_1_628' title='bbox 1033 4484 1297 4542; x_wconf 86' lang='lat' dir='ltr'><strong>Fecerunt</strong></span> <span class='ocrx_word' id='word_1_629' title='bbox 1329 4493 1666 4564; x_wconf 76' lang='lat' dir='ltr'><strong>manufacta,</strong></span> <span class='ocrx_word' id='word_1_630' title='bbox 1696 4506 1750 4550; x_wconf 85' lang='lat' dir='ltr'><strong>et</strong></span> <span class='ocrx_word' id='word_1_631' title='bbox 1781 4498 2049 4553; x_wconf 84' lang='lat' dir='ltr'><strong>incurvati</strong></span> 
     </span>
    </p>
   </div>
   <div class='ocr_carea' id='block_1_88' title="bbox 2165 4478 3717 4581">
    <p class='ocr_par' dir='ltr' id='par_1_88' title="bbox 2165 4483 3717 4581">
     <span class='ocr_line' id='line_1_88' title="bbox 2165 4483 3717 4581; baseline -0.008 -34"><span class='ocrx_word' id='word_1_632' title='bbox 2165 4491 2415 4563; x_wconf 83' lang='grc' dir='ltr'>σταθμῷ</span> <span class='ocrx_word' id='word_1_633' title='bbox 2442 4509 2457 4524; x_wconf 75' lang='grc' dir='ltr'><strong><em>ο</em></strong></span> <span class='ocrx_word' id='word_1_634' title='bbox 2486 4492 2588 4547; x_wconf 78' lang='grc' dir='ltr'><strong>καί</strong></span> <span class='ocrx_word' id='word_1_635' title='bbox 2632 4488 3084 4561; x_wconf 76' lang='grc' dir='ltr'>μισθωσάμενοι</span> <span class='ocrx_word' id='word_1_636' title='bbox 3114 4488 3408 4558; x_wconf 82' lang='grc' dir='ltr'>χρυσίον,</span> <span class='ocrx_word' id='word_1_637' title='bbox 3450 4483 3717 4581; x_wconf 41' lang='grc' dir='ltr'>ἐποίησαν</span> 
     </span>
    </p>
   </div>
   <div class='ocr_carea' id='block_1_89' title="bbox 462 4571 1954 4657">
    <p class='ocr_par' dir='ltr' id='par_1_89' title="bbox 462 4571 1954 4657">
     <span class='ocr_line' id='line_1_89' title="bbox 462 4571 1954 4657; baseline 0.017 -38"><span class='ocrx_word' id='word_1_638' title='bbox 462 4571 696 4623; x_wconf 62' lang='lat' dir='ltr'><strong>adorant</strong></span> <span class='ocrx_word' id='word_1_639' title='bbox 730 4571 847 4627; x_wconf 87' lang='lat' dir='ltr'><strong>illa.</strong></span> <span class='ocrx_word' id='word_1_640' title='bbox 888 4573 1107 4630; x_wconf 85' lang='lat' dir='ltr'><strong>Tollunt</strong></span> <span class='ocrx_word' id='word_1_641' title='bbox 1141 4578 1399 4651; x_wconf 76' lang='lat' dir='ltr'><strong>humeris,</strong></span> <span class='ocrx_word' id='word_1_642' title='bbox 1428 4594 1479 4638; x_wconf 89' lang='lat' dir='ltr'><strong>et</strong></span> <span class='ocrx_word' id='word_1_643' title='bbox 1512 4585 1816 4657; x_wconf 83' lang='lat' dir='ltr'><strong>ambulant,</strong></span> <span class='ocrx_word' id='word_1_644' title='bbox 1847 4598 1954 4646; x_wconf 86' lang='lat' dir='ltr'><strong>etc.</strong></span> 
     </span>
    </p>
   </div>
   <div class='ocr_carea' id='block_1_90' title="bbox 520 4834 2058 4925">
    <p class='ocr_par' dir='ltr' id='par_1_90' title="bbox 520 4834 2058 4925">
     <span class='ocr_line' id='line_1_90' title="bbox 520 4834 2058 4925; baseline 0.018 -36"><span class='ocrx_word' id='word_1_645' title='bbox 520 4834 750 4900; x_wconf 73' lang='lat' dir='ltr'><strong>Talem,</strong></span> <span class='ocrx_word' id='word_1_646' title='bbox 810 4840 1016 4911; x_wconf 73' lang='lat' dir='ltr'><strong>inquit,</strong></span> <span class='ocrx_word' id='word_1_647' title='bbox 1083 4844 1138 4898; x_wconf 90' lang='lat' dir='ltr'><strong>in</strong></span> <span class='ocrx_word' id='word_1_648' title='bbox 1191 4861 1288 4903; x_wconf 79' lang='lat' dir='ltr'><strong>vos</strong></span> <span class='ocrx_word' id='word_1_649' title='bbox 1338 4864 1437 4903; x_wconf 90' lang='lat' dir='ltr'><strong>.me</strong></span> <span class='ocrx_word' id='word_1_650' title='bbox 1497 4851 1617 4922; x_wconf 90' lang='lat' dir='ltr'><strong>ipse</strong></span> <span class='ocrx_word' id='word_1_651' title='bbox 1644 4856 2058 4925; x_wconf 80' lang='lat' dir='ltr'><strong>praestitizvos</strong></span> 
     </span>
    </p>
   </div>
   <div class='ocr_carea' id='block_1_91' title="bbox 457 4936 2057 5024">
    <p class='ocr_par' dir='ltr' id='par_1_91' title="bbox 457 4936 2057 5024">
     <span class='ocr_line' id='line_1_91' title="bbox 457 4936 2057 5024; baseline 0.016 -41"><span class='ocrx_word' id='word_1_652' title='bbox 457 4941 675 4999; x_wconf 73' lang='lat' dir='ltr'><strong>autem,</strong></span> <span class='ocrx_word' id='word_1_653' title='bbox 710 4936 764 4989; x_wconf 91' lang='lat' dir='ltr'><strong>in</strong></span> <span class='ocrx_word' id='word_1_654' title='bbox 792 4949 1055 5008; x_wconf 87' lang='lat' dir='ltr'><strong>quantam</strong></span> <span class='ocrx_word' id='word_1_655' title='bbox 1095 4940 1394 5011; x_wconf 83' lang='lat' dir='ltr'><strong>impietatis</strong></span> <span class='ocrx_word' id='word_1_656' title='bbox 1419 4944 1818 5005; x_wconf 83' lang='lat' dir='ltr'><strong>absurditatem</strong></span> <span class='ocrx_word' id='word_1_657' title='bbox 1844 4952 2057 5024; x_wconf 88' lang='lat' dir='ltr'><strong>delapsi</strong></span> 
     </span>
    </p>
   </div>
   <div class='ocr_carea' id='block_1_92' title="bbox 468 5024 2058 5106">
    <p class='ocr_par' dir='ltr' id='par_1_92' title="bbox 468 5024 2058 5106">
     <span class='ocr_line' id='line_1_92' title="bbox 468 5024 2058 5106; baseline 0.018 -33"><span class='ocrx_word' id='word_1_658' title='bbox 468 5024 627 5088; x_wconf 84' lang='lat' dir='ltr'><strong>estis,</strong></span> <span class='ocrx_word' id='word_1_659' title='bbox 662 5029 1048 5101; x_wconf 61' lang='lat' dir='ltr'><strong>considerate;</strong></span> <span class='ocrx_word' id='word_1_660' title='bbox 1078 5035 1173 5104; x_wconf 87' lang='lat' dir='ltr'><strong>qui</strong></span> <span class='ocrx_word' id='word_1_661' title='bbox 1232 5050 1464 5106; x_wconf 88' lang='lat' dir='ltr'><strong>corpore</strong></span> <span class='ocrx_word' id='word_1_662' title='bbox 1521 5051 1802 5098; x_wconf 89' lang='lat' dir='ltr'><strong>carentem</strong></span> <span class='ocrx_word' id='word_1_663' title='bbox 1845 5055 2058 5100; x_wconf 91' lang='lat' dir='ltr'><strong>morta-</strong></span> 
     </span>
    </p>
   </div>
   <div class='ocr_carea' id='block_1_93' title="bbox 457 5114 2059 5209">
    <p class='ocr_par' dir='ltr' id='par_1_93' title="bbox 457 5114 2059 5209">
     <span class='ocr_line' id='line_1_93' title="bbox 457 5114 2059 5209; baseline 0.016 -41"><span class='ocrx_word' id='word_1_664' title='bbox 457 5114 598 5168; x_wconf 67' lang='lat' dir='ltr'><strong>lium</strong></span> <span class='ocrx_word' id='word_1_665' title='bbox 632 5115 825 5174; x_wconf 85' lang='lat' dir='ltr'><strong>formis</strong></span> <span class='ocrx_word' id='word_1_666' title='bbox 858 5123 1218 5182; x_wconf 87' lang='lat' dir='ltr'><strong>subdideritis</strong></span> <span class='ocrx_word' id='word_1_667' title='bbox 1259 5145 1272 5182; x_wconf 90' lang='lat'><strong>:</strong></span> <span class='ocrx_word' id='word_1_668' title='bbox 1306 5130 1399 5199; x_wconf 84' lang='lat' dir='ltr'><strong>qui</strong></span> <span class='ocrx_word' id='word_1_669' title='bbox 1445 5118 1649 5187; x_wconf 79' lang='lat' dir='ltr'><strong>aurum</strong></span> <span class='ocrx_word' id='word_1_670' title='bbox 1683 5147 1732 5190; x_wconf 91' lang='lat' dir='ltr'><strong>et</strong></span> <span class='ocrx_word' id='word_1_671' title='bbox 1782 5148 2059 5209; x_wconf 81' lang='lat' dir='ltr'><strong>argentum</strong></span> 
     </span>
    </p>
   </div>
   <div class='ocr_carea' id='block_1_94' title="bbox 457 5210 2061 5288">
    <p class='ocr_par' dir='ltr' id='par_1_94' title="bbox 457 5210 2061 5288">
     <span class='ocr_line' id='line_1_94' title="bbox 457 5210 2061 5288; baseline 0.016 -26"><span class='ocrx_word' id='word_1_672' title='bbox 457 5210 818 5279; x_wconf 75' lang='lat' dir='ltr'><strong>contu‘lcritis,</strong></span> <span class='ocrx_word' id='word_1_673' title='bbox 856 5217 950 5286; x_wconf 89' lang='lat' dir='ltr'><strong>qui</strong></span> <span class='ocrx_word' id='word_1_674' title='bbox 999 5218 1179 5275; x_wconf 79' lang='lat' dir='ltr'><strong>forma</strong></span> <span class='ocrx_word' id='word_1_675' title='bbox 1212 5225 1454 5279; x_wconf 68' lang='lat' dir='ltr'><strong>materim</strong></span> <span class='ocrx_word' id='word_1_676' title='bbox 1486 5227 1710 5284; x_wconf 87' lang='lat' dir='ltr'><strong>inducta</strong></span> <span class='ocrx_word' id='word_1_677' title='bbox 1745 5229 1855 5287; x_wconf 88' lang='lat' dir='ltr'><strong>Deo</strong></span> <span class='ocrx_word' id='word_1_678' title='bbox 1886 5233 2061 5288; x_wconf 76' lang='lat' dir='ltr'><strong>hono-</strong></span> 
     </span>
    </p>
   </div>
   <div class='ocr_carea' id='block_1_95' title="bbox 465 5303 2059 5382">
    <p class='ocr_par' dir='ltr' id='par_1_95' title="bbox 465 5303 2059 5382">
     <span class='ocr_line' id='line_1_95' title="bbox 465 5303 2059 5382; baseline 0.017 -29"><span class='ocrx_word' id='word_1_679' title='bbox 465 5315 587 5354; x_wconf 79' lang='lat' dir='ltr'><strong>rem</strong></span> <span class='ocrx_word' id='word_1_680' title='bbox 647 5303 816 5359; x_wconf 86' lang='lat' dir='ltr'><strong>tribui</strong></span> <span class='ocrx_word' id='word_1_681' title='bbox 870 5314 1222 5377; x_wconf 83' lang='lat' dir='ltr'><strong>putaveritis.</strong></span> <span class='ocrx_word' id='word_1_682' title='bbox 1273 5316 1393 5382; x_wconf 86' lang='lat' dir='ltr'><strong>Quo</strong></span> <span class='ocrx_word' id='word_1_683' title='bbox 1443 5318 2059 5380; x_wconf 79' lang='lat' dir='ltr'><strong>defensionisartilicio</strong></span> 
     </span>
    </p>
   </div>
   <div class='ocr_carea' id='block_1_96' title="bbox 460 5395 2053 5486">
    <p class='ocr_par' dir='ltr' id='par_1_96' title="bbox 460 5395 2053 5486">
     <span class='ocr_line' id='line_1_96' title="bbox 460 5395 2053 5486; baseline 0.018 -41"><span class='ocrx_word' id='word_1_684' title='bbox 460 5407 680 5449; x_wconf 70' lang='lat' dir='ltr'><strong>eninen</strong></span> <span class='ocrx_word' id='word_1_685' title='bbox 733 5395 881 5451; x_wconf 82' lang='lat' dir='ltr'><strong>istud</strong></span> <span class='ocrx_word' id='word_1_686' title='bbox 931 5399 1300 5470; x_wconf 82' lang='lat' dir='ltr'><strong>depuleritis?</strong></span> <span class='ocrx_word' id='word_1_687' title='bbox 1349 5404 1443 5462; x_wconf 89' lang='lat' dir='ltr'><strong>Vel</strong></span> <span class='ocrx_word' id='word_1_688' title='bbox 1498 5412 1721 5468; x_wconf 89' lang='lat' dir='ltr'><strong>tandem</strong></span> <span class='ocrx_word' id='word_1_689' title='bbox 1771 5414 1938 5486; x_wconf 78' lang='lat' dir='ltr'><strong>igitur</strong></span> <span class='ocrx_word' id='word_1_690' title='bbox 1983 5418 2053 5472; x_wconf 86' lang='lat' dir='ltr'><strong>ad</strong></span> 
     </span>
    </p>
   </div>
   <div class='ocr_carea' id='block_1_97' title="bbox 467 5486 2071 5588">
    <p class='ocr_par' dir='ltr' id='par_1_97' title="bbox 467 5486 2071 5577">
     <span class='ocr_line' id='line_1_97' title="bbox 467 5486 2071 5577; baseline 0.017 -40"><span class='ocrx_word' id='word_1_691' title='bbox 467 5501 603 5541; x_wconf 72' lang='lat' dir='ltr'><strong>mea:</strong></span> <span class='ocrx_word' id='word_1_692' title='bbox 628 5486 850 5545; x_wconf 87' lang='lat' dir='ltr'><strong>deitatis</strong></span> <span class='ocrx_word' id='word_1_693' title='bbox 880 5494 1268 5561; x_wconf 82' lang='lat' dir='ltr'><strong>cogitationem</strong></span> <span class='ocrx_word' id='word_1_694' title='bbox 1306 5502 1636 5571; x_wconf 81' lang='lat' dir='ltr'><strong>rcsipiscite,</strong></span> <span class='ocrx_word' id='word_1_695' title='bbox 1670 5520 1865 5577; x_wconf 89' lang='lat' dir='ltr'><strong>meque</strong></span> <span class='ocrx_word' id='word_1_696' title='bbox 1906 5522 2071 5565; x_wconf 83' lang='lat' dir='ltr'><strong>sem-&#39;</strong></span> 
     </span>
    </p>
   </div>
   <div class='ocr_carea' id='block_1_98' title="bbox 457 5588 2046 5675">
    <p class='ocr_par' dir='ltr' id='par_1_98' title="bbox 457 5588 2046 5675">
     <span class='ocr_line' id='line_1_98' title="bbox 457 5588 2046 5675; baseline 0.018 -44"><span class='ocrx_word' id='word_1_697' title='bbox 457 5589 749 5650; x_wconf 65' lang='lat' dir='ltr'><strong>ptternum</strong></span> <span class='ocrx_word' id='word_1_698' title='bbox 771 5592 824 5639; x_wconf 83' lang='lat' dir='ltr'><strong>et</strong></span> <span class='ocrx_word' id='word_1_699' title='bbox 860 5588 1037 5643; x_wconf 88' lang='lat' dir='ltr'><strong>solum</strong></span> <span class='ocrx_word' id='word_1_700' title='bbox 1067 5588 1236 5647; x_wconf 89' lang='lat' dir='ltr'><strong>Deum</strong></span> <span class='ocrx_word' id='word_1_701' title='bbox 1266 5610 1388 5651; x_wconf 82' lang='lat' dir='ltr'><strong>esse</strong></span> <span class='ocrx_word' id='word_1_702' title='bbox 1416 5600 1726 5668; x_wconf 71' lang='lat' dir='ltr'><strong>agnoscite.</strong></span> <span class='ocrx_word' id='word_1_703' title='bbox 1758 5600 1932 5675; x_wconf 87' lang='lat' dir='ltr'><strong>llujus</strong></span> <span class='ocrx_word' id='word_1_704' title='bbox 1961 5603 2046 5659; x_wconf 79' lang='lat' dir='ltr'><strong>vel</strong></span> 
     </span>
    </p>
   </div>
   <div class='ocr_carea' id='block_1_99' title="bbox 563 5757 993 5829">
    <p class='ocr_par' dir='ltr' id='par_1_99' title="bbox 563 5757 993 5829">
     <span class='ocr_line' id='line_1_99' title="bbox 563 5757 993 5829; baseline 0.005 -15"><span class='ocrx_word' id='word_1_705' title='bbox 563 5758 613 5790; x_wconf 74' lang='lat'><strong>“</strong></span> <span class='ocrx_word' id='word_1_706' title='bbox 642 5757 793 5814; x_wconf 81' lang='lat' dir='ltr'><strong>Psal.</strong></span> <span class='ocrx_word' id='word_1_707' title='bbox 839 5777 902 5829; x_wconf 87' lang='grc' dir='ltr'><strong>ιι,</strong></span> <span class='ocrx_word' id='word_1_708' title='bbox 942 5762 993 5816; x_wconf 79' lang='grc'><strong>1.</strong></span> 
     </span>
    </p>
   </div>
   <div class='ocr_carea' id='block_1_100' title="bbox 2157 4567 3714 4655">
    <p class='ocr_par' dir='ltr' id='par_1_100' title="bbox 2157 4567 3714 4655">
     <span class='ocr_line' id='line_1_100' title="bbox 2157 4567 3714 4655; baseline -0.013 -16"><span class='ocrx_word' id='word_1_709' title='bbox 2157 4585 2551 4655; x_wconf 81' lang='grc' dir='ltr'>χειροποίητα</span> <span class='ocrx_word' id='word_1_710' title='bbox 2571 4623 2586 4647; x_wconf 88' lang='grc'><strong>,</strong></span> <span class='ocrx_word' id='word_1_711' title='bbox 2639 4580 2743 4635; x_wconf 76' lang='grc' dir='ltr'><strong>καὶ</strong></span> <span class='ocrx_word' id='word_1_712' title='bbox 2790 4579 3104 4647; x_wconf 74' lang='grc' dir='ltr'>κύψαντες</span> <span class='ocrx_word' id='word_1_713' title='bbox 3137 4572 3590 4646; x_wconf 77' lang='grc' dir='ltr'>προσκυνοῦσιν</span> <span class='ocrx_word' id='word_1_714' title='bbox 3624 4567 3714 4620; x_wconf 83' lang='grc' dir='ltr'><strong>αὐ-</strong></span> 
     </span>
    </p>
   </div>
   <div class='ocr_carea' id='block_1_101' title="bbox 2157 4660 3715 4743">
    <p class='ocr_par' dir='ltr' id='par_1_101' title="bbox 2157 4660 3715 4743">
     <span class='ocr_line' id='line_1_101' title="bbox 2157 4660 3715 4743; baseline -0.012 -14"><span class='ocrx_word' id='word_1_715' title='bbox 2157 4676 2302 4741; x_wconf 88' lang='grc' dir='ltr'>τοῖς.</span> <span class='ocrx_word' id='word_1_716' title='bbox 2336 4674 2632 4743; x_wconf 82' lang='grc' dir='ltr'>Αἵρουσιν</span> <span class='ocrx_word' id='word_1_717' title='bbox 2654 4670 2809 4726; x_wconf 83' lang='grc' dir='ltr'>αὐτὸ</span> <span class='ocrx_word' id='word_1_718' title='bbox 2832 4669 2939 4724; x_wconf 77' lang='grc' dir='ltr'><strong>ἐπὶ</strong></span> <span class='ocrx_word' id='word_1_719' title='bbox 2966 4669 3075 4724; x_wconf 85' lang='grc' dir='ltr'><strong>τοῦ</strong></span> <span class='ocrx_word' id='word_1_720' title='bbox 3104 4668 3293 4739; x_wconf 83' lang='grc' dir='ltr'>ὤμου,</span> <span class='ocrx_word' id='word_1_721' title='bbox 3327 4665 3427 4721; x_wconf 81' lang='grc' dir='ltr'>καί</span> <span class='ocrx_word' id='word_1_722' title='bbox 3459 4660 3715 4730; x_wconf 80' lang='grc' dir='ltr'>πορεύον-</span> 
     </span>
    </p>
   </div>
   <div class='ocr_carea' id='block_1_102' title="bbox 2158 4765 2529 4833">
    <p class='ocr_par' dir='ltr' id='par_1_102' title="bbox 2158 4765 2529 4833">
     <span class='ocr_line' id='line_1_102' title="bbox 2158 4765 2529 4833; baseline -0.008 -11"><span class='ocrx_word' id='word_1_723' title='bbox 2158 4785 2280 4833; x_wconf 81' lang='grc' dir='ltr'>ται,</span> <span class='ocrx_word' id='word_1_724' title='bbox 2314 4785 2369 4820; x_wconf 93' lang='grc' dir='ltr'>κ.</span> <span class='ocrx_word' id='word_1_725' title='bbox 2398 4783 2451 4820; x_wconf 91' lang='grc' dir='ltr'>τ.</span> <span class='ocrx_word' id='word_1_726' title='bbox 2476 4765 2529 4819; x_wconf 86' lang='grc' dir='ltr'>λ.</span> 
     </span>
    </p>
   </div>
   <div class='ocr_carea' id='block_1_103' title="bbox 2242 4839 3710 4929">
    <p class='ocr_par' dir='ltr' id='par_1_103' title="bbox 2242 4839 3710 4929">
     <span class='ocr_line' id='line_1_103' title="bbox 2242 4839 3710 4929; baseline -0.009 -15"><span class='ocrx_word' id='word_1_727' title='bbox 2242 4857 2384 4928; x_wconf 87' lang='grc' dir='ltr'>Ἐγὼ</span> <span class='ocrx_word' id='word_1_728' title='bbox 2418 4858 2515 4929; x_wconf 81' lang='grc' dir='ltr'><strong>μὲν</strong></span> <span class='ocrx_word' id='word_1_729' title='bbox 2551 4857 2686 4929; x_wconf 71' lang='grc' dir='ltr'>περὶ</span> <span class='ocrx_word' id='word_1_730' title='bbox 2726 4858 2894 4927; x_wconf 79' lang='grc' dir='ltr'>ὑμᾶς,</span> <span class='ocrx_word' id='word_1_731' title='bbox 2921 4855 3079 4928; x_wconf 76' lang='grc' dir='ltr'>φησὶ,</span> <span class='ocrx_word' id='word_1_732' title='bbox 3111 4852 3354 4917; x_wconf 86' lang='grc' dir='ltr'>τοιοῦτός</span> <span class='ocrx_word' id='word_1_733' title='bbox 3378 4851 3507 4921; x_wconf 87' lang='grc' dir='ltr'>είμι.</span> <span class='ocrx_word' id='word_1_734' title='bbox 3546 4839 3710 4914; x_wconf 75' lang='grc' dir='ltr'>Ὑμεῖς</span> 
     </span>
    </p>
   </div>
   <div class='ocr_carea' id='block_1_104' title="bbox 2159 4935 3703 5021">
    <p class='ocr_par' dir='ltr' id='par_1_104' title="bbox 2159 4935 3703 5021">
     <span class='ocr_line' id='line_1_104' title="bbox 2159 4935 3703 5021; baseline -0.009 -16"><span class='ocrx_word' id='word_1_735' title='bbox 2159 4952 2216 5005; x_wconf 84' lang='grc' dir='ltr'>δὲ</span> <span class='ocrx_word' id='word_1_736' title='bbox 2239 4949 2532 5019; x_wconf 87' lang='grc' dir='ltr'>λογίσασθε</span> <span class='ocrx_word' id='word_1_737' title='bbox 2558 4948 2698 5021; x_wconf 82' lang='grc' dir='ltr'>πρὸς</span> <span class='ocrx_word' id='word_1_738' title='bbox 2722 4949 2856 5016; x_wconf 82' lang='grc' dir='ltr'>ὅσην</span> <span class='ocrx_word' id='word_1_739' title='bbox 2886 4946 3146 5011; x_wconf 80' lang='grc' dir='ltr'>ἀσεϐείας</span> <span class='ocrx_word' id='word_1_740' title='bbox 3167 4943 3398 5001; x_wconf 82' lang='grc' dir='ltr'>ἀτοπίαν</span> <span class='ocrx_word' id='word_1_741' title='bbox 3419 4935 3703 4993; x_wconf 75' lang='grc' dir='ltr'>ὲκπίπτετεν</span> 
     </span>
    </p>
   </div>
   <div class='ocr_carea' id='block_1_105' title="bbox 2159 5020 3704 5110">
    <p class='ocr_par' dir='ltr' id='par_1_105' title="bbox 2159 5020 3704 5110">
     <span class='ocr_line' id='line_1_105' title="bbox 2159 5020 3704 5110; baseline -0.013 -14"><span class='ocrx_word' id='word_1_742' title='bbox 2159 5042 2253 5096; x_wconf 83' lang='grc' dir='ltr'><strong>τὸν</strong></span> <span class='ocrx_word' id='word_1_743' title='bbox 2274 5038 2568 5110; x_wconf 84' lang='grc' dir='ltr'>ἀσώματον</span> <span class='ocrx_word' id='word_1_744' title='bbox 2590 5037 2771 5091; x_wconf 87' lang='grc' dir='ltr'>εἰκόσι</span> <span class='ocrx_word' id='word_1_745' title='bbox 2797 5036 3010 5109; x_wconf 84' lang='grc' dir='ltr'>θνητῶν</span> <span class='ocrx_word' id='word_1_746' title='bbox 3042 5034 3452 5094; x_wconf 82' lang='grc' dir='ltr'>ὑποϐάλλοντες·</span> <span class='ocrx_word' id='word_1_747' title='bbox 3477 5020 3704 5098; x_wconf 75' lang='grc' dir='ltr'>χρυσίον</span> 
     </span>
    </p>
   </div>
   <div class='ocr_carea' id='block_1_106' title="bbox 2160 5119 3680 5211">
    <p class='ocr_par' dir='ltr' id='par_1_106' title="bbox 2160 5119 3680 5211">
     <span class='ocr_line' id='line_1_106' title="bbox 2160 5119 3680 5211; baseline -0.013 -23"><span class='ocrx_word' id='word_1_748' title='bbox 2160 5133 2580 5203; x_wconf 51' lang='grc' dir='ltr'>καῑιάργύριον</span> <span class='ocrx_word' id='word_1_749' title='bbox 2614 5129 3146 5200; x_wconf 73' lang='grc' dir='ltr'>συνεισφέροντες,</span> <span class='ocrx_word' id='word_1_750' title='bbox 3179 5126 3280 5199; x_wconf 78' lang='grc' dir='ltr'>ὕλῃ</span> <span class='ocrx_word' id='word_1_751' title='bbox 3315 5125 3407 5180; x_wconf 73' lang='grc' dir='ltr'><strong>καὶ</strong></span> <span class='ocrx_word' id='word_1_752' title='bbox 3433 5119 3612 5211; x_wconf 63' lang='grc' dir='ltr'>πλάσει</span> <span class='ocrx_word' id='word_1_753' title='bbox 3635 5127 3680 5211; x_wconf 64' lang='grc' dir='ltr'><strong>τι</strong></span> 
     </span>
    </p>
   </div>
   <div class='ocr_carea' id='block_1_107' title="bbox 2162 5205 3702 5299">
    <p class='ocr_par' dir='ltr' id='par_1_107' title="bbox 2162 5205 3702 5299">
     <span class='ocr_line' id='line_1_107' title="bbox 2162 5205 3702 5299; baseline -0.027 0"><span class='ocrx_word' id='word_1_754' title='bbox 2162 5228 2270 5299; x_wconf 73' lang='grc' dir='ltr'><strong>μᾷν</strong></span> <span class='ocrx_word' id='word_1_755' title='bbox 2303 5226 2403 5298; x_wconf 70' lang='grc' dir='ltr'><strong>τὴν</strong></span> <span class='ocrx_word' id='word_1_756' title='bbox 2446 5225 2598 5281; x_wconf 77' lang='grc' dir='ltr'>θείαν</span> <span class='ocrx_word' id='word_1_757' title='bbox 2645 5225 2809 5295; x_wconf 83' lang='grc' dir='ltr'>φύσιν</span> <span class='ocrx_word' id='word_1_758' title='bbox 2834 5223 3155 5297; x_wconf 84' lang='grc' dir='ltr'>ἡγούμενοι.</span> <span class='ocrx_word' id='word_1_759' title='bbox 3204 5221 3349 5294; x_wconf 75' lang='grc' dir='ltr'>Πρὸς</span> <span class='ocrx_word' id='word_1_760' title='bbox 3387 5205 3537 5271; x_wconf 74' lang='grc' dir='ltr'>τοῦτο</span> <span class='ocrx_word' id='word_1_761' title='bbox 3566 5205 3702 5263; x_wconf 82' lang='grc' dir='ltr'>ποίαν</span> 
     </span>
    </p>
   </div>
   <div class='ocr_carea' id='block_1_108' title="bbox 2161 5300 3699 5394">
    <p class='ocr_par' dir='ltr' id='par_1_108' title="bbox 2161 5300 3699 5394">
     <span class='ocr_line' id='line_1_108' title="bbox 2161 5300 3699 5394; baseline -0.004 -18"><span class='ocrx_word' id='word_1_762' title='bbox 2161 5323 2464 5393; x_wconf 82' lang='grc' dir='ltr'>ἀπολογίαν</span> <span class='ocrx_word' id='word_1_763' title='bbox 2515 5322 2959 5394; x_wconf 81' lang='grc' dir='ltr'>τετεχνασμὲνην</span> <span class='ocrx_word' id='word_1_764' title='bbox 2995 5322 3294 5393; x_wconf 79' lang='grc' dir='ltr'>εῦρὴσετε;</span> <span class='ocrx_word' id='word_1_765' title='bbox 3330 5315 3437 5385; x_wconf 82' lang='grc' dir='ltr'><strong>Τῆς</strong></span> <span class='ocrx_word' id='word_1_766' title='bbox 3463 5310 3550 5364; x_wconf 70' lang='grc' dir='ltr'><strong>οὖν</strong></span> <span class='ocrx_word' id='word_1_767' title='bbox 3579 5300 3699 5394; x_wconf 65' lang='grc' dir='ltr'><strong>ἐμῆς</strong></span> 
     </span>
    </p>
   </div>
   <div class='ocr_carea' id='block_1_109' title="bbox 2164 5389 3697 5488">
    <p class='ocr_par' dir='ltr' id='par_1_109' title="bbox 2164 5389 3697 5488">
     <span class='ocr_line' id='line_1_109' title="bbox 2164 5389 3697 5488; baseline -0.005 -19"><span class='ocrx_word' id='word_1_768' title='bbox 2164 5432 2295 5469; x_wconf 88' lang='grc' dir='ltr'>ποτε</span> <span class='ocrx_word' id='word_1_769' title='bbox 2318 5415 2573 5483; x_wconf 85' lang='grc' dir='ltr'>θεότητος</span> <span class='ocrx_word' id='word_1_770' title='bbox 2598 5415 2735 5488; x_wconf 81' lang='grc' dir='ltr'>πρὸς</span> <span class='ocrx_word' id='word_1_771' title='bbox 2757 5415 2968 5469; x_wconf 79' lang='grc' dir='ltr'>ἔννοιαν</span> <span class='ocrx_word' id='word_1_772' title='bbox 2989 5414 3323 5485; x_wconf 80' lang='grc' dir='ltr'>ἀνανήψατε,</span> <span class='ocrx_word' id='word_1_773' title='bbox 3346 5407 3419 5470; x_wconf 84' lang='grc' dir='ltr'>ὡς</span> <span class='ocrx_word' id='word_1_774' title='bbox 3436 5403 3591 5461; x_wconf 73' lang='grc' dir='ltr'>ἀΐδιος</span> <span class='ocrx_word' id='word_1_775' title='bbox 3617 5389 3697 5447; x_wconf 56' lang='grc' dir='ltr'><strong>καὶ</strong></span> 
     </span>
    </p>
   </div>
   <div class='ocr_carea' id='block_1_110' title="bbox 2170 5489 3694 5579">
    <p class='ocr_par' dir='ltr' id='par_1_110' title="bbox 2170 5489 3694 5579">
     <span class='ocr_line' id='line_1_110' title="bbox 2170 5489 3694 5579; baseline -0.026 1"><span class='ocrx_word' id='word_1_776' title='bbox 2170 5507 2329 5579; x_wconf 77' lang='grc' dir='ltr'>μόνος</span> <span class='ocrx_word' id='word_1_777' title='bbox 2360 5506 2492 5575; x_wconf 66' lang='grc' dir='ltr'><strong>ἐγώ.</strong></span> <span class='ocrx_word' id='word_1_778' title='bbox 2521 5508 2631 5560; x_wconf 70' lang='grc' dir='ltr'>Καὶ</span> <span class='ocrx_word' id='word_1_779' title='bbox 2662 5507 2856 5560; x_wconf 80' lang='grc' dir='ltr'>τούτου</span> <span class='ocrx_word' id='word_1_780' title='bbox 2886 5508 3190 5578; x_wconf 79' lang='grc' dir='ltr'>τεκμήριον</span> <span class='ocrx_word' id='word_1_781' title='bbox 3222 5500 3390 5557; x_wconf 83' lang='grc' dir='ltr'>τὸδιὰ</span> <span class='ocrx_word' id='word_1_782' title='bbox 3434 5493 3533 5548; x_wconf 83' lang='grc' dir='ltr'><strong>τῶν</strong></span> <span class='ocrx_word' id='word_1_783' title='bbox 3566 5489 3694 5579; x_wconf 60' lang='lat' dir='ltr'><strong>tum</strong></span> 
     </span>
    </p>
   </div>
   <div class='ocr_carea' id='block_1_111' title="bbox 2164 5576 3691 5672">
    <p class='ocr_par' dir='ltr' id='par_1_111' title="bbox 2164 5576 3691 5672">
     <span class='ocr_line' id='line_1_111' title="bbox 2164 5576 3691 5672; baseline -0.029 1"><span class='ocrx_word' id='word_1_784' title='bbox 2164 5576 2463 5671; x_wconf 46' lang='lat' dir='ltr'><strong>i‘PWTI‘iGW</strong></span> <span class='ocrx_word' id='word_1_785' title='bbox 2503 5599 2906 5672; x_wconf 82' lang='grc' dir='ltr'>προαγορεύειν</span> <span class='ocrx_word' id='word_1_786' title='bbox 2936 5576 3005 5653; x_wconf 76' lang='grc' dir='ltr'><strong>τά</strong></span> <span class='ocrx_word' id='word_1_787' title='bbox 3052 5576 3310 5667; x_wconf 82' lang='grc' dir='ltr'>μέλλοντα</span> <span class='ocrx_word' id='word_1_788' title='bbox 3335 5588 3531 5664; x_wconf 74' lang='grc' dir='ltr'>χρόνοις</span> <span class='ocrx_word' id='word_1_789' title='bbox 3559 5576 3691 5635; x_wconf 64' lang='lat' dir='ltr'><strong>Dars-</strong></span> 
     </span>
    </p>
   </div>
  </div>
