  <div class='ocr_page' id='page_1' title='image "/cluster/home/n/w/nwhite01/storage/ocr_20150623/87:pt.2/coo.31924054869908/464.png"; bbox 0 0 3916 6414; ppageno 0'>
   <div class='ocr_carea' id='block_1_1' title="bbox 198 284 332 354">
    <p class='ocr_par' dir='ltr' id='par_1_1' title="bbox 198 284 332 354">
     <span class='ocr_line' id='line_1_1' title="bbox 198 284 332 354; baseline -0.022 0"><span class='ocrx_word' id='word_1_1' title='bbox 198 284 332 354; x_wconf 71' lang='grc' dir='ltr'>ειιι</span> 
     </span>
    </p>
   </div>
   <div class='ocr_carea' id='block_1_2' title="bbox 1353 290 2304 354">
    <p class='ocr_par' dir='ltr' id='par_1_2' title="bbox 1353 290 2304 354">
     <span class='ocr_line' id='line_1_2' title="bbox 1353 290 2304 354; baseline 0 0"><span class='ocrx_word' id='word_1_2' title='bbox 1353 290 1882 354; x_wconf 79' lang='lat' dir='ltr'><strong>COMMENTARII</strong></span> <span class='ocrx_word' id='word_1_3' title='bbox 1907 293 1989 353; x_wconf 86' lang='lat' dir='ltr'><strong>IN</strong></span> <span class='ocrx_word' id='word_1_4' title='bbox 2006 294 2304 354; x_wconf 49' lang='lat' dir='ltr'><strong>‘IS‘AIAM.</strong></span> 
     </span>
    </p>
   </div>
   <div class='ocr_carea' id='block_1_3' title="bbox 3319 294 3460 358">
    <p class='ocr_par' dir='ltr' id='par_1_3' title="bbox 3319 294 3460 358">
     <span class='ocr_line' id='line_1_3' title="bbox 3319 294 3460 358; baseline 0.007 -1"><span class='ocrx_word' id='word_1_5' title='bbox 3319 294 3460 358; x_wconf 62' lang='grc'><strong>2432</strong></span> 
     </span>
    </p>
   </div>
   <div class='ocr_carea' id='block_1_4' title="bbox 204 389 1784 474">
    <p class='ocr_par' dir='ltr' id='par_1_4' title="bbox 204 389 1769 474">
     <span class='ocr_line' id='line_1_4' title="bbox 204 389 1769 474; baseline 0.002 -23"><span class='ocrx_word' id='word_1_6' title='bbox 204 418 293 472; x_wconf 83' lang='grc' dir='ltr'><strong>ρον</strong></span> <span class='ocrx_word' id='word_1_7' title='bbox 316 399 686 455; x_wconf 72' lang='grc' dir='ltr'>ἐπιτελεῖσθαι</span> <span class='ocrx_word' id='word_1_8' title='bbox 714 402 962 473; x_wconf 82' lang='grc' dir='ltr'><strong>μακροῖς,</strong></span> <span class='ocrx_word' id='word_1_9' title='bbox 1006 397 1079 456; x_wconf 81' lang='grc' dir='ltr'>ὧν</span> <span class='ocrx_word' id='word_1_10' title='bbox 1110 400 1177 454; x_wconf 74' lang='grc' dir='ltr'><strong>τὰ</strong></span> <span class='ocrx_word' id='word_1_11' title='bbox 1203 401 1302 473; x_wconf 79' lang='grc' dir='ltr'>μὲν</span> <span class='ocrx_word' id='word_1_12' title='bbox 1334 403 1436 474; x_wconf 75' lang='grc' dir='ltr'><strong>ήδη</strong></span> <span class='ocrx_word' id='word_1_13' title='bbox 1471 389 1769 471; x_wconf 80' lang='grc' dir='ltr'>πεποίηκα,</span> 
     </span>
    </p>
   </div>
   <div class='ocr_carea' id='block_1_5' title="bbox 1897 389 3461 474">
    <p class='ocr_par' dir='ltr' id='par_1_5' title="bbox 1898 401 3461 473">
     <span class='ocr_line' id='line_1_5' title="bbox 1898 401 3461 473; baseline -0.001 -16"><span class='ocrx_word' id='word_1_14' title='bbox 1898 402 1929 457; x_wconf 89' lang='lat' dir='ltr'><strong>d</strong></span> <span class='ocrx_word' id='word_1_15' title='bbox 1971 402 2137 459; x_wconf 79' lang='lat' dir='ltr'><strong>fuerit</strong></span> <span class='ocrx_word' id='word_1_16' title='bbox 2189 411 2597 473; x_wconf 74' lang='lat' dir='ltr'><strong>argumentum,</strong></span> <span class='ocrx_word' id='word_1_17' title='bbox 2655 401 2798 472; x_wconf 88' lang='lat' dir='ltr'><strong>quod</strong></span> <span class='ocrx_word' id='word_1_18' title='bbox 2857 410 3103 455; x_wconf 86' lang='lat' dir='ltr'><strong>meorum</strong></span> <span class='ocrx_word' id='word_1_19' title='bbox 3164 403 3461 473; x_wconf 71' lang='lat' dir='ltr'><strong>propheta-</strong></span> 
     </span>
    </p>
   </div>
   <div class='ocr_carea' id='block_1_6' title="bbox 201 490 1783 563">
    <p class='ocr_par' dir='ltr' id='par_1_6' title="bbox 201 490 1783 563">
     <span class='ocr_line' id='line_1_6' title="bbox 201 490 1783 563; baseline 0.001 -20"><span class='ocrx_word' id='word_1_20' title='bbox 201 491 266 544; x_wconf 80' lang='grc' dir='ltr'>τὰ</span> <span class='ocrx_word' id='word_1_21' title='bbox 297 490 354 543; x_wconf 80' lang='grc' dir='ltr'><strong>δὲ</strong></span> <span class='ocrx_word' id='word_1_22' title='bbox 384 491 482 545; x_wconf 78' lang='grc' dir='ltr'><strong>καὶ</strong></span> <span class='ocrx_word' id='word_1_23' title='bbox 514 493 751 562; x_wconf 75' lang='grc' dir='ltr'>ποιήσω,</span> <span class='ocrx_word' id='word_1_24' title='bbox 781 493 871 547; x_wconf 83' lang='grc' dir='ltr'>διὰ</span> <span class='ocrx_word' id='word_1_25' title='bbox 925 493 1016 547; x_wconf 82' lang='grc' dir='ltr'>τοῦ</span> <span class='ocrx_word' id='word_1_26' title='bbox 1049 492 1262 547; x_wconf 77' lang='grc' dir='ltr'>καλεῖν</span> <span class='ocrx_word' id='word_1_27' title='bbox 1299 491 1590 547; x_wconf 74' lang='grc' dir='ltr'><strong>πετεινῶν</strong></span> <span class='ocrx_word' id='word_1_28' title='bbox 1626 493 1783 563; x_wconf 76' lang='grc' dir='ltr'>δίκην</span> 
     </span>
    </p>
   </div>
   <div class='ocr_carea' id='block_1_7' title="bbox 198 582 1784 655">
    <p class='ocr_par' dir='ltr' id='par_1_7' title="bbox 198 582 1784 655">
     <span class='ocr_line' id='line_1_7' title="bbox 198 582 1784 655; baseline -0.001 -18"><span class='ocrx_word' id='word_1_29' title='bbox 198 584 326 646; x_wconf 81' lang='grc' dir='ltr'>τοὺς</span> <span class='ocrx_word' id='word_1_30' title='bbox 375 584 543 654; x_wconf 76' lang='grc' dir='ltr'>ἐμοὺς</span> <span class='ocrx_word' id='word_1_31' title='bbox 584 583 865 655; x_wconf 82' lang='grc' dir='ltr'><strong>ὑπηρέτας</strong></span> <span class='ocrx_word' id='word_1_32' title='bbox 894 584 1184 653; x_wconf 72' lang='grc' dir='ltr'><strong>ἀγγέλους,</strong></span> <span class='ocrx_word' id='word_1_33' title='bbox 1215 585 1284 638; x_wconf 83' lang='grc' dir='ltr'>τά</span> <span class='ocrx_word' id='word_1_34' title='bbox 1331 602 1392 636; x_wconf 88' lang='grc' dir='ltr'><strong>τε</strong></span> <span class='ocrx_word' id='word_1_35' title='bbox 1433 582 1784 653; x_wconf 81' lang='grc' dir='ltr'><strong>λειτουργικὰ</strong></span> 
     </span>
    </p>
   </div>
   <div class='ocr_carea' id='block_1_8' title="bbox 194 673 1785 746">
    <p class='ocr_par' dir='ltr' id='par_1_8' title="bbox 194 673 1785 746">
     <span class='ocr_line' id='line_1_8' title="bbox 194 673 1785 746; baseline -0.001 -18"><span class='ocrx_word' id='word_1_36' title='bbox 194 675 493 744; x_wconf 67' lang='grc' dir='ltr'>’πνεύματα</span> <span class='ocrx_word' id='word_1_37' title='bbox 514 674 585 729; x_wconf 80' lang='grc' dir='ltr'>τὰ</span> <span class='ocrx_word' id='word_1_38' title='bbox 614 675 754 746; x_wconf 81' lang='grc' dir='ltr'>πρὸς</span> <span class='ocrx_word' id='word_1_39' title='bbox 776 676 1053 730; x_wconf 79' lang='grc' dir='ltr'><strong>διακονίαν</strong></span> <span class='ocrx_word' id='word_1_40' title='bbox 1075 674 1515 744; x_wconf 79' lang='grc' dir='ltr'>ἀποστελλόμενα</span> <span class='ocrx_word' id='word_1_41' title='bbox 1546 673 1635 727; x_wconf 83' lang='grc' dir='ltr'><strong>διὰ</strong></span> <span class='ocrx_word' id='word_1_42' title='bbox 1656 673 1785 737; x_wconf 79' lang='grc' dir='ltr'>τοὺς</span> 
     </span>
    </p>
   </div>
   <div class='ocr_carea' id='block_1_9' title="bbox 205 761 1785 839">
    <p class='ocr_par' dir='ltr' id='par_1_9' title="bbox 205 761 1785 839">
     <span class='ocr_line' id='line_1_9' title="bbox 205 761 1785 839; baseline -0.002 -20"><span class='ocrx_word' id='word_1_43' title='bbox 205 766 501 837; x_wconf 82' lang='grc' dir='ltr'>μέλλοντας</span> <span class='ocrx_word' id='word_1_44' title='bbox 536 766 899 839; x_wconf 80' lang='grc' dir='ltr'><strong>κληρονομεῖν</strong></span> <span class='ocrx_word' id='word_1_45' title='bbox 951 768 1248 838; x_wconf 85' lang='grc' dir='ltr'>σωτηρίαν.</span> <span class='ocrx_word' id='word_1_46' title='bbox 1277 766 1342 819; x_wconf 80' lang='grc' dir='ltr'><strong>Οἱ</strong></span> <span class='ocrx_word' id='word_1_47' title='bbox 1377 764 1436 818; x_wconf 84' lang='grc' dir='ltr'><strong>δὲ</strong></span> <span class='ocrx_word' id='word_1_48' title='bbox 1472 764 1655 818; x_wconf 79' lang='grc' dir='ltr'>λοιποὶ</span> <span class='ocrx_word' id='word_1_49' title='bbox 1697 761 1785 828; x_wconf 75' lang='grc' dir='ltr'><strong>ἐξ·</strong></span> 
     </span>
    </p>
   </div>
   <div class='ocr_carea' id='block_1_10' title="bbox 202 854 1787 926">
    <p class='ocr_par' dir='ltr' id='par_1_10' title="bbox 202 854 1787 926">
     <span class='ocr_line' id='line_1_10' title="bbox 202 854 1787 926; baseline -0.002 -15"><span class='ocrx_word' id='word_1_50' title='bbox 202 856 672 922; x_wconf 74' lang='grc' dir='ltr'>ἐδωκαν,’Καλῶν</span> <span class='ocrx_word' id='word_1_51' title='bbox 693 858 814 913; x_wconf 82' lang='grc' dir='ltr'><strong>ἀπὸ</strong></span> <span class='ocrx_word' id='word_1_52' title='bbox 838 855 1151 912; x_wconf 77' lang='grc' dir='ltr'>ἀνατολῶν</span> <span class='ocrx_word' id='word_1_53' title='bbox 1170 857 1356 926; x_wconf 79' lang='grc' dir='ltr'>ὄρνιν,</span> <span class='ocrx_word' id='word_1_54' title='bbox 1378 855 1496 910; x_wconf 82' lang='grc' dir='ltr'><strong>ἀπὸ</strong></span> <span class='ocrx_word' id='word_1_55' title='bbox 1512 854 1627 925; x_wconf 75' lang='grc' dir='ltr'>γῆς</span> <span class='ocrx_word' id='word_1_56' title='bbox 1642 856 1787 924; x_wconf 79' lang='grc' dir='ltr'><strong>πόῤ-</strong></span> 
     </span>
    </p>
   </div>
   <div class='ocr_carea' id='block_1_11' title="bbox 195 942 1786 1018">
    <p class='ocr_par' dir='ltr' id='par_1_11' title="bbox 195 942 1786 1018">
     <span class='ocr_line' id='line_1_11' title="bbox 195 942 1786 1018; baseline 0 -19"><span class='ocrx_word' id='word_1_57' title='bbox 195 947 391 1015; x_wconf 76' lang='grc' dir='ltr'>ῥωθεν</span> <span class='ocrx_word' id='word_1_58' title='bbox 419 946 611 1015; x_wconf 79' lang='grc' dir='ltr'>ἄνδρα</span> <span class='ocrx_word' id='word_1_59' title='bbox 632 946 878 1014; x_wconf 69' lang='grc' dir='ltr'>,βουλῆς</span> <span class='ocrx_word' id='word_1_60' title='bbox 894 965 1036 1017; x_wconf 86' lang='grc' dir='ltr'>μου.</span> <span class='ocrx_word' id='word_1_61' title='bbox 1062 947 1222 1018; x_wconf 90' lang='grc' dir='ltr'><strong>Δηλοῖ</strong></span> <span class='ocrx_word' id='word_1_62' title='bbox 1258 945 1316 999; x_wconf 87' lang='grc' dir='ltr'><strong>δὲ</strong></span> <span class='ocrx_word' id='word_1_63' title='bbox 1345 946 1436 999; x_wconf 74' lang='grc' dir='ltr'>τὸν</span> <span class='ocrx_word' id='word_1_64' title='bbox 1462 944 1699 1016; x_wconf 80' lang='grc' dir='ltr'>Χριστὸν</span> <span class='ocrx_word' id='word_1_65' title='bbox 1727 942 1786 999; x_wconf 79' lang='grc' dir='ltr'>ὃν</span> 
     </span>
    </p>
   </div>
   <div class='ocr_carea' id='block_1_12' title="bbox 198 1034 1785 1111">
    <p class='ocr_par' dir='ltr' id='par_1_12' title="bbox 198 1034 1785 1111">
     <span class='ocr_line' id='line_1_12' title="bbox 198 1034 1785 1111; baseline -0.003 -18"><span class='ocrx_word' id='word_1_66' title='bbox 198 1036 609 1109; x_wconf 83' lang='grc' dir='ltr'>ἁνακεκλῆσθαί</span> <span class='ocrx_word' id='word_1_67' title='bbox 632 1055 799 1108; x_wconf 80' lang='grc' dir='ltr'>φησιν</span> <span class='ocrx_word' id='word_1_68' title='bbox 822 1039 886 1091; x_wconf 77' lang='grc' dir='ltr'>ἐκ</span> <span class='ocrx_word' id='word_1_69' title='bbox 924 1040 1027 1108; x_wconf 81' lang='grc' dir='ltr'><strong>γῆς</strong></span> <span class='ocrx_word' id='word_1_70' title='bbox 1054 1037 1362 1111; x_wconf 69' lang='grc' dir='ltr'>πόρρωθεν,</span> <span class='ocrx_word' id='word_1_71' title='bbox 1391 1037 1498 1091; x_wconf 89' lang='grc' dir='ltr'><strong>τῶν</strong></span> <span class='ocrx_word' id='word_1_72' title='bbox 1529 1035 1625 1089; x_wconf 77' lang='grc' dir='ltr'>τοῦ</span> <span class='ocrx_word' id='word_1_73' title='bbox 1660 1034 1785 1107; x_wconf 64' lang='grc' dir='ltr'>ᾅδου</span> 
     </span>
    </p>
   </div>
   <div class='ocr_carea' id='block_1_13' title="bbox 193 1120 1787 1201">
    <p class='ocr_par' dir='ltr' id='par_1_13' title="bbox 193 1120 1787 1201">
     <span class='ocr_line' id='line_1_13' title="bbox 193 1120 1787 1201; baseline -0.005 -15"><span class='ocrx_word' id='word_1_74' title='bbox 193 1130 443 1201; x_wconf 73' lang='grc' dir='ltr'>δηλονότι</span> <span class='ocrx_word' id='word_1_75' title='bbox 476 1130 685 1200; x_wconf 88' lang='grc' dir='ltr'>μυχῶν,</span> <span class='ocrx_word' id='word_1_76' title='bbox 724 1129 791 1182; x_wconf 83' lang='grc' dir='ltr'><strong>δι’</strong></span> <span class='ocrx_word' id='word_1_77' title='bbox 820 1120 883 1182; x_wconf 73' lang='grc' dir='ltr'><strong>οὗ</strong></span> <span class='ocrx_word' id='word_1_78' title='bbox 912 1127 1226 1199; x_wconf 82' lang='grc' dir='ltr'><strong>πληρώσειν</strong></span> <span class='ocrx_word' id='word_1_79' title='bbox 1276 1128 1380 1192; x_wconf 84' lang='grc' dir='ltr'><strong>τὰς</strong></span> <span class='ocrx_word' id='word_1_80' title='bbox 1450 1125 1787 1197; x_wconf 67' lang='grc' dir='ltr'>ἱπαγγελίας</span> 
     </span>
    </p>
   </div>
   <div class='ocr_carea' id='block_1_14' title="bbox 197 1214 1784 1290">
    <p class='ocr_par' dir='ltr' id='par_1_14' title="bbox 197 1214 1784 1290">
     <span class='ocr_line' id='line_1_14' title="bbox 197 1214 1784 1290; baseline -0.003 -18"><span class='ocrx_word' id='word_1_81' title='bbox 197 1220 384 1290; x_wconf 77' lang='grc' dir='ltr'>φησίν.</span> <span class='ocrx_word' id='word_1_82' title='bbox 422 1218 605 1273; x_wconf 82' lang='grc' dir='ltr'>Ἀλλοι</span> <span class='ocrx_word' id='word_1_83' title='bbox 640 1220 698 1273; x_wconf 83' lang='grc' dir='ltr'><strong>δὲ</strong></span> <span class='ocrx_word' id='word_1_84' title='bbox 745 1218 1025 1273; x_wconf 82' lang='grc' dir='ltr'><strong>πετεινὸν</strong></span> <span class='ocrx_word' id='word_1_85' title='bbox 1054 1216 1266 1285; x_wconf 73' lang='grc' dir='ltr'>ἔφασαν</span> <span class='ocrx_word' id='word_1_86' title='bbox 1300 1217 1392 1270; x_wconf 82' lang='grc' dir='ltr'>τὸν</span> <span class='ocrx_word' id='word_1_87' title='bbox 1415 1214 1784 1280; x_wconf 77' lang='grc' dir='ltr'>Βαϐυλώνιον,</span> 
     </span>
    </p>
   </div>
   <div class='ocr_carea' id='block_1_15' title="bbox 194 1305 1789 1385">
    <p class='ocr_par' dir='ltr' id='par_1_15' title="bbox 194 1305 1789 1385">
     <span class='ocr_line' id='line_1_15' title="bbox 194 1305 1789 1385; baseline -0.006 -16"><span class='ocrx_word' id='word_1_88' title='bbox 194 1314 328 1384; x_wconf 71' lang='grc' dir='ltr'>περὶ</span> <span class='ocrx_word' id='word_1_89' title='bbox 356 1305 420 1366; x_wconf 70' lang='grc' dir='ltr'><strong>οὗ</strong></span> <span class='ocrx_word' id='word_1_90' title='bbox 444 1310 884 1385; x_wconf 73' lang='grc' dir='ltr'>φησιν’]εζεκιήλ</span> <span class='ocrx_word' id='word_1_91' title='bbox 905 1326 920 1342; x_wconf 77' lang='grc' dir='ltr'><strong><em>ο</em></strong></span> <span class='ocrx_word' id='word_1_92' title='bbox 946 1330 967 1364; x_wconf 78' lang='grc' dir='ltr'><strong>ι</strong></span> <span class='ocrx_word' id='word_1_93' title='bbox 1002 1312 1061 1364; x_wconf 91' lang='grc' dir='ltr'>Ὀ</span> <span class='ocrx_word' id='word_1_94' title='bbox 1089 1311 1249 1374; x_wconf 80' lang='grc' dir='ltr'>ἀετὸς</span> <span class='ocrx_word' id='word_1_95' title='bbox 1280 1312 1310 1363; x_wconf 85' lang='grc' dir='ltr'>ὁ</span> <span class='ocrx_word' id='word_1_96' title='bbox 1342 1308 1534 1378; x_wconf 81' lang='grc' dir='ltr'><strong>μέγας,</strong></span> <span class='ocrx_word' id='word_1_97' title='bbox 1552 1309 1591 1361; x_wconf 74' lang='grc'>6</span> <span class='ocrx_word' id='word_1_98' title='bbox 1614 1324 1789 1378; x_wconf 76' lang='grc' dir='ltr'>μεγα-</span> 
     </span>
    </p>
   </div>
   <div class='ocr_carea' id='block_1_16' title="bbox 188 1399 1788 1477">
    <p class='ocr_par' dir='ltr' id='par_1_16' title="bbox 188 1399 1788 1477">
     <span class='ocr_line' id='line_1_16' title="bbox 188 1399 1788 1477; baseline -0.006 -17"><span class='ocrx_word' id='word_1_99' title='bbox 188 1405 560 1477; x_wconf 82' lang='grc' dir='ltr'>·λοπτέρυγος,</span> <span class='ocrx_word' id='word_1_100' title='bbox 600 1423 620 1457; x_wconf 82' lang='grc'><strong>›</strong></span> <span class='ocrx_word' id='word_1_101' title='bbox 656 1404 753 1458; x_wconf 72' lang='grc' dir='ltr'>καὶ</span> <span class='ocrx_word' id='word_1_102' title='bbox 783 1403 853 1457; x_wconf 82' lang='grc' dir='ltr'>τὰ</span> <span class='ocrx_word' id='word_1_103' title='bbox 883 1402 1030 1473; x_wconf 79' lang='grc' dir='ltr'>ἑξῆς.</span> <span class='ocrx_word' id='word_1_104' title='bbox 1062 1402 1242 1473; x_wconf 69' lang='lat' dir='ltr'><strong>&quot;Amp</strong></span> <span class='ocrx_word' id='word_1_105' title='bbox 1279 1399 1648 1470; x_wconf 81' lang='grc' dir='ltr'>ὲξηγούμενός</span> <span class='ocrx_word' id='word_1_106' title='bbox 1681 1415 1788 1468; x_wconf 83' lang='grc' dir='ltr'><strong>φη-</strong></span> 
     </span>
    </p>
   </div>
   <div class='ocr_carea' id='block_1_17' title="bbox 201 1489 1784 1562">
    <p class='ocr_par' dir='ltr' id='par_1_17' title="bbox 201 1489 1784 1562">
     <span class='ocr_line' id='line_1_17' title="bbox 201 1489 1784 1562; baseline -0.007 -9"><span class='ocrx_word' id='word_1_107' title='bbox 201 1515 323 1554; x_wconf 78' lang='grc' dir='ltr'>σιν’</span> <span class='ocrx_word' id='word_1_108' title='bbox 364 1516 385 1551; x_wconf 71' lang='grc' dir='ltr'><strong>ι</strong></span> <span class='ocrx_word' id='word_1_109' title='bbox 435 1497 550 1551; x_wconf 82' lang='grc' dir='ltr'><strong>Οὐκ</strong></span> <span class='ocrx_word' id='word_1_110' title='bbox 591 1495 889 1550; x_wconf 74' lang='grc' dir='ltr'>ἐπίστασθε</span> <span class='ocrx_word' id='word_1_111' title='bbox 926 1495 982 1547; x_wconf 86' lang='grc' dir='ltr'><strong>τί</strong></span> <span class='ocrx_word' id='word_1_112' title='bbox 1032 1496 1150 1548; x_wconf 81' lang='grc' dir='ltr'>ὲστι</span> <span class='ocrx_word' id='word_1_113' title='bbox 1180 1491 1391 1557; x_wconf 85' lang='grc' dir='ltr'>ταῦτα;</span> <span class='ocrx_word' id='word_1_114' title='bbox 1434 1490 1511 1544; x_wconf 85' lang='grc' dir='ltr'><strong>ὅτ’</strong></span> <span class='ocrx_word' id='word_1_115' title='bbox 1540 1489 1606 1544; x_wconf 83' lang='grc' dir='ltr'>ἂν</span> <span class='ocrx_word' id='word_1_116' title='bbox 1653 1489 1784 1562; x_wconf 80' lang='grc' dir='ltr'><strong>ἔλθῃ</strong></span> 
     </span>
    </p>
   </div>
   <div class='ocr_carea' id='block_1_18' title="bbox 201 1580 1784 1661">
    <p class='ocr_par' dir='ltr' id='par_1_18' title="bbox 201 1580 1784 1661">
     <span class='ocr_line' id='line_1_18' title="bbox 201 1580 1784 1661; baseline -0.006 -17"><span class='ocrx_word' id='word_1_117' title='bbox 201 1589 458 1661; x_wconf 79' lang='grc' dir='ltr'>βασιλεὺς</span> <span class='ocrx_word' id='word_1_118' title='bbox 509 1587 831 1651; x_wconf 68' lang='grc' dir='ltr'>Βαϐυλῶνος</span> <span class='ocrx_word' id='word_1_119' title='bbox 875 1588 967 1640; x_wconf 71' lang='grc' dir='ltr'><strong>ἐπὶ</strong></span> <span class='ocrx_word' id='word_1_120' title='bbox 1007 1582 1368 1656; x_wconf 81' lang='grc' dir='ltr'>Ἰερουσαλὴμ</span> <span class='ocrx_word' id='word_1_121' title='bbox 1407 1581 1504 1635; x_wconf 78' lang='grc' dir='ltr'>καὶ</span> <span class='ocrx_word' id='word_1_122' title='bbox 1550 1580 1784 1652; x_wconf 80' lang='grc' dir='ltr'>λήψεται</span> 
     </span>
    </p>
   </div>
   <div class='ocr_carea' id='block_1_19' title="bbox 198 1672 1789 1752">
    <p class='ocr_par' dir='ltr' id='par_1_19' title="bbox 198 1672 1789 1752">
     <span class='ocr_line' id='line_1_19' title="bbox 198 1672 1789 1752; baseline -0.007 -17"><span class='ocrx_word' id='word_1_123' title='bbox 198 1683 289 1736; x_wconf 76' lang='grc' dir='ltr'>τὸν</span> <span class='ocrx_word' id='word_1_124' title='bbox 329 1680 554 1752; x_wconf 82' lang='grc' dir='ltr'><strong>βασιλέα</strong></span> <span class='ocrx_word' id='word_1_125' title='bbox 586 1680 779 1750; x_wconf 81' lang='grc' dir='ltr'>αὐτῆς,</span> <span class='ocrx_word' id='word_1_126' title='bbox 812 1678 906 1732; x_wconf 81' lang='grc' dir='ltr'>καὶ</span> <span class='ocrx_word' id='word_1_127' title='bbox 953 1678 1083 1741; x_wconf 80' lang='grc' dir='ltr'>τοὺς</span> <span class='ocrx_word' id='word_1_128' title='bbox 1125 1676 1398 1748; x_wconf 79' lang='grc' dir='ltr'>ἄρχοντας</span> <span class='ocrx_word' id='word_1_129' title='bbox 1429 1672 1655 1742; x_wconf 78' lang='grc' dir='ltr'>αὑτῆς,›</span> <span class='ocrx_word' id='word_1_130' title='bbox 1683 1680 1789 1731; x_wconf 49' lang='grc' dir='ltr'>και,</span> 
     </span>
    </p>
   </div>
   <div class='ocr_carea' id='block_1_20' title="bbox 1889 494 3463 567">
    <p class='ocr_par' dir='ltr' id='par_1_20' title="bbox 1889 494 3463 567">
     <span class='ocr_line' id='line_1_20' title="bbox 1889 494 3463 567; baseline 0.003 -20"><span class='ocrx_word' id='word_1_131' title='bbox 1889 510 2009 549; x_wconf 91' lang='lat' dir='ltr'><strong>rum</strong></span> <span class='ocrx_word' id='word_1_132' title='bbox 2040 510 2177 550; x_wconf 91' lang='lat' dir='ltr'><strong>voce</strong></span> <span class='ocrx_word' id='word_1_133' title='bbox 2205 510 2326 566; x_wconf 68' lang='lat' dir='ltr'><strong>quae</strong></span> <span class='ocrx_word' id='word_1_134' title='bbox 2355 503 2543 550; x_wconf 88' lang='lat' dir='ltr'><strong>essent</strong></span> <span class='ocrx_word' id='word_1_135' title='bbox 2571 502 2836 550; x_wconf 79' lang='lat' dir='ltr'><strong>eventura</strong></span> <span class='ocrx_word' id='word_1_136' title='bbox 2871 494 3032 563; x_wconf 88' lang='lat' dir='ltr'><strong>longe</strong></span> <span class='ocrx_word' id='word_1_137' title='bbox 3088 503 3214 550; x_wconf 92' lang='lat' dir='ltr'><strong>ante</strong></span> <span class='ocrx_word' id='word_1_138' title='bbox 3263 497 3463 567; x_wconf 56' lang='lat' dir='ltr'><strong>praedi-</strong></span> 
     </span>
    </p>
   </div>
   <div class='ocr_carea' id='block_1_21' title="bbox 1888 583 3462 655">
    <p class='ocr_par' dir='ltr' id='par_1_21' title="bbox 1888 583 3462 655">
     <span class='ocr_line' id='line_1_21' title="bbox 1888 583 3462 655; baseline 0.002 -17"><span class='ocrx_word' id='word_1_139' title='bbox 1888 583 2086 645; x_wconf 82' lang='lat' dir='ltr'><strong>xerim,</strong></span> <span class='ocrx_word' id='word_1_140' title='bbox 2123 600 2357 653; x_wconf 88' lang='lat' dir='ltr'><strong>quorum</strong></span> <span class='ocrx_word' id='word_1_141' title='bbox 2390 584 2494 638; x_wconf 88' lang='lat' dir='ltr'><strong>alia</strong></span> <span class='ocrx_word' id='word_1_142' title='bbox 2517 584 2629 654; x_wconf 89' lang='lat' dir='ltr'><strong>jam</strong></span> <span class='ocrx_word' id='word_1_143' title='bbox 2662 599 2761 655; x_wconf 92' lang='lat' dir='ltr'><strong>per</strong></span> <span class='ocrx_word' id='word_1_144' title='bbox 2813 598 2899 639; x_wconf 90' lang='lat' dir='ltr'><strong>me</strong></span> <span class='ocrx_word' id='word_1_145' title='bbox 2952 583 3098 639; x_wconf 78' lang='lat' dir='ltr'><strong>facta</strong></span> <span class='ocrx_word' id='word_1_146' title='bbox 3150 594 3301 648; x_wconf 90' lang='lat' dir='ltr'><strong>sunt,</strong></span> <span class='ocrx_word' id='word_1_147' title='bbox 3357 588 3462 641; x_wconf 83' lang='lat' dir='ltr'><strong>alia</strong></span> 
     </span>
    </p>
   </div>
   <div class='ocr_carea' id='block_1_22' title="bbox 1887 674 3460 746">
    <p class='ocr_par' dir='ltr' id='par_1_22' title="bbox 1887 674 3460 746">
     <span class='ocr_line' id='line_1_22' title="bbox 1887 674 3460 746; baseline 0.003 -18"><span class='ocrx_word' id='word_1_148' title='bbox 1887 674 2081 745; x_wconf 85' lang='lat' dir='ltr'><strong>procul</strong></span> <span class='ocrx_word' id='word_1_149' title='bbox 2110 674 2280 731; x_wconf 93' lang='lat' dir='ltr'><strong>dubio</strong></span> <span class='ocrx_word' id='word_1_150' title='bbox 2318 684 2374 731; x_wconf 90' lang='lat' dir='ltr'><strong>et</strong></span> <span class='ocrx_word' id='word_1_151' title='bbox 2428 678 2547 746; x_wconf 86' lang='lat' dir='ltr'><strong>ipse</strong></span> <span class='ocrx_word' id='word_1_152' title='bbox 2586 675 2852 743; x_wconf 85' lang='lat' dir='ltr'><strong>eﬁiciam;</strong></span> <span class='ocrx_word' id='word_1_153' title='bbox 2903 676 2998 746; x_wconf 86' lang='lat' dir='ltr'><strong>qui</strong></span> <span class='ocrx_word' id='word_1_154' title='bbox 3052 678 3108 732; x_wconf 92' lang='lat' dir='ltr'><strong>in</strong></span> <span class='ocrx_word' id='word_1_155' title='bbox 3148 678 3460 734; x_wconf 78' lang='lat' dir='ltr'><strong>subsidium</strong></span> 
     </span>
    </p>
   </div>
   <div class='ocr_carea' id='block_1_23' title="bbox 1889 766 3464 839">
    <p class='ocr_par' dir='ltr' id='par_1_23' title="bbox 1889 766 3464 839">
     <span class='ocr_line' id='line_1_23' title="bbox 1889 766 3464 839; baseline 0.002 -20"><span class='ocrx_word' id='word_1_156' title='bbox 1889 780 2073 820; x_wconf 89' lang='lat' dir='ltr'><strong>meum</strong></span> <span class='ocrx_word' id='word_1_157' title='bbox 2123 766 2365 837; x_wconf 76' lang='lat' dir='ltr'><strong>angelos,</strong></span> <span class='ocrx_word' id='word_1_158' title='bbox 2402 775 2663 836; x_wconf 91' lang='lat' dir='ltr'><strong>tanquam</strong></span> <span class='ocrx_word' id='word_1_159' title='bbox 2706 784 2846 833; x_wconf 81' lang='lat' dir='ltr'><strong>aves,</strong></span> <span class='ocrx_word' id='word_1_160' title='bbox 2911 768 3249 839; x_wconf 79' lang='lat' dir='ltr'><strong>spiritusque</strong></span> <span class='ocrx_word' id='word_1_161' title='bbox 3296 771 3464 824; x_wconf 58' lang='lat' dir='ltr'><strong>mini.</strong></span> 
     </span>
    </p>
   </div>
   <div class='ocr_carea' id='block_1_24' title="bbox 1891 856 3460 926">
    <p class='ocr_par' dir='ltr' id='par_1_24' title="bbox 1891 856 3460 926">
     <span class='ocr_line' id='line_1_24' title="bbox 1891 856 3460 926; baseline 0.004 -15"><span class='ocrx_word' id='word_1_162' title='bbox 1891 856 2125 921; x_wconf 81' lang='lat' dir='ltr'><strong>strosjn</strong></span> <span class='ocrx_word' id='word_1_163' title='bbox 2156 871 2368 921; x_wconf 81' lang='lat' dir='ltr'><strong>eorum,</strong></span> <span class='ocrx_word' id='word_1_164' title='bbox 2404 858 2497 926; x_wconf 89' lang='lat' dir='ltr'><strong>qui</strong></span> <span class='ocrx_word' id='word_1_165' title='bbox 2530 856 2729 913; x_wconf 85' lang='lat' dir='ltr'><strong>salutis</strong></span> <span class='ocrx_word' id='word_1_166' title='bbox 2758 857 3003 913; x_wconf 76' lang='lat' dir='ltr'><strong>hzcredes</strong></span> <span class='ocrx_word' id='word_1_167' title='bbox 3035 857 3208 913; x_wconf 77' lang='lat' dir='ltr'><strong>futuri</strong></span> <span class='ocrx_word' id='word_1_168' title='bbox 3242 866 3371 914; x_wconf 84' lang='lat' dir='ltr'><strong>sunt</strong></span> <span class='ocrx_word' id='word_1_169' title='bbox 3392 860 3460 918; x_wconf 78' lang='grc'><strong>⁸⁵.</strong></span> 
     </span>
    </p>
   </div>
   <div class='ocr_carea' id='block_1_25' title="bbox 1890 946 3460 1019">
    <p class='ocr_par' dir='ltr' id='par_1_25' title="bbox 1890 946 3460 1019">
     <span class='ocr_line' id='line_1_25' title="bbox 1890 946 3460 1019; baseline 0.004 -18"><span class='ocrx_word' id='word_1_170' title='bbox 1890 946 2154 1002; x_wconf 83' lang='lat' dir='ltr'><strong>auxilium</strong></span> <span class='ocrx_word' id='word_1_171' title='bbox 2181 964 2363 1003; x_wconf 77' lang='lat' dir='ltr'><strong>uocare</strong></span> <span class='ocrx_word' id='word_1_172' title='bbox 2393 949 2625 1019; x_wconf 85' lang='lat' dir='ltr'><strong>possim.</strong></span> <span class='ocrx_word' id='word_1_173' title='bbox 2660 949 2766 1003; x_wconf 83' lang='lat' dir='ltr'><strong>Alii</strong></span> <span class='ocrx_word' id='word_1_174' title='bbox 2795 958 2978 1004; x_wconf 88' lang='lat' dir='ltr'><strong>autem</strong></span> <span class='ocrx_word' id='word_1_175' title='bbox 3009 951 3415 1006; x_wconf 90' lang='lat' dir='ltr'><strong>transtulerunt</strong></span> <span class='ocrx_word' id='word_1_176' title='bbox 3444 971 3460 1007; x_wconf 90' lang='lat'><strong>:</strong></span> 
     </span>
    </p>
   </div>
   <div class='ocr_carea' id='block_1_26' title="bbox 1890 1036 3465 1110">
    <p class='ocr_par' dir='ltr' id='par_1_26' title="bbox 1890 1036 3465 1110">
     <span class='ocr_line' id='line_1_26' title="bbox 1890 1036 3465 1110; baseline 0.001 -19"><span class='ocrx_word' id='word_1_177' title='bbox 1890 1036 2107 1091; x_wconf 74' lang='lat' dir='ltr'><strong>Vocans</strong></span> <span class='ocrx_word' id='word_1_178' title='bbox 2143 1036 2207 1090; x_wconf 89' lang='lat' dir='ltr'><strong>ab</strong></span> <span class='ocrx_word' id='word_1_179' title='bbox 2240 1039 2436 1091; x_wconf 76' lang='lat' dir='ltr'><strong>oriente</strong></span> <span class='ocrx_word' id='word_1_180' title='bbox 2490 1054 2657 1102; x_wconf 83' lang='lat' dir='ltr'><strong>avem,</strong></span> <span class='ocrx_word' id='word_1_181' title='bbox 2691 1056 2724 1092; x_wconf 94' lang='lat' dir='ltr'><strong>a</strong></span> <span class='ocrx_word' id='word_1_182' title='bbox 2774 1049 2914 1093; x_wconf 88' lang='lat' dir='ltr'><strong>terra</strong></span> <span class='ocrx_word' id='word_1_183' title='bbox 2954 1039 3244 1110; x_wconf 85' lang='lat' dir='ltr'><strong>longinqua</strong></span> <span class='ocrx_word' id='word_1_184' title='bbox 3290 1042 3465 1095; x_wconf 84' lang='lat' dir='ltr'><strong>virum</strong></span> 
     </span>
    </p>
   </div>
   <div class='ocr_carea' id='block_1_27' title="bbox 1889 1126 3460 1200">
    <p class='ocr_par' dir='ltr' id='par_1_27' title="bbox 1889 1126 3460 1200">
     <span class='ocr_line' id='line_1_27' title="bbox 1889 1126 3460 1200; baseline 0.001 -19"><span class='ocrx_word' id='word_1_185' title='bbox 1889 1128 2177 1182; x_wconf 80' lang='lat' dir='ltr'><strong>voluntatis</strong></span> <span class='ocrx_word' id='word_1_186' title='bbox 2247 1144 2392 1183; x_wconf 69' lang='lat' dir='ltr'><strong>mele.</strong></span> <span class='ocrx_word' id='word_1_187' title='bbox 2456 1126 2669 1193; x_wconf 81' lang='lat' dir='ltr'><strong>Quibus</strong></span> <span class='ocrx_word' id='word_1_188' title='bbox 2721 1137 2870 1184; x_wconf 90' lang='lat' dir='ltr'><strong>certe</strong></span> <span class='ocrx_word' id='word_1_189' title='bbox 2922 1129 3210 1186; x_wconf 79' lang='lat' dir='ltr'><strong>Christum</strong></span> <span class='ocrx_word' id='word_1_190' title='bbox 3280 1131 3460 1200; x_wconf 90' lang='lat' dir='ltr'><strong>ipsum</strong></span> 
     </span>
    </p>
   </div>
   <div class='ocr_carea' id='block_1_28' title="bbox 1891 1218 3462 1291">
    <p class='ocr_par' dir='ltr' id='par_1_28' title="bbox 1891 1218 3462 1291">
     <span class='ocr_line' id='line_1_28' title="bbox 1891 1218 3462 1291; baseline 0.002 -18"><span class='ocrx_word' id='word_1_191' title='bbox 1891 1218 2307 1288; x_wconf 87' lang='lat' dir='ltr'><strong>signiﬁcarunt;</strong></span> <span class='ocrx_word' id='word_1_192' title='bbox 2346 1233 2509 1288; x_wconf 88' lang='lat' dir='ltr'><strong>quem</strong></span> <span class='ocrx_word' id='word_1_193' title='bbox 2542 1219 2607 1274; x_wconf 92' lang='lat' dir='ltr'><strong>de</strong></span> <span class='ocrx_word' id='word_1_194' title='bbox 2639 1226 2785 1274; x_wconf 88' lang='lat' dir='ltr'><strong>terra</strong></span> <span class='ocrx_word' id='word_1_195' title='bbox 2820 1220 3144 1291; x_wconf 85' lang='lat' dir='ltr'><strong>longinqua,</strong></span> <span class='ocrx_word' id='word_1_196' title='bbox 3190 1220 3244 1276; x_wconf 90' lang='lat' dir='ltr'><strong>id</strong></span> <span class='ocrx_word' id='word_1_197' title='bbox 3274 1229 3360 1276; x_wconf 84' lang='lat' dir='ltr'><strong>est</strong></span> <span class='ocrx_word' id='word_1_198' title='bbox 3392 1223 3462 1276; x_wconf 85' lang='lat' dir='ltr'><strong>ab</strong></span> 
     </span>
    </p>
   </div>
   <div class='ocr_carea' id='block_1_29' title="bbox 1891 1308 3462 1381">
    <p class='ocr_par' dir='ltr' id='par_1_29' title="bbox 1891 1308 3462 1381">
     <span class='ocr_line' id='line_1_29' title="bbox 1891 1308 3462 1381; baseline 0.003 -17"><span class='ocrx_word' id='word_1_199' title='bbox 1891 1309 2029 1379; x_wconf 84' lang='lat' dir='ltr'><strong>ipsis</strong></span> <span class='ocrx_word' id='word_1_200' title='bbox 2064 1308 2366 1364; x_wconf 79' lang='lat' dir='ltr'><strong>inferorum</strong></span> <span class='ocrx_word' id='word_1_201' title='bbox 2401 1311 2801 1380; x_wconf 83' lang='lat' dir='ltr'><strong>penetralibus,</strong></span> <span class='ocrx_word' id='word_1_202' title='bbox 2835 1321 3122 1369; x_wconf 90' lang='lat' dir='ltr'><strong>evocatum</strong></span> <span class='ocrx_word' id='word_1_203' title='bbox 3155 1330 3277 1371; x_wconf 90' lang='lat' dir='ltr'><strong>esse</strong></span> <span class='ocrx_word' id='word_1_204' title='bbox 3303 1315 3462 1381; x_wconf 80' lang='lat' dir='ltr'><strong>dicit,</strong></span> 
     </span>
    </p>
   </div>
   <div class='ocr_carea' id='block_1_30' title="bbox 1890 1399 3465 1473">
    <p class='ocr_par' dir='ltr' id='par_1_30' title="bbox 1890 1399 3465 1473">
     <span class='ocr_line' id='line_1_30' title="bbox 1890 1399 3465 1473; baseline 0.004 -19"><span class='ocrx_word' id='word_1_205' title='bbox 1890 1406 1944 1454; x_wconf 90' lang='lat' dir='ltr'><strong>et</strong></span> <span class='ocrx_word' id='word_1_206' title='bbox 1975 1414 2070 1468; x_wconf 91' lang='lat' dir='ltr'><strong>per</strong></span> <span class='ocrx_word' id='word_1_207' title='bbox 2100 1399 2350 1454; x_wconf 87' lang='lat' dir='ltr'><strong>eumdem</strong></span> <span class='ocrx_word' id='word_1_208' title='bbox 2386 1416 2446 1456; x_wconf 89' lang='lat' dir='ltr'><strong>se</strong></span> <span class='ocrx_word' id='word_1_209' title='bbox 2495 1401 2888 1470; x_wconf 89' lang='lat' dir='ltr'><strong>promissioues</strong></span> <span class='ocrx_word' id='word_1_210' title='bbox 2934 1403 3311 1473; x_wconf 85' lang='lat' dir='ltr'><strong>impleturum.</strong></span> <span class='ocrx_word' id='word_1_211' title='bbox 3353 1405 3465 1460; x_wconf 85' lang='lat' dir='ltr'><strong>Alii</strong></span> 
     </span>
    </p>
   </div>
   <div class='ocr_carea' id='block_1_31' title="bbox 1890 1490 3464 1563">
    <p class='ocr_par' dir='ltr' id='par_1_31' title="bbox 1890 1490 3464 1563">
     <span class='ocr_line' id='line_1_31' title="bbox 1890 1490 3464 1563; baseline 0.004 -21"><span class='ocrx_word' id='word_1_212' title='bbox 1890 1503 2059 1560; x_wconf 89' lang='lat' dir='ltr'><strong>porro</strong></span> <span class='ocrx_word' id='word_1_213' title='bbox 2088 1491 2197 1543; x_wconf 83' lang='lat' dir='ltr'><strong>avis</strong></span> <span class='ocrx_word' id='word_1_214' title='bbox 2228 1490 2449 1546; x_wconf 87' lang='lat' dir='ltr'><strong>nomine</strong></span> <span class='ocrx_word' id='word_1_215' title='bbox 2473 1491 2830 1562; x_wconf 87' lang='lat' dir='ltr'><strong>Babylonium</strong></span> <span class='ocrx_word' id='word_1_216' title='bbox 2854 1492 3147 1563; x_wconf 90' lang='lat' dir='ltr'><strong>signiﬁcari</strong></span> <span class='ocrx_word' id='word_1_217' title='bbox 3184 1494 3464 1555; x_wconf 80' lang='lat' dir='ltr'><strong>dixerunt.</strong></span> 
     </span>
    </p>
   </div>
   <div class='ocr_carea' id='block_1_32' title="bbox 1892 1580 3461 1654">
    <p class='ocr_par' dir='ltr' id='par_1_32' title="bbox 1892 1580 3461 1654">
     <span class='ocr_line' id='line_1_32' title="bbox 1892 1580 3461 1654; baseline 0.004 -20"><span class='ocrx_word' id='word_1_218' title='bbox 1892 1582 1959 1635; x_wconf 85' lang='lat' dir='ltr'><strong>de</strong></span> <span class='ocrx_word' id='word_1_219' title='bbox 1996 1594 2105 1650; x_wconf 91' lang='lat' dir='ltr'><strong>quo</strong></span> <span class='ocrx_word' id='word_1_220' title='bbox 2137 1580 2449 1649; x_wconf 81' lang='lat' dir='ltr'><strong>loquentem</strong></span> <span class='ocrx_word' id='word_1_221' title='bbox 2489 1580 2645 1651; x_wconf 81' lang='lat'><strong>531</strong></span> <span class='ocrx_word' id='word_1_222' title='bbox 2690 1580 3033 1639; x_wconf 87' lang='lat' dir='ltr'><strong>Ezechielem</strong></span> <span class='ocrx_word' id='word_1_223' title='bbox 3063 1584 3333 1654; x_wconf 86' lang='lat' dir='ltr'><strong>reperias,</strong></span> <span class='ocrx_word' id='word_1_224' title='bbox 3367 1585 3461 1640; x_wconf 90' lang='lat' dir='ltr'><strong>ubi</strong></span> 
     </span>
    </p>
   </div>
   <div class='ocr_carea' id='block_1_33' title="bbox 1892 1672 3469 1744">
    <p class='ocr_par' dir='ltr' id='par_1_33' title="bbox 1892 1672 3469 1744">
     <span class='ocr_line' id='line_1_33' title="bbox 1892 1672 3469 1744; baseline 0.004 -20"><span class='ocrx_word' id='word_1_225' title='bbox 1892 1672 1969 1725; x_wconf 88' lang='lat' dir='ltr'><strong>ait</strong></span> <span class='ocrx_word' id='word_1_226' title='bbox 2002 1689 2015 1725; x_wconf 90' lang='lat'><strong>:</strong></span> <span class='ocrx_word' id='word_1_227' title='bbox 2053 1690 2073 1724; x_wconf 80' lang='grc' dir='ltr'><strong>ι</strong></span> <span class='ocrx_word' id='word_1_228' title='bbox 2108 1672 2301 1742; x_wconf 86' lang='lat' dir='ltr'><strong>Aquila</strong></span> <span class='ocrx_word' id='word_1_229' title='bbox 2332 1687 2549 1741; x_wconf 84' lang='lat' dir='ltr'><strong>magna,</strong></span> <span class='ocrx_word' id='word_1_230' title='bbox 2594 1672 2811 1743; x_wconf 82' lang='lat' dir='ltr'><strong>magnis</strong></span> <span class='ocrx_word' id='word_1_231' title='bbox 2853 1674 3049 1744; x_wconf 85' lang='lat' dir='ltr'><strong>pennis</strong></span> <span class='ocrx_word' id='word_1_232' title='bbox 3080 1677 3148 1743; x_wconf 84' lang='lat'><strong>“,</strong></span> <span class='ocrx_word' id='word_1_233' title='bbox 3188 1695 3208 1728; x_wconf 69' lang='grc' dir='ltr'><strong>ι</strong></span> <span class='ocrx_word' id='word_1_234' title='bbox 3243 1684 3469 1731; x_wconf 67' lang='lat' dir='ltr'><strong>cratera-</strong></span> 
     </span>
    </p>
   </div>
   <div class='ocr_carea' id='block_1_34' title="bbox 197 1750 1784 1843">
    <p class='ocr_par' dir='ltr' id='par_1_34' title="bbox 197 1750 1778 1843">
     <span class='ocr_line' id='line_1_34' title="bbox 197 1750 1778 1843; baseline -0.005 -17"><span class='ocrx_word' id='word_1_235' title='bbox 197 1766 293 1826; x_wconf 75' lang='grc' dir='ltr'>τὰ’</span> <span class='ocrx_word' id='word_1_236' title='bbox 318 1750 460 1843; x_wconf 79' lang='grc' dir='ltr'>μετὰ</span> <span class='ocrx_word' id='word_1_237' title='bbox 501 1770 705 1825; x_wconf 80' lang='grc' dir='ltr'>ταῦτα’</span> <span class='ocrx_word' id='word_1_238' title='bbox 748 1770 972 1834; x_wconf 85' lang='grc' dir='ltr'>τούτους</span> <span class='ocrx_word' id='word_1_239' title='bbox 1018 1769 1127 1841; x_wconf 82' lang='grc' dir='ltr'><strong>γὰρ</strong></span> <span class='ocrx_word' id='word_1_240' title='bbox 1162 1767 1399 1821; x_wconf 82' lang='grc' dir='ltr'>ὲκλεκτὰ</span> <span class='ocrx_word' id='word_1_241' title='bbox 1443 1766 1542 1836; x_wconf 84' lang='grc' dir='ltr'>τῆς</span> <span class='ocrx_word' id='word_1_242' title='bbox 1582 1765 1778 1834; x_wconf 86' lang='grc' dir='ltr'>κέδρου</span> 
     </span>
    </p>
   </div>
   <div class='ocr_carea' id='block_1_35' title="bbox 1897 1750 3470 1843">
    <p class='ocr_par' dir='ltr' id='par_1_35' title="bbox 1897 1765 3470 1838">
     <span class='ocr_line' id='line_1_35' title="bbox 1897 1765 3470 1838; baseline 0.006 -25"><span class='ocrx_word' id='word_1_243' title='bbox 1897 1778 2010 1832; x_wconf 73' lang='grc' dir='ltr'>ιιιθ,</span> <span class='ocrx_word' id='word_1_244' title='bbox 2051 1778 2172 1832; x_wconf 69' lang='lat' dir='ltr'><strong>quae</strong></span> <span class='ocrx_word' id='word_1_245' title='bbox 2206 1771 2539 1833; x_wconf 87' lang='lat' dir='ltr'><strong>sequuntur,</strong></span> <span class='ocrx_word' id='word_1_246' title='bbox 2571 1778 2806 1834; x_wconf 84' lang='lat' dir='ltr'><strong>quorum</strong></span> <span class='ocrx_word' id='word_1_247' title='bbox 2847 1765 2931 1821; x_wconf 89' lang='lat' dir='ltr'><strong>sic</strong></span> <span class='ocrx_word' id='word_1_248' title='bbox 2952 1766 3470 1838; x_wconf 85' lang='lat' dir='ltr'><strong>interpretationem</strong></span> 
     </span>
    </p>
   </div>
   <div class='ocr_carea' id='block_1_36' title="bbox 200 1855 1785 1934">
    <p class='ocr_par' dir='ltr' id='par_1_36' title="bbox 200 1855 1785 1934">
     <span class='ocr_line' id='line_1_36' title="bbox 200 1855 1785 1934; baseline -0.003 -19"><span class='ocrx_word' id='word_1_249' title='bbox 200 1861 548 1934; x_wconf 80' lang='grc' dir='ltr'>προκέκληκε</span> <span class='ocrx_word' id='word_1_250' title='bbox 576 1860 665 1915; x_wconf 78' lang='grc' dir='ltr'><strong>διὰ</strong></span> <span class='ocrx_word' id='word_1_251' title='bbox 691 1861 791 1931; x_wconf 82' lang='grc' dir='ltr'>τῆς</span> <span class='ocrx_word' id='word_1_252' title='bbox 823 1860 1173 1932; x_wconf 76' lang='grc' dir='ltr'>παραϐολῆς.</span> <span class='ocrx_word' id='word_1_253' title='bbox 1201 1859 1432 1926; x_wconf 85' lang='grc' dir='ltr'><em>Ἔλεγεν</em></span> <span class='ocrx_word' id='word_1_254' title='bbox 1469 1856 1524 1910; x_wconf 73' lang='grc' dir='ltr'><strong>δὲ</strong></span> <span class='ocrx_word' id='word_1_255' title='bbox 1558 1855 1785 1927; x_wconf 85' lang='grc' dir='ltr'>βασιλέα</span> 
     </span>
    </p>
   </div>
   <div class='ocr_carea' id='block_1_37' title="bbox 196 1941 1785 2023">
    <p class='ocr_par' dir='ltr' id='par_1_37' title="bbox 196 1941 1785 2023">
     <span class='ocr_line' id='line_1_37' title="bbox 196 1941 1785 2023; baseline -0.005 -16"><span class='ocrx_word' id='word_1_256' title='bbox 196 1953 289 2007; x_wconf 80' lang='grc' dir='ltr'>τὸν</span> <span class='ocrx_word' id='word_1_257' title='bbox 344 1952 637 2018; x_wconf 74' lang='grc' dir='ltr'><strong>Σεδεκίαν,</strong></span> <span class='ocrx_word' id='word_1_258' title='bbox 697 1951 757 2005; x_wconf 80' lang='grc' dir='ltr'>ὃν</span> <span class='ocrx_word' id='word_1_259' title='bbox 805 1951 1157 2023; x_wconf 79' lang='grc' dir='ltr'>αἰχμάλωτον</span> <span class='ocrx_word' id='word_1_260' title='bbox 1206 1941 1451 2022; x_wconf 64' lang='grc' dir='ltr'>εἴληφεν.</span> <span class='ocrx_word' id='word_1_261' title='bbox 1489 1948 1676 2001; x_wconf 81' lang='grc' dir='ltr'>Ἀλλοι</span> <span class='ocrx_word' id='word_1_262' title='bbox 1728 1946 1785 1999; x_wconf 78' lang='grc' dir='ltr'><strong>δὲ</strong></span> 
     </span>
    </p>
   </div>
   <div class='ocr_carea' id='block_1_38' title="bbox 197 2039 1782 2116">
    <p class='ocr_par' dir='ltr' id='par_1_38' title="bbox 197 2039 1782 2116">
     <span class='ocr_line' id='line_1_38' title="bbox 197 2039 1782 2116; baseline -0.005 -17"><span class='ocrx_word' id='word_1_263' title='bbox 197 2059 482 2100; x_wconf 75' lang='grc' dir='ltr'>πετεινον</span> <span class='ocrx_word' id='word_1_264' title='bbox 512 2042 766 2116; x_wconf 80' lang='grc' dir='ltr'>εἰρῆσθαι</span> <span class='ocrx_word' id='word_1_265' title='bbox 796 2042 888 2096; x_wconf 80' lang='grc' dir='ltr'>τὸν</span> <span class='ocrx_word' id='word_1_266' title='bbox 917 2042 1101 2113; x_wconf 79' lang='grc' dir='ltr'>Κῦρόν</span> <span class='ocrx_word' id='word_1_267' title='bbox 1140 2058 1328 2111; x_wconf 82' lang='grc' dir='ltr'>φασιν.</span> <span class='ocrx_word' id='word_1_268' title='bbox 1364 2040 1439 2093; x_wconf 84' lang='grc' dir='ltr'><strong>Τὸ</strong></span> <span class='ocrx_word' id='word_1_269' title='bbox 1459 2039 1518 2093; x_wconf 79' lang='grc' dir='ltr'><strong>δὲ</strong></span> <span class='ocrx_word' id='word_1_270' title='bbox 1547 2039 1782 2102; x_wconf 76' lang='grc' dir='ltr'>ἐκτισα,</span> 
     </span>
    </p>
   </div>
   <div class='ocr_carea' id='block_1_39' title="bbox 194 2130 1785 2208">
    <p class='ocr_par' dir='ltr' id='par_1_39' title="bbox 194 2130 1785 2208">
     <span class='ocr_line' id='line_1_39' title="bbox 194 2130 1785 2208; baseline -0.005 -18"><span class='ocrx_word' id='word_1_271' title='bbox 194 2138 345 2192; x_wconf 80' lang='grc' dir='ltr'>τοῦτ’</span> <span class='ocrx_word' id='word_1_272' title='bbox 377 2137 493 2190; x_wconf 76' lang='grc' dir='ltr'>ἐστι</span> <span class='ocrx_word' id='word_1_273' title='bbox 540 2135 945 2201; x_wconf 79' lang='grc' dir='ltr'><strong>κατεσκεύασα,</strong></span> <span class='ocrx_word' id='word_1_274' title='bbox 989 2134 1137 2188; x_wconf 81' lang='grc' dir='ltr'>κακὰ</span> <span class='ocrx_word' id='word_1_275' title='bbox 1184 2131 1427 2208; x_wconf 75' lang='grc' dir='ltr'>δηλονότι</span> <span class='ocrx_word' id='word_1_276' title='bbox 1479 2130 1785 2184; x_wconf 87' lang='grc' dir='ltr'>κακωτικά.</span> 
     </span>
    </p>
   </div>
   <div class='ocr_carea' id='block_1_40' title="bbox 196 2220 1785 2299">
    <p class='ocr_par' dir='ltr' id='par_1_40' title="bbox 196 2220 1785 2299">
     <span class='ocr_line' id='line_1_40' title="bbox 196 2220 1785 2299; baseline -0.006 -15"><span class='ocrx_word' id='word_1_277' title='bbox 196 2233 260 2284; x_wconf 81' lang='lat' dir='ltr'><strong>Ei</strong></span> <span class='ocrx_word' id='word_1_278' title='bbox 291 2230 351 2284; x_wconf 84' lang='grc' dir='ltr'><strong>δὲ</strong></span> <span class='ocrx_word' id='word_1_279' title='bbox 375 2229 473 2283; x_wconf 72' lang='grc' dir='ltr'>καὶ</span> <span class='ocrx_word' id='word_1_280' title='bbox 507 2228 693 2299; x_wconf 75' lang='grc' dir='ltr'>μηδεὶς</span> <span class='ocrx_word' id='word_1_281' title='bbox 726 2225 922 2299; x_wconf 79' lang='grc' dir='ltr'>εὑρεθῇ</span> <span class='ocrx_word' id='word_1_282' title='bbox 952 2225 1153 2296; x_wconf 81' lang='grc' dir='ltr'>τούμὸν</span> <span class='ocrx_word' id='word_1_283' title='bbox 1188 2224 1402 2293; x_wconf 84' lang='grc' dir='ltr'>θέλημα</span> <span class='ocrx_word' id='word_1_284' title='bbox 1443 2220 1665 2294; x_wconf 84' lang='grc' dir='ltr'>μετιὼν,</span> <span class='ocrx_word' id='word_1_285' title='bbox 1692 2220 1785 2274; x_wconf 80' lang='grc' dir='ltr'>τὸν</span> 
     </span>
    </p>
   </div>
   <div class='ocr_carea' id='block_1_41' title="bbox 198 2311 1784 2391">
    <p class='ocr_par' dir='ltr' id='par_1_41' title="bbox 198 2311 1784 2391">
     <span class='ocr_line' id='line_1_41' title="bbox 198 2311 1784 2391; baseline -0.005 -15"><span class='ocrx_word' id='word_1_286' title='bbox 198 2323 332 2376; x_wconf 72' lang='grc' dir='ltr'>Υίδν</span> <span class='ocrx_word' id='word_1_287' title='bbox 375 2320 663 2377; x_wconf 81' lang='grc' dir='ltr'>ἀποστελῶ</span> <span class='ocrx_word' id='word_1_288' title='bbox 689 2319 782 2373; x_wconf 79' lang='grc' dir='ltr'>τὸν</span> <span class='ocrx_word' id='word_1_289' title='bbox 819 2319 955 2391; x_wconf 79' lang='grc' dir='ltr'>ἐμὸν</span> <span class='ocrx_word' id='word_1_290' title='bbox 994 2317 1096 2388; x_wconf 84' lang='grc' dir='ltr'>τὴν</span> <span class='ocrx_word' id='word_1_291' title='bbox 1130 2315 1406 2387; x_wconf 82' lang='grc' dir='ltr'>πατρικὴν</span> <span class='ocrx_word' id='word_1_292' title='bbox 1469 2311 1784 2385; x_wconf 77' lang='grc' dir='ltr'>πληροῦντα</span> 
     </span>
    </p>
   </div>
   <div class='ocr_carea' id='block_1_42' title="bbox 194 2414 420 2486">
    <p class='ocr_par' dir='ltr' id='par_1_42' title="bbox 194 2414 420 2486">
     <span class='ocr_line' id='line_1_42' title="bbox 194 2414 420 2486; baseline 0 -18"><span class='ocrx_word' id='word_1_293' title='bbox 194 2414 420 2486; x_wconf 77' lang='grc' dir='ltr'>βουλήν.</span> 
     </span>
    </p>
   </div>
   <div class='ocr_carea' id='block_1_43' title="bbox 1890 1853 3472 1930">
    <p class='ocr_par' dir='ltr' id='par_1_43' title="bbox 1890 1853 3472 1930">
     <span class='ocr_line' id='line_1_43' title="bbox 1890 1853 3472 1930; baseline 0.004 -23"><span class='ocrx_word' id='word_1_294' title='bbox 1890 1853 2140 1924; x_wconf 90' lang='lat' dir='ltr'><strong>adjungit</strong></span> <span class='ocrx_word' id='word_1_295' title='bbox 2166 1871 2184 1908; x_wconf 74' lang='grc' dir='ltr'><strong>τ</strong></span> <span class='ocrx_word' id='word_1_296' title='bbox 2222 1873 2240 1906; x_wconf 81' lang='grc' dir='ltr'><strong>ι</strong></span> <span class='ocrx_word' id='word_1_297' title='bbox 2279 1853 2517 1911; x_wconf 87' lang='lat' dir='ltr'><strong>Nescitis</strong></span> <span class='ocrx_word' id='word_1_298' title='bbox 2558 1855 2689 1924; x_wconf 87' lang='lat' dir='ltr'><strong>quid</strong></span> <span class='ocrx_word' id='word_1_299' title='bbox 2737 1856 2845 1911; x_wconf 84' lang='lat' dir='ltr'><strong>ista</strong></span> <span class='ocrx_word' id='word_1_300' title='bbox 2901 1856 3264 1930; x_wconf 82' lang='lat' dir='ltr'><strong>signiﬁcent?</strong></span> <span class='ocrx_word' id='word_1_301' title='bbox 3323 1859 3472 1914; x_wconf 82' lang='lat' dir='ltr'><strong>Ecce</strong></span> 
     </span>
    </p>
   </div>
   <div class='ocr_carea' id='block_1_44' title="bbox 1890 1943 3473 2016">
    <p class='ocr_par' dir='ltr' id='par_1_44' title="bbox 1890 1943 3473 2016">
     <span class='ocr_line' id='line_1_44' title="bbox 1890 1943 3473 2016; baseline 0.003 -19"><span class='ocrx_word' id='word_1_302' title='bbox 1890 1945 2069 1999; x_wconf 82' lang='lat' dir='ltr'><strong>veniet</strong></span> <span class='ocrx_word' id='word_1_303' title='bbox 2101 1959 2198 1999; x_wconf 83' lang='lat' dir='ltr'><strong>rex</strong></span> <span class='ocrx_word' id='word_1_304' title='bbox 2248 1944 2580 2016; x_wconf 87' lang='lat' dir='ltr'><strong>Babylonius</strong></span> <span class='ocrx_word' id='word_1_305' title='bbox 2624 1944 2680 1999; x_wconf 91' lang='lat' dir='ltr'><strong>in</strong></span> <span class='ocrx_word' id='word_1_306' title='bbox 2735 1943 3081 2014; x_wconf 84' lang='lat' dir='ltr'><strong>Jerusalem;</strong></span> <span class='ocrx_word' id='word_1_307' title='bbox 3120 1956 3175 2003; x_wconf 90' lang='lat' dir='ltr'><strong>et</strong></span> <span class='ocrx_word' id='word_1_308' title='bbox 3222 1956 3473 2003; x_wconf 86' lang='lat' dir='ltr'><strong>assumet</strong></span> 
     </span>
    </p>
   </div>
   <div class='ocr_carea' id='block_1_45' title="bbox 1890 2034 3473 2109">
    <p class='ocr_par' dir='ltr' id='par_1_45' title="bbox 1890 2034 3473 2109">
     <span class='ocr_line' id='line_1_45' title="bbox 1890 2034 3473 2109; baseline 0.002 -19"><span class='ocrx_word' id='word_1_309' title='bbox 1890 2050 2073 2106; x_wconf 84' lang='lat' dir='ltr'><strong>regem</strong></span> <span class='ocrx_word' id='word_1_310' title='bbox 2107 2034 2304 2100; x_wconf 81' lang='lat' dir='ltr'><strong>ipsius,</strong></span> <span class='ocrx_word' id='word_1_311' title='bbox 2343 2040 2398 2089; x_wconf 88' lang='lat' dir='ltr'><strong>et</strong></span> <span class='ocrx_word' id='word_1_312' title='bbox 2426 2034 2707 2106; x_wconf 90' lang='lat' dir='ltr'><strong>principes</strong></span> <span class='ocrx_word' id='word_1_313' title='bbox 2734 2036 2856 2105; x_wconf 89' lang='lat' dir='ltr'><strong>ejus</strong></span> <span class='ocrx_word' id='word_1_314' title='bbox 2881 2037 3061 2103; x_wconf 62' lang='lat' dir='ltr'><strong>&quot;,set</strong></span> <span class='ocrx_word' id='word_1_315' title='bbox 3083 2053 3206 2107; x_wconf 67' lang='lat' dir='ltr'><strong>quae</strong></span> <span class='ocrx_word' id='word_1_316' title='bbox 3229 2054 3473 2109; x_wconf 87' lang='lat' dir='ltr'><strong>sequun—</strong></span> 
     </span>
    </p>
   </div>
   <div class='ocr_carea' id='block_1_46' title="bbox 1888 2124 3474 2199">
    <p class='ocr_par' dir='ltr' id='par_1_46' title="bbox 1888 2124 3474 2199">
     <span class='ocr_line' id='line_1_46' title="bbox 1888 2124 3474 2199; baseline 0.003 -20"><span class='ocrx_word' id='word_1_317' title='bbox 1888 2133 1998 2180; x_wconf 87' lang='lat' dir='ltr'><strong>tur.</strong></span> <span class='ocrx_word' id='word_1_318' title='bbox 2070 2124 2181 2181; x_wconf 85' lang='lat' dir='ltr'><strong>Hus</strong></span> <span class='ocrx_word' id='word_1_319' title='bbox 2227 2124 2374 2180; x_wconf 89' lang='lat' dir='ltr'><strong>enim</strong></span> <span class='ocrx_word' id='word_1_320' title='bbox 2423 2132 2583 2179; x_wconf 88' lang='lat' dir='ltr'><strong>antea</strong></span> <span class='ocrx_word' id='word_1_321' title='bbox 2655 2125 2943 2181; x_wconf 90' lang='lat' dir='ltr'><strong>cedrorum</strong></span> <span class='ocrx_word' id='word_1_322' title='bbox 3011 2128 3320 2184; x_wconf 88' lang='lat' dir='ltr'><strong>electarum</strong></span> <span class='ocrx_word' id='word_1_323' title='bbox 3376 2144 3474 2199; x_wconf 83' lang='lat' dir='ltr'><strong>ap-</strong></span> 
     </span>
    </p>
   </div>
   <div class='ocr_carea' id='block_1_47' title="bbox 1894 2216 3474 2289">
    <p class='ocr_par' dir='ltr' id='par_1_47' title="bbox 1894 2216 3474 2289">
     <span class='ocr_line' id='line_1_47' title="bbox 1894 2216 3474 2289; baseline 0.002 -18"><span class='ocrx_word' id='word_1_324' title='bbox 1894 2217 2189 2288; x_wconf 88' lang='lat' dir='ltr'><strong>pellatione</strong></span> <span class='ocrx_word' id='word_1_325' title='bbox 2216 2216 2271 2271; x_wconf 93' lang='lat' dir='ltr'><strong>in</strong></span> <span class='ocrx_word' id='word_1_326' title='bbox 2300 2217 2562 2287; x_wconf 87' lang='lat' dir='ltr'><strong>parabola</strong></span> <span class='ocrx_word' id='word_1_327' title='bbox 2588 2217 3026 2287; x_wconf 84' lang='lat' dir='ltr'><strong>signiﬁcaverat;</strong></span> <span class='ocrx_word' id='word_1_328' title='bbox 3064 2220 3474 2289; x_wconf 85' lang='lat' dir='ltr'><strong>Sedeciamque</strong></span> 
     </span>
    </p>
   </div>
   <div class='ocr_carea' id='block_1_48' title="bbox 1892 2310 3474 2380">
    <p class='ocr_par' dir='ltr' id='par_1_48' title="bbox 1892 2310 3474 2380">
     <span class='ocr_line' id='line_1_48' title="bbox 1892 2310 3474 2380; baseline 0.003 -17"><span class='ocrx_word' id='word_1_329' title='bbox 1892 2324 2098 2380; x_wconf 85' lang='lat' dir='ltr'><strong>regem,</strong></span> <span class='ocrx_word' id='word_1_330' title='bbox 2128 2325 2290 2379; x_wconf 90' lang='lat' dir='ltr'><strong>quem</strong></span> <span class='ocrx_word' id='word_1_331' title='bbox 2318 2311 2593 2379; x_wconf 88' lang='lat' dir='ltr'><strong>captivum</strong></span> <span class='ocrx_word' id='word_1_332' title='bbox 2639 2310 2849 2377; x_wconf 85' lang='lat' dir='ltr'><strong>habuit,</strong></span> <span class='ocrx_word' id='word_1_333' title='bbox 2876 2312 3312 2369; x_wconf 87' lang='lat' dir='ltr'><strong>demonstrabat.</strong></span> <span class='ocrx_word' id='word_1_334' title='bbox 3364 2314 3474 2368; x_wconf 87' lang='lat' dir='ltr'><strong>Alii</strong></span> 
     </span>
    </p>
   </div>
   <div class='ocr_carea' id='block_1_49' title="bbox 1888 2400 3472 2471">
    <p class='ocr_par' dir='ltr' id='par_1_49' title="bbox 1888 2400 3472 2471">
     <span class='ocr_line' id='line_1_49' title="bbox 1888 2400 3472 2471; baseline 0.003 -17"><span class='ocrx_word' id='word_1_335' title='bbox 1888 2414 2021 2457; x_wconf 82' lang='lat' dir='ltr'><strong>vero</strong></span> <span class='ocrx_word' id='word_1_336' title='bbox 2044 2415 2139 2471; x_wconf 90' lang='lat' dir='ltr'><strong>per</strong></span> <span class='ocrx_word' id='word_1_337' title='bbox 2160 2416 2327 2464; x_wconf 82' lang='lat' dir='ltr'><strong>avem,</strong></span> <span class='ocrx_word' id='word_1_338' title='bbox 2348 2400 2546 2471; x_wconf 88' lang='lat' dir='ltr'><strong>Cyrum</strong></span> <span class='ocrx_word' id='word_1_339' title='bbox 2567 2400 2839 2470; x_wconf 87' lang='lat' dir='ltr'><strong>designari</strong></span> <span class='ocrx_word' id='word_1_340' title='bbox 2861 2402 3219 2457; x_wconf 87' lang='lat' dir='ltr'><strong>arbitrantur.</strong></span> <span class='ocrx_word' id='word_1_341' title='bbox 3248 2403 3472 2465; x_wconf 89' lang='lat' dir='ltr'><strong>Deinde.</strong></span> 
     </span>
    </p>
   </div>
   <div class='ocr_carea' id='block_1_50' title="bbox 197 2492 3475 2579">
    <p class='ocr_par' dir='ltr' id='par_1_50' title="bbox 197 2492 3475 2579">
     <span class='ocr_line' id='line_1_50' title="bbox 197 2492 3475 2579; baseline -0.003 -18"><span class='ocrx_word' id='word_1_342' title='bbox 197 2509 347 2579; x_wconf 85' lang='lat' dir='ltr'><strong>quod</strong></span> <span class='ocrx_word' id='word_1_343' title='bbox 385 2523 591 2563; x_wconf 76' lang='lat' dir='ltr'><strong>creasse</strong></span> <span class='ocrx_word' id='word_1_344' title='bbox 630 2521 690 2563; x_wconf 87' lang='lat' dir='ltr'><strong>se</strong></span> <span class='ocrx_word' id='word_1_345' title='bbox 728 2504 938 2575; x_wconf 90' lang='lat' dir='ltr'><strong>adjicit,</strong></span> <span class='ocrx_word' id='word_1_346' title='bbox 967 2516 1312 2574; x_wconf 67' lang='lat' dir='ltr'><strong>praeparasse</strong></span> <span class='ocrx_word' id='word_1_347' title='bbox 1366 2499 1581 2565; x_wconf 89' lang='lat' dir='ltr'><strong>innuit;</strong></span> <span class='ocrx_word' id='word_1_348' title='bbox 1619 2496 1761 2552; x_wconf 90' lang='lat' dir='ltr'><strong>mala</strong></span> <span class='ocrx_word' id='word_1_349' title='bbox 1802 2493 2064 2561; x_wconf 85' lang='lat' dir='ltr'><strong>nimirum</strong></span> <span class='ocrx_word' id='word_1_350' title='bbox 2127 2498 2182 2547; x_wconf 92' lang='lat' dir='ltr'><strong>et</strong></span> <span class='ocrx_word' id='word_1_351' title='bbox 2243 2492 2602 2558; x_wconf 87' lang='lat' dir='ltr'><strong>calamitates,</strong></span> <span class='ocrx_word' id='word_1_352' title='bbox 2668 2494 2867 2563; x_wconf 89' lang='lat' dir='ltr'><strong>quibus</strong></span> <span class='ocrx_word' id='word_1_353' title='bbox 2912 2494 3234 2551; x_wconf 79' lang='lat' dir='ltr'><strong>adicientur.</strong></span> <span class='ocrx_word' id='word_1_354' title='bbox 3312 2495 3475 2563; x_wconf 80' lang='lat' dir='ltr'><strong>Quod</strong></span> 
     </span>
    </p>
   </div>
   <div class='ocr_carea' id='block_1_51' title="bbox 197 2584 3476 2667">
    <p class='ocr_par' dir='ltr' id='par_1_51' title="bbox 197 2584 3476 2667">
     <span class='ocr_line' id='line_1_51' title="bbox 197 2584 3476 2667; baseline -0.005 -9"><span class='ocrx_word' id='word_1_355' title='bbox 197 2606 244 2658; x_wconf 87' lang='lat' dir='ltr'><strong>si</strong></span> <span class='ocrx_word' id='word_1_356' title='bbox 301 2601 469 2657; x_wconf 86' lang='lat' dir='ltr'><strong>etiam</strong></span> <span class='ocrx_word' id='word_1_357' title='bbox 560 2598 749 2654; x_wconf 90' lang='lat' dir='ltr'><strong>nullus</strong></span> <span class='ocrx_word' id='word_1_358' title='bbox 809 2596 1138 2667; x_wconf 81' lang='lat' dir='ltr'><strong>reperiatur,</strong></span> <span class='ocrx_word' id='word_1_359' title='bbox 1186 2591 1299 2664; x_wconf 64' lang='lat' dir='ltr'><strong>qui</strong></span> <span class='ocrx_word' id='word_1_360' title='bbox 1331 2590 1636 2647; x_wconf 86' lang='lat' dir='ltr'><strong>voluntatis</strong></span> <span class='ocrx_word' id='word_1_361' title='bbox 1700 2601 1836 2643; x_wconf 76' lang='lat' dir='ltr'><strong>mea:</strong></span> <span class='ocrx_word' id='word_1_362' title='bbox 1914 2584 2116 2656; x_wconf 86' lang='lat' dir='ltr'><strong>placita</strong></span> <span class='ocrx_word' id='word_1_363' title='bbox 2148 2599 2254 2640; x_wconf 89' lang='lat' dir='ltr'><strong>non</strong></span> <span class='ocrx_word' id='word_1_364' title='bbox 2279 2595 2585 2652; x_wconf 78' lang='lat' dir='ltr'><strong>aversetur,</strong></span> <span class='ocrx_word' id='word_1_365' title='bbox 2617 2584 2817 2642; x_wconf 87' lang='lat' dir='ltr'><strong>Filium</strong></span> <span class='ocrx_word' id='word_1_366' title='bbox 2860 2601 2960 2659; x_wconf 86' lang='lat' dir='ltr'><strong>ego</strong></span> <span class='ocrx_word' id='word_1_367' title='bbox 2988 2601 3190 2656; x_wconf 85' lang='lat' dir='ltr'><strong>meum,</strong></span> <span class='ocrx_word' id='word_1_368' title='bbox 3240 2589 3332 2659; x_wconf 91' lang='lat' dir='ltr'><strong>qui</strong></span> <span class='ocrx_word' id='word_1_369' title='bbox 3372 2588 3476 2643; x_wconf 79' lang='lat' dir='ltr'><strong>Pa-</strong></span> 
     </span>
    </p>
   </div>
   <div class='ocr_carea' id='block_1_52' title="bbox 184 2682 2411 2761">
    <p class='ocr_par' dir='ltr' id='par_1_52' title="bbox 184 2682 2411 2761">
     <span class='ocr_line' id='line_1_52' title="bbox 184 2682 2411 2761; baseline -0.006 -10"><span class='ocrx_word' id='word_1_370' title='bbox 184 2695 310 2751; x_wconf 72' lang='lat' dir='ltr'><strong>‘tris</strong></span> <span class='ocrx_word' id='word_1_371' title='bbox 361 2692 656 2749; x_wconf 87' lang='lat' dir='ltr'><strong>consilium</strong></span> <span class='ocrx_word' id='word_1_372' title='bbox 706 2692 1014 2761; x_wconf 86' lang='lat' dir='ltr'><strong>amplexus,</strong></span> <span class='ocrx_word' id='word_1_373' title='bbox 1070 2689 1316 2760; x_wconf 84' lang='lat' dir='ltr'><strong>ejusdem</strong></span> <span class='ocrx_word' id='word_1_374' title='bbox 1373 2685 1633 2744; x_wconf 87' lang='lat' dir='ltr'><strong>mandata</strong></span> <span class='ocrx_word' id='word_1_375' title='bbox 1688 2685 1929 2757; x_wconf 85' lang='lat' dir='ltr'><strong>impleat,</strong></span> <span class='ocrx_word' id='word_1_376' title='bbox 1962 2682 2236 2739; x_wconf 86' lang='lat' dir='ltr'><strong>missurus</strong></span> <span class='ocrx_word' id='word_1_377' title='bbox 2269 2697 2411 2740; x_wconf 85' lang='lat' dir='ltr'><strong>sum.</strong></span> 
     </span>
    </p>
   </div>
   <div class='ocr_carea' id='block_1_53' title="bbox 771 2785 1197 2840">
    <p class='ocr_par' dir='ltr' id='par_1_53' title="bbox 771 2785 1197 2840">
     <span class='ocr_line' id='line_1_53' title="bbox 771 2785 1197 2840; baseline 0 0"><span class='ocrx_word' id='word_1_378' title='bbox 771 2787 1022 2840; x_wconf 61' lang='lat' dir='ltr'><strong>KE‘I’AA.</strong></span> <span class='ocrx_word' id='word_1_379' title='bbox 1064 2785 1197 2840; x_wconf 91' lang='lat' dir='ltr'><strong>MZ&#39;.</strong></span> 
     </span>
    </p>
   </div>
   <div class='ocr_carea' id='block_1_54' title="bbox 270 2872 1783 2947">
    <p class='ocr_par' dir='ltr' id='par_1_54' title="bbox 270 2872 1783 2947">
     <span class='ocr_line' id='line_1_54' title="bbox 270 2872 1783 2947; baseline -0.006 -11"><span class='ocrx_word' id='word_1_380' title='bbox 270 2881 433 2937; x_wconf 81' lang='grc' dir='ltr'>α-ιε⁹.</span> <span class='ocrx_word' id='word_1_381' title='bbox 470 2878 781 2947; x_wconf 70' lang='grc' dir='ltr'>Κατάϐηθι,</span> <span class='ocrx_word' id='word_1_382' title='bbox 832 2879 1092 2932; x_wconf 81' lang='grc' dir='ltr'>κάθισον</span> <span class='ocrx_word' id='word_1_383' title='bbox 1125 2878 1220 2931; x_wconf 75' lang='grc' dir='ltr'><strong>ἐπὶ</strong></span> <span class='ocrx_word' id='word_1_384' title='bbox 1253 2876 1368 2944; x_wconf 79' lang='grc' dir='ltr'><strong>τὴν</strong></span> <span class='ocrx_word' id='word_1_385' title='bbox 1412 2874 1547 2946; x_wconf 77' lang='grc' dir='ltr'>γῆν,</span> <span class='ocrx_word' id='word_1_386' title='bbox 1570 2872 1783 2942; x_wconf 81' lang='grc' dir='ltr'>παρθέ-</span> 
     </span>
    </p>
   </div>
   <div class='ocr_carea' id='block_1_55' title="bbox 2472 2776 2865 2835">
    <p class='ocr_par' dir='ltr' id='par_1_55' title="bbox 2472 2776 2865 2835">
     <span class='ocr_line' id='line_1_55' title="bbox 2472 2776 2865 2835; baseline -0.005 -2"><span class='ocrx_word' id='word_1_387' title='bbox 2472 2776 2626 2835; x_wconf 82' lang='lat' dir='ltr'><strong>CAP.</strong></span> <span class='ocrx_word' id='word_1_388' title='bbox 2652 2776 2865 2832; x_wconf 78' lang='lat' dir='ltr'><strong>XLVII.</strong></span> 
     </span>
    </p>
   </div>
   <div class='ocr_carea' id='block_1_56' title="bbox 1952 2865 3476 2940">
    <p class='ocr_par' dir='ltr' id='par_1_56' title="bbox 1952 2865 3476 2940">
     <span class='ocr_line' id='line_1_56' title="bbox 1952 2865 3476 2940; baseline 0.001 -18"><span class='ocrx_word' id='word_1_389' title='bbox 1952 2868 2114 2939; x_wconf 71' lang='lat'><strong>532</strong></span> <span class='ocrx_word' id='word_1_390' title='bbox 2130 2865 2298 2923; x_wconf 73' lang='lat' dir='ltr'><strong>VE-ns.</strong></span> <span class='ocrx_word' id='word_1_391' title='bbox 2314 2866 2461 2922; x_wconf 69' lang='lat'><strong>1-15.</strong></span> <span class='ocrx_word' id='word_1_392' title='bbox 2480 2867 2771 2932; x_wconf 75' lang='lat' dir='ltr'><strong>Descende,</strong></span> <span class='ocrx_word' id='word_1_393' title='bbox 2784 2866 2906 2922; x_wconf 86' lang='lat' dir='ltr'><strong>sede</strong></span> <span class='ocrx_word' id='word_1_394' title='bbox 2929 2883 3084 2938; x_wconf 86' lang='lat' dir='ltr'><strong>super</strong></span> <span class='ocrx_word' id='word_1_395' title='bbox 3102 2876 3319 2935; x_wconf 76' lang='lat' dir='ltr'><strong>terram,</strong></span> <span class='ocrx_word' id='word_1_396' title='bbox 3334 2871 3476 2940; x_wconf 77' lang='lat' dir='ltr'><strong>uirgo</strong></span> 
     </span>
    </p>
   </div>
   <div class='ocr_carea' id='block_1_57' title="bbox 200 2956 1784 3049">
    <p class='ocr_par' dir='ltr' id='par_1_57' title="bbox 200 2968 1782 3044">
     <span class='ocr_line' id='line_1_57' title="bbox 200 2968 1782 3044; baseline -0.008 -13"><span class='ocrx_word' id='word_1_397' title='bbox 200 2994 309 3043; x_wconf 83' lang='grc' dir='ltr'><strong>νος</strong></span> <span class='ocrx_word' id='word_1_398' title='bbox 338 2976 590 3044; x_wconf 76' lang='grc' dir='ltr'><strong>θύγατερ</strong></span> <span class='ocrx_word' id='word_1_399' title='bbox 621 2970 1001 3038; x_wconf 74' lang='grc' dir='ltr'>Βαϐυλῶνος.</span> <span class='ocrx_word' id='word_1_400' title='bbox 1038 2970 1299 3026; x_wconf 78' lang='grc' dir='ltr'><strong>Ετσελθε</strong></span> <span class='ocrx_word' id='word_1_401' title='bbox 1329 2971 1417 3036; x_wconf 83' lang='grc' dir='ltr'><strong>εις</strong></span> <span class='ocrx_word' id='word_1_402' title='bbox 1438 2968 1507 3022; x_wconf 83' lang='grc' dir='ltr'>τὸ</span> <span class='ocrx_word' id='word_1_403' title='bbox 1540 2968 1782 3031; x_wconf 83' lang='grc' dir='ltr'>σκότος,</span> 
     </span>
    </p>
   </div>
   <div class='ocr_carea' id='block_1_58' title="bbox 1897 2956 3476 3049">
    <p class='ocr_par' dir='ltr' id='par_1_58' title="bbox 1897 2956 3476 3030">
     <span class='ocr_line' id='line_1_58' title="bbox 1897 2956 3476 3030; baseline 0.002 -17"><span class='ocrx_word' id='word_1_404' title='bbox 1897 2959 2012 3027; x_wconf 74' lang='lat' dir='ltr'><strong>ﬁlia</strong></span> <span class='ocrx_word' id='word_1_405' title='bbox 2029 2958 2337 3029; x_wconf 81' lang='lat' dir='ltr'><strong>Babylonis.</strong></span> <span class='ocrx_word' id='word_1_406' title='bbox 2365 2956 2496 3012; x_wconf 82' lang='lat' dir='ltr'><strong>Sede</strong></span> <span class='ocrx_word' id='word_1_407' title='bbox 2517 2960 2573 3013; x_wconf 84' lang='lat' dir='ltr'><strong>in</strong></span> <span class='ocrx_word' id='word_1_408' title='bbox 2589 2968 2806 3014; x_wconf 86' lang='lat' dir='ltr'><strong>terram.</strong></span> <span class='ocrx_word' id='word_1_409' title='bbox 2826 2961 3105 3030; x_wconf 81' lang='lat' dir='ltr'><strong>Ingredere</strong></span> <span class='ocrx_word' id='word_1_410' title='bbox 3126 2962 3183 3015; x_wconf 86' lang='lat' dir='ltr'><strong>in</strong></span> <span class='ocrx_word' id='word_1_411' title='bbox 3213 2962 3476 3027; x_wconf 82' lang='lat' dir='ltr'><strong>tenebras,</strong></span> 
     </span>
    </p>
   </div>
   <div class='ocr_carea' id='block_1_59' title="bbox 201 3047 1784 3136">
    <p class='ocr_par' dir='ltr' id='par_1_59' title="bbox 201 3054 1784 3136">
     <span class='ocr_line' id='line_1_59' title="bbox 201 3054 1784 3136; baseline -0.006 -15"><span class='ocrx_word' id='word_1_412' title='bbox 201 3066 461 3136; x_wconf 72' lang='grc' dir='ltr'>θύγατερ</span> <span class='ocrx_word' id='word_1_413' title='bbox 498 3062 831 3129; x_wconf 67' lang='grc' dir='ltr'>Χαλδαίων,</span> <span class='ocrx_word' id='word_1_414' title='bbox 873 3062 963 3116; x_wconf 87' lang='grc' dir='ltr'>ὅτι</span> <span class='ocrx_word' id='word_1_415' title='bbox 1001 3064 1113 3117; x_wconf 82' lang='grc' dir='ltr'>οὐκ</span> <span class='ocrx_word' id='word_1_416' title='bbox 1150 3054 1598 3130; x_wconf 65' lang='grc' dir='ltr'>ἔτυπροσθήσῃ</span> <span class='ocrx_word' id='word_1_417' title='bbox 1636 3062 1784 3126; x_wconf 74' lang='grc' dir='ltr'><strong>κλη-</strong></span> 
     </span>
    </p>
   </div>
   <div class='ocr_carea' id='block_1_60' title="bbox 1897 3047 3479 3136">
    <p class='ocr_par' dir='ltr' id='par_1_60' title="bbox 1897 3047 3479 3122">
     <span class='ocr_line' id='line_1_60' title="bbox 1897 3047 3479 3122; baseline 0.001 -18"><span class='ocrx_word' id='word_1_418' title='bbox 1897 3066 1999 3104; x_wconf 83' lang='lat' dir='ltr'><strong>non</strong></span> <span class='ocrx_word' id='word_1_419' title='bbox 2062 3058 2140 3102; x_wconf 85' lang='lat' dir='ltr'><strong>est</strong></span> <span class='ocrx_word' id='word_1_420' title='bbox 2199 3048 2413 3111; x_wconf 87' lang='lat' dir='ltr'><strong>solium,</strong></span> <span class='ocrx_word' id='word_1_421' title='bbox 2451 3048 2563 3116; x_wconf 79' lang='lat' dir='ltr'><strong>ﬁlia</strong></span> <span class='ocrx_word' id='word_1_422' title='bbox 2607 3047 2980 3104; x_wconf 76' lang='lat' dir='ltr'><strong>Chaldworum</strong></span> <span class='ocrx_word' id='word_1_423' title='bbox 3012 3065 3029 3103; x_wconf 82' lang='lat'><strong>.&#39;</strong></span> <span class='ocrx_word' id='word_1_424' title='bbox 3059 3053 3308 3122; x_wconf 85' lang='lat' dir='ltr'><strong>quoniam</strong></span> <span class='ocrx_word' id='word_1_425' title='bbox 3373 3069 3479 3106; x_wconf 84' lang='lat' dir='ltr'><strong>non</strong></span> 
     </span>
    </p>
   </div>
   <div class='ocr_carea' id='block_1_61' title="bbox 200 3152 1792 3227">
    <p class='ocr_par' dir='ltr' id='par_1_61' title="bbox 200 3152 1792 3227">
     <span class='ocr_line' id='line_1_61' title="bbox 200 3152 1792 3227; baseline -0.006 -14"><span class='ocrx_word' id='word_1_426' title='bbox 200 3157 383 3227; x_wconf 82' lang='grc' dir='ltr'>θῆναι</span> <span class='ocrx_word' id='word_1_427' title='bbox 442 3154 646 3223; x_wconf 78' lang='grc' dir='ltr'><em>ἁπαλὴ</em></span> <span class='ocrx_word' id='word_1_428' title='bbox 686 3155 787 3209; x_wconf 80' lang='grc' dir='ltr'>καὶ</span> <span class='ocrx_word' id='word_1_429' title='bbox 830 3154 1114 3224; x_wconf 68' lang='grc' dir='ltr'>τρυφερά.</span> <span class='ocrx_word' id='word_1_430' title='bbox 1143 3155 1300 3209; x_wconf 79' lang='grc' dir='ltr'><strong>Λάϐε</strong></span> <span class='ocrx_word' id='word_1_431' title='bbox 1314 3154 1536 3223; x_wconf 76' lang='grc' dir='ltr'>μύλον,</span> <span class='ocrx_word' id='word_1_432' title='bbox 1561 3152 1792 3206; x_wconf 69' lang='grc' dir='ltr'>ἅλεσον</span> 
     </span>
    </p>
   </div>
   <div class='ocr_carea' id='block_1_62' title="bbox 198 3245 1793 3317">
    <p class='ocr_par' dir='ltr' id='par_1_62' title="bbox 198 3245 1793 3317">
     <span class='ocr_line' id='line_1_62' title="bbox 198 3245 1793 3317; baseline -0.003 -15"><span class='ocrx_word' id='word_1_433' title='bbox 198 3248 484 3317; x_wconf 47' lang='lat' dir='ltr'><strong>Minimas,</strong></span> <span class='ocrx_word' id='word_1_434' title='bbox 505 3246 895 3315; x_wconf 68' lang='grc' dir='ltr'>ἀποκάλυψαι</span> <span class='ocrx_word' id='word_1_435' title='bbox 910 3245 977 3299; x_wconf 83' lang='grc' dir='ltr'>τὸ</span> <span class='ocrx_word' id='word_1_436' title='bbox 997 3245 1354 3315; x_wconf 69' lang='grc' dir='ltr'>κατάλυμμά</span> <span class='ocrx_word' id='word_1_437' title='bbox 1369 3258 1507 3311; x_wconf 85' lang='grc' dir='ltr'>σου,</span> <span class='ocrx_word' id='word_1_438' title='bbox 1524 3245 1793 3313; x_wconf 79' lang='grc' dir='ltr'>ἀνάσυρε</span> 
     </span>
    </p>
   </div>
   <div class='ocr_carea' id='block_1_63' title="bbox 199 3335 1685 3407">
    <p class='ocr_par' dir='ltr' id='par_1_63' title="bbox 199 3335 1685 3407">
     <span class='ocr_line' id='line_1_63' title="bbox 199 3335 1685 3407; baseline -0.002 -13"><span class='ocrx_word' id='word_1_439' title='bbox 199 3341 312 3407; x_wconf 75' lang='grc' dir='ltr'>τὰς</span> <span class='ocrx_word' id='word_1_440' title='bbox 342 3338 580 3405; x_wconf 74' lang='grc' dir='ltr'>πολιὰς,</span> <span class='ocrx_word' id='word_1_441' title='bbox 618 3338 1011 3407; x_wconf 73' lang='grc' dir='ltr'><strong>ἀποκάλυψαι</strong></span> <span class='ocrx_word' id='word_1_442' title='bbox 1050 3336 1159 3405; x_wconf 86' lang='grc' dir='ltr'>τὰς</span> <span class='ocrx_word' id='word_1_443' title='bbox 1180 3336 1438 3407; x_wconf 84' lang='grc' dir='ltr'>κνήμας,</span> <span class='ocrx_word' id='word_1_444' title='bbox 1467 3354 1522 3392; x_wconf 86' lang='grc' dir='ltr'>κ.</span> <span class='ocrx_word' id='word_1_445' title='bbox 1553 3354 1605 3391; x_wconf 89' lang='grc' dir='ltr'>τ.</span> <span class='ocrx_word' id='word_1_446' title='bbox 1633 3335 1685 3391; x_wconf 88' lang='grc' dir='ltr'>λ.</span> 
     </span>
    </p>
   </div>
   <div class='ocr_carea' id='block_1_64' title="bbox 270 3507 1797 3586">
    <p class='ocr_par' dir='ltr' id='par_1_64' title="bbox 270 3507 1797 3586">
     <span class='ocr_line' id='line_1_64' title="bbox 270 3507 1797 3586; baseline 0 -18"><span class='ocrx_word' id='word_1_447' title='bbox 270 3514 390 3568; x_wconf 78' lang='grc' dir='ltr'><strong>Καὶ</strong></span> <span class='ocrx_word' id='word_1_448' title='bbox 416 3514 590 3568; x_wconf 80' lang='grc' dir='ltr'>ταῦτα</span> <span class='ocrx_word' id='word_1_449' title='bbox 624 3514 761 3586; x_wconf 70' lang='grc' dir='ltr'>πρὸς</span> <span class='ocrx_word' id='word_1_450' title='bbox 788 3515 916 3577; x_wconf 81' lang='grc' dir='ltr'>τοὺς</span> <span class='ocrx_word' id='word_1_451' title='bbox 940 3514 999 3581; x_wconf 77' lang='grc' dir='ltr'>ἐξ</span> <span class='ocrx_word' id='word_1_452' title='bbox 1035 3514 1271 3585; x_wconf 80' lang='grc' dir='ltr'>Ἰσραὴλ,</span> <span class='ocrx_word' id='word_1_453' title='bbox 1309 3507 1389 3577; x_wconf 68' lang='grc' dir='ltr'>οἶς</span> <span class='ocrx_word' id='word_1_454' title='bbox 1423 3513 1597 3583; x_wconf 71' lang='grc' dir='ltr'>ἔλεγε,</span> <span class='ocrx_word' id='word_1_455' title='bbox 1630 3530 1651 3565; x_wconf 77' lang='grc' dir='ltr'><strong>ι</strong></span> <span class='ocrx_word' id='word_1_456' title='bbox 1678 3512 1797 3568; x_wconf 83' lang='grc' dir='ltr'>Τίνι</span> 
     </span>
    </p>
   </div>
   <div class='ocr_carea' id='block_1_65' title="bbox 207 3601 1799 3678">
    <p class='ocr_par' dir='ltr' id='par_1_65' title="bbox 207 3601 1799 3678">
     <span class='ocr_line' id='line_1_65' title="bbox 207 3601 1799 3678; baseline -0.001 -18"><span class='ocrx_word' id='word_1_457' title='bbox 207 3624 274 3678; x_wconf 81' lang='grc' dir='ltr'><strong>με</strong></span> <span class='ocrx_word' id='word_1_458' title='bbox 328 3606 652 3677; x_wconf 84' lang='grc' dir='ltr'>ὠμοιὼσατε</span> <span class='ocrx_word' id='word_1_459' title='bbox 678 3624 692 3672; x_wconf 87' lang='grc'><strong>;</strong></span> <span class='ocrx_word' id='word_1_460' title='bbox 736 3626 754 3657; x_wconf 75' lang='grc' dir='ltr'><strong>ι</strong></span> <span class='ocrx_word' id='word_1_461' title='bbox 807 3607 954 3659; x_wconf 82' lang='grc' dir='ltr'>Ἐκεῖ</span> <span class='ocrx_word' id='word_1_462' title='bbox 982 3607 1079 3676; x_wconf 75' lang='grc' dir='ltr'>μὲν</span> <span class='ocrx_word' id='word_1_463' title='bbox 1111 3602 1203 3660; x_wconf 79' lang='grc' dir='ltr'>οὖν</span> <span class='ocrx_word' id='word_1_464' title='bbox 1230 3606 1617 3677; x_wconf 82' lang='grc' dir='ltr'>πλανωμένους</span> <span class='ocrx_word' id='word_1_465' title='bbox 1645 3601 1799 3659; x_wconf 82' lang='grc' dir='ltr'>εἶπεν</span> 
     </span>
    </p>
   </div>
   <div class='ocr_carea' id='block_1_66' title="bbox 202 3694 1793 3762">
    <p class='ocr_par' dir='ltr' id='par_1_66' title="bbox 202 3694 1793 3762">
     <span class='ocr_line' id='line_1_66' title="bbox 202 3694 1793 3762; baseline 0 -14"><span class='ocrx_word' id='word_1_466' title='bbox 202 3696 429 3758; x_wconf 79' lang='grc' dir='ltr'>αὐτοὺς,</span> <span class='ocrx_word' id='word_1_467' title='bbox 483 3694 716 3748; x_wconf 78' lang='grc' dir='ltr'>ἐνταῦθα</span> <span class='ocrx_word' id='word_1_468' title='bbox 745 3694 803 3747; x_wconf 81' lang='grc' dir='ltr'><strong>δὲ</strong></span> <span class='ocrx_word' id='word_1_469' title='bbox 835 3696 1303 3761; x_wconf 70' lang='grc' dir='ltr'>ἀπολωλεκότας</span> <span class='ocrx_word' id='word_1_470' title='bbox 1356 3694 1473 3759; x_wconf 76' lang='grc' dir='ltr'><strong>τὴν</strong></span> <span class='ocrx_word' id='word_1_471' title='bbox 1521 3694 1793 3762; x_wconf 75' lang='grc' dir='ltr'>καρδίαν.</span> 
     </span>
    </p>
   </div>
   <div class='ocr_carea' id='block_1_67' title="bbox 219 3778 1794 3855">
    <p class='ocr_par' dir='ltr' id='par_1_67' title="bbox 219 3778 1794 3855">
     <span class='ocr_line' id='line_1_67' title="bbox 219 3778 1794 3855; baseline 0.001 -17"><span class='ocrx_word' id='word_1_472' title='bbox 219 3784 365 3838; x_wconf 85' lang='grc' dir='ltr'><strong>Ἀνθ’</strong></span> <span class='ocrx_word' id='word_1_473' title='bbox 420 3778 480 3839; x_wconf 74' lang='grc' dir='ltr'><strong>οὗ</strong></span> <span class='ocrx_word' id='word_1_474' title='bbox 535 3785 833 3855; x_wconf 82' lang='grc' dir='ltr'><strong>Σύμμαχος</strong></span> <span class='ocrx_word' id='word_1_475' title='bbox 885 3785 1171 3850; x_wconf 79' lang='grc' dir='ltr'>ἐξέδωκεν,</span> <span class='ocrx_word' id='word_1_476' title='bbox 1199 3788 1255 3839; x_wconf 77' lang='lat' dir='ltr'><strong>oi</strong></span> <span class='ocrx_word' id='word_1_477' title='bbox 1304 3784 1794 3855; x_wconf 75' lang='grc' dir='ltr'>σκληροκάρδιοι.</span> 
     </span>
    </p>
   </div>
   <div class='ocr_carea' id='block_1_68' title="bbox 202 3876 1799 3948">
    <p class='ocr_par' dir='ltr' id='par_1_68' title="bbox 202 3876 1799 3948">
     <span class='ocr_line' id='line_1_68' title="bbox 202 3876 1799 3948; baseline -0.002 -17"><span class='ocrx_word' id='word_1_478' title='bbox 202 3877 349 3932; x_wconf 83' lang='grc' dir='ltr'><strong>Καθ’</strong></span> <span class='ocrx_word' id='word_1_479' title='bbox 386 3877 651 3948; x_wconf 79' lang='grc' dir='ltr'>ἑκάτερον</span> <span class='ocrx_word' id='word_1_480' title='bbox 680 3877 737 3930; x_wconf 85' lang='grc' dir='ltr'><strong>δὲ</strong></span> <span class='ocrx_word' id='word_1_481' title='bbox 771 3878 1103 3948; x_wconf 84' lang='grc' dir='ltr'>παρίσταται</span> <span class='ocrx_word' id='word_1_482' title='bbox 1134 3877 1195 3929; x_wconf 82' lang='grc' dir='ltr'>τὸ</span> <span class='ocrx_word' id='word_1_483' title='bbox 1239 3877 1336 3947; x_wconf 80' lang='grc' dir='ltr'><strong>τῆς</strong></span> <span class='ocrx_word' id='word_1_484' title='bbox 1369 3876 1597 3945; x_wconf 83' lang='grc' dir='ltr'>γνώμης</span> <span class='ocrx_word' id='word_1_485' title='bbox 1641 3876 1799 3930; x_wconf 85' lang='grc' dir='ltr'>ἀναί-</span> 
     </span>
    </p>
   </div>
   <div class='ocr_carea' id='block_1_69' title="bbox 202 3966 1791 4040">
    <p class='ocr_par' dir='ltr' id='par_1_69' title="bbox 202 3966 1791 4040">
     <span class='ocr_line' id='line_1_69' title="bbox 202 3966 1791 4040; baseline -0.003 -17"><span class='ocrx_word' id='word_1_486' title='bbox 202 3970 429 4040; x_wconf 83' lang='grc' dir='ltr'>σθητον.</span> <span class='ocrx_word' id='word_1_487' title='bbox 486 3970 578 4022; x_wconf 81' lang='grc' dir='ltr'><strong>Διὸ</strong></span> <span class='ocrx_word' id='word_1_488' title='bbox 616 3970 756 4040; x_wconf 82' lang='grc' dir='ltr'>πρὸς</span> <span class='ocrx_word' id='word_1_489' title='bbox 796 3967 1238 4040; x_wconf 76' lang='grc' dir='ltr'>εἰδωλολατρείαν</span> <span class='ocrx_word' id='word_1_490' title='bbox 1282 3967 1605 4038; x_wconf 79' lang='grc' dir='ltr'>ἐτράποντο.</span> <span class='ocrx_word' id='word_1_491' title='bbox 1648 3966 1791 4019; x_wconf 73' lang='grc' dir='ltr'>Ἀλλ’</span> 
     </span>
    </p>
   </div>
   <div class='ocr_carea' id='block_1_70' title="bbox 200 4058 1796 4129">
    <p class='ocr_par' dir='ltr' id='par_1_70' title="bbox 200 4058 1796 4129">
     <span class='ocr_line' id='line_1_70' title="bbox 200 4058 1796 4129; baseline -0.002 -15"><span class='ocrx_word' id='word_1_492' title='bbox 200 4061 359 4129; x_wconf 81' lang='grc' dir='ltr'>ὅμως</span> <span class='ocrx_word' id='word_1_493' title='bbox 387 4059 556 4113; x_wconf 76' lang='grc' dir='ltr'>ἐλεῶν</span> <span class='ocrx_word' id='word_1_494' title='bbox 590 4061 791 4122; x_wconf 79' lang='grc' dir='ltr'>αὐτοὺς</span> <span class='ocrx_word' id='word_1_495' title='bbox 825 4062 853 4113; x_wconf 86' lang='grc' dir='ltr'><em>ὁ</em></span> <span class='ocrx_word' id='word_1_496' title='bbox 882 4060 1014 4123; x_wconf 76' lang='grc' dir='ltr'>Θεὸς</span> <span class='ocrx_word' id='word_1_497' title='bbox 1065 4058 1393 4129; x_wconf 78' lang='grc' dir='ltr'>ὑποσχέσεσι</span> <span class='ocrx_word' id='word_1_498' title='bbox 1426 4058 1622 4122; x_wconf 85' lang='grc' dir='ltr'>καλαῖς</span> <span class='ocrx_word' id='word_1_499' title='bbox 1657 4058 1796 4112; x_wconf 83' lang='grc' dir='ltr'><strong>ἁνα-</strong></span> 
     </span>
    </p>
   </div>
   <div class='ocr_carea' id='block_1_71' title="bbox 1894 3138 3479 3209">
    <p class='ocr_par' dir='ltr' id='par_1_71' title="bbox 1894 3138 3479 3209">
     <span class='ocr_line' id='line_1_71' title="bbox 1894 3138 3479 3209; baseline 0.003 -15"><span class='ocrx_word' id='word_1_500' title='bbox 1894 3142 2038 3194; x_wconf 85' lang='lat' dir='ltr'><strong>ultra</strong></span> <span class='ocrx_word' id='word_1_501' title='bbox 2070 3140 2387 3209; x_wconf 84' lang='lat' dir='ltr'><strong>adjicies,ut</strong></span> <span class='ocrx_word' id='word_1_502' title='bbox 2416 3138 2618 3194; x_wconf 83' lang='lat' dir='ltr'><strong>voceris</strong></span> <span class='ocrx_word' id='word_1_503' title='bbox 2642 3140 2819 3195; x_wconf 86' lang='lat' dir='ltr'><strong>mollis</strong></span> <span class='ocrx_word' id='word_1_504' title='bbox 2871 3150 2921 3195; x_wconf 87' lang='lat' dir='ltr'><strong>et</strong></span> <span class='ocrx_word' id='word_1_505' title='bbox 2954 3151 3151 3198; x_wconf 85' lang='lat' dir='ltr'><strong>tenera.</strong></span> <span class='ocrx_word' id='word_1_506' title='bbox 3189 3143 3337 3199; x_wconf 85' lang='lat' dir='ltr'><strong>Tolle</strong></span> <span class='ocrx_word' id='word_1_507' title='bbox 3367 3160 3479 3199; x_wconf 64' lang='lat' dir='ltr'><strong>mov</strong></span> 
     </span>
    </p>
   </div>
   <div class='ocr_carea' id='block_1_72' title="bbox 1897 3231 3475 3303">
    <p class='ocr_par' dir='ltr' id='par_1_72' title="bbox 1897 3231 3475 3303">
     <span class='ocr_line' id='line_1_72' title="bbox 1897 3231 3475 3303; baseline 0.003 -17"><span class='ocrx_word' id='word_1_508' title='bbox 1897 3233 2027 3294; x_wconf 83' lang='lat' dir='ltr'><strong>lam,</strong></span> <span class='ocrx_word' id='word_1_509' title='bbox 2056 3239 2105 3285; x_wconf 83' lang='lat' dir='ltr'><strong>et</strong></span> <span class='ocrx_word' id='word_1_510' title='bbox 2135 3231 2271 3286; x_wconf 85' lang='lat' dir='ltr'><strong>male</strong></span> <span class='ocrx_word' id='word_1_511' title='bbox 2324 3232 2554 3301; x_wconf 81' lang='lat' dir='ltr'><strong>farinam</strong></span> <span class='ocrx_word' id='word_1_512' title='bbox 2582 3248 2601 3297; x_wconf 88' lang='lat'><strong>;</strong></span> <span class='ocrx_word' id='word_1_513' title='bbox 2630 3233 2802 3287; x_wconf 78' lang='lat' dir='ltr'><strong>revela</strong></span> <span class='ocrx_word' id='word_1_514' title='bbox 2856 3235 3250 3303; x_wconf 83' lang='lat' dir='ltr'><strong>operimentum</strong></span> <span class='ocrx_word' id='word_1_515' title='bbox 3303 3249 3475 3300; x_wconf 85' lang='lat' dir='ltr'><strong>tuum.</strong></span> 
     </span>
    </p>
   </div>
   <div class='ocr_carea' id='block_1_73' title="bbox 1898 3323 2915 3396">
    <p class='ocr_par' dir='ltr' id='par_1_73' title="bbox 1898 3323 2915 3396">
     <span class='ocr_line' id='line_1_73' title="bbox 1898 3323 2915 3396; baseline 0.003 -18"><span class='ocrx_word' id='word_1_516' title='bbox 1898 3323 2080 3396; x_wconf 82' lang='lat' dir='ltr'><strong>detege</strong></span> <span class='ocrx_word' id='word_1_517' title='bbox 2119 3340 2298 3391; x_wconf 84' lang='lat' dir='ltr'><strong>canos,</strong></span> <span class='ocrx_word' id='word_1_518' title='bbox 2331 3324 2541 3379; x_wconf 86' lang='lat' dir='ltr'><strong>denuda</strong></span> <span class='ocrx_word' id='word_1_519' title='bbox 2598 3324 2782 3389; x_wconf 82' lang='lat' dir='ltr'><strong>tibias,</strong></span> <span class='ocrx_word' id='word_1_520' title='bbox 2807 3334 2915 3382; x_wconf 83' lang='lat' dir='ltr'><strong>etc.</strong></span> 
     </span>
    </p>
   </div>
   <div class='ocr_carea' id='block_1_74' title="bbox 1972 3492 3484 3582">
    <p class='ocr_par' dir='ltr' id='par_1_74' title="bbox 1972 3492 3484 3582">
     <span class='ocr_line' id='line_1_74' title="bbox 1972 3492 3484 3582; baseline 0.005 -24"><span class='ocrx_word' id='word_1_521' title='bbox 1972 3505 2134 3576; x_wconf 80' lang='lat'><strong>533</strong></span> <span class='ocrx_word' id='word_1_522' title='bbox 2166 3504 2232 3560; x_wconf 88' lang='lat' dir='ltr'><strong>Et</strong></span> <span class='ocrx_word' id='word_1_523' title='bbox 2259 3506 2362 3561; x_wconf 91' lang='lat' dir='ltr'><strong>ista</strong></span> <span class='ocrx_word' id='word_1_524' title='bbox 2397 3506 2464 3561; x_wconf 84' lang='lat' dir='ltr'><strong>ad</strong></span> <span class='ocrx_word' id='word_1_525' title='bbox 2518 3507 2793 3563; x_wconf 85' lang='lat' dir='ltr'><strong>lsraelitas</strong></span> <span class='ocrx_word' id='word_1_526' title='bbox 2835 3510 3024 3574; x_wconf 86' lang='lat' dir='ltr'><strong>etiam,</strong></span> <span class='ocrx_word' id='word_1_527' title='bbox 3063 3511 3118 3564; x_wconf 92' lang='lat' dir='ltr'><strong>in</strong></span> <span class='ocrx_word' id='word_1_528' title='bbox 3151 3492 3293 3580; x_wconf 77' lang='lat' dir='ltr'><strong>quos</strong></span> <span class='ocrx_word' id='word_1_529' title='bbox 3320 3526 3484 3582; x_wconf 82' lang='lat' dir='ltr'><strong>supe-</strong></span> 
     </span>
    </p>
   </div>
   <div class='ocr_carea' id='block_1_75' title="bbox 1901 3596 3487 3672">
    <p class='ocr_par' dir='ltr' id='par_1_75' title="bbox 1901 3596 3487 3672">
     <span class='ocr_line' id='line_1_75' title="bbox 1901 3596 3487 3672; baseline 0.004 -21"><span class='ocrx_word' id='word_1_530' title='bbox 1901 3596 2022 3653; x_wconf 90' lang='lat' dir='ltr'><strong>rius</strong></span> <span class='ocrx_word' id='word_1_531' title='bbox 2062 3598 2199 3653; x_wconf 91' lang='lat' dir='ltr'><strong>illud</strong></span> <span class='ocrx_word' id='word_1_532' title='bbox 2242 3616 2254 3651; x_wconf 89' lang='lat'><strong>:</strong></span> <span class='ocrx_word' id='word_1_533' title='bbox 2291 3617 2310 3649; x_wconf 83' lang='grc' dir='ltr'><strong>ι</strong></span> <span class='ocrx_word' id='word_1_534' title='bbox 2349 3597 2455 3652; x_wconf 78' lang='lat' dir='ltr'><strong>Cui</strong></span> <span class='ocrx_word' id='word_1_535' title='bbox 2490 3614 2578 3653; x_wconf 91' lang='lat' dir='ltr'><strong>me</strong></span> <span class='ocrx_word' id='word_1_536' title='bbox 2613 3601 3056 3669; x_wconf 73' lang='lat' dir='ltr'><strong>assimilastis“,</strong></span> <span class='ocrx_word' id='word_1_537' title='bbox 3098 3622 3116 3653; x_wconf 72' lang='grc' dir='ltr'><strong>ι</strong></span> <span class='ocrx_word' id='word_1_538' title='bbox 3159 3611 3487 3672; x_wconf 86' lang='lat' dir='ltr'><strong>usurpatum</strong></span> 
     </span>
    </p>
   </div>
   <div class='ocr_carea' id='block_1_76' title="bbox 1901 3687 3488 3758">
    <p class='ocr_par' dir='ltr' id='par_1_76' title="bbox 1901 3687 3488 3758">
     <span class='ocr_line' id='line_1_76' title="bbox 1901 3687 3488 3758; baseline 0.003 -16"><span class='ocrx_word' id='word_1_539' title='bbox 1901 3693 2005 3753; x_wconf 77' lang='lat' dir='ltr'><strong>eSt,</strong></span> <span class='ocrx_word' id='word_1_540' title='bbox 2039 3687 2372 3742; x_wconf 81' lang='lat' dir='ltr'><strong>referuntur.</strong></span> <span class='ocrx_word' id='word_1_541' title='bbox 2400 3687 2477 3742; x_wconf 91' lang='lat' dir='ltr'><strong>lbi</strong></span> <span class='ocrx_word' id='word_1_542' title='bbox 2509 3703 2639 3758; x_wconf 85' lang='lat' dir='ltr'><strong>ergo</strong></span> <span class='ocrx_word' id='word_1_543' title='bbox 2671 3705 2767 3744; x_wconf 90' lang='lat' dir='ltr'><strong>eos</strong></span> <span class='ocrx_word' id='word_1_544' title='bbox 2792 3705 3002 3755; x_wconf 85' lang='lat' dir='ltr'><strong>errare,</strong></span> <span class='ocrx_word' id='word_1_545' title='bbox 3038 3692 3127 3746; x_wconf 93' lang='lat' dir='ltr'><strong>bic</strong></span> <span class='ocrx_word' id='word_1_546' title='bbox 3168 3700 3351 3747; x_wconf 89' lang='lat' dir='ltr'><strong>autem</strong></span> <span class='ocrx_word' id='word_1_547' title='bbox 3394 3709 3488 3746; x_wconf 86' lang='lat' dir='ltr'><strong>cor</strong></span> 
     </span>
    </p>
   </div>
   <div class='ocr_carea' id='block_1_77' title="bbox 1902 3778 3485 3852">
    <p class='ocr_par' dir='ltr' id='par_1_77' title="bbox 1902 3778 3485 3852">
     <span class='ocr_line' id='line_1_77' title="bbox 1902 3778 3485 3852; baseline 0.002 -18"><span class='ocrx_word' id='word_1_548' title='bbox 1902 3778 2217 3848; x_wconf 82' lang='lat' dir='ltr'><strong>perdidisse,</strong></span> <span class='ocrx_word' id='word_1_549' title='bbox 2270 3780 2407 3845; x_wconf 83' lang='lat' dir='ltr'><strong>sive,</strong></span> <span class='ocrx_word' id='word_1_550' title='bbox 2468 3787 2527 3832; x_wconf 93' lang='lat' dir='ltr'><strong>ut</strong></span> <span class='ocrx_word' id='word_1_551' title='bbox 2572 3780 2846 3851; x_wconf 78' lang='lat' dir='ltr'><strong>expressit</strong></span> <span class='ocrx_word' id='word_1_552' title='bbox 2902 3778 3302 3852; x_wconf 80' lang='lat' dir='ltr'><strong>Symmachus,</strong></span> <span class='ocrx_word' id='word_1_553' title='bbox 3349 3784 3485 3837; x_wconf 87' lang='lat' dir='ltr'><strong>duro</strong></span> 
     </span>
    </p>
   </div>
   <div class='ocr_carea' id='block_1_78' title="bbox 1904 3870 3484 3942">
    <p class='ocr_par' dir='ltr' id='par_1_78' title="bbox 1904 3870 3484 3942">
     <span class='ocr_line' id='line_1_78' title="bbox 1904 3870 3484 3942; baseline 0.003 -15"><span class='ocrx_word' id='word_1_554' title='bbox 1904 3873 2061 3927; x_wconf 85' lang='lat' dir='ltr'><strong>corde</strong></span> <span class='ocrx_word' id='word_1_555' title='bbox 2090 3873 2343 3926; x_wconf 72' lang='lat' dir='ltr'><strong>exsistere</strong></span> <span class='ocrx_word' id='word_1_556' title='bbox 2366 3870 2660 3941; x_wconf 84' lang='lat' dir='ltr'><strong>signiﬁcat,</strong></span> <span class='ocrx_word' id='word_1_557' title='bbox 2686 3879 2745 3924; x_wconf 89' lang='lat' dir='ltr'><strong>ut</strong></span> <span class='ocrx_word' id='word_1_558' title='bbox 2761 3880 2992 3942; x_wconf 90' lang='lat' dir='ltr'><strong>utroque</strong></span> <span class='ocrx_word' id='word_1_559' title='bbox 3009 3875 3171 3929; x_wconf 83' lang='lat' dir='ltr'><strong>modo</strong></span> <span class='ocrx_word' id='word_1_560' title='bbox 3196 3875 3484 3936; x_wconf 79' lang='lat' dir='ltr'><strong>vecordes.</strong></span> 
     </span>
    </p>
   </div>
   <div class='ocr_carea' id='block_1_79' title="bbox 1904 3961 3489 4032">
    <p class='ocr_par' dir='ltr' id='par_1_79' title="bbox 1904 3961 3489 4032">
     <span class='ocr_line' id='line_1_79' title="bbox 1904 3961 3489 4032; baseline 0.002 -13"><span class='ocrx_word' id='word_1_561' title='bbox 1904 3964 2182 4032; x_wconf 85' lang='lat' dir='ltr'><strong>animique</strong></span> <span class='ocrx_word' id='word_1_562' title='bbox 2237 3977 2402 4018; x_wconf 89' lang='lat' dir='ltr'><strong>sensu</strong></span> <span class='ocrx_word' id='word_1_563' title='bbox 2459 3961 2753 4017; x_wconf 88' lang='lat' dir='ltr'><strong>destitutos</strong></span> <span class='ocrx_word' id='word_1_564' title='bbox 2809 3963 2879 4017; x_wconf 90' lang='lat' dir='ltr'><strong>ad</strong></span> <span class='ocrx_word' id='word_1_565' title='bbox 2941 3964 3309 4020; x_wconf 87' lang='lat' dir='ltr'><strong>idololatriam</strong></span> <span class='ocrx_word' id='word_1_566' title='bbox 3364 3981 3489 4022; x_wconf 82' lang='lat' dir='ltr'><strong>sese</strong></span> 
     </span>
    </p>
   </div>
   <div class='ocr_carea' id='block_1_80' title="bbox 1906 4052 3485 4126">
    <p class='ocr_par' dir='ltr' id='par_1_80' title="bbox 1906 4052 3485 4126">
     <span class='ocr_line' id='line_1_80' title="bbox 1906 4052 3485 4126; baseline 0.001 -16"><span class='ocrx_word' id='word_1_567' title='bbox 1906 4055 2210 4110; x_wconf 89' lang='lat' dir='ltr'><strong>contulisse</strong></span> <span class='ocrx_word' id='word_1_568' title='bbox 2245 4053 2610 4109; x_wconf 84' lang='lat' dir='ltr'><strong>demonstret.</strong></span> <span class='ocrx_word' id='word_1_569' title='bbox 2644 4052 2751 4109; x_wconf 88' lang='lat' dir='ltr'><strong>Sed</strong></span> <span class='ocrx_word' id='word_1_570' title='bbox 2786 4069 2982 4111; x_wconf 88' lang='lat' dir='ltr'><strong>eorum</strong></span> <span class='ocrx_word' id='word_1_571' title='bbox 3020 4055 3135 4126; x_wconf 81' lang='lat' dir='ltr'><strong>jam</strong></span> <span class='ocrx_word' id='word_1_572' title='bbox 3164 4057 3485 4112; x_wconf 86' lang='lat' dir='ltr'><strong>miseratio-</strong></span> 
     </span>
    </p>
   </div>
   <div class='ocr_carea' id='block_1_81' title="bbox 202 4147 1784 4225">
    <p class='ocr_par' dir='ltr' id='par_1_81' title="bbox 202 4151 1779 4225">
     <span class='ocr_line' id='line_1_81' title="bbox 202 4151 1779 4225; baseline -0.003 -16"><span class='ocrx_word' id='word_1_573' title='bbox 202 4153 461 4209; x_wconf 78' lang='grc' dir='ltr'>καλεῖται</span> <span class='ocrx_word' id='word_1_574' title='bbox 480 4153 617 4225; x_wconf 76' lang='grc' dir='ltr'>πρὸς</span> <span class='ocrx_word' id='word_1_575' title='bbox 642 4151 858 4207; x_wconf 82' lang='grc' dir='ltr'>σύνεσιν</span> <span class='ocrx_word' id='word_1_576' title='bbox 885 4155 1343 4222; x_wconf 81' lang='grc' dir='ltr'>μακρυνθὲντας</span> <span class='ocrx_word' id='word_1_577' title='bbox 1372 4151 1779 4218; x_wconf 76' lang='grc' dir='ltr'>δικαιοσύνης</span> 
     </span>
    </p>
   </div>
   <div class='ocr_carea' id='block_1_82' title="bbox 1897 4147 3487 4225">
    <p class='ocr_par' dir='ltr' id='par_1_82' title="bbox 1906 4147 3487 4219">
     <span class='ocr_line' id='line_1_82' title="bbox 1906 4147 3487 4219; baseline 0.001 -15"><span class='ocrx_word' id='word_1_578' title='bbox 1906 4165 1978 4204; x_wconf 86' lang='lat' dir='ltr'><strong>ne</strong></span> <span class='ocrx_word' id='word_1_579' title='bbox 2013 4156 2347 4202; x_wconf 86' lang='lat' dir='ltr'><strong>commotum</strong></span> <span class='ocrx_word' id='word_1_580' title='bbox 2383 4147 2552 4201; x_wconf 81' lang='lat' dir='ltr'><strong>Deum</strong></span> <span class='ocrx_word' id='word_1_581' title='bbox 2584 4163 2681 4218; x_wconf 86' lang='lat' dir='ltr'><strong>spe</strong></span> <span class='ocrx_word' id='word_1_582' title='bbox 2709 4148 2876 4215; x_wconf 87' lang='lat' dir='ltr'><strong>bona,</strong></span> <span class='ocrx_word' id='word_1_583' title='bbox 2901 4148 3319 4219; x_wconf 86' lang='lat' dir='ltr'><strong>magniﬁcisque</strong></span> <span class='ocrx_word' id='word_1_584' title='bbox 3365 4149 3487 4219; x_wconf 88' lang='lat' dir='ltr'><strong>pol-</strong></span> 
     </span>
    </p>
   </div>
   <div class='ocr_carea' id='block_1_83' title="bbox 202 4238 1784 4313">
    <p class='ocr_par' dir='ltr' id='par_1_83' title="bbox 202 4240 1784 4312">
     <span class='ocr_line' id='line_1_83' title="bbox 202 4240 1784 4312; baseline -0.003 -14"><span class='ocrx_word' id='word_1_585' title='bbox 202 4243 355 4298; x_wconf 82' lang='grc' dir='ltr'><strong>τοῦτ’</strong></span> <span class='ocrx_word' id='word_1_586' title='bbox 414 4242 532 4296; x_wconf 81' lang='grc' dir='ltr'>ἐστι</span> <span class='ocrx_word' id='word_1_587' title='bbox 592 4241 749 4296; x_wconf 81' lang='grc' dir='ltr'>Θεοῦ.</span> <span class='ocrx_word' id='word_1_588' title='bbox 814 4242 1218 4312; x_wconf 75' lang='grc' dir='ltr'>Ἀπειρήκεσαν</span> <span class='ocrx_word' id='word_1_589' title='bbox 1268 4241 1375 4312; x_wconf 86' lang='grc' dir='ltr'>γὰρ</span> <span class='ocrx_word' id='word_1_590' title='bbox 1431 4243 1550 4303; x_wconf 79' lang='grc' dir='ltr'>ταῖς</span> <span class='ocrx_word' id='word_1_591' title='bbox 1591 4240 1784 4310; x_wconf 60' lang='grc' dir='ltr'>ψυχαῖς</span> 
     </span>
    </p>
   </div>
   <div class='ocr_carea' id='block_1_84' title="bbox 1897 4238 3489 4313">
    <p class='ocr_par' dir='ltr' id='par_1_84' title="bbox 1910 4238 3489 4313">
     <span class='ocr_line' id='line_1_84' title="bbox 1910 4238 3489 4313; baseline 0.002 -20"><span class='ocrx_word' id='word_1_592' title='bbox 1910 4238 2332 4302; x_wconf 88' lang='lat' dir='ltr'><strong>licitationibus,</strong></span> <span class='ocrx_word' id='word_1_593' title='bbox 2365 4239 2455 4307; x_wconf 91' lang='lat' dir='ltr'><strong>qui</strong></span> <span class='ocrx_word' id='word_1_594' title='bbox 2490 4238 2831 4308; x_wconf 84' lang='lat' dir='ltr'><strong>ajustitia,id</strong></span> <span class='ocrx_word' id='word_1_595' title='bbox 2859 4250 2943 4295; x_wconf 89' lang='lat' dir='ltr'><strong>est</strong></span> <span class='ocrx_word' id='word_1_596' title='bbox 2969 4238 3154 4306; x_wconf 38' lang='lat' dir='ltr'><strong>a&#39;Deo,</strong></span> <span class='ocrx_word' id='word_1_597' title='bbox 3171 4240 3323 4313; x_wconf 85' lang='lat' dir='ltr'><strong>longe</strong></span> <span class='ocrx_word' id='word_1_598' title='bbox 3351 4242 3489 4312; x_wconf 79' lang='lat' dir='ltr'><strong>fuis-</strong></span> 
     </span>
    </p>
   </div>
   <div class='ocr_carea' id='block_1_85' title="bbox 204 4320 1784 4406">
    <p class='ocr_par' dir='ltr' id='par_1_85' title="bbox 204 4331 1784 4406">
     <span class='ocr_line' id='line_1_85' title="bbox 204 4331 1784 4406; baseline -0.003 -17"><span class='ocrx_word' id='word_1_599' title='bbox 204 4335 448 4397; x_wconf 81' lang='grc' dir='ltr'>ἁλούσας</span> <span class='ocrx_word' id='word_1_600' title='bbox 491 4334 728 4406; x_wconf 82' lang='grc' dir='ltr'>ὁρῶντες</span> <span class='ocrx_word' id='word_1_601' title='bbox 778 4337 881 4397; x_wconf 77' lang='grc' dir='ltr'>τὰς</span> <span class='ocrx_word' id='word_1_602' title='bbox 917 4332 1047 4385; x_wconf 79' lang='grc' dir='ltr'>δέκα</span> <span class='ocrx_word' id='word_1_603' title='bbox 1106 4332 1314 4402; x_wconf 81' lang='grc' dir='ltr'>φυλὰς,</span> <span class='ocrx_word' id='word_1_604' title='bbox 1362 4333 1545 4395; x_wconf 79' lang='grc' dir='ltr'>αὐτοῖς</span> <span class='ocrx_word' id='word_1_605' title='bbox 1593 4350 1656 4385; x_wconf 91' lang='grc' dir='ltr'><strong>τε</strong></span> <span class='ocrx_word' id='word_1_606' title='bbox 1701 4331 1784 4385; x_wconf 61' lang='lat' dir='ltr'><strong>sbi</strong></span> 
     </span>
    </p>
   </div>
   <div class='ocr_carea' id='block_1_86' title="bbox 1897 4320 3483 4406">
    <p class='ocr_par' dir='ltr' id='par_1_86' title="bbox 1905 4330 3483 4402">
     <span class='ocr_line' id='line_1_86' title="bbox 1905 4330 3483 4402; baseline 0.001 -15"><span class='ocrx_word' id='word_1_607' title='bbox 1905 4340 2043 4399; x_wconf 86' lang='lat' dir='ltr'><strong>sent,</strong></span> <span class='ocrx_word' id='word_1_608' title='bbox 2066 4331 2130 4383; x_wconf 87' lang='lat' dir='ltr'><strong>ad</strong></span> <span class='ocrx_word' id='word_1_609' title='bbox 2182 4330 2619 4399; x_wconf 82' lang='lat' dir='ltr'><strong>resipiscentiam</strong></span> <span class='ocrx_word' id='word_1_610' title='bbox 2671 4346 2995 4402; x_wconf 83' lang='lat' dir='ltr'><strong>provocare.</strong></span> <span class='ocrx_word' id='word_1_611' title='bbox 3037 4332 3266 4388; x_wconf 80' lang='lat' dir='ltr'><strong>Animos</strong></span> <span class='ocrx_word' id='word_1_612' title='bbox 3312 4334 3483 4396; x_wconf 87' lang='lat' dir='ltr'><strong>enim.</strong></span> 
     </span>
    </p>
   </div>
   <div class='ocr_carea' id='block_1_87' title="bbox 217 4421 1784 4496">
    <p class='ocr_par' dir='ltr' id='par_1_87' title="bbox 217 4422 1784 4496">
     <span class='ocr_line' id='line_1_87' title="bbox 217 4422 1784 4496; baseline -0.003 -15"><span class='ocrx_word' id='word_1_613' title='bbox 217 4426 513 4496; x_wconf 77' lang='grc' dir='ltr'>’Δσσύριον</span> <span class='ocrx_word' id='word_1_614' title='bbox 573 4426 807 4496; x_wconf 84' lang='grc' dir='ltr'>ὁρῶντες</span> <span class='ocrx_word' id='word_1_615' title='bbox 851 4426 1205 4495; x_wconf 77' lang='grc' dir='ltr'>ἐγκείμενον,</span> <span class='ocrx_word' id='word_1_616' title='bbox 1256 4423 1495 4494; x_wconf 85' lang='grc' dir='ltr'>ματαίας</span> <span class='ocrx_word' id='word_1_617' title='bbox 1527 4423 1621 4478; x_wconf 85' lang='grc' dir='ltr'><strong>τοῦ</strong></span> <span class='ocrx_word' id='word_1_618' title='bbox 1657 4422 1784 4477; x_wconf 75' lang='grc' dir='ltr'>Θεοῦ</span> 
     </span>
    </p>
   </div>
   <div class='ocr_carea' id='block_1_88' title="bbox 1897 4421 3484 4496">
    <p class='ocr_par' dir='ltr' id='par_1_88' title="bbox 1898 4421 3484 4494">
     <span class='ocr_line' id='line_1_88' title="bbox 1898 4421 3484 4494; baseline 0.002 -17"><span class='ocrx_word' id='word_1_619' title='bbox 1898 4425 1993 4493; x_wconf 90' lang='lat' dir='ltr'><strong>qui</strong></span> <span class='ocrx_word' id='word_1_620' title='bbox 2049 4422 2238 4476; x_wconf 87' lang='lat' dir='ltr'><strong>decem</strong></span> <span class='ocrx_word' id='word_1_621' title='bbox 2274 4421 2452 4476; x_wconf 89' lang='lat' dir='ltr'><strong>tribus</strong></span> <span class='ocrx_word' id='word_1_622' title='bbox 2486 4431 2674 4491; x_wconf 89' lang='lat' dir='ltr'><strong>captas</strong></span> <span class='ocrx_word' id='word_1_623' title='bbox 2730 4437 2855 4477; x_wconf 88' lang='lat' dir='ltr'><strong>esse</strong></span> <span class='ocrx_word' id='word_1_624' title='bbox 2888 4423 3209 4488; x_wconf 83' lang='lat' dir='ltr'><strong>cernebant,</strong></span> <span class='ocrx_word' id='word_1_625' title='bbox 3263 4424 3484 4494; x_wconf 82' lang='lat' dir='ltr'><strong>abjcce-</strong></span> 
     </span>
    </p>
   </div>
   <div class='ocr_carea' id='block_1_89' title="bbox 198 4515 1784 4593">
    <p class='ocr_par' dir='ltr' id='par_1_89' title="bbox 198 4515 1784 4587">
     <span class='ocr_line' id='line_1_89' title="bbox 198 4515 1784 4587; baseline -0.003 -13"><span class='ocrx_word' id='word_1_626' title='bbox 198 4520 306 4583; x_wconf 80' lang='grc' dir='ltr'>τὰς</span> <span class='ocrx_word' id='word_1_627' title='bbox 338 4517 679 4587; x_wconf 78' lang='grc' dir='ltr'>ἐπαγγελίας</span> <span class='ocrx_word' id='word_1_628' title='bbox 711 4517 983 4587; x_wconf 74' lang='grc' dir='ltr'>ἐνόμιζον.</span> <span class='ocrx_word' id='word_1_629' title='bbox 1021 4517 1113 4570; x_wconf 82' lang='grc' dir='ltr'><strong>Διὸ</strong></span> <span class='ocrx_word' id='word_1_630' title='bbox 1151 4515 1251 4586; x_wconf 86' lang='grc' dir='ltr'>τὴν</span> <span class='ocrx_word' id='word_1_631' title='bbox 1284 4515 1425 4569; x_wconf 83' lang='grc' dir='ltr'>κατὰ</span> <span class='ocrx_word' id='word_1_632' title='bbox 1472 4515 1784 4577; x_wconf 69' lang='grc' dir='ltr'>Βαὸυλῶνος</span> 
     </span>
    </p>
   </div>
   <div class='ocr_carea' id='block_1_90' title="bbox 1897 4515 3483 4593">
    <p class='ocr_par' dir='ltr' id='par_1_90' title="bbox 1897 4515 3483 4586">
     <span class='ocr_line' id='line_1_90' title="bbox 1897 4515 3483 4586; baseline 0 -16"><span class='ocrx_word' id='word_1_633' title='bbox 1897 4526 2025 4570; x_wconf 89' lang='lat' dir='ltr'><strong>rant</strong></span> <span class='ocrx_word' id='word_1_634' title='bbox 2055 4524 2162 4582; x_wconf 88' lang='lat' dir='ltr'><strong>;.et</strong></span> <span class='ocrx_word' id='word_1_635' title='bbox 2194 4515 2288 4583; x_wconf 89' lang='lat' dir='ltr'><strong>qui</strong></span> <span class='ocrx_word' id='word_1_636' title='bbox 2310 4515 2414 4570; x_wconf 89' lang='lat' dir='ltr'><strong>sibi</strong></span> <span class='ocrx_word' id='word_1_637' title='bbox 2441 4516 2729 4586; x_wconf 83' lang='lat' dir='ltr'><strong>Assyrium</strong></span> <span class='ocrx_word' id='word_1_638' title='bbox 2761 4515 3049 4570; x_wconf 81' lang='lat' dir='ltr'><strong>imminere</strong></span> <span class='ocrx_word' id='word_1_639' title='bbox 3072 4516 3359 4579; x_wconf 66' lang='lat' dir='ltr'><strong>videbant,</strong></span> <span class='ocrx_word' id='word_1_640' title='bbox 3383 4531 3483 4570; x_wconf 85' lang='lat' dir='ltr'><strong>va-</strong></span> 
     </span>
    </p>
   </div>
   <div class='ocr_carea' id='block_1_91' title="bbox 199 4605 1784 4677">
    <p class='ocr_par' dir='ltr' id='par_1_91' title="bbox 199 4605 1784 4677">
     <span class='ocr_line' id='line_1_91' title="bbox 199 4605 1784 4677; baseline -0.001 -16"><span class='ocrx_word' id='word_1_641' title='bbox 199 4607 412 4669; x_wconf 79' lang='grc' dir='ltr'>αὐτοὺς</span> <span class='ocrx_word' id='word_1_642' title='bbox 437 4605 848 4676; x_wconf 76' lang='grc' dir='ltr'>εὐαγγελίζεται</span> <span class='ocrx_word' id='word_1_643' title='bbox 885 4606 1067 4674; x_wconf 82' lang='grc' dir='ltr'>δίκην.</span> <span class='ocrx_word' id='word_1_644' title='bbox 1130 4606 1390 4659; x_wconf 85' lang='grc' dir='ltr'>Ἐκὸλασε</span> <span class='ocrx_word' id='word_1_645' title='bbox 1428 4605 1536 4677; x_wconf 84' lang='grc' dir='ltr'>γὰρ</span> <span class='ocrx_word' id='word_1_646' title='bbox 1572 4605 1701 4670; x_wconf 78' lang='grc' dir='ltr'>τοὺς</span> <span class='ocrx_word' id='word_1_647' title='bbox 1736 4605 1784 4671; x_wconf 76' lang='grc' dir='ltr'><strong>ἐξ</strong></span> 
     </span>
    </p>
   </div>
   <div class='ocr_carea' id='block_1_92' title="bbox 1897 4605 3484 4677">
    <p class='ocr_par' dir='ltr' id='par_1_92' title="bbox 1900 4606 3484 4676">
     <span class='ocr_line' id='line_1_92' title="bbox 1900 4606 3484 4676; baseline -0.001 -14"><span class='ocrx_word' id='word_1_648' title='bbox 1900 4622 2002 4662; x_wconf 88' lang='lat' dir='ltr'><strong>nas</strong></span> <span class='ocrx_word' id='word_1_649' title='bbox 2050 4621 2169 4663; x_wconf 83' lang='lat' dir='ltr'><strong>esse</strong></span> <span class='ocrx_word' id='word_1_650' title='bbox 2210 4606 2635 4675; x_wconf 88' lang='lat' dir='ltr'><strong>pollicitationes</strong></span> <span class='ocrx_word' id='word_1_651' title='bbox 2670 4606 3109 4662; x_wconf 88' lang='lat' dir='ltr'><strong>arbitrabantur.</strong></span> <span class='ocrx_word' id='word_1_652' title='bbox 3141 4607 3324 4676; x_wconf 87' lang='lat' dir='ltr'><strong>Atque</strong></span> <span class='ocrx_word' id='word_1_653' title='bbox 3353 4608 3484 4661; x_wconf 84' lang='lat' dir='ltr'><strong>binc</strong></span> 
     </span>
    </p>
   </div>
   <div class='ocr_carea' id='block_1_93' title="bbox 211 4697 1784 4769">
    <p class='ocr_par' dir='ltr' id='par_1_93' title="bbox 211 4697 1784 4769">
     <span class='ocr_line' id='line_1_93' title="bbox 211 4697 1784 4769; baseline -0.003 -16"><span class='ocrx_word' id='word_1_654' title='bbox 211 4698 446 4769; x_wconf 83' lang='grc' dir='ltr'>Ἰσραὴλ</span> <span class='ocrx_word' id='word_1_655' title='bbox 472 4700 502 4752; x_wconf 85' lang='grc' dir='ltr'>ὁ</span> <span class='ocrx_word' id='word_1_656' title='bbox 530 4699 662 4762; x_wconf 82' lang='grc' dir='ltr'>Θεὸς</span> <span class='ocrx_word' id='word_1_657' title='bbox 692 4699 750 4751; x_wconf 84' lang='grc' dir='ltr'>οὐ</span> <span class='ocrx_word' id='word_1_658' title='bbox 801 4698 997 4768; x_wconf 83' lang='grc' dir='ltr'>μισῶν,</span> <span class='ocrx_word' id='word_1_659' title='bbox 1032 4697 1312 4768; x_wconf 85' lang='grc' dir='ltr'>σωτηρίαν</span> <span class='ocrx_word' id='word_1_660' title='bbox 1338 4697 1396 4751; x_wconf 82' lang='grc' dir='ltr'>δὲ</span> <span class='ocrx_word' id='word_1_661' title='bbox 1420 4699 1621 4760; x_wconf 84' lang='grc' dir='ltr'>αὐτοῖς</span> <span class='ocrx_word' id='word_1_662' title='bbox 1661 4715 1784 4769; x_wconf 84' lang='grc' dir='ltr'>μνη-</span> 
     </span>
    </p>
   </div>
   <div class='ocr_carea' id='block_1_94' title="bbox 1897 4697 3485 4769">
    <p class='ocr_par' dir='ltr' id='par_1_94' title="bbox 1897 4697 3485 4768">
     <span class='ocr_line' id='line_1_94' title="bbox 1897 4697 3485 4768; baseline -0.003 -12"><span class='ocrx_word' id='word_1_663' title='bbox 1897 4706 2001 4763; x_wconf 88' lang='lat' dir='ltr'><strong>est,</strong></span> <span class='ocrx_word' id='word_1_664' title='bbox 2024 4697 2170 4768; x_wconf 89' lang='lat' dir='ltr'><strong>quod</strong></span> <span class='ocrx_word' id='word_1_665' title='bbox 2221 4698 2303 4753; x_wconf 86' lang='lat' dir='ltr'><strong>eis</strong></span> <span class='ocrx_word' id='word_1_666' title='bbox 2338 4697 2594 4767; x_wconf 87' lang='lat' dir='ltr'><strong>praedicta</strong></span> <span class='ocrx_word' id='word_1_667' title='bbox 2633 4697 2929 4765; x_wconf 85' lang='lat' dir='ltr'><strong>Babylonis</strong></span> <span class='ocrx_word' id='word_1_668' title='bbox 2970 4699 3186 4753; x_wconf 83' lang='lat' dir='ltr'><strong>ultione</strong></span> <span class='ocrx_word' id='word_1_669' title='bbox 3243 4698 3485 4754; x_wconf 85' lang='lat' dir='ltr'><strong>recreari</strong></span> 
     </span>
    </p>
   </div>
   <div class='ocr_carea' id='block_1_95' title="bbox 198 4787 1784 4862">
    <p class='ocr_par' dir='ltr' id='par_1_95' title="bbox 198 4787 1784 4858">
     <span class='ocr_line' id='line_1_95' title="bbox 198 4787 1784 4858; baseline 0.001 -17"><span class='ocrx_word' id='word_1_670' title='bbox 198 4788 558 4858; x_wconf 80' lang='grc' dir='ltr'>στευόμενος,</span> <span class='ocrx_word' id='word_1_671' title='bbox 584 4787 660 4851; x_wconf 82' lang='grc' dir='ltr'>ὡς</span> <span class='ocrx_word' id='word_1_672' title='bbox 687 4789 783 4842; x_wconf 75' lang='grc' dir='ltr'>καὶ</span> <span class='ocrx_word' id='word_1_673' title='bbox 812 4787 920 4842; x_wconf 85' lang='grc' dir='ltr'><strong>τῶν</strong></span> <span class='ocrx_word' id='word_1_674' title='bbox 953 4788 1151 4856; x_wconf 81' lang='grc' dir='ltr'>ἰατρῶν</span> <span class='ocrx_word' id='word_1_675' title='bbox 1186 4789 1235 4841; x_wconf 76' lang='grc' dir='ltr'>οἱ</span> <span class='ocrx_word' id='word_1_676' title='bbox 1263 4788 1552 4858; x_wconf 87' lang='grc' dir='ltr'>τέμνοντές</span> <span class='ocrx_word' id='word_1_677' title='bbox 1601 4805 1660 4840; x_wconf 80' lang='grc' dir='ltr'><strong>τε</strong></span> <span class='ocrx_word' id='word_1_678' title='bbox 1709 4788 1784 4843; x_wconf 67' lang='grc' dir='ltr'><strong>καὶ</strong></span> 
     </span>
    </p>
   </div>
   <div class='ocr_carea' id='block_1_96' title="bbox 1897 4787 3486 4862">
    <p class='ocr_par' dir='ltr' id='par_1_96' title="bbox 1909 4788 3486 4862">
     <span class='ocr_line' id='line_1_96' title="bbox 1909 4788 3486 4862; baseline 0 -17"><span class='ocrx_word' id='word_1_679' title='bbox 1909 4790 2053 4846; x_wconf 90' lang='lat' dir='ltr'><strong>Deus</strong></span> <span class='ocrx_word' id='word_1_680' title='bbox 2072 4790 2278 4857; x_wconf 84' lang='lat' dir='ltr'><strong>voluit;</strong></span> <span class='ocrx_word' id='word_1_681' title='bbox 2317 4788 2408 4860; x_wconf 87' lang='lat' dir='ltr'><strong>qui</strong></span> <span class='ocrx_word' id='word_1_682' title='bbox 2431 4807 2543 4846; x_wconf 87' lang='lat' dir='ltr'><strong>non</strong></span> <span class='ocrx_word' id='word_1_683' title='bbox 2574 4792 2721 4853; x_wconf 87' lang='lat' dir='ltr'><strong>odio,</strong></span> <span class='ocrx_word' id='word_1_684' title='bbox 2757 4792 2855 4847; x_wconf 88' lang='lat' dir='ltr'><strong>sed</strong></span> <span class='ocrx_word' id='word_1_685' title='bbox 2893 4792 3089 4848; x_wconf 87' lang='lat' dir='ltr'><strong>salutis</strong></span> <span class='ocrx_word' id='word_1_686' title='bbox 3122 4806 3309 4846; x_wconf 88' lang='lat' dir='ltr'><strong>amore</strong></span> <span class='ocrx_word' id='word_1_687' title='bbox 3353 4807 3486 4862; x_wconf 83' lang='lat' dir='ltr'><strong>pro-</strong></span> 
     </span>
    </p>
   </div>
   <div class='ocr_carea' id='block_1_97' title="bbox 199 4880 1784 4951">
    <p class='ocr_par' dir='ltr' id='par_1_97' title="bbox 199 4880 1784 4951">
     <span class='ocr_line' id='line_1_97' title="bbox 199 4880 1784 4951; baseline -0.001 -18"><span class='ocrx_word' id='word_1_688' title='bbox 199 4880 496 4943; x_wconf 83' lang='grc' dir='ltr'>καίοντες·</span> <span class='ocrx_word' id='word_1_689' title='bbox 540 4880 666 4934; x_wconf 78' lang='grc' dir='ltr'><strong>ἐπεὶ</strong></span> <span class='ocrx_word' id='word_1_690' title='bbox 710 4881 806 4936; x_wconf 79' lang='grc' dir='ltr'>καὶ</span> <span class='ocrx_word' id='word_1_691' title='bbox 851 4883 1001 4933; x_wconf 81' lang='grc' dir='ltr'>πᾶσα</span> <span class='ocrx_word' id='word_1_692' title='bbox 1030 4880 1257 4943; x_wconf 84' lang='grc' dir='ltr'>κόλασις</span> <span class='ocrx_word' id='word_1_693' title='bbox 1293 4880 1429 4951; x_wconf 83' lang='grc' dir='ltr'>πρὸς</span> <span class='ocrx_word' id='word_1_694' title='bbox 1462 4880 1653 4948; x_wconf 75' lang='grc' dir='ltr'>ὄνησιν</span> <span class='ocrx_word' id='word_1_695' title='bbox 1683 4882 1784 4933; x_wconf 76' lang='grc' dir='ltr'>ἐπι</span> 
     </span>
    </p>
   </div>
   <div class='ocr_carea' id='block_1_98' title="bbox 1897 4880 3486 4951">
    <p class='ocr_par' dir='ltr' id='par_1_98' title="bbox 1904 4880 3486 4951">
     <span class='ocr_line' id='line_1_98' title="bbox 1904 4880 3486 4951; baseline 0.001 -16"><span class='ocrx_word' id='word_1_696' title='bbox 1904 4893 2131 4937; x_wconf 85' lang='lat' dir='ltr'><strong>vocatus</strong></span> <span class='ocrx_word' id='word_1_697' title='bbox 2156 4882 2223 4936; x_wconf 91' lang='lat' dir='ltr'><strong>ad</strong></span> <span class='ocrx_word' id='word_1_698' title='bbox 2248 4880 2616 4936; x_wconf 84' lang='lat' dir='ltr'><strong>Israelilarum</strong></span> <span class='ocrx_word' id='word_1_699' title='bbox 2672 4897 2865 4951; x_wconf 68' lang='lat' dir='ltr'><strong>poenas</strong></span> <span class='ocrx_word' id='word_1_700' title='bbox 2898 4881 3156 4947; x_wconf 86' lang='lat' dir='ltr'><strong>accessit,</strong></span> <span class='ocrx_word' id='word_1_701' title='bbox 3189 4896 3298 4936; x_wconf 92' lang='lat' dir='ltr'><strong>non</strong></span> <span class='ocrx_word' id='word_1_702' title='bbox 3325 4882 3486 4937; x_wconf 88' lang='lat' dir='ltr'><strong>aliter</strong></span> 
     </span>
    </p>
   </div>
   <div class='ocr_carea' id='block_1_99' title="bbox 200 4970 1784 5044">
    <p class='ocr_par' dir='ltr' id='par_1_99' title="bbox 200 4970 1784 5043">
     <span class='ocr_line' id='line_1_99' title="bbox 200 4970 1784 5043; baseline -0.001 -19"><span class='ocrx_word' id='word_1_703' title='bbox 200 4970 463 5042; x_wconf 76' lang='grc' dir='ltr'>φέρεται.</span> <span class='ocrx_word' id='word_1_704' title='bbox 499 4971 905 5027; x_wconf 83' lang='grc' dir='ltr'>Συναναπλέκει</span> <span class='ocrx_word' id='word_1_705' title='bbox 938 4971 994 5027; x_wconf 86' lang='grc' dir='ltr'>δὲ</span> <span class='ocrx_word' id='word_1_706' title='bbox 1020 4974 1084 5043; x_wconf 83' lang='grc' dir='ltr'><strong>τῇ</strong></span> <span class='ocrx_word' id='word_1_707' title='bbox 1112 4974 1211 5043; x_wconf 81' lang='grc' dir='ltr'>τῆς</span> <span class='ocrx_word' id='word_1_708' title='bbox 1247 4972 1482 5043; x_wconf 83' lang='grc' dir='ltr'>μερικῆς</span> <span class='ocrx_word' id='word_1_709' title='bbox 1503 4971 1784 5040; x_wconf 59' lang='grc' dir='ltr'>σωτηρίας</span> 
     </span>
    </p>
   </div>
   <div class='ocr_carea' id='block_1_100' title="bbox 1897 4970 3487 5044">
    <p class='ocr_par' dir='ltr' id='par_1_100' title="bbox 1905 4972 3487 5044">
     <span class='ocr_line' id='line_1_100' title="bbox 1905 4972 3487 5044; baseline 0.002 -17"><span class='ocrx_word' id='word_1_710' title='bbox 1905 4988 2068 5044; x_wconf 88' lang='lat' dir='ltr'><strong>quam</strong></span> <span class='ocrx_word' id='word_1_711' title='bbox 2118 4972 2184 5028; x_wconf 82' lang='lat' dir='ltr'><strong>ad</strong></span> <span class='ocrx_word' id='word_1_712' title='bbox 2238 4973 2655 5043; x_wconf 82' lang='lat' dir='ltr'><strong>amputandum,</strong></span> <span class='ocrx_word' id='word_1_713' title='bbox 2682 4974 2767 5029; x_wconf 79' lang='lat' dir='ltr'><strong>vel</strong></span> <span class='ocrx_word' id='word_1_714' title='bbox 2819 4972 3091 5030; x_wconf 89' lang='lat' dir='ltr'><strong>urendum</strong></span> <span class='ocrx_word' id='word_1_715' title='bbox 3134 4974 3333 5029; x_wconf 89' lang='lat' dir='ltr'><strong>medici</strong></span> <span class='ocrx_word' id='word_1_716' title='bbox 3372 4990 3487 5030; x_wconf 88' lang='lat' dir='ltr'><strong>:ne</strong></span> 
     </span>
    </p>
   </div>
   <div class='ocr_carea' id='block_1_101' title="bbox 202 5062 1784 5136">
    <p class='ocr_par' dir='ltr' id='par_1_101' title="bbox 202 5062 1784 5135">
     <span class='ocr_line' id='line_1_101' title="bbox 202 5062 1784 5135; baseline 0 -19"><span class='ocrx_word' id='word_1_717' title='bbox 202 5064 509 5132; x_wconf 76' lang='grc' dir='ltr'>ὑποσχέσει</span> <span class='ocrx_word' id='word_1_718' title='bbox 539 5065 633 5117; x_wconf 72' lang='grc' dir='ltr'>καὶ</span> <span class='ocrx_word' id='word_1_719' title='bbox 654 5064 753 5133; x_wconf 79' lang='grc' dir='ltr'>τῆς</span> <span class='ocrx_word' id='word_1_720' title='bbox 782 5064 1164 5133; x_wconf 87' lang='grc' dir='ltr'>γενικωτάτης</span> <span class='ocrx_word' id='word_1_721' title='bbox 1191 5062 1288 5135; x_wconf 75' lang='grc' dir='ltr'>τὴν</span> <span class='ocrx_word' id='word_1_722' title='bbox 1312 5064 1568 5133; x_wconf 88' lang='grc' dir='ltr'>δήλωσιν.</span> <span class='ocrx_word' id='word_1_723' title='bbox 1604 5065 1669 5116; x_wconf 87' lang='grc' dir='ltr'><strong>Ἡ</strong></span> <span class='ocrx_word' id='word_1_724' title='bbox 1702 5062 1784 5133; x_wconf 65' lang='grc' dir='ltr'>μὲι</span> 
     </span>
    </p>
   </div>
   <div class='ocr_carea' id='block_1_102' title="bbox 1897 5062 3486 5136">
    <p class='ocr_par' dir='ltr' id='par_1_102' title="bbox 1902 5064 3486 5136">
     <span class='ocr_line' id='line_1_102' title="bbox 1902 5064 3486 5136; baseline 0.001 -16"><span class='ocrx_word' id='word_1_725' title='bbox 1902 5066 2082 5121; x_wconf 83' lang='lat' dir='ltr'><strong>dicam</strong></span> <span class='ocrx_word' id='word_1_726' title='bbox 2149 5065 2371 5120; x_wconf 89' lang='lat' dir='ltr'><strong>nonnisi</strong></span> <span class='ocrx_word' id='word_1_727' title='bbox 2424 5064 2680 5120; x_wconf 87' lang='lat' dir='ltr'><strong>utilitatis</strong></span> <span class='ocrx_word' id='word_1_728' title='bbox 2731 5065 2908 5134; x_wconf 85' lang='lat' dir='ltr'><strong>gratia</strong></span> <span class='ocrx_word' id='word_1_729' title='bbox 2959 5080 3183 5136; x_wconf 86' lang='lat' dir='ltr'><strong>semper</strong></span> <span class='ocrx_word' id='word_1_730' title='bbox 3243 5065 3486 5122; x_wconf 87' lang='lat' dir='ltr'><strong>ultiones</strong></span> 
     </span>
    </p>
   </div>
   <div class='ocr_carea' id='block_1_103' title="bbox 202 5153 1784 5228">
    <p class='ocr_par' dir='ltr' id='par_1_103' title="bbox 202 5153 1784 5228">
     <span class='ocr_line' id='line_1_103' title="bbox 202 5153 1784 5228; baseline 0.003 -22"><span class='ocrx_word' id='word_1_731' title='bbox 202 5153 325 5225; x_wconf 73' lang='grc' dir='ltr'>γὰρ</span> <span class='ocrx_word' id='word_1_732' title='bbox 354 5154 445 5207; x_wconf 79' lang='grc' dir='ltr'>διὰ</span> <span class='ocrx_word' id='word_1_733' title='bbox 472 5155 715 5227; x_wconf 80' lang='grc' dir='ltr'>Κυρίουά</span> <span class='ocrx_word' id='word_1_734' title='bbox 736 5156 1029 5228; x_wconf 82' lang='grc' dir='ltr'>λύτρωσις,</span> <span class='ocrx_word' id='word_1_735' title='bbox 1049 5157 1271 5228; x_wconf 76' lang='grc' dir='ltr'>μερικὴ,</span> <span class='ocrx_word' id='word_1_736' title='bbox 1294 5159 1327 5226; x_wconf 84' lang='grc' dir='ltr'>ἡ</span> <span class='ocrx_word' id='word_1_737' title='bbox 1349 5156 1406 5208; x_wconf 84' lang='grc' dir='ltr'><strong>δὲ</strong></span> <span class='ocrx_word' id='word_1_738' title='bbox 1423 5155 1513 5208; x_wconf 83' lang='grc' dir='ltr'><strong>διὰ</strong></span> <span class='ocrx_word' id='word_1_739' title='bbox 1532 5155 1784 5226; x_wconf 76' lang='grc' dir='ltr'>Χριστοῦ,</span> 
     </span>
    </p>
   </div>
   <div class='ocr_carea' id='block_1_104' title="bbox 1897 5153 3485 5228">
    <p class='ocr_par' dir='ltr' id='par_1_104' title="bbox 1904 5154 3485 5228">
     <span class='ocr_line' id='line_1_104' title="bbox 1904 5154 3485 5228; baseline 0.001 -17"><span class='ocrx_word' id='word_1_740' title='bbox 1904 5154 2111 5211; x_wconf 87' lang='lat' dir='ltr'><strong>induci.</strong></span> <span class='ocrx_word' id='word_1_741' title='bbox 2138 5154 2369 5225; x_wconf 88' lang='lat' dir='ltr'><strong>Copulat</strong></span> <span class='ocrx_word' id='word_1_742' title='bbox 2402 5163 2584 5210; x_wconf 90' lang='lat' dir='ltr'><strong>autem</strong></span> <span class='ocrx_word' id='word_1_743' title='bbox 2615 5170 2740 5209; x_wconf 90' lang='lat' dir='ltr'><strong>cum</strong></span> <span class='ocrx_word' id='word_1_744' title='bbox 2767 5156 3089 5227; x_wconf 88' lang='lat' dir='ltr'><strong>particulari</strong></span> <span class='ocrx_word' id='word_1_745' title='bbox 3126 5157 3319 5211; x_wconf 83' lang='lat' dir='ltr'><strong>salutis</strong></span> <span class='ocrx_word' id='word_1_746' title='bbox 3347 5172 3485 5228; x_wconf 88' lang='lat' dir='ltr'><strong>pro-</strong></span> 
     </span>
    </p>
   </div>
   <div class='ocr_carea' id='block_1_105' title="bbox 203 5245 1784 5320">
    <p class='ocr_par' dir='ltr' id='par_1_105' title="bbox 203 5246 1784 5319">
     <span class='ocr_line' id='line_1_105' title="bbox 203 5246 1784 5319; baseline 0.001 -20"><span class='ocrx_word' id='word_1_747' title='bbox 203 5246 435 5299; x_wconf 75' lang='grc' dir='ltr'>πάντων</span> <span class='ocrx_word' id='word_1_748' title='bbox 457 5246 782 5318; x_wconf 81' lang='grc' dir='ltr'>ἀνθρώπων.</span> <span class='ocrx_word' id='word_1_749' title='bbox 798 5248 872 5300; x_wconf 84' lang='grc' dir='ltr'>Τὸ</span> <span class='ocrx_word' id='word_1_750' title='bbox 886 5249 967 5312; x_wconf 87' lang='grc' dir='ltr'><strong>δὲ,</strong></span> <span class='ocrx_word' id='word_1_751' title='bbox 994 5248 1066 5301; x_wconf 79' lang='grc' dir='ltr'>οὗ</span> <span class='ocrx_word' id='word_1_752' title='bbox 1092 5249 1178 5317; x_wconf 74' lang='grc' dir='ltr'>μὴ</span> <span class='ocrx_word' id='word_1_753' title='bbox 1207 5247 1511 5317; x_wconf 70' lang='grc' dir='ltr'>βραδύνω,</span> <span class='ocrx_word' id='word_1_754' title='bbox 1534 5246 1784 5319; x_wconf 65' lang='grc' dir='ltr'>παρίοικε</span> 
     </span>
    </p>
   </div>
   <div class='ocr_carea' id='block_1_106' title="bbox 1897 5245 3487 5320">
    <p class='ocr_par' dir='ltr' id='par_1_106' title="bbox 1907 5245 3487 5320">
     <span class='ocr_line' id='line_1_106' title="bbox 1907 5245 3487 5320; baseline 0.003 -19"><span class='ocrx_word' id='word_1_755' title='bbox 1907 5245 2190 5311; x_wconf 86' lang='lat' dir='ltr'><strong>missione,</strong></span> <span class='ocrx_word' id='word_1_756' title='bbox 2231 5254 2286 5300; x_wconf 91' lang='lat' dir='ltr'><strong>et</strong></span> <span class='ocrx_word' id='word_1_757' title='bbox 2306 5246 2428 5315; x_wconf 90' lang='lat' dir='ltr'><strong>ejus</strong></span> <span class='ocrx_word' id='word_1_758' title='bbox 2449 5247 2613 5301; x_wconf 91' lang='lat' dir='ltr'><strong>etiam</strong></span> <span class='ocrx_word' id='word_1_759' title='bbox 2644 5247 3132 5317; x_wconf 88' lang='lat' dir='ltr'><strong>signiﬁcationem,</strong></span> <span class='ocrx_word' id='word_1_760' title='bbox 3166 5264 3291 5319; x_wconf 74' lang='lat' dir='ltr'><strong>qua:</strong></span> <span class='ocrx_word' id='word_1_761' title='bbox 3324 5263 3487 5320; x_wconf 84' lang='lat' dir='ltr'><strong>gene-</strong></span> 
     </span>
    </p>
   </div>
   <div class='ocr_carea' id='block_1_107' title="bbox 201 5337 1784 5412">
    <p class='ocr_par' dir='ltr' id='par_1_107' title="bbox 201 5338 1784 5412">
     <span class='ocr_line' id='line_1_107' title="bbox 201 5338 1784 5412; baseline -0.001 -19"><span class='ocrx_word' id='word_1_762' title='bbox 201 5338 292 5411; x_wconf 83' lang='grc' dir='ltr'>τῷ</span> <span class='ocrx_word' id='word_1_763' title='bbox 312 5356 325 5368; x_wconf 89' lang='grc'><strong>·</strong></span> <span class='ocrx_word' id='word_1_764' title='bbox 364 5358 385 5391; x_wconf 77' lang='grc' dir='ltr'><strong>ι</strong></span> <span class='ocrx_word' id='word_1_765' title='bbox 409 5340 527 5394; x_wconf 83' lang='grc' dir='ltr'>Ἔτι</span> <span class='ocrx_word' id='word_1_766' title='bbox 546 5340 748 5412; x_wconf 78' lang='grc' dir='ltr'>μικρὸν</span> <span class='ocrx_word' id='word_1_767' title='bbox 768 5342 797 5394; x_wconf 82' lang='grc' dir='ltr'>ὁ</span> <span class='ocrx_word' id='word_1_768' title='bbox 820 5339 1124 5412; x_wconf 73' lang='grc' dir='ltr'>ἐρχόμενος</span> <span class='ocrx_word' id='word_1_769' title='bbox 1163 5339 1304 5411; x_wconf 72' lang='grc' dir='ltr'>ἥξει,</span> <span class='ocrx_word' id='word_1_770' title='bbox 1324 5339 1417 5394; x_wconf 80' lang='grc' dir='ltr'><strong>καὶ</strong></span> <span class='ocrx_word' id='word_1_771' title='bbox 1435 5340 1495 5393; x_wconf 81' lang='grc' dir='ltr'>οὐ</span> <span class='ocrx_word' id='word_1_772' title='bbox 1523 5340 1784 5410; x_wconf 72' lang='grc' dir='ltr'>χρονιεί,ι</span> 
     </span>
    </p>
   </div>
   <div class='ocr_carea' id='block_1_108' title="bbox 1897 5337 3483 5412">
    <p class='ocr_par' dir='ltr' id='par_1_108' title="bbox 1900 5337 3483 5412">
     <span class='ocr_line' id='line_1_108' title="bbox 1900 5337 3483 5412; baseline -0.001 -17"><span class='ocrx_word' id='word_1_773' title='bbox 1900 5341 1981 5397; x_wconf 90' lang='lat' dir='ltr'><strong>ris</strong></span> <span class='ocrx_word' id='word_1_774' title='bbox 2019 5347 2106 5396; x_wconf 83' lang='lat' dir='ltr'><strong>est</strong></span> <span class='ocrx_word' id='word_1_775' title='bbox 2131 5340 2396 5395; x_wconf 85' lang='lat' dir='ltr'><strong>universi.</strong></span> <span class='ocrx_word' id='word_1_776' title='bbox 2428 5337 2528 5393; x_wconf 87' lang='lat' dir='ltr'><strong>Est</strong></span> <span class='ocrx_word' id='word_1_777' title='bbox 2556 5338 2708 5394; x_wconf 85' lang='lat' dir='ltr'><strong>enim</strong></span> <span class='ocrx_word' id='word_1_778' title='bbox 2738 5354 2862 5410; x_wconf 70' lang='lat' dir='ltr'><strong>quae</strong></span> <span class='ocrx_word' id='word_1_779' title='bbox 2918 5338 2979 5395; x_wconf 88' lang='lat' dir='ltr'><strong>ﬁt</strong></span> <span class='ocrx_word' id='word_1_780' title='bbox 3017 5354 3122 5412; x_wconf 91' lang='lat' dir='ltr'><strong>per</strong></span> <span class='ocrx_word' id='word_1_781' title='bbox 3153 5337 3357 5411; x_wconf 86' lang='lat' dir='ltr'><strong>Cyrum</strong></span> <span class='ocrx_word' id='word_1_782' title='bbox 3391 5352 3483 5394; x_wconf 83' lang='lat' dir='ltr'><strong>re-</strong></span> 
     </span>
    </p>
   </div>
   <div class='ocr_carea' id='block_1_109' title="bbox 288 5473 2396 5544">
    <p class='ocr_par' dir='ltr' id='par_1_109' title="bbox 288 5473 2396 5544">
     <span class='ocr_line' id='line_1_109' title="bbox 288 5473 2396 5544; baseline -0.001 -13"><span class='ocrx_word' id='word_1_783' title='bbox 288 5478 335 5511; x_wconf 74' lang='lat'><strong>“</strong></span> <span class='ocrx_word' id='word_1_784' title='bbox 396 5476 555 5534; x_wconf 83' lang='lat' dir='ltr'><strong>Hebr.</strong></span> <span class='ocrx_word' id='word_1_785' title='bbox 597 5476 756 5544; x_wconf 69' lang='lat'><strong>1,”.</strong></span> <span class='ocrx_word' id='word_1_786' title='bbox 836 5478 882 5511; x_wconf 80' lang='grc'><strong>⁸⁸</strong></span> <span class='ocrx_word' id='word_1_787' title='bbox 920 5476 1281 5543; x_wconf 80' lang='lat' dir='ltr'><strong>Ezecb.xm,</strong></span> <span class='ocrx_word' id='word_1_788' title='bbox 1321 5476 1378 5532; x_wconf 81' lang='grc'><strong>5.</strong></span> <span class='ocrx_word' id='word_1_789' title='bbox 1455 5477 1500 5510; x_wconf 79' lang='grc'>⁸⁷</span> <span class='ocrx_word' id='word_1_790' title='bbox 1536 5475 1674 5532; x_wconf 88' lang='lat' dir='ltr'><strong>ibid.</strong></span> <span class='ocrx_word' id='word_1_791' title='bbox 1717 5474 1805 5531; x_wconf 77' lang='lat' dir='ltr'><strong>l2.</strong></span> <span class='ocrx_word' id='word_1_792' title='bbox 1884 5473 1931 5507; x_wconf 83' lang='grc'><strong><em>⁸⁸</em></strong></span> <span class='ocrx_word' id='word_1_793' title='bbox 1989 5476 2098 5531; x_wconf 83' lang='lat' dir='ltr'><strong>Isa.</strong></span> <span class='ocrx_word' id='word_1_794' title='bbox 2152 5489 2298 5543; x_wconf 74' lang='lat' dir='ltr'><strong>sm,</strong></span> <span class='ocrx_word' id='word_1_795' title='bbox 2342 5473 2396 5529; x_wconf 83' lang='lat'><strong>5.</strong></span> 
     </span>
    </p>
   </div>
   <div class='ocr_carea' id='block_1_110' title="bbox 1517 5613 2190 5675">
    <p class='ocr_par' dir='ltr' id='par_1_110' title="bbox 1517 5613 2190 5675">
     <span class='ocr_line' id='line_1_110' title="bbox 1517 5613 2190 5675; baseline -0.001 0"><span class='ocrx_word' id='word_1_796' title='bbox 1517 5616 1753 5675; x_wconf 66' lang='lat' dir='ltr'><strong>YARl/E</strong></span> <span class='ocrx_word' id='word_1_797' title='bbox 1787 5613 2190 5674; x_wconf 78' lang='lat' dir='ltr'><strong>LECTIONES.</strong></span> 
     </span>
    </p>
   </div>
   <div class='ocr_carea' id='block_1_111' title="bbox 285 5708 676 5780">
    <p class='ocr_par' dir='ltr' id='par_1_111' title="bbox 285 5708 676 5780">
     <span class='ocr_line' id='line_1_111' title="bbox 285 5708 676 5780; baseline -0.003 -16"><span class='ocrx_word' id='word_1_798' title='bbox 285 5710 313 5752; x_wconf 76' lang='grc' dir='ltr'><strong><em>ἀ</em></strong></span> <span class='ocrx_word' id='word_1_799' title='bbox 344 5711 431 5765; x_wconf 83' lang='grc' dir='ltr'><strong>ῖσ.</strong></span> <span class='ocrx_word' id='word_1_800' title='bbox 463 5708 676 5780; x_wconf 82' lang='grc' dir='ltr'>Κύρου.</span> 
     </span>
    </p>
   </div>
   <div class='ocr_carea' id='block_1_112' title="bbox 553 5796 3161 5862">
    <p class='ocr_par' dir='ltr' id='par_1_112' title="bbox 553 5796 3161 5862">
     <span class='ocr_line' id='line_1_112' title="bbox 553 5796 3161 5862; baseline -0 -1"><span class='ocrx_word' id='word_1_801' title='bbox 553 5802 825 5861; x_wconf 65' lang='lat' dir='ltr'><strong>Panos.</strong></span> <span class='ocrx_word' id='word_1_802' title='bbox 871 5798 989 5861; x_wconf 75' lang='lat' dir='ltr'><strong>Gn.</strong></span> <span class='ocrx_word' id='word_1_803' title='bbox 1036 5796 1417 5862; x_wconf 79' lang='lat' dir='ltr'><strong>LXXXVII.</strong></span> <span class='ocrx_word' id='word_1_804' title='bbox 3080 5796 3161 5860; x_wconf 76' lang='lat'><strong>77</strong></span> 
     </span>
    </p>
   </div>
  </div>
