3916 6394
509 251 652 312 ἓὶ43

1858 233 2209 300 PROCOPII
2238 230 2482 293 GAZ/EI

3613 238 3733 303 2444

516 363 783 432 demptio,
840 338 1215 432 particular-is,
1248 371 1370 427 quin
1411 362 1591 410 autem
1659 368 1757 425 per
1811 349 2096 407 Christum

2212 345 2296 398 καὶ
2324 344 2479 399 Σιὼν
2508 341 2606 415 τὴν
2643 340 2972 413 Ἐκκλησίαν
2994 342 3280 414 νοήσομεν,
3310 336 3421 419 ἐνῇ
3469 345 3559 419 τὴν
3593 352 3735 405 αύτοῦ

514 449 1239 507 universorum-hominum.
1273 445 1416 508 lam,
1456 444 1602 515 quod
1634 441 1853 496 tardare
1874 436 1979 494 non
2010 438 2097 509 [a-

514 541 876 610 ciamadjicit,
904 540 1079 595 eidem
1103 540 1263 609 plane
1296 536 1477 591 simile
1497 543 1602 600 est,
1626 532 1772 604 quod
1799 530 2093 588 scribitur:

521 652 540 685 ι
573 634 763 687 Adhuc
800 630 1103 694 modicum,
1135 628 1231 698 qui
1266 629 1438 693 venit,
1483 626 1685 691 veniet,
1712 634 1767 680 et
1814 637 1924 677 non
1982 630 2097 675 tar-

500 726 667 780 tdabit
697 726 762 779 εν.
801 744 819 776 ι
856 723 1034 779 Sionis
1062 721 1261 776 deinde
1288 718 1511 775 nomine
1551 716 1855 772 Ecclesiam
1884 712 2088 768 intelli-

514 819 713 886 gimus,
733 817 789 869 in
816 829 926 885 qua
955 812 1203 884 ejusdem
1229 811 1456 865 salutem
1480 825 1600 863 cum
1630 807 1803 876 gloria
1832 804 2098 876 percipie-

512 923 657 973 mns,
687 915 959 976 quotquot
1003 903 1367 972 iutelligibilis
1413 900 1602 965 Israel,
1637 898 1692 955 id
1713 904 1820 961 est,
1850 896 2099 951 Abraha-

510 999 586 1052 mi
620 998 711 1052 lilii
733 1013 830 1068 per
857 993 1022 1067 534
1046 993 1473 1066 promissionem
1504 990 1959 1056 eﬂ‘eeti,mentem
1978 1001 2100 1055 quae

512 1089 680 1145 Deum
709 1090 1008 1154 intueatur,
1027 1085 1410 1141 habuerimus.
1429 1083 1501 1136 At
1531 1079 1898 1153 Symmachus
1918 1094 1931 1131 :
1950 1076 2099 1131 Dabo

511 1183 565 1235 in
603 1181 737 1237 Sion
775 1180 1039 1242 salutare,
1072 1186 1141 1231 et’
1182 1174 1359 1229 Israel
1384 1173 1633 1245 gloriam,
1685 1170 2097 1240 interpretatur.

499 1274 620 1330 ista
677 1287 808 1343 ergo
837 1271 1054 1338 lsraeli,
1083 1268 1285 1339 inquit,
1339 1280 1439 1337 pro
1473 1280 1594 1321 mea
1647 1264 1702 1318 in
1734 1276 1830 1318 eos
1868 1261 2102 1317 benevo-

510 1367 702 1433 lentia,
739 1364 903 1420 facile
945 1360 1321 1419 concesserim
1353 1375 1368 1412 :
1406 1357 1500 1413 sed
1523 1354 1801 1424 justitiam
1841 1366 2018 1408 meam
2044 1351 2133 1405 in‘

509 1475 629 1523 eos,
663 1457 757 1534 qui
802 1463 1001 1528 praeter
1022 1467 1242 1524 aequum
1295 1451 1352 1505 in
1383 1464 1481 1504 vos
1537 1447 1853 1509 saevierunt,
1886 1443 2101 1514 deiecto

502 1553 667 1623 regni
709 1552 954 1622 ipsormn
990 1547 1210 1619 fastigio
1257 1560 1367 1600 non
1396 1557 1623 1615 possum
1650 1556 1759 1596 non
1785 1539 2095 1596 ostendere.

506 1644 637 1700 ldeo
652 1644 798 1698 enim
835 1644 983 1698 fastu
1021 1640 1419 1702 intumescunt,
1440 1633 1590 1707 quod
1617 1647 1650 1689 a
1679 1629 1890 1688 saeculis
1911 1629 2100 1686 nmltis

2200 436 2506 505 σωτηρίαν
2530 435 2602 490 ἐν
2632 434 2783 503 δόξῃ
2810 433 3082 505 δεχόμεθα
3112 435 3227 487 ὅσοι
3268 435 3522 507 τελοῦμεν
3564 441 3636 503 εἰς
3661 443 3740 496 τὸν

2202 529 2395 598 νοητὸν
2436 528 2675 600 Ἰσραὴλ,
2707 528 2755 580 εί
2796 526 2930 580 Θεὸν
2978 525 3194 597 ὁρῶντα
3237 528 3500 599 σχήσομεν
3529 530 3642 585 νοῦν
3672 536 3742 601 εἰς

2200 620 2366 700 τέκνα
2394 619 2677 682 τελοῦντες
2707 617 2829 672 κατ’
2849 617 3189 687 ἐπαγγελίαν
3225 618 3320 672 τοῦ
3360 620 3747 692 Ἀδραάμ.⁹οδἐ

2204 713 2501 785 Σύμμαχος
2529 711 2761 778 ἐξέδωκε
2784 729 2798 742 ο
2840 710 3015 765 Δώσω
3051 712 3124 765 ἐν
3153 711 3306 765 Σιὼν
3331 712 3630 782 σωτήριον,
3664 719 3750 772 καὶ

2205 805 2288 871 τῷ
2330 804 2582 875 Ἰσραὴλ
2620 803 2834 869 δόξαν.
2866 801 3054 858 Ταῦτα
3085 801 3186 874 μὲν
3222 799 3314 857 οὖν
3342 803 3429 856 διὰ
3472 805 3751 877 φιλανθρω-

2201 896 2333 950 πίαν
2376 894 2554 960 δώσω,
2589 894 2743 965 φησὶ,
2769 893 2849 964 τῷ
2892 892 3142 966 Ἰσραήλ·
3174 894 3274 965 τὴν
3315 895 3371 947 δέ
3389 893 3753 967 δικαιοσύνην

2201 988 2513 1060 ἐνδείξομαι
2538 989 2638 1058 τὴν
2659 986 2825 1058 ἐμὴν,
2865 989 2981 1051 τοῖς
3011 986 3154 1056 ὑπὲρ
3179 987 3238 1040 τδ
3278 986 3395 1039 δέον
3423 988 3564 1058 ὑμᾶς
3602 1006 3753 1059 τιμω-

2208 1080 2545 1152 ρησαμένοις
2602 1077 2858 1144 ἐπεξιὼν,
2888 1071 2964 1131 ὧν
3018 1077 3083 1149 δὴ
3133 1080 3453 1132 ταπεινώσω
3488 1078 3585 1149 τῆς
3622 1078 3753 1149 βασι.

2204 1173 2358 1238 λείας
2385 1174 2446 1227 τὸ
2482 1172 2640 1244 ὕψος.
2678 1170 3124 1245 Ἐμεγαλαύχουν
3151 1171 3263 1243 γὰρ
3283 1172 3374 1225 ἐπὶ
3403 1174 3625 1242 μακροῖς
3650 1174 3754 1244 χρό-

2206 1282 2321 1329 νοις
2368 1264 2480 1319 τῶν
2543 1264 2715 1319 ἐθνῶν
2766 1262 3208 1325 δυναστεύοντες.
3258 1261 3371 1339 Τὴν
3411 1261 3467 1314 δὲ
3511 1260 3754 1332 βασιλείαν

2207 1359 2605 1429 προσωποποιή
2616 1374 2714 1420 σας
2738 1395 2753 1423 ,
2777 1354 3073 1427 θυγατέρα
3121 1352 3480 1419 Βαϐυλῶνος
3508 1354 3753 1421 ἐκάλεσεν,

2203 1449 2300 1503 καὶ
2332 1447 2656 1518 παρθένον,
2683 1447 2761 1512 ὡς
2829 1443 3326 1516 καλλωπιζομένην
3369 1444 3425 1497 ἐν
3483 1444 3628 1513 ἀκμῇ
3674 1444 3755 1514 τῆς

2203 1542 2514 1613 δυνάμεως,
2540 1541 2635 1594 καὶ
2671 1539 2769 1613 τὴν
2808 1538 2871 1605 ἐξ
2921 1538 3094 1609 ῦψους
3131 1536 3270 1607 αὐτῇ
3316 1533 3608 1606 προσέταξε
3647 1534 3758 1590 κάθ-

2206 1635 2347 1691 οδον.

510 1738 747 1809 imperio
799 1736 1048 1808 gentium
1102 1733 1409 1803 potiuntur.
1444 1729 1638 1799 Regno
1673 1728 1860 1798 itaque
1900 1739 2195 1797 personam
2227 1731 2477 1788 tribuens
2515 1732 2687 1802 ﬁliam
2760 1727 3054 1800 Babylonis
3118 1732 3172 1781 et
3240 1724 3514 1795 virginem,
3576 1722 3756 1792 magni-

503 1833 701 1895 tudine
768 1831 994 1893 virium,
1068 1833 1443 1895 tanquamque
1493 1821 1614 1893 ipso
1668 1818 1851 1875 atatis
1926 1815 2082 1885 (lore,
2150 1820 2418 1879 tumidam
2453 1830 2507 1879 et
2535 1822 2736 1877 elatam
2787 1815 3102 1890 appellavit,
3139 1827 3305 1884 quam
3364 1826 3397 1866 e
3434 1810 3645 1866 sublimi
3675 1811 3755 1865 de-

508 1925 775 1983 scendere
813 1924 1073 1995 imperat.

592 2017 857 2074 Nonnulli
890 1989 1033 2071 lilias
1064 2011 1385 2085 Babylonis,
1417 2018 1514 2065 aut
1538 2009 1703 2065 etiam
1719 2007 1999 2075 mulieres,
2028 2008 2104 2063 ita

2277 2007 2435 2070 Τινὲς
2472 2005 2530 2060 δὲ
2585 2004 2685 2068 τὰς
2740 2000 3049 2072 θυγατέρας
3097 1997 3208 2050 τῶν
3244 1993 3594 2085 Βαϐυλωνίων
3625 1991 3654 2065 ἦ
3684 1989 3759 2048 καὶ

502 2107 964 2190 τοιιιιιιξιιόίοειιί
993 2148 1009 2174 ,
1062 2120 1203 2178 quas
1236 2119 1269 2159 a
1316 2101 1494 2159 Medis
1524 2109 1715 2171 captas
1758 2100 1814 2154 in
1863 2099 2101 2155 servitu-

506 2217 618 2261 tem
638 2202 925 2260 redactum
952 2199 1020 2255 iri
1046 2196 1325 2270 signiﬁcat
1356 2212 1372 2262 ;
1399 2208 1636 2267 quorum
1682 2192 1957 2256 descensu,
1982 2191 2102 2263 glo-

494 2296 604 2351 riae
668 2302 725 2351 et
777 2293 968 2356 luxus,
1023 2287 1405 2358 libertatisque
1437 2294 1490 2342 et
1518 2283 1842 2339 divitiarum
1877 2282 1934 2336 in
1965 2295 2103 2335 con-

502 2387 678 2444 traria
716 2386 952 2443 mutatio
1001 2382 1448 2440 demonstratur.
1502 2375 1682 2432 Vocat
1715 2390 1846 2447 ergo
1879 2368 2101 2444 uirginis

508 2480 773 2547 tenebras,
795 2476 1170 2534 calamitatem
1220 2488 1367 2537 eam,
1397 2485 1520 2542 qua:
1574 2467 1746 2524 averti
1796 2466 2105 2536 sareirique

507 2589 619 2628 non
654 2572 855 2627 valeat.
890 2567 1059 2625 Menti
1088 2564 1366 2636 siquidem
1391 2569 1657 2635 perpetuo
1681 2558 1922 2615 tenebras
1947 2557 2107 2613 dolor

507 2670 563 2714 et
622 2665 806 2714 metus
870 2655 1181 2713 oll‘undunt.
1239 2652 1461 2707 Mollem
1498 2650 1698 2707 deinde
1752 2659 1807 2705 et
1847 2660 2105 2713 teneram,

506 2758 732 2829 propter
762 2748 888 2808 vita:
935 2761 1135 2824 genus,
1186 2746 1462 2818 modoque
1500 2748 1781 2799 carentem
1845 2748 2105 2795 ornatum

507 2850 596 2905 vel
633 2847 812 2918 regni,
857 2845 946 2899 vel
1006 2841 1299 2897 mulierum
1365 2837 1684 2908 appellavit.
1748 2832 1908 2904 Apud
1965 2845 2107 2902 quos

508 2939 658 2997 enim
706 2935 923 2993 militiae
966 2932 1212 2990 studium
1239 2929 1526 3002 professos
1575 2941 1711 2982 auro
1745 2925 1954 2990 ornari,
1979 2938 2108 2980 sua-

508 3030 870 3101 vissimisque
920 3026 1071 3083 liniri
1116 3023 1413 3095 unguentis
1457 3023 1720 3077 usitatum
1772 3031 1929 3085 erat,
1977 3016 2108 3088 quid

513 3140 629 3183 non
669 3123 916 3179 facturas
970 3118 1234 3175 mulieres
1289 3114 1490 3187 putes?
1521 3112 1818 3169 Sedentem
1885 3109 2107 3173 deinde,

517 3228 779 3288 tanquam
803 3214 873 3271 de
901 3213 1097 3283 regina
1123 3223 1307 3266 sermo
1335 3208 1428 3273 sit,
1463 3206 1593 3262 facit
1619 3223 1633 3273 ;
1675 3220 1799 3275 quae
1823 3218 1947 3259 mox
1985 3201 2109 3257 reli-

514 3310 625 3365 ctis
663 3308 924 3366 onmibus
956 3319 1069 3361 non
1092 3303 1252 3358 aliter
1284 3315 1451 3370 quam
1503 3312 1628 3369 quae
1678 3296 1836 3351 multa
1864 3295 2108 3362 addicta,

2206 2100 2307 2165 τὰς
2353 2101 2625 2169 γυναῖκας
2672 2095 2848 2158 οὕτως
2896 2091 3154 2165 εἰρῆσθαί
3195 2103 3387 2159 φασιν,
3429 2078 3503 2140 ὧν
3538 2084 3630 2157 τὴν
3675 2085 3758 2139 ὑπὸ

2205 2192 2410 2264 Μήδων
2438 2189 2733 2259 διέγραψεν
2766 2187 2991 2251 ἅλωσιν,
3035 2183 3132 2238 καὶ
3163 2180 3264 2253 τὴν
3292 2181 3372 2245 εἰς
3412 2179 3645 2233 δουλείαν
3673 2178 3758 2230 ἀπ-

2206 2286 2458 2357 αγωγήν.
2489 2277 2591 2336 Ὧν
2617 2283 2658 2350 ’ὴ
2693 2280 3023 2346 κατάϐασις
3068 2277 3222 2347 δηλοί
3266 2274 3369 2346 τὴν
3402 2275 3468 2327 ἐκ
3494 2271 3641 2342 δόξης
3681 2271 3758 2325 καὶ

2204 2378 2441 2451 τρυφῆς,
2472 2372 2789 2445 ἐλευθερίας
2827 2389 2887 2425 τε
2933 2371 3026 2425 καὶ
3066 2367 3305 2423 πλςύτου
3357 2366 3492 2439 πρὸς
3536 2365 3759 2418 τάναντία

2212 2467 2540 2542 μεταϐολήν.
2578 2465 2692 2535 Τῆς
2723 2463 2817 2518 οῦν
2851 2461 3155 2532 παρθένου
3199 2459 3427 2525 σκότος
3463 2458 3559 2527 τὴν
3592 2456 3757 2528 ἀνήκε-

2212 2576 2336 2613 στον
2367 2557 2597 2611 ἐκάλεσε
2638 2554 2949 2625 συμφοράν.
2983 2551 3089 2604 Τὸν
3118 2550 3247 2604 νοῦν
3281 2549 3391 2619 γὰρ
3424 2548 3510 2602 ἀεὶ
3527 2546 3659 2616 λύπη
3686 2546 3760 2599 καὶ

2209 2649 2373 2721 φόϐος
2398 2646 2630 2703 σκοτοῖ.
2668 2643 2937 2713 Ἀπαλὴν
2963 2643 3021 2696 δὲ
3051 2642 3144 2696 καὶ⁵
3181 2638 3486 2710 τρυφερὰν
3504 2638 3587 2691 διά
3608 2655 3659 2689 τε
3683 2637 3759 2708 τὴν

2209 2744 2423 2798 δίαιταν
2468 2740 2562 2794 καὶ
2585 2739 2678 2792 τὸν
2726 2735 3139 2808 ὑπερϐάλλοντα
3176 2732 3448 2805 κόσμονῆ
3490 2732 3585 2801 τῆς
3637 2730 3760 2800 βασι-

2208 2835 2378 2900 λείας,
2410 2832 2578 2905 ἢτῶν
2610 2829 2852 2898 γυναίων
2889 2828 3066 2883 καλεῖ.
3102 2826 3241 2895 Παρ⁹
3268 2820 3356 2889 οἷς
3396 2824 3506 2895 γὰρ
3526 2822 3584 2876 τὸ
3628 2821 3761 2894 μάχι-

2212 2943 2315 2999 μον
2358 2926 2650 2996 ἐκοσμεῖτο
2692 2922 2901 2993 χρυσῷ,
2934 2921 3179 2983 καὶτοῖς
3226 2917 3609 2996 εὐωδεστάτοις
3652 2931 3759 2967 κατ-

2208 3019 2422 3092 εχρίετο
2458 3018 2671 3090 μύροις,
2704 3015 2756 3069 τί
2780 3015 2845 3070 ἄν
2878 3031 2965 3078 τις
2994 3012 3139 3067 εἴποι
3168 3011 3240 3065 τὰ
3271 3009 3506 3081 γύναια;
3537 3006 3635 3062 Καὶ
3655 3004 3761 3060 καθ-

2209 3113 2443 3184 ημένην,
2493 3110 2568 3173 ὡς
2599 3107 2694 3163 ἐπὶ⁹
2723 3106 2993 3180 βασιλίδος
3039 3105 3227 3177 φησίν.
3257 3104 3438 3173 "Ar-cep
3470 3099 3758 3169 ἀποθεμένη,

2212 3203 2369 3275 φησι,
2391 3198 2772 3273 μυλωθρίδος
2812 3199 2983 3275 δίκην
3023 3197 3394 3269 θεραπαίνης,
3449 3196 3557 3256 τοῖς
3611 3190 3760 3245 ἁλοῦσι

2217 3274 2550 3360 δουλεύσεις.
2594 3294 2707 3349 Kal.
2749 3274 2818 3347 τδ
2841 3291 3202 3361 κατάλυμμα
3231 3301 3258 3330 ο
3288 3288 3345 3342 δὲ
3369 3289 3428 3341 τὸ
3457 3289 3520 3341 ἐκ
3545 3284 3760 3354 διαφόρου

516 3402 754 3474 captivis
777 3399 1108 3455 famulatura
1132 3395 1225 3452 sit.
1259 3393 1341 3448 Ad
1369 3393 1509 3459 haec,
1534 3391 1921 3459 operimentum
1954 3387 2109 3451 illud,

2219 3389 2428 3460 κόσμου
2490 3386 2824 3460 περιελοῦσα
2858 3385 2958 3455 τῆς
2989 3383 3238 3455 κεφαλῆς
3284 3380 3584 3436 ἀποτίθετο.
3622 3377 3684 3430 Τὸ
3718 3376 3761 3429 δὲ

520 3510 632 3564 quo
667 3492 773 3548 sibi
807 3490 958 3546 varie
982 3496 1146 3557 caput
1194 3482 1527 3547 adornabat,
1561 3481 1804 3552 abjicerc
1835 3480 2068 3549 imperat
2096 3494 2108 3530 :

514 3593 576 3640 et
611 3584 757 3655 quod
786 3582 852 3637 de
882 3581 1040 3636 canis
1069 3577 1230 3643 dixit,
1263 3573 1497 3641 addidit,
1536 3579 1633 3627 aut
1672 3581 1932 3641 tanquam
1960 3568 2113 3640 regni

520 3674 947 3731 diuturnitatem
986 3669 1356 3734 indicaturus,
1385 3674 1481 3720 aut
1504 3679 1698 3720 eorum
1751 3662 1845 3734 qui
1872 3662 2114 3733 loquun-

407 3757 419 3767 ’
519 3772 640 3833 tur,
663 3765 1046 3822 crudelitatem
1076 3761 1207 3830 ;qui
1237 3775 1308 3816 ne
1326 3758 1454 3813 anui
1480 3757 1702 3829 quidem
1723 3760 2112 3826 pepercerunt.

524 3861 636 3917 Sed
682 3873 784 3930 pro
815 3872 928 3929 quo
958 3854 1152 3910 Revela
1196 3853 1583 3923 operimentum
1618 3849 1909 3911 habemus,
1944 3847 2115 3901 Aures

519 3953 771 4009 abducito
808 3950 946 4006 dixit
974 3946 1362 4021 Symmachus.
1395 3942 1501 4000 Ubi
1554 3944 1710 4008 item,
1743 3938 1898 4009 Quod
1907 3939 2118 4010 justum

510 4043 685 4100 estde
718 4052 767 4099 te
802 4042 1072 4111 auferam.
1106 4036 1232 4092 Non
1267 4034 1501 4106 amplius
1537 4033 1759 4088 tradam
1792 4029 2116 4097 hominibus,

514 4137 758 4207 legimus
779 4152 795 4203 ;
820 4133 963 4189 idem
1003 4145 1247 4202 quoque,
1275 4129 1344 4185 Te
1370 4144 1466 4198 ego
1491 4125 1745 4189 ulciscar,
1781 4139 1875 4179 nec
1911 4122 2121 4178 resistet

520 4227 656 4283 mihi
727 4226 905 4292 homo,
941 4225 1360 4294 interpretatur.
1399 4217 1500 4274 Ubi
1560 4215 1761 4272 deinde
1794 4214 1815 4269 ’τ
1853 4213 1957 4281 Qui
1980 4211 2125 4268 rede-

517 4323 620 4379 mit
654 4329 702 4375 te
732 4318 994 4375 Dominus
1043 4315 1368 4371 exercituum
1398 4353 1414 4380 ,
1448 4311 1683 4382 Aquilas
1717 4324 1737 4364 :
1786 4305 2129 4377 Propinquus

519 4412 668 4468 uobis
719 4410 1005 4465 Dominus.
1040 4406 1202 4478 535
1240 4403 1367 4460 Haec
1400 4403 1571 4475 igitur
1596 4401 1890 4455 adversum
1928 4403 2002 4461 te,
2035 4394 2123 4450 in-

518 4506 665 4577 quit,
706 4504 966 4559 Dominus
1025 4509 1227 4566 noster,
1269 4497 1366 4568 qui
1412 4511 1507 4549 nos
1551 4492 1786 4556 redimit,
1837 4487 2121 4547 decrevit:

518 4599 810 4662 nimirum,
837 4603 901 4651 ut
958 4603 1013 4648 te
1074 4595 1144 4647 ad
1172 4592 1363 4646 hostes
1396 4587 1722 4651 abduceret,
1751 4583 1846 4640 ubi
1890 4589 1944 4638 te
1972 4581 2125 4637 exsi-

520 4696 738 4744 stentes
766 4685 823 4741 in
867 4683 1053 4741 medio
1074 4683 1267 4752 ﬂuvios
1299 4677 1625 4734 denudatam
1649 4672 1988 4748 pertransire
2022 4686 2121 4727 ne-

519 4798 679 4839 cesse
701 4790 806 4837 est.
830 4780 1019 4851 Neque
1039 4790 1172 4835 vero
1207 4775 1260 4832 id
1297 4773 1502 4844 injuria
1558 4783 1781 4842 passum
1823 4781 1948 4825 esse
1972 4766 2117 4821 alius

520 4874 692 4930 etiam
727 4874 780 4928 in
816 4872 965 4927 hunc
987 4870 1210 4925 modum
1246 4865 1520 4937 propheta
1557 4868 1817 4928 testatur,
1842 4873 1970 4915 eum
1997 4857 2115 4912 ait:

529 4986 547 5018 ε
571 4949 908 5035 εἱευιῗεοίι,
935 4962 1134 5018 faciam
1168 4960 1216 5015 ei
1241 4959 1313 5013 '°.
1352 4976 1370 5010 ι
1402 4956 1468 5012 Ει
1496 4969 1722 5011 rursum
1757 4971 1813 5008 τι
1841 4948 2122 5019 Quemad-

524 5056 749 5112 modum
778 5055 983 5123 fecisti,
1007 5053 1089 5110 sic
1125 5052 1232 5107 erit
1257 5056 1312 5105 et
1361 5046 1657 5104 retributio
1684 5052 1778 5099 tua
1809 5043 1879 5096 '“.
1918 5060 1937 5095 ι
1977 5040 2123 5107 Quin

525 5159 582 5203 et
612 5149 836 5205 omnino
857 5148 992 5203 dicit
1009 5145 1299 5216 Scriptura
1324 5161 1338 5197 :
1371 5160 1390 5193 ι
1419 5138 1515 5195 Va:
1543 5137 1746 5209 impio!
1770 5134 1909 5190 Mala
1926 5148 2127 5190 secun-

522 5245 657 5296 dum
689 5254 858 5311 opera
887 5253 1152 5294 manuum
1182 5236 1360 5307 ipsius
1378 5232 1705 5302 contingent
1733 5229 1784 5285 ei
1811 5229 1882 5281 ".
1921 5224 2117 5293 sQuod

527 5341 736 5413 autem,
757 5331 879 5387 Non
910 5329 1140 5400 amplius
1168 5327 1384 5384 tradam
1414 5334 1460 5380 te
1493 5321 1819 5387 hominibus,
1840 5319 1946 5387 ait;
1970 5318 2019 5374 si
2051 5316 2120 5373 ad

2215 3479 2323 3533 τῶν
2348 3477 2571 3541 πολιῶν,
2597 3477 2631 3550 ἦ
2661 3477 2737 3541 ὡς
2763 3478 2857 3530 ἐπὶ
2888 3474 3110 3546 χρονίου
3150 3471 3433 3544 βασιλείας
3462 3466 3669 3539 εἶπεν,ἧ
3688 3465 3762 3535 τὴν

2215 3570 2479 3643 ὠμότητα
2518 3569 2630 3624 τῶν
2685 3567 2990 3640 εἰρηκότων
3035 3563 3236 3636 δηλῶν,
3272 3564 3349 3627 ὡς
3397 3562 3524 3635 μηδέ
3553 3557 3763 3629 γυναικὸς

2217 3662 2575 3735 πρεσβύτιδος
2603 3660 2917 3732 φείσασθαι.
2981 3659 3129 3712 Ἀντὶ
3155 3658 3213 3711 δὲ
3233 3655 3333 3711 τοῦ
3398 3652 3760 3719 Ἀποκὰλυψαι

2216 3757 2284 3811 τὸ
2332 3750 2773 3824 κατακὰλυμμά
2800 3750 2820 3790 ί
2853 3765 3003 3819 σου,
3051 3750 3375 3821 Σύμμαχος,
3416 3747 3675 3814 Κάλυψαι
3710 3741 3761 3794 τὰ

2217 3847 2357 3919 ὦτα,
2390 3852 2581 3924 φησὶν,
2623 3850 2745 3904 ἀντὶ
2771 3849 2830 3902 δὲ
2879 3846 2999 3910 τοῦ,
3051 3847 3122 3901 Τό
3155 3846 3396 3901 δίκαιον
3430 3846 3496 3900 ἐκ
3534 3842 3641 3898 σοῦ
3676 3840 3758 3905 lti-

2220 3946 2409 4012 ψομαι
2427 3959 2441 3974 ⁸
2491 3941 2696 3997 οὐκέτι
2720 3938 2809 4011 μὴ
2838 3937 3084 4008 παραδῶ
3122 3938 3478 4006 ἀνθρώποις,
3509 3934 3756 4003 ἐξέδωκεν

2235 4032 2583 4103 Ἐκδίκησίν
2608 4050 2725 4088 σου
2756 4033 3054 4103 λήψομαι,
3097 4031 3194 4087 καί
3227 4033 3343 4087 οὐκ
3384 4025 3758 4094 ἀντιστήσεται

2221 4127 2293 4184 ἐν
2317 4127 2446 4199 ἐμοὶ
2477 4122 2813 4195 ἄνθρωποςι
2858 4126 3005 4181 Ἀντὶ
3032 4125 3090 4180 δὲ
3112 4124 3230 4191 τοῦ,
3274 4126 3311 4180 ὀ
3349 4121 3674 4194 ῥυσάμενός
3705 4129 3759 4171 σε

2221 4217 2442 4287 Κύριος
2464 4217 2741 4275 Σασαώθθ
2785 4217 3044 4285 Ἀκύλας,
3090 4216 3472 4289 ἀγχιστεύων
3495 4211 3648 4283 ἡμῶν
3670 4208 3756 4264 Κύ-

2216 4328 2376 4381 ριος.
2433 4310 2625 4366 Ταῦτα
2670 4312 2813 4367 κατά
2843 4311 2961 4380 σοῦ,
2995 4312 3185 4383 φησὶν,
3213 4310 3417 4382 ὥρισεν
3465 4310 3494 4362 ὁ
3544 4305 3758 4377 ἡμέτερος

2225 4406 2446 4475 Κύριος
2486 4406 2901 4477 λυτρούμενος
2935 4404 3117 4476 ἡμᾶς,
3156 4404 3402 4477 δηλονότι
3452 4400 3547 4472 τὴν
3592 4398 3660 4460 εἰς
3691 4409 3759 4445 πο·

2226 4495 2448 4567 λεμίους
2499 4496 2829 4569 ἀπαγωγὴν,
2877 4497 3001 4553 καθ’
3031 4499 3098 4569 ἦν
3135 4496 3246 4551 ἔδει
3266 4497 3294 4539 ⁸
3331 4492 3553 4550 διελθεῖν
3577 4490 3757 4545 draw-

2219 4584 2494 4657 ρομένην
2518 4589 2617 4641 καὶ
2639 4589 2766 4653 τοὺς
2799 4590 2858 4644 ἐν
2893 4589 3049 4661 μέσῳ
3079 4587 3456 4659 τυγχάνοντας
3481 4577 3757 4650 ποταμούς·

2232 4679 2355 4733 “Ott
2407 4680 2467 4734 δέ
2502 4680 2730 4744 δικαίως
2771 4680 3032 4748 πέπονθε,
3076 4680 3170 4735 καὶ
3218 4680 3504 4753 προφήτης
3543 4670 3759 4744 ἐδήλωσεν

2225 4768 2413 4842 ἔτερος
2443 4769 2641 4827 εἰπών’
2681 4789 2702 4823 ι
2742 4771 2943 4836 Καθὼς
2987 4767 3271 4843 ἐποίησεν,
3319 4769 3524 4840 ποιήσω
3563 4762 3754 4828 αὐτῇ¹ι

2216 4861 2312 4915 καὶ
2337 4861 2502 4916 πάλιν
2522 4877 2539 4894 ⁸
2574 4879 2594 4914 ι
2621 4862 2824 4927 Καθὼς
2869 4863 3158 4935 ἐποίησας,
3190 4861 3368 4926 οὕτως
3418 4859 3564 4913 ἔσται
3592 4852 3644 4905 τδ
3667 4850 3761 4935 ἀντῗ

2219 4951 2473 5022 απόδομά
2491 4968 2609 5007 σου.
2640 4954 2799 5022 »Καὶ
2824 4933 3056 5009 καθόλου
3076 4952 3135 5007 δέ
3158 4970 3323 5025 φησιν
3353 4945 3600 5022 ήΓραφή’
3619 4959 3636 4994 ⁸
3656 4933 3760 5025 0'5"}

2219 5042 2299 5114 τῷ
2329 5043 2543 5115 ἀνόμῳ.
2579 5044 2803 5117 Πονηρά
2838 5045 2985 5100 κατὰ
3006 5045 3077 5099 τά
3105 5022 3245 5117 ἔργα
3273 5043 3383 5098 τῶν
3418 5037 3604 5113 χειρῶν
3631 5022 3760 5086 αὐτοῦ

2226 5134 2572 5207 συμϐήσεται
2606 5136 2779 5209 αὐτῷ.
2817 5155 2837 5190 ι
2871 5138 2946 5191 Τὸ
2980 5137 3061 5204 δὲ,
3098 5137 3311 5193 οὐκέτι
3346 5133 3432 5206 μὴ
3468 5121 3683 5198 παραδῶ
3706 5131 3762 5209 σε

2225 5227 2565 5296 ἀνθρώποις
2586 5269 2601 5295 ,
2650 5208 2793 5284 κατά
2847 5230 2980 5295 τοὺς
3033 5230 3458 5302 Ἐὁδομήκοντα,
3523 5219 3657 5293 δηλοῖ
3718 5208 3762 5262 τὸ

2224 5320 2444 5389 μηκέτι
2518 5320 2785 5387 τοιούτοις
2867 5323 3258 5397 ἀπανθρώπως
3321 5307 3758 5393 παραδοθήσεσθαι.

599 5468 645 5501 ⁶⁹
673 5467 884 5522 Habac.
909 5479 972 5531 ιι,
995 5464 1051 5521 5.
1126 5466 1174 5499 '°
1202 5464 1404 5519 Ezeeh.
1432 5477 1532 5529 vn,
1562 5460 1658 5515 27.
1732 5460 1776 5493 ἰ
1797 5457 2002 5514 Jerem.
2024 5471 2080 5521 ι,
2107 5481 2109 5490 ι

2238 5458 2330 5516 29.
2409 5461 2454 5493 τ’
2480 5460 2586 5519 lsa.
2623 5481 2707 5532 ut,
2742 5464 2832 5520 H.

1848 5546 2088 5635 varum
2146 5579 2561 5641 LECTIONES.

595 5715 625 5745 ⁸
651 5721 740 5776 γρ.
808 5702 1097 5799 κάλυμμα.
1155 5698 1172 5738 ί
1210 5716 1298 5771 γρ.
1327 5699 1614 5771 κάλυμμα.
1698 5701 1721 5737 ε
1748 5716 1837 5768 γρ.
1882 5698 1968 5753 ἵσ.
2000 5713 2058 5748 σε
2094 5696 2196 5753 δεῖ,
