3916 6406
216 315 359 383 2445

1315 279 1849 376 COMMENTARII
1879 310 1964 373 IN
1996 310 2292 374 ‘ISAIAM.

3351 314 3497 381 2446

219 436 385 496 Ἴσως
410 427 471 484 δὲ
490 426 585 483 καὶ
614 426 796 492 αὺτοῖς
822 427 971 496 λέγει
998 425 1113 493 τοῖς
1132 425 1300 482 πάλαι
1326 429 1584 499 νικήσασι
1605 444 1619 459 ο
1646 426 1807 481 τοῦτο

1916 437 2146 484 mentem
2179 428 2542 500 interpretum
2573 426 2931 500 Septuaginta
2957 426 3186 490 referas,
3217 427 3285 484 de
3304 429 3491 485 immi-

212 519 269 575 δὲ
304 518 446 592 πρὸς
494 517 588 573 τδν
648 518 868 589 Ἰσραὴλ
919 516 1086 588 ῥηθὲν
1140 517 1621 590 παρεμὸέσληται.
1671 514 1811 572 Εἶτα

211 610 376 664 πάλιν
417 608 556 682 πρὸς
596 605 713 679 τὴν
738 606 1048 662 Χαλδαίαν
1106 606 1265 680 φησὶ,
1316 606 1587 662 Κάθισον
1634 622 1816 661 κατα-

136 741 145 751 .
208 699 633 772 νενυγμένη,ῆ
674 698 817 754 κατά
856 698 1175 771 Σύμμαχον,
1249 697 1578 754 σιωπῶσαο
1617 699 1653 770 ἡ
1703 699 1815 771 γὰρ

210 888 447 954 ἔθνεσιν,
484 878 794 958 μετάγνωθι
819 883 1007 940 λοιπὸν
1034 883 1122 954 ἐφ’
1148 878 1230 949 οἷς
1258 884 1526 957 ἔπραξας,
1556 883 1799 957 τοσούτῳ

207 978 412 1044 σκότῳ
446 975 700 1039 παιδείας
728 973 1074 1045 ἐκδιδομένη.

1911 517 2061 573 tibus
2082 518 2353 589 ejusmodi
2394 525 2450 574 et
2482 516 2804 575 inhumanis
2836 518 3155 573 hominibus
3186 561 3203 585 ,
3237 518 3496 575 fartassis

1912 615 1968 665 et
2005 609 2072 665 de
2108 610 2219 665 illis
2263 610 2428 665 etiam
2459 625 2488 665 a
2529 610 2733 682 quibus
2755 611 2883 684 victi
2923 609 3201 681 quondam
3247 610 3497 674 fuerunt,

1913 699 2209 757 intellexit.
2245 699 2354 757 Sed
2393 711 2479 756 est
2511 702 2577 757 ad
2607 701 2868 758 lsraelem
2910 702 3118 757 dictum
3150 702 3294 757 istud
3327 703 3498 757 inter-

108 800 117 807 '
209 794 355 849 οὕτω
406 792 778 865 μεγάλαυχος,
817 788 916 845 καὶ
962 789 1041 855 ὡς
1097 791 1358 859 οἰκέταις
1383 791 1646 864 χρωμένη
1680 793 1797 857 τοῖς

1916 790 2161 847 calatum.
2183 791 2491 849 Chaldteam
2515 793 2712 849 deinde
2734 793 3093 864 compellens,
3118 791 3271 862 Sede,
3291 793 3495 864 inquit,

1907 893 2218 952 compuncta
2248 901 2266 949 ;
2299 887 2384 941 vel
2442 896 2641 951 tacens,
2689 886 2996 942 secundum
3073 886 3490 959 Symmachum.

1908 973 2041 1042 Qua:
2068 976 2214 1031 enim
2256 990 2322 1033 eo
2366 978 2635 1048 superbire
2666 986 2720 1034 et
2750 980 3079 1051 arrogantiae
3120 995 3380 1038 evaseras
3436 991 3500 1037 ut

207 1082 479 1142 tanquam
530 1070 722 1137 servis,
756 1069 1076 1126 nationibus
1123 1069 1355 1127 utereris
1392 1088 1410 1140 ;
1453 1077 1510 1127 te
1544 1070 1808 1143 deinceps
1844 1082 2057 1137 eorum,
2089 1084 2214 1142 qua:
2230 1071 2475 1142 gessisti,
2515 1086 2641 1127 cum
2706 1071 2760 1127 in
2802 1073 2973 1130 tantis
3034 1074 3304 1130 doctrinae.
3351 1084 3497 1129 tene-

207 1166 319 1220 bris
353 1162 681 1229 versareris,
714 1161 985 1233 ptenitere
1010 1176 1231 1233 aequum
1258 1169 1365 1220 est.

276 1259 354 1314 Τὸ
387 1259 445 1312 δὲ
507 1258 688 1328 ἰσχὺς
724 1257 1089 1324 βασιλείας,
1137 1256 1434 1313 δέσποινα
1468 1256 1808 1324 βασιλειῶν

204 1350 443 1417 ἐξέδωκε
479 1349 800 1420 Σύμμαχος,
833 1346 932 1402 καὶ
959 1348 1060 1419 τὴν
1090 1347 1272 1402 αἰτίαν
1313 1349 1621 1421 ἐπήγαγεν,
1653 1348 1806 1403 διδά-

205 1460 354 1495 σκων
376 1440 452 1505 ὡς
476 1441 537 1494 οὐ
561 1440 642 1494 δεῖ
669 1442 784 1502 τοῖς
816 1437 923 1493 ὑπὸ
956 1437 1095 1492 Θεοῦ
1127 1438 1585 1510 ταπεινουμένοις
1632 1441 1809 1509 ἐπεμ-

204 1532 439 1595 ϐαίνειν,
465 1528 560 1593 οὓς
587 1529 826 1600 ἐγχωρεῖ
845 1527 1244 1593 παιδευθέντας
1279 1529 1629 1599 ἐλεηθῆναι.
1667 1529 1806 1583 Συν-

205 1624 319 1692 ῳδᾶ
339 1622 399 1676 δὲ
426 1621 641 1685 τούτοις
670 1620 767 1675 καὶ
788 1620 1070 1694 Ζαχαρίας
1100 1621 1266 1693 φησίν
1283 1636 1297 1651 °
1336 1642 1355 1674 ι
1397 1622 1684 1694 Ἐζὴλωκα
1703 1622 1805 1694 τὴν

219 1713 587 1784 Ἰερουσαλὴμ
609 1711 772 1781 ζῆλον
809 1711 1005 1783 μέγαν,
1031 1712 1129 1766 καὶ
1148 1711 1310 1785 θυμῷ
1342 1712 1564 1784 μεγάλῳ
1590 1711 1807 1785 ὀργίζο-

207 1821 309 1876 μαι
356 1801 471 1873 ἐγὼ
508 1803 602 1856 ἐπὶ
630 1801 700 1855 τὰ
749 1801 878 1874 ἔθνη
917 1802 986 1854 τὰ
1017 1802 1511 1873 συνεπιτιθέμενα·
1565 1801 1691 1857 ’ἀνθ’
1728 1794 1805 1856 ὧν

1977 1255 2249 1312 Caeterum
2285 1270 2395 1327 quo
2425 1255 2546 1311 loco
2584 1256 2843 1326 fortitudo
2902 1260 3048 1330 regni
3079 1260 3364 1326 habemus,
3396 1259 3499 1318 do-

1907 1349 2055 1402 mina
2088 1362 2373 1419 regnorum
2404 1349 2571 1402 vertit
2602 1337 2967 1420 Symmachus
2993 1368 3007 1417 ;
3039 1359 3092 1408 et
3136 1367 3363 1410 causam
3403 1354 3505 1410 ad-

1905 1437 2007 1504 dit,
2036 1446 2096 1494 ut
2138 1439 2334 1495 doceat
2371 1454 2482 1494 non
2517 1439 2584 1496 iis
2618 1456 2763 1508 esse,
2794 1441 2887 1512 qui
2941 1457 2970 1496 a
3002 1442 3114 1498 Deo
3155 1443 3497 1518 afﬂiguntur,

1905 1530 2329 1602 insurgentium,
2389 1545 2626 1601 quorum
2689 1534 3037 1604 correptione
3070 1536 3140 1592 ad
3200 1539 3504 1596 misericor-

1912 1621 2059 1676 diam
2084 1624 2270 1693 potius
2305 1624 2491 1679 decuit
2528 1624 2885 1681 commoveri.
2921 1625 3048 1683 lstis
3094 1636 3274 1684 autem
3318 1639 3372 1685 et
3410 1632 3505 1686 illa

1913 1722 2248 1783 congruunt,
2273 1728 2395 1783 quae
2424 1728 2521 1784 per
2554 1712 2874 1770 Zachariam
2908 1716 2965 1772 in
2994 1717 3145 1773 hunc
3166 1720 3388 1777 modum
3416 1721 3505 1777 di-

1913 1813 2149 1859 cuntur:
2196 1824 2215 1857 ι
2256 1804 2571 1861 ΑΞιιιυιοιυε
2622 1821 2746 1861 sum
2777 1807 3081 1865 Jerusalem
3121 1812 3242 1867 zelo
3265 1825 3502 1885 magno:

204 1873 320 1964 ἐγὼ
345 1895 448 1965 μὲν
482 1892 766 1965 ὠργίσθην
793 1873 983 1961 ὀλίγα,
1034 1893 1190 1948 αὐτοὶ
1224 1892 1283 1946 δὲ
1325 1892 1689 1949 συνεπέθεντο
1726 1893 1808 1958 είς

1916 1905 1966 1953 et
1995 1898 2077 1952 ira
2120 1912 2316 1968 magna
2347 1914 2447 1971 ego
2491 1899 2707 1955 irascor
2741 1916 2910 1972 super
2957 1910 3153 1973 gentes
3188 1873 3502 1976 opulentas.

204 1987 377 2041 κακά.
419 2003 439 2036 ι
476 1985 547 2038 Σὺ
572 1984 652 2049 δὲ,
684 1984 841 2055 φησὶ,
864 1984 962 2037 καὶ
984 1982 1252 2055 διηνεκῶς
1273 1984 1634 2048 βασιλεύειν
1648 1985 1809 2040 ὑπεί-

202 2078 407 2147 ληφας,
448 2075 722 2129 παιδεύων
751 2077 873 2138 ταῖς
903 2074 1216 2146 παρούσαις
1244 2074 1582 2147 εὐπραγίαις
1607 2077 1683 2148 μὴ
1708 2093 1809 2139 πε-

205 2169 486 2232 ποιθέναι,
521 2169 766 2239 προορᾷν
792 2167 851 2220 δὲ
885 2168 954 2222 τὰ
984 2166 1252 2237 ἔσχατα,
1291 2169 1389 2223 καὶ
1426 2169 1528 2233 τὰς
1574 2168 1808 2243 ὕστερον

206 2260 479 2331 ἐσομένας
509 2258 838 2330 μεταϐολάς.
870 2257 1058 2311 Ταῦτα
1083 2258 1142 2312 δὲ
1170 2259 1271 2330 τῆς
1293 2260 1677 2331 ὑπερηφανίας
1696 2260 1807 2317 τῶν

204 2355 265 2405 ἐν
302 2353 443 2422 αὐτῇ
477 2350 919 2422 βασιλευσάντων
967 2349 1238 2421 ὑπῆρχεν.
1282 2340 1404 2421 Ὑφ’
1438 2352 1540 2405 ἕνα
1577 2353 1634 2407 δὲ
1666 2352 1804 2425 αὐτῇ

205 2444 406 2515 καιρὸν
428 2442 645 2498 ἀπειλεί
662 2441 856 2513 ἀνδρὸς
880 2441 1138 2513 στέρησιν
1163 2440 1259 2494 τοῦ
1295 2442 1418 2496 καθ’
1457 2442 1517 2497 ὃν
1554 2443 1672 2514 ἥλω
1707 2443 1807 2515 βα-

207 2536 521 2598 σιλεύοντος
545 2535 759 2608 χρόνον,
801 2534 898 2589 καὶ
934 2535 1144 2587 τέκνων
1172 2532 1282 2588 τῶν
1320 2535 1410 2586 ὑπ’
1440 2534 1615 2606 αὐτῆς
1649 2535 1806 2607 βασι-

203 2630 546 2699 λευομένων,
578 2629 609 2701 ἦ
638 2628 867 2684 καὶτῶν
907 2627 1077 2698 αὐτῆς
1113 2626 1425 2699 οἰκητόρων
1463 2628 1523 2682 ἐν
1554 2631 1622 2699 τῇ
1656 2630 1804 2701 μάχῃ

207 2724 512 2778 πεσόντων.
545 2722 620 2777 Οὐ
652 2721 739 2775 διά
766 2719 836 2773 τά
859 2719 1233 2790 προλεχθέντα
1263 2718 1321 2772 δέ
1343 2735 1427 2772 σοι
1455 2718 1631 2773 ταῦτα
1668 2736 1808 2791 συμ-

209 2815 443 2886 ϐήσεται
474 2814 634 2885 μόνον
656 2830 669 2844 ·
697 2812 816 2868 ἀλλ’
846 2812 928 2866 ὅτι
958 2811 1055 2864 καὶ
1081 2811 1184 2876 τὰς
1217 2810 1440 2874 ἐλπίδας
1465 2813 1525 2865 ἐν
1566 2811 1807 2883 ἐπῳδαῖς

210 2906 334 2961 ἔθου
360 2907 455 2960 καὶ
500 2905 894 2977 φαρμακείαις.
952 2903 1341 2975 Προλεγόντων
1374 2902 1485 2973 γάρ
1531 2919 1615 2958 σοι
1646 2904 1807 2974 νίκην

209 3000 320 3052 τῶν
354 2998 496 3053 αὐτὰ
534 2997 852 3067 μετιόντων,
883 2998 1020 3069 πρὸς
1056 2996 1221 3065 ὄγκον
1255 2996 1487 3066 ἀρθεῖσα
1521 2997 1809 3069 φρονήμα-

209 3109 322 3156 τος,
346 3090 484 3162 ὁμοῦ
515 3092 610 3145 καὶ
642 3093 708 3162 τῇ
745 3090 976 3161 δυνάμει
1016 3088 1299 3160 θαρροῦσα
1324 3131 1339 3154 ,
1380 3090 1476 3143 καὶ
1503 3088 1606 3161 τὴν
1631 3090 1810 3161 ἀρχὴν

210 3187 317 3240 οὐκ
346 3185 569 3257 οἰομένη
601 3184 839 3256 κρείττω
865 3182 1155 3254 φανεῖσθαι
1200 3183 1302 3252 τὴν
1331 3183 1630 3255 Περσικὴν,
1669 3182 1804 3250 ἔφα·
1837 3224 1880 3282 C

213 3294 376 3342 σκες·
423 3276 570 3347 Ἐγώ
587 3279 727 3346 ειμι,
758 3275 857 3330 καὶ
885 3277 995 3330 οὐκ
1027 3275 1201 3328 ἐστιν
1222 3273 1416 3343 ἑτέρα,
1451 3278 1573 3340 ταῖς
1603 3278 1667 3330 ἐκ
1686 3277 1809 3331 δαιὲ

212 3370 396 3440 μόνων
452 3369 759 3441 μαντείαις,
790 3368 887 3421 καὶ
935 3370 1058 3431 ταῖς
1090 3368 1151 3436 ἐξ
1184 3367 1403 3439 ἄστρων
1456 3366 1805 3441 θαρρήσασα.

209 3462 325 3515 Καὶ
351 3461 453 3533 τὴν
482 3461 575 3514 ἐπὶ
603 3460 855 3530 δαίμοσιν
890 3459 1086 3513 ἐλπίδα
1107 3461 1397 3529 πορνείαν
1422 3460 1601 3516 καλεῖ.
1643 3462 1810 3516 Ἀπο-

213 3553 447 3624 στατικὴ
474 3553 583 3625 γάρ
612 3553 730 3606 ἐστι
756 3551 915 3605 Θεοῦ.
950 3553 1094 3607 Πᾶσι
1119 3552 1230 3624 γὰρ
1258 3550 1572 3624 ἀνθρώποις
1602 3554 1637 3624 ὴ
1671 3554 1810 3626 πρὸς

209 3645 347 3699 Θεὸν
369 3646 645 3709 οἰκείωσις
677 3644 821 3703 κατὰ
851 3641 1040 3715 φύσιν,
1073 3645 1106 3715 ἡ
1135 3644 1192 3698 δὲ
1222 3644 1363 3716 πρὸς
1406 3643 1671 3716 δαίμονας
1713 3645 1810 3699 ἀλ-

208 3739 427 3811 λοτρία,
477 3739 578 3810 τὴν
629 3736 836 3791 τούτων
875 3737 1012 3809 πρὸς
1038 3736 1364 3808 ἀνθρώπους
1403 3737 1696 3792 συνουσίαν
1723 3737 1814 3792 διὰ

209 3832 470 3904 γοητείας
499 3830 838 3903 ἐπαγομένη.
875 3829 967 3884 Διὸ
995 3830 1089 3884 καὶ
1126 3830 1341 3893 Παῦλος
1387 3832 1454 3902 τῇ
1488 3831 1814 3902 φαρμακείᾳ

210 3919 483 3973 συνάπτει
520 3918 620 3990 τὴν
657 3918 1104 3990 είδωλολατρείαν
1163 3918 1340 3989 λέγων
1365 3937 1379 3950 θ
1435 3938 1455 3972 ι
1514 3920 1818 3975 Εἰδωλολα-

209 4007 401 4079 τρεία,
434 4007 775 4080 φαρμακεία.
817 4026 835 4058 ι

1911 1990 2050 2059 Quia
2083 2006 2185 2062 ego
2242 1992 2414 2048 iratus
2457 2008 2576 2049 sum
2608 2009 2827 2065 parum,
2889 1994 2993 2066 ipsi
3048 1996 3381 2055 addiderunt
3435 2002 3505 2055 ad

1909 2083 2053 2138 mala
2087 2084 2294 2138 ".rAt
2327 2094 2379 2140 te
2399 2085 2610 2141 diutius
2650 2095 2995 2158 regnaturum
3011 2090 3280 2146 arbitrata
3307 2108 3386 2157 es,
3417 2093 3505 2148 in-

1909 2175 2049 2246 quit,
2088 2185 2146 2230 ut
2190 2178 2443 2246 praesenti
2476 2193 2659 2234 rerum
2693 2182 2979 2237 successui
3027 2197 3140 2237 non
3177 2199 3299 2240 esse
3332 2187 3504 2241 conilc

1909 2268 2170 2331 dcndum,
2208 2268 2305 2323 sed
2334 2270 2549 2337 ultima,
2587 2279 2640 2326 et
2665 2288 2787 2343 quae
2812 2273 3072 2345 deinceps
3107 2275 3307 2331 futurae
3346 2290 3501 2345 sunt,

1908 2359 2248 2416 mutationes
2291 2369 2551 2432 oportere
2594 2364 2881 2435 praevideri
2917 2366 3343 2424 demonstraret.
3396 2368 3505 2424 De;-

1909 2453 2294 2507 ntonstrabant
2326 2467 2458 2508 vero
2492 2453 2605 2509 haec
2639 2471 2829 2510 eorum
2862 2457 2956 2525 qui
2992 2457 3047 2512 in
3080 2473 3144 2514 ea
3175 2470 3501 2531 regnarunt.

1909 2546 2303 2616 arrogantiam.
2338 2544 2400 2600 Ei
2441 2563 2607 2618 porro
2646 2563 2759 2603 uno
2796 2549 3100 2621 eodemque
3145 2559 3412 2625 tempore,
3450 2566 3506 2610 et

1907 2638 2030 2703 viri,
2063 2637 2158 2707 qui
2191 2637 2323 2691 dum
2348 2646 2505 2707 capta
2540 2648 2624 2717 est
2646 2639 2932 2710 regnabat,
2963 2649 3018 2696 et
3048 2640 3375 2710 liberorum,
3408 2654 3506 2698 aut

1908 2729 2070 2784 etiam
2103 2727 2331 2793 civium,
2366 2729 2460 2799 qui
2496 2730 2551 2783 in
2594 2729 2713 2785 acie
2756 2729 2942 2785 casuri
2973 2738 3181 2797 essent,
3218 2732 3506 2790 interitum

1912 2821 2215 2875 minitatur.
2251 2818 2444 2891 Neque
2473 2831 2656 2877 tamen
2705 2823 2810 2879 ista
2846 2822 2904 2878 in
2948 2830 3002 2879 te
3051 2824 3255 2891 solum,
3298 2826 3501 2897 inquit,

1911 2920 2237 2982 propterea,
2272 2928 2394 2983 quae
2431 2924 2558 2968 ante
2577 2914 2724 2970 dicta
2754 2923 2904 2983 sunt,
2936 2923 3170 2971 ventura
3206 2924 3374 2986 sunt;
3406 2920 3506 2974 sed
3590 2943 3593 2947 ι

1912 3005 2036 3060 ideo
2062 3006 2228 3061 etiam
2266 3007 2412 3077 quod
2442 3023 2568 3077 spes
2594 3016 2719 3065 tuas
2744 3009 2798 3064 in
2827 3009 3301 3067 incantationibus
3329 3018 3386 3067 et
3414 3028 3508 3068 vc-

1913 3097 2128 3154 neﬁciis
2170 3100 2307 3157 sitas
2347 3098 2514 3171 536
2569 3099 2849 3158 habueris.
2886 3101 3022 3157 Cum
3052 3102 3215 3159 enim
3246 3119 3415 3175 penes
3455 3114 3509 3161 te

1918 3183 2036 3241 fore
2061 3188 2348 3244 victoriam
2372 3191 2757 3260 praedicerent,
2781 3192 2873 3262 qui
2905 3206 2968 3247 ea
2997 3191 3262 3258 adibant;
3290 3202 3507 3251 tantum

1912 3282 2059 3338 fastu
2088 3270 2143 3337 et
2176 3289 2492 3353 arrogantia
2543 3285 2875 3352 intutuuisti,
2895 3294 2956 3341 ut
2983 3286 3183 3358 opibus
3203 3288 3313 3344 tuis
3339 3287 3504 3354 freta,

1910 3372 2211 3445 Persisque
2252 3385 2305 3431 te
2345 3376 2464 3433 fore
2510 3378 2848 3447 superiorem
2882 3378 3323 3446 arbitrata,.esse
3356 3389 3428 3448 te,
3456 3391 3510 3437 et

1911 3480 2015 3521 non
2032 3467 2287 3522 exsistere
2313 3468 2693 3540 aliam,inque
2711 3467 3008 3539 vaticiniis,
3038 3486 3162 3543 quae
3197 3487 3296 3542 per
3313 3472 3512 3530 daemo-

1912 3571 2013 3613 nas
2040 3566 2100 3612 et
2129 3569 2280 3616 astra
2305 3560 2467 3628 ﬁunt,
2500 3562 2799 3627 conﬁdere,
2821 3576 2962 3618 ausa
2991 3562 3073 3618 sis
3103 3562 3313 3619 dicere.
3343 3561 3510 3634 Spem

1910 3647 2134 3716 deinde,
2162 3667 2285 3721 qua:
2308 3653 2364 3707 in
2385 3653 2728 3711 daemonibus
2744 3655 3068 3718 collocatur.
3095 3654 3512 3724 fornicationem

1912 3740 2038 3796 ideo
2068 3744 2340 3812 nominat,
2369 3746 2514 3815 quod
2545 3761 2576 3799 a
2612 3745 2724 3802 Deo
2751 3754 2995 3817 separet.
3025 3746 3123 3803 Est
3152 3748 3300 3803 enim
3326 3747 3421 3804 Dei
3452 3758 3512 3805 et

1917 3833 2203 3888 hominum
2233 3830 2471 3899 maxime
2505 3838 2808 3893 secundum
2841 3846 3097 3894 naturam
3135 3839 3508 3910 familiaritas,

1920 3924 2099 3979 aliena
2146 3938 2328 3983 autem
2374 3929 2555 3999 plane,
2607 3945 2729 3999 quae
2783 3944 2911 3984 cum
2955 3930 3295 3987 daemonibus
3345 3930 3506 3998 inita,

1922 4015 2032 4072 illis
2065 4032 2190 4073 cum
2228 4019 2548 4076 hominibus
2602 4036 2962 4091 congressum
3002 4021 3233 4095 magicis
3286 4023 3507 4080 artibus

208 4101 514 4155 conciliat:
556 4101 795 4172 indeque
846 4107 929 4155 est
970 4099 1112 4172 quod
1143 4098 1346 4156 Paulus
1390 4100 1664 4157 idolorum
1698 4103 1909 4161 cultum
1935 4123 2060 4163 cum
2095 4111 2163 4167 iis
2191 4112 2498 4186 conjungit,
2563 4128 2689 4169 cum
2740 4114 3015 4171 idolorum
3085 4117 3347 4183 servitus,
3409 4131 3511 4172 ve-

207 4194 434 4260 neﬁcia,
463 4193 596 4248 dicit
619 4192 689 4247 ".
729 4194 745 4209 ’
793 4194 799 4201 '

289 4289 367 4342 Ού
391 4286 572 4341 τοίνυν
591 4285 718 4340 οὔτε
748 4287 1074 4354 Χαλδαίοις
1101 4284 1218 4341 οὗθ’
1251 4286 1462 4360 ἑτέροις
1497 4287 1560 4342 τὸ
1591 4288 1809 4345 εἰδωλο-

207 4383 438 4455 λατρεῖν
493 4380 839 4451 συγγνωστὸν
863 4419 879 4446 ,
918 4379 1036 4435 ἀλλ’
1093 4380 1362 4453 ὀλέθριον.
1393 4382 1617 4438 Ἔσται
1669 4379 1805 4457 οὖν,

1989 4292 2110 4349 Non
2142 4300 2227 4350 cst
2268 4293 2438 4366 igitur
2470 4294 2616 4349 idola
2656 4291 2836 4349 colere
2871 4309 3049 4364 neque
3082 4293 3380 4363 Chaldaeis,
3411 4311 3511 4354 ne-

1917 4403 2024 4459 que
2064 4387 2189 4442 aliis
2225 4388 2384 4441 venia
2426 4386 2679 4456 dignum,
2722 4385 2822 4441 sed
2855 4386 3055 4457 capite.
3092 4384 3208 4440 Erit
3256 4387 3511 4459 ergojor-

209 4475 410 4548 φησὶν,
452 4475 485 4544 ἠ
515 4473 767 4541 πορνεία
789 4489 907 4527 σου
941 4475 1030 4540 είς
1062 4475 1392 4544 αἰσχύνην,
1441 4475 1522 4528 ὅτ’
1566 4475 1634 4530 ἂν
1661 4476 1695 4549 ἡ
1718 4475 1808 4531 ἐπὶ

1918 4482 2118 4537 uicatio
2151 4493 2266 4549 tua,
2299 4482 2495 4553 inquit,
2526 4482 2578 4534 in
2609 4480 2874 4546 dedecus;
2903 4494 3026 4536 cum
3051 4480 3315 4553 tibi,qute
3343 4483 3512 4539 est-in

208 4569 469 4639 δαίμοσιν
519 4565 698 4632 ἐλπὶς
751 4565 1036 4637 διαπέσῃ,
1084 4560 1172 4621 ὧν
1207 4568 1245 4636 ἠ
1301 4566 1502 4637 ίσχὺς,
1530 4568 1809 4636 ἀσθένεια,

208 4661 364 4732 μήτε
412 4658 703 4727 προλέγειν
748 4657 1005 4729 ἐχόντων,
1067 4659 1141 4723 ὡς
1178 4658 1290 4729 ἐγώ
1319 4678 1404 4714 σοι
1440 4662 1639 4730 ταῦτα,
1672 4664 1811 4737 μήτε

207 4750 435 4823 βοηθεῖν
458 4747 795 4819 δυναμένων.
838 4748 987 4801 Ἀντὶ
1007 4748 1064 4801 δὲ
1099 4748 1214 4813 τοῦ,
1244 4748 1439 4807 Γνῶθι
1464 4750 1555 4806 ὅτι
1579 4753 1617 4821 ή
1655 4753 1811 4807 σύν-

206 4860 349 4910 εσις
379 4841 606 4896 τούτων
636 4838 831 4904 ἔσται,
862 4843 961 4893 καὶ
1014 4840 1052 4909 ἡ
1090 4843 1339 4910 πορνεία
1379 4859 1479 4897 σοι
1522 4846 1811 4915 αἰσχύνη,

209 4934 518 5007 Σύμμαχός
547 4945 710 5003 φησιο
746 4931 855 4987 Καὶ
883 4933 921 5000 ἡ
962 4932 1182 5003 γνῶσίς
1247 4950 1365 4989 σου
1393 4936 1548 5005 αὕτη
1590 4937 1818 5006 ἐξηπά-

208 5028 412 5097 τησέν
434 5041 530 5082 σε.
567 5027 832 5081 Σύνεσιν
871 5027 928 5079 δὲ
976 5026 1133 5080 καλεῖ
1153 5018 1253 5098 τῆν
1303 5029 1498 5099 σοφίαν
1526 5029 1637 5084 τῶν
1675 5032 1815 5101 μάν-

209 5140 381 5178 τεων.
408 5121 502 5175 Διό
547 5136 704 5192 φησι,
734 5117 840 5172 Καὶ
866 5120 938 5173 οὐ
985 5117 1072 5188 μὴ
1104 5116 1261 5189 γνῷς
1287 5119 1355 5173 ἐκ
1382 5121 1672 5190 μαντείας
1709 5122 1819 5178 τὸν

211 5216 627 5285 ἐπερχόμενον
681 5211 953 5280 ὄλεθρον,
1004 5211 1063 5266 ὃν
1115 5212 1207 5266 καὶ
1235 5213 1513 5278 βόθυνον
1552 5215 1728 5280 καλεῖ,
1756 5215 1819 5269 τὸ

214 5308 465 5377 ἄφυκτον
495 5302 605 5356 τῶν
637 5302 1087 5371 ἐμπεπτωκότων
1127 5303 1324 5374 δηλῶν.
1389 5304 1701 5376 Παρίστσίισι
1758 5304 1816 5358 δὲ

214 5398 422 5467 Δανιὴλ
454 5397 601 5458 ὅπως
627 5393 781 5465 παρὰ
810 5393 1097 5458 Χαλδαίοις
1128 5394 1426 5464 διέπρεπον
1455 5396 1621 5465 μάγοι
1645 5394 1813 5461 τινὲς,

1921 4576 2284 4642 daemonibus,
2317 4591 2435 4645 spes
2469 4573 2750 4642 exciderit,
2780 4590 3007 4646 quorum
3040 4575 3208 4630 virtus
3234 4574 3304 4630 ab
3334 4576 3512 4647 impo-

1922 4671 2093 4724 tentia
2120 4684 2229 4724 non
2257 4667 2466 4732 dill'ert,
2499 4669 2594 4737 qui
2636 4667 2733 4723 tibi
2769 4666 3221 4737 nihilquidquam
3253 4667 3338 4722 vel
3365 4682 3511 4737 prat-

1921 4754 2123 4820 dicere,
2150 4765 2325 4824 utego
2348 4754 2473 4817 ista,
2498 4754 2584 4807 vel
2603 4752 2855 4806 auxiliari
2879 4759 3108 4822 queunt.
3133 4748 3200 4806 At
3217 4764 3335 4821 pro,
3361 4750 3510 4806 Scito

1919 4843 2063 4913 quod
2105 4842 2391 4912 prudentia
2421 4843 2610 4897 horum
2639 4843 2762 4908 erit,
2790 4857 2841 4896 et
2869 4840 3159 4910 fornicatio
3187 4849 3279 4893 tua
3298 4838 3395 4893 tibi
3415 4840 3510 4895 de-

1920 4937 2121 5000 decori,
2164 4935 2236 4989 ita
2285 4934 2692 5006 Symmachus:
2729 4931 2795 4987 Et
2845 4932 3195 5003 intelligentia
3241 4942 3357 4995 tua,
3399 4930 3513 4987 Ιιιεσ

1920 5027 2119 5097 decepit
2155 5036 2222 5081 te.
2255 5024 2356 5079 Ubi
2396 5024 2759 5096 intelligentiae
2790 5024 3014 5079 nomine
3060 5021 3397 5078 vaticinandi
3419 5029 3515 5077 aro'

1922 5124 2032 5170 tem
2069 5114 2416 5185 signiﬁcavit.
2449 5113 2516 5167 Et
2550 5111 2676 5167 inde
2708 5121 2813 5179 est,
2842 5110 2990 5182 quod
3035 5111 3142 5167 ait;
3174 5108 3246 5164 Et
3286 5126 3390 5164 non
3420 5125 3511 5164 co.

1919 5223 2136 5278 guosces
2169 5220 2235 5260 ea:
2283 5204 2546 5260 vaticiniis
2574 5203 2937 5257 advenientem
2983 5202 3301 5269 interitum;
3348 5216 3512 5273 quem

1919 5299 2127 5368 foveam
2153 5297 2316 5354 etiam
2348 5295 2663 5368 appellavit,
2698 5301 2758 5349 ut
2793 5308 2910 5360 eos,
2933 5292 3027 5365 qui
3060 5293 3117 5349 in
3138 5308 3259 5349 eam
3293 5291 3513 5349 cecide-

1905 5394 2038 5456 rint,
2081 5408 2190 5446 non
2217 5405 2341 5446 esse
2372 5403 2638 5445 evasuros
2671 5388 3103 5443 demonstraret.
3160 5385 3336 5457 Legas
3383 5398 3514 5439 vero

217 5496 319 5551 καὶ
353 5489 687 5561 Γαζαρηνοὶ,
742 5490 837 5542 καὶ
888 5489 1194 5560 φαρμακοὶ,
1246 5491 1340 5543 καὶ
1382 5491 1433 5542 oi
1470 5488 1540 5543 τὰ
1586 5488 1808 5543 τοιαῦτα

1920 5484 1975 5541 et
1999 5485 2143 5556 apud
2192 5482 2472 5538 Danielem
2504 5494 2693 5551 magos
2734 5480 2789 5534 in
2831 5478 3083 5535 Chaldtea
3126 5479 3418 5548 quosdam,
3458 5481 3517 5531 et

220 5586 378 5657 σοφοὶ
405 5582 573 5654 (οὕτω
601 5580 712 5650 γὰρ
741 5579 934 5642 αὐτοὺς
965 5580 1243 5653 ἐκάλουν),
1268 5581 1317 5634 οἳ
1351 5583 1445 5635 καὶ
1493 5579 1808 5653 εὐδοκίμουν

1920 5576 2258 5644 ﬁazarenos,
2310 5573 2783 5649 etycneﬁcos",
2825 5572 3073 5641 aliosque
3120 5569 3322 5624 artium
3371 5566 3517 5637 ejus-

297 5767 345 5800 "
368 5764 603 5821 lat-har.
633 5782 669 5829 ι,
709 5764 897 5827 ιᾶ,ιὸ.
925 5764 969 5797 ⁷⁵
1038 5761 1229 5834 Gal.v,
1259 5764 1353 5822 20.
1387 5765 1436 5799 ⁷³
1467 5762 1602 5817 Dan.
1634 5776 1696 5826 ιι,
1728 5766 1780 5821 2.
