3916 6392
462 259 600 327 2447

1806 263 2158 327 PROCOPII
2190 262 2436 325 ῦΑΖίΕΙ

3598 267 3719 332 2448

458 373 607 445 mmii
645 371 1016 444 professores,
1056 387 1194 445 quos
1229 374 1309 428 illi
1365 373 1645 446 sapientes
1683 384 1902 441 vocant,
1944 375 2048 431 cla-

2167 374 2321 447 παρὰ
2344 373 2424 445 τῷ
2450 372 2699 445 βασιλεῖ,
2739 370 2814 435 ὡς
2844 368 2914 424 δι’
2951 366 3135 424 αὐτῶν
3177 372 3600 448 κατορθουμένης
3629 382 3716 451 τῆς

460 466 663 531 ruisse,
698 473 1022 534 tantumque
1047 466 1157 535 regi
1188 465 1448 534 probatos
1490 466 1683 533 fuisse,
1716 474 1774 522 ut
1808 482 1919 521 non
1948 466 2058 521 nisi

458 572 650 612 eorum
675 556 938 627 auspiciis
959 571 1186 626 regnum
1216 544 1454 612 feliciter
1492 559 1870 615 administrari
1893 574 2059 630 posse

459 648 742 703 crederet:
769 662 909 717 quos
932 646 1020 700 hic
1054 660 1151 716 per
1190 646 1362 716 ignem
1392 663 1659 717 passuros
1690 664 1817 705 esse
1876 649 2059 703 vindi-

458 751 603 795 ctam
662 747 849 794 monet
886 738 1171 809 praphela,
1214 753 1339 793 cum
1379 747 1435 794 et
1464 739 1663 811 ipsam,
1712 740 1878 796 nullis
1901 741 2062 796 auxi»

459 834 591 887 lium
652 832 799 887 ferre
830 830 1163 896 valentibus,
1209 829 1334 900 igne
1393 834 1737 904 conﬂagrare
1777 832 2058 887 civitatem

455 925 771 994 contigerit.
798 924 940 980 Sunt
972 930 1157 979 tamen
1190 923 1284 993 qui
1313 939 1625 981 sermonem
1651 925 1719 981 ad
1741 925 2059 981 Chaldazam

454 1020 665 1089 iranice
718 1017 879 1089 dirigi
946 1016 1311 1084 arbitrentur,
1363 1032 1491 1081 cum
1556 1018 1750 1074 habere
1802 1018 2057 1075 carbones

453 1114 614 1184 ignis,
667 1119 968 1167 aestuantes
1009 1110 1270 1164 nimirum
1314 1119 1367 1164 et
1402 1109 1761 1181 prtel'ervidos
1800 1112 2056 1167 homines

455 1206 580 1261 illos
611 1205 772 1272 dixit,
813 1204 882 1260 de
905 1204 1108 1275 quibus
1131 1204 1422 1270 intellexit,
1447 1219 1596 1270 cum,
1637 1205 1685 1261 si
1720 1206 1943 1276 quando
1967 1222 2057 1261 su-

452 1316 545 1369 per
576 1299 736 1370 537
766 1315 853 1353 eos
882 1297 1107 1362 sederis,
1142 1296 1197 1351 id
1227 1306 1335 1362 est,
1371 1297 1735 1367 requieveris,
1784 1298 2055 1369 adjunxit.

451 1392 703 1446 Aderant
729 1390 874 1446 enim
908 1390 1007 1445 tibi
1034 1390 1089 1443 in
1114 1390 1406 1446 auxilium.
1439 1390 1537 1448 Vel
1562 1401 1731 1459 terte,
1762 1392 2056 1450 carbonum

453 1482 701 1547 nomine,
755 1481 939 1546 utiles,
990 1488 1045 1537 et
1076 1482 1143 1537 ad
1182 1483 1629 1555 resipiscentiam
1681 1495 2053 1556 provocantes

449 1588 642 1645 poenas
674 1572 968 1641 signiﬁcat.
1007 1571 1131 1628 Tibi
1165 1575 1335 1640 enim,
1386 1575 1587 1645 inquit,
1632 1591 1757 1631 cum
1804 1578 2053 1649 resipue-

451 1666 554 1729 ris,
586 1665 690 1720 ista
735 1665 788 1718 in
830 1664 1184 1720 commodum
1229 1681 1315 1722 me
1354 1668 1656 1723 auxiliante
1704 1673 1937 1726 cesserit
1966 1671 2052 1725 ul-

2166 467 2470 539 βασιλείας,
2502 465 2596 531 οὓς
2624 482 2758 536 φησι
2808 462 3221 535 καταλήψεσθαι
3274 468 3374 538 τὴν
3423 466 3519 522 διὰ
3551 473 3719 541 πυρὸς

2163 560 2464 630 τιμωρίαν,
2483 558 2646 629 ἡνίκα
2675 556 3047 629 πυρίκαυστος
3077 556 3175 609 καὶ
3202 558 3235 626 ἡ
3265 557 3419 622 πόλις
3440 562 3720 632 γενήσεται,

2166 651 2301 721 μηδέ
2321 650 2508 713 αὐτοῖς
2556 646 2771 718 βοηθεῖν
2802 646 3159 716 δυναμένους.
3188 647 3345 711 Τινὲς
3366 648 3422 701 δέ
3442 653 3554 704 κατ’
3584 654 3728 723 εἰρω.

2161 743 2310 798 νείαν
2334 744 2426 796 τὸν
2452 741 2611 810 λόγον
2636 741 2771 813 πρὸς
2788 740 2904 809 τὴν
2925 740 3237 795 Χαλδαίαν
3258 741 3521 806 ἐδέξαντο.
3542 746 3729 816 Ἔχεις
3779 727 3785 734 Ι

2148 834 2471 904 ,ἄνθρακας
2496 832 2709 901 πιῬὸς,
2749 833 2778 885 ὃ
2816 832 2933 885 ἐστι
2977 830 3218 901 θερμοὺς
3247 831 3449 901 ἄνδρας
3472 834 3562 886 καὶ
3594 835 3730 899 ζέον-

2160 943 2282 991 τας,
2310 927 2439 989 τοὺς
2462 924 2592 995 περὶ
2607 917 2683 977 ὧν
2702 925 2729 976 ὁ
2751 921 2931 990 λόγος,
2950 921 3028 975 ὅτ’
3045 922 3113 975 ἂν
3134 920 3226 974 ἐπ’
3247 922 3448 988 αὐτοῖς
3470 925 3725 994 καθίσῃς,

2159 1019 2188 1073 ὃ
2213 1019 2366 1072 ἐστιν
2396 1015 2791 1087 ἐπαναπαύσῃ.
2821 1014 2987 1069 Αὐτοὶ
3011 1014 3121 1087 γὰρ
3151 1014 3367 1071 ἔσονταί
3401 1033 3484 1068 σοι
3506 1015 3729 1087 βοήθεια.

2162 1112 2372 1179 Ἤγουν
2394 1109 2718 1178 ἄνθρακας,
2742 1106 2841 1171 τὰς
2869 1107 3307 1178 ἐπιστρεπτικὰς
3336 1108 3430 1160 καὶ
3445 1106 3731 1179 ὠφελίμους

2156 1200 2428 1273 τιμωρίας
2457 1184 2636 1254 καλεῖ.
2676 1198 3109 1271 Ἐπιστραφείσῃ
3131 1198 3241 1271 γάρ
3269 1215 3375 1265 σοι,
3394 1199 3575 1269 φησὶν,
3598 1198 3731 1254 ἔσται

2155 1293 2226 1361 τὰ
2264 1296 2366 1364 τῆς
2400 1292 2677 1364 τιμωρίας
2700 1290 2837 1362 πρὸς
2866 1288 3078 1359 ἀγαθοῦ
3107 1290 3205 1361 τῆς
3233 1290 3364 1361 παρ’
3394 1287 3528 1359 ἐμοῦ
3553 1306 3734 1361 τυγχα-

2157 1385 2359 1456 νούσης
2382 1387 2699 1453 βοηθείας,
2731 1386 2780 1438 εἰ
2809 1386 2904 1439 καὶ
2932 1386 3025 1442 τὸν
3054 1385 3162 1457 πρὸ
3197 1385 3293 1439 τοῦ
3322 1384 3513 1456 χρόνον
3541 1385 3617 1447 εἰς
3631 1403 3732 1455 μα-

2154 1480 2511 1535 ταιοπονίαν
2546 1479 2897 1547 ἀνάλωσας.
2924 1479 3113 1533 Ταῦτα
3143 1479 3202 1533 δὲ
3236 1478 3429 1549 φησὶν,
3457 1477 3607 1532 ἔσται
3649 1478 3731 1533 καὶ

2154 1571 2277 1629 καθ’
2305 1570 2537 1624 ἕκαστον
2557 1570 2667 1625 τῶν
2694 1569 3023 1642 ἀνθρώπων.
3065 1568 3143 1624 Δι’
3188 1568 3420 1632 ἐαυτοῦς
3448 1568 3554 1638 γὰρ
3595 1572 3730 1623 πλα-

2152 1665 2439 1734 νηθέντες
2467 1663 2968 1735 ἐξουσιτιμωρίαν,
2994 1663 3059 1733 ἣν
3087 1662 3148 1716 οὐ
3186 1662 3364 1734 φεύξῃ
3392 1660 3466 1731 μὴ
3493 1663 3731 1732 μετανοή-

450 1759 554 1825 tio,
597 1759 956 1829 quantumvis
990 1766 1150 1814 antea
1195 1759 1251 1813 in
1294 1777 1488 1815 vanum
1530 1762 1885 1817 laboraveris.
1920 1762 2048 1818 Haec

2154 1771 2313 1810 σασα.
2354 1755 2429 1807 Τὸ
2458 1753 2515 1807 δὲ
2545 1753 2905 1819 ἐκοπίασας,
2935 1753 3059 1807 ἀντὶ
3100 1750 3197 1806 τοῦ
3230 1750 3597 1819 ἠσθένησας.
3630 1753 3730 1805 Ms-

451 1859 658 1916 autem,
690 1851 888 1921 inquit,
923 1851 1086 1906 etiam
1143 1851 1377 1921 singulis
1426 1854 1740 1911 hominibus
1782 1861 2049 1910 eventura

451 1950 603 1998 sunt.
639 1941 743 1996 Per
773 1957 831 1997 se
866 1941 1012 1996 enim
1044 1942 1135 2011 qui
1164 1953 1447 2008 errarunt,
1486 1945 1711 1999 multam
1739 1945 2046 2016 patientur;

449 2050 614 2105 quam
656 2048 757 2087 nec
786 2033 897 2097 illa,
928 2048 1091 2103 quam
1128 2036 1607 2106 nonpmnituerit,
1644 2038 1853 2093 evitare
1894 2048 2053 2109 pote-

450 2128 539 2181 rit.
560 2124 848 2196 Signilicat
868 2141 996 2181 vero
1015 2126 1160 2182 idem
1187 2128 1474 2194 laborasti,
1521 2145 1584 2186 ac
1608 2129 1886 2196 siinﬁrma
1900 2132 2054 2201 fuisti

449 2219 703 2274 dixisset.
736 2216 1008 2275 Perfacile
1034 2218 1180 2274 enim
1204 2221 1509 2291 expugnari
1539 2221 1777 2294 capique
1805 2233 2050 2293 poteras,

2150 1845 2502 1901 ταϐαλοῦσα
2535 1846 2644 1917 γὰρ
2666 1847 2747 1909 είς
2768 1844 3035 1917 δαίμονας
3058 1844 3167 1898 ἀπὸ
3198 1843 3340 1898 Θεοῦ
3366 1843 3466 1915 τὴν
3499 1844 3730 1915 λατρείαν

2152 1938 2424 2003 εὐάλωτος
2450 1938 2706 2007 γέγονας.
2753 1938 2901 1992 Ἀντὶ
2930 1938 2986 1991 δὲ
3019 1936 3116 1992 τοῦ
3138 1953 3153 1969 ·
3200 1936 3570 2005 Ἐκοπίασας
3589 1937 3730 2007 ἐνῖῇ

2147 2029 2453 2101 μεταϐολῇ
2480 2046 2620 2095 σου,
2667 2030 2765 2084 καὶ
2796 2029 2863 2084 τὰ
2903 2029 3035 2099 ἐξῆς
3058 2047 3070 2061 ·
3111 2030 3161 2084 oI
3215 2029 3399 2083 λοιποί
3449 2046 3607 2099 φασιν
3629 2070 3643 2095 ,
3674 2033 3727 2085 ω

2154 2123 2403 2192 ἔμποροί
2428 2138 2546 2177 σου
2577 2122 2699 2178 ἀπὸ
2722 2124 3007 2190 νεότητός
3029 2136 3169 2177 σου.
3222 2122 3522 2189 Ἕκαστος
3557 2124 3637 2188 εις
3674 2123 3727 2175 τὸ

2154 2214 2345 2283 πέραν
2367 2215 2394 2255 ιι
2430 2212 2650 2268 ἑαυτοῦ
2688 2212 3153 2281 ἐπλανήθησαν,
3184 2211 3257 2277 ἐξ
3286 2206 3377 2267 ὦν
3415 2211 3608 2278 οὐδεὶς
3644 2211 3727 2265 sii-

450 2304 570 2385 qzizc
603 2310 693 2365 Dei
734 2312 943 2365 cultum
1000 2326 1127 2367 cum
1167 2312 1513 2371 daemonibus
1554 2325 1937 2371 commutat-as.
1981 2319 2048 2371 At

2154 2310 2328 2379 ρηταί
2348 2324 2449 2364 σοι
2466 2308 2867 2376 omnia—Aio
2893 2309 3005 2361 οὐκ
3028 2306 3203 2361 ἐστιν
3228 2308 3263 2361 ό
3285 2304 3486 2365 σώζων
3506 2322 3595 2372 σε,
3610 2305 3729 2361 κατὰ

447 2404 619 2469 enim,
657 2419 767 2472 quo
827 2403 948 2458 loco
978 2402 1269 2458 Laborasti
1306 2407 1362 2460 in
1395 2408 1807 2463 commutatione
1851 2418 1965 2474 tua,
1998 2417 2055 2465 et

449 2510 571 2567 qua?
593 2504 923 2565 sequuntur,
956 2495 1221 2567 legimus;
1250 2496 1450 2551 ibidem
1475 2500 1691 2553 caeteri:
1729 2496 2050 2570 Negotiato-

449 2605 532 2641 rcs
569 2589 646 2641 tui
683 2588 748 2640 ab
787 2586 1144 2646 adolescentia
1192 2595 1304 2654 tua,
1343 2589 1702 2660 unusquisque
1730 2591 1785 2644 in
1812 2592 1917 2661 ﬁne
1948 2607 2044 2645 suo

446 2688 781 2743 erraverunt,
814 2694 879 2733 ea:
911 2676 1100 2748 quibus
1142 2678 1319 2735 nullus
1345 2680 1584 2736 inventus
1621 2681 1826 2736 esttibi
1869 2683 2047 2738 salva-

450 2781 553 2836 tor,
588 2770 1060 2840 interpretantur;
1094 2769 1460 2841 Symmachus
1483 2780 1689 2839 autcm,
1727 2774 1920 2846 Itaque
1942 2793 2047 2830 non

446 2872 547 2925 est,
600 2862 690 2932 qui
723 2861 887 2915 salvet
921 2871 989 2917 te.
1025 2861 1291 2918 Nonnulli
1344 2878 1510 2935 porro
1546 2865 1719 2920 illud:
1777 2865 1948 2924 IIonto
1988 2868 2045 2922 in

448 2951 735 3021 semetipso
773 2952 996 3017 erravit,
1031 2950 1127 3005 tibi
1147 2965 1326 3009 autem
1357 2970 1469 3009 non
1496 2957 1598 3009 erit
1636 2955 1808 3022 salus,
1842 2957 1918 3012 ita
1948 2973 2051 3013 ex-

2153 2402 2473 2473 Σύμμαχον.
2528 2400 2687 2461 Τινὲς
2720 2400 2778 2453 δέ
2836 2399 2914 2463 τὸ,
2971 2399 3315 2467 Ἄνθρωπος
3359 2396 3487 2451 καθ’
3534 2396 3728 2450 ἑαυτὸν

2151 2493 2494 2562 ἐπλανήθη,
2527 2491 2628 2546 σοὶ
2661 2490 2730 2542 δὲ
2753 2492 2863 2545 οὐκ
2893 2489 3068 2545 ἔσται
3100 2489 3377 2558 σωτηρία
3405 2530 3421 2555 ,
3450 2486 3614 2551 οὕτως
3651 2487 3727 2559 ἐρ-

2158 2588 2455 2657 μήνευσαν,
2484 2584 2618 2638 ὡσεὶ
2656 2583 2843 2652 ἔλεγεν
2869 2598 2883 2613 ·
2919 2582 3114 2636 Πολλοὶ
3159 2580 3273 2635 τῶν
3321 2579 3617 2651 ἀνθρώπων
3652 2580 3729 2633 ἀν·

2155 2678 2443 2751 θρωπίνως
2467 2677 2876 2749 ἐπλανήθησαν,
2904 2675 3241 2746 συμμέτρως
3262 2675 3590 2737 ἀποστάντες
3610 2671 3725 2726 Θεοῦ

2157 2771 2387 2827 πάθεσιν
2412 2768 2804 2839 ὑπενεχθέντες
2841 2766 3077 2838 σαρκός’
3115 2767 3179 2820 σὺ
3203 2765 3265 2819 δέ
3298 2766 3377 2830 είς
3409 2764 3562 2819 τοῦτο
3615 2780 3728 2833 προ-

2156 2863 2289 2933 έϐης
2342 2861 2690 2931 ἀνοσιότητος
2723 2900 2739 2927 ,
2765 2859 2843 2924 ὡς
2883 2858 3090 2932 μηδένα
3117 2874 3199 2913 σοι
3264 2856 3536 2927 σωτηρίας
3583 2858 3725 2910 τόπον

2154 2954 2597 3026 περιλειφθῆναι.

449 3043 674 3116 plicant,
717 3058 779 3097 ac
810 3044 855 3098 si
905 3044 1209 3114 permultos
1244 3044 1499 3101 homines
1530 3047 1712 3102 carnis
1762 3047 2049 3104 affectibus
2091 3048 2372 3117 abreptos,
2400 3060 2523 3101 cum
2557 3060 2588 3099 a
2625 3043 2735 3098 Dco
2756 3043 2969 3099 modice
3030 3044 3425 3108 recessissent,
3465 3041 3722 3096 aberrasse

446 3133 692 3209 quidem,
745 3144 797 3191 te
846 3144 1051 3202 autem,
1094 3152 1158 3191 eo
1204 3136 1567 3207 impun-italis,
1630 3139 1971 3208 processisse
2010 3139 2242 3206 diceret,
2277 3148 2337 3193 ut
2391 3137 2577 3192 nullus
2610 3135 2706 3191 tibi
2736 3137 2898 3191 saluti
2929 3138 3083 3191 locus
3125 3135 3466 3207 relinquatur
3495 3132 3717 3204 amplius.

461 3312 470 3323 .
1028 3272 1187 3328 CAP.
1229 3272 1464 3330 XLVIII.

521 3365 859 3437 538Vnas.
882 3365 973 3419 I-I
990 3367 1039 3421 1.
1064 3365 1254 3420 Audite
1270 3366 1405 3431 lttec,
1425 3366 1615 3422 domus
1632 3366 1930 3439 Jacob,qni
1959 3386 2049 3424 υο.

448 3460 556 3512 cati
580 3458 707 3510 estis
740 3456 951 3509 nomine
981 3454 1175 3521 Israel,
1201 3465 1250 3510 et
1275 3457 1460 3511 existis
1484 3457 1549 3510 de
1583 3475 1720 3526 aqua
1753 3458 1920 3526 Inda,
1955 3459 2047 3527 qui

442 3550 650 3621 furatis
690 3548 905 3602 nomine
942 3548 1160 3603 Domini
1194 3548 1291 3603 Dei
1327 3547 1525 3608 Israel,
1556 3553 1645 3621 qui
1687 3552 2047 3606 recordamini

449 3660 555 3698 non
581 3660 703 3697 cum
734 3642 976 3709 reritate,
1015 3658 1178 3714 neque
1211 3659 1329 3696 cum
1354 3643 1600 3713 justitia,
1642 3646 1732 3715 qui
1756 3645 2045 3700 arllueretis

448 3737 654 3790 nomini
688 3736 920 3790 civitatis
950 3744 1244 3802 sanctw,et
1260 3752 1416 3806 super
1440 3735 1608 3790 Deum
1632 3734 1806 3791 Israel
1829 3746 2045 3793 consta-

450 3827 587 3880 biliti
612 3829 760 3891 estis,
790 3837 893 3881 etc.

520 4024 819 4095 Postquam
853 4024 921 4081 de
949 4025 1267 4100 Babyloniis
1310 4028 1529 4086 locutus
1564 4036 1650 4086 est
1674 4072 1689 4098 ,
1722 4029 1789 4085 ad
1821 4028 2044 4087 Iudae-

388 4190 407 4205 .
446 4139 571 4177 rum
608 4123 1095 4193 reprehensionem
1131 4123 1383 4189 accedit;
1416 4124 1592 4195 deque
1616 4124 1726 4179 illis
1766 4139 1844 4191 se,
1873 4139 2043 4195 prop-

451 4228 538 4270 ter
562 4213 834 4286 justitiam
857 4229 1039 4281 suam,
1063 4230 1171 4270 non
1196 4216 1340 4287 quod
1365 4218 1571 4271 auxilio
1601 4216 1705 4272 isto
1727 4216 1875 4287 digni
1907 4217 2041 4282 sint,

445 4319 643 4373 pennas
670 4318 887 4359 sumere
907 4304 1273 4361 demonstrat.
1326 4305 1495 4361 Vocat
1514 4307 1661 4361 enim
1686 4306 1903 4360 domum
1934 4307 2039 4360 Ja-

447 4394 565 4463 cob,
600 4403 865 4465 tanquam
902 4395 990 4451 avi
1019 4397 1240 4452 nomine
1284 4397 1581 4469 indignos;
1618 4398 1887 4468 nudaque
1914 4405 2041 4453 tan-

448 4497 564 4543 tum
654 4489 882 4543 Israelis
953 4490 1393 4559 appellationis,
1443 4490 1807 4560 corporeique
1885 4491 2043 4546 Iuda:

447 4580 679 4636 seminis
761 4579 1081 4649 participes.
1145 4579 1262 4634 Hoc
1337 4582 1484 4636 enim
1562 4597 1627 4636 ea:
1706 4598 1848 4654 aqua
1941 4582 2036 4638 di-

448 4686 584 4726 cens
652 4668 1011 4738 signiﬁcavit.
1064 4667 1269 4723 Iudam
1340 4669 1540 4726 deinde
1577 4679 1841 4742 tanquam
1890 4673 2042 4744 regio

445 4760 634 4828 generi
657 4758 940 4829 ascripsit.
979 4756 1084 4813 Sed
1118 4758 1285 4830 539
1305 4760 1771 4830 quemadmodum
1800 4761 1938 4818 falso
1965 4763 2041 4817 ita

444 4853 810 4917 vocabantur,
848 4854 943 4924 qui
995 4855 1312 4911 nominibus
1344 4856 1412 4911 iis
1453 4866 1609 4912 erant
1657 4857 1901 4930 indigni:
1956 4859 2039 4914 sic

448 4959 572 4997 cum
621 4945 899 5015 jurarent,
938 4945 1133 5016 Deique
1165 4945 1345 5001 Israel
1375 4951 1786 5003 recordarentur
1808 4990 1823 5014 ,
1878 4950 2038 5005 labiis

448 5040 630 5111 ipsum
666 5039 1035 5121 bqnorabant,
1085 5041 1177 5111 qui
1213 5041 1379 5096 corde
1423 5043 1492 5097 ab
1517 5045 1706 5098 eodem
1755 5044 1914 5114 longe
1950 5058 2040 5098 re-

451 5128 607 5193 moti,
633 5127 952 5203 frustraque
977 5129 1214 5187 Domino
1232 5132 1393 5189 inniti
1414 5133 1764 5201 videbantur,
1795 5137 1888 5205 qui
1911 5134 2042 5189 civi-

449 5220 550 5274 tnti
580 5220 757 5276 eidem
790 5231 1127 5279 consecratae
1172 5223 1541 5281 adltwrebant.
1576 5225 1715 5281 Sunt
1742 5227 1891 5281 enim
1914 5232 2042 5296 post

448 5312 707 5368 Ezechias
760 5319 1031 5384 tempora,
1069 5316 1122 5369 in
1155 5317 1307 5373 omni
1352 5317 1647 5388 impietatis
1675 5327 1730 5374 et
1766 5316 2040 5388 supersti-

448 5404 618 5462 tionis
647 5421 847 5476 genere
870 5423 971 5478 per
1002 5407 1312 5466 Manassetn
1360 5412 1607 5482 educati,
1644 5428 1806 5484 quem
1842 5413 1896 5465 in
1932 5426 2032 5464 au-

2072 3284 2119 3346 C

2732 3275 2987 3328 ΚΕΦΑΛ.
3022 3274 3163 3328 MII’.

2222 3370 2377 3426 α-ιο.’.
2433 3369 2752 3423 Ἀκούσατε
2803 3366 3012 3432 ταῦτα,
3071 3361 3241 3432 οἶκος
3283 3365 3502 3427 Ἰακὼϐ,
3555 3365 3606 3419 02
3638 3379 3717 3417 κε-

2150 3461 2437 3531 κλημένοι
2463 3462 2560 3515 ἐπὶ
2587 3460 2667 3525 τῷ
2698 3459 2943 3528 ὀνόματι
2988 3456 3268 3527 Ἰσραὴλ,
3302 3458 3402 3511 καὶ
3442 3457 3510 3522 ἐξ
3551 3456 3734 3521 Ἰούδα,

2147 3553 2524 3618 ἐξελθόντες.
2576 3555 2642 3606 Ol
2699 3552 3027 3621 ὀμνύοντες
3083 3551 3167 3616 τῷ
3221 3551 3471 3622 ὀνόματι
3520 3550 3717 3618 Κυρίου

2151 3645 2303 3699 Θεοῦ
2331 3644 2605 3713 Ἰσραήλ.
2638 3645 3128 3714 Μιμνησκόμενοι
3158 3645 3236 3697 οὐ
3259 3645 3413 3711 μετὰ
3438 3642 3716 3710 ἀληθείας,

2147 3736 2292 3792 οὐδὲ
2337 3736 2490 3807 μετὰ
2520 3736 2937 3802 δικαιοσύνης,
2972 3735 3072 3787 καὶ
3098 3735 3491 3805 ἀντεχόμενοι
3513 3732 3587 3799 τῷ
3602 3733 3715 3787 6rd-

2141 3847 2285 3900 ματι
2318 3828 2429 3897 τῆς
2459 3829 2688 3893 πόλεως
2726 3827 2839 3896 τῆς
2875 3828 3069 3897 ἁγίας,
3097 3826 3195 3880 καὶ
3228 3827 3330 3881 ἐπὶ
3360 3828 3437 3894 τῷ
3468 3825 3583 3892 Θεῷ
3619 3826 3710 3881 Ἰσ-

2143 3920 2310 3988 ραὴλ
2336 3917 2907 3988 ἀντιστηριζόμενοι,
2944 3934 3000 3971 κ.
3028 3934 3080 3971 τ.
3110 3916 3161 3969 λ.

2220 4033 2300 4085 Τὰ
2336 4033 2479 4085 κατὰ
2531 4028 2896 4084 Βαϐυλωνίων
2953 4027 3159 4093 εἰπὼν,
3216 4028 3551 4099 ἐλεγκτικῶς
3598 4025 3710 4099 πρὸς

2157 4124 2445 4187 Ἰουδαίους
2486 4122 2675 4193 φησὶν,
2697 4121 2773 4184 ὡς
2798 4121 2897 4174 Διὰ
2923 4120 2984 4175 τὸ
3011 4123 3138 4192 παρ’
3178 4121 3309 4191 ἐμοὶ
3349 4122 3553 4177 δίκαιον
3592 4119 3709 4189 ἐκείτ

2144 4212 2269 4281 νους
2299 4217 2641 4288 μετέρχομαι
2676 4255 2691 4279 ,
2725 4212 2824 4284 οὐχ
2846 4213 2929 4266 ὅτι
2959 4212 3212 4284 βοηθείας
3245 4214 3402 4284 ὑμεῖς
3427 4212 3561 4278 ἄξιοι
3601 4210 3707 4264 καθ·

2144 4310 2437 4380 εστήκατε.
2478 4303 2660 4361 Οἷκον
2689 4305 2798 4376 γὰρ
2835 4304 2992 4360 καλεῖ
3033 4303 3252 4371 Ἰακὼϐ,
3287 4307 3363 4369 ὡς
3394 4305 3487 4359 καὶ
3515 4304 3605 4375 τῆς
3630 4299 3705 4355 τοῦ

2145 4402 2496 4473 προπάτορος
2524 4398 2778 4464 ἀναξίους
2810 4398 3150 4470 ἐπωνυμίας,
3173 4399 3272 4452 κα)⁵
3298 4399 3458 4472 ψιλῆς
3484 4396 3573 4452 τοῦ
3608 4396 3706 4450 Ἰσ-

2139 4493 2303 4563 ραὴλ
2331 4492 2706 4564 προσηγορίας
2726 4490 3085 4561 μετέχοντας,
3118 4489 3215 4543 καὶ
3248 4490 3559 4562 σπέρματος
3585 4486 3707 4543 Ἰού-

2146 4586 2223 4641 δα
2255 4584 2595 4657 σωματικοῦ.
2631 4582 2803 4637 Τοῦτο
2826 4583 2939 4653 γὰρ
2964 4583 3025 4637 τὸ
3057 4582 3126 4648 ἐξ
3165 4582 3408 4649 ὕδατος.
3450 4582 3533 4645 Ὠς
3569 4579 3703 4651 βασι-

2149 4676 2286 4748 λικῷ
2316 4678 2372 4730 δέ
2407 4677 2556 4746 γένει
2610 4675 2702 4728 τὸν
2745 4674 2984 4730 Ἰούδαν
3032 4674 3368 4746 ἐπέγραψεν.
3419 4674 3617 4741 Ὠσπερ
3656 4668 3701 4723 δὲ

2148 4768 2360 4841 ψευδῶς
2394 4769 2645 4837 ἐλέγοντο
2669 4765 2849 4820 ταῦτα
2878 4766 2987 4820 τῶν
3009 4766 3296 4836 ὀνομάτων
3318 4765 3469 4828 ὄντες
3496 4762 3699 4831 ἀνάξιοι,

2144 4862 2319 4926 οὓτως
2344 4861 2637 4931 ὀμνύντες
2658 4858 2758 4913 καὶ
2787 4859 3155 4929 μεμνημένοι
3172 4860 3279 4915 τοῦ
3300 4859 3447 4917 Θεοῦ
3467 4853 3699 4927 Ἰσραὴλ,

2145 4956 2258 5017 τοῖς
2294 4953 2530 5024 χείλεσιν
2565 4951 2727 5005 αὐτὸν
2772 4952 2997 5022 ἐτίμων,
3047 4951 3423 5024 ἀφεστηκότες
3460 4947 3609 5003 αὐτοῦ
3642 4947 3698 5019 τῇ

2145 5046 2366 5118 καρδίᾳ,
2393 5046 2487 5098 καὶ
2517 5044 2695 5115 μάτην
2725 5043 2955 5127 ,ἐδόκουν
2988 5044 3081 5096 ἐπὶ
3126 5044 3318 5114 Κυρίῳ
3353 5037 3694 5127 στηρίζεσθαι.

2146 5134 2501 5205 ἀντεχόμενοι
2526 5124 2756 5199 πόλεως
2778 5132 3179 5203 ἀνακειμένης
3207 5131 3377 5204 αὐτῷ.
3421 5130 3565 5185 Μετὰ
3607 5124 3695 5194 γὰρ

2145 5228 2238 5282 τὸν
2281 5226 2554 5292 Ἐζεκίαν,
2586 5225 2890 5297 Μανασσῆς
2923 5226 3122 5289 αὐτοὺς
3151 5227 3232 5290 εἰς
3264 5226 3441 5278 πᾶσαν
3469 5217 3695 5274 ἀσέϐειαν

2147 5316 2393 5389 ἔτρεψεν,
2439 5316 2533 5369 καὶ
2587 5318 2646 5371 ἐν
2673 5314 2826 5388 αὑτῴ
2880 5313 3209 5388 καθίδρυσεν
3245 5313 3462 5384 ἄγαλμα
3489 5308 3559 5381 τῷ
3585 5305 3694 5374 θείῳ

2147 5410 2282 5482 ναῷ.
2312 5410 2404 5464 Διό
2430 5426 2564 5481 φησι
2598 5410 2738 5481 πρὸς
2772 5408 3013 5482 αὐτούς(
3056 5428 3076 5462 ι
3116 5409 3183 5463 ’ῐί
3228 5409 3261 5481 ἡ
3309 5402 3620 5479 ἠγαπημένη
3646 5397 3698 5450 ἐν

1761 5583 1997 5642 VARUE
2024 5580 2432 5641 LECTIONES.

516 5717 548 5763 λ
580 5733 668 5790 m.
707 5715 909 5791 τιέρας.
