3916 6432
210 382 350 447 2H9

1315 391 1723 451 COMMENTA
1734 391 1846 449 lill
1885 390 1963 450 IN
1994 391 2282 451 ISAIAM.

3360 388 3425 453 2⁷4
3436 390 3503 456 50

208 501 288 573 τῷ
318 499 457 569 οἴκῳ
490 514 589 569 μου
625 497 849 570 ἐποίησε
879 497 1154 572 βδέλυγμα
1184 545 1199 569 ,
1238 517 1255 552 t
1318 502 1543 567 πολλαῖς
1572 521 1631 556 τε
1674 520 1804 575 προ·

1929 514 2071 574 gusto
2104 502 2193 559 Dei
2223 498 2431 575 templo
2485 503 2843 561 simulacrum
2891 506 3105 581 erigere
3136 522 3244 563 non
3279 485 3501 578 puduit.

216 593 469 665 φητείαις
523 592 805 647 ὠνείδισεν
841 594 1027 658 αὐτοῖς
1048 593 1146 666 τὴν
1185 593 1467 649 ἀσέϐειαν,
1516 597 1607 649 Διδ
1656 596 1808 649 πλει-

216 702 369 750 σταις
400 687 603 748 αὐτοὺς
646 686 786 756 πρὸς
823 687 1109 742 εὐσέϐειαν
1143 688 1412 744 ἀνακαλεῖ
1456 689 1810 761 παρακλήσε-

216 795 319 831 om
355 779 465 831 Kal.
488 780 516 831 ὁ
544 778 737 850 Σωτηρ
762 777 818 832 δὲ
847 778 1043 844 αὐτοὺς
1076 781 1168 833 ὲπί
1202 784 1490 853 σωματικῇ
1520 781 1811 851 συγγενείᾳ

216 868 555 939 φρονοῦντας
587 869 869 941 ἐξήλεγχε,
902 870 1094 939 λέγων·
1127 892 1145 924 ι
1165 874 1228 926 Εἰ
1250 873 1416 927 τέκνα
1440 873 1535 927 τοῦ
1559 872 1812 943 Ἀϐραὰμ

214 960 337 1035 ἦτε,
367 962 438 1015 τὰ
466 963 605 1034 ἔργα
633 963 728 1016 τοῦ
769 964 1023 1035 Ἀϐραὰμ
1048 966 1282 1018 εποιεῖτε
1313 966 1398 1021 ἄν.
1432 984 1450 1016 ι
1492 965 1601 1017 Καὶ
1628 962 1724 1017 νῦν
1753 962 1810 1017 δὲ

216 1054 458 1125 συνεχῶς
491 1056 686 1119 αὐτοὺς
714 1057 779 1109 ὲκ
805 1055 915 1110 τῶν
946 1057 1198 1129 πατέρων
1229 1057 1418 1122 καλεῖ,
1451 1057 1551 1125 τῆς
1585 1054 1811 1109 ἐκείνων

215 1146 370 1215 ἄγων
409 1146 696 1210 εὐσεϐείας
742 1148 825 1210 εἰς
881 1148 1130 1219 μνήμην,
1179 1148 1255 1212 ὡς
1315 1149 1380 1203 ἂν
1426 1147 1705 1210 ἀπωλείας
1738 1146 1811 1216 μὴ

221 1240 439 1302 ἑαυτοῖς
465 1255 523 1291 τε
547 1239 643 1292 καί
771 1238 926 1292 πόλει
954 1240 1237 1309 παραίτιοι
1278 1240 1565 1308 γένωνται.
1600 1237 1735 1291 Θεὸν
1755 1236 1812 1290 δὲ

218 1329 496 1383 δείκνυσιν
524 1330 691 1383 αὐτὸν
751 1328 1222 1401 προθεσπίζοντα,
1267 1330 1369 1383 οὐκ
1407 1327 1811 1392 ἐπιδεικτικῶς,

216 1420 335 1475 ἀλλ’
364 1422 593 1490 ὠφελῶν
624 1424 673 1489 ί,
708 1422 797 1476 ἵνα
826 1422 901 1493 μὴ
938 1424 1057 1484 τοῖς
1088 1420 1330 1485 εἰδώλοις
1364 1420 1713 1492 ὲπιγράφωσι
1745 1418 1815 1472 τὰ

218 1514 615 1585 συμϐαίνοντα,
652 1516 746 1569 καί
782 1515 858 1579 ὡς
892 1515 958 1569 ἂν
987 1515 1315 1585 προγνΰντες
1378 1512 1810 1589 μετανοήσωσιν·

220 1607 459 1676 ἠδύνατο
479 1608 587 1679 γὰρ
610 1607 704 1661 καὶ
728 1606 950 1660 σιωπῶν
972 1605 1393 1678 τιμωρήσασθαι
1415 1604 1812 1666 Βαϐυλωνίους.

219 1702 335 1755 Καὶ
348 1702 432 1773 τῷ
449 1700 652 1773 Φαραὼ
680 1701 790 1773 γὰρ
809 1700 1091 1771 προλέγων
1116 1700 1404 1771 ἐπέφερεν·
1421 1720 1437 1751 ι
1454 1700 1568 1752 Ἵνα
1590 1696 1704 1767 γνῷ
1726 1696 1817 1749 τὸν

221 1792 524 1859 ἐπάγοντα.
553 1810 572 1843 ι
598 1791 778 1845 Γνῶτε
812 1787 929 1856 οὖν,
958 1786 1259 1857 ῶᾶπιστοι,
1291 1792 1479 1865 φησὶν,
1503 1791 1577 1856 ὡς
1602 1792 1702 1844 ὅσα
1726 1788 1812 1843 διὰ

1910 598 2087 667 Atque
2131 598 2257 653 hinc
2292 606 2400 665 est,
2436 599 2581 668 quod
2621 616 2717 655 eos
2748 601 2803 655 in
2835 595 2985 657 hunc
3016 602 3241 658 modum
3291 615 3388 670 per
3419 601 3506 656 Je-

1912 690 2139 742 remiam
2167 687 2430 747 Dominus
2463 691 2794 761 alquoitur:
2831 711 2850 743 ι
2887 693 3064 759 Quam
3096 694 3296 748 dilecta
3324 694 3376 751 in
3410 694 3508 747 do-

1914 795 2002 834 mo
2033 794 2152 835 mea
2176 780 2304 836 fecit
2338 782 2805 838 abominationem
2832 784 2925 837 7'?
2966 803 2985 836 ι
3024 783 3263 840 Assidua
3307 784 3508 839 deinde

1915 870 2306 941 prophetarum
2342 887 2476 928 voce
2516 874 2814 943 impietatis
2857 884 3152 931 accusatos
3194 876 3407 930 crebris
3438 875 3503 928 ad

1916 961 2179 1032 pietatem
2208 960 2688 1019 exhortationibus
2720 973 3004 1034 provocat.
3034 962 3148 1020 lmo
3178 979 3310 1020 vero
3334 973 3386 1018 et
3410 980 3506 1019 eos

1916 1053 2169 1109 Salvator
2190 1052 2329 1123 ipse,
2348 1054 2609 1124 quouiam
2633 1057 2917 1125 sanguinis
2948 1056 3209 1111 afﬁnitate
3225 1056 3507 1125 superbie-

1916 1148 2066 1211 hant,
2103 1153 2218 1202 tum
2248 1147 2530 1217 repressit,
2564 1163 2689 1202 cum
2722 1149 2892 1203 dixit:
2941 1168 2959 1201 ι
3006 1142 3063 1204 Si
3099 1150 3194 1203 lilii
3226 1148 3507 1203 Abraham

1916 1238 2134 1301 essetis,
2172 1253 2337 1308 opera
2366 1238 2603 1294 Abraha:
2652 1238 2908 1296 faceretis
2939 1241 3038 1295 ⁷⁷.»
3081 1239 3145 1294 Ει
3184 1256 3333 1294 nunc
3386 1254 3508 1293 eos‘

1916 1326 2038 1382 dem
2066 1329 2267 1398 saepius
2327 1330 2394 1384 de
2447 1340 2666 1399 patrum
2717 1332 2938 1387 nomine
2990 1335 3246 1402 appellat,
3299 1341 3357 1386 ut
3400 1330 3507 1386 illis

1917 1420 2174 1491 pietatem
2209 1422 2450 1491 ipsorum
2479 1421 2535 1476 in
2570 1424 2892 1477 memoriam
2926 1431 3167 1487 revocet,
3195 1439 3262 1477 ne
3290 1423 3394 1477 sibi
3452 1432 3508 1476 et

1917 1513 2124 1568 civitati
2153 1512 2412 1568 interitus
2447 1521 2706 1570 auctores
2734 1529 2857 1569 esse
2903 1521 3153 1585 pergant,
3185 1514 3354 1569 Deum
3381 1529 3509 1568 vero

1919 1604 2165 1660 ostendit
2194 1604 2261 1659 de
2293 1620 2350 1660 se
2385 1615 2533 1671 ante,
2572 1624 2680 1661 non
2726 1607 2795 1662 ad
2828 1606 3279 1671 ostentationem,
3318 1606 3411 1661 sed
3442 1606 3511 1660 ad

1920 1693 2210 1747 utilitatem
2246 1694 2429 1749 futura
2465 1696 2802 1769 praedicere:
2835 1697 3033 1768 partim
3066 1696 3310 1767 quidem,
3349 1705 3523 1751 utrc-‘

1919 1802 2041 1841 rum
2081 1796 2333 1842 eventum
2391 1788 2555 1843 idolis
2604 1804 2712 1843 non
2764 1788 3081 1856 ascribant;
3143 1788 3339 1859 partim
3386 1802 3514 1843 vero

220 1883 596 1954 τῶν-πρόσθεν
619 1883 885 1937 ὲθέσπισα
908 1883 1225 1955 προφητῶν,
1260 1858 1334 1948 ὡς
1354 1858 1443 1947 ἐἰς
1473 1884 1640 1946 ἀκοὰς
1673 1882 1806 1936 πολ-

1929 1884 1996 1946 ιι,
2054 1876 2123 1932 de
2157 1874 2357 1934 futuris
2407 1878 2617 1944 cdocti,
2680 1879 3031 1951 resipiscant.
3086 1858 3308 1935 Poterat
3367 1881 3512 1934 enim

222 1977 323 2039 λὰς
353 1978 480 2039 τοὺς
513 1977 710 2044 λόγους
741 1976 939 2042 ἐλθεῖν,
980 1978 1061 2040 εἰς
1102 1977 1265 2048 ἔργον
1303 1977 1486 2046 ἐξέϐη.
1531 1976 1667 2030 Θεοῦ
1700 1978 1808 2048 γὰρ

1929 1969 2083 2022 etiam
2123 1976 2313 2023 tacens
2368 1969 2436 2024 de
2493 1968 2839 2043 Babyloniis
2880 1971 3217 2042 supplicium
3274 1987 3514 2026 sumere.
3580 1976 3587 1983 ’

222 1995 323 2039 ιας
353 1995 480 2039 τους
515 1995 710 2044 Αογους
741 1995 939 2042 ειιυειν,
980 1995 1061 2040 εις
1102 1995 1265 2048 εργον
1303 1995 1486 2046 εςεοη.
1531 1995 1667 2030 σεου
1700 1995 1813 2103 γαρ

219 2049 397 2117 μόνον
425 2048 486 2101 τὸ
529 2048 849 2119 προλέγειν·
899 2050 995 2101 καὶ
1052 2048 1231 2117 μάτην
1290 2048 1319 2100 ὁ
1370 2048 1676 2118 Μανασσῆς
1724 2049 1774 2101 δι

1929 1995 2083 2022 :tli‘llll
2123 1995 2313 2023 tacula
2368 1995 2436 2024 HI:
2493 1995 2839 2043 DiluleIIHB'
2880 1995 3217 2042 διψμιιωιιιιι
3274 1995 3513 2026 διιιιιυΐυ.

1929 2058 2049 2115 Nam
2095 2070 2149 2115 et
2182 2059 2553 2131 Pharaonem,
2600 2079 2725 2120 cum
2772 2064 2837 2120 de
2888 2064 3095 2121 futuris
3149 2073 3420 2127 moneret,
3455 2077 3513 2120 ut

216 2138 492 2209 μαντείας
521 2139 720 2193 εἰδέναι
751 2138 1047 2204 σπουδάζει
1070 2138 1139 2193 τὰ
1168 2139 1433 2209 μέλλοντα
1458 2156 1471 2168 ·
1503 2139 1540 2194 ἃ
1588 2141 1644 2195 δὲ
1677 2158 1816 2213 προ-

1929 2163 2062 2218 eum,
2099 2153 2192 2221 qui
2247 2151 2459 2209 inducit
2506 2165 2854 2226 agnosceret,
2904 2156 3127 2227 adjecit.
3169 2157 3281 2212 Vos
3317 2156 3512 2225 igitur,

218 2230 390 2301 έφην,
409 2231 595 2302 φησὶν,
617 2231 666 2284 εἰ
691 2231 784 2284 καὶ
801 2232 875 2303 μὴ
900 2229 1253 2303 προσέδοκαεί
1271 2271 1285 2297 ,
1312 2231 1428 2285 ἀλλ’
1446 2227 1541 2287 οὖν
1563 2232 1822 2299 ἐξάπινα

1929 2241 2118 2313 inquit,
2148 2245 2243 2315 qui
2275 2244 2381 2302 fide
2423 2249 2648 2316 caretis,
2682 2265 2787 2314 me,
2820 2265 3167 2321 quzccunque
3209 2263 3368 2304 antea
3421 2261 3515 2317 per

221 2325 477 2393 γέγονεν.
639 2371 645 2377 ο
1920 2335 2219 2406 prophetas
2250 2352 2279 2392 a
2317 2354 2405 2395 me
2448 2341 2710 2409 praedicta
2751 2341 2818 2396 ad
2857 2341 3152 2397 multorum
3194 2354 3357 2394 aures
3394 2353 3517 2409 per-

222 2430 518 2487 venerunt,
552 2435 608 2476 re
667 2421 782 2485 ipsa
810 2422 922 2493 jam
960 2424 1281 2493 praestitisse
1321 2427 1654 2497 cognoscite.
1713 2426 1810 2485 Est
1838 2429 1986 2484 enim
2013 2430 2107 2487 Dei
2143 2440 2354 2490 tantum
2390 2435 2576 2493 futura
2610 2437 3199 2508 praedicere:quorum
3234 2435 3515 2490 notionem

224 2530 330 2583 per
362 2514 640 2584 sortilegia
664 2514 899 2583 adipisci
972 2514 1177 2571 frustra
1248 2517 1531 2575 Manasses
1603 2527 1854 2575 conatur.
1914 2519 1993 2578 Ea
2013 2539 2143 2594 ergo
2190 2541 2311 2597 qua:
2356 2528 2609 2598 praedixi,
2651 2530 2851 2601 inquit,
2894 2529 3243 2600 quantumvis
3290 2527 3518 2607 minime

226 2616 606 2677 exspectares,
638 2626 845 2678 repente
886 2620 1067 2668 tamen
1108 2615 1223 2668 lieri
1276 2616 1529 2686 contigit.

303 2703 570 2770 Πρότερα
598 2703 653 2755 δέ
686 2722 829 2767 τινες
853 2705 952 2775 τὴν
978 2708 1353 2776 αἰχμαλωσίαν
1382 2710 1664 2780 εἰρήκασι,
1706 2711 1825 2782 μεθ’

225 2798 300 2867 ἦν
355 2798 475 2848 ἐστι
531 2794 601 2848 τὰ
663 2798 730 2866 τῇ
786 2796 1110 2868 Βαϐυλωνία
1146 2799 1433 2869 συμϐάντα
1490 2800 1662 2856 δεινά.
1737 2801 1827 2866 Ὣς

227 2894 485 2964 ἀκαμπεῖ
509 2893 588 2960 δὲ,
616 2896 770 2967 φησί,
804 2896 898 2949 καί
919 2896 1259 2968 ἀναισχύντῳ
1284 2898 1593 2966 προεῖπον,
1623 2897 1827 2966 καίπερ

228 2983 413 3050 εἰδὼς,
450 2986 526 3048 ὡς
560 2986 654 3039 καὶ
689 2986 865 3052 οὕτως
900 2988 1148 3052 εἰδώλοις
1180 2989 1281 3059 τὴν
1318 2990 1426 3043 τῶν
1464 2988 1823 3060 συμϐησομέ-

227 3093 338 3129 νων
371 3076 736 3140 nuo-imm;
760 3078 1092 3151 ἐπιγράψεις
1125 3080 1328 3134 αἰτίαν.
1379 3080 1554 3147 Ἐπεὶ,
1583 3081 1678 3134 καὶ
1726 3080 1827 3150 τῆς

240 3168 605 3241 Ἰερουσαλὴμ
660 3168 920 3239 ἁλούσης,
967 3175 1023 3225 αἰ
1065 3172 1503 3241 περιλειφθείσαι
1546 3174 1822 3241 γυναῖκες,

227 3262 538 3325 κωλύοντος
600 3261 862 3334 Ἱερεμίου
913 3263 1194 3318 κατελθεῖν
1244 3266 1324 3326 εἰς
1368 3264 1465 3336 τὴν
1522 3263 1823 3331 Αἴγυπτον,

226 3353 611 3423 ἁνθυπέφερον
634 3370 647 3385 ο
694 3354 914 3426 Ἐπειδὴ
945 3355 1261 3425 διελίπομεν
1295 3355 1526 3409 θύουσαι
1555 3358 1622 3427 τῇ
1675 3354 1827 3426 βασι-

225 3444 398 3517 λίσσῃ
424 3445 519 3498 τοῦ
546 3445 806 3517 οὐρανοῦ,
837 3447 1074 3517 ἐπῆλθεν
1103 3448 1188 3516 ἐφ’
1211 3450 1363 3518 ἡμᾶς
1385 3447 1568 3501 πάντα
1595 3447 1661 3501 τὰ
1686 3446 1831 3501 κακὰ

227 3538 428 3591 ταῦτα.
461 3541 552 3591 Διὸ
582 3539 678 3591 καὶ
723 3538 1097 3610 δυσχεραίνων
1136 3538 1410 3609 Ἱερεμίας
1445 3539 1582 3610 φησι
1604 3554 1618 3570 '
1654 3559 1673 3592 ι
1720 3539 1832 3593 Κύ-

230 3646 343 3699 ριε,
373 3630 424 3681 οἰ
451 3630 723 3700 ὀφθαλμοί
750 3646 846 3683 σου
880 3633 960 3695 εἰς
997 3630 1202 3685 πίστιν.
1264 3630 1685 3701 Ἐμαστίγωσας
1735 3630 1832 3683 αὐ-

228 3719 383 3783 τοὺς,
415 3720 512 3773 καὶ
536 3721 636 3774 οὐκ
656 3721 949 3793 ἐπόνησαν.
979 3722 1343 3786 Συνετέλεσας
1368 3724 1589 3788 αὐτοὺς,
1614 3723 1708 3776 καί
1728 3722 1831 3776 οὐκ

229 3812 512 3882 ἠθέλησαν
540 3812 800 3877 δέξασθαι
831 3814 1099 3868 παιδείαν.
1142 3834 1161 3864 ι
1202 3815 1331 3867 Ἰδοὺ
1375 3814 1556 3868 τοίνυν
1578 3855 1592 3880 ,
1627 3816 1829 3886 καίπερ

230 3904 351 3957 ὖντι
389 3903 638 3974 τοιούτῳ,
672 3904 1054 3976 φιλάνθρωπος
1085 3905 1183 3969 ὣν,
1221 3905 1472 3975 προλέγω
1504 3906 1572 3958 τὰ
1617 3905 1829 3977 συμϐη-

234 3996 445 4064 σέμενα
478 3998 591 4059 τοῖς
622 3997 882 4066 μέλλουσί
919 4014 979 4050 σε
1016 3998 1474 4069 καταπολεμῆσαι
1514 3997 1826 4062 Χαλδαίοις,

232 4088 313 4149 ὡς
363 4089 429 4140 ἂν
477 4087 599 4140 τότε
650 4088 847 4160 βοηθὸν
884 4089 977 4143 τὸν
1012 4090 1348 4161 προειπόντα
1392 4089 1699 4153 καλέσειας.
1734 4091 1827 4161 Μὴ

234 4172 331 4229 οὖν
362 4178 585 4239 ἀπάτας
635 4180 800 4232 αὑτὸν
850 4180 877 4219 Ιι
927 4180 1119 4249 λέγων,
1150 4180 1225 4244 ὡς
1280 4180 1374 4233 καὶ
1416 4179 1522 4251 πρὸ
1566 4182 1663 4251 τῆς
1687 4183 1827 4253 ἐμῆς

236 4272 583 4342 προφητείας
607 4271 831 4325 εἴδωλά
848 4290 931 4326 σοι
953 4273 1315 4336 ἐνετείλατο,
1335 4273 1480 4326 τοῦτ’
1506 4272 1656 4328 ἐστιν
1679 4275 1835 4345 ἠπεί-

234 4364 439 4434 λησαν,
466 4365 499 4435 ἢ
527 4364 999 4435 προαπήγγειλαν,
1027 4367 1103 4429 ὡς
1136 4367 1277 4420 αὑτά
1329 4383 1387 4419 σε
1422 4366 1688 4421 κακώσει.
1737 4370 1834 4422 Διὰ

234 4456 416 4512 ταῦτα
461 4458 571 4529 γὰρ
629 4458 810 4510 πείσει
848 4456 867 4496 ι
914 4458 1122 4521 κακῶς,
1154 4460 1344 4528 ὅτιπερ
1404 4459 1649 4523 ἀποστὰς
1697 4460 1832 4531 ἐμοῦ

235 4550 585 4619 προσετέθης
625 4550 830 4613 αὐτοῖς.
871 4550 1017 4621 Πλὴν
1041 4551 1196 4605 οὐδέν
1227 4568 1286 4604 σε
1313 4552 1372 4605 τὸ
1402 4550 1691 4621 προλέγειν
1717 4553 1834 4624 ὀνή-

2002 2710 2142 2768 Sunt
2168 2729 2296 2769 vero
2329 2715 2419 2786 qui
2455 2718 2695 2787 priorum
2759 2718 2979 2773 nomine
3014 2716 3386 2788 captivitatem
3430 2717 3518 2771 ἰη-

1930 2804 2026 2859 nui
2058 2806 2248 2871 velint,
2298 2816 2590 2879 postquam
2634 2809 2739 2863 illae
2770 2810 2904 2880 ipsae
2947 2810 3289 2866 calamitates
3338 2810 3516 2865 conti-

1930 2907 2147 2967 gerunt,
2198 2915 2321 2970 qua:
2363 2900 2695 2973 Babylonios
2733 2910 3076 2958 Invaseruut.
3119 2901 3347 2968 Deinde,
3378 2902 3517 2957 'tan-

1931 3004 2095 3057 quam
2139 2991 2207 3046 de
2244 2993 2579 3060 contumaci,
2626 2994 2853 3063 praedixi
2908 2994 3132 3049 verbum
3190 2994 3515 3064 usurpavit;

1932 3084 2319 3150 quantumvis,
2362 3085 2572 3155 inquit,
2622 3094 2677 3139 et
2715 3101 2909 3140 eorum
2944 3093 2998 3140 te
3049 3100 3272 3140 causam
3315 3087 3516 3150 etiam,

1933 3185 2055 3240 qure
2087 3170 2404 3243 Babyloniis
2429 3183 2697 3229 eventura
2726 3182 2930 3239 essent,
2959 3174 3122 3229 idolis
3149 3174 3518 3242 ascripturam

1934 3276 2057 3317 esse
2091 3277 2198 3316 non
2243 3264 2601 3335 ambigerem.
2648 3263 2989 3335 Expugnatis
3037 3264 3102 3318 ad
3166 3263 3280 3317 haec
3328 3261 3521 3317 Hiero-

1932 3352 2182 3422 solymis,
2206 3367 2333 3407 cum
2364 3355 2693 3423 superstites
2721 3354 2958 3409 feminas
2992 3354 3047 3408 in
3077 3353 3374 3424 [Egyptum
3415 3354 3519 3406 mi-

1933 3458 2091 3513 grare
2117 3450 2322 3498 vetaret
2360 3443 2675 3513 Jeremias;
2711 3446 2817 3501 illae
2856 3444 3019 3517 540
3049 3454 3263 3510 contra,
3314 3461 3376 3501 ex
3410 3461 3522 3516 quo

1931 3536 2134 3605 regina:
2169 3538 2292 3593 caeli
2336 3539 2651 3594 sacrificare
2687 3540 2988 3603 desierant,
3014 3541 3088 3602 λη
3135 3554 3196 3596 se
3239 3540 3380 3593 mala
3417 3540 3521 3594 ista

1931 3627 2117 3679 omnia
2163 3626 2454 3682 devenisse
2500 3629 2907 3698 responderunt
2940 3647 2953 3684 :
2988 3630 3132 3684 unde
3163 3636 3218 3684 et
3251 3630 3341 3683 illa
3377 3645 3525 3701 aegre

1932 3714 2161 3770 ferentis
2198 3718 2480 3787 prophetae
2513 3719 2703 3782 verba,
2732 3734 2855 3788 quae
2890 3721 2944 3774 in
2989 3720 3137 3774 hunc
3183 3721 3405 3775 modum
3442 3721 3522 3775 le-

1930 3809 2112 3878 gimus
2162 3827 2175 3863 :
2224 3827 2243 3861 ι
2282 3809 2533 3875 Domine,
2574 3811 2718 3866 oculi
2761 3812 2841 3866 tui
2891 3812 2947 3867 in
2999 3812 3159 3867 [idem
3212 3811 3521 3883 Flagellasti

1931 3914 2048 3963 eos,
2096 3916 2273 3970 neque
2317 3901 2726 3958 laboraverunt.
2777 3903 3187 3961 Consummasti
3240 3922 3359 3970 eos,
3419 3923 3520 3964 nec

1931 3994 2226 4048 voluerunt
2255 3994 2547 4051 admittere
2586 3995 2936 4066 disciplinam
2967 3996 3035 4053 ⁷⁸.
3077 4017 3097 4050 ι
3147 3998 3290 4055 Ecce
3330 3999 3519 4070 igitur,

1933 4086 2287 4153 quantumvis
2316 4092 2368 4141 te
2399 4087 2564 4143 talem
2607 4089 2931 4159 praebueris,
2967 4104 3069 4159 pro
3106 4105 3226 4145 mea
3260 4091 3312 4146 in
3344 4093 3520 4146 homi-

1932 4188 2034 4229 nes
2086 4175 2488 4240 benevolentia,
2529 4175 2823 4243 Chaldaeis,
2862 4177 2959 4248 qui
2999 4185 3055 4233 te
3101 4178 3247 4233 bello
3299 4195 3523 4250 supera-

1936 4266 2043 4320 turi
2085 4275 2234 4332 sunt,
2277 4267 2436 4337 longe
2461 4275 2591 4324 aute
2618 4268 2804 4324 futura
2834 4269 3100 4325 denuntio
3130 4279 3191 4324 ut
3212 4286 3337 4326 eum
3367 4281 3518 4337 tunc,

1935 4374 1966 4413 a
1998 4374 2106 4429 quo
2142 4360 2245 4414 ista
2279 4359 2376 4414 tibi
2410 4361 2674 4431 praedicta
2717 4368 2864 4429 sunt,
2911 4364 2970 4418 in
3016 4364 3281 4418 auxilium
3324 4379 3523 4419 vocare

1935 4453 2272 4508 memineris.
2298 4451 2433 4508 Vide
2460 4454 2649 4525 itaque
2668 4470 2735 4510 ne
2765 4453 3079 4526 decipiaris,
3104 4457 3201 4511 tibi
3235 4458 3341 4513 ista
3368 4459 3521 4530 prius

1935 4546 2102 4613 idola,
2120 4561 2286 4618 quam
2318 4562 2407 4603 me
2436 4551 2723 4604 mandasse
2747 4566 2767 4614 ;
2796 4549 2851 4603 id
2884 4557 2970 4606 cst
2990 4552 3073 4605 vel
3098 4551 3350 4605 minitata
3375 4567 3519 4615 esse,

240 4658 412 4694 σειεν.
452 4641 535 4695 Οὐ
564 4640 766 4710 γνώσῃ
797 4640 1091 4711 γὰρ,τοῦτ’
1122 4642 1292 4708 ἔστιν,
1328 4642 1388 4695 οὐ
1428 4644 1634 4714 γενήσῃ
1675 4644 1824 4714 σοφὸς

1942 4639 2025 4694 vel
2061 4639 2405 4709 praedixisse,
2437 4650 2497 4695 ut
2532 4650 2584 4698 te
2613 4653 2901 4709 vexarent,
2932 4644 3187 4700 all'erens.
3215 4642 3343 4699 Ideo
3373 4646 3521 4699 enim

232 4738 308 4807 τῇ
351 4735 489 4805 πρὸς
517 4736 579 4788 τὸ
604 4740 852 4807 κρεῖττον
885 4737 1158 4808 μεταϐολῇ
1190 4778 1204 4802 ,
1252 4738 1329 4809 μὴ
1368 4739 1678 4812 περιμένων
1722 4738 1833 4793 τῶν

238 4841 326 4878 σοι
358 4826 879 4896 προαπειλουμένων
920 4827 983 4879 τὸ
1028 4828 1202 4888 τέλος.
1241 4827 1533 4883 ’Λκουστά
1590 4845 1674 4881 σοι
1721 4844 1834 4881 τοι·

236 4916 451 4986 γαροῦν
494 4917 754 4985 ἐποίησα
770 4918 842 4972 τὰ
867 4918 1063 4975 καινά.
1094 4919 1284 4973 Καινὰ
1318 4919 1430 4989 γὰρ
1467 4915 1556 4991 ἦν,
1591 4920 1698 4991 πρὸ
1735 4919 1831 4974 τοῦ

238 5008 505 5075 γενέσθαι
553 5008 841 5081 λεγόμενα.
909 5012 1139 5082 Πάσχων
1200 5012 1381 5067 τοίνυν
1427 5015 1505 5083 μὴ
1535 5013 1719 5086 λέξῃς,
1755 5014 1833 5078 ὡς

241 5101 388 5171 Πρίν
444 5102 637 5156 παθεῖν
691 5104 792 5156 οὐκ
848 5104 1104 5171 ἀκήκοα,
1133 5106 1335 5176 ἤγουν,
1394 5106 1477 5159 ὄτι
1518 5108 1835 5177 Προέγνων

246 5195 372 5264 μὲν,
404 5193 519 5248 ἀλλ’
551 5195 609 5261 ἐξ
639 5195 903 5250 εἰδώλων
937 5195 1145 5266 μαθών.
1179 5199 1254 5251 Οὐ
1298 5199 1405 5269 γὰρ
1448 5199 1639 5268 ἔγνως
1680 5198 1834 5253 οὐδὲν

243 5287 383 5356 πρὶν
418 5287 517 5355 ἐμὲ
554 5286 738 5356 λέγειν
772 5288 946 5341 αὐτά⁹
982 5288 1043 5341 οὐ
1078 5289 1188 5357 γὰρ
1221 5290 1500 5362 πεποίηκά
1546 5309 1629 5344 σοι
1676 5291 1835 5345 τοῦτο

244 5377 385 5448 παρ’
420 5378 609 5447 ἑτέρου
656 5380 950 5448 γνωστόν.
1003 5379 1135 5433 Ἰδοὺ
1175 5380 1231 5434 δέ
1266 5398 1326 5433 σε
1379 5380 1530 5435 καλῶ
1579 5383 1674 5436 καὶ
1705 5382 1833 5452 πρὶν

243 5468 551 5539 ἀπειθῆσαι
572 5468 941 5539 παράνομον.
970 5469 1045 5523 Δι’
1073 5470 1208 5524 αὐτὸ
1238 5473 1347 5544 γάρ
1381 5489 1440 5525 σε
1489 5473 1589 5553 καί
1634 5472 1831 5542 φθάσει

325 5608 375 5640 ⁷⁸
404 5606 608 5663 Jercm.
636 5624 712 5675 x1,
744 5608 833 5665 15.
912 5608 959 5641 "
982 5608 1143 5664 Joan.
1169 5624 1287 5678 vni,
1314 5608 1404 5665 59.

1940 4732 2081 4788 male
2117 4734 2433 4803 excipieris,
2481 4734 2627 4804 quod
2669 4751 2755 4790 me
2782 4735 3044 4791 derelicto
3081 4736 3148 4789 ad
3178 4751 3242 4792 ea
3281 4739 3520 4791 transie~

1937 4823 2036 4879 ris.
2088 4820 2277 4894 Neque
2319 4832 2504 4878 tamen
2538 4825 2637 4880 tibi
2673 4826 2971 4896 quidquam
3003 4826 3287 4895 profutura
3318 4833 3403 4881 est
3447 4825 3525 4879 fu-

1918 4923 2188 4970 -turorunt
2221 4917 2520 4986 praedictio.
2561 4916 2688 4973 Non
2717 4919 2861 4973 enim
2896 4932 3216 4989 cognosces;
3259 4932 3324 4971 ac
3346 4912 3404 4973 'si
3438 4919 3523 4973 di-

1938 5011 2087 5060 ceret
2117 5023 2129 5058 :
2163 5005 2283 5060 Non
2324 5007 2547 5076 sapiens
2588 5006 2685 5062 lies
2715 5010 2832 5077 ipsa
2883 5006 3183 5063 mutatione
3214 5007 3269 5062 in
3303 5008 3523 5071 melius,

1941 5098 2036 5169 qui
2070 5098 2282 5154 tristem
2319 5113 2505 5154 rerum
2550 5099 2784 5164 exitum,
2832 5115 2953 5169 qua:
2999 5098 3095 5154 tibi
3152 5099 3525 5170 praedicuntur

1940 5204 2049 5244 non
2079 5198 2386 5260 exspectes.
2424 5188 2626 5243 Audita
2657 5189 2842 5260 itaque
2888 5190 2992 5259 feci
3033 5190 3131 5245 tibi
3172 5208 3328 5245 nova.
3370 5188 3526 5246 Nova

1940 5282 2085 5337 enim
2134 5288 2313 5346 erant,
2362 5296 2485 5352 qua:
2526 5290 2654 5337 ante
2694 5283 3043 5347 dicebantur,
3095 5299 3259 5354 quam
3311 5284 3526 5339 ﬁerent.

1938 5375 2077 5431 Cum
2106 5392 2237 5446 ergo
2261 5375 2508 5445 patieris,
2533 5391 2600 5431 ne
2618 5384 2669 5431 te
2691 5376 2844 5447 prius
2866 5392 2974 5431 non
2996 5375 3265 5432 audivisse
3282 5375 3521 5438 dixeris;

1942 5469 2024 5525 vel
2074 5469 2120 5525 si
2172 5469 2450 5538 prwacisse
2493 5469 2673 5532 dicas,
2727 5467 2796 5524 ab
2844 5468 3005 5524 idolis
3054 5468 3332 5526 didicisse.
3377 5466 3525 5524 hihi]

1497 5612 1542 5642 ⁷⁸
1560 5609 1761 5666 Jcrem.
1790 5627 1842 5679 ν,
1880 5616 1933 5671 5.

1548 5726 1783 5784 ΥΛΒΙᾸΕ
1815 5726 2227 5784 LEC'HONES.

354 5844 369 5884 ί
407 5861 500 5918 τι),
528 5844 842 5917 ὠφελίμως.
924 5847 936 5895 ἰ
978 5863 1071 5915 rp.
1106 5844 1465 5922 προσεδόκας.

1547 5846 1573 5885 ιι
1606 5862 1694 5917 γρ.
1723 5844 1907 5902 ἀπάτα
1936 5845 2151 5901 σαυτόν.

2239 5849 2253 5889 ι
2289 5860 2375 5914 ῃ).
2401 5841 2589 5917 πείσῃ.
