3916 6390
470 300 606 370 4451

1780 311 2138 373 PROCOPII
2181 297 2438 384 GAz/EI'

3599 329 3726 396 2452

469 417 618 469 enim
651 415 878 473 omnino
918 419 1242 490 priusquam
1273 422 1669 489 renuntiarem,
1704 439 2057 492 cognoveras,‘

2167 425 2275 479 τῶν
2303 426 2727 498 προρρηθέντων
2759 429 2820 482 τὸ
2843 429 3018 498 τέλος,
3047 430 3122 496 ὡς
3150 431 3214 488 ἐκ
3244 433 3507 504 γενέσεως
3537 440 3593 492 ἐν
3617 443 3728 498 ἀσε-

473 523 654 576 neque
697 512 790 566 tibi
825 512 972 568 istud
1006 528 1106 583 ego
1147 513 1378 568 aliorum
1410 530 1574 584 opera
1621 517 1892 586 cognitum
1933 531 2058 572 esse

2165 517 2288 588 ϐεία
2317 520 2615 588 τραφέντα.

472 599 797 656 volui..lmo
833 618 956 659 esse
992 613 1044 659 te
1065 604 1251 671 etiam,
1287 607 1611 676 priusquam
1677 622 1708 661 a
1777 607 1881 662 fide
1946 607 2232 678 contingat
2305 611 2586 675 recedere,
2631 611 2869 682 iniquum
2910 615 3241 682 praenuntio.
3284 618 3367 672 Ob
3413 619 3468 674 id
3512 621 3651 678 enim
3683 634 3732 679 te

471 706 828 765 rerum,qu:e
853 696 1129 766 praedictae
1173 705 1325 766 sunt,
1355 701 1536 756 exitus
1561 699 1725 754 etiam
1790 707 2114 767 antevertet,
2193 701 2339 770 quod
2405 717 2434 755 a
2505 705 2782 759 natalibus
2843 705 2982 776 ipsis
3029 707 3085 762 in
3157 708 3432 779 impietate
3488 714 3734 774 educatus

540 897 639 954 Est
679 900 848 971 igitur
891 903 962 958 ab
1011 904 1358 960 humanitate
1407 905 1655 976 profecta
1700 921 2057 978 rerum,quze

470 991 568 1049 tibi
606 1005 886 1050 eventura!
913 1002 1066 1062 sunt,
1115 995 1422 1066 pratdictio.
1475 995 1609 1050 Nam
1651 1003 1707 1052 et
1745 1004 1797 1052 te
1824 1012 1950 1052 cum
1998 997 2053 1053 in

468 1087 712 1143 hostium
765 1095 1093 1157 potestatem
1146 1087 1372 1154 tradidi,
1425 1087 1479 1141 id
1532 1103 1752 1159 quoque
1798 1089 1855 1142 in
1904 1096 2054 1144 tuam

466 1197 584 1236 rem
623 1180 725 1236 feci
771 1198 785 1235 :
820 1196 930 1236 non
962 1196 1073 1252 quo
1107 1195 1260 1238 more
1285 1181 1483 1249 solent,
1505 1181 1599 1252 qui
1635 1189 1703 1237 ad
1741 1197 1896 1238 suam
1935 1189 2056 1236 tan-

466 1280 587 1327 tum
619 1273 907 1328 utilitatem
951 1273 1275 1343 respiciunt.
1310 1271 1447 1328 Eum
1468 1274 1612 1329 enim
1647 1288 1890 1343 persaepe
1913 1273 2054 1329 solet

469 1365 693 1422 erudire
718 1367 971 1431 afﬂictio,
1016 1367 1105 1422 cui
1142 1367 1278 1421 nihil
1309 1367 1376 1421 ad
1402 1366 1842 1438 resipiscentiam
1876 1368 2055 1422 oratio

464 1460 696 1532 profuit.
736 1461 915 1530 Atque
951 1461 1079 1515 hinc
1125 1467 1228 1527 est,
1263 1461 1359 1525 ait,
1387 1460 1534 1530 quod
1567 1461 1808 1516 hostium
1833 1460 1931 1515 tibi
1960 1475 2056 1515 ca-

465 1551 742 1607 lamitates
791 1551 1056 1621 praedixi;
1091 1559 1150 1604 ut
1185 1549 1433 1622 undique
1459 1551 1527 1606 ad
1555 1551 1768 1623 frugem
1820 1559 1872 1607 te
1904 1567 2060 1608 revo-

467 1659 675 1710 carem,
729 1643 1054 1710 minitando,
1110 1654 1425 1712 metumque
1487 1651 1542 1698 et
1591 1642 1836 1698 dolorem
1897 1643 2056 1698 incu-

465 1733 890 1798 tiendo,futura
921 1733 1088 1788 etiam
1114 1731 1493 1803 praedicendo;
1529 1732 1584 1786 in
1621 1732 1929 1788 libertatem
1959 1733 2056 1789 dc-

2237 904 2448 960 Οὐκοῦν
2476 907 2564 960 διὰ
2602 907 3014 978 φιλανθρωπίαν
3057 910 3166 966 τῶν
3203 911 3288 967 σοὶ
3321 917 3738 989 συμϐησομένων

2165 1001 2198 1068 ἠ
2232 999 2558 1071 πρόρρησις.
2603 1001 2715 1055 Καὶ
2744 1002 3075 1072 παραδιδούς
3102 1023 3162 1059 σε
3203 1007 3332 1077 γὰρ,
3384 1010 3472 1062 ἐπ’
3517 1011 3740 1088 ὠφελείᾳ

2164 1093 2481 1164 παρέδωκα,
2532 1093 2634 1163 οὐχ
2687 1094 2763 1158 ὡς
2793 1096 2858 1148 ἄν
2905 1113 2994 1161 τις
3021 1097 3162 1170 ἀνὴρ
3189 1101 3327 1171 πρὸς
3381 1101 3516 1156 ἴδιον
3563 1106 3738 1177 κέρδος

2163 1184 2326 1256 ὁρῶν.
2362 1185 2616 1240 Παιδεύει
2647 1186 2754 1258 γὰρ
2779 1187 2890 1241 ἐσθ’
2911 1189 3002 1242 ὅτε
3027 1191 3221 1257 πάθος,
3255 1193 3314 1246 ὃν
3337 1195 3440 1247 οὐκ
3465 1197 3736 1252 ἐπαίδευσε

2164 1277 2342 1346 λόγος.
2375 1278 2453 1332 Δι’
2487 1279 2601 1332 ὅσοι
2702 1281 2794 1332 καὶ
2843 1280 2952 1334 τῶν
2997 1283 3272 1353 πολεμίων
3322 1286 3425 1351 τὰς
3469 1289 3738 1360 συμφορὰς

2164 1367 2586 1439 προηγόρευσα,
2635 1372 2975 1441 πανταχόθεν
3013 1375 3362 1446 ἐπιστρέφων
3392 1417 3407 1442 ,
3436 1379 3662 1449 ἀπειλῆς
3691 1391 3736 1448 ιι,

2164 1460 2260 1514 καὶ
2280 1460 2463 1531 φόϐῳ,
2510 1461 2606 1516 καὶ
2649 1462 2858 1527 πάθους
2904 1465 3095 1538 πείρᾳ,
3125 1468 3221 1520 καὶ
3243 1467 3477 1539 δυνάμει
3514 1487 3736 1540 προαγο-

2165 1552 2427 1624 ρεύσεως,
2454 1556 2520 1626 τῇ
2547 1556 2677 1626 περὶ
2703 1556 2762 1609 σὲ
2796 1557 3186 1631 φιλανθρωπίᾳ.
3212 1559 3272 1613 σέ
3295 1578 3354 1614 τε
3405 1561 3567 1616 πάλιν
3598 1563 3738 1617 ἐλευ-

2163 1645 2360 1717 θερῶν,
2413 1649 2511 1701 καὶ
2560 1649 2687 1713 τοὺς
2720 1649 2954 1722 ἐχθροὺς
2982 1651 3423 1723 τιμωρούμενος,
3459 1655 3555 1707 καὶ
3599 1665 3638 1719 ⁸,
3667 1657 3738 1710 ὅτι

2156 1738 2256 1810 τὴν
2292 1740 2432 1810 ἐμὴν
2460 1739 2852 1814 ἐϐλασφήμουν
2881 1742 3137 1815 θεότητα,
3181 1744 3281 1816 τὴν
3323 1745 3450 1799 καθ’
3485 1747 3636 1816 ὑμῶν
3667 1750 3740 1802 νί-

465 1825 672 1895 nique,
711 1825 806 1894 qui
847 1839 1002 1880 meus
1038 1834 1123 1879 est
1177 1823 1234 1878 in
1291 1831 1344 1879 te
1387 1838 1543 1878 amor
1575 1821 1899 1889 asserendo,
1955 1823 2057 1877 ho-

2166 1845 2264 1898 κην
2295 1831 2410 1893 τοῖς
2439 1828 2593 1894 ίδίοις
2623 1830 2767 1896 θεοῖς
2796 1833 3222 1904 ἐπιγράφοντες,
3264 1846 3293 1886 P
3324 1837 3428 1906 τὴν
3459 1835 3554 1890 τοῦ
3599 1837 3739 1902 ὄντος

465 1927 693 1988 stesque
724 1918 1074 1984 ulciscendo;
1102 1917 1194 1988 qui
1227 1917 1282 1971 in
1316 1932 1491 1972 meam
1528 1915 1875 1972 divinitatem
1909 1916 2061 1972 blas-

2160 1921 2287 1988 τοῖς
2319 1922 2422 1976 οὐκ
2444 1918 2565 1978 οὖσι
2597 1924 2952 1996 χαριζόμενοι
2974 1926 3188 1992 δόξαν.
3223 1927 3497 1998 Κάμινον
3521 1929 3577 1982 δὲ
3603 1946 3739 1983 πτω-

464 2010 852 2082 phemi,quam
879 2011 949 2066 de
971 2011 1126 2066 vobis
1148 2010 1331 2081 adepti
1353 2016 1482 2067 sunt
1501 2007 1788 2064 victoriam
1806 2009 1912 2064 diis
1938 2007 2056 2065 suis

2166 2016 2356 2086 κείας,
2381 2016 2476 2070 τὸν
2515 1989 2685 2072 τόπον
2724 1989 2827 2088 τῆς
2867 1989 3114 2083 δουλείας
3144 1989 3405 2098 ἐκάλεσεν
3427 2062 3442 2087 ,
3479 2022 3536 2072 ἐν
3579 2015 3740 2088 ᾦτοῖς

465 2103 781 2169 ascribunt;
828 2111 884 2158 et
912 2104 1032 2173 ejus
1081 2102 1239 2175 541
1272 2102 1369 2174 qui
1403 2111 1508 2168 est,
1548 2103 1798 2171 gloriam,
1837 2103 1903 2158 iis
1958 2104 2054 2174 qui

463 2211 575 2253 non
613 2205 744 2253 sunt
805 2197 1108 2268 indulgent.
1155 2196 1457 2252 Fornacem
1488 2205 1669 2253 autem
1698 2199 2052 2269 paupertatis,

461 2291 755 2348 servitutis
795 2292 979 2347 locum
1012 2292 1275 2362 appellat,
1311 2292 1368 2346 in
1404 2307 1515 2362 quo
1551 2305 1668 2358 eos,
1700 2291 1795 2362 qui
1835 2291 1901 2346 ad
1932 2306 2053 2346 eam

462 2385 646 2440 adacti
719 2394 871 2452 sunt,
925 2385 1092 2442 etiam
1144 2385 1446 2440 mendicare
1508 2399 1737 2440 necesse
1795 2383 1888 2440 sit.
1956 2384 2056 2438 His

463 2478 663 2535 deinde
689 2479 870 2534 verbis
895 2481 1139 2550 seipsum
1161 2477 1416 2536 lsraelem
1447 2478 1744 2534 vendidisse
1769 2478 1926 2544 dicit,
1958 2477 2053 2548 qui

459 2571 521 2627 in
553 2571 760 2642 argenti
797 2571 977 2627 locum
1020 2587 1120 2626 sua
1153 2571 1271 2642 ipse
1301 2580 1527 2641 peccata
1562 2572 1918 2628 concesserit.
1946 2567 2055 2626 Ne-

464 2679 574 2735 que
604 2666 773 2729 enim,
803 2665 1001 2732 inquit,
1023 2675 1249 2736 propter
1293 2665 1490 2720 virium
1521 2681 1763 2721 mearqu
1802 2665 2051 2720 imbecil-

459 2755 673 2810 litatem
723 2755 1012 2826 premeris,
1051 2755 1145 2826 qui
1179 2770 1301 2827 quae
1337 2757 1391 2810 in
1429 2755 1667 2827 [Egypto
1697 2767 1851 2826 gesta
1901 2767 2052 2822 sunt,

458 2848 521 2905 in
551 2856 702 2903 tuam
733 2849 1038 2904 libertatem
1072 2849 1428 2920 patraverim.
1469 2849 1576 2904 Sed
1612 2858 1869 2919 quaerunt
1909 2864 2056 2904 non-

458 2943 752 3013 nulli,.qui
789 2958 848 2998 se
879 2959 1013 2996 nova
1035 2943 1223 3012 fecisse
1245 2950 1479 3008 asserat,
1500 2959 1646 3007 cum,
1687 2942 1918 2998 docente
1950 2943 2057 2996 Ec-

462 3033 742 3101 clesiaste,
763 3033 900 3088 nihil
921 3046 1139 3090 "novum
1169 3034 1272 3095 sub
1303 3035 1445 3090 coelo
1474 3034 1636 3089 sit".
1656 3032 1864 3088 Christi
1889 3033 2057 3104 igitur

459 3128 816 3200 mysterium,
880 3126 1037 3198 longe
1078 3143 1166 3193 ea,
1194 3141 1318 3198 quae
1351 3128 1622 3190 cernitur,
1654 3134 1910 3182 creatura
1940 3141 2056 3180 ma-

2163 2107 2508 2163 δουλεύουσιν
2530 2111 2626 2164 καὶ
2657 2111 2993 2180 πτωχεύειν
3019 2112 3255 2182 ἀνάγκη.
3289 2113 3370 2166 Δι’
3397 2105 3472 2166 ὧν
3494 2112 3548 2165 δὲ
3582 2113 3737 2180 λέγει,

2165 2199 2442 2255 δείκνυσι
2495 2200 2588 2254 τὸν
2629 2201 2844 2273 Ἰσραὴλ
2894 2203 3086 2257 ἐαυτὸν
3125 2202 3478 2274 πεπρακότα,
3505 2203 3617 2256 ἀντ’
3649 2202 3738 2270 ἁρ-

2166 2293 2374 2363 γυρίου
2402 2293 2502 2356 τὰς
2528 2292 2726 2347 ἑαυτοῦ
2758 2294 3064 2366 προέμενον
3093 2295 3396 2368 ἁμαρτίας.
3429 2295 3504 2349 Οὐ
3533 2295 3597 2348 δι’
3617 2295 3738 2366 ἐμὴν

2165 2383 2276 2455 γὰρ
2305 2384 2599 2454 ὑπομένεις
2643 2385 2932 2440 ἀσθένειαν
2969 2386 3063 2440 τοῦ
3097 2386 3169 2441 τὰ
3209 2388 3269 2440 ἐν
3315 2385 3578 2455 Αἰγύπτῳ
3619 2385 3738 2456 πρὸς

2163 2477 2261 2547 τὴν
2291 2475 2388 2546 σὴν
2409 2476 2725 2547 ἐλευθερίαν
2742 2477 3363 2552 δραματουργήσαντος.
3381 2482 3502 2546 Πῶς
3529 2480 3584 2536 δὲ
3603 2478 3738 2548 λέγει

2163 2568 2582 2638 πεποιηκέναι,
2610 2570 2753 2624 καθά
2809 2573 2944 2641 φασί
2970 2591 3140 2638 τινες,
3171 2574 3374 2640 καινὰ,
3401 2575 3496 2628 τοῦ
3539 2576 3740 2648 Ἐκκλη-

2165 2659 2502 2735 σιασ[τικ]οὖ·
2525 2661 2797 2731 λέγοντος,
2825 2664 2937 2718 Καὶ
2974 2665 3125 2718 οὐδὲν
3171 2667 3361 2720 καινόν
3381 2685 3397 2733 ;
3421 2665 3495 2720 Τὸ
3522 2667 3737 2738 Χριστοῦ

2162 2755 2342 2810 τοίνυν
2368 2756 2518 2822 λέγει
2557 2757 2860 2826 μυστήριον
2896 2757 3082 2828 μεῖζον
3119 2758 3218 2829 τῆς
3249 2759 3539 2829 ὁρωμένης
3582 2760 3738 2832 ὑπάρ-

2163 2863 2258 2916 χον
2285 2845 2536 2910 κτίσεως,
2573 2846 2601 2899 ὃ
2629 2846 2726 2900 καὶ
2758 2849 3259 2920 ἀποκεκρυμμένον
3286 2852 3320 2903 ὁ
3347 2848 3557 2914 Παῦλος
3580 2851 3734 2914 καλεῖ.

2165 2941 2260 2994 Διό
2285 2956 2468 3010 φησιν,
2498 2941 2649 2995 Οὔτε
2673 2940 2743 3006 ἐξ
2767 2941 2960 3010 ἀρχῆς
2993 2942 3210 3010 ἥνοιξά
3233 2957 3357 2999 σου
3381 2943 3454 2997 τὰ
3479 2939 3613 2998 ὦτα.
3634 2943 3738 2998 Τῶν

2163 3034 2272 3105 γὰρ
2320 3033 2638 3088 ἀποστόλων
2701 3035 2938 3106 Χριστὸς
2988 3036 3197 3105 ἤνοιξε
3229 3037 3307 3090 τὰ
3365 3032 3487 3093 ὦτα
3517 3037 3646 3108 πρὸς
3686 3035 3736 3090 τὸ

2166 3126 2409 3180 συνιέναι
2439 3125 2538 3189 τὰς
2560 3125 2806 3198 Γραφάς.
2850 3127 3154 3196 Ἀνοίγεται
3185 3128 3243 3182 δὲ
3273 3129 3350 3182 τὰ
3377 3123 3512 3195 ὦτα,
3545 3129 3627 3182 ὅτε
3658 3129 3737 3181 καὶ

2164 3218 2308 3281 νοῦς.
2341 3218 2416 3271 Οὐ
2440 3217 2552 3288 γὰρ
2586 3218 2766 3289 μάτην
2797 3219 3008 3274 ἀκούει.
3037 3221 3267 3290 Ἕγνων
3285 3221 3424 3294 γὰρ,
3458 3223 3634 3293 φησὶν,
3660 3219 3734 3274 ὅτι

2164 3310 2500 3377 ἀθετήσεις,
2533 3310 2615 3364 διὸ
2639 3311 2736 3364 καὶ
2757 3310 2990 3382 ἔκρυψα,
3020 3313 3121 3368 καὶ
3161 3313 3396 3385 ἄνομος
3435 3316 3504 3378 ἐκ
3532 3314 3736 3378 κοιλίας

2165 3401 2488 3472 κληθήσῃο
2539 3400 2762 3474 δηλαδὴ,
2799 3407 2865 3475 τῇ
2918 3406 3250 3476 προγνώσει.
3292 3407 3488 3474 Οὕτως
3529 3409 3734 3480 ἀπηλλο·

459 3220 574 3291 jus,
601 3221 747 3292 quod
780 3236 807 3273 a
835 3220 1001 3275 Paulo
1029 3221 1193 3275 etiam
1219 3220 1605 3275 absconditum
1641 3219 1958 3274 nominatur
1982 3218 2053 3283 ⁸ο,

461 3315 756 3369 intellexit.
784 3313 1022 3383 Indeque
1061 3313 1226 3368 verba
1269 3313 1395 3376 ista,
1429 3328 1590 3381 neque
1626 3313 1690 3365 ab
1722 3312 1875 3365 initio
1898 3327 2056 3366 aures

467 3414 590 3460 tuas
631 3405 840 3474 aperui,
875 3403 1146 3467 adiunxit.
1179 3403 1463 3472 Apostolis
1499 3403 1668 3464 enim,
1713 3411 1773 3456 ut
1803 3402 2059 3472 Scriptu-

461 3513 558 3553 ras
589 3495 978 3565 intelligerent,
1007 3511 1162 3548 aures
1195 3493 1450 3550 Christus
1501 3493 1708 3563 aperuit
1741 3509 1760 3546 :
1794 3508 1915 3564 qua:
1943 3501 2056 3548 tum

2166 3492 2480 3566 τριώθησαν
2507 3495 2557 3548 οἱ
2589 3495 2907 3566 ἁμαρτωλοὶ
2935 3497 3044 3552 ἀπὸ
3073 3499 3318 3570 μήτρας.
3347 3501 3586 3566 Ἔπαθες
3613 3501 3658 3570 δ’.
3681 3501 3734 3554 ἂν

465 3588 687 3644 demum
744 3587 908 3643 nobis
945 3587 1304 3657 aperiuntur,
1356 3601 1479 3640 cum
1523 3592 1576 3639 et
1615 3600 1770 3640 mens
1813 3585 1956 3656 ipsa,
1999 3593 2057 3638 ιιι

2166 3584 2261 3638 καὶ
2295 3584 2698 3658 πανωλεθρίαν,
2729 3585 2847 3639 ἀνθ’
2875 3579 2949 3640 ὧν
2971 3568 3093 3656 μοι)
3119 3568 3236 3657 τὴν
3259 3589 3457 3655 δόξαν
3494 3568 3731 3661 ἀνέθηκας

462 3682 674 3738 frustra
698 3696 806 3736 non
843 3679 1088 3745 audiant,
1127 3687 1424 3736 reseratur.
1467 3677 1699 3742 Deinde,
1733 3679 1855 3733 novi
1888 3672 2052 3744 enim,

2166 3674 2438 3747 δαίμοσιν,
2465 3677 2514 3729 εί
2539 3676 2614 3747 μὴ
2644 3677 2714 3730 δι’
2741 3678 2912 3749 αὐτήν
2935 3696 3055 3748 μου
3083 3678 3200 3748 τὴν
3219 3681 3420 3747 δόξαν
3451 3681 3733 3752 φανησομέ-

462 3773 666 3845 inquit,
702 3772 844 3844 quod
871 3772 1333 3843 prwvaricaberis,
1379 3772 1614 3843 ideoque
1661 3769 1973 3837 occultavi,
2009 3777 2057 3824 et

2166 3786 2266 3840 νην
2294 3769 2388 3822 ἐπὶ
2429 3769 2676 3841 σωτηρίᾳ
2708 3769 2803 3824 τοῦ
2829 3770 3062 3842 κόσμου.

463 3873 681 3944 iniquus
719 3887 785 3926 ea:
821 3879 973 3926 utero
1024 3870 1339 3934 vocaberis;
1385 3869 1728 3940 praenotione
1773 3867 2059 3922 nimirum.
2099 3863 2219 3931 Quo
2300 3863 2466 3920 modo
2518 3865 2739 3921 alienati
2787 3877 2940 3934 sunt,
2989 3868 3082 3936 qui
3131 3883 3161 3922 a
3211 3869 3376 3925 vulva
3445 3878 3730 3942 peccatores

464 3969 829 4027 exsistunt“.
865 3969 993 4024 ldeo
1027 3977 1208 4024 autem
1242 3967 1463 4037 penitus
1497 3967 1663 4022 etiam
1714 3964 2050 4027 iuteriisses,
2090 3961 2234 4032 quod
2270 3960 2506 4032 gloriam
2537 3977 2711 4016 meam
2758 3961 3100 4043 daemonibus
3127 3965 3460 4032 attribuisti,
3528 3963 3628 4020 nisi
3688 3969 3728 4017 et

464 4067 589 4138 ipsa
627 4076 700 4131 te,
746 4080 867 4136 quae
899 4066 957 4120 in
989 4063 1179 4119 mundi
1213 4063 1446 4120 salutem
1474 4068 1769 4133 operatura
1800 4068 1906 4128 est,
1937 4059 2113 4130 gloria
2145 4073 2262 4112 mea
2286 4057 2596 4113 liberasset.

540 4175 703 4248 542
719 4173 888 4231 Vens.
905 4173 1090 4229 12-22.
1110 4173 1253 4228 Audi
1273 4189 1372 4240 me,
1398 4171 1588 4237 Iacob,
1612 4179 1662 4226 et
1683 4169 1876 4238 Israel,
1900 4186 2052 4237 quem

2235 4169 2422 4240 ιβ-κβ’.
2452 4169 2674 4224 Ἀκουέ
2701 4187 2820 4240 μου
2857 4211 2872 4237 ,
2922 4171 3159 4237 Ἰακὼβ,
3223 4171 3327 4226 καὶ
3375 4169 3627 4240 Ἰσραὴλ,
3675 4166 3731 4221 ὃν

466 4286 563 4340 ego
591 4285 736 4324 voco.
781 4267 892 4339 Ego
924 4283 1042 4322 sum
1072 4269 1299 4337 primus,
1329 4276 1377 4321 et
1407 4282 1499 4336 ego
1525 4281 1643 4319 sum
1683 4265 1735 4318 in
1775 4263 2053 4332 sempiter-

2166 4262 2272 4334 ἐγὼ
2311 4261 2496 4318 καλῶ.
2539 4261 2684 4332 Ἐγώ
2726 4265 2844 4332 ειμι
2878 4262 3147 4331 πρῶτος,
3205 4265 3311 4317 καὶ
3355 4263 3469 4333 ἐγώ
3505 4265 3612 4332 εἰμι
3660 4260 3727 4323 εις

465 4378 618 4429 num,
665 4370 714 4416 et
764 4377 957 4415 manus
998 4375 1117 4413 mea
1165 4357 1412 4427 [undavit
1465 4365 1683 4421 terram,
1745 4363 1794 4408 et
1831 4353 2055 4407 dextera

2166 4351 2268 4404 τὸν
2293 4348 2499 4403 αἰῶνα.
2542 4349 2652 4402 Καὶ
2684 4350 2722 4418 ἡ
2767 4350 2897 4418 χείρ
2931 4368 3052 4420 μου
3081 4351 3445 4421 ἐθεμελίωσε
3488 4345 3616 4414 γῆν,
3650 4345 3726 4399 καὶ

465 4472 587 4512 πιθα
620 4454 881 4510 stabilivit
910 4454 1120 4508 caelum.
1155 4450 1295 4506 Voco
1325 4467 1434 4516 eos,
1473 4458 1522 4504 et
1556 4455 1772 4503 stabunt
1803 4445 1984 4513 simul,
2007 4454 2057 4499 et

2166 4441 2199 4508 ἠ
2247 4440 2420 4504 δεξιά
2464 4459 2585 4510 μου
2634 4441 2968 4509 ἐστερέωσε
3005 4442 3114 4496 τὸν
3168 4445 3454 4511 οὐρανόν.
3512 4438 3729 4495 Καλέσω

467 4547 931 4620 congregabantur
957 4562 1160 4609 omnes,
1182 4551 1232 4598 et
1257 4542 1497 4608 audient,
1534 4553 1639 4597 etc.

2166 4534 2409 4599 αὐτοὺς,
2439 4533 2540 4586 καὶ
2583 4534 2920 4599 στήσονται
2954 4533 3097 4603 ἅμα,
3137 4533 3236 4588 καί
3264 4531 3728 4602 συναχθήσονται

2173 4626 2418 4694 πάντες,
2445 4628 2544 4681 καὶ
2569 4628 2958 4694 ἀκούσονται,
2986 4647 3040 4685 κ.
3077 4647 3127 4684 τ.
3159 4629 3209 4682 λ.

545 4751 940 4823 Superioribus
961 4749 1017 4804 in
1048 4748 1281 4804 infames
1313 4745 1591 4802 lsraelitas
1623 4743 1930 4813 usurpatis,
1969 4743 2057 4798 hic

2243 4744 2324 4798 Τά
2371 4743 2565 4814 πρῶτα
2609 4746 2720 4808 τοῖς
2773 4744 3220 4816 διαὸεϐλημένοις
3283 4743 3473 4806 εἰπὼν,
3525 4733 3726 4794 ἐνταῦθα

466 4845 582 4915 jam
611 4859 737 4900 cum
771 4841 961 4913 probis
991 4847 1047 4897 et
1079 4839 1330 4895 honestis
1359 4837 1605 4908 disputat
1640 4854 1653 4889 :
1697 4835 1934 4904 indeque
1951 4842 2057 4900 est,

2168 4837 2282 4900 τοῖς
2326 4835 2686 4906 κατορθοῦσιν
2735 4835 2794 4902 ἐξ
2837 4836 3054 4907 Ἰσραὴλ
3099 4835 3432 4905 διαλέγεται.
3466 4834 3553 4887 Διὸ
3580 4828 3725 4900 πρόσσ-

472 4935 622 5008 quod
653 4952 806 5007 quem
829 4951 922 5006 ego
945 4931 1128 4988 vocavi
1152 4930 1382 4994 addidit,
1410 4944 1510 5000 pro
1527 4943 1637 4997 quo
1667 4936 1885 4982 vocatus
1917 4942 2057 4980 urens

2167 4946 2344 4982 κειται
2393 4929 2475 4992 τὸ,
2517 4927 2590 4980 ὃν
2613 4928 2903 4982 ἐκάλεσα.
2945 4929 3090 4983 ‘AvO‘
3135 4923 3198 4983 οὗ
3247 4930 3540 5001 Σύμμαχος
3568 4923 3674 4994 μὲν,
3699 4920 3725 4972 δ

471 5027 872 5099 Symmachus;
916 5026 1148 5097 Aquilas
1182 5031 1365 5079 autem
1412 5030 1593 5077 vocate
1640 5022 1736 5086 mi,
1795 5020 2057 5090 interpre.

2166 5020 2387 5086 κλητός
2401 5036 2542 5088 μου,
2589 5019 2818 5082 Ἀκύλας
2861 5020 2939 5087 δέ,
2980 5020 3166 5089 κλητέ
3188 5037 3331 5090 μου,
3374 5017 3548 5089 φασίν.
3574 5010 3726 5099 Ἦσαν

473 5097 685 5172 tantur.
715 5117 890 5171 Erant
919 5115 1065 5171 enim
1095 5128 1163 5170 ex
1200 5127 1390 5169 eorum
1433 5128 1664 5168 numero
1712 5111 1885 5166 vocati
1935 5110 2057 5180 qui-

2166 5110 2272 5179 γὰρ
2298 5108 2358 5174 ἐξ
2413 5111 2626 5163 ἐκείνου
2660 5109 2848 5163 πολλοὶ
2877 5113 3132 5178 κλητοὶ,
3166 5110 3348 5180 ὀλίγοι
3393 5108 3449 5161 δέ
3487 5097 3721 5160 ἐκλεκτοί.

475 5223 597 5265 cem
629 5208 909 5281 permulti,
933 5208 1091 5264 electi
1114 5216 1297 5263 autem
1339 5206 1496 5261 valde
1526 5205 1711 5276 pauci.
1741 5203 1846 5259 Sed
1880 5203 1970 5258 hic
1993 5204 2057 5259 de

2166 5205 2310 5275 Πλὴν
2334 5205 2432 5258 οὐκ
2463 5204 2733 5270 ἐκλεκτοὶ,
2767 5205 2904 5276 πρὸς
2939 5203 3036 5270 οὒς
3079 5207 3108 5260 ὁ
3153 5205 3331 5274 λόγος,
3359 5201 3492 5258 ἀλλὰ
3518 5193 3722 5281 κλητοί·

477 5279 702 5368 rocatis,
730 5314 841 5355 non
868 5300 936 5356 de
957 5300 1149 5356 electis
1179 5299 1413 5364 habetur
1439 5299 1766 5368 disputatio.
1793 5295 1902 5352 Eos
1935 5311 2057 5352 vero

2193 5294 2630 5364 Ὑπομιμνήσκει
2651 5293 2708 5346 δὲ
2741 5293 2939 5356 αὐτοὺς
2963 5294 3056 5347 καὶ
3089 5292 3190 5362 τῆς
3230 5288 3422 5345 ἑαυτοῦ
3453 5279 3722 5368 θεολογίαςν

479 5394 548 5451 ad
578 5409 694 5454 sua
718 5393 885 5451 etiam
921 5392 1228 5449 divinitatis
1265 5391 1680 5448 meditationem
1716 5389 1880 5463 543
1919 5390 2057 5444 invi-

2177 5359 2413 5457 ἄναρχον
2437 5359 2627 5440 ἑαυτὸν
2656 5385 2852 5454 λέγων.
2889 5384 2963 5438 Τὸ
2991 5383 3099 5456 γὰρ
3133 5359 3226 5438 τοῦ
3254 5381 3482 5452 πρώτου
3511 5359 3721 5446 πρεσϐὐσ

551 5530 598 5564 η
629 5527 812 5587 Eccle.
846 5545 884 5595 ι,
914 5527 1001 5582 10.
1077 5527 1125 5559 ⁸³
1158 5525 1375 5585 Coloss.
1410 5544 1450 5593 ι,
1490 5527 1583 5581 96.
1661 5527 1702 5560 ’ί
1727 5525 1874 5581 Psal.
1907 5540 2039 5592 Lvn,
2066 5527 2120 5581 4.

1749 5667 1985 5724 νΑιιιΑε
2027 5667 2438 5725 LECTIONES.

546 5792 580 5815 '
622 5805 711 5857 γρ.
739 5783 823 5838 διό
843 5801 945 5854 σοι,
971 5783 1127 5856 φησί.
1206 5795 1233 5824 η
1275 5803 1368 5854 γρ.
1409 5783 1680 5856 ἀπειλαῖς.
1711 5787 1744 5861 ἢ
1772 5786 1993 5859 ἀπειλῇ.
2076 5797 2099 5827 υ
2129 5788 2233 5860 ἀφ.
2261 5786 2375 5842 καί.
2449 5783 2614 5842 λείπ.
2645 5783 2734 5842 Ia.
2761 5782 2878 5838 καί.
