3916 6422
194 345 332 406 2153

1299 338 1849 403 COMMENTARII
1875 339 1960 401 IN
1997 338 2293 400 ISAIAM.

3336 326 3483 390 2154

198 472 372 526 τερον,
405 452 503 506 καὶ
532 452 895 524 ἀτελεύτητον
923 449 1259 517 ἀκολούθως.
1293 445 1370 508 Οῦ
1396 452 1622 524 γὰρούκ
1651 452 1798 506 ἔστιν
1826 508 1827 511 η

1931 460 2003 518 at,
2033 465 2160 506 cum
2201 464 2262 506 sc
2297 446 2631 519 principium
2655 459 2764 500 non
2797 442 3000 499 habere
3020 440 3309 512 signiﬁcat.
3350 439 3485 493 Nam

200 545 367 616 ἀρχὴ,
400 543 523 598 οὐδὲ
558 542 734 608 τέλος.

272 810 457 882 Ὅπερ
475 811 524 863 oi
551 809 732 864 homo!
746 808 1036 882 δηλοῦντες
1058 807 1350 874 ἐξέδωκαν,
1370 807 1518 881 Ἐγὼ
1542 808 1795 879 πρῶτος,

207 902 307 957 καὶ
326 901 445 973 ἐγὼ
469 902 753 970 ἔσχατος.
788 902 1021 975 Είρηται
1042 900 1098 955 δέ
1127 917 1230 954 που
1260 901 1393 973 περὶ
1423 899 1517 955 τοῦ
1552 903 1799 972 Μονογε-

201 993 351 1061 νοῦς,
405 994 488 1047 ὅτι
524 1012 544 1045 ι
572 994 744 1058 Αὐτός
788 996 937 1048 ἐστιν
967 994 997 1048 6
1060 992 1281 1065 πρῶτος
1310 992 1401 1047 καὶ
1433 994 1463 1045 6
1492 993 1740 1066 ἔσχατος.
1778 1012 1798 1046 ι

206 1087 276 1143 Ὅ
317 1087 652 1159 διεσάφησεν
698 1085 1090 1152 altrim/Eia»:
1135 1086 1231 1140 καὶ
1271 1087 1541 1157 ἐγενόμην
1590 1086 1803 1159 νεκρός.

216 1177 391 1247 Ἀρχὴ
441 1175 555 1247 γάρ
606 1177 726 1229 ἐστι
764 1175 914 1245 ζωῆς
961 1176 991 1228 6
1034 1175 1220 1240 αὐτὸς,
1270 1176 1363 1229 καὶ
1399 1175 1651 1247 ἔσχατος,
1686 1177 1810 1230 ἐπεὶ

203 1265 477 1322 ἐκένωσεν
529 1266 725 1320 ἑαυτὸν
785 1265 1004 1337 μορφὴν
1054 1265 1246 1319 δούλου
1300 1265 1504 1320 λαϐὼν.
1552 1265 1705 1338 ’Ἀμα
1751 1267 1808 1320 δὲ

204 1359 302 1414 καὶ
336 1361 420 1423 είς
451 1359 761 1430 ἀνάμνησιν
784 1358 987 1421 αὐτοὺς
1012 1356 1276 1429 ἀναφέρει
1309 1358 1404 1427 τῆς
1439 1356 1689 1429 δοθείσης
1711 1359 1811 1413 a6-

200 1451 322 1513 ιτοῖς
349 1449 526 1520 τιμῆς
558 1467 618 1503 τε
668 1449 765 1503 καὶ
812 1448 993 1520 δόξης.
1028 1449 1175 1521 Πρὸς
1214 1449 1524 1521 οἰκειότητα
1575 1450 1685 1521 γὰρ
1713 1452 1814 1521 τὴν

206 1540 381 1595 αὐτοῦ
405 1540 682 1609 κέκληκεν
721 1540 922 1602 αὐτοὺς
956 1542 1022 1594 ὲκ
1050 1541 1271 1595 πάντων
1300 1541 1409 1595 τῶν
1454 1542 1646 1606 ἐθνῶν,
1675 1543 1817 1596 κατὰ

202 1633 289 1700 τὸ,
326 1654 345 1685 ι
370 1634 505 1687 Ὅτε
533 1632 844 1704 διεμέριζεν
874 1635 902 1686 6
936 1631 1200 1702 ’Υψιστος
1233 1631 1420 1699 ἔθνη.»
1446 1634 1541 1687 καὶ
1557 1634 1626 1688 τὰ
1665 1633 1814 1703 ἑξῆς.

204 1727 322 1781 Καὶ
372 1726 539 1780 πάλιν
569 1741 583 1757 ·
619 1742 639 1777 ι
670 1724 782 1778 Καί
828 1741 888 1778 σε
931 1722 1216 1792 ἐξελέξατο
1254 1724 1460 1796 Κύριος
1496 1725 1560 1777 ὲκ
1598 1725 1818 1779 πάντων

1895 541 2041 613 quod
2072 541 2242 610 primo
2268 539 2554 611 antiquius
2587 544 2693 600 cst,
2725 543 2780 591 ct
2810 535 2946 590 illud
2971 534 3134 588 etiam
3169 531 3275 584 fine
3299 544 3488 584 carere

1898 634 2297 703 consequitur:
2331 646 2458 687 cum
2512 629 2657 702 quod
2713 628 2930 683 initium
2992 639 3104 681 non
3148 622 3362 686 habuit,
3400 636 3492 675 ex-

1902 735 2076 780 tremo
2107 723 2310 795 privari
2340 723 2503 779 etiam
2538 735 2830 777 necessum
2863 719 2956 775 sit.
3212 771 3222 783 ,

1971 816 2130 883 Quod
2161 825 2220 871 ut
2246 816 2429 871 caeteri
2458 813 2861 885 significarent,
2905 809 3016 883 Ego
3048 809 3278 883 primus,
3310 813 3359 862 et
3397 820 3490 876 ego

1904 909 2130 962 ultimus
2183 906 2539 978 interpretari
2591 905 2932 959 maluerunt.
2988 900 3215 971 Legitur
3251 912 3383 953 vero
3427 899 3494 950 de

1906 1000 2203 1071 Unigeuito
2228 999 2431 1054 alicubi
2460 1017 2506 1054 ιι
2530 999 2646 1069 Ego
2671 1012 2791 1054 sum
2812 997 3026 1067 primus
3047 1002 3100 1049 et
3117 992 3345 1046 ultimus
3366 989 3413 1021 ⁸³
3433 1005 3446 1041 :
3468 1006 3484 1038 ι

1908 1090 2193 1161 quodnon
2250 1089 2488 1145 obscure
2542 1088 2875 1158 significavit
2931 1100 3079 1149 cum,
3135 1081 3349 1139 vixisse
3393 1094 3489 1140 se.

1908 1189 1963 1237 et
2013 1179 2190 1236 fuisse
2222 1187 2528 1244 mortuum,
2580 1178 2803 1249 adjecit.
2848 1176 2941 1232 Est
2988 1174 3136 1232 enim
3185 1173 3331 1228 idem
3367 1169 3494 1225 vitae

1909 1270 2127 1326 initium
2186 1277 2240 1325 et
2271 1269 2428 1333 finis;
2459 1270 2587 1338 quia
2625 1269 2867 1337 seipsum
2899 1264 3228 1337 exinanivit,
3259 1270 3321 1317 ut
3345 1259 3492 1318 servi

1913 1350 2145 1422 formam
2189 1363 2557 1435 acciperet“.
2599 1362 2774 1417 Simul
2810 1369 2992 1415 autem
3032 1366 3087 1413 et
3127 1371 3222 1413 eos
3264 1357 3321 1411 in
3356 1370 3495 1411 con-

1914 1459 2058 1515 cessi
2119 1457 2350 1514 honoris
2393 1464 2449 1513 et
2475 1455 2662 1528 gloriae
2706 1453 3028 1509 memoriam
3079 1459 3322 1514 revocat,
3356 1464 3496 1518 quos

1917 1550 1972 1604 in
2008 1563 2163 1603 suam
2200 1546 2634 1602 familiaritatem
2666 1561 2733 1600 ex
2787 1542 2937 1599 omni
2972 1540 3218 1613 gentium
3266 1554 3501 1593 numero

1919 1639 2156 1702 vocavit,
2203 1637 2362 1708 juxta
2395 1636 2530 1692 illud
2567 1655 2580 1692 :
2629 1655 2648 1690 ι
2684 1634 2822 1690 Cum
2857 1632 3129 1688 divideret
3180 1629 3502 1684 Altissimus

1922 1738 2114 1798 gentes
2143 1727 2214 1791 ⁸⁵,
2259 1746 2277 1779 ι
2317 1727 2540 1797 illaque,
2587 1740 2709 1793 quae
2755 1730 3084 1794 sequuntur.
3140 1718 3205 1773 Et
3258 1733 3500 1774 rursus:

207 1817 324 1871 τῶν
350 1816 527 1871 ἐθνῶν
556 1811 700 1870 εἶναι
735 1815 902 1870 αὐτοῦ
932 1815 1082 1869 λαόν.
1123 1833 1142 1867 ι
1194 1814 1392 1887 Ἐχρῆν
1416 1813 1511 1871 οὖν
1537 1816 1703 1871 αὐτὸν
1735 1817 1810 1888 μὴ

1931 1838 1938 1871 ι
1970 1819 2035 1873 Ει
2064 1828 2116 1875 te
2149 1818 2314 1890 elegit
2352 1816 2618 1873 Dominus
2649 1816 2908 1890 gentibus
2943 1813 3227 1878 omnibus,
3264 1819 3324 1865 ut
3348 1826 3507 1867 esses

208 1905 521 1975 ἀποστῆναι
575 1901 711 1957 Θεοῦ
763 1905 857 1957 καὶ
911 1903 1282 1976 προστεθῆναι
1316 1904 1540 1977 δαίμοσι
1590 1907 1686 1960 καὶ
1727 1907 1820 1961 λα-

207 1994 435 2066 τρεύειν
467 1998 536 2067 τῇ
565 1997 742 2050 κτίσει
773 1999 930 2070 παρὰ
975 1998 1068 2052 τὸν
1092 1997 1396 2055 Κτισαντα.
1433 2000 1579 2071 Πλὴν
1610 2002 1707 2055 καὶ
1729 2001 1819 2056 οὔ·

208 2077 322 2150 τως
375 2085 664 2157 οίκτείρων
719 2087 919 2151 αὐτοὺς
972 2088 1153 2143 καλεῖ
1200 2090 1339 2162 πρὸς
1392 2091 1690 2147 εὐπάθειαν
1730 2093 1816 2160 τὺ,

214 2176 446 2233 Ἀκουὲ
465 2197 607 2250 μου,
649 2179 790 2251 βοῶν
822 2196 837 2212 ο
874 2179 971 2235 νῦν
1015 2180 1153 2250 γοῦν
1169 2181 1337 2249 ἀξιῶν
1378 2182 1691 2254 πεισθῆναι,
1726 2187 1820 2239 καὶ

208 2268 327 2322 τῶν
357 2268 421 2333 ἐξ
448 2269 613 2324 αὑτοῦ
646 2269 882 2339 βεσαίως
906 2273 1093 2342 τυχεῖν
1122 2271 1362 2343 δωρεῶν.
1407 2272 1565 2328 Κατὰ
1588 2273 1696 2345 γὰρ
1728 2274 1821 2327 τὸν

212 2363 460 2427 Παῦλον,
512 2363 822 2432 ὀφείλοντες
872 2361 1015 2419 εἶναι
1079 2364 1395 2420 διδάσκαλοι
1434 2365 1525 2420 διὰ
1569 2366 1661 2421 τὸν
1695 2367 1822 2439 χρὸ·

213 2474 329 2522 νον,
366 2456 533 2511 πάλιν
564 2459 834 2529 ἐσχήκασι
875 2459 1067 2530 χρείαν
1098 2457 1195 2513 τοῦ
1242 2459 1590 2524 διδάσκοντος
1622 2461 1822 2524 αὐτοὺς

213 2551 341 2604 τίνα
369 2550 439 2603 τὰ
480 2552 722 2621 στοιχεῖα
767 2551 869 2622 τῆς
918 2552 1095 2623 ἀρχῆς
1127 2552 1235 2605 τῶν
1266 2552 1465 2621 λογίων
1509 2551 1603 2605 τοῦ
1657 2552 1816 2608 Θεοῦ.

214 2641 296 2694 Τὸ
316 2640 375 2694 δὲ
404 2641 596 2706 ἀΐδιον,
622 2642 718 2694 καὶ
745 2639 917 2705 ὅντως
963 2640 1046 2708 ὃν,
1081 2641 1385 2713 παρίστησι
1412 2642 1492 2709 τὸ,
1516 2644 1661 2713 Ἐγώ
1680 2646 1818 2715 εἶμι,

218 2731 535 2802 συμφώνως
583 2729 695 2801 τῷο
747 2730 933 2799 «Ἐγώ
967 2732 1082 2803 είμι
1129 2732 1157 2784 6
1213 2729 1352 2798 ὣν,ι
1396 2731 1472 2795 ὡς
1511 2733 1609 2801 τὴν
1637 2733 1818 2803 φύσιν,

219 2822 368 2877 οὕτω
416 2824 513 2877 καὶ
545 2822 608 2876 τὸ
657 2817 790 2894 ἦθος
840 2824 1099 2894 ἀκίνητον
1133 2818 1275 2878 εἶναι
1314 2822 1511 2895 δηλῶν.
1567 2825 1625 2879 Ὀ
1659 2824 1823 2890 αὐτὸς

221 2916 336 2987 γὰρ
364 2915 464 2981 ὢν,
500 2915 559 2981 ἐξ
583 2915 927 2985 ἀγαθότητος
969 2915 1080 2987 ἔχω
1104 2915 1165 2969 τὸ
1193 2912 1505 2988 γνώρισμα,
1534 2917 1603 2970 δι’
1633 2919 1698 2989 ἢν
1729 2919 1824 2973 καὶ

223 3012 408 3065 πάντα
459 3011 596 3083 πρὸς
649 3010 711 3063 τὸ
760 3004 905 3063 εἶναι
957 3010 1323 3081 παρήγαγον,
1372 3011 1824 3067 ἀντιδιαστέλλων

224 3103 364 3175 πρὸς
390 3103 519 3167 τοὺς
547 3102 649 3156 οὐκ
678 3101 842 3167 ὄντας
869 3101 1063 3166 ϐεοῦς,
1094 3103 1225 3175 περὶ
1257 3097 1332 3158 ὧν
1364 3103 1612 3173 λέγεται·
1656 3124 1675 3157 ι
1702 3105 1827 3158 Θεοὶ

225 3194 277 3248 οἳ
317 3194 411 3249 τδν
450 3193 682 3264 οὐρανὸν
729 3193 825 3248 καὶ
868 3192 966 3264 τὴν
1015 3194 1120 3263 γῆν
1166 3194 1267 3247 οὐκ
1308 3195 1594 3265 ἐποίησαν,
1630 3176 1847 3249 ἀπολέὲ

228 3286 470 3340 σθωσαν.
512 3304 531 3338 ι
580 3284 800 3357 Ἐπειδὴ
850 3285 907 3338 δὲ
942 3284 1162 3354 ἐπάγει,
1213 3285 1284 3340 Ἢ
1318 3287 1448 3356 χείρ
1488 3304 1608 3355 μου
1628 3288 1830 3357 ἐθεμε-

226 3378 420 3436 llatae
450 3375 568 3445 τὴν
622 3378 760 3446 γῆν,
816 3375 910 3430 τοῦ
969 3378 1212 3451 Πατέρος
1252 3378 1398 3442 τινὲς
1444 3379 1505 3431 τὸ
1536 3379 1831 3449 πρόσωπον

226 3468 463 3538 εφασαν,
483 3463 543 3523 οῦ
575 3468 708 3537 χεὶρ
738 3469 765 3521 6
788 3467 1102 3539 Μονογενὴς
1128 3470 1184 3521 ὲν
1204 3469 1323 3531 ταῖς
1349 3468 1592 3540 Γραφαῖς
1625 3468 1829 3539 ὀνομά-

229 3557 408 3623 ζεταιο
441 3556 650 3627 Μωσῆς
678 3555 790 3627 γάρ
826 3573 992 3626 φησιν
1017 3571 1031 3586 ·
1073 3555 1178 3608 (Ἦ
1214 3555 1365 3620 δεξιά
1404 3574 1499 3609 σου
1541 3560 1684 3628 χεῖρ,
1718 3558 1830 3611 Κύ-

234 3664 343 3718 ριε,
370 3646 685 3711 δεδόξασται
710 3646 769 3699 ὲν
802 3646 968 3716 ἰσχύϊ,
1000 3666 1018 3698 ι
1049 3648 1143 3699 καὶ
1171 3646 1239 3699 τὰ
1265 3647 1413 3717 ἑξῆς.
1447 3648 1555 3700 Καὶ
1582 3649 1610 3701 6
1642 3647 1823 3700 Aa6i6'

237 3757 259 3790 ι
290 3737 712 3809 Κραταιωθήτω
740 3739 774 3809 ἡ
803 3738 924 3808 χείρ
966 3736 1401 3808 σου.Ὑψωθήτω
1431 3738 1467 3809 ἠ
1495 3737 1647 3803 δεξιά
1672 3756 1820 3804 acu,»

231 3827 384 3882 οὕτω
411 3828 705 3899 λεγόμενος
738 3829 814 3893 ὡς
856 3830 1151 3902 πληρωτὴς
1179 3828 1290 3881 τῶν
1333 3827 1427 3881 τοῦ
1448 3830 1714 3910 ματέρος
1746 3832 1830 3883 ὲν-

231 3920 423 3984 νοιῶν,
450 3920 526 3984 ὡς
553 3913 694 3973 εἶναι
733 3920 945 3991 κυρίως
981 3920 1175 3988 σοφίαν
1217 3918 1379 3972 αὐτὸν
1407 3918 1501 3971 τοῦ
1533 3920 1692 3985 Θεοῦ,
1728 3937 1825 3974 σα-

237 4012 582 4083 φηνίζουσαν
630 4011 729 4076 τὰς
775 4010 1052 4082 πατρικὰς
1094 4009 1307 4074 ἐννοίας
1359 4012 1416 4064 ὲν
1450 4013 1566 4075 τοῖς
1611 4012 1705 4065 ὑπ’
1736 4012 1832 4066 αὑ-

235 4104 341 4158 τοῦ
420 4103 730 4175 γινομένοις
787 4103 992 4175 ἔργοις.
1053 4103 1144 4156 Διὸ
1215 4102 1435 4172 λέγεται
1498 4107 1555 4158 ἐν
1623 4105 1829 4175 Παροι-

243 4191 405 4262 μίαις
435 4206 452 4222 ·
519 4192 578 4244 'O
627 4191 761 4256 Θεὸς
819 4195 885 4263 τῇ
946 4191 1109 4265 σοφίᾳ
1163 4192 1495 4263 έθεμελίωσε
1550 4195 1650 4267 τὴν
1694 4195 1820 4266 γῆν.

1921 1910 1998 1965 illi
2047 1910 2284 1981 populus
2313 1908 2381 1963 ⁸⁸.
2426 1928 2446 1961 ι
2479 1907 2617 1963 Eum
2671 1922 2804 1979 ergo
2857 1903 3104 1978 oportuit
3154 1919 3184 1958 ιι
3234 1901 3348 1958 Deo
3394 1917 3505 1957 non

1919 2000 2206 2065 recedere,
2259 2014 2438 2071 neque
2485 1999 2856 2059 committere,
2915 2004 2977 2051 ut
3023 1993 3367 2050 daemonibus
3422 1992 3510 2062 ip-

1922 2094 2082 2166 sique
2111 2101 2385 2148 creaturae
2416 2090 2602 2162 potius
2630 2104 2798 2161 quam
2830 2087 3086 2146 Creatori
3116 2084 3413 2141 inserviret
3438 2083 3507 2139 ⁸⁷.

1919 2186 2111 2256 Neque
2163 2193 2346 2240 tamen
2394 2195 2580 2241 cessat
2637 2183 2992 2241 miseratione
3053 2186 3388 2245 commotus,
3451 2184 3515 2232 ut;

1923 2273 2092 2329 animi
2131 2273 2214 2328 sui
2245 2272 2683 2343 propensitatem
2714 2270 2943 2338 indicet,
2980 2284 3074 2325 eos
3105 2268 3258 2339 ipsos
3300 2282 3505 2332 vorare,

1921 2371 1999 2432 et,
2031 2363 2175 2418 Audi
2206 2379 2307 2430 me,
2340 2363 2643 2418 inclamare
2674 2384 2685 2417 :
2717 2361 2918 2433 partim
2969 2359 3186 2429 quidem
3213 2357 3316 2412 sibi
3352 2356 3510 2409 fidem

1924 2454 2181 2510 adhiberi
2213 2453 2543 2523 postulans;
2588 2452 2789 2521 partim
2831 2456 3012 2505 autem
3048 2447 3167 2505 suis
3198 2447 3360 2503 donis
3390 2460 3519 2502 esse

1924 2544 2199 2615 petituros
2253 2542 2618 2597 confirmans.
2683 2540 2856 2596 Paulo
2901 2540 3047 2595 enim
3103 2546 3245 2593 teste
3273 2536 3342 2603 ³⁸,
3385 2551 3516 2591 cum

1923 2635 2193 2692 deberent
2255 2648 2381 2690 esse
2440 2631 2695 2703 magistri
2751 2636 2979 2703 propter
3019 2638 3257 2700 tempus,
3307 2642 3512 2699 praece-

1924 2733 2085 2796 ptore
2142 2738 2343 2779 rursus
2404 2730 2699 2793 eguerunt,
2736 2737 2766 2776 a
2801 2737 2913 2793 quo
2946 2735 3069 2791 qua:
3100 2720 3212 2776 sint
3242 2719 3519 2774 elementa

1923 2818 2138 2875 exordii
2169 2831 2487 2873 sermonum
2517 2814 2636 2883 Dei,
2678 2816 3032 2871 docerentur.
3066 2812 3337 2868 Caeterum
3371 2827 3517 2867 scm-

1924 2909 2199 2981 piternum
2226 2923 2288 2964 se
2316 2922 2460 2974 esse,
2489 2914 2541 2962 et
2566 2921 2695 2962 vere
2723 2907 3012 2971 exsistere,
3052 2921 3117 2960 eo
3146 2906 3268 2976 ipso
3292 2904 3517 2960 demon-

1926 3008 2132 3066 strans,
2162 2996 2327 3070 quod'
2348 2998 2462 3071 Ego
2491 3016 2631 3064 sum,
2662 2998 2900 3069 adjecit;
2939 2997 3101 3068 quale
3140 2996 3244 3052 fuit
3273 3007 3328 3053 et
3358 2997 3516 3062 illud,

1929 3107 2057 3147 cum
2101 3111 2121 3144 ι
2154 3093 2269 3164 Ego
2324 3108 2469 3159 sum,
2510 3091 2602 3162 qui
2630 3106 2751 3146 sum
2769 3090 2850 3156 ⁸³,
2890 3108 2909 3141 ι
2962 3089 3124 3155 dixit,
3152 3096 3213 3142 ut
3250 3102 3405 3142 suam
3443 3088 3519 3141 ita

1930 3191 2189 3241 naturam
2246 3200 2491 3255 suosque
2514 3200 2696 3240 mores
2726 3183 3004 3239 immutari
3036 3196 3318 3251 nunquam
3354 3196 3520 3252 posse

1931 3278 2379 3344 demonstraret;
2433 3286 2695 3348 tanquam
2746 3273 3002 3331 eumdem
3065 3288 3126 3330 se
3185 3287 3310 3328 esse
3354 3289 3421 3328 ex
3456 3288 3521 3327 ea

1930 3367 2180 3422 bonitate
2233 3368 2592 3435 significaret,
2654 3381 2749 3437 per
2801 3379 2966 3436 quam
3024 3364 3211 3419 omnia
3268 3377 3392 3419 esse
3443 3362 3525 3418 fe-

1941 3449 2135 3510 cisset.
2161 3456 2220 3502 ut
2243 3449 2422 3514 abiis,
2451 3463 2570 3516 qum
2590 3462 2698 3502 non
2720 3453 2897 3514 erant,
2914 3454 3221 3516 separaret,
3244 3444 3309 3499 de
3325 3443 3530 3513 quibus

1941 3540 2089 3594 hunc
2113 3541 2165 3594 in
2204 3541 2423 3596 modum
2457 3541 2694 3610 legitur:
2727 3559 2746 3592 ι
2786 3541 2977 3608 Diiqui
3003 3538 3201 3594 coelum
3234 3549 3289 3593 et
3322 3547 3521 3590 terram

1940 3648 2048 3688 non
2081 3633 2355 3700 fecerunt,
2411 3636 2683 3689 intereant
2722 3635 2792 3687 ’°.
2837 3652 2857 3686 ι
2895 3633 3119 3697 Deinde,
3149 3631 3274 3700 quia
3330 3628 3527 3683 Manus

1939 3742 2054 3779 mea
2076 3726 2323 3795 fundavit
2346 3736 2544 3779 terram
2568 3727 2633 3780 ad
2636 3724 2838 3795 junrit,
2868 3724 3046 3779 Patris
3066 3735 3356 3792 personam
3385 3721 3523 3773 imii-

1937 3819 2051 3873 ειη-ἱ
2084 3819 2372 3873 voluerunt
2405 3819 2648 3872 nonnulli
2678 3833 2694 3883 ;
2729 3817 2889 3886 cujus
2921 3813 3188 3870 mannin
3224 3812 3527 3880 Scripturis

1940 3908 2269 3980 Unigenitus
2291 3918 2655 3980 nuncupatur.
2677 3909 2763 3963 Ait
2780 3907 2926 3963 enim
2946 3906 3211 3961 Moses":
3243 3923 3261 3956 ι
3284 3905 3515 3959 Dextera

1929 4012 2127 4057 manus
2146 4008 2262 4068 tua,
2281 4000 2533 4065 Domine,
2556 3996 2860 4071 giorificata
2886 4002 2973 4052 est
3008 3995 3065 4050 in
3101 3991 3384 4048 fortudine
3412 3996 3534 4055 ι,οι

1939 4107 2064 4167 qum
2083 4095 2363 4165 deinceps.
2377 4092 2441 4147 Et
2458 4092 2626 4147 David
2649 4110 2662 4146 :
2683 4109 2701 4143 ι
2725 4089 3005 4144 Firmetur
3021 4100 3220 4142 manus
3237 4091 3355 4149 tua,
3371 4082 3527 4138 exal-

1936 4202 2082 4249 tetur
2096 4189 2325 4245 dextera
2344 4194 2437 4239 tua
2453 4186 2524 4251 ";
2559 4204 2579 4236 ι
2605 4193 2866 4252 tanquam
2887 4179 3068 4236 Patris
3093 4178 3333 4248 cogitata
3365 4172 3532 4245 perli-

241 4283 380 4349 εἰει,
419 4285 565 4340 unde
601 4283 823 4356 proprie
845 4283 941 4340 Dei
966 4286 1349 4355 sapientiailla
1366 4286 1458 4353 sit,
1483 4266 1647 4361 5M
1665 4304 1786 4357 quae
1813 4297 2057 4361 paternae
2075 4281 2275 4340 mentis
2290 4275 2701 4335 voluntatemin
2724 4274 2812 4340 iis,
2849 4287 2973 4343 quae
3023 4286 3055 4324 a
3098 4284 3158 4325 se
3195 4266 3533 4329 conduntur,

244 4379 515 4449 operibus
552 4379 823 4447 erplicet;
855 4394 964 4451 quo
995 4379 1227 4444 factum,
1256 4390 1315 4434 ut
1345 4381 1400 4435 in
1429 4381 1742 4441 Proverbiis
1763 4385 1933 4442 Deum
1969 4379 2243 4452 sapientia
2276 4383 2482 4432 terram
2508 4369 2775 4426 fundasse
2793 4368 3045 4438 legamus
3073 4364 3142 4417 ⁸³.

320 4472 438 4542 Οὐχ
472 4472 547 4536 ὡς
589 4472 753 4543 μέρος
781 4448 887 4526 οῦν*
918 4472 956 4541 ἠ
1003 4473 1152 4543 χείρ,
1184 4473 1301 4527 ἀλλ’
1343 4473 1420 4538 ὡς
1451 4476 1653 4545 τελεία,
1678 4479 1746 4532 δι’
1776 4473 1827 4551 ἧς

2020 4448 2141 4530 Non
2172 4485 2363 4525 manus
2412 4480 2566 4538 ergo,
2604 4472 2664 4518 ut
2693 4475 2823 4536 pars
2846 4500 2864 4525 ,
2906 4458 3002 4514 sed
3059 4460 3120 4509 ιιι
3168 4450 3434 4523 perfecta,
3470 4448 3541 4501 ab

247 4562 421 4627 αὐτὸς
466 4561 788 4634 ἐργάζεται,
838 4564 872 4634 ἡ
916 4561 975 4628 ἐξ
1017 4562 1185 4617 αὐτοῦ
1231 4563 1462 4636 δύναμις
1488 4605 1502 4631 ,
1565 4567 1842 4641 ἑγγυτάτη

249 4650 396 4711 οὖσα
459 4654 628 4728 αὐτῷ.
681 4654 806 4719 Πῶς
862 4651 979 4720 οῦν,
1032 4657 1189 4726 φησὶ,
1235 4657 1523 4730 λατρεύεις
1568 4662 1636 4731 τῇ
1668 4660 1848 4713 κτίσει

253 4747 416 4818 παρὰ
441 4747 532 4800 τὸν
567 4746 888 4814 Κτίσαντα;
915 4746 991 4799 T6
1025 4747 1136 4818 γὰρ
1169 4747 1396 4818 ποιηθὲν
1430 4748 1528 4820 τὴν
1554 4750 1650 4803 τοῦ
1692 4752 1851 4821 ποιή-

260 4854 460 4901 σαντος
510 4837 767 4908 ἀμέτρως
807 4836 1155 4909 ὑποκάθητάι
1190 4839 1368 4904 δόξαν,
1394 4839 1481 4909 ζὼς
1511 4841 1731 4895 ἀσεϐεῖν
1759 4841 1852 4895 τὸν

256 4933 328 5001 τῇ
363 4931 733 5002 προσκυνήσει
755 4929 893 5001 πρὸς
920 4932 1043 5002 ἴσην
1086 4931 1289 5000 ἄγοντα
1322 4931 1482 4985 τοῦτο
1513 4932 1593 5001 τῷ
1620 4949 1855 5001 πεποιη-

262 5023 387 5078 κότι
413 5023 600 5095 τιμήν.
636 5022 709 5078 Ἠ
736 5021 909 5087 δεξιὰ
940 5022 1119 5077 τοίνυν
1142 5041 1284 5093 μου,
1319 5024 1506 5094 φησὶν,
1542 5025 1650 5079 τὸν
1679 5027 1858 5093 οὐρα-

263 5115 382 5169 νὸν
404 5113 794 5181 ἐστερέωσεν,
816 5113 873 5184 ἢ,
908 5114 1052 5181 τοὺς
1090 5115 1408 5183 οὐρανοὺς,
1443 5117 1586 5171 κατὰ
1614 5116 1742 5181 τοὺς
1765 5116 1862 5170 ἅλ-

268 5205 396 5272 λους
425 5207 722 5277 ἑρμηνέας,
747 5205 948 5278 δηλαδὴ
974 5207 1073 5271 τὰς
1106 5208 1394 5279 οὐρανίους
1417 5208 1697 5280 δυνάμεις,
1731 5209 1862 5280 περὶ

268 5291 349 5352 ὧν
408 5298 701 5370 ἐπιφέρει·
760 5298 1012 5353 Καλέσω
1063 5300 1305 5366 αὐτοὺς,
1367 5301 1464 5355 καὶ
1526 5302 1863 5371 στήσονται

271 5387 416 5460 ἅμα.
472 5388 836 5460 Πειθαρχοῦσι
893 5388 1002 5460 γὰρ
1050 5389 1126 5453 ὡς
1166 5390 1232 5444 ἂν
1276 5392 1527 5465 Δεσπότῃ
1578 5382 1770 5446 ἑστᾶσί
1802 5409 1860 5444 τε

348 5505 602 5577 'f_Apoc.
640 5506 802 5577 517.
913 5505 961 5539 ⁸⁵
998 5505 1230 5577 Philipp.
1264 5523 1325 5572 tt,
1370 5509 1424 5573 6,
1455 5509 1508 5565 7.

275 5595 335 5643 ν,
374 5575 491 5630 12(
574 5575 826 5668 "-Evod.
870 5593 948 5643 ιιι,
986 5577 1071 5632 14.
1143 5575 1221 5610 ”⁹⁰
1261 5577 1465 5636 Jerem.
1500 5596 1554 5648 ι,
1596 5580 1683 5633 11.

1953 4581 2128 4639 eoque
2154 4563 2426 4627 derivata,
2456 4567 2511 4615 et
2537 4556 2716 4613 eidem
2744 4552 2987 4609 maxime
3016 4547 3197 4603 vicina
3214 4544 3416 4607 virtus,
3442 4556 3541 4611 per

1955 4633 2119 4734 quam
2154 4658 2274 4727 ipse
2309 4661 2593 4725 operatur,
2632 4646 3000 4721 signiﬁcatur.
3036 4638 3183 4734 Quid
3218 4637 3413 4734 igitur,
3452 4633 3542 4687 in-

1956 4725 2096 4822 quit,
2123 4725 2395 4802 creaturae
2442 4741 2653 4812 potius,
2701 4750 2867 4808 quam
2898 4728 3147 4788 Creatori
3178 4725 3389 4783 servire
3422 4739 3542 4777 sus-

1958 4816 2139 4898 tines?
2172 4835 2331 4904 Quod
2353 4834 2502 4889 enim
2525 4830 2776 4887 effectum
2810 4834 2916 4892 est,
2941 4824 3087 4879 idem
3119 4821 3243 4889 ejus
3272 4816 3542 4885 dignitate

1964 4941 2021 4987 et
2068 4928 2243 5001 gloria
2292 4940 2322 4978 a
2371 4938 2482 4993 quo
2535 4919 2787 4976 effectum
2838 4924 2943 4978 est,
2998 4912 3161 4982 longe
3214 4913 3552 4978 superatur;

1968 4997 2247 5091 impieque
2276 5014 2431 5078 facit,
2460 5009 2716 5083 quisquis
2747 5007 3080 5062 adoraturus
3105 5003 3355 5056 eumdem
3376 4997 3549 5065 hono-

1970 5088 2083 5166 rem
2135 5114 2403 5164 creatura:
2449 5113 2505 5158 et
2556 5098 2804 5157 Creatori
2862 5095 3078 5151 tribuit.
3114 5090 3344 5145 Dextera
3380 5088 3553 5157 igitur

1928 5246 1943 5261 .
1968 5223 2106 5271 mea,
2160 5203 2363 5274 inquit,
2393 5199 2604 5264 caelum,
2640 5194 2726 5249 vel
2786 5192 2964 5255 caelos,
2996 5197 3057 5244 ut
3090 5187 3214 5242 aliis
3253 5185 3429 5256 placet
3464 5182 3551 5236 in-

1972 5298 2327 5369 terpretibus,
2361 5293 2415 5349 id
2442 5301 2556 5355 est,
2612 5288 2871 5343 caelestes
2914 5284 3149 5339 virtutes
3176 5277 3410 5349 ﬁrmavit
3431 5291 3449 5338 ;
3486 5274 3555 5327 de

1968 5365 2171 5463 quibus
2229 5401 2466 5458 pergens
2513 5399 2527 5434 :
2588 5379 2799 5435 Vocabo
2849 5394 2960 5441 eos,
2991 5386 3042 5431 et
3097 5372 3314 5428 stabunt
3364 5365 3551 5429 sii'nul,

1622 5508 1670 5541 ⁸⁵
1711 5508 1870 5564 Deut.
1915 5524 2089 5573 xxxu,
2127 5508 2180 5561 8.
2259 5472 2306 5535 θλ
2347 5502 2505 5555 Deut.
2530 5474 2631 5573 vit,
2666 5495 2721 5550 6.
2799 5495 2845 5527 ⁸⁷
2874 5493 3035 5573 Rom.
3060 5488 3224 5573 t,_2§.
3298 5481 3552 5573 Philem.

1799 5553 2185 5642 EI'EYJJLRI;
2214 5574 2266 5629 6.
2347 5553 2573 5626 9V‘lPsal.
2611 5553 2877 5631 Lxxxvm,
2918 5563 3007 5620 11.
3082 5560 3127 5594 ⁸³
3164 5560 3305 5615 PI‘OV
3350 5568 3435 5622 ιιι,
3463 5553 3552 5608 ³9·

1551 5699 1787 5758 VARUE
1850 5693 2256 5755 LECTIONES.

308 5787 333 5828 Ρ
358 5789 451 5843 πρ.
483 5768 711 5825 έστᾶσαί
738 5786 796 5822 τε
821 5769 936 5824 καί.
