3916 6398
490 322 633 390 2455

1799 337 2159 403 PROCOPII
2190 343 2437 406 GAZAZI

3618 341 3742 421 illiti

495 433 744 506 subjicit.
806 435 1010 494 Parent
1045 441 1212 509 enim,
1275 452 1536 514 tanquam
1584 444 1822 502 Domino
1867 457 2049 505 astent

2192 453 2589 524 συνερχόμεναι
2662 452 2772 507 τῶν
2832 453 3010 524 λόγων
3076 453 3241 509 αὐτοῦ
3303 455 3442 528 πρὸς
3497 459 3754 531 ἀκρόασιν.

491 533 549 582 et
602 529 671 584 ad
707 532 1000 587 verborum
1033 534 1156 604 ejus
1192 537 1658 598 auscultationem
1703 541 2048 614 colliguntur
2078 559 2093 597 :

492 623 661 693 quale
686 624 792 680 fuit
814 627 944 683 illud
979 629 1178 684 Initio:
1216 649 1234 682 ι
1273 633 1439 701 Audi,
1471 636 1700 706 ctelum,
1731 647 1785 694 et
1817 640 2090 712 ausculta,

2203 545 2503 617 Σύμφωνον
2553 545 2634 615 τῷ
2687 545 2807 600 κατ’
2855 545 3034 617 ἀρχάς
3059 561 3074 578 ο
3133 546 3386 614 (Amas,
3411 549 3635 621 ούρανέ,
3678 558 3763 611 καὶ

2200 637 2479 702 ἐνωτίζου,
2505 638 2602 708 γῆ,
2635 638 2718 692 ὅτι
2743 635 2953 708 Κύριος
2983 635 3270 707 ἐλάλησεν.
3303 657 3323 690 ›
3364 640 3428 692 El
3453 641 3508 695 δὲ
3527 641 3764 715 δυνάμεις

494 727 666 786 terra,
723 719 988 791 quoniam
1048 723 1316 783 Dominus
1374 729 1600 786 locutus
1633 741 1723 788 est
1764 732 1832 788 “.
1882 752 1901 786 ι
1934 733 2062 800 Quo:

2197 730 2255 786 αἱ
2285 731 2570 802 κρείττους
2599 729 2744 784 οὕτω
2784 729 2883 784 σὺν
2915 726 3175 800 εὐλαϐείᾳ
3204 729 3285 797 τῷ
3312 732 3628 802 πεποιηκότι
3655 752 3764 790 πει-

495 808 543 863 si
600 809 798 866 faetori
841 826 948 867 suo
989 813 1219 871 virtutes
1262 817 1370 873 illae
1411 824 1830 890 praestantiores
1887 838 2062 894 magn:

2197 821 2390 894 θήνιοι,
2423 824 2586 894 ἡμεῖς
2617 833 2639 862 ι’
2685 823 2840 886 ὅντες
2880 820 3160 892 ἄνθρωποι
3209 821 3330 886 πῶς
3379 823 3438 876 οὐ
3472 824 3660 892 μᾶλλον
3683 827 3766 883 τὸν

489 901 627 956 adeo
667 904 1024 962 observantia
1049 914 1107 964 et
1141 909 1409 980 religione
1440 927 1562 968 sese
1590 915 1839 983 praebent
1865 915 2080 971 obtem-

485 1001 781 1063 parantes;
838 998 933 1067 qui
993 1014 1114 1067 vos,
1171 1001 1265 1072 qui
1316 1001 1568 1060 homines
1625 1006 1782 1073 estis,
1836 1007 2084 1062 divinum

485 1081 744 1138 timorem
788 1087 977 1156 potius
1027 1105 1138 1144 non
1191 1093 1512 1149 resumilis?
1557 1093 1762 1151 Verum
1793 1113 1907 1168 quo
1937 1098 2077 1165 loco,

487 1172 619 1238 Quis
643 1176 718 1229 eis
741 1181 1062 1235 renuntiavit
1078 1183 1230 1238 lucc?
1257 1183 1544 1252 habemus,
1568 1187 1644 1243 ibi
1675 1188 2038 1260 Symmachus
2064 1207 2078 1244 :

485 1263 622 1329 Quis
657 1268 734 1320 eis
780 1272 1116 1326 annuntiavit
1162 1274 1314 1328 hac?
1363 1275 1532 1342 Quem
1575 1277 1836 1334 Dominus
1879 1281 2077 1351 diligit,

483 1360 646 1428 faciet
693 1363 1016 1419 voluntatem
1057 1368 1196 1436 ejus,
1230 1369 1463 1440 Aquilas
1497 1379 1682 1427 autem
1731 1373 1905 1440 :Quis
1942 1376 2080 1430 inter

481 1452 717 1508 homines
758 1455 870 1508 Ιιατιτ
899 1458 1172 1525 protulit?
1208 1459 1470 1516 Dominus
1497 1463 1691 1518 dilexit
1721 1481 1860 1520 eum.
1893 1457 2078 1522 Caelo-

469 1557 604 1623 rum
632 1546 777 1598 enim
807 1547 1064 1614 virtutes,
1103 1551 1306 1620 inquit,
1341 1568 1464 1623 quae
1490 1563 1781 1622 vocantur,
1831 1556 1901 1611 ad
1953 1571 2077 1613 ver-

477 1636 678 1691 borum
717 1638 894 1709 ipsius
939 1644 1404 1700 auscultationem
1461 1654 1704 1704 attentas
1751 1656 1806 1703 et
1851 1631 2076 1718 paratas

478 1743 637 1795 esse;
672 1731 838 1801 idque
867 1733 965 1788 tibi
1001 1743 1226 1805 pr0pter
1252 1752 1530 1793 summum
1565 1739 1688 1809 ejus
1718 1740 1776 1794 in
1821 1748 1876 1795 te
1912 1755 2070 1796 amo-

2194 913 2338 967 θεῖον
2386 912 2728 986 ἀναλήψεσθε
2779 913 2985 983 φόϐον;
3030 911 3176 966 Ἀντί
3209 912 3270 965 δέ
3313 911 3432 980 τοῦ,
3457 915 3549 982 Τίς
3581 917 3764 986 αὐτοῖς

2191 1005 2554 1078 ἀνήγγειλεν
2577 1006 2786 1071 ταῦτα,
2820 1007 2849 1058 ὁ
2881 1005 3180 1076 Σύμμαχος
3208 1004 3434 1075 ἔφησεν,
3471 1008 3562 1073 Τίς
3580 1010 3763 1078 αὐτοῖς

2189 1095 2558 1166 ἀπήγγειλεν
2578 1095 2765 1150 ταῦτα
2776 1110 2800 1156 ;
2819 1097 2928 1148 Ὃν
2954 1095 3170 1164 Κύριος
3187 1094 3511 1163 ἀγαπήσει,
3540 1099 3758 1165 ποιήσει

2187 1189 2256 1242 τὸ
2273 1187 2507 1258 θέλημα
2529 1188 2736 1243 αὑτοῦ.
2756 1189 2816 1241 Ὀ
2843 1187 2898 1241 δὲ
2936 1187 3189 1253 Ἀκύλας,
3224 1187 3322 1254 Τίς
3352 1187 3423 1242 ἐν
3450 1189 3759 1260 ἀνθρώποις

2185 1279 2554 1351 ἀπήγγειλεν
2624 1280 2852 1344 ταῦτα;
2914 1279 3129 1347 Κύριος
3189 1277 3514 1348 ἠγάπησεν
3570 1285 3755 1338 αὐτόν.

2186 1373 2309 1426 Ὀτι
2333 1372 2464 1444 γὰρ,
2501 1371 2688 1444 φησὶν,
2720 1373 2776 1424 at
2806 1370 2912 1424 τῶν
2941 1371 3190 1442 οὐρανῶν
3222 1370 3485 1441 δυνάμεις
3511 1373 3756 1444 καλούμε-

2182 1482 2270 1520 ναι
2295 1464 2432 1536 πρὸς
2462 1464 2561 1536 τὴν
2599 1463 2708 1517 τῶν
2750 1461 2916 1518 αὐτοῦ
2940 1462 3115 1531 λόγων
3147 1463 3419 1534 ἀκρόασιν
3451 1464 3755 1521 ὑπακούουσι

2181 1556 2607 1628 παριστάμεναι,
2641 1555 2803 1620 αὐτὸς
2828 1555 3160 1626 ἀπήγγειλε
3190 1555 3421 1627 Κύριος,
3457 1557 3548 1610 καὶ
3576 1557 3658 1611 διὰ
3674 1560 3754 1630 τὴν

2178 1649 2401 1720 ἀγάπην
2459 1647 2560 1718 τὴν
2630 1647 2765 1716 πρὸς
2827 1647 2925 1712 σέ,
2992 1646 3230 1716 φανερόν
3311 1663 3394 1700 σοι
3458 1650 3751 1720 πεποίηκεν.

2181 1741 2387 1809 Ἤγουν
2427 1739 2570 1793 κατὰ
2595 1739 2685 1790 τὸν
2734 1738 2964 1792 ’Δκύλαν
2992 1740 3084 1792 καὶ
3109 1739 3432 1811 Σύμμαχον,
3469 1739 3528 1794 ’0
3553 1743 3753 1812 drum.

475 1837 592 1877 rem
621 1825 800 1893 palam
833 1826 947 1882 ﬁeri
979 1829 1222 1886 voluisse
1253 1830 1396 1886 idem
1432 1833 1757 1887 renuntiavit
1779 1832 2062 1892 Dominus.

2175 1831 2277 1898 τὸς
2301 1830 2395 1885 τοῦ
2435 1830 2682 1899 Πατέρος
2716 1831 2809 1884 καὶ
2853 1830 3192 1902 Μονογενὴς,
3224 1831 3390 1896 αὐτὸς
3415 1832 3752 1904 ἀπήγγειλεν

474 1911 598 1980 Vel,
635 1927 692 1970 ut
718 1917 934 1987 Aquilae
973 1919 1151 1990 placet
1175 1929 1230 1976 et
1252 1921 1610 1994 Symmacho,
1633 1924 1872 1980 Dilectus
1895 1923 2077 1981 Patris

474 2016 530 2062 et
551 2005 886 2080 Unigenitus
918 2011 1034 2082 ipse
1065 2016 1387 2070 renuntiavit
1409 2015 1755 2085 hominibus,
1783 2021 1875 2092 qui
1905 2023 2073 2077 etiam

473 2100 802 2156 voluntate»:
854 2102 1034 2161 Patris
1089 2107 1419 2177 operabitur,
1470 2109 1600 2165 dum
1637 2127 1760 2182 qua:
1809 2113 2070 2184 praedicta

473 2204 628 2264 sunt,
686 2201 740 2252 in
783 2197 1111 2270 Babylonem
1165 2202 1424 2269 inducet;
1472 2220 1584 2275 quo
1634 2207 1891 2262 nimirum
1930 2217 2068 2264 tem-

461 2277 608 2361 pore
635 2293 896 2363 populum
933 2295 987 2348 in
1024 2295 1332 2352 libertatem
1363 2307 1637 2354 assertum
1670 2306 1830 2357 terrae
1876 2301 2066 2372 patriae

468 2384 838 2441 reslituturus
869 2395 972 2441 est.
1005 2385 1126 2441 Non
1157 2388 1360 2450 desunt
1389 2397 1572 2445 tamen
1595 2391 1690 2461 qui
1722 2391 1890 2446 verba
1917 2391 2060 2447 ista:

480 2475 692 2532 Vocabo
759 2495 889 2544 eos,
953 2488 1001 2532 et
1042 2479 1264 2535 stabunt
1316 2481 1521 2547 simul,
1575 2482 1644 2538 de
1694 2481 1897 2538 lsraele
1955 2484 2064 2539 diei

471 2569 856 2636 arbitrentur;
915 2581 1176 2641 tanquam
1221 2587 1283 2628 se
1335 2573 1674 2641 perlibenter
1724 2574 2061 2645 congregatis

467 2661 585 2717 illis
621 2663 938 2718 auditurum
971 2665 1336 2722 demonstret.
1371 2666 1532 2739 545
1575 2667 1708 2734 Quis
1742 2669 1886 2724 Deus
1921 2669 2064 2723 alius

465 2753 710 2810 futuram
743 2756 873 2812 belli
903 2757 1302 2823 calamitatem,
1333 2766 1499 2830 atque
1531 2761 1648 2830 ipse
1698 2775 1797 2831 per
1831 2761 2067 2832 prepbe-

378 2821 394 2838 ’
464 2854 554 2900 tas
589 2847 807 2916 singula
854 2848 1010 2917 prius
1053 2821 1318 2904 indicarit
1361 2866 1374 2902 :
1410 2821 1585 2920 cujus
1609 2857 1666 2906 et
1699 2821 1807 2922 ipsi
1831 2821 2066 2906 'mo-nita

470 2938 779 3007 aspernati,
826 2939 1064 3008 experiri
1100 2953 1269 3010 quam
1300 2939 1477 2996 vitare
1511 2939 1712 2996 damna
1742 2939 2062 2996 maluerint.

2185 1923 2516 1996 ἀνθρώποις,
2546 1921 2606 1985 ὃς
2637 1923 2732 1976 καὶ
2766 1922 2826 1975 τὸ
2858 1921 3091 1992 θέλημα
3118 1922 3227 1976 τοῦ
3244 1924 3507 1992 Πατέρος
3534 1925 3745 1997 ἐνεργή-

2181 2033 2297 2080 σει,
2324 2015 2394 2069 τά
2427 2015 2793 2086 προλεχθέντα
2826 2016 2978 2070 κατὰ
3008 2015 3390 2084 Βαϐυλῶνος
3418 2016 3646 2084 ἐπάξων,
3676 2020 3748 2072 ὅτε

2178 2111 2273 2164 καὶ
2295 2109 2392 2180 τὴν
2422 2108 2741 2180 ἐλευθερίαν
2791 2109 2886 2162 καὶ
2932 2109 3031 2180 τὴν
3076 2109 3340 2162 ἐπάνοδον
3373 2109 3652 2180 ἐργάσεται
3671 2112 3747 2166 τοῦ

2177 2201 2330 2258 λαοῦ.
2360 2202 2517 2266 Τινὲς
2545 2201 2603 2255 δέ
2631 2201 2710 2266 τὸ,
2747 2200 2998 2255 Καλέσω
3027 2201 3279 2268 αὐτοὺς,
3309 2202 3409 2256 καὶ
3449 2203 3747 2269 στήσονται

2174 2290 2314 2360 ἅμα,
2348 2290 2473 2360 περὶ
2498 2289 2607 2342 τῶν
2633 2287 2694 2354 ἐξ
2728 2289 2948 2361 Ἰσραὴλ
2970 2290 3227 2360 εἰρῆσθαί
3261 2307 3449 2361 φασιν.
3488 2293 3574 2356 Ὠς
3601 2293 3746 2363 ἡδέως

2176 2383 2244 2438 ἂν
2276 2383 2560 2454 ἐπυθόμην
2592 2383 2994 2452 συνηγμένων
3023 2382 3248 2450 αὐτῶν,
3284 2386 3376 2451 τίς
3415 2384 3564 2449 ἄλλος
3591 2387 3743 2450 αὐτοῖς

2173 2475 2308 2539 Θεὸς
2333 2475 2431 2546 τὴν
2483 2477 2547 2528 ἐκ
2575 2475 2668 2529 τοῦ
2719 2474 2959 2545 πολέμου
3020 2476 3424 2547 προμεμήνυκε
3465 2479 3738 2548 συμφορὰν,

2171 2568 2247 2631 ὡς
2279 2566 2390 2636 ἐγὼ
2420 2566 2508 2620 διά
2539 2567 2647 2620 τῶν
2689 2565 2988 2638 προφητῶν
3031 2583 3132 2636 μου
3174 2569 3247 2621 τὰ
3278 2567 3418 2621 κατά
3467 2568 3622 2641 μέρος
3643 2570 3741 2638 ἐδή-

2168 2657 2349 2712 λωσα-
2401 2658 2497 2712 καὶ
2546 2657 2656 2712 τῶν
2703 2659 2853 2728 ἐμῶν
2894 2659 3418 2729 καταφρονήσαντες
3447 2659 3630 2728 λόγων,
3660 2660 3739 2730 τὴν

2168 2752 2278 2804 τῶν
2305 2749 2491 2804 κακῶν
2514 2750 2837 2818 ἀνεμείνατε
2862 2751 3084 2822 πεῖραν.
3112 2750 3212 2814 Τίς
3243 2746 3338 2805 οὖν
3365 2751 3493 2822 ὑμῖν
3521 2754 3552 2824 ἡ
3585 2751 3737 2821 ὄνησις

2169 2843 2270 2915 τῆς
2303 2844 2367 2896 ἐκ
2410 2842 2684 2910 δαιμόνων
2719 2843 2984 2913 μαντείας
3013 2842 3169 2897 οὐδὲν
3219 2843 3627 2914 προεγνωκυίας
3649 2843 3736 2896 τῶν

2175 2935 2402 3007 ὕστερον
2427 2952 2442 3001 ;

466 3028 744 3095 Quidnam
803 3029 971 3102 igitur
1018 3031 1128 3088 illis
1179 3033 1301 3104 ipsa
1360 3033 1671 3090 diemouum
1739 3033 2055 3090 vaticinatio
2094 3027 2478 3102 profuit,qu:c
2526 3028 2666 3084 nihil
2690 3043 2906 3092 eorum,
2953 3045 3077 3100 qua:
3147 3039 3364 3102 postea~
3421 3029 3727 3096 acciderunt,

467 3124 774 3194 praevidere
804 3127 1021 3196 potuit?

538 3221 744 3278 Volunt
791 3225 1073 3294 nonnulli,
1109 3241 1227 3295 eos,
1270 3229 1365 3299 qui
1408 3228 1477 3284 de
1523 3229 1770 3300 gentium
1803 3239 2056 3293 numero,

2239 3217 2394 3282 Τινὲς
2418 3217 2475 3272 δέ
2507 3235 2658 3288 φασι,
2685 3218 2815 3282 τοὺς
2843 3219 2988 3290 μέγα
3029 3215 3374 3290 φρονοῦντας
3398 3215 3506 3272 τῶν
3532 3214 3727 3271 ἐθνικῶν

462 3329 728 3386 magnum
760 3317 892 3388 quid
918 3327 1200 3389 saperent,
1256 3321 1480 3376 invitari
1526 3329 1587 3376 ut
1638 3320 1810 3376 velint
1841 3319 2060 3383 adesse,

461 3405 522 3461 in
554 3405 914 3478 animumque
963 3409 1252 3476 inducere,
1288 3411 1501 3466 nullum
1536 3408 1641 3467 sibi
1687 3425 1811 3482 quae
1874 3411 1928 3465 in
1960 3424 2061 3480 po-

461 3502 680 3553 sterum
729 3505 918 3554 essent
967 3507 1256 3568 eventura,
1285 3501 1638 3571 praedixisse;
1694 3501 1793 3557 sed
1862 3515 1892 3555 a
1945 3500 2060 3556 Deo

464 3589 607 3645 dura
652 3597 707 3646 et
755 3605 950 3662 aspera
995 3607 1122 3649 esse
1168 3593 1640 3664 praisigniticata;
1676 3600 1736 3649 ut
1787 3593 2058 3650 sententia

461 3689 676 3737 mutata
702 3692 1101 3740 revocarentur
1138 3703 1152 3740 :
1186 3685 1428 3758 indeque
1451 3686 1590 3752 ﬁeri,
1625 3687 1770 3757 quod
1815 3693 1964 3740 metu
1989 3685 2058 3740 ad

460 3775 904 3844 rcsipiscentiam
931 3793 1262 3848 provocans,
1292 3794 1418 3850 quae
1442 3791 1677 3835 ventura
1705 3787 1885 3835 essent
1915 3791 2057 3848 prae-

463 3865 687 3919 dixerit.
743 3865 951 3921 Deinde
1007 3869 1256 3924 ostendit
1309 3884 1502 3924 eorum
1558 3885 1618 3925 se
1664 3884 1774 3923 non
1838 3867 2057 3938 injuriae

458 3956 872 4022 recordatione,
904 3958 1004 4014 sed
1037 3959 1423 4017 benevolentia
1469 3962 1680 4032 potius,
1732 3961 1882 4032 quod
1920 3961 2055 4030 ipsis

459 4047 681 4102 libitum
737 4047 956 4118 fuisset,
1009 4052 1333 4121 perfecisse.
1384 4054 1521 4110 Cum
1572 4054 1719 4109 enim
1769 4052 2054 4109 Chaldaeos

459 4134 570 4190 sibi
629 4139 909 4208 perpetuis
970 4139 1389 4198 incursionibus
1445 4142 1798 4200 imminentes
1859 4158 1890 4197 a
1941 4142 2054 4199 Deo

457 4227 634 4284 deleri
691 4241 990 4300 cuperent;
1053 4232 1107 4287 id
1148 4233 1329 4305 ipsum
1359 4243 1510 4290 certe
1549 4245 1604 4291 et
1637 4235 1726 4292 ille
1774 4237 2052 4308 praestitit,

460 4335 575 4375 non
620 4328 887 4392 tanquam
943 4323 1114 4394 justis
1175 4327 1408 4396 gratiam
1450 4326 1765 4392 relaturus,
1819 4327 1916 4382 sed
1954 4341 2054 4398 pro

459 4428 560 4467 sua
594 4413 956 4492 benignitate,
985 4431 1199 4487 suoque
1227 4433 1439 4484 amore,
1469 4419 1803 4474 beneﬁcium
1857 4420 1926 4474 in.
1967 4421 2052 4474 in-

458 4511 648 4568 gratos
703 4505 870 4559 etiam
923 4513 976 4561 et
1035 4517 1358 4577 peccatores
1415 4509 1814 4566 collocaturus.
1863 4510 2044 4580 Atque

2167 3316 2429 3388 παρεῖναι
2482 3314 2880 3385 προτρέπεται,
2927 3316 3022 3369 καὶ
3055 3315 3195 3387 πρὸς
3231 3314 3356 3370 νοῦν
3383 3313 3640 3379 ἐκλαϐεῖν,
3668 3312 3725 3374 ὡς

2164 3405 2342 3469 οὐδεὶς
2371 3405 2558 3467 αὐτοῖς
2605 3404 2674 3457 τὰ
2719 3404 2860 3476 μετὰ
2901 3405 3130 3476 χρόνους
3167 3407 3411 3478 ἐσόμενα
3439 3402 3722 3476 προῦλεγεν.

2163 3498 2340 3562 Αὐτὸς
2363 3497 2419 3551 δέ
2447 3491 2516 3568 ἦν
2545 3498 2572 3550 ό
2599 3496 2731 3560 Θεὸς
2763 3498 2793 3550 ό
2827 3498 2920 3551 καὶ
2949 3498 3240 3569 προλέγων
3275 3498 3344 3552 τὰ
3384 3497 3624 3569 δυσχερῆ,
3653 3495 3724 3548 καὶ

2168 3585 2612 3658 μετατιθεμένων
2663 3585 3125 3659 ἀνακαλούμενος.
3173 3590 3270 3644 Διὸ
3325 3590 3419 3644 καὶ
3461 3587 3723 3662 προῦλεγεν

2164 3677 2515 3750 ἐπιστρέφων
2545 3677 2623 3750 τῷ
2653 3678 2824 3749 φόϐῳ.
2853 3675 2989 3732 Εἶτα
3017 3679 3319 3748 δείκνυσιν,
3368 3681 3442 3744 ὡς
3469 3681 3526 3734 ού
3559 3694 3717 3749 μνησι-

2163 3769 2353 3824 κακῶν
2385 3769 2594 3833 αὐτοῖς,
2639 3769 2872 3838 ἀγαπῶν
2918 3769 2976 3823 δὲ
3022 3771 3347 3826 τούναντίον
3376 3771 3514 3844 ἅπερ
3544 3769 3718 3840 ἤθελον,

2162 3861 2389 3933 ἔπραξε.
2421 3861 2562 3924 Τοὺς
2593 3860 2702 3932 γὰρ
2731 3861 3073 3930 Χαλδαίους
3119 3863 3405 3927 θλίϐοντάς
3428 3879 3486 3916 τε
3518 3862 3601 3915 καὶ
3625 3861 3716 3911 ἐπι·

2161 3955 2480 4023 τιθεμένους
2511 3952 2717 4018 αὐτοῖς,
2772 3953 2864 4006 τὸν
2905 3953 3038 4008 Θεὸν
3081 3954 3376 4024 ἠϐούλοντο
3428 3953 3712 4022 διαφθεῖραι,

2160 4047 2189 4100 ὃ
2216 4046 2282 4118 δὴ
2316 4048 2412 4101 καὶ
2447 4046 2776 4118 πεποίηκεν,
2825 4047 2930 4100 οὐκ
2976 4049 3368 4114 ἀνταποδιδοὺς
3405 4047 3479 4112 ὡς
3505 4044 3711 4105 δικαίοις,

2159 4140 2228 4193 δι’
2253 4138 2569 4209 ἁγαθότητα
2597 4138 2654 4192 δέ
2680 4125 3074 4209 χαρισάμενος,
3106 4140 3316 4210 καίπερ
3373 4133 3714 4209 ἡμαρτηκότας

2160 4230 2414 4300 ἀγαπῶν.
2449 4230 2541 4284 Διὸ
2586 4230 2687 4284 καὶ
2718 4230 2852 4301 πρὶν
2897 4231 3093 4284 παθεῖν
3123 4231 3294 4302 ὑμᾶς,
3323 4232 3570 4301 προεῖπον
3598 4219 3712 4276 ὲκεί-

2160 4340 2267 4377 νων
2292 4321 2388 4394 τὴν
2416 4321 2624 4393 ἔφοδον,
2652 4323 2740 4376 ἵνα
2775 4324 3214 4394 μετανοήσαντες
3246 4323 3520 4392 ἄπρακτον
3543 4314 3710 4379 ταύτην

2159 4414 2452 4485 ποιήσητε.
2515 4413 2624 4478 Oi);
2675 4422 2699 4449 ⁵
2758 4413 2832 4485 μὴ
2889 4413 3256 4484 πειθομένων,
3312 4411 3558 4467 εύώδωσα
3613 4399 3708 4458 καθ’

2160 4505 2337 4576 ὑμῶν,
2365 4505 2637 4559 παιδεύων
2663 4507 2808 4576 ὑμᾶς
2831 4505 3185 4576 ἀμετανόητα
3229 4501 3706 4574 πλημμελήσαντας⁹

456 4595 592 4650 hinc
624 4604 730 4662 est,
765 4595 966 4667 inquit,
995 4598 1146 4667 quod
1197 4599 1524 4670 priusquam
1558 4615 1655 4656 vos
1685 4601 1795 4672 pati
1824 4602 2044 4657 contin-

2169 4599 2309 4662 Γινές
2341 4598 2398 4651 δὲ
2432 4598 2525 4651 τὸν
2552 4597 2734 4670 Κῦρον
2767 4597 3079 4651 εύωδῶσθαι
3107 4598 3252 4652 κατὰ
3273 4594 3569 4651 Χαλδαίων
3588 4584 3708 4656 είρή·

457 4695 629 4756 geret,
666 4701 858 4740 eorum
886 4691 938 4741 in
966 4703 1064 4743 vos
1095 4688 1506 4758 expeditionem
1539 4691 1799 4761 prmdixi;
1837 4704 1896 4747 ut
1919 4708 2046 4747 cum

456 4777 831 4846 ptenituisset,
871 4779 1008 4833 nihil
1071 4780 1126 4834 in
1185 4795 1284 4834 vos
1329 4781 1418 4835 illa
1463 4783 1765 4853 quidquam
1817 4785 2043 4840 valeret.

457 4870 592 4936 Quae
625 4887 750 4926 cum
778 4872 1077 4942 impetrare
1098 4889 1212 4928 non
1246 4875 1573 4943 potuissem,
1607 4876 1900 4932 adversum
1945 4892 2045 4932 vos

453 4963 584 5018 ideo
611 4963 1073 5034 progrediendum
1111 4967 1329 5030 censui,
1361 4977 1420 5021 ut
1449 4967 1501 5021 in
1555 4983 1652 5022 eos
1702 4968 2048 5023 animadver-

455 5063 651 5120 terem,
673 5056 764 5124 qui
793 5057 940 5110 nulla
966 5041 1329 5128 peccatorum
1357 5059 1699 5129 pcenitudine
1720 5069 2042 5131 tanguntur.

457 5144 601 5198 Sunt
632 5161 762 5201 vero
788 5149 882 5216 qui
913 5147 1117 5219 Cyrum
1150 5151 1423 5206 adversus
1454 5150 1738 5206 Chaldwos
1785 5151 2046 5208 Ilebraeo-

452 5251 578 5291 rum
610 5236 854 5302 nomine,
899 5241 955 5294 in
977 5256 1114 5310 quos
1146 5242 1223 5295 illi
1256 5242 1516 5296 suaviores
1548 5243 1902 5309 exsisterent,
1925 5243 2050 5299 feli-

454 5327 594 5383 citer
631 5343 784 5383 arma
812 5333 1051 5388 movisse
1079 5335 1441 5390 arbitrentur.
1479 5335 1588 5392 ista
1617 5337 1810 5408 igitur,
1839 5339 2043 5409 inquit,

454 5435 557 5476 suo
613 5429 864 5492 tempore
921 5440 1042 5480 sum
1096 5426 1355 5497 deinceps
1413 5432 1783 5499 prmstiturus.
1833 5431 1942 5487 Vos
1981 5449 2045 5487 ea

525 5599 574 5633 *δ
611 5596 696 5656 lsa
743 5614 790 5670 ι,

2151 4709 2280 4744 κασι
2308 4691 2483 4760 φειδοῖ
2525 4690 2634 4743 τῶν
2680 4690 2972 4762 Ἐϐραίων,
3019 4690 3144 4744 καθ’
3174 4685 3250 4745 ὧν
3288 4685 3607 4751 ἐπεδείξαντο
3631 4675 3703 4744 τήν

2149 4782 2432 4852 ὠμότητα.
2471 4779 2658 4834 Ταῦτα
2711 4781 2810 4851 μὲν
2855 4774 2951 4834 οὗν
3001 4780 3147 4835 κατὰ
3188 4779 3379 4852 καιρὸν
3417 4773 3609 4842 ποιήσω
3634 4763 3702 4817 τὸν

2155 4875 2441 4947 μέλλοντα.
2490 4875 2682 4944 Ὑμεῖς
2735 4874 2791 4927 δὲ
2841 4873 3016 4927 ταῦτα
3073 4871 3451 4946 μεμαθηκότες
3498 4866 3595 4919 οὐκ
3644 4857 3698 4910 ἐν

2150 4968 2352 5038 κρυφῇ
2403 4966 2733 5036 λαλούμενα,
2806 4969 2903 5020 σὺν
2957 4968 3126 5038 πολλῇ
3179 4967 3237 5022 δὲ
3295 4967 3358 5036 τῇ
3422 4949 3693 5028 παρρησίᾳν

2149 5062 2316 5131 ἥκετε
2348 5061 2500 5130 πρός
2545 5060 2620 5130 με
2662 5060 2989 5124 σπεύδοντες
3016 5077 3030 5091 ο
3061 5062 3154 5114 καὶ
3215 5061 3322 5130 γὰρ
3366 5058 3449 5110 ὅτε
3492 5039 3697 5131 ταῦταὸ

2151 5130 2339 5225 Πατὴρ
2369 5151 2690 5207 ἐϐουλεύετο
2719 5153 2852 5220 παρ’
2885 5153 3037 5225 αὐτῷ
3069 5155 3206 5224 ἡμῖν
3238 5155 3278 5207 ί.
3303 5149 3407 5205 Καὶ
3438 5143 3522 5200 νῦν
3546 5138 3597 5233 δέ
3620 5130 3695 5233 ιιιὒὶ

2151 5245 2242 5309 τὸς
2271 5247 2298 5297 ὁ
2330 5244 2542 5316 Πατὴρ,
2567 5245 2659 5300 καὶ
2695 5246 2759 5300 τὸ
2792 5245 3038 5316 Πνεῦμα
3070 5246 3170 5316 τῆς
3222 5239 3516 5312 ἁγιωσύνης
3541 5230 3694 5285 αὐτοῦ

2156 5339 2292 5407 πρὸς
2343 5338 2690 5409 κατόρθωσίν
2737 5355 2803 5408 με
2853 5337 2963 5391 τῶν
3019 5338 3112 5391 ὑπ’
3164 5335 3326 5392 αὑτοῦ
3369 5319 3690 5398 διωρισμένων

2157 5432 2536 5491 ἀπέστειλεν.
2577 5433 2696 5498 Πῶς
2727 5433 2784 5486 δὲ
2823 5434 2934 5488 οὐκ
2979 5433 3047 5488 ἑν
3081 5428 3280 5502 κρινρῇ
3310 5410 3686 5501 προαπήγγειλεν

1750 5700 1985 5760 VARUS
2044 5705 2457 5764 LECTIONES.

531 5801 556 5832 ν
589 5809 676 5864 π).
718 5794 891 5866 ὑμεῖς.
975 5804 994 5831 ⁸
1025 5808 1116 5862 ῃ).
1147 5783 1244 5848 ὧν.
1330 5794 1344 5829 ί
1376 5810 1463 5864 no.
1495 5790 1584 5868 ἦν.
