3916 6416
333 317 475 382 2457
1483 313 2024 376 COMMEN'I‘ARII
2058 315 2141 375 IN
2204 314 2493 374 ISAIAM.
3493 317 3638 383 2453

333 433 425 488 διὰ
478 432 591 486 τῶν
638 428 949 503 προφητῶν,
981 429 1152 483 εἰπὼν
1201 429 1487 500 ἐναργῶς·
1521 449 1542 483 ι
1595 428 1755 484 Οὕτω
1787 429 1931 498 λέγει

2043 431 2246 496 edoeti,
2293 448 2396 484 non
2425 429 2587 496 clam,
2638 430 2733 486 sed
2765 431 2945 501 palam
2987 439 3042 487 et
3074 433 3411 490 conﬁdenter
3453 435 3523 489 ad
3559 453 3643 492 me

335 525 541 594 Κύριος
587 522 667 594 τῷ
693 522 901 593 χριστῷ
943 538 1047 591 μου
1074 519 1268 590 Κύρῳ,
1311 515 1371 574 οὗ
1405 520 1688 590 ἐκράτησα
1716 522 1816 590 τῆς
1845 519 1931 572 δε-

2041 517 2320 576 festinate.
2360 521 2472 592 Ego
2499 521 2650 576 enim
2683 537 2809 577 cum
2848 523 3012 578 Patre
3047 531 3178 578 tunc
3213 525 3464 590 aderam,
3497 521 3640 583 cum

338 617 478 681 ξιᾶς,
511 635 531 667 9
565 615 662 669 καὶ
711 613 781 668 τὰ
830 612 958 684 ἐξῆς
987 629 1001 642 ⁸
1033 613 1146 667 Καὶ
1189 613 1290 665 οὐκ
1336 610 1503 664 αὐτοῦ
1537 607 1605 681 ἦν
1637 609 1798 682 ἔργον
1836 610 1931 680 τῆς

2041 611 2108 665 de
2141 611 2302 665 rebus
2333 613 2456 667 istis
2487 612 2785 666 consilium
2838 613 3092 684 agitaret.
3119 613 3240 668 Jam
3294 630 3426 671 vero
3470 625 3525 672 et
3552 633 3639 674 me

333 707 660 771 Βαϐυλῶνος
699 709 732 778 ή
777 707 1026 778 αἵρεσις,
1070 705 1207 760 ἀλλὰ
1245 706 1344 774 τῆς
1397 704 1540 774 ἐμῆς
1573 703 1931 773 ἀντιλήψεως.

2043 689 2208 756 Pater
2258 701 2400 770 ipse,
2447 709 2501 755 et
2547 702 2860 758 sanctitatis
2896 703 3137 773 ejusdem
3169 703 3424 773 Spiritus,
3458 708 3525 762 ad
3555 723 3642 775 ea,

332 799 559 864 Μεταξὺ
600 799 678 864 δέ,
713 797 901 866 φασιν.
927 798 1052 850 ἐστὶ
1109 796 1206 850 τοῦ
1245 795 1432 865 Κύρου
1478 793 1654 864 φωνὴ,
1698 791 1784 860 τὸ,
1819 792 1931 872 ῌύ-

2049 805 2172 860 quae
2202 792 2270 845 ab
2302 793 2423 860 ipso
2470 791 2690 847 decreta
2719 800 2871 856 sunt,
2929 797 3280 864 exsequenda
3321 799 3640 854 mittendum

327 907 463 959 ριος
486 889 839 944 ἀπέσταλκε
873 906 951 960 με
989 887 1088 941 καὶ
1123 887 1191 942 τὸ
1214 887 1458 956 Πνεῦμα
1484 883 1696 940 αὑτοῦ.

2047 883 2288 937 censuit.
2317 881 2420 946 Qui
2451 883 2650 937 deinde
2675 899 2777 936 non
2806 883 2946 938 clam
2974 885 3134 956 longe
3164 899 3289 942 ante
3316 891 3641 957 praedixisse

335 997 451 1036 non
504 981 841 1052 reperiatur,
885 980 980 1051 qui
1021 994 1123 1051 per
1168 979 1468 1050 prophetas
1520 978 1595 1031 ita
1649 986 1838 1046 aperte
1881 974 2146 1042 loquatur
2199 991 2262 1026 ει
2310 973 2404 1029 Sic
2453 974 2596 1029 dicit'
2646 973 2920 1031 Dominus
3003 978 3216 1033 christo
3267 995 3391 1035 meo
3467 981 3636 1053 Cyro,

334 1071 500 1141 cujus
555 1071 895 1142 apprehendi
949 1086 1172 1125 manum
1219 1071 1499 1125 dexteram
1544 1068 1679 1134 ³⁵..)
1713 1074 1770 1123 et
1812 1081 1938 1137 quae
1976 1065 2212 1138 postea?
2261 1065 2485 1129 Adhazc,
2536 1081 2646 1120 non
2711 1068 2835 1137 ejus
2896 1084 3085 1140 opera,
3118 1071 3212 1124 sed
3251 1087 3375 1127 meo
3425 1075 3636 1129 auxilio

333 1169 495 1232 capta
524 1170 952 1230 expugnataque
982 1169 1066 1216 est
1095 1158 1365 1230 Babylon.
1428 1157 1700 1227 Deinceps
1781 1164 1988 1222 autem,
2049 1155 2225 1223 aiunt,
2261 1153 2390 1226 Cyri
2424 1171 2528 1210 vox
2559 1163 2643 1212 est
2667 1156 2796 1222 ista,
2823 1173 2946 1228 qua:
2976 1158 3141 1231 546
3173 1161 3424 1232 sequitur
3467 1181 3479 1215 :
3525 1163 3633 1218 Do.

333 1259 515 1311 minus
550 1259 696 1312 misit
722 1273 826 1322 me,
857 1268 907 1311 et
946 1255 1182 1324 Spiritus
1208 1254 1344 1324 ejus.

405 1355 492 1411 Τὸ-
513 1353 594 1415 δὲ,
627 1350 727 1405 καὶ
754 1351 892 1416 νῦν,
927 1349 1078 1420 δηλοῖ
1103 1349 1180 1412 ὼς
1211 1349 1262 1400 εἰ
1287 1347 1382 1401 καὶ
1415 1347 1490 1418 μή
1514 1364 1567 1400 τι
1588 1346 1698 1400 τῶν
1727 1346 1945 1418 captis--

2115 1342 2323 1398 Deinde
2372 1343 2520 1414 quod
2580 1351 2630 1396 et
2680 1359 2819 1397 nunc
2876 1343 3158 1411 habetur,
3213 1345 3434 1401 etiamsi
3498 1347 3635 1402 nihil

334 1445 588 1516 δηκότων
629 1441 1060 1514 προαπηγγέλθη
1111 1441 1265 1511 παρὰ
1304 1440 1464 1504 Θεοῦ,
1514 1439 1630 1493 ἀλλ’
1679 1440 1788 1493 ίδοὺ
1839 1438 1931 1492 νῦν

2041 1449 2256 1501 eorum,
2315 1450 2438 1504 quae
2491 1434 2839 1502 acciderunt,
2900 1451 2929 1488 a
2983 1436 3092 1490 Deo
3146 1445 3272 1491 ante
3309 1437 3631 1507 praedictum

334 1540 432 1592 καὶ
460 1536 644 1607 Κῦρος
669 1534 833 1597 αὐτὸς
856 1533 1216 1605 ὡμολόγηκεν
1247 1532 1354 1585 ὑπὸ
1384 1531 1521 1585 Θεοῦ
1551 1529 1932 1602 συνηργῆσθαι

334 1634 449 1685 τῶν
481 1630 642 1684 ὅλων.
696 1628 884 1682 Ταῦτα
927 1628 1036 1696 γὰρ
1083 1626 1336 1697 εἰρῆσθαι
1384 1625 1511 1696 περὶ
1567 1624 1734 1678 αὑτοῦ
1774 1622 1931 1696 παρὰ

2039 1534 2207 1590 esset,
2249 1541 2379 1581 ecce
2412 1535 2594 1580 tamen
2641 1526 2808 1580 etiam
2853 1542 3000 1581 nunc
3042 1528 3245 1598 Cyrum
3279 1530 3636 1598 praepotentis

2039 1616 2136 1672 Dei
2179 1617 2390 1672 auxilio
2437 1617 2691 1673 confecta
2755 1631 2879 1673 esse
2932 1619 3178 1688 protiteri
3209 1626 3466 1674 testatur.
3499 1621 3634 1674 Cum

319 1725 446 1778 τῶν
476 1721 844 1792 αἰχμαλώτων
902 1719 1114 1790 μαθὼν,
1169 1717 1438 1788 ἀναγνούς
1479 1735 1539 1770 τε
1577 1717 1676 1789 τὴν
1716 1735 1931 1789 προφη-

2041 1708 2183 1763 enim
2216 1709 2320 1764 ista
2350 1707 2418 1763 de
2449 1724 2509 1764 se
2539 1723 2568 1762 a
2601 1709 2836 1778 captivis
2865 1710 3158 1765 didiciscet
3183 1712 3464 1781 usurpari,
3506 1728 3640 1782 pru-

333 1817 509 1880 τείαν,
549 1815 841 1886 γράμματι
887 1811 1087 1882 χρῆται
1125 1809 1390 1881 βασιλικῷ
1413 1812 1470 1864 ἐν
1502 1810 1712 1882 Ἔσδρᾳ
1749 1809 1931 1880 κειμέ-

2045 1801 2403 1871 phetiamque
2443 1801 2687 1871 legisset,
2749 1802 3012 1856 mandato
3079 1805 3252 1872 regio,
3303 1803 3450 1872 quod
3491 1801 3643 1873 apud-

335 1927 431 1979 νῳ,
485 1908 579 1961 καὶ
613 1906 848 1972 λέγοντι·
891 1903 1072 1955 «Τάδε
1132 1902 1282 1970 λέγει
1323 1903 1352 1954 ὁ
1403 1901 1658 1972 βασιλεὺς
1711 1899 1936 1970 Περσῶν

335 2002 560 2072 Κῦρος⁶
609 1998 740 2068 Ἐμέ
797 1996 1040 2062 ἀνέδειξε
1081 1994 1308 2065 βασιλέα
1373 1996 1473 2064 τῆς
1535 1994 1860 2063 οἰκουμένης
1909 1994 1939 2046 ὁ

331 2094 542 2164 Κύριος
605 2089 700 2142 τοῦ
758 2087 978 2158 Ἰσραὴλ
1005 2086 1252 2155 ὕψιστος,
1285 2104 1305 2137 ι
1356 2085 1452 2138 καὶ
1490 2085 1559 2138 τὰ
1599 2084 1748 2153 ἐξῆς.
1778 2083 1936 2144 Τινὲς

329 2185 387 2238 δὲ
418 2185 499 2250 τὸ,
543 2183 762 2251 Κύριος
801 2177 1156 2234 ἁπέσταλκέ
1177 2194 1274 2246 με,
1318 2175 1508 2229 καὶτὸ
1547 2175 1790 2243 Πνεῦμα
1824 2176 1934 2228 αὺ-

328 2277 462 2342 τοῦ,
491 2275 600 2328 ἀπὸ
637 2271 931 2344 προσώπου
971 2269 1067 2324 τοῦ
1092 2271 1374 2340 προφήτου
1431 2267 1686 2337 λελέχθαι
1744 2268 1931 2336 φασὶν,

329 2366 568 2422 Ὀτικαὶ
618 2365 808 2436 πρώην
852 2363 982 2434 ὑμῖν
1015 2362 1116 2414 οὐκ
1150 2361 1216 2413 ιέν
1281 2359 1457 2431 γωνίᾳ
1499 2359 1807 2428 λελάληκα,
1840 2357 1935 2411 καὶ

326 2459 426 2514 νῦν
454 2458 608 2512 οὐδὲν
641 2452 808 2529 ἦττον
845 2455 910 2507 ἐκ
943 2451 1080 2506 Θεοῦ
1114 2452 1391 2522 πεμφθεὶς
1418 2452 1541 2522 ήκω
1567 2451 1702 2521 πρὸς
1734 2449 1934 2520 ὑμετέ-

327 2569 432 2625 ραν
461 2550 753 2620 ὼφέλειαν,
781 2565 847 2601 πε
859 2547 910 2618 ρὶ
945 2546 1054 2599 τῶν
1079 2545 1260 2599 αὐτῶν
1286 2543 1547 2606 πολλάκις
1571 2542 1768 2609 λαλῶν,
1793 2541 1930 2594 Θεοῦ

328 2647 431 2716 μὲν
460 2643 838 2712 πέμποντος-ς
859 2637 1199 2708 ὑπηχοῦντος
1245 2635 1303 2688 δὲ
1333 2634 1430 2688 τοῦ
1461 2634 1807 2701 Πνεύματος
1836 2632 1930 2686 τοῦ

324 2739 506 2808 ἁγίου.
545 2738 764 2790 Ἀκουε
807 2726 1076 2795 τοίνυν,ὦ
1127 2729 1400 2797 Ἰσραὴλ,
1440 2728 1476 2780 ἆ
1531 2744 1590 2779 σε
1633 2725 1872 2779 διδάσκει
1899 2726 1933 2779 ὀ

325 2829 672 2900 ρυσάμενός
713 2842 790 2881 σε
843 2825 1079 2894 Κύριος.
1121 2821 1387 2893 Μέμνησο
1433 2820 1539 2874 τοῦ
1594 2817 1742 2874 Θεοῦ
1789 2831 1928 2873 σου.

327 2923 519 2978 Ταῦτα
566 2921 676 2991 γάρ
705 2917 788 2973 σοί
837 2934 983 2988 φημι
1038 2914 1184 2985 ὑπὲρ
1213 2914 1308 2968 τοῦ
1354 2913 1555 2982 εὑρεῖν
1582 2911 1726 2967 ὁδὸν
1753 2928 1930 2982 σωτη-

329 3017 475 3090 ρίας,
503 3013 561 3077 ὃς
590 3014 638 3065 εἰ
675 3010 772 3064 καὶ
800 3009 900 3080 τὴν
943 3006 1118 3080 ἀρχὴν
1153 3004 1440 3076 ἐπείσθης,
1465 3003 1760 3074 ἀπείρατος
1786 2997 1932 3072 ἦσθα

330 3105 537 3160 κακῶν.
584 3101 888 3172 Ἐπλήθυες
911 3099 956 3152 δ’
987 3098 1053 3152 ἂν
1079 3099 1150 3151 ἐν
1169 3096 1380 3166 εἰρήνῃ
1426 3094 1525 3150 καί
1571 3093 1931 3161 δικαιοσύνῃ

2047 1892 2280 1948 Esdram
2315 1894 2534 1963 legitur,
2560 1894 2826 1948 utendum
2855 1899 3096 1961 censuit,
3127 1896 3181 1949 in
3208 1897 3356 1950 hunc
3379 1898 3633 1951 modum:

2052 2005 2070 2038 ι
2108 1985 2235 2040 Haec
2270 1986 2407 2040 dicit
2432 1985 2725 2043 Persarum
2761 2004 2853 2042 rex
2886 1988 3097 2058 Cyrus:
3134 1988 3217 2043 Me
3264 2004 3447 2059 regem
3484 1990 3637 2044 orbis

2047 2077 2288 2131 universi
2317 2078 2650 2132 renuntia-vit
2676 2078 2820 2134 Deus
2850 2078 3398 2148 lsraelexcclsus“,i
3430 2091 3484 2135 et
3511 2096 3638 2151 qua:

2045 2169 2328 2238 deinceps.
2363 2169 2624 2223 Nonnulli
2657 2170 2822 2248 verba
2849 2169 2955 2224 ista
2995 2189 3007 2224 :
3050 2172 3312 2225 Dominus
3353 2173 3497 2226 misit
3533 2189 3631 2236 me,-

2043 2274 2090 2318 et
2116 2263 2353 2333 Spiritus
2385 2263 2522 2332 ejus,
2564 2264 2615 2318 in
2645 2265 2923 2334 prophetae
2953 2279 3184 2334 persona
3217 2264 3326 2319 dici
3357 2265 3634 2320 arbitran—

2043 2365 2172 2423 tur;
2213 2362 2475 2427 tanquam
2515 2371 2574 2411 se
2609 2356 2766 2424 prius
2799 2355 2937 2410 nihil
2965 2357 3078 2410 illis
3106 2356 3160 2410 in
3195 2357 3397 2425 angulo
3421 2355 3633 2412 dixisse

2043 2446 2349 2516 signiticet:
2384 2462 2532 2516 nunc
2564 2455 2746 2501 autem
2773 2463 2830 2502 sc
2857 2463 2886 2501 a
2911 2447 3022 2503 Deo
3053 2448 3285 2504 missum
3311 2448 3377 2502 ad
3410 2463 3633 2504 eorum-

2041 2539 2166 2596 dem
2205 2541 2498 2596 utilitatem
2548 2541 2835 2604 accedere,
2889 2543 3068 2611 deque
3128 2543 3324 2596 iisdem
3384 2555 3634 2612 pcrsmpe

2041 2630 2154 2687 Deo
2201 2632 2422 2702 quidem
2459 2632 2580 2701 ipso
2612 2633 2870 2699 mittente,
2907 2633 3001 2686 sed
3042 2632 3246 2702 Spiritu
3274 2641 3468 2688 sancto
3500 2648 3629 2687 suc-

2041 2723 2260 2779 cinente
2305 2733 2361 2779 ct
2418 2724 2774 2794 suifragante,
2801 2725 3045 2780 locutum
3101 2743 3245 2782 esse.
3299 2729 3442 2781 Audi
3474 2743 3630 2798 ergo,

2039 2814 2242 2884 inquit,
2278 2813 2474 2882 Israel,
2525 2831 2648 2886 quae
2698 2825 2752 2872 te
2789 2819 2880 2873 ille
2929 2819 3091 2873 docet
3120 2819 3404 2884 Dominus,
3457 2821 3546 2889 qui
3583 2831 3631 2873 te

2041 2905 2305 2961 liberavit.
2355 2907 2673 2964 Memineris
2712 2909 2806 2964 Dei
2861 2913 2959 2964 tui.
3023 2911 3148 2966 llaec
3202 2913 3348 2966 enim
3411 2913 3510 2966 tibi
3565 2913 3632 2967 de

2041 2999 2354 3054 invenienda
2398 3000 2596 3056 salutis
2643 3002 2728 3056 uia
2784 3011 2996 3072 repeto,
3059 3004 3264 3073 quibus
3307 3004 3351 3059 si
3388 3005 3630 3070 primum

2040 3093 2348 3161 paruisses,
2375 3093 2646 3149 malorum
2676 3109 2877 3164 expers
2903 3137 2916 3160 ,
2950 3097 3106 3166 inque
3137 3112 3267 3165 pace
3316 3106 3363 3150 et
3387 3096 3629 3166 justitia,

327 3195 436 3250 τῶν
482 3191 736 3248 ἐντεῦθεν
790 3187 976 3243 καλῶν
1025 3185 1377 3255 ποταμηδόν
1423 3201 1508 3238 σοι
1549 3183 1786 3256 ῥεόντων
1837 3182 1931 3236 καὶ

2041 3188 2198 3244 bonis
2248 3189 2346 3243 tibi
2383 3189 2510 3244 aliis
2557 3195 2726 3259 atque
2757 3189 2878 3244 aliis
2909 3190 3196 3258 ﬂuviorum
3248 3192 3454 3258 instar,
3507 3201 3633 3244 tan-

325 3284 506 3339 ἄλλων
545 3281 632 3334 ἐπ’
663 3280 865 3343 ἄλλοις,
907 3279 989 3342 ὡς
1026 3273 1309 3345 κυμάτων
1333 3267 1657 3343 θαλάττηὲ.
1705 3274 1933 3342 Ἥγουν,

325 3375 809 3443 ἀνανταγώνιστον
860 3367 1009 3441 εἶχες
1040 3367 1294 3439 δύναμιν,
1328 3366 1402 3431 ώς
1435 3366 1692 3436 ποταμοί
1743 3382 1802 3419 τε
1841 3366 1936 3419 καὶ

327 3469 642 3525 θάλατται.
659 3461 768 3518 Ἦν
795 3464 838 3517 δ’
862 3463 928 3517 ἄν
963 3478 1054 3514 σου
1079 3461 1173 3515 καὶ
1200 3459 1267 3514 τὸ
1293 3461 1552 3530 σπέρμα,
1587 3458 1776 3529 φησὶν,
1805 3459 1939 3513 ἀνα-

330 3561 625 3634 ρίθμητον,
659 3555 941 3627 πολεμίων
975 3553 1190 3625 ἐφόδοις
1215 3552 1277 3606 οὺ
1305 3552 1720 3624 δαπανώμενον.
1757 3552 1830 3606 Τὸ
1876 3553 1934 3607 δὲ

329 3652 482 3722 χοῦς
515 3648 624 3717 τῆς
678 3647 816 3719 γῆς,
874 3645 1118 3716 κέγχροι
1169 3643 1284 3714 τῆς
1332 3643 1607 3710 ἐξέδωκαν
1639 3644 1688 3696 οἱ
1728 3643 1930 3696 λοιποί.

327 3742 633 3814 Σωματικὰ
664 3741 721 3794 δὲ
761 3739 982 3808 λέγεται
1031 3737 1167 3807 πρὸς
1218 3735 1587 3805 σωματικούς.
1637 3733 1829 3799 Ἀξίως
1873 3735 1935 3787 δέ

329 3838 484 3894 οεοῦ
531 3838 707 3891 νοοῖτο
756 3832 996 3902 σπέρμα
1035 3828 1290 3900 Ἰσραὴλ,
1339 3830 1468 3898 περὶ
1496 3821 1559 3880 οὗ
1607 3828 1668 3880 eo
1711 3827 1876 3899 ῥηθέν
1914 3844 1928 3858 ·

335 3949 356 3982 σ
383 3930 446 3984 Εἰ
483 3930 558 4000 μὴ
593 3926 800 3996 Κύριος
848 3921 1077 3976 Σαϐαὼθ
1112 3919 1473 3989 ἐγκατέλιπεν
1513 3920 1646 3990 ἡμῖν
1685 3919 1929 3990 σπέρμα,

326 4025 406 4087 ὡς
477 4021 690 4091 Σόδομα
739 4017 807 4072 ἂν
855 4015 1238 4086 ἐγενήθημεν,
1281 4032 1300 4066 ι
1351 4011 1640 4082 δηλοῦντος
1694 4013 1825 4076 τοὺς
1873 4009 1933 4076 ἐξ

339 4113 616 4169 Ἰουδαίων
675 4108 1101 4170 πιστεύσαντας.
1149 4105 1395 4176 Πατέρες
1450 4103 1560 4174 γὰρ
1604 4103 1712 4156 τῶν
1753 4103 1931 4158 ἄλλων

326 4209 580 4278 ἐγένοντο
623 4203 751 4267 τοὺς
804 4199 1132 4273 προσιόντας
1183 4196 1656 4266 ἀναγεννήσαντες
1684 4235 1699 4259 ,
1744 4196 1794 4249 οἳ
1829 4197 1930 4248 οὐκ

329 4301 390 4366 ἐξ
427 4297 720 4369 αἱμάτων,
776 4291 893 4347 ἀλλ’
938 4293 1003 4343 ἐκ
1055 4287 1193 4342 Θεοῦ
1245 4285 1637 4356 ἐγεννήθησαν.
1689 4285 1930 4355 Εῦλογον

329 4386 424 4448 οῦν
495 4387 846 4460 ἀλληγορεῖν.
913 4379 1254 4452 Σωματικῶς
1315 4377 1425 4449 γὰρ
1505 4377 1754 4432 Ἰουδαῖοι
1833 4379 1928 4432 καὶ

329 4483 763 4555 παραϐαίνοντες
818 4476 918 4540 τὰς
977 4474 1196 4537 ἐντολὰς
1235 4470 1689 4543 ἐπληθύνθησαν,
1738 4471 1814 4535 ὡς
1869 4472 1930 4525 τδ

331 4574 496 4646 ῥητὸν
551 4571 755 4644 μᾶλλον
803 4567 1046 4639 ἁρμόσαι
1101 4565 1180 4637 τῷ
1236 4562 1416 4634 νοητῷ
1462 4562 1580 4633 μεθ’
1628 4563 1930 4634 ὑποστολῆς

328 4667 506 4734 λέγων
532 4705 545 4730 ,
602 4667 655 4718 sl
697 4661 806 4728 τὰς
845 4657 1100 4724 ἐντολὰς
1147 4656 1462 4724 ἐτήρησαν
1511 4654 1682 4708 τῶνδε
1719 4659 1926 4726 τυχεῖν.

2039 3297 2199 3350 quam
2248 3282 2412 3335 maris
2449 3281 2609 3335 undis
2645 3281 3014 3348 alﬂuentibus,
3061 3295 3258 3338 auctus
3292 3291 3346 3338 et
3376 3284 3634 3338 cumula-

2039 3381 2130 3429 tus
2164 3373 2420 3430 vixisses.
2466 3373 2526 3428 1d
2582 3383 2708 3442 est,
2765 3387 3212 3446 propugnatores
3265 3391 3384 3440 eos,
3429 3376 3645 3446 quibus

2038 3481 2145 3520 non
2177 3471 2354 3536 magis
2386 3480 2548 3536 quam
2577 3465 2896 3536 ﬂuminibus
2922 3509 2936 3534 ,
2989 3475 3082 3520 ant
3120 3467 3260 3521 mari
3300 3467 3434 3522 nihil
3466 3476 3636 3538 queat

2037 3559 2319 3624 resistere,
2354 3559 2670 3615 habuisses.
2717 3559 2939 3615 Fuisset
2969 3576 3098 3614 vero
3149 3568 3203 3615 et
3259 3577 3432 3615 semen
3483 3570 3634 3614 tuum

2036 3650 2468 3716 innumerabile,
2503 3651 2675 3706 nullis
2708 3652 2971 3706 videlicet
3005 3652 3246 3707 hostium
3291 3651 3632 3707 incursioni-

2035 3733 2138 3796 bus
2177 3743 2546 3798 imminutum.
2576 3745 2646 3796 At
2678 3757 2776 3812 pro
2811 3757 2921 3812 quo
2944 3743 3117 3809 pulvis
3145 3753 3299 3796 terra:
3322 3743 3591 3797 habemus
3613 3785 3628 3808 ,

2034 3835 2186 3888 milia
2247 3844 2401 3888 terra
2456 3834 2656 3904 reliqui
2714 3835 3150 3904 interpretantur
3193 3854 3205 3888 :
3251 3835 3532 3898 nimirum,
3571 3844 3633 3889 ut

2034 3926 2345 3996 corporalia
2366 3941 2490 3980 cum
2519 3927 2728 3988 crassis
2757 3927 3079 3982 hominibus
3107 3942 3274 3998 agens
3302 3936 3626 3997 usurparet.

2034 4016 2152 4072 Non
2201 4018 2477 4074 immerito
2537 4028 2717 4074 autem
2772 4018 2870 4072 Dei
2926 4035 3101 4073 semen
3153 4018 3242 4072 ille
3282 4018 3629 4087 intelligatur

2033 4109 2205 4164 Israel
2227 4152 2240 4174 ,
2293 4109 2359 4164 de
2402 4110 2603 4178 quibus
2635 4110 2738 4164 fuit
2767 4119 2822 4163 et
2853 4111 2990 4164 illud
3024 4120 3184 4164 antea
3244 4117 3576 4180 usurpatum
3609 4125 3624 4161 :

2039 4221 2058 4252 τ
2099 4200 2216 4256 Nisi
2255 4203 2416 4256 nobis
2466 4201 2734 4257 Dominus
2781 4202 3026 4258 Sabaoth
3061 4203 3376 4274 reliquisset
3413 4218 3625 4269 semen,

2033 4302 2295 4363 tanquam
2330 4292 2568 4349 Sodoma
2610 4295 2735 4350 facti
2782 4295 3085 4353 fuissemus
3113 4297 3192 4363 ⁹⁷;
3233 4314 3252 4348 ι
3303 4304 3362 4350 ut
3390 4310 3506 4361 eos,
3537 4296 3631 4365 qui

2034 4387 2193 4441 ﬁdem
2224 4387 2457 4456 amplexi
2491 4388 3004 4444 essent'indicaret.
3050 4388 3241 4443 Patres
3281 4389 3428 4442 enim
3473 4397 3633 4442 caete-

2035 4478 2114 4533 ris
2146 4480 2500 4546 exstiterunt,
2535 4495 2658 4534 eum
2680 4496 2776 4535 eos
2805 4480 2872 4534 ad
2911 4497 2970 4536 se
3003 4481 3500 4536 venientesiterum
3534 4498 3625 4552 ge-

2036 4580 2277 4626 nuerunt
2311 4573 2406 4640 qui
2441 4588 2550 4627 non
2591 4587 2655 4627 ex
2691 4573 3073 4644 sanguinibus,
3107 4572 3204 4627 sed
3251 4588 3318 4626 ex
3360 4575 3468 4627 Deo
3511 4573 3628 4626 nati

2030 4673 2159 4721 sunt
2203 4666 2272 4718 9'.
2308 4663 2402 4720 Est
2436 4667 2606 4736 igitur
2639 4666 2938 4735 allegorice
2975 4666 3124 4736 loqui
3161 4675 3619 4720 consentaneum.

330 4759 502 4813 Οὐδὲν
543 4757 653 4829 γὰρ
707 4757 852 4826 μέγα
897 4753 960 4808 τὸ
1017 4748 1354 4822 σωματικῶς
1407 4747 1713 4820 σκωλήκων
1766 4749 1928 4821 δίκην

2041 4757 2407 4828 Corporaliter
2433 4757 2580 4813 enim
2611 4754 2855 4824 Judaeos,
2909 4757 3126 4812 etiamsi
3171 4757 3463 4827 praeceptis
3512 4773 3625 4812 non

329 4849 618 4922 πληθύειν.

2034 4851 2653 4921 paruerint,propagari
2683 4849 3152 4919 multiplicariqne
3175 4848 3336 4921 547
3359 4851 3622 4918 contigit;

329 4946 565 5013 ideoque
594 4937 926 5010 intelligibili
971 4936 1147 5007 magis
1168 4935 1377 4990 dictum
1408 4933 1544 4989 illud
1577 4938 1910 5008 conveniat,
1991 4944 2140 5014 quod
2180 4944 2426 4999 adhibita
2484 4942 2766 5006 cautione,
2830 4941 2878 4995 si
2960 4950 3221 5010 praecepta
3275 4943 3636 4997 servaverintr

328 5041 455 5098 istis
490 5038 792 5110 potiturum
826 5041 1060 5090 asserat.
1091 5031 1282 5103 Neque
1318 5033 1466 5088 enim
1492 5047 1754 5103 magnum
1777 5037 1910 5108 quid
1948 5052 2388 5113 consequentur,
2421 5041 2466 5098 si
2536 5055 2642 5110 qua
2686 5039 2901 5094 ratione
2972 5039 3224 5094 videmus
3257 5040 3312 5093 in
3345 5039 3628 5094 vermibus

330 5133 491 5196 edici,
521 5145 760 5201 corpore
795 5127 1259 5197 multiplicentur.

399 5227 556 5290 Τινὲς
575 5225 632 5278 δὲ
652 5225 733 5289 τὸ,
767 5221 1011 5292 Δέδειχά
1040 5236 1140 5276 σοι
1159 5221 1264 5276 τοῦ
1296 5222 1497 5292 εὑρεῖν
1520 5239 1595 5278 σε
1629 5226 1746 5296 τὴν
1763 5228 1927 5301 ὁδὸν,

330 5315 584 5390 εἰρῆσθαί
613 5332 799 5386 φασιν,
839 5314 915 5377 ώς
951 5313 1059 5367 τῶν
1113 5313 1173 5378 ἐξ
1211 5313 1428 5384 Ἰσραήλ
1462 5314 1734 5384 λεγόντων
1755 5335 1770 5350 ο
1803 5319 1928 5384 Πῶς

337 5409 438 5462 ὑπὸ
463 5407 523 5460 σέ
545 5407 827 5469 τελοῦντες
873 5404 1101 5458 τοιαῦτα
1143 5404 1494 5477 πεπόνθαμεν
1535 5409 1584 5460 οἱ
1629 5409 1800 5464 πάλαι
1831 5415 1927 5482 ῥυ-

332 5501 552 5564 σθέντες
599 5500 668 5554 ἐκ
718 5497 922 5569 Φαραὼ
992 5497 1082 5550 διὰ
1149 5497 1248 5566 τῆς
1280 5497 1381 5567 σῆς
1425 5498 1646 5570 ἀμάχου
1709 5504 1922 5576 tionis;

333 5591 579 5658 Ἐδείξά
605 5607 705 5647 σοι
729 5592 858 5663 γὰρ,
885 5590 1072 5662 φησιν,
1098 5587 1243 5642 ὀδόν
1275 5591 1698 5658 σωτηρι¹ας,τὸν
1725 5596 1886 5667 νόμον
1910 5615 1923 5629 ·

401 5776 446 5809 ’⁸
491 5773 594 5832 lsa.
622 5775 814 5841 XL\',i.
895 5777 939 5807 9"
978 5777 1188 5838 lEsdr.
1249 5793 1285 5846 ι,
1328 5781 1381 5833 2.

2103 5228 2245 5284 Sunt
2288 5242 2452 5299 porro
2481 5227 2756 5291 nonnulli,
2793 5226 2886 5293 qui
2947 5226 3110 5280 verba
3162 5228 3264 5280 ista
3300 5244 3311 5278 :
3349 5226 3519 5280 Docui
3555 5238 3635 5291 te,

2031 5331 2088 5374 ut
2111 5321 2366 5374 invenires
2394 5318 2553 5382 viam,
2590 5326 2852 5387 tanquam
2905 5317 3282 5372 Israelitarum
3317 5334 3439 5373 esse
3475 5336 3630 5373 assc—

2029 5423 2173 5478 raut,
2209 5414 2299 5482 qui
2337 5414 2636 5481 loquantur
2663 5413 2717 5465 in
2790 5412 2935 5466 hunc
2983 5411 3208 5467 modum
3257 5430 3269 5466 :
3305 5399 3410 5476 Qui
3439 5413 3542 5466 suh
3573 5421 3632 5465 te-

2030 5511 2288 5577 dcgentcs
2333 5506 2463 5559 talia
2521 5505 2667 5574 passi
2702 5521 2920 5571 sumus,
2952 5505 3046 5574 qui
3088 5514 3184 5558 tuo
3221 5504 3350 5557 oliui
3390 5504 3624 5570 inexpu-

2029 5599 2230 5672 guabili
2272 5599 2476 5654 auxilio
2539 5598 2844 5655 Pharaonis
2902 5615 3125 5654 manum
3179 5597 3497 5653 evasimus?
3546 5595 3638 5650 ἰτα

1495 5782 1538 5812 ³⁷
1585 5781 1689 5836 lsa.
1727 5796 1762 5846 ι,
1799 5780 1850 5834 9.
1931 5778 1974 5810 9"
2013 5778 2175 5834 Joan.
2211 5793 2248 5844 ι,
2293 5779 2378 5859 l3.
