3916 6430
289 334 357 398 24
368 333 433 397 59

1628 329 1979 390 PROCOPII
2014 328 2261 390 GAZZEI

3415 322 3421 326 ’
3458 318 3616 391 ειεδ

290 443 436 499 enim
470 440 589 511 ipse
607 439 746 495 viam
777 438 991 506 salutis,
1018 424 1075 495 id
1098 444 1184 495 est
1229 438 1423 511 legem,
1465 438 1659 502 docui;
1683 454 1869 508 quam,

2004 457 2034 492 ν
2082 438 2241 509 εἴπερ
2309 433 2501 506 ἤθελες
2552 427 2611 487 εὖ
2672 431 2970 503 πράττειν,
3006 432 3359 502 ἐφύλαττες.
3402 431 3530 483 Νῦν
3562 433 3627 485 δὲ

290 536 335 588 si
368 531 600 587 feliciter
630 531 827 603 degere
876 529 1183 596 voluisses,
1239 530 1536 587 observare
1575 528 1869 585 debueras.

292 621 496 678 Venno
528 621 661 691 quia
689 636 810 677 eam
838 628 1219 691 transgressus
1252 619 1318 675 ad
1356 618 1630 676 idolorum
1665 620 1874 675 cultum

296 724 350 771 te
374 712 686 778 contulisti,
716 712 772 766 in
800 712 1041 768 hostium
1074 718 1405 783 potestatem
1438 711 1654 766 venisti.
1687 712 1876 782 Neque

294 815 480 861 tamen
512 804 589 858 ita
620 811 675 858 te
702 818 800 873 pro
823 817 946 857 mea
976 802 1360 858 benevolentia
1408 801 1658 858 funditus
1681 804 1879 858 exstir-

294 892 413 963 pari
451 891 900 960 exterminarique
923 905 1122 961 passus
1152 906 1305 958 sum;
1347 891 1443 961 qui
1478 890 1683 962 ubique
1707 891 1880 948 lsrae-

293 985 362 1037 lis
394 982 657 1052 reliquias
682 984 958 1038 asservari
988 982 1273 1038 voluerim.
1327 983 1538 1053 Itaque,
1574 990 1628 1038 et
1680 990 1735 1038 te
1762 983 1876 1052 jam

291 1073 584 1144 Babylone,
615 1088 725 1154 non
749 1084 897 1128 metu
924 1082 1365 1137 consternatum,
1390 1073 1487 1131 sed
1518 1074 1704 1130 studio
1737 1076 1878 1129 lidn-

292 1166 485 1234 ciaque
508 1180 672 1235 quam
726 1164 964 1221 maxima
1009 1165 1211 1221 laetitia
1240 1182 1415 1221 vocem
1462 1167 1875 1237 inclamantem,

289 1256 474 1322 egredi
552 1256 699 1311 volo.
786 1254 859 1310 Ut
940 1255 1089 1310 enim
1150 1255 1241 1309 illa
1298 1256 1553 1327 gentibus
1622 1257 1879 1313 omnibus

288 1345 592 1416 (zEgyptiis
623 1356 678 1403 et
711 1346 1006 1402 Pharaone
1030 1346 1252 1413 deletis,
1279 1361 1442 1416 quem
1472 1362 1529 1402 se
1560 1347 1612 1401 in
1648 1347 1752 1403 hoc
1781 1362 1878 1403 ex-

293 1439 521 1504 citasse,
587 1444 648 1492 ut
694 1437 749 1491 in
810 1436 1005 1493 eodem
1040 1438 1271 1509 gloriam
1329 1452 1485 1492 suam
1540 1441 1877 1506 oatenderet,

186 1581 192 1585 ,
292 1528 583 1584 allirmavit
634 1527 901 1584 Dominus
935 1528 1005 1599 θ’)
1036 1543 1105 1585 ex
1134 1527 1374 1601 Egypto
1410 1530 1650 1586 innotuit
1694 1539 1879 1588 trans-

292 1618 556 1686 migratio
586 1634 600 1672 :
645 1619 727 1674 sic
757 1625 812 1674 et
832 1618 994 1674 istam
1029 1618 1099 1674 de
1126 1618 1404 1690 Babylone
1444 1621 1876 1693 redemptionem

295 1709 526 1765 minime
578 1709 737 1766 decet
804 1709 1097 1777 occultari,
1163 1711 1259 1767 sed
1295 1726 1364 1767 ex
1402 1726 1469 1767 ea
1514 1713 1878 1783 redemptoris

1977 529 2250 601 παραϐὰς,
2306 528 2404 582 καὶ
2440 527 2577 598 πρὸς
2617 525 3075 597 ἓίδωλολατρείαν
3118 522 3414 597 τραπεὶς,
3475 539 3627 592 παρα

1978 624 2164 694 εδόθης
2212 621 2456 692 ἐχθροῖς·
2514 618 2610 673 καὶ
2657 617 2780 671 οὐδὲ
2843 616 2989 670 οὕτω
3037 616 3336 684 παγγενεὶ
3371 612 3445 666 δι’
3474 612 3625 684 ἐμὴ)

1978 713 2389 785 φιλανθρωπίαν
2411 710 2911 780 ἑξωλοθρεύθητε.
2953 709 3293 780 Τετήρηται
3319 705 3443 777 γὰρ
3477 721 3626 759 παν-

1976 805 2141 877 ταχοῦ
2165 807 2227 858 τὸ
2258 803 2611 873 κατάλειμμα
2670 800 2751 873 τῷ
2787 799 3026 871 Ἰσραήλ.
3089 800 3192 853 Διό
3234 815 3335 852 σοι
3385 798 3493 852 καὶ
3525 795 3631 850 νῦν

1978 897 2042 949 ὲκ
2101 893 2463 959 Βαϐυλῶνος
2511 891 2715 957 ἐξιέναι
2767 889 2951 960 φημὶ,
3008 887 3086 960 μὴ
3141 887 3257 941 σὺν
3300 884 3472 957 φόόῳ
3526 886 3630 939 καὶ

1980 985 2209 1049 ὑπτίως,
2242 984 2452 1054 σπουδῇ
2483 982 2544 1037 δὲ
2582 980 2915 1052 κεχρημένῳ
2956 978 3157 1050 πολλῇ,
3217 976 3330 1031 καλ⁵
3392 976 3631 1045 φωνὴν
3676 1034 3681 1039 _

1977 1075 2360 1145 εὐφροσύνης
2382 1073 2596 1145 βοῶντι.
2635 1072 2725 1137 Ὠς
2758 1071 2869 1141 γὰρ
2897 1070 2933 1142 ἡ
2950 1068 3012 1136 ἐξ
3040 1067 3352 1138 Αἰγύπτου
3384 1067 3633 1136 γέγονεν

1979 1169 2154 1234 caseo;
2186 1168 2320 1221 πᾶσι
2349 1167 2466 1229 τοῖς
2493 1165 2704 1219 ἔθνεσιν
2749 1161 3001 1235 ἐμφανὴς
3027 1160 3268 1233 (Φαραὼ
3306 1160 3422 1231 μὲν
3487 1160 3631 1213 ἀνθ-

1983 1258 2301 1329 ισταμένου,
2332 1256 2718 1328 πληττομένων
2741 1254 2800 1309 δὲ
2836 1253 2947 1309 τῶν
2974 1252 3342 1323 Αἰγυπτίων,
3387 1251 3542 1322 πρὸς
3565 1251 3631 1305 ὃν

1982 1366 2174 1421 φησιν·
2229 1350 2325 1413 Εἰς
2360 1348 2538 1425 τοῦτο⁸
2563 1345 2828 1419 ἐξήγειρά
2854 1361 2936 1412 σε,
2981 1345 3132 1408 ὅπως
3167 1341 3536 1412 ἐνδείξωμαι
3564 1342 3628 1395 ὲν

1983 1440 2065 1492 σοὶ
2109 1437 2206 1509 τὴν
2228 1436 2457 1506 δύναμίν
2490 1436 2640 1507 μου),
2668 1434 2843 1498 οὕτως
2869 1432 3039 1505 ἐχρῆν
3089 1432 3245 1504 μηδὲ
3274 1432 3387 1501 τὴν
3415 1432 3495 1484 ἐκ
3516 1431 3632 1484 Βα-

1981 1530 2216 1595 ϐυλῶνος
2246 1528 2515 1601 λύτρωσιν
2540 1527 2795 1598 γενέσθαι
2846 1529 3000 1599 σιγῇ,
3059 1523 3399 1593 δοξολογεῖν
3429 1523 3493 1576 δὲ
3527 1523 3627 1577 τὸν

1981 1623 2284 1695 λυτρωτὴν.
2321 1641 2340 1675 ι
2370 1621 2529 1693 Φωνὴ
2571 1620 2684 1692 γὰρ
2715 1619 3093 1689 ἀγαλλιάσεως
3148 1615 3259 1670 καὶ
3320 1615 3627 1686 σωτηρίας

1983 1717 2043 1770 ὲν
2105 1717 2333 1787 σκηναῖς
2379 1713 2628 1768 δικαίων.
2665 1730 2685 1765 ι
2734 1709 2936 1783 Ἐχρῆν
2974 1708 3085 1780 γὰρ
3152 1708 3223 1761 ἐν
3288 1705 3624 1776 διηγήσεως

295 1798 526 1868 gloriam
550 1798 893 1856 innotescere
927 1807 983 1856 et
1013 1798 1321 1871 praedicari.
1347 1817 1367 1852 ι
1406 1799 1524 1857 Vox
1550 1802 1720 1867 enim,
1755 1803 1887 1858 scri-

2003 1810 2178 1880 ιρόπῳ
2197 1807 2503 1877 δοξολογεῖν
2523 1803 2787 1871 κατάητδν
2833 1803 3011 1872 μέγαν
3040 1799 3214 1855 Δαϐίδ
3239 1815 3256 1829 ο
3291 1817 3313 1852 ι
3364 1798 3616 1867 Εύδὸκη-

293 1890 444 1944 bitur
518 1890 907 1946 exsultationis
985 1901 1044 1948 et
1129 1891 1328 1949 salutis
1383 1892 1441 1948 in
1523 1893 1890 1948 tabernaculis

295 1981 573 2051 iustorum
603 1983 644 2038 '.
674 2000 693 2034 ι
718 1981 959 2052 IEquum
981 1982 1128 2039 enim
1151 1981 1331 2039 fuerat
1360 1984 1695 2039 narrationis
1726 1983 1890 2041 modo

296 2072 495 2128 laudes
521 2072 660 2129 istas
715 2072 1026 2139 decantari,
1066 2074 1212 2130 sicut
1242 2089 1272 2130 a
1312 2074 1515 2131 Davide
1553 2074 1755 2131 factum
1782 2084 1889 2144 est,

299 2164 393 2219 ubi
429 2165 547 2220 ait:
582 2184 601 2217 ι
635 2164 964 2236 Suscepisti,
1016 2164 1267 2234 Domine,
1306 2174 1509 2223 terram
1548 2176 1719 2234 tuam,
1753 2183 1891 2223 con-

297 2255 515 2311 vertisti
557 2256 934 2326 captivitatem
987 2256 1180 2315 Jacob.
1228 2258 1514 2316 Remisisti
1569 2261 1892 2331 iniquitates

298 2348 504 2418 populo
540 2355 673 2415 tuo;
740 2349 1007 2419 aperuisti
1065 2351 1251 2405 omnia
1288 2359 1514 2421 peccata
1556 2366 1747 2407 eorum
1781 2353 1824 2408 ’.
1868 2372 1887 2405 ›

300 2438 505 2493 Verum
572 2448 633 2493 ut
664 2438 916 2496 eumdem
970 2455 1033 2497 se
1086 2457 1211 2515 esse
1240 2441 1608 2507 demonstret.
1635 2444 1727 2514 qui
1761 2445 1893 2499 olim

300 2528 565 2584 lsraelem‘
596 2545 691 2600 per
739 2531 1008 2585 desertum
1060 2531 1306 2587 traduxit
1346 2532 1465 2589 fore
1507 2534 1821 2623 pollicetur,
1845 2534 1894 2589 si

302 2620 387 2674 vel
406 2628 611 2687 petram
668 2621 866 2677 iterum
897 2623 1138 2678 scindere
1177 2625 1234 2679 in
1272 2641 1537 2696 aquarum
1594 2620 1894 2682 subsidium

302 2729 441 2783 opus
480 2715 573 2781 sit,
613 2720 668 2768 et
699 2714 848 2771 istud
896 2716 978 2771 illi
1024 2718 1191 2773 etiam
1242 2720 1299 2773 in
1381 2716 1624 2773 Iudaeam
1671 2718 1894 2788 proﬁci-

305 2803 480 2857 ευθειιί
513 2819 621 2859 non
658 2803 999 2862 defuturum.
1049 2807 1206 2875 Quod
1251 2810 1379 2879 quia
1426 2809 1604 2881 reipsa
1638 2810 1753 2880 geri
1785 2826 1896 2866 non

305 2894 556 2966 contigit,
612 2895 681 2951 ad
739 2897 1060 2967 allegoriam
1122 2900 1202 2955 sic
1259 2899 1509 2955 nonnulli
1565 2900 1894 2959 retulerunt.

1937 1962 1943 1967 ,
1991 1918 2112 1965 σας,
2144 1899 2339 1973 Κύριε,
2366 1898 2468 1970 τὴν
2498 1899 2603 1969 γῆν
2632 1913 2752 1962 σου,
2800 1892 3150 1965 ἑπέστρεψας
3181 1891 3295 1963 τὴν
3316 1889 3621 1961 αἰχμαλω-

1992 1993 2113 2047 σίαν
2156 1991 2379 2047 Ἰακώϐ.
2434 1990 2680 2060 ’Δφῆκας
2734 1986 2835 2053 τὰς
2881 1984 3119 2057 ἀνομίας
3178 1983 3267 2055 τῷ
3321 1982 3453 2055 λαῷ
3496 2000 3619 2049 σου,

1990 2081 2271 2152 ὲκάλυψας
2296 2080 2474 2143 πάσας
2504 2079 2605 2143 τὰς
2653 2076 2932 2148 ἁμαρτίας
2954 2075 3164 2130 αὐτῶν.
3203 2092 3226 2127 ι
3269 2073 3516 2128 Ἑαυτὸν
3562 2073 3618 2127 δὲ

1990 2171 2205 2236 δεικνὺς
2257 2173 2464 2224 ἐκεῖνον
2522 2169 2654 2223 ὅντα
2710 2167 2801 2223 τὸν
2827 2166 2894 2222 δι’
2934 2164 3167 2235 ἐρήμου
3203 2164 3394 2218 πάλαι
3419 2163 3619 2232 διαγα-

1992 2263 2159 2332 γόντα
2186 2262 2278 2315 τὸν
2318 2259 2557 2332 Ἰσραὴλ,
2586 2256 2776 2330 φησιν,
2805 2256 2882 2321 ὼς
2910 2257 2980 2312 Ei
3006 2254 3171 2310 πάλιν
3206 2253 3456 2325 ὲδεήθης
3473 2267 3617 2324 σχι-

1995 2351 2247 2422 ζομένης
2285 2349 2508 2419 πέτρας
2531 2347 2684 2418 πρὸς
2718 2347 2938 2413 ὕδατος
2962 2345 3293 2416 χορηγίαν,
3322 2339 3398 2415 ἦν
3429 2344 3499 2399 ἄν
3532 2360 3615 2396 σοι

1994 2446 2088 2500 καὶ
2124 2442 2282 2497 τοῦτο
2301 2444 2381 2506 είς
2421 2443 2523 2512 τὴν
2565 2439 2828 2495 Ἰουδαίαν
2858 2437 3151 2509 βαδίζοντι.
3176 2437 3278 2508 Μὴ
3309 2436 3614 2508 γενόμενον

1992 2536 2050 2590 δὲ
2101 2534 2221 2589 καθ’
2287 2532 2550 2605 ἱστορίαν,
2597 2530 2742 2585 οὕτω
2793 2528 2940 2594 τινὲς
2988 2528 3420 2600 ὴλληγόρησαν.
3485 2529 3613 2589 Τοῖς

1994 2624 2376 2696 αἰχμαλωσίας
2424 2619 2908 2694 ἠλευθερωμένοις
2962 2617 3063 2688 τῆς
3107 2617 3323 2697 νοητῆς
3368 2615 3502 2686 περὶ
3539 2609 3611 2668 ὧν

1992 2712 2182 2785 ἔλεγεν
2196 2717 2223 2768 ὁ
2241 2713 2497 2786 Χριστὸς,
2523 2710 2999 2782 Εὑαγγελίσασθαι
3025 2711 3276 2780 πτωχοῖς
3292 2707 3615 2761 ἀπέσταλκε

1998 2826 2088 2879 με,
2123 2804 2360 2878 κηρύξαι
2388 2803 2756 2876 αἰχμαλώτοις
2828 2804 3044 2871 ἄφεσιν,
3070 2799 3132 2854 τὸ
3185 2797 3420 2865 λογικὸν
3467 2798 3614 2867 νάμα

1993 2900 2095 2969 τῆς
2122 2897 2386 2972 ἀληθινῆς
2434 2897 2701 2951 ἐκδίδοται
2760 2894 3005 2964 πέτρας.
3046 2893 3112 2946 Ἦ
3157 2891 3223 2945 δὲ
3264 2891 3448 2958 πέτρα
3484 2885 3552 2960 ἧν
3585 2891 3614 2942 ό

306 2985 400 3049 lis,
439 2986 533 3055 qui
587 2985 909 3056 captivitate
947 2989 1283 3061 iutelligibili
1329 2992 1549 3048 liberati
1601 3000 1781 3059 erant,
1829 2994 1890 3051 de

2003 2992 2253 3062 Χριστὸς,
2286 2990 2428 3046 κατά
2459 2990 2551 3043 τὸν
2586 2987 2933 3051 Ἀπόστολον,
2978 2984 3038 3047 ὃς
3064 2985 3157 3039 καί
3209 2997 3413 3055 φησιν·
3452 3000 3472 3033 ι
3517 2982 3612 3044 Ὃς

304 3076 510 3143 quibus
568 3076 827 3135 Christus
878 3080 995 3151 ipse
1033 3082 1383 3153 loquebatur,
1416 3099 1542 3140 cum
1584 3100 1644 3142 se
1666 3095 1727 3140 ut
1763 3101 1900 3157 pau-

306 3169 537 3239 peribus
561 3172 994 3241 evangelizaret,
1015 3181 1070 3230 et
1095 3175 1330 3246 captivis
1349 3177 1732 3234 remissionem
1762 3193 1900 3248 prae-

2001 3083 2067 3138 ἆν
2091 3082 2189 3154 πίῃ
2216 3084 2277 3136 ἐκ
2298 3081 2391 3137 τοῦ
2424 3081 2615 3146 ὓδατος
2674 3074 2735 3134 οὗ
2775 3077 2888 3148 ἐγὼ
2913 3077 3096 3142 δώσω,
3135 3075 3391 3145 ποταμοὶ
3426 3075 3492 3126 ὲκ
3513 3072 3611 3141 τῆς

2003 3174 2211 3240 κοιλίας
2239 3173 2405 3228 αὐτοῦ
2442 3173 2729 3245 ῥεύσουσιν
2772 3170 2963 3233 ὓδατος
3002 3168 3240 3233 ζῶντος.
3280 3184 3301 3219 ι
3348 3166 3439 3228 Ὧς
3468 3163 3535 3218 ἂν
3555 3164 3610 3216 δὲ
3708 3228 3711 3235 λ

305 3262 538 3329 dicaret,
570 3263 802 3320 missum
827 3280 952 3321 esse
977 3260 1402 3340 diceret',5&.8
1430 3268 1716 3327 rationalis
1745 3285 1890 3342 aqua

2008 3266 2083 3337 μὴ
2114 3265 2410 3336 νομίσωσιν
2471 3265 2521 3317 οι
2573 3265 2632 3317 ὲν
2687 3263 2874 3326 αὐτοῖς
2920 3258 3142 3323 ἀσεϐεῖς
3187 3257 3289 3313 καὶ
3310 3256 3383 3310 δι’
3414 3255 3608 3315 αὐτοὺς

306 3355 458 3407 rivus
489 3352 554 3409 de
581 3363 729 3424 petra
768 3356 1019 3414 veritatis
1071 3358 1368 3412 emanavit.

1481 3359 1644 3415 Petra
1692 3369 1899 3427 autem,

2003 3358 2288 3428 γεγονέναι
2339 3358 2440 3427 τῆς
2493 3355 2747 3426 ἀφέσεως
2793 3353 2893 3424 τὴν
2919 3351 3243 3422 ὑπόσχεσιν,
3273 3349 3375 3403 καὶ
3424 3346 3523 3418 τὴν
3551 3345 3605 3411 ἐξ

308 3446 486 3515 inquit
553 3447 876 3515 Apostolus,
928 3456 1050 3503 erat
1103 3448 1361 3506 Christus
1391 3449 1453 3517 ις
1490 3451 1653 3520 cujus
1698 3461 1753 3507 et
1797 3453 1890 3508 ista

2004 3450 2174 3521 αὐτῆς
2204 3449 2613 3520 εὐφροσύνην,
2631 3446 2840 3501 τούτων
2870 3446 3070 3508 αὐτοὺς
3109 3442 3442 3513 ἀλλοτρίους
3500 3440 3606 3494 ἀπ-

308 3545 477 3592 sunt:
515 3556 534 3589 ι
567 3536 670 3604 Qui
705 3538 904 3595 biberit
968 3555 1193 3611 aquam,
1246 3557 1411 3611 quam
1452 3557 1554 3612 ego
1599 3543 1762 3608 dabo,
1792 3542 1899 3597 llu—

2006 3542 2227 3614 έφηνεν.

307 3634 457 3687 mina
486 3632 555 3688 de
589 3642 783 3689 ventre
844 3633 965 3705 ejus
1004 3634 1178 3691 ﬂuent
1213 3651 1372 3706 aquae
1407 3638 1543 3699 vivae
1571 3638 1633 3692 δ’.
1667 3657 1686 3691 ι
1717 3639 2011 3704 Caeterum,
2047 3654 2117 3693 ne
2142 3637 2237 3707 qui
2291 3636 2437 3691 inter
2502 3649 2600 3690 eos
2635 3640 2933 3690 versantur
2996 3628 3175 3700 impii,
3250 3633 3483 3698 propter
3546 3637 3604 3680 se

306 3728 470 3784 etiam
504 3728 677 3783 venia:
702 3730 1124 3799 promissionem
1159 3729 1274 3785 ﬁeri
1303 3732 1733 3799 arbitrarentur,
1776 3733 1980 3787 lwtitia:
2010 3747 2203 3789 eorum
2238 3737 2495 3800 expertes
2532 3727 2650 3784 lore
2698 3727 2852 3797 ipsos
2890 3722 3301 3795 pronuntiavit.

377 3818 642 3876 Nonnulli
680 3821 1107 3895 Babyloniorum
1179 3826 1404 3880 nomine
1457 3826 1657 3896 impios
1691 3826 1888 3896 signiti-

305 3909 424 3967 cari
453 3911 803 3968 arbitrantur
838 3913 931 3982 qui
973 3914 1170 3969 ultioni
1220 3915 1434 3993 traditi,
1474 3916 1543 3971 iis
1571 3918 1905 3971 exsultanti-

305 4004 433 4069 bus,
459 4002 551 4074 qui
586 4002 855 4072 redempti
905 4010 1117 4068 essent,
1169 4005 1411 4075 gaudere
1469 4021 1580 4061 non
1619 4016 1896 4076 poterant.

2074 3824 2233 3888 Τινὲς
2265 3823 2325 3878 δὲ
2351 3821 2572 3885 ἀσεϐεῖς
2592 3820 2718 3885 τοὺς
2745 3816 3120 3880 Βαϐυλωνίους
3139 3811 3404 3884 εἰρῆσθαί
3420 3827 3598 3881 φασινο

2001 3920 2051 3972 οἳ
2112 3916 2510 3990 παραδοθέντες
2568 3913 2791 3968 κολάσει
2873 3909 3089 3982 χαίρειν
3148 3908 3256 3961 οὐκ
3296 3900 3471 3977 εἶχον,
3496 3902 3599 3955 τῶν

2001 4010 2426 4080 λελυτρωμένων
2456 4006 2779 4078 χαιρόντων.
2816 4003 2976 4066 Τινὲς
2992 4001 3052 4054 δέ
3081 4016 3275 4071 φασιν,
3302 3998 3391 4051 ἴνα
3417 3997 3490 4068 μὴ
3514 3994 3598 4047 διὰ

307 4092 511 4149 Putant
533 4094 651 4159 alii,
684 4108 755 4149 ne
784 4107 1002 4160 eorum,
1044 4109 1168 4165 qua:
1220 4094 1368 4150 dicta
1416 4103 1569 4159 sunt,
1619 4097 1890 4165 voluptate

2003 4103 2101 4171 τὴν
2132 4101 2241 4155 τῶν
2273 4100 2548 4170 ῥηθέντων
2595 4095 2794 4167 ἡδονὴν
2840 4092 3215 4172 ὑπτιάσαντες
3271 4087 3600 4172 ῥᾳθυμγήσω-

306 4187 451 4258 capti
485 4186 684 4257 supine
736 4200 797 4241 se
829 4194 884 4241 et
931 4186 1273 4256 negligenter
1304 4196 1600 4259 gererent;
1634 4196 1896 4258 tanquam

306 4296 371 4332 ea
401 4277 650 4343 omnino,
683 4277 1039 4348 quantumvis
1090 4277 1258 4348 impie
1290 4279 1559 4341 viverent,
1597 4280 1900 4350 adepturus

307 4369 541 4424 dixisset
569 4367 750 4436 Deus;
787 4375 992 4424 metum
1048 4369 1185 4441 ipsis
1230 4385 1329 4441 pro
1366 4370 1671 4427 securitate
1715 4371 1902 4426 immi-

310 4480 441 4519 nere
475 4462 872 4520 demonstrari.
903 4464 1004 4531 Qui
1058 4465 1205 4520 enim
1264 4465 1444 4520 laetari
1482 4465 1775 4538 quisquam
1810 4483 1905 4522 va-

2013 4211 2118 4259 σιν,
2152 4193 2228 4256 ὡς
2257 4191 2476 4255 πάντως
2506 4189 2687 4243 αὐτῶν
2715 4171 3055 4257 τευξόμενοι,
3074 4182 3176 4238 κᾶν
3194 4181 3417 4240 ἀσεϐεῖς
3446 4171 3592 4238 ὦσιν,

2003 4282 2453 4355 ἂπαξείρηκότος
2502 4278 2659 4344 Θεοῦ,
2697 4277 2864 4348 φόϐον
2902 4276 3091 4336 αὐτοῖς
3120 4271 3271 4342 ὑπὲρ
3301 4266 3594 4364 ἀσφαλείας

2003 4376 2335 4445 ὲπήρτησεν.
2360 4371 2474 4426 Καὶ
2540 4371 2657 4435 πῶς
2688 4372 2800 4440 γὰρ
2834 4368 2900 4423 ἀν
2948 4384 3034 4432 τις
3085 4363 3470 4433 εὐφραίνοιτο
3503 4363 3589 4410 του

2004 4467 2104 4538 τῆς
2125 4467 2298 4538 χαρᾶς
2340 4464 2627 4536 στερηθεὶς
2681 4459 2957 4535 χορηγοῦ;
3021 4460 3089 4512 Al.
3120 4456 3234 4528 γάρ
3269 4451 3587 4522 ἐπαγγελίαι

308 4559 438 4623 leat,
476 4558 570 4628 qui
605 4572 694 4624 eo,
722 4572 752 4612 a
786 4573 895 4628 quo
918 4540 1122 4613 laetitia
1153 4559 1561 4629 suppeditatur,
1591 4560 1890 4617 excideriti

2003 4562 2116 4624 τοῖς
2148 4558 2477 4627 φυλάττουσι
2505 4557 2731 4627 βέϐαιοι.
2758 4553 2867 4608 Τοῦ
2893 4550 3028 4606 Θεοῦ
3061 4549 3172 4621 γὰρ
3218 4551 3254 4619 ὴ
3293 4545 3587 4618 πρόγνωσις

311 4650 450 4702 Sunt
479 4648 625 4702 enim
651 4647 741 4713 iis,
773 4662 804 4702 a
841 4647 1043 4718 quibus
1092 4648 1484 4717 observantur,
1524 4656 1690 4706 certae
1724 4659 1778 4705 et
1819 4650 1904 4706 in-

1166 4754 1343 4812 neque
1404 4742 1497 4813 Dei
1548 4744 1904 4815 praecognitio

309 4742 573 4795 dubitatur
626 4740 1030 4813 promissiones
1089 4759 1103 4795 :

2004 4651 2066 4718 ἐξ
2088 4651 2335 4721 ἀνάγκης
2363 4650 2568 4722 ἀρετὴν
2587 4647 2649 4702 οὐ
2693 4647 2859 4700 ποιεῖ.
2899 4643 3029 4698 Ἰδοὺ
3081 4641 3194 4712 γὰρ
3228 4637 3478 4712 προέγνω
3505 4633 3588 4722 τδν

2016 4736 2207 4799 Ἰακὼϐ
2229 4721 2436 4810 ἀγαθὸν
2467 4737 2860 4809 γενησόμενον.
2910 4733 3023 4787 Καὶ
3065 4733 3262 4800 γέγονε
3312 4726 3380 4781 δι’
3405 4721 3584 4778 ἑαυτὸν

307 4833 571 4887 virtutem
605 4833 864 4904 cuiquam
913 4849 980 4890 ex
1022 4834 1356 4890 necessitate
1418 4843 1702 4905 operatur.
1760 4838 1890 4895 Ecce

2003 4831 2230 4904 ἀγαθὸς,
2278 4832 2378 4902 οὐχ
2431 4831 2513 4884 ὅτι
2567 4827 2940 4899 προέγνωστο.
2970 4823 3062 4877 Διὸ
3091 4827 3186 4877 καὶ
3225 4817 3505 4887 εὐλογῆται
3534 4818 3581 4864 ιι.

310 4926 480 4989 extim,
541 4942 668 4982 cum
722 4925 992 4987 Iacobum
1039 4926 1156 4985 fore
1196 4929 1473 4999 integrum
1532 4930 1897 5001 praevidisset,

313 5018 439 5071 talis
453 5025 509 5072 et
555 5019 673 5088 ipse
721 5035 814 5091 per
848 5036 930 5085 se,
964 5036 1074 5077 non
1102 5021 1233 5094 quia
1274 5022 1549 5093 praevisus
1575 5032 1744 5089 esset,
1770 5039 1900 5079 eva-

2002 4929 2096 4982 Δεῖ
2139 4925 2232 4981 οὗν
2293 4925 2368 4997 μὴ
2398 4922 2686 4994 ῥᾳθυμεῖν,
2721 4918 2859 4973 Θεοῦ
2892 4916 2954 4971 τὸ
2976 4915 3175 4986 μέλλον
3215 4909 3577 4984 προλέγοντος.

2003 5019 2075 5074 Τὸ
2099 5017 2439 5085 δὲ,Ἕξελθε
2466 5015 2539 5069 ἐκ
2558 5010 2941 5077 Βαϐυλῶνος,
2971 5000 3259 5065 καιτόπον
3281 5001 3375 5057 καὶ
3394 4997 3577 5068 τρόπον

314 5110 409 5174 sit,
462 5085 698 5179 vitaeque
721 5085 1063 5181 probitatem
1101 5085 1220 5184 ipsa
1254 5085 1355 5169 viri
1391 5121 1584 5169 secuta
1612 5123 1698 5171 est
1730 5085 1890 5171 bene-

2003 5111 2259 5183 ἀμείϐειν
2320 5105 2764 5180 παρακελεύεται
2817 5102 2985 5176 μηδὲν
3034 5095 3408 5168 ἐπαγομένους
3457 5085 3576 5184 ἦθος

314 5201 502 5256 dictio.
534 5202 697 5257 Decet
726 5205 894 5275 igitur
935 5203 1116 5261 futura
1140 5206 1208 5261 de
1238 5206 1400 5262 nobis
1425 5206 1763 5277 praedicente
1792 5206 1902 5262 Deo

1999 5181 2366 5265 Χαλδαϊκὸν,
2418 5194 2718 5269 οἱωνισμοῦ
2748 5213 2808 5251 τε
2840 5194 2937 5249 καὶ
2969 5191 3248 5265 μαντείας,
3274 5186 3368 5242 καὶ
3411 5181 3576 5269 πάσης

316 5293 454 5346 nihil
493 5294 708 5361 supine,
743 5295 877 5348 nihil
911 5297 1247 5368 negligenter
1267 5313 1449 5369 agere.
1490 5297 1718 5363 Deinde,
1755 5299 1890 5369 quod

2003 5294 2238 5350 εἰδώλων
2295 5263 2707 5362 καθαρεύοντας
2759 5263 2994 5355 πλάνης.
3049 5279 3222 5334 Τοῦτο
3274 5275 3341 5369 δε
3369 5270 3455 5326 καὶ
3490 5263 3573 5369 ἐπὶ

315 5386 493 5454 egredi
524 5387 587 5439 de
614 5382 888 5453 Babylone
920 5387 1114 5455 jubet;
1178 5398 1232 5443 et
1274 5390 1475 5456 locum,
1501 5399 1555 5444 et
1591 5405 1774 5445 mores
1803 5391 1907 5445 im-

2002 5386 2224 5443 πάντων
2250 5354 2515 5456 ἁρμόσειε
2543 5380 2651 5435 τῶν
2682 5376 2876 5433 ἐθνῶν.
2901 5354 3060 5439 Τινὲς
3088 5372 3145 5426 δὲ
3174 5369 3258 5439 τὸ,
3291 5354 3571 5435 Προσαππάα
3603 5397 3610 5405 .

396 5511 641 5597 "tli‘od.
679 5527 795 5578 xm,
830 5529 937 5567 xlv.
1018 5512 1031 5540 ‘
1072 5509 1211 5567 Psal.
1247 5528 1411 5581 (λιιι,
1444 5512 1531 5571 l5.
1610 5516 1631 5547 ’
1666 5516 1815 5573 Psal.
1853 5529 2072 5579 Lxxxtv,
2102 5510 2158 5577 ‘2,
2185 5511 2236 5565 5.
2297 5510 2316 5541 ⁸
2342 5506 2477 5565 Luc.
2512 5522 2586 5575 tv,
2616 5505 2701 5573 18,
2734 5503 2818 5560 l9.
2869 5500 2902 5597 .‘
2938 5500 2955 5555 l
2987 5500 3108 5557 Cor.
3152 5515 3207 5567 χ,
3235 5498 3287 5553 4.
3365 5485 3566 5542 "Joan.

324 5600 420 5649 νη,
447 5585 536 5639 ⁸58.

1622 5680 1851 5735 ΥΛΙὶΙᾹΞ
1900 5680 2062 5734 ΙιΕίζΊ
2086 5676 2302 5731 ΙΟΣΧΕΞ.

400 5766 423 5791 ιι
460 5771 547 5820 πρ.
586 5771 604 5804 ε
617 5749 914 5819 ὑ).ογεῖται.
