3916 6394
266 303 410 374 2461

1356 307 1894 375 COMMENTARII
1936 309 2019 405 IN
2051 310 2347 374 ISAIAM.

3409 290 3555 359 24ϋὲ

269 441 401 494 τετε
419 428 572 498 πρός
593 446 674 500 με
697 433 798 487 καί
827 432 1133 489 ἀκούσατε
1165 429 1371 497 ταῦτα,
1422 429 1662 500 Χριστοῦ
1697 429 1870 500 πρόσ-

2006 438 2217 497 nutare,
2236 428 2510 496 nihilque,
2545 422 2696 497 quod
2719 418 3098 480 Chaldworum
3129 411 3381 468 instituta
3419 414 3557 464 resi-

271 535 421 573 ωπον
447 521 508 573 τὸ
532 520 689 593 λέγον
723 523 865 581 εἷναί
893 543 1081 597 φασιν,
1113 525 1188 588 ὡς
1209 525 1276 578 ἂν
1309 526 1494 589 αὐτοῖς
1521 524 1621 596 τὴν
1646 525 1711 578 δι’
1737 526 1865 578 ἐαυ-

272 609 367 664 τοῦ
395 617 670 687 σωτηρίαν
712 618 1026 688 δηλώσειεν.
1086 619 1196 672 Καὶ
1236 617 1319 681 τὸ,
1368 618 1490 671 Οὺκ
1525 616 1627 671 ἀπ’
1668 613 1866 684 ἀρχῆς

274 702 336 757 ἐν
377 710 563 780 κρυφῇ
613 711 965 780 Isidi-mut;
1019 710 1113 782 Μὴ
1140 712 1243 764 οὐκ
1301 709 1366 763 ἐκ
1414 705 1673 773 παλαιοῦ,
1706 705 1864 778 φησὶ,

276 800 539 866 προεῖπον
600 802 1131 874 ἐπικεκαλυμμένως
1209 803 1386 857 ταῦτα
1434 800 1525 856 διὰ
1567 800 1867 874 προφητῶν

274 883 388 938 ἀπὸ
425 896 455 925 ν
476 888 571 953 τοῦ
605 892 802 964 καιροῦ
833 894 1089 963 γενέσθαι
1115 911 1133 963 ;
1172 893 1326 959 αὐτὸ,
1369 893 1503 949 ἐκεῖ
1532 895 1670 964 ειμι,
1701 892 1869 965 πρινὴ

277 972 661 1051 γενέσθαιτὴν
720 981 915 1036 ἐαυτοῦ
951 984 1255 1055 παρουσίαν
1296 983 1532 1055 ὁρατῶς,
1584 980 1880 1053 γεγονέναι]

277 1057 431 1127 λέγει
490 1065 697 1137 ταύτην
719 1068 869 1141 παρὰ
894 1070 1013 1142 Θεῷ
1036 1071 1177 1125 κατὰ
1233 1072 1324 1126 τὸν
1390 1073 1727 1145 προορισμδν
1766 1072 1872 1144 πρὸ

278 1152 595 1227 καταϐολῆς
635 1160 868 1232 κόσμου.
928 1164 1042 1218 Καὶ
1087 1164 1206 1219 νῦν
1266 1165 1481 1231 Κύριος
1522 1163 1874 1220 ἀπέσταλκε

270 1258 377 1344 1‘8:
412 1245 513 1300 καὶ
543 1249 624 1344 τὸ
660 1253 907 1324 Πνεῦμα
933 1255 1142 1313 αὑτοῦ.
1195 1255 1268 1309 Τὸ
1289 1256 1399 1324 γὰρ
1428 1255 1517 1310 ἀεὶ
1547 1257 1697 1326 παρὰ
1724 1255 1867 1328 Θεῷ,

277 1338 444 1389 τοῦτο
508 1338 862 1415 νῦν-ὁρατῶς
911 1348 969 1400 ἐν
1009 1347 1202 1419 κόσμῳ
1243 1348 1479 1416 γίνεται,
1517 1347 1675 1400 Κατὰ
1708 1347 1765 1401 δὲ
1810 1348 1871 1400 τὸ

278 1425 628 1496 ἀνθρώπινον
677 1434 716 1501 ή
766 1433 1107 1507 ἀποστολή.
1139 1437 1272 1502 Θεὸς
1327 1438 1440 1508 γὰρ
1496 1434 1585 1490 ἀεὶ
1640 1437 1872 1508 πάρεστι

277 1522 473 1577 πᾶσιν.
516 1524 883 1582 Ἀπεστάλθαι
935 1528 994 1584 δὲ
1040 1530 1136 1583 καὶ¹
1181 1529 1336 1603 παρὰ
1385 1529 1482 1583 τοῦ
1526 1530 1879 1599 Πνεύματος

277 1615 523 1687 λέγεται,
564 1620 700 1675 καθὸ
728 1623 794 1677 ἐκ
819 1625 1171 1694 Πνεύματος
1212 1625 1370 1694 ἁγίου
1404 1626 1688 1693 γεννᾶται.
1718 1624 1879 1689 Τινές

278 1707 340 1761 δὲ
395 1709 493 1763 τοῦ
547 1711 714 1767 αὐτοῦ
773 1714 1072 1787 προσώπου
1123 1718 1256 1786 φασὶ
1302 1717 1402 1770 τόο
1466 1716 1529 1776 Ἡ
1580 1716 1712 1787 χείρ
1761 1733 1878 1786 μου

1972 523 2107 593 piat,
2138 521 2412 583 retinere;
2439 530 2733 587 omneque
2767 508 3127 583 auguriorum
3164 511 3219 559 et
3269 499 3557 554 vaticinio-

1973 628 2096 685 rum
2132 628 2340 684 genus,
2368 625 2586 667 omnem
2618 607 2856 676 denique
2910 595 3241 656 idololatriae
3264 600 3320 649 et
3349 589 3559 647 erroris

1973 719 2162 761 curam
2189 704 2462 775 deponere
2486 701 2810 756 adhortatur
2837 712 2853 751 :
2878 691 3026 766 quod
3040 695 3227 762 potest
3240 685 3404 743 etiam
3431 696 3562 752 gen-

1975 797 2126 851 tibus
2152 792 2741 851 omnibusconvenire.
2756 786 3015 845 Nonnulli
3042 797 3208 855 porro
3226 778 3390 835 verba
3411 775 3516 829 ista
3542 788 3557 826 :

1977 887 2236 942 Adducite
2249 886 2319 941 ad
2345 903 2447 951 me,
2473 895 2521 940 et
2548 884 2725 938 audite
2753 881 2887 945 hac,
2909 876 3113 935 Christi
3142 886 3267 930 esse
3284 867 3564 924 arbitran-

1977 988 2091 1043 tur,
2119 987 2376 1048 tanquam
2435 992 2497 1033 se
2520 977 2628 1032 illis
2662 981 2884 1045 propter
2914 971 3157 1040 seipsum
3184 963 3417 1020 salutem
3447 957 3569 1010 lar—

1978 1070 2081 1143 giri
2113 1071 2477 1125 demonstret.
2505 1067 2601 1123 llla
2629 1065 2829 1122 deinde
2865 1079 2881 1118 :
2915 1060 3039 1116 Non
3077 1058 3142 1113 ab
3170 1055 3323 1111 initio
3353 1051 3563 1106 locutus

1979 1165 2138 1218 suin?
2173 1169 2438 1230 tanquam
2463 1174 2523 1215 se
2555 1159 2625 1213 ab
2663 1157 2890 1227 antiquo
2934 1154 3040 1209 ista
3065 1150 3283 1205 occulte
3314 1158 3409 1216 per
3441 1153 3564 1208 pro-

1984 1257 2180 1328 phetas
2235 1255 2560 1325 priusquam
2606 1250 2832 1315 tierent,
2889 1244 3210 1319 prmdixisse
3269 1233 3562 1305 signiticet.

1966 1348 2278 1413 _Pra:terca,
2321 1344 2470 1416 quod
2534 1343 2610 1397 ibi
2660 1358 2779 1397 sum
2831 1341 3105 1403 habetur;
3157 1341 3455 1400 antequam
3508 1337 3569 1379 se

1983 1440 2285 1496 videndum
2340 1414 2601 1495 omnibus
2659 1434 2952 1506 praeberet,
3016 1421 3397 1506 idipsumjam
3427 1414 3570 1487 apud

1986 1533 2160 1588 Deum
2210 1540 2339 1586 ante
2386 1528 2579 1590 mundi
2644 1502 3095 1583 constitutionem
3142 1502 3471 1587 praeﬁnitum
3516 1515 3572 1563 ct

1986 1624 2272 1680 decretum
2321 1621 2518 1689 fuisse,
2558 1620 2799 1690 indeque
2848 1616 2918 1671 Et
2959 1627 3099 1668 nunc
3129 1607 3393 1664 Dominus
3429 1600 3573 1654 misit

1988 1734 2091 1782 me,
2119 1726 2168 1771 et
2189 1715 2423 1786 Spiritus
2447 1715 2562 1785 ejus
2585 1712 2848 1784 adjicere.
2884 1707 2988 1775 Qui
3014 1705 3160 1762 enim
3189 1710 3406 1768 semper
3432 1690 3577 1786 apud

278 1797 644 1869 ἐθεμελίωσε
663 1803 780 1874 τὴν
814 1782 952 1877 γῆν,
983 1807 1085 1862 καί
1188 1806 1359 1873 δεξιὰ
1393 1824 1514 1877 μου
1552 1782 1880 1875 τόννοῦρα-

2006 1811 2159 1864 )eum
2187 1807 2478 1871 remansit,
2512 1782 2833 1861 idemnunc
2860 1801 2914 1855 in
2945 1794 3158 1853 mundo
3198 1789 3376 1845 oculis
3401 1782 3577 1852 subji-

277 1892 394 1948 γὸν
421 1893 815 1967 ἐστερέωσεν.
847 1902 961 1957 Kal.
1011 1902 1095 1968 τὸ,
1119 1902 1252 1958 Νῦν
1275 1905 1494 1972 Κύριος
1531 1899 1882 1957 ἀπέσταλκά

271 2005 356 2057 με
418 1990 515 2043 καὶ
561 1992 624 2045 τὸ
688 1994 935 2065 Πνεῦμα
989 1995 1201 2063 αὑτοῦ,
1243 1997 1383 2068 ὅπερ
1425 1991 1762 2064 δημιουργὸν
1783 1993 1877 2047 τὸν

281 2078 378 2133 ἐπὶ
408 2081 515 2153 γῆς
546 2082 771 2139 ἐλθόντα
799 2086 1154 2158 παρίστησιν.

1988 1902 2154 1958 citur.
2180 1899 2274 1956 Est
2309 1913 2437 1955 vero
2467 1897 2534 1953 de
2560 1891 3084 1968 559humanitate
3122 1887 3244 1955 ipsa
3310 1874 3579 1934 missionis

1989 1995 2131 2051 ratio
2163 1991 2512 2062 accipienda.
2542 1990 2713 2045 Adest
2734 1987 2883 2044 enim
2909 1983 3054 2040 Deus
3072 1980 3277 2048 ubique
3299 1970 3579 2033 omnibus;

1991 2086 2087 2142 sed
2110 2102 2138 2140 a
2181 2084 2389 2155 Spiritu
2420 2086 2585 2141 etiam
2621 2083 2822 2138 missus
2851 2093 2975 2134 esse
3010 2072 3212 2128 dicitur
3233 2070 3279 2133 ⁵,
3311 2071 3584 2137 quatenus

283 2188 318 2229 a
360 2174 570 2246 Spiritu
599 2188 790 2236 sancto
820 2191 1140 2253 generatur.
1192 2180 1312 2236 Non
1344 2180 1540 2236 desunt
1588 2192 1794 2250 tamen,
1837 2180 1931 2253 qui
1973 2180 2106 2238 illud
2139 2199 2153 2236 :
2190 2180 2385 2236 Manus
2411 2196 2528 2236 mea
2548 2176 2793 2247 fundavit
2816 2182 3010 2229 terram
3034 2208 3050 2233 ,
3080 2177 3130 2222 et
3182 2166 3401 2221 dextera
3470 2170 3585 2209 mea

285 2269 477 2326 coelum
501 2272 781 2342 stabilivit,
811 2249 867 2332 et
896 2274 1030 2330 illud
1060 2276 1248 2341 etiam,
1322 2272 1482 2328 Nunc
1527 2249 1786 2330 Dominus
1845 2249 1996 2328 misit
2071 2289 2190 2340 me;
2267 2274 2510 2345 itemque
2540 2272 2675 2328 illud
2705 2284 2718 2323 :
2753 2266 2989 2337 Spiritus
3028 2261 3166 2330 eius,
3228 2272 3342 2327 (ιυο
3401 2249 3582 2323 opif“

284 2361 403 2433 ille,
434 2365 531 2437 qui
561 2364 617 2422 in
646 2372 853 2423 terram
888 2367 1064 2436 venit,
1086 2365 1456 2437 signiﬁcatur,
1476 2365 1729 2436 ejusdem
1759 2381 1884 2423 esse
1922 2382 2177 2439 personae
2210 2367 2578 2423 arbitrentur.

890 2502 1147 2558 ΚΕΦΔΛ.
1180 2501 1317 2558 me.
1410 2480 1415 2483 ’

362 2617 521 2688 ιιι-ιγ’.
563 2617 894 2675 Ἀκούσατέ
943 2635 1086 2688 μου,
1140 2612 1344 2685 νῆσοι,
1371 2614 1471 2671 καὶ
1522 2613 1886 2684 προσέχετε,

291 2711 463 2781 ἔθνη.
481 2712 587 2767 Διὰ
600 2711 826 2783 χρόνου
854 2710 1093 2766 πολλοῦ
1113 2709 1432 2777 στήσεται,
1463 2707 1627 2777 λέγει
1652 2708 1890 2776 Κύριος.

306 2802 411 2858 Ἐκ
431 2803 671 2869 κοιλίας
689 2801 921 2873 μητρός
969 2818 1091 2872 μου
1143 2799 1401 2854 ἐκάλεσε
1441 2800 1507 2852 τὸ
1532 2796 1721 2866 ὄνομά
1745 2814 1889 2866 μου,

294 2898 399 2954 καί
449 2900 633 2968 ἔθηκε
692 2898 762 2953 τὸ
817 2898 1013 2968 στόμα
1034 2915 1178 2967 μου,
1213 2895 1294 2962 ὡς
1316 2894 1626 2965 μάχαιραν
1665 2891 1896 2957 ὀξεῖαν,

296 2991 397 3046 καί
418 2990 540 3047 ὑπὸ
562 2989 679 3059 τὴν
703 2992 949 3058 σκέπην
984 2988 1097 3057 τῆς
1150 2987 1349 3058 χειρὸς
1399 2985 1589 3041 αὐτοῦ
1667 2981 1903 3054 ἐκρυψέ

294 3102 395 3156 με.
427 3083 646 3152 Ἔθηκέ
670 3098 749 3153 με
804 3079 949 3135 ὡσεί
989 3080 1187 3146 ,ϐέλος
1231 3076 1545 3140 ἐκλεκτὸν,
1586 3074 1686 3130 καὶ
1724 3074 1794 3129 ἐν
1828 3072 1905 3143 τῇ

296 3178 566 3247 φαρέτρα
595 3172 785 3229 αὑτοῦ
834 3172 1069 3242 ἔκρυψέ
1097 3188 1196 3241 με,
1228 3170 1327 3225 καί
1353 3165 1485 3224 εἶπέ
1500 3184 1634 3238 μοι·
1669 3167 1905 3235 Δοῦλός

294 3285 418 3340 μου
471 3262 532 3322 εἴ
570 3265 676 3325 σὺ,
708 3264 982 3335 Ἰσραὴλ,
1043 3263 1142 3318 καί
1202 3262 1272 3317 ἐν
1310 3261 1412 3317 σοί
1451 3257 1911 3330 ὲνδοξασθήσο-

296 3378 433 3432 μαι,
467 3377 525 3414 κ.
552 3377 604 3413 τ.
637 3358 690 3413 λ.

376 3476 461 3532 Τὰ
482 3472 799 3545 κατάλληλα
855 3472 971 3536 τοῖς
1019 3467 1297 3535 Ἰουδαίοις
1325 3468 1518 3535 εἰπὼν,
1545 3468 1639 3522 ἐπὶ
1661 3467 1760 3538 τὴν
1797 3462 1907 3518 τῶν

306 3568 480 3624 ἐθνῶν
504 3561 664 3630 αὖθις
711 3563 1043 3636 μετέρχεται
1107 3560 1359 3629 κλῆσιν,
1393 3557 1488 3613 καί
1513 3558 1610 3613 τοῦ
1652 3557 1908 3627 Σωτῆρος

306 3661 407 3733 τὴν
473 3658 820 3727 ἐπιφάνειαν.
864 3653 957 3708 Διὸ
1010 3651 1110 3716 τὰς
1164 3649 1494 3719 Ἐκκλησίας
1553 3645 1909 3703 ἀνακαλεῖται

308 3754 549 3823 νήσους
579 3749 772 3816 εἰπὼν,
806 3748 883 3812 ὡς
926 3745 1196 3816 ἁλμυροῖς
1220 3741 1315 3797 τοῦ
1342 3741 1460 3812 βίου
1516 3740 1611 3794 καὶ
1639 3739 1750 3792 τῶν
1783 3754 1911 3791 πει-

312 3843 545 3917 ρασμῶν
606 3839 1080 3912 περικλυζομένας
1139 3836 1255 3900 τοῖς
1314 3833 1550 3905 κύμασι.
1598 3833 1777 3887 Τίνων
1852 3830 1912 3884 δὲ

310 3938 370 3993 αἱ
418 3935 601 4005 νῆσοι
655 3932 833 4004 δηλῶν
890 3928 1144 4000 ἐπιφέρει
1171 3926 1285 3995 καὶ,
1349 3923 1711 3994 Προσέχετε,
1741 3923 1909 3991 ἔθνη,

317 4032 536 4103 μήποτε
565 4024 801 4098 νομισθῇ
830 4022 969 4094 πρὸς
1013 4018 1304 4091 Ἰουδαίους
1354 4019 1383 4071 ὁ
1416 4016 1594 4084 λόγος.
1633 4015 1746 4070 Καὶ
1769 4016 1796 4069 ὁ
1819 4013 1914 4085 μὲ-

315 4136 421 4189 γας
445 4118 503 4171 δέ
526 4116 677 4186 λέγει
710 4112 878 4169 Δαὸίδ
897 4129 911 4144 ο
942 4129 963 4166 t
1005 4111 1066 4165 Ὀ
1093 4110 1301 4180 Κύριος
1344 4106 1718 4175 ἐὸασίλευσεν,
1746 4104 1917 4174 ἀγαλ-

313 4211 525 4267 λιάσθω
548 4213 581 4281 ἡ
619 4209 714 4280 γῆ.
734 4203 1235 4279 Εὑφραινέσθωσαν
1260 4202 1415 4273 νῆσοι
1454 4198 1669 4255 πολλαί.
1706 4218 1726 4252 ι
1767 4196 1916 4253 Τίδέ

315 4305 469 4373 λέγει
496 4304 610 4366 τοῖς
638 4302 863 4365 ἔθνεσι,
900 4296 975 4369 μὴ
1002 4293 1145 4349 κατὰ
1175 4293 1267 4347 τὸν
1291 4291 1392 4364 τῆς
1420 4289 1762 4363 προφητείας
1795 4305 1917 4343 και-

318 4397 417 4469 ρὸν
445 4393 558 4448 τῶν
587 4390 934 4464 πραγμάτων
960 4384 1334 4457 προσδοκῆσαι
1360 4382 1459 4455 τὴν
1496 4381 1744 4448 ἑκϐασιν,
1770 4379 1922 4452 μετὰ
1947 4435 1951 4439 .

318 4490 549 4559 χρόνον
575 4484 643 4541 δὲ
659 4483 985 4547 adsideas“;
1008 4476 1397 4547 Στήσεταιδέ,
1423 4475 1647 4547 λέγει,ἦ
1674 4473 1737 4529 τὸ
1753 4474 1923 4542 ἐπαγ-

318 4579 533 4651 γελθὲν⁹
559 4576 676 4649 ἥτδ
698 4572 1201 4648 προφητευόμενον.
1238 4569 1313 4624 Τὸ
1336 4568 1394 4624 δὲ
1431 4568 1530 4623 διὰ
1558 4567 1785 4637 χρόνου
1807 4581 1920 4637 ρα-

319 4672 494 4741 κρυῦ.
514 4669 818 4741 μακρόθεν
847 4665 1118 4732 ἐξέδωκαν
1146 4663 1196 4717 οί
1235 4662 1418 4716 λοιποὶ
1465 4661 1578 4724 τοῖς
1615 4657 1724 4728 πρὸ
1747 4658 1920 4729 αὐτῆς

2496 2497 2661 2569 550
2690 2493 2842 2551 CAP.
2890 2487 3084 2547 XLIX.

2069 2612 2230 2668 Vens.
2265 2611 2416 2665 1-15.
2442 2608 2638 2663 Audite
2663 2596 2989 2672 nte,insulaz,
3015 2597 3359 2663 etaltendite,
3391 2592 3586 2666 gentes.

1997 2705 2130 2760 Post
2166 2704 2393 2758 multum
2418 2713 2618 2770 tempus
2648 2698 2835 2763 stabit,
2873 2695 3004 2749 dicit
3042 2693 3319 2748 Dominus.
3360 2688 3433 2741 De
3465 2703 3591 2741 ven~

1998 2808 2079 2852 tre
2115 2797 2303 2851 matris
2333 2812 2460 2849 mete
2516 2791 2715 2847 vocarit
2746 2806 2934 2844 nomen
2982 2800 3190 2848 meum;
3235 2792 3284 2838 et
3317 2780 3496 2851 posuit
3534 2794 3592 2831 os

1999 2904 2197 2953 meum,
2245 2887 2403 2957 quasi
2457 2884 2696 2955 gladium
2744 2893 2984 2944 acutum,
3047 2889 3095 2931 et
3144 2877 3240 2930 sub
3268 2873 3594 2943 protectione

2002 2995 2194 3034 manus
2223 2990 2333 3032 sua:
2361 2961 2635 3027 abscondit
2664 2987 2763 3022 me.
2798 2967 2984 3021 Posuit
3021 2981 3101 3017 me
3144 2975 3396 3031 tanquam
3433 2961 3592 3028 sagit-

2004 3085 2111 3130 tam
2136 3073 2376 3135 electam,
2398 3078 2444 3121 et
2474 3068 2523 3119 in
2550 3065 2801 3131 pharetra
2832 3075 2929 3111 sua
2954 3056 3227 3109 abscondit
3260 3070 3357 3112 me,
3384 3065 3430 3106 et
3458 3050 3593 3104 dirit

2004 3160 2176 3215 mihi:
2214 3157 2407 3213 Servus
2459 3171 2603 3210 meus
2661 3170 2715 3208 es
2765 3161 2843 3218 tu,
2872 3146 3071 3211 Israel,
3112 3152 3161 3198 et
3195 3144 3250 3197 in
3301 3150 3350 3195 te
3389 3136 3600 3210 gloriﬁ-

2005 3252 2189 3315 cabo‘r,
2225 3255 2332 3305 etc.

1932 3387 1981 3452 ε
2052 3389 2063 3400 .

2085 3443 2243 3516 551
2270 3440 2570 3512 Postquam
2596 3452 2717 3509 qua:
2750 3434 2955 3491 Judmis
2972 3436 3366 3503 congruerent,
3393 3424 3602 3489 attulit,

2014 3537 2081 3593 ad
2123 3535 2370 3608 gentium
2404 3547 2552 3588 nunc
2576 3529 2923 3589 vocationem,
2955 3526 3254 3597 ipsumque
3300 3516 3606 3574 Salvatoris

2014 3627 2314 3684 adventum
2374 3625 2574 3680 iterum
2640 3636 2701 3678 se
2740 3618 3005 3684 confert;
3043 3617 3278 3685 ideoque
3331 3608 3609 3667 Ecclesias

2016 3721 2168 3791 ipsas
2198 3715 2507 3770 insularum
2534 3712 2760 3768 nomine
2788 3705 3154 3778 signiﬁcatus,
3197 3710 3458 3769 tanquam
3498 3695 3611 3752 sal-

2016 3814 2095 3870 sis
2126 3821 2179 3868 et
2209 3810 2414 3867 amaris
2447 3808 2615 3879 hujus
2649 3807 2794 3871 vita},
2824 3801 3302 3867 tentationumquc
3350 3791 3611 3847 ﬂuctibus

2016 3905 2263 3976 undique
2316 3905 2649 3966 obruantur,
2682 3897 2929 3954 excitare
2958 3900 3214 3950 conatur.
3248 3887 3435 3956 Neque
3474 3897 3615 3938 vero

2017 4012 2254 4071 quorum
2290 3993 2505 4051 insulas
2554 3991 2847 4063 intelligat,
2906 3987 3167 4059 ignorare
3217 3980 3445 4052 patitur,
3483 3990 3613 4031 cum

2021 4088 2293 4146 attendere
2321 4096 2498 4160 gentes
2536 4084 2808 4154 imperat;
2844 4095 2913 4136 ne
2951 4079 3020 4135 de
3045 4074 3250 4132 Judaeis
3296 4076 3611 4127 sermonem

2020 4201 2145 4243 esse
2183 4180 2665 4257 quisarbitretur.
2700 4174 2847 4242 Quin
2869 4179 2925 4228 et
2955 4169 3100 4243 apud
3150 4178 3409 4236 magnum
3450 4159 3616 4215 Davi-

2023 4281 2146 4337 dem
2199 4253 2313 4333 ista
2345 4274 2582 4345 legimus
2612 4289 2626 4325 :
2661 4289 2680 4323 ι
2710 4265 2983 4324 Dominus
3056 4258 3332 4331 regnavit,
3373 4253 3618 4310 exsultet

2023 4382 2192 4437 terra,
2240 4370 2500 4425 laetentur
2533 4363 2730 4421 insulae
2766 4360 2952 4414 multae
2983 4358 3027 4411 ³.
3052 4375 3071 4409 ι
3102 4352 3246 4420 Quid
3285 4355 3373 4405 est
3405 4352 3614 4407 autem,

2025 4461 2172 4536 quod
2205 4470 2378 4533 gentes
2425 4458 2586 4530 jubet
2616 4470 2730 4511 non
2767 4454 2889 4524 ipso
2928 4448 3213 4520 propheta:
3260 4453 3508 4511 tempore
3533 4450 3619 4536 re:

2025 4573 2151 4613 rum
2184 4562 2469 4617 eventum,
2490 4551 2586 4608 sed
2616 4556 2736 4620 post
2769 4547 2983 4618 (angunt
3018 4552 3220 4612 tempus
3252 4542 3575 4605 exspectare
3595 4528 3626 4583 ?

2029 4650 2209 4707 Stabit
2234 4663 2386 4715 vero,
2407 4645 2588 4717 inquit
2614 4661 2628 4698 :
2651 4650 2745 4698 aut
2779 4639 2926 4712 quod
2968 4631 3354 4692 annuntiatum
3382 4631 3501 4688 est,
3525 4630 3621 4676 aut

322 4716 618 4825 ἁδποδόνζες
634 4716 765 4830 ’,τὴν
1207 4753 1258 4821 γ’
1285 4747 1379 4806 οὖν
1434 4716 1765 4821 Σύμμαέος,
1797 4716 1897 4803 Kdl

2020 4741 2167 4815 quod
2220 4739 2629 4812 prophetatum.
2659 4735 2767 4790 Pro
2812 4748 2923 4804 quo
2984 4728 3180 4784 deinde
3230 4729 3350 4794 post
3402 4716 3621 4830 longum

290 4866 293 4869 '
322 4853 653 4924 ἀκροᾶσθε,
681 4852 855 4919 ἔθνη,
880 4847 1204 4919 μακρόθεν,
1222 4845 1582 4916 ὲρμήνευσεν.
1634 4842 1834 4893 Σκόπει
1865 4839 1922 4893 δὲ

325 4949 405 5013 ὡς
424 4947 492 5003 τὰ
518 4944 616 5002 νῦν
647 4946 676 4999 ὁ
714 4942 921 5015 Κύριος
967 4941 1140 5008 λέγει,
1173 4937 1270 4991 καὶ
1317 4936 1447 5009 περὶ
1476 4934 1668 5006 ἐτέρου
1709 4932 1920 5005 Κυρίου

326 5041 419 5097 διὰ
448 5039 556 5093 τῶν
592 5037 720 5108 ἑξῆς
738 5034 1070 5101 διαλέγεται,
1095 5027 1354 5100 γέννησίν
1370 5044 1430 5081 τε
1450 5026 1626 5094 λέγων
1647 5033 1675 5062 ι
1702 5023 1922 5088 ἑαυτοῦ,

328 5131 429 5190 καὶ
450 5128 716 5193 δουλείαν,
749 5123 939 5180 καὶτὰ
971 5120 1198 5177 τοιαῦτα
1236 5118 1435 5188 λέγων.
1472 5118 1692 5186 Κύριος
1718 5117 1787 5170 ἐκ
1816 5132 1922 5186 τας

330 5224 521 5295 στρὸς
547 5218 809 5278 ἐκάλεσέ
865 5233 961 5288 με,
1023 5215 1094 5269 ἐκ
1125 5215 1363 5280 κοιλίας
1386 5212 1618 5284 μητρός
1640 5225 1758 5280 μου
1814 5208 1924 5263 ἀνα

333 5312 565 5384 ἐμνησε
589 5311 659 5365 τὸ
682 5306 871 5378 ὄνομα
894 5324 1036 5378 μου.
1056 5302 1138 5359 Ta
1160 5302 1382 5376 μὲνγὰρ
1402 5300 1512 5374 πρὸ
1531 5300 1630 5371 τῆς
1658 5298 1929 5370 ἐνανθρω-

333 5408 561 5478 πήσεως
587 5402 828 5473 ὀνόματα
857 5397 1147 5471 πρόσφορα
1199 5398 1269 5468 τῇ
1299 5393 1421 5467 Θείᾳ
1456 5393 1641 5465 φύσει,
1671 5390 1805 5454 Θεὸς
1833 5390 1928 5475 καὶ

408 5569 432 5602 ⁸
452 5564 646 5621 Matth.
677 5579 716 5631 ι,
747 5562 859 5630 20;
892 5561 1023 5618 Luc.
1071 5578 1112 5627 ι,
1145 5559 1237 5616 53.
1317 5560 1338 5591 ⁸
1369 5556 1516 5614 Psal.
1547 5569 1693 5625 xcvr,
1727 5552 1793 5607 1..

2033 4806 2237 4902 tempus
2266 4806 2556 4894 habemus,
2593 4828 2658 4883 de
2690 4828 2837 4896 longe
2867 4821 3079 4885 caeteri,
3116 4826 3178 4872 ut
3204 4813 3272 4870 ad
3304 4806 3621 4883 praeceden-

2030 4929 2107 4981 tia
2142 4939 2331 4980 vocem
2359 4922 2655 4986 referrent,
2689 4916 3082 4979 reddiderunt;
3119 4904 3491 4982 Symmachus
3523 4917 3628 4956 au-

2032 5028 2166 5083 tem,
2193 5014 2259 5071 Et
2298 5014 2576 5079 attendite,
2605 5023 2804 5084 gentes,
2829 5009 2893 5063 de
2924 5007 3099 5077 longe.
3132 5004 3358 5057 Intuere
3392 5010 3521 5051 vero
3545 4994 3628 5047 uti

2032 5109 2102 5165 de
2132 5107 2500 5179 praesentibus
2526 5107 2787 5177 loquatur
2816 5098 3123 5163 Dominus;
3158 5094 3340 5162 deque
3371 5088 3481 5143 alio
3513 5084 3625 5140 Do-

2037 5202 2209 5268 mino,
2240 5215 2337 5272 per
2368 5214 2429 5255 ea
2470 5213 2594 5272 quae
2643 5201 2977 5268 sequuntur,
3005 5203 3165 5246 suam
3210 5185 3330 5256 ipse
3362 5178 3623 5236 nativita-

2037 5302 2154 5348 tem
2173 5300 2229 5348 et
2260 5291 2606 5357 servitutem,
2664 5295 2975 5356 caeteraque
3019 5275 3292 5353 ejusmodi
3317 5272 3624 5343 explicans,

1982 5460 1986 5467 ί
2035 5386 2304 5456 disputet,
2334 5397 2460 5441 cum
2509 5382 2629 5439 ait:
2672 5380 2934 5437 Dominus
2976 5374 3041 5430 de
3085 5382 3260 5430 ventre
3286 5363 3490 5425 vocavit
3526 5381 3636 5419 mc.

1656 5685 1893 5747 VARUE
1931 5681 2339 5744 LECTIONES.

407 5781 529 5844 '11)
571 5773 698 5846 πρό.
778 5785 805 5815 ι
836 5772 942 5846 ἀφ.
971 5769 1037 5827 τὸ
1062 5753 1257 5840 λέγων.
