3916 6414
369 338 515 401 2463

1663 338 2021 401 PROCOPII
2062 337 2311 399 GAZJEI

3555 331 3701 398 24ὗί

370 447 448 502 De
470 457 620 503 utero
647 453 836 507 matris
883 470 1013 510 mea
1061 451 1372 509 recordatus
1433 463 1510 508 est
1562 454 1790 509 nominis
1831 454 1954 507 mei.

2068 448 2200 522 ζωὴ,
2225 450 2321 504 καὶ
2354 450 2492 521 φῶς,
2530 449 2717 520 σοφία,
2753 451 2850 504 καὶ
2904 449 3160 520 δύναμις,
3193 451 3297 505 καὶ
3342 447 3417 503 τὰ
3444 448 3698 506 τοιαῦτα.

371 537 575 594 Habuit
614 541 761 597 enim
823 551 952 599 ante
1008 543 1409 600 incarnationis
1467 552 1685 614 tempus
1736 542 1963 598 nomina

368 630 570 688 divinae
593 643 803 690 naturas
834 638 1101 706 congrua,
1143 634 1307 699 Deus,
1337 628 1474 702 vita,
1509 635 1719 698 lumen,
1740 633 1964 705 sapien-

366 723 470 787 tia,
513 724 710 790 virtus,
767 735 822 782 et
870 726 1073 783 similia
1113 746 1126 782 :
1160 727 1256 784 sed
1304 727 1585 793 Christus,
1623 734 1679 782 et
1700 725 1885 793 Jesus,
1910 733 1966 782 et

364 813 662 872 Nobiscum
724 817 889 883 Deus,
936 819 1004 873 ad
1060 834 1147 886 ea,
1181 834 1305 890 quae
1348 819 1719 877 oeconomiam
1771 827 1964 873 secuta

371 912 523 973 sunt,
587 915 839 977 tempora
891 909 1231 966 referuntur.
1265 909 1420 967 Uude
1461 919 1594 967 sunt
1633 918 1689 965 et
1724 910 1817 965 illa
1855 908 1964 965 Ga-

369 997 566 1054 brielis
595 999 661 1054 ad
693 1000 976 1072 Virginem
1013 1020 1028 1058 :
1069 1021 1088 1055 ι
1126 1001 1192 1057 Ει
1216 1004 1399 1073 paries
1431 1002 1625 1068 lilium,
1657 1012 1711 1058 et
1735 999 1963 1055 vocabis

366 1080 572 1143 'nou‘ncn
598 1091 722 1159 ejus
755 1089 1010 1160 Jesum';
1055 1112 1075 1145 ι
1115 1092 1281 1163 cujus
1330 1100 1393 1148 ut
1444 1091 1963 1162 interpretationem

372 1179 617 1246 doceret,
658 1200 676 1234 ι
712 1182 837 1252 lpse
885 1185 1033 1239 enim
1079 1184 1345 1255 pupulum
1406 1200 1567 1240 suum
1628 1198 1659 1237 a
1719 1182 1964 1253 peccatis

372 1285 566 1326 eorum
615 1273 875 1328 liberabit
892 1274 938 1343 ⁸,
980 1293 1000 1326 ›
1038 1274 1317 1345 adjunxit.
1355 1276 1424 1329 At
1453 1273 1756 1331 Nobiscum
1799 1272 1961 1339 Deus,

370 1376 438 1417 ex
476 1370 688 1419 naturae
715 1373 770 1420 et
825 1367 1152 1421 oeconomiae
1195 1367 1409 1423 ratione
1461 1367 1698 1422 inditum
1748 1374 1869 1435 est;
1905 1374 1966 1422 ut

368 1452 529 1509 Jesus
587 1471 618 1509 a
672 1455 938 1514 facultate
985 1467 1039 1515 et
1067 1459 1298 1515 viribus.
1332 1459 1491 1515 Unde
1511 1472 1565 1515 et
1589 1459 1961 1523 Salvatorem,

370 1546 428 1600 id
474 1556 561 1603 est
605 1548 919 1617 Christum,
966 1552 1022 1605 in
1057 1551 1284 1608 Davidis
1321 1552 1548 1608 civitate
1598 1561 1786 1607 natum
1817 1567 1962 1619 esse,

369 1639 693 1706 pastoribus
720 1643 1033 1696 nuntiatum
1058 1651 1161 1699 est.
1195 1642 1309 1699 Nec
1339 1659 1471 1699 vero
1495 1643 1642 1698 aliud
1675 1643 1960 1713 Christus,

370 1743 534 1797 quam
566 1737 792 1785 unctum
834 1732 1132 1803 signiﬁcat,
1168 1734 1317 1804 quod
1352 1742 1505 1790 certe
1566 1743 1696 1791 ante
1733 1750 1963 1792 (necno-

2066 541 2142 597 T6
2184 542 2243 595 δὲ
2269 542 2529 612 Χριστὸς,
2559 542 2657 596 καὶ
2700 540 2929 613 Ἰησοῦς,
2954 541 3072 605 καὶ,
3093 541 3243 596 Μεθ’
3284 539 3457 612 ήμῶν
3489 542 3520 595 6
3548 539 3704 607 Θεὸς,

2070 634 2209 706 μετὰ
2238 633 2337 705 τὴν
2365 633 2683 701 οἰκονομίαν
2704 634 2960 705 ἁρμόδια.
2983 634 3219 704 Ἔλεγεν
3246 633 3368 704 γὰρ
3393 633 3424 686 6
3458 627 3709 704 Γαϐριὴλ

2068 730 2136 800 τῇ
2172 726 2459 799 Παρθένῳ,
2487 747 2506 779 ι
2544 726 2656 782 Kal.
2693 727 2823 800 τέξῃ
2848 727 2986 794 υἰδν,
3028 728 3122 781 καὶ
3151 726 3433 790 καλέσεις
3451 725 3707 798 τὸόνομα

2067 815 2231 871 αὐτοῦ
2266 816 2540 885 Ἰησοῦν
2593 834 2612 868 ι
2650 816 2748 871 καὶ
2786 816 2885 889 τήν
2928 817 3218 887 σημασίαν
3255 815 3451 887 δηλῶν
3488 816 3710 885 ἐπήγα-

2067 925 2186 978 γεν,
2216 927 2235 960 ι
2267 907 2443 972 Αὐτὸς
2501 907 2613 980 γὰρ
2671 906 2839 962 σώσει
2892 908 2985 961 τδν
3034 906 3165 964 λαὸν
3224 906 3408 963 αὑτοῦ
3452 905 3568 961 ἀπὸ
3597 906 3709 962 τῶν

2068 998 2356 1072 ἁμαρτιῶν
2402 998 2607 1054 αὐτῶν.
2650 1018 2670 1051 ι
2702 999 2777 1053 Τὸ
2834 998 2911 1066 δὲ,
2937 999 3077 1055 Μεθ’
3120 999 3295 1072 ήμῶν
3342 1002 3375 1053 6
3401 998 3569 1066 Θεὸς,
3599 1000 3709 1054 ἀπὸ

2066 1092 2165 1162 τῆς
2193 1092 2413 1161 φύσεως
2468 1093 2565 1146 καὶ
2592 1092 2694 1163 τῆς
2720 1092 3038 1163 οἰκονομίας
3071 1093 3311 1166 ἐρρέθη,
3346 1092 3429 1157 ὡς
3458 1093 3575 1146 ἀπὸ
3606 1092 3707 1163 τῆς

2066 1181 2352 1253 ἐνεργείας
2379 1180 2441 1238 τὸ
2484 1182 2748 1250 Ἰησοῦς.
2778 1182 2872 1236 Διὸ
2890 1184 2987 1237 καὶ
3016 1185 3128 1248 τοῖς
3161 1184 3446 1254 ποιμέσιν
3480 1183 3704 1255 ἐλέχθη,

2066 1275 2148 1330 ὅτι
2185 1274 2413 1346 Ἐτέχθη
2449 1275 2691 1347 σήμερον
2719 1275 2935 1346 Σωτὴρ,
2963 1276 2991 1329 ὅ
3022 1278 3138 1330 ἐστι
3161 1275 3425 1345 Χριστὸς
3468 1273 3701 1348 Κύριος,

2067 1367 2127 1421 ὲν
2183 1367 2336 1421 πόλει
2386 1367 2586 1422 Δα6ἰδ·
2637 1369 2875 1441 Χριστὸς
2902 1369 2982 1436 δὲ,
3017 1369 3095 1434 ὡς
3129 1370 3549 1441 κεχρισμένος,
3584 1370 3613 1423 ὂ
3638 1371 3702 1441 δὴ

2067 1458 2176 1531 πρὸ
2199 1459 2299 1531 τῆς
2331 1459 2643 1530 οἰκονομίας
2670 1461 2770 1532 οὐχ
2807 1462 3106 1533 ἥρμοττεν.
3146 1462 3193 1515 Τ
3196 1461 3410 1533 εθῆναι
3465 1462 3525 1515 δέ
3564 1479 3698 1532 φησι

2067 1552 2128 1607 τὸ
2164 1552 2360 1623 στόμα
2393 1553 2582 1608 αὑτοῦ
2623 1555 2705 1621 ὡς
2738 1554 3047 1625 μάχαιραν
3090 1554 3335 1620 ὀξεῖαν.
3378 1556 3496 1608 Καὶ
3534 1555 3700 1609 ἀλλα-

2067 1644 2166 1718 χοῦ
2198 1646 2307 1718 γάρ
2339 1662 2514 1717 φησι·
2549 1665 2568 1699 ι
2598 1648 2708 1700 Καὶ
2734 1649 2790 1701 ὲν
2816 1647 3094 1720 πνεύματι
3125 1648 3217 1702 διὰ
3249 1648 3498 1719 χειλέων
3517 1648 3699 1701 ἀνελεῖ

2069 1737 2266 1809 ἀσεϐῆ.
2299 1755 2319 1789 ι
2370 1737 2465 1804 Ὠς
2481 1736 2789 1808 μάχαιραν
2816 1734 2931 1794 οὖν
2962 1758 3127 1811 φησιν
3162 1740 3390 1806 ὀξεῖαν
3411 1741 3695 1811 τμητικήν

367 1820 535 1873 iniam
566 1823 866 1878 convenire
916 1839 1029 1879 non
1080 1827 1285 1894 potuit.
1339 1826 1526 1894 Pergit
1553 1833 1766 1892 autem,
1810 1836 1866 1882 et
1905 1844 1960 1882 os

2068 1845 2124 1881 τε
2146 1829 2243 1882 καὶ
2274 1828 2647 1898 ἀφορίζουσαν
2705 1832 2834 1895 τοὺς
2885 1829 3071 1896 ἀξίους
3115 1830 3261 1886 Θεοῦ
3304 1830 3424 1885 ἀπὸ
3471 1833 3584 1884 τῶν
3616 1832 3690 1902 μὴ

368 1929 526 1966 suum
554 1922 807 1984 tanquam
835 1915 1072 1985 gladium
1102 1926 1317 1971 acutum
1349 1918 1581 1985 positum
1618 1933 1746 1974 esse
1784 1919 1957 1990 signi-

367 2005 515 2060 ficat.
544 2007 638 2060 Ait
662 2008 809 2062 enim
836 2009 1005 2063 etiam
1040 2009 1244 2064 alicubi
1278 2026 1292 2063 ε
1319 2008 1479 2079 552
1510 2029 1528 2061 ι
1563 2010 1628 2064 Ει
1658 2011 1853 2080 spiritu
1879 2012 1961 2065 la-

363 2095 584 2152 biorum
604 2098 900 2154 interliciet
921 2101 1149 2171 impium
1167 2102 1210 2156 ’.
1245 2121 1264 2154 ι
1283 2102 1426 2173 Ergo
1446 2112 1703 2170 tanquam
1722 2103 1962 2174 gladium

364 2200 584 2245 acutum
609 2209 721 2247 esse
754 2194 955 2263 inquit,
1017 2195 1108 2264 qui
1146 2195 1364 2266 dignos,
1418 2196 1486 2251 ab
1532 2197 1620 2263 iis,
1676 2199 1769 2270 qui
1825 2199 1965 2255 tales

2067 1921 2350 1977 τοιούτων.
2380 1923 2525 1992 Φησὶ
2555 1922 2666 1994 γὰρ
2706 1923 2766 1975 ὲν
2791 1923 3182 1992 Εὐαγγεηίοις·
3226 1945 3246 1976 ι
3290 1923 3391 1994 Μή
3425 1926 3690 1999 νομίσητε

2069 2015 2150 2068 ὃτι
2181 2011 2346 2085 ἦλθον
2372 2015 2595 2087 εἰρήνην
2639 2014 2820 2084 βαλεῖν
2872 2014 2967 2068 ἐπὶ
3028 2015 3127 2089 τὴν
3183 2017 3320 2088 γῆν.
3363 2016 3487 2071 Οὐκ
3526 2012 3690 2089 ἦλθον
3767 2016 3772 2023 ’

2075 2105 2261 2177 βαλεῖν
2282 2107 2533 2178 εἰρήνην,
2579 2105 2715 2161 ἀλλὰ
2769 2108 3069 2180 μάχαιραν,
3109 2127 3128 2162 ι
3178 2109 3381 2163 καὶτὰ
3442 2110 3541 2163 ἐπὶ
3565 2111 3688 2166 τού-

2074 2216 2212 2263 τοις.

364 2297 477 2337 non
505 2289 657 2348 sunt,
690 2284 901 2338 dividat
936 2299 1002 2339 ac
1059 2294 1302 2355 separet.
1373 2288 1464 2341 Ait
1499 2289 1645 2343 enim
1718 2290 1771 2343 in
1824 2289 2196 2361 Evangeliis:
2270 2311 2288 2343 ι
2327 2290 2409 2347 Nc
2477 2293 2685 2362 putetis
2777 2294 2923 2364 quod
2990 2298 3239 2352 venerim
3300 2303 3365 2352 ut
3408 2312 3601 2367 pacem
3631 2300 3680 2356 in

364 2384 569 2429 terram
606 2376 900 2431 mitterem.
952 2376 1074 2432 Non
1132 2382 1258 2434 veni
1321 2390 1380 2436 ut
1417 2397 1606 2452 pacem
1647 2385 1956 2448 mitterem;
1997 2385 2093 2440 sed
2136 2392 2195 2440 ut
2230 2387 2471 2457 gladium
2509 2387 2590 2454 ¹⁰;
2619 2405 2640 2439 ›
2680 2396 2733 2442 et
2756 2404 2877 2459 quae
2915 2389 3200 2461 deinceps.

313 2494 329 2507 -
434 2465 667 2532 Quinet
704 2468 820 2538 ipsa
861 2468 1142 2541 Evangelii
1179 2474 1585 2545 promulgatio,
1619 2476 1833 2548 gladius
1866 2478 1960 2533 ad-

360 2576 560 2616 versus
592 2561 801 2617 diaboli
832 2564 1187 2633 tyrannidem
1219 2566 1453 2619 exstitit.
1497 2565 1660 2623 Dedit
1694 2570 1833 2624 vero’
1855 2585 1957 2625 no-

361 2654 448 2710 liis
475 2663 527 2709 ct
560 2655 739 2723 ipsum
772 2654 1002 2724 spiritus
1025 2656 1292 2726 gladium,
1318 2658 1369 2711 id
1399 2666 1484 2712 est
1509 2658 1600 2713 Dei
1626 2661 1856 2716 verbum
1889 2663 1959 2731 “,

362 2745 523 2815 cujus
559 2759 663 2815 ope
692 2747 1003 2801 daemonum
1065 2747 1286 2804 fraudes
1325 2751 1709 2820 propellimus.
1761 2754 1826 2808 Et
1851 2754 1956 2809 ali-

363 2837 493 2892 cubi
529 2838 695 2892 etiam
722 2839 864 2908 apud
896 2839 1223 2909 prophetam
1266 2843 1513 2913 reperias
1549 2862 1562 2899 :
1604 2864 1622 2897 ι
1657 2846 1711 2900 ln
1738 2846 1826 2903 die
1865 2847 1959 2902 illa

361 2930 586 2985 inducet
617 2929 756 2985 Deus
789 2945 1010 2986 sacrum
1047 2932 1314 3001 gladium,
1351 2949 1637 3005 magnum,
1669 2938 1722 2992 in
1757 2938 1959 2993 draco-

362 3039 488 3079 nem
517 3024 828 3089 sinuosum,
879 3039 1114 3096 eumque
1171 3025 1558 3083 interﬁciet”.
1605 3049 1623 3081 ι
1655 3030 1962 3089 Conveniet

360 3128 495 3169 vero
528 3123 581 3167 et
609 3115 819 3169 sanctis
852 3113 987 3183 ipsis
1023 3115 1245 3181 oratio;
1283 3116 1522 3188 indeque
1544 3126 1652 3185 est,
1677 3122 1826 3191 quod
1846 3123 1963 3194 spi-

362 3206 474 3261 ritu
493 3207 602 3261 oris
642 3206 727 3263 sui
759 3206 1028 3261 Ananiam
1063 3214 1118 3262 et
1161 3207 1493 3279 Sapphiram
1533 3211 1757 3268 Petrum
1790 3215 1962 3271 inter-

2138 2480 2254 2533 Καὶ
2308 2478 2370 2532 τὸ
2424 2480 2787 2548 εύαγγελικδν
2814 2481 2871 2535 δὲ
2898 2483 3183 2554 κήρυγμα,
3236 2484 3524 2555 μάχαιρα
3545 2486 3684 2540 κατᾶ

2064 2572 2168 2641 τῆς
2197 2571 2292 2625 τοῦ
2315 2572 2566 2627 διαϐόλου
2591 2574 2909 2645 τυραννίδος
2941 2574 3183 2642 ἐγένετο.
3219 2575 3449 2631 Δέδωκε
3478 2578 3538 2630 δὲ
3556 2580 3686 2648 ἡμῖν

2066 2661 2161 2713 καὶ
2190 2660 2289 2731 τὴν
2318 2659 2414 2714 τοῦ
2447 2662 2765 2732 πνεύματος
2785 2661 3110 2732 μάχαιραν,
3142 2663 3170 2717 ὅ
3189 2664 3315 2716 ἐστι
3342 2666 3500 2734 ῥῆμα
3526 2663 3681 2729 Θεοῦ,

2065 2752 2133 2806 δι’
2154 2749 2214 2808 οὗ
2249 2757 2365 2818 τοῖς
2401 2755 2711 2819 ἐπιϐούλοις
2773 2755 3218 2826 ἀντανιστάμεθα
3274 2755 3525 2828 δαίμοσι.
3579 2756 3681 2810 Καὶ

2064 2842 2301 2914 ἀλλαχοῦ
2355 2843 2412 2896 δέ
2462 2860 2629 2914 φησιν
2697 2844 2726 2896 6
2767 2846 3088 2917 προφήτηςο
3147 2865 3167 2899 ι
3214 2847 3313 2900 Ἐν
3372 2849 3442 2919 τῇ
3502 2845 3680 2918 ἡμέρᾳ

2065 2935 2251 3006 ἐκείνῃ
2284 2933 2476 2999 ἑπάξει
2507 2937 2534 2987 6
2562 2934 2696 2998 Θεὸς
2753 2934 2853 3006 τὴν
2902 2936 3185 3009 μάχαιραν
3215 2938 3324 3008 τὴν
3356 2937 3551 3006 ἁγίαν,
3582 2937 3676 3006 τὴν

2068 3022 2334 3094 μεγάλην,
2374 3022 2467 3075 ἐπὶ
2498 3021 2590 3075 τὸν
2614 3021 2886 3090 δράκοντα
2910 3024 3034 3094 ὄφιν
3066 3025 3311 3094 σκολιὸν,
3344 3027 3442 3081 καὶ
3463 3026 3673 3097 ἀναιρεῖ

2065 3116 2158 3169 τὸν
2187 3115 2478 3187 δράκοντα.
2515 3134 2534 3167 ι
2575 3114 2842 3188 Ἀρμόσει
2869 3115 2926 3169 δὲ
2959 3116 3192 3181 καὶτοῖς
3234 3117 3423 3187 ἁγίοις
3444 3120 3473 3172 6
3497 3118 3669 3186 λόγος.

2068 3207 2159 3280 Τῷ
2190 3207 2241 3277 γ’
2257 3206 2352 3261 οῦν
2377 3207 2522 3279 λόγῳ
2549 3207 2657 3263 τοῦ
2689 3209 2989 3279 στόματος
3015 3208 3182 3263 αὑτοῦ
3216 3211 3435 3282 Πέτρος
3467 3209 3666 3263 ἀνεῖλεν

362 3302 566 3359 fecisse
590 3301 823 3372 legimus
854 3302 942 3361 “z
982 3303 1131 3373 quod
1173 3302 1469 3359 Ezechiam
1524 3305 1655 3362 item
1691 3305 1959 3380 Rapsaca:

2077 3299 2331 3354 Ἀνανίαν
2359 3316 2418 3353 τε
2466 3302 2563 3354 καὶ
2615 3301 2966 3371 Σάπφειραν.
2998 3300 3107 3354 Kal.
3141 3300 3283 3372 εὐχὴ
3331 3301 3391 3354 δὲ
3432 3300 3667 3364 Ἐζεκίου

363 3396 667 3451 exercitum
696 3395 955 3465 precibus
985 3394 1202 3452 fudisse
1235 3396 1318 3464 ¹¹⁶;
1353 3400 1498 3467 quod
1535 3397 1771 3454 Paulum
1805 3401 1961 3456 deni-

364 3502 473 3555 que
501 3486 670 3541 verbo
698 3485 814 3542 oris
870 3487 956 3540 sui
1007 3486 1251 3558 Elymam
1316 3488 1633 3546 obcaecasse
1669 3492 1735 3546 "‘.
1765 3490 1960 3548 Postea

365 3576 595 3646 adjicit:
641 3573 750 3629 Sub
798 3578 1126 3646 protectione
1160 3595 1353 3634 manus
1386 3597 1500 3634 sua:
1547 3583 1826 3637 abscondit
1858 3601 1959 3650 me,

364 3677 428 3723 ut
457 3668 642 3723 multis
672 3669 914 3740 ignotam
966 3664 1319 3727 assumendae
1357 3673 1544 3728 carnis
1593 3677 1959 3729 mconomiam

364 3760 766 3816 subindicaret.
803 3760 899 3817 Est
936 3776 1067 3816 vero
1095 3776 1124 3816 a
1153 3760 1318 3818 Patre
1357 3763 1526 3819 etiam
1560 3766 1763 3836 sagitta
1793 3767 1962 3822 electa

361 3857 589 3924 positus,
611 3862 669 3907 ut
693 3869 789 3910 eos
818 3853 1000 3918 feriat,
1033 3853 1129 3924 qui
1152 3855 1388 3924 spiculis
1410 3856 1587 3927 ipsius
1612 3858 1762 3930 digni
1796 3871 1958 3929 sunt;

364 3962 477 4017 quo
510 3961 665 4001 more
687 3960 746 4000 se
770 3943 1070 4001 dilectione
1097 3960 1419 4015 percussam
1454 3948 1639 4003 anima
1669 3951 1870 4006 cecinit
1894 3952 1958 4010 ".

363 4040 514 4095 Idem
551 4038 811 4093 nimirum
844 4038 900 4092 in
924 4052 1112 4104 carne,
1169 4054 1337 4109 quam
1400 4048 1461 4094 ut
1516 4040 1700 4111 dignis
1749 4050 1960 4100 tantum

364 4142 712 4195 cerneretur,
768 4130 1096 4201 assumpsit,
1149 4138 1416 4202 tanquam
1468 4134 1523 4187 in
1567 4135 1839 4203 pharetra,
1875 4151 1963 4191 re-

364 4225 646 4281 conditus.
677 4220 938 4277 Nonnulli
964 4222 1148 4283 verbis
1172 4223 1319 4289 istis,
1347 4223 1461 4279 Sub
1491 4227 1816 4295 protectione
1846 4245 1963 4283 ma-

364 4335 466 4373 rats
500 4332 612 4371 sua!
639 4315 813 4386 posuit
845 4332 946 4377 me,
980 4312 1176 4369 Filium
1226 4316 1430 4386 ipsum,
1460 4319 1626 4373 etiam
1686 4326 1962 4389 quatenus

364 4411 532 4465 homo
558 4409 735 4463 lactus
763 4414 868 4471 est,
903 4420 932 4460 a
965 4405 1128 4461 Patre
1167 4422 1279 4460 non
1314 4415 1636 4478 separatum
1675 4423 1819 4474 esse,
1865 4424 1961 4464 na-

364 4511 658 4571 turamque
707 4497 1320 4567 incomprehensibilem
1400 4504 1456 4552 et
1519 4498 1957 4568 insuperabilem

362 4596 571 4650 habere
622 4591 788 4664 (quod
847 4592 895 4646 ei
932 4591 1095 4645 etiam
1153 4605 1251 4661 per
1298 4591 1688 4657 oeconomiam,
1737 4589 1960 4647 Davidis

2068 3394 2161 3447 τὸν
2205 3391 2488 3463 Ῥαψάκην
2509 3392 2800 3465 ἐτρέψατο.
2835 3393 3047 3462 Τυφλδν
3070 3393 3127 3447 δὲ
3157 3393 3309 3465 λόγῳ
3337 3394 3436 3448 καὶ
3468 3393 3663 3457 Παῦλος

2068 3480 2162 3534 τὸν
2188 3479 2425 3548 Ἐλύμαν
2456 3480 2740 3550 ἐποίησεν.
2777 3480 2904 3534 Ἐπὶ
2925 3481 3140 3546 τούτοις
3171 3485 3371 3554 φησὶν,
3389 3483 3538 3538 Ὑπὸ
3559 3484 3664 3551 τὴν

2065 3569 2311 3639 σκέπην
2343 3569 2456 3639 τῆς
2485 3571 2682 3639 χειρὸς
2708 3571 2897 3627 αὐτοῦ
2919 3572 3151 3643 ἐκρυψέ
3174 3591 3279 3644 με,
3307 3574 3410 3646 τὴν
3444 3575 3662 3638 πολλοὺς

2069 3663 2446 3719 λανθάνουσαν
2502 3664 2603 3735 τῆς
2664 3667 2725 3719 ὲν
2771 3667 2939 3736 σαρκὶ
3001 3667 3312 3736 παρουσίας
3361 3668 3661 3736 οἰκονομίαν

2071 3754 2518 3826 ὑπαινιξάμενος.
2559 3756 2816 3811 Τέθειται
2845 3757 2915 3811 δὲ
2946 3759 3041 3811 καὶ
3063 3758 3260 3826 βέλος
3284 3759 3393 3812 ὑπὸ
3419 3758 3515 3813 τοῦ
3553 3759 3657 3811 [Iac

2069 3848 2230 3921 τέρος
2262 3849 2573 3917 ἐκλεκτὸν,
2608 3850 2696 3905 ἵνα
2717 3850 3000 3924 τιτρώσκῃ
3023 3850 3149 3915 τοὺς
3178 3850 3374 3927 ἀξίους
3397 3851 3508 3905 τῶν
3536 3851 3656 3902 ἑαυο

2069 3941 2165 3996 τοῦ
2185 3941 2427 4013 κέντρων
2455 3940 2619 4013 (κατὰ
2646 3941 2749 4012 τήν
2777 3943 3046 4011 λέγουσαν
3067 3942 3274 4015 ψυχὴν,
3296 3963 3315 3996 ι
3342 3941 3654 4013 Τετρωμὲνη

2069 4036 2292 4104 ἀγάπης
2320 4033 2432 4103 ἐγὼ
2456 4041 2527 4105 3),
2557 4033 2587 4088 δ
2613 4034 2707 4088 καὶ
2737 4035 2891 4100 αὐτὸ,
2917 4036 2996 4099 ὡς
3022 4038 3079 4090 ὲν
3109 4035 3385 4106 φαρέτρᾳ
3408 4034 3653 4089 λανθάνει

2068 4131 2134 4200 τῇ
2166 4129 2353 4201 σαρκὶ,
2382 4129 2446 4198 ἣν
2468 4126 2785 4199 ἀνείληφεν,
2803 4129 2919 4190 τοῖς
2941 4127 3119 4194 ἀξίοις
3152 4128 3344 4198 μόνοις
3360 4127 3644 4199 ὁρώμενον.

2070 4219 2227 4282 Τινὲς
2263 4219 2322 4272 δὲ
2353 4218 2602 4285 τὸ,⁹Υπὸ
2632 4218 2748 4286 τὴν
2769 4216 3009 4285 σκέπην
3052 4219 3166 4285 τῆς
3230 4218 3439 4288 χειρὸς
3478 4216 3649 4272 αὐτοῦ

2070 4311 2341 4381 ἕκρυψέν
2391 4329 2488 4382 με,
2531 4310 2728 4382 δηλοῦν
2777 4311 2988 4380 ἔφασαν
3038 4310 3350 4383 ἀχώριστον
3392 4306 3528 4364 εἶναι
3561 4306 3645 4362 τοῦ

2069 4405 2214 4461 Πατέ
2225 4422 2313 4476 ρος
2344 4404 2403 4458 τὸ
2429 4403 2576 4467 Υίὸν,
2637 4404 2734 4458 καὶ
2768 4404 2831 4457 τὸ
2859 4414 2887 4453 γ
2911 4403 3137 4473 γέγονεν
3186 4403 3496 4477 ἄνθρωπος,
3522 4401 3643 4469 ἄλη-

2069 4498 2206 4553 πτόν
2237 4516 2296 4552 τε
2327 4499 2421 4552 καὶ
2454 4496 2901 4566 ἀκαταγώνιστον
2949 4496 3096 4568 ἔχειν
3152 4496 3255 4568 τὴν
3307 4497 3486 4567 φύσιν,
3517 4493 3641 4561 ὅπερ

2070 4589 2223 4660 αὐτῷ
2254 4588 2520 4643 καὶκατὰ
2571 4588 2670 4660 τὴν
2732 4589 3049 4657 οἰκονομίαν
3087 4588 3348 4655 ἐσώζετο,
3405 4586 3640 4655 λέγοντος

363 4686 709 4749 testimonio,
746 4681 1130 4749 servabantur,
1156 4696 1281 4736 cum
1330 4681 1449 4734 ait:
1490 4698 1511 4732 ι
1559 4679 1678 4735 Non
1715 4682 1960 4752 proﬁciet

2068 4683 2162 4739 τοῦ
2193 4657 2358 4737 λαὸίδ
2377 4701 2390 4714 ο
2418 4703 2438 4735 ι
2473 4683 2589 4735 Οὐκ
2613 4657 2886 4753 ὠφελήσει
2908 4682 3106 4753 ἐχθρὸς
3135 4685 3192 4736 ὲν
3220 4681 3392 4753 αὐτῷ,
3418 4680 3508 4735 καί
3533 4676 3637 4739 υἱὸς

362 4776 625 4831 inimicus
664 4774 832 4840 ineo,
890 4783 945 4827 et
1001 4772 1146 4829 {ilius
1209 4771 1525 4842 iniquitatis
1579 4786 1688 4826 non
1723 4783 1960 4844 apponet

2068 4776 2289 4847 Ξινομίας
2314 4777 2376 4830 ού
2429 4775 2733 4846 προσθήσει
2780 4775 2874 4829 τοῦ
2908 4775 3161 4829 κακῶσαι
3194 4774 3378 4841 αὐτὸν,
3417 4789 3436 4824 ι
3459 4765 3630 4825 καὶτὰ

365 4858 567 4923 nocere
590 4867 728 4931 ei",
776 4885 794 4918 ι
833 4873 1144 4935 cmteraque
1190 4879 1314 4934 quae
1358 4863 1715 4935 sequuntur),
1746 4864 1958 4934 signiti-

2059 4859 2279 4939 ἐφεξῆς.
2315 4867 2552 4922 Πλεῖστα
2618 4867 2677 4920 δὲ
2706 4866 2776 4920 τὰ
2818 4865 2915 4919 τοῦ
2950 4864 3088 4919 Θεοῦ
3119 4865 3261 4920 κατὰ
3277 4861 3498 4933 καιροὺς
3524 4857 3630 4925 ἐγέο

365 4960 481 5013 cari
511 4960 827 5013 voluerunt.
870 4956 1128 5011 Plurimae.
1151 4964 1332 5010 autem
1364 4969 1488 5009 cum
1515 4954 1611 5011 Dei
1653 4956 1957 5011 secundum

2068 4976 2179 5014 νετο
2206 4958 2357 5029 βέλη.
2411 4957 2742 5012 Ἐκλεκτόν
2791 4957 2851 5011 δὲ
2899 4957 3091 5024 ,βέλος
3146 4957 3243 5011 καὶ
3290 4955 3428 5024 ὑπὲρ
3467 4949 3627 5004 πάντα

364 5062 616 5120 tmnpora
664 5050 879 5119 sagitta:
910 5049 1137 5114 fuerint,
1188 5064 1295 5101 una
1339 5055 1466 5102 ante
1526 5063 1720 5103 omnes
1761 5048 1953 5115 electa,

364 5154 421 5199 et
452 5144 675 5206 eximia,
702 5143 955 5199 Christus
983 5143 1099 5211 ipse
1129 5142 1183 5196 in
1228 5139 1405 5196 Patris
1434 5141 1795 5211 praenotione,
1835 5151 1956 5196 tan-

365 5252 531 5304 quam
579 5236 632 5288 in
664 5233 917 5303 pharetra
962 5233 1305 5301 reconditus,
1356 5235 1529 5289 malas
1566 5235 1622 5288 in
1667 5242 1815 5289 terra
1854 5249 1954 5305 po-

364 5336 596 5385 testates
632 5327 867 5392 feriens,
913 5328 1142 5383 vulnere
1188 5328 1433 5383 sustulit.
1495 5327 1560 5381 Et
1605 5327 1745 5381 dixit
1802 5329 1951 5394 mihi,

365 5420 578 5491 adjicit,
600 5416 795 5476 Servus
831 5434 976 5473 meus
1002 5436 1056 5475 es
1098 5430 1176 5485 tu,
1217 5418 1412 5474 Israel.
1435 5418 1680 5490 Corpore
1707 5419 1954 5489 quidem,

460 5534 481 5566 ⁷
512 5531 645 5587 Luc.
682 5549 721 5597 ι,
747 5532 835 5587 51.

364 5603 414 5637 ⁸⁸
443 5605 566 5660 Act.
599 5620 651 5667 ν,
686 5604 711 5658 1
746 5618 900 5673 seqq.
979 5602 1022 5633 ”
1045 5601 1149 5658 lsa.
1175 5618 1378 5667 xxxvii,
1415 5606 1597 5662 53-36-

2057 5051 2316 5124 Χριστὸς,
2345 5052 2406 5104 ὲν
2440 5049 2753 5122 προγνώσει
2784 5048 2880 5103 τοῦ
2909 5049 3178 5120 Πατέρος,
3206 5050 3280 5112 ὡς
3308 5040 3626 5115 ἐνφαρέτρςι

2063 5141 2466 5214 κρυπτόμενος,
2500 5139 2594 5193 ἐπὶ
2621 5141 2727 5210 γῆς
2753 5139 2854 5204 τὰς
2890 5139 3141 5210 πονηρὰς
3171 5137 3428 5206 δυνάμεις
3470 5144 3621 5184 κατο-

2062 5233 2285 5305 τρὼσας
2310 5233 2588 5306 ἠφάνισεν.
2620 5227 2808 5286 Εἶπεν
2844 5230 2913 5285 δέ
2941 5248 3066 5302 μοι,
3098 5230 3256 5301 φησὶ,
3286 5225 3495 5290 δοῦλός
3518 5233 3620 5287 μου

2064 5324 2125 5383 εἴ
2150 5326 2255 5392 σὺ,
2274 5325 2525 5395 Ἰσραήλ
2542 5341 2556 5355 ·
2588 5324 2733 5379 κατὰ
2756 5324 2820 5378 τὸ
2844 5324 3025 5394 σῶμα,
3051 5322 3114 5375 τὸ
3140 5324 3206 5376 ὲκ
3233 5322 3477 5381 δούλων,
3494 5309 3617 5365 δοῦ-

2063 5423 2193 5485 λος,
2226 5417 2321 5471 καὶ
2346 5418 2489 5471 κατὰ
2525 5416 2589 5470 τὸ
2616 5416 2795 5485 γένος,
2829 5415 2893 5498 τὸ
2936 5415 2998 5480 ἐξ
3033 5413 3305 5484 Ἰσραὴλ,
3350 5399 3614 5477 Ἰσραὴλό

935 5530 957 5563 ⁸
988 5528 1180 5584 Matth.
1206 5548 1243 5595 I,
1272 5532 1362 5584 2|.
1440 5534 1461 5565 ’
1494 5534 1595 5586 lsa.
1628 5548 1701 5589 XI.
1732 5532 1784 5587 4.
1866 5533 1910 5565 ¹⁰
1943 5530 2134 5586 Matth.
2171 5547 2225 5597 κ,
2262 5531 2353 5584 54.

1701 5604 1743 5633 ¹⁵
1767 5606 1889 5658 Art.
1919 5619 2039 5666 xm,
2076 5603 2162 5656 tl.
2246 5602 2467 5657 H*(‘-ant.
2502 5616 2564 5665 ιι,
2601 5601 2655 5655 5,

2469 5529 2511 5560 “
2545 5527 2743 5598 Ephes.
2795 5544 2869 5593 vi,
2898 5527 2983 5582 l7.
3098 5528 3142 5559 "
3180 5525 3375 5598 Ezecj.
3400 5533 3533 5580 xxix,
3559 5511 3606 5566 8-

2734 5600 2775 5631 ¹⁷
2801 5598 2946 5655 Psal.
2975 5613 3234 5667 Lxxxvm,
3269 5594 3356 5661 ἧ.

1640 5695 1875 5753 VARle
1902 5695 2312 5754 LECTIONES.

431 5802 463 5846 1
488 5811 578 5865 γρ.
613 5792 703 5849 τὸν
734 5791 855 5849 Υἰδν
877 5792 971 5846 καὶ
1003 5790 1127 5847 καθ’
1150 5791 1201 5844 ὃ.
