3916 6404
241 312 377 379 2465

1384 306 1920 370 COMMENTARII
1969 304 2051 364 1N
2094 304 2384 365 ISAIAM.

3399 309 3548 372 24ϋῦ

243 426 498 498 Χριστός.
536 423 625 488 Ὣς
646 426 705 481 δὲ
738 426 877 480 Θεοῦ
902 426 1133 496 δύναμις
1162 424 1230 479 δι’
1278 415 1354 480 ὧν
1414 427 1714 498 ἐργάζεται
1744 426 1844 479 δο-

1956 423 2145 492 [ιιιοιιιι
2183 426 2347 477 servis
2402 423 2670 485 duxerat,
2731 438 2886 477 serra
2972 421 3191 479 dicatur
3252 426 3550 493 Christus;

244 517 396 587 ξάζει
423 519 516 574 τὸν
549 509 613 572 οῦ
637 519 753 572 ἐστι
776 517 1010 589 δύναμις
1031 558 1046 583 ,
1092 516 1164 571 ἐν
1195 516 1402 587 μορφῇ
1412 517 1638 572 δούλου
1674 520 1841 588 Tard-

238 629 440 684 μενος,
466 610 652 665 καίτοι
687 610 832 665 κατὰ
853 609 1019 679 φύσιν
1044 608 1310 679 ὑπάρχων
1334 608 1487 675 Υἱὸς,
1542 602 1587 678 ᾦ
1632 608 1842 680 κάμψει

243 705 349 759 πᾶν
406 703 539 772 γόνυ
604 701 869 771 ἐπιγείων
934 701 1030 757 καὶ
1084 700 1485 771 καταχθονίων,
1545 701 1643 754 καὶ
1684 702 1840 756 πᾶσα

241 797 464 867 γλῶσσα
521 793 1010 865 ἐξομολογήσεται,
1062 793 1146 848 ὅτι
1187 793 1395 865 Κύριος
1434 793 1685 860 Ἰησοῦς
1710 794 1844 862 Χρι-

239 890 387 957 στὸς
418 892 499 955 εις
523 889 684 954 δόξαν
722 887 860 942 Θεοῦ
889 887 1159 960 Πατέρος.

307 1161 471 1225 Τινὲς
509 1161 566 1215 δὲ
598 1160 736 1234 πρὸς
784 1160 879 1217 τὸν
923 1160 1075 1227 λαὸν,
1093 1162 1345 1231 Ἰσραὴλ
1393 1162 1648 1234 εἰρῆσθαι
1694 1164 1847 1234 νομί-

242 1267 437 1317 ηναντες
471 1253 641 1324 φασιο
673 1253 959 1309 Δείκνυσιν
990 1255 1073 1309 ὅτι
1102 1254 1168 1308 δι’
1197 1254 1513 1328 ἀγαθότητα
1546 1256 1715 1328 μόνην
1745 1256 1848 1328 ηὐ-

238 1345 437 1414 δόκησε
487 1346 771 1417 Δεσπότης
829 1345 1122 1400 καλεῖσθαι
1173 1345 1268 1399 τοῦ
1306 1345 1593 1415 Ἰσραὴλ,
1647 1347 1743 1401 καὶ
1790 1347 1847 1401 ὲν

234 1437 387 1508 αύτῷ
430 1437 842 1508 δοξασθῆναι,
873 1438 964 1493 διά
988 1456 1047 1492 τε
1078 1437 1190 1493 τῶν
1223 1436 1643 1508 κατἈῖγυπτον
1690 1437 1853 1511 τερά-

235 1547 366 1596 των,
404 1530 502 1583 καὶ
531 1529 639 1583 τῶν
676 1530 877 1602 ἐφεξῆς
902 1531 1229 1599 γεγονότων.
1264 1531 1328 1583 Οἱ
1357 1530 1414 1584 δὲ
1449 1530 1609 1584 αὐτοὶ
1637 1531 1733 1585 καὶ
1764 1534 1847 1615 τὸ,

236 1619 444 1684 Κενῶς
474 1619 797 1686 ἐκοπίασα,
833 1621 898 1672 ὲκ
927 1620 1023 1673 τοῦ
1054 1620 1339 1691 προφήτου
1370 1619 1626 1691 λελέχθαι
1662 1621 1848 1690 φασὶν,

235 1713 314 1775 ὡς
344 1711 521 1765 πολλὰ
556 1712 656 1783 μὲν
690 1714 747 1766 ὲν
775 1712 853 1784 τῷ
886 1712 1180 1785 κηρύττειν
1210 1712 1498 1778 παθόντος,
1529 1713 1605 1786 μὴ
1634 1713 1852 1785 ὠφελήο

239 1820 439 1867 σαντος
471 1803 530 1856 δὲ
560 1803 670 1857 τῶν
688 1804 1044 1859 ἀκουσάντων
1082 1806 1311 1876 μηδένα.
1330 1806 1475 1859 Ἀλλ’
1504 1810 1533 1860 ὁ
1565 1806 1698 1871 Θεός
1737 1823 1850 1878 μοι,

239 1897 398 1966 φησὶ,
421 1895 521 1967 τὴν
548 1898 672 1968 κατ’
693 1895 853 1963 ἀξίαν
878 1898 988 1951 τῶν
1017 1900 1196 1952 πόνων
1228 1899 1561 1955 ἀποδίδωσιν
1591 1901 1851 1971 ἀμοιϐήν.

237 1990 477 2056 Λέγεται
507 1988 563 2042 δὲ
592 1990 773 2056 τοῦτο,
802 1991 956 2060 φασὶ,
992 1990 1087 2045 καὶ
1123 1993 1251 2063 περὶ
1279 1992 1513 2047 ἑκάστου
1545 1992 1856 2064 λαμϐάνον-

238 2096 331 2144 τος
359 2079 637 2151 αἵσθησιν,
666 2082 742 2145 ὡς
776 2083 956 2154 μάτην
1000 2083 1094 2139 τὸν
1138 2085 1331 2156 καιρὸν
1365 2087 1424 2139 ὲν
1451 2089 1574 2149 ταῖς
1608 2085 1705 2140 τοῦ
1738 2086 1854 2156 βίου

239 2172 575 2242 φαντασίαις
606 2174 909 2230 ἀνάλωσεν.
945 2176 1291 2249 Οἰκειότερον
1318 2178 1363 2232 δ’
1391 2179 1457 2233 ἀν
1487 2179 1583 2233 ἐπὶ
1612 2172 1707 2233 τοῦ
1741 2180 1857 2233 Σω-

239 2265 411 2335 τῆρος
455 2265 814 2336 λαμϐάνοιτο,
851 2267 911 2333 ὃς
945 2268 1190 2335 ἀκούσας
1239 2271 1351 2325 τῶν
1395 2272 1708 2343 εἰρημένων
1744 2274 1853 2327 ἀπ-

241 2354 523 2423 εκρίνατο,
549 2356 659 2411 Καὶ
689 2358 828 2425 πῶς,
853 2353 897 2412 ὦ
929 2358 1137 2431 Πάτερ,
1168 2363 1225 2414 ὲν
1256 2361 1381 2432 ἐμοὶ
1401 2362 1789 2435 δοξασθήσῃ,
1829 2365 1858 2417 ό

242 2447 381 2500 ποτὲ
423 2447 598 2501 πολλά
629 2450 827 2520 καμὼν
858 2451 999 2524 ὑπὲρ
1040 2454 1140 2523 τῆς
1186 2453 1295 2506 τῶν
1339 2454 1648 2526 ἀνθρώπων
1677 2472 1856 2525 σωτη-

246 2538 397 2610 ρίας,
429 2539 586 2594 οὐδὲν
613 2540 787 2611 ήνυσα
812 2543 997 2610 πλέον,
1025 2544 1504 2615 ὲναπομεινάντων
1529 2548 1595 2616 τῇ
1624 2547 1856 2618 ἀπιστίᾳ

242 2629 463 2684 πολλῶν
509 2649 567 2685 τε
613 2632 814 2700 ἄλλων,
846 2635 943 2688 καὶ
988 2636 1098 2690 τῶν
1145 2638 1211 2689 ὲκ
1238 2640 1545 2709 περιτομῆς
1571 2655 1586 2705 ;
1617 2638 1747 2711 περὶ
1778 2631 1854 2693 ὦν

244 2720 457 2790 ἔλεγεν·
488 2741 507 2774 ι
534 2724 648 2778 Οὐκ
664 2724 981 2797 ἀπεστάλην
1013 2728 1061 2781 si
1088 2726 1257 2800 μὴείς
1271 2729 1339 2783 τά
1368 2730 1690 2784 ἀπολωλότα
1714 2731 1851 2803 πρό-

243 2809 390 2864 ϐατα
434 2811 589 2867 οἴκου
623 2815 843 2886 Ἰσραὴλ
868 2857 883 2881 ,
926 2837 949 2869 ιη
977 2818 1092 2888 οἵγε
1126 2820 1269 2891 πρὸς
1318 2820 1397 2891 τῷ
1445 2822 1733 2888 ἀπειθεῖν,
1761 2825 1855 2877 καὶ

244 2903 633 2976 ἐσταύρωσαν,
664 2905 741 2969 ὡς
788 2910 1043 2980 εἰρῆσθαι
1091 2913 1187 2965 καὶ
1219 2914 1373 2983 παρὶι
1403 2913 1484 2983 τῷ
1514 2914 1811 2985 Ψαλμῳδῷ
1835 2931 1850 2946 ·

250 3012 270 3046 ι
300 2995 401 3059 Τίς
431 2996 675 3067 ὠφέλεια
706 3000 763 3053 ὲν
793 3000 873 3072 τῷ
901 3001 1096 3072 αἵματί
1127 3021 1231 3073 μου
1254 3046 1267 3069 ,
1299 3005 1356 3058 ὲν
1390 3004 1467 3075 τῷ
1497 3005 1853 3059 καταϐαίνειν

1948 531 2147 586 genere
2212 524 2421 581 autem,
2470 515 2616 584 quod
2645 514 2714 569 ab
2755 512 2911 569 Israe
2934 532 2982 582 ε,
3019 516 3182 587 553
3216 515 3409 574 Israel.
3445 521 3558 577 Sed

1952 619 2215 678 tanquam
2264 608 2360 666 Dei
2416 610 2626 675 virtus,
2690 610 2855 665 rebus
2891 610 3048 679 ipsis,
3100 626 3238 681 quas
3288 623 3556 683 operatur

1947 717 2096 769 eum,
2139 701 2297 772 cujus
2338 702 2516 757 virtus
2541 709 2648 767 est,
2684 702 2858 773 gloria
2876 703 3058 772 afﬁcit,
3103 703 3161 756 in
3189 702 3370 771 [orum
3408 708 3552 761 servi

1947 774 2146 860 factus,
2176 794 2583 864 quantumlibet
2639 807 2839 849 natura
2867 795 3051 862 ﬁlius;
3094 797 3185 849 cui
3243 795 3556 856 inﬂectctur

1948 900 2113 940 omne
2134 901 2276 955 genu
2297 886 2646 940 terrestrium
2690 899 2744 941 et
2769 886 3151 956 infernarum;
3186 905 3348 960 quem
3372 892 3557 947 omnis

1948 976 2120 1030 etiam
2147 977 2334 1047 lingua
2373 977 2663 1033 Dominum
2693 977 2879 1034 Iesum
2913 978 3188 1035 Christum
3224 984 3278 1037 in
3315 984 3554 1055 gloriam

1951 1067 2052 1124 Dei
2079 1068 2259 1124 Patris
2283 1084 2408 1142 esse
2443 1070 2800 1126 conﬁtebitur
2837 1071 2900 1124 ν’.
3044 1138 3049 1143 ι

2019 1157 2280 1213 Nonnulli
2309 1159 2377 1214 ad
2413 1174 2607 1216 vocem
2670 1159 2853 1216 Israel
2897 1162 3093 1219 referri
3128 1165 3406 1233 arbitrati,
3443 1164 3552 1221 Do-

1952 1250 2129 1316 mino,
2167 1259 2394 1322 propter
2452 1251 2764 1306 bonitatem
2796 1253 2997 1319 solam,
3047 1253 3222 1311 Israel
3261 1256 3552 1327 appellari,

1951 1352 2009 1399 et
2039 1346 2093 1398 in
2114 1358 2205 1409 eo,
2219 1352 2446 1414 propter
2470 1342 2741 1399 miracula
2797 1361 2920 1415 quae
2951 1346 3008 1400 in
3041 1347 3280 1419 IEgypto
3302 1358 3360 1404 et
3388 1349 3554 1404 deino

1955 1451 2087 1506 ceps
2113 1444 2332 1505 patrata
2394 1447 2545 1501 sunt,
2590 1438 2818 1507 gloriari
2851 1440 3126 1507 placuisse
3183 1442 3553 1496 arbitrantur.

1954 1527 2161 1582 Putant
2203 1528 2370 1605 iidem
2398 1528 2570 1584 verba
2603 1530 2730 1597 ista,
2767 1529 2998 1585 Frustra
3037 1532 3295 1601 laboravi,
3330 1550 3397 1589 ex
3426 1550 3557 1605 pro-

1958 1621 2134 1691 phetze
2161 1636 2397 1692 persona
2440 1621 2575 1686 dici,
2627 1629 2891 1692 tanquam
2927 1638 2988 1679 se
3022 1625 3409 1681 concionando
3445 1642 3557 1682 non

1958 1729 2149 1785 parum
2177 1715 2503 1779 desudasse,
2539 1714 2636 1770 sed
2679 1715 2818 1769 nihil
2840 1716 2966 1772 inde
2991 1716 3283 1786 probiores
3310 1719 3559 1775 evasisse

1960 1804 2265 1871 auditores,
2301 1816 2678 1875 conqueratur
2734 1825 2749 1860 :
2798 1821 3038 1876 eumque
3088 1808 3195 1863 sibi
3240 1817 3298 1863 ut
3331 1809 3558 1881 dignam

1960 1896 2211 1951 laborum
2253 1896 2569 1953 mercedem
2627 1907 2861 1968 reponat
2903 1898 3193 1966 Dominus,
3248 1904 3553 1972 postulare.

1962 1990 2226 2045 Sumatur
2263 1999 2318 2046 et
2345 1991 2502 2056 illud,
2560 1990 2735 2058 aiunt,
2771 1991 2840 2047 de
2868 1990 3094 2061 homine
3132 1996 3402 2065 quolibet,
3460 1997 3556 2065 qui

1960 2081 2096 2137 sein
2126 2081 2365 2139 diversis
2435 2081 2601 2153 hujus
2669 2084 2797 2139 vitae
2855 2085 3205 2154 voluptatum
3256 2088 3555 2154 generibus

1958 2172 2169 2229 frustra
2190 2180 2407 2243 tempus
2425 2176 2793 2246 insumpsisse
2814 2178 3164 2233 recordetur.
3196 2178 3305 2235 Sed
3332 2185 3557 2250 proprie

1960 2267 2135 2336 magis
2163 2269 2235 2319 ad
2265 2264 2613 2321 Salvatorem
2671 2265 2972 2332 referatur,
3016 2269 3110 2338 qui
3146 2270 3356 2325 auditis
3393 2286 3555 2340 supe-

1959 2356 2202 2411 rioribus
2233 2356 2338 2410 ista
2390 2364 2633 2425 reponat
2661 2373 2678 2410 :
2708 2356 3028 2422 Enimvero,
3060 2357 3249 2427 Pater,
3276 2362 3365 2430 qui
3407 2371 3462 2416 tu
3498 2362 3553 2416 in

1960 2462 2049 2502 me
2078 2446 2475 2518 gloriﬁcabcris
2497 2488 2513 2513 ,
2552 2463 2677 2502 cum
2712 2449 2900 2504 multis
2927 2465 3027 2520 pro
3062 2451 3241 2507 salute
3267 2453 3555 2508 hominum

1958 2540 2244 2597 laboribus
2270 2542 2587 2607 exantlatis,
2610 2541 2749 2596 nihil
2770 2544 3121 2612 profecerim,
3148 2546 3341 2601 multis
3366 2545 3549 2601 adhuc

1958 2632 2083 2688 aliis
2144 2635 2199 2687 in
2248 2632 2645 2689 incredulitate
2699 2636 3179 2704 permanentibus,
3243 2645 3298 2691 et
3343 2636 3553 2694 Judaeis

1956 2722 2133 2794 ipsis?
2159 2721 2231 2778 At
2262 2723 2323 2777 dc
2359 2723 2482 2779 istis
2540 2725 2879 2794 intelligens,
2906 2742 2966 2781 se
2990 2742 3098 2782 non
3154 2724 3386 2783 nisi’ad
3421 2745 3557 2785 oves

1957 2814 2158 2869 domus
2190 2813 2377 2879 Israel,
2417 2831 2540 2885 qua:
2572 2816 2876 2886 perierant,
2904 2817 3138 2872 missum
3167 2817 3308 2873 dixit
3330 2819 3406 2885 ¹⁹;
3432 2835 3559 2888 qua)

1958 2915 2141 2963 tamen
2169 2914 2224 2962 et
2256 2909 2385 2978 ipsa:
2412 2920 2779 2978 praeterquam
2804 2910 2956 2978 quod
2989 2909 3151 2963 [idem
3178 2911 3549 2980 ablteguruut,

1957 3012 2082 3052 eum
2135 2997 2300 3051 etiam
2339 2996 2493 3052 cruci
2528 2997 2839 3060 at‘ﬁxeruut,
2864 2999 2931 3053 de
2961 3014 3071 3068 quo
3108 3000 3192 3053 sic
3229 3000 3374 3069 apud
3401 3000 3559 3054 Davi-

247 3105 319 3161 με
352 3089 433 3152 εἰς
473 3089 813 3161 διαφθοράν;
850 3112 868 3143 ι
910 3094 1048 3146 Ἀλλ’
1084 3097 1283 3148 ἐκεῖνοι
1340 3096 1439 3167 μὲν
1484 3096 1761 3151 ταῦτα.Ἠ
1794 3098 1849 3151 δὲ

1959 3088 2081 3142 dem
2109 3088 2378 3158 legimus:
2408 3105 2427 3139 ι
2452 3087 2586 3155 Quae
2617 3089 2828 3143 utilitas
2853 3089 2909 3142 in
2928 3089 3203 3159 sanguine
3228 3106 3369 3156 meo,
3404 3092 3557 3162 quod

244 3180 451 3250 κρίσις
501 3199 622 3251 μου
661 3183 823 3252 παρά
872 3182 954 3250 τῷ
997 3186 1210 3255 Κυρίῳ.
1233 3186 1375 3256 Ἐγὼ
1429 3188 1539 3259 γὰρ
1589 3190 1656 3242 τά
1707 3190 1850 3258 παρ’

244 3272 489 3343 ἐμαυτοῦ
520 3275 735 3345 πράξας
772 3277 1053 3332 ἐναντίον
1077 3279 1183 3333 τοῦ
1212 3280 1361 3333 Θεοῦ
1384 3298 1529 3349 μου,
1559 3280 1618 3334 τὸ
1649 3298 1849 3352 πατρι-

244 3366 343 3420 κὸν
374 3367 673 3423 ὲτελείωσα
708 3370 982 3443 βούλημα.
1022 3374 1122 3427 Διά
1158 3374 1322 3427 τοῦτο
1366 3374 1423 3428 δὲ
1455 3376 1552 3428 καὶ
1584 3376 1622 3443 ἡ
1650 3377 1850 3444 κρίσις

241 3458 602 3530 αξενήνεκται
628 3462 759 3533 παρ’
787 3461 977 3518 αὐτοῦ.
998 3465 1400 3536 Ἐξεϐλήθησαν
1431 3467 1541 3537 γὰρ
1574 3468 1677 3536 τῆς
1712 3469 1851 3539 πρὸς

244 3552 415 3612 ιῦτδν
442 3554 802 3626 οἰκειότητος.
834 3556 915 3610 Τὰ
955 3557 1013 3609 δὲ
1040 3553 1171 3629 ἔθνη
1203 3562 1398 3626 γέγονε
1445 3558 1650 3628 κλῆρος
1685 3556 1846 3612 Θεοῦ.

254 3644 375 3711 [ἢν
409 3646 618 3714 κρίσιν
641 3646 698 3700 δὲ
728 3647 932 3719 ταύτην
962 3649 1059 3703 καὶ
1085 3649 1173 3703 διά
1203 3652 1301 3721 τῆς
1333 3650 1655 3721 παραϐολῆς
1679 3650 1709 3703 ὁ
1738 3649 1849 3704 Κύ-

250 3753 366 3807 ριος
394 3736 591 3806 ἔδειξε,
610 3740 868 3811 περὶτῶν
896 3741 1160 3812 γεωργῶν
1190 3741 1363 3810 λέγων
1390 3742 1501 3795 τῶν
1527 3742 1617 3795 τὶν
1646 3741 1849 3813 κληρο-

246 3830 415 3900 νόμον
444 3831 847 3896 ἀπεκτονότων,
874 3831 967 3896 of);
1016 3834 1112 3887 καὶ
1160 3834 1455 3900 ἀπολέσας,
1492 3833 1703 3901 ἑτέροις
1751 3834 1845 3888 τὸν

248 3920 557 3991 ἀμπελῶνα
586 3926 855 3995 γεωργοῖς
907 3923 1193 3989 ἐξέδωκεν,
1224 3924 1421 3987 οἵτινες
1471 3922 1846 3977 ἀποδώσουσιν

249 4012 404 4087 αύτῷ
430 4014 556 4078 τοὺς
585 4017 832 4088 καρποὺς
863 4018 920 4070 ὲν
962 4020 1075 4081 τοῖς
1105 4008 1318 4088 καιροῖς
1347 4015 1551 4071 αὐτῶν.
1592 4009 1755 4070 Οὗτοι
1786 4015 1845 4070 δὲ

246 4102 393 4179 ἦσαν
420 4107 528 4162 τῶν
560 4109 911 4179 Εύαγγελιων
945 4112 995 4163 οἱ
1027 4112 1288 4183 κήρυκες,
1324 4111 1412 4179 ἐφ’
1446 4103 1521 4164 ὧν
1543 4119 1565 4146 ι
1599 4111 1657 4162 ai
1688 4107 1846 4179 νεφέ-

248 4198 337 4255 λαι
378 4198 630 4270 καθῆκαν
661 4200 851 4265 ὑετοὺς
884 4203 939 4256 αἱ
970 4201 1349 4255 κελευσθεῖσαι
1384 4202 1460 4272 μὴ
1490 4201 1710 4272 βρέχειν
1751 4202 1845 4254 ἐπὶ

129 4339 146 4353 ,
248 4292 344 4348 τὸν
380 4292 670 4347 Ἰουδαϊκὸν
700 4294 1022 4365 ἀμπελῶνα,
1055 4294 1141 4365 ἐφ’
1170 4287 1245 4349 ὧν
1279 4295 1380 4347 οὐκ
1411 4295 1675 4361 ἀκάνθας,
1707 4292 1845 4348 ἀλλά

254 4383 533 4453 σταφυλὰς
560 4383 864 4456 ἐτρύγησεν
893 4387 921 4439 ὁ
948 4386 1208 4458 Χριστὸς,
1239 4385 1507 4456 λεγόντων
1554 4385 1732 4456 ήμῶν,
1762 4385 1844 4439 ότι.

1959 3179 2242 3235 descendo
2301 3180 2356 3233 in
2389 3180 2810 3248 corruptionem
2831 3180 2965 3233 ’°?t
3002 3181 3109 3236 Sed
3175 3182 3281 3238 ista
3331 3183 3556 3254 quidem

1960 3270 2059 3324 illi.
2095 3269 2357 3341 Sequitur
2382 3286 2531 3337 vero,
2555 3272 2822 3340 judicium
2860 3288 3035 3327 meum
3064 3274 3207 3342 apud
3239 3273 3555 3331 Dominum.

1959 3362 2074 3433 Ego
2107 3365 2277 3430 enim,
2308 3365 2511 3433 inquit,
2547 3380 2668 3433 qute
2692 3379 2723 3418 a
2755 3381 2842 3420 me
2874 3367 2996 3435 ipso
3018 3377 3200 3433 erant,
3233 3385 3411 3422 coram
3442 3368 3554 3423 Deo

1959 3473 2074 3511 meo
2134 3467 2466 3520 exsecutus,
2508 3465 2754 3526 paterna:
2781 3459 3085 3515 voluntatis
3135 3461 3297 3517 linem
3323 3461 3558 3533 adeptus

1958 3562 2123 3602 sum:
2163 3547 2236 3601 ob
2285 3547 2453 3617 idque
2483 3559 2535 3603 et
2557 3548 2830 3618 judicium
2870 3551 2942 3605 ab
2968 3566 3034 3607 eo
3057 3552 3227 3606 latum
3270 3561 3378 3609 est.
3417 3553 3560 3609 Sunt

1956 3639 2102 3696 enim
2129 3638 2199 3694 ab
2226 3654 2311 3704 ea,
2364 3653 2531 3708 quam
2589 3656 2713 3695 cum
2771 3641 3005 3699 Domino
3068 3644 3368 3709 habebant,
3418 3661 3557 3702 con-

1952 3729 2246 3802 junctione
2303 3731 2544 3797 divulsi;
2580 3740 2775 3802 gentes
2846 3743 3030 3790 autem
3084 3736 3137 3789 in
3187 3736 3285 3791 Dei
3339 3749 3555 3794 sortem

1955 3810 2161 3877 ascita).
2194 3819 2474 3876 Iudicium
2525 3838 2694 3893 porro
2749 3824 2898 3881 istud
2951 3826 3037 3880 vel
3064 3826 3180 3897 ipse
3204 3828 3258 3881 in
3287 3830 3555 3898 parabola

1954 3910 2220 3967 Dominus
2255 3913 2323 3968 de
2352 3914 2636 3983 agricolis,
2694 3918 2788 3986 qui
2819 3916 3095 3973 hteredem
3130 3919 3555 3989 interemerant,

1957 4007 2179 4062 locutus
2212 4005 2501 4072 indicavit,
2554 4021 2679 4061 cum
2709 4008 2945 4065 sublatis
2972 4009 3118 4075 istis,
3158 4012 3300 4079 aliis,
3329 4015 3422 4083 qui
3447 4017 3556 4072 sibi

1955 4111 2102 4155 stato
2134 4106 2188 4155 et
2213 4098 2412 4171 idoneo
2443 4109 2690 4171 tempore
2723 4101 2940 4157 fructus
2963 4104 3301 4172 redderent,
3337 4107 3556 4163 vincam

1954 4208 2113 4249 suam
2162 4192 2480 4248 elocavit".
2517 4191 2558 4246 li
2593 4208 2725 4248 vero
2759 4195 3097 4249 exstiterunt
3130 4198 3555 4268 evangeliorum

1952 4299 2240 4356 praecones
2307 4285 2435 4357 ipsi,
2463 4286 2515 4340 in
2551 4302 2693 4358 quos
2734 4288 2910 4343 nubes
2946 4287 3112 4361 554
3172 4291 3554 4367 ilhc",quaeiu

1952 4375 2235 4432 Judaicam
2265 4377 2429 4431 vitem
2460 4376 2723 4448 depluere
2748 4378 3100 4444 vetabantur,
3130 4381 3371 4450 pluviam
3397 4398 3555 4438 suam

264 4475 325 4530 Ὀ
359 4476 567 4549 Κύριος
591 4477 752 4531 δώσει
786 4479 1157 4551 χρηστότητα,
1193 4479 1291 4533 καὶ
1320 4480 1352 4550 ἡ
1382 4479 1453 4549 γῆ
1502 4478 1662 4550 ήμῶν
1685 4476 1846 4531 δώσει

1956 4470 2469 4539 demiseruntzquo
2528 4468 2737 4525 factum
2793 4477 2901 4533 est,
2930 4478 2991 4524 ut
3021 4485 3129 4526 non
3185 4472 3403 4541 spinas,
3444 4474 3545 4528 sed

247 4571 381 4633 τοὺς
429 4571 679 4640 καρποὺς
727 4571 930 4625 αὐτῶν.
965 4572 1075 4625 Καὶ
1125 4572 1301 4636 ἄλλως
1347 4571 1405 4623 δὲ
1456 4571 1567 4625 τὸν
1608 4570 1853 4625 πόνονό

249 4660 466 4725 Παῦλος
494 4661 659 4716 αὐτοῦ
694 4662 794 4717 καὶ
832 4666 948 4733 τὴν
978 4664 1183 4733 κρίσιν
1210 4663 1364 4734 δηλοί
1387 4663 1562 4732 λέγων
1582 4678 1596 4692 ’
1631 4683 1650 4715 ι
1667 4664 1766 4727 ’ος
1796 4664 1854 4715 ὲν

254 4758 445 4830 μορφῇ
495 4755 633 4809 Θεοῦ
668 4756 963 4828 ὑπάρχων,
997 4758 1095 4827 οὐχ
1144 4757 1439 4828 ἁρπαγμὸν
1493 4757 1762 4827 ἡγήσατο,
1792 4755 1855 4809 τὸ

255 4843 396 4903 εἶναι
444 4847 535 4903 ἴσα
567 4847 709 4917 Θεῷ,
757 4848 871 4902 ἀλλ’
893 4849 1086 4902 ἑαυτὸν
1115 4849 1385 4902 ἐκένωσεν
1420 4848 1639 4919 μορφὴν
1665 4846 1853 4901 δούλου

255 4938 463 5005 λαϐὼν,
501 4940 741 5012 ὑπήκοος
772 4942 1013 5010 γεγονὼς
1032 4941 1109 5010 τῷ
1137 4940 1364 5013 Πατέρι,
1396 4940 1559 5011 μέχρι
1590 4939 1847 5005 θανάτου,

255 5031 490 5085 θανάτου
508 5031 564 5088 δὲ
585 5032 843 5104 σταυροῦ.
867 5032 958 5086 Διὸ
980 5031 1075 5086 καὶ
1098 5031 1458 5103 ὑπερύψωσεν
1483 5031 1669 5098 αὑτὸν,
1693 5030 1850 5103 φησὶ,

251 5123 314 5177 τὸ
341 5123 513 5194 ὄνομα
532 5125 656 5189 δοὺς
681 5127 742 5179 τὸ
771 5124 915 5197 ὑπὲρ
944 5127 1055 5179 πᾶν
1088 5126 1280 5195 όνομα,
1311 5125 1396 5179 ἵνα
1428 5125 1488 5178 ὲν
1516 5123 1595 5196 τῷ
1625 5124 1851 5196 ὀνόματι

254 5212 424 5267 αὐτοῦ
452 5215 562 5267 πᾶν
592 5214 723 5283 γόνυ
754 5215 969 5286 κάμψῃ.
1008 5233 1027 5266 ι

1952 4578 2090 4620 uvas
2150 4561 2409 4617 Christus
2442 4561 2731 4632 collegerit
2816 4586 2831 4628 -,
2864 4562 3009 4618 sicut
3040 4563 3143 4633 ipsi
3194 4564 3554 4633 proﬁtemur,

1954 4670 2080 4711 cum
2117 4655 2403 4709 Dominum
2432 4654 2832 4725 benignitatem
2856 4670 3042 4721 suam,
3073 4663 3393 4726 terramque
3443 4658 3556 4712 l'ru-

1954 4755 2104 4803 ctum
2148 4762 2309 4802 suum
2340 4746 2604 4801 daturum
2631 4762 2757 4802 esse
2801 4749 3144 4805 canimus".
3185 4748 3338 4804 Alias
3366 4756 3555 4805 autem

1954 4849 2009 4895 et
2038 4838 2244 4895 Paulus
2269 4839 2388 4909 ipse
2419 4838 2669 4908 ejusdem
2703 4838 2938 4893 laborem
2963 4850 3014 4893 et
3029 4840 3299 4908 judicium
3342 4840 3556 4896 indica-

1956 4933 2060 4994 vit,
2110 4929 2204 4985 ubi
2242 4930 2318 4983 ait
2351 4943 2365 4981 :
2393 4948 2412 4981 ι
2437 4929 2543 4996 Qui
2574 4945 2702 4984 cum
2736 4930 2789 4983 in
2821 4928 2994 4984 forma
3062 4928 3154 4984 Dei
3205 4939 3377 4997 esset,
3439 4947 3557 4987 non

1956 5025 2207 5096 rapinam
2240 5022 2546 5078 arbitratus
2581 5030 2668 5079 est
2698 5038 2821 5079 esse
2854 5038 2913 5078 se
2961 5024 3227 5093 aequalem
3280 5022 3414 5091 Deo,
3453 5024 3558 5079 sed

1960 5120 2201 5189 seipsum
2231 5116 2538 5173 exinamvit
2566 5116 2800 5172 formam
2869 5118 3015 5173 servi
3061 5118 3362 5188 accipiens,
3403 5107 3557 5172 Patri

1959 5209 2143 5265 factus
2173 5206 2438 5264 obediens
2480 5224 2658 5279 usque
2689 5208 2756 5265 ad
2799 5219 3055 5275 mortem,
3090 5220 3323 5265 mortem
3363 5220 3556 5264 autem

254 5302 731 5375 crucis.Propter
783 5304 933 5375 quod
984 5304 1151 5359 etiam
1207 5304 1477 5359 exaltavit
1545 5303 1724 5367 illum,
1802 5300 2005 5371 inquit,
2064 5308 2115 5355 et
2159 5297 2313 5353 dedit
2381 5298 2463 5352 illi
2526 5314 2750 5367 nomen,
2806 5299 2955 5371 quod
3012 5309 3101 5356 est
3158 5316 3323 5375 super
3383 5317 3556 5362 omne

255 5407 562 5464 nomen,ut
590 5401 642 5455 in
683 5401 907 5457 nomine
972 5400 1149 5471 ipsius
1224 5416 1388 5457 omne
1441 5416 1584 5472 genu
1620 5398 1873 5454 ﬂectatur
1891 5398 1960 5451 ’ἢ
2001 5415 2019 5447 ι

331 5511 379 5583 ‘f
415 5511 655 5583 Philipp.
695 5531 756 5579 ιι,
784 5515 838 5580 9,
878 5514 967 5570 10.

257 5582 307 5616 ⁸³
347 5580 720 5660 Ρεελιιήιν,
749 5591 838 5650 l5.
871 5586 918 5619 ’δ
956 5585 1197 5659 Philipp.
1245 5603 1311 5654 ιι,
1338 5580 1495 5643 7-10.

1081 5517 1125 5549 ¹⁹
1153 5514 1346 5571 Matth.
1384 5530 1468 5581 xv,
1501 5514 1592 5569 2t.
1670 5515 1716 5546 ²⁰
1749 5512 1897 5569 Psal.
1946 5524 2103 5565 nix.
2161 5507 2251 5564 10.
2326 5508 2368 5541 ¹¹
2433 5507 2627 5565 Matth.
2677 5524 2791 5576 ut,
2826 5509 2893 5567 '55
2931 5525 3083 5584 seqq.

3166 5509 3211 5544 “
3248 5508 3351 5567 lsa.
3384 5531 3465 5586 ιχ,
3480 5517 3543 5575 3.

598 5657 639 5697 ⁸
705 5657 714 5660 ’
1107 5657 1156 5659 ”
1592 5678 1820 5735 vanus
1861 5672 2269 5735 LECTIONES.

332 5776 362 5809 ⁸
388 5787 485 5840 τε).
523 5767 644 5835 οὓς.
