3916 6430
394 338 537 402 2467

1738 330 2099 392 PROCOPII
2141 331 2385 393 GAZEI

3572 332 3710 398 2468

464 452 593 507 llzrc
649 460 830 508 autem
899 448 1204 506 secundum
1257 461 1483 503 carnem
1543 446 1846 518 intelliges.
1886 446 1985 501 Est

2161 447 2347 501 Ταῦτα
2391 446 2447 499 66
2496 446 2639 501 κατὰ
2689 446 2869 518 σάρκα
2898 448 3134 520 νοήσεις.
3160 428 3343 502 δύσει
3377 446 3496 517 γὰρ
3524 447 3658 513 Θεὸς
3685 452 3714 503 6

392 546 539 601 enim
602 542 778 599 Filius
853 554 1053 597 natura
1133 540 1321 606 Deus,
1378 554 1483 595 nec
1530 539 1831 607 laborans,
1884 554 1988 595 nec

395 637 702 694 mercedem
735 635 977 690 laborum
1001 633 1224 689 nomine
1248 633 1560 704 postulans.
1577 630 1727 688 Voce
1756 642 1987 702 praeter-

391 745 454 786 ea
487 746 624 785 usus
681 728 1000 783 hominibus
1062 740 1331 797 congrua,
1379 741 1589 781 servum
1645 743 1700 780 se
1756 725 1821 780 ab
1870 727 1987 795 ipso

391 820 583 875 matris
603 826 750 871 utero
780 816 1072 887 formatum
1103 814 1241 871 dicit
1275 832 1288 868 :
1319 815 1437 885 qui,
1478 816 1754 884 quatenus
1788 812 1988 881 Filius,

391 926 505 967 non
538 909 802 979 formatus
839 917 1020 962 tamen
1056 907 1149 968 sit.
1187 907 1280 961 sed
1339 906 1436 977 qui
1490 913 1769 976 quatenus
1805 920 1986 959 servus

392 998 614 1058 car'nem
644 1009 816 1072 gerat.
844 997 947 1066 Qui
985 999 1156 1061 enim,
1195 998 1241 1053 si
1266 1008 1461 1053 natura
1515 1013 1709 1053 servus
1743 1004 1861 1052 erat
1898 994 1988 1051 Fi-

392 1094 523 1158 lius,
552 1094 607 1147 in
630 1093 934 1148 servitutem
964 1091 1231 1161 formatus
1257 1105 1383 1146 esse
1404 1089 1660 1144 dicatur?
1708 1088 1840 1145 Esse
1890 1090 1989 1160 igi-

393 1192 485 1238 tur
552 1192 747 1237 natura
796 1183 1033 1237 liberum
1085 1181 1515 1250 apparet._lstud
1563 1182 1709 1235 enim
1745 1181 1830 1235 vel
1866 1181 1987 1252 ipsa

393 1276 709 1333 didrachmi
770 1277 1034 1346 pensione
1082 1277 1218 1330 satis
1279 1274 1567 1339 indicavit,
1604 1290 1728 1329 cum
1762 1274 1985 1330 Petrum

392 1369 596 1425 liberos
635 1384 760 1425 esse
797 1368 940 1424 ﬁlios
984 1367 1446 1438 docuit".ltaque
1474 1383 1539 1422 ex
1562 1375 1719 1422 utero
1753 1365 1894 1420 dixit
1972 1407 1986 1432 ,

392 1470 451 1515 ut
467 1462 739 1516 servitutis
782 1460 1047 1529 temporis
1070 1458 1414 1522 ostenderet,
1448 1458 1702 1527 ejusque,
1735 1473 1861 1529 quae
1897 1473 1985 1512 se-

394 1552 636 1608 cundum
680 1567 904 1606 carnem
934 1560 1039 1616 est,
1083 1550 1392 1605 nativitatis
1419 1550 1644 1604 modum
1679 1549 1989 1620 distingue-

391 1655 500 1704 ret.
539 1647 745 1703 Deinde
789 1647 994 1701 servilis
1059 1645 1402 1714 formationis
1431 1659 1659 1700 causam
1687 1644 1984 1708 deﬁniens,

391 1737 739 1793 adJacobum
797 1738 1219 1809 Congregaudum
1289 1738 1487 1793 factam
1521 1754 1646 1795 esse
1691 1738 1981 1810 adjunxit;

394 1830 557 1900 cujus
609 1832 831 1885 no:nine
892 1827 1106 1884 tantum
1161 1831 1537 1898 formationem
1587 1828 1751 1885 istam
1794 1830 1987 1897 subiit,

394 1938 520 1977 cum
560 1923 614 1977 in
636 1922 860 1977 minime
893 1920 1127 1976 formata
1156 1923 1452 1978 divinitate
1504 1921 1844 1993 quiesceret.
1883 1920 1990 1977 Eos

394 2015 541 2069 enim
593 2016 758 2070 etiam
800 2029 926 2069 cum
984 2014 1111 2071 aliis
1167 2012 1422 2081 Satanas,
1480 2014 1597 2071 sive
1646 2013 1794 2085 quod
1846 2013 1990 2069 idola

393 2108 682 2172 colerent,
750 2108 867 2163 sive
939 2108 1088 2177 quod
1140 2107 1432 2164 hominum
1503 2107 1764 2163 mandata
1828 2107 1991 2163 doce-

395 2210 543 2263 rent,
576 2215 604 2252 a
636 2199 744 2253 Deo
799 2205 1152 2267 separaverat
1195 2216 1211 2253 :
1262 2199 1360 2254 sed
1427 2199 1616 2254 hostes
1682 2199 1775 2254 Dei
1815 2199 1991 2255 factos

393 2293 652 2347 Christus
701 2292 818 2360 ipse
847 2291 991 2346 Patri
1029 2291 1431 2357 reconciliavit,
1459 2292 1606 2360 quod
1639 2293 1770 2346 olim
1814 2299 1873 2346 ut
1906 2292 1991 2346 fa-

393 2393 606 2448 cerent,
642 2398 829 2453 pacem
849 2399 976 2437 cum
1002 2398 1067 2439 eo
1091 2385 1386 2439 iucundam
1410 2400 1533 2440 esse
1556 2385 1861 2439 inclamans
1879 2398 1989 2439 non

392 2477 568 2532 Isaias
618 2479 803 2544 modo,
839 2475 935 2531 sed
967 2477 1068 2546 ipsi
1100 2476 1267 2531 etiam
1319 2477 1581 2547 discipuli
1626 2493 1725 2547 pro
1758 2477 1989 2533 Christo

394 2567 668 2637 legatione
693 2565 1072 2636 fungentes",
1105 2574 1371 2638 tanquam
1404 2566 1514 2622 Deo
1554 2582 1650 2638 per
1675 2567 1826 2637 ipsos
1867 2582 1990 2636 pro-

394 2667 650 2722 vocante,
711 2661 1070 2730 nondumque
1133 2660 1239 2715 sibi
1299 2674 1520 2714 rursum
1577 2674 1676 2729 per
1704 2658 1988 2713 Christum

392 2746 807 2816 reconcili'hnte,
841 2758 1198 2804 monuerant.
1234 2748 1626 2819 lntelligantur
1654 2764 1786 2803 vero
1812 2746 1992 2801 Israe-

393 2842 463 2896 lis
489 2851 544 2896 et
572 2838 763 2895 Jacobi
785 2842 1124 2907 nominibus,
1158 2857 1286 2907 non
1313 2842 1347 2895 ii
1385 2851 1621 2907 tantum,
1658 2841 1752 2911 qui
1784 2855 1849 2894 es
1877 2839 1990 2893 cir-

393 2935 740 2990 cumcisione
763 2944 915 3000 sunt,
947 2934 1015 2990 ad
1047 2951 1187 3005 quos
1236 2933 1397 3005 555
1438 2935 1604 2989 etiam
1666 2934 1898 2989 missum
1932 2947 1991 2987 se

396 3043 525 3083 esse
578 3027 948 3093 demonstrat,
987 3044 1115 3083 cum
1153 3028 1209 3082 in
1261 3030 1404 3082 viam
1440 3029 1684 3100 gentium
1712 3010 1993 3081 ambulare

2096 538 2241 606 Υἱὸς,
2270 538 2331 593 οὐ
2364 536 2611 604 κοπιῶν,
2638 539 2743 593 οὐκ
2768 537 3010 609 ἀμοιϐὴν
3038 539 3161 593 ἀντὶ
3191 540 3414 594 κόπων
3435 538 3712 611 δεόμενος.

2093 626 2227 686 Εἶτα
2261 631 2427 687 πάλιν
2468 631 2939 704 ἀνθρωποπρεπεί
2964 632 3319 703 κεχρημένος
3353 633 3539 702 φωνῇ.
3574 631 3716 687 δοῦ-

2087 728 2205 779 λον
2235 726 2456 803 ἑαυτὸν
2478 726 2547 780 ἐκ
2580 725 2819 792 κοιλίας
2848 724 3198 780 πεπλάσθαι
3236 726 3405 796 φησὶ,
3440 723 3581 779 καθὸ
3618 726 3718 797 μὲν

2090 818 2243 884 Υἱὸς,
2276 819 2351 892 μὴ
2387 819 2804 890 πλαττόμενος
2824 836 2838 850 ·
2872 817 3009 872 καθὸ
3026 817 3084 872 δὲ
3105 817 3364 884 δοῦλος,
3396 817 3499 888 τὴν
3526 818 3721 890 δούλην

2090 911 2269 984 σάρκα
2300 912 2505 984 φορῶν.
2532 912 2656 976 Πῶς
2683 910 2796 981 γὰρ
2823 910 2912 976 ἂν,
2931 912 2979 963 ει
3006 927 3167 983 φισει
3192 909 3394 972 δοῦλος
3422 904 3496 981 ἦν
3517 911 3548 964 ό
3569 910 3719 978 Υἱὸς,

2086 1009 2176 1072 εις
2200 1005 2503 1074 Ιδουλείαν
2541 1006 2762 1073 ἐλέγετο
2809 1002 3227 1067 πλάττεσθαι;
3259 1002 3443 1070 Δῆλον
3498 999 3597 1056 οὖν
3645 1005 3718 1068 ὡς

2088 1100 2232 1152 κατὰ
2264 1098 2428 1167 φύσιν
2459 1097 2726 1168 ὑπάρχων
2762 1096 3072 1167 ἐλεύθερος.
3093 1094 3272 1148 Τοῦτο
3301 1094 3421 1165 γὰρ
3445 1095 3545 1150 καὶ
3571 1099 3630 1149 ἐν
3651 1099 3711 1168 τῇ
3744 1130 3751 1137 ο

2088 1194 2183 1245 τοῦ
2214 1191 2514 1262 διδράχμου
2563 1189 2897 1258 συνεισφορᾷ
2943 1187 3083 1260 πρὸς
3128 1187 3223 1239 τὸν
3276 1186 3498 1256 Πέτρον
3533 1188 3715 1257 φησὶν,

2095 1282 2294 1353 (Ἀρα,
2316 1280 2512 1350 λέγων,
2532 1280 2810 1350 ἐλεύθεροί
2833 1282 2971 1332 εἰσιν
2997 1281 3046 1333 oi
3077 1278 3202 1332 υἱοί.
3242 1298 3262 1329 ›
3295 1279 3635 1349 Τοιγαροῦν,
3661 1282 3717 1337 τὸ

2086 1372 2156 1425 ἐκ
2173 1373 2406 1438 κοιλίας
2430 1372 2792 1444 προσέθηκεν,
2819 1371 2896 1436 ὡς
2919 1371 2985 1425 ἂν
3009 1370 3195 1444 δειχθῇ
3228 1371 3341 1442 τῆς
3369 1370 3663 1439 δουλείας
3689 1375 3714 1428 ὃ

2088 1479 2147 1515 τε
2167 1463 2359 1534 χρόνος
2387 1464 2483 1517 καὶ
2514 1464 2717 1535 τρόπος
2729 1465 2794 1535 τῇ
2815 1462 2959 1517 κατὰ
2980 1464 3160 1534 σάρκα
3185 1463 3461 1535 γεννήσει
3491 1463 3715 1535 διοριζό-

2095 1577 2279 1631 μενος.
2313 1561 2427 1614 Καὶ
2456 1559 2572 1630 τῆς
2610 1559 2906 1630 δουλικῆς
2950 1559 3242 1626 πλάσεως
3270 1558 3377 1631 τὴν
3410 1554 3602 1612 αἰτίαν
3636 1559 3711 1612 δι-

2088 1655 2446 1726 οριζόμενος,
2502 1655 2783 1725 ἐπήγαγεν
2836 1650 2934 1707 τοῦ
2978 1654 3285 1723 συνάγειν
3325 1652 3443 1705 τὸν
3487 1650 3708 1708 Ἰακώϐ.

2096 1747 2309 1802 Οὐκοῦν
2360 1750 2409 1801 εἰ
2447 1746 2523 1819 μὴ
2553 1746 2642 1800 διὰ
2691 1747 2937 1810 τούτους,
2972 1746 3073 1799 οὐκ
3102 1743 3171 1799 ἂν
3204 1743 3508 1811 ἐπλάσθη
3555 1744 3613 1796 ὲν
3649 1746 3708 1817 τῇ

2095 1840 2359 1911 ἀπλάστῳ
2391 1840 2570 1910 μένων
2600 1837 2840 1910 θεότητι.
2867 1836 2982 1892 Καὶ
3012 1836 3246 1899 τούτους
3275 1833 3392 1906 γὰρ
3433 1833 3579 1904 μετὰ
3608 1834 3711 1889 τῶν

2110 1935 2287 1989 ἄλλων
2317 1936 2346 1987 6
2375 1933 2617 1997 Σατανᾶς
2650 1933 2715 1985 ὲκ
2741 1929 2878 1984 Θεοῦ
2918 1927 3304 1991 διεσκέδασεν,
3350 1924 3385 1994 ἦ
3431 1922 3707 1977 εἰδωλολα-

2110 2023 2395 2096 τροῦντας,
2428 2022 2461 2093 ἢ
2485 2020 2801 2090 ἐντάλματα
2817 2018 3122 2088 ἀνθρώπων
3144 2015 3538 2076 διδάσκοντας.
3575 2010 3707 2065 Ἀλλ’

2112 2117 2341 2189 ἐχθροὺς
2370 2106 2530 2178 δντάς
2561 2115 2588 2167 6
2622 2112 2856 2183 Χριστὸς
2886 2109 3137 2181 διήλλαξε
3176 2107 3260 2179 τῷ
3302 2105 3538 2176 Πατέρι,
3575 2105 3704 2176 πρὸς

2113 2208 2253 2278 ὅπερ
2277 2207 2476 2270 αὐτοὺς
2502 2206 2597 2259 καὶ
2623 2205 2852 2266 Ἡσαΐας
2871 2202 3081 2267 ἐκάλει,
3100 2201 3437 2272 Ποιήσωμεν
3469 2197 3703 2267 εἰρήνην,

2113 2298 2263 2371 αὑτῷ
2295 2299 2490 2369 λέγων,
2525 2298 2842 2370 ποιήσωμεν
2889 2295 3114 2367 εῐρήνην
3147 2293 3199 2345 οἱ
3253 2290 3570 2360 ἐρχόμενοι.
3604 2288 3702 2342 Καὶ

2093 2388 2142 2440 οἱ
2178 2386 2418 2458 μαθηταὶ
2438 2384 2494 2437 δὲ
2518 2384 2909 2453 κεκράγασιν·ι
2932 2380 3104 2451 ’Υπὲρ
3126 2378 3379 2449 Χριστοῦ
3412 2374 3702 2447 πρεσϐεύο-

2099 2495 2221 2549 μεν,
2238 2478 2312 2541 ὼς
2327 2476 2423 2531 τοῦ
2440 2474 2574 2529 Θεοῦ
2594 2472 3039 2547 παρακαλοῦντος
3061 2473 3128 2526 δι’
3151 2469 3340 2542 ήμῶν·
3357 2487 3377 2521 ι
3410 2468 3504 2522 καὶ
3527 2468 3698 2535 πάλιν,

2099 2589 2119 2622 ι
2154 2571 2285 2636 Θεὸς
2308 2572 2417 2643 γὰρ
2446 2564 2515 2641 ἦν
2544 2566 2767 2639 Χριστῷ
2800 2567 3003 2635 κόσμον
3025 2564 3209 2637 ἐαυτῷ
3242 2560 3658 2616 καταλλάσσων.
3680 2579 3697 2613 ι

2094 2661 2287 2715 Νοοῖτο
2317 2661 2363 2714 δ’
2384 2660 2451 2714 ἂν
2488 2656 2742 2726 Ἰσραὴλ
2773 2658 2871 2710 καὶ
2921 2655 3135 2712 Ἰακὼϐ
3160 2654 3226 2708 οὐ
3264 2653 3435 2725 μόνον
3460 2654 3525 2707 ὲκ
3555 2668 3700 2722 περι-

2093 2754 2289 2826 τομῆς,
2326 2752 2411 2823 ὲφ’
2445 2751 2537 2816 οὒς
2562 2751 2658 2805 καὶ
2692 2749 3033 2804 ἀπεστάλθαι
3085 2748 3259 2818 φησὶν
3312 2746 3496 2815 λέγων
3522 2760 3535 2775 ο
3568 2763 3587 2795 ι
3618 2742 3702 2807 Εἰς

2094 2848 2211 2902 666v
2229 2848 2399 2901 ἐθνῶν
2425 2846 2500 2917 μὴ
2524 2841 2844 2915 πορεύεσθε.
2860 2861 2878 2894 ι
2901 2841 3063 2895 Ἀλλὰ
3089 2842 3187 2894 καὶ
3221 2840 3335 2904 πᾶς
3363 2841 3391 2892 6
3411 2836 3603 2900 σωθεὶς
3620 2834 3700 2890 διὰ

2097 2940 2356 3004 πίστεως.
2372 2960 2390 2992 ι
2416 2943 2491 2993 Οὐ
2509 2942 2619 3011 γὰρ
2635 2943 2661 2993 6
2684 2942 2741 2993 ὲν
2756 2939 2835 3010 τῷ
2855 2936 3080 3008 φανερῷ
3097 2936 3265 3007 μόνον
3281 2934 3558 2997 Ἰουδαῖος,
3571 2950 3588 2982 ι
3616 2930 3700 2983 καὶ

2096 3032 2165 3087 τὰ
2203 3032 2353 3104 ἑξῆς.
2389 3030 2698 3101 Τοιγαροῦν
2730 3030 2826 3085 καὶ
2862 3029 3068 3100 μεταξῦ
3098 3028 3194 3081 τοῦ
3228 3027 3398 3095 λόγου
3431 3021 3696 3095 παρεμὸέ-

395 3118 653 3189 prohibet
672 3119 742 3184 "’,
778 3119 873 3173 sed
904 3118 1138 3189 quilibet
1170 3117 1359 3183 etiam,
1388 3117 1479 3187 qui
1514 3132 1611 3188 per
1634 3116 1792 3171 tidem
1829 3116 1991 3171 fuerit

2102 3120 2294 3191 ὄληται
2338 3122 2632 3193 πρόσωπον
2659 3120 2769 3173 τῶν
2799 3119 2888 3172 διὰ
2930 3118 3168 3181 πίστεως
3221 3114 3552 3186 σωζομένων
3578 3114 3699 3183 ὁμου

397 3212 635 3267 salulem
688 3218 1047 3291 consecutus.
1122 3209 1312 3281 Neque
1371 3210 1545 3274 enim,
1579 3211 1671 3278 qui
1711 3213 1763 3262 in
1802 3218 1991 3280 aperto

2102 3210 2428 3279 λογούντων,
2458 3212 2542 3265 ὅτι
2590 3210 2737 3282 Πρὸς
2784 3209 2950 3264 αὑτὸν
2979 3205 3486 3278 συναχθήσομαι,
3517 3204 3605 3258 καὶ
3632 3201 3695 3257 τὰ

397 3311 638 3368 tantum,
668 3303 764 3359 sed
796 3304 893 3374 qui
926 3303 981 3357 in
1005 3304 1229 3358 occulto
1246 3301 1678 3369 etiam,Juda:us
1707 3303 1994 3360 habendus

388 3402 484 3449 est
498 3395 566 3448 ⁸⁸.
597 3393 790 3465 Itaque
818 3403 874 3450 et
908 3395 1148 3451 sermoni
1185 3411 1451 3466 persona~
1472 3410 1667 3453 eorum
1708 3397 1997 3450 interseri-

2101 3304 2316 3369 τούτοις
2365 3305 2630 3376 ἑπόμενα.
2676 3302 3049 3369 Δοξάσονται
3097 3300 3155 3354 δὲ
3201 3299 3304 3354 καὶ
3349 3297 3413 3351 τὺ
3457 3295 3694 3366 λαμπρὸν

2106 3399 2247 3471 αὕχη
2258 3418 2334 3472 μοι
2359 3402 2459 3472 τῆς
2490 3401 2764 3465 υἱοθεσίας
2786 3398 3184 3471 λαμϐάνοντες,
3210 3396 3310 3451 και
3343 3394 3506 3450 αὐτὸν
3524 3390 3693 3462 ἰσχὺν

395 3494 514 3552 tur,
545 3492 638 3559 qui
667 3504 763 3561 per
798 3488 961 3543 ﬁdem
1002 3489 1198 3545 salvati
1248 3488 1317 3544 ad
1346 3505 1472 3545 eum
1514 3505 1574 3545 se
1618 3499 1991 3560 congregatum

2108 3491 2292 3562 ἔχουσι
2327 3493 2466 3565 πρὸς
2499 3494 2600 3563 τὴν
2629 3492 2739 3547 τῶν
2774 3491 3066 3564 πρακτέων
3086 3487 3461 3561 κατόρθωσιν.

397 3586 490 3651 iri,
513 3593 826 3655 caeteraque
863 3585 955 3640 illa
978 3600 1100 3656 quae
1135 3595 1467 3657 sequuntur,
1492 3586 1842 3657 proﬁtentur.
1875 3585 2266 3659 CIori/icanmr
2317 3606 2452 3647 vero
2475 3603 2530 3646 et
2559 3591 2689 3662 ipsi,
2718 3591 2811 3661 qul
2846 3588 3167 3658 pra-claram
3245 3585 3397 3641 illam
3467 3580 3690 3651 adoptio-

382 3679 523 3753 'nis_
562 3678 781 3733 laudem
851 3677 1035 3749 adepti
1106 3685 1283 3745 sunt;
1337 3678 1542 3749 quique
1603 3679 1855 3735 eumdem
1913 3677 1980 3733 ad
2024 3694 2112 3736 res
2165 3680 2306 3738 bene
2351 3682 2623 3754 gerendas
2670 3682 2726 3736 in
2825 3676 3201 3749 fortitudinem
3286 3686 3420 3734 sunt
3513 3684 3728 3751 ροηδε-⁸

392 3773 534 3827 cuti.

475 3864 618 3921 Sunt
648 3881 813 3937 porro
871 3866 964 3938 qui
1000 3867 1359 3938 congregabor
1407 3869 1664 3933 verbum,
1691 3880 1744 3923 et
1771 3885 1897 3940 qum
1928 3870 2003 3926 ei-

2174 3871 2333 3935 Τινὲς
2357 3870 2416 3926 δὲ
2445 3872 2541 3926 καὶ⁴
2564 3871 2648 3935 τὸ,
2672 3869 3168 3939 συναχθήσομαι,
3205 3867 3308 3920 καὶ
3335 3866 3404 3919 τὰ
3428 3857 3520 3916 ἐπ’
3535 3857 3685 3931 αὐτῷ,

400 3962 522 4015 dem
550 3960 844 4023 inhaerent,
877 3957 946 4014 de
972 3960 1197 4014 Christo
1228 3960 1339 4016 dici
1366 3967 1597 4037 putent;
1626 3959 1721 4015 sed
1746 3961 1991 4031 quiistud

2102 3960 2235 4034 περὶ
2271 3962 2511 4034 Χριστοῦ
2541 3961 2825 4029 λαϐόντες,
2848 3961 2909 4013 τὸ
2937 3961 3057 4023 πῶς
3084 3959 3359 4030 ἁρμόττει
3382 3944 3682 4025 παρέλιπον.

378 4052 717 4115 ωοιιινεηίει,
747 4052 1078 4107 omiserunt.
1099 4052 1204 4107 Alii
1239 4067 1369 4107 vero
1389 4052 1453 4107 ad
1475 4053 1798 4124 prophetam
1828 4056 1998 4121 etiam

400 4144 597 4200 referri
637 4159 800 4215 posse
848 4144 1106 4199 arbitrati
1149 4153 1302 4212 sunt,
1358 4152 1621 4218 tanquam
1665 4144 1885 4201 Israelis
1918 4163 2005 4204 re-

2105 4054 2295 4108 Ἀλλοι
2321 4053 2379 4108 66
2412 4054 2508 4108 καὶ
2549 4054 2631 4116 εἰς
2676 4052 2768 4105 τὸν
2819 4051 3115 4122 προφήτην
3148 4049 3417 4121 εἰρήκασι
3445 4041 3685 4099 δύνασθαι

2101 4147 2362 4219 νοηθῆναι
2385 4186 2400 4212 ,
2456 4147 2728 4217 σημαῖνον
2770 4143 3077 4216 ἀνάκλησιν
3122 4142 3234 4197 τοῦ
3282 4137 3559 4209 Ἰσραὴλ,
3603 4130 3684 4186 καὶ

387 4238 637 4303 vvocatio,
668 4244 723 4292 et
756 4252 947 4292 eorum
984 4238 1077 4309 qui
1107 4238 1347 4309 dispersi
1390 4247 1551 4294 erant
1573 4239 1631 4295 in
1664 4252 1835 4295 unum
1871 4257 1991 4296 oon-

2102 4240 2210 4294 τῶν
2244 4239 2662 4309 διασπαρέντων
2697 4233 3125 4305 ἐπισυναγωτή
3143 4244 3186 4287 ⁸.
3219 4230 3382 4287 Κατὰ
3413 4224 3683 4297 ἀναγωγὴν

384 4333 641 4403 gregatio
675 4331 1032 4401 signiﬁcetur.
1058 4331 1259 4388 Verum
1292 4334 1341 4388 si
1376 4334 1444 4389 ad
1471 4348 1777 4406 anagogem
1814 4335 1991 4406 respi-

2103 4333 2182 4400 66,
2211 4334 2303 4388 καὶ
2353 4333 2448 4387 ἐπὶ
2499 4330 2593 4385 τὸν
2644 4330 2876 4402 Σωτῆρα
2927 4329 3030 4401 τὴν
3072 4325 3183 4380 τῶν
3236 4322 3464 4379 δικαίων
3497 4316 3680 4391 πηγήν,

383 4425 516 4493 ιείε;
547 4432 601 4479 et
631 4424 697 4478 ad
723 4424 1069 4481 Salvatorem
1112 4424 1322 4497 ipsum,
1370 4427 1605 4498 iustitiae
1635 4426 1866 4494 fontem,
1890 4443 1991 4484 non

2105 4428 2297 4500 ὥσπερ
2316 4426 2411 4482 οῦν
2438 4426 2533 4481 καὶ
2553 4425 2582 4478 6
2606 4425 2735 4497 περὶ
2762 4421 2951 4478 κακῶν
2981 4422 3139 4491 λόγος
3165 4421 3248 4486 εἰς
3273 4419 3367 4473 τὸν
3395 4416 3682 4487 ἀρχέκακον

398 4522 565 4577 aliter
589 4537 752 4592 quam
779 4521 1050 4577 malorum
1075 4523 1216 4576 ratio
1237 4523 1302 4578 ad
1329 4539 1521 4578 eorum
1551 4531 1832 4578 auctorem
1874 4524 1988 4595 pri-

2103 4520 2466 4591 ἀναφέρεται.
2501 4517 2649 4590 Πρὸς
2698 4515 2758 4570 66
2791 4516 2884 4569 τὸν
2919 4513 3151 4584 Σωτῆρά
3193 4528 3366 4583 φησιν
3408 4509 3436 4562 6
3487 4501 3678 4572 Πατήρ,

392 4629 576 4679 annm,
609 4613 804 4669 referri
872 4622 1057 4685 queat.
1097 4612 1305 4670 Deinde
1344 4615 1413 4669 ad
1453 4613 1793 4672 Salvatorem
1817 4594 1991 4687 inquit

2102 4616 2267 4685 Μέγα
2289 4613 2392 4669 σοι
2410 4613 2542 4668 ἐστι
2572 4610 2682 4666 τοῦ
2708 4606 3010 4678 κληθῆναί
3034 4622 3108 4661 σε
3131 4603 3318 4659 παῖδά
3339 4619 3479 4674 μου,
3499 4597 3530 4669 ἢ
3553 4594 3679 4687 δοῦ-

384 4684 1019 4777 ῑΡειιοτπῦὶαςιηιιηιίιὶὺὶ
1044 4716 1120 4762 est
1146 4748 1161 4773 ,
1196 4716 1254 4761 ut
1284 4709 1484 4764 voceris
1522 4724 1653 4777 puer
1689 4726 1855 4777 meus,
1897 4684 1991 4765 aut

2249 4723 2389 4776 μου,
2425 4702 2573 4758 κατὰ
2606 4702 2734 4765 τοὺς
2776 4697 3026 4762 λοιπούς.
3075 4696 3242 4767 Μέγα
3274 4695 3385 4766 γὰρ
3422 4692 3578 4763 ἔργον
3613 4684 3678 4777 ὡς

388 4799 702 4854 secundum
726 4798 886 4863 alios,
918 4814 1102 4853 servus
1127 4813 1298 4853 meus.
1332 4796 1591 4869 Magnum
1623 4801 1769 4854 enim
1797 4814 1991 4855 revera

2102 4774 2338 4871 ἀληθῶς,
2370 4796 2465 4851 τοῦ
2512 4795 2664 4865 πρὸς
2692 4793 2982 4848 δουλείαν
3026 4788 3410 4852 κλασθέντος
3446 4774 3676 4871 Υἱοῦ,-τδ

384 4902 542 4957 opus
586 4887 823 4955 exstitit,
860 4903 986 4963 eum
1015 4888 1082 4943 ad
1108 4888 1413 4942 servitutem
1437 4888 1702 4958 formatus
1729 4898 1866 4944 esset
1905 4887 1999 4944 Fi-

388 4980 534 5044 dius,
565 4979 631 5033 ad
655 4980 908 5036 humanae
938 4989 1152 5035 naturae
1182 4980 1445 5044 salutem,
1506 4995 1672 5051 quam
1731 4981 1998 5051 condidit,

386 5069 540 5124 σενιιὶ
576 5068 805 5137 formam
839 5087 1147 5150 assumere.
1184 5071 1365 5143 Atque
1397 5071 1526 5126 inde
1554 5079 1664 5141 est,
1700 5072 1848 5144 quod
1888 5073 2003 5145 glo-

2094 4868 2342 4964 μορφὴν
2368 4888 2595 4944 δούλου
2621 4886 2809 4941 λαϐεῖν
2833 4885 2974 4956 πρὸς
3005 4881 3285 4953 σωτηρίαν
3308 4874 3376 4951 ἦς
3405 4868 3674 4964 gamma?

2100 4958 2271 5053 :y'qcsv
2290 4958 2593 5052 ανθρώπου
2627 4976 2866 5047 φύσεως.
2901 4973 2994 5028 Διὺ
3023 4973 3118 5028 καὶ
3144 4969 3468 5037 δοξάζεται,
3488 4963 3560 5053 ὡς
3580 4958 3667 5053 Δοὐχ

2095 5050 2415 5144 ἁρπαγμὸν
2443 5069 2798 5142 ἡγησάμενος
2830 5065 2890 5120 τὸ
2918 5061 3060 5119 εἶναι
3093 5062 3188 5119 ῐσα
3215 5060 3355 5132 Θεῷ.
3384 5056 3490 5113 Καὶ
3518 5050 3664 5144 ἄλλως

391 5165 678 5234 ιιοῑρεαιιιν,
709 5173 971 5237 tanquam
1007 5171 1257 5239 rapinam
1278 5168 1506 5223 minime
1528 5169 1833 5225 arbitratus
1878 5184 1991 5226 esse

2108 5137 2166 5220 δὲ
2377 5137 2758 5231 ὡςτανθρῶπῳ
2779 5200 2794 5225 ,
2827 5157 3023 5229 μικρὸν
3053 5156 3111 5210 δὲ
3141 5156 3217 5220 ὡς
3244 5151 3383 5225 θεῷ’
3417 5146 3514 5203 τοῦ
3541 5137 3663 5239 στῆ

398 5274 468 5316 se
500 5260 767 5330 mqiialem
800 5260 909 5317 Deo
929 5262 997 5316 θ’.
1034 5263 1130 5318 Est
1157 5278 1287 5319 vero
1306 5263 1411 5317 alia
1433 5262 1650 5317 ratione
1677 5278 1867 5333 magna
1895 5278 1999 5328 res,

406 5363 468 5409 ut
510 5354 752 5421 homini;
818 5370 984 5425 parva
1041 5363 1248 5423 autem,
1312 5365 1372 5411 ut
1430 5353 1582 5421 Deo,
1634 5365 1697 5409 ut
1752 5355 1996 5423 suscites,

402 5445 606 5518 inquit,
672 5447 838 5502 tribus
902 5444 1094 5501 Jabob.
1157 5446 1348 5519 Itaque
1381 5455 1436 5504 et
1475 5445 1683 5513 eisdem
1732 5444 1996 5516 primum,

2090 5233 2234 5325 σαι,
2265 5233 2402 5327 φησὶ
2431 5254 2541 5319 τὰς
2569 5253 2770 5324 φυλὰς
2800 5252 3025 5307 Ἰακώϐ.
3058 5248 3150 5303 Διὸ
3173 5248 3268 5302 καὶ
3298 5241 3522 5317 πρώτοις
3554 5233 3667 5303 ἒκή⁹

2110 5366 2303 5423 ρυττεν
2359 5347 2541 5409 αὐτοῖς
2580 5342 2950 5415 αἰχμαλώτοις
2987 5342 3107 5396 οῦσι
3136 5341 3230 5403 τὰς
3259 5335 3430 5410 ψυχὰς
3475 5331 3661 5423 “Dem-Vo

2110 5412 2210 5495 καὶ
2250 5439 2472 5509 τυφλοῖς
2507 5412 2826 5506 ἀνάϐλεψιν.
2846 5432 3064 5503 Ἐπειδὴ
3093 5431 3152 5485 66
3181 5431 3278 5502 τὴν
3323 5426 3475 5497 χάριν
3514 5412 3661 5491 illm)“

482 5605 528 5639 ²⁸
561 5605 761 5662 Matth.
812 5620 954 5673 xvu,
1008 5606 1207 5663 25-26.
1288 5610 1335 5643 ³⁸
1360 5606 1402 5664 ll
1424 5607 1554 5664 Cor.
1583 5621 1637 5674 ν,
1667 5605 1762 5662 20.
1840 5606 1886 5638 ³⁷
1920 5604 1991 5660 Mt

2102 5645 2112 5659 .
2163 5602 2294 5670 3,5.
2366 5602 2417 5634 ’⁸
2475 5594 2934 5667 Rom.n,28,29.
2981 5596 3028 5630 ³⁸
3068 5590 3302 5661 Philipp.
3325 5603 3383 5655 ιι,
3410 5586 3464 5643 6.

1714 5741 1952 5798 VARUE
1991 5742 2398 5799 LECTIONES.

477 5826 506 5861 ι
568 5833 658 5884 πρ.
699 5815 1138 5887 Ξπισυναγωγήν.
