3916 6452
270 321 405 384 2469

1321 312 1853 375 COMMENTARII
1885 315 1969 377 IN
2005 316 2296 379 ISAIAM.

3391 322 3539 390 2470

273 451 449 499 σαντο,
481 427 797 494 ἀκολούθως
830 429 1136 500 ἐπήνεγκεν
1158 440 1170 455 ·
1212 423 1358 478 Ἰδοὺ
1401 423 1636 479 τέθεικά
1663 440 1738 480 σε
1770 426 1860 493 είς

1970 441 2086 483 cum
2119 427 2366 499 captivas
2395 426 2666 484 haberent
2698 430 2949 497 animas,
2980 435 3036 486 et
3063 430 3309 486 caecitate
3338 432 3555 489 labora-
3630 456 3633 459 ν

268 524 388 595 φῶς
417 522 629 579 ἐθνῶν.
662 522 774 576 Καὶ
803 522 855 574 οἱ
894 519 1075 573 λοιποὶ
1118 518 1176 572 δὲ
1220 518 1394 581 οὕτως
1444 517 1735 582 ἐξέδωκαν.
1766 518 1858 571 Διὸ

269 612 364 681 τῆς
385 610 671 682 παρούσης
700 606 1046 679 προφητείας
1081 606 1390 679 ἀρχόμενος
1416 606 1626 673 ἔλεγενο
1651 606 1857 661 Ἀκού-

269 703 413 758 σατέ
450 719 597 772 μου,
624 701 842 769 νῆσοι,
871 698 970 754 καὶ
999 697 1353 768 προσέχετε,
1380 697 1525 765 ἔθνη
1544 714 1557 729 ·
1608 698 1716 751 ἔδει
1748 700 1860 771 γὰρ

270 796 495 851 ἀκοῦσαι
542 793 615 848 τὰ
664 793 791 865 ἔθνη
846 792 944 846 τόο
990 790 1144 846 Ἰδοὺ
1190 788 1430 844 τέθεικά
1480 807 1554 845 σε
1601 792 1691 857 είς
1734 791 1861 862 φῶς

268 887 473 944 ἐθνῶν.
506 886 583 940 Οὐ
614 884 724 957 γὰρ
757 885 930 956 ἐχρῆν
963 884 1064 954 τὴν
1084 880 1356 954 τοσαῦτην
1385 883 1702 954 οἰκονομίαν
1725 885 1862 937 ἀπο-

268 982 479 1051 τυχεῖν,
516 978 918 1047 ἀπειθήσαντος
953 974 1229 1047 Ἰσραὴλ,
1260 975 1357 1029 καὶ
1393 975 1455 1028 τὺ
1492 974 1680 1039 σκότος
1717 976 1855 1045 ὴγα·

271 1073 529 1142 πηκότος.
560 1070 756 1122 Καίτοι
803 1067 915 1121 τῶν
956 1066 1256 1139 προφητῶν
1298 1069 1328 1121 6
1382 1067 1481 1138 μέν
1529 1083 1616 1130 τις
1654 1065 1859 1135 ἔφασκε

270 1162 405 1232 πρὸς
438 1159 639 1224 αὐτούς
659 1177 704 1211 ἰ
736 1156 1003 1225 Φωτίξου,
1028 1156 1290 1228 φωτίζον,
1308 1155 1860 1227 Ὶερουσαλήμ.⁹Ἠκει

268 1255 375 1325 γάρ
402 1272 497 1308 σου
528 1254 591 1307 τὸ
618 1251 754 1322 φῶς,
785 1271 804 1303 ι
832 1252 925 1305 καὶ
953 1251 1022 1305 τὰ
1078 1250 1173 1304 ἐπὶ
1227 1248 1429 1323 τούτῳ·
1457 1251 1485 1302 6
1512 1248 1589 1315 δὲ,
1615 1241 1634 1300 ι
1666 1248 1862 1303 ἀνατε-

268 1348 350 1401 λεῖ
385 1348 515 1418 ὑμῖν
549 1348 662 1409 τοῖς
694 1343 1056 1415 φοϐουμένοις
1110 1359 1180 1414 με
1241 1342 1396 1414 ἥλιος
1423 1339 1795 1410 δικαιοσύνης.
1834 1357 1853 1392 ι

264 1438 473 1492 Λοιπὸν
509 1440 621 1500 τοῖς
648 1436 828 1489 ἔθνεσι
857 1433 1199 1507 προσφωνῶν
1222 1434 1442 1501 ἐπάγει,
1473 1431 1673 1497 Οὕτως
1699 1429 1864 1500 λέγει

264 1530 503 1598 Κύριος.
522 1527 801 1596 Ἀγνοοῦσι
843 1527 900 1579 δὲ
928 1526 1013 1590 τίς
1032 1528 1060 1579 6
1090 1525 1318 1597 Κύριος,
1352 1523 1517 1594 φησιν
1540 1539 1552 1553 ·
1586 1522 1648 1577 '0
1667 1521 1863 1592 ῥυσά-

256 1636 444 1690 μενος
466 1618 575 1672 τὸν
596 1617 868 1687 Ἰσραήλ.
889 1614 1192 1671 Ἠκούσατε
1214 1616 1326 1687 γὰρ
1347 1614 1474 1679 ’πῶς
1501 1615 1561 1682 ἐξ
1583 1613 1861 1683 Αἰγύπτου

262 1710 434 1764 πάλαι
473 1708 698 1772 τούτους
736 1708 1017 1761 διέσωσεν.

1964 520 2417 591 rent,Evangelii
2470 523 2808 591 praeconium
2850 521 3084 593 largitus
3112 530 3217 585 est,
3265 522 3554 593 visumque

1962 608 2227 664 restituit.
2250 608 2454 664 Verum
2490 609 2620 680 quia
2653 609 2886 681 gratiam
2920 610 2998 665 illi
3026 612 3393 682 abnegarunt,
3423 627 3555 667 con-

1962 709 2255 769 sequenter
2313 699 2453 757 Ecce
2471 703 2626 771 posui
2666 714 2714 758 te
2745 703 2801 757 in
2831 702 3005 757 lucem
3042 705 3300 774 gentium,
3337 704 3551 759 intulit:

1960 791 2108 862 quod
2139 806 2205 847 eo
2262 793 2426 847 modo
2482 792 2648 848 etiam
2714 793 2913 864 reliqui
2971 793 3434 863 interpretantur.
3490 793 3556 849 Et

1924 948 1933 961 ‘
1963 884 2104 936 hanc
2121 882 2244 937 inde
2263 884 2580 953 auspicatus
2598 885 2941 955 prophetiam
2968 902 2982 940 :
3001 884 3197 939 Audite
3217 902 3322 952 me,
3338 886 3553 950 insulse,

1961 983 2013 1024 et
2041 972 2317 1037 attendite,
2346 980 2542 1043 gentes,
2583 973 2757 1039 dixit;
2787 973 2917 1044 quia
2967 981 3159 1043 gentes
3204 975 3361 1037 illud,
3420 974 3556 1030 Ecce

1961 1062 2117 1134 posui
2155 1070 2202 1116 te
2226 1061 2284 1116 in
2323 1062 2490 1117 lucem
2519 1064 2771 1133 gentium,
2802 1065 2994 1120 audire
3017 1065 3329 1135 oportebat.
3365 1064 3555 1135 Neque

1962 1154 2109 1210 enim
2179 1151 2387 1209 Israele
2450 1153 2613 1209 ﬁdem
2655 1164 2965 1223 aversante,
3024 1158 3395 1226 tenebrasque
3433 1172 3556 1210 am-

1963 1246 2260 1317 plectente,
2294 1254 2499 1300 tantam
2536 1247 2899 1302 (nconomiam
2953 1234 3209 1304 excidere
3234 1257 3290 1303 et
3320 1248 3427 1303 ﬁne
3455 1263 3557 1303 suo

1963 1351 2155 1393 carere
2184 1336 2393 1393 decuit.
2419 1336 2634 1392 Etvero
2659 1338 3053 1407 prophetarum
3077 1338 3368 1407 quemdam
3394 1337 3559 1408 556

1965 1426 2132 1482 alium
2168 1426 2225 1480 in
2255 1426 2403 1480 hunc
2429 1426 2654 1482 modum
2672 1426 2741 1482 ad
2762 1441 2856 1482 eos
2875 1428 3118 1483 locutum
3142 1428 3416 1499 reperias:
3442 1446 3461 1480 ι
3491 1429 3558 1482 ιι-

1965 1516 2260 1585 luminare,
2285 1515 2626 1585 illuminare,
2649 1515 2980 1573 Jerusalem.
3017 1516 3177 1573 Venit
3208 1522 3350 1572 enim
3374 1519 3558 1571 lumen

1967 1621 2119 1666 tuum
2140 1610 2208 1676 ³⁸,
2234 1629 2254 1663 ι
2282 1619 2337 1666 et
2357 1625 2480 1681 quae
2509 1618 2728 1681 postea.
2762 1608 2831 1664 Et
2874 1608 3048 1665 alium
3078 1611 3243 1665 etiam
3274 1651 3287 1664 .
3335 1608 3557 1673 Nobis,

1967 1703 2061 1774 qui
2089 1703 2295 1760 timetis
2324 1717 2433 1768 me,
2457 1701 2741 1757 exorietur
2772 1701 2866 1758 Sol
2888 1702 3119 1773 justitiae
3142 1702 3209 1756 ".
3241 1720 3259 1754 ι
3294 1701 3560 1772 Deinceps

261 1814 444 1860 autem
477 1799 734 1871 gentibus
765 1798 1092 1864 inclamans,
1121 1797 1211 1852 Sic
1239 1796 1367 1851 dicit
1407 1795 1665 1852 Dominus
1686 1836 1701 1862 ,
1731 1793 1961 1851 addidit.
1999 1792 2108 1850 Sed
2137 1793 2270 1865 quia
2311 1807 2423 1849 non
2463 1792 2716 1859 deerant,
2757 1792 2850 1863 qui
2881 1792 3176 1847 Dominum
3210 1794 3559 1865 ignorabant,

260 1896 520 1962 quisnam
555 1898 722 1956 esset,
749 1905 874 1945 cum
927 1887 1185 1945 Israelem
1214 1891 1419 1946 eruisse
1465 1906 1526 1947 se
1568 1889 1922 1963 signiﬁcavit,
1953 1887 2272 1975 expressit:
2306 1887 2473 1960 quasi
2518 1901 2616 1944 eos
2659 1886 2901 1957 qualiter
2934 1885 3264 1959 Egyptiaca
3296 1889 3564 1946 servitute

261 1986 504 2050 liberati,
540 1986 857 2055 servatique
888 1983 1019 2048 sint,
1048 1989 1442 2039 commoneret.

335 2078 523 2131 ’Ἄλλοι
538 2076 595 2129 δὲ
616 2075 751 2147 πρὸς
768 2077 893 2139 τοὺς
914 2078 978 2129 ἐκ
996 2078 1301 2148 περιτομῆς
1317 2077 1571 2150 είρῆσθαι
1591 2073 1751 2131 τοῦτό
1765 2092 1863 2145 φα-

2039 2072 2144 2127 Alii
2166 2070 2236 2127 ad
2258 2069 2482 2128 Judzeos
2507 2070 2618 2127 dici
2650 2070 2803 2127 istud
2835 2071 3207 2136 arbitrantur,
3239 2071 3345 2127 hoc
3376 2072 3560 2138 modo,

264 2187 375 2232 σιν,
407 2168 484 2232 ὡς
513 2167 541 2219 6
578 2167 743 2222 πάλαι
766 2182 841 2221 σε
859 2165 1208 2237 ῥυσάμενος
1227 2168 1548 2241 ἐντέλλομαί
1572 2185 1676 2237 σοι,
1700 2166 1777 2230 ὡς
1800 2166 1867 2221 ἂν

266 2260 342 2331 μὴ
362 2258 681 2331 προσκόψῃς
698 2257 772 2328 τῷ
790 2257 925 2329 λίθῳ
938 2257 1032 2312 τοῦ
1053 2260 1489 2331 προσκόμματος
1506 2298 1521 2314 .
1556 2257 1869 2330 Ἀγιάσατε

267 2353 374 2407 τὸν
395 2350 760 2422 φαυλίζοντα
805 2351 921 2419 τὴν
947 2350 1164 2420 ψυχὴν
1196 2336 1567 2421 αὐτοῦ.⁹ὐσῳ
1596 2351 1706 2423 γὰρ
1740 2351 1870 2404 ἑτα-

265 2446 537 2500 πείιωσεν
564 2444 756 2499 ἑαυτὸν
782 2443 947 2515 μέχρι
970 2442 1228 2509 Θανάτου,
1256 2443 1492 2499 Θανάτου
1511 2442 1566 2496 δὲ
1592 2441 1831 2514 σταυροῦ
1852 2458 1864 2473 ·

262 2534 518 2606 τοσούτῳ
545 2534 831 2599 δοξάσατε,
869 2534 961 2587 καὶ
989 2533 1276 2603 ἁγιάσατε
1315 2533 1476 2587 αὐτόν
1497 2550 1510 2564 ο
1567 2534 1617 2586 εί
1647 2533 1705 2586 δὲ
1732 2532 1871 2603 πρὸς

261 2627 333 2679 τὰ
362 2626 495 2696 ἔθνη
528 2626 768 2693 λέγοιτο,
801 2624 1239 2696 διαμαρτύρεται
1288 2625 1365 2696 μὴ
1395 2625 1560 2678 ταυτὸ
1585 2626 1698 2688 τοῖς
1733 2624 1863 2677 Ἰου·
1898 2616 1903 2619 “

263 2718 438 2781 δαίοις
493 2718 706 2770 παθεῖν.
746 2717 820 2769 T6
863 2717 919 2770 δὲ
954 2718 1265 2785 ἁγιάσατε,
1320 2716 1516 2771 σεπτὸν
1569 2715 1664 2769 καὶ
1713 2714 1869 2782 ἅγιον

266 2810 733 2866 ύπολάΰετε.¹Ετι
783 2810 892 2878 γὰρ
940 2810 1112 2863 ὄντων
1146 2810 1306 2880 ἡμῶν
1334 2807 1699 2880 ἁμαρτωλῶν,
1729 2807 1869 2878 ὑπὲρ

265 2899 485 2955 ἀσεϐῶν
502 2899 704 2953 ἔπαθεν
724 2900 752 2951 6
771 2899 946 2967 λέγων
969 2916 1012 2950 ἰ
1034 2899 1094 2952 '0
1116 2897 1319 2968 ποιμὴν
1338 2898 1366 2950 6
1390 2897 1554 2961 καλὸς
1577 2896 1675 2966 τὴν
1692 2895 1869 2967 ψυχὴν

265 2988 437 3043 αὐτοῦ
490 2990 705 3061 τίθησιν
729 2988 872 3059 ὑπὲρ
900 2989 1009 3041 τῶν
1071 2987 1386 3059 προϐάτων.
1418 3005 1435 3036 ι
1469 2985 1870 3057 Ὃμολογείσθῳ

266 3081 455 3133 τοίνυν
481 3080 669 3148 ἅγιος,
706 3080 734 3133 ὖ
767 3080 915 3151 μόνῳ
942 3080 1142 3150 πρέπει
1169 3079 1312 3149 Θεῷ.
1345 3077 1617 3140 Οὺσιῶδες
1640 3076 1749 3148 γὰρ
1771 3077 1871 3128 ἐπ’

267 3169 441 3223 ο.)τοῦ
469 3171 529 3223 τὸ
557 3171 671 3232 τοῖς
692 3169 877 3232 ἄλλοις
903 3167 1299 3237 ἐπιωμόαῖνον
1321 3168 1385 3219 ἐκ
1414 3165 1514 3235 τῆς
1539 3164 1706 3218 αὐτοῦ
1739 3182 1870 3235 μετ-

265 3263 402 3331 οχῆς
429 3277 441 3291 ·
480 3263 605 3314 ἐπεὶ
640 3262 733 3314 καὶ
765 3261 881 3329 φῶς
907 3259 982 3313 ὣν
1013 3259 1164 3329 λέγει
1185 3275 1198 3290 ο
1240 3277 1259 3309 ι
1284 3259 1474 3327 Ὑμεῖς
1503 3259 1626 3310 ἐστε
1657 3256 1720 3309 τὸ
1754 3257 1871 3327 φῶς

265 3353 366 3405 τοῦ
394 3353 604 3423 κόσμου
627 3351 873 3406 τούτου.)
903 3352 1016 3404 Καὶ
1030 3351 1286 3420 λέγοντες
1307 3350 1363 3402 δὲ
1380 3349 1495 3413 τδ,‹
1519 3347 1869 3421 Ἀγιασθήτω

1974 2165 2098 2236 Ipse
2121 2165 2243 2231 tibi,
2289 2174 2554 2235 tanquam
2588 2165 2682 2235 qui
2709 2171 2758 2218 te
2782 2163 3067 2234 quondam’
3117 2165 3369 2229 emerim,
3403 2180 3473 2221 ne
3505 2166 3563 2220 in

1972 2256 2210 2328 lapidem
2245 2256 2573 2312 offensionis
2627 2256 2925 2327 impingas,
2968 2256 3246 2327 praecipio.
3306 2255 3564 2325 Sanctiﬁ-

1971 2359 2085 2405 cate
2119 2365 2237 2404 eum
2258 2350 2349 2420 qui
2369 2349 2605 2418 despexit
2637 2349 2877 2403 animam
2909 2365 3084 2403 suam.
3127 2349 3347 2415 Quanto
3383 2352 3561 2420 magis

1970 2442 2116 2497 enim
2146 2456 2206 2498 se
2233 2442 2302 2497 ad
2330 2449 2564 2497 mortem
2597 2455 2792 2511 usque,
2820 2455 3051 2512 eamque
3086 2441 3289 2508 crucis,
3330 2441 3561 2512 depres-

1969 2535 2066 2598 sit,
2120 2541 2276 2588 tanto
2327 2548 2427 2588 vos
2466 2548 2591 2588 eum
2657 2532 2830 2604 gloria
2860 2541 2913 2586 et
2960 2533 3168 2589 honore
3222 2534 3482 2604 prosequi
3505 2542 3565 2590 ct

1970 2623 2310 2693 sancti/icare
2337 2622 2502 2679 fuerit
2521 2625 2758 2695 aequius.
2792 2622 2947 2690 Quod
2978 2624 3023 2679 si
3057 2624 3125 2679 ad
3151 2633 3346 2696 gentes
3374 2640 3564 2683 sermo

1971 2720 2075 2777 est,
2135 2701 2246 2764 non
2300 2710 2444 2765 idem
2489 2727 2583 2768 eas
2654 2727 2780 2768 cum
2839 2711 3043 2769 Judteis
3110 2729 3377 2784 passuras
3437 2730 3565 2772 esse

1971 2804 2295 2858 obtestatur.
2356 2802 2563 2859 Deinde
2620 2805 2766 2874 quod
2823 2807 3162 2876 sanctiﬁcata
3220 2807 3384 2871 dixit,
3412 2807 3561 2863 idem

1973 2893 2155 2962 plane,
2192 2908 2257 2948 ac
2280 2892 2327 2947 si
2353 2893 2612 2949 venerari
2641 2901 2696 2949 et
2719 2901 2974 2949 sanctum
2994 2895 3199 2951 ducere
3234 2896 3560 2967 imperaret,

1974 2985 2266 3040 intellexit.
2302 2986 2436 3041 Cum
2469 2985 2616 3041 enim
2642 2986 2823 3042 adhuc
2847 2987 2899 3040 in
2925 2987 3170 3057 peccatis
3189 3002 3563 3055 versaremur,

1973 3089 2073 3145 pro
2106 3075 2291 3147 impiis
2343 3075 2461 3145 ipse
2493 3091 2693 3146 passus
2751 3086 2860 3140 est,
2892 3077 2987 3146 qui
3023 3077 3228 3132 bonum
3281 3087 3563 3148 pastorem

1974 3182 2073 3236 pro
2104 3167 2221 3221 suis
2252 3167 2446 3222 ovibus
2463 3169 2702 3221 animam
2736 3184 2940 3238 ponere
2969 3169 3271 3227 dixerat".
3307 3168 3568 3224 Sanctum

1973 3273 2105 3328 ergo
2136 3257 2308 3329 (quod
2347 3258 2516 3313 Deum
2553 3275 2722 3314 unum
2763 3260 2943 3331 decet)
2975 3261 3229 3318 eumdem
3260 3278 3384 3319 esse
3435 3279 3568 3319 con-

1974 3346 2256 3403 ﬁteantur.
2285 3347 2382 3403 Est
2424 3348 2572 3403 enim
2603 3349 2656 3403 in
2689 3365 2755 3405 eo
2780 3353 3098 3420 essentiale,
3158 3354 3304 3425 quod
3336 3356 3461 3410 aliis
3494 3370 3566 3410 ex

265 3445 333 3497 τὸ
381 3412 553 3509 δνομά
598 3458 715 3507 σου,
755 3462 773 3493 ι
803 3441 903 3511 οὐχ
954 3412 1229 3511 ἀγιαομοῦ
1258 3438 1579 3511 προσθήκην
1595 3412 1863 3508 ἀἰτοῦμεν

1976 3439 2096 3511 ejus
2127 3440 2550 3510 participatione
2581 3442 2882 3514 contingit;
2907 3445 3127 3513 quando
3150 3454 3205 3501 et
3237 3446 3423 3501 lumen
3447 3446 3569 3517 ipse

268 3533 428 3605 αὐτῷ
478 3533 757 3602 γενέσθαι,
794 3533 1027 3587 ἀλλ’ἵνα
1083 3532 1177 3586 τὸν
1230 3531 1451 3604 ἀληθῶς
1480 3531 1635 3601 ἅγιον
1666 3531 1867 3595 πάντες

266 3626 733 3698 ὁμολογήσαντες,
762 3627 821 3679 ἐν
854 3623 1071 3696 μεθέξει
1100 3625 1198 3695 τῆς
1227 3624 1537 3694 ἁγιωσύνης
1579 3623 1745 3678 αὐτοῦ
1772 3640 1868 3692 γε·

265 3717 595 3789 νησώμεθα.
623 3717 942 3789 Προσέθηκε
969 3717 1026 3771 δὲ
1057 3717 1167 3771 τὸν
1203 3715 1713 3785 ,ϐδελυσσόμενον
1748 3714 1867 3771 ὑπὸ

214 3820 225 3828 ’
268 3811 394 3864 τῶν
438 3808 651 3875 ἐθνῶν,
685 3807 794 3863 τῶν
846 3809 1092 3863 ἀπίστων
1135 3806 1400 3879 δηλονότι.
1432 3805 1869 3861 Βδελύττονται

268 3903 403 3973 γὰρ,
431 3902 529 3957 καὶ
575 3903 668 3956 τὸν
704 3901 936 3956 θάνατον
971 3900 1138 3954 αὑτοῦ
1169 3898 1508 3971 διασύρουσι.
1539 3899 1652 3953 Καὶ
1684 3916 1867 3969 παρα-

265 3994 496 4047 δοθέντα
526 3995 584 4047 δὲ
633 3992 712 4066 τῷ
757 3993 978 4063 Πιλὰτῳ
1014 3991 1123 4045 τῶν
1158 3988 1506 4061 στρατιωτῶν
1533 4002 1676 4048 τινες
1706 3988 1881 4042 αὐτὸν.

265 4085 703 4140 ἐϐδελύττοντο
757 4080 1163 4145 καταπτύοντές
1214 4096 1277 4133 τε
1328 4080 1427 4133 καὶ
1476 4076 1752 4142 παίοντες,
1808 4078 1867 4131 ἐν

266 4173 566 4247 διασυρμῷ
598 4190 659 4227 τε
691 4173 951 4244 βοῶντεςο
987 4190 1007 4223 ι
1033 4173 1229 4242 Χαῖρε,
1260 4170 1289 4222 6
1316 4168 1573 4240 βασιλεὺς
1599 4168 1710 4223 τῶν
1740 4168 1870 4224 ἰου-

265 4265 462 4320 δαίων.
492 4284 513 4318 ι
548 4264 641 4318 Διὸ
670 4263 790 4318 τῶν
818 4263 1059 4318 δούλων
1086 4261 1207 4316 τῶν
1224 4260 1535 4331 ἀρχόντων
1559 4261 1864 4331 ἐπήγαγεν.

274 4356 442 4420 Ἴσως
469 4356 527 4409 δὲ
553 4356 650 4409 καὶ
680 4353 794 4408 τῶν
820 4351 1285 4424 κοσμοκρατόρων
1313 4351 1408 4404 τοῦ
1432 4348 1658 4412 σκότους
1677 4349 1866 4421 φησὶν,

268 4442 352 4511 οἷς
386 4447 797 4502 δουλεύουσιν
848 4445 899 4497 οἱ
946 4442 1041 4497 τὸν
1092 4439 1330 4513 Χριστὸν
1371 4438 1865 4519 βδελυττόμενοι.

268 4538 422 4610 Πλὴν
456 4535 793 4607 ἀναλάμψει,
818 4533 974 4604 φησὶ,
1011 4531 1108 4586 καὶ
1146 4532 1309 4602 μέχρι
1351 4525 1666 4595 βασιλέων
1708 4525 1869 4593 αὐτῷ

265 4629 842 4701 προσκυνήσουσιν,
874 4625 1072 4688 οἵτινες
1130 4624 1385 4693 ὄψονται
1418 4621 1604 4686 αὐτὸν,
1637 4621 1699 4675 οὐ
1732 4621 1869 4675 πάν-

261 4740 379 4788 τως
407 4723 741 4792 σωματικοῖς
769 4718 1093 4789 ὀφθαλμοῖς,
1121 4716 1259 4771 ἀλλὰ
1289 4715 1365 4786 ευῷ
1390 4715 1485 4770 ναὶ
1514 4714 1734 4785 καρδίᾳ.

1973 3531 2241 3597 existens,
2274 3551 2294 3583 ι
2319 3530 2432 3588 Vos
2477 3533 2614 3589 estis
2651 3533 2744 3588 lux
2779 3535 3044 3600 mundi",
3074 3555 3093 3587 ι
3131 3536 3289 3591 dixit.
3338 3536 3483 3604 Quin
3518 3547 3573 3595 et

1974 3620 2315 3679 sanctiﬁcari
2359 3638 2558 3679 nomen
2606 3625 2727 3695 ejus
2777 3634 3051 3696 petentes,
3103 3644 3212 3682 non
3255 3629 3570 3686 sanctitatis

1974 3714 2348 3769 accessionem
2400 3713 2540 3782 ﬁeri,
2599 3716 2695 3771 sed
2729 3723 2788 3771 ut
2833 3729 3087 3773 sanctum
3132 3734 3321 3774 revera
3371 3734 3570 3779 omnes

1973 3805 2244 3870 confessi,
2275 3805 2532 3876 ejusdem
2601 3808 2982 3863 sanctimoniae
3026 3810 3327 3880 participes
3364 3810 3572 3866 cilicia-

1972 3911 2097 3951 mur
2111 3896 2409 3966 poscimus.
2437 3897 2642 3954 Deinde
2664 3900 2937 3969 sequitur,
2960 3901 3050 3970 qui
3080 3899 3465 3956 abominationi
3489 3912 3571 3957 est

1972 3988 2237 4060 gentibus,
2286 4004 2399 4044 non
2447 3989 2808 4046 credentibus
2870 3993 3102 4047 scilicet.
3162 3993 3561 4049 Abominantur

1970 4079 2144 4145 enim,
2162 4088 2215 4134 et
2234 4080 2393 4135 morti
2422 4080 2545 4151 ejus
2568 4082 2903 4138 obtrectant.
2925 4084 3038 4140 lmo
3060 4100 3182 4139 cum
3215 4097 3363 4141 esset
3390 4084 3570 4142 Pilato

1975 4171 2234 4238 traditus,
2292 4186 2403 4226 non
2451 4170 2748 4229 defuerunt
2807 4190 2839 4231 e
2878 4176 3147 4232 militibus
3200 4177 3444 4248 quidam,
3471 4179 3569 4249 qui

1971 4259 2149 4331 ipsum
2177 4261 2490 4328 abominati,
2516 4266 2804 4335 sputisque
2824 4275 2879 4322 et
2902 4267 3152 4339 colaphis
3176 4270 3441 4339 aggressi,
3472 4284 3571 4325 ore

1970 4350 2281 4408 maledictis
2309 4362 2364 4409 et
2397 4356 2664 4411 conviciis
2687 4357 2852 4427 pleno
2878 4359 2933 4413 in
2966 4360 3240 4424 eumdem,
3276 4379 3295 4412 ι
3316 4360 3450 4428 Ave,
3470 4377 3568 4416 rex

1969 4438 2414 4511 Iudaeorum“,s
2464 4447 2845 4505 inclamarent.
2896 4450 3053 4508 Unde
3100 4458 3213 4517 est,
3261 4453 3408 4521 quod
3469 4455 3568 4509 sub

1971 4536 2134 4590 servis
2163 4536 2490 4605 principibus
2518 4539 2743 4610 adjecit,
2772 4539 3026 4614 forteque
3098 4544 3283 4598 mundi
3312 4545 3570 4599 tenebra-

1971 4641 2206 4697 rumque
2231 4637 2553 4699 potestates,
2580 4633 2782 4702 quibus
2809 4634 2846 4688 ii
2869 4630 3125 4702 seruiunt;
3159 4637 3250 4705 qui
3281 4635 3568 4692 Christum

1971 4717 2374 4787 abominantur,
2400 4722 2684 4778 indicavit.
2710 4724 2912 4782 Verum
2935 4727 3164 4797 fulgebit
3188 4737 3565 4794 tamen,euut-

266 4831 381 4887 que
413 4815 496 4870 vel
529 4831 673 4885 reges
711 4815 813 4881 ipsi
834 4811 1162 4877 adorabunt,
1192 4826 1302 4864 non
1329 4808 1579 4879 corporis
1608 4808 1855 4874 omnino,
1900 4809 2064 4882 557
2094 4812 2190 4868 sed
2222 4815 2422 4871 mentis
2452 4824 2509 4872 et
2540 4818 2727 4872 cordis
2763 4820 2943 4874 oculis
2964 4821 3246 4874 intuentes.

340 4903 862 4974 Προσκυνήσουσι
893 4902 949 4955 δὲ
998 4900 1235 4970 μάλιστα
1274 4900 1372 4951 καὶ
1416 4899 1642 4964 πάντες,
1699 4899 1777 4952 ὅτ’
1813 4899 1863 4952 an

2056 4901 2375 4959 Adorabunt
2415 4921 2549 4961 vero
2599 4922 2791 4963 omnes
2847 4918 2960 4964 tum
3014 4910 3231 4965 domum
3272 4912 3568 4983 praecipue,

265 4997 405 5069 ἔλθῃ
437 4999 496 5050 ὲν
525 4997 590 5065 τῇ
619 4993 747 5066 δόξῃ
772 4992 867 5046 τοῦ
901 4992 1146 5063 Πατέρος
1180 4988 1348 5046 αὑτοῦ
1400 4990 1540 5062 μετὰ
1566 4990 1677 5044 τῶν
1702 4989 1874 5059 ἀγγέ-

262 5089 384 5144 λων
409 5088 604 5154 αὐτοῦ,
631 5087 729 5141 καὶ
764 5084 965 5155 καθίσῃ
992 5083 1090 5137 ἐπὶ
1123 5082 1315 5153 θρόνου
1344 5081 1505 5152 δόξης
1550 5080 1718 5134 αὐτοῦ
1750 5080 1874 5152 κρί-

263 5197 380 5234 νων
407 5179 621 5244 ζῶντας
654 5178 750 5231 καὶ
778 5176 1033 5246 νεκρούς.
1067 5172 1588 5243 Προσκυνήσουσι
1629 5171 1685 5225 δὲ
1725 5170 1875 5241 αὑτῷ

263 5272 462 5326 ἕνεκεν
508 5269 603 5324 τοῦ
655 5268 901 5339 Πατέρος
935 5266 1101 5321 αὐτοῦ
1125 5282 1138 5295 ·
1166 5257 1455 5332 δοξάζεται
1497 5263 1606 5335 γὰρ
1637 5264 1711 5327 ὼς
1744 5264 1875 5327 Υἰὶς

263 5361 369 5416 τοῦ
419 5359 594 5425 Θεοῦ,
631 5359 722 5414 ὅτι
772 5360 988 5425 πιστός
1035 5358 1207 5411 ἐστιν
1258 5360 1291 5411 ό
1348 5356 1516 5425 ἅγιος
1553 5355 1792 5424 Ἰσραὴλ
1840 5358 1874 5408 ὀ

261 5451 682 5522 ἐκλεξάμενος
715 5451 924 5515 αὐτὸν,
956 5448 1102 5505 τοῦτ’
1126 5449 1273 5502 ἔστιν
1321 5449 1409 5501 ἀεὶ
1460 5447 1554 5500 καὶ
1605 5446 1870 5511 ὡσαύτως

261 5546 432 5618 ἔχων.
460 5546 690 5600 Πιστὸν
718 5544 828 5615 γὰρ
852 5544 1005 5597 οὐδὲν
1038 5545 1095 5596 ὲν
1126 5542 1394 5611 κτίσμασι
1418 5542 1531 5603 τοῖς
1571 5540 1871 5609 ὑποκειμέ-

264 5655 382 5703 νοις
414 5637 711 5707 μεταϐολῇ.
731 5637 789 5690 Ὀ
818 5636 876 5689 δὲ
910 5636 1106 5706 Πατὴρ
1132 5632 1456 5698 ἐξελέξατο
1480 5632 1607 5695 τοὺς
1637 5631 1705 5685 δι’
1730 5631 1860 5686 Υίοῦ

1978 5006 2105 5048 cum
2134 4997 2352 5051 venerit
2383 4995 2437 5050 in
2470 4995 2651 5051 Patris
2686 4997 2912 5059 dextera
2945 5015 3069 5055 cum
3108 5002 3320 5070 angelis
3342 5004 3482 5067 suis,
3515 5016 3566 5059 et

1977 5084 2185 5139 sederit
2212 5086 2267 5140 in
2295 5085 2494 5141 throno
2520 5086 2712 5158 gloria:
2735 5089 3124 5160 suaejudicans
3152 5091 3304 5144 vivos
3333 5100 3388 5146 et
3414 5108 3566 5146 mor—

1979 5182 2106 5232 tuos
2162 5177 2229 5233 ³³.
2288 5177 2607 5233 Adorabunt
2658 5180 2810 5244 item,
2873 5192 3093 5250 propter
3155 5181 3375 5238 Patrem
3423 5184 3566 5253 ejus.

1979 5267 2333 5323 Glorilicatur
2358 5271 2529 5338 enim,
2563 5278 2824 5342 tanquam
2864 5271 2955 5327 Dei
2990 5272 3202 5339 Filius;
3236 5274 3361 5344 quia
3392 5274 3570 5342 ﬁdelis

1979 5368 2058 5412 est
2110 5369 2328 5414 sanctus
2386 5364 2582 5427 Israel,
2641 5363 2734 5432 qui
2790 5364 2944 5435 elegit
2996 5380 3153 5429 eum;
3213 5365 3268 5420 id
3310 5371 3418 5429 est,
3471 5366 3565 5434 qui

1978 5450 2196 5519 semper
2229 5450 2421 5505 eodem
2466 5453 2631 5507 modo
2666 5467 2726 5508 se
2762 5452 2949 5509 habet.
2997 5454 3147 5510 Nihil
3177 5469 3366 5509 eorum
3398 5455 3570 5524 siqui-

1979 5539 2127 5604 dem,
2161 5559 2284 5614 qute
2322 5545 2547 5601 condita
2599 5556 2746 5611 sunt,
2783 5548 2916 5619 quia
2967 5548 3263 5603 mutationi
3304 5546 3566 5610 obnoxia,

1971 5632 2140 5701 ﬁdum
2187 5651 2251 5691 ac
2279 5646 2493 5694 certum
2549 5641 2818 5710 reperias.
2861 5641 3038 5713 Elegit
3099 5657 3225 5697 vero
3251 5656 3348 5697 eos
3383 5639 3566 5703 Pater,

338 5755 387 5790 "’
406 5756 515 5811 13:2.
540 5771 628 5821 ιι,
658 5757 703 5810 l.
782 5755 822 5790 ³³
850 5756 1176 5822 Malaciniv,
1202 5755 1254 5809 2.
1334 5755 1375 5786 ε’
1399 5752 1558 5811 Joan.
1601 5773 1652 5824 χ,
1686 5754 1770 5809 ll.
1849 5756 1863 5788 ³

1976 5756 2187 5827 atth.v,
2221 5760 2305 5816 14.
2386 5761 2638 5819 3‘Matth.
2664 5763 2945 5834 xxvtt,29.
3024 5766 3068 5803 ³⁸
3097 5763 3288 5822 Matth.
3322 5778 3449 5825 uv.
3473 5759 3563 5817 Si.
