3916 6408
429 303 577 370 ειτι

1742 300 2108 365 'PROCOPII
2148 299 2392 360 GALEI

432 423 528 489 qui
565 434 661 489 per
696 416 899 472 Filium
924 418 1277 474 vocatisuut.
1324 431 1342 467 ι
1380 414 1704 484 Quosenim
1733 412 2023 486 praeseivit1

2143 407 2540 478 κεκλημένους.
2577 423 2594 458 ι
2624 404 2733 469 Οὓς
2763 402 2871 474 γὰρ
2886 401 3066 473 Ἔγνω,
3100 402 3254 476 φησὶ,
3298 404 3391 459 καὶ
3421 408 3699 483 προώρισεν

432 512 837 582 inquit.ctiam
885 513 1304 583 praedestinavit
1359 511 1678 566 conformes
1743 508 1862 563 lleri
1897 506 2038 560 ima-

432 606 579 676 ginis
614 605 737 660 Filii
767 604 855 662 sui
881 604 949 671 ⁸⁸,
985 623 1002 656 ι
1048 604 1142 674 qui
1176 619 1303 658 eum
1331 603 1768 672 sanctiﬁcaruut,
1796 600 1885 665 qui
1914 599 2037 651 ani-

433 714 578 751 mam
613 713 768 751 suam
798 696 1057 766 despexit,
1098 710 1280 766 neque
1324 695 1381 749 in
1438 693 1803 748 humanitatis
1837 689 2035 746 modos

434 792 800 859 impegerunt.
827 788 935 845 Sed
962 804 1062 860 pro
1091 788 1245 859 Elegi
1278 797 1349 853 te,
1380 786 1484 853 Qui
1506 786 1663 857 elegit
1683 795 1732 840 te
1759 786 2034 855 interpre-

431 892 586 938 tatur
612 883 1010 955 Symmachus.
1049 884 1278 953 Proprie
1317 883 1511 953 igitur,
1560 883 1719 937 alunt
1754 879 2030 944 nonnulli,

433 977 539 1032 ista
571 978 635 1030 ad
682 977 970 1033 Christum
1024 975 1379 1031 referuntur:
1424 990 1745 1046 quanquam
1799 981 1854 1029 et
1900 987 2032 1043 pro-

428 1068 607 1138 pheta:
637 1067 799 1122 etiam
847 1067 1067 1121 valeant
1106 1068 1427 1121 convenire.
1467 1065 1723 1134 Seipsum
1757 1063 1902 1119 enim
1933 1061 2032 1117 de-

432 1160 653 1228 pressit,
685 1159 813 1212 dum
844 1159 1034 1228 populi
1069 1158 1417 1212 calamitates
1455 1156 1618 1222 luxit,
1657 1156 1710 1209 in
1745 1169 1884 1224 quas
1939 1153 2031 1209 ille

428 1262 656 1320 propter
729 1251 944 1305 scelera
1001 1249 1294 1304 inciderat.
1360 1247 1562 1303 Jussus
1630 1247 1849 1310 deinde,
1901 1261 2026 1301 cum

426 1358 613 1405 sacco,
646 1352 697 1395 et
757 1341 943 1395 nudus
1003 1340 1322 1408 incedebat,
1359 1340 1674 1394 videntibus
1725 1336 2024 1411 despectus,

424 1431 720 1500 animoque
772 1430 937 1485 simul
996 1431 1305 1493 demissus,
1369 1438 1423 1483 et
1479 1444 1692 1496 earum,
1732 1444 1854 1498 qua:
1915 1428 2025 1483 illis

423 1532 613 1579 essent
665 1532 967 1589 eventurae,
1003 1522 1363 1577 alllietionum
1398 1521 1733 1591 exemplum.
1768 1521 1903 1574 Eum
1938 1528 2025 1573 ta-

424 1630 549 1670 men
580 1623 634 1669 et
658 1615 752 1683 qui
786 1613 1117 1684 principibus
1170 1614 1487 1678 inserviunt,
1539 1613 1780 1667 ludibrio
1813 1611 2023 1667 habue-

2140 501 2505 571 συμμόρφους
2532 499 2630 569 τῆς
2659 497 2868 560 εἰκόνος
2898 495 2992 550 τοῦ
3020 493 3152 549 Υἱοῦ
3186 495 3372 565 αὑτοῦ,
3406 516 3425 550 ι
3461 500 3516 554 ot
3544 503 3701 573 ἡγία-

2136 607 2260 647 σαν
2298 593 2407 647 τὸν
2455 590 2827 661 φαυλίζοντα
2856 589 2971 658 τὴν
2991 588 3207 657 ψυχὴν
3242 589 3423 646 αὐτοῦ
3471 595 3576 658 τοῖς
3615 597 3703 668 τῆς

2133 685 2560 758 ἀνθρωπότητος
2614 684 2690 755 μὴ
2740 681 3156 755 προσκύψαντες
3205 682 3445 754 μέτροις.
3478 685 3615 742 ’Δντὶ
3653 689 3706 744 δὲ

2132 778 2230 854 τοῦ
2256 820 2270 845 ,
2300 778 2679 847 ἐξελεξάμην
2728 791 2803 831 σε
2832 816 2848 842 ,
2880 774 2949 841 ὃς
2981 773 3303 840 ἐξελέξατό
3331 790 3404 830 σε
3431 776 3708 852 Σύμμαχος

2132 872 2421 939 ἐξέδωκεν.
2452 870 2674 942 Κυρίως
2694 871 2793 940 μὲν
2823 863 2939 933 οὖν,
2968 866 3102 937 φασί
3130 885 3294 932 τινες,
3325 868 3496 922 ταῦτα
3527 872 3601 935 είς
3625 872 3710 926 τὸν

2132 966 2373 1038 Χριστὸν
2404 962 2765 1034 ἀναφέρεται.
2798 960 2993 1014 Νοοῖτο
3030 959 3077 1013 δ’
3109 958 3176 1013 ἂν
3204 960 3298 1012 καὶ
3330 959 3422 1013 ἐπὶ
3449 960 3543 1015 τοῦ
3583 980 3710 1035 προ-

2134 1059 2329 1127 φήτου.
2375 1055 2764 1133 Ἐξουδένωσεν
2790 1054 2901 1124 γὰρ
2929 1051 3145 1119 ἑαυτὸν,
3171 1052 3493 1124 ὀδυρόμενος
3510 1054 3603 1118 τὰς
3626 1057 3710 1109 τοῦ

2130 1148 2263 1203 λαοῦ
2308 1149 2399 1203 διὰ
2448 1148 2516 1202 τὰ
2549 1146 3007 1219 πλημμελήματα
3060 1146 3373 1216 συμφοράς.
3404 1146 3513 1199 Kal
3557 1162 3713 1217 προσ-

2129 1243 2319 1315 αχθεὶς
2366 1244 2423 1296 ὲν
2472 1243 2664 1311 σάκκῳ
2712 1257 2773 1293 τε
2824 1240 2919 1293 καὶ
2953 1239 3163 1307 γυμνὸς
3195 1239 3544 1309 περιήρχετο,
3576 1240 3714 1307 παρά

2126 1336 2240 1390 τῶν
2281 1334 2535 1407 ὁρώντων
2578 1332 3111 1402 ἐξουδενούμενος,
3148 1331 3383 1384 ταπεινά
3431 1332 3637 1401 φρονῶν
3659 1351 3711 1387 τε

2129 1427 2267 1499 ἅμα,
2300 1427 2393 1480 καὶ
2445 1426 2555 1480 τῶν
2609 1425 2917 1495 μελλόντων
2949 1422 3118 1477 εἰκὼν
3156 1425 3343 1487 αὐτοῖς
3390 1424 3711 1493 παθημάτων

2125 1519 2433 1590 γινόμενος.
2454 1517 2595 1572 Ἀλλ’
2617 1518 2768 1588 ὅμως
2818 1516 2913 1570 καὶ
2951 1517 3002 1570 οἱ
3050 1518 3167 1580 τοῖς
3211 1516 3510 1584 ἄρχουσιν
3542 1517 3711 1583 ἐξυπισ

2124 1612 2531 1681 ηρετούμενοι,
2558 1610 2749 1664 τοῦτον
2779 1606 3207 1680 ἐχλεύαζον,⁶ον
3221 1596 3380 1676 ἅγιον
3399 1607 3526 1661 ὄντα
3540 1608 3711 1680 τιμῆς,

421 1718 587 1772 runt;
652 1721 817 1777 quem
873 1715 1130 1760 sanctum
1182 1705 1549 1760 exsistentem
1610 1704 1823 1760 honore
1867 1703 2023 1773 jubet

2128 1705 2317 1774 φησιν,
2346 1703 2642 1769 ἀξιώσατε.
2671 1702 2832 1773 Παρά
2879 1719 2991 1755 τισι
3037 1700 3096 1754 δὲ
3142 1699 3205 1753 τὸ
3254 1700 3420 1770 ῥητὸν
3447 1702 3618 1754 κεῖται
3643 1701 3712 1772 τῷ

422 1796 657 1852 allicere.
694 1796 954 1851 Nonnulli
994 1796 1048 1849 in
1074 1810 1191 1861 eos,
1230 1796 1325 1865 qui
1364 1795 1510 1849 inter
1545 1804 1739 1867 gentes
1760 1802 1817 1849 et
1844 1793 2020 1850 Israe-

2128 1797 2406 1871 βδελυκτῷ
2458 1797 2669 1864 ἔθνους,
2711 1797 2829 1862 καὶ,
2869 1795 3039 1866 φασὶ,
3074 1792 3170 1848 τοῦ
3207 1793 3461 1866 Ἰσραήλ·
3508 1793 3586 1847 διὸ
3629 1795 3711 1848 καὶ

334 1946 339 1951 γ
419 1888 529 1943 lem
572 1887 929 1941 abominandi
981 1894 1137 1951 sunt,
1203 1901 1519 1942 sermonem
1571 1886 1764 1942 haberi
1830 1886 2022 1942 existi-

419 1988 609 2043 mant;
643 1994 817 2049 eaque
837 1978 1053 2034 ratione
1072 1979 1138 2032 ad
1159 1987 1351 2048 gentes
1383 1979 1774 2033 transitionem
1796 1977 2018 2035 fecisse.

2122 1892 2261 1962 πρὸς
2289 1892 2359 1943 τὰ
2387 1889 2514 1960 ἔθνη
2550 1889 2777 1962 μετέϐη.
2804 1888 2916 1943 Kal
2947 1885 3111 1942 πάλιν
3136 1886 3199 1939 τὸ
3230 1885 3397 1957 ρητδν
3425 1882 3504 1951 τῷ
3532 1885 3712 1953 δούλῳ

2121 1983 2544 2049 ἑξουσιαζόντων
2600 1982 2759 2037 καί“δ
2784 1999 2948 2051 φασιν
2977 1996 2992 2011 ⁶
3029 1979 3285 2049 ὑπετάγη
3330 1979 3469 2050 γάρ·
3518 1980 3608 2034 καὶ
3633 1980 3712 2045 ἐξ·

419 2071 631 2127 Volunt
667 2086 889 2126 rursum
926 2079 980 2126 et
1011 2086 1205 2127 eorum
1236 2070 1405 2125 verba
1427 2086 1570 2134 esse,
1599 2071 1690 2140 qui
1723 2072 1777 2124 in
1806 2087 2019 2126 servum

2128 2071 2426 2142 ελεξάμην
2462 2086 2559 2136 σε,
2610 2070 2774 2142 ἔχων,
2812 2071 2967 2139 φασὶ,
3018 2067 3118 2139 τὴν
3169 2066 3409 2136 ἀόρατον
3456 2065 3711 2137 ὑπεροχὴν

418 2171 755 2236 potestatem
788 2164 1051 2219 habeant.
1081 2163 1355 2220 Subditus
1373 2163 1519 2218 enim
1546 2162 1673 2217 fuit.
1706 2163 1777 2219 Te
1798 2164 2017 2231 deinde,

418 2256 700 2326 inquiunt,
732 2254 886 2325 elegi,
914 2255 1006 2325 qui
1033 2254 1365 2308 invisibilcm
1400 2253 1784 2309 excellentiam
1823 2268 2024 2308 secun-

418 2348 550 2404 dum
583 2354 841 2401 naturam
886 2360 950 2399 ex
1002 2345 1325 2400 visibilibus
1374 2345 1574 2400 habeo.
1615 2344 1711 2401 Est
1752 2354 2027 2416 praetcrea

418 2458 489 2498 ex
516 2439 841 2496 hominibus
874 2439 1119 2502 electus;
1162 2445 1393 2509 propter
1447 2451 1591 2501 eam,
1621 2452 1789 2507 quam
1835 2436 2026 2492 nobis-

415 2548 544 2588 cum
575 2530 996 2588 similitudinem
1032 2528 1251 2584 habuit.
1288 2528 1370 2583 Ad
1405 2527 1748 2583 Salvatorem
1779 2538 2028 2594 rursum,

419 2625 679 2697 Tempore
724 2633 1019 2694 opportuno
1046 2623 1229 2678 audivi
1263 2634 1330 2688 te,
1360 2621 1576 2678 Patrem
1631 2621 1839 2679 dixisse
1895 2621 2033 2692 legi-

417 2734 562 2775 mus.
607 2717 745 2773 Cum
781 2716 931 2771 enim
965 2723 1199 2770 mortem
1265 2714 1467 2778 obiret,
1504 2731 1522 2764 ι
1558 2713 1663 2779 Eli,
1685 2711 1790 2779 Eli,
1823 2713 2028 2768 lamma

418 2811 744 2867 sabacthani
780 2809 849 2870 ",
882 2826 901 2859 ι
975 2805 1335 2861 inclamabat.
1368 2802 1664 2866 Praeterea,
1709 2812 1769 2857 ut
1803 2802 2024 2859 Patrem

419 2918 654 2960 renuere
687 2900 1113 2957 animadvertit:
1151 2917 1170 2951 ι
1192 2897 1376 2963 Pater,
1399 2897 1445 2953 si
1477 2912 1588 2951 non
1620 2903 1804 2966 potest
1832 2904 2020 2953 trans-

415 2999 499 3053 ire
528 2997 658 3062 hoc,
685 2997 779 3052 liat
806 2995 1063 3049 voluntas
1104 3001 1200 3048 tua
1223 2992 1289 3059 ³⁸,
1322 3009 1340 3042 ι
1383 2991 1593 3045 intulit.
1625 2990 1776 3056 Quas
1829 3005 2022 3059 preces

2119 2165 2260 2220 κατὰ
2297 2165 2462 2236 φύσιν
2498 2166 2563 2219 ὲκ
2591 2164 2700 2218 τῶν
2730 2162 2967 2234 ὁρατῶν.
3001 2160 3113 2215 Kal
3142 2160 3202 2227 ἐξ
3235 2158 3537 2231 ἀνθρώπων
3560 2157 3713 2212 ἐκλε-

2129 2252 2277 2325 κτὸς
2304 2258 2537 2326 γίνεται,
2560 2256 2628 2311 δι’
2649 2256 2717 2328 ἢν
2748 2252 2896 2326 εἶχεν
2918 2252 3214 2325 ὁμοιότητα
3248 2250 3388 2323 πρὸς
3412 2250 3577 2323 ἡμᾶς.
3593 2244 3711 2304 Εἶτα

2132 2351 2271 2422 πρὸς
2298 2352 2392 2405 τὸν
2425 2350 2659 2421 Σωτῆρά
2705 2366 2872 2419 φησιν
2899 2348 2928 2401 ό
2961 2345 3172 2418 Πατὴρ,
3203 2343 3403 2414 Καιρῷ
3424 2341 3605 2408 δεκτῷ
3624 2342 3712 2396 ἐπ-

2132 2442 2375 2511 ήκουσά
2404 2456 2545 2500 σου.
2576 2442 2815 2514 Πάσχων
2848 2441 2949 2512 μὲν
2982 2440 3093 2512 γὰρ
3122 2438 3259 2493 ὲϐόα
3279 2454 3293 2467 ·
3333 2455 3352 2489 ι
3375 2434 3711 2500 Ἠλεὶ,Ἤλεὶ,

2134 2532 2619 2606 ὶαμασαὸαχθανί.
2675 2551 2694 2586 ι
2753 2526 2968 2596 Εἶθ’ὠς
3016 2530 3357 2586 ἀνανεύοντα
3380 2529 3471 2583 τὸν
3508 2527 3714 2600 Πατέρα

2138 2627 2306 2696 ἑώρα,
2361 2627 2570 2696 ἐπῆγεν
2593 2642 2608 2657 ’
2666 2644 2685 2677 ι
2716 2625 2928 2695 Πάτερ,
2958 2625 3007 2677 εἰ
3062 2624 3138 2695 μὴ
3166 2622 3399 2677 δυνατὸν
3444 2620 3712 2692 παρελθεῖν

2135 2717 2292 2786 αὐτὸ,
2320 2716 2612 2789 γενηθήτω
2639 2716 2702 2769 τὸ
2737 2715 2954 2786 θέλημά
2984 2732 3105 2769 σου.
3134 2713 3359 2785 Ταύτην
3389 2707 3482 2767 οὖν
3507 2712 3603 2783 τὴν
3637 2710 3715 2763 εὓ-

2133 2812 2236 2885 χὴν
2269 2813 2408 2885 μετὰ
2435 2815 2529 2868 τὸν
2557 2813 2790 2868 θάνατον
2818 2811 3110 2883 δεχόμενος
3139 2812 3169 2865 ό
3191 2808 3407 2883 Πατὴρ,
3434 2809 3522 2863 τὸν
3544 2805 3713 2879 καιρὸν

2126 2905 2343 2969 δεικνὺς
2388 2906 2490 2976 τῆς
2539 2905 2899 2968 ἀναστάσεως
2944 2903 3148 2976 φησίν·
3192 2902 3303 2958 Ἐν
3336 2901 3516 2973 καιρῷ
3545 2897 3714 2965 δεκτῷ

2130 2996 2451 3063 ἐπήκουσά
2476 3012 2616 3052 σου.

416 3106 544 3146 cum
583 3096 709 3160 post
767 3097 1002 3143 mortem
1031 3085 1345 3142 admisisset
1373 3082 1569 3151 Pater,
1610 3094 1672 3138 ut
1720 3086 2151 3145 resurrectionis
2178 3098 2397 3161 tempus
2430 3091 2719 3157 indicaret,
2783 3106 2900 3144 eum
2929 3088 3094 3161 558
3129 3105 3185 3144 se
3261 3098 3550 3160 opportuno
3598 3097 3714 3143 tem-

391 3202 539 3255 .pore
573 3185 908 3241 exaudivisse
964 3183 1323 3256 signiﬁcavit.

488 3282 747 3339 Nonnulli
775 3282 1182 3353 expositionem
1216 3281 1406 3345 istam,
1439 3287 1497 3334 ut
1551 3279 1779 3335 minime
1804 3280 2017 3351 proba-

2194 3280 2351 3345 Τινὲς
2390 3279 2448 3333 δὲ
2488 3278 2842 3350 μεμψάμενοι
2873 3278 3300 3351 τὴν.παροῦσαν
3333 3280 3622 3355 ἐξήγησιν,
3649 3281 3710 3346 ὡς

406 3375 585 3434 bilem
642 3370 1135 3443 reprehendentes,
1169 3370 1370 3425 Filium
1426 3371 1694 3441 precibus
1744 3372 2021 3428 excidisse

404 3484 517 3541 per
546 3466 915 3523 meonomiam
948 3464 1078 3534 fingi
1104 3465 1288 3519 dicere
1314 3464 1670 3525 maluerunt;
1712 3466 1828 3533 qui,
1860 3473 2020 3520 ante-

417 3573 583 3630 quam
626 3558 779 3628 ipsas
835 3555 1116 3621 funderet,
1170 3569 1281 3609 non
1332 3555 1468 3610 alias
1509 3569 1566 3608 se
1616 3565 1877 3619 mortem,
1910 3555 2021 3611 nisi

415 3664 640 3707 crucem
691 3656 747 3703 et
804 3658 1037 3703 mortem
1089 3645 1436 3712 subit-isset,
1498 3646 1846 3701 sublaturum
1896 3662 2022 3702 csse

417 3743 651 3805 sciebat.
681 3740 878 3809 Arguit
933 3753 1065 3811 ergo
1117 3736 1432 3793 Iudaeorum
1509 3739 1894 3793 crudelitatem
1967 3746 2023 3793 et

413 3836 618 3892 eadem
672 3834 1028 3905 deprecatio;
1080 3850 1204 3904 qua:
1234 3834 1585 3905 passionem,
1611 3842 1837 3904 propter
1898 3832 2021 3903 ejus

417 3927 935 4000 ignominiam,non
970 3926 1238 3980 ultionem
1300 3924 1474 3980 fuisse
1521 3927 1786 3980 ostendit.
1832 3926 2022 3992 Quan-

414 4035 583 4093 quam
619 4035 721 4075 nec
754 4027 1059 4091 spontanea
1092 4018 1215 4073 ideo
1249 4033 1373 4073 esse
1397 4018 1628 4085 desinit,
1662 4022 1864 4090 quippe
1898 4035 2023 4090 quae

415 4111 587 4168 morti
611 4111 757 4166 vires
785 4110 1073 4175 ademerit,
1100 4118 1158 4164 ut
1182 4125 1246 4165 eo
1278 4110 1555 4181 probavit,
1588 4112 1680 4181 qui
1710 4127 1768 4166 se
1789 4111 1857 4167 de
1878 4112 2022 4167 coelo

417 4205 800 4267 descendisse,
829 4220 937 4258 non
966 4212 1025 4257 ut
1073 4220 1229 4260 suam
1261 4205 1378 4274 ipse
1410 4193 1748 4260 voluntatem
1794 4204 2020 4271 laceret,

416 4299 513 4355 sed
540 4301 657 4367 ejus
680 4339 693 4365 ,
718 4312 747 4351 a
792 4312 901 4368 quo
937 4298 1140 4353 missus
1193 4307 1359 4365 esset,
1386 4306 1697 4368 ca'leraqne
1757 4314 1879 4367 quae
1932 4314 2023 4354 sc-

414 4399 685 4461 qnuntur,
706 4388 997 4442 allirmavit
1017 4386 1506 4443 "..Pcrcommode
1521 4389 1709 4458 igitur,
1730 4398 1791 4442 ut
1814 4390 2019 4456 decuit,

414 4495 607 4536 eorum
630 4479 839 4534 saevitia
874 4487 928 4533 et
950 4478 1282 4534 crudelitate
1306 4479 1372 4533 ad
1403 4479 1852 4535 mundisalutem
1886 4497 2022 4537 usus

413 4579 543 4636 est;
586 4586 799 4640 suoque
854 4571 1014 4625 nobis
1061 4569 1315 4640 exemplo
1349 4570 1404 4623 in
1452 4571 1855 4627 tentationibus
1911 4589 2021 4627 non

2136 3372 2424 3436 ἀπίθανον,
2450 3372 2543 3426 τὸν
2575 3372 2703 3426 Υἱὸν
2752 3373 3051 3444 ἀποτυχεῖν
3084 3374 3183 3444 τῆς
3213 3374 3389 3445 εὐχῆς
3423 3373 3714 3428 πεπλᾶσθαι

2129 3464 2231 3534 τὴν
2265 3462 2431 3534 εὐχὴν
2456 3474 2477 3502 ο
2500 3465 2627 3517 κατ’
2650 3464 2964 3533 οἰκονομίαν
2993 3464 3181 3532 φασὶν,
3205 3466 3336 3518 ἐπεὶ
3357 3466 3453 3519 καὶ
3478 3465 3578 3536 πρὸ
3601 3464 3713 3519 ταύ-

2129 3573 2232 3625 της
2263 3555 2379 3627 ᾔδει
2416 3555 2493 3627 μὴ
2536 3555 2713 3619 ἄλλως
2743 3557 2835 3609 τὸν
2884 3556 3116 3610 θάνατον
3148 3558 3709 3629 καταργηθησόμενον,

2132 3650 2183 3702 εί
2218 3648 2295 3721 μὴ
2323 3648 2389 3701 δι’
2420 3649 2479 3703 ὃν
2508 3649 2722 3720 ὑπέστη
2757 3649 2992 3721 σταυρόν
3034 3666 3094 3702 τε
3131 3650 3227 3702 καὶ
3277 3649 3603 3705 θάνατον.Ἠ
3630 3643 3711 3702 οὖν

2131 3741 2512 3815 παραίτησις,
2566 3742 2671 3811 τῆς
2729 3741 2999 3796 Ἰουδαίων
3061 3742 3385 3813 μιαιφονίας
3414 3742 3708 3813 κατηγορεῖ,

2130 3833 2432 3905 ἀϐούλητον
2482 3832 2633 3903 αύτῷ
2680 3832 2938 3886 δεικνῦσα
2968 3832 3028 3886 τὸ
3076 3833 3252 3898 πάθος
3284 3834 3495 3889 διάτοιά
3522 3832 3580 3888 τὸ
3603 3833 3709 3887 δυσ·

2130 3925 2308 3990 κλεές.
2362 3925 2526 3979 Ἀλλὰ
2562 3926 2657 3978 καὶ
2680 3923 2824 3979 οὕτω
2850 3925 3042 3994 γέγονε
3066 3925 3296 3997 θελητὸν
3325 3927 3419 3980 ἐπὶ
3440 3926 3516 3998 τῷ
3538 3940 3708 3994 καταρ·

2130 4022 2300 4090 γῆσαι
2329 4019 2420 4073 τὸν
2448 4019 2700 4076 θάνατον.
2726 4041 2749 4073 ‹
2772 4020 2885 4074 Kal
2907 4021 3066 4074 τοῦτο
3085 4020 3240 4091 δηλοί
3264 4019 3345 4085 τὸ,
3366 4019 3708 4088 Καταόέὸηκι

2131 4112 2195 4165 ὲκ
2244 4109 2339 4165 τοῦ
2384 4110 2616 4183 οὐρανοῦ
2638 4154 2652 4179 ,
2688 4112 2787 4183 οὐχ
2822 4113 2912 4167 ἵνα
2947 4111 3089 4166 ποιῶ
3130 4112 3194 4165 τὺ
3243 4110 3458 4182 θέλημα
3487 4109 3547 4163 τὸ
3575 4108 3703 4179 ὲμδν,

2130 4202 2267 4257 ἀλλὰ
2297 4202 2357 4256 τὸ
2385 4203 2601 4274 θέλημα
2619 4203 2713 4257 τοῦ
2741 4204 3064 4275 πέμψαντός
3089 4220 3178 4274 με,
3204 4220 3224 4254 ι
3254 4204 3351 4257 καὶ
3378 4201 3446 4255 τὰ
3464 4201 3601 4272 ἑξῆς.
3627 4198 3706 4261 Εἰς

2129 4297 2251 4351 δέον
2299 4292 2395 4350 οὖν
2441 4299 2507 4367 τῇ
2563 4298 2850 4369 μιαιφονίᾳ
2895 4301 2963 4370 τῇ
3014 4296 3241 4351 ἐκείνων
3289 4296 3558 4367 ἐχρήσατο
3590 4291 3705 4361 πρὸς

2132 4388 2408 4460 σωτηρίαν
2440 4389 2533 4443 τοῦ
2561 4390 2791 4460 κόσμου.
2822 4390 2930 4443 Καὶ
2954 4389 3127 4454 τύπος
3155 4389 3235 4454 δὲ,
3268 4389 3456 4459 φασὶν,
3481 4389 3607 4458 ἡμῖν
3629 4382 3703 4452 γέ-

2129 4497 2288 4550 γονεν
2338 4481 2415 4552 μὴ
2465 4482 2795 4534 ἀναπίπτειν
2840 4481 2899 4535 ὲν
2948 4482 3315 4552 πειρασμοῖς,
3344 4478 3478 4533 ἀλλά
3520 4476 3701 4529 δεῖσθαι

2130 4573 2290 4628 Θεοῦ.
2323 4575 2446 4639 Τοῖς
2498 4573 2591 4627 οὖν
2638 4572 2971 4643 προλαὸοὖσι
3007 4573 3380 4637 συνάπτοντες
3425 4570 3485 4625 τὸ
3539 4566 3699 4640 ῥητὸν,

413 4663 662 4716 animum
705 4660 1105 4730 abjicicudum,
1143 4660 1237 4716 sed
1278 4660 1537 4730 precibus
1568 4660 1738 4715 Deum
1774 4661 2014 4735 fatigan-

2128 4668 2267 4738 πρὸς
2308 4667 2438 4731 τοὺς
2482 4665 2900 4736 ἐξειλεγμένους
2934 4666 3189 4737 εἰρῆσθαί
3219 4682 3357 4735 φασι
3402 4664 3462 4717 τό
3488 4677 3503 4694 ⁶
3528 4655 3700 4727 Καιρῷ

411 4757 543 4811 dum
579 4770 703 4811 esse
752 4755 965 4808 docuit.
1026 4753 1425 4823 Superioribus
1482 4754 1665 4823 itaque
1700 4755 1879 4809 locum
1920 4756 2023 4811 ad-

401 4855 725 4911 ﬂectentes,
764 4846 829 4899 ad
867 4862 983 4907 eos,
1012 4846 1106 4914 qui
1158 4845 1351 4899 selecti
1396 4855 1550 4908 sunt,
1605 4846 1732 4910 ista,
1764 4862 1887 4917 qua:
1931 4864 2019 4904 se-

411 4948 679 5006 quuntur,
722 4937 789 4992 Ιιι
818 4949 1049 5007 ιειιῳονο
1080 4944 1293 5008 accepto
1320 4939 1572 4992 exaudiri
1601 4942 2017 5006 te,reluleinnt.

402 5028 615 5085 Fuerat
647 5031 792 5084 enim
829 5040 958 5085 ante
994 5030 1185 5085 mundi
1219 5030 1693 5084 constructionem
1721 5033 2020 5103 praecogni-

402 5134 528 5178 tum
557 5120 761 5177 Chrisd
795 5125 1143 5194 mysterium,
1175 5121 1273 5178 sed
1305 5122 1373 5178 iis
1391 5124 1620 5177 emicuit
1646 5125 2011 5195 temporibus,

398 5211 616 5285 quibus
674 5215 996 5283 prtepotenti
1074 5213 1303 5284 placuit.
1354 5211 1545 5282 Itaque
1612 5213 2014 5271 incarnationis

398 5314 631 5377 tempus
671 5304 779 5359 diei
819 5306 1042 5361 nomine
1076 5305 1385 5377 signiﬁcat;
1427 5314 1489 5360 ut
1545 5306 1707 5363 divus
1762 5305 2008 5363 Paulus:

404 5416 438 5451 ι
484 5397 622 5454 Ecce
650 5414 798 5454 nunc
857 5406 1075 5470 tempus
1127 5400 1511 5470 acceptabile:
1569 5417 1697 5457 ecce
1753 5402 1872 5457 dies
1919 5418 2012 5458 sa-

397 5487 541 5546 lutis
576 5492 645 5546 ”.
687 5510 708 5543 ι
754 5492 819 5547 Et
854 5489 1064 5546 David:
1121 5509 1141 5544 ι
1178 5492 1309 5547 llaec
1358 5491 1479 5564 ipsa
1511 5502 1597 5549 est
1645 5493 1786 5558 dies,
1843 5510 2012 5565 quam

479 5603 529 5635 ³⁸
556 5602 719 5659 Rom.
758 5620 880 5671 Vill,
934 5602 1027 5661 29.
1104 5603 1147 5635 ³⁷
1178 5602 1374 5660 Matth.
1416 5622 1593 5675 xxvn,
1618 5607 1710 5663 46.
1787 5608 1833 5641 ³³
1862 5608 2023 5663 Matth

2128 5630 2250 5680 τινι,
2282 5615 2374 5672 39.

2122 4758 2314 4824 δεκτῷ
2359 4759 2680 4827 ἐπήκουσά
2722 4773 2863 4815 σου.
2896 4761 3258 4830 Προέγνωστο
3311 4757 3410 4829 μὲν
3459 4755 3563 4825 γὰρ
3610 4748 3697 4822 πρὸ

2123 4853 2432 4924 καταϐολῆς
2465 4853 2674 4923 κόσμου
2704 4852 2765 4905 τὸ
2800 4853 3041 4925 Χριστοῦ
3078 4853 3406 4924 μυστήριον,
3438 4842 3694 4916 ἐπέλαμψε

2121 4945 2179 4999 δὲ
2230 4946 2353 4999 καθ’
2382 4943 2475 5008 οὓς
2509 4944 2782 5016 ηὑδόκησε
2819 4948 3047 5016 καιροὺς
3089 4948 3116 4999 ὁ
3144 4944 3440 5013 δυνάστης.
3477 4940 3575 4993 Τὸν
3613 4931 3692 4988 οὖν

2118 5039 2222 5111 τῆς
2253 5038 2725 5110 ὲνανθρωπήσεως
2761 5038 2954 5109 καιρὸν
2984 5037 3214 5107 ἡμέραν
3246 5036 3422 5100 καλεῖ,
3454 5032 3588 5088 καθὰ
3613 5024 3690 5080 καὶ

2111 5135 2140 5187 ὁ
2165 5133 2307 5197 θεῖος
2330 5130 2658 5194 Ἀπόστολος
2683 5146 2696 5159 ·
2744 5148 2762 5182 ι
2788 5130 2921 5184 Ἰδοὺ
2952 5130 3049 5185 νῦν
3079 5130 3271 5202 καιρὸς
3292 5124 3687 5199 εὐπρόσδεκτος.

2126 5226 2257 5279 Ἰδοὺ
2292 5226 2477 5296 ἡμέρα
2514 5224 2862 5295 σωτηρίας..)
2917 5223 3056 5294 Περὶ
3092 5219 3159 5296 ἧς
3198 5238 3335 5292 φησι
3372 5218 3466 5273 καὶ
3507 5210 3685 5269 Δαδίδ⁹

2119 5333 2139 5367 ς
2168 5314 2320 5385 Αὕτη
2354 5316 2387 5386 ἡ
2420 5314 2624 5386 ἡμέρα,
2657 5315 2723 5386 ἢν
2772 5313 3033 5384 ἐποίησεν
3064 5316 3092 5367 ὁ
3122 5312 3345 5385 Κύριος.
3379 5329 3398 5361 ι
3443 5307 3558 5360 Ἐπὶ
3584 5298 3688 5355 τοῦ·

2112 5424 2229 5470 τοις
2260 5407 2397 5479 φησί
2421 5423 2435 5437 ο
2483 5407 2593 5462 Καὶ
2625 5405 2820 5461 ἔδωκά
2852 5423 2927 5461 σε
2952 5410 3041 5474 εὶς
3069 5405 3369 5475 διαθήκην
3390 5399 3573 5457 ἐθνῶν
3594 5391 3684 5449 τοῦ

2113 5500 2496 5571 καταστῆσαι
2514 5499 2636 5568 τὴν
2666 5498 2806 5571 γῆν,
2828 5500 3286 5571 κληρονομῆσαι
3309 5488 3684 5566 κληρονομίας

2489 5614 2534 5647 ³⁸
2566 5613 2729 5672 Joan.
2763 5630 2842 5685 vi,
2872 5613 2964 5672 58.
3044 5614 3092 5647 δ’
3121 5615 3166 5670 ιι
3190 5614 3317 5671 Cor.
3337 5627 3414 5682 vt,
3434 5609 3487 5666 2.

1677 5696 1917 5751 γΑιιιΑε
1961 5697 2379 5762 LECTIUNES.

474 5790 510 5833 δ
540 5805 632 5863 γρ.
672 5783 834 5845 εἶναι.
919 5802 937 5831 ε
971 5788 1075 5859 ἀφ.
1108 5790 1208 5861 τὴν
1226 5756 1413 5863 εὐνήν.
1488 5790 1515 5831 δ
1542 5809 1631 5864 γρ.
1665 5791 1734 5846 δι’
1768 5789 1958 5847 αὐτοῦ.

3567 301 3692 364 2m
3807 294 3815 301 ’
