3916 6422
227 318 372 386 24ἷ3

1334 320 1867 382 COMMENTARII
1911 322 1990 382 ΙΝ
2030 323 2146 383 ISA
2159 322 2317 383 IAM.

3354 313 3498 378 ’ΠΜ

227 439 511 510 ἐρήμουςο
546 438 579 509 ἢ
609 438 750 493 κατὰ
779 438 1073 510 Σύμμαχον
1158 434 1480 505 Ἀνεγεῒραι
1514 435 1629 503 τὴν
1667 436 1825 505 γῆν-λ.

1936 439 2046 491 'ecit
2082 437 2347 492 Dominus
2378 436 2444 487 ⁵¹.
2552 432 2713 487 Addit
2739 438 2963 503 postea:
3010 427 3073 483 Et
3100 428 3220 483 dedi
3249 436 3297 482 te
3343 428 3395 481 in
3422 444 3500 480 te-

227 532 322 587 καὶ
384 530 836 601 κληροδοτῆσαι
903 529 1312 599 κληροδοσίας
1374 528 1815 598 ἠφανισμένας.

228 624 486 678 Τοιαῦται
513 624 569 677 δὲ
594 619 734 694 ἦσαν
761 624 817 677 αἱ
845 620 955 676 τῶν
982 620 1161 675 ἀθέων
1188 621 1394 690 ψυχαὶ,
1432 620 1629 691 ἔρημοι
1656 619 1815 684 Θεοῦ,

227 719 317 771 καὶ
368 714 588 786 ἀληθῶς
636 712 1067 783 ἠφανισμέναι.
1104 708 1286 766 Ἦσαν
1332 712 1389 766 δὲ
1445 713 1542 766 καὶ
1591 711 1821 779 σειραῖς

230 807 649 879 ἁμαρτημάτων
695 803 1048 875 δεσμὼτιδες.
1080 804 1190 857 Καί
1217 821 1347 857 ποτε
1397 804 1607 869 σκότος,
1646 803 1739 856 νῦν
1764 803 1819 856 δὲ

227 900 340 970 φῶς
389 901 449 952 ὲν
482 899 696 970 Κυρίῳ.
729 897 840 968 Τὴν
892 895 984 949 οῦν
1028 895 1285 965 τοιαύτην
1330 897 1670 961 κατέστησε
1702 893 1821 962 γῆν

224 992 672 1064 τεθορυϐημένην
702 990 1159 1058 κακοῖς.Ἤγουν,
1192 988 1403 1052 πάντας
1427 989 1554 1051 τοὺς
1582 987 1681 1040 ἐπὶ
1709 986 1821 1055 γῆς

226 1085 319 1139 καὶ
372 1084 474 1153 τῆς
530 1080 888 1151 ἐπικειμένης
932 1078 1209 1151 ἀπήλλαξε
1241 1079 1429 1149 ζάλης,
1464 1079 1560 1132 καὶ
1591 1078 1823 1146 κλῆρον

226 1178 356 1231 ἴδιον
386 1176 705 1244 ἐποιήσατο,
743 1172 907 1242 μόνον
933 1170 1073 1241 ἔχων
1101 1172 1271 1225 πάλαι
1308 1171 1398 1223 τὸν
1432 1170 1822 1240 ’1σραήλ.Τοὺς

224 1268 281 1321 δὲ
308 1264 554 1335 δεσμῶν
591 1263 691 1317 καὶ
728 1263 992 1328 σκότους
1018 1263 1502 1333 ὴλευθερωμένους
1532 1261 1824 1328 εὐαγγελμ

229 1356 407 1420 ζεται,
440 1355 618 1422 λέγων
639 1370 652 1383 ο
674 1354 769 1405 Ἐν
792 1352 1017 1418 πάσαις
1047 1351 1175 1417 ταῖς
1211 1351 1369 1418 ὁδοῖς
1394 1350 1825 1418 ,βοσκηθήσον-

229 1464 346 1499 ται.
368 1444 530 1497 Ὀδοὶ
568 1444 625 1496 δὲ
657 1441 754 1495 καὶ
787 1442 992 1511 τρίϐοι,
1022 1441 1087 1505 ἃς
1110 1441 1409 1495 διώδευσαν
1440 1443 1488 1494 οἱ
1518 1441 1685 1496 πάλαι
1706 1443 1826 1495 Θεο-

232 1537 433 1601 σεϐεἴς,
468 1536 525 1587 αἱ
556 1536 695 1587 Οεῖαι
730 1533 943 1604 Γραφαί
972 1552 987 1565 ·
1018 1534 1208 1603 ἤγουν,
1231 1534 1287 1586 αἱ
1316 1532 1425 1585 τῶν
1455 1532 1667 1604 ἀρετῶν
1703 1538 1826 1586 ἐπι-

228 1630 457 1699 τηδεύσε
468 1646 515 1692 ις
539 1627 730 1681 ἄϐατοι
758 1628 869 1687 τοῖς
891 1626 950 1690 ἐξ
966 1625 1138 1678 ὲθνῶν
1162 1625 1511 1695 ὑπάρχουσαι
1537 1624 1824 1696 πρότερον,

231 1724 290 1774 ἐν
323 1716 412 1780 αἶς
449 1719 991 1791 βοσκόμενοιδπάντες
1024 1717 1254 1786 λογικῆς
1280 1718 1488 1788 τροφῆς
1518 1718 1825 1771 ἀπολαύου-

1929 538 2246 583 stamentnm
2276 528 2530 598 gentium,
2556 536 2611 579 ut
2645 525 2988 579 constitueres
3008 532 3229 579 terram,
3249 531 3297 574 et
3324 521 3500 589 possi-

1923 621 2070 674 deres
2099 621 2434 675 Itwreditates
2474 620 2753 683 desertas;
2785 626 2879 671 aut
2905 616 3212 671 secundum
3257 612 3505 685 Symma-

1925 713 2087 766 chum
2123 753 2136 777 ,
2174 711 2241 765 Ut
2265 714 2554 767 suscitares
2585 721 2869 773 terram,et
2890 706 3505 763 dividercshrereditates

1876 799 1889 811 ’
1925 814 2123 858 castas.
2174 805 2375 871 Quales
2417 815 2574 858 erant
2613 806 2746 875 ipsa:
2787 803 3073 858 atheorum
3119 802 3337 886 animae,
3396 799 3508 855 Deo

1924 896 2150 966 privatae
2183 898 2413 959 scilicet,
2446 903 2498 950 et
2521 906 2744 951 vastata:
2772 912 2980 952 revera.
3011 896 3180 950 Erant
3206 903 3260 951 et
3313 908 3510 965 pecca-

1927 996 2107 1040 torum
2129 987 2346 1042 vinculis
2366 989 2696 1043 constrictae.
2715 988 2886 1042 Erant
2919 1004 3115 1043 rursus
3142 996 3198 1043 et
3224 988 3467 1043 tenebrae
3493 1005 3505 1053 ;

1926 1094 2074 1131 nunc
2107 1089 2286 1131 autem
2325 1079 2416 1131 lux
2454 1080 2506 1132 in
2542 1078 2790 1133 Domino.
2826 1078 3012 1137 Talem
3049 1079 3217 1149 igitur
3255 1096 3366 1134 esse
3402 1088 3509 1132 ter-

1928 1186 2069 1231 ram,
2123 1184 2248 1222 cum
2297 1169 2454 1222 malis
2500 1170 2652 1239 prius
2703 1170 3026 1238 agitaretur,
3054 1170 3261 1225 voluit:
3316 1170 3370 1223 id
3403 1180 3508 1233 est,

1930 1275 2123 1313 omnes
2156 1261 2208 1312 in
2242 1268 2384 1312 terra
2415 1259 2675 1329 degentes
2733 1261 3050 1315 imminente
3085 1268 3408 1331 tempestate
3441 1260 3511 1313 li-

1931 1351 2165 1413 beravit,
2198 1350 2413 1420 sibique
2444 1350 2579 1421 ipsis
2611 1352 2663 1403 in
2695 1351 2979 1418 peculium,
3000 1366 3123 1404 cum
3159 1351 3287 1404 olim
3328 1350 3509 1405 Israe-

1931 1443 2036 1495 lem
2076 1451 2283 1495 tantum
2311 1442 2557 1506 haberet,
2588 1442 2788 1496 eﬁ‘ecit.
2820 1441 2911 1495 Eis
2927 1442 3143 1505 deinde,
3163 1443 3257 1512 qui
3286 1444 3509 1496 vinculis

1930 1543 1977 1589 et
2009 1535 2232 1595 tenebris
2267 1534 2480 1589 liberati
2510 1542 2662 1598 sunt,
2704 1534 2880 1589 fausta
2907 1536 3230 1598 annuntiat;
3268 1549 3393 1589 cum
3418 1551 3513 1590 eos

1932 1628 1985 1680 in
2013 1626 2257 1680 omnibus
2289 1628 2388 1680 viis
2423 1626 2587 1695 559
2613 1636 2859 1693 pasturos
2892 1642 3005 1680 esse
3033 1627 3328 1695 signiﬁcat.
3373 1625 3516 1680 Sunt

1934 1726 2116 1772 autem
2142 1719 2239 1772 οἱα·
2263 1726 2312 1771 et
2343 1718 2565 1782 semita,
2597 1732 2735 1787 quas
2765 1717 2840 1786 pii
2870 1724 3056 1787 patres
3077 1718 3206 1772 olim
3230 1726 3512 1786 pertrans-

232 1830 352 1876 σιν,
389 1812 458 1883 ἣν
492 1811 586 1863 καὶ
614 1809 902 1880 νεμόμενοί
938 1825 1103 1879 (pater
1148 1808 1355 1879 Κύριος
1403 1808 1681 1879 ποιμαίνει
1733 1826 1821 1878 με,

1936 1809 2132 1875 ierunt,
2185 1810 2313 1878 ipsae
2345 1824 2518 1863 sacrae
2550 1807 2848 1878 Scriptura:
2894 1826 2907 1861 :
2947 1808 2999 1863 id
3031 1817 3134 1873 est,
3192 1809 3309 1877 ipsa
3338 1808 3515 1861 virtu-

231 1904 331 1957 καὶ
380 1903 533 1956 οὐδέν
582 1919 647 1973 με
698 1902 1012 1972 ὑστερήσει,
1046 1886 1142 1954 καῖ
1181 1902 1249 1953 τὰ
1300 1901 1512 1963 τούτοις
1555 1900 1819 1970 ἑπόμενα.

234 1994 362 2057 Πῶς
405 1989 501 2046 οῦν
552 1991 699 2065 [οὐκ]
750 1993 1117 2063 ὑπομένουσιν
1160 1990 1241 2045 ἔτι
1290 1991 1472 2062 ψυχῆς
1503 1992 1736 2059 πεῖναν,
1783 1991 1822 2060 ἢ

230 2086 445 2154 δίψαν,
470 2084 534 2147 a;
553 2081 698 2154 εἶχον
727 2085 895 2137 πάλαι
916 2084 992 2153 μὴ
1021 2084 1195 2154 νόμῳ,
1224 2083 1299 2154 μὴ
1328 2088 1639 2154 προφήταις
1667 2082 1824 2137 παιδ-

233 2177 649 2246 αγωγοὲμενοι;
680 2174 1024 2229 Μεταϐαλὼν
1056 2175 1114 2228 δέ
1162 2193 1247 2239 τις
1296 2178 1441 2228 κατὰ
1483 2175 1741 2246 Χριστὸν,
1768 2178 1825 2228 ὲν

232 2268 500 2339 εὐτροςία
534 2268 745 2335 γίνεται
788 2269 976 2337 νοητῇ,
1022 2267 1273 2334 λέγοντος
1311 2267 1568 2321 Ἡσαΐου·
1607 2285 1626 2316 ι
1655 2267 1826 2329 Αὐτὸς

233 2362 451 2429 οἰκήσει
482 2360 538 2412 ὲν
568 2357 758 2430 ὑψηλῷ
787 2357 1036 2429 σπηλαίῳ
1059 2359 1265 2428 πέτρας
1326 2360 1574 2429 ἰσχυρᾶς.
1629 2358 1827 2429 Ἀρτος

235 2452 391 2523 αὐτῷ
415 2451 721 2522 δοθήσεται,
740 2449 910 2504 καὶτὸ
934 2448 1080 2520 ὕδωρ
1098 2449 1261 2502 αὐτοῦ
1288 2450 1479 2503 πιστόν
1500 2489 1511 2501 .
1531 2466 1548 2496 ι
1565 2449 1705 2502 Ἀλλ’
1732 2450 1826 2502 οὐ·

235 2543 295 2595 δὲ
344 2545 375 2595 ὁ
421 2542 662 2613 φλογμὸς
694 2541 790 2594 τοῦ
825 2541 940 2611 βίου
985 2540 1238 2604 πατάξει
1275 2540 1495 2604 αὐτοὺς,
1529 2540 1826 2612 λεγόμενος

235 2637 487 2690 καύσων
512 2635 608 2688 καὶ
639 2633 833 2701 ἥλιος.
869 2632 1067 2700 Γέγονε
1098 2633 1209 2704 γὰρ
1244 2635 1431 2698 αὐτοῖς
1459 2634 1772 2704 σκεπαστὴς
1798 2635 1827 2686 ὁ

235 2727 477 2798 Χριστὸς
519 2727 547 2778 ὁ
578 2708 669 2778 καὶ
697 2725 866 2779 πάλαι
898 2725 1095 2796 νεφέλῃ
1140 2725 1422 2789 σκεπάσας
1455 2726 1547 2779 τὸν
1585 2726 1825 2798 Ἰσραήλ.

237 2817 541 2889 Σύμφωνον
565 2816 740 2886 τούτῳ
756 2816 816 2869 τὸ
843 2816 938 2870 τοῦ
968 2815 1294 2871 Ἀποστόλου
1326 2816 1487 2888 ῥητόν
1506 2832 1521 2847 ο
1552 2834 1572 2868 ι
1591 2817 1826 2881 Δυνατὸς

236 2911 297 2963 δὲ
332 2912 361 2963 ὁ
396 2908 548 2971 Θεὸς,
582 2907 641 2971 δς
682 2907 783 2961 οὐκ
831 2907 986 2960 ἐάσει
1030 2908 1177 2976 ὑμᾶς
1215 2908 1580 2981 πειρασθῆναι
1625 2908 1765 2980 ὑπὲρ
1801 2907 1830 2961 ὃ

237 3000 495 3056 δύνασθε.
528 3018 545 3050 ›
583 3000 690 3052 Καὶ
719 2998 857 3069 αὕτη
887 2999 993 3054 τοῦ
1025 3000 1345 3067 ἐλεοῦντος
1374 3001 1520 3070 ἡμᾶς
1562 3001 1601 3068 ἡ
1636 2998 1829 3069 παρά-

241 3096 487 3162 κλησις.

1935 1910 2047 1954 tum
2068 1900 2247 1955 studia
2274 1900 2529 1970 gentibus
2551 1900 2679 1953 olim
2709 1901 3074 1967 inaccessa,in
3093 1902 3294 1971 quibus
3324 1916 3516 1954 omnes

1933 1991 2154 2045 educati
2183 1991 2333 2046 verbi
2358 1992 2483 2046 cibo
2513 1991 2913 2061 perfruuntur;
2946 2007 3057 2061 quo
3076 1993 3169 2063 qui
3191 2001 3518 2056 vescuntur,

1935 2098 1964 2137 a
2000 2072 2231 2137 Domino
2259 2099 2318 2138 se
2358 2084 2529 2153 pasci,
2575 2098 2675 2139 nec
2708 2085 2815 2140 sibi
2843 2084 3144 2156 quidquam
3175 2083 3514 2147 defuturum,

1936 2183 2245 2244 caeteraque
2274 2189 2398 2245 qua:
2436 2184 2769 2246 sequuntur,
2804 2176 3152 2247 proﬁtentur.
3191 2176 3293 2243 Qui
3350 2176 3519 2245 igitur

1934 2281 2055 2320 eam
2081 2266 2276 2321 animte
2299 2268 2546 2333 esuriem,
2579 2278 2671 2322 aut
2695 2270 2864 2334 sitim,
2889 2269 3067 2324 adhuc
3086 2284 3193 2323 non
3215 2269 3515 2339 patiantur,

1935 2374 2042 2429 qua
2063 2359 2391 2429 iiquondam
2412 2359 2581 2429 qui'se
2598 2375 2700 2415 nec
2720 2362 2822 2432 legi
2839 2377 2937 2417 nec
2957 2362 3237 2431 prophetis
3256 2362 3517 2431 permise-

1935 2450 2515 2521 runt,torquebantur?
2533 2453 2603 2506 At
2623 2453 2874 2522 quisquis
2900 2453 2965 2507 ad
2992 2452 3271 2507 Christum
3297 2452 3513 2511 transit.

1938 2542 2112 2595 multo
2145 2552 2317 2607 certe,
2351 2558 2528 2613 eoque
2555 2543 2906 2615 iutelligibili,
2940 2545 3063 2600 cibo
3085 2544 3344 2606 abundat,
3376 2543 3517 2604 Isaia

1936 2640 2096 2697 teste,
2150 2648 2275 2687 cum
2327 2634 2437 2687 ait:
2499 2653 2518 2686 ι
2555 2634 2676 2705 ipse
2725 2634 2992 2690 habitabit
3028 2635 3081 2689 in
3123 2636 3337 2691 excelsa
3386 2651 3515 2705 spe-

1936 2723 2099 2778 lunca
2130 2724 2368 2795 praeduri
2406 2726 2627 2794 lapidis.
2662 2725 2826 2781 Panis
2863 2727 2964 2795 ipsi
3018 2727 3257 2790 dabitur,
3285 2735 3340 2782 et
3370 2742 3513 2797 aqua

1935 2815 2065 2888 ejus.
2102 2817 2282 2874 ﬁdelis
2335 2817 2398 2873 δ’.
2444 2838 2463 2871 ι
2522 2818 2633 2874 lmo
2679 2835 2747 2875 ne
2791 2822 2914 2874 vitae
2959 2819 3175 2889 quidem
3213 2818 3469 2875 incendio
3498 2856 3516 2883 ,

1936 2910 2081 2979 qttod
2103 2919 2262 2965 wstus
2285 2919 2335 2964 et
2359 2910 2489 2965 satis
2509 2911 2729 2965 nomine
2745 2910 3104 2980 signiﬁcatur,
3128 2912 3513 2975 percutientur;

1937 3004 2029 3071 qui
2061 3002 2364 3069 Christum,
2399 3019 2511 3075 quo
2545 3004 2742 3058 nebula
2770 3004 2934 3058 etiam
2966 3005 3094 3059 olim
3126 3012 3408 3073 protectus
3435 3012 3512 3059 ρει

1940 3091 2128 3157 Israel,
2165 3093 2514 3149 defensorem
2542 3094 2803 3149 habeant.
2842 3092 2980 3149 lluic
3010 3104 3191 3149 autem
3241 3097 3519 3167 consentit

240 3197 299 3241 et
343 3186 587 3254 Apostoli
634 3186 808 3246 locus.
840 3186 930 3240 ubi
959 3186 1062 3239 ait:
1121 3204 1139 3236 ι
1172 3184 1373 3241 Potens
1404 3192 1489 3240 est
1532 3185 1702 3251 Deus,
1734 3186 1829 3256 qui
1876 3202 1986 3241 non
2019 3188 2164 3243 sinet
2187 3204 2281 3245 vos
2347 3187 2542 3245 tentari
2590 3190 2754 3259 supra
2803 3187 2856 3242 Id
2936 3189 3079 3259 quod
3128 3190 3358 3259 potestis
3387 3191 3452 3242 ".
3490 3206 3512 3241 ι

245 3281 311 3334 Et
346 3280 463 3333 hate
496 3279 614 3348 ipsa
642 3287 725 3332 est
762 3279 931 3332 nostri
968 3278 1348 3332 miserescentis
1371 3280 1683 3333 consolatio.

320 3373 429 3429 Kal
476 3372 574 3425 διὰ
629 3371 856 3440 πηγῶν,
889 3373 1073 3442 φησὶν,
1126 3372 1364 3427 ὑδάτων
1407 3373 1539 3437 ἄξει
1588 3376 1831 3440 αὐτούς.

2013 3376 2274 3445 Sequitur
2302 3373 2499 3430 deinde
2524 3380 2573 3427 et
2599 3388 2692 3440 per
2721 3373 2891 3441 fontes
2927 3388 3187 3442 aquarum
3227 3373 3379 3427 ducet
3403 3390 3515 3427 eos.

246 3468 449 3521 Πολλαὶ
475 3466 533 3518 δὲ
556 3466 737 3531 πηγαὶ
768 3464 1017 3534 Ἰσραὴλ,
1055 3465 1151 3518 καὶ
1209 3465 1393 3534 πηγαὶ
1453 3468 1746 3538 σωτηρίου.
1778 3469 1833 3521 αἱ

249 3560 348 3630 μὲν
370 3559 468 3627 τῆς
504 3557 741 3618 Παλαιᾶς
771 3555 1064 3625 ΔιαΟήκης,
1094 3557 1152 3608 αἱ
1187 3555 1244 3609 δὲ
1283 3556 1382 3626 τῆς
1409 3558 1638 3627 Καινῆς.
1666 3560 1836 3611 Οὐδὲν

244 3654 304 3705 δὲ
363 3651 625 3705 δύσϐατον
682 3651 865 3712 αὐτοῖς
923 3649 1067 3720 τὴνο
1141 3653 1409 3721 σωτήριον
1458 3653 1835 3726 ὁδοιποροῦσιν

246 3744 417 3797 ὁδόν.
451 3743 597 3827 Ἔφη
649 3742 756 3812 γάρ
781 3742 808 3794 ὁ
840 3743 1129 3812 προφήτης
1169 3743 1265 3795 καὶ
1324 3743 1594 3816 πρότερον
1619 3761 1634 3776 '
1679 3765 1697 3797 ι
1724 3747 1835 3800 Καὶ

246 3838 397 3889 πᾶσα
426 3833 643 3904 φάραγξ
673 3832 1112 3903 πληρωθήσεται,
1131 3853 1149 3885 i
1179 3834 1273 3887 καὶ
1292 3834 1362 3888 τὰ
1382 3837 1475 3888 ἐπὶ
1498 3837 1696 3905 τούτῳ.
1726 3839 1836 3890 Καὶ

252 3925 440 3984 πάλιν,
486 3940 506 3974 ι
545 3924 693 3985 Ὁδὸς
742 3922 957 3975 ἀσεϐῶν
1009 3922 1202 3977 εὐθεῖα
1261 3924 1502 3992 ἐγένετο.
1543 3945 1563 3978 ι
1626 3928 1834 3995 Ἥγουν

246 4012 605 4084 ὁμαλίζεσθαι
631 4010 698 4065 τὰ
728 4011 917 4064 σκολιά
950 4014 1044 4065 καὶ
1075 4012 1343 4083 ἀνώμαλα
1367 4032 1503 4085 φησι
1532 4015 1641 4071 τῶν
1661 4016 1831 4086 ἠθῶν.

250 4103 386 4158 Εἶτα
413 4106 539 4166 τοὺς
573 4088 944 4173 κεκλημένουᾷ
970 4105 1308 4174 πανταχόθεν
1333 4105 1507 4171 ἥξειν
1537 4107 1635 4175 τῆς
1657 4108 1835 4160 οἰκου-

250 4195 426 4264 μένης
451 4193 606 4259 φησὶ,
664 4191 773 4243 τῶν
808 4192 1092 4262 τεσσάρων
1118 4191 1401 4260 κλιμάτων
1443 4191 1725 4262 μνησθείς.
1762 4192 1836 4244 Τὸ

249 4285 358 4351 γάρ
391 4282 716 4349 πόρῤωθεν,
741 4280 801 4333 τὸ
827 4279 1033 4333 νότειον
1094 4280 1247 4348 δηλοῖ
1277 4281 1387 4334 τῶν
1444 4281 1836 4352 μεσημϐρινῶν

248 4375 434 4427 τόπων
466 4375 596 4442 ἡμῖν
617 4371 1023 4441 ἀκατάληπτον.
1055 4373 1120 4424 Ἦ
1135 4372 1192 4425 δὲ
1230 4372 1516 4426 θάλασσα
1542 4373 1641 4441 τὴν
1672 4374 1835 4426 ἑσπέ-

253 4484 351 4537 ραν
411 4463 582 4535 δηλοῖ,
631 4463 966 4532 δυτικωτέρα
1018 4464 1116 4533 τῆς
1173 4463 1429 4528 Ἰουδαίας
1493 4465 1833 4539 ὑπάρχουσα.

254 4558 468 4626 Ὠσπερ
483 4555 575 4608 οῦν
603 4555 703 4625 τὴν
730 4554 994 4624 ἀνατολὴν
1026 4554 1065 4621 ἡ
1104 4553 1357 4622 Περσῶν
1405 4557 1707 4626 παρίστησι
1736 4555 1832 4625 γῆ.

262 4642 428 4710 Δηλοί
460 4640 516 4694 δὲ
548 4641 710 4711 τάχα,
743 4641 897 4710 φασὶ,
934 4644 1058 4705 τοὺς
1106 4645 1597 4715 προσκυνήσαντας
1620 4649 1850 4715 Μάγους

1942 3466 2083 3523 Sunt
2129 3483 2259 3521 vero
2297 3465 2536 3528 Israelis,
2585 3474 2750 3535 atque
2780 3464 2918 3518 adeo
2973 3466 3167 3520 salutis
3197 3464 3367 3533 fontes
3394 3480 3521 3535 per-

1941 3562 2129 3616 multi:
2160 3561 2250 3614 alii
2282 3557 2505 3629 quidem
2546 3556 2785 3623 Veteris,
2826 3556 2917 3609 alii
2957 3565 3139 3611 autem
3172 3557 3519 3611 Recentioris

1939 3651 2297 3707 Testamenti.
2316 3649 2422 3704 Sed
2438 3649 2572 3703 nihil
2593 3649 2661 3704 iis
2679 3655 2888 3718 poterat
2905 3648 3147 3719 praebere
3159 3647 3516 3709 ditiicultatis,

1936 3744 2031 3813 qui
2068 3743 2204 3795 viam
2244 3742 2439 3796 salutis
2484 3739 2880 3794 ambulassent.
2933 3738 3155 3792 Dixerat
3204 3739 3348 3791 enim
3368 3731 3519 3806 ‘pro-

1940 3836 2100 3904 pheta
2159 3834 2321 3888 etiam
2385 3841 2544 3886 antea
2597 3849 2612 3885 :
2662 3849 2681 3881 ι
2715 3831 2779 3883 Et
2830 3831 3013 3885 omnis
3044 3829 3206 3883 vallis
3263 3828 3518 3897 implebi-

1939 3941 2027 3981 tur
2058 3927 2124 3988 δι,
2161 3945 2179 3977 ι
2218 3927 2433 3997 aliaque
2484 3938 2606 3995 quae
2637 3932 2964 3993 sequuntur.
3019 3920 3261 3991 Itemque
3303 3938 3317 3974 :
3364 3937 3384 3971 ι
3414 3917 3517 3973 Via

1940 4018 2230 4084 impiorum
2282 4025 2430 4071 recta
2466 4014 2610 4069 iacta
2659 4021 2745 4070 est
2773 4012 2841 4068 "'.
2881 4030 2900 4064 ο
2959 4011 3250 4076 Nimirum,
3303 4017 3363 4064 ut
3396 4026 3519 4081 qua:

1938 4109 2159 4178 obliqua
2190 4114 2245 4161 et
2286 4106 2568 4161 salebrosa
2627 4104 2849 4160 fuerant
2874 4104 2930 4157 in
2971 4102 3241 4164 moribus,
3282 4109 3433 4156 recta
3466 4112 3521 4157 et

1942 4202 2099 4269 plana
2190 4198 2306 4254 fore
2395 4196 2756 4267 signiﬁcaret.
2843 4194 3077 4250 Vocates
3161 4193 3362 4249 deinde
3450 4194 3521 4247 ab

1938 4289 2087 4342 υιιιηί
2158 4296 2319 4342 terra:
2385 4286 2700 4342 habitabilis
2752 4293 2924 4355 parte,
3004 4283 3165 4352 cujus
3230 4284 3517 4353 plagarum

1939 4389 2176 4449 quatuor
2219 4378 2484 4443 meminit,
2536 4386 2785 4431 venturos
2822 4390 2935 4429 esse
2965 4374 3329 4428 demonstrat.
3360 4371 3519 4436 Quod

1938 4471 2084 4524 enim
2140 4473 2204 4523 de
2241 4474 2392 4539 longe
2440 4467 2598 4531 dixit,
2656 4467 2926 4523 australes
2965 4464 3213 4521 meridiei
3262 4464 3519 4533 regiones

1941 4560 2103 4615 nobis
2136 4561 2444 4631 incognitas
2464 4556 2832 4629 signiﬁcavit:
2864 4565 2923 4611 ut
2950 4571 3046 4626 per
3071 4571 3214 4609 mare
3234 4553 3516 4617 occiduas;

1940 4652 2083 4721 quod
2129 4649 2312 4704 Judaea
2352 4652 2522 4721 magis
2547 4651 2614 4705 ad
2642 4665 2902 4706 occasum
2935 4650 3143 4720 vergit:
3181 4666 3278 4719 per
3323 4659 3521 4702 terram

261 4731 436 4798 αὐτῷ.
466 4731 637 4784 Τοῦτο
668 4733 777 4803 γὰρ
809 4733 1026 4802 δηλοῦν,
1060 4735 1154 4787 καὶ
1173 4735 1255 4799 τὺ,
1299 4754 1318 4786 ι
1356 4737 1651 4807 Δοθήσεται
1697 4739 1831 4808 αὐτίε

1943 4752 2122 4795 autem
2145 4741 2436 4795 Persarum
2468 4740 2750 4798 Orientem
2810 4743 3011 4812 ipsum.
3044 4741 3300 4796 Forsitan
3354 4741 3521 4795 etiam

262 4826 327 4877 ὲκ
356 4822 451 4876 τοῦ
483 4826 709 4893 χρυσίου
755 4824 855 4893 τῆς
914 4825 1195 4895 ’Λραϐίας.
1241 4846 1259 4878 ι
1297 4826 1408 4880 Νῦν
1445 4828 1554 4898 γὰρ
1590 4829 1851 4899 Ἀραϐίαν

257 4914 360 4985 τὴν
390 4914 638 4980 Περσῶν
658 4914 843 4985 χώραν
872 4915 1257 4985 σημαίνεσθαι.
1300 4913 1434 4971 Εἶτα
1469 4919 1606 4989 πρὸς
1654 4919 1851 4993 ἑορτὴν

258 5006 364 5075 τὴν
395 5005 573 5058 κτίσιν
599 5007 693 5058 ἐπὶ
720 5007 833 5069 τοῖς
861 5006 1229 5074 σεσωσμένοις
1276 5008 1465 5063 καλεῖ·
1508 5009 1577 5062 δι’
1611 5010 1847 5081 οὐρανοῦ

263 5099 386 5169 μὲν,
425 5098 525 5161 τὰς
569 5098 689 5150 ἐκεῖ
724 5098 1004 5167 δυνάμεις,
1054 5099 1109 5151 αἳ
1157 5101 1252 5152 καὶ
1307 5101 1394 5169 ἐφ’
1423 5102 1507 5157 ἑνὶ
1559 5102 1848 5174 χαίρουσιν

262 5189 574 5262 ἁμαρτωλῷ
624 5190 995 5260 μετανοοῦντι.
1046 5192 1147 5246 Διὰ
1186 5191 1297 5261 γῆς
1327 5193 1404 5258 δὲ,
1439 5194 1565 5258 τοὺς
1625 5196 1852 5268 ὅσοιπερ

262 5284 321 5335 ὲν
350 5284 489 5351 αὐτῇ
520 5284 615 5337 καὶ
647 5282 1014 5348 προσεδόκων,
1050 5285 1144 5338 καὶ
1166 5285 1270 5351 τῆς
1299 5284 1624 5353 θεοφανείας
1651 5287 1850 5357 ὴξίων-
1878 5328 1886 5359 ς

257 5380 369 5417 ται.
398 5361 555 5417 Οὕτω
580 5364 672 5417 καὶ
703 5364 926 5434 Συμεὼν
953 5365 1425 5439 εὐφραινόμενος
1451 5372 1658 5441 ἔλεγεν
1691 5375 1836 5429 «Νῦν

331 5474 544 5543 “_Psal.
582 5490 762 5539 cxvu,
807 5476 896 5532 24.
1003 5478 1391 5543 "isa.xxxm.
1436 5485 1521 5539 i6.

258 5541 308 5575 “
360 5541 505 5599 Psal.
561 5560 709 5612 aut,
772 5546 860 5599 15.
936 5549 979 5580 ⁵⁷
1022 5549 1158 5606 Luc.
1212 5569 1301 5616 xv,
1363 5541 1415 5609 9.
1486 5612 1492 5618 _

1628 5488 1671 5520 "
1696 5490 1721 5561 _l
1758 5488 1886 5544 Cor.
1929 5510 1978 5558 κ,
1998 5506 2005 5509 ·
2024 5495 2106 5549 15.

1943 4838 1998 4885 et
2017 4832 2227 4898 Magos,
2261 4832 2432 4897 aiunt,
2467 4847 2494 4885 a
2524 4834 2723 4902 quibus
2759 4841 2845 4887 est
2889 4834 3004 4901 ipse
3036 4832 3318 4886 adoratus.
3363 4830 3520 4884 istud

1942 4924 2090 4977 enim
2139 4927 2218 4978 vel
2269 4925 2489 4979 Davidis
2543 4925 2705 4980 verba
2755 4943 2771 4979 :
2818 4943 2836 4974 ι
2875 4923 3101 4977 Dabitur
3147 4922 3193 4976 ei
3256 4922 3322 4975 de
3382 4934 3523 4973 auro

1940 5015 2156 5069 Arabiae
2185 5015 2250 5078 “,
2291 5034 2309 5066 ι
2356 5015 2771 5081 conﬁrmarint;
2805 5031 2927 5068 cum
2952 5028 3047 5083 per
3071 5010 3326 5065 Arabiam
3360 5010 3524 5064 hodie

1944 5104 2233 5159 Persarum
2282 5109 2558 5175 regionem
2629 5105 2930 5177 signiﬁcari
2984 5103 3172 5158 velint.
3223 5101 3525 5156 Creaturas

1947 5213 2146 5252 rursus
2194 5200 2260 5253 ad
2312 5200 2457 5252 diem
2524 5197 2744 5261 festum,
2793 5206 3013 5266 propter
3070 5195 3233 5265 560
3280 5195 3523 5250 salvatos

1945 5287 2169 5343 invitat:
2213 5286 2366 5343 Cwlo
2390 5290 2633 5357 quidem,
2667 5289 2928 5357 degentes
2960 5287 3012 5339 in
3054 5304 3120 5340 eo
3154 5290 3382 5340 virtutes
3413 5301 3523 5337 uno

1945 5379 2301 5449 resipiseeute
2353 5392 2643 5451 peccatore
2689 5380 2859 5434 laetari
2918 5380 3112 5435 solitas
3153 5380 3401 5433 indicans
3435 5376 3521 5438 ⁸⁷,

2215 5497 2260 5560 "f
2289 5496 2393 5550 lsa.
2431 5513 2519 5563 XL,
2582 5501 2637 5552 4.
2739 5497 2786 5530 ⁵⁸
2823 5496 2925 5551 lsa.
2958 5511 3121 5561 xxxv,
3153 5493 3185 5548 8
3211 5509 3320 5549 see.
3353 5487 3519 5546 LXX.

1549 5652 1780 5708 νΑῐιιΑτῖ
1820 5655 2221 5710 [ιῐίὶίὶίΊΟΝΕδ.

331 5740 355 5769 ⁸
431 5747 521 5797 7f.
552 5726 635 5801 ἦν.

624 5825 894 5883 Pnnoe.
931 5827 1044 5883 (in.
1093 5826 1187 5885 LX
1204 5827 1350 5885 XXV
1368 5827 1448 5889 il.

3418 5772 3432 5801 ί

3020 5844 3164 5921 ,τε
