3916 6422
350 320 490 388 sua
904 310 935 332 '

1682 316 2035 377 PROCOPII
2075 318 2319 378 GAZzEI

3480 311 3622 378 2l80

348 410 452 495 ste,
488 434 937 491 construxerunt,
964 427 1056 499 qui
1082 426 1359 497 principes
1382 441 1477 482 eos
1507 440 1673 495 super
1709 441 1928 479 omnem

2062 425 2261 480 ιτείαν.
2286 423 2420 495 Περί
2445 417 2520 478 ὧν
2549 440 2682 494 φησι
2719 421 2814 477 καὶ
2840 420 3030 475 Δαϐίδ’
3069 438 3088 472 ι
3113 412 3506 491 Καταστήσας
3524 423 3625 475 αὑ-

346 533 553 576 tcrram
597 521 764 575 Deum
788 534 909 574 esse
942 518 1378 574 constituturum
1403 517 1734 571 vaticinatus
1762 525 1846 571 est
1866 516 1930 569 ³⁸.

355 613 553 668 Verum
583 621 784 681 praeter
834 611 989 675 istos,
1026 618 1080 662 et
1116 610 1209 664 alii
1246 611 1413 665 etiam
1446 611 1807 680 sequentibus
1843 611 1931 664 in-

352 705 628 768 dicantur,
668 703 759 771 qui
799 700 1010 757 Sionem
1059 703 1282 772 quidem
1323 710 1631 768 vastarunt,
1678 704 1771 757 sed
1824 718 1935 755 non

356 800 736 852 instaurarunt
767 812 780 848 :
824 793 891 848 de
926 794 1145 863 quibus,
1180 804 1228 848 et
1253 795 1343 863 qui
1372 804 1417 849 te
1446 794 1816 848 desolaverunt
1847 809 1934 847 ve-

356 891 492 941 nicnt
528 903 592 940 ex
629 894 696 947 te,
755 885 979 955 adjecit.
1035 886 1190 952 Quod
1223 888 1388 941 etiam
1429 887 1734 942 secundum
1766 888 1936 941 histo-

355 980 513 1039 riam,
561 986 686 1046 post
733 976 1027 1032 conﬂatam
1054 993 1084 1032 e
1118 979 1374 1048 gentibus
1414 977 1711 1033 Ecclesiam
1747 979 1939 1034 obser-

355 1077 539 1121 vatum
569 1076 684 1130 est;
716 1082 840 1121 cum
875 1067 1452 1122 sensibiliJcrusalem
1492 1066 1696 1122 Jud:eis
1747 1068 1935 1121 adem-

359 1173 473 1230 pta,
501 1161 588 1229 pia
618 1164 841 1229 quoque
875 1159 1028 1212 urbis
1059 1157 1348 1227 disciplina
1372 1158 1586 1214 sublata
1608 1168 1711 1213 est.
1738 1158 1939 1214 Deinde
1986 1210 2013 1231 ,

357 1263 613 1320 tanquam
640 1264 847 1318 sponsa:
867 1247 1103 1317 alicujus
1131 1248 1236 1302 sibi
1269 1247 1565 1302 liberorum
1588 1246 1941 1300 multitudine

358 1342 625 1415 placentis
658 1355 952 1412 personam
993 1339 1227 1402 inducit,
1269 1337 1337 1393 ad
1377 1353 1609 1407 eamque
1648 1338 1723 1391 ait
1755 1356 1768 1391 :
1807 1336 1942 1391 Leva

359 1438 412 1490 in
444 1435 673 1489 circuitu
716 1432 896 1487 oculos
925 1440 1042 1485 tuos
1078 1440 1125 1485 et
1163 1430 1278 1484 vide
1311 1446 1513 1484 omnes.
1556 1430 1643 1494 Et,
1678 1430 1804 1499 quia
1831 1446 1942 1482 om—

361 1528 515 1581 nibus
553 1526 687 1589 illis,
735 1532 991 1594 tauquam
1037 1531 1347 1577 ornamento
1400 1520 1663 1576 vestieris.
1705 1520 1940 1586 Quinam

363 1627 542 1669 autem
573 1614 663 1666 isti
694 1628 870 1665 omnes
910 1619 1117 1675 essent,
1162 1619 1217 1665 et
1254 1612 1419 1673 unde,
1454 1609 1943 1679 superiusindica-

2038 517 2160 579 τοὺς
2180 514 2449 586 ἄρχοντας
2481 514 2575 567 ἐπὶ
2603 514 2785 566 πᾶσαν
2817 513 2914 580 τὴν
2940 511 3063 580 γῆν.
3086 529 3105 561 ι
3131 511 3357 581 Ἔτεροι
3389 510 3448 564 δὲ
3479 511 3630 581 παρὰ

2038 607 2259 671 τούτους
2280 606 2567 675 δηλοῦνται
2594 604 2682 658 διὰ
2706 602 2817 656 τῶν
2849 602 2999 673 ἐξῆς,
3031 602 3080 654 οἰ
3105 600 3507 673 ἐρημώσαντες
3533 602 3632 671 μὲν

2038 698 2133 770 τὴν
2192 698 2362 764 Σιὼν,
2395 696 2455 750 οὐ
2513 697 2620 767 μὴν
2684 696 2778 747 καὶ
2827 693 3308 763 οἰκοδομήσαντες.
3361 695 3502 763 Περὶ
3559 688 3635 747 ὧν

2039 809 2190 862 φησι,
2226 792 2320 846 καὶ
2353 793 2406 843 ol
2429 787 2845 859 ἐρημώσαντες
2873 787 2942 841 ἐκ
2972 786 3088 840 σοῦ
3149 786 3598 851 ἐξελεύσονται
3623 801 3635 814 ·

2037 885 2065 938 ὃ
2099 886 2191 938 καὶ
2224 883 2346 937 καθ’
2399 883 2640 952 ἱστορίαν
2693 878 2950 941 ἐσώζετο,
3007 877 3147 947 μετὰ
3203 876 3308 947 τὴν
3363 874 3427 939 ἐξ
3470 874 3640 927 ἐθνῶν

2054 976 2378 1047 Ἐκκλησίαν
2399 973 2493 1026 τοῦ
2524 972 2633 1026 τῶν
2666 969 2938 1024 Ἰουδαίων
2964 968 3152 1030 ἔθνους
3197 966 3641 1029 ἐκπεπτωκότος

2038 1068 2134 1134 τῆς
2160 1066 2425 1135 αἰσθητῆς
2461 1063 2840 1134 Ἰερουσαλὴμ,
2880 1061 3017 1131 πρὸς
3055 1058 3135 1129 τῷ
3177 1058 3279 1112 καὶ
3309 1056 3410 1110 τοῦ
3457 1057 3646 1109 95053-

2042 1156 2168 1220 ϐοῦς
2192 1156 2581 1226 πολιτεύματος
2610 1156 2889 1208 ἐκπεσεῖν.
2923 1150 3079 1205 Μετὰ
3106 1150 3283 1205 ταῦτα
3342 1166 3644 1220 προσωπο-

2046 1252 2190 1302 ποιεῖ
2244 1248 2495 1319 καθάπερ
2539 1246 2664 1299 τινὰ
2718 1246 2967 1314 νύμφην
3017 1243 3108 1295 ἐπί
3167 1240 3377 1310 πλήθει
3437 1240 3648 1293 τέκιων

2042 1339 2302 1408 κομῶσαν
2350 1339 2484 1408 πρὸς
2527 1339 2593 1408 ἦν
2636 1354 2835 1408 φησιν·
2873 1331 3060 1402 1'Apor
3080 1334 3287 1396 κύκλῳ
3352 1331 3504 1398 τοὺς
3537 1333 3646 1399 ὀφ-

2044 1431 2311 1499 θαλμούς
2341 1446 2476 1493 σου,
2521 1429 2618 1482 καὶ
2653 1429 2744 1481 ἴδε
2778 1428 3031 1491 πάντας.
3072 1425 3204 1503 Καὶ,
3242 1424 3375 1476 Ὅτι
3410 1421 3649 1490 πάντας

2043 1522 2285 1586 αὐτοὺς,
2328 1521 2407 1585 ὡς
2458 1521 2691 1586 κόσμον
2721 1560 2734 1586 ,
2793 1518 2842 1571 ἐν
2866 1517 3045 1584 δύσῃ.
3083 1516 3247 1578 Τίνας
3290 1514 3352 1567 δὲ
3410 1514 3649 1580 πάντας

2046 1613 2139 1665 καὶ
2173 1611 2336 1664 πόθεν
2377 1610 2581 1676 ἐδίδαξε
2613 1608 2912 1680 προειπών·
2941 1627 2959 1659 ι
2989 1607 3122 1661 Ἰδοὺ
3163 1601 3316 1683 οὗτοι
3358 1606 3654 1677 πόρρωθεν

364 1704 475 1769 vit;
515 1719 640 1757 cum
678 1701 924 1772 undique
951 1718 980 1756 a
1006 1710 1246 1772 quatuor
1278 1701 1461 1756 mundi
1484 1699 1660 1771 plagis
1691 1700 1759 1756 de
1787 1701 1946 1771 longe

2062 1704 2236 1775 ῇξουσι
2261 1704 2391 1771 περὶ
2428 1703 2536 1755 τῶν
2574 1702 2857 1772 τεσσάρων
2910 1700 3191 1769 κλιμάτων
3216 1740 3231 1764 ,
3295 1696 3474 1752 εἰπὼν
3499 1701 3524 1739 ε
3559 1698 3650 1764 οὓς

370 1807 629 1851 venturos
668 1796 824 1861 dixit,
860 1810 998 1863 quos
1036 1809 1130 1862 per
1163 1792 1384 1861 Sponsae
1431 1792 1636 1848 Christi
1670 1809 1947 1847 ornamen-

2062 1796 2147 1850 καὶ
2180 1782 2414 1865 κόσμον
2444 1795 2543 1865 τῆς
2588 1795 2681 1847 τοῦ
2732 1792 2970 1865 Χριστοῦ
3015 1793 3263 1861 νύμφης
3309 1791 3647 1860 Ἐκκλησίας

372 1899 478 1940 tum
519 1885 869 1955 signiﬁcavit.
907 1884 1229 1937 Animorum
1273 1884 1418 1936 enim
1459 1884 1577 1953 ipsa
1620 1884 1947 1937 ornamentis

2062 1888 2227 1942 καλεῖ.
2272 1888 2485 1957 Ψυχαῖς
2544 1887 2653 1955 γὰρ
2674 1886 2811 1955 αὑτὴ
2853 1888 3132 1954 κοσμίως
3162 1882 3523 1953 σεμνύνεται,
3553 1886 3650 1944 τὰς

371 1976 813 2036 commendatur,
842 1974 1160 2027 earumdem
1194 1974 1510 2038 virtutibus,
1540 1973 1813 2043 donisque
1837 1974 1948 2043 spi-

2062 1980 2231 2033 κὺτῶν
2288 1980 2527 2051 ἀρετὰς,
2588 1980 2679 2033 καὶ
2736 1980 2805 2031 τά
2873 1976 3226 2047 πνευματικὰ
3270 1974 3491 2029 τούτων
3556 1994 3651 2045 χα-

373 2067 690 2129 ritualibus,
750 2074 1008 2134 tanquam
1068 2064 1328 2134 pretiosis
1382 2064 1681 2143 lapidibus,
1708 2066 1952 2120 circum-

2062 2075 2295 2143 ρίσματα
2323 2114 2337 2135 ,
2383 2073 2502 2126 ἀντὶ
2533 2072 2696 2124 λίθων
2744 2071 2944 2141 τιμίων
2996 2068 3386 2140 περικειμένη.
3449 2068 3649 2138 Διόπερ

372 2162 596 2215 amicta.
626 2158 763 2213 Hinc
792 2166 874 2212 est
904 2158 1069 2228 igitur
1096 2156 1247 2226 quod
1279 2172 1398 2211 eam
1427 2157 1630 2213 vestitu
1664 2159 1951 2220 deaurato,

2062 2164 2224 2235 αὐτὴν
2292 2163 2571 2235 ἱματισμῷ
2642 2162 2964 2232 περιχρύσῳ
3042 2161 3138 2214 καὶ
3224 2159 3649 2228 πεποικιλμένῳ

373 2261 427 2305 et
459 2251 612 2305 vario
647 2251 727 2305 sic
779 2249 964 2302 ornari
1002 2246 1286 2318 Scriptura
1335 2255 1568 2303 testatur
1597 2249 1662 2314 '9,
1713 2257 1773 2303 ut
1822 2248 1955 2303 illud

2062 2257 2431 2328 κεκοσμῆσθαι
2482 2255 2644 2324 φησὶν
2672 2255 2704 2324 ἡ
2731 2254 2923 2323 Γραφὴ
2994 2252 3067 2315 ὡς
3098 2251 3339 2305 ἕκαστον
3367 2250 3431 2316 ἐξ
3479 2252 3648 2321 αὐτῆς

371 2359 434 2395 «ιχ
502 2354 563 2392 ea
609 2338 841 2409 quilibet
900 2337 1107 2408 gratias
1169 2345 1395 2392 acturus
1440 2336 1601 2392 facile
1647 2346 1872 2407 usurpet
1909 2358 1923 2388 :

378 2452 398 2485 ι
441 2431 682 2486 La-tatur
726 2428 910 2483 anima
930 2443 1048 2483 mea
1087 2430 1141 2481 in
1190 2425 1442 2481 Domino.
1477 2428 1657 2482 Induit
1687 2427 1834 2481 enim
1871 2442 1959 2481 me

371 2524 704 2579 vestimento
744 2518 964 2583 salutis,
1016 2525 1070 2574 et
1108 2517 1298 2572 tunica
1336 2517 1560 2572 laetitia.
1591 2516 1802 2573 Ornatu
1845 2533 1955 2582 me,

372 2625 634 2684 tanquam
665 2626 954 2683 sponsum,
979 2619 1033 2666 et
1064 2624 1225 2678 zona,
1248 2617 1509 2678 tauquam
1536 2624 1822 2677 sponsam,
1850 2609 1960 2663 cir-

374 2706 656 2763 cumdedit
682 2704 749 2758 °°.
792 2722 812 2756 ι
840 2701 1101 2757 Nonnulli
1135 2703 1301 2758 verba
1326 2702 1431 2757 ista
1458 2701 1524 2757 ad
1553 2702 1806 2767 salutem,
1841 2716 1960 2772 quae

378 2800 570 2854 ultimo
590 2796 803 2852 tandem
825 2784 1105 2851 Israelitas
1140 2792 1300 2866 565
1322 2780 1532 2857 manet,
1558 2809 1683 2848 cum
1716 2795 1959 2865 gentium

378 2889 662 2960 plenitudo
700 2887 947 2956 ingressa
981 2884 1150 2941 fuerit
1187 2886 1256 2951 θ’,
1290 2884 1640 2941 referendum
1678 2886 1959 2940 arbitran-

379 2991 490 3037 tur.
1347 3033 1362 3048 .

455 3075 679 3139 Deinde,
714 3074 780 3128 Et
805 3075 1012 3129 deserta
1048 3085 1140 3128 tua
1187 3076 1497 3143 angustiora
1537 3076 1716 3146 faciet,
1756 3075 1956 3145 inquit.

336 3214 345 3219 -
382 3163 478 3219 Est
506 3163 649 3218 enim
694 3165 749 3217 in
790 3164 1248 3219 circumcisormn
1293 3165 1472 3220 locum
1536 3165 1655 3235 ipsa
1708 3166 1956 3235 gentium
1986 3147 2029 3204 (ἶ

379 3257 531 3313 intro
565 3255 807 3312 admissa
853 3255 1191 3311 multitudo:
1226 3270 1326 3325 pro
1376 3257 1599 3326 quibus,
1652 3256 1739 3326 qui
1781 3265 1832 3309 te
1866 3254 1961 3307 ab-

380 3350 683 3412 sorbebant,
714 3349 865 3418 longe
900 3347 1262 3419 {ugabuntun
1292 3347 1415 3404 falsi
1442 3348 1700 3403 nimirum
1728 3347 1964 3418 prophe-

382 3450 473 3504 ιω,
537 3448 587 3491 ct
652 3440 823 3493 duces
888 3439 1096 3508 populi,
1145 3455 1287 3509 quos
1345 3439 1506 3509 pleno
1553 3453 1651 3493 ore
1701 3440 1962 3510 populum

386 3546 549 3585 suum
600 3529 901 3586 absorbere
939 3532 1383 3600 conquerebatur
1435 3529 1722 3585 Dominus.
1765 3529 1964 3584 Locum

384 3620 588 3675 deinde
619 3620 879 3676 Ecclesiae
928 3622 1274 3691 ampliorem,
1326 3630 1550 3692 propter
1596 3620 1963 3692 frequentiam

381 3724 441 3769 et
470 3712 706 3783 copiam,
746 3712 1089 3781 postulantes
1139 3714 1301 3781 ﬁlios,
1341 3714 1434 3782 qui
1483 3721 1613 3769 ante
1662 3714 1963 3784 perierant,

388 3792 563 3857 facit:
600 3802 856 3871 indeque,
903 3820 1035 3874 quos
1087 3805 1388 3873 perdidisti,
1446 3805 1669 3875 adjecit,
1726 3819 1964 3874 quorum

386 3912 606 3952 rursum
639 3896 1006 3967 frequentiam
1051 3899 1342 3964 demirata,
1399 3898 1713 3955 Judaeorum
1761 3899 1969 3955 orbita-

385 3999 495 4043 tem
539 3989 810 4058 agnoscit,
866 4005 1018 4060 seque
1050 3990 1169 4043 sine
1232 3990 1431 4053 liberis,
1483 4001 1533 4044 et
1592 3990 1805 4044 viduam
1857 4006 1970 4045 esse

389 4079 700 4136 conﬁtetur.
743 4080 899 4145 Quod
933 4080 1078 4137 side
1128 4083 1384 4150 gentibus
1443 4081 1791 4153 intelligitur,
1856 4081 1970 4136 sta;

388 4181 529 4235 tum,
566 4173 622 4227 in
656 4187 766 4242 quo
820 4179 1032 4234 essent,
1084 4172 1408 4241 priusquam
1469 4181 1817 4235 vocarentur,
1878 4170 1973 4225 de-

390 4270 666 4316 monstret
690 4275 919 4315 necesse
963 4270 1065 4315 est.
1114 4259 1208 4316 Est
1242 4275 1375 4315 vero
1406 4260 1520 4324 isti,
1555 4259 1700 4328 quod
1740 4259 1851 4324 hic,
1885 4258 1971 4327 fac

391 4353 521 4405 mihi
550 4354 747 4413 locum,
802 4351 1088 4415 habemus,
1127 4351 1274 4405 aliud
1312 4367 1419 4405 non
1455 4352 1844 4421 incongruum,
1878 4350 1970 4405 ubi

392 4446 634 4515 legitur:
671 4461 688 4495 ‹
729 4442 905 4498 Dilata
949 4444 1130 4498 locum
1178 4443 1518 4499 tabernaculi
1558 4444 1657 4508 tui,
1692 4444 1974 4515 pollesque

2057 2348 2479 2420 εὐχαριστοῦντα
2537 2347 2718 2415 λέγειν
2765 2361 2778 2375 ⁸
2822 2344 3242 2414 (Ἀγαλλιάσθω
3276 2346 3310 2413 ἡ
3367 2343 3518 2414 ψυχή
3550 2361 3647 2412 μου

2057 2443 2149 2495 ἐπὶ
2192 2442 2271 2513 τῷ
2324 2440 2511 2511 Κυρίῳ
2552 2456 2565 2469 °
2624 2439 2838 2492 ἐνέδυσε
2902 2438 3010 2508 γάρ
3069 2454 3131 2507 με
3191 2436 3415 2507 ἱμάτιον
3474 2453 3649 2504 σωτη-

2061 2535 2176 2605 ρίου
2249 2535 2344 2586 καὶ
2401 2532 2605 2602 χιτῶνα
2652 2530 3041 2599 εὐφροσύνης’
3100 2529 3174 2593 ὡς
3237 2528 3468 2598 νυμφίῳ
3500 2546 3649 2598 περι-

2059 2624 2223 2695 έθηκὲ
2281 2642 2370 2693 μοι
2411 2623 2636 2694 κόσμον,
2679 2621 2773 2674 καὶ
2829 2621 2902 2684 ὼς
2956 2619 3142 2689 νύμφῃ
3198 2617 3504 2689 περιέθηκέ
3563 2635 3648 2689 μοι

2065 2717 2283 2787 μίτραν.
2326 2736 2344 2768 ι
2381 2714 2537 2778 Τινὲς
2569 2714 2623 2766 δὲ
2670 2714 2730 2766 τὸ
2763 2712 2936 2782 παρὸν
2988 2709 3149 2781 ῥητὸν
3188 2708 3395 2780 δηλοῦν
3446 2709 3651 2778 ἔφασαν

2059 2808 2158 2877 τὴν
2185 2808 2269 2859 ἐπ’
2306 2807 2536 2877 ἐσχάτου
2591 2806 2700 2859 τῶν
2747 2803 2805 2869 ἐξ
2852 2802 3065 2873 Ἰσραὴλ
3120 2803 3425 2873 σωτηρίαν,
3473 2800 3549 2854 ὅτ’
3587 2800 3649 2853 ἂν

2060 2899 2121 2950 τὸ
2148 2897 2419 2969 πλήρωμα
2448 2896 2557 2949 τῶν
2582 2895 2750 2950 ἐθνῶν
2771 2894 3009 2965 εἰσέλθῃ.

2058 3114 2064 3125 ι
2138 3073 2268 3134 Εἶτά
2291 3094 2443 3149 φησι,
2494 3078 2605 3133 Καὶ
2640 3077 2712 3133 τὰ
2772 3073 2961 3146 ἔρημὰ
3008 3090 3124 3131 σου
3168 3073 3642 3144 στενοχωρήσει.

2076 3169 2222 3222 Ἀντί
2254 3169 2361 3240 γὰρ
2396 3169 2503 3221 τῶν
2538 3171 2602 3221 ἐκ
2639 3167 2975 3240 περιτομῆς,
3009 3166 3070 3219 τὸ
3094 3166 3203 3219 τῶν
3239 3165 3417 3219 ἐθνῶν
3446 3166 3648 3219 ἀντεισ-

2065 3261 2351 3330 ενήνεκται
2385 3259 2608 3329 πλῆθος.
2654 3259 2793 3312 Ἂνθ’
2823 3252 2896 3312 ὧν
2927 3273 3090 3327 φησιν
3112 3273 3125 3286 ·
3167 3259 3232 3311 οι
3287 3256 3645 3311 καταπίνον-

2065 3352 2164 3416 τές
2180 3368 2273 3416 σε,
2290 3349 2826 3421 μακρυνθήσονται
2851 3366 2866 3381 ⁸
2887 3350 3341 3420 ψευδοπροφῆται
3368 3347 3642 3416 δηλονότι,

2067 3445 2161 3498 καὶ
2192 3441 2497 3513 καθηγηταὶ
2525 3442 2618 3494 τοῦ
2652 3440 2805 3507 λαοῦ,
2834 3443 2961 3510 περὶ
2986 3434 3059 3494 ὧν
3083 3440 3290 3508 ἔλεγεν·
3330 3440 3393 3493 Oi
3422 3438 3645 3493 καταπί-

2066 3551 2250 3598 νοντες
2276 3533 2369 3586 τὸν
2397 3533 2526 3587 λαόν
2553 3550 2652 3603 μου
2676 3534 2781 3603 ὅλῳ
2799 3533 2876 3604 τῷ
2900 3534 3149 3603 στόματι.
3176 3527 3315 3585 Εἶτα
3340 3532 3467 3595 τοὺς
3492 3530 3648 3595 υἱοὺς

2065 3630 2165 3696 τῆς
2206 3625 2533 3696 Ἐκκλησίας
2564 3626 2772 3692 εἰσάγει
2798 3628 2977 3679 τόκον
3002 3623 3290 3687 αἰτοῦντας
3323 3622 3411 3676 διὰ
3434 3623 3493 3675 τὸ
3517 3621 3644 3689 πλῆ-

2069 3719 2158 3781 θος
2188 3714 2544 3787 πλατύτερον,
2575 3717 2772 3779 οἵτινες
2812 3711 2950 3787 ἦσαν
2978 3717 3035 3768 ἐν
3069 3715 3322 3786 ἀπωλείᾳ
3360 3714 3422 3768 τὸ
3464 3713 3647 3783 πρότε-

2073 3824 2184 3878 ρον.
2212 3807 2375 3861 Ὅθεν
2402 3809 2565 3877 φησὶν
2597 3807 2702 3873 οὓς
2730 3809 3074 3874 ἀπώλεσας,
3101 3802 3176 3861 ὧν
3204 3807 3265 3860 τὸ
3291 3804 3496 3876 πλῆθος
3524 3804 3645 3857 θαυο

2073 3897 2341 3968 μάζουσα,
2391 3898 2489 3967 τὴν
2524 3898 2590 3949 ἐκ
2640 3897 2749 3951 τῶν
2817 3898 3087 3951 Ἰουδαίων
3119 3896 3375 3951 ἀτεκνίαν
3407 3893 3647 3964 ὁμολογεί

2070 3989 2337 4057 λέγουσαθ
2387 3988 2536 4059 Ἐγὼ
2573 3990 2642 4043 δὲ
2669 3990 2921 4057 ἄτεκνος
2955 3992 3053 4045 καὶ
3105 3991 3281 4059 χήρα.
3332 3990 3394 4043 Εἰ
3438 3989 3494 4041 δέ
3529 3986 3645 4054 περὶ

2071 4082 2177 4135 τῶν
2202 4080 2372 4135 ἐθνῶν
2399 4084 2591 4148 νοοῖτο,
2622 4081 2795 4152 δηνλοί
2826 4081 2923 4153 τὴν
2978 4082 3255 4152 προτέραν
3309 4079 3487 4133 αὐτῶν
3526 4076 3643 4145 πρὶν

2074 4174 2339 4243 κληθῆναι
2374 4174 2732 4228 κατάστασιν.
2780 4174 3080 4244 Σύμφωνον
3136 4172 3193 4226 δέ
3247 4172 3346 4243 τῷ,
3399 4168 3643 4236 ποίησόν

2068 4282 2171 4335 μοι
2188 4265 2378 4319 τόπον
2395 4304 2410 4329 ,
2432 4265 2493 4319 τὸ
2527 4284 2545 4316 ‹
2563 4265 2839 4318 Πλάτυνον
2871 4267 2963 4317 τὸν
2983 4266 3148 4318 τόπον
3176 4267 3274 4334 τῆς
3308 4261 3512 4330 σκηνῆς
3537 4275 3639 4310 σου.

2075 4357 2184 4410 Καὶ
2214 4355 2337 4429 [τὰς
2362 4355 2563 4427 δέρεις]
2600 4356 2706 4410 τῶν
2740 4357 2979 4410 αὐλαίων
3004 4374 3099 4410 σου
3133 4355 3327 4424 πῆξον.
3359 4352 3448 4423 Μὴ
3471 4350 3639 4420 φεισῇι

2077 4446 2156 4500 ἔτι
2190 4448 2271 4510 εἰς
2308 4446 2379 4499 τὰ
2406 4446 2576 4513 δεξιὰ,
2631 4448 2724 4500 καὶ
2756 4448 2836 4511 εἰς
2868 4447 2936 4500 τὰ
2975 4445 3245 4519 ἀριστερὰ
3279 4443 3591 4498 ἐκπέτασον.
3620 4456 3637 4489 ι

395 4538 752 4591 tentoriorum
801 4541 1022 4589 tuorum
1084 4534 1201 4605 ﬁge.
1253 4533 1331 4589 Ne
1373 4550 1606 4604 parcas;
1668 4535 1848 4589 adhuc
1903 4534 1958 4589 ad

2077 4537 2249 4591 Τοῦτο
2274 4537 2330 4590 δὲ
2360 4537 2455 4590 καὶ
2484 4538 2583 4606 τῆς
2614 4536 2765 4607 παρὰ
2799 4539 2991 4591 Μωσεῖ
3030 4539 3236 4606 σκηνῆς
3280 4534 3348 4588 τὰ
3385 4534 3527 4604 μήκη
3558 4527 3640 4580 καὶ

393 4629 640 4683 dextram
675 4636 729 4681 et
760 4626 950 4680 laevam
1001 4625 1234 4681 extende
1282 4626 1352 4679 “.
1405 4644 1423 4678 ι
1462 4626 1607 4681 istud
1664 4634 1847 4680 autem
1892 4626 1974 4680 vel

396 4721 514 4786 ipsa
540 4718 762 4774 Mosaici
793 4718 1137 4773 tabernaculi
1193 4717 1517 4789 magnitudo
1560 4716 1977 4788 amplitudoque

397 4812 722 4866 iudicarint.
749 4810 953 4866 Verum
990 4812 1273 4868 enimvero
1294 4813 1411 4883 quis
1453 4813 1554 4867 sibi
1587 4813 1716 4867 istos
1741 4812 1975 4884 genuerit

395 4905 684 4974 quaerenti,
730 4904 863 4960 ﬁdes
897 4905 950 4959 in
982 4902 1225 4970 Christo,
1276 4888 1528 4975 Deu'sque
1577 4905 1695 4974 ipse
1739 4919 1975 4974 respon-

397 4995 633 5048 dendum
666 5006 771 5062 est,
804 4996 894 5067 qui
940 4995 1104 5051 etiam
1145 4996 1444 5067 postulanti
1478 4997 1771 5066 respondet
1799 5013 1813 5050 :
1847 4994 1983 5050 Ecce

397 5086 536 5140 elevo
563 5101 719 5154 super
754 5098 930 5158 gentes
960 5104 1178 5142 manum
1205 5104 1400 5153 meam,
1429 5096 1484 5143 et
1521 5102 1645 5157 qua:
1675 5087 1937 5158 deinceps
1965 5104 1979 5154 ;

403 5179 476 5230 ita
510 5175 781 5243 videlicet,
815 5178 960 5233 unde
992 5179 1041 5233 ei
1070 5177 1307 5247 ﬁliorum
1338 5188 1393 5232 et
1420 5177 1658 5248 ﬁliarum
1674 5177 1983 5232 multitudo

403 5274 629 5323 ventura
661 5267 753 5330 sit,
786 5269 1207 5335 demonstrans;
1241 5284 1530 5338 manusque
1560 5266 1826 5323 vocabulo
1870 5268 1980 5322 vir-

408 5367 579 5413 tutem
613 5371 771 5413 suam
801 5366 855 5414 et
888 5360 1215 5431 potentiam,
1251 5360 1528 5415 Christum
1570 5359 1853 5425 nimirum,
1898 5359 1971 5413 si-

2078 4631 2255 4703 πλάτη
2279 4631 2447 4700 δηλοῖ.
2469 4632 2717 4704 Λεγούσῃ
2734 4632 2812 4697 δέ,
2833 4633 2927 4697 Τίς
2949 4629 3244 4701 ἐγέννησέ
3254 4646 3357 4700 μοι
3375 4626 3639 4685 τούτουςξ

2075 4724 2296 4778 λεκτέον
2319 4741 2333 4754 ·
2382 4724 2447 4777 Ἦ
2479 4723 2675 4799 πίστις.
2701 4725 2734 4795 ἡ
2761 4726 2818 4777 ἐν
2847 4723 3091 4795 Χριστῷ,
3120 4724 3284 4785 αὐτός
3306 4739 3361 4774 τε
3380 4717 3524 4778 Θεός.
3555 4715 3639 4773 Ὃς

2077 4817 2172 4871 καὶ
2221 4814 2605 4887 πυνθανομένη
2654 4816 2853 4885 φησίνο
2909 4813 3065 4871 ἰδοὺ
3116 4814 3262 4882 αιρω
3292 4815 3373 4879 εἰς
3414 4809 3481 4862 τὰ
3508 4804 3635 4868 ἔθνη

2077 4907 2194 4975 τὴν
2226 4906 2392 4977 χεῖρά
2407 4924 2548 4976 μου,
2583 4909 2677 4960 καὶ
2704 4905 2773 4960 τὰ
2806 4906 2933 4975 ἐξῆς
2953 4923 2966 4935 ·
3009 4905 3184 4975 δηλῶν
3213 4906 3376 4957 πόθεν
3405 4892 3638 4972 ἦξειτῶν

2079 4997 2227 5052 υἱῶν
2245 4996 2401 5066 αὐτῇ
2433 4999 2531 5051 καὶ
2562 4997 2906 5066 θυγατέρων
2924 4996 2985 5050 τὸ
3017 4994 3241 5065 πλῆθος,
3281 4991 3443 5063 χεῖρα
3472 4983 3634 5042 καλῶν

2080 5088 2179 5159 τὴν
2221 5087 2359 5141 ἰδίαν
2390 5086 2544 5157 ἰσχύν
2575 5103 2636 5138 τε
2672 5084 2768 5138 καὶ
2797 5085 3050 5154 δύναμιν,
3081 5084 3171 5138 τὸν
3202 5081 3453 5154 Χριστὸν,
3476 5076 3530 5138 ὃς
3558 5069 3635 5126 διὰ

2080 5178 2188 5229 τῶν
2221 5175 2518 5244 θαυμάτων
2567 5175 2762 5244 γέγονε
2806 5176 2915 5237 τοῖς
2951 5173 3159 5227 ἔθνεσιν
3195 5170 3414 5243 ὑψηλὸς,
3449 5165 3532 5220 καὶ
3556 5159 3632 5214 διὰ

2082 5268 2180 5335 τῆς
2222 5264 2601 5329 ἀναστάσεως.
2636 5265 2883 5334 Νήσους
2912 5265 2969 5319 δὲ
2999 5264 3099 5328 τὰς
3149 5263 3289 5317 κατὰ
3328 5260 3485 5332 μέρος
3525 5253 3632 5305 Ἐκ·

2088 5357 2341 5428 κλησίας,
2365 5355 2424 5421 ἐξ
2444 5350 2517 5410 ὧν
2554 5358 2588 5428 ἡ
2634 5357 2727 5427 μία
2753 5358 2847 5411 καὶ
2882 5354 3139 5426 καθολικὴ
3164 5347 3450 5419 πανταχοῦ.
3495 5342 3630 5400 Σύα-

499 5513 522 5545 ⁶
549 5513 695 5569 Psal.
738 5528 884 5579 xuv,
916 5512 1004 5607 17..
1081 5512 1125 5545 ⁸⁸
1156 5513 1285 5568 ibid.
1326 5514 1409 5569 l0.
1489 5515 1532 5547 ‘°
1575 5514 1675 5569 lsa.
1715 5530 1827 5582 LXI,
1864 5514 1946 5568 l0.

2062 5517 2069 5545 ι
2100 5513 2260 5568 Rom.
2308 5516 2381 5579 et,
2419 5514 2514 5571 95.
2592 5515 2634 5545 ⁶²
2659 5515 2762 5569 lsa.
2801 5529 2912 5580 Liv,
2938 5515 2990 5568 ἓ.

476 5728 506 5772 ⁸
536 5729 640 5799 ἀφ.
673 5727 733 5780 τὸ
758 5729 946 5780 εἰπὼν.

1711 5632 1942 5686 νΑιιιΑς
1974 5631 2266 5685 LECTION
2278 5632 2377 5684 lis.
