3916 6422
1482 253 1511 266 α.

273 388 411 453 2481

1375 390 1905 453 COMMENTARII
1952 395 2029 455 IN
2072 395 2355 457 ISAIAM.

3390 381 3531 447 2482

273 514 476 569 mutor
508 499 587 561 δὲ,
616 498 674 551 τὸ
697 498 826 569 περὶ
855 495 947 549 τοῦ
978 497 1208 569 σταυροῦ
1247 499 1340 552 καὶ
1376 501 1472 570 τῆς
1513 502 1860 566 ἀναστάσεως

1988 505 2250 571 ;niﬁeans,
2288 505 2381 573 qui
2431 519 2458 557 a
2495 503 2749 573 gentibus
2784 500 2940 572 ipsis,
2981 506 3197 569 pr0pter
3237 495 3534 549 admirabi-

276 593 563 662 κήρυγμα.
615 590 760 643 Ἀντὶ
800 590 856 642 δὲ
903 589 998 643 τοῦ
1055 590 1122 643 ἐν
1172 591 1397 656 κόλπῳ,
1457 593 1527 646 ἐν
1564 594 1859 662 ἀγκάλαις

275 686 546 751 ἐξέδωκαν
566 685 616 738 οἱ
645 682 846 736 λοιποί.
879 682 1037 744 Τίνες
1076 681 1133 734 δὲ
1178 682 1335 736 τοῦτο
1380 684 1727 756 ποιήσουσιν;
1764 685 1861 755 δῆ-

275 776 365 831 λον
388 777 466 840 ὡς
492 773 788 830 ἀπόστολοι
811 790 890 839 τε,
920 772 1014 828 καὶ
1042 774 1092 826 οί
1121 776 1219 845 τῆς
1253 775 1577 847 Ἐκκλησίας
1608 776 1863 831 διδάσκα-

293 876 376 934 ἶοι,
403 864 497 920 οἷα
524 866 756 937 νηπίους
785 863 1260 936 χειραγωγοῦντες
1298 866 1421 926 τοὺς
1447 866 1771 937 προσιόντας
1794 868 1860 939 τῇ

282 960 479 1023 πίστει,
511 952 594 1021 οἷς
622 955 776 1024 ἔλεγε
795 955 886 1009 καὶ
910 953 1125 1018 Παῦλος
1149 972 1162 985 ·
1198 974 1216 1006 ι
1237 955 1384 1009 Γάλα
1408 956 1551 1025 ὑμᾶς
1579 956 1857 1010 ἐπότισα.»

276 1051 383 1102 Καὶ
438 1047 634 1102 πάλιν·
679 1066 698 1099 ι
741 1046 943 1099 Τεκνία
1000 1063 1124 1116 μου,
1158 1045 1252 1109 οὓς
1276 1047 1441 1100 πάλιν
1474 1047 1670 1101 ὠδίνω.
1709 1068 1728 1101 ι
1756 1048 1867 1101 Καὶ

276 1141 475 1195 πάλιν
516 1159 536 1193 ι
580 1140 669 1204 Ὠς
708 1140 773 1194 ἂν
816 1138 1015 1211 τροφὸς
1045 1137 1225 1208 θάλπη
1275 1138 1343 1192 τὰ
1378 1140 1579 1207 ἑαυτῆς
1622 1139 1809 1202 τέκνα,
1842 1158 1861 1191 ›

275 1229 446 1292 οὕτως
467 1229 809 1300 ίμειρόμενοι
840 1228 994 1297 ὑμῶν
1018 1228 1351 1299 εὐδοκοῦμεν
1380 1229 1703 1298 μεταδοῦναι
1735 1229 1863 1300 ὑμῖν

182 1376 187 1379 ,
275 1322 336 1375 οὐ
364 1322 532 1392 μόνον
556 1321 617 1374 τὸ
640 1318 973 1389 Εὐαγγέλιον
1010 1319 1104 1373 τοῦ
1134 1317 1372 1390 Χριστοῦ
1393 1359 1409 1384 ,
1455 1318 1593 1373 ἀλλὰ
1648 1320 1741 1373 καὶ
1771 1320 1869 1383 τὰς

277 1414 489 1468 ἑαυτῶν
514 1413 690 1485 ψυχάς
717 1430 730 1445 ·
764 1414 852 1467 ὅτε
882 1414 977 1468 καὶ
1003 1414 1112 1467 τῶν
1136 1413 1471 1484 προσιόντων
1497 1414 1626 1466 ἐϐόα
1650 1414 1709 1467 τὸ
1740 1414 1869 1483 πλῆ-

278 1503 369 1566 θος
392 1523 407 1536 -
471 1522 490 1554 ι
527 1501 693 1556 Δεῦτε
718 1543 733 1568 ,
790 1502 1081 1572 ἀναδῶμεν
1108 1503 1189 1565 εἰς
1242 1503 1302 1555 τὸ
1327 1501 1461 1574 εὖρος
1501 1501 1596 1555 τοῦ
1625 1502 1832 1572 Κυρίου
1851 1544 1866 1566 ,

279 1594 372 1647 καὶ
403 1594 485 1657 είς
509 1594 598 1646 τὸν
632 1590 781 1646 οἷκον
809 1593 904 1646 τοῦ
929 1592 1065 1646 Θεοῦ
1118 1592 1336 1658 Ἰακὼϐ,
1371 1612 1388 1644 ι
1425 1594 1520 1646 καὶ
1550 1592 1619 1646 τὰ
1647 1594 1865 1664 ἐφεξῆς.

278 1684 444 1754 Δηλοῖ
478 1683 535 1738 δὲ
557 1683 637 1746 τὸ,
682 1684 753 1737 ἐν
799 1683 1076 1749 κόλποις,
1109 1685 1205 1738 καὶ
1233 1681 1329 1736 ἐπ’
1378 1682 1571 1752 ὤμων,
1610 1684 1669 1736 τὸ
1701 1684 1869 1755 χωρὶς

282 1775 529 1846 ἱδρῶτος,
566 1773 659 1828 τοῦ
685 1771 820 1827 Θεοῦ
848 1773 947 1843 τὴν
973 1774 1092 1827 ὁδὸν
1120 1773 1567 1836 κατευθύνοντος,
1603 1775 1743 1827 κατὰ
1772 1775 1833 1826 τὸ
1851 1817 1865 1839 ,

1967 594 2038 649 lia
2060 610 2247 664 opera,
2274 606 2327 651 et
2359 596 2852 655 resurrectionem,
2896 591 3146 646 excelsus
3177 588 3397 643 habitus
3431 598 3534 642 est.

1966 685 2276 740 lnsularum
2304 702 2465 757 porro
2482 687 2721 751 nomine,
2744 685 3020 741 Ecclesias
3048 682 3359 754 singulares
3380 681 3538 735 intel-

1968 778 2106 846 ligit,
2157 794 2222 831 ex
2275 777 2479 845 quibus
2543 792 2649 831 una
2705 783 2791 831 est
2850 774 3076 844 ubique,
3133 782 3188 828 et
3248 770 3540 826 catholica.

1970 868 2192 939 Signum
2235 868 2430 923 deinde
2455 869 2570 935 ipsa
2599 867 2764 922 fuerit
2794 866 2979 920 crucis
3019 874 3075 919 et
3114 859 3541 918 resurrectionis

1967 959 2357 1028 promulgatio.
2392 957 2497 1013 Sed
2528 958 2616 1013 ubi
2669 958 2725 1011 in
2754 957 2895 1020 sinu,
2956 955 3254 1018 habemus,
3296 952 3351 1005 in
3398 951 3541 1004 ulnis

1968 1051 2058 1104 alii
2107 1051 2533 1106 transtulerunt.
2586 1047 2814 1115 Verum,
2862 1049 3086 1123 quinam
3143 1046 3217 1109 ii,
3272 1044 3364 1112 qui
3410 1043 3541 1097 illud

1970 1132 2268 1211 praestituri
2309 1142 2476 1195 sunt?
2512 1140 2759 1211 Apostoli
2812 1139 2999 1209 procul
3044 1137 3237 1198 dubio,
3264 1143 3322 1215 et
3356 1133 3544 1188 Eccle-

1972 1234 2067 1287 sia:
2100 1231 2370 1301 magistri,
2433 1231 2524 1300 qui
2584 1230 2651 1285 ad
2704 1228 2863 1284 ﬁdem
2907 1228 3229 1283 accedentes
3266 1223 3542 1295 parvulos,

1972 1334 2228 1393 tanquam
2264 1338 2447 1388 manu,
2479 1322 2780 1376 ductabant
2813 1340 2825 1374 :
2854 1320 3043 1390 quales
3084 1318 3157 1373 ilti
3190 1316 3542 1375 exstiterunt,

1971 1419 2035 1473 ad
2075 1432 2210 1486 quos
2239 1426 2291 1469 et
2326 1415 2474 1468 Pauli
2506 1415 2596 1469 illa
2626 1420 2753 1468 sunt
2785 1430 2798 1465 :
2843 1430 2861 1463 ι
2907 1411 3012 1465 Lac
3043 1409 3197 1464 vobis
3226 1414 3413 1476 potum
3446 1406 3549 1459 de-

1970 1505 2023 1559 di
2059 1505 2121 1560 ⁸³.
2163 1524 2179 1554 ι
2217 1505 2275 1557 Et
2304 1500 2534 1558 'rursum
2565 1520 2578 1555 :
2617 1519 2634 1551 ι
2685 1499 2806 1555 Filii
2840 1500 2969 1564 mei,
3002 1514 3141 1567 quos
3173 1512 3389 1552 rursum
3425 1510 3549 1562 par-

1974 1599 2118 1653 turio
2147 1597 2212 1653 “.
2254 1614 2271 1649 ι
2305 1595 2476 1650 Item:
2511 1612 2528 1645 ι
2566 1592 2850 1663 Tanquam
2881 1591 3044 1663 566
3069 1591 3113 1646 si
3146 1588 3335 1643 nutrix
3371 1588 3548 1639 foveat

1976 1689 2117 1744 ﬁlios
2156 1704 2286 1744 suos
2324 1704 2337 1741 :
2374 1688 2456 1742 sic
2487 1685 2685 1742 affectu
2726 1685 2780 1739 in
2820 1699 2915 1738 ros
2948 1684 3202 1752 propensi
3234 1678 3549 1733 volebamus

1975 1778 2131 1831 vobis
2195 1775 2416 1830 tradere
2492 1792 2600 1830 non
2662 1775 2837 1829 solum
2901 1772 3251 1841 Erangelium
3308 1765 3550 1831 Christi,

286 1886 303 1918 ι
350 1864 501 1930 Ὁδὸς
555 1865 796 1918 εύσεϐὦν
842 1866 1026 1918 εὐθεῖα
1060 1866 1298 1934 ἐγένετο.
1350 1884 1368 1917 ›
1420 1865 1532 1919 Καὶ
1572 1865 1645 1927 ὡς
1684 1867 1748 1918 ἐκ
1772 1865 1867 1919 τοῦ

1988 1868 2072 1925 sed
2106 1869 2321 1923 animas
2355 1869 2518 1923 etinn
2551 1875 2773 1922 nostras
2827 1866 2909 1930 ‘5;
2944 1878 3055 1933 quo
3102 1872 3344 1930 tempore
3388 1854 3552 1909 uimi—

282 1957 601 2011 Βαπτιστοῦ
657 1958 714 2010 δὲ
750 1958 969 2026 ἐλέγετο
1017 1958 1096 2024 τὸ,
1144 1978 1160 2009 ι
1214 1957 1571 2028 Ἑτοιμάσατε
1625 1958 1721 2029 τὴν
1750 1959 1868 2011 ὁδὸν

283 2048 515 2119 Κυρίου,
550 2068 567 2099 ι
607 2051 700 2102 καὶ
728 2049 794 2102 τὰ
827 2050 1089 2119 ἑπόμενα.

1977 1976 2097 2015 rum
2128 1969 2181 2014 et
2237 1960 2353 2029 ipsa
2401 1975 2522 2027 quae
2571 1957 2866 2012 accedebat
2899 1952 3234 2008 multitudo:
3283 1968 3301 2001 ι
3338 1946 3551 2007 Venite.

1979 2050 2343 2105 ascendamus
2398 2050 2463 2103 ad
2526 2057 2765 2103 montem
2840 2045 3049 2100 Domini
3102 2053 3155 2098 et
3207 2041 3273 2096 ad
3332 2040 3551 2093 domum

281 2136 377 2193 Dei
412 2138 584 2195 Jacob
639 2140 719 2203 ",
780 2159 798 2191 ι
838 2147 1142 2207 certet-aque
1181 2138 1462 2208 deinceps,
1497 2138 1852 2193 inclamabat.
1898 2138 2185 2210 Signiﬁcat
2233 2154 2365 2194 vero
2417 2138 2675 2217 quod_in
2719 2138 2838 2191 sinu
2875 2148 2920 2191 et
2958 2137 3011 2189 in
3076 2133 3304 2188 humeris
3387 2129 3555 2183 hate-

281 2240 376 2287 tur
401 2232 455 2287 id
487 2235 606 2290 sine
643 2234 865 2296 sudore,
901 2233 1010 2286 Deo
1050 2234 1191 2287 viam
1227 2233 1520 2302 dirigente.
1576 2233 1821 2287 futurum
1854 2253 1881 2287 εν
1904 2234 2063 2305 juxta
2101 2232 2235 2287 illud
2301 2222 2624 2304 prophetze':

2708 2250 2730 2284 ι
2778 2230 2981 2285 Semita
3031 2226 3244 2299 piorum
3297 2231 3441 2276 recta
3478 2220 3556 2273 fa-

280 2336 370 2382 cta
400 2335 485 2382 est
516 2329 581 2380 ⁸⁷.
622 2347 640 2379 ι
678 2326 745 2381 Ει
776 2326 1088 2396 Baptist:e,¢
1132 2324 1326 2379 Parate
1355 2325 1496 2378 viam
1526 2326 1778 2390 Domino,
1834 2341 1884 2381 re

1992 2343 2017 2382 s
2052 2325 2214 2381 facite
2242 2326 2467 2382 semitas
2500 2324 2620 2395 ejus
2651 2324 2716 2377 ⁵³.
2763 2342 2783 2375 ι

358 2417 472 2488 Τὴν
502 2418 557 2470 δὲ
579 2416 745 2487 τιμὴν
776 2417 881 2470 τῶν
918 2416 1125 2471 πιστῶν
1164 2417 1263 2487 τὴν
1294 2418 1374 2480 εἰς
1412 2416 1579 2486 ἄκρον
1614 2417 1767 2488 δηλοῖ
1793 2418 1873 2484 τὸ,

294 2510 580 2577 Τιθηνίὺς
602 2510 783 2577 λέγειν
806 2508 1115 2574 βασιλεῖς,
1145 2507 1243 2561 καὶ
1273 2510 1381 2573 τὰς
1416 2508 1725 2576 ἀρχούσας
1751 2526 1879 2577 τρο-

287 2599 585 2671 φοὺς,τὴν
617 2600 877 2653 ἀνωτάτω
926 2600 1121 2669 δηλοῦν
1169 2600 1218 2667 ιι,
1272 2598 1498 2662 καὶτὰς
1547 2599 1665 2652 κατ’
1703 2599 1876 2663 ἔθνος.

300 2690 503 2763 ’Δρχέις
559 2691 795 2760 τροφῶν
834 2688 990 2760 δίκην
1024 2689 1549 2760 ἐξυπνρετουμένων
1588 2692 1605 2730 ἰ
1642 2690 1755 2754 τοῖς
1790 2691 1878 2744 ἐν·

286 2783 435 2837 δεέσι
460 2785 560 2853 τῆς
598 2782 923 2852 Ἐκκλησίας
954 2782 1041 2836 διὰ
1061 2783 1170 2835 τῶν
1198 2781 1492 2853 διδομένων
1531 2782 1876 2853 σιτηρεσίων.

288 2877 403 2933 Καὶ
442 2876 617 2942 ἄλλως
642 2876 719 2942 δὲ,
764 2876 1000 2951 ήπολλὴ
1057 2876 1360 2949 κηδεμονία
1411 2874 1567 2942 δόξαν
1618 2878 1887 2946 τροφέων

291 2970 652 3041 παρίστησιν,
682 2970 731 3022 οἳ
767 2970 860 3023 καὶ
885 2970 1161 3032 κλίνοντες
1190 2970 1249 3021 ἐν
1294 2968 1591 3039 Ἐκκλησία
1627 2969 1779 3037 γόνυ,
1811 2967 1885 3038 τῇ

291 3060 369 3130 γῇ
399 3062 459 3114 τὸ
502 3060 768 3131 μέτωπον
821 3061 1255 3132 προσερείδουσι,
1306 3061 1401 3114 καὶ
1453 3061 1558 3114 τὸν
1591 3060 1768 3128 χοῦν,
1813 3059 1888 3124 ὡς

293 3154 494 3217 εἰπεῖν,
543 3152 795 3224 ἐκλαχεῖν
854 3149 868 3201 i
912 3152 998 3206 διὰ
1034 3153 1221 3205 πίστιν
1258 3152 1576 3215 ποθοῦντες.
1609 3150 1798 3205 Ταῦτα
1832 3152 1886 3206 δὲ

295 3243 435 3312 πρὸς
463 3243 563 3313 τὴν
594 3243 916 3313 βασίλισσαν
947 3243 1043 3313 τὴν
1067 3244 1129 3297 ἐκ
1156 3243 1347 3308 δεξιῶν
1364 3242 1588 3313 Χριστῷ
1614 3260 1885 3314 παριστα-

2053 2419 2129 2474 Εο
2155 2419 2272 2489 ipso
2303 2417 2501 2473 deinde
2535 2430 2807 2473 summum
2856 2413 2972 2469 fore
3004 2408 3257 2466 ﬁdelibus
3291 2407 3556 2462 honorem

1980 2511 2341 2575 demonstrat,
2386 2509 2531 2581 quod
2561 2524 2751 2565 eorum
2779 2507 3028 2562 nutrita):
3072 2521 3235 2578 reges,
3268 2512 3317 2558 et
3353 2502 3557 2572 reginas

1983 2603 2213 2657 nutrices
2243 2602 2362 2656 fore
2392 2599 2689 2671 signiﬁcat.
2722 2599 2834 2656 lmo
2863 2610 2917 2655 et
2946 2599 3066 2670 ipsa
3104 2595 3351 2666 gentium
3389 2592 3560 2660 impe-

1983 2695 2086 2760 ΐίθν
2147 2692 2426 2749 demenSiS
2477 2695 2533 2747 in
2590 2706 2878 2764 pauperes,
2986 2688 3327 2743 nulritiorum
3382 2697 3556 2745 more,

1985 2787 2322 2853 distributis,
2358 2785 2621 2842 Ecclesiae
2651 2783 3052 2840 subservitura.
3101 2779 3250 2833 Alias
3296 2783 3475 2831 autem
3509 2783 3564 2825 et

1982 2880 2100 2951 ipsa
2127 2879 2424 2934 vehemens
2469 2873 2808 2939 sollicitudo,
2838 2872 3076 2927 nutritiis
3108 2869 3340 2941 gloriam
3372 2864 3564 2920 conci-

1983 2970 2114 3035 liat;
2151 2970 2243 3039 qui
2275 2984 2414 3039 genu
2451 2967 2591 3023 ﬂexo
2624 2967 2680 3021 iu
2708 2965 2953 3021 Ecclesia
2986 2973 3143 3018 terra:
3175 2962 3410 3016 frontem
3445 2959 3563 3012 alli-

1984 3062 2139 3126 dunt,
2166 3062 2428 3131 pulverem
2464 3061 2673 3131 ipsum,
2708 3067 2767 3114 ut
2807 3068 2883 3111 Ita
2919 3058 3131 3121 dicam,
3148 3064 3371 3125 propter
3398 3050 3557 3103 ﬁdem

1984 3156 2265 3227 delingere
2297 3155 2618 3226 gestientes.
2656 3155 2831 3222 Atque
2870 3153 2981 3205 Iunc
3013 3151 3235 3221 quidem
3267 3149 3381 3217 ipsa
3410 3153 3560 3202 sunt.

1986 3263 2105 3316 quae
2136 3247 2336 3317 regina:
2387 3245 2604 3302 Christo
2633 3248 2696 3299 ad
2739 3244 3022 3298 dexteram
3098 3239 3302 3296 astanti
3353 3239 3564 3307 psalmo

296 3335 469 3404 μένην
497 3337 525 3387 ὁ
559 3333 996 3402 τεσσαρακοστὸς
1025 3332 1287 3403 τέταρτος
1333 3332 1483 3401 λέγει
1534 3333 1769 3403 ψαλμὸς,
1820 3335 1884 3405 ἢν

1993 3338 2415 3410 quadragesimo
2448 3346 2647 3407 quarto
2702 3338 3044 3400 tribuuntur,
3087 3349 3249 3405 quam
3300 3332 3464 3385 etiam
3502 3331 3569 3382 dc

292 3427 391 3480 καὶ
431 3425 492 3491 ἐξ
521 3425 836 3494 ἀλλοφύλων
895 3421 1061 3479 οὖσαν
1107 3425 1276 3495 δηλοῖ.
1322 3428 1523 3497 Ὅμοια
1573 3427 1629 3479 δὲ
1685 3426 1777 3479 καὶ
1803 3428 1884 3489 εἰς

295 3517 463 3571 αὐτὸν
487 3517 577 3571 τὸν
595 3516 867 3582 βασιλέα
899 3518 926 3569 ὁ
953 3516 1356 3587 ἐδόομηκοστὺς
1389 3518 1626 3589 πρῶτος.
1675 3517 1884 3572 Οὐκοῦν

296 3608 430 3679 περὶ
462 3608 561 3677 τῆς
605 3604 939 3676 Ἐκκλησίας
973 3606 1071 3676 τῆς
1110 3608 1165 3659 ἐν
1199 3606 1445 3679 Χριστῷ,
1501 3607 1568 3660 τὰ
1617 3608 1887 3678 λεγόμενα

297 3697 439 3767 πρὸς
456 3697 558 3765 τὴν
585 3695 967 3767 Ἰερουσαλὴμ,
992 3696 1025 3766 ἢ
1054 3696 1151 3765 τὴν
1181 3696 1340 3760 δόξαν
1368 3696 1481 3766 ἔχει
1504 3697 1596 3749 τοῦ
1625 3697 1882 3768 Χριστοῦ.

299 3787 523 3841 Τούτων
545 3786 624 3848 δὲ,
648 3788 801 3856 φησὶ,
821 3787 1183 3857 γιγνομένων,
1210 3787 1412 3869 γνώσῃ
1430 3787 1515 3840 ὅτι
1536 3789 1652 3857 ἐγὼ
1673 3790 1910 3858 Κύριος,

298 3878 402 3933 καὶ
425 3880 540 3932 οὑκ
555 3877 1077 3945 αἱσχυνθήσονται
1097 3880 1150 3931 οἱ
1170 3876 1578 3945 ὐπομένοντές
1591 3896 1684 3947 με.
1710 3878 1887 3931 Καλὸν

298 3972 411 4040 γὰρ
444 3970 519 4040 μὴ
551 3968 953 4036 ἀπογινώσκειν
982 3970 1080 4039 τὴν
1116 3968 1307 4021 ἐλπίδα
1334 3968 1439 4039 πρὸ
1466 3970 1563 4038 τῆς
1582 3970 1687 4022 τῶν
1713 3968 1890 4041 ἔργων

300 4060 606 4123 ἐκϐάσεως.
639 4054 773 4113 Εἶτα
805 4059 1071 4124 διδάσκει,
1100 4060 1222 4113 τίνα
1259 4059 1460 4130 τρόπον
1494 4059 1562 4112 τὰ
1601 4061 1706 4114 ὑπὸ
1731 4064 1892 4132 χεῖρα

300 4152 399 4206 τοῦ
430 4152 680 4205 διαϐόλου
718 4153 984 4222 πρότερον
1010 4153 1137 4223 ἔθνη
1170 4152 1521 4223 ἠλευθερώθη
1554 4154 1641 4207 διὰ
1669 4154 1769 4223 τῆς
1796 4153 1890 4206 τοῦ

303 4245 459 4299 Eon?
470 4262 563 4316 ρος
589 4244 891 4315 δυνάμεως.
935 4246 998 4297 Ὃ
1022 4246 1110 4298 διὰ
1138 4245 1237 4315 τῆς
1266 4245 1580 4315 παραϐολῆς
1628 4246 1895 4315 ἐδήλωσεν

302 4339 332 4390 ὁ
362 4337 602 4407 Χριστός
625 4355 639 4368 ·
677 4355 694 4387 ι
734 4337 879 4401 Πῶς,
922 4336 1121 4404 λέγων,
1150 4336 1373 4389 δύναταί
1396 4354 1480 4400 τις
1513 4336 1772 4390 εἰσελθεῖν
1816 4339 1894 4400 εἰς

301 4428 402 4499 τὴν
447 4428 626 4481 οὶκίαν
652 4427 743 4481 τοῦ
777 4427 1023 4498 ἰσχυροῦ,
1060 4430 1154 4481 καὶ
1182 4429 1250 4481 τὰ
1284 4427 1452 4498 σκεύη
1478 4427 1643 4481 αὐτοῦ
1675 4426 1900 4498 διαρπά-

307 4535 424 4581 σαι,
467 4519 564 4571 ἐὰν
590 4520 663 4590 μὴ
693 4519 910 4588 πρῶτον
939 4519 1076 4590 δήσῃ
1105 4519 1195 4572 τὸν
1238 4520 1492 4589 ίσχυρόν;
1529 4538 1546 4571 ι
1583 4520 1693 4572 Καὶ
1723 4518 1817 4571 νῦν
1839 4519 1898 4573 δέ

307 4623 465 4675 φησι,
501 4607 593 4676 Μή
627 4622 681 4659 τι
715 4607 794 4677 τῷ
820 4607 1036 4677 τυχόντι
1071 4607 1295 4661 δυνατὸν
1348 4607 1499 4679 παρὰ
1524 4607 1616 4660 τοῦ
1650 4606 1895 4660 διαϐόλου

1989 3432 2419 3503 alienigenarum
2456 3445 2684 3489 numero
2727 3444 2853 3484 esse
2893 3426 3186 3498 signiﬁcat.
3226 3422 3410 3493 Neque
3440 3436 3570 3474 vero

1987 3522 2282 3579 dissimilia
2314 3522 2538 3581 fuerint,
2574 3535 2693 3591 quae
2738 3520 2791 3572 in
2839 3531 3006 3586 regem
3043 3516 3224 3584 ipsum
3278 3520 3572 3578 septuage-

1989 3613 2127 3668 simo
2151 3612 2325 3681 primo
2358 3611 2625 3681 leguntur.
2663 3609 2804 3664 Sunt
2844 3609 3010 3680 igitur
3051 3620 3174 3676 qum
3214 3604 3281 3659 de
3314 3601 3572 3657 Hieroso-

1990 3704 2151 3776 lymis
2191 3705 2472 3769 dicuntur,
2518 3704 2585 3758 de
2612 3701 2817 3757 Christi
2855 3700 3124 3761 Ecclesia,
3163 3696 3415 3764 ejusdem
3449 3695 3571 3763 glov

1990 3796 2127 3851 riam
2161 3796 2416 3861 habente,
2469 3793 2850 3864 intelligenda.
2890 3792 3022 3857 Qua:
3075 3804 3197 3842 cum
3245 3784 3569 3841 acciderint.

1989 3888 2191 3958 inquit,
2240 3888 2525 3958 intelliges,
2556 3886 2681 3956 quia
2738 3901 2829 3955 ego
2876 3883 3163 3943 Dominus;
3210 3889 3255 3933 et
3299 3893 3401 3931 non
3449 3892 3572 3928 con-

1992 3976 2282 4048 fundentnr
2314 3978 2405 4049 qui
2438 3984 2741 4044 exspectant
2796 3990 2896 4030 me.
2974 3972 3073 4026 Est
3126 3970 3273 4025 enim
3327 3965 3569 4028 virtutis,

1992 4085 2143 4139 spem
2193 4083 2301 4122 non
2358 4068 2510 4138 prius
2545 4067 2807 4137 abjicerc,
2864 4079 3026 4134 quant
3072 4062 3281 4116 exitum
3324 4074 3410 4112 res
3444 4056 3575 4123 ipsa:

1993 4162 2317 4217 sortiantur.
2386 4159 2551 4213 Docet
2603 4166 2789 4228 postea
2846 4150 3311 4226 quemadmodum
3363 4156 3574 4219 gentes,

1996 4267 2118 4321 qua:
2150 4251 2253 4305 sub
2299 4250 2503 4305 diaboli
2545 4256 2819 4319 potestate
2858 4247 3013 4317 prius
3045 4244 3337 4315 degebant,
3384 4239 3576 4294 Salva-

1999 4340 2133 4394 loris
2167 4338 2372 4394 virtute
2422 4338 2475 4392 iu
2540 4337 2845 4392 libertatem
2905 4342 3135 4389 asserta:
3204 4333 3315 4385 sint
3376 4327 3577 4396 :quod

1998 4433 2161 4487 etiam
2205 4432 2258 4485 in
2318 4429 2575 4501 parabola
2631 4427 2885 4483 Christus
2942 4425 3062 4493 ipse
3110 4421 3394 4481 indicavit.
3450 4433 3575 4471 cum

2000 4526 2120 4579 ait:
2172 4543 2191 4575 ι
2229 4522 2331 4589 Qui
2362 4530 2539 4594 potest
2574 4520 2699 4592 quis
2743 4519 2969 4574 domum
3027 4514 3188 4570 fcrtis
3246 4509 3478 4583 ingredi,
3525 4516 3580 4561 et

2002 4616 2396 4687 supellectilem
2431 4615 2551 4685 ejus
2598 4613 2858 4685 diripere,
2912 4609 3016 4664 nisi
3074 4607 3269 4661 fortem
3318 4604 3472 4674 prius
3526 4603 3578 4653 in

305 4697 515 4751 σκῦλα
550 4697 789 4764 λαϐεἷν;
827 4697 885 4752 ὃν
924 4698 1151 4752 ἐκάλεσε
1188 4700 1474 4770 γίγανταο
1502 4698 1607 4752 κᾶν
1640 4700 1884 4770 ἐπιχειρῇ

2002 4682 2236 4760 vinculis
2266 4682 2520 4758 habuerit
2550 4682 2677 4753 εειέ
2714 4699 2831 4754 Jaut
2875 4714 3026 4764 vero,
3060 4688 3298 4751 etiamne
3330 4691 3574 4753 cuilibet,

305 4790 363 4843 δέ
390 4806 477 4851 τις
508 4789 667 4843 τοῦτο
696 4788 942 4857 δικαίως
998 4789 1188 4854 ποιῶν,
1243 4792 1350 4861 ἄρα
1384 4791 1561 4854 ὰθῶος
1585 4793 1895 4861 γενήσεται,

308 4884 407 4936 καὶ
436 4884 498 4936 οὐ
528 4884 825 4954 κρατηθεὶς
848 4883 1191 4937 κινδυνεύσει
1212 4902 1227 4950 ;
1251 4884 1371 4937 ἀντὶ
1392 4885 1500 4954 γὰρ
1530 4882 1623 4937 τοῦ
1655 4882 1895 4948 ἀδίκως,

308 4975 368 5027 τὺ
416 4973 707 5044 Ἐϐραῖκδν
734 4974 975 5041 δικαίως
1007 4974 1142 5045 ἔχει.
1177 4976 1397 5029 Δίκαιον
1450 4976 1547 5045 μὲν
1575 4976 1683 5049 γὰρ
1739 4974 1897 5028 τοῦτο

320 5068 509 5120 ποιεῖν.
553 5066 716 5120 Ἀλλὰ
740 5068 824 5130 τίς
855 5067 1111 5121 τοσοῦτόν
1142 5070 1256 5120 ἐστι
1297 5067 1556 5132 δυνατὸς;
1609 5067 1896 5139 ἄνθρωπος

313 5156 415 5228 μὲν
444 5158 640 5222 οὐδείς.
674 5160 861 5223 Ὅπως
890 5159 947 5212 δὲ
972 5159 1034 5213 τὸ
1064 5160 1216 5232 παρὰ
1259 5158 1568 5229 ἀνθρώποις
1615 5159 1894 5227 ἀδύνατον,

308 5250 389 5321 τῷ
413 5251 532 5321 Θεῷ
562 5252 788 5306 δυνατὸν
808 5253 1080 5325 ἐπιφέρει.
1123 5254 1186 5306 Εἰ
1229 5253 1285 5306 δὲ
1312 5253 1533 5317 ἀδίκως
1586 5251 1722 5321 ἔχει,
1754 5253 1896 5306 κατὰ

309 5344 437 5406 τοὺς
495 5343 901 5415 Ἕϐδομήκοντα
928 5386 943 5412 ,
987 5347 1047 5399 τὸ
1094 5345 1279 5415 ῥητὸν,
1321 5344 1452 5415 περὶ
1498 5343 1591 5396 τοῦ
1648 5345 1895 5398 διαϐόλου

311 5436 468 5507 φησὶ,
503 5436 684 5507 δηλῶν
718 5439 794 5501 ὡς
821 5437 1023 5501 ἀδίκως
1062 5438 1406 5509 ἐπιπηδήσας
1451 5440 1565 5502 τοῖς
1610 5437 1897 5507 ἠδικηκόσι

385 5547 431 5580 ⁸³
464 5547 654 5602 l.Cor.
688 5564 774 5612 ιιι,
803 5551 860 5605 '2.
938 5549 981 5581 “
1006 5547 1184 5604 Galat.
1223 5565 1295 5614 tv,
1335 5548 1423 5605 l9.
1503 5549 1546 5579 ⁶⁸
1576 5548 1593 5603 l
1627 5548 1823 5602 Thess.
1847 5562 1906 5613 ιι,
1945 5548 1997 5599 7.

313 5618 358 5649 ⁶⁹
388 5617 560 5672 Math.
588 5633 663 5672 xu
696 5659 711 5687 ,
753 5619 842 5674 29.

1998 4797 2096 4862 ait,
2154 4784 2466 4866 promptum
2504 4801 2612 4855 est,
2670 4792 2909 4857 diabolo,
2947 4804 3109 4859 quem
3165 4802 3261 4856 per
3312 4786 3578 4855 gigantem

1996 4886 2346 4957 signiﬁcavit,
2383 4886 2554 4955 spolia
2576 4884 2980 4953 eripere?Qttud
3021 4881 3066 4936 si
3093 4881 3217 4949 quis
3265 4878 3369 4931 hoc
3402 4880 3581 4946 ipsum

1985 4979 2133 5049 juste
2169 4987 2438 5043 conetur,
2478 4976 2745 5032 evadetne
2797 4975 3022 5036 illaesos,
3076 4986 3253 5040 neque
3309 4969 3489 5024 victus
3531 4970 3583 5023 in

1993 5070 2238 5140 periculo
2296 5069 2643 5126 versabitur?
2691 5066 2848 5122 Iuste
2896 5066 3063 5124 enim.
3094 5080 3197 5134 pro
3239 5062 3458 5132 injuste,
3485 5062 3586 5115 ha-

2004 5163 2095 5219 bet
2130 5162 2396 5217 Hebraica
2424 5162 2623 5226 lectio;
2652 5161 2780 5231 quia
2815 5159 3025 5229 justum
3062 5155 3222 5227 567
3250 5156 3321 5209 sit
3352 5154 3405 5210 id
3442 5153 3581 5209 ﬁeri.

2007 5253 2111 5308 Sed
2140 5255 2266 5323 quis
2306 5261 2501 5324 potens
2531 5251 2669 5307 adeo
2699 5249 2957 5305 futurus?
2987 5248 3150 5301 homo
3182 5255 3333 5301 certe
3378 5246 3583 5300 nullus.

2006 5345 2094 5411 At,
2124 5344 2220 5415 qui
2254 5345 2398 5414 quod
2437 5343 2754 5399 hominibus
2785 5340 2958 5405 nefas,
2999 5339 3109 5395 Deo
3141 5338 3244 5410 ipsi
3278 5346 3601 5407 promptum.

2006 5437 2099 5501 sit,
2135 5435 2525 5506 suggerit.‘Sin
2558 5446 2764 5502 autem,
2826 5441 2886 5490 ut
2937 5433 3143 5490 habent
3202 5430 3584 5501 Septuaginta,

2110 5548 2281 5603 “lsa.
2320 5549 2468 5612 ",5.
2545 5547 2592 5580 ’τ
2624 5548 2727 5604 lsa.
2769 5564 2921 5616 χχιιι,
2956 5548 3011 5603 7.
3087 5547 3132 5581 "
3161 5543 3354 5601 Matth.
3404 5558 3487 5607 tu,
3521 5543 3583 5596 3.

1598 5707 1833 5763 viuum
1875 5706 2281 5763 LECTIONES.
2757 5680 2825 5761 ἰ

384 5796 410 5835 ¹¹
434 5800 539 5869 ἀφ.
574 5800 672 5870 τὴν
704 5770 965 5855 ἀνωτάτω
992 5799 1208 5871 δηλοῦν.

1311 5800 1335 5840 ἰ
1364 5814 1457 5868 γρ.
1485 5798 2017 5869 ὲξυπηρετουμένσς.
2097 5808 2111 5847 t
2148 5814 2240 5867 γρ.
2272 5797 2553 5869 ἐκλεεχειν.
