3916 6416
246 351 389 415 2485

1338 358 1867 422 ΕΟῙιῙΜΕΝΤΑΡιΙΙ
1914 360 1995 424 1N
2030 360 2320 429 ISAIAM.

3377 371 3527 433 24815

234 480 346 517 κον
378 463 669 535 ὑπομένων
695 467 1136 535 αἶχιιαλωσκάν,
1177 467 1390 538 ἀναιρεῖ
1428 469 1483 522 δὲ
1526 471 1618 522 τὸν
1651 473 1828 540 ἐγχει-

1942 477 2167 543 ιαριὶυοε
2188 493 2298 531 esse
2320 478 2681 533 demonstrat.
2712 477 3179 546 Quemadmodum
3221 481 3367 538 enim
3429 501 3531 540 eo-

240 559 481 626 ρήσαντα
501 573 515 587 ·
547 557 725 622 οὕτως
756 559 856 611 οὐκ
909 559 1037 629 ἐνῆν
1066 558 1198 628 ἐμοῦ
1231 562 1306 630 μὴ
1331 560 1679 631 θελήσαντος,
1701 564 1827 625 τοὺς

235 648 498 713 λαϐόντας
520 650 671 720 ὐμᾶ,
688 651 1072 721 αἰχμαλώτους
1097 652 1255 714 ἑλεῖν,
1297 654 1344 707 εί
1374 652 1447 723 μὴ
1473 655 1595 706 καθ’
1612 653 1825 707 ἑαυτῶν

236 741 623 811 ἡμαρτηκότες
670 741 769 812 τὴν
816 742 998 796 αἰτίαν
1055 744 1344 814 παρέχετε.
1401 745 1547 814 Πλὴν
1584 745 1822 816 ἐλεήσας

239 834 380 903 ὑμᾶς
410 834 509 902 μὲν
544 833 887 899 ἀνακαλέσω,
921 833 1163 897 ἐκείνους
1209 834 1264 887 δὲ
1306 837 1697 906 τιμωρήσομαι
1721 835 1822 906 τὴν

237 928 359 981 καθ’
409 928 567 999 ὑμῶν
604 928 979 992 ὲπιτείναντας
1037 927 1287 980 κόλασιν·
1315 930 1409 982 καὶ
1441 927 1688 997 σαρκῶν
1714 929 1823 983 τῶν

238 1020 384 1073 ἰδίων
439 1020 773 1088 γευσάμενοι
831 1019 1131 1087 γνώσονται
1177 1020 1266 1072 τὸν
1306 1021 1633 1090 ποιήσαντα,
1677 1020 1821 1074 καθὰ

237 1112 328 1164 καὶ
352 1110 826 1181 Νασουχοδονόσορ
874 1110 961 1163 διὰ
998 1111 1241 1179 σημείων
1287 1110 1600 1174 παιδευθεὶς
1649 1111 1822 1181 μέγαν

238 1201 511 1271 ὡμολόγει
558 1204 647 1255 τὸν
695 1202 827 1255 Θεὸν
857 1202 1080 1272 Δανιὴλ.
1151 1203 1309 1266 Τινὲς
1352 1202 1409 1255 δὲ
1443 1205 1512 1256 τὰ
1548 1203 1676 1274 περὶ
1726 1204 1821 1257 τοῦ

236 1295 518 1362 γίγαντος
569 1294 927 1364 ἐξηγούμενοι
981 1294 1269 1364 λέγουσιν·
1304 1296 1418 1365 Οὐχ
1476 1296 1708 1366 ἥττηται
1762 1295 1825 1348 τὸ

239 1385 462 1438 ἐυνατὸν
510 1387 609 1455 τῆς
672 1388 1050 1459 Ἰερουσαλὴμ,
1087 1390 1210 1443 οὐδὲ
1258 1391 1292 1460 ἠ
1346 1387 1667 1459 δικαιοσύνη
1700 1389 1731 1459 ἡ
1767 1389 1825 1441 ὲν

240 1477 397 1545 αὐτῇ,
433 1479 573 1531 ἀλλὰ
601 1479 668 1531 δι’
696 1480 972 1549 ἁμαρτίας
1003 1481 1363 1551 κεκράτηται.

239 1569 528 1629 οοιιΐρδςιιε
557 1574 723 1627 est".
752 1570 1011 1628 Nonnulli
1048 1590 1168 1642 qua}
1206 1574 1270 1629 de
1298 1577 1512 1645 gigante
1544 1572 1821 1638 dicuntur,
1865 1570 1939 1624 ila
1986 1576 2284 1644 explicant,
2343 1584 2401 1629 ut
2435 1590 2542 1631 non
2616 1575 3120 1648 Hierosolymorum
3179 1578 3341 1643 vires,
3414 1593 3520 1632 non
3596 1596 3621 1619 κ

1932 580 2051 619 rum
2077 567 2282 631 nullus,
2318 568 2409 636 qui
2432 562 2670 639 gigantes
2715 578 2979 640 putantur
3008 586 3037 624 a
3073 572 3253 637 nobis,
3291 574 3518 631 alterius

1932 657 2315 715 imbecillioris
2348 676 2471 716 esse
2504 663 2689 732 prada
2718 673 2906 733 queat,
2947 672 2999 719 et
3063 665 3266 735 injuste
3319 667 3516 734 captivi

1927 747 2079 816 fieri;
2116 753 2207 806 sed
2236 768 2359 806 eum
2403 755 2602 823 potius,
2646 756 2739 826 qui
2770 756 2823 811 id
2857 757 2910 810 in
2942 772 3002 813 se
3052 767 3308 820 conetur,
3357 759 3518 814 facile

1924 842 2180 895 conficiat
2210 860 2223 896 :
2256 845 2336 898 sic
2368 853 2422 899 et
2473 861 2590 913 vos,
2635 862 2722 901 me
2784 848 3026 913 nolente,
3066 851 3185 920 capi
3235 866 3517 919 nunquam

1930 935 2212 1002 poteratis,
2251 937 2354 990 nisi
2389 936 2441 990 in
2478 954 2571 993 vos
2597 937 2697 1009 ipsi
2746 941 2986 1009 peccatis
3034 941 3234 996 vestris
3286 956 3516 995 causam

1929 1025 2324 1094 prmbuissetis.
2360 1028 2465 1083 Sed
2489 1045 2586 1083 vos
2623 1045 2722 1100 ego
2753 1029 2864 1099 jam
2901 1039 3082 1086 tamen
3112 1032 3280 1086 vesu-i
3317 1033 3521 1086 miseiu

1931 1122 2020 1169 tus
2046 1115 2160 1185 ipse
2183 1131 2461 1184 revocare,
2487 1120 2735 1189 il105que,
2764 1121 2855 1191 qui
2882 1137 3165 1191 pmnarum
3195 1123 3517 1194 gravitatem

1933 1206 2091 1262 vobis
2146 1210 2490 1275 adauXerint,
2530 1212 2720 1267 ulcisci
2788 1214 2994 1279 statui;
3043 1224 3363 1284 tantumque
3408 1213 3516 1269 effi-

1932 1311 2077 1363 cere,
2117 1306 2176 1351 ut
2235 1300 2351 1355 suis
2413 1300 2487 1353 illi
2539 1301 2787 1354 carnibus
2822 1303 2984 1371 pasti,
3047 1302 3310 1358 factorem
3358 1320 3517 1358 suum

1930 1397 2270 1458 aguo~cant;
2306 1408 2414 1445 non
2469 1392 2629 1445 aliter
2687 1407 2849 1461 quam
2893 1392 3065 1463 signis
3102 1394 3232 1448 olim
3294 1393 3520 1448 adactus

1929 1477 2437 1539 Nabuchodonosor
2526 1484 2761 1541 Danielis
2828 1484 3000 1540 Deum
3079 1501 3332 1556 magnum
3396 1496 3521 1541 esse

235 1660 529 1731 justitiam,
585 1683 692 1738 qua
750 1670 1046 1739 pollebant,
1106 1667 1353 1736 superari
1381 1683 1423 1757 ;’
1451 1666 1546 1723 sed
1595 1673 1816 1737 propter
1855 1664 2062 1719 Scelera
2089 1669 2210 1738 capi
2245 1669 2601 1724 arbitrentur.

848 1761 1102 1815 ΚΕΦΑΛ.
1134 1762 1219 1815 N'.

294 1856 468 1910 α’-ια’.
507 1853 703 1919 Οὕτως
734 1855 897 1923 λέγει
917 1856 1157 1924 Κύριος,
1178 1854 1354 1909 ποῖον
1381 1855 1557 1910 τοῦτο
1582 1855 1830 1920 βιϐλίον

237 1943 344 1997 τοῦ
374 1945 762 1999 ἀποστασίου
785 1943 894 2012 τῆς
917 1945 1146 2014 μητρὸς
1175 1944 1362 2014 ὑμῶν,
1396 1940 1446 2013 ᾧ
1477 1946 1826 2010 ἐξαπέστει-

237 2040 317 2091 λιι
339 2040 573 2107 auctir,-
606 2040 644 2107 ἣ
691 2040 807 2093 τίνι
850 2038 1125 2108 ὑποχρέω
1159 2038 1439 2108 πέπρακα
1464 2037 1619 2107 ὑμᾶς
1641 2037 1828 2105 ςἸδοὺ

238 2135 369 2199 ταῖς
404 2132 718 2203 ἁμαρτίαις
738 2130 906 2200 ὑμῶν
932 2130 1249 2198 ὲπράθητε,
1276 2131 1371 2184 καὶ
1396 2131 1528 2197 ταῖς
1553 2131 1830 2200 drop/atq

237 2226 823 2295 ὐμὼνέξαπέστεινια
843 2223 958 2293 τὴν
974 2222 1201 2294 μητέρα
1217 2224 1411 2295 vatim;
1432 2230 1473 2282 Ἰ
1475 2226 1489 2280 ί
1508 2224 1598 2277 ὅτι
1615 2220 1827 2294 ἦλθον,

237 2319 335 2373 καὶ
370 2322 484 2373 οὐκ
513 2315 593 2388 ἦν
621 2317 932 2386 ἄνθρωπος
949 2333 962 2348 ⁸
986 2316 1272 2381 ἐκάλεσα,
1299 2316 1396 2369 καὶ
1419 2318 1529 2370 οὐκ
1554 2311 1634 2387 ἦν
1666 2320 1699 2371 ὁ
1719 2319 1831 2373 ὑπ-

236 2415 508 2479 ακούωιῆ
531 2429 583 2465 κ.
626 2429 678 2465 τ.
717 2409 768 2465 λ.

309 2502 547 2555 Διελθὼν
579 2506 606 2555 ὁ
638 2502 796 2570 λόγος
835 2502 896 2556 τὸ
930 2503 1193 2573 κήρυγμα
1223 2502 1284 2555 τὸ
1317 2500 1694 2571 εὐαγγελικδν,
1729 2503 1830 2572 τήν

235 2610 297 2647 τε
325 2594 394 2647 δι’
421 2593 587 2647 αὑτοῦ
612 2593 722 2645 τῶν
760 2592 931 2646 ἐθνῶν
962 2588 1178 2662 κλῆσιν,
1205 2592 1299 2645 καὶ
1323 2592 1423 2660 τὴν
1454 2590 1713 2644 σύστασιν
1734 2587 1828 2642 τοῦ

238 2683 531 2747 θεοσεϐοῦς
567 2683 986 2753 πολιτεύματος,
1023 2685 1117 2736 καὶ
1159 2681 1255 2734 τοῦ
1288 2682 1548 2752 ῥηθέντος
1576 2680 1830 2751 γίγαντος

235 2776 339 2847 τὴν
370 2777 716 2847 καθαίρεσιν,
756 2776 1072 2846 μεταδαίνει
1098 2776 1259 2829 πάλιν
1300 2775 1391 2827 ἐπὶ
1415 2774 1544 2834 τοὺς
1576 2775 1641 2826 ἐκ
1672 2789 1828 2843 περι-

236 2870 436 2937 τομῆς,
478 2867 627 2920 ὥσπε
637 2885 669 2937 ρ
692 2866 1128 2936 ἀπολογούμενος
1157 2865 1245 2919 διὰ
1274 2865 1328 2918 τί
1353 2864 1420 2917 τὰ
1451 2864 1579 2935 ἔθνη
1605 2866 1829 2917 ὲπισκο-

244 2963 450 3029 πήσας,
484 2961 685 3025 αὐτοὺς
707 2960 957 3024 ἐκδότους
986 2961 1263 3030 ὲποῖησεν.
1288 2960 1494 3014 Τούτου
1522 2959 1622 3030 γὰρ
1642 2959 1827 3025 αἴτιοι,

241 3054 450 3123 φησιν,
480 3053 661 3122 opsig,
720 3054 821 3106 οὐκ
874 3052 1006 3120 ἐγώ.
1038 3054 1113 3107 Οὐ
1166 3052 1275 3123 γὰρ
1320 3050 1432 3121 ἐγὼ
1478 3052 1577 3121 τὴν
1606 3049 1831 3120 μητέρα

240 3145 414 3215 ὑμῶν
435 3145 855 3216 ἀπεπεμψάμην
885 3146 1239 3216 Συναγωγὴν,
1268 3146 1301 3215 ἦ
1330 3145 1431 3213 τὴν
1464 3145 1558 3197 ἐπὶ
1581 3146 1685 3215 γῆς
1730 3146 1832 3198 Ίε-
1859 3126 1902 3184 C

245 3237 535 3307 ρουσαλὴμ
566 3237 644 3306 (οὐ
675 3236 834 3290 τοῦτο
860 3237 969 3305 γὰρ
1024 3238 1056 3305 ἡ
1098 3236 1188 3288 διὰ
1240 3237 1485 3299 Μωσέως
1543 3235 1835 3305 νομοθεσία

241 3328 649 3398 δηλοῖ),σχέσιν
679 3328 736 3382 δὲ
765 3327 864 3400 τὴν
898 3329 1031 3399 περὶ
1065 3326 1085 3367 1
1120 3329 1266 3398 ὑμᾶς
1287 3344 1300 3358 ο
1343 3328 1409 3399 ἢν
1440 3331 1468 3382 ὁ
1499 3328 1727 3400 Μωσῆς,
1761 3329 1837 3392 ὡς

240 3419 375 3474 ἕδνα
422 3420 612 3493 νύμςῃ
670 3420 855 3475 δοῦναι
916 3419 1277 3490 βουλόμενος,
1336 3420 1429 3473 καὶ
1472 3420 1654 3491 φέρων
1683 3421 1834 3489 ὑμῖν,

247 3512 622 3582 μοιχεύσασαν
656 3514 746 3565 διὰ
792 3513 892 3583 τῆς
930 3512 1285 3583 μοσχοποιίας
1340 3510 1517 3584 εὑρὼν
1555 3514 1653 3582 τὴν
1706 3512 1837 3564 Συν-

243 3604 474 3676 αγωγὴν
505 3604 796 3658 διέσπασεν
843 3604 1073 3669 ἀναξίαν
1113 3602 1289 3676 εὑρὼν
1326 3613 1365 3641 ω
1410 3603 1519 3657 τῶν
1547 3602 1697 3672 ἐμῶν
1730 3601 1834 3655 δω-

246 3696 411 3769 ρεῶν.

319 3872 671 3944 Παραϐάλλει
714 3875 771 3928 δὲ
806 3873 1001 3928 ἑαυτὸν
1052 3872 1185 3927 ποτὲ
1240 3872 1338 3943 μὲν
1369 3872 1545 3945 ἀνδρὶ,
1588 3873 1663 3939 ὡς
1697 3872 1838 3944 πρὸς

244 3969 506 4036 γυναῖκα,
543 3967 673 4020 ποτὲ
725 3965 782 4018 δὲ
827 3965 1088 4038 δεσπότῃ,
1118 3965 1193 4029 ὡς
1240 3965 1375 4036 πρὸς
1418 3965 1661 4029 οἰκέτας.
1701 3966 1836 4022 Οὐδὲ

245 4062 359 4129 γάρ
398 4059 473 4122 ὡς
503 4060 569 4112 ἄν
615 4075 698 4120 τις
756 4055 1024 4127 δεσπότης
1073 4057 1304 4123 ὀφείλων
1344 4056 1624 4127 ἀπεδόμην
1669 4057 1835 4127 ὑμᾶς.

258 4150 407 4203 Ἀλλ’
431 4149 600 4218 ὑμεῖς
629 4148 724 4201 ἀπ’
756 4149 931 4219 ἀρχῆς
956 4151 1036 4211 εἰς
1065 4147 1220 4210 τέλος
1264 4149 1712 4219 παρανομοῦντες
1740 4150 1836 4203 ὲκ-

247 4241 543 4308 6έ6λησθε,
573 4240 903 4307 πραθέντες
932 4238 1056 4305 τοῖς
1087 4238 1530 4308 ἁμαρτήμασιν,
1577 4235 1658 4302 οἷς
1692 4239 1842 4293 ἐδου-

245 4334 483 4403 λώθητε,
530 4332 733 4401 τούμὸν
786 4330 953 4401 μέρος
1009 4330 1294 4398 γεγονότες
1352 4328 1692 4395 αὐτεξούσιοι
1745 4331 1840 4384 καὶ

2568 1763 2727 1819 CAP.
2788 1763 2851 1818 L.
2940 1793 2964 1804 -

2004 1851 2364 1923 569-570
2388 1853 2554 1910 Vens.
2599 1855 2750 1910 1-H.
2793 1856 2886 1911 Sic
2919 1857 3050 1910 dicit
3077 1856 3354 1923 Dominus,
3382 1874 3523 1928 qua-

1931 1944 1998 1997 lis
2028 1945 2113 1997 hic
2143 1943 2275 1998 liber
2300 1945 2506 2015 repudii
2531 1948 2716 2001 matris
2755 1957 2959 2014 vestras,
2989 1966 3091 2018 quo
3121 1949 3304 2004 dimisi
3349 1967 3471 2005 eam
3501 1952 3527 2003 Ρ

1932 2043 2026 2088 aut
2070 2036 2159 2089 cui
2197 2036 2449 2091 creditori
2475 2045 2523 2091 et
2544 2039 2783 2093 exactori
2814 2054 2928 2093 meo
2959 2039 3168 2093 vendidi
3197 2043 3332 2096 vos?
3393 2040 3527 2095 Ecce

1930 2130 2160 2196 peccatis
2201 2132 2389 2185 vestris
2436 2130 2722 2186 venundati
2771 2132 2925 2194 estis,
2979 2142 3028 2185 et
3053 2134 3108 2186 iu
3151 2133 3524 2203 iniquitatibus

1932 2222 2118 2275 vestris
2151 2222 2336 2275 dimisi
2369 2232 2594 2277 matrem
2622 2232 2870 2277 vestram.
2912 2223 3073 2290 Quid,
3106 2226 3231 2295 quia
3284 2226 3419 2291 veni,
3473 2235 3525 2278 et

1932 2326 2037 2364 non
2088 2320 2202 2365 erat
2230 2310 2384 2366 homo
2409 2313 2435 2366 ?
2492 2314 2691 2377 vocavi,
2731 2322 2929 2369 etnon
2974 2324 3088 2368 erat
3124 2316 3215 2384 qui
3240 2316 3472 2372 obediret
3499 2319 3528 2373 1’

1931 2411 2042 2457 etc.
2090 2402 2099 2409 ’

2005 2495 2272 2549 Absoluta
2333 2495 2710 2566 disputatione
2760 2495 2828 2554 de
2887 2498 3169 2570 Evangelii
3239 2502 3520 2569 praichFO

1932 2589 2109 2659 deque
2141 2592 2439 2660 peripsum
2470 2590 2613 2648 facta
2638 2594 2883 2664 gentium
2928 2597 3261 2663 vocatione;
3320 2597 3388 2651 de
3444 2596 3521 2665 pii

1934 2680 2060 2735 item
2084 2683 2365 2753 regiminis
2386 2684 2659 2751 instituto,
2680 2686 2746 2741 de
2768 2687 3005 2755 gigantis
3037 2688 3261 2742 interitu
3284 2688 3523 2758 denique

1932 2786 2094 2843 quem
2124 2775 2428 2830 nominavit
2463 2794 2478 2831 :
2516 2777 2582 2831 ad
2627 2779 2994 2834 circumrisos
3052 2779 3336 2850 deinceps,
3396 2787 3521 2834 tan-

1933 2880 2096 2935 quam
2122 2865 2335 2935 adjecta
2372 2868 2720 2937 purgatione,
2753 2866 2911 2938 571
2967 2870 3111 2940 quod
3161 2870 3245 2925 eis
3306 2871 3526 2939 rejectis

1934 2972 2119 3012 euram
2152 2959 2395 3028 gentium
2423 2960 2637 3027 subeat,
2669 2976 2728 3016 se
2758 2963 2997 3017 confert.
3040 2962 3214 3031 Hujus
3247 2965 3391 3019 enim
3430 2981 3525 3021 vos

1936 3050 1990 3104 in
2021 3067 2207 3114 causa,
2228 3052 2423 3122 inquit,
2450 3052 2649 3118 fuistis,
2674 3069 2783 3108 non
2804 3069 2905 3124 ego
2926 3071 2941 3117 ;
2962 3070 3139 3123 neque
3162 3055 3276 3124 ipse
3296 3066 3524 3110 matrem

1935 3152 2164 3196 vestram
2198 3145 2498 3212 repudiavi.
2521 3143 2860 3215 Synagogam
2882 3146 3109 3211 silicet,
3134 3155 3227 3201 aut
3251 3158 3525 3203 terrenam

1935 3230 2239 3288 Jerusalem
2274 3234 2405 3302 (non
2439 3235 2583 3289 enim
2631 3235 2685 3289 id
2716 3251 2837 3305 qua:
2870 3252 2966 3306 per
2997 3235 3198 3291 Mosem
3264 3237 3374 3290 lata
3437 3237 3525 3292 lex

1939 3326 2395 3396 est,.signjticat),
2423 3326 2517 3383 sed
2572 3328 3028 3384 consuetudinem
3060 3340 3115 3385 et
3179 3328 3528 3384 familiarita-

1940 3427 2072 3483 tem,
2138 3434 2262 3488 qua:
2303 3419 2438 3473 mihi
2493 3420 2800 3484 vobiscum,
2857 3422 3248 3477 intercesserat
3297 3438 3313 3474 :
3362 3437 3528 3492 quam

1938 3509 2117 3566 Moses
2148 3512 2285 3579 ipse,
2327 3518 2589 3583 tanquam
2618 3528 2839 3583 sponsa:
2881 3530 3107 3568 munera
3144 3514 3373 3568 daturus
3432 3528 3529 3569 vo-

1938 3601 2133 3671 bisque
2169 3600 2375 3664 fercns,
2403 3612 2693 3674 postquam
2718 3605 2868 3660 vituli
2912 3605 3259 3660 confectione
3283 3603 3536 3676 Synago-

1938 3708 2061 3763 3am
2096 3691 2420 3749 fornicatam
2489 3710 2617 3751 esse
2682 3682 3130 3767 sensisset,‘quia
3181 3696 3318 3751 meis
3370 3697 3531 3753 donis

1938 3784 2216 3854 indignam
2247 3785 2561 3854 reperisset,
2594 3787 2902 3852 dissipavit.

2010 3873 2234 3930 Confert
2277 3882 2457 3930 autem
2501 3876 2746 3947 seipsum
2782 3892 2905 3931 cum
2945 3877 3061 3930 viro
3107 3876 3427 3947 aliquando,
3470 3885 3531 3932 ut

1940 3981 2167 4022 uxorem
2225 3967 2502 4037 respicit:
2555 3967 2849 4037 aliquando
2904 3968 3064 4022 etiam
3095 3984 3221 4021 eum
3280 3969 3432 4032 hero,
3471 3976 3530 4023 ut

1941 4058 2199 4115 famulos.
2233 4057 2418 4125 Neque
2451 4060 2598 4115 enim
2635 4075 2732 4115 vos
2766 4061 2904 4131 ipse,
2930 4060 3031 4125 ait,
3072 4069 3334 4131 tauquam
3365 4062 3531 4118 herus

1943 4151 2145 4221 aliquis
2172 4151 2470 4216 obaeratus,
2520 4151 2575 4205 in
2616 4152 2945 4207 solutionem
3005 4152 3243 4206 tradidi:
3284 4152 3380 4206 sed
3423 4153 3528 4223 ipsi

1941 4258 2042 4315 per
2074 4258 2170 4299 vos
2200 4244 2268 4299 ab
2326 4244 2485 4299 initio
2520 4244 2587 4298 ad
2624 4244 2783 4299 finem
2818 4259 2994 4316 usque
3027 4260 3244 4316 semper
3291 4246 3530 4315 exleges,

1942 4337 2103 4407 ejeeti
2152 4339 2284 4394 estis
2314 4381 2328 4404 _.
2388 4338 2615 4406 peccatis
2672 4338 2857 4393 vestris
2905 4338 3163 4393 nimirum
3223 4339 3531 4414 venundati,

248 4426 551 4495 ἐλεύθεροι.
586 4423 695 4476 Καὶ
721 4422 898 4485 τέλος,
930 4421 1032 4474 οὐκ
1072 4419 1297 4491 ὤκνησα
1337 4419 1472 4484 Θεὸς
1512 4421 1617 4484 ὢν,
1665 4421 1832 4475 ἐλθεῖν

1944 4429 2146 4499 quibus
2195 4429 2402 4487 Servire
2448 4430 2759 4496 maluistis;
2815 4430 3169 4499 quantumvis
3216 4429 3381 4485 vestri
3438 4444 3535 4484 vos

248 4522 389 4587 πρὸς
418 4519 585 4587 ὑμᾶς,
620 4515 975 4578 ὑποκαταϐὰς
1006 4515 1105 4585 τῆς
1136 4514 1291 4579 ἀξίας
1328 4514 1427 4582 τῆς
1458 4515 1718 4584 ἐμαυτοῦ,
1744 4516 1839 4570 καὶ

246 4614 377 4682 γενό
388 4592 553 4684 μενος
578 4610 675 4663 ἄνθ
686 4625 865 4678 ρωπος
885 4624 899 4638 ⁸
922 4610 1018 4661 καὶ
1046 4607 1333 4662 καλοῦντι
1360 4608 1511 4677 πρὸς
1537 4610 1841 4679 σωτηρίαν

247 4708 566 4776 ὑπήκουσεν
614 4702 808 4766 οὐδείς.
869 4703 992 4756 Οὐκ
1041 4697 1122 4772 ἦν
1158 4701 1215 4756 δὲ
1259 4700 1590 4770 ἄνθρωπος,
1651 4704 1838 4774 φησιν,

246 4796 442 4865 ἐπειδὴ
475 4795 535 4848 τὸ
564 4793 833 4861 ἀνήκοον
872 4794 1076 4864 πλῆθος
1137 4792 1280 4846 οὐδὲ
1310 4793 1465 4848 εἶναι
1507 4793 1838 4879 λελόγισται.

249 4887 317 4939 Οἱ
342 4884 402 4938 δὲ
420 4884 896 4949 ,ὑπακούσαντες
916 4922 932 4947 ,
959 4882 1036 4945 ὡς
1066 4881 1203 4953 πρὸς
1223 4883 1344 4936 ὅλον
1379 4884 1442 4936 τὸ
1469 4882 1621 4948 ἔθνος
1648 4884 1843 4953 ὀλίγοι,

248 4978 323 5044 ὡς
359 4977 434 5050 μὴ
469 4972 844 5048 ’ἀριθμεῖσθαι
888 4977 971 5038 εἰς
1019 4974 1176 5043 λόγον
1234 4975 1329 5029 τοῦ
1372 4975 1580 5040 ἔθνους.
1617 4976 1708 5030 Διὸ
1751 4979 1846 5032 καὶ

178 5062 183 5065 ’
250 5070 723 5142 ὑπεξῃρήθησαν,
768 5068 843 5133 ὡς
895 5068 925 5121 ὁ
959 5067 1084 5122 Λὼτ
1138 5068 1246 5121 ἀπὸ
1292 5068 1564 5138 Σοδόμων.
1612 5071 1687 5123 Οὐ
1734 5070 1844 5142 γὰρ

252 5165 545 5224 τοσούτους
572 5161 682 5226 ἔδει
710 5163 1016 5231 παρασχεῖν
1046 5160 1124 5231 τῷ
1154 5160 1345 5232 Κυρίῳ
1379 5162 1475 5232 τὴν
1518 5160 1684 5230 ἁγίαν
1716 5163 1841 5233 γῆν.

255 5258 424 5312 ὀθεν
450 5257 545 5310 καὶ
575 5256 801 5326 σημεῖον
830 5255 930 5324 τῆς
961 5255 1241 5326 ἀκαρπίας
1274 5255 1446 5325 αὐτῆς
1492 5257 1525 5326 ὴ
1559 5255 1847 5327 ξηρανθεῖ-

257 5368 328 5405 σα
356 5349 521 5421 συκῆ.
541 5348 715 5402 Τοῦτο
736 5347 793 5401 δὲ
820 5349 915 5401 καὶ
947 5348 1036 5403 διὰ
1053 5350 1154 5420 τῆς
1182 5349 1560 5421 Εὐαγγελικῆς
1600 5350 1843 5420 παραδο-

190 5452 195 5453 '
254 5442 357 5515 λῆς
388 5442 495 5497 τῶν
518 5440 925 5515 παρῃτημένων
948 5440 1008 5494 τὸ
1041 5440 1256 5495 δεῖπνον
1282 5441 1631 5513 σημαίνεται,
1657 5442 1764 5496 τῶν
1790 5444 1847 5496 έν

331 5617 381 5651 ’³
410 5616 548 5671 Dan.
577 5634 637 5685 ll,
665 5617 755 5671 47.
834 5615 877 5647 τι
906 5613 1044 5672 Gen.
1082 5630 1195 5679 XIX,
1229 5615 1249 5668 1
1300 5622 1452 5686 seqq.

1954 4518 2098 4588 juris
2147 4526 2200 4574 et
2243 4519 2530 4591 potestatis
2591 4534 2713 4574 esse
2751 4518 3066 4573 voluissem.
3137 4515 3402 4587 Denique,
3467 4533 3536 4572 ne

1952 4610 2098 4667 Deus
2137 4613 2356 4682 quidem
2402 4612 2519 4682 ipse
2547 4613 2845 4678 exsistens,
2887 4612 2953 4667 ad
2987 4627 3086 4667 vos
3131 4612 3317 4667 venire
3351 4617 3535 4666 tamen

1952 4703 2165 4765 distuli.
2211 4719 2455 4773 niuemque
2488 4702 2771 4774 dignitatis
2804 4702 3047 4759 fascibus
3087 4702 3400 4767 submissis,
3433 4702 3536 4755 ho-

1954 4809 2046 4849 mo
2082 4795 2220 4862 fieri,
2248 4803 2300 4852 et
2332 4795 2401 4849 ad
2426 4797 2677 4860 salutem,
2713 4796 2966 4851 audiente
3024 4796 3263 4859 nemine,
3329 4810 3534 4849 vocare.

1954 4884 2164 4957 Itaque,
2224 4904 2326 4940 non
2388 4898 2505 4941 erat
2538 4887 2714 4949 homo,
2770 4887 2991 4954 adjicit;
3049 4898 3307 4957 tanquam
3352 4886 3541 4941 multi-

1955 4979 2223 5044 tudinem,
2266 4995 2389 5049 quae
2418 4995 2527 5034 non
2559 4978 2769 5044 audiat,
2796 4996 2899 5034 non
2945 4996 3057 5033 esse
3099 4979 3411 5043 existimet;
3444 4976 3543 5049 qui

1953 5081 2135 5127 autem
2172 5067 2419 5135 audiant’,
2437 5074 2481 5128 si
2507 5087 2632 5126 cum
2660 5072 2916 5127 universa
2939 5081 3103 5143 gente
3126 5079 3538 5141 comparentur,

1957 5174 2066 5219 tam
2110 5180 2315 5235 paucos
2345 5181 2487 5228 esse,
2544 5174 2604 5219 ut
2657 5164 2711 5219 in
2753 5164 2928 5234 gentis
2958 5162 3226 5218 rationem
3284 5177 3392 5217 non
3445 5178 3540 5218 ve-

1954 5258 2151 5324 niant;
2180 5258 2433 5327 ideoque,
2465 5265 2524 5310 ut
2552 5254 2725 5313 Lotus
2764 5256 2895 5310 olim
2931 5255 3211 5317 Sodomis,
3256 5260 3539 5323 exemptos
3580 5316 3583 5325 ε

1950 5366 2075 5407 esse
2100 5349 2167 5407 ⁷⁸.
2186 5349 2305 5405 Non
2336 5352 2482 5405 enim
2518 5347 2751 5405 Domino
2780 5357 2889 5403 tam
2922 5348 3348 5403 multosterram
3377 5360 3541 5399 sanc-

1955 5452 2065 5496 tam
2088 5442 2332 5512 praabere
2361 5441 2659 5498 decuerat:
2688 5439 2830 5497 unde
2861 5449 2916 5497 et
2955 5438 3266 5497 sterilitatis
3284 5437 3398 5505 ejus
3428 5436 3541 5509 sig-

1607 5708 1839 5764 νΑΒιΑε
1885 5703 2292 5765 ιΕΟΤΙΟΝΕΞ.

342 5799 365 5845 1
388 5803 476 5859 la.
504 5803 667 5876 πρός.
747 5814 785 5841 ιη
804 5802 897 5872 ἀφ.
940 5800 996 5853 τὸ
1023 5800 1220 5871 εὑρών.
