3916 6392
413 285 553 349 2487

1761 295 2112 357 PROCUPII
2149 298 2395 360 GAZEI

2800 212 2818 238 ’τ

3533 309 3658 375 2428
3738 247 3747 270 Ι

417 415 550 453 num
579 399 788 456 siccam
844 399 1012 456 ﬁcum
1067 401 1370 473 praebuisse
1416 411 1658 459 constat.
1701 405 1854 472 Quud
1907 409 1998 462 illa

2104 413 2222 474 ταῖς
2254 411 2392 476 ὁδοῖς
2419 411 2926 483 ἀντικεκλημένων,
2959 413 3087 484 περὶ
3109 407 3199 469 -ὧν
3241 417 3299 468 ἐν
3345 416 3422 487 τῷ
3452 425 3658 489 παρόντι

413 495 580 550 etiam
633 491 913 562 Evangelii
967 494 1224 562 parabole
1282 494 1627 566 significatur
1681 499 1747 564 ⁷⁵,
1786 499 1837 552 iu
1887 517 1996 568 qua

415 585 702 640 nonnullis
733 583 800 640 ad
826 585 1115 655 prandium
1153 585 1341 640 venire
1381 589 1788 658 recusantibus,
1813 593 1904 645 alii
1943 593 1996 646 in

415 691 606 729 eorum
635 675 922 730 lucum‘de
963 675 1144 730 triviis
1181 688 1570 734 accersuntur:
1601 681 1669 734 de
1705 683 1908 750 quibus
1942 684 1997 737 in

415 765 564 820 hunc
596 765 814 819 modum
843 765 982 835 apud
1015 766 1333 836 prophetam
1360 767 1524 821 istum
1556 771 1830 838 reperias:
1872 789 1889 822 ι
1912 769 2000 824 ln-

413 865 612 912 ventus
644 872 764 912 sum
789 857 856 912 ab
888 857 994 924 his,
1031 858 1124 928 qui
1155 874 1240 912 me
1290 873 1400 912 non
1443 863 1792 930 qttzrrcbant:
1844 861 2002 914 iuno-

417 949 495 1002 tui
530 950 634 1012 his,
679 949 883 1020 quime
903 966 1011 1004 nou
1040 951 1472 1021 interrogabant.
1511 952 1628 1004 Divi
1654 972 1666 1006 :
1691 953 1832 1008 Ecce
1878 968 1998 1006 sum

415 1041 480 1096 ad
512 1049 750 1111 gentem,
809 1057 930 1112 quae
965 1059 1070 1096 non
1127 1054 1353 1098 noverat
1417 1059 1502 1098 uie
1537 1045 1636 1096 τ⁶.›
1679 1043 1752 1098 De
1797 1043 2000 1098 Juda-is

415 1141 598 1190 autem
630 1135 710 1190 sic
744 1133 928 1189 addit:
975 1134 1112 1190 Tota
1143 1135 1231 1190 die
1263 1136 1499 1205 expendi
1532 1151 1724 1190 manus
1762 1151 1912 1189 meas
1934 1137 2000 1190 ad

415 1228 681 1298 populum
717 1227 1084 1294 incredulum,
1111 1239 1164 1284 et
1205 1239 1599 1301 repugnantem
1635 1231 1733 1282 τ’.»
1769 1229 2000 1284 Eosdem

385 1327 470 1374 «et
505 1321 559 1375 in
586 1321 896 1393 Evangeliis
928 1330 1188 1391 provocat
1221 1322 1306 1376 his
1338 1323 1561 1376 verbis:
1597 1343 1612 1373 ι
1652 1321 1903 1376 Accedite
1933 1322 2000 1377 ad

416 1429 525 1478 me,
554 1406 756 1468 omnes
791 1417 882 1483 qui
950 1415 1214 1468 laboratis
1261 1421 1314 1468 et
1375 1415 1586 1469 onerati
1634 1414 1788 1476 estis,
1821 1421 1875 1468 et
1904 1429 2004 1483 ego

420 1505 662 1558 reficiant
691 1522 786 1559 vos
807 1507 876 1571 73;
905 1526 921 1556 ι
955 1519 1003 1559 ιιι
1035 1523 1176 1574 sa-pe
1209 1507 1346 1560 alias
1387 1507 1660 1560 sitnilihtts
1695 1505 1999 1576 permultis.

422 1597 498 1650 An
538 1597 728 1667 igitur,
757 1599 958 1667 inquit.
1003 1599 1130 1668 lluia
1174 1615 1396 1652 servare
1453 1614 1550 1653 VOS
1583 1613 1689 1651 n0"
1742 1600 1914 1667 Ρθῑηίν
1949 1597 2002 1650 in

416 1689 794 1758 captivitatem
832 1689 992 1758 572
1025 1690 1162 1743 estis
1195 1689 1447 1755 abducti;
1504 1703 1680 1756 neque
1721 1688 1887 1756 hujus
1919 1697 2004 1760 ty-

2100 503 2362 574 προφήτῃ
2395 503 2564 574 φησιν
2611 504 2638 558 ὁ
2675 505 2908 577 Χριστός
2930 522 2946 537 ο
2987 527 3006 558 ι
3039 506 3284 580 Εὑρέθην
3327 513 3434 574 τοῖς
3473 512 3565 580 ἐμέ
3593 513 3660 586 μὴ

2101 594 2378 664 ζητοῦσιν.
2411 596 2697 668 Ἐμφανὴς
2725 597 2994 670 ἐγενόμην
3015 600 3128 662 τοῖς
3158 599 3256 670 ὲμέ
3285 601 3358 670 μὴ
3396 603 3663 673 ἐπερωτῶ-

2103 705 2210 744 σιν.
2237 685 2403 754 Εἷπα,
2422 689 2554 744 Ἰδού
2576 693 2715 762 εἰμι,
2740 691 2820 762 τῷ
2849 690 3018 756 ἔθνει,
3049 693 3100 746 οἳ
3121 693 3219 747 οὐκ
3238 695 3526 762 ἠπίσταντό
3552 713 3660 765 με.»

2102 779 2242 849 Περὶ
2274 780 2329 833 δὲ
2365 781 2476 834 τῶν
2517 781 2789 836 Ἰουδαίων
2823 783 3056 852 ἐπάγειο
3098 801 3118 836 ι
3156 783 3324 854 Ὅλην
3345 785 3442 854 τὴν
3469 785 3666 856 ἡμέραν

2103 869 2409 934 ἐξεπέτασα
2438 872 2538 936 τὰς
2569 873 2759 942 χεῖράς
2794 891 2894 943 μου
2917 873 3058 944 πρὸς
3091 873 3217 926 λαὸν
3245 873 3564 930 ἀπειθοῦντα
3583 877 3670 931 καὶ

2105 961 2476 1029 ἀντιλέγοντα.
2511 981 2533 1015 ι
2578 962 2685 1025 Οὓς
2717 963 2810 1017 καὶ
2838 964 3022 1018 καλῶν
3053 965 3110 1018 ἐν
3137 965 3482 1034 Εὑαγγελίοις
3504 967 3668 1036 ἔλεγε·

2113 1071 2132 1104 ι
2157 1053 2321 1107 Δεῦτε
2351 1055 2489 1125 πρός
2522 1073 2612 1125 με,
2637 1056 2690 1108 οἱ
2747 1057 3051 1120 κοπιῶντες
3104 1058 3200 1110 καὶ
3243 1057 3673 1128 πεφορτισμένοι,

2105 1143 2261 1213 κάγὼ
2289 1143 2591 1199 ἀναπαύσω
2619 1145 2782 1216 ὑμᾶς,
2809 1164 2827 1196 ι
2868 1146 2962 1199 καὶ
2989 1145 3212 1200 τοιαῦτα
3237 1145 3515 1210 πολλάκις.
3543 1146 3673 1200 Ἀλλ’

2105 1237 2213 1307 ἄρα
2251 1236 2325 1307 μὴ
2355 1237 2524 1290 σῶσαί
2558 1253 2682 1308 μου,
2712 1237 2880 1307 φησιν
2903 1279 2918 1302 ,
2950 1238 3328 1306 ἀσθενοῦντος,
3373 1241 3452 1302 είς
3484 1240 3674 1311 αἰχμα-

2105 1328 2307 1382 λωσίαν
2348 1329 2671 1400 ἀπήχθητε;
2719 1329 2814 1384 καὶ
2854 1331 2914 1382 οὐ
2959 1329 3262 1402 δυνήσεσθε
3311 1332 3546 1401 σωθῆναι
3585 1333 3676 1403 τῆς

2109 1424 2318 1476 ἐκείνου
2355 1409 2702 1494 τυραννίδος,
2735 1423 2893 1476 τοῦτο
2924 1422 3060 1493 πρὸς
3100 1423 3229 1486 τοὺς
3281 1423 3414 1476 Θεὸν
3449 1422 3677 1494 βλασφη-

2111 1516 2347 1586 μοῦντας
2382 1517 2454 1578 ὡς
2489 1517 2550 1568 οὐ
2585 1515 2880 1584 δυνηθέντα
2932 1517 3104 1568 σῶσαι
3143 1513 3236 1567 τὸν
3277 1513 3434 1576 λαὸν,
3505 1517 3677 1569 ὁποῖον

2107 1611 2202 1660 καὶ
2229 1610 2256 1660 ὁ
2287 1609 2478 1678 Σωτὴρ
2514 1607 2648 1677 πρὸς
2681 1607 2804 1670 τοὺς
2829 1607 3114 1675 οἰομένους
3157 1605 3324 1658 αὐτὸν
3354 1605 3552 1660 ἄκοντα
3580 1605 3678 1660 πά-

2111 1715 2282 1768 σχειν,
2326 1699 2454 1766 περὶ
2487 1697 2588 1767 τῆς
2616 1697 2726 1750 τῶν
2759 1703 2820 1751 ιε’
2863 1707 2890 1735 ιι
2917 1695 3200 1765 λεγεώνων
3231 1697 3366 1766 φησι
3407 1697 3677 1767 παραστά-

419 1779 650 1836 rannide
709 1781 931 1834 liberari
965 1781 1256 1852 poteritis?
1311 1780 1368 1834 In
1419 1780 1772 1850 blasphemus
1836 1779 2002 1848 igitur

2110 1806 2278 1852 σεως·
2309 1790 2497 1859 ἤγουν,
2529 1787 2718 1860 ἐπειδὴ
2745 1785 2898 1842 εἶπεν
2944 1788 3152 1860 μηδένα
3203 1787 3545 1843 ὑπακοῦσαι
3585 1807 3678 1844 κα-

417 1875 686 1930 atlversns
721 1873 884 1929 Deum
922 1873 1065 1930 istud
1095 1881 1198 1938 est,
1232 1873 1322 1943 qui
1358 1889 1581 1929 servare
1609 1871 1865 1944 populum
1892 1888 2000 1927 non

415 1980 579 2034 posse
607 1964 746 2020 falso
776 1965 1132 2020 arbitrantur.
1165 1965 1338 2032 Quale
1370 1975 1452 2021 est
1483 1972 1534 2018 et
1575 1964 1706 2019 illttd
1739 1965 2004 2018 adversus

415 2071 536 2120 eos,
577 2056 671 2126 qui
707 2055 1046 2111 Salvatorem
1084 2071 1192 2110 non
1230 2067 1428 2126 sponte
1484 2064 1714 2111 tuortem
1763 2055 2004 2110 obivissc

413 2157 700 2219 putarunt,
725 2150 790 2204 de
813 2157 1003 2221 parato
1026 2149 1314 2204 duodecim
1338 2150 1610 2220 legionum
1630 2149 1834 2203 auxilio
1860 2148 1906 2218 ej
1919 2163 2004 2201 us-

415 2239 538 2293 dem
573 2253 900 2308 responsum
931 2239 997 2292 ’9.
1039 2237 1134 2293 Vel
1175 2249 1340 2306 certe,
1384 2239 1513 2309 quia
1552 2239 1760 2294 nullum
1806 2255 2001 2292 vocan-

415 2341 521 2389 tem
550 2332 737 2386 audire
774 2334 951 2400 dixit;
985 2345 1347 2404 praeterquam
1379 2333 1525 2404 quod
1563 2349 1724 2388 aures
1759 2333 1863 2388 sibi
1901 2321 2000 2386 ob-

413 2433 695 2490 turarunt,
738 2427 923 2480 omnia
959 2427 1124 2480 etiam
1160 2425 1214 2480 in
1253 2441 1312 2482 se
1345 2439 1536 2495 praeter
1567 2425 1648 2480 l‘as
1704 2423 2002 2480 admisisse

413 2517 666 2585 indicat;
701 2533 823 2586 quae
857 2527 1039 2572 tamen
1074 2519 1342 2587 patienter
1381 2518 1528 2583 tulit,
1564 2533 1688 2573 cum
1727 2535 1754 2572 a
1797 2533 1856 2574 se
1885 2533 2001 2573 om-

413 2607 549 2662 nino
575 2623 761 2662 areere
791 2609 1095 2678 potuisset;
1133 2598 1194 2661 ιιί
1223 2607 1528 2664 dessiccato
1561 2609 1711 2678 prius
1740 2607 1792 2661 in
1815 2615 2001 2663 trans-

415 2700 556 2754 itum
607 2700 748 2754 mari
777 2699 962 2756 Rubro
989 2718 1004 2769 ;
1031 2710 1090 2755 ut
1119 2699 1545 2755 Jordanelluvio
1581 2717 1592 2765 ;
1623 2709 1682 2754 ut
1713 2701 1878 2755 triutn
1907 2699 2002 2754 dc—

413 2797 582 2865 )tiqttc
615 2793 831 2850 dierum
866 2795 1087 2848 tenebris
1126 2795 1180 2848 in
1212 2793 1450 2866 [Egypto
1483 2795 1696 2864 patuit;
1744 2795 1816 2848 ita
1853 2793 1998 2848 enim

414 2888 582 2944 habet
635 2888 952 2960 Symmachi
995 2889 1408 2959 interpretatio:
1452 2887 1589 2942 Ecce
1636 2889 1996 2956 increpatione

415 2999 534 3041 mea
565 2981 852 3036 desst'ccavi
896 2999 1060 3043 mare,
1103 2981 1203 3050 feci
1233 2982 1421 3053 ﬂuvios
1443 2982 1728 3036 desertum.
1771 2981 1925 3048 Quod
1951 2982 1997 3036 si

415 3071 484 3126 ad
533 3071 716 3126 futura
749 3071 980 3134 referas,
1016 3072 1210 3140 Deum,
1262 3073 1308 3128 si
1349 3072 1500 3136 velit,
1531 3071 1743 3127 efﬁcere
1797 3071 1996 3125 similia

413 3179 582 3234 posse
628 3163 1047 3232 intelligendum
1079 3172 1162 3220 est
1207 3183 1221 3218 :
1279 3163 1518 3219 tenebras
1558 3171 1765 3226 autent,
1797 3170 1851 3217 et
1903 3147 2020 3232 qui.

413 3271 514 3310 cas
541 3255 748 3324 Opt'l‘:'ll.l
772 3263 921 3318 sunt,
943 3255 996 3308 in
1022 3255 1138 3325 ipsa
1165 3271 1347 3310 rerum
1378 3255 1626 3310 omnium
1647 3269 2000 3309 consumma-

417 3350 568 3405 tione
591 3349 917 3418 dissmatum
945 3350 1010 3402 iri
1036 3365 1053 3413 ;
1078 3364 1186 3418 quo
1221 3358 1468 3418 tempore
1511 3365 1609 3403 sua
1641 3348 1838 3418 cuique
1879 3348 2002 3400 vita:

416 3443 563 3502 ratio
610 3457 708 3516 pro
771 3441 982 3494 meritis
1037 3440 1316 3496 reddenda
1370 3449 1474 3496 est.
1531 3441 1672 3504 Quin
1715 3447 1767 3494 et
1825 3437 2001 3507 primo

415 3532 595 3601 ipsius
632 3532 867 3586 adventu
905 3532 1235 3600 iucrepatum
1267 3531 1334 3586 ab
1377 3533 1496 3600 ipso
1523 3546 1670 3583 mare
1692 3529 1988 3600 quievisse,

415 3623 828 3696 invisibilcsque
870 3630 1169 3693 potestates
1199 3622 1320 3692 ejus
1354 3622 1582 3692 imperio
1617 3622 1866 3691 paruisse
1904 3635 2000 3672 uo-

413 3727 533 3770 tum
597 3725 702 3780 est,
775 3716 998 3784 quibus,
1031 3715 1156 3785 quia
1191 3713 1392 3769 ludatis
1415 3713 1792 3782 spectantibus
1853 3711 2000 3766 edita

415 3816 598 3874 erant,
633 3823 756 3862 cum
807 3809 850 3862 si
907 3809 1200 3873 noluisset,
1253 3821 1546 3877 passurum
1592 3821 1697 3857 non
1759 3819 1913 3869 esse;
1948 3815 2001 3856 et

413 3915 603 3970 posse,
638 3901 682 3955 si
714 3899 1005 3964 voluisset,
1037 3886 1288 3968 quamvis
1313 3899 1499 3962 homo,
1530 3897 1716 3952 orbem
1752 3897 1894 3950 hunc
1916 3899 2001 3948 iu-

414 3991 671 4047 l‘erioreut
710 4007 952 4052 servare,
979 3991 1202 4046 eosdem
1226 4004 1336 4044 non
1373 3988 1630 4043 dubitare
1665 3986 1868 4040 decuit.
1898 3985 2000 4040 Nc-

415 4101 525 4154 que
555 4084 840 4139 conversis
871 4081 936 4136 ad
970 4083 1020 4136 id
1063 4090 1298 4144 tantum,
1341 4081 1486 4150 quod
1537 4085 1766 4148 apparet
1799 4077 2000 4139 oculis,

415 4191 541 4230 eum
573 4190 653 4238 sc,
687 4190 797 4228 non
830 4182 1050 4244 propter
1077 4172 1292 4243 egregia
1315 4171 1476 4236 facta,
1497 4171 1590 4225 sed
1619 4177 1839 4238 propter
1861 4169 2003 4222 blas-

381 4285 386 4293 ’
415 4266 666 4338 phemias
685 4267 960 4334 lapidibus
982 4274 1187 4336 petere,
1211 4265 1304 4336 qui
1327 4265 1487 4318 homo
1509 4263 1806 4324 exsistcus,
1831 4260 1998 4315 Deum

417 4375 480 4415 se
506 4359 697 4424 faciat,
759 4349 1136 4429 respondere:
1174 4358 1268 4412 sed
1294 4357 1512 4412 discere
1560 4353 1813 4409 eumdem
1843 4354 2002 4422 plane

2107 1883 2340 1945 λοῦντι,
2371 1881 2646 1935 δείκνυσιν
2665 1881 2740 1944 ὡς
2785 1881 2922 1950 πρὸς
2961 1881 3076 1934 τῶν
3099 1890 3119 1912 °
3155 1879 3230 1950 μὴ
3254 1878 3580 1946 δ’πακοῦσαι,
3613 1879 3676 1934 τὰ

2091 1975 2324 2033 ,πάντων
2346 1973 2695 2044 ἀθεσμὸτατα
2720 1975 2842 2028 κατ’
2863 1975 2886 2026 ἐ
2895 1972 2996 2042 μοῦ
3015 1971 3404 2043 διεπράξασθε.
3424 1971 3532 2024 Καὶ
3554 1971 3677 2042 πρὸς

2105 2065 2281 2119 ταῦτα
2303 2065 2380 2128 δὲ,
2412 2063 2598 2133 φησὶν,
2623 2064 2964 2131 ἀνεξικάκως
2987 2052 3252 2134 ὴνέχθηνξ
3277 2062 3566 2134 δυνάμενος
3582 2081 3680 2136 μη-

2105 2155 2192 2234 δξν
2223 2156 2360 2218 ὅλως
2393 2155 2618 2208 παθεῖν·
2653 2155 2727 2217 ὠς
2764 2153 3002 2224 ἐδήλωσε
3020 2155 3288 2226 πρότερον
3320 2154 3553 2226 Ἐρυθρᾶ
3588 2154 3674 2225 ξη-

2109 2245 2368 2316 ρανθείσα
2394 2245 2529 2319 πρὸς
2555 2245 2805 2302 διάϐασιν
2835 2245 3080 2300 θάλασσα
3107 2263 3120 2278 ·
3156 2247 3253 2300 καὶ
3275 2246 3517 2316 ποταμὸς
3555 2247 3675 2317 ἰορ⁴

2105 2335 2271 2406 δάνης
2288 2354 2300 2365 ο
2328 2337 2423 2391 καὶ
2451 2338 2678 2405 σκότος
2700 2338 2824 2408 τριὴ
2834 2354 2999 2409 μερον
3020 2340 3079 2392 ἐν
3096 2337 3358 2409 Αίγύπτῳ
3378 2337 3672 2408 γενόμενον.

2116 2429 2176 2483 '0
2207 2431 2315 2501 γὰρ
2343 2431 2640 2502 Σύμμαχος
2675 2431 2966 2496 ἐξέδωκενο
2985 2430 3141 2487 Ἰδοὺ
3169 2431 3240 2486 ἐν
3257 2429 3332 2500 τῇ
3355 2430 3674 2500 ἐπιτιμήσει

2101 2540 2220 2592 μου
2247 2523 2514 2592 ἐξῆραν-α
2543 2522 2886 2588 θάλασσαν,
2921 2523 3181 2592 ἐποίησα
3222 2523 3528 2592 ποταμοὺς
3553 2521 3676 2591 ἕρη-

2099 2634 2241 2686 per.
2272 2616 2391 2670 Κᾶν
2422 2617 2514 2671 ἐπὶ
2558 2616 2843 2688 μέλλοντος
2871 2618 2926 2672 δὲ
2957 2617 3136 2689 ληφθῇ
3155 2658 3172 2685 ,
3217 2618 3440 2687 νοητέον
3475 2617 3547 2680 ὡς
3589 2613 3675 2669 τοῦ

2105 2707 2261 2772 Θεοῦ,
2285 2711 2332 2762 εί
2357 2707 2622 2780 βούλοιτο,
2647 2692 2950 2782 δυναμένου
2976 2709 3201 2780 ποιῆσαι
3222 2709 3292 2762 τὰ
3313 2709 3672 2780 παραπλήσια.

2104 2802 2178 2854 Τὸ
2207 2801 2263 2854 δὲ
2297 2805 2520 2869 σκότος
2547 2803 2644 2857 καὶ
2677 2804 3008 2874 ποιήσαντες
3029 2813 3056 2852 ι)
3094 2805 3152 2856 ἐν
3173 2806 3240 2874 τῇ
3275 2802 3550 2874 συντελείᾳ
3577 2800 3676 2854 τῶν

2103 2892 2262 2957 ὅλων,
2321 2894 2380 2946 ὲν
2480 2893 2666 2946 καὶτὸ
2715 2895 2823 2948 πᾶν
2865 2895 3334 2964 ἀφανισθήσεται,
3388 2891 3494 2946 τῶν
3559 2892 3675 2962 βίων

2106 2982 2242 3052 πρὸς
2273 2981 2430 3048 ἀξίαν
2484 2981 2884 3053 εύθυνομένων.
2937 2985 3048 3038 Καὶ
3098 2983 3194 3037 ἐπὶ
3225 2984 3326 3053 τῆς
3369 2982 3588 3053 πρώτης
3625 2981 3676 3034 δὲ

2105 3071 2410 3143 παρουσίας
2439 3073 2840 3142 ἁπειληθεῖσα
2891 3073 3029 3144 πρὸς
3080 3073 3249 3127 αὑτοῦ
3304 3073 3543 3144 ἡσύχασε
3583 3069 3676 3126 θά-

2105 3165 2312 3225 λαττα,
2351 3161 2446 3216 καὶ
2471 3163 2696 3236 ἀόρατοι
2718 3163 2976 3235 δυνάμεις
3001 3147 3156 3230 εἶξαν
3195 3162 3532 3232 ἐπιτάγματι
3561 3161 3675 3214 διω-

2105 3253 2356 3320 κόμεναι.
2389 3253 2568 3323 "Amp
2595 3255 2763 3324 ἐχρῆν
2806 3253 3096 3318 Ἰουδαίους
3121 3253 3389 3324 ὁρῶντας,
3425 3253 3496 3324 μὴ
3523 3253 3673 3322 ἀμφι·

2107 3345 2327 3414 σόητεῖν
2351 3343 2432 3397 ὅτι
2464 3345 2564 3398 οὐκ
2598 3343 2664 3398 ἂν
2690 3343 2915 3410 ἔπαθεν,
2941 3344 3100 3414 εἴπερ
3141 3343 3408 3413 ἠϐούλετο
3426 3361 3438 3376 ·
3490 3343 3580 3397 καὶ
3605 3343 3676 3396 ὅτι

2105 3435 2278 3488 σῶσαι
2303 3435 2528 3488 δύναται
2555 3437 2652 3506 τὴν
2691 3435 2781 3490 ὑπ’
2811 3436 3061 3507 οὐρανὸν,
3092 3439 3140 3490 εἰ
3185 3438 3282 3490 καὶ
3337 3435 3556 3504 γέγονεν
3591 3436 3675 3488 ἆν-

2106 3529 2344 3599 θρωπος·
2367 3530 2459 3582 καὶ
2484 3529 2558 3601 μὴ
2584 3531 2644 3582 τὸ
2662 3531 2990 3600 φαινόμενον
3009 3529 3255 3603 ὁρῶντας
3285 3531 3488 3598 λέγειν,
3516 3547 3532 3579 ι
3557 3526 3676 3597 Περὶ

2058 3617 2075 3629 ’
2104 3619 2265 3672 καλοί
2294 3619 2456 3689 ἔργου
2485 3621 2546 3672 οὐ
2577 3620 2874 3692 λιθάζομέν
2902 3638 2982 3687 σε,
3009 3621 3144 3675 ἀλλά
3169 3623 3300 3690 περὶ
3327 3619 3674 3692 βλασφημίας.

2103 3713 2184 3764 ὅτι
2210 3713 2272 3764 σὺ
2305 3712 2588 3782 ἄνθρωπος
2613 3709 2709 3778 ὢν,
2744 3715 2920 3776 ποιεῖς
2956 3713 3183 3767 σεαυτὸν
3216 3713 3384 3766 Θεὸν·
3415 3732 3432 3763 ι
3458 3712 3570 3764 δέον
3588 3725 3676 3778 μαρ

2105 3803 2236 3866 θεῖν,
2269 3802 2344 3867 ὡς
2378 3805 2543 3867 αὐτὸς
2573 3806 2600 3857 ὁ
2627 3803 2804 3857 λαλῶν
2835 3805 3086 3876 πάρειμι,
3115 3805 3225 3858 ὁτά
3249 3803 3418 3858 πάλαι
3456 3803 3678 3870 θαυματ-

2103 3897 2400 3964 ουργήσας,
2431 3879 2466 3948 δι
2513 3894 2662 3965 δηλοῖ
2713 3896 2804 3949 καὶ
2857 3895 3022 3948 Δαϐὶδ
3049 3895 3222 3964 λέγων
3243 3911 3257 3925 ·
3298 3913 3316 3946 ι
3348 3894 3413 3947 Τί
3441 3889 3551 3944 ἐστί
3579 3906 3671 3951 σοι,

2105 3983 2370 4048 θάλασσα,
2404 3983 2484 4036 ὅτι
2514 3983 2753 4052 ἔφυγες;
2789 3986 2880 4037 καὶ
2904 3985 2992 4050 σὺ,
3050 3983 3318 4054 Ἰορδάνη.
3362 3984 3442 4038 ὅτι
3484 3978 3674 4049 ἀνεχώ-

2106 4093 2280 4148 ρησας
2303 4075 2384 4139 είς
2414 4075 2480 4129 τὰ
2513 4075 2722 4142 ὀπίσω;
2753 4095 2770 4126 ι
2803 4077 2896 4130 καὶ
2914 4075 3098 4130 πάλιν·
3131 4095 3149 4128 ι
3181 4076 3394 4130 Ἰδοσάν
3418 4091 3475 4127 σε
3501 4072 3670 4132 ὕδατα,

2101 4167 2130 4218 ὁ
2159 4167 2310 4230 Θεὸς,
2349 4177 2376 4216 ιι
2413 4167 2597 4222 ἴδοσάν
2634 4184 2692 4220 σε
2749 4163 2934 4233 ὕδατα,
2973 4168 3068 4221 καὶ
3118 4167 3491 4238 ἐφοϐήθησαν.
3527 4184 3544 4217 ι
3577 4163 3672 4216 Καὶ

2105 4259 2233 4326 περὶ
2255 4257 2347 4310 τοῦ
2391 4258 2662 4328 Ἰορδάνου
2696 4259 2856 4314 πάλιν
2883 4276 2894 4288 ·
2934 4279 2953 4310 ι
2993 4260 3064 4313 Σὺ
3095 4259 3370 4332 ἐξήρανας
3411 4255 3671 4326 ποταμοὺς

2116 4349 2320 4418 Ἦθὰμ,
2359 4368 2378 4402 ι
2406 4350 2548 4404 τοῦτ’
2589 4351 2704 4404 ἐστι
2736 4353 2862 4415 τοὺς
2892 4353 2949 4406 ἐν
2975 4352 3056 4424 τῷ
3088 4354 3248 4422 νότῳ.
3283 4354 3346 4406 Εἰ
3377 4352 3448 4422 μὴ
3473 4351 3574 4420 ἄρα
3597 4363 3670 4409 τις

415 4467 562 4518 esse,
597 4451 688 4522 qui
727 4467 970 4520 prmsetts
1010 4451 1138 4505 olim
1163 4465 1226 4504 ea
1253 4448 1418 4504 etiam
1445 4446 1711 4502 miracula
1733 4450 1998 4515 patraret,

2107 4443 2200 4498 καὶ
2227 4441 2314 4496 διὰ
2357 4443 2561 4496 τούτων
2593 4443 2919 4498 θάλασσαν
2966 4445 3064 4515 μὲν
3112 4443 3570 4512 ξηραινομένην,
3614 4437 3673 4490 τὰ

413 4545 482 4600 de
505 4543 707 4614 quibus
737 4544 808 4596 ita
833 4543 974 4612 apud
1001 4542 1258 4596 Davidem
1289 4541 1520 4610 legimus
1543 4557 1586 4592 ει
1613 4537 1752 4604 Quid
1772 4536 2002 4598 esttibi,

413 4653 587 4702 mare,
621 4636 766 4706 quod
792 4635 1014 4705 fugisti?
1036 4633 1100 4688 Et
1123 4641 1203 4698 tu,
1240 4631 1667 4701 Jordanis,quia
1703 4643 2006 4684 conversus

413 4745 476 4785 cs
531 4741 836 4786 retrorsum
867 4727 950 4780 8°?
985 4748 1003 4779 ι
1045 4727 1252 4781 Deinde
1289 4742 1302 4778 :
1333 4743 1352 4777 ι
1421 4722 1690 4777 Viderunt
1740 4730 1795 4777 te
1825 4736 2004 4791 aquae.

414 4821 580 4886 Deus,
606 4821 856 4876 viderunt
888 4828 942 4874 te
961 4835 1138 4888 aquae.
1167 4829 1220 4873 et
1245 4819 1547 4872 timuerunt
1567 4815 1754 4871 ".t-Et
1783 4829 2006 4870 rursum

413 4911 484 4964 de
517 4907 787 4964 Jorllane:
827 4929 845 4961 ι
883 4907 965 4962 Tu
1019 4909 1244 4963 elevasti
1297 4907 1492 4960 ﬂuvios
1539 4906 1756 4960 Ethami
1785 4907 1854 4970 ⁸³,
1889 4923 1906 4956 ι
1947 4905 1998 4958 id

413 5005 519 5064 est,
563 5001 858 5055 australes.
889 4999 1004 5054 Nisi
1029 4999 1072 5054 si
1108 4999 1232 5068 quis
1259 4997 1422 5050 etiam
1449 5012 1542 5067 per
1573 5012 1718 5049 mare
1741 4995 2001 5049 dessicca-

419 5101 550 5156 tum,
586 5091 875 5160 impiarum
905 5094 1144 5160 gentium
1181 5091 1586 5145 multitudinem
1629 5090 1776 5144 dicat
1805 5090 2000 5143 aduot-

2107 4537 2285 4609 πλήθη
2313 4538 2420 4592 τῶν
2441 4538 2654 4592 ἀσεϐῶν
2683 4539 2850 4592 ἐθνῶν
2872 4539 3208 4594 αἰνίττεσθαι
3249 4541 3490 4610 φήσειεν,
3508 4550 3672 4589 ποτα-

2099 4631 2258 4700 μοὺς
2286 4629 2344 4684 δὲ
2361 4631 2644 4700 ἐρήμους,
2659 4633 2788 4695 τοὺς
2804 4633 2972 4686 πάλαι
2999 4632 3209 4686 κατασύ
3220 4649 3412 4702 ροντας
3437 4633 3512 4694 είς
3532 4627 3668 4682 εἰδω-

2105 4724 2422 4794 λολατρείαν
2444 4725 2636 4795 λόγους
2664 4743 2679 4758 ·
2709 4727 2924 4796 ἰχθύας
2949 4726 3006 4780 δὲ
3029 4729 3238 4780 τούτων
3263 4723 3665 4794 ἀπολλυμένους.

2113 4818 2214 4882 τὰς
2263 4817 2539 4888 ἑρπούσας
2591 4820 2650 4872 ἐν
2700 4819 2820 4881 ταῖς
2853 4817 2963 4871 τῶν
2993 4817 3168 4872 ἀθέων
3211 4817 3408 4894 ψυχαῖς
3434 4814 3667 4882 δυνάμεις

2111 4909 2376 4980 πονηρὰς,
2404 4909 2534 4962 ἔνθα
2557 4909 2650 4962 καὶ
2679 4910 2706 4964 ὁ
2731 4909 2949 4981 δράκων
2971 4907 3270 4980 διατρίϐειν
3299 4907 3512 4980 ἐρῤἐθη,
3543 4901 3676 4956 κατὰ..

2107 5001 2189 5068 τὸ,
2224 5021 2242 5054 ι
2281 5002 2432 5072 Αὕτη
2459 5004 2492 5073 ἡ
2524 5003 2767 5078 θάλασσα
2797 5004 2830 5075 ἠ
2885 5001 3098 5074 μεγάλη
3155 5003 3252 5058 καὶ
3289 5001 3608 5073 εὐρύχωρος,
3641 5010 3655 5043 ³

2111 5093 2205 5146 καὶ
2228 5094 2299 5147 τὰ
2321 5095 2458 5164 μετὰ
2481 5093 2671 5148 ταῦτα.
3014 5115 3018 5118 ·

418 5184 560 5244 brari
587 5201 600 5251 ;
632 5199 730 5254 per
747 5183 934 5252 ﬂuvios
962 5194 1142 5239 autem
1166 5185 1424 5248 desertos,
1456 5185 1706 5242 nationes
1733 5200 1848 5246 eas,
1921 5184 2121 5252 quibus
2189 5184 2258 5240 ad
2312 5187 2578 5242 idolorum
2645 5189 2850 5261 cultum
2891 5187 3110 5244 adducti
3142 5197 3307 5250 sunt;
3343 5199 3436 5256 per
3510 5179 3660 5247 pisces

415 5289 548 5331 vero
595 5283 910 5345 pereuntes,
959 5277 1130 5330 malas
1163 5285 1488 5346 potestates,
1531 5292 1654 5344 qua:
1681 5285 1910 5346 serpunt
1943 5275 1996 5329 in
2038 5278 2238 5332 animis
2271 5278 2594 5348 athe-orum:
2630 5279 2720 5334 ubi
2758 5289 2810 5332 et
2856 5279 3024 5336 draco
3099 5277 3260 5350 573
3331 5276 3445 5346 ipse
3485 5270 3659 5341 desere

385 5371 598 5428 ‘dictus
628 5378 712 5424 est
737 5365 925 5436 ;juxta
957 5367 1126 5422 illud:
1159 5387 1176 5420 ι
1210 5367 1324 5422 Hoc
1347 5383 1494 5422 mare
1519 5382 1774 5438 magnum
1800 5377 1853 5422 et
1872 5369 2176 5437 spatiosum
2207 5370 2309 5435 83,:
2349 5378 2402 5424 et
2427 5387 2548 5441 quia:
2577 5371 2856 5443 deinceps.

485 5482 536 5516 "
567 5482 703 5540 Luc.
751 5499 862 5544 xw,
906 5480 972 5536 16
1029 5497 1182 5551 seqq.
1259 5483 1304 5513 ⁷⁸
1347 5480 1447 5538 lsa.
1474 5499 1598 5539 va.
1635 5483 1688 5536 l.

415 5569 562 5622 cxut,
603 5555 658 5610 5.
734 5554 778 5588 ³⁸
812 5553 956 5610 Psal.
993 5567 1182 5623 Lxxvt,
1207 5553 1294 5606 l7.

1787 5482 1832 5514 Ἠ
1869 5481 1940 5514 HJ

1406 5498 1447 5534 ιι.
1474 5499 1598 5539 va.
1635 5483 1688 5536 l.
1787 5482 1832 5514 ⁷⁷
1869 5481 2002 5536 ibid.
2040 5481 2093 5534 Ξ.
2229 5484 2278 5517 ⁷⁸
2309 5483 2500 5538 Matth.
2528 5501 2558 5538 χ

1406 5554 1452 5584 ⁸⁸
1493 5552 1636 5608 Psal.
1670 5568 1862 5613 nam.
1895 5552 1981 5605 15.
2058 5552 2106 5583 ⁸³
2139 5552 2285 5609 Psal.
2323 5571 2440 5618 cm,
2471 5557 2561 5610 ‘25.

2229 5484 2278 5517 ⁷⁸
2309 5483 2500 5538 Matth.
2528 5501 2606 5552 xl,
2630 5484 2720 5540 ‘28.
2827 5485 2871 5516 ⁷⁸³
2903 5481 3093 5538 Matth.
3126 5487 3274 5550 ixvt,
3303 5479 3392 5536 55.
3463 5474 3508 5508 ’θ
3525 5468 3646 5528 Psal.

1689 5643 1928 5699 VARle
1971 5643 2374 5704 LECTlllNES.

490 5745 518 5780 ³³
545 5739 630 5796 τσ.
660 5740 732 5810 ιβ.
813 5749 837 5774 ο
861 5757 948 5808 γρ,
979 5739 1080 5812 τῷ.
1132 5751 1160 5790 P
1191 5757 1280 5807 γρ.
1315 5740 1544 5808 ποιήσας
1571 5735 1722 5793 αὑτό.
1782 5747 1806 5787 σι
1837 5755 1919 5808 Ῑγπ.
1941 5738 1988 5790 εἰ
2017 5737 2085 5792 εἰ.
