3916 6424
175 449 181 454 ,
201 379 324 444 248')

199 591 301 652 τοῖς
321 589 348 642 ό
367 585 518 654 λόγος
567 582 786 638 ἀπειλεῖ
810 584 1096 650 σκότους,
1135 585 1196 638 ού
1227 587 1404 655 φωτὸς
1439 589 1620 658 πλήρη
1659 588 1756 659 θή-

202 697 300 736 σειν
319 679 404 733 τὸν
430 675 656 748 οὐρανόν
676 692 692 706 ·
724 677 904 741 εἴποις
931 676 976 730 δ’
1007 677 1072 731 ἂν
1103 677 1262 730 πάλιν
1283 677 1612 733 θάλασσαν
1634 679 1754 750 μὲν,

197 769 284 840 τὴν
307 768 409 823 τῶν
453 765 723 824 Ἰουδαίων
743 767 1147 840 πολυπληθεξαν
1169 784 1184 800 ο
1215 771 1494 838 ποταμοὺς
1521 769 1600 834 δὲ,
1631 772 1758 834 τοὺς

199 861 438 934 πρότερον
489 860 674 922 αὐτοῖς
718 859 916 930 λόγους
943 861 1388 932 χορηγουμένους
1407 877 1422 892 ·
1453 862 1642 932 ἰχθύας
1675 863 1754 926 δὲ,

198 953 310 1016 τοὺς
343 951 818 1024 μαθητευομένους
841 954 964 1017 ταῖς
999 951 1322 1015 Ἰουδαῖκαῖς
1346 953 1714 1023 παραδόσεσιν
1739 969 1755 985 ·

197 1034 263 1096 ὧν
289 1041 350 1110 δὴ
403 1039 654 1110 προλέγει
701 1041 922 1096 πάντων
986 1039 1314 1112 ἀφανισμὸν,
1363 1042 1459 1094 καὶ
1512 1042 1572 1094 τὴ
1622 1042 1759 1096 πᾶσι

197 1134 401 1198 σκότος
457 1132 820 1198 ἐπιπολάσαν,
877 1133 978 1188 οὐκ
1037 1133 1298 1201 οὐρανοῦ
1343 1133 1756 1199 σκοτωθέντος,

197 1223 297 1279 ἀλλ’
324 1223 501 1287 αὐτοῖς
533 1224 762 1288 ἐκείνοις
815 1223 1154 1279 ἐπιπολάσαν
1191 1233 1212 1261 ι·
1238 1224 1423 1294 ὥσπερ
1457 1224 1759 1288 σκοτώδους

196 1311 552 1382 καλύμματος.
591 1314 683 1366 Διὸ
731 1314 791 1367 οὐ
827 1314 1076 1386 ποιήσειν
1115 1313 1241 1384 ἔφη,
1273 1314 1388 1368 ἀλλ’
1425 1313 1678 1368 ἔνδυσιν·
1713 1325 1759 1380 ι’,

196 1405 580 1476 ὑποδραμόντος
603 1405 804 1477 δηλαδὴ
821 1405 928 1460 τοῦ
945 1409 1207 1471 σκότους
1227 1407 1368 1461 κατὰ
1387 1406 1496 1460 τῶν
1524 1407 1681 1470 ἀναξέ
1686 1425 1761 1460 ων

195 1493 372 1576 φωτός.
419 1495 474 1548 '0
503 1494 558 1548 δέ
581 1494 834 1563 σάκκος,
868 1496 1098 1559 πένθους
1130 1496 1425 1566 σύμϐολον,
1462 1498 1553 1551 διὰ
1575 1498 1636 1551 τὸ
1669 1499 1761 1551 καὶ

195 1586 280 1648 τὰς
300 1585 584 1655 οὐρανίους
613 1586 873 1657 δυνάμεις
899 1587 1112 1642 πενθεῖν
1131 1589 1310 1642 αὐτῶν
1341 1589 1439 1660 τὴν
1464 1587 1758 1642 ἀπώλειαν.

195 1677 485 1748 Δυνάμενος
530 1677 646 1744 οῦν,
695 1681 848 1750 φησὶ,
887 1679 961 1750 μὴ
999 1680 1213 1746 παθεῖν,
1261 1682 1324 1734 τὸ
1355 1682 1514 1750 σῶμά
1556 1698 1658 1751 μου
1686 1683 1764 1750 τῷ

196 1769 339 1824 πάθει
373 1770 688 1839 παρέδωκα.
723 1771 891 1824 Τοῦτο
925 1771 1032 1840 γὰρ
1063 1773 1237 1825 ἐδόκει
1285 1790 1386 1842 μου
1414 1772 1492 1841 τῷ
1536 1773 1758 1843 Πατέρι.
1790 1832 1793 1836 ,

1311 373 1852 438 connexum-1
1889 379 1968 439 IN
2014 338 2306 442 ISAIAM.

260 495 466 557 Τούτοις
493 489 550 546 δὲ
583 491 695 554 τοῖς
726 489 835 560 τῆς
877 491 1178 560 θαλάττης
1211 492 1418 561 ἰχθύσι
1453 495 1546 547 καὶ
1585 495 1753 565 έρπε-
1783 500 1830 558 Α

3297 391 3441 454 2490

1930 493 2069 552 Istos
2095 512 2266 568 porro
2284 499 2452 568 pisces
2488 502 2724 556 marinos
2753 509 2807 558 et
2841 513 3121 576 serpentes
3155 521 3262 560 non
3298 507 3440 570 luce,

1859 587 1952 642 sed
1983 587 2225 644 tenebris
2265 589 2464 645 coelum
2517 592 2814 651 referturos
2848 610 2971 651 esse
3011 599 3186 652 oratio
3222 597 3445 650 minita-

1859 689 1966 734 tur.
1995 681 2274 752 lntelligas
2301 698 2432 738 vero
2455 692 2510 738 et
2539 685 2705 739 maris
2733 686 2952 756 quidem
2981 687 3226 752 nomine,
3250 687 3442 755 ingen-

1857 777 1968 825 tem
2019 769 2330 826 Iudaeorum
2367 773 2769 828 multitudinem
2797 817 2813 841 ,
2865 791 2962 846 per
2993 775 3190 831 ﬂuvios
3238 787 3444 838 autem,

1857 877 1953 917 eos
1993 863 2165 932 ipsos,
2207 864 2299 934 qui
2344 864 2497 934 prius
2546 867 2655 922 illis
2690 867 2934 923 rationes
2982 867 3442 938 suppeditarunt;

1859 967 1956 1022 per
1982 953 2165 1022 pisces
2200 954 2456 1024 denique,
2484 969 2579 1011 eos
2607 957 2700 1026 qui
2747 955 3065 1012 Iudaeorum
3115 957 3444 1013 traditiones

1860 1041 2182 1098 docentibus
2208 1043 2331 1099 aliis
2367 1044 2714 1099 didicerunt:
2740 1061 2879 1116 quos
2905 1061 3096 1103 omnes
3122 1047 3446 1102 interiturus

1861 1133 2130 1204 praedicit,
2157 1133 2401 1204 iureque,
2438 1143 2496 1188 ut
2543 1135 2768 1189 tenebra:
2799 1137 2854 1190 in
2887 1153 3077 1194 omnes
3105 1153 3210 1193 non
3243 1139 3446 1193 obscu-

1843 1233 1982 1300 rato
2017 1227 2240 1294 quidem
2297 1227 2450 1291 ca’lo,
2487 1229 2582 1282 sed
2619 1228 2782 1282 veluti
2834 1231 3126 1285 tenebroso
3176 1230 3449 1286 velamine

1861 1319 2046 1388 aliquo
2096 1319 2316 1388 ohjecto
2347 1317 2748 1374 dill‘undautnr.
2779 1319 2957 1390 Atque
2997 1321 3124 1376 inde
3157 1330 3264 1388 est,
3299 1322 3446 1392 quod

1864 1425 1970 1464 non
2006 1410 2282 1466 facturum
2309 1426 2392 1477 se,
2421 1410 2516 1466 sed
2549 1410 2862 1464 induturum
2891 1410 3048 1474 dixit,
3079 1422 3136 1466 ut
3165 1428 3260 1468 eos
3291 1412 3445 1466 vide-

1865 1501 2009 1563 licet,
2041 1503 2135 1572 qui
2168 1502 2289 1556 luce
2331 1502 2538 1570 indigni
2582 1509 2732 1567 sunt,
2773 1501 2995 1557 tenebrae
3040 1503 3319 1560 invadant.
3349 1501 3446 1558 Est

1863 1607 1992 1647 vero
2019 1609 2205 1648 saccus
2253 1594 2434 1646 luctus
2472 1593 2735 1646 indicium
2788 1602 2842 1648 et
2883 1595 3120 1664 signum,
3155 1603 3213 1647 ut
3257 1603 3445 1668 eorum

1865 1681 2144 1735 interitum
2189 1682 2336 1751 ipsas
2378 1683 2540 1736 etiam
2574 1683 2840 1738 ccelorum
2873 1688 3102 1738 virtutes
3145 1685 3328 1754 lugere
3370 1683 3448 1737 si-

1866 1768 2178 1838 gniﬁcetur.
2211 1768 2346 1824 Cum
2404 1785 2619 1837 possem
2675 1771 2841 1841 igitur
2873 1787 2980 1825 non
3029 1773 3194 1834 mori,
3245 1772 3444 1839 inquit,

195 1865 274 1916 Διὸ
314 1863 404 1916 καὶ
455 1861 936 1936 κατηγορούμενος
993 1867 1268 1929 ἐσιώπων,
1321 1867 1562 1934 ὑπήκοος
1614 1865 1762 1936 αὐτῷ

1868 1875 2069 1928 corpus
2122 1859 2239 1929 ipse
2277 1875 2456 1914 meum
2495 1861 2658 1914 morti
2710 1860 2934 1916 tradidi.
2995 1860 3070 1916 lta
3101 1863 3246 1916 enim
3301 1860 3447 1913 Patri

199 1955 340 2024 μέχρι
363 1953 595 2006 θανάτου
655 1955 957 2025 γινόμενος,
1009 1955 1164 2019 εἰδὼς
1193 1957 1269 2019 ὡς
1307 1955 1460 2009 ἔσται
1499 1956 1588 2024 μοε
1631 1973 1758 2008 ποτε

195 2045 366 2116 καιρὸς
393 2045 516 2098 καθ’
550 2045 609 2099 ὃν
657 2047 758 2100 οὐκ
808 2046 888 2099 ἔτι
921 2048 1218 2117 σιγήσομαι
1259 2045 1554 2116 γλῶσσαν
1579 2046 1762 2100 λαϐὼν

195 2137 328 2207 παρὰ
357 2135 451 2189 τοῦ
482 2136 732 2209 Πατέρος
789 2141 848 2191 ἐν
899 2137 1077 2208 καιρῷ
1099 2138 1301 2208 λέγειν
1348 2140 1720 2210 ἐπισταμένην
1745 2155 1758 2168 °

192 2231 270 2284 ὅτε
295 2247 394 2300 μου
426 2229 712 2300 πανταχοῦ
731 2231 832 2302 τῆς
859 2231 1188 2303 Ἑκκλησίας
1219 2231 1642 2302 καθιδρυμένης,
1675 2231 1762 2284 διὰ

192 2319 286 2372 τῶν
333 2318 478 2388 ἐμῶν
549 2319 816 2391 βοήσομαι
869 2321 1126 2392 μαθητῶν
1188 2323 1356 2376 πᾶσιν
1409 2321 1618 2375 ἔθνεσιν
1670 2321 1762 2373 τὸν

191 2410 411 2479 ἐμαυτοῦ
454 2410 748 2482 γνωρίζων
785 2412 1025 2484 Πατέρα,
1057 2413 1220 2466 αὐτοῦ
1269 2431 1359 2484 μοι
1402 2413 1760 2484 χαριζομένου

191 2503 274 2555 καὶ
299 2497 414 2556 ὦτα
434 2503 805 2572 ἀκουστικὰ,
842 2505 943 2575 τῆς
969 2507 1109 2576 ἐμῆς
1140 2506 1387 2560 συνιέντα
1416 2505 1762 2568 διδασκαλίας

189 2593 269 2646 τὶν
297 2595 432 2662 νοῦν,
468 2595 619 2650 κατὰ
678 2597 758 2661 τὸ,
803 2616 821 2648 ι
849 2598 962 2650 Καὶ
1011 2597 1224 2651 ἔσονται
1267 2599 1470 2662 πάντες
1520 2597 1760 2651 διδακτοὶ

190 2683 332 2753 Θεοῦ,
369 2704 386 2738 ι
423 2686 579 2756 ἅπερ
636 2688 766 2755 ταῖς
790 2689 1060 2756 ἑωθινοῖς
1083 2689 1262 2758 ὥραις
1294 2689 1756 2760 προσεδρεύοντα,

189 2777 549 2846 παιδεύσεως
570 2779 818 2850 τῆςέμῆς
847 2781 1239 2850 μεταλήψεται.
1269 2782 1326 2834 '0
1355 2782 1412 2835 δὲ
1441 2783 1756 2853 Σύμμαχος,

191 2869 392 2936 Ἔθηκέ
426 2887 532 2940 μοι
568 2871 720 2937 πρωῒ
741 2872 898 2940 Τύρῳ
929 2873 1092 2942 φησίν
1123 2875 1165 2927 ‘.
1199 2873 1256 2926 Ὀ
1287 2873 1346 2926 δὲ
1381 2873 1635 2938 Ἀκύλας,
1665 2875 1761 2928 Ἐγ

187 2961 324 3028 πρωῒ
341 2959 614 3032 ἐξεγερεῖ
625 2979 728 3032 μοι
779 2963 956 3016 ὠτίον
1002 2963 1111 3018 τοῦ
1163 2965 1424 3020 ἀκούειν.
1464 2959 1624 3020 Οὗτοι
1652 2966 1761 3036 γάρ

191 3069 269 3124 μοι
315 3053 428 3108 ἀνθ’
478 3053 644 3138 ὑμῶν
703 3053 812 3108 τῶν
873 3055 950 3128 μὴ
1015 3059 1364 3111 ἀκουσάντων
1414 3060 1758 3128 γενήσονται,

189 3145 654 3218 προσεδρευόντων
693 3147 782 3200 ἀεὶ
805 3151 922 3212 ταῖς
963 3149 1056 3202 τοῦ
1083 3149 1249 3220 νόμου
1285 3151 1483 3212 σκιαῖς.
1530 3151 1762 3204 Ἐκεῖνοι

189 3235 377 3300 δὲτοὺς
400 3236 618 3302 τύπους
672 3239 750 3303 εἰς
807 3238 1069 3310 ἀλήθειαν
1113 3243 1490 3310 πνευματικῆς
1531 3241 1762 3311 θεωρίας

189 3327 498 3394 ἐκδέξονται,
579 3330 734 3402 ὑμῶν
805 3333 1276 3402 παρακουσάντων
1325 3350 1426 3403 μου
1482 3334 1759 3401 λέγοντος·

181 3437 212 3483 ,ι
231 3419 512 3492 Ἐρευνᾶτε
553 3422 654 3486 τὰς
672 3422 920 3494 Γραφὰς,
946 3424 1028 3476 ὅτι
1059 3425 1115 3476 ἐν
1138 3424 1330 3488 αὐταῖς
1363 3425 1572 3477 δοκεῖτε
1623 3425 1766 3495 ζωὴν

190 3510 389 3566 αἰώνιον
419 3513 510 3583 ἔχε
527 3531 601 3574 ιν,
639 3515 734 3567 καὶ
768 3514 928 3568 αὐταί
975 3516 1112 3568 εἰσιν
1145 3517 1203 3570 αἱ
1243 3517 1617 3587 μαρτυροῦσαι
1640 3517 1768 3586 περὶ

188 3603 330 3672 ἐμοῦ,
352 3606 448 3660 καὶ¹
473 3606 545 3658 οὐ
577 3605 759 3660 θέλετε
789 3607 964 3661 ἐλθεῖν
984 3609 1120 3680 πρός
1149 3626 1238 3678 με,
1271 3611 1355 3662 ἵνα
1375 3610 1517 3681 ζωὴν
1546 3610 1760 3681 ἔχητε.»

187 3691 377 3762 Γράφει
421 3693 478 3748 δὲ
532 3695 628 3748 καὶ
691 3695 720 3746 ὀ
761 3694 927 3760 ’θεῖος
989 3697 1332 3762 Ἀπόστολος,
1375 3718 1394 3750 ι
1440 3700 1564 3753 Ὅτι
1602 3699 1768 3768 ἡνίκα

188 3785 623 3858 ἀναγινώσκηται
673 3787 897 3859 Μωσῆς,
945 3789 1210 3862 κάλυμμα
1264 3791 1358 3844 ἐπὶ
1403 3792 1502 3863 τὴν
1536 3791 1765 3862 καρδίαν

189 3883 349 3931 αὐτῶν
379 3883 588 3934 κεῖται.
619 3897 640 3932 ι

248 4137 400 4204 Τινὲς
454 4139 516 4194 δὲ
565 4138 642 4204 ὡς
667 4139 776 4194 ἀπὺ
823 4140 931 4194 τῶν
999 4140 1256 4214 μαθητῶν
1311 4142 1562 4214 εἰρῆσθαι
1609 4143 1766 4196 τοῦτό

188 4245 328 4297 φασι,
345 4231 662 4284 λαλούντων
687 4232 902 4302 ἑκάστῳ
917 4233 984 4286 τὰ
1007 4235 1292 4304 πρόσφορα
1319 4236 1411 4288 καὶ
1435 4235 1763 4306 κατάλληλα·

187 4318 230 4374 οἱ
257 4321 342 4374 καὶ
365 4321 692 4388 τεθεῖσθαι,
725 4324 910 4392 φασὶν,
961 4325 1202 4391 ἑαυτοῖς
1227 4335 1254 4362 ιι
1285 4327 1385 4380 καὶ
1423 4329 1591 4395 πρωῒ,
1622 4327 1766 4381 τοῦτ’

187 4409 321 4486 ἐστιν
349 4417 430 4478 εἰς
453 4414 585 4470 νοῦν
615 4415 711 4468 καὶ
765 4418 992 4490 καρδίαν
1040 4419 1256 4491 ἡμέρας
1305 4420 1642 4492 διαύγασμα,
1673 4422 1768 4476 καὶ

186 4507 366 4575 νοητοῦ
397 4509 582 4577 φωτὸς
614 4507 902 4578 ἐλλαμψιν.
941 4511 1052 4564 Καὶ
1079 4513 1290 4576 Παῦλος
1316 4513 1424 4588 γὰρ
1455 4514 1768 4584 εὐχαριστεῖ

181 4594 251 4665 τῷ
263 4596 380 4668 Θεῷ
393 4597 594 4666 λέγων,
613 4599 694 4652 ὅτι
712 4619 730 4650 ι
745 4599 1047 4672 Ἐρῤύσατο
1061 4603 1209 4672 ἡμᾶς
1225 4605 1291 4656 ἐκ
1304 4603 1402 4670 τῆς
1415 4603 1534 4668 ὲξου
1545 4605 1661 4670 σίας
1675 4605 1765 4658 τοῦ

181 4687 423 4752 σκότους,
456 4690 554 4743 καὶ
587 4690 922 4760 μετέστησεν
954 4692 1143 4763 εἰςτὴν
1177 4691 1455 4762 βασιλείαν
1497 4694 1591 4746 τοῦ
1625 4694 1756 4748 Υἰοῦ

179 4775 271 4846 τῆς
299 4777 524 4850 ἀγάπης
545 4779 710 4833 αὑτοῦ
734 4783 790 4834 ἐν
809 4780 886 4852 τῷ
912 4783 1070 4852 φωτί.
1103 4802 1122 4836 ι
1147 4785 1302 4846 Τινὲς
1325 4787 1417 4838 καὶ
1437 4786 1512 4848 ὡς
1545 4787 1652 4839 ἀπὸ
1672 4785 1764 4840 τοῦ

183 4862 459 4940 προφήτου
484 4871 712 4948 δυνατὸν
733 4873 792 4926 τὸ
815 4875 987 4946 παρὸν
1039 4874 1252 4945 ἔφασαν
1285 4877 1536 4948 λελέχθαι
1577 4879 1760 4950 ῥητόν.

187 4956 696 5033 Εὐαγγελισαμένου
735 4964 844 5037 γὰρ
871 4965 1038 5019 αὑτοῦ
1061 4967 1160 5038 τὴν
1199 4968 1382 5022 αὐτῶν
1420 4987 1502 5034 τε,
1535 4969 1628 5022 καὶ
1661 4971 1770 5024 τῶν

185 5045 346 5103 ἐθνῶν
377 5053 678 5124 σωτηρίαν,
725 5055 819 5108 καὶ
871 5055 964 5108 τοῦ
1012 5055 1265 5126 Σωτῆρος
1295 5055 1393 5126 τὴν
1431 5056 1638 5124 ἄφιξιν,
1671 5059 1765 5110 καὶ

188 5139 271 5192 τοῦ
306 5143 518 5215 κόσμου
549 5145 646 5214 τὴν
676 5147 1009 5211 συντέλειαν,
1056 5147 1220 5202 πόθεν
1269 5147 1444 5218 τούτῳ
1472 5149 1647 5202 ταῦτα
1672 5147 1762 5200 λέ-

185 5246 294 5297 γειν
320 5243 348 5272 τ
374 5236 618 5307 ἠπόρουν
649 5237 768 5291 καθ’
793 5238 1039 5319 ἑαυτούς.
1075 5238 1134 5292 '0
1153 5239 1210 5293 δέ
1243 5255 1428 5310 φησιν’
1447 5237 1565 5293 Οὐκ
1582 5238 1712 5308 ἐμὸς
1727 5239 1765 5292 ’ὅ

187 5319 356 5392 λόγος,
379 5331 408 5380 ὁ
441 5330 696 5402 χορηγῶν
751 5331 808 5386 δὲ
838 5333 1093 5405 Χριστὸς,
1128 5332 1186 5398 δς
1217 5335 1329 5397 τοῖς
1360 5333 1554 5387 ἑαυτοῦ
1587 5334 1770 5388 δίδωσι

189 5418 373 5488 καιρόν
395 5437 455 5474 τε
476 5423 666 5492 λόγου
683 5423 776 5477 καὶ
797 5423 1014 5480 σύνεσιν
1031 5425 1171 5496 πρὸς
1191 5425 1252 5479 τὸ
1271 5428 1432 5480 νοεῖν.
1457 5427 1572 5480 Οὐκ
1595 5426 1774 5481 ἀθετῶ

1862 1966 1985 2005 meo
2026 1952 2200 2006 visum
2229 1958 2335 2005 est.
2379 1952 2567 2020 Itaque
2593 1953 2751 2006 etiam
2787 1968 2912 2006 cum
2951 1967 3266 2016 accusarer,
3305 1962 3447 2006 tace:

1863 2043 2009 2108 bam,
2042 2045 2215 2098 eidem
2245 2045 2310 2097 ad
2343 2057 2568 2098 mortem
2606 2061 2778 2114 usque
2812 2061 3018 2100 morem
3071 2061 3264 2117 gerens
3296 2061 3310 2108 ;
3350 2059 3449 2098 nec

1863 2135 2124 2189 dubitans
2157 2133 2273 2187 fore
2305 2133 2438 2187 mihi
2475 2141 2693 2202 tempus
2720 2135 3041 2204 aliquando,
3074 2149 3182 2204 quo
3212 2134 3392 2203 lingua
3419 2147 3450 2185 a

1864 2223 2027 2278 Patre
2063 2231 2312 2292 accepta,
2347 2239 2466 2292 quae
2497 2223 2744 2294 loquendi
2783 2225 3260 2299 tet‘npestivitatem
3302 2225 3450 2277 cale-

1863 2325 1964 2379 ret,
1997 2315 2128 2369 mihi
2170 2315 2407 2385 amplius
2439 2317 2728 2371 tacendum
2788 2333 2894 2372 non
2919 2329 3066 2372 esset
3106 2317 3322 2386 quando
3365 2316 3451 2368 ni-

1864 2411 2062 2480 mirum
2096 2411 2348 2466 stabilita
2371 2411 2572 2480 ubique
2596 2409 2865 2474 Ecclesia,
2897 2426 2992 2480 per
3015 2425 3165 2464 meos
3191 2409 3310 2478 ipse
3335 2409 3451 2462 dis-

1861 2503 2078 2571 cipulos
2111 2503 2371 2571 gentibus
2401 2503 2658 2557 onmibus
2688 2502 2901 2555 Patrem
2930 2517 3112 2556 meum
3147 2501 3452 2570 praedii-aus

1861 2593 2128 2657 clamabo,
2159 2593 2401 2660 mihique
2437 2593 2568 2645 item
2601 2591 2785 2645 audire
2821 2591 3048 2644 valentes
3081 2607 3259 2654 aures,
3287 2590 3338 2644 id
3367 2598 3454 2644 est

1851 2685 2163 2754 disciplinae
2195 2701 2326 2738 meae
2359 2700 2590 2753 capaces
2635 2685 2870 2748 animas,
2914 2685 3070 2753 juxta
3119 2684 3286 2737 illud:
3323 2701 3343 2734 ι
3379 2680 3450 2736 Et

1860 2785 2022 2833 erunt
2042 2792 2233 2830 omnes
2249 2776 2511 2831 docibilcs
2541 2775 2730 2841 Deo“,
2769 2795 2786 2828 ι
2819 2777 3250 2844 largieturzquae
3281 2785 3452 2828 matu-

1863 2873 1990 2925 tinis
2019 2872 2163 2925 horis
2195 2879 2414 2925 attentas
2458 2871 2798 2939 disciplinam
2843 2886 3016 2926 meam
3063 2880 3448 2940 assequentur.

1861 2963 2062 3030 Verum
2103 2963 2246 3032 quod
2279 2963 2498 3018 Addidit
2541 2962 2672 3016 mihi
2722 2980 2876 3016 mane
2923 2964 3225 3024 scientiam,
3276 2962 3444 3015 habet

1865 3052 2255 3126 Symmachus,
2283 3051 2444 3107 Mane
2469 3054 2718 3107 excitavit
2750 3053 2878 3106 mihi
2906 3071 3088 3108 aurem
3115 3053 3184 3107 ad
3224 3054 3451 3108 audien-

1860 3143 2015 3212 dum,
2062 3144 2202 3198 dixit
2231 3144 2478 3213 Aquilas.
2515 3145 2579 3197 lli
2615 3145 2886 3213 siquidem
2921 3146 3051 3199 mihi
3075 3147 3128 3200 in
3161 3147 3336 3201 locmn
3365 3162 3456 3202 ve-

1869 3246 2047 3290 strum
2082 3235 2296 3289 venturi
2333 3243 2482 3299 sunt,
2509 3235 2705 3304 quinte
2737 3251 2844 3288 non
2881 3236 3155 3302 audistis;
3188 3235 3283 3292 sed
3320 3237 3454 3306 legis

1873 3326 2081 3379 umbrae
2113 3340 2331 3393 semper
2363 3323 2697 3380 adhaesistis.
2737 3325 2804 3378 At
2833 3326 2908 3379 illi
2947 3325 3146 3396 ﬁguras
3189 3327 3245 3380 in
3291 3327 3456 3397 spiri-

1869 3417 2034 3472 tualis
2059 3417 2542 3486 contemplationis
2566 3419 2856 3472 veritatem
2877 3419 3174 3490 excipient,
3198 3433 3460 3474 aversan-

1871 3507 2020 3560 tibus
2051 3504 2208 3559 vobis
2245 3507 2340 3574 qui
2372 3521 2457 3559 me
2490 3507 2750 3560 noluistis
2784 3507 2977 3562 audire
3037 3508 3110 3560 ita
3153 3521 3458 3578 provocan-

1869 3606 1977 3651 tem
2008 3614 2024 3650 :
2055 3615 2072 3646 ι
2109 3597 2452 3650 Scrutamini
2489 3596 2826 3666 Scripturas,
2880 3599 3145 3668 quoniam
3213 3598 3268 3652 in
3323 3598 3458 3667 ipsis

1868 3688 2072 3757 putatis
2105 3688 2270 3741 vitam
2302 3696 2624 3757 perpetuam
2653 3691 2876 3754 habere,
2909 3698 2964 3744 et
2997 3689 3128 3759 ipsae
3155 3697 3303 3752 sunt,
3333 3705 3457 3758 quae

1867 3778 2243 3834 testimonium
2281 3778 2574 3846 perhibent
2611 3779 2680 3832 de
2713 3793 2820 3842 me,
2861 3793 3040 3849 neque
3068 3778 3235 3833 vultis
3267 3778 3458 3832 venire

1868 3870 1934 3923 ad
1975 3885 2080 3934 me,
2117 3877 2174 3922 ut
2202 3868 2363 3922 vitam
2387 3869 2640 3924 habeatis
2670 3869 2772 3923 ⁸³.»
2802 3867 3008 3924 Scribit
3032 3883 3162 3924 vero
3187 3876 3241 3923 et
3264 3869 3457 3923 beatus

1868 3962 2032 4032 574
2059 3961 2294 4015 Paulus:
2333 3981 2350 4012 ι
2385 3960 2522 4015 Cum
2550 3961 2751 4031 legitur
2777 3961 2955 4016 Moses
2978 4004 2993 4030 ,
3015 3961 3260 4017 velamen
3290 3975 3458 4030 super

1869 4067 1963 4106 cor
1992 4066 2180 4106 eorum
2204 4051 2442 4119 positum
2486 4050 2661 4105 est“.
2711 4070 2728 4102 ι

1938 4142 2056 4197 Νοιι
2081 4143 2280 4197 desunt
2311 4150 2517 4206 autem,
2547 4144 2639 4212 qui
2685 4159 2750 4197 ex
2781 4142 3180 4212 discipulorum
3223 4158 3456 4212 persona

1869 4232 2014 4288 istud
2039 4233 2346 4302 accipiant;
2383 4242 2641 4302 tauquam
2687 4233 2986 4304 unicuique
3030 4233 3186 4288 utilia
3235 4240 3288 4286 et.
3318 4247 3452 4286 con-

1868 4340 2006 4396 grua
2042 4325 2195 4393 loqui
2229 4341 2288 4380 se
2323 4325 2549 4391 dicant;
2587 4342 2842 4395 muneque
2892 4341 2946 4378 se
2977 4341 3090 4378 esse
3125 4322 3364 4388 additos,
3398 4320 3453 4375 id

1870 4426 1976 4482 est,
2009 4418 2283 4471 mentibus
2339 4425 2391 4472 et
2434 4417 2695 4472 cordibus
2729 4417 2862 4486 ipsis
2897 4415 3148 4470 divinum
3198 4412 3460 4483 splendo-

1875 4524 1990 4562 rem
2021 4517 2074 4562 et
2103 4508 2245 4563 lucis
2274 4507 2638 4578 iutelligibilis
2683 4508 3126 4562 coruscationem
3158 4507 3456 4576 accepisse.

1871 4600 2102 4653 Paulum
2141 4599 2288 4653 enim
2329 4591 2494 4654 etiam
2535 4598 2646 4654 Deo
2685 4601 2892 4670 gratias
2926 4613 3087 4670 agere
3133 4599 3365 4670 legimus
3391 4597 3458 4660 ⁸⁷,

1872 4691 2019 4764 quod
2051 4708 2110 4747 se
2165 4693 2232 4746 de
2265 4693 2618 4747 tenebrarum
2681 4703 2950 4762 potestate
2995 4680 3242 4762 ereptum
3284 4691 3338 4743 in
3372 4703 3460 4742 re-

1869 4802 2034 4856 gnum
2081 4784 2264 4840 dilecti
2293 4785 2412 4839 Filii
2449 4787 2536 4840 sui
2570 4785 2634 4839 ad
2677 4788 2852 4840 lucem
2894 4784 3258 4838 transtulerit.
3312 4779 3461 4834 Non-

1869 4878 2010 4932 nulli
2036 4893 2258 4932 rursum
2296 4885 2556 4946 tauquam
2587 4892 2615 4930 a
2647 4877 2915 4946 propheta
2953 4876 3114 4929 verba
3160 4875 3263 4928 ista
3309 4875 3450 4929 sumi

1879 4985 2043 5042 posse
2077 4971 2356 5025 dixerunt.
2397 4971 2535 5024 Cum
2567 4971 2712 5025 enim
2774 4985 2929 5025 suam
2981 4969 3087 5022 illis
3131 4976 3184 5023 et
3215 4965 3460 5038 gentium

1885 5063 2145 5127 salutem,
2188 5060 2602 5132 Salvatorisquc
2645 5061 2970 5126 adventum,-
3001 5060 3187 5114 tnundi
3226 5060 3462 5130 denique

1872 5155 2408 5208 consummationem
2463 5154 2764 5215 nuntiaret,
2802 5152 3073 5206 undcnam
3109 5153 3212 5208 ista
3241 5151 3461 5206 aﬂ‘erret

1877 5244 2021 5315 apud
2055 5259 2113 5298 se
2146 5244 2494 5298 dubitabant.
2521 5245 2590 5296 At
2616 5242 2705 5296 ille
2731 5259 2744 5292 :
2775 5242 2896 5296 Non
2929 5257 3106 5307 meus,
3137 5242 3336 5312 inquit,
3366 5246 3462 5296 sed

1878 5335 2086 5392 Christi
2121 5333 2547 5404 suppeditantis,
2580 5348 2764 5388 sermo
2794 5342 2899 5396 est,
2934 5333 3027 5404 qui
3064 5333 3180 5390 suis
3214 5333 3461 5404 loquendi

1883 5413 2244 5496 sapiendique
2294 5435 2510 5496 tempus
2568 5426 2812 5496 largitur.
2873 5425 2990 5482 Non
3027 5427 3260 5499 gratiam
3294 5425 3460 5494 igitur

253 5575 300 5607 “
326 5577 431 5632 lsa.
467 5595 575 5643 LIV,
616 5582 704 5637 l3.
747 5581 908 5640 Joan.
945 5599 1018 5648 vl,
1051 5585 1140 5640 45.
1215 5585 1259 5618 ⁸⁵
1293 5586 1452 5642 Joan.
1486 5604 1538 5647 ν,
1573 5587 1763 5652 ὅθμὶθ.

1869 5586 1911 5642 ll
1936 5589 2061 5642 Cor.
2100 5603 2178 5649 ιιι,
2227 5586 2308 5641 15.
2338 5585 2382 5615 ⁸·
2411 5584 2624 5638 (ἶηεοςς.
2655 5600 2692 5647 ι,
2742 5585 2824 5648 ll,
2859 5585 2941 5638 Iit.

1475 5701 1703 5756 VARle
1746 5703 2148 5758 LECTIONiLS.

265 5787 287 5816 τ
316 5780 419 5849 ἀφ.
453 5783 511 5836 τὸ
538 5787 894 5844 ἐπιπολάσαν.
973 5792 994 5821 ⁸
1022 5807 1112 5860 γρ.
1153 5791 1416 5847 ἐνδύσειν.

1497 5793 1516 5831 ί
1541 5812 1631 5864 γρ.
1661 5795 1885 5866 γνῶσιν.

1967 5805 1990 5832 υ
2025 5795 2272 5859 ἑαυτούς.
2367 5802 2394 5831 ν
2426 5810 2511 5861 γέ.
2540 5794 2710 5862 λέγει.
