3916 6404
525 384 661 453 2491

1831 383 2185 450 PROCOPII
2243 384 2386 444 GAZ
2399 384 2492 443 .-El

3637 387 3758 452 2492

528 507 740 563 everto,
774 498 864 568 qui
911 497 1155 566 ejusdem
1191 497 1569 568 prmdicationi
1619 499 1908 553 subservio
1939 516 1956 566 ;
1993 500 2116 566 qui-

2230 497 2400 549 τοίνυν
2461 497 2558 565 τὴν
2607 494 2766 564 χάριν
2820 492 3112 563 ὑπηρετῶν
3141 489 3304 547 αὑτοῦ
3347 492 3422 562 τῷ
3460 493 3761 568 κηρὺγματι,

529 607 636 662 que
677 591 900 646 nomine
955 591 1128 660 ipsius
1165 589 1350 644 omnia
1397 589 1634 646 tolerare
1691 603 1916 660 paratus
1969 606 2117 646 sum.

529 683 706 737 Etiam
741 683 787 736 si
839 698 947 748 me,
991 681 1192 752 inquit,
1235 681 1487 750 cmditis;
1535 682 1580 738 si
1627 683 1958 751 conspuatis,
1997 683 2122 754 ejus

530 774 726 827 auxilii
760 789 911 843 spem
940 787 1216 843 nunquam
1253 773 1656 844 ahjecero,qua
1692 775 1894 844 potitus
1925 775 2116 839 semel,

523 865 851 935 justumquc
887 863 1264 935 consequendi
1314 867 1732 936 exspectatione
1777 875 2120 924 sustentatus

529 956 686 1012 vobis
722 957 843 1024 ipse
869 956 1254 1011 contradicere
1278 971 1386 1010 non
1418 956 1734 1010 valentibus
1767 958 2047 1014 resistam.

597 1049 706 1103 Sed
748 1048 815 1102 ad
865 1047 1148 1103 Christum
1191 1061 1558 1113 revertamur,
1605 1049 1698 1118 qui
1733 1057 1959 1104 vocatos
1998 1049 2118 1120 qni-

525 1137 646 1194 dem
678 1137 898 1194 Judzeos
925 1141 1116 1194 audire
1134 1141 1384 1194 noluisse
1412 1158 1426 1207 ;
1451 1156 1510 1194 se
1539 1148 1719 1196 autem
1753 1137 1900 1195 Patri
1923 1149 2122 1196 cuncta

527 1230 581 1283 in
614 1245 679 1284 eo
725 1230 1042 1286 instaurare
1079 1241 1134 1286 et
1173 1233 1501 1303 recolligere
1538 1234 1803 1288 statuenti
1839 1250 1941 1288 non
1972 1251 2124 1304 repn-

525 1339 719 1391 gnasse
752 1331 1024 1378 testatur:
1055 1325 1173 1396 qui,
1197 1325 1330 1379 dum
1368 1341 1426 1380 sc
1451 1336 1771 1388 cvacuaret,
1799 1329 2121 1396 turpissima

528 1427 760 1480 qumque
805 1428 1004 1484 passus
1062 1413 1206 1467 nihil
1256 1413 1311 1466 in
1367 1428 1476 1483 quo
1536 1411 1684 1468 Patri
1716 1415 1970 1470 obediret
2019 1413 2122 1470 sibi

527 1511 826 1575 quidquam
863 1509 1150 1564 dedecoris
1182 1509 1476 1565 allaturum
1507 1511 1812 1566 arbitratus
1844 1521 1966 1567 est:
2005 1511 2123 1574 Non

527 1600 837 1666 [Tnacllantc
873 1600 1092 1666 Pilato;
1127 1616 1235 1655 non
1272 1617 1420 1655 servo
1449 1600 1736 1670 colaphum
1766 1602 2121 1673 impingente;

531 1707 638 1744 non
675 1691 727 1745 in
774 1708 832 1746 se
873 1691 1112 1762 denique
1158 1693 1569 1763 conspuentibus
1617 1693 1766 1757 aliis,
1794 1695 1888 1765 qui
1935 1695 2126 1763 faciem

529 1797 682 1834 suam
731 1791 984 1850 tanquam
1032 1782 1246 1852 firmam
1283 1791 1490 1852 petram
1537 1793 1808 1852 posuerat.
1868 1782 1948 1836 Ea.
1979 1785 2124 1838 enim

530 1873 584 1928 id
638 1875 842 1928 virtute
899 1881 1114 1944 gestum
1149 1886 1252 1933 est.
1291 1890 1389 1946 per
1443 1890 1607 1946 quam
1647 1878 1922 1946 patienter
1959 1876 2124 1943 tulit;

529 1965 792 2033 quoniam
820 1981 848 2018 ο
882 1966 1028 2020 ccelo
1066 1966 1458 2032 descenderat,
1501 1981 1611 2022 non
1673 1975 1731 2020 ut
1777 1982 1910 2031 suae,
1945 1965 2038 2022 sed
2073 1975 2132 2022 ut

531 2056 673 2125 ejus,
706 2071 734 2109 a
771 2072 880 2126 quo
912 2057 1119 2112 missus
1154 2065 1260 2122 est,
1301 2059 1573 2112 voluntati
1607 2067 1863 2128 pareret;
1893 2059 1989 2129 qui
2022 2058 2128 2114 sibi

533 2149 899 2219 humanaque
931 2150 1182 2204 tenuitati
1213 2151 1519 2206 auxiliatus
1549 2157 1655 2204 est.
1681 2149 1974 2221 Significat
1999 2166 2130 2207 vero

528 2241 576 2292 ei
606 2256 664 2294 se
699 2241 864 2294 etiam
893 2256 1050 2309 opem
1089 2241 1307 2306 tulisse,
1341 2241 1470 2310 quia
1513 2242 1580 2296 de
1611 2241 1698 2303 iis,
1739 2255 1768 2293 a
1807 2241 2009 2310 quibus
2045 2241 2130 2295 in-

524 2332 730 2398 juriam
767 2333 1098 2399 patiebatur,
1135 2345 1328 2401 pmnas
1366 2331 1700 2402 sumpserit;
1736 2347 1875 2401 quas
1901 2341 2129 2401 prOpter

529 2421 864 2474 cu'eritatem
897 2421 1054 2490 juxta
1103 2437 1252 2488 esse,
1288 2437 1458 2490 seque
1497 2437 1524 2473 a
1563 2420 1676 2474 Deo
1701 2421 2002 2490 justi/icari
2058 2421 2128 2476 si-

526 2513 773 2581 gniﬁcat.
805 2507 1020 2564 Iustum
1075 2511 1248 2572 enim,
1284 2518 1338 2564 et
1364 2511 1456 2580 qui
1503 2511 1674 2566 nullis
1731 2504 2026 2565 adversum
2065 2523 2126 2566 se

531 2619 562 2652 ιι
587 2601 656 2654 ali
692 2616 916 2654 causam
943 2603 1276 2670 praebuerat,
1300 2601 1622 2656 interimere
1642 2601 1762 2655 ausi
1793 2607 1956 2654 sunt:
1989 2615 2126 2670 quo-

529 2707 650 2746 rum
683 2689 804 2762 'egn
841 2708 965 2746 cum
1023 2692 1284 2763 injuriant
1323 2692 1486 2764 575
1533 2694 1796 2758 ulciscor,
1850 2693 1984 2746 nulli
2037 2707 2126 2748 me

527 2784 770 2846 crimini,
805 2785 1008 2854 inquit,
1034 2785 1337 2839 obnoxium
1391 2800 1515 2840 esse
1543 2793 1786 2839 testatus
1819 2794 1925 2839 est.
1959 2783 2124 2840 Inde-

527 2893 632 2944 que
663 2877 739 2929 ait
770 2875 959 2929 Pater:
983 2894 1002 2928 ι
1033 2878 1112 2930 ιΕι
1135 2877 1278 2930 dabo
1308 2877 1484 2930 malos
1518 2891 1617 2946 pro
1646 2877 1925 2946 sepultura
1965 2877 2120 2945 ejus:

526 2979 581 3020 cl
627 2968 828 3022 divitrs
885 2983 986 3036 pro
1025 2979 1201 3021 morte
1268 2969 1445 3034 ipsius
1468 2968 1570 3023 ⁸⁸.)
1604 2966 1926 3022 Divitiarum
1975 2967 2122 3023 enim

527 3058 833 3128 cz-piditate
879 3057 1208 3112 inﬂammati
1259 3057 1572 3114 Judaeorum
1633 3059 1828 3123 duces,
1867 3074 2023 3115 suam
2069 3062 2121 3114 in

2223 592 2405 646 πάντα
2431 607 2488 644 τε
2521 590 2714 642 παθεῖν
2737 587 2956 658 ἕτοιμός
2981 587 3030 640 εί
3039 605 3098 658 μι
3127 587 3196 641 δι’
3221 589 3402 644 αὑτὸν.
3431 589 3542 644 Κᾶν
3559 590 3769 664 τύπτητέ

2228 701 2317 756 με,
2355 682 2511 753 φησι,
2534 683 2637 735 κᾶν
2678 681 2998 749 ὲμπτύητε,
3037 679 3139 752 τὴν
3168 681 3298 752 παρ’
3344 679 3506 734 αὑτοῦ
3547 680 3769 753 βοήθειαν

2225 775 2460 844 ἐλπίζων
2485 784 2532 840 ι,
2571 777 2637 845 ἣν
2665 773 2996 846 εὑράμενος,
3022 773 3116 826 καὶ
3160 773 3255 828 τοῦ
3281 773 3487 828 δικαίου
3514 773 3775 840 τεύξασθαι

2225 867 2569 940 προσδοκῶν,
2593 867 2994 937 ἁντιστήσομαι
3042 865 3172 936 ὑμῖν
3201 865 3501 935 ἀντιλέγειν
3539 865 3608 938 μὴ
3637 865 3777 920 δυνα-

2227 961 2434 1031 μένοις.

2309 1053 2448 1106 Ἀλλ’
2475 1053 2566 1110 ἐπὶ
2583 1053 2674 1109 τὺν
2698 1051 2936 1124 Χριστὸν
2963 1047 3370 1120 ἐπανέλθωμεν,
3403 1049 3460 1112 ὃς
3485 1065 3643 1119 φησιν
3667 1050 3776 1104 ’1ου-

2225 1144 2421 1207 δαίοις·
2469 1145 2559 1208 Ὠς
2587 1146 2749 1215 ὑμεῖς
2781 1145 2880 1216 μέν
2901 1141 3231 1212 καλούμενοι
3261 1139 3660 1211 παρηκοὺσατε,
3689 1142 3777 1211 ἐγὼ

2224 1231 2286 1284 δὲ
2315 1237 2426 1288 οὐκ
2462 1232 2688 1289 ἀπειθῶ
2715 1233 2790 1304 τῷ
2829 1231 3034 1303 Πατέρι
3063 1230 3242 1284 πάντα
3270 1231 3329 1283 ἐν
3349 1229 3472 1300 ἐμοὶ
3499 1229 3776 1299 βουληθέντι

2227 1323 2843 1393 ἀνακεφαλαιώσασθαι.
2896 1319 3164 1386 Κενιίισας
3205 1319 3263 1373 δέ
3286 1317 3541 1390 ἐμαυτὸν,
3569 1315 3634 1371 τὰ
3666 1319 3796 1393 πάντ*
3845 1380 3848 1387 ,

2227 1434 2336 1471 των
2361 1379 2619 1486 αίσχιστα
2652 1414 2916 1479 πέπονθα,
2960 1411 3117 1478 εἰδὼς
3145 1379 3236 1483 *μὴ
3277 1379 3466 1482 φέρειν
3503 1379 3592 1480 μοι
3616 1379 3804 1486 αίσχὺἓ

2227 1524 2326 1577 νην
2351 1506 2428 1578 τῷ
2447 1516 2476 1556 7
2502 1507 2820 1580 πειθαρχεῖν
2853 1506 2932 1578 τῷ
2983 1505 3207 1576 Πατέρι.
3264 1502 3526 1558 Πιλάτου
3573 1502 3664 1574 μὲν
3687 1519 3771 1572 μα·

2229 1600 2662 1670 στιγπώσαντος,
2687 1592 2807 1653 τῶν
2837 1598 2894 1652 δὲ
2917 1596 3234 1667 ὑπηρετῶν
3259 1597 3378 1660 ἐνός
3410 1611 3477 1666 με
3522 1595 3768 1664 ραπίσαιι

2229 1709 2354 1759 τος,
2379 1691 2552 1746 ἄλλων
2577 1692 2634 1745 δέ
2669 1709 2771 1762 μου
2813 1691 3304 1754 καταπτυόντων,
3329 1691 3412 1755 ὡς
3435 1687 3676 1757 στερεὰν
3696 1687 3779 1742 πί-

2229 1801 2378 1854 τραν
2408 1785 2472 1838 τὸ
2505 1785 2834 1854 πρόσωπόν
2889 1801 3011 1853 μου
3051 1782 3254 1848 τιθείς.
3296 1779 3590 1851 Δυνάμεως
3617 1779 3712 1849 γὰρ
3727 1775 3779 1850 ἦν

2231 1877 2291 1932 τὸ
2326 1878 2581 1947 πρᾶγμα,
2611 1877 2678 1930 δι’
2732 1877 2798 1948 ἣν
2821 1875 3156 1947 ἐκαρτέρουν
3185 1891 3200 1906 ο
3227 1875 3312 1928 ὅτι
3353 1872 3696 1943 καταϐέϐηκα
3730 1875 3780 1934 ἐκ

2230 1967 2326 2022 τοῦ
2357 1967 2610 2038 οὐρανοῦ,
2636 1968 2733 2038 οὑχ
2765 1967 2854 2021 ἵνα
2882 1966 3020 2020 ποιῶ
3052 1967 3113 2020 τὸ
3145 1965 3361 2038 θέλημα
3405 1962 3467 2018 τὺ
3503 1963 3645 2034 ἐμὸν,
3671 1961 3782 2017 ἀλλὰ

2229 2062 2290 2114 τὸ
2319 2061 2532 2132 θέλημα
2559 2059 2655 2115 τοῦ
2707 2059 3024 2131 πέμψαντός
3088 2076 3180 2130 με.
3235 2057 3408 2121 Αὐτὸς
3448 2055 3555 2128 γάρ
3591 2072 3681 2126 μου
3708 2055 3780 2109 καὶ

2229 2153 2344 2216 τοῖς
2390 2149 2755 2221 ἀνθρωπίνοις
2808 2147 3076 2219 ἐϐοήθησε
3137 2141 3394 2218 μέτροις.
3437 2143 3594 2216 Δηλοῖ
3617 2144 3668 2197 δέ
3707 2143 3781 2198 καὶ

2229 2243 2304 2307 ὼς
2331 2245 2612 2314 ἐπήμυνεν
2634 2241 2805 2312 αὑτῷ,
2824 2241 2983 2312 δίκην
3010 2237 3222 2300 ἐπιθεὶς
3267 2241 3384 2302 τοῖς
3416 2237 3704 2308 ὑϐρίσασιν,
3727 2234 3780 2306 ἢν

2230 2337 2325 2388 καὶ
2366 2335 2454 2388 διὰ
2501 2334 2666 2404 τάχος
2711 2333 2953 2402 ἐγγίζειν
2989 2315 3155 2402 φησι,
3191 2330 3624 2395 δικαιώσω-τος
3649 2329 3779 2382 αὑτὸν

2227 2425 2322 2479 τοῦ
2350 2424 2612 2495 Πατέρος.
2641 2426 2882 2478 Δίκαιον
2910 2423 3022 2493 γὰρ
3055 2421 3210 2485 ὄντα,
3242 2423 3338 2474 καὶ
3366 2419 3488 2474 καθ’
3509 2418 3690 2474 ἐαυτοῦ
3721 2419 3778 2490 μὴ

2227 2517 2386 2570 δόντα
2419 2515 2614 2580 λαϐὰς,
2634 2507 2991 2570 ’ἀποκτείνειν
3021 2513 3352 2584 ἐτόλμησαν.
3399 2511 3538 2566 Ἀνθ’
3607 2504 3675 2566 ὧν
3700 2511 3778 2562 αὑ-

2225 2609 2352 2670 τοὺς
2380 2607 2636 2672 κολάσας,
2667 2605 3042 2660 ἀνυπεύθυνον
3095 2604 3367 2675 ὑπάρχειν
3402 2603 3502 2674 ἐμὲ
3534 2601 3778 2673 μεμαρτὺ-

2229 2716 2418 2770 ρηκεν.
2450 2699 2539 2752 Διὸ
2560 2715 2726 2770 φησιν
2751 2699 2779 2751 ὁ
2805 2699 2996 2769 Πατήρ
3013 2715 3060 2750 ἰ
3085 2697 3194 2752 Καὶ
3217 2697 3379 2750 δώσω
3404 2695 3526 2757 τοὺς
3549 2691 3776 2764 πονηροὺς

2227 2791 2348 2846 ἀντὶ
2377 2793 2477 2862 τῆς
2507 2791 2688 2862 ταφῆς
2719 2789 2908 2854 αὑτοῦ,
2940 2791 3032 2844 καὶ
3061 2789 3188 2852 τοὺς
3224 2789 3517 2850 πλουσίους
3563 2786 3672 2841 ἀντὶ
3705 2782 3774 2838 τοῦ

2227 2882 2464 2936 θανάτου
2495 2883 2684 2938 αὑτοῦ.
2728 2901 2746 2934 ι
2775 2881 3128 2936 Φιλόπλουτοι
3160 2881 3272 2950 γὰρ
3302 2878 3586 2948 γεγονότες
3622 2877 3666 2930 οι
3693 2875 3776 2928 τῶν

2239 2974 2510 3028 Ἰουδαίων
2553 2974 2887 3046 καθηγηταὶ,
2945 2973 3084 3044 πρὸς
3135 2971 3236 3042 τὴν
3287 2971 3408 3025 κατ’
3453 2967 3610 3024 αὑτοῦ
3647 2982 3778 3038 mn}-

2229 3065 2350 3136 ρίαν
2383 3065 2706 3134 ἐτράποντο.
2747 3063 2858 3118 Καὶ
2921 3063 3034 3134 γὰρ
3091 3062 3298 3125 εἰδότες
3341 3061 3503 3115 αὑτὸν
3547 3059 3770 3129 ἔφασκον·

523 3165 649 3204 eum
681 3151 946 3204 maltiam
1001 3159 1418 3206 converterunt.
1484 3151 1666 3222 Ipsum
1723 3153 1866 3206 enim
1899 3157 2120 3222 conspi-

2233 3175 2254 3210 ι
2297 3153 2466 3222 Οὗτός
2497 3159 2642 3211 ἐστιν
2675 3159 2703 3211 ὁ
2735 3155 3072 3227 κληρονόμος
3095 3171 3110 3186 ο
3167 3153 3328 3208 δεῦτε
3357 3194 3370 3220 ,
3413 3150 3774 3220 ἀποκτείνωμεν
3855 3144 3860 3151 ’

525 3242 656 3307 cati,
683 3239 1012 3296 dixeruutzc
1049 3241 1150 3296 llic
1181 3249 1266 3298 est
1307 3243 1506 3308 haeres,
1542 3242 1765 3308 venite;
1816 3243 2120 3298 interﬁcia-

526 3347 648 3386 mus
667 3333 846 3402 ipsum
874 3333 980 3387 θ’.)

597 3420 752 3487 Quod
789 3423 834 3477 si
873 3423 948 3478 sit
990 3423 1212 3494 aliquis,
1257 3423 1352 3496 qui
1402 3441 1487 3480 me
1528 3425 1678 3496 justa
1731 3442 1956 3496 passum
1999 3443 2122 3484 esse

527 3515 858 3582 arbitretur,
883 3517 1118 3571 Accedat
1137 3517 1274 3585 jam,
1299 3530 1354 3572 ut
1379 3519 1622 3574 rationes
1647 3535 1800 3577 meas
1827 3522 2120 3591 improbet.

529 3607 636 3662 Sed
675 3619 826 3662 certe
859 3625 966 3662 non
1003 3613 1228 3679 poterit.
1268 3609 1569 3665 Et'alicubi
1603 3613 1750 3667 enim
1784 3615 1966 3684 inquit
1997 3630 2124 3684 pro-

525 3700 684 3766 pheta
709 3722 718 3752 .-
746 3719 764 3752 ι
795 3699 980 3756 Videte
1019 3711 1076 3756 ut
1108 3703 1297 3772 justus
1330 3705 1510 3774 periit,
1542 3721 1716 3775 neque
1751 3704 1801 3760 id
1829 3708 2120 3777 quisquam

524 3791 692 3845 corde
718 3793 1013 3862 excipit".
1049 3813 1069 3848 ι
1105 3797 1258 3864 Apud
1300 3797 1560 3851 eumdem
1597 3809 1650 3852 et
1679 3795 1900 3854 Judaeos
1939 3799 2011 3852 ita
2052 3800 2124 3854 lo-

523 3887 1047 3955 quentes-repcrias
1082 3904 1095 3940 :
1126 3886 1390 3955 Ligemus
1433 3887 1670 3958 justum,
1721 3890 1850 3959 quia
1910 3890 2122 3945 inutilis

523 3977 786 4031 cstnobis
815 3977 883 4032 ".
925 3995 942 4028 ι
985 3975 1097 4032 Nec
1126 3979 1407 4034 immerito
1433 3981 1644 4048 justum
1678 3982 1998 4050 appellavit,
2025 3981 2120 4050 qui

525 4077 811 4136 peccatqu
848 4085 955 4123 non
981 4069 1226 4136 admisit,
1259 4080 1313 4126 et
1351 4075 1405 4126 in
1430 4071 1587 4142 cujus
1619 4089 1716 4128 ore
1747 4075 1906 4128 dolus
1935 4074 2122 4130 nullus

523 4169 778 4226 repertus
823 4173 907 4214 est
936 4161 1004 4215 θ’.
1033 4161 1192 4228 Quod
1224 4170 1408 4216 autem
1445 4165 1564 4232 quis
1593 4180 1768 4218 secum
1809 4165 2121 4236 litigatum:

515 4241 628 4313 'sit,
694 4252 918 4322 qtnerit,
968 4253 1016 4307 ei
1069 4254 1342 4308 dissimile
1384 4269 1492 4308 non
1559 4254 1763 4320 fuerit,
1829 4271 1940 4326 quo
1995 4259 2119 4327 quis

525 4356 587 4398 se
649 4343 715 4396 dc
782 4354 1006 4412 peccato
1060 4355 1210 4400 esset
1273 4349 1596 4417 arguiturus
1667 4348 1984 4417 postulavit.
2059 4349 2122 4404 In

524 4435 782 4489 Omnibus
851 4437 996 4490 enim
1065 4437 1208 4490 idem
1275 4439 1435 4505 plane
1507 4439 1798 4493 nobiscum
1873 4439 2012 4506 fuit,
2073 4441 2121 4497 si

525 4519 810 4594 peccatum
889 4528 1153 4598 excipias.
1225 4527 1415 4610 Itaque
1491 4529 1710 4584 dicebat

526 4617 786 4687 princeps
827 4619 1015 4672 ιιιιιιιιΙὶ
1043 4618 1222 4689 hujus,
1258 4629 1312 4675 et
1343 4622 1396 4675 in
1433 4637 1518 4676 nte
1558 4637 1666 4676 non
1691 4623 1932 4680 inveniet
1959 4627 2120 4694 quid-

523 4724 689 4778 quam
721 4711 788 4765 ”.
827 4729 843 4761 ι
881 4710 977 4766 Est
1011 4728 1144 4766 vero
1175 4711 1310 4766 illud
1344 4731 1357 4767 :
1391 4713 1528 4780 Quis
1557 4723 1658 4777 est,
1689 4715 1780 4784 qui
1815 4717 1983 4784 litiget
2007 4735 2119 4772 me-

523 4803 690 4856 cum?
725 4803 950 4871 perfecti
991 4813 1045 4858 et
1085 4803 1350 4871 iueulpati
1401 4807 1500 4859 viri
1545 4810 1808 4877 signum;
1849 4825 2012 4879 quem
2044 4811 2119 4866 ita

439 4907 445 4912 ·
527 4891 662 4944 nihil
692 4903 894 4958 movet,
949 4895 1090 4965 apud
1130 4896 1382 4952 homines
1424 4896 1721 4966 judicium,
1773 4911 1834 4954 ut
1880 4903 1950 4956 ab
1999 4903 2118 4959 istis

525 4981 688 5035 etiam
721 4985 1120 5042 condemnatus
1165 4997 1378 5056 taceat;
1422 4985 1774 5047 adversarios
1815 4976 2000 5050 autem
2049 4993 2118 5048 ad

526 5075 684 5141 illud,
717 5081 864 5144 quod
915 5082 1057 5150 apud
1098 5078 1268 5137 Deum
1319 5083 1520 5154 agitur,
1553 5094 1730 5142 vocet.
1777 5085 1846 5138 At
1880 5103 1943 5141 eo
1975 5089 2119 5159 ipso,

529 5168 673 5238 quod
704 5171 821 5238 quis
855 5188 908 5226 se
933 5174 1160 5228 [casurus
1186 5175 1277 5240 sit,
1325 5177 1548 5246 quaerit,
1582 5166 1708 5232 vitae
1741 5196 1798 5233 se
1829 5196 1954 5235 esse
2006 5197 2116 5234 au-

527 5274 740 5316 Ctorem
760 5263 1128 5331 demonstrat,
1149 5284 1430 5338 vanasque
1446 5285 1636 5325 eorum
1665 5271 1835 5327 fuisse
1858 5273 2112 5338 insidias,

526 5352 645 5422 qui,
679 5359 737 5406 ut
764 5362 845 5407 est
875 5353 928 5406 in
957 5353 1197 5412 Psalmis
1226 5375 1239 5413 :
1281 5377 1298 5410 ι
1333 5360 1581 5415 lnierunl
1612 5363 1932 5428 consilium,
1965 5363 2111 5433 quod

529 5443 780 5498 stabilire
832 5459 944 5498 non
995 5455 1254 5516 poterunt
1284 5450 1351 5504 ".
1397 5470 1414 5502 ι
1455 5452 1558 5518 Qui
1609 5455 1780 5522 enim,
1829 5456 1938 5509 vita
1985 5471 2111 5510 cum

517 5611 522 5617 _
561 5625 572 5627 _
617 5552 806 5627 _”Isa.
841 5557 1038 5620 Lm,9.
1115 5557 1158 5591 °’
1189 5559 1379 5616 Matth.
1431 5580 1540 5627 XXI,
1572 5565 1662 5620 58.

531 5625 576 5660 ’³
607 5622 766 5680 Joan.
791 5643 902 5692 xw,
941 5629 1031 5682 50.
1110 5630 1155 5661 ⁸³
1185 5631 1334 5685 Psal.
1383 5639 1472 5699 xx,
1515 5622 1598 5688 ίιὶ.

2231 3251 2415 3306 αὐτόν.
2459 3271 2478 3304 ι

2302 3427 2438 3482 Εἱδέ
2459 3423 2672 3496 νομίζει
2700 3443 2785 3488 τις
2813 3424 3039 3488 δικαίως
3074 3440 3140 3494 με
3167 3423 3517 3488 πεπονθέναι,
3543 3420 3774 3489 παρέστω

2232 3518 2370 3589 πρὸς
2401 3518 2642 3587 ἔλεγχον.
2683 3514 2824 3570 Ἀλλ’
2857 3517 2920 3568 οὑ
2967 3515 3278 3584 δυνήσεται.
3317 3513 3423 3567 Καὶ
3445 3509 3660 3582 ἀλλαχοῦ
3690 3507 3773 3578 γὰρ

2229 3617 2258 3669 ὁ
2284 3616 2573 3686 προφήτης
2598 3612 2786 3683 φησίν·
2829 3629 2848 3663 ι
2882 3611 3051 3665 Ἴδετε
3081 3610 3156 3674 ὡς
3179 3609 3396 3673 δίκαιος
3426 3607 3672 3667 ἀπώλετο,
3700 3601 3772 3657 καὶ

2230 3708 2404 3772 οὐδεὶς
2440 3708 2722 3778 ἐκδέχεται
2746 3707 2810 3776 τῇ
2863 3705 3086 3776 καρδίᾳ.
3129 3721 3148 3756 ι
3194 3703 3340 3774 Παρ’
3365 3696 3410 3770 ᾧ
3436 3701 3530 3754 καὶ
3571 3692 3774 3752 Ἰουδαῖοί

2231 3816 2398 3871 (pater
2441 3819 2460 3852 ι
2486 3801 2751 3870 Δήσωμεν
2777 3797 2868 3850 τὸν
2903 3796 3135 3858 δίκαιον,
3187 3794 3273 3848 ὅτι
3325 3794 3645 3865 δύσχρηστος
3667 3789 3772 3858 ἡμῖν

2230 3890 2400 3942 ἐστιν.
2461 3906 2480 3940 ι
2513 3889 2752 3952 Εἰκότως
2776 3887 3005 3964 δίκαιον,
3048 3903 3067 3938 ι
3108 3885 3182 3940 Οὑ
3213 3885 3328 3956 γὰρ
3367 3883 3612 3953 ἐποίησεν
3629 3881 3770 3951 ἁμαρ·

2229 3982 2376 4046 τίαν,
2407 3981 2529 4034 οὑδέ
2558 3980 2758 4050 εὑρέθη
2789 3979 2939 4043 δά).ος
2975 3980 3032 4032 ἐν
3063 3977 3143 4048 τῷ
3169 3979 3405 4047 στόματι
3436 3975 3612 4029 αὑτοῦ.
3648 3991 3665 4024 ι
3700 3966 3766 4038 Τῷ

2227 4072 2308 4137 δὲ,
2333 4075 2420 4136 Τί(
2451 4075 2484 4126 d
2510 4072 2862 4141 κρινόμενός
2885 4089 2988 4141 μοι
3013 4087 3030 4134 ;
3061 4071 3205 4124 ἔοικε
3230 4071 3313 4135 τὸ,
3343 4089 3363 4123 ι
3392 4071 3434 4122 Τ
3439 4070 3484 4133 ίς
3512 4065 3694 4135 ἐλέγξει
3715 4077 3766 4131 με

2232 4161 2363 4232 περὶ
2384 4161 2702 4232 ἁμαρτίας;
2730 4179 2748 4212 ι
2782 4162 2924 4214 κατὰ
2955 4160 3136 4212 πάντα
3167 4161 3281 4228 γὰρ
3310 4159 3440 4228 ἡμῖν
3477 4156 3608 4228 πλὴν
3627 4154 3767 4224 ἀμαρ-

2230 4253 2354 4316 τίας
2373 4295 2388 4318 ,
2414 4251 2717 4323 ὡμοίωται.
2753 4251 2956 4318 Διόπερ
2984 4251 3172 4320 ἔλεγεν
3191 4265 3206 4280 ο
3245 4269 3264 4302 ι
3293 4251 3546 4320 Ἔρχεται
3574 4249 3598 4301 ὁ
3624 4247 3764 4313 ἄρχων

2232 4344 2326 4399 τοῦ
2377 4345 2586 4414 κόσμου
2645 4343 2862 4404 τούτου,
2916 4343 3009 4396 καὶ
3065 4343 3122 4394 ἐν
3167 4342 3295 4411 ἐμοὶ
3337 4343 3552 4410 εὑρήσει
3581 4335 3758 4390 οὐδέν.»

2243 4434 2460 4507 Ἀνδρος
2489 4434 2552 4488 δὲ
2580 4434 2784 4487 τελείου
2817 4433 3124 4504 χαρακτὴρ,
3155 4432 3234 4496 τὸ,
3281 4431 3380 4498 Τίς
3407 4435 3440 4486 ό
3470 4422 3762 4500 κρινόμενός

1786 4549 1799 4586 :
1863 4550 1883 4584 ι
1953 4531 2116 4590 Venit
2154 4542 2204 4602 υ
2229 4543 2365 4598 μου
2403 4520 2448 4594 ᾧ
2502 4525 2669 4596 μηδὲν
2714 4527 2749 4597 ἡ
2801 4524 2934 4596 παρ’
2965 4523 3279 4595 ἀνθρώποις
3313 4523 3514 4594 κρίσις,
3549 4521 3617 4582 ὡς
3643 4515 3756 4584 σιγᾷν

2231 4619 2329 4689 μὲν
2363 4619 2455 4671 ὑπ’
2482 4616 2664 4670 αὐτῶν
2691 4615 3216 4685 καταδικαζόμενον,
3251 4616 3438 4670 καλεῖν
3471 4614 3524 4668 δὲ
3556 4610 3672 4680 πρὸς
3689 4605 3760 4669 τὴν

2229 4711 2382 4782 παρὰ
2414 4708 2534 4779 Θεῷ
2563 4709 2741 4782 κρίσιν
2761 4709 2892 4770 τοὺς
2921 4708 3222 4770 ἐναντίους.
3253 4708 3326 4760 Τὸ
3348 4707 3425 4768 δὲ,
3443 4708 3530 4770 τίς
3549 4697 3759 4756 κακώσει

2222 4819 2338 4873 ys;
2375 4802 2634 4872 ἐμφαίνει
2670 4801 2762 4854 τὸν
2807 4799 3050 4870 ἀρχηγὸν
3108 4801 3208 4868 τῆς
3233 4799 3428 4868 ζωῆς.
3469 4791 3657 4848 Οὐκοῦν
3700 4786 3758 4847 εἰς

2229 4871 2406 4968 μάτην
2465 4898 2498 4966 ὴ
2539 4895 2744 4948 τούτων
2795 4893 3084 4966 ἐπιϐουλὴ,
3145 4895 3290 4947 κατὰ
3335 4892 3396 4946 τὸ
3440 4893 3494 4942 ἐν
3531 4883 3755 4958 ψαλμοῖς·
3785 4871 3809 4944 ,⁸

2232 5009 2251 5042 ι
2304 4987 2723 5042 Ἔϐουλεὺσαντο
2764 4985 2981 5057 βουλὴν,
3002 4985 3069 5056 ἣν
3089 4986 3149 5038 οὐ
3177 4985 3250 5055 μῆ
3277 4983 3532 5038 δύνωνται
3551 4978 3752 5046 στῆσαω

2225 5080 2352 5144 Πῶς
2381 5081 2512 5150 γὰρ,
2545 5077 2620 5132 ὣν
2647 5077 2780 5149 ζωὴ,
2812 5077 3042 5146 θανάτῳ
3059 5075 3376 5146 κατείχετο;
3400 5073 3528 5126 καθὸ
3565 5068 3613 5120 δὲ
3633 5063 3757 5150 γέγε-

2224 5192 2314 5230 νεν
2343 5147 2656 5245 ἄνθρωπος,
2689 5147 2841 5224 δοκεῖ
2859 5169 3017 5222 τοῦτο
3043 5167 3298 5238 δέχεσθαι
3333 5163 3478 5236 παρὰ
3502 5157 3586 5214 τοῦ
3615 5147 3753 5208 ﬂati-

2227 5285 2338 5342 ρος.
2382 5267 2471 5330 Ὦς
2508 5265 2617 5337 γὰρ
2647 5265 2802 5331 Θεὸς,
2833 5263 3054 5336 ΙΙῖγειρεν
3089 5258 3282 5315 ἑαυτὸν
3307 5258 3474 5326 λέγων
3493 5270 3508 5286 ο
3541 5246 3752 5342 «Λύσατε

2225 5337 2318 5418 τὸν
2339 5363 2467 5418 ναὸν
2489 5359 2702 5426 τοῦτον,
2729 5359 2826 5412 καὶ
2843 5359 2902 5412 ἐν
2933 5356 3114 5429 τρισὶν
3133 5353 3367 5426 ἡμέραις
3383 5345 3548 5419 ἐγερῶ
3566 5337 3746 5434 adadv.)

2235 5457 2352 5526 Ἐφ’
2387 5452 2468 5519 οἷς
2503 5471 2640 5524 φησι
2673 5451 2814 5525 πρὸς
2874 5447 3104 5514 αὐτούς’
3165 5444 3321 5542 Ἰδοὺ
3363 5440 3574 5502 πάντες
3619 5433 3750 5500 ὑμεῖς

1793 5567 1839 5598 ⁸ο
1877 5565 1980 5623 lsa.
2021 5581 2120 5624 ut:

2234 5611 2252 5628 .
2325 5573 2394 5614 ἰς
2425 5571 2556 5640 Sap.
2599 5584 2659 5636 ιι,
2699 5567 2784 5622 12.
2860 5564 2905 5598 ⁹¹
2943 5561 3045 5618 lsa.
3094 5573 3218 5626 LIII,
3247 5535 3318 5626 7;
3361 5551 3543 5610 lPetr.
3571 5561 3622 5607 ιι,
3659 5535 3715 5592 εἰ

1846 5727 1930 5784 VA
1942 5726 2083 5785 RIIE
2122 5725 2531 5785 LECTlONES.

605 5817 632 5849 "
667 5827 752 5878 γρ.
777 5809 1000 5875 ἐλπίζω.
1079 5819 1106 5858 F
1137 5827 1226 5881 γρ.
1256 5809 1335 5864 τό.
