3916 6394
570 281 671 342 503

1868 281 2219 342 ΡΒΟΟΟΡΙΙ
2256 283 2499 343 ῦᾹΖιιΕΙ

3640 291 3763 358 2504

531 394 748 446 calicem
781 391 1054 461 appellare
1087 412 1100 447 :
1137 395 1298 464 quale
1330 402 1415 448 est
1451 392 1592 463 apud
1632 393 1889 448 Daridem
1925 392 2060 446 illud
2089 411 2101 447 :

2208 395 2324 450 τοῦ.
2360 415 2376 446 ι
2417 396 2476 448 ’0
2500 394 2554 446 δὲ
2584 394 2790 458 δίκαιος
2812 394 2964 471 λέγει
2989 408 3004 426 ⁸
3039 413 3056 444 ι
3087 397 3352 464 ῐῐοτήριον
3400 400 3657 469 σωτηρόυ
3683 405 3771 471 λή-

536 505 556 538 ι
598 483 769 556 Ignis,
802 485 1058 555 sulphur,
1088 495 1141 539 et
1187 486 1413 554 spiritus
1439 487 1712 556 procella,
1762 502 1886 556 pars
1922 485 2112 539 calicis

531 577 653 648 ejus
683 577 748 630 ’°.
780 596 799 628 ι
833 575 976 630 Justi
1013 575 1210 631 deinde
1236 577 1509 644 ejusmodi
1549 579 1713 631 verba
1743 585 1873 631 sunt
1903 595 1915 630 :
1956 595 1972 627 ι
2003 575 2112 628 Ca-

532 668 691 723 licem
739 669 1000 724 salutaris
1048 669 1338 739 accipiam,
1366 677 1422 723 et
1455 684 1654 724 nomen
1707 667 1918 722 Domini
1961 671 2113 721 invo-

531 761 668 815 cabo
699 762 764 812 ".
801 777 819 809 ι
873 759 1005 828 Ejus
1055 774 1186 827 ergo
1237 760 1520 827 hostibus,
1593 761 1814 830 illisque
1862 761 2029 828 ipsis,
2081 775 2110 813 a

529 852 732 920 quibus
756 851 1014 919 injuriam
1046 867 1205 921 passa
1237 860 1342 918 est,
1373 853 1562 907 datum
1593 855 1661 908 iri
1696 854 1914 906 calicem
1941 851 2113 920 signi-

530 943 653 996 ﬁcat
674 983 687 1006 ,
721 943 976 1010 indeque,
1007 952 1055 996 et
1095 959 1289 1011 ponam
1321 960 1439 996 eum
1485 945 1540 996 in
1572 960 1762 996 manus
1792 959 1994 1006 eorum,
2021 941 2108 1010 qui

529 1047 577 1089 te
624 1036 799 1103 patria
847 1035 1186 1102 expulerunt,
1255 1035 1472 1103 adjecit.
1525 1036 1852 1101 Quanquam
1899 1043 1953 1087 et
2008 1033 2107 1084 ista

525 1129 688 1182 etiam
718 1128 784 1180 de
817 1128 1154 1182 adversariis
1193 1129 1560 1196 potestatibus
1590 1127 1696 1181 dici
1735 1135 1957 1196 queant,
1995 1125 2111 1193 qui-

526 1220 627 1272 bus
657 1237 714 1272 se
751 1220 888 1287 ipsa,
915 1234 1034 1287 qua:
1061 1234 1090 1272 a
1123 1218 1234 1272 Deo
1263 1219 1482 1284 defecit,
1528 1219 1711 1273 anima
1749 1217 2105 1284 mancipavit,

527 1311 671 1362 unde
703 1310 1004 1364 humilibus
1049 1310 1240 1389 rebus~
1261 1311 1478 1364 addicta
1511 1312 1561 1364 in
1595 1319 1795 1366 terram
1831 1317 2009 1371 nutat,
2046 1323 2108 1360 ac

525 1404 746 1454 tandem
790 1401 1042 1468 przesidio
1076 1402 1364 1467 destituta,
1407 1403 1675 1456 victorum
1715 1402 1942 1472 pedibus
1977 1413 2111 1452 con—

523 1495 794 1554 culcatur,
830 1509 954 1546 cum
989 1510 1110 1561 qua:
1143 1492 1313 1547 Deum
1356 1496 1631 1562 sequitur,
1661 1503 1842 1549 erecta
1885 1507 2106 1546 sursum

523 1585 716 1638 oculos
747 1584 983 1646 attollat,
1017 1595 1064 1638 et
1097 1584 1160 1638 ad
1199 1585 1376 1653 ipsum
1411 1586 1692 1638 erchatur.
1725 1584 1981 1637 Nonnulli
2017 1598 2109 1652 per

524 1673 702 1739 init/ue
742 1671 915 1740 ipsam
957 1672 1278 1739 opprimente
1324 1671 1583 1726 doctores
1622 1688 1719 1726 eos
1768 1673 2105 1739 intelligunt,

523 1766 616 1834 qui
646 1765 891 1818 eamdem
926 1776 1074 1820 recto
1100 1764 1233 1834 pede
1262 1767 1546 1820 ambulare
1579 1782 1690 1818 non
1717 1765 2103 1835 permiserunt.
2140 1745 2180 1799 Β

523 1854 742 1919 Quanto
781 1855 926 1909 enim
965 1855 1094 1909 luxu
1131 1863 1184 1908 et
1223 1855 1394 1924 gloria
1445 1855 1682 1924 amplius
1730 1855 2102 1918 abundabant,

522 1955 674 1999 tanto
706 1955 760 1999 et
801 1946 906 2015 ipsi
948 1961 1143 2016 pinnas
1187 1947 1504 2002 acerbiores
1553 1946 1842 2008 dederunt,
1873 1946 1963 2016 qui
2014 1946 2102 2009 iis,

522 2053 641 2101 qum
675 2035 967 2098 habebant,
1005 2037 1200 2104 privati
1248 2037 1380 2090 sint.
1417 2035 1510 2091 Est
1548 2054 1678 2092 vero
1719 2039 1786 2091 de
1823 2037 1888 2091 iis
1916 2038 2102 2101 etiam,

521 2132 615 2196 qui
661 2134 875 2184 ratione
912 2131 1077 2202 536
1116 2132 1447 2200 inlclligihili
1482 2130 1738 2200 injuriam
1774 2133 2102 2196 intulerunt,

520 2223 667 2275 Pauli
724 2223 920 2276 istud:
959 2242 977 2273 ι
1022 2223 1178 2288 Quod
1236 2226 1280 2278 si
1311 2234 1562 2292 opertum
1614 2235 1696 2278 est
1751 2223 2102 2292 l‘ivangt‘lintn

520 2324 800 2380 nostrum,
834 2316 885 2367 in
917 2315 1005 2378 ii-,
1050 2315 1140 2383 qui
1181 2325 1429 2382 pereunt.
1466 2325 1713 2384 opertum
1757 2325 1862 2378 cst,
1897 2316 1948 2367 in
1994 2315 2108 2383 qui-

519 2405 624 2458 bus
656 2404 801 2458 Deus
829 2397 991 2472 hujus
1013 2407 1201 2457 saeculi
1227 2405 1517 2456 UM'iltt‘ILVil
1544 2413 1752 2457 mentes
1781 2405 2102 2466 inﬁdelium,

516 2507 576 2550 ut
624 2510 728 2548 non
777 2495 976 2556 lnlgeat
1030 2495 1361 2548 illuminatio
1409 2494 1687 2562 Evangelii
1740 2495 1923 2561 glori-.0
1957 2498 2107 2546 (.hri-

517 2590 586 2640 sti
624 2586 691 2638 ".
723 2604 742 2636 ι
765 2585 895 2638 Tale
933 2585 1061 2654 quid
1093 2586 1370 2653 signiﬁcat
1400 2596 1454 2638 ct
1486 2587 1615 2638 illud
1649 2586 1914 2638 immundi
1939 2585 2104 2653 Spiri-

517 2689 627 2739 tus,
669 2677 759 2744 qui
809 2691 932 2729 cum
985 2684 1196 2744 septem
1242 2677 1366 2730 aliis
1401 2676 1786 2746 nequior-ibus,
1827 2693 1912 2740 eo,
1960 2677 2105 2730 unde

517 2770 752 2831 exierat,
783 2783 1037 2821 reversus
1086 2778 1170 2822 est
1205 2767 1270 2822 ’⁵.
1313 2769 1403 2822 Ait
1451 2769 1640 2822 enim:
1682 2789 1699 2820 ι
1737 2769 1830 2822 Sic
1879 2772 1979 2822 erit
2011 2786 2104 2839 ge-

515 2860 789 2923 nerationi
833 2859 958 2911 huic
1004 2857 1071 2912 “.
1111 2877 1129 2910 ι
1182 2859 1317 2913 Cum
1355 2861 1501 2914 enim
1541 2859 1594 2914 in
1639 2860 1878 2931 Egypto
1914 2861 2107 2930 impie-

516 2952 616 3004 tati
652 2966 712 3004 se
741 2950 1105 3015 dedidissent,
1147 2951 1294 3004 domi
1329 2961 1382 3005 et
1418 2953 1523 3022 ipsi
1568 2953 1824 3023 spiritum
1869 2969 2103 3023 nequam

517 3041 758 3105 alebant,
798 3057 973 3110 coque
1003 3051 1116 3094 tum
1153 3042 1220 3097 iis
1253 3043 1472 3096 liberari
1507 3045 1758 3114 contigit,
1789 3060 1910 3098 cum
1944 3064 1962 3095 ι
1995 3044 2098 3098 Do-

517 3133 725 3185 mitium
760 3130 925 3185 Deum
960 3140 1112 3184 tuum
1150 3133 1428 3196 adorabis,
1453 3144 1506 3189 et
1535 3136 1616 3188 illi
1642 3137 1731 3188 uni
1757 3137 1962 3190 servies
1983 3137 2050 3201 ",
2079 3155 2096 3186 ι

517 3224 834 3277 audierunt.
873 3222 1098 3287 Deinde,
1124 3239 1249 3277 cum
1286 3224 1572 3280 Christum
1614 3228 1759 3280 domi
1805 3243 1901 3296 per
1947 3228 2102 3280 Iidem

517 3329 626 3366 non
658 3313 1033 3381 excepissent,
1063 3313 1115 3364 in
1159 3328 1281 3365 eum
1325 3315 1500 3368 loeum
1539 3332 1702 3386 quem
1744 3327 1906 3371 antea
1937 3319 2103 3386 Spiri—

516 3413 608 3459 tus
651 3406 968 3460 immundus
1011 3407 1338 3474 occupabat,
1376 3415 1670 3474 postquam
1721 3407 1956 3475 relinqui
2007 3422 2100 3458 va-

515 3512 680 3551 cuum
722 3505 871 3552 esset
928 3499 1186 3565 intuitus,
1231 3507 1286 3552 et
1331 3499 1447 3568 ipse
1486 3515 1708 3553 rursum
1756 3500 1973 3567 irrupit,
2011 3497 2102 3568 qui

513 3588 682 3642 etiam
750 3589 802 3642 in
862 3589 1202 3658 proditorem
1267 3599 1390 3659 post
1453 3590 1757 3652 buccellam
1818 3590 2104 3657 ingressus

515 3678 717 3732 fuerat.
767 3679 938 3734 Malas
993 3681 1131 3734 istas
1183 3692 1485 3750 potestates
1537 3683 1591 3736 in
1641 3681 2105 3750 profumlismmas

513 3767 718 3823 inferni
757 3777 943 3838 partes
978 3769 1098 3823 ideo
1129 3770 1353 3824 demisit
1385 3771 1663 3835 Salvator,
1697 3770 1842 3840 quod
1890 3777 2103 3828 animas

513 3861 571 3915 in
607 3869 810 3912 terram
861 3861 1096 3930 deprimi
1146 3862 1539 3933 incurvarique
1592 3866 1879 3931 fecissent,
1921 3871 2103 3938 qualis

513 3951 608 4004 illa
645 3949 748 4004 fuit
782 3967 904 4020 qua:
938 3939 1158 4020 penit’us
1199 3953 1391 4008 oeulos
1432 3956 1684 4010 attollere
1721 3973 1828 4012 nou
1864 3969 2101 4030 poterat,

513 4058 680 4112 quam
739 4044 792 4096 in
848 4040 1182 4112 Evangelio,
1231 4061 1353 4098 cum
1409 4049 1710 4102 Ahrahami
1769 4051 1877 4105 ﬁlia
1931 4063 2100 4117 esset,

514 4135 706 4188 decem
737 4143 786 4186 cl
819 4142 946 4187 octo
976 4150 1246 4188 annorum
1280 4139 1460 4206 spatio
1489 4142 1542 4192 in
1573 4141 1810 4194 vinculis
1843 4142 2104 4199 habuisse

515 4219 776 4274 Satanam
831 4219 1089 4276 Salvator
1141 4224 1432 4278 ailirinarit
1465 4226 1533 4278 ".
1575 4225 1706 4281 Erat
1755 4245 1889 4283 vero
1936 4232 2100 4285 etiam

512 4311 778 4378 ejusmodi
809 4322 919 4366 tota
947 4312 1262 4368 Judteorum
1301 4315 1612 4388 Synagoga.
1646 4320 1775 4375 lnde
1796 4334 1874 4378 est
1914 4325 2101 4393 igitur,

2215 488 2412 556 ψομαι,
2447 488 2540 540 καὶ
2572 487 2633 540 τὸ
2661 467 2833 558 ὄνομα
2857 488 3064 558 Κυρίου
3101 489 3515 559 ὲπικαλέσομαι.
3598 493 3666 545 Τὸ
3691 467 3776 550 ὧν

2213 578 2500 644 ποτήριον
2529 577 2852 648 δοθήσεσθαι
2885 581 2999 641 τοῖς
3023 579 3194 648 αὐτῆς
3217 579 3344 632 πολε
3356 581 3518 650 μεοις,
3549 585 3639 636 καὶ
3661 588 3780 640 ταύ-

2213 687 2311 736 την
2354 663 2642 740 ήδικηκόσι
2689 669 2857 738 φησι·
2893 669 2974 721 διὸ
3023 671 3170 722 κατά
3209 670 3508 740 Σύμμαχον
3540 675 3776 743 εἴρηται·

2213 764 2318 815 Kal
2358 762 2524 826 θήσω
2549 761 2697 816 αὐτὸ
2729 764 2815 827 εις
2845 761 3048 830 χεῖρας
3084 762 3204 814 τῶν
3231 761 3672 818 ἀποικισάντων
3694 785 3778 822 σε.

2214 854 2372 913 Εἰκὸς
2398 852 2646 905 δὲταῦτα
2676 852 2772 905 καὶ
2811 854 2940 922 περὶ
2969 852 3364 922 ἀντικειμένων
3395 853 3670 923 δυνάμεων
3700 858 3782 910 λέ-

2212 945 2424 1012 γεσθαι,
2457 939 2543 1006 αἷς
2572 945 2858 998 ἀποστᾶσα
2893 943 3031 996 Θεοῦ
3059 943 3209 1015 ψυχὴ
3257 943 3461 1014 ἑαυτὴν
3487 946 3782 1013 ὑποτάττει,

2213 1036 2307 1086 καὶ
2363 1035 2526 1102 γήϊνα
2583 1034 2858 1103 φρονοῦσα
2904 1033 3106 1086 κύπτει
3162 1035 3296 1105 πρὸς
3352 1036 3478 1104 γῆν,
3507 1036 3600 1089 καὶ
3651 1039 3786 1104 τέὶος

2211 1125 2523 1177 ἀπλωθεῖσα
2551 1126 2688 1195 πρὸς
2721 1125 2918 1192 ἔδαφος
2942 1110 3053 1190 τοῖς
3079 1125 3190 1178 τῶν
3224 1126 3460 1178 ἑλόντων
3490 1127 3654 1197 αὐτὴν
3692 1146 3782 1182 κα-

2211 1219 2533 1268 ταπατεῖται
2566 1217 2720 1269 ποσίν
2741 1234 2753 1246 ⁸
2787 1218 2820 1287 ἡ
2844 1217 2900 1269 δὲ
2927 1216 3045 1286 Θεῷ
3075 1217 3403 1287 προσιοῦσα,
3432 1217 3614 1288 ὅρθιος
3637 1218 3783 1289 ἐστη-

2211 1322 2304 1357 κεν
2345 1305 2456 1358 ἄνω
2488 1305 2778 1373 βλέπουσα,
2815 1305 2912 1357 καὶ
2941 1306 3076 1375 προς
3100 1305 3266 1359 αὐτὸν
3301 1305 3616 1375 ἐπηρμένη.
3645 1306 3782 1370 Τινὲς

2211 1394 2267 1446 δέ
2318 1394 2740 1459 ἀδικησάντων
2786 1395 2958 1464 αὐτὴν
3010 1395 3194 1464 φασὶν,
3230 1395 3342 1448 τῶν
3370 1396 3684 1465 ὀρθοποδεῖν
3722 1401 3781 1466 μὴ

2213 1488 2687 1557 συγχωρησάντων
2718 1489 2853 1557 αὐτῇ
2884 1487 3406 1556 διδασκάλων.Ὂσῳ
3437 1486 3547 1557 γὰρ
3579 1482 3709 1556 ἦσαν
3737 1492 3782 1543 ἐν

2210 1585 2390 1650 τρυφῇ
2421 1597 2479 1632 τε
2517 1580 2610 1632 καὶ
2642 1581 2770 1651 δόξῃ
2793 1600 2804 1610 ·
2836 1581 3075 1650 τοσούτῳ
3090 1581 3449 1650 κπικροτέρας
3490 1579 3782 1632 ἀπέλαυσαν

2211 1672 2390 1742 δίκης,
2425 1664 2498 1723 ὧν
2547 1667 2693 1741 εἶχον
2741 1672 3118 1742 ἐστερημένοι.
3151 1674 3289 1743 Περὶ
3340 1673 3398 1724 δὲ
3448 1671 3558 1724 τῶν
3601 1673 3781 1740 νοητῶς

2211 1763 2584 1834 ἀδικησάντων
2635 1765 2729 1816 καὶ
2781 1763 2992 1826 Παῦλός
3027 1781 3231 1834 φησιν’
3273 1783 3291 1815 ι
3325 1765 3388 1816 Εἰ
3441 1763 3497 1816 δέ
3544 1765 3636 1816 καί
3682 1765 3780 1815 ἐστι

2209 1857 2626 1925 κεκαλυμμένον
2671 1856 2733 1909 τὸ
2768 1857 3098 1924 Εὐαγγέλιον
3139 1855 3394 1926 ήμῶν,ἐν
3422 1859 3536 1917 τοῖς
3566 1856 3778 1908 ἀπολλυ-

2213 1946 2396 2014 μένοις
2447 1945 2566 1998 ἐστὶ
2616 1945 3055 2015 κεκαλυμμένον,
3087 1948 3143 1998 ἐν
3176 1940 3256 2007 οἷς
3287 1945 3316 1996 6
3343 1944 3480 2006 Θεὸς
3527 1945 3778 2013 ἐτύφλωσε

2210 2034 2302 2087 τοῦ
2337 2035 2533 2098 αἰῶνος
2563 2035 2754 2088 τούτου
2797 2037 2864 2088 τὰ
2908 2039 3156 2106 νοήματα
3201 2037 3311 2090 τῶν
3342 2035 3609 2100 ἀπίστων,
3637 2039 3708 2099 εὶς
3729 2039 3777 2089 τὸ

2213 2128 2286 2196 μὴ
2333 2128 2627 2196 διαυγὰσαι
2652 2128 2744 2181 τὸν
2779 2129 3056 2198 φωτισμὸν
3086 2128 3556 2197 τοῦἘύαγγελίου
3587 2132 3678 2197 τῆς
3701 2130 3770 2182 δί-

2212 2226 2306 2294 ξής
2354 2227 2448 2279 τοῦ
2502 2225 2762 2296 Χριστοῦ.
2795 2243 2814 2277 ι
2851 2225 3105 2278 Τοιοῦτόν
3155 2243 3205 2278 τι
3259 2225 3414 2295 δηλοῖ
3467 2226 3564 2278 καὶ
3603 2227 3660 2278 τὸ
3695 2226 3773 2280 τοῧ

2209 2317 2524 2386 ἀκαθάρτου
2559 2315 2870 2384 πνεύματος
2898 2313 2992 2366 τοῦ
3027 2314 3145 2383 μεθ’
3166 2315 3373 2386 ἐτέρων
3401 2309 3543 2368 ἐπ’τὰ
3572 2333 3775 2386 πονηρο-

2209 2407 2381 2476 τέρων
2432 2407 2870 2477 ὑποστρέψαντος
2918 2406 3040 2458 ὅθεν
3087 2405 3332 2473 ἐξῆλθεν.
3373 2407 3597 2474 Ἑπὰγει
3645 2407 3770 2479 γάρ’

2214 2516 2232 2547 ι
2267 2497 2454 2558 Οὕτως
2487 2497 2639 2550 ἔσται
2667 2499 2732 2566 τῇ
2765 2497 2978 2566 πονηρᾷ
3011 2497 3176 2566 γενεᾷ
3205 2496 3407 2570 ταύτῃ.
3439 2515 3456 2548 ι
3500 2499 3587 2550 Ἐν
3625 2496 3770 2564 Αἰγύ-

2211 2606 2328 2657 πτῳ
2361 2587 2460 2657 μὲν
2491 2587 2602 2656 γὰρ
2633 2588 3002 2656 ἀσεϐήσαντες
3050 2587 3258 2642 ἐνοικον
3305 2588 3468 2658 ἔσχον
3495 2588 3555 2641 τὸ
3583 2589 3770 2656 πνεῦμα

2208 2679 2267 2732 τὸ
2301 2678 2556 2747 πονηρὸν,
2588 2673 2758 2747 οὗπερ
2789 2672 3190 2747 ἀπηλλάγησαν
3219 2677 3561 2741 ἀκούσαντες
3581 2695 3592 2708 ·
3631 2697 3647 2729 ι
3673 2679 3769 2732 Κύ-

2212 2789 2328 2843 ριον
2358 2773 2450 2823 τὸν
2482 2771 2614 2823 ωεόν
2645 2787 2738 2822 σου
2769 2772 3193 2840 προσκυνήσεις,
3221 2771 3320 2824 καὶ
3351 2771 3500 2842 αὑτῷ
3531 2771 3668 2840 μόνῳ
3690 2770 3770 2822 λα-

2207 2865 2477 2932 τρεύσεις.
2511 2882 2528 2913 ι
2574 2857 2705 2916 Εἶτα
2751 2861 2825 2932 μὴ
2868 2861 3177 2932 δεξαμένων
3205 2863 3294 2916 διὰ
3327 2863 3563 2927 πίστεως
3589 2862 3768 2929 ἐνοικον

2207 2957 2300 3008 τὸν
2345 2954 2577 3025 Χριστὸν
2597 2995 2609 3013 ,
2642 2953 2702 3006 τὸ
2736 2953 3048 3023 ἀκάθαρτον
3077 2953 3299 3024 πνεῦμα
3335 2952 3658 3022 σχολάζοντα
3696 2951 3771 3004 τὸν

2210 3048 2372 3100 τόπον
2416 3047 2506 3098 τὸν
2535 3047 2764 3115 ἀρχαῖον
2791 3045 2971 3116 εὐρὺν,
3008 3040 3166 3107 αὖθις
3196 3047 3274 3108 εἰς
3313 3046 3475 3099 αὑτὸν
3507 3043 3766 3114 εἰσεπήδη-

2209 3161 2300 3196 σεν
2319 3159 2333 3172 ·
2367 3143 2395 3195 ὃ
2421 3143 2514 3194 καὶ
2543 3142 2634 3195 τὸν
2664 3142 2931 3212 προδότην
2961 3140 3102 3211 μετὰ
3123 3140 3183 3194 τὸ
3211 3141 3430 3213 ψώμιον
3457 3138 3765 3194 ὐπέδυ.Ταύ-

2206 3255 2303 3300 τας
2336 3241 2364 3290 6
2396 3236 2585 3307 Σωτὴρ
2620 3237 2720 3299 τὰς
2746 3236 2988 3306 πονηρὰς
3019 3236 3279 3307 δυνάμεις
3310 3237 3394 3300 εἰς
3429 3236 3553 3308 ᾅδου
3581 3249 3764 3304 ταρτα-

2211 3329 2390 3399 ρώσας
2425 3329 2756 3398 παρέδωκεν,
2787 3328 2902 3382 ἀνθ’
2933 3322 3010 3382 ὧν
3043 3329 3122 3391 εἰς
3145 3329 3250 3397 γῆν
3288 3327 3392 3391 τὰς
3416 3328 3588 3398 ψυχὰς
3618 3341 3762 3378 κατα-

2207 3421 2459 3472 ϐαλόντες
2494 3418 2872 3488 συνέκαμψαν,
2899 3419 3059 3472 ὁποία
3081 3415 3149 3488 ἦν
3175 3421 3209 3488 ἡ
3236 3419 3292 3472 ἐν
3316 3418 3626 3486 Εὐαγγελξῳ
3647 3433 3760 3469 παν-

2206 3509 2374 3571 τελῶς
2409 3507 2708 3562 ἀνανεῦσαι
2735 3510 2808 3578 μὴ
2831 3509 3128 3580 δυναμένη,
3158 3510 3289 3580 περὶ
3318 3505 3384 3581 ἧς
3415 3510 3592 3576 ἔλεγεν
3621 3509 3759 3561 62m-

2205 3601 2330 3668 τήρ’
2359 3618 2376 3650 ι
2405 3599 2621 3668 Ταύτην
2643 3599 3004 3670 δέ-θυγατέρα
3029 3599 3200 3654 οὖσαν
3216 3601 3473 3671 ’Λ6ραὰμ
3503 3603 3565 3669 ἦν
3599 3599 3759 3667 ἔδησεν

2205 3694 2232 3744 6
2250 3693 2494 3753 Σατανᾶς
2517 3691 2648 3744 δέκα
2676 3694 2766 3744 καὶ
2795 3690 2942 3744 ὀκτὼ
2974 3691 3090 3762 ἐτη.
3129 3709 3146 3742 ι
3174 3693 3284 3744 Καὶ
3316 3694 3468 3746 πᾶσα
3488 3691 3544 3744 δέ
3569 3683 3755 3756 τοιαύῖη

2205 3781 2312 3835 τῶν
2349 3781 2616 3834 Ἰουδαίων
2647 3776 2714 3851 ἦν
2752 3784 2784 3850 ἡ
2819 3784 3110 3853 συναγωγή
3135 3799 3148 3813 ο
3181 3783 3264 3836 διὸ
3297 3783 3460 3838 πάλιν
3486 3778 3754 3851 ἐγερθῆναι

2204 3870 2377 3941 ταύτῃ
2429 3868 2868 3940 παρακελεύεται
2915 3871 3058 3925 κατὰ
3088 3875 3145 3926 τό
3165 3889 3178 3902 ·
3218 3875 3510 3944 «Ἐγειραι
3537 3876 3563 3924 ὁ
3588 3871 3753 3923 καθεύ-

2203 3965 2328 4030 δων,
2356 3965 2450 4017 καὶ
2476 3965 2686 4018 ἀνάστα
2717 3967 2780 4017 ἐκ
2813 3965 2922 4018 τῶν
2953 3965 3182 4040 νεκρῶν,
3217 3967 3316 4019 καὶ
3381 3964 3659 4034 ἐπιφαύσει
3687 3977 3749 4012 act

2204 4059 2232 4110 6
2260 4056 2518 4126 Χριστός.
2548 4075 2567 4110 ι
2608 4056 2719 4110 Καὶ
2776 4058 2918 4110 κατὰ
2976 4057 3069 4126 τό·
3113 4077 3132 4109 ι
3164 4059 3254 4112 Διὸ
3305 4059 3402 4124 τὰς
3460 4054 3751 4136 παρειμένας

2204 4151 2414 4218 χεῖρας,
2445 4152 2537 4201 καὶ
2587 4147 2657 4200 τὰ
2705 4148 3015 4219 παρειμένα
3047 4149 3252 4217 γόνατα
3286 4148 3638 4222 ἀνορθώσατε,
3677 4143 3748 4196 καὶ

2204 4237 2428 4308 τροχιας
2460 4236 2629 4308 ὀρθὰς
2661 4241 2866 4290 ποιεῖτε
2894 4241 3007 4302 τοῖς
3038 4239 3196 4292 ποσὶν
3226 4240 3403 4310 ὑμῶν.
3437 4259 3454 4290 ι
3502 4235 3745 4290 Ἐνδυσιιι

2203 4328 2282 4394 δέ,
2318 4330 2473 4398 φησὶ,
2508 4329 2622 4396 τὴν
2642 4331 2826 4397 ἰσχύν
2851 4345 2988 4396 σου,
3013 4331 3312 4402 ἐπειδήπερ
3343 4331 3453 4402 ἔχει
3479 4329 3590 4382 τινὰ
3615 4323 3740 4395 μεγί-

511 4403 659 4472 quod
707 4421 827 4456 eam
881 4404 1080 4460 iterum
1116 4415 1175 4460 ut
1207 4412 1503 4471 excitetur,
1555 4411 1900 4466 adhortatur.
1937 4414 2100 4468 Juxta

2210 4437 2345 4490 στην
2381 4423 2534 4489 ἰσχὺν
2569 4423 2602 4490 ἡ
2634 4419 2825 4490 λογικὴ
2845 4422 3015 4492 ψυχή.
3050 4421 3274 4490 Πρῶτον
3306 4423 3362 4475 δὲ
3393 4421 3453 4474 τὸ
3480 4413 3744 4486 ἐξεγερθῆ·

514 4495 648 4549 illud
687 4513 700 4549 :
749 4515 766 4546 ι
802 4495 1056 4552 Ισῖχοὶιιιηι
1093 4499 1186 4566 qui
1234 4500 1463 4566 dormis,
1502 4511 1554 4555 et
1586 4507 1815 4574 iesurge
1856 4522 1918 4560 ex
1957 4523 2105 4561 utor-

513 4589 646 4651 tuis,
671 4601 723 4642 et
755 4589 1043 4644 illucescet
1074 4591 1174 4644 tibi
1202 4591 1461 4648 Christus
1487 4595 1556 4648 ’⁷.
1589 4614 1607 4645 ι
1640 4596 1702 4648 Et
1735 4598 1864 4651 illml
1895 4600 2060 4653 etiam
2087 4617 2100 4653 :

521 4697 538 4730 ι
584 4682 772 4749 itaque
811 4681 1077 4736 remissas
1125 4700 1324 4740 manus
1355 4696 1409 4741 et
1453 4688 1631 4742 soluta
1672 4706 1848 4758 genua
1887 4693 2102 4761 eri5ite,

2206 4523 2338 4564 ναιι
2384 4510 2478 4562 τοῦ
2523 4511 2817 4580 πτώματος
2865 4511 3048 4562 πυκνά
3079 4509 3565 4580 λεγόμενον.Ἐνθα
3587 4507 3680 4574 γὰρ
3701 4502 3742 4551 τὺ

2207 4600 2408 4670 πικρὸν
2441 4599 2540 4668 τῆς
2569 4599 2748 4668 δίκης,
2783 4600 2901 4652 ἐκεῖ
2952 4599 3045 4653 καὶ
3093 4601 3328 4670 συνεχὴς
3361 4602 3392 4670 ὴ
3424 4594 3739 4667 παράκλησις-

2208 4686 2362 4751 Εἱτα,
2394 4689 2454 4740 τὸ
2481 4689 2580 4758 τὴν
2632 4689 2770 4740 ἰδίαν
2804 4687 3208 4758 ἀναλαμϐάνειν
3245 4689 3572 4760 ἱσχύν.”Εχει
3596 4683 3644 4734 δὲ
3671 4676 3740 4732 καὶ

513 4778 568 4823 et
595 4786 820 4839 gressus
855 4779 1034 4826 rectos
1080 4772 1245 4828 facile
1295 4776 1531 4844 pedibus
1578 4781 1775 4833 vestris
1811 4781 1877 4835 ’⁸.
1912 4799 1929 4831 ι
1980 4780 2104 4834 Ideo

2208 4780 2394 4842 δόξαν
2448 4779 2715 4848 μεγίστην
2761 4779 2881 4832 κατ’
2915 4779 3101 4834 εἰκόνα
3148 4781 3490 4850 πεποιημένη
3524 4773 3608 4828 τοῦ
3633 4766 3735 4824 Κτί-

515 4871 698 4916 autem
732 4863 948 4916 induere
979 4865 1296 4928 fortitudine
1337 4879 1431 4922 tua
1462 4871 1621 4935 dixit,
1650 4871 1791 4932 quod
1831 4873 2104 4926 maximas

517 4955 782 5022 quasdam
854 4955 1165 5023 facilitates,
1210 4976 1332 5028 qua:
1381 4963 1614 5018 rationis
1668 4973 1753 5017 est
1805 4967 2101 5032 particeps,

518 5043 701 5095 anima
753 5045 969 5099 habent.
1000 5046 1244 5102 Primum
1292 5051 1514 5119 quidem
1547 5063 1608 5107 ut
1652 5070 1712 5108 se
1740 5054 1897 5124 lapsu
1933 5055 2102 5125 (quod

517 5148 660 5202 saepe
695 5134 900 5189 dictum
933 5139 1036 5209 est)
1067 5141 1281 5194 excitet.
1322 5141 1454 5198 Nam
1490 5144 1583 5199 ubi
1623 5147 1738 5214 ipsa
1782 5155 1867 5200 est
1911 5157 2103 5218 ptena—

519 5241 639 5278 rum
671 5231 967 5294 acerbitas,
1005 5231 1076 5284 ibi
1127 5241 1180 5287 ct
1209 5234 1468 5305 frequens
1503 5238 1828 5292 consolatio.
1875 5238 2102 5305 Deinde,

589 5401 636 5434 ὐ
665 5399 813 5454 Psal.
846 5418 899 5465 τ,
934 5403 986 5456 7.

1091 5407 1136 5438 ²¹
1171 5407 1314 5465 Psal.
1349 5427 1471 5476 cxv,
1508 5413 1595 5466 15.

520 5471 563 5501 "
598 5471 734 5527 Luc.
774 5489 890 5538 xui,
924 5474 1013 5527 16.

1091 5477 1134 5508 ⁸⁷
1162 5477 1364 5550 ΕρΙιυε.
1411 5498 1460 5550 v,
1497 5483 1582 5538 Η.

1701 5415 1745 5445 ’⁵
1775 5412 1814 5467 11
1854 5414 1985 5470 Cor.
2025 5431 2098 5478 ιν,
2135 5414 2188 5479 5,
2220 5415 2276 5470 4.

1662 5486 1708 5515 ’³
1739 5485 1904 5541 llebr.
1943 5501 2042 5550 xii,
2081 5486 2166 5538 15.

2207 4888 2434 4935 σαντος,
2463 4869 2557 4923 καὶ
2603 4869 2766 4924 αὑτὸν
2815 4869 3016 4940 ἔχουσα
3065 4871 3274 4936 δόξαν,
3319 4873 3382 4942 ἣν
3428 4861 3737 4921 ἐπαναλαϐεῖν

2207 4961 2458 5032 βούλεται
2483 4962 2787 5030 γενομένην
2812 4962 2996 5016 πόλιν
3020 4962 3216 5029 ἁγίαν,
3239 4963 3320 5027 ὡς
3336 4956 3534 5030 μηκέτι
3565 4953 3630 5008 δι’
3653 4950 3734 5003 αἰ·-

2205 5055 2318 5122 τῆς
2361 5053 2691 5108 διαϐαίνειν
2741 5053 3026 5125 ἁλλογενῆ,
3075 5054 3107 5123 ἦ
3161 5039 3734 5122 εἰδωλολάτρην.”οτιόὲ

2206 5145 2356 5210 δόξα
2387 5147 2413 5197 6
2434 5147 2534 5214 τῆς
2557 5143 2742 5210 δόξης
2769 5145 2996 5215 Κύριος,
3023 5145 3082 5208 ὃς
3107 5147 3223 5198 ἐστι
3255 5144 3496 5216 Χριστὸς,
3516 5136 3645 5210 δηλοῖ
3661 5129 3731 5184 καὶ

2207 5237 2373 5290 Δαὸίδ
2391 5253 2404 5266 ·
2449 5256 2468 5288 ι
2491 5237 2862 5308 Ἐξεγέρθητι,
2881 5237 3128 5308 λέγων,ή
3159 5237 3290 5303 δόξα
3323 5255 3439 5310 μου.
3468 5254 3485 5288 ι
3515 5229 3611 5287 Καὶ
3632 5221 3732 5292 ’περ’ὶ

3319 5418 3364 5451 η
3402 5414 3544 5471 Deut.
3569 5421 3632 5470 VI,
3660 5398 3726 5455 15.

2379 5415 2425 5445 υ
2453 5411 2643 5469 Matth.
2675 5431 2774 5481 xu,
2811 5415 2891 5470 is.
2998 5413 3043 5448 ιι
3074 5377 3207 5472 ibid.

1817 5598 2050 5652 νΑιιιΛῑ
2093 5581 2497 5655 moriones.

630 5674 646 5726 Ξ
684 5694 774 5745 πμ.
815 5679 934 5746 μέν.
