3916 6416
252 324 381 394 2505

1374 319 1910 382 COMMENTARII
1936 318 2021 380 IN
2058 318 2344 378 ISAIAM.

3379 317 3523 381 9:306

259 438 356 489 τῶν
385 430 770 496 πιστευόντων,
810 448 829 482 ι
857 431 938 484 ὅτι
992 430 1051 484 τὸ
1103 430 1365 502 καύχημα
1417 433 1517 502 τῆς
1555 432 1827 503 δυνάμεως

1942 440 2002 486 ut
2031 432 2180 485 vires
2232 445 2362 485 suas
2419 428 2693 485 instauret
2737 444 2802 484 ac
2856 437 3121 485 resumat.
3177 426 3354 485 liabet
3394 441 3523 483 vero

270 526 432 582 αὐτῶν
468 521 517 578 εἷ
556 523 636 577 σύ.
671 541 685 574 t

1934 537 2284 594 permagnam
2342 526 2505 577 etiam
2565 522 2825 591 gloriam,
2883 520 3030 592 qUod
3086 520 3152 576 ad
3208 521 3522 577 Conditoris

267 618 530 687 exemplar
562 614 773 681 eliecta,
814 631 880 671 eo
914 615 1102 684 etiam,
1131 616 1224 687 qui
1290 617 1463 688 gloria
1505 626 1611 683 est,
1639 615 1868 685 potitur,
1939 627 2103 684 quam
2160 614 2279 667 vult
2340 628 2620 668 resumere
2671 614 2939 667 civitatem
2987 623 3251 676 sanctam,
3307 622 3364 665 ut
3418 630 3521 667 non

267 710 423 785 ipsam
460 712 688 782 amplius
730 721 1062 780 pertranseat
1099 722 1388 778 externus,
1416 724 1510 768 aut
1553 713 1827 768 idolorum
1870 712 2071 765 cultor.
2133 710 2270 766 Esse
2321 721 2505 766 autem
2539 727 2663 765 eum
2696 711 2875 780 ipsum
2909 709 3163 781 gloriam,
3204 710 3297 779 qui
3338 711 3526 780 gloria:

265 809 517 862 Dominus
568 815 673 869 ρει,
705 803 984 859 Christum
1035 806 1269 871 scilicet,
1305 807 1423 875 ipse
1463 806 1653 870 etiam,
1686 804 1778 873 qui
1819 842 1835 870 ,
1885 822 1905 854 ι
1943 800 2211 872 Exsurge,
2242 803 2402 873 587
2433 804 2604 873 gloria
2634 819 2773 870 mea,
2820 804 3041 867 cecinit,
3081 823 3100 855 ι
3142 812 3381 857 testatur
3422 804 3523 857 Da-

262 899 344 955 vid
374 897 444 963 ”;
476 898 568 967 qui
600 911 819 949 rursum
852 897 920 951 de
952 897 1309 951 credentibus
1343 900 1563 953 locutus
1590 916 1602 951 ε
1640 916 1657 948 t
1690 896 1831 962 Quia
1865 894 2122 967 gloriatio
2148 909 2338 950 eorum
2374 905 2429 949 tu
2457 911 2515 950 es
2542 895 2610 961 ⁸ο,
2645 915 2662 948 ι
2705 896 2947 964 scripsit.

323 989 453 1041 Τίνα
505 988 561 1039 δὲ
607 986 807 1057 τρόπον
871 985 1262 1057 ἐνδυσώμεθα
1325 988 1444 1056 τὴν
1485 989 1689 1057 ἰσχὺν,
1728 986 1826 1041 καὶ

259 1081 366 1147 τὴν
387 1078 578 1143 δόξαν
609 1079 637 1131 ὁ
673 1077 840 1145 σοφὸς
870 1078 1193 1150 παρέστησε
1238 1079 1450 1141 Παῦλος
1481 1079 1671 1132 εἰπών’
1707 1078 1827 1133 Ἐν-

257 1170 479 1226 δύσασθε
511 1171 603 1223 τὸν
634 1168 839 1240 Κύριον
872 1170 1028 1240 ἡμῶν
1056 1171 1301 1238 Ἰησοῦν
1326 1172 1418 1225 τὸν
1441 1161 1691 1242 Χριστόν.
1717 1170 1829 1224 Καὶ

258 1265 445 1319 πάλινο
478 1262 636 1316 Ὅσοι
691 1262 800 1334 γὰρ
846 1262 1083 1332 Χριστὸν
1132 1263 1541 1326 ἐδαπτίσασθε,
1592 1262 1829 1334 Χριστὸν

256 1354 590 1410 ἐνεδύσασθε.
617 1354 691 1408 Τὸ
716 1354 774 1408 δὲ
799 1355 1092 1425 πρόσωπον
1112 1355 1214 1424 τῆς
1244 1354 1576 1427 Ἐκκλησίας
1601 1355 1831 1420 Ἡσαΐας

253 1448 454 1515 εἰσάγει
502 1447 710 1515 λέγων·
751 1465 770 1498 ι
811 1442 1186 1515 Ἀγαλλιάσθω
1232 1449 1265 1516 ἡ
1308 1446 1453 1519 ψυχή
1491 1465 1593 1518 μου
1626 1447 1719 1500 ἐπὶ
1749 1446 1827 1517 τῷ

251 1538 452 1610 Κυρίῳ.
512 1539 760 1592 Ἐνέδυσε
813 1541 924 1610 γάρ
977 1558 1043 1609 με
1098 1540 1315 1609 ἱμάτιον
1368 1541 1671 1611 σωτηρίου,
1733 1540 1828 1593 καὶ

251 1631 444 1703 χιτῶνα
482 1630 823 1701 εὐφροσύνης
843 1649 856 1662 ·
890 1650 908 1681 ι
939 1632 1004 1699 ἦν
1033 1630 1125 1683 νῦν
1159 1631 1338 1700 ἁγίαν
1374 1632 1548 1696 καλεῖ,
1579 1632 1654 1694 ὡς
1687 1630 1826 1701 σύμ-

253 1740 452 1795 μορφον
490 1723 569 1792 τῷ
593 1722 838 1793 Χριστῷ,
877 1724 970 1776 καὶ
1006 1724 1164 1787 ἀγίου
1208 1725 1542 1794 μετέχουσαν
1573 1724 1827 1793 Πνεύμα-

247 1832 352 1878 τος,
395 1816 451 1868 ἐν
557 1816 653 1868 καὶ
681 1814 1134 1886 ὲσφραγίσθημεν
1164 1818 1245 1879 εἰς
1276 1816 1489 1887 ἡμέραν
1515 1813 1833 1885 ἀπολυτρώ-

250 1923 381 1969 σεως
417 1907 603 1959 πάντα
635 1900 805 1976 ῥύπον
834 1907 1252 1978 ἀπονιψάμενοι,
1288 1908 1346 1971 ὃς
1378 1909 1472 1961 καὶ
1499 1908 1679 1961 πᾶσαν
1734 1906 1831 1974 ἐφ-

252 1999 362 2051 οδον
412 1997 579 2069 ἡμῶν
610 1999 924 2069 διαϐολικὴν
958 2001 1329 2071 ἀποκρούεται
1367 2000 1575 2067 λέγων’
1617 1999 1832 2053 Οὺιιέτι

245 2088 721 2157 προστεθήσεται
749 2089 847 2144 διὰ
873 2091 991 2145 σοῦ
1018 2089 1282 2146 διελθεῖν
1305 2092 1703 2159 ἀπερίτμητος
1731 2092 1829 2144 καὶ

244 2181 598 2250 ἀκάθαρτος.
624 2183 734 2236 Καὶ
760 2183 1055 2252 ίστορικῶς
1082 2183 1139 2237 δὲ
1166 2183 1235 2237 τὰ
1262 2184 1522 2254 περίοικα
1554 2183 1682 2255 ἔθνη
1710 2201 1833 2236 συν-

246 2273 383 2342 έχεις
414 2273 647 2341 ἐφόδους
682 2273 1007 2345 ποιούμενα,
1044 2276 1327 2346 μονονουχὶ
1360 2276 1426 2328 δι’
1459 2275 1629 2344 αὐτῆς
1657 2275 1831 2346 χαμαὶ

242 2363 495 2434 κειμένης
532 2364 877 2433 διήρχοντο.
915 2367 1003 2429 Ὠς
1032 2368 1095 2420 ἐκ
1120 2368 1224 2437 γῆς
1256 2367 1311 2421 δὲ
1344 2368 1703 2439 ἀνισταμένη,
1736 2369 1830 2420 κού¹

240 2456 343 2509 τῶν
384 2457 602 2526 γηΐνων
647 2457 895 2529 γεμούση
949 2458 1059 2511 τὸν
1093 2458 1247 2527 χοῦν
1289 2458 1600 2524 ἐκτινάξαι
1653 2476 1830 2529 παρα-

200 2610 207 2611 ,
240 2548 549 2613 κελεύεται,
594 2548 655 2602 τὸ
698 2550 954 2621 φρόνημα
999 2550 1243 2624 δηλονότι
1287 2551 1348 2605 τὸ
1382 2553 1666 2624 σαρκικδν,
1689 2551 1716 2605 δ
1748 2553 1829 2605 δεῖ

240 2640 511 2711 προαποθε
526 2640 747 2709 μένους,
791 2641 938 2695 οὕτω
972 2643 1261 2713 προσιέναι
1310 2644 1555 2714 Χριστῷ,
1611 2641 1825 2697 Παύλου

237 2728 482 2799 λέγοντος
503 2748 520 2761 ·
554 2732 814 2785 «Ἐκδύσα
824 2733 915 2786 σθε
934 2734 1026 2789 τὸν
1045 2734 1269 2787 παλαιὸν
1284 2734 1592 2806 ἄνθρωπον,
1606 2753 1622 2785 t
1646 2735 1742 2788 καὶ
1758 2736 1826 2791 τὰ

239 2821 378 2893 ἑξῆς.
409 2824 475 2877 Ὃ
506 2823 579 2892 δὴ
615 2823 916 2893 δράσαντες
958 2826 1301 2897 ἀνιστάμεθα
1347 2826 1492 2898 ὀρθῷ
1536 2828 1629 2881 καὶ
1657 2829 1824 2899 βεϐη-

238 2915 349 2968 κότι
372 2914 450 2986 τῷ
483 2915 761 2987 λογισμῷ,
806 2916 952 2970 καθά
988 2934 1071 2982 τις
1103 2918 1471 2990 παραγγέλλει
1503 2920 1788 2991 προφήτης
1809 2935 1822 2949 ⁹

244 3023 262 3057 ι
307 3006 519 3076 Στῆσον
574 3009 828 3077 σεαυτὴν,
871 3011 1031 3063 Σιών.
1068 3029 1086 3061 ι
1127 3012 1235 3064 Καὶ
1289 3011 1456 3066 Δασιδ
1508 3010 1563 3064 δέ
1622 3027 1822 3083 φησιν’

2000 984 2121 1051 Quo
2160 987 2355 1041 deinde
2410 987 2573 1040 ntodo
2630 987 3001 1057 fortitudinem
3047 996 3098 1042 et
3163 990 3391 1059 gloriam
3444 989 3525 1043 irt-

1933 1078 2187 1143 duamur,
2207 1079 2449 1148 ‘sapiens
2482 1080 2759 1149 expressit
2786 1078 3019 1145 Paulus,
3050 1095 3173 1133 cum
3205 1097 3305 1136 nos
3339 1081 3523 1134 Domi-

1935 1185 2067 1224 num
2099 1178 2352 1225 nostrum
2383 1169 2569 1225 Jesum
2589 1170 2870 1225 Christum
2896 1170 3125 1225 induere
3146 1170 3519 1241 pra’cipit’“;

1936 1276 2062 1316 cum
2096 1277 2292 1319 rursus
2325 1278 2517 1317 omnes
2546 1263 2599 1317 in
2653 1262 2932 1317 Christum
2982 1262 3309 1331 baptizatos,
3358 1262 3549 1316 (ΞΜ-ἰ·-

1935 1358 2083 1406 stum
2124 1352 2309 1421 ipSnm
2342 1352 2596 1408 induisse
2625 1352 2965 1421 significavit
2991 1351 3058 1406 ³¹.
3100 1352 3329 1421 _|ndueit
3389 1368 3522 1407 vero

1936 1443 2203 1499 Ecclesiae
2267 1458 2563 1514 personam
2614 1444 2669 1497 in
2725 1444 2870 1498 hunc
2919 1444 3139 1496 modum
3204 1446 3519 1514 loquentem

1935 1534 2105 1591 Isaias
2149 1554 2161 1589 :

1936 1628 2054 1682 duit
2091 1643 2175 1683 me
2202 1629 2535 1684 vestimento
2574 1627 2794 1692 salutis,
2830 1636 2884 1683 et
2917 1628 3105 1680 tttnica
3138 1628 3344 1681 laetitia
3372 1628 3415 1658 ³²
3446 1645 3459 1681 :
3496 1646 3515 1679 ι

1937 1734 2302 1790 quamnunc
2355 1728 2602 1773 sanctam
2666 1722 2907 1790 appellat
2971 1727 3236 1786 tanquam
3302 1719 3567 1775 CIII‘iSIO'

1937 1813 2300 1878 conformem,
2341 1812 2700 1883 Spiritusque
2733 1813 2910 1867 sancti
2940 1812 3292 1881 participem,
3328 1813 3380 1866 in
3413 1827 3524 1881 quo

1933 1907 2193 1962 sordibus
2227 1907 2432 1962 ablutis
2468 1907 2668 1978 signati
2700 1922 2896 1962 sumus
2933 1911 2985 1959 in
3016 1905 3163 1960 diem
3193 1907 3526 1976 redemptio-

1934 1999 2054 2065 nis;
2089 2000 2183 2069 qui
2216 2014 2406 2054 omnes
2433 1999 2597 2053 etiam
2627 1999 2937 2053 diabolicos
2977 1998 3219 2054 insultus
3269 2013 3298 2051 a
3362 2000 3523 2053 nobis

1933 2090 2239 2158 propulsat,
2271 2091 2356 2141 his
2385 2089 2568 2143 verbis
2599 2108 2613 2143 :
2658 2087 2782 2142 Non
2824 2089 3058 2158 amplius
3087 2099 3264 2159 perget
3289 2091 3522 2143 transire

1932 2193 2027 2247 per
2052 2187 2099 2231 te
2121 2179 2539 2232 incircumcisus
2571 2189 2621 2232 et
2654 2179 2984 2233 immundus.
3005 2179 3139 2233 Nam
3167 2192 3220 2233 et
3246 2197 3365 2233 eam
3392 2180 3521 2233 olim

1935 2269 2132 2324 vicina:
2189 2280 2408 2340 gentes,
2446 2274 2491 2326 si
2546 2286 2637 2325 res
2693 2281 2876 2341 gestas
2930 2269 3188 2335 intueris,
3246 2270 3519 2341 frequenti

1931 2364 2176 2415 exercitu
2243 2371 2508 2433 tanquam
2582 2363 2738 2417 ltutni
2793 2366 3069 2433 jacentem
3128 2368 3522 2419 COtlt‘ltltrallleS

1929 2456 2370 2522 pertransierunt.
2406 2454 2511 2511 Sed
2555 2456 2665 2525 jam
2715 2458 2863 2510 velut
2917 2467 3182 2520 erectam,
3242 2458 3521 2525 rebusque

1931 2546 2165 2599 terrenis
2192 2548 2496 2616 eppletam,
2530 2547 2797 2614 pulverem
2843 2547 3040 2617 ipsum,
3087 2548 3139 2601 id
3188 2556 3274 2601 est
3334 2546 3555 2601 carnis'

1928 2635 2242 2699 consilium,
2268 2645 2507 2689 excutere
2529 2636 2881 2703 adhortatur;
2905 2653 3012 2707 quo
3039 2653 3144 2691 non
3174 2638 3277 2692 nisi
3304 2640 3521 2707 ahjecto

1929 2727 1995 2781 ad
2046 2726 2332 2781 Christum
2370 2728 2501 2781 licet
2539 2731 2831 2792 accedere,
2885 2731 2933 2785 si
2988 2730 3159 2784 Paulo
3216 2731 3519 2795 credimus,

1927 2819 2021 2889 qui
2076 2831 2313 2875 veterem
2361 2821 2665 2887 hominem,
2713 2831 2945 2893 et'qute
2993 2824 3278 2895 deinceps,
3315 2840 3521 2878 exuere

1930 2912 2270 2982 prteeipit”.
2336 2913 2491 2980 Quod
2536 2915 2625 2968 ubi
2690 2918 3142 2985 prtcstiterimus,
3206 2927 3355 2971 recta
3415 2916 3522 2988 ipsi

1935 3012 2051 3059 tum
2088 3008 2308 3060 demum
2352 3007 2654 3077 stabilique
2686 3008 2901 3063 ratione
2933 3010 3329 3073 excitabimur,
3376 3011 3523 3065 sicut

244 3116 260 3149 t
288 3099 568 3169 Ἔστησεν
601 3099 695 3153 ἐπὶ
734 3102 944 3170 πέτρας
986 3103 1115 3183 τους
1144 3103 1315 3164 πόδας
1362 3121 1487 3181 μου.
1523 3124 1541 3156 t
1576 3098 1647 3177 ᾯ
1685 3122 1826 3178 παρ-

1935 3103 2068 3183 esta
2090 3098 2356 3168 propheta
2379 3101 2621 3170 quodam
2648 3099 3048 3169 signiﬁcatum,
3077 3101 3166 3155 ubi
3198 3102 3273 3156 ait
3305 3120 3318 3156 :
3356 3122 3373 3154 ι
3404 3103 3523 3156 Sta-

235 3189 419 3246 έπεται
455 3191 561 3245 καὶ
588 3191 672 3245 τό·
715 3192 1095 3250 Ἐκδύσασθε
1130 3197 1239 3249 τὸν
1273 3195 1502 3266 δεσμὸν
1537 3198 1645 3252 τοῦ
1690 3215 1822 3267 τρα-

234 3280 445 3349 χήλου.
486 3283 715 3353 Σειραϊς
761 3284 872 3354 γὰρ
901 3285 1011 3338 τῶν
1056 3286 1202 3339 ίδίων
1244 3288 1664 3360 ἁμαρτημάτων
1700 3290 1825 3344 ’ἐκα-

235 3389 353 3436 στος
388 3375 711 3444 σφίγγεται.
744 3377 859 3429 Καὶ
891 3377 997 3429 ὑπὸ
1024 3378 1162 3447 ζυγὰ
1183 3378 1240 3432 δὲ
1270 3381 1370 3450 τῆς
1394 3382 1675 3451 ἁμαρτίας
1700 3383 1831 3436 ὐποο

233 3464 554 3535 ϐληθέντες,
585 3485 605 3517 «
638 3468 1035 3540 Διαρῤήξωμεν
1072 3471 1201 3535 τοὺς
1231 3471 1466 3539 δεσμοὺς
1499 3473 1700 3537 αὐτῶν,
1736 3473 1832 3526 καὶ⁵

232 3556 635 3629 ἀπορρίψωμεν
666 3558 760 3628 ἀφ’
788 3560 947 3630 ήμῶν
978 3560 1075 3615 τὸν
1106 3561 1271 3631 ζυγὸν
1309 3563 1508 3630 αὐτῶν,
1547 3583 1565 3615 ι
1604 3564 1666 3616 τὸ
1693 3564 1832 3631 ἀγα-

234 3647 320 3701 θὸν
342 3648 628 3720 ἐλευθέρῳ
662 3650 1064 3721 κατορθοῦντες
1086 3653 1426 3724 φρονήματι,
1450 3653 1526 3716 ὡς
1550 3653 1682 3724 παρ’
1715 3653 1832 3716 ἐνὸς

232 3740 358 3810 ἡμῖν
387 3741 655 3811 εἰρῆσθαι
682 3742 709 3783 ι
744 3744 855 3796 τῶν
893 3744 1226 3816 προφητῶνο
1268 3763 1287 3797 ι
1318 3746 1430 3798 Καὶ
1458 3744 1829 3811 ὲξελεύσεσθε,

231 3833 321 3883 καὶ
349 3833 688 3904 σκιρτήσετε
729 3833 805 3898 ὡς
835 3839 1111 3907 μοσχάρια
1141 3837 1206 3888 ὲκ
1233 3834 1453 3905 δεσμῶν
1488 3836 1772 3906 ἀνειμένα.
1807 3856 1825 3887 ι

240 3922 328 3987 Ὠς
368 3925 660 3995 ἁμαρτίας
695 3926 803 3999 γὰρ
844 3929 941 3982 καὶ
976 3928 1229 3982 διαϐόλου
1258 3928 1550 3999 δεσμῶτιν,
1581 3931 1677 3983 καὶ
1711 3929 1833 3983 δού-

230 4012 326 4085 λην
341 4015 736 4086 αἰχμάλωτον
756 4021 915 4073 καλεί
930 4021 1030 4091 τὴν
1049 4021 1201 4074 Σιὼν
1222 4022 1392 4076 ἐλεῶν
1414 4023 1584 4093 αὐτὴν
1614 4026 1714 4095 τῆς
1739 4041 1832 4076 πι-

232 4106 507 4178 κροτάτης
534 4105 929 4172 ἁλώσεως.Ἢν
961 4110 1055 4163 καὶ
1079 4111 1374 4181 θυγατέρα
1402 4111 1606 4176 καλῶν,
1623 4116 1683 4166 τὸ
1716 4112 1834 4175 πῶς

231 4190 320 4248 οὖν
341 4196 482 4267 ἥλω,
517 4198 868 4269 παρίστησιν·
894 4200 971 4264 ὡς
1002 4202 1141 4273 αὐτὴ
1160 4202 1228 4256 δι’
1253 4202 1561 4275 αύτὴν,ούκ
1581 4203 1837 4277 ἀσθενείᾳ

230 4283 321 4336 τοῦ
349 4284 645 4351 σώζοντος,
694 4290 794 4358 τῆς
834 4288 894 4342 δὲ
936 4293 1214 4362 πατρικῆς
1271 4293 1678 4365 εὐσπλαγχνίας
1727 4296 1833 4362 ἀφο

230 4377 530 4444 ηνιάσασα.
567 4378 733 4433 Ὅθεν
780 4381 951 4452 αὐτὴν
1013 4382 1243 4451 δωρεὰν
1291 4385 1633 4454 πεπρᾶσθαι
1675 4387 1830 4458 φησί.

1937 3180 2028 3244 tne
2060 3197 2113 3245 te
2142 3191 2340 3260 ipsam,
2370 3207 2403 3246 ο
2441 3191 2574 3247 Sion
2606 3192 2671 3247 ³⁸.
2712 3212 2731 3245 t
2786 3194 2850 3248 Et
2878 3210 2909 3249 a
2958 3194 3161 3251 Davide
3190 3215 3202 3248 :
3237 3214 3255 3248 t
3317 3195 3524 3251 Statuit

1935 3298 2103 3353 supra
2158 3295 2370 3354 petram
2412 3286 2581 3356 pedes
2634 3302 2788 3342 meos
2813 3288 2880 3339 ³⁸.
2923 3305 2942 3338 ι
2999 3287 3100 3343 Cui
3152 3290 3413 3342 convenit
3467 3297 3525 3344 et

1932 3376 2092 3436 illud.
2133 3377 2277 3445 quod
2312 3379 2603 3447 sequitur:
2657 3378 2811 3433 Solve
2841 3380 3051 3433 vincula
3089 3381 3216 3434 colli
3247 3382 3345 3434 ttti.
3397 3379 3526 3435 Suis

1932 3468 2077 3522 enim
2110 3469 2348 3540 quisque
2379 3470 2642 3539 peccatis,
2691 3478 2749 3524 ttt
2796 3470 3032 3537 catenis,
3092 3471 3523 3539 constringitur.

1934 3561 2001 3614 Et
2039 3577 2162 3627 nos,
2206 3562 2299 3630 qui
2327 3563 2601 3617 scelerum
2630 3562 2764 3633 jugo
2794 3554 3183 3632 deprimimur,
3227 3583 3245 3615 t
3306 3564 3525 3619 Dirum-

1933 3666 2128 3720 pamus
2159 3652 2377 3704 vincula
2404 3651 2949 3721 eorum,jugumque
2989 3653 3237 3722 ipsorum
3271 3653 3525 3707 excutia-

1931 3757 2055 3797 mus
2091 3742 2157 3804 "‘,
2195 3759 2214 3793 ι
2244 3741 2417 3794 libera
2450 3741 2738 3796 voluntate
2761 3743 2910 3811 quod
2931 3743 3148 3812 justum
3178 3749 3263 3797 est
3287 3743 3523 3812 operati,

1934 3834 2077 3888 sicut
2107 3832 2193 3887 bis
2222 3832 2407 3887 verbis
2443 3847 2588 3887 unus
2624 3833 2701 3885 ait
2723 3833 3120 3902 prophetarum
3152 3848 3167 3886 :
3208 3849 3228 3883 ι
3269 3832 3335 3887 Et
3366 3848 3528 3903 egre-

1932 3923 2185 3987 diemini,
2218 3933 2269 3978 et
2306 3923 2547 3989 salictis,
2590 3932 2852 3992 tanquam
2892 3924 3049 3977 vituli
3082 3923 3322 3979 vinculis
3374 3927 3526 3981 rela-

1933 4015 2047 4069 xati
2078 4014 2144 4080 ⁸⁷,
2189 4033 2208 4066 ›
2254 4011 2469 4068 Sionem
2505 4014 2651 4068 enim
2687 4023 2951 4084 tanquam
3005 4014 3215 4084 peccati
3282 4013 3525 4069 diaboli-

1934 4120 2043 4176 que
2089 4104 2302 4176 laqueis
2369 4105 2727 4160 constrictam
2779 4113 2834 4159 et
2880 4106 3145 4175 captivam
3198 4105 3519 4175 alloquitur,

1934 4199 2185 4269 ejusdem
2237 4208 2463 4269 propter
2518 4197 2944 4269 expugnationis
2999 4198 3357 4254 acerbitatem
3417 4199 3525 4252 mi-

1937 4293 2216 4348 seratione
2248 4300 2594 4357 connnotus;
2628 4304 2793 4360 quam
2827 4291 2995 4344 etiam
3031 4292 3203 4360 filiam
3239 4290 3525 4361 appellan-

1937 4384 2032 4445 do.
2075 4399 2185 4437 non
2218 4382 2499 4438 servantis
2534 4380 2937 4447 imbecillitate,
2989 4384 3085 4436 sed
3140 4396 3238 4451 per
3287 4396 3367 4445 se,
3401 4395 3524 4450 qua:

229 4466 337 4520 Kal.
360 4470 477 4524 ἄνω
514 4470 625 4538 γὰρ
651 4471 927 4541 ἔφασκεν·
962 4494 980 4526 t
1003 4475 1137 4531 Ἰδοὺ
1171 4480 1291 4542 ταῖς
1334 4479 1634 4549 ἁμαρτίαις
1666 4479 1820 4550 ὑμῶν

1935 4485 2174 4548 paternae
2228 4475 2632 4530 benevolentia:
2682 4473 2898 4529 frenum
2951 4476 3247 4545 respuerit,
3298 4483 3519 4546 captant

229 4558 513 4632 ἐπράθητε
566 4563 732 4634 μηδὲν
789 4566 1391 4638 ἀντικαταλλαξάμενοι
1445 4569 1546 4639 τῆς
1609 4568 1819 4623 ἑαυτῶν

228 4653 528 4719 ἀπωλείας.
564 4678 583 4708 ι
611 4659 873 4722 Ἀκοντες
918 4660 1048 4730 γὰρ,
1086 4661 1162 4724 ὼς
1196 4662 1406 4726 εἰπεῖν,
1464 4662 1816 4732 ἀπηγόμεθα.

229 4745 338 4810 Διὸ,
372 4749 473 4817 καὶ
504 4748 708 4804 ἄκοντα
736 4750 827 4804 τὸν
875 4753 1098 4823 ἰσχυρὸν
1142 4753 1469 4807 ἐσκύλευσεν
1505 4756 1534 4807 ὁ
1558 4755 1817 4825 Χριστός.

235 4837 301 4889 Ἃ
329 4838 597 4910 δέδρακεν
623 4843 904 4913 ἐπιφέρων
928 4846 1057 4899 ἄνευ
1085 4845 1372 4915 ἀργυρίου
1412 4848 1820 4916 λυτρούμενος

230 4930 353 4993 τοὺς
391 4931 471 5002 μὴ
504 4938 795 5005 σωματικῇ
834 4937 1236 5005 περιπεσόντας
1271 4938 1646 5009 αἰχμαλωσίᾳ,
1685 4940 1822 4995 ἀλλὰ

231 5019 458 5094 ψυχικῇ,
499 5027 592 5077 καὶ
623 5025 717 5078 τοῦ
740 5027 923 5096 τιμίου
954 5029 1248 5099 δεομένους
1277 5031 1531 5102 αἵματος.

1925 4584 2049 4624 esse
2102 4567 2268 4639 588
2302 4568 2580 4633 ostendit;
2613 4567 2757 4623 unde
2785 4572 2959 4639 gratis
2991 4566 3353 4623 venundatum
3404 4582 3521 4622 esse

1925 4660 2145 4730 adjicit.
2192 4659 2325 4713 Nam
2353 4667 2407 4713 et
2444 4659 2704 4729 superius
2729 4658 2952 4714 dicebat
2986 4679 3000 4715 :
3041 4677 3060 4710 ι
3104 4659 3245 4713 Ecce
3277 4660 3520 4730 peccatis

1874 4739 1878 4743 ’
1925 4754 2125 4808 vestris
2158 4752 2459 4807 venundati
2496 4753 2654 4817 estis,
2705 4752 2860 4806 nulla
2901 4767 3002 4822 pro
3050 4752 3276 4805 interitu
3338 4761 3520 4809 vestro

1924 4845 2070 4901 facta
2104 4845 2540 4900 commutatione
2560 4845 2625 4898 ³⁸.
2663 4863 2681 4894 ι
2719 4842 2877 4898 Inviti
2911 4846 3080 4911 enim,
3115 4852 3174 4898 ttt
3216 4846 3286 4899 ita
3310 4846 3515 4912 dit-am,

1931 4940 2380 5009 abripiebantur;
2420 4938 2653 5008 ideoque
2684 4945 3080 5007 repugnantem
3106 4938 3379 5007 spoliasse
3409 4938 3518 4993 ior-

1933 5041 2042 5087 tem
2075 5032 2335 5085 Christus
2382 5029 2671 5084 dicitur".
2726 5027 2860 5094 Qua:
2906 5043 2966 5083 se
3002 5027 3202 5084 fecisse
3263 5030 3361 5094 ait,
3405 5048 3516 5086 non
3574 5050 3583 5055 ’

136 5102 153 5123 ⁸
230 5125 323 5165 eos
368 5125 590 5185 urgetth
645 5116 973 5184 redimendo,
1012 5122 1104 5190 qui
1162 5138 1272 5176 non
1342 5138 1661 5194 corporum,
1713 5125 1807 5180 sed
1848 5126 2161 5179 animorum
2209 5122 2474 5180 servitute
2504 5121 2936 5192 premebantur,
2980 5123 3332 5195 pretiosoque
3392 5140 3517 5180 san-

232 5207 394 5274 guine
439 5211 778 5283 indigebant.

300 5297 436 5355 Εἶτα
465 5303 735 5362 δείκνυσιν
772 5312 970 5366 ἑαυτὸν
1014 5313 1098 5365 ἀεὶ
1146 5311 1242 5365 τοῦ
1285 5311 1497 5384 Ἰσραὴλ
1552 5318 1815 5384 γεγονότα

1998 5298 2182 5376 Pergit
2224 5303 2424 5359 deinde
2479 5302 2698 5359 lsraelis
2742 5300 3083 5358 Salvatorem
3128 5312 3182 5359 et
3219 5307 3506 5372 redempto-

299 5428 351 5516 ’ξ
373 5430 521 5491 l‘sal.
558 5443 756 5516 I.VI,A9.
811 5444 861 5475 ³ο
883 5445 1052 5500 Eceli.
1088 5462 1164 5510 SI,
1196 5446 1290 5500 2‘2.
1326 5446 1406 5513 εἳ*
1446 5446 1647 5514 Ephcs.
1691 5451 1827 5516 "32‘

1955 5451 1991 5481 ³¹
2025 5447 2209 5516 Calat.
2234 5442 2436 5508 ttt,'27.
2515 5445 2559 5475 ³²
2600 5441 2704 5516 Isa.
2736 5442 2920 5516 119,1.
3000 5444 3044 5474 ³³
3073 5442 3268 5515 Εριιιιε.
3312 5461 3382 5503 tv.
3419 5444 3512 5501 24.

234 5497 407 5575 ’διεεεοΔ
426 5518 637 5575 xxxvii,
655 5497 754 5568 '22.

863 5517 908 5554 ⁸⁸
938 5516 1082 5571 I’sal.
1126 5534 1315 5581 nunc,
1350 5518 1401 5571 5.

232 5583 309 5637 at,
345 5572 438 5626 22.

1481 5519 1525 5551 ³⁸⁵
1560 5519 1708 5575 l’sal.
1771 5538 1832 5587 tt,

1910 5522 1962 5576 5.
2065 5519 2106 5550 ⁸⁷
2166 5515 2396 5570 Mztiaclt.
2458 5531 2530 5581 tv,
2592 5515 2646 5569 2.

2750 5512 2791 5544 ³³
2835 5514 2935 5567 Isa.
3003 5512 3204 5578 ιιιίὸ.
3301 5516 3343 5547 ³⁵
3377 5516 3512 5572 Luc.

1537 5675 1769 5730 ΥΑΒΙᾸΞ
1815 5676 2219 5736 LECTIONES.

307 5755 333 5794 ι
355 5774 444 5824 γρ.
477 5760 716 5829 εἴρηται.

558 5859 833 5921 ΡΑτιιυι..
883 5856 927 5915 (ἶ
942 5874 998 5915 tt.
1046 5855 1419 5917 LXXXVII.

2224 1555 2243 1588 t
2285 1535 2537 1591 Exsultet
2599 1537 2783 1589 anima
2831 1551 2948 1589 mea
3009 1535 3063 1588 in
3122 1536 3373 1591 Domino.
3434 1537 3523 1589 ln-
3626 1542 3631 1547 ’
