  <div class='ocr_page' id='page_1' title='image "/cluster/home/n/w/nwhite01/storage/ocr_20150623/87:pt.2/coo.31924054869908/498.png"; bbox 0 0 3916 6386; ppageno 0'>
   <div class='ocr_carea' id='block_1_1' title="bbox 223 289 361 355">
    <p class='ocr_par' dir='ltr' id='par_1_1' title="bbox 223 289 361 355">
     <span class='ocr_line' id='line_1_1' title="bbox 223 289 361 355; baseline -0.014 0"><span class='ocrx_word' id='word_1_1' title='bbox 223 289 361 355; x_wconf 65' lang='grc'>2509</span> 
     </span>
    </p>
   </div>
   <div class='ocr_carea' id='block_1_2' title="bbox 1322 280 2306 343">
    <p class='ocr_par' dir='ltr' id='par_1_2' title="bbox 1322 280 2306 343">
     <span class='ocr_line' id='line_1_2' title="bbox 1322 280 2306 343; baseline -0.001 0"><span class='ocrx_word' id='word_1_2' title='bbox 1322 282 1853 343; x_wconf 79' lang='lat' dir='ltr'><strong>COMMENTARII</strong></span> <span class='ocrx_word' id='word_1_3' title='bbox 1893 281 1974 342; x_wconf 73' lang='lat' dir='ltr'><strong>IN</strong></span> <span class='ocrx_word' id='word_1_4' title='bbox 2017 280 2306 342; x_wconf 77' lang='lat' dir='ltr'><strong>ISAIAM.</strong></span> 
     </span>
    </p>
   </div>
   <div class='ocr_carea' id='block_1_3' title="bbox 3345 279 3484 347">
    <p class='ocr_par' dir='ltr' id='par_1_3' title="bbox 3345 279 3484 347">
     <span class='ocr_line' id='line_1_3' title="bbox 3345 279 3484 347; baseline 0.029 -4"><span class='ocrx_word' id='word_1_5' title='bbox 3345 279 3484 347; x_wconf 68' lang='lat'><strong>251‘}</strong></span> 
     </span>
    </p>
   </div>
   <div class='ocr_carea' id='block_1_4' title="bbox 234 389 1808 476">
    <p class='ocr_par' dir='ltr' id='par_1_4' title="bbox 234 398 1808 476">
     <span class='ocr_line' id='line_1_4' title="bbox 234 398 1808 476; baseline -0.005 -17"><span class='ocrx_word' id='word_1_6' title='bbox 234 407 349 476; x_wconf 73' lang='grc' dir='ltr'><em>ἅμα</em></span> <span class='ocrx_word' id='word_1_7' title='bbox 380 398 931 473; x_wconf 71' lang='grc' dir='ltr'><strong>εὐφρανθήσονται,</strong></span> <span class='ocrx_word' id='word_1_8' title='bbox 962 399 1053 452; x_wconf 83' lang='grc' dir='ltr'><em>ὅτι</em></span> <span class='ocrx_word' id='word_1_9' title='bbox 1087 399 1383 467; x_wconf 62' lang='grc' dir='ltr'><strong>ὀφθαλμοὶ</strong></span> <span class='ocrx_word' id='word_1_10' title='bbox 1406 400 1553 468; x_wconf 84' lang='grc' dir='ltr'><em>πρὸς</em></span> <span class='ocrx_word' id='word_1_11' title='bbox 1588 400 1808 468; x_wconf 72' lang='grc' dir='ltr'><em>ὀφθαλ-</em></span> 
     </span>
    </p>
   </div>
   <div class='ocr_carea' id='block_1_5' title="bbox 1915 389 3484 476">
    <p class='ocr_par' dir='ltr' id='par_1_5' title="bbox 1915 389 3484 462">
     <span class='ocr_line' id='line_1_5' title="bbox 1915 389 3484 462; baseline -0.003 -12"><span class='ocrx_word' id='word_1_12' title='bbox 1915 396 1981 450; x_wconf 83' lang='grc' dir='ltr'><em>αά</em></span> <span class='ocrx_word' id='word_1_13' title='bbox 2010 400 2187 451; x_wconf 82' lang='lat' dir='ltr'><strong>oculos</strong></span> <span class='ocrx_word' id='word_1_14' title='bbox 2210 394 2478 457; x_wconf 79' lang='lat' dir='ltr'><strong>uidebunt,</strong></span> <span class='ocrx_word' id='word_1_15' title='bbox 2516 389 2728 462; x_wconf 79' lang='lat' dir='ltr'><strong><em>quando</em></strong></span> <span class='ocrx_word' id='word_1_16' title='bbox 2755 391 3001 447; x_wconf 73' lang='lat' dir='ltr'><strong>misertus</strong></span> <span class='ocrx_word' id='word_1_17' title='bbox 3028 392 3189 462; x_wconf 77' lang='lat' dir='ltr'><strong>fuerit</strong></span> <span class='ocrx_word' id='word_1_18' title='bbox 3230 391 3484 455; x_wconf 85' lang='lat' dir='ltr'><strong>Dominu:</strong></span> 
     </span>
    </p>
   </div>
   <div class='ocr_carea' id='block_1_6' title="bbox 218 489 1806 567">
    <p class='ocr_par' dir='ltr' id='par_1_6' title="bbox 218 489 1806 567">
     <span class='ocr_line' id='line_1_6' title="bbox 218 489 1806 567; baseline -0.005 -16"><span class='ocrx_word' id='word_1_19' title='bbox 218 496 370 567; x_wconf 79' lang='grc' dir='ltr'><em>μοὺς</em></span> <span class='ocrx_word' id='word_1_20' title='bbox 421 494 702 563; x_wconf 58' lang='grc' dir='ltr'><em>ὄψονται,</em></span> <span class='ocrx_word' id='word_1_21' title='bbox 764 491 951 557; x_wconf 74' lang='grc' dir='ltr'><em>ἡνίκα</em></span> <span class='ocrx_word' id='word_1_22' title='bbox 1005 490 1081 544; x_wconf 84' lang='grc' dir='ltr'><em>ἂν</em></span> <span class='ocrx_word' id='word_1_23' title='bbox 1133 489 1361 559; x_wconf 77' lang='grc' dir='ltr'><em>ἐλεήσῃ</em></span> <span class='ocrx_word' id='word_1_24' title='bbox 1417 491 1631 559; x_wconf 71' lang='grc' dir='ltr'><em>Κύριος</em></span> <span class='ocrx_word' id='word_1_25' title='bbox 1692 489 1806 557; x_wconf 83' lang='grc' dir='ltr'><em>τὴν</em></span> 
     </span>
    </p>
   </div>
   <div class='ocr_carea' id='block_1_7' title="bbox 223 585 1689 650">
    <p class='ocr_par' dir='ltr' id='par_1_7' title="bbox 223 585 1689 650">
     <span class='ocr_line' id='line_1_7' title="bbox 223 585 1689 650; baseline -0.006 -5"><span class='ocrx_word' id='word_1_26' title='bbox 223 590 394 650; x_wconf 80' lang='grc' dir='ltr'><em>Σιὼν,</em></span> <span class='ocrx_word' id='word_1_27' title='bbox 436 605 491 640; x_wconf 86' lang='grc' dir='ltr'><em>κ.</em></span> <span class='ocrx_word' id='word_1_28' title='bbox 530 603 584 639; x_wconf 89' lang='grc' dir='ltr'><em>τ.</em></span> <span class='ocrx_word' id='word_1_29' title='bbox 615 585 665 636; x_wconf 90' lang='grc' dir='ltr'><strong>λ.</strong></span> <span class='ocrx_word' id='word_1_30' title='bbox 1676 610 1689 616; x_wconf 70' lang='grc' dir='ltr'><em>ι</em></span> 
     </span>
    </p>
   </div>
   <div class='ocr_carea' id='block_1_8' title="bbox 290 672 1806 745">
    <p class='ocr_par' dir='ltr' id='par_1_8' title="bbox 290 672 1806 745">
     <span class='ocr_line' id='line_1_8' title="bbox 290 672 1806 745; baseline -0.004 -14"><span class='ocrx_word' id='word_1_31' title='bbox 290 679 398 731; x_wconf 80' lang='grc' dir='ltr'><strong>Τοῦ</strong></span> <span class='ocrx_word' id='word_1_32' title='bbox 452 676 593 731; x_wconf 75' lang='grc' dir='ltr'>Θεοῦ</span> <span class='ocrx_word' id='word_1_33' title='bbox 634 676 810 742; x_wconf 88' lang='grc' dir='ltr'><em>Λόγου</em></span> <span class='ocrx_word' id='word_1_34' title='bbox 859 674 956 745; x_wconf 81' lang='grc' dir='ltr'><em>τὴν</em></span> <span class='ocrx_word' id='word_1_35' title='bbox 1008 675 1089 737; x_wconf 83' lang='grc' dir='ltr'><strong>εἰς</strong></span> <span class='ocrx_word' id='word_1_36' title='bbox 1137 674 1459 744; x_wconf 78' lang='grc' dir='ltr'><strong>ἀνθρώπους</strong></span> <span class='ocrx_word' id='word_1_37' title='bbox 1505 672 1806 743; x_wconf 75' lang='grc' dir='ltr'><strong>ἐπιδημίαν</strong></span> 
     </span>
    </p>
   </div>
   <div class='ocr_carea' id='block_1_9' title="bbox 222 764 1801 836">
    <p class='ocr_par' dir='ltr' id='par_1_9' title="bbox 222 764 1801 836">
     <span class='ocr_line' id='line_1_9' title="bbox 222 764 1801 836; baseline -0.004 -13"><span class='ocrx_word' id='word_1_38' title='bbox 222 770 412 830; x_wconf 76' lang='grc' dir='ltr'><em>εἰπὼν,</em></span> <span class='ocrx_word' id='word_1_39' title='bbox 441 767 757 826; x_wconf 71' lang='grc' dir='ltr'><strong>ἀκολούθως</strong></span> <span class='ocrx_word' id='word_1_40' title='bbox 783 767 854 819; x_wconf 75' lang='grc' dir='ltr'><strong>τὰ</strong></span> <span class='ocrx_word' id='word_1_41' title='bbox 883 766 1117 836; x_wconf 77' lang='grc' dir='ltr'><strong>περὶτοῦ</strong></span> <span class='ocrx_word' id='word_1_42' title='bbox 1143 764 1504 832; x_wconf 79' lang='grc' dir='ltr'><em>εὐαγγελικοῦ</em></span> <span class='ocrx_word' id='word_1_43' title='bbox 1536 766 1801 818; x_wconf 76' lang='grc' dir='ltr'><strong>συνάπτει</strong></span> 
     </span>
    </p>
   </div>
   <div class='ocr_carea' id='block_1_10' title="bbox 216 855 1805 939">
    <p class='ocr_par' dir='ltr' id='par_1_10' title="bbox 216 855 1805 939">
     <span class='ocr_line' id='line_1_10' title="bbox 216 855 1805 939; baseline -0.003 -26"><span class='ocrx_word' id='word_1_44' title='bbox 216 861 598 939; x_wconf 69' lang='grc' dir='ltr'><em>κηρύγματος.</em></span> <span class='ocrx_word' id='word_1_45' title='bbox 641 858 700 910; x_wconf 90' lang='lat'><strong>&#39;0</strong></span> <span class='ocrx_word' id='word_1_46' title='bbox 725 857 782 911; x_wconf 78' lang='grc' dir='ltr'><em>δὲ</em></span> <span class='ocrx_word' id='word_1_47' title='bbox 816 857 1113 927; x_wconf 76' lang='grc' dir='ltr'><strong>Σύμμαχος</strong></span> <span class='ocrx_word' id='word_1_48' title='bbox 1142 857 1316 919; x_wconf 76' lang='grc' dir='ltr'><em>οὕτως</em></span> <span class='ocrx_word' id='word_1_49' title='bbox 1338 855 1591 921; x_wconf 71' lang='grc' dir='ltr'><strong>ἐξέδωκεο</strong></span> <span class='ocrx_word' id='word_1_50' title='bbox 1619 857 1681 909; x_wconf 87' lang='grc' dir='ltr'><strong>Τί</strong></span> <span class='ocrx_word' id='word_1_51' title='bbox 1705 859 1805 909; x_wconf 83' lang='grc' dir='ltr'><strong>εὐ·</strong></span> 
     </span>
    </p>
   </div>
   <div class='ocr_carea' id='block_1_11' title="bbox 120 940 1805 1019">
    <p class='ocr_par' dir='ltr' id='par_1_11' title="bbox 120 940 1805 1019">
     <span class='ocr_line' id='line_1_11' title="bbox 120 940 1805 1019; baseline -0.005 -13"><span class='ocrx_word' id='word_1_52' title='bbox 120 940 126 959; x_wconf 53' lang='grc' dir='ltr'>δ</span> <span class='ocrx_word' id='word_1_53' title='bbox 215 948 466 1019; x_wconf 63' lang='lat' dir='ltr'><strong>aperte-7c</strong></span> <span class='ocrx_word' id='word_1_54' title='bbox 519 946 619 1000; x_wconf 73' lang='grc' dir='ltr'><strong>ἐπὶ</strong></span> <span class='ocrx_word' id='word_1_55' title='bbox 662 944 780 999; x_wconf 85' lang='grc' dir='ltr'><strong>τῶν</strong></span> <span class='ocrx_word' id='word_1_56' title='bbox 832 946 1016 1014; x_wconf 78' lang='grc' dir='ltr'><em>ὀρέων</em></span> <span class='ocrx_word' id='word_1_57' title='bbox 1052 946 1234 1012; x_wconf 81' lang='grc' dir='ltr'><strong>πόδες</strong></span> <span class='ocrx_word' id='word_1_58' title='bbox 1280 943 1805 1014; x_wconf 65' lang='grc' dir='ltr'><strong>εὐαγγελιζομένου</strong></span> 
     </span>
    </p>
   </div>
   <div class='ocr_carea' id='block_1_12' title="bbox 216 1032 1806 1107">
    <p class='ocr_par' dir='ltr' id='par_1_12' title="bbox 216 1032 1806 1107">
     <span class='ocr_line' id='line_1_12' title="bbox 216 1032 1806 1107; baseline -0.005 -13"><span class='ocrx_word' id='word_1_59' title='bbox 216 1039 410 1107; x_wconf 76' lang='grc' dir='ltr'><em>ἀκοὴν</em></span> <span class='ocrx_word' id='word_1_60' title='bbox 422 1038 749 1101; x_wconf 74' lang='grc' dir='ltr'><em>ποιοῦντος</em></span> <span class='ocrx_word' id='word_1_61' title='bbox 767 1034 1036 1103; x_wconf 71' lang='grc' dir='ltr'><em>εἰρήνην,</em></span> <span class='ocrx_word' id='word_1_62' title='bbox 1053 1032 1584 1104; x_wconf 74' lang='grc' dir='ltr'><em>εὐαγγελιζομένου</em></span> <span class='ocrx_word' id='word_1_63' title='bbox 1613 1032 1806 1101; x_wconf 78' lang='grc' dir='ltr'><strong>ἀγαθὰ</strong></span> 
     </span>
    </p>
   </div>
   <div class='ocr_carea' id='block_1_13' title="bbox 212 1125 1805 1197">
    <p class='ocr_par' dir='ltr' id='par_1_13' title="bbox 212 1125 1805 1197">
     <span class='ocr_line' id='line_1_13' title="bbox 212 1125 1805 1197; baseline -0.006 -10"><span class='ocrx_word' id='word_1_64' title='bbox 212 1131 539 1196; x_wconf 72' lang='grc' dir='ltr'><em>ἀκουστὴν</em></span> <span class='ocrx_word' id='word_1_65' title='bbox 567 1129 892 1194; x_wconf 77' lang='grc' dir='ltr'><em>ποιοῦντος</em></span> <span class='ocrx_word' id='word_1_66' title='bbox 926 1128 1250 1195; x_wconf 78' lang='grc' dir='ltr'><strong>σωτηρίαν,</strong></span> <span class='ocrx_word' id='word_1_67' title='bbox 1284 1126 1319 1180; x_wconf 77' lang='grc' dir='ltr'>ἃ</span> <span class='ocrx_word' id='word_1_68' title='bbox 1350 1125 1413 1197; x_wconf 81' lang='grc' dir='ltr'><em>δὴ</em></span> <span class='ocrx_word' id='word_1_69' title='bbox 1445 1126 1805 1197; x_wconf 78' lang='grc' dir='ltr'><em>μεταφράσας</em></span> 
     </span>
    </p>
   </div>
   <div class='ocr_carea' id='block_1_14' title="bbox 217 1218 1804 1295">
    <p class='ocr_par' dir='ltr' id='par_1_14' title="bbox 217 1218 1804 1295">
     <span class='ocr_line' id='line_1_14' title="bbox 217 1218 1804 1295; baseline -0.006 -15"><span class='ocrx_word' id='word_1_70' title='bbox 217 1230 274 1280; x_wconf 77' lang='grc' dir='ltr'><em>ὲν</em></span> <span class='ocrx_word' id='word_1_71' title='bbox 294 1228 358 1294; x_wconf 83' lang='grc' dir='ltr'><em>τῇ</em></span> <span class='ocrx_word' id='word_1_72' title='bbox 403 1223 545 1295; x_wconf 76' lang='grc' dir='ltr'><em>πρὸς</em></span> <span class='ocrx_word' id='word_1_73' title='bbox 582 1222 886 1292; x_wconf 72' lang='grc' dir='ltr'><strong>Ῥωμαίους</strong></span> <span class='ocrx_word' id='word_1_74' title='bbox 915 1224 943 1275; x_wconf 85' lang='grc' dir='ltr'>ὁ</span> <span class='ocrx_word' id='word_1_75' title='bbox 976 1221 1192 1285; x_wconf 79' lang='grc' dir='ltr'><em>Παῦλος</em></span> <span class='ocrx_word' id='word_1_76' title='bbox 1217 1237 1400 1290; x_wconf 78' lang='grc' dir='ltr'><strong>φησιν’</strong></span> <span class='ocrx_word' id='word_1_77' title='bbox 1435 1239 1453 1271; x_wconf 83' lang='grc' dir='ltr'><strong>ι</strong></span> <span class='ocrx_word' id='word_1_78' title='bbox 1494 1221 1581 1282; x_wconf 83' lang='grc' dir='ltr'><strong>Ὡς</strong></span> <span class='ocrx_word' id='word_1_79' title='bbox 1614 1218 1804 1291; x_wconf 83' lang='grc' dir='ltr'><em>ὡραῖοι</em></span> 
     </span>
    </p>
   </div>
   <div class='ocr_carea' id='block_1_15' title="bbox 212 1308 1805 1382">
    <p class='ocr_par' dir='ltr' id='par_1_15' title="bbox 212 1308 1805 1382">
     <span class='ocr_line' id='line_1_15' title="bbox 212 1308 1805 1382; baseline -0.004 -14"><span class='ocrx_word' id='word_1_80' title='bbox 212 1318 264 1369; x_wconf 78' lang='grc' dir='ltr'><strong>οἱ</strong></span> <span class='ocrx_word' id='word_1_81' title='bbox 293 1314 458 1377; x_wconf 83' lang='grc' dir='ltr'><strong>πόδες</strong></span> <span class='ocrx_word' id='word_1_82' title='bbox 484 1310 618 1367; x_wconf 77' lang='grc' dir='ltr'><strong>τῶν</strong></span> <span class='ocrx_word' id='word_1_83' title='bbox 653 1311 1165 1382; x_wconf 73' lang='grc' dir='ltr'><strong>εὐαγγελιζομένων</strong></span> <span class='ocrx_word' id='word_1_84' title='bbox 1207 1311 1411 1380; x_wconf 75' lang='grc' dir='ltr'><strong>ἀγαθὰ,</strong></span> <span class='ocrx_word' id='word_1_85' title='bbox 1452 1308 1805 1378; x_wconf 78' lang='grc' dir='ltr'><strong>εὐαγγελιζοο</strong></span> 
     </span>
    </p>
   </div>
   <div class='ocr_carea' id='block_1_16' title="bbox 218 1400 1806 1490">
    <p class='ocr_par' dir='ltr' id='par_1_16' title="bbox 218 1400 1806 1490">
     <span class='ocr_line' id='line_1_16' title="bbox 218 1400 1806 1490; baseline -0.003 -31"><span class='ocrx_word' id='word_1_86' title='bbox 218 1407 394 1490; x_wconf 55' lang='grc' dir='ltr'><em>μένιεν</em></span> <span class='ocrx_word' id='word_1_87' title='bbox 419 1407 677 1475; x_wconf 71' lang='grc' dir='ltr'><strong>εἰρήνηνῑ</strong></span> <span class='ocrx_word' id='word_1_88' title='bbox 696 1423 715 1456; x_wconf 76' lang='grc' dir='ltr'><strong>ι</strong></span> <span class='ocrx_word' id='word_1_89' title='bbox 754 1405 902 1458; x_wconf 82' lang='grc' dir='ltr'><em>Ἀντ“ι</em></span> <span class='ocrx_word' id='word_1_90' title='bbox 922 1404 978 1458; x_wconf 81' lang='grc' dir='ltr'><em>δὲ</em></span> <span class='ocrx_word' id='word_1_91' title='bbox 1014 1402 1105 1456; x_wconf 77' lang='grc' dir='ltr'><strong>τοῦ</strong></span> <span class='ocrx_word' id='word_1_92' title='bbox 1129 1403 1454 1471; x_wconf 75' lang='grc' dir='ltr'><em>σωτηρίαν,</em></span> <span class='ocrx_word' id='word_1_93' title='bbox 1479 1405 1512 1473; x_wconf 83' lang='grc' dir='ltr'><strong>ἡ</strong></span> <span class='ocrx_word' id='word_1_94' title='bbox 1541 1400 1806 1473; x_wconf 80' lang='grc' dir='ltr'><em>Ἐϐραῖκὴ</em></span> 
     </span>
    </p>
   </div>
   <div class='ocr_carea' id='block_1_17' title="bbox 214 1494 1806 1567">
    <p class='ocr_par' dir='ltr' id='par_1_17' title="bbox 214 1494 1806 1567">
     <span class='ocr_line' id='line_1_17' title="bbox 214 1494 1806 1567; baseline -0.008 -10"><span class='ocrx_word' id='word_1_95' title='bbox 214 1497 359 1562; x_wconf 75' lang='grc' dir='ltr'><em>λέξις</em></span> <span class='ocrx_word' id='word_1_96' title='bbox 395 1497 651 1562; x_wconf 80' lang='grc' dir='ltr'><em>Ἰησοῦν</em></span> <span class='ocrx_word' id='word_1_97' title='bbox 683 1497 950 1567; x_wconf 85' lang='grc' dir='ltr'><em>περιέχει.</em></span> <span class='ocrx_word' id='word_1_98' title='bbox 986 1495 1097 1549; x_wconf 79' lang='grc' dir='ltr'><strong>Καὶ</strong></span> <span class='ocrx_word' id='word_1_99' title='bbox 1133 1496 1181 1548; x_wconf 81' lang='grc' dir='ltr'><strong>εἰ</strong></span> <span class='ocrx_word' id='word_1_100' title='bbox 1208 1496 1283 1565; x_wconf 82' lang='grc' dir='ltr'><strong>μὴ</strong></span> <span class='ocrx_word' id='word_1_101' title='bbox 1313 1495 1411 1564; x_wconf 87' lang='grc' dir='ltr'><em>τὴν</em></span> <span class='ocrx_word' id='word_1_102' title='bbox 1456 1495 1600 1561; x_wconf 80' lang='grc' dir='ltr'><strong>λέξιν</strong></span> <span class='ocrx_word' id='word_1_103' title='bbox 1632 1494 1806 1565; x_wconf 74' lang='grc' dir='ltr'><em>ὲρμήο</em></span> 
     </span>
    </p>
   </div>
   <div class='ocr_carea' id='block_1_18' title="bbox 224 1587 1805 1661">
    <p class='ocr_par' dir='ltr' id='par_1_18' title="bbox 224 1587 1805 1661">
     <span class='ocr_line' id='line_1_18' title="bbox 224 1587 1805 1661; baseline -0.001 -20"><span class='ocrx_word' id='word_1_104' title='bbox 224 1604 433 1652; x_wconf 71' lang='grc' dir='ltr'><em>ιευσαν,</em></span> <span class='ocrx_word' id='word_1_105' title='bbox 460 1588 620 1641; x_wconf 79' lang='grc' dir='ltr'><em>οὐδὲν</em></span> <span class='ocrx_word' id='word_1_106' title='bbox 657 1588 723 1642; x_wconf 84' lang='grc' dir='ltr'><em>ἂν</em></span> <span class='ocrx_word' id='word_1_107' title='bbox 758 1587 1032 1657; x_wconf 75' lang='grc' dir='ltr'><em>ὲκῲλυσεν</em></span> <span class='ocrx_word' id='word_1_108' title='bbox 1063 1588 1291 1653; x_wconf 84' lang='grc' dir='ltr'><em>αὐτους</em></span> <span class='ocrx_word' id='word_1_109' title='bbox 1331 1587 1521 1641; x_wconf 77' lang='grc' dir='ltr'><em>εἰπεῖν</em></span> <span class='ocrx_word' id='word_1_110' title='bbox 1561 1587 1805 1661; x_wconf 73' lang='grc' dir='ltr'><em>ἀκοντί-</em></span> 
     </span>
    </p>
   </div>
   <div class='ocr_carea' id='block_1_19' title="bbox 212 1674 1805 1748">
    <p class='ocr_par' dir='ltr' id='par_1_19' title="bbox 212 1674 1805 1748">
     <span class='ocr_line' id='line_1_19' title="bbox 212 1674 1805 1748; baseline -0.003 -13"><span class='ocrx_word' id='word_1_111' title='bbox 212 1679 421 1747; x_wconf 69' lang='grc' dir='ltr'><em>ζοντας</em></span> <span class='ocrx_word' id='word_1_112' title='bbox 458 1679 723 1748; x_wconf 77' lang='grc' dir='ltr'><strong>Ἰησοῦν.</strong></span> <span class='ocrx_word' id='word_1_113' title='bbox 764 1680 908 1733; x_wconf 83' lang='grc' dir='ltr'><strong>Ἀνθ’</strong></span> <span class='ocrx_word' id='word_1_114' title='bbox 934 1674 995 1734; x_wconf 73' lang='grc' dir='ltr'><strong>οὗ</strong></span> <span class='ocrx_word' id='word_1_115' title='bbox 1023 1676 1178 1732; x_wconf 76' lang='grc' dir='ltr'><em>εἶπεν</em></span> <span class='ocrx_word' id='word_1_116' title='bbox 1214 1679 1448 1741; x_wconf 78' lang='grc' dir='ltr'><strong>Ἀκύλας</strong></span> <span class='ocrx_word' id='word_1_117' title='bbox 1486 1678 1582 1731; x_wconf 78' lang='grc' dir='ltr'><em>καὶ</em></span> <span class='ocrx_word' id='word_1_118' title='bbox 1613 1677 1805 1731; x_wconf 81' lang='grc' dir='ltr'><em>Θεοδο-</em></span> 
     </span>
    </p>
   </div>
   <div class='ocr_carea' id='block_1_20' title="bbox 217 1754 1881 1837">
    <p class='ocr_par' dir='ltr' id='par_1_20' title="bbox 217 1754 1881 1837">
     <span class='ocr_line' id='line_1_20' title="bbox 217 1754 1881 1837; baseline -0.005 -10"><span class='ocrx_word' id='word_1_119' title='bbox 217 1771 345 1827; x_wconf 82' lang='grc' dir='ltr'><em>τίων</em></span> <span class='ocrx_word' id='word_1_120' title='bbox 390 1770 825 1837; x_wconf 78' lang='grc' dir='ltr'><em>ἀκουτίζοντος</em></span> <span class='ocrx_word' id='word_1_121' title='bbox 878 1769 1206 1837; x_wconf 79' lang='grc' dir='ltr'><em>σωτηρίαν.</em></span> <span class='ocrx_word' id='word_1_122' title='bbox 1268 1769 1416 1821; x_wconf 79' lang='grc' dir='ltr'><strong>Ἀντὶ</strong></span> <span class='ocrx_word' id='word_1_123' title='bbox 1463 1768 1521 1820; x_wconf 77' lang='grc' dir='ltr'><em>δὲ</em></span> <span class='ocrx_word' id='word_1_124' title='bbox 1562 1766 1682 1833; x_wconf 76' lang='grc' dir='ltr'><em>τοῦ,</em></span> <span class='ocrx_word' id='word_1_125' title='bbox 1729 1768 1808 1833; x_wconf 83' lang='grc' dir='ltr'><strong>ὡς</strong></span> <span class='ocrx_word' id='word_1_126' title='bbox 1836 1754 1881 1809; x_wconf 72' lang='grc' dir='ltr'><strong>Β</strong></span> 
     </span>
    </p>
   </div>
   <div class='ocr_carea' id='block_1_21' title="bbox 217 1857 1806 1931">
    <p class='ocr_par' dir='ltr' id='par_1_21' title="bbox 217 1857 1806 1931">
     <span class='ocr_line' id='line_1_21' title="bbox 217 1857 1806 1931; baseline -0.001 -17"><span class='ocrx_word' id='word_1_127' title='bbox 217 1860 362 1929; x_wconf 85' lang='grc' dir='ltr'><em>ὥρα·</em></span> <span class='ocrx_word' id='word_1_128' title='bbox 420 1865 450 1914; x_wconf 86' lang='grc' dir='ltr'>ὁ</span> <span class='ocrx_word' id='word_1_129' title='bbox 476 1861 579 1931; x_wconf 84' lang='grc' dir='ltr'><em>μὲν</em></span> <span class='ocrx_word' id='word_1_130' title='bbox 609 1857 784 1927; x_wconf 74' lang='grc' dir='ltr'><em>εἶπεν,</em></span> <span class='ocrx_word' id='word_1_131' title='bbox 818 1861 876 1915; x_wconf 88' lang='grc' dir='ltr'><strong>τί</strong></span> <span class='ocrx_word' id='word_1_132' title='bbox 890 1861 1301 1929; x_wconf 83' lang='grc' dir='ltr'><em>ὠραιώθησαν.</em></span> <span class='ocrx_word' id='word_1_133' title='bbox 1321 1860 1378 1914; x_wconf 84' lang='grc' dir='ltr'><strong>Ὀ</strong></span> <span class='ocrx_word' id='word_1_134' title='bbox 1406 1861 1465 1914; x_wconf 81' lang='grc' dir='ltr'><em>δὲ</em></span> <span class='ocrx_word' id='word_1_135' title='bbox 1489 1860 1806 1926; x_wconf 85' lang='grc' dir='ltr'><em>Θεοδοτίων,</em></span> 
     </span>
    </p>
   </div>
   <div class='ocr_carea' id='block_1_22' title="bbox 215 1950 1808 2024">
    <p class='ocr_par' dir='ltr' id='par_1_22' title="bbox 215 1950 1808 2024">
     <span class='ocr_line' id='line_1_22' title="bbox 215 1950 1808 2024; baseline -0.002 -17"><span class='ocrx_word' id='word_1_136' title='bbox 215 1953 559 2021; x_wconf 70' lang='grc' dir='ltr'><em>εὐπρεπεῖς.</em></span> <span class='ocrx_word' id='word_1_137' title='bbox 591 1953 696 2006; x_wconf 71' lang='grc' dir='ltr'><strong>Τὸν</strong></span> <span class='ocrx_word' id='word_1_138' title='bbox 720 1954 921 2023; x_wconf 76' lang='grc' dir='ltr'><em>δρόμον</em></span> <span class='ocrx_word' id='word_1_139' title='bbox 944 1953 1002 2007; x_wconf 81' lang='grc' dir='ltr'><em>δὲ</em></span> <span class='ocrx_word' id='word_1_140' title='bbox 1023 1954 1116 2006; x_wconf 76' lang='grc' dir='ltr'><em>τὸν</em></span> <span class='ocrx_word' id='word_1_141' title='bbox 1141 1953 1416 2024; x_wconf 84' lang='grc' dir='ltr'><strong>πανταχοῦ</strong></span> <span class='ocrx_word' id='word_1_142' title='bbox 1447 1954 1551 2023; x_wconf 82' lang='grc' dir='ltr'><strong>γῆς</strong></span> <span class='ocrx_word' id='word_1_143' title='bbox 1577 1953 1684 2007; x_wconf 83' lang='grc' dir='ltr'><em>τῶν</em></span> <span class='ocrx_word' id='word_1_144' title='bbox 1713 1950 1808 2005; x_wconf 79' lang='grc' dir='ltr'><strong>τοῦ</strong></span> 
     </span>
    </p>
   </div>
   <div class='ocr_carea' id='block_1_23' title="bbox 217 2038 1809 2113">
    <p class='ocr_par' dir='ltr' id='par_1_23' title="bbox 217 2038 1809 2113">
     <span class='ocr_line' id='line_1_23' title="bbox 217 2038 1809 2113; baseline 0 -16"><span class='ocrx_word' id='word_1_145' title='bbox 217 2043 555 2112; x_wconf 73' lang='grc' dir='ltr'><em>Εὐαγγελίου</em></span> <span class='ocrx_word' id='word_1_146' title='bbox 589 2043 849 2113; x_wconf 80' lang='grc' dir='ltr'><strong>κηρύκων</strong></span> <span class='ocrx_word' id='word_1_147' title='bbox 871 2045 899 2096; x_wconf 87' lang='grc' dir='ltr'>ὁ</span> <span class='ocrx_word' id='word_1_148' title='bbox 928 2044 1085 2112; x_wconf 80' lang='grc' dir='ltr'><strong>λόγος</strong></span> <span class='ocrx_word' id='word_1_149' title='bbox 1116 2043 1409 2110; x_wconf 78' lang='grc' dir='ltr'><em>θαυμάζει,</em></span> <span class='ocrx_word' id='word_1_150' title='bbox 1439 2038 1514 2098; x_wconf 81' lang='grc' dir='ltr'><strong>ὧν</strong></span> <span class='ocrx_word' id='word_1_151' title='bbox 1541 2047 1595 2098; x_wconf 91' lang='lat' dir='ltr'><strong>ol</strong></span> <span class='ocrx_word' id='word_1_152' title='bbox 1624 2043 1809 2109; x_wconf 74' lang='grc' dir='ltr'><em>πόδες</em></span> 
     </span>
    </p>
   </div>
   <div class='ocr_carea' id='block_1_24' title="bbox 215 2133 1809 2207">
    <p class='ocr_par' dir='ltr' id='par_1_24' title="bbox 215 2133 1809 2207">
     <span class='ocr_line' id='line_1_24' title="bbox 215 2133 1809 2207; baseline 0.001 -19"><span class='ocrx_word' id='word_1_153' title='bbox 215 2136 433 2202; x_wconf 85' lang='grc' dir='ltr'><em>ὡραῖοι,</em></span> <span class='ocrx_word' id='word_1_154' title='bbox 473 2133 566 2187; x_wconf 79' lang='grc' dir='ltr'><em>διὰ</em></span> <span class='ocrx_word' id='word_1_155' title='bbox 596 2135 658 2187; x_wconf 79' lang='grc' dir='ltr'><strong>τὸ</strong></span> <span class='ocrx_word' id='word_1_156' title='bbox 693 2134 957 2206; x_wconf 80' lang='grc' dir='ltr'><em>καθαρὸν,</em></span> <span class='ocrx_word' id='word_1_157' title='bbox 988 2135 1063 2199; x_wconf 79' lang='grc' dir='ltr'><strong>ὡς</strong></span> <span class='ocrx_word' id='word_1_158' title='bbox 1102 2136 1166 2190; x_wconf 82' lang='grc' dir='ltr'><em>ἂν</em></span> <span class='ocrx_word' id='word_1_159' title='bbox 1197 2135 1292 2189; x_wconf 83' lang='grc' dir='ltr'><strong>τοῦ</strong></span> <span class='ocrx_word' id='word_1_160' title='bbox 1324 2137 1578 2207; x_wconf 79' lang='grc' dir='ltr'><strong>Σωτῆρος</strong></span> <span class='ocrx_word' id='word_1_161' title='bbox 1612 2136 1809 2200; x_wconf 59' lang='lat' dir='ltr'><strong>absab;</strong></span> 
     </span>
    </p>
   </div>
   <div class='ocr_carea' id='block_1_25' title="bbox 216 2225 1810 2298">
    <p class='ocr_par' dir='ltr' id='par_1_25' title="bbox 216 2225 1810 2298">
     <span class='ocr_line' id='line_1_25' title="bbox 216 2225 1810 2298; baseline 0.001 -19"><span class='ocrx_word' id='word_1_162' title='bbox 216 2225 619 2293; x_wconf 72' lang='grc' dir='ltr'><em>ὰνπονξψαντος</em></span> <span class='ocrx_word' id='word_1_163' title='bbox 644 2237 707 2279; x_wconf 77' lang='grc' dir='ltr'><strong>ω.</strong></span> <span class='ocrx_word' id='word_1_164' title='bbox 723 2227 796 2279; x_wconf 76' lang='grc' dir='ltr'>Τὸ</span> <span class='ocrx_word' id='word_1_165' title='bbox 820 2226 1025 2297; x_wconf 74' lang='grc' dir='ltr'><strong>ὑψηλὸν</strong></span> <span class='ocrx_word' id='word_1_166' title='bbox 1044 2228 1100 2280; x_wconf 82' lang='grc' dir='ltr'><em>δὲ</em></span> <span class='ocrx_word' id='word_1_167' title='bbox 1129 2228 1309 2281; x_wconf 77' lang='grc' dir='ltr'><em>αὐτῶν</em></span> <span class='ocrx_word' id='word_1_168' title='bbox 1333 2228 1428 2280; x_wconf 81' lang='grc' dir='ltr'><strong>τοῦ</strong></span> <span class='ocrx_word' id='word_1_169' title='bbox 1453 2228 1810 2298; x_wconf 81' lang='grc' dir='ltr'><strong>κηρύγματος</strong></span> 
     </span>
    </p>
   </div>
   <div class='ocr_carea' id='block_1_26' title="bbox 216 2313 1810 2388">
    <p class='ocr_par' dir='ltr' id='par_1_26' title="bbox 216 2313 1810 2388">
     <span class='ocr_line' id='line_1_26' title="bbox 216 2313 1810 2388; baseline 0.001 -20"><span class='ocrx_word' id='word_1_170' title='bbox 216 2316 274 2368; x_wconf 81' lang='grc' dir='ltr'><strong>τὸ</strong></span> <span class='ocrx_word' id='word_1_171' title='bbox 303 2315 397 2366; x_wconf 74' lang='grc' dir='ltr'><strong>ἐπὶ</strong></span> <span class='ocrx_word' id='word_1_172' title='bbox 425 2313 550 2367; x_wconf 84' lang='grc' dir='ltr'><em>τῶν</em></span> <span class='ocrx_word' id='word_1_173' title='bbox 573 2313 760 2383; x_wconf 84' lang='grc' dir='ltr'><em>ὀρέων</em></span> <span class='ocrx_word' id='word_1_174' title='bbox 784 2315 955 2385; x_wconf 86' lang='grc' dir='ltr'><em>δηλοῖ.</em></span> <span class='ocrx_word' id='word_1_175' title='bbox 991 2317 1033 2369; x_wconf 87' lang='grc' dir='ltr'><strong>Τ</strong></span> <span class='ocrx_word' id='word_1_176' title='bbox 1039 2316 1102 2386; x_wconf 79' lang='grc' dir='ltr'><strong>ὴν</strong></span> <span class='ocrx_word' id='word_1_177' title='bbox 1134 2318 1271 2388; x_wconf 69' lang='grc' dir='ltr'><em>πρὸς</em></span> <span class='ocrx_word' id='word_1_178' title='bbox 1303 2316 1438 2370; x_wconf 79' lang='grc' dir='ltr'><strong>Θεὸν</strong></span> <span class='ocrx_word' id='word_1_179' title='bbox 1471 2317 1527 2371; x_wconf 81' lang='grc' dir='ltr'><em>δὲ</em></span> <span class='ocrx_word' id='word_1_180' title='bbox 1551 2321 1664 2380; x_wconf 82' lang='grc' dir='ltr'><em>τοῖς</em></span> <span class='ocrx_word' id='word_1_181' title='bbox 1707 2336 1810 2387; x_wconf 86' lang='grc' dir='ltr'><em>μα-</em></span> 
     </span>
    </p>
   </div>
   <div class='ocr_carea' id='block_1_27' title="bbox 214 2407 1809 2480">
    <p class='ocr_par' dir='ltr' id='par_1_27' title="bbox 214 2407 1809 2480">
     <span class='ocr_line' id='line_1_27' title="bbox 214 2407 1809 2480; baseline 0.002 -20"><span class='ocrx_word' id='word_1_182' title='bbox 214 2407 353 2480; x_wconf 71' lang='grc' dir='ltr'><em>κρὰν</em></span> <span class='ocrx_word' id='word_1_183' title='bbox 387 2408 486 2460; x_wconf 78' lang='grc' dir='ltr'><em>καὶ</em></span> <span class='ocrx_word' id='word_1_184' title='bbox 543 2410 660 2471; x_wconf 83' lang='grc' dir='ltr'><em>τοῖς</em></span> <span class='ocrx_word' id='word_1_185' title='bbox 703 2409 872 2477; x_wconf 82' lang='grc' dir='ltr'><strong>ἐγγὺς</strong></span> <span class='ocrx_word' id='word_1_186' title='bbox 904 2407 1155 2476; x_wconf 75' lang='grc' dir='ltr'><em>εἰρήνην</em></span> <span class='ocrx_word' id='word_1_187' title='bbox 1185 2407 1667 2478; x_wconf 73' lang='grc' dir='ltr'><em>εὐηγγελίζοντο,</em></span> <span class='ocrx_word' id='word_1_188' title='bbox 1711 2409 1809 2479; x_wconf 85' lang='grc' dir='ltr'><strong>δη-</strong></span> 
     </span>
    </p>
   </div>
   <div class='ocr_carea' id='block_1_28' title="bbox 218 2499 1809 2573">
    <p class='ocr_par' dir='ltr' id='par_1_28' title="bbox 218 2499 1809 2573">
     <span class='ocr_line' id='line_1_28' title="bbox 218 2499 1809 2573; baseline 0.002 -21"><span class='ocrx_word' id='word_1_189' title='bbox 218 2499 434 2562; x_wconf 77' lang='grc' dir='ltr'><em>λοῦντες</em></span> <span class='ocrx_word' id='word_1_190' title='bbox 452 2501 549 2553; x_wconf 82' lang='grc' dir='ltr'><em>τὸν</em></span> <span class='ocrx_word' id='word_1_191' title='bbox 574 2502 815 2570; x_wconf 74' lang='grc' dir='ltr'><em>Χριστὸν</em></span> <span class='ocrx_word' id='word_1_192' title='bbox 840 2501 930 2555; x_wconf 80' lang='grc' dir='ltr'><em>τὸν</em></span> <span class='ocrx_word' id='word_1_193' title='bbox 961 2504 1266 2571; x_wconf 85' lang='grc' dir='ltr'><em>ποιήσαντα</em></span> <span class='ocrx_word' id='word_1_194' title='bbox 1293 2503 1578 2573; x_wconf 80' lang='grc' dir='ltr'><em>ἀμφότερα</em></span> <span class='ocrx_word' id='word_1_195' title='bbox 1604 2503 1682 2565; x_wconf 77' lang='grc' dir='ltr'><em>ἓν,</em></span> <span class='ocrx_word' id='word_1_196' title='bbox 1715 2505 1809 2555; x_wconf 76' lang='grc' dir='ltr'><em>καὶ</em></span> 
     </span>
    </p>
   </div>
   <div class='ocr_carea' id='block_1_29' title="bbox 218 2590 1808 2664">
    <p class='ocr_par' dir='ltr' id='par_1_29' title="bbox 218 2590 1808 2664">
     <span class='ocr_line' id='line_1_29' title="bbox 218 2590 1808 2664; baseline 0 -19"><span class='ocrx_word' id='word_1_197' title='bbox 218 2590 277 2645; x_wconf 82' lang='grc' dir='ltr'><em>τὸ</em></span> <span class='ocrx_word' id='word_1_198' title='bbox 310 2592 639 2662; x_wconf 82' lang='grc' dir='ltr'><strong>μεσότοιχον</strong></span> <span class='ocrx_word' id='word_1_199' title='bbox 673 2591 768 2645; x_wconf 80' lang='grc' dir='ltr'><strong>τοῦ</strong></span> <span class='ocrx_word' id='word_1_200' title='bbox 798 2593 1058 2663; x_wconf 77' lang='grc' dir='ltr'><strong>φραγμοῦ</strong></span> <span class='ocrx_word' id='word_1_201' title='bbox 1089 2592 1352 2656; x_wconf 86' lang='grc' dir='ltr'><em>λύσαντα,</em></span> <span class='ocrx_word' id='word_1_202' title='bbox 1384 2594 1483 2664; x_wconf 84' lang='grc' dir='ltr'><em>τὴν</em></span> <span class='ocrx_word' id='word_1_203' title='bbox 1516 2593 1718 2664; x_wconf 81' lang='grc' dir='ltr'><em>ἔχθραν</em></span> <span class='ocrx_word' id='word_1_204' title='bbox 1750 2595 1808 2659; x_wconf 83' lang='grc' dir='ltr'><strong>ἐν</strong></span> 
     </span>
    </p>
   </div>
   <div class='ocr_carea' id='block_1_30' title="bbox 219 2682 1807 2755">
    <p class='ocr_par' dir='ltr' id='par_1_30' title="bbox 219 2682 1807 2755">
     <span class='ocr_line' id='line_1_30' title="bbox 219 2682 1807 2755; baseline 0.004 -21"><span class='ocrx_word' id='word_1_205' title='bbox 219 2686 281 2751; x_wconf 82' lang='grc' dir='ltr'><strong>τῇ</strong></span> <span class='ocrx_word' id='word_1_206' title='bbox 319 2684 486 2752; x_wconf 75' lang='grc' dir='ltr'><em>σαρκὶ</em></span> <span class='ocrx_word' id='word_1_207' title='bbox 515 2682 711 2737; x_wconf 82' lang='grc' dir='ltr'><em>αὐτοῦ.</em></span> <span class='ocrx_word' id='word_1_208' title='bbox 743 2683 835 2747; x_wconf 69' lang='grc' dir='ltr'><strong>Διὸ</strong></span> <span class='ocrx_word' id='word_1_209' title='bbox 875 2685 1374 2755; x_wconf 82' lang='grc' dir='ltr'><em>ταῖςἘκκλησίαις</em></span> <span class='ocrx_word' id='word_1_210' title='bbox 1418 2686 1745 2740; x_wconf 73' lang='grc' dir='ltr'><strong>ἐπιστέλλων</strong></span> <span class='ocrx_word' id='word_1_211' title='bbox 1780 2688 1807 2740; x_wconf 85' lang='grc' dir='ltr'>ὁ</span> 
     </span>
    </p>
   </div>
   <div class='ocr_carea' id='block_1_31' title="bbox 219 2771 1805 2849">
    <p class='ocr_par' dir='ltr' id='par_1_31' title="bbox 219 2771 1805 2849">
     <span class='ocr_line' id='line_1_31' title="bbox 219 2771 1805 2849; baseline 0.008 -26"><span class='ocrx_word' id='word_1_212' title='bbox 219 2771 452 2837; x_wconf 77' lang='grc' dir='ltr'><em>Παῦλος,</em></span> <span class='ocrx_word' id='word_1_213' title='bbox 494 2774 658 2843; x_wconf 85' lang='grc' dir='ltr'><em>χάρις</em></span> <span class='ocrx_word' id='word_1_214' title='bbox 684 2774 813 2843; x_wconf 83' lang='grc' dir='ltr'><em>ὑμῖν</em></span> <span class='ocrx_word' id='word_1_215' title='bbox 844 2777 938 2828; x_wconf 79' lang='grc' dir='ltr'><em>καὶ</em></span> <span class='ocrx_word' id='word_1_216' title='bbox 970 2777 1164 2847; x_wconf 80' lang='grc' dir='ltr'><strong>εἰρήνη</strong></span> <span class='ocrx_word' id='word_1_217' title='bbox 1208 2778 1429 2847; x_wconf 73' lang='grc' dir='ltr'><strong>γράφει.</strong></span> <span class='ocrx_word' id='word_1_218' title='bbox 1474 2781 1805 2849; x_wconf 48' lang='lat' dir='ltr'><strong>Euam-alla</strong></span> 
     </span>
    </p>
   </div>
   <div class='ocr_carea' id='block_1_32' title="bbox 216 2862 1808 2942">
    <p class='ocr_par' dir='ltr' id='par_1_32' title="bbox 216 2862 1808 2942">
     <span class='ocr_line' id='line_1_32' title="bbox 216 2862 1808 2942; baseline 0.005 -27"><span class='ocrx_word' id='word_1_219' title='bbox 216 2862 382 2924; x_wconf 76' lang='grc' dir='ltr'><em>ζον-το</em></span> <span class='ocrx_word' id='word_1_220' title='bbox 429 2864 487 2916; x_wconf 82' lang='grc' dir='ltr'><em>δὲ</em></span> <span class='ocrx_word' id='word_1_221' title='bbox 540 2866 640 2917; x_wconf 77' lang='grc' dir='ltr'><em>καὶ</em></span> <span class='ocrx_word' id='word_1_222' title='bbox 672 2866 745 2919; x_wconf 83' lang='grc' dir='ltr'><em>τὰ</em></span> <span class='ocrx_word' id='word_1_223' title='bbox 772 2867 942 2932; x_wconf 70' lang='grc' dir='ltr'><em>ὅντως</em></span> <span class='ocrx_word' id='word_1_224' title='bbox 995 2868 1209 2937; x_wconf 78' lang='grc' dir='ltr'><em>ἀγαθὰ,</em></span> <span class='ocrx_word' id='word_1_225' title='bbox 1234 2871 1364 2933; x_wconf 75' lang='grc' dir='ltr'><em>τοὺς</em></span> <span class='ocrx_word' id='word_1_226' title='bbox 1422 2871 1808 2942; x_wconf 79' lang='grc' dir='ltr'><em>μακαρισμοὺς</em></span> 
     </span>
    </p>
   </div>
   <div class='ocr_carea' id='block_1_33' title="bbox 222 2942 1803 3033">
    <p class='ocr_par' dir='ltr' id='par_1_33' title="bbox 222 2942 1803 3033">
     <span class='ocr_line' id='line_1_33' title="bbox 222 2942 1803 3033; baseline 0.005 -26"><span class='ocrx_word' id='word_1_227' title='bbox 222 2942 711 3025; x_wconf 63' lang='grc' dir='ltr'><strong>καταγγέλλοντες.</strong></span> <span class='ocrx_word' id='word_1_228' title='bbox 761 2959 986 3028; x_wconf 85' lang='grc' dir='ltr'><em>Ἔλεγεν</em></span> <span class='ocrx_word' id='word_1_229' title='bbox 1006 2960 1064 3013; x_wconf 83' lang='grc' dir='ltr'><em>δὲ</em></span> <span class='ocrx_word' id='word_1_230' title='bbox 1104 2961 1166 3014; x_wconf 82' lang='grc' dir='ltr'><strong>τὸ</strong></span> <span class='ocrx_word' id='word_1_231' title='bbox 1210 2962 1476 3033; x_wconf 81' lang='grc' dir='ltr'><em>κήρυγμα</em></span> <span class='ocrx_word' id='word_1_232' title='bbox 1505 2961 1582 3031; x_wconf 77' lang='grc' dir='ltr'><em>τῇ</em></span> <span class='ocrx_word' id='word_1_233' title='bbox 1630 2963 1803 3027; x_wconf 86' lang='grc' dir='ltr'><em>Σιὼν,</em></span> 
     </span>
    </p>
   </div>
   <div class='ocr_carea' id='block_1_34' title="bbox 217 3044 1804 3124">
    <p class='ocr_par' dir='ltr' id='par_1_34' title="bbox 217 3044 1804 3124">
     <span class='ocr_line' id='line_1_34' title="bbox 217 3044 1804 3124; baseline 0.007 -27"><span class='ocrx_word' id='word_1_234' title='bbox 217 3044 417 3118; x_wconf 79' lang='grc' dir='ltr'><em>δηλαδὴ</em></span> <span class='ocrx_word' id='word_1_235' title='bbox 442 3047 525 3118; x_wconf 79' lang='grc' dir='ltr'><strong>τῷ</strong></span> <span class='ocrx_word' id='word_1_236' title='bbox 570 3048 818 3103; x_wconf 78' lang='grc' dir='ltr'><strong>θεοσεϐεῖ</strong></span> <span class='ocrx_word' id='word_1_237' title='bbox 849 3051 1226 3124; x_wconf 84' lang='grc' dir='ltr'><strong>πολιτεύματι,</strong></span> <span class='ocrx_word' id='word_1_238' title='bbox 1272 3052 1351 3123; x_wconf 89' lang='grc' dir='ltr'>τῷ</span> <span class='ocrx_word' id='word_1_239' title='bbox 1403 3070 1465 3107; x_wconf 85' lang='grc' dir='ltr'><em>τε</em></span> <span class='ocrx_word' id='word_1_240' title='bbox 1512 3054 1623 3108; x_wconf 84' lang='grc' dir='ltr'><strong>τῶν</strong></span> <span class='ocrx_word' id='word_1_241' title='bbox 1669 3056 1804 3108; x_wconf 86' lang='grc' dir='ltr'><strong>ἁπο-</strong></span> 
     </span>
    </p>
   </div>
   <div class='ocr_carea' id='block_1_35' title="bbox 224 3138 1809 3220">
    <p class='ocr_par' dir='ltr' id='par_1_35' title="bbox 224 3138 1809 3220">
     <span class='ocr_line' id='line_1_35' title="bbox 224 3138 1809 3220; baseline 0.007 -29"><span class='ocrx_word' id='word_1_242' title='bbox 224 3138 421 3193; x_wconf 83' lang='grc' dir='ltr'><em>στόλων</em></span> <span class='ocrx_word' id='word_1_243' title='bbox 452 3141 626 3213; x_wconf 82' lang='grc' dir='ltr'><em>χορῷ,</em></span> <span class='ocrx_word' id='word_1_244' title='bbox 678 3144 1048 3208; x_wconf 75' lang='grc' dir='ltr'><em>βασιλεύσει</em></span> <span class='ocrx_word' id='word_1_245' title='bbox 1102 3160 1220 3200; x_wconf 89' lang='grc' dir='ltr'><em>σου</em></span> <span class='ocrx_word' id='word_1_246' title='bbox 1265 3150 1298 3201; x_wconf 79' lang='grc' dir='ltr'><em>ὁ</em></span> <span class='ocrx_word' id='word_1_247' title='bbox 1349 3148 1515 3214; x_wconf 83' lang='grc' dir='ltr'><em>Θεός.</em></span> <span class='ocrx_word' id='word_1_248' title='bbox 1566 3148 1658 3202; x_wconf 82' lang='grc' dir='ltr'><strong>Διὸ</strong></span> <span class='ocrx_word' id='word_1_249' title='bbox 1710 3148 1809 3220; x_wconf 80' lang='grc' dir='ltr'><em>τὴν</em></span> 
     </span>
    </p>
   </div>
   <div class='ocr_carea' id='block_1_36' title="bbox 217 3230 1812 3311">
    <p class='ocr_par' dir='ltr' id='par_1_36' title="bbox 217 3230 1812 3311">
     <span class='ocr_line' id='line_1_36' title="bbox 217 3230 1812 3311; baseline 0.006 -25"><span class='ocrx_word' id='word_1_250' title='bbox 217 3230 553 3294; x_wconf 75' lang='grc' dir='ltr'><em>βασιλείαν</em></span> <span class='ocrx_word' id='word_1_251' title='bbox 599 3233 710 3289; x_wconf 82' lang='grc' dir='ltr'><em>τῶν</em></span> <span class='ocrx_word' id='word_1_252' title='bbox 758 3236 1003 3307; x_wconf 79' lang='grc' dir='ltr'><em>οὐρανῶν</em></span> <span class='ocrx_word' id='word_1_253' title='bbox 1035 3238 1203 3292; x_wconf 80' lang='grc' dir='ltr'><em>πᾶσιν</em></span> <span class='ocrx_word' id='word_1_254' title='bbox 1250 3238 1564 3309; x_wconf 80' lang='grc' dir='ltr'><em>ἀνθρώποις</em></span> <span class='ocrx_word' id='word_1_255' title='bbox 1607 3242 1812 3311; x_wconf 84' lang='grc' dir='ltr'><em>κατήγ-</em></span> 
     </span>
    </p>
   </div>
   <div class='ocr_carea' id='block_1_37' title="bbox 223 3322 427 3389">
    <p class='ocr_par' dir='ltr' id='par_1_37' title="bbox 223 3322 427 3389">
     <span class='ocr_line' id='line_1_37' title="bbox 223 3322 427 3389; baseline 0.02 -13"><span class='ocrx_word' id='word_1_256' title='bbox 223 3322 427 3389; x_wconf 76' lang='grc' dir='ltr'><em>γελλον.</em></span> 
     </span>
    </p>
   </div>
   <div class='ocr_carea' id='block_1_38' title="bbox 288 3590 1815 3668">
    <p class='ocr_par' dir='ltr' id='par_1_38' title="bbox 288 3590 1815 3668">
     <span class='ocr_line' id='line_1_38' title="bbox 288 3590 1815 3668; baseline 0.005 -26"><span class='ocrx_word' id='word_1_257' title='bbox 288 3590 449 3645; x_wconf 74' lang='grc' dir='ltr'><strong>Κατᾶ</strong></span> <span class='ocrx_word' id='word_1_258' title='bbox 479 3591 541 3646; x_wconf 79' lang='grc' dir='ltr'><em>δὲ</em></span> <span class='ocrx_word' id='word_1_259' title='bbox 578 3591 679 3663; x_wconf 85' lang='grc' dir='ltr'><strong>τὴν</strong></span> <span class='ocrx_word' id='word_1_260' title='bbox 707 3591 922 3648; x_wconf 77' lang='grc' dir='ltr'><em>ἔκδοσιν</em></span> <span class='ocrx_word' id='word_1_261' title='bbox 971 3596 1082 3649; x_wconf 82' lang='grc' dir='ltr'><strong>τῶν</strong></span> <span class='ocrx_word' id='word_1_262' title='bbox 1132 3596 1563 3668; x_wconf 76' lang='grc' dir='ltr'><em>Ἑϐδομήκοντα,</em></span> <span class='ocrx_word' id='word_1_263' title='bbox 1612 3597 1694 3662; x_wconf 85' lang='grc' dir='ltr'><em>τὸ,</em></span> <span class='ocrx_word' id='word_1_264' title='bbox 1733 3598 1815 3662; x_wconf 85' lang='grc' dir='ltr'><strong>ὡς</strong></span> 
     </span>
    </p>
   </div>
   <div class='ocr_carea' id='block_1_39' title="bbox 225 3678 1815 3759">
    <p class='ocr_par' dir='ltr' id='par_1_39' title="bbox 225 3678 1815 3759">
     <span class='ocr_line' id='line_1_39' title="bbox 225 3678 1815 3759; baseline 0.006 -27"><span class='ocrx_word' id='word_1_265' title='bbox 225 3678 342 3748; x_wconf 82' lang='grc' dir='ltr'><em>ὥρα</em></span> <span class='ocrx_word' id='word_1_266' title='bbox 361 3681 465 3736; x_wconf 77' lang='grc' dir='ltr'><strong>ἐπὶ</strong></span> <span class='ocrx_word' id='word_1_267' title='bbox 495 3682 621 3737; x_wconf 81' lang='grc' dir='ltr'><em>τῶν</em></span> <span class='ocrx_word' id='word_1_268' title='bbox 643 3683 847 3753; x_wconf 75' lang='grc' dir='ltr'><em>ὁρέων,</em></span> <span class='ocrx_word' id='word_1_269' title='bbox 880 3688 1173 3743; x_wconf 73' lang='grc' dir='ltr'><strong>ἀποδοτέον</strong></span> <span class='ocrx_word' id='word_1_270' title='bbox 1217 3692 1329 3753; x_wconf 85' lang='grc' dir='ltr'><em>τοῖς</em></span> <span class='ocrx_word' id='word_1_271' title='bbox 1363 3690 1472 3759; x_wconf 85' lang='grc' dir='ltr'><em>πρὸ</em></span> <span class='ocrx_word' id='word_1_272' title='bbox 1501 3689 1689 3751; x_wconf 78' lang='grc' dir='ltr'><em>αὐτοῦ,</em></span> <span class='ocrx_word' id='word_1_273' title='bbox 1726 3688 1815 3742; x_wconf 78' lang='grc' dir='ltr'><em>ἵνα</em></span> 
     </span>
    </p>
   </div>
   <div class='ocr_carea' id='block_1_40' title="bbox 224 3770 1810 3851">
    <p class='ocr_par' dir='ltr' id='par_1_40' title="bbox 224 3770 1810 3851">
     <span class='ocr_line' id='line_1_40' title="bbox 224 3770 1810 3851; baseline 0.004 -22"><span class='ocrx_word' id='word_1_274' title='bbox 224 3770 481 3847; x_wconf 54' lang='grc' dir='ltr'><strong>ᾖκΑύτὺς</strong></span> <span class='ocrx_word' id='word_1_275' title='bbox 510 3780 540 3830; x_wconf 83' lang='grc' dir='ltr'>ὁ</span> <span class='ocrx_word' id='word_1_276' title='bbox 564 3778 742 3831; x_wconf 82' lang='grc' dir='ltr'><em>λαλῶν</em></span> <span class='ocrx_word' id='word_1_277' title='bbox 774 3780 1026 3851; x_wconf 79' lang='grc' dir='ltr'><em>πάρειμι,</em></span> <span class='ocrx_word' id='word_1_278' title='bbox 1059 3783 1138 3848; x_wconf 88' lang='grc' dir='ltr'><strong>ὼς</strong></span> <span class='ocrx_word' id='word_1_279' title='bbox 1176 3782 1296 3849; x_wconf 80' lang='grc' dir='ltr'><em>ὥρα</em></span> <span class='ocrx_word' id='word_1_280' title='bbox 1326 3783 1427 3835; x_wconf 77' lang='grc' dir='ltr'><strong>ἐπὶ</strong></span> <span class='ocrx_word' id='word_1_281' title='bbox 1456 3781 1577 3836; x_wconf 87' lang='grc' dir='ltr'><em>τῶν</em></span> <span class='ocrx_word' id='word_1_282' title='bbox 1604 3783 1810 3851; x_wconf 78' lang='grc' dir='ltr'><em>ὀρέων.</em></span> 
     </span>
    </p>
   </div>
   <div class='ocr_carea' id='block_1_41' title="bbox 227 3866 1814 3946">
    <p class='ocr_par' dir='ltr' id='par_1_41' title="bbox 227 3866 1814 3946">
     <span class='ocr_line' id='line_1_41' title="bbox 227 3866 1814 3946; baseline 0.004 -27"><span class='ocrx_word' id='word_1_283' title='bbox 227 3866 404 3937; x_wconf 78' lang='grc' dir='ltr'><em>Ὥραν</em></span> <span class='ocrx_word' id='word_1_284' title='bbox 426 3869 483 3923; x_wconf 79' lang='grc' dir='ltr'><em>δέ</em></span> <span class='ocrx_word' id='word_1_285' title='bbox 522 3887 660 3939; x_wconf 74' lang='grc' dir='ltr'><em>φησι</em></span> <span class='ocrx_word' id='word_1_286' title='bbox 694 3870 753 3925; x_wconf 75' lang='grc' dir='ltr'><em>τὸ</em></span> <span class='ocrx_word' id='word_1_287' title='bbox 783 3872 906 3943; x_wconf 77' lang='grc' dir='ltr'><em>ἔαρ,</em></span> <span class='ocrx_word' id='word_1_288' title='bbox 940 3874 999 3926; x_wconf 79' lang='grc' dir='ltr'><strong>ἐν</strong></span> <span class='ocrx_word' id='word_1_289' title='bbox 1029 3867 1074 3943; x_wconf 75' lang='grc' dir='ltr'><strong>ᾧ</strong></span> <span class='ocrx_word' id='word_1_290' title='bbox 1107 3874 1244 3944; x_wconf 80' lang='grc' dir='ltr'><strong>ἄνθη</strong></span> <span class='ocrx_word' id='word_1_291' title='bbox 1280 3891 1340 3928; x_wconf 88' lang='grc' dir='ltr'><strong>τε</strong></span> <span class='ocrx_word' id='word_1_292' title='bbox 1378 3875 1476 3930; x_wconf 78' lang='grc' dir='ltr'><em>νέα</em></span> <span class='ocrx_word' id='word_1_293' title='bbox 1497 3915 1512 3939; x_wconf 90' lang='grc'><strong>,</strong></span> <span class='ocrx_word' id='word_1_294' title='bbox 1549 3874 1642 3928; x_wconf 74' lang='grc' dir='ltr'><em>καὶ</em></span> <span class='ocrx_word' id='word_1_295' title='bbox 1677 3891 1814 3946; x_wconf 87' lang='grc' dir='ltr'><em>καρ-</em></span> 
     </span>
    </p>
   </div>
   <div class='ocr_carea' id='block_1_42' title="bbox 229 3958 1814 4040">
    <p class='ocr_par' dir='ltr' id='par_1_42' title="bbox 229 3958 1814 4040">
     <span class='ocr_line' id='line_1_42' title="bbox 229 3958 1814 4040; baseline 0.013 -31"><span class='ocrx_word' id='word_1_296' title='bbox 229 3958 339 4012; x_wconf 84' lang='grc' dir='ltr'><strong>πῶν</strong></span> <span class='ocrx_word' id='word_1_297' title='bbox 392 3962 579 4030; x_wconf 87' lang='grc' dir='ltr'><em>γοναί.</em></span> <span class='ocrx_word' id='word_1_298' title='bbox 627 3964 717 4018; x_wconf 80' lang='grc' dir='ltr'><strong>Διὸ</strong></span> <span class='ocrx_word' id='word_1_299' title='bbox 747 3966 841 4019; x_wconf 71' lang='grc' dir='ltr'><em>καὶ</em></span> <span class='ocrx_word' id='word_1_300' title='bbox 890 3968 918 4018; x_wconf 78' lang='grc' dir='ltr'>ὁ</span> <span class='ocrx_word' id='word_1_301' title='bbox 969 3967 1224 4038; x_wconf 75' lang='grc' dir='ltr'><em>Νυμφίος</em></span> <span class='ocrx_word' id='word_1_302' title='bbox 1266 3967 1402 4039; x_wconf 81' lang='grc' dir='ltr'><em>πρὸς</em></span> <span class='ocrx_word' id='word_1_303' title='bbox 1436 3970 1535 4037; x_wconf 81' lang='grc' dir='ltr'><em>τὴν</em></span> <span class='ocrx_word' id='word_1_304' title='bbox 1573 3967 1814 4040; x_wconf 78' lang='grc' dir='ltr'><em>Νύμφην</em></span> 
     </span>
    </p>
   </div>
   <div class='ocr_carea' id='block_1_43' title="bbox 227 4052 1813 4135">
    <p class='ocr_par' dir='ltr' id='par_1_43' title="bbox 227 4052 1813 4135">
     <span class='ocr_line' id='line_1_43' title="bbox 227 4052 1813 4135; baseline 0.009 -34"><span class='ocrx_word' id='word_1_305' title='bbox 227 4052 420 4119; x_wconf 82' lang='grc' dir='ltr'><em>φησίν·</em></span> <span class='ocrx_word' id='word_1_306' title='bbox 454 4075 472 4107; x_wconf 79' lang='grc' dir='ltr'><strong>ι</strong></span> <span class='ocrx_word' id='word_1_307' title='bbox 497 4055 760 4122; x_wconf 78' lang='grc' dir='ltr'><em>Ἀνάστα,</em></span> <span class='ocrx_word' id='word_1_308' title='bbox 787 4058 936 4124; x_wconf 74' lang='grc' dir='ltr'><strong>ἐλθὲ,</strong></span> <span class='ocrx_word' id='word_1_309' title='bbox 993 4061 1023 4129; x_wconf 80' lang='grc' dir='ltr'>ἡ</span> <span class='ocrx_word' id='word_1_310' title='bbox 1060 4059 1291 4130; x_wconf 80' lang='grc' dir='ltr'><em>πλησίον</em></span> <span class='ocrx_word' id='word_1_311' title='bbox 1343 4077 1467 4130; x_wconf 85' lang='grc' dir='ltr'><em>μου,</em></span> <span class='ocrx_word' id='word_1_312' title='bbox 1518 4061 1655 4131; x_wconf 81' lang='grc' dir='ltr'><em>καλή</em></span> <span class='ocrx_word' id='word_1_313' title='bbox 1686 4078 1813 4135; x_wconf 17' lang='grc' dir='ltr'><strong>ᾲμου</strong></span> 
     </span>
    </p>
   </div>
   <div class='ocr_carea' id='block_1_44' title="bbox 226 4147 1810 4224">
    <p class='ocr_par' dir='ltr' id='par_1_44' title="bbox 226 4147 1810 4224">
     <span class='ocr_line' id='line_1_44' title="bbox 226 4147 1810 4224; baseline 0.009 -30"><span class='ocrx_word' id='word_1_314' title='bbox 226 4147 550 4218; x_wconf 78' lang='grc' dir='ltr'><em>περιστερὰ,</em></span> <span class='ocrx_word' id='word_1_315' title='bbox 600 4148 681 4201; x_wconf 81' lang='grc' dir='ltr'><em>ὅτι</em></span> <span class='ocrx_word' id='word_1_316' title='bbox 733 4150 844 4203; x_wconf 78' lang='grc' dir='ltr'><em>ἰδοὺ</em></span> <span class='ocrx_word' id='word_1_317' title='bbox 894 4152 922 4203; x_wconf 90' lang='grc' dir='ltr'>ὁ</span> <span class='ocrx_word' id='word_1_318' title='bbox 956 4151 1169 4222; x_wconf 84' lang='grc' dir='ltr'><em>χειμὼν</em></span> <span class='ocrx_word' id='word_1_319' title='bbox 1218 4154 1534 4224; x_wconf 74' lang='grc' dir='ltr'><strong>παρῆλθεν·</strong></span> <span class='ocrx_word' id='word_1_320' title='bbox 1576 4155 1605 4207; x_wconf 84' lang='grc' dir='ltr'>ὁ</span> <span class='ocrx_word' id='word_1_321' title='bbox 1656 4155 1810 4217; x_wconf 82' lang='grc' dir='ltr'><strong>ὑετὸς</strong></span> 
     </span>
    </p>
   </div>
   <div class='ocr_carea' id='block_1_45' title="bbox 226 4237 1807 4318">
    <p class='ocr_par' dir='ltr' id='par_1_45' title="bbox 226 4237 1807 4318">
     <span class='ocr_line' id='line_1_45' title="bbox 226 4237 1807 4318; baseline 0.011 -33"><span class='ocrx_word' id='word_1_322' title='bbox 226 4237 532 4306; x_wconf 81' lang='grc' dir='ltr'><em>παρῆλθεν·</em></span> <span class='ocrx_word' id='word_1_323' title='bbox 561 4240 1055 4313; x_wconf 67' lang='grc' dir='ltr'><strong>ὲπορεύθηξὲαυτῷ.</strong></span> <span class='ocrx_word' id='word_1_324' title='bbox 1083 4245 1165 4299; x_wconf 79' lang='grc' dir='ltr'><strong>Τὰ</strong></span> <span class='ocrx_word' id='word_1_325' title='bbox 1194 4245 1330 4317; x_wconf 85' lang='grc' dir='ltr'><strong>ἄνθη</strong></span> <span class='ocrx_word' id='word_1_326' title='bbox 1357 4244 1514 4317; x_wconf 77' lang='grc' dir='ltr'><strong>ὤφθη</strong></span> <span class='ocrx_word' id='word_1_327' title='bbox 1547 4249 1604 4300; x_wconf 83' lang='grc' dir='ltr'><strong>ὲν</strong></span> <span class='ocrx_word' id='word_1_328' title='bbox 1619 4249 1684 4318; x_wconf 84' lang='grc' dir='ltr'><strong>τῇ</strong></span> <span class='ocrx_word' id='word_1_329' title='bbox 1715 4250 1807 4318; x_wconf 80' lang='grc' dir='ltr'><strong>γῇ,</strong></span> 
     </span>
    </p>
   </div>
   <div class='ocr_carea' id='block_1_46' title="bbox 225 4327 1810 4409">
    <p class='ocr_par' dir='ltr' id='par_1_46' title="bbox 225 4327 1810 4409">
     <span class='ocr_line' id='line_1_46' title="bbox 225 4327 1810 4409; baseline 0.011 -33"><span class='ocrx_word' id='word_1_330' title='bbox 225 4327 410 4395; x_wconf 76' lang='grc' dir='ltr'><em>καιρὸς</em></span> <span class='ocrx_word' id='word_1_331' title='bbox 446 4331 552 4400; x_wconf 73' lang='grc' dir='ltr'><em>τῆς</em></span> <span class='ocrx_word' id='word_1_332' title='bbox 580 4331 755 4401; x_wconf 83' lang='grc' dir='ltr'><strong>τομῆς</strong></span> <span class='ocrx_word' id='word_1_333' title='bbox 784 4332 1040 4402; x_wconf 76' lang='grc' dir='ltr'><strong>ἔφθασεν.</strong></span> <span class='ocrx_word' id='word_1_334' title='bbox 1073 4354 1091 4387; x_wconf 75' lang='grc' dir='ltr'><strong>ι</strong></span> <span class='ocrx_word' id='word_1_335' title='bbox 1130 4338 1239 4389; x_wconf 79' lang='grc' dir='ltr'><strong>Καὶ</strong></span> <span class='ocrx_word' id='word_1_336' title='bbox 1279 4339 1430 4407; x_wconf 78' lang='grc' dir='ltr'><strong>ἡμᾶς</strong></span> <span class='ocrx_word' id='word_1_337' title='bbox 1461 4338 1569 4409; x_wconf 81' lang='grc' dir='ltr'><strong>γὰρ</strong></span> <span class='ocrx_word' id='word_1_338' title='bbox 1597 4340 1631 4392; x_wconf 82' lang='grc' dir='ltr'><em>ό</em></span> <span class='ocrx_word' id='word_1_339' title='bbox 1669 4337 1810 4406; x_wconf 78' lang='grc' dir='ltr'><em>δρά-</em></span> 
     </span>
    </p>
   </div>
   <div class='ocr_carea' id='block_1_47' title="bbox 1908 480 2219 551">
    <p class='ocr_par' dir='ltr' id='par_1_47' title="bbox 1908 480 2219 551">
     <span class='ocr_line' id='line_1_47' title="bbox 1908 480 2219 551; baseline 0.003 -11"><span class='ocrx_word' id='word_1_340' title='bbox 1908 480 2035 540; x_wconf 83' lang='lat' dir='ltr'><strong>Sion</strong></span> <span class='ocrx_word' id='word_1_341' title='bbox 2051 526 2065 551; x_wconf 92' lang='lat'><strong>,</strong></span> <span class='ocrx_word' id='word_1_342' title='bbox 2112 494 2219 541; x_wconf 91' lang='lat' dir='ltr'><strong>etc.</strong></span> 
     </span>
    </p>
   </div>
   <div class='ocr_carea' id='block_1_48' title="bbox 1978 669 3491 745">
    <p class='ocr_par' dir='ltr' id='par_1_48' title="bbox 1978 669 3491 745">
     <span class='ocr_line' id='line_1_48' title="bbox 1978 669 3491 745; baseline -0.003 -16"><span class='ocrx_word' id='word_1_343' title='bbox 1978 673 2142 745; x_wconf 82' lang='lat'><strong>590</strong></span> <span class='ocrx_word' id='word_1_344' title='bbox 2172 673 2469 743; x_wconf 73' lang='lat' dir='ltr'><strong>Postquam</strong></span> <span class='ocrx_word' id='word_1_345' title='bbox 2495 671 2562 727; x_wconf 90' lang='lat' dir='ltr'><strong>de</strong></span> <span class='ocrx_word' id='word_1_346' title='bbox 2591 670 2759 726; x_wconf 81' lang='lat' dir='ltr'><strong>Verbi</strong></span> <span class='ocrx_word' id='word_1_347' title='bbox 2785 670 2879 726; x_wconf 87' lang='lat' dir='ltr'><strong>Dei</strong></span> <span class='ocrx_word' id='word_1_348' title='bbox 2911 669 2977 724; x_wconf 86' lang='lat' dir='ltr'><strong>ad</strong></span> <span class='ocrx_word' id='word_1_349' title='bbox 3015 669 3268 727; x_wconf 81' lang='lat' dir='ltr'><strong>homines</strong></span> <span class='ocrx_word' id='word_1_350' title='bbox 3300 686 3491 726; x_wconf 76' lang='lat' dir='ltr'><strong>acces-</strong></span> 
     </span>
    </p>
   </div>
   <div class='ocr_carea' id='block_1_49' title="bbox 1907 761 3491 831">
    <p class='ocr_par' dir='ltr' id='par_1_49' title="bbox 1907 761 3491 831">
     <span class='ocr_line' id='line_1_49' title="bbox 1907 761 3491 831; baseline -0.004 -11"><span class='ocrx_word' id='word_1_351' title='bbox 1907 780 1970 820; x_wconf 90' lang='lat' dir='ltr'><strong>su</strong></span> <span class='ocrx_word' id='word_1_352' title='bbox 1989 764 2276 829; x_wconf 77' lang='lat' dir='ltr'><strong>disseruit,</strong></span> <span class='ocrx_word' id='word_1_353' title='bbox 2300 762 2618 831; x_wconf 84' lang='lat' dir='ltr'><strong>ordinejam</strong></span> <span class='ocrx_word' id='word_1_354' title='bbox 2638 762 2705 817; x_wconf 92' lang='lat' dir='ltr'><strong>de</strong></span> <span class='ocrx_word' id='word_1_355' title='bbox 2738 761 3020 828; x_wconf 68' lang='lat' dir='ltr'><strong>Evangelii</strong></span> <span class='ocrx_word' id='word_1_356' title='bbox 3054 762 3336 830; x_wconf 73' lang='lat' dir='ltr'><strong>praeconio</strong></span> <span class='ocrx_word' id='word_1_357' title='bbox 3368 778 3491 815; x_wconf 82' lang='lat' dir='ltr'><strong>ser-</strong></span> 
     </span>
    </p>
   </div>
   <div class='ocr_carea' id='block_1_50' title="bbox 1906 850 3491 924">
    <p class='ocr_par' dir='ltr' id='par_1_50' title="bbox 1906 850 3491 924">
     <span class='ocr_line' id='line_1_50' title="bbox 1906 850 3491 924; baseline -0.003 -14"><span class='ocrx_word' id='word_1_358' title='bbox 1906 870 2126 910; x_wconf 88' lang='lat' dir='ltr'><strong>monem</strong></span> <span class='ocrx_word' id='word_1_359' title='bbox 2165 855 2373 924; x_wconf 84' lang='lat' dir='ltr'><strong>adjicit.</strong></span> <span class='ocrx_word' id='word_1_360' title='bbox 2396 853 2490 908; x_wconf 88' lang='lat' dir='ltr'><strong>Sic</strong></span> <span class='ocrx_word' id='word_1_361' title='bbox 2512 862 2693 907; x_wconf 81' lang='lat' dir='ltr'><strong>autem</strong></span> <span class='ocrx_word' id='word_1_362' title='bbox 2722 852 2890 906; x_wconf 91' lang='lat' dir='ltr'><strong>vertit</strong></span> <span class='ocrx_word' id='word_1_363' title='bbox 2912 850 3278 921; x_wconf 75' lang='lat' dir='ltr'><strong>Symmachus</strong></span> <span class='ocrx_word' id='word_1_364' title='bbox 3308 870 3320 906; x_wconf 89' lang='lat'><strong>:</strong></span> <span class='ocrx_word' id='word_1_365' title='bbox 3351 852 3491 915; x_wconf 80' lang='lat' dir='ltr'><strong>Qud</strong></span> 
     </span>
    </p>
   </div>
   <div class='ocr_carea' id='block_1_51' title="bbox 1904 944 3488 1019">
    <p class='ocr_par' dir='ltr' id='par_1_51' title="bbox 1904 944 3488 1019">
     <span class='ocr_line' id='line_1_51' title="bbox 1904 944 3488 1019; baseline -0.003 -17"><span class='ocrx_word' id='word_1_366' title='bbox 1904 948 2112 1019; x_wconf 79' lang='lat' dir='ltr'><strong>pulchri</strong></span> <span class='ocrx_word' id='word_1_367' title='bbox 2125 948 2178 1001; x_wconf 88' lang='lat' dir='ltr'><strong>in</strong></span> <span class='ocrx_word' id='word_1_368' title='bbox 2193 946 2454 1001; x_wconf 74' lang='lat' dir='ltr'><strong>montibus</strong></span> <span class='ocrx_word' id='word_1_369' title='bbox 2471 947 2623 1013; x_wconf 80' lang='lat' dir='ltr'><strong>pedes</strong></span> <span class='ocrx_word' id='word_1_370' title='bbox 2640 945 2752 1014; x_wconf 87' lang='lat' dir='ltr'><strong>ejus</strong></span> <span class='ocrx_word' id='word_1_371' title='bbox 2766 945 2855 1014; x_wconf 84' lang='lat' dir='ltr'><strong>qui</strong></span> <span class='ocrx_word' id='word_1_372' title='bbox 2872 944 3199 1015; x_wconf 79' lang='lat' dir='ltr'><strong>euangelizat</strong></span> <span class='ocrx_word' id='word_1_373' title='bbox 3220 944 3488 1009; x_wconf 85' lang='lat' dir='ltr'><strong>auditum,</strong></span> 
     </span>
    </p>
   </div>
   <div class='ocr_carea' id='block_1_52' title="bbox 1906 1035 3494 1111">
    <p class='ocr_par' dir='ltr' id='par_1_52' title="bbox 1906 1035 3494 1111">
     <span class='ocr_line' id='line_1_52' title="bbox 1906 1035 3494 1111; baseline -0.003 -17"><span class='ocrx_word' id='word_1_374' title='bbox 1906 1043 1996 1111; x_wconf 84' lang='lat' dir='ltr'><strong>qui</strong></span> <span class='ocrx_word' id='word_1_375' title='bbox 2020 1040 2147 1108; x_wconf 70' lang='lat' dir='ltr'><strong>facit</strong></span> <span class='ocrx_word' id='word_1_376' title='bbox 2171 1055 2384 1105; x_wconf 82' lang='lat' dir='ltr'><strong>pacem;</strong></span> <span class='ocrx_word' id='word_1_377' title='bbox 2406 1039 2496 1109; x_wconf 85' lang='lat' dir='ltr'><strong>qui</strong></span> <span class='ocrx_word' id='word_1_378' title='bbox 2519 1038 2798 1092; x_wconf 80' lang='lat' dir='ltr'><strong>annuntiat</strong></span> <span class='ocrx_word' id='word_1_379' title='bbox 2826 1035 2999 1100; x_wconf 83' lang='lat' dir='ltr'><strong>bona;</strong></span> <span class='ocrx_word' id='word_1_380' title='bbox 3021 1037 3111 1105; x_wconf 87' lang='lat' dir='ltr'><strong>qui</strong></span> <span class='ocrx_word' id='word_1_381' title='bbox 3133 1035 3379 1089; x_wconf 77' lang='lat' dir='ltr'><strong>auditam</strong></span> <span class='ocrx_word' id='word_1_382' title='bbox 3406 1037 3494 1104; x_wconf 74' lang='lat' dir='ltr'><strong>fa-</strong></span> 
     </span>
    </p>
   </div>
   <div class='ocr_carea' id='block_1_53' title="bbox 1908 1126 3491 1196">
    <p class='ocr_par' dir='ltr' id='par_1_53' title="bbox 1908 1126 3491 1196">
     <span class='ocr_line' id='line_1_53' title="bbox 1908 1126 3491 1196; baseline -0.004 -11"><span class='ocrx_word' id='word_1_383' title='bbox 1908 1133 1979 1185; x_wconf 84' lang='lat' dir='ltr'><strong>cit</strong></span> <span class='ocrx_word' id='word_1_384' title='bbox 2004 1130 2272 1185; x_wconf 75' lang='lat' dir='ltr'><strong>salutem?</strong></span> <span class='ocrx_word' id='word_1_385' title='bbox 2295 1128 2425 1196; x_wconf 67' lang='lat' dir='ltr'><strong>Quae</strong></span> <span class='ocrx_word' id='word_1_386' title='bbox 2444 1139 2595 1183; x_wconf 89' lang='lat' dir='ltr'><strong>certe</strong></span> <span class='ocrx_word' id='word_1_387' title='bbox 2612 1127 2857 1196; x_wconf 77' lang='lat' dir='ltr'><strong>Epistula</strong></span> <span class='ocrx_word' id='word_1_388' title='bbox 2884 1126 2949 1179; x_wconf 89' lang='lat' dir='ltr'><strong>ad</strong></span> <span class='ocrx_word' id='word_1_389' title='bbox 2971 1126 3254 1181; x_wconf 77' lang='lat' dir='ltr'><strong>Romanos</strong></span> <span class='ocrx_word' id='word_1_390' title='bbox 3289 1126 3491 1180; x_wconf 84' lang='lat' dir='ltr'><strong>Paulus</strong></span> 
     </span>
    </p>
   </div>
   <div class='ocr_carea' id='block_1_54' title="bbox 1901 1216 3491 1291">
    <p class='ocr_par' dir='ltr' id='par_1_54' title="bbox 1901 1216 3491 1291">
     <span class='ocr_line' id='line_1_54' title="bbox 1901 1216 3491 1291; baseline -0.004 -15"><span class='ocrx_word' id='word_1_391' title='bbox 1901 1222 2299 1291; x_wconf 76' lang='lat' dir='ltr'><strong>interpretatus</strong></span> <span class='ocrx_word' id='word_1_392' title='bbox 2324 1221 2399 1274; x_wconf 92' lang='lat' dir='ltr'><strong>ait</strong></span> <span class='ocrx_word' id='word_1_393' title='bbox 2426 1238 2440 1275; x_wconf 91' lang='lat'><strong>:</strong></span> <span class='ocrx_word' id='word_1_394' title='bbox 2469 1240 2486 1272; x_wconf 75' lang='grc' dir='ltr'><strong>ι</strong></span> <span class='ocrx_word' id='word_1_395' title='bbox 2516 1219 2690 1286; x_wconf 85' lang='lat' dir='ltr'><strong>Quam</strong></span> <span class='ocrx_word' id='word_1_396' title='bbox 2722 1216 2956 1286; x_wconf 81' lang='lat' dir='ltr'><strong>speciosi</strong></span> <span class='ocrx_word' id='word_1_397' title='bbox 2980 1226 3110 1270; x_wconf 89' lang='lat' dir='ltr'><strong>sunt</strong></span> <span class='ocrx_word' id='word_1_398' title='bbox 3136 1218 3299 1285; x_wconf 83' lang='lat' dir='ltr'><strong>pedes</strong></span> <span class='ocrx_word' id='word_1_399' title='bbox 3322 1234 3491 1271; x_wconf 77' lang='lat' dir='ltr'><strong>evan-</strong></span> 
     </span>
    </p>
   </div>
   <div class='ocr_carea' id='block_1_55' title="bbox 1908 1309 3491 1383">
    <p class='ocr_par' dir='ltr' id='par_1_55' title="bbox 1908 1309 3491 1383">
     <span class='ocr_line' id='line_1_55' title="bbox 1908 1309 3491 1383; baseline -0.004 -15"><span class='ocrx_word' id='word_1_400' title='bbox 1908 1314 2258 1383; x_wconf 80' lang='lat' dir='ltr'><strong>gelizantium</strong></span> <span class='ocrx_word' id='word_1_401' title='bbox 2305 1309 2972 1379; x_wconf 82' lang='lat' dir='ltr'><strong>bona,evaugelizantium</strong></span> <span class='ocrx_word' id='word_1_402' title='bbox 3023 1320 3209 1377; x_wconf 73' lang='lat' dir='ltr'><strong>pacem</strong></span> <span class='ocrx_word' id='word_1_403' title='bbox 3247 1309 3317 1360; x_wconf 67' lang='grc' dir='ltr'><strong>ιιι</strong></span> <span class='ocrx_word' id='word_1_404' title='bbox 3345 1330 3362 1358; x_wconf 74' lang='grc' dir='ltr'><strong>ι</strong></span> <span class='ocrx_word' id='word_1_405' title='bbox 3386 1309 3491 1363; x_wconf 78' lang='lat' dir='ltr'><strong>Sed</strong></span> 
     </span>
    </p>
   </div>
   <div class='ocr_carea' id='block_1_56' title="bbox 1888 1399 3489 1478">
    <p class='ocr_par' dir='ltr' id='par_1_56' title="bbox 1888 1399 3489 1478">
     <span class='ocr_line' id='line_1_56' title="bbox 1888 1399 3489 1478; baseline -0.003 -17"><span class='ocrx_word' id='word_1_406' title='bbox 1888 1418 1988 1478; x_wconf 87' lang='lat' dir='ltr'><strong>pro</strong></span> <span class='ocrx_word' id='word_1_407' title='bbox 2009 1404 2277 1459; x_wconf 89' lang='lat' dir='ltr'><strong>vocabulo</strong></span> <span class='ocrx_word' id='word_1_408' title='bbox 2298 1403 2547 1465; x_wconf 76' lang='lat' dir='ltr'><strong>salutem,</strong></span> <span class='ocrx_word' id='word_1_409' title='bbox 2568 1400 2753 1456; x_wconf 81' lang='lat' dir='ltr'><strong>Jesum</strong></span> <span class='ocrx_word' id='word_1_410' title='bbox 2796 1400 2958 1454; x_wconf 81' lang='lat' dir='ltr'><strong>habet</strong></span> <span class='ocrx_word' id='word_1_411' title='bbox 3003 1400 3265 1454; x_wconf 79' lang='lat' dir='ltr'><strong>Hebraiea</strong></span> <span class='ocrx_word' id='word_1_412' title='bbox 3287 1399 3451 1455; x_wconf 87' lang='lat' dir='ltr'><strong>lectio</strong></span> <span class='ocrx_word' id='word_1_413' title='bbox 3477 1420 3489 1456; x_wconf 90' lang='lat'><strong>:</strong></span> 
     </span>
    </p>
   </div>
   <div class='ocr_carea' id='block_1_57' title="bbox 1908 1491 3491 1567">
    <p class='ocr_par' dir='ltr' id='par_1_57' title="bbox 1908 1491 3491 1567">
     <span class='ocr_line' id='line_1_57' title="bbox 1908 1491 3491 1567; baseline -0.004 -15"><span class='ocrx_word' id='word_1_414' title='bbox 1908 1513 2083 1567; x_wconf 85' lang='lat' dir='ltr'><strong>neque</strong></span> <span class='ocrx_word' id='word_1_415' title='bbox 2107 1513 2200 1552; x_wconf 85' lang='lat' dir='ltr'><strong>eos</strong></span> <span class='ocrx_word' id='word_1_416' title='bbox 2228 1496 2547 1567; x_wconf 84' lang='lat' dir='ltr'><strong>quidquam,</strong></span> <span class='ocrx_word' id='word_1_417' title='bbox 2575 1494 2681 1549; x_wconf 86' lang='lat' dir='ltr'><strong>nisi</strong></span> <span class='ocrx_word' id='word_1_418' title='bbox 2707 1493 2816 1546; x_wconf 90' lang='lat' dir='ltr'><strong>vim</strong></span> <span class='ocrx_word' id='word_1_419' title='bbox 2858 1492 3098 1563; x_wconf 74' lang='lat' dir='ltr'><strong>nominis</strong></span> <span class='ocrx_word' id='word_1_420' title='bbox 3120 1491 3491 1561; x_wconf 76' lang='lat' dir='ltr'><strong>explicarent,</strong></span> 
     </span>
    </p>
   </div>
   <div class='ocr_carea' id='block_1_58' title="bbox 1906 1583 3496 1660">
    <p class='ocr_par' dir='ltr' id='par_1_58' title="bbox 1906 1583 3496 1660">
     <span class='ocr_line' id='line_1_58' title="bbox 1906 1583 3496 1660; baseline -0.004 -15"><span class='ocrx_word' id='word_1_421' title='bbox 1906 1591 2040 1660; x_wconf 76' lang='lat' dir='ltr'><strong>ejus,</strong></span> <span class='ocrx_word' id='word_1_422' title='bbox 2065 1590 2154 1659; x_wconf 88' lang='lat' dir='ltr'><strong>qui</strong></span> <span class='ocrx_word' id='word_1_423' title='bbox 2183 1587 2366 1643; x_wconf 74' lang='lat' dir='ltr'><strong>Iesum</strong></span> <span class='ocrx_word' id='word_1_424' title='bbox 2401 1586 2581 1640; x_wconf 84' lang='lat' dir='ltr'><strong>audiri</strong></span> <span class='ocrx_word' id='word_1_425' title='bbox 2604 1585 2736 1655; x_wconf 77' lang='lat' dir='ltr'><strong>facit</strong></span> <span class='ocrx_word' id='word_1_426' title='bbox 2765 1584 2953 1638; x_wconf 84' lang='lat' dir='ltr'><strong>dicere</strong></span> <span class='ocrx_word' id='word_1_427' title='bbox 2998 1583 3367 1653; x_wconf 82' lang='lat' dir='ltr'><strong>prohibebat,</strong></span> <span class='ocrx_word' id='word_1_428' title='bbox 3397 1600 3496 1655; x_wconf 89' lang='lat' dir='ltr'><strong>pro</strong></span> 
     </span>
    </p>
   </div>
   <div class='ocr_carea' id='block_1_59' title="bbox 1907 1676 3498 1752">
    <p class='ocr_par' dir='ltr' id='par_1_59' title="bbox 1907 1676 3498 1752">
     <span class='ocr_line' id='line_1_59' title="bbox 1907 1676 3498 1752; baseline -0.001 -18"><span class='ocrx_word' id='word_1_429' title='bbox 1907 1697 2037 1751; x_wconf 88' lang='lat' dir='ltr'><strong>quo,</strong></span> <span class='ocrx_word' id='word_1_430' title='bbox 2069 1681 2207 1750; x_wconf 85' lang='lat' dir='ltr'><strong>ejus,</strong></span> <span class='ocrx_word' id='word_1_431' title='bbox 2239 1681 2329 1752; x_wconf 84' lang='lat' dir='ltr'><strong>qui</strong></span> <span class='ocrx_word' id='word_1_432' title='bbox 2356 1678 2582 1732; x_wconf 77' lang='lat' dir='ltr'><strong>salutem</strong></span> <span class='ocrx_word' id='word_1_433' title='bbox 2609 1678 2791 1731; x_wconf 83' lang='lat' dir='ltr'><strong>audiri</strong></span> <span class='ocrx_word' id='word_1_434' title='bbox 2818 1678 2978 1747; x_wconf 71' lang='lat' dir='ltr'><strong>facit,</strong></span> <span class='ocrx_word' id='word_1_435' title='bbox 2998 1677 3227 1746; x_wconf 79' lang='lat' dir='ltr'><strong>Aquilas</strong></span> <span class='ocrx_word' id='word_1_436' title='bbox 3262 1686 3313 1732; x_wconf 91' lang='lat' dir='ltr'><strong>et</strong></span> <span class='ocrx_word' id='word_1_437' title='bbox 3337 1676 3498 1749; x_wconf 81' lang='lat' dir='ltr'><strong>Sym-</strong></span> 
     </span>
    </p>
   </div>
   <div class='ocr_carea' id='block_1_60' title="bbox 1915 1768 3499 1841">
    <p class='ocr_par' dir='ltr' id='par_1_60' title="bbox 1915 1768 3499 1841">
     <span class='ocr_line' id='line_1_60' title="bbox 1915 1768 3499 1841; baseline -0.001 -16"><span class='ocrx_word' id='word_1_438' title='bbox 1915 1773 2143 1827; x_wconf 87' lang='lat' dir='ltr'><strong>machus</strong></span> <span class='ocrx_word' id='word_1_439' title='bbox 2183 1773 2638 1841; x_wconf 79' lang='lat' dir='ltr'><strong>interpretantur.</strong></span> <span class='ocrx_word' id='word_1_440' title='bbox 2672 1768 2875 1824; x_wconf 80' lang='lat' dir='ltr'><strong>Verum</strong></span> <span class='ocrx_word' id='word_1_441' title='bbox 2909 1784 3021 1839; x_wconf 89' lang='lat' dir='ltr'><strong>quo</strong></span> <span class='ocrx_word' id='word_1_442' title='bbox 3048 1769 3173 1823; x_wconf 88' lang='lat' dir='ltr'><strong>loco</strong></span> <span class='ocrx_word' id='word_1_443' title='bbox 3201 1769 3338 1822; x_wconf 84' lang='lat' dir='ltr'><strong>sicut</strong></span> <span class='ocrx_word' id='word_1_444' title='bbox 3366 1772 3499 1823; x_wconf 73' lang='lat' dir='ltr'><strong>liora</strong></span> 
     </span>
    </p>
   </div>
   <div class='ocr_carea' id='block_1_61' title="bbox 1912 1859 3498 1933">
    <p class='ocr_par' dir='ltr' id='par_1_61' title="bbox 1912 1859 3498 1933">
     <span class='ocr_line' id='line_1_61' title="bbox 1912 1859 3498 1933; baseline -0.004 -14"><span class='ocrx_word' id='word_1_445' title='bbox 1912 1865 2202 1926; x_wconf 82' lang='lat' dir='ltr'><strong>habemus,</strong></span> <span class='ocrx_word' id='word_1_446' title='bbox 2223 1865 2313 1917; x_wconf 85' lang='lat' dir='ltr'><strong>ille</strong></span> <span class='ocrx_word' id='word_1_447' title='bbox 2329 1865 2573 1933; x_wconf 85' lang='lat' dir='ltr'><strong>quidem,</strong></span> <span class='ocrx_word' id='word_1_448' title='bbox 2596 1862 2722 1931; x_wconf 82' lang='lat' dir='ltr'><strong>quid</strong></span> <span class='ocrx_word' id='word_1_449' title='bbox 2740 1860 2948 1929; x_wconf 71' lang='lat' dir='ltr'><strong>puto/tri</strong></span> <span class='ocrx_word' id='word_1_450' title='bbox 2972 1860 3103 1928; x_wconf 78' lang='lat' dir='ltr'><strong>facti</strong></span> <span class='ocrx_word' id='word_1_451' title='bbox 3127 1869 3248 1913; x_wconf 86' lang='lat' dir='ltr'><strong>sunt</strong></span> <span class='ocrx_word' id='word_1_452' title='bbox 3272 1864 3296 1916; x_wconf 87' lang='lat'><strong><em>?</em></strong></span> <span class='ocrx_word' id='word_1_453' title='bbox 3316 1859 3498 1914; x_wconf 80' lang='lat' dir='ltr'><strong>Theo-</strong></span> 
     </span>
    </p>
   </div>
   <div class='ocr_carea' id='block_1_62' title="bbox 1912 1949 3500 2019">
    <p class='ocr_par' dir='ltr' id='par_1_62' title="bbox 1912 1949 3500 2019">
     <span class='ocr_line' id='line_1_62' title="bbox 1912 1949 3500 2019; baseline -0.002 -10"><span class='ocrx_word' id='word_1_454' title='bbox 1912 1954 2062 2009; x_wconf 73' lang='lat' dir='ltr'><strong>dolio</strong></span> <span class='ocrx_word' id='word_1_455' title='bbox 2103 1961 2285 2008; x_wconf 76' lang='lat' dir='ltr'><strong>autem</strong></span> <span class='ocrx_word' id='word_1_456' title='bbox 2355 1955 2578 2019; x_wconf 68' lang='lat' dir='ltr'><strong>venusti,</strong></span> <span class='ocrx_word' id='word_1_457' title='bbox 2624 1950 3011 2005; x_wconf 84' lang='lat' dir='ltr'><strong>reddiderunt.</strong></span> <span class='ocrx_word' id='word_1_458' title='bbox 3039 1949 3272 2004; x_wconf 75' lang='lat' dir='ltr'><strong>Miratur</strong></span> <span class='ocrx_word' id='word_1_459' title='bbox 3301 1951 3500 2006; x_wconf 84' lang='lat' dir='ltr'><strong>deinde</strong></span> 
     </span>
    </p>
   </div>
   <div class='ocr_carea' id='block_1_63' title="bbox 1912 2042 3498 2117">
    <p class='ocr_par' dir='ltr' id='par_1_63' title="bbox 1912 2042 3498 2117">
     <span class='ocr_line' id='line_1_63' title="bbox 1912 2042 3498 2117; baseline -0.003 -16"><span class='ocrx_word' id='word_1_460' title='bbox 1912 2047 1968 2101; x_wconf 91' lang='lat' dir='ltr'><strong>in</strong></span> <span class='ocrx_word' id='word_1_461' title='bbox 2002 2061 2365 2117; x_wconf 83' lang='lat' dir='ltr'><strong>quascunque</strong></span> <span class='ocrx_word' id='word_1_462' title='bbox 2389 2053 2576 2099; x_wconf 88' lang='lat' dir='ltr'><strong>terras</strong></span> <span class='ocrx_word' id='word_1_463' title='bbox 2601 2042 2889 2111; x_wconf 77' lang='lat' dir='ltr'><strong>Evangelii</strong></span> <span class='ocrx_word' id='word_1_464' title='bbox 2921 2058 3204 2112; x_wconf 72' lang='lat' dir='ltr'><strong>prtecones</strong></span> <span class='ocrx_word' id='word_1_465' title='bbox 3239 2044 3498 2111; x_wconf 86' lang='lat' dir='ltr'><strong>abierint,</strong></span> 
     </span>
    </p>
   </div>
   <div class='ocr_carea' id='block_1_64' title="bbox 1856 2133 3498 2206">
    <p class='ocr_par' dir='ltr' id='par_1_64' title="bbox 1856 2133 3498 2206">
     <span class='ocr_line' id='line_1_64' title="bbox 1856 2133 3498 2206; baseline -0.002 -11"><span class='ocrx_word' id='word_1_466' title='bbox 1856 2184 1865 2195; x_wconf 54' lang='grc' dir='ltr'><em>κ</em></span> <span class='ocrx_word' id='word_1_467' title='bbox 1912 2139 2115 2194; x_wconf 83' lang='lat' dir='ltr'><strong>ibidem</strong></span> <span class='ocrx_word' id='word_1_468' title='bbox 2142 2138 2360 2192; x_wconf 89' lang='lat' dir='ltr'><strong>auditos</strong></span> <span class='ocrx_word' id='word_1_469' title='bbox 2385 2152 2510 2192; x_wconf 85' lang='lat' dir='ltr'><strong>esse</strong></span> <span class='ocrx_word' id='word_1_470' title='bbox 2545 2156 2558 2191; x_wconf 91' lang='lat'><strong>:</strong></span> <span class='ocrx_word' id='word_1_471' title='bbox 2586 2136 2895 2206; x_wconf 84' lang='lat' dir='ltr'><strong>horumque</strong></span> <span class='ocrx_word' id='word_1_472' title='bbox 2922 2136 3076 2204; x_wconf 80' lang='lat' dir='ltr'><strong>pedes</strong></span> <span class='ocrx_word' id='word_1_473' title='bbox 3108 2133 3231 2189; x_wconf 88' lang='lat' dir='ltr'><strong>ideo</strong></span> <span class='ocrx_word' id='word_1_474' title='bbox 3248 2136 3498 2204; x_wconf 79' lang='lat' dir='ltr'><strong>pulchros</strong></span> 
     </span>
    </p>
   </div>
   <div class='ocr_carea' id='block_1_65' title="bbox 1911 2228 3499 2311">
    <p class='ocr_par' dir='ltr' id='par_1_65' title="bbox 1911 2228 3499 2311">
     <span class='ocr_line' id='line_1_65' title="bbox 1911 2228 3499 2311; baseline -0.002 -25"><span class='ocrx_word' id='word_1_475' title='bbox 1911 2232 2226 2303; x_wconf 78' lang='lat' dir='ltr'><strong>appellavit,</strong></span> <span class='ocrx_word' id='word_1_476' title='bbox 2265 2240 2324 2284; x_wconf 91' lang='lat' dir='ltr'><strong>ut</strong></span> <span class='ocrx_word' id='word_1_477' title='bbox 2363 2245 2506 2300; x_wconf 86' lang='lat' dir='ltr'><strong>quos</strong></span> <span class='ocrx_word' id='word_1_478' title='bbox 2529 2228 2787 2311; x_wconf 78' lang='lat' dir='ltr'><strong>Salvator</strong></span> <span class='ocrx_word' id='word_1_479' title='bbox 2807 2228 3098 2291; x_wconf 86' lang='lat' dir='ltr'><strong>abluisset,</strong></span> <span class='ocrx_word' id='word_1_480' title='bbox 3122 2230 3361 2281; x_wconf 88' lang='lat' dir='ltr'><strong>mundos</strong></span> <span class='ocrx_word' id='word_1_481' title='bbox 3377 2243 3499 2283; x_wconf 87' lang='lat' dir='ltr'><strong>esse</strong></span> 
     </span>
    </p>
   </div>
   <div class='ocr_carea' id='block_1_66' title="bbox 1913 2320 3497 2396">
    <p class='ocr_par' dir='ltr' id='par_1_66' title="bbox 1913 2320 3497 2396">
     <span class='ocr_line' id='line_1_66' title="bbox 1913 2320 3497 2396; baseline -0.004 -16"><span class='ocrx_word' id='word_1_482' title='bbox 1913 2325 2252 2396; x_wconf 73' lang='lat' dir='ltr'><strong>signiﬁcaret</strong></span> <span class='ocrx_word' id='word_1_483' title='bbox 2275 2322 2319 2356; x_wconf 73' lang='lat'><strong>“</strong></span> <span class='ocrx_word' id='word_1_484' title='bbox 2354 2343 2367 2377; x_wconf 91' lang='lat'><strong>:</strong></span> <span class='ocrx_word' id='word_1_485' title='bbox 2396 2338 2505 2377; x_wconf 90' lang='lat' dir='ltr'><strong>non</strong></span> <span class='ocrx_word' id='word_1_486' title='bbox 2533 2323 2695 2376; x_wconf 82' lang='lat' dir='ltr'><strong>aliter</strong></span> <span class='ocrx_word' id='word_1_487' title='bbox 2722 2335 2886 2390; x_wconf 88' lang='lat' dir='ltr'><strong>quam</strong></span> <span class='ocrx_word' id='word_1_488' title='bbox 2926 2334 3021 2389; x_wconf 81' lang='lat' dir='ltr'><strong>per</strong></span> <span class='ocrx_word' id='word_1_489' title='bbox 3051 2328 3279 2383; x_wconf 85' lang='lat' dir='ltr'><strong>montes,</strong></span> <span class='ocrx_word' id='word_1_490' title='bbox 3319 2320 3497 2389; x_wconf 79' lang='lat' dir='ltr'><strong>ipsam</strong></span> 
     </span>
    </p>
   </div>
   <div class='ocr_carea' id='block_1_67' title="bbox 1913 2409 3499 2485">
    <p class='ocr_par' dir='ltr' id='par_1_67' title="bbox 1913 2409 3499 2485">
     <span class='ocr_line' id='line_1_67' title="bbox 1913 2409 3499 2485; baseline -0.002 -18"><span class='ocrx_word' id='word_1_491' title='bbox 1913 2415 2324 2485; x_wconf 52' lang='lat' dir='ltr'><strong>praedicationis</strong></span> <span class='ocrx_word' id='word_1_492' title='bbox 2364 2413 2786 2469; x_wconf 79' lang='lat' dir='ltr'><strong>sublimitatem.</strong></span> <span class='ocrx_word' id='word_1_493' title='bbox 2824 2410 3011 2465; x_wconf 77' lang='lat' dir='ltr'><strong>Pacem</strong></span> <span class='ocrx_word' id='word_1_494' title='bbox 3041 2425 3172 2465; x_wconf 77' lang='lat' dir='ltr'><strong>vero</strong></span> <span class='ocrx_word' id='word_1_495' title='bbox 3219 2426 3343 2465; x_wconf 88' lang='lat' dir='ltr'><strong>cum</strong></span> <span class='ocrx_word' id='word_1_496' title='bbox 3387 2409 3499 2466; x_wconf 80' lang='lat' dir='ltr'><strong>Deo</strong></span> 
     </span>
    </p>
   </div>
   <div class='ocr_carea' id='block_1_68' title="bbox 1912 2501 3498 2571">
    <p class='ocr_par' dir='ltr' id='par_1_68' title="bbox 1912 2501 3498 2571">
     <span class='ocr_line' id='line_1_68' title="bbox 1912 2501 3498 2571; baseline -0.005 -10"><span class='ocrx_word' id='word_1_497' title='bbox 1912 2522 2022 2561; x_wconf 87' lang='lat' dir='ltr'><strong>non</strong></span> <span class='ocrx_word' id='word_1_498' title='bbox 2071 2505 2268 2561; x_wconf 75' lang='lat' dir='ltr'><strong>vicinis</strong></span> <span class='ocrx_word' id='word_1_499' title='bbox 2307 2513 2563 2567; x_wconf 86' lang='lat' dir='ltr'><strong>tantum,</strong></span> <span class='ocrx_word' id='word_1_500' title='bbox 2621 2504 2715 2558; x_wconf 85' lang='lat' dir='ltr'><strong>sed</strong></span> <span class='ocrx_word' id='word_1_501' title='bbox 2756 2503 2985 2557; x_wconf 85' lang='lat' dir='ltr'><strong>remotis</strong></span> <span class='ocrx_word' id='word_1_502' title='bbox 3027 2502 3192 2555; x_wconf 86' lang='lat' dir='ltr'><strong>etiam</strong></span> <span class='ocrx_word' id='word_1_503' title='bbox 3242 2501 3498 2571; x_wconf 81' lang='lat' dir='ltr'><strong>gentibus</strong></span> 
     </span>
    </p>
   </div>
   <div class='ocr_carea' id='block_1_69' title="bbox 1910 2594 3500 2667">
    <p class='ocr_par' dir='ltr' id='par_1_69' title="bbox 1910 2594 3500 2667">
     <span class='ocr_line' id='line_1_69' title="bbox 1910 2594 3500 2667; baseline -0.001 -16"><span class='ocrx_word' id='word_1_504' title='bbox 1910 2596 2473 2667; x_wconf 77' lang='lat' dir='ltr'><strong>euangelizabunt,qui</strong></span> <span class='ocrx_word' id='word_1_505' title='bbox 2495 2594 2777 2650; x_wconf 87' lang='lat' dir='ltr'><strong>Christum</strong></span> <span class='ocrx_word' id='word_1_506' title='bbox 2833 2595 3106 2650; x_wconf 86' lang='lat' dir='ltr'><strong>docebant</strong></span> <span class='ocrx_word' id='word_1_507' title='bbox 3132 2613 3146 2661; x_wconf 92' lang='lat'><strong>;</strong></span> <span class='ocrx_word' id='word_1_508' title='bbox 3171 2612 3196 2647; x_wconf 77' lang='grc' dir='ltr'><em>τι</em></span> <span class='ocrx_word' id='word_1_509' title='bbox 3227 2611 3359 2665; x_wconf 89' lang='lat' dir='ltr'><strong>quo,</strong></span> <span class='ocrx_word' id='word_1_510' title='bbox 3382 2611 3500 2650; x_wconf 83' lang='lat' dir='ltr'><strong>mo-</strong></span> 
     </span>
    </p>
   </div>
   <div class='ocr_carea' id='block_1_70' title="bbox 1911 2689 3495 2759">
    <p class='ocr_par' dir='ltr' id='par_1_70' title="bbox 1911 2689 3495 2759">
     <span class='ocr_line' id='line_1_70' title="bbox 1911 2689 3495 2759; baseline -0.003 -12"><span class='ocrx_word' id='word_1_511' title='bbox 1911 2694 2072 2747; x_wconf 74' lang='lat' dir='ltr'><strong>ceriae</strong></span> <span class='ocrx_word' id='word_1_512' title='bbox 2122 2692 2444 2755; x_wconf 86' lang='lat' dir='ltr'><strong>interstitio,</strong></span> <span class='ocrx_word' id='word_1_513' title='bbox 2492 2689 2729 2758; x_wconf 87' lang='lat' dir='ltr'><strong>odioque</strong></span> <span class='ocrx_word' id='word_1_514' title='bbox 2771 2689 2891 2757; x_wconf 90' lang='lat' dir='ltr'><strong>ipso</strong></span> <span class='ocrx_word' id='word_1_515' title='bbox 2934 2704 3031 2759; x_wconf 87' lang='lat' dir='ltr'><strong>per</strong></span> <span class='ocrx_word' id='word_1_516' title='bbox 3067 2703 3292 2744; x_wconf 86' lang='lat' dir='ltr'><strong>carnem</strong></span> <span class='ocrx_word' id='word_1_517' title='bbox 3338 2696 3495 2743; x_wconf 75' lang='lat' dir='ltr'><strong>suam</strong></span> 
     </span>
    </p>
   </div>
   <div class='ocr_carea' id='block_1_71' title="bbox 1912 2779 3495 2851">
    <p class='ocr_par' dir='ltr' id='par_1_71' title="bbox 1912 2779 3495 2851">
     <span class='ocr_line' id='line_1_71' title="bbox 1912 2779 3495 2851; baseline -0.004 -11"><span class='ocrx_word' id='word_1_518' title='bbox 1912 2784 2165 2846; x_wconf 83' lang='lat' dir='ltr'><strong>sublatis,</strong></span> <span class='ocrx_word' id='word_1_519' title='bbox 2202 2792 2433 2851; x_wconf 85' lang='lat' dir='ltr'><strong>utraque</strong></span> <span class='ocrx_word' id='word_1_520' title='bbox 2467 2796 2635 2835; x_wconf 91' lang='lat' dir='ltr'><strong>unum</strong></span> <span class='ocrx_word' id='word_1_521' title='bbox 2670 2779 2863 2839; x_wconf 71' lang='lat' dir='ltr'><strong>eliecta</strong></span> <span class='ocrx_word' id='word_1_522' title='bbox 2901 2790 3064 2847; x_wconf 89' lang='lat' dir='ltr'><strong>sunt;</strong></span> <span class='ocrx_word' id='word_1_523' title='bbox 3089 2783 3235 2836; x_wconf 84' lang='lat' dir='ltr'><strong>unde</strong></span> <span class='ocrx_word' id='word_1_524' title='bbox 3264 2780 3495 2835; x_wconf 81' lang='lat' dir='ltr'><strong>Paulum</strong></span> 
     </span>
    </p>
   </div>
   <div class='ocr_carea' id='block_1_72' title="bbox 1912 2871 3497 2947">
    <p class='ocr_par' dir='ltr' id='par_1_72' title="bbox 1912 2871 3497 2947">
     <span class='ocr_line' id='line_1_72' title="bbox 1912 2871 3497 2947; baseline -0.005 -17"><span class='ocrx_word' id='word_1_525' title='bbox 1912 2876 2115 2947; x_wconf 86' lang='lat' dir='ltr'><strong>ipsum,</strong></span> <span class='ocrx_word' id='word_1_526' title='bbox 2148 2889 2272 2928; x_wconf 90' lang='lat' dir='ltr'><strong>cum</strong></span> <span class='ocrx_word' id='word_1_527' title='bbox 2313 2875 2379 2927; x_wconf 88' lang='lat' dir='ltr'><strong>ad</strong></span> <span class='ocrx_word' id='word_1_528' title='bbox 2424 2872 2701 2927; x_wconf 85' lang='lat' dir='ltr'><strong>Eeclesias</strong></span> <span class='ocrx_word' id='word_1_529' title='bbox 2759 2871 2974 2936; x_wconf 85' lang='lat' dir='ltr'><strong>scribit,</strong></span> <span class='ocrx_word' id='word_1_530' title='bbox 3023 2872 3258 2939; x_wconf 82' lang='lat' dir='ltr'><strong>gratiam</strong></span> <span class='ocrx_word' id='word_1_531' title='bbox 3308 2871 3416 2925; x_wconf 89' lang='lat' dir='ltr'><strong>illis</strong></span> <span class='ocrx_word' id='word_1_532' title='bbox 3441 2880 3497 2922; x_wconf 65' lang='lat' dir='ltr'><strong>et</strong></span> 
     </span>
    </p>
   </div>
   <div class='ocr_carea' id='block_1_73' title="bbox 1913 2963 3499 3040">
    <p class='ocr_par' dir='ltr' id='par_1_73' title="bbox 1913 2963 3499 3040">
     <span class='ocr_line' id='line_1_73' title="bbox 1913 2963 3499 3040; baseline -0.003 -17"><span class='ocrx_word' id='word_1_533' title='bbox 1913 2984 2100 3040; x_wconf 86' lang='lat' dir='ltr'><strong>pacem</strong></span> <span class='ocrx_word' id='word_1_534' title='bbox 2132 2967 2343 3038; x_wconf 86' lang='lat' dir='ltr'><strong>precari</strong></span> <span class='ocrx_word' id='word_1_535' title='bbox 2362 2965 2615 3021; x_wconf 85' lang='lat' dir='ltr'><strong>videmus</strong></span> <span class='ocrx_word' id='word_1_536' title='bbox 2642 2964 2710 3019; x_wconf 69' lang='grc' dir='ltr'><strong>νδ.</strong></span> <span class='ocrx_word' id='word_1_537' title='bbox 2733 2963 3186 3035; x_wconf 72' lang='lat' dir='ltr'><strong>Euangelizabaut</strong></span> <span class='ocrx_word' id='word_1_538' title='bbox 3217 2965 3343 3019; x_wconf 86' lang='lat' dir='ltr'><strong>item</strong></span> <span class='ocrx_word' id='word_1_539' title='bbox 3363 2965 3499 3019; x_wconf 77' lang='lat' dir='ltr'><strong>bona</strong></span> 
     </span>
    </p>
   </div>
   <div class='ocr_carea' id='block_1_74' title="bbox 1836 3055 3501 3147">
    <p class='ocr_par' dir='ltr' id='par_1_74' title="bbox 1836 3055 3501 3147">
     <span class='ocr_line' id='line_1_74' title="bbox 1836 3055 3501 3147; baseline -0.003 -32"><span class='ocrx_word' id='word_1_540' title='bbox 1836 3090 1880 3147; x_wconf 67' lang='grc' dir='ltr'>ο</span> <span class='ocrx_word' id='word_1_541' title='bbox 1916 3074 2104 3115; x_wconf 87' lang='lat' dir='ltr'><strong>revera</strong></span> <span class='ocrx_word' id='word_1_542' title='bbox 2128 3100 2142 3124; x_wconf 95' lang='lat'><strong>,</strong></span> <span class='ocrx_word' id='word_1_543' title='bbox 2162 3074 2286 3113; x_wconf 87' lang='lat' dir='ltr'><strong>cum</strong></span> <span class='ocrx_word' id='word_1_544' title='bbox 2324 3057 2699 3112; x_wconf 85' lang='lat' dir='ltr'><strong>heatitudines</strong></span> <span class='ocrx_word' id='word_1_545' title='bbox 2723 3057 3147 3111; x_wconf 81' lang='lat' dir='ltr'><strong>denuntiabant.</strong></span> <span class='ocrx_word' id='word_1_546' title='bbox 3174 3055 3331 3126; x_wconf 74' lang='lat'><strong>591</strong></span> <span class='ocrx_word' id='word_1_547' title='bbox 3372 3056 3501 3110; x_wconf 85' lang='lat' dir='ltr'><strong>Erat</strong></span> 
     </span>
    </p>
   </div>
   <div class='ocr_carea' id='block_1_75' title="bbox 1918 3145 3500 3215">
    <p class='ocr_par' dir='ltr' id='par_1_75' title="bbox 1918 3145 3500 3215">
     <span class='ocr_line' id='line_1_75' title="bbox 1918 3145 3500 3215; baseline -0.002 -13"><span class='ocrx_word' id='word_1_548' title='bbox 1918 3162 2049 3202; x_wconf 85' lang='lat' dir='ltr'><strong>vero</strong></span> <span class='ocrx_word' id='word_1_549' title='bbox 2103 3161 2294 3200; x_wconf 87' lang='lat' dir='ltr'><strong>eorum</strong></span> <span class='ocrx_word' id='word_1_550' title='bbox 2350 3147 2416 3200; x_wconf 85' lang='lat' dir='ltr'><strong>ad</strong></span> <span class='ocrx_word' id='word_1_551' title='bbox 2462 3145 2699 3210; x_wconf 83' lang='lat' dir='ltr'><strong>Sionem,</strong></span> <span class='ocrx_word' id='word_1_552' title='bbox 2758 3146 2809 3200; x_wconf 88' lang='lat' dir='ltr'><strong>id</strong></span> <span class='ocrx_word' id='word_1_553' title='bbox 2835 3154 2919 3200; x_wconf 88' lang='lat' dir='ltr'><strong>est</strong></span> <span class='ocrx_word' id='word_1_554' title='bbox 2962 3148 3029 3200; x_wconf 90' lang='lat' dir='ltr'><strong>ad</strong></span> <span class='ocrx_word' id='word_1_555' title='bbox 3063 3161 3183 3211; x_wconf 89' lang='lat' dir='ltr'><strong>eos,</strong></span> <span class='ocrx_word' id='word_1_556' title='bbox 3218 3148 3313 3215; x_wconf 85' lang='lat' dir='ltr'><strong>qui</strong></span> <span class='ocrx_word' id='word_1_557' title='bbox 3351 3147 3500 3215; x_wconf 83' lang='lat' dir='ltr'><strong>pium</strong></span> 
     </span>
    </p>
   </div>
   <div class='ocr_carea' id='block_1_76' title="bbox 1918 3236 3499 3306">
    <p class='ocr_par' dir='ltr' id='par_1_76' title="bbox 1918 3236 3499 3306">
     <span class='ocr_line' id='line_1_76' title="bbox 1918 3236 3499 3306; baseline 0 -14"><span class='ocrx_word' id='word_1_558' title='bbox 1918 3237 2043 3293; x_wconf 77' lang='lat' dir='ltr'><strong>vita:</strong></span> <span class='ocrx_word' id='word_1_559' title='bbox 2074 3238 2388 3292; x_wconf 87' lang='lat' dir='ltr'><strong>institutum</strong></span> <span class='ocrx_word' id='word_1_560' title='bbox 2419 3237 2657 3306; x_wconf 74' lang='lat' dir='ltr'><strong>amplexi</strong></span> <span class='ocrx_word' id='word_1_561' title='bbox 2689 3246 2872 3301; x_wconf 86' lang='lat' dir='ltr'><strong>erant,</strong></span> <span class='ocrx_word' id='word_1_562' title='bbox 2908 3245 2967 3292; x_wconf 89' lang='lat' dir='ltr'><strong>et</strong></span> <span class='ocrx_word' id='word_1_563' title='bbox 3003 3236 3071 3291; x_wconf 84' lang='lat' dir='ltr'><strong>ad</strong></span> <span class='ocrx_word' id='word_1_564' title='bbox 3115 3238 3293 3306; x_wconf 89' lang='lat' dir='ltr'><strong>ipsum</strong></span> <span class='ocrx_word' id='word_1_565' title='bbox 3337 3237 3499 3292; x_wconf 84' lang='lat' dir='ltr'><strong>etiam</strong></span> 
     </span>
    </p>
   </div>
   <div class='ocr_carea' id='block_1_77' title="bbox 1917 3328 3500 3404">
    <p class='ocr_par' dir='ltr' id='par_1_77' title="bbox 1917 3328 3500 3404">
     <span class='ocr_line' id='line_1_77' title="bbox 1917 3328 3500 3404; baseline -0.001 -19"><span class='ocrx_word' id='word_1_566' title='bbox 1917 3331 2294 3404; x_wconf 86' lang='lat' dir='ltr'><strong>apostolorum</strong></span> <span class='ocrx_word' id='word_1_567' title='bbox 2345 3330 2600 3391; x_wconf 87' lang='lat' dir='ltr'><strong>chorum,</strong></span> <span class='ocrx_word' id='word_1_568' title='bbox 2634 3329 2687 3381; x_wconf 89' lang='lat' dir='ltr'><strong>in</strong></span> <span class='ocrx_word' id='word_1_569' title='bbox 2752 3331 2866 3384; x_wconf 72' lang='lat' dir='ltr'><strong>haec</strong></span> <span class='ocrx_word' id='word_1_570' title='bbox 2926 3328 3092 3383; x_wconf 79' lang='lat' dir='ltr'><strong>verba</strong></span> <span class='ocrx_word' id='word_1_571' title='bbox 3145 3328 3500 3399; x_wconf 65' lang='lat' dir='ltr'><strong>prtedicatio.</strong></span> 
     </span>
    </p>
   </div>
   <div class='ocr_carea' id='block_1_78' title="bbox 1915 3416 3506 3489">
    <p class='ocr_par' dir='ltr' id='par_1_78' title="bbox 1915 3416 3506 3489">
     <span class='ocr_line' id='line_1_78' title="bbox 1915 3416 3506 3489; baseline 0.001 -17"><span class='ocrx_word' id='word_1_572' title='bbox 1915 3418 2178 3489; x_wconf 79' lang='lat' dir='ltr'><strong>Regnabit</strong></span> <span class='ocrx_word' id='word_1_573' title='bbox 2220 3416 2363 3473; x_wconf 87' lang='lat' dir='ltr'><strong>Deus</strong></span> <span class='ocrx_word' id='word_1_574' title='bbox 2412 3429 2554 3471; x_wconf 78' lang='lat' dir='ltr'><strong>tuus.</strong></span> <span class='ocrx_word' id='word_1_575' title='bbox 2592 3416 2748 3473; x_wconf 89' lang='lat' dir='ltr'><strong>Unde</strong></span> <span class='ocrx_word' id='word_1_576' title='bbox 2796 3425 2853 3472; x_wconf 87' lang='lat' dir='ltr'><strong>et</strong></span> <span class='ocrx_word' id='word_1_577' title='bbox 2904 3418 3005 3487; x_wconf 89' lang='lat' dir='ltr'><strong>ipsi</strong></span> <span class='ocrx_word' id='word_1_578' title='bbox 3065 3434 3283 3489; x_wconf 80' lang='lat' dir='ltr'><strong>regnum</strong></span> <span class='ocrx_word' id='word_1_579' title='bbox 3335 3418 3506 3475; x_wconf 67' lang='lat' dir='ltr'><strong>coelo-</strong></span> 
     </span>
    </p>
   </div>
   <div class='ocr_carea' id='block_1_79' title="bbox 1916 3509 3114 3565">
    <p class='ocr_par' dir='ltr' id='par_1_79' title="bbox 1916 3509 3114 3565">
     <span class='ocr_line' id='line_1_79' title="bbox 1916 3509 3114 3565; baseline -0.001 -1"><span class='ocrx_word' id='word_1_580' title='bbox 1916 3525 2040 3564; x_wconf 91' lang='lat' dir='ltr'><strong>rum</strong></span> <span class='ocrx_word' id='word_1_581' title='bbox 2072 3511 2292 3565; x_wconf 88' lang='lat' dir='ltr'><strong>cunctis</strong></span> <span class='ocrx_word' id='word_1_582' title='bbox 2323 3509 2656 3563; x_wconf 80' lang='lat' dir='ltr'><strong>mortalibus</strong></span> <span class='ocrx_word' id='word_1_583' title='bbox 2681 3509 3114 3563; x_wconf 86' lang='lat' dir='ltr'><strong>annuntiabant.</strong></span> 
     </span>
    </p>
   </div>
   <div class='ocr_carea' id='block_1_80' title="bbox 1990 3600 3503 3671">
    <p class='ocr_par' dir='ltr' id='par_1_80' title="bbox 1990 3600 3503 3671">
     <span class='ocr_line' id='line_1_80' title="bbox 1990 3600 3503 3671; baseline -0.001 -15"><span class='ocrx_word' id='word_1_584' title='bbox 1990 3600 2149 3667; x_wconf 88' lang='lat' dir='ltr'><strong>Quod</strong></span> <span class='ocrx_word' id='word_1_585' title='bbox 2168 3603 2213 3657; x_wconf 90' lang='lat' dir='ltr'><strong>si</strong></span> <span class='ocrx_word' id='word_1_586' title='bbox 2238 3600 2306 3654; x_wconf 89' lang='lat' dir='ltr'><strong>ad</strong></span> <span class='ocrx_word' id='word_1_587' title='bbox 2332 3600 2694 3671; x_wconf 84' lang='lat' dir='ltr'><strong>Septuaginta</strong></span> <span class='ocrx_word' id='word_1_588' title='bbox 2718 3602 2986 3667; x_wconf 80' lang='lat' dir='ltr'><strong>attendis,</strong></span> <span class='ocrx_word' id='word_1_589' title='bbox 3010 3602 3179 3656; x_wconf 86' lang='lat' dir='ltr'><strong>verba</strong></span> <span class='ocrx_word' id='word_1_590' title='bbox 3206 3602 3333 3668; x_wconf 84' lang='lat' dir='ltr'><strong>ista,</strong></span> <span class='ocrx_word' id='word_1_591' title='bbox 3367 3604 3503 3657; x_wconf 80' lang='lat' dir='ltr'><strong>sicut</strong></span> 
     </span>
    </p>
   </div>
   <div class='ocr_carea' id='block_1_81' title="bbox 1915 3692 3505 3762">
    <p class='ocr_par' dir='ltr' id='par_1_81' title="bbox 1915 3692 3505 3762">
     <span class='ocr_line' id='line_1_81' title="bbox 1915 3692 3505 3762; baseline 0.002 -15"><span class='ocrx_word' id='word_1_592' title='bbox 1915 3693 2049 3748; x_wconf 83' lang='lat' dir='ltr'><strong>hora</strong></span> <span class='ocrx_word' id='word_1_593' title='bbox 2074 3694 2126 3746; x_wconf 82' lang='lat' dir='ltr'><strong>in</strong></span> <span class='ocrx_word' id='word_1_594' title='bbox 2155 3693 2446 3758; x_wconf 82' lang='lat' dir='ltr'><strong>montibus,</strong></span> <span class='ocrx_word' id='word_1_595' title='bbox 2477 3692 2545 3746; x_wconf 86' lang='lat' dir='ltr'><strong>ad</strong></span> <span class='ocrx_word' id='word_1_596' title='bbox 2585 3707 2703 3759; x_wconf 86' lang='lat' dir='ltr'><strong>eos,</strong></span> <span class='ocrx_word' id='word_1_597' title='bbox 2745 3693 2837 3761; x_wconf 89' lang='lat' dir='ltr'><strong>qui</strong></span> <span class='ocrx_word' id='word_1_598' title='bbox 2867 3693 3047 3761; x_wconf 86' lang='lat' dir='ltr'><strong>ipsum</strong></span> <span class='ocrx_word' id='word_1_599' title='bbox 3075 3706 3505 3762; x_wconf 56' lang='lat' dir='ltr'><strong>praseesserunt.</strong></span> 
     </span>
    </p>
   </div>
   <div class='ocr_carea' id='block_1_82' title="bbox 1917 3784 3507 3857">
    <p class='ocr_par' dir='ltr' id='par_1_82' title="bbox 1917 3784 3507 3857">
     <span class='ocr_line' id='line_1_82' title="bbox 1917 3784 3507 3857; baseline 0.002 -17"><span class='ocrx_word' id='word_1_600' title='bbox 1917 3788 1992 3840; x_wconf 89' lang='lat' dir='ltr'><strong>ita</strong></span> <span class='ocrx_word' id='word_1_601' title='bbox 2028 3784 2316 3841; x_wconf 79' lang='lat' dir='ltr'><strong>referenda</strong></span> <span class='ocrx_word' id='word_1_602' title='bbox 2345 3794 2494 3851; x_wconf 85' lang='lat' dir='ltr'><strong>sunt,</strong></span> <span class='ocrx_word' id='word_1_603' title='bbox 2519 3793 2577 3839; x_wconf 89' lang='lat' dir='ltr'><strong>ut</strong></span> <span class='ocrx_word' id='word_1_604' title='bbox 2596 3801 2679 3850; x_wconf 87' lang='lat' dir='ltr'><strong>se,</strong></span> <span class='ocrx_word' id='word_1_605' title='bbox 2708 3786 2802 3856; x_wconf 85' lang='lat' dir='ltr'><strong>qui</strong></span> <span class='ocrx_word' id='word_1_606' title='bbox 2832 3786 3110 3854; x_wconf 84' lang='lat' dir='ltr'><strong>loquatur,</strong></span> <span class='ocrx_word' id='word_1_607' title='bbox 3129 3795 3384 3857; x_wconf 84' lang='lat' dir='ltr'><strong>tanquam</strong></span> <span class='ocrx_word' id='word_1_608' title='bbox 3411 3788 3507 3843; x_wconf 85' lang='grc' dir='ltr'><em>Ιιο-</em></span> 
     </span>
    </p>
   </div>
   <div class='ocr_carea' id='block_1_83' title="bbox 1917 3874 3506 3947">
    <p class='ocr_par' dir='ltr' id='par_1_83' title="bbox 1917 3874 3506 3947">
     <span class='ocr_line' id='line_1_83' title="bbox 1917 3874 3506 3947; baseline 0.003 -16"><span class='ocrx_word' id='word_1_609' title='bbox 1917 3894 2036 3931; x_wconf 85' lang='lat' dir='ltr'><strong>ram</strong></span> <span class='ocrx_word' id='word_1_610' title='bbox 2072 3874 2157 3931; x_wconf 63' lang='lat' dir='ltr'><strong>&#39;in</strong></span> <span class='ocrx_word' id='word_1_611' title='bbox 2222 3877 2489 3931; x_wconf 85' lang='lat' dir='ltr'><strong>montibus</strong></span> <span class='ocrx_word' id='word_1_612' title='bbox 2545 3876 2773 3944; x_wconf 84' lang='lat' dir='ltr'><strong>adesse,</strong></span> <span class='ocrx_word' id='word_1_613' title='bbox 2817 3877 3049 3947; x_wconf 77' lang='lat' dir='ltr'><strong>ipsoque</strong></span> <span class='ocrx_word' id='word_1_614' title='bbox 3096 3877 3241 3935; x_wconf 71' lang='lat' dir='ltr'><strong>[torte</strong></span> <span class='ocrx_word' id='word_1_615' title='bbox 3285 3882 3506 3936; x_wconf 82' lang='lat' dir='ltr'><strong>nomine</strong></span> 
     </span>
    </p>
   </div>
   <div class='ocr_carea' id='block_1_84' title="bbox 1915 3970 3505 4040">
    <p class='ocr_par' dir='ltr' id='par_1_84' title="bbox 1915 3970 3505 4040">
     <span class='ocr_line' id='line_1_84' title="bbox 1915 3970 3505 4040; baseline 0.002 -16"><span class='ocrx_word' id='word_1_616' title='bbox 1915 3986 2106 4026; x_wconf 88' lang='lat' dir='ltr'><strong>verum</strong></span> <span class='ocrx_word' id='word_1_617' title='bbox 2123 3981 2358 4040; x_wconf 87' lang='lat' dir='ltr'><strong>tempus,</strong></span> <span class='ocrx_word' id='word_1_618' title='bbox 2375 3986 2403 4022; x_wconf 91' lang='lat' dir='ltr'><strong>a</strong></span> <span class='ocrx_word' id='word_1_619' title='bbox 2428 3986 2540 4040; x_wconf 89' lang='lat' dir='ltr'><strong>quo</strong></span> <span class='ocrx_word' id='word_1_620' title='bbox 2559 3970 2754 4026; x_wconf 78' lang='lat' dir='ltr'><strong>(lorum</strong></span> <span class='ocrx_word' id='word_1_621' title='bbox 2781 3970 3177 4039; x_wconf 76' lang='lat' dir='ltr'><strong>fructuumque</strong></span> <span class='ocrx_word' id='word_1_622' title='bbox 3201 3988 3396 4029; x_wconf 86' lang='lat' dir='ltr'><strong>recens</strong></span> <span class='ocrx_word' id='word_1_623' title='bbox 3417 3974 3505 4028; x_wconf 73' lang='lat' dir='ltr'><strong>in~</strong></span> 
     </span>
    </p>
   </div>
   <div class='ocr_carea' id='block_1_85' title="bbox 1917 4061 3502 4133">
    <p class='ocr_par' dir='ltr' id='par_1_85' title="bbox 1917 4061 3502 4133">
     <span class='ocr_line' id='line_1_85' title="bbox 1917 4061 3502 4133; baseline 0.001 -16"><span class='ocrx_word' id='word_1_624' title='bbox 1917 4063 2054 4132; x_wconf 89' lang='lat' dir='ltr'><strong>cipit</strong></span> <span class='ocrx_word' id='word_1_625' title='bbox 2086 4063 2277 4123; x_wconf 86' lang='lat' dir='ltr'><strong>editio,</strong></span> <span class='ocrx_word' id='word_1_626' title='bbox 2311 4061 2698 4117; x_wconf 87' lang='lat' dir='ltr'><strong>demonstrare</strong></span> <span class='ocrx_word' id='word_1_627' title='bbox 2719 4063 3019 4133; x_wconf 75' lang='lat' dir='ltr'><strong>signiticet.</strong></span> <span class='ocrx_word' id='word_1_628' title='bbox 3055 4062 3187 4117; x_wconf 78' lang='lat' dir='ltr'><strong>Iline</strong></span> <span class='ocrx_word' id='word_1_629' title='bbox 3212 4065 3303 4118; x_wconf 83' lang='lat' dir='ltr'><strong>illa</strong></span> <span class='ocrx_word' id='word_1_630' title='bbox 3334 4065 3502 4119; x_wconf 75' lang='lat' dir='ltr'><strong>etiam</strong></span> 
     </span>
    </p>
   </div>
   <div class='ocr_carea' id='block_1_86' title="bbox 1919 4149 3505 4221">
    <p class='ocr_par' dir='ltr' id='par_1_86' title="bbox 1919 4149 3505 4221">
     <span class='ocr_line' id='line_1_86' title="bbox 1919 4149 3505 4221; baseline 0.001 -17"><span class='ocrx_word' id='word_1_631' title='bbox 1919 4150 2118 4221; x_wconf 88' lang='lat' dir='ltr'><strong>Sponsi</strong></span> <span class='ocrx_word' id='word_1_632' title='bbox 2154 4152 2220 4205; x_wconf 87' lang='lat' dir='ltr'><strong>ad</strong></span> <span class='ocrx_word' id='word_1_633' title='bbox 2256 4149 2530 4220; x_wconf 85' lang='lat' dir='ltr'><strong>Sponsam</strong></span> <span class='ocrx_word' id='word_1_634' title='bbox 2562 4151 2729 4204; x_wconf 87' lang='lat' dir='ltr'><strong>verba</strong></span> <span class='ocrx_word' id='word_1_635' title='bbox 2759 4168 2772 4205; x_wconf 86' lang='lat'><strong>:</strong></span> <span class='ocrx_word' id='word_1_636' title='bbox 2801 4168 2820 4200; x_wconf 78' lang='grc' dir='ltr'><strong>ι</strong></span> <span class='ocrx_word' id='word_1_637' title='bbox 2856 4150 3055 4221; x_wconf 79' lang='lat' dir='ltr'><strong>Surge,</strong></span> <span class='ocrx_word' id='word_1_638' title='bbox 3096 4152 3217 4205; x_wconf 88' lang='lat' dir='ltr'><strong>veni</strong></span> <span class='ocrx_word' id='word_1_639' title='bbox 3261 4168 3382 4221; x_wconf 65' lang='lat' dir='ltr'><strong>quae</strong></span> <span class='ocrx_word' id='word_1_640' title='bbox 3419 4168 3505 4206; x_wconf 86' lang='lat' dir='ltr'><strong>me</strong></span> 
     </span>
    </p>
   </div>
   <div class='ocr_carea' id='block_1_87' title="bbox 1916 4240 3504 4312">
    <p class='ocr_par' dir='ltr' id='par_1_87' title="bbox 1916 4240 3504 4312">
     <span class='ocr_line' id='line_1_87' title="bbox 1916 4240 3504 4312; baseline -0.001 -18"><span class='ocrx_word' id='word_1_641' title='bbox 1916 4257 2085 4312; x_wconf 88' lang='lat' dir='ltr'><strong>prope</strong></span> <span class='ocrx_word' id='word_1_642' title='bbox 2120 4257 2200 4307; x_wconf 91' lang='lat' dir='ltr'><strong>es,</strong></span> <span class='ocrx_word' id='word_1_643' title='bbox 2237 4242 2470 4312; x_wconf 84' lang='lat' dir='ltr'><strong>pulchra</strong></span> <span class='ocrx_word' id='word_1_644' title='bbox 2501 4249 2685 4294; x_wconf 80' lang='lat' dir='ltr'><strong>turtur</strong></span> <span class='ocrx_word' id='word_1_645' title='bbox 2723 4256 2865 4305; x_wconf 85' lang='lat' dir='ltr'><strong>mea,</strong></span> <span class='ocrx_word' id='word_1_646' title='bbox 2889 4240 3153 4310; x_wconf 87' lang='lat' dir='ltr'><strong>quoniam</strong></span> <span class='ocrx_word' id='word_1_647' title='bbox 3179 4244 3504 4297; x_wconf 58' lang='lat' dir='ltr'><strong>eecehiems</strong></span> 
     </span>
    </p>
   </div>
   <div class='ocr_carea' id='block_1_88' title="bbox 1915 4332 3511 4403">
    <p class='ocr_par' dir='ltr' id='par_1_88' title="bbox 1915 4332 3511 4403">
     <span class='ocr_line' id='line_1_88' title="bbox 1915 4332 3511 4403; baseline 0.002 -16"><span class='ocrx_word' id='word_1_648' title='bbox 1915 4333 2162 4397; x_wconf 87' lang='lat' dir='ltr'><strong>transiit,</strong></span> <span class='ocrx_word' id='word_1_649' title='bbox 2198 4334 2375 4386; x_wconf 88' lang='lat' dir='ltr'><strong>imber</strong></span> <span class='ocrx_word' id='word_1_650' title='bbox 2391 4334 2602 4387; x_wconf 88' lang='lat' dir='ltr'><strong>abiitet</strong></span> <span class='ocrx_word' id='word_1_651' title='bbox 2633 4332 2863 4388; x_wconf 85' lang='lat' dir='ltr'><strong>recessit</strong></span> <span class='ocrx_word' id='word_1_652' title='bbox 2889 4333 3021 4398; x_wconf 89' lang='lat' dir='ltr'><strong>sibi,</strong></span> <span class='ocrx_word' id='word_1_653' title='bbox 3049 4333 3211 4389; x_wconf 83' lang='lat' dir='ltr'><strong>liores</strong></span> <span class='ocrx_word' id='word_1_654' title='bbox 3242 4350 3511 4403; x_wconf 65' lang='lat' dir='ltr'><strong>apparue-</strong></span> 
     </span>
    </p>
   </div>
   <div class='ocr_carea' id='block_1_89' title="bbox 224 4423 1808 4500">
    <p class='ocr_par' dir='ltr' id='par_1_89' title="bbox 224 4423 1808 4500">
     <span class='ocr_line' id='line_1_89' title="bbox 224 4423 1808 4500; baseline 0.009 -33"><span class='ocrx_word' id='word_1_655' title='bbox 224 4431 343 4468; x_wconf 79' lang='grc' dir='ltr'><em>κων</em></span> <span class='ocrx_word' id='word_1_656' title='bbox 364 4423 803 4491; x_wconf 81' lang='grc' dir='ltr'><em>καταχειμάσας,</em></span> <span class='ocrx_word' id='word_1_657' title='bbox 833 4425 1117 4494; x_wconf 82' lang='grc' dir='ltr'><strong>ἀκάρπους</strong></span> <span class='ocrx_word' id='word_1_658' title='bbox 1140 4427 1440 4499; x_wconf 78' lang='grc' dir='ltr'><em>ἀπέφηνεν,</em></span> <span class='ocrx_word' id='word_1_659' title='bbox 1470 4428 1547 4493; x_wconf 81' lang='grc' dir='ltr'><strong>ὡς</strong></span> <span class='ocrx_word' id='word_1_660' title='bbox 1576 4429 1650 4500; x_wconf 85' lang='grc' dir='ltr'><strong>μὴ</strong></span> <span class='ocrx_word' id='word_1_661' title='bbox 1673 4426 1808 4483; x_wconf 81' lang='grc' dir='ltr'><em>εἶναι</em></span> 
     </span>
    </p>
   </div>
   <div class='ocr_carea' id='block_1_90' title="bbox 1915 4423 3501 4500">
    <p class='ocr_par' dir='ltr' id='par_1_90' title="bbox 1920 4424 3501 4494">
     <span class='ocr_line' id='line_1_90' title="bbox 1920 4424 3501 4494; baseline 0.003 -17"><span class='ocrx_word' id='word_1_662' title='bbox 1920 4433 2050 4478; x_wconf 86' lang='lat' dir='ltr'><strong>runt</strong></span> <span class='ocrx_word' id='word_1_663' title='bbox 2092 4425 2147 4477; x_wconf 92' lang='lat' dir='ltr'><strong>in</strong></span> <span class='ocrx_word' id='word_1_664' title='bbox 2184 4433 2372 4489; x_wconf 86' lang='lat' dir='ltr'><strong>terra;</strong></span> <span class='ocrx_word' id='word_1_665' title='bbox 2407 4435 2626 4493; x_wconf 91' lang='lat' dir='ltr'><strong>tempus</strong></span> <span class='ocrx_word' id='word_1_666' title='bbox 2672 4424 2977 4494; x_wconf 85' lang='lat' dir='ltr'><strong>putationis</strong></span> <span class='ocrx_word' id='word_1_667' title='bbox 3022 4426 3244 4479; x_wconf 84' lang='lat' dir='ltr'><strong>advenit</strong></span> <span class='ocrx_word' id='word_1_668' title='bbox 3278 4426 3341 4479; x_wconf 66' lang='grc'><strong>⁸⁵.</strong></span> <span class='ocrx_word' id='word_1_669' title='bbox 3374 4446 3392 4478; x_wconf 76' lang='grc' dir='ltr'><strong>ι</strong></span> <span class='ocrx_word' id='word_1_670' title='bbox 3444 4429 3501 4482; x_wconf 80' lang='lat' dir='ltr'><strong>in</strong></span> 
     </span>
    </p>
   </div>
   <div class='ocr_carea' id='block_1_91' title="bbox 227 4507 1813 4594">
    <p class='ocr_par' dir='ltr' id='par_1_91' title="bbox 227 4507 1813 4594">
     <span class='ocr_line' id='line_1_91' title="bbox 227 4507 1813 4594; baseline 0.013 -37"><span class='ocrx_word' id='word_1_671' title='bbox 227 4507 483 4565; x_wconf 79' lang='grc' dir='ltr'><em>ποιοῦντα</em></span> <span class='ocrx_word' id='word_1_672' title='bbox 522 4515 894 4586; x_wconf 86' lang='grc' dir='ltr'><em>χρηστότητα.</em></span> <span class='ocrx_word' id='word_1_673' title='bbox 935 4518 1077 4571; x_wconf 79' lang='grc' dir='ltr'><em>Ἀλλ’</em></span> <span class='ocrx_word' id='word_1_674' title='bbox 1123 4520 1459 4591; x_wconf 83' lang='grc' dir='ltr'><em>ἀνεθάλομεν</em></span> <span class='ocrx_word' id='word_1_675' title='bbox 1498 4524 1556 4574; x_wconf 82' lang='grc' dir='ltr'><strong>ἐν</strong></span> <span class='ocrx_word' id='word_1_676' title='bbox 1592 4523 1813 4594; x_wconf 77' lang='grc' dir='ltr'><em>Χριστῷ</em></span> 
     </span>
    </p>
   </div>
   <div class='ocr_carea' id='block_1_92' title="bbox 225 4606 1815 4686">
    <p class='ocr_par' dir='ltr' id='par_1_92' title="bbox 225 4606 1815 4686">
     <span class='ocr_line' id='line_1_92' title="bbox 225 4606 1815 4686; baseline 0.02 -35"><span class='ocrx_word' id='word_1_677' title='bbox 225 4606 606 4676; x_wconf 82' lang='grc' dir='ltr'><em>πνευματικῆς</em></span> <span class='ocrx_word' id='word_1_678' title='bbox 640 4609 951 4680; x_wconf 78' lang='grc' dir='ltr'><em>εὐκαρπίας</em></span> <span class='ocrx_word' id='word_1_679' title='bbox 996 4614 1281 4684; x_wconf 83' lang='grc' dir='ltr'><em>γενόμενοι</em></span> <span class='ocrx_word' id='word_1_680' title='bbox 1312 4615 1564 4686; x_wconf 73' lang='grc' dir='ltr'><em>πλήρεις,</em></span> <span class='ocrx_word' id='word_1_681' title='bbox 1604 4615 1680 4679; x_wconf 80' lang='grc' dir='ltr'><strong>ὡς</strong></span> <span class='ocrx_word' id='word_1_682' title='bbox 1720 4617 1815 4670; x_wconf 63' lang='grc' dir='ltr'><strong>καὶ</strong></span> 
     </span>
    </p>
   </div>
   <div class='ocr_carea' id='block_1_93' title="bbox 219 4687 1815 4783">
    <p class='ocr_par' dir='ltr' id='par_1_93' title="bbox 219 4687 1815 4783">
     <span class='ocr_line' id='line_1_93' title="bbox 219 4687 1815 4783; baseline 0.013 -42"><span class='ocrx_word' id='word_1_683' title='bbox 219 4687 484 4750; x_wconf 75' lang='grc' dir='ltr'><em>δύνασθαι</em></span> <span class='ocrx_word' id='word_1_684' title='bbox 539 4698 755 4768; x_wconf 76' lang='grc' dir='ltr'><strong>λέγειν·</strong></span> <span class='ocrx_word' id='word_1_685' title='bbox 814 4721 835 4754; x_wconf 75' lang='grc' dir='ltr'><strong>ι</strong></span> <span class='ocrx_word' id='word_1_686' title='bbox 873 4705 1186 4783; x_wconf 67' lang='grc' dir='ltr'><em>Καταβὴτω</em></span> <span class='ocrx_word' id='word_1_687' title='bbox 1221 4710 1250 4761; x_wconf 87' lang='grc' dir='ltr'>ὁ</span> <span class='ocrx_word' id='word_1_688' title='bbox 1287 4707 1517 4778; x_wconf 81' lang='grc' dir='ltr'><em>ἁδελφός</em></span> <span class='ocrx_word' id='word_1_689' title='bbox 1571 4724 1674 4779; x_wconf 79' lang='grc' dir='ltr'><em>μου</em></span> <span class='ocrx_word' id='word_1_690' title='bbox 1733 4711 1815 4773; x_wconf 81' lang='grc' dir='ltr'><strong>εἱς</strong></span> 
     </span>
    </p>
   </div>
   <div class='ocr_carea' id='block_1_94' title="bbox 227 4784 1806 4872">
    <p class='ocr_par' dir='ltr' id='par_1_94' title="bbox 227 4784 1806 4872">
     <span class='ocr_line' id='line_1_94' title="bbox 227 4784 1806 4872; baseline 0.01 -35"><span class='ocrx_word' id='word_1_691' title='bbox 227 4784 400 4853; x_wconf 83' lang='grc' dir='ltr'><em>κῆπον</em></span> <span class='ocrx_word' id='word_1_692' title='bbox 422 4790 615 4856; x_wconf 81' lang='grc' dir='ltr'><em>αὐτοῦ,</em></span> <span class='ocrx_word' id='word_1_693' title='bbox 640 4795 735 4847; x_wconf 76' lang='grc' dir='ltr'><em>καὶ</em></span> <span class='ocrx_word' id='word_1_694' title='bbox 761 4799 983 4864; x_wconf 82' lang='grc' dir='ltr'><strong>φαγέτω</strong></span> <span class='ocrx_word' id='word_1_695' title='bbox 1002 4799 1212 4870; x_wconf 79' lang='grc' dir='ltr'><em>καρπὸν</em></span> <span class='ocrx_word' id='word_1_696' title='bbox 1237 4800 1554 4872; x_wconf 81' lang='grc' dir='ltr'><strong>ἀκροδρύων</strong></span> <span class='ocrx_word' id='word_1_697' title='bbox 1578 4801 1763 4855; x_wconf 82' lang='grc' dir='ltr'><strong>αὐτοῦ.</strong></span> <span class='ocrx_word' id='word_1_698' title='bbox 1787 4821 1806 4853; x_wconf 68' lang='grc' dir='ltr'><strong><em>υ</em></strong></span> 
     </span>
    </p>
   </div>
   <div class='ocr_carea' id='block_1_95' title="bbox 229 4872 1813 4960">
    <p class='ocr_par' dir='ltr' id='par_1_95' title="bbox 229 4872 1813 4960">
     <span class='ocr_line' id='line_1_95' title="bbox 229 4872 1813 4960; baseline 0.023 -34"><span class='ocrx_word' id='word_1_699' title='bbox 229 4872 449 4941; x_wconf 75' lang='grc' dir='ltr'><em>Γέγονε</em></span> <span class='ocrx_word' id='word_1_700' title='bbox 475 4879 534 4933; x_wconf 81' lang='grc' dir='ltr'><em>δὲ</em></span> <span class='ocrx_word' id='word_1_701' title='bbox 558 4882 665 4937; x_wconf 63' lang='grc' dir='ltr'><em>καὶ</em></span> <span class='ocrx_word' id='word_1_702' title='bbox 693 4884 774 4952; x_wconf 86' lang='grc' dir='ltr'><strong>ὠς</strong></span> <span class='ocrx_word' id='word_1_703' title='bbox 813 4886 999 4954; x_wconf 76' lang='grc' dir='ltr'><em>πόδες</em></span> <span class='ocrx_word' id='word_1_704' title='bbox 1047 4889 1583 4960; x_wconf 76' lang='grc' dir='ltr'><em>εὐαγγελιζομένου</em></span> <span class='ocrx_word' id='word_1_705' title='bbox 1615 4891 1813 4960; x_wconf 68' lang='grc' dir='ltr'><strong>ἀκοὴν</strong></span> 
     </span>
    </p>
   </div>
   <div class='ocr_carea' id='block_1_96' title="bbox 229 4962 1807 5053">
    <p class='ocr_par' dir='ltr' id='par_1_96' title="bbox 229 4962 1807 5053">
     <span class='ocr_line' id='line_1_96' title="bbox 229 4962 1807 5053; baseline 0.004 -25"><span class='ocrx_word' id='word_1_706' title='bbox 229 4962 489 5053; x_wconf 47' lang='lat' dir='ltr'><strong>{Mirum</strong></span> <span class='ocrx_word' id='word_1_707' title='bbox 526 4974 671 5028; x_wconf 76' lang='grc' dir='ltr'><em>κατὰ</em></span> <span class='ocrx_word' id='word_1_708' title='bbox 700 4976 800 5047; x_wconf 77' lang='grc' dir='ltr'><strong>τὴν</strong></span> <span class='ocrx_word' id='word_1_709' title='bbox 827 4980 1295 5050; x_wconf 77' lang='grc' dir='ltr'><em>προαποδοθεῖσαν</em></span> <span class='ocrx_word' id='word_1_710' title='bbox 1328 4984 1615 5053; x_wconf 79' lang='grc' dir='ltr'><strong>ἐξήγησιν.</strong></span> <span class='ocrx_word' id='word_1_711' title='bbox 1647 4981 1807 5045; x_wconf 79' lang='grc' dir='ltr'><em>Τινὲς</em></span> 
     </span>
    </p>
   </div>
   <div class='ocr_carea' id='block_1_97' title="bbox 230 5050 1807 5142">
    <p class='ocr_par' dir='ltr' id='par_1_97' title="bbox 230 5050 1807 5142">
     <span class='ocr_line' id='line_1_97' title="bbox 230 5050 1807 5142; baseline 0.015 -39"><span class='ocrx_word' id='word_1_712' title='bbox 230 5050 366 5109; x_wconf 85' lang='grc' dir='ltr'><em>δὲτὸ</em></span> <span class='ocrx_word' id='word_1_713' title='bbox 394 5063 571 5132; x_wconf 83' lang='grc' dir='ltr'><em>παρὸν</em></span> <span class='ocrx_word' id='word_1_714' title='bbox 604 5066 770 5135; x_wconf 79' lang='grc' dir='ltr'><em>ῥητὸν</em></span> <span class='ocrx_word' id='word_1_715' title='bbox 802 5068 974 5134; x_wconf 73' lang='grc' dir='ltr'><em>οὕτως</em></span> <span class='ocrx_word' id='word_1_716' title='bbox 1028 5072 1378 5142; x_wconf 77' lang='grc' dir='ltr'><em>ἑρμήνευσαν</em></span> <span class='ocrx_word' id='word_1_717' title='bbox 1416 5050 1691 5142; x_wconf 76' lang='grc' dir='ltr'><em>λέγοντες,</em></span> <span class='ocrx_word' id='word_1_718' title='bbox 1732 5072 1807 5136; x_wconf 81' lang='grc' dir='ltr'><strong>ὡς</strong></span> 
     </span>
    </p>
   </div>
   <div class='ocr_carea' id='block_1_98' title="bbox 231 5142 1810 5234">
    <p class='ocr_par' dir='ltr' id='par_1_98' title="bbox 231 5142 1810 5234">
     <span class='ocr_line' id='line_1_98' title="bbox 231 5142 1810 5234; baseline 0.009 -34"><span class='ocrx_word' id='word_1_719' title='bbox 231 5142 327 5214; x_wconf 80' lang='grc' dir='ltr'><em>τὴν</em></span> <span class='ocrx_word' id='word_1_720' title='bbox 354 5148 646 5225; x_wconf 57' lang='grc' dir='ltr'><em>ὲπῶκεψιν</em></span> <span class='ocrx_word' id='word_1_721' title='bbox 680 5157 774 5210; x_wconf 79' lang='grc' dir='ltr'><strong>τοῦ</strong></span> <span class='ocrx_word' id='word_1_722' title='bbox 807 5158 937 5213; x_wconf 79' lang='grc' dir='ltr'><em>λαοῦ</em></span> <span class='ocrx_word' id='word_1_723' title='bbox 972 5162 1072 5234; x_wconf 80' lang='grc' dir='ltr'><em>τὴν</em></span> <span class='ocrx_word' id='word_1_724' title='bbox 1100 5164 1157 5215; x_wconf 82' lang='grc' dir='ltr'><strong>ὲν</strong></span> <span class='ocrx_word' id='word_1_725' title='bbox 1189 5164 1302 5228; x_wconf 85' lang='grc' dir='ltr'><em>τοῖς</em></span> <span class='ocrx_word' id='word_1_726' title='bbox 1344 5163 1481 5234; x_wconf 79' lang='grc' dir='ltr'><strong>μετὰ</strong></span> <span class='ocrx_word' id='word_1_727' title='bbox 1514 5163 1687 5217; x_wconf 81' lang='grc' dir='ltr'><em>ταῦτα</em></span> <span class='ocrx_word' id='word_1_728' title='bbox 1720 5179 1810 5230; x_wconf 62' lang='grc' dir='ltr'><strong>γες</strong></span> 
     </span>
    </p>
   </div>
   <div class='ocr_carea' id='block_1_99' title="bbox 233 5238 1809 5326">
    <p class='ocr_par' dir='ltr' id='par_1_99' title="bbox 233 5238 1809 5326">
     <span class='ocr_line' id='line_1_99' title="bbox 233 5238 1809 5326; baseline 0.001 -20"><span class='ocrx_word' id='word_1_729' title='bbox 233 5238 456 5312; x_wconf 79' lang='grc' dir='ltr'><em>νομένην</em></span> <span class='ocrx_word' id='word_1_730' title='bbox 486 5246 662 5317; x_wconf 81' lang='grc' dir='ltr'><em>δηλοῖ,</em></span> <span class='ocrx_word' id='word_1_731' title='bbox 710 5250 831 5320; x_wconf 74' lang='grc' dir='ltr'><em>ἥτις</em></span> <span class='ocrx_word' id='word_1_732' title='bbox 872 5254 970 5307; x_wconf 76' lang='grc' dir='ltr'><em>καὶ</em></span> <span class='ocrx_word' id='word_1_733' title='bbox 1024 5256 1296 5326; x_wconf 86' lang='grc' dir='ltr'><em>παρουσία</em></span> <span class='ocrx_word' id='word_1_734' title='bbox 1344 5257 1573 5319; x_wconf 81' lang='grc' dir='ltr'><em>δικαίως</em></span> <span class='ocrx_word' id='word_1_735' title='bbox 1608 5255 1674 5309; x_wconf 83' lang='grc' dir='ltr'><strong>ἂν</strong></span> <span class='ocrx_word' id='word_1_736' title='bbox 1722 5255 1809 5307; x_wconf 77' lang='grc' dir='ltr'><strong>λέ-</strong></span> 
     </span>
    </p>
   </div>
   <div class='ocr_carea' id='block_1_100' title="bbox 234 5337 1807 5418">
    <p class='ocr_par' dir='ltr' id='par_1_100' title="bbox 234 5337 1807 5418">
     <span class='ocr_line' id='line_1_100' title="bbox 234 5337 1807 5418; baseline 0.005 -27"><span class='ocrx_word' id='word_1_737' title='bbox 234 5339 408 5403; x_wconf 10' lang='grc' dir='ltr'><strong>Ὑοιτογ·</strong></span> <span class='ocrx_word' id='word_1_738' title='bbox 440 5337 502 5390; x_wconf 83' lang='grc' dir='ltr'><strong>οὺ</strong></span> <span class='ocrx_word' id='word_1_739' title='bbox 535 5339 637 5407; x_wconf 83' lang='grc' dir='ltr'><em>τῆς</em></span> <span class='ocrx_word' id='word_1_740' title='bbox 667 5343 856 5407; x_wconf 77' lang='grc' dir='ltr'><em>οὐσίας</em></span> <span class='ocrx_word' id='word_1_741' title='bbox 888 5345 1052 5399; x_wconf 80' lang='grc' dir='ltr'><em>αὐτοῦ</em></span> <span class='ocrx_word' id='word_1_742' title='bbox 1092 5347 1259 5401; x_wconf 88' lang='grc' dir='ltr'><em>τόπον</em></span> <span class='ocrx_word' id='word_1_743' title='bbox 1285 5349 1350 5402; x_wconf 83' lang='grc' dir='ltr'><em>ἐκ</em></span> <span class='ocrx_word' id='word_1_744' title='bbox 1381 5349 1549 5401; x_wconf 80' lang='grc' dir='ltr'><em>τόπου</em></span> <span class='ocrx_word' id='word_1_745' title='bbox 1587 5347 1807 5418; x_wconf 78' lang='grc' dir='ltr'><em>μετιού-</em></span> 
     </span>
    </p>
   </div>
   <div class='ocr_carea' id='block_1_101' title="bbox 163 5514 389 5574">
    <p class='ocr_par' dir='ltr' id='par_1_101' title="bbox 163 5514 389 5574">
     <span class='ocr_line' id='line_1_101' title="bbox 163 5514 389 5574; baseline 0 -5"><span class='ocrx_word' id='word_1_746' title='bbox 163 5536 197 5569; x_wconf 56' lang='lat'><strong>.‘</strong></span> <span class='ocrx_word' id='word_1_747' title='bbox 236 5516 307 5574; x_wconf 72' lang='grc' dir='ltr'><strong>νι,</strong></span> <span class='ocrx_word' id='word_1_748' title='bbox 338 5514 389 5570; x_wconf 75' lang='grc'><strong>1.</strong></span> 
     </span>
    </p>
   </div>
   <div class='ocr_carea' id='block_1_102' title="bbox 301 5439 1808 5531">
    <p class='ocr_par' dir='ltr' id='par_1_102' title="bbox 301 5439 1805 5531">
     <span class='ocr_line' id='line_1_102' title="bbox 301 5439 1805 5531; baseline 0.007 -25"><span class='ocrx_word' id='word_1_749' title='bbox 301 5439 528 5531; x_wconf 51' lang='lat' dir='ltr'><strong>“ﬁam.</strong></span> <span class='ocrx_word' id='word_1_750' title='bbox 574 5472 628 5521; x_wconf 74' lang='grc' dir='ltr'><em>ι,</em></span> <span class='ocrx_word' id='word_1_751' title='bbox 667 5456 755 5512; x_wconf 79' lang='grc'><strong>15.</strong></span> <span class='ocrx_word' id='word_1_752' title='bbox 831 5460 879 5492; x_wconf 69' lang='grc'><strong>⁸³</strong></span> <span class='ocrx_word' id='word_1_753' title='bbox 910 5458 1330 5531; x_wconf 77' lang='lat' dir='ltr'><strong>Juan.xul,lO.</strong></span> <span class='ocrx_word' id='word_1_754' title='bbox 1409 5465 1455 5499; x_wconf 69' lang='grc'><strong>⁵⁵</strong></span> <span class='ocrx_word' id='word_1_755' title='bbox 1501 5465 1520 5517; x_wconf 88' lang='lat' dir='ltr'><strong>l</strong></span> <span class='ocrx_word' id='word_1_756' title='bbox 1566 5464 1696 5520; x_wconf 84' lang='lat' dir='ltr'><strong>Cor.</strong></span> <span class='ocrx_word' id='word_1_757' title='bbox 1756 5479 1805 5526; x_wconf 91' lang='grc' dir='ltr'><strong>ι,</strong></span> 
     </span>
    </p>
   </div>
   <div class='ocr_carea' id='block_1_103' title="bbox 1915 5439 2578 5531">
    <p class='ocr_par' dir='ltr' id='par_1_103' title="bbox 1996 5452 2578 5519">
     <span class='ocr_line' id='line_1_103' title="bbox 1996 5452 2578 5519; baseline -0.005 -10"><span class='ocrx_word' id='word_1_758' title='bbox 1996 5456 2041 5487; x_wconf 73' lang='grc'><strong>⁸⁸</strong></span> <span class='ocrx_word' id='word_1_759' title='bbox 2074 5454 2237 5508; x_wconf 85' lang='lat' dir='ltr'><strong>Cant.</strong></span> <span class='ocrx_word' id='word_1_760' title='bbox 2292 5470 2351 5519; x_wconf 86' lang='lat' dir='ltr'><strong>tl,</strong></span> <span class='ocrx_word' id='word_1_761' title='bbox 2396 5452 2578 5506; x_wconf 67' lang='lat'><strong>10-19..</strong></span> 
     </span>
    </p>
   </div>
   <div class='ocr_carea' id='block_1_104' title="bbox 1917 4514 3497 4589">
    <p class='ocr_par' dir='ltr' id='par_1_104' title="bbox 1917 4514 3497 4589">
     <span class='ocr_line' id='line_1_104' title="bbox 1917 4514 3497 4589; baseline 0.001 -18"><span class='ocrx_word' id='word_1_762' title='bbox 1917 4532 2019 4572; x_wconf 88' lang='lat' dir='ltr'><strong>nos</strong></span> <span class='ocrx_word' id='word_1_763' title='bbox 2048 4517 2194 4570; x_wconf 85' lang='lat' dir='ltr'><strong>enim</strong></span> <span class='ocrx_word' id='word_1_764' title='bbox 2229 4532 2353 4571; x_wconf 89' lang='lat' dir='ltr'><strong>cum</strong></span> <span class='ocrx_word' id='word_1_765' title='bbox 2384 4514 2548 4571; x_wconf 85' lang='lat' dir='ltr'><strong>draco</strong></span> <span class='ocrx_word' id='word_1_766' title='bbox 2588 4518 2725 4586; x_wconf 79' lang='lat' dir='ltr'><strong>ipse,</strong></span> <span class='ocrx_word' id='word_1_767' title='bbox 2765 4524 3027 4586; x_wconf 85' lang='lat' dir='ltr'><strong>tanquam</strong></span> <span class='ocrx_word' id='word_1_768' title='bbox 3074 4518 3250 4572; x_wconf 85' lang='lat' dir='ltr'><strong>hiems</strong></span> <span class='ocrx_word' id='word_1_769' title='bbox 3281 4533 3497 4589; x_wconf 85' lang='lat' dir='ltr'><strong>aspera,</strong></span> 
     </span>
    </p>
   </div>
   <div class='ocr_carea' id='block_1_105' title="bbox 1919 4610 3497 4685">
    <p class='ocr_par' dir='ltr' id='par_1_105' title="bbox 1919 4610 3497 4685">
     <span class='ocr_line' id='line_1_105' title="bbox 1919 4610 3497 4685; baseline -0.001 -18"><span class='ocrx_word' id='word_1_770' title='bbox 1919 4614 2258 4678; x_wconf 65' lang='lat' dir='ltr'><strong>desaevisset,</strong></span> <span class='ocrx_word' id='word_1_771' title='bbox 2308 4614 2380 4666; x_wconf 86' lang='lat' dir='ltr'><strong>ita</strong></span> <span class='ocrx_word' id='word_1_772' title='bbox 2422 4613 2637 4670; x_wconf 85' lang='lat' dir='ltr'><strong>steriles</strong></span> <span class='ocrx_word' id='word_1_773' title='bbox 2674 4610 2875 4677; x_wconf 71' lang='lat' dir='ltr'><strong>effecit,</strong></span> <span class='ocrx_word' id='word_1_774' title='bbox 2910 4621 2969 4665; x_wconf 90' lang='lat' dir='ltr'><strong>ut</strong></span> <span class='ocrx_word' id='word_1_775' title='bbox 2998 4611 3092 4685; x_wconf 85' lang='lat' dir='ltr'><strong>qui</strong></span> <span class='ocrx_word' id='word_1_776' title='bbox 3130 4611 3262 4665; x_wconf 82' lang='lat' dir='ltr'><strong>bene</strong></span> <span class='ocrx_word' id='word_1_777' title='bbox 3290 4623 3497 4683; x_wconf 78' lang='lat' dir='ltr'><strong>ageret,</strong></span> 
     </span>
    </p>
   </div>
   <div class='ocr_carea' id='block_1_106' title="bbox 1919 4702 3500 4774">
    <p class='ocr_par' dir='ltr' id='par_1_106' title="bbox 1919 4702 3500 4774">
     <span class='ocr_line' id='line_1_106' title="bbox 1919 4702 3500 4774; baseline 0.001 -16"><span class='ocrx_word' id='word_1_778' title='bbox 1919 4704 2106 4759; x_wconf 88' lang='lat' dir='ltr'><strong>nullus</strong></span> <span class='ocrx_word' id='word_1_779' title='bbox 2139 4713 2394 4773; x_wconf 87' lang='lat' dir='ltr'><strong>repertus</strong></span> <span class='ocrx_word' id='word_1_780' title='bbox 2426 4704 2498 4771; x_wconf 82' lang='lat' dir='ltr'><strong>sit</strong></span> <span class='ocrx_word' id='word_1_781' title='bbox 2535 4704 2602 4759; x_wconf 62' lang='grc'><strong>⁸³.</strong></span> <span class='ocrx_word' id='word_1_782' title='bbox 2641 4703 2745 4758; x_wconf 79' lang='lat' dir='ltr'><strong>Sed</strong></span> <span class='ocrx_word' id='word_1_783' title='bbox 2776 4705 2849 4756; x_wconf 88' lang='lat' dir='ltr'><strong>ita</strong></span> <span class='ocrx_word' id='word_1_784' title='bbox 2883 4703 2985 4774; x_wconf 83' lang='lat' dir='ltr'><strong>ipsi</strong></span> <span class='ocrx_word' id='word_1_785' title='bbox 3013 4704 3066 4757; x_wconf 87' lang='lat' dir='ltr'><strong>in</strong></span> <span class='ocrx_word' id='word_1_786' title='bbox 3092 4702 3314 4760; x_wconf 89' lang='lat' dir='ltr'><strong>Christo</strong></span> <span class='ocrx_word' id='word_1_787' title='bbox 3344 4706 3500 4760; x_wconf 82' lang='lat' dir='ltr'><strong>reﬂo—</strong></span> 
     </span>
    </p>
   </div>
   <div class='ocr_carea' id='block_1_107' title="bbox 1914 4794 3500 4867">
    <p class='ocr_par' dir='ltr' id='par_1_107' title="bbox 1914 4794 3500 4867">
     <span class='ocr_line' id='line_1_107' title="bbox 1914 4794 3500 4867; baseline 0 -15"><span class='ocrx_word' id='word_1_788' title='bbox 1914 4798 2149 4860; x_wconf 85' lang='lat' dir='ltr'><strong>ruimus,</strong></span> <span class='ocrx_word' id='word_1_789' title='bbox 2185 4806 2245 4851; x_wconf 89' lang='lat' dir='ltr'><strong>ut</strong></span> <span class='ocrx_word' id='word_1_790' title='bbox 2287 4797 2563 4867; x_wconf 87' lang='lat' dir='ltr'><strong>spirituali</strong></span> <span class='ocrx_word' id='word_1_791' title='bbox 2611 4794 2895 4850; x_wconf 81' lang='lat' dir='ltr'><strong>fructuum</strong></span> <span class='ocrx_word' id='word_1_792' title='bbox 2957 4797 3215 4851; x_wconf 84' lang='lat' dir='ltr'><strong>ubertate</strong></span> <span class='ocrx_word' id='word_1_793' title='bbox 3265 4795 3500 4862; x_wconf 79' lang='lat' dir='ltr'><strong>referti,</strong></span> 
     </span>
    </p>
   </div>
   <div class='ocr_carea' id='block_1_108' title="bbox 1920 4885 3506 4952">
    <p class='ocr_par' dir='ltr' id='par_1_108' title="bbox 1920 4885 3506 4952">
     <span class='ocr_line' id='line_1_108' title="bbox 1920 4885 3506 4952; baseline 0.004 -14"><span class='ocrx_word' id='word_1_794' title='bbox 1920 4904 1942 4938; x_wconf 72' lang='grc' dir='ltr'><strong>ι</strong></span> <span class='ocrx_word' id='word_1_795' title='bbox 1973 4886 2276 4943; x_wconf 68' lang='lat' dir='ltr'><strong>Descecdat</strong></span> <span class='ocrx_word' id='word_1_796' title='bbox 2300 4887 2469 4942; x_wconf 81' lang='lat' dir='ltr'><strong>frater</strong></span> <span class='ocrx_word' id='word_1_797' title='bbox 2487 4900 2640 4940; x_wconf 78' lang='lat' dir='ltr'><strong>incus</strong></span> <span class='ocrx_word' id='word_1_798' title='bbox 2669 4887 2722 4938; x_wconf 89' lang='lat' dir='ltr'><strong>in</strong></span> <span class='ocrx_word' id='word_1_799' title='bbox 2750 4885 2967 4940; x_wconf 88' lang='lat' dir='ltr'><strong>hortum</strong></span> <span class='ocrx_word' id='word_1_800' title='bbox 2986 4887 3127 4952; x_wconf 88' lang='lat' dir='ltr'><strong>ejus,</strong></span> <span class='ocrx_word' id='word_1_801' title='bbox 3160 4896 3216 4942; x_wconf 91' lang='lat' dir='ltr'><strong>et</strong></span> <span class='ocrx_word' id='word_1_802' title='bbox 3246 4889 3506 4945; x_wconf 82' lang='lat' dir='ltr'><strong>comedat</strong></span> 
     </span>
    </p>
   </div>
   <div class='ocr_carea' id='block_1_109' title="bbox 1914 4956 3500 5042">
    <p class='ocr_par' dir='ltr' id='par_1_109' title="bbox 1914 4956 3500 5042">
     <span class='ocr_line' id='line_1_109' title="bbox 1914 4956 3500 5042; baseline 0.005 -16"><span class='ocrx_word' id='word_1_803' title='bbox 1914 4971 2159 5027; x_wconf 76' lang='lat' dir='ltr'><strong>fructum</strong></span> <span class='ocrx_word' id='word_1_804' title='bbox 2206 4973 2468 5027; x_wconf 85' lang='lat' dir='ltr'><strong>arborum</strong></span> <span class='ocrx_word' id='word_1_805' title='bbox 2526 4974 2701 5042; x_wconf 85' lang='lat' dir='ltr'><strong>ipsius</strong></span> <span class='ocrx_word' id='word_1_806' title='bbox 2745 4975 2813 5037; x_wconf 67' lang='grc' dir='ltr'><strong>ν’,</strong></span> <span class='ocrx_word' id='word_1_807' title='bbox 2879 4994 2898 5025; x_wconf 78' lang='grc' dir='ltr'><strong>ι</strong></span> <span class='ocrx_word' id='word_1_808' title='bbox 2954 4956 3141 5030; x_wconf 69' lang='lat' dir='ltr'><strong>dicere</strong></span> <span class='ocrx_word' id='word_1_809' title='bbox 3194 4978 3500 5035; x_wconf 86' lang='lat' dir='ltr'><strong>valeamus.</strong></span> 
     </span>
    </p>
   </div>
   <div class='ocr_carea' id='block_1_110' title="bbox 1920 5064 3503 5137">
    <p class='ocr_par' dir='ltr' id='par_1_110' title="bbox 1920 5064 3503 5137">
     <span class='ocr_line' id='line_1_110' title="bbox 1920 5064 3503 5137; baseline 0.001 -16"><span class='ocrx_word' id='word_1_810' title='bbox 1920 5064 2049 5121; x_wconf 85' lang='lat' dir='ltr'><strong>Fuit</strong></span> <span class='ocrx_word' id='word_1_811' title='bbox 2077 5080 2208 5120; x_wconf 84' lang='lat' dir='ltr'><strong>vero</strong></span> <span class='ocrx_word' id='word_1_812' title='bbox 2237 5067 2403 5119; x_wconf 87' lang='lat' dir='ltr'><strong>etiam</strong></span> <span class='ocrx_word' id='word_1_813' title='bbox 2436 5076 2691 5137; x_wconf 84' lang='lat' dir='ltr'><strong>tanquam</strong></span> <span class='ocrx_word' id='word_1_814' title='bbox 2712 5065 2867 5132; x_wconf 79' lang='lat' dir='ltr'><strong>pedes</strong></span> <span class='ocrx_word' id='word_1_815' title='bbox 2896 5066 3379 5136; x_wconf 75' lang='lat' dir='ltr'><strong>euangelizantium</strong></span> <span class='ocrx_word' id='word_1_816' title='bbox 3400 5087 3503 5123; x_wconf 86' lang='lat' dir='ltr'><strong>au-</strong></span> 
     </span>
    </p>
   </div>
   <div class='ocr_carea' id='block_1_111' title="bbox 1917 5157 3503 5231">
    <p class='ocr_par' dir='ltr' id='par_1_111' title="bbox 1917 5157 3503 5231">
     <span class='ocr_line' id='line_1_111' title="bbox 1917 5157 3503 5231; baseline 0.001 -18"><span class='ocrx_word' id='word_1_817' title='bbox 1917 5162 2089 5215; x_wconf 80' lang='lat' dir='ltr'><strong>ditum</strong></span> <span class='ocrx_word' id='word_1_818' title='bbox 2124 5160 2294 5230; x_wconf 81' lang='lat' dir='ltr'><strong>pacis,</strong></span> <span class='ocrx_word' id='word_1_819' title='bbox 2329 5157 2376 5212; x_wconf 89' lang='lat' dir='ltr'><strong>si</strong></span> <span class='ocrx_word' id='word_1_820' title='bbox 2410 5174 2533 5228; x_wconf 80' lang='lat' dir='ltr'><strong>qua:</strong></span> <span class='ocrx_word' id='word_1_821' title='bbox 2572 5158 2727 5228; x_wconf 90' lang='lat' dir='ltr'><strong>prius</strong></span> <span class='ocrx_word' id='word_1_822' title='bbox 2743 5158 2909 5212; x_wconf 87' lang='lat' dir='ltr'><strong>allata</strong></span> <span class='ocrx_word' id='word_1_823' title='bbox 2943 5171 3048 5223; x_wconf 89' lang='lat' dir='ltr'><strong>est,</strong></span> <span class='ocrx_word' id='word_1_824' title='bbox 3077 5162 3503 5231; x_wconf 79' lang='lat' dir='ltr'><strong>explicationem</strong></span> 
     </span>
    </p>
   </div>
   <div class='ocr_carea' id='block_1_112' title="bbox 1916 5246 3504 5317">
    <p class='ocr_par' dir='ltr' id='par_1_112' title="bbox 1916 5246 3504 5317">
     <span class='ocr_line' id='line_1_112' title="bbox 1916 5246 3504 5317; baseline -0.001 -12"><span class='ocrx_word' id='word_1_825' title='bbox 1916 5251 2206 5305; x_wconf 84' lang='lat' dir='ltr'><strong>intuearis.</strong></span> <span class='ocrx_word' id='word_1_826' title='bbox 2238 5246 2357 5301; x_wconf 84' lang='lat' dir='ltr'><strong>Non</strong></span> <span class='ocrx_word' id='word_1_827' title='bbox 2390 5248 2590 5301; x_wconf 75' lang='lat' dir='ltr'><strong>desunt</strong></span> <span class='ocrx_word' id='word_1_828' title='bbox 2622 5261 2785 5316; x_wconf 86' lang='lat' dir='ltr'><strong>porro</strong></span> <span class='ocrx_word' id='word_1_829' title='bbox 2812 5249 2906 5317; x_wconf 87' lang='lat' dir='ltr'><strong>qui</strong></span> <span class='ocrx_word' id='word_1_830' title='bbox 2941 5252 3105 5303; x_wconf 79' lang='lat' dir='ltr'><strong>verba</strong></span> <span class='ocrx_word' id='word_1_831' title='bbox 3136 5252 3241 5306; x_wconf 85' lang='lat' dir='ltr'><strong>ista</strong></span> <span class='ocrx_word' id='word_1_832' title='bbox 3288 5252 3370 5307; x_wconf 89' lang='lat' dir='ltr'><strong>sic</strong></span> <span class='ocrx_word' id='word_1_833' title='bbox 3417 5254 3504 5305; x_wconf 77' lang='lat' dir='ltr'><strong>in-</strong></span> 
     </span>
    </p>
   </div>
   <div class='ocr_carea' id='block_1_113' title="bbox 1917 5339 3504 5421">
    <p class='ocr_par' dir='ltr' id='par_1_113' title="bbox 1917 5339 3504 5421">
     <span class='ocr_line' id='line_1_113' title="bbox 1917 5339 3504 5421; baseline -0.001 -24"><span class='ocrx_word' id='word_1_834' title='bbox 1917 5348 2313 5411; x_wconf 86' lang='lat' dir='ltr'><strong>terpretentur,</strong></span> <span class='ocrx_word' id='word_1_835' title='bbox 2361 5345 2422 5392; x_wconf 86' lang='lat' dir='ltr'><strong>ut</strong></span> <span class='ocrx_word' id='word_1_836' title='bbox 2470 5353 2589 5392; x_wconf 87' lang='lat' dir='ltr'><strong>eam</strong></span> <span class='ocrx_word' id='word_1_837' title='bbox 2658 5339 2844 5408; x_wconf 80' lang='lat' dir='ltr'><strong>populi</strong></span> <span class='ocrx_word' id='word_1_838' title='bbox 2901 5340 3337 5410; x_wconf 80' lang='lat' dir='ltr'><strong>inspectionem,</strong></span> <span class='ocrx_word' id='word_1_839' title='bbox 3379 5357 3504 5421; x_wconf 72' lang='lat' dir='ltr'><strong>qua:</strong></span> 
     </span>
    </p>
   </div>
   <div class='ocr_carea' id='block_1_114' title="bbox 2693 5450 3501 5521">
    <p class='ocr_par' dir='ltr' id='par_1_114' title="bbox 2693 5450 3501 5521">
     <span class='ocr_line' id='line_1_114' title="bbox 2693 5450 3501 5521; baseline 0.007 -15"><span class='ocrx_word' id='word_1_840' title='bbox 2693 5453 2738 5485; x_wconf 69' lang='grc'><strong>⁸⁵</strong></span> <span class='ocrx_word' id='word_1_841' title='bbox 2775 5450 2920 5509; x_wconf 79' lang='lat' dir='ltr'><strong>Psal.</strong></span> <span class='ocrx_word' id='word_1_842' title='bbox 2959 5471 3077 5521; x_wconf 76' lang='lat' dir='ltr'><strong>xm,</strong></span> <span class='ocrx_word' id='word_1_843' title='bbox 3106 5458 3160 5513; x_wconf 80' lang='lat'><strong>3.</strong></span> <span class='ocrx_word' id='word_1_844' title='bbox 3260 5457 3302 5490; x_wconf 73' lang='lat'>&quot;</span> <span class='ocrx_word' id='word_1_845' title='bbox 3339 5459 3501 5514; x_wconf 77' lang='lat' dir='ltr'><strong>Cant.</strong></span> 
     </span>
    </p>
   </div>
   <div class='ocr_carea' id='block_1_115' title="bbox 1494 5572 2207 5672">
    <p class='ocr_par' dir='ltr' id='par_1_115' title="bbox 1494 5572 2207 5672">
     <span class='ocr_line' id='line_1_115' title="bbox 1494 5572 2207 5672; baseline -0.004 0"><span class='ocrx_word' id='word_1_846' title='bbox 1494 5572 1753 5672; x_wconf 44' lang='lat' dir='ltr'><strong>lVAﬂl/E</strong></span> <span class='ocrx_word' id='word_1_847' title='bbox 1803 5615 2207 5671; x_wconf 65' lang='lat' dir='ltr'><strong>lECTlONES.</strong></span> 
     </span>
    </p>
   </div>
   <div class='ocr_carea' id='block_1_116' title="bbox 298 5700 679 5766">
    <p class='ocr_par' dir='ltr' id='par_1_116' title="bbox 298 5700 679 5766">
     <span class='ocr_line' id='line_1_116' title="bbox 298 5700 679 5766; baseline 0.013 -12"><span class='ocrx_word' id='word_1_848' title='bbox 298 5700 340 5731; x_wconf 70' lang='grc'><strong>’³</strong></span> <span class='ocrx_word' id='word_1_849' title='bbox 370 5715 456 5766; x_wconf 75' lang='grc' dir='ltr'><strong>γρ.</strong></span> <span class='ocrx_word' id='word_1_850' title='bbox 493 5703 679 5759; x_wconf 80' lang='grc' dir='ltr'><em>ἀπονί.</em></span> 
     </span>
    </p>
   </div>
  </div>
