3916 6402
451 259 584 323 9511

1788 265 2143 328 PROCOPII
2180 267 2423 330 GAZAEI

3564 273 3689 337 2519.

452 388 644 449 postea
678 379 931 451 contigit,
961 389 1012 435 et
1044 379 1241 437 merito
1275 381 1442 436 etiam
1484 396 1748 437 accessus
1774 383 2031 446 dicatur;

2146 382 2428 448 σης’.ἀλλά
2456 382 2555 448 τῆς
2605 381 2887 450 ἐνεργείας
2937 379 3241 455 κριταδήλου
3273 382 3567 455 γινομένης.
3615 388 3698 444 Διὸ

450 484 558 521 non
596 469 741 539 quod
782 470 903 539 ejus
930 472 1173 526 essentia
1223 486 1253 526 a
1297 472 1416 527 loco
1455 474 1511 527 in
1553 472 1735 527 locum
1768 480 2036 537 transeat,

452 562 545 616 sed
573 563 716 631 quod
751 562 1001 632 ejusdem
1038 564 1185 619 vires
1222 574 1411 634 aperte
1449 567 1927 629 demonstrentur,
1957 566 2037 621 si-

451 657 701 724 gniﬁcari
720 656 889 711 velint
916 674 930 709 :
960 656 1147 726 itaque
1173 659 1422 729 purgatis
1445 659 1665 729 quidem
1697 659 1859 714 nobis
1881 658 2041 714 ades-

451 762 546 809 se,
593 748 784 802 abesse
815 757 1001 803 autem
1060 750 1268 804 scelere
1292 759 1345 804 et
1380 751 1518 805 vitio
1574 751 1903 821 inquinatis.
1948 753 2039 804 Ait

453 841 616 915 igitur
648 848 757 893 tam
798 852 1044 910 apertam
1095 840 1209 896 fore
1243 842 1645 909 defensionem,
1690 853 1751 899 ut
1788 847 1876 900 vel
1931 844 2038 915 ipsi

450 912 721 991 euuulem,
754 931 846 1000 qui
878 947 1027 986 nunc
1054 932 1231 987 futura
1265 933 1618 1003 praenuntiat,
1643 945 1697 990 et
1727 937 1820 1007 qui
1848 912 2037 1006 postea

451 1026 768 1095 adimpleat,
801 1042 927 1082 esse
954 1027 1247 1082 fateamur.
1274 1027 1345 1083 Ut
1371 1030 1522 1084 enim
1564 1045 1674 1085 non
1715 1040 1897 1101 potest
1929 1034 2037 1088 diei

451 1115 723 1169 venientis
752 1114 885 1169 liora
932 1118 1127 1183 latere,
1153 1132 1279 1174 cum
1320 1128 1535 1174 montes
1559 1119 1663 1188 ipsi
1698 1123 1833 1176 solis
1861 1123 2037 1179 radiis

451 1204 805 1260 illustrantur
846 1224 859 1261 :
905 1207 987 1263 sic
1022 1208 1130 1263 erit
1172 1209 1433 1264 omnibus
1465 1213 1766 1280 conspicua
1818 1229 1936 1268 mea
1982 1216 2035 1269 in

448 1310 544 1349 vos
569 1299 863 1366 propensio
888 1315 903 1365 ;
933 1314 1111 1367 neque
1148 1300 1363 1354 minore
1398 1300 1589 1356 laetitia
1618 1312 1667 1357 et
1689 1306 2075 1361 exsultatione‘

448 1384 838 1453 implebimini,
884 1400 1047 1455 quam
1088 1387 1290 1453 quibus
1337 1388 1484 1454 pacis
1518 1388 1734 1443 dulcem
1780 1392 2036 1445 nuntium

446 1475 688 1545 aliquem
749 1475 935 1531 audire
1013 1477 1268 1544 contigit.
1332 1476 1451 1547 Ipse
1530 1493 1716 1547 porro,
1780 1480 1871 1532 uhi
1943 1495 2039 1536 vos

447 1568 725 1622 mueudari
813 1568 1143 1637 contigerit,
1207 1583 1301 1621 rex
1369 1579 1551 1623 vester
1595 1570 1861 1639 appellari
1928 1589 2036 1627 non

447 1659 809 1728 dedignabor.
836 1659 912 1713 Eo
933 1663 1078 1714 enim
1109 1659 1386 1714 felicitatis
1417 1670 1748 1730 perventura
1773 1673 1856 1717 est
1879 1661 2034 1729 Sion,

449 1760 506 1803 ut
539 1751 592 1803 in
621 1765 680 1804 ea
729 1750 863 1804 nihil
896 1766 1004 1804 non
1038 1766 1228 1805 eorum
1264 1752 1532 1817 omnium,
1559 1767 1679 1822 quae
1707 1753 1759 1807 in
1801 1756 2031 1823 praeela~
2069 1730 2110 1786 Β

444 1842 523 1895 ris
550 1840 713 1911 592
737 1851 789 1896 et
823 1842 1033 1912 pacatis
1053 1842 1281 1897 urbibus
1314 1841 1471 1909 fiunt,
1500 1842 1789 1912 adimpleri
1817 1847 2028 1904 videas:

447 1932 576 1985 dum
628 1934 729 2003 ipsi
766 1933 986 2004 quidem
1017 1932 1265 1987 custodes
1313 1934 1506 1987 urbem
1538 1950 1657 1987 cum
1692 1952 1811 1991 voce
1842 1953 2032 1994 serva-

2143 440 2570 547 xabatpopévo‘t‘;
2627 440 2906 543 μὲνήμέν
2942 440 3199 543 Ἰθαρεῖναι
3228 440 3462 540 λέγεται,
3502 440 3699 535 arcebat

2141 568 2199 621 δὲ
2233 565 2681 635 ἁμαρτανόντων.
2723 565 2833 632 Τὴν
2858 565 3038 618 τοίνυν
3071 562 3355 635 ἀντίληψιν
3382 566 3523 619 οὕτω
3551 583 3701 636 φανε-

2146 660 2244 730 ρὰν
2288 656 2509 711 ἔσεσθαί
2539 673 2728 724 φησιν,
2759 654 2835 717 ὡς
2891 655 3037 724 ὑμᾶς
3070 653 3403 725 ὁμολογῆσαι
3436 656 3525 708 τὸν
3555 659 3703 713 αὐτὸν

2141 746 2281 803 εἶναι
2313 751 2405 801 τὸν
2436 748 2533 801 καὶ
2564 747 2661 799 νῦν
2694 745 3040 816 προλέγοντα
3069 746 3164 798 καὶ
3191 742 3349 810 αὖθις
3385 747 3703 818 πληροῦντα.

2151 843 2242 904 Ὠς
2279 842 2390 912 γὰρ
2429 841 2532 893 οὐκ
2589 839 2705 892 ἐστι
2753 839 2854 907 τὴν
2886 837 3050 905 ὥραν
3100 837 3200 904 τῆς
3255 838 3470 908 ἡμέρας
3514 839 3707 905 λαθεῖν,

2140 931 2265 984 καθ’
2286 931 2354 1003 ἢν
2380 929 2672 999 ἐκλάμψας
2697 930 2725 981 ό
2748 928 2898 998 ἥλιος
2928 926 3281 993 καταλάμπει
3305 926 3372 979 τὰ
3391 926 3515 997 ὅρη,
3550 930 3711 992 οὕτως

2140 1024 2293 1077 ἔσται
2329 1022 2541 1092 φανερὰ
2579 1022 2747 1073 πᾶσιν
2786 1020 2819 1089 ἡ
2876 1018 3007 1088 παρ’
3053 1017 3188 1088 ἐμοῦ
3244 1018 3323 1080 εἰς
3385 1018 3527 1086 ὑμᾶς
3559 1021 3709 1088 ῥοπὴ,

2140 1112 2330 1185 χαρᾶς
2359 1130 2421 1167 τε
2459 1112 2559 1166 καὶ
2598 1110 3036 1179 ἀγαλλιάσεως,
3080 1108 3225 1163 οὕτω
3277 1095 3710 1180 πληρωθήσεσθεί

2140 1208 2394 1277 καθάπερ
2429 1208 2541 1268 τοῖς
2577 1204 2773 1269 ἀκοήν
2808 1206 2958 1256 ἐστιν
2988 1201 3306 1269 εΙρηνικήν
3325 1218 3385 1251 τε
3417 1204 3509 1255 καὶ
3537 1202 3713 1271 ἡδεῖαν

2138 1299 2473 1369 δεχομένοις.
2523 1297 2632 1350 Καὶ
2658 1295 2963 1361 ,ϐασιλεὺς
3010 1295 3069 1348 δὲ
3121 1295 3277 1363 ὑμῶν
3321 1293 3712 1362 διορθουμένων

2139 1389 2359 1455 ἀξιώσω
2388 1390 2693 1445 καλεῖσθαι.
2724 1390 2917 1442 Ἔσται
2945 1390 3053 1458 γὰρ
3086 1390 3117 1456 ή
3161 1385 3316 1441 Σιὼν
3352 1385 3526 1448 οὕτως
3556 1385 3713 1451 εὐθη-

2140 1485 2401 1554 νουμένη,
2430 1483 2506 1545 ὡς
2538 1483 2720 1536 πάντα
2761 1483 2947 1534 ἐκεῖνα
2985 1479 3349 1550 πληροῦσθαι,
3377 1478 3480 1530 ὅσα
3511 1479 3568 1530 ἐν
3603 1481 3714 1541 ταῖς

2141 1576 2408 1641 ἐπιδόξοις
2438 1576 2626 1628 πόλεσι
2654 1575 2751 1627 καὶ
2790 1570 3204 1643 εἰρηνευούσαις
3228 1586 3242 1601 ·
3294 1569 3586 1639 φυλάκων
3623 1569 3714 1638 μὲν

2140 1668 2455 1740 τηρούντων
2502 1665 2604 1739 τὴν
2664 1666 2819 1720 πόλιν
2864 1664 3018 1735 μετὰ
3066 1663 3313 1734 φωνῆς,
3380 1663 3608 1724 ἑαυτοὺς
3661 1659 3713 1715 δὲ

2140 1759 2538 1829 ἀσπαζομένων
2553 1757 2685 1827 μετ’
2713 1757 3128 1825 εὐφροσύνης,
3159 1754 3234 1817 ὡς
3255 1754 3565 1824 ἐπεγεερειν
3595 1754 3708 1806 ἐαυ-

2139 1853 2255 1913 τοίς
2281 1852 2338 1903 ἐν
2371 1852 2492 1913 ταῖς
2528 1848 2845 1917 συντυχίαις
2873 1848 2973 1917 τὴν
3016 1847 3216 1918 χαρὰν,
3250 1847 3347 1899 καὶ
3379 1846 3472 1898 τὸν
3504 1841 3591 1897 ἐπ’
3622 1843 3706 1898 αὖ.

2138 1944 2253 2003 τοῖς
2279 1941 2425 1993 ἔλεον
2449 1940 2766 2010 κηρύττειν.

449 2023 607 2088 huut,
639 2039 761 2079 sese
797 2023 996 2078 deinde
1034 2039 1153 2076 cum
1195 2023 1518 2078 exultatione
1557 2028 1630 2080 ita
1665 2028 1989 2083 salutabunt
2014 2071 2029 2094 ,
2104 2042 2163 2087 ut
2187 2032 2354 2087 sortis
2385 2030 2777 2097 communione
2818 2030 2885 2086 ad
2940 2030 3204 2099 gaudium
3254 2045 3382 2085 sese
3455 2029 3704 2107 excitent,

447 2125 500 2171 et
562 2130 726 2184 quam
754 2100 910 2170 'sunt
949 2114 1232 2169 consecuti
1279 2115 1719 2171 misiiricordiam
1751 2117 2144 2188 deprmdicent.

519 2210 656 2264 Esse
689 2224 827 2264 vero
855 2209 1021 2277 hujus
1063 2209 1229 2264 etiam
1260 2209 1465 2264 (milia:
1504 2213 1802 2283 participes
1838 2217 2037 2274 merito

447 2299 940 2371 Hierosolymorum
964 2300 1279 2353 solitudines
1315 2300 1589 2358 dicantur.
1632 2303 1703 2358 Ut
1732 2306 1877 2361 enim
1907 2323 2033 2362 cum

447 2393 635 2448 Sionis
666 2394 784 2447 vias
805 2393 990 2463 lugere
1018 2392 1154 2447 dixit
1180 2393 1224 2424 ⁸⁸
1248 2435 1262 2459 ,
1290 2394 1594 2450 incolarum
1626 2400 2031 2454 etadvenarum

446 2483 802 2539 solitudinem
833 2483 1167 2554 signiﬁcavit
1190 2525 1205 2548 ,
1235 2485 1315 2539 sic
1344 2494 1397 2540 et
1422 2502 1590 2554 nunc,
1610 2504 1735 2543 eum
1766 2490 2031 2547 desertum

448 2578 647 2633 festum
678 2578 843 2631 simul
875 2585 1130 2632 acturum
1169 2577 1346 2644 dixit,
1379 2594 1522 2647 eam,
1555 2597 1665 2652 qua
1696 2582 2032 2652 afﬁciuntur,

447 2670 693 2725 laetitiam
739 2672 1115 2743 demonstrat;
1157 2687 1338 2726 rerum
1367 2672 1600 2729 istarum
1628 2690 1853 2733 causam
1896 2678 2037 2734 divi-

447 2779 532 2818 na:
591 2763 918 2835 benignitati
972 2774 1027 2820 et
1079 2766 1476 2823 misericordia:
1554 2771 1879 2839 aserihens;
1940 2784 2037 2843 per

448 2878 615 2930 quam
658 2863 801 2917 idem
832 2848 1137 2918 'Jerusalem
1162 2863 1395 2919 ~bracltio
1419 2881 1517 2921 suo
1537 2908 1552 2932 ,
1589 2867 1641 2921 id
1675 2876 1761 2924 est
1788 2870 2033 2940 potentia

445 2953 673 3008 virtutis
703 2967 817 3007 sua:
844 2953 1124 3015 liberavit;
1152 2968 1278 3009 cuin
1308 2970 1338 3008 a
1371 2952 1480 3010 Deo
1502 2956 1780 3013 civitatem
1814 2959 2033 3015 defendi

2220 2220 2514 2273 Κοινωνεῖν
2540 2220 2597 2273 δέ
2629 2220 2730 2289 τῆς
2775 2221 3163 2290 εὐφροσύνης
3197 2220 3386 2281 αὐτοῖς
3430 2217 3623 2299 λέγοιτ’
3655 2218 3715 2273 ἂν

2143 2314 2370 2377 εἰκότως
2399 2313 2494 2366 καὶ
2523 2312 2597 2367 τὰ
2620 2314 2813 2381 ἔρημα
2863 2312 2973 2380 τῆς
3019 2313 3444 2380 Ἰερουσαλήμ.
3487 2302 3572 2375 Ὧς
3618 2312 3715 2380 γὰρ

2140 2406 2228 2459 διὰ
2247 2405 2362 2470 τοῦ,
2378 2423 2395 2456 ι
2418 2405 2560 2458 Ὀδοὶ
2579 2404 2717 2457 Σιὼν
2735 2403 3011 2468 πενθοῦσι,
3034 2422 3052 2455 ι
3072 2404 3169 2477 τὴν
3188 2403 3298 2457 τῶν
3313 2404 3611 2474 οἰκητόρων
3632 2406 3713 2456 καὶ

2139 2496 2453 2567 παριόντων
2480 2495 2722 2566 ἐρημίαν
2753 2494 2947 2565 ἐδήλου
2967 2511 2981 2527 ο
3012 2495 3156 2549 οὓτω
3202 2497 3299 2550 καὶ
3329 2496 3425 2550 νῦν
3454 2496 3555 2567 τὴν
3594 2496 3716 2563 Epu-

2137 2605 2258 2659 μον
2280 2589 2665 2660 συνεορτάσειν
2696 2586 2894 2653 εἰπὼν,
2919 2588 3019 2657 τὴν
3056 2586 3478 2641 καταλαϐοῦσαν
3532 2587 3714 2649 αὐτοὺς

2141 2683 2534 2751 εὐφροσύνην
2589 2682 2942 2750 παρίστησιν,
2997 2681 3171 2734 αἴτιον
3198 2680 3408 2735 τούτων
3447 2681 3538 2734 τὸν
3582 2680 3717 2733 ἔλεον

2143 2772 2314 2827 εἰπὼν
2350 2772 2443 2826 τοῦ
2486 2772 2646 2835 Θεοῦ,
2686 2772 2752 2826 δι’
2798 2772 2858 2826 ὃν
2887 2775 2915 2826 ό
2964 2772 3097 2834 θεὸς
3153 2771 3273 2839 τὴν
3344 2770 3717 2840 Ἰερουσαλὴμ

2142 2865 2529 2935 ἐλυτρώσατο
2559 2864 2639 2931 τῷ
2664 2866 2969 2934 βραχίονι,
2996 2864 3146 2918 τοῦτ’
3177 2864 3296 2917 ἐστι
3327 2868 3395 2935 τῇ
3445 2864 3541 2936 τῆς
3572 2863 3716 2917 δυνά-

2150 2976 2294 3030 μεως
2325 2957 2598 3030 ἐνεργείᾳ,
2630 2957 3011 3025 γινωσκόντων
3056 2955 3166 3009 τῶν
3197 2955 3372 3009 ἐθνῶν
3397 2955 3472 3018 ὡς
3505 2954 3715 3008 ἐπεσκέ-

447 3053 641 3114 gentes
665 3046 795 3115 ipsa:
825 3060 934 3100 non
963 3045 1327 3115 ambigerem.
1350 3046 1528 3117 Atque
1544 3048 1661 3103 haec
1683 3049 1907 3120 quidem
1930 3051 2028 3105 illi.

2146 3052 2279 3119 ψατο
2312 3052 2410 3120 τὴν
2446 3049 2809 3120 Ἰερουσαλὴμ
2834 3050 2862 3102 ὁ
2893 3048 3051 3110 Θεός·
3085 3049 3180 3101 καὶ
3210 3046 3389 3101 ταῦτα
3443 3046 3540 3116 μὲν
3566 3040 3712 3099 οὗτοι.

445 3137 716 3191 Caeterum
754 3132 869 3219 quo'
908 3138 1052 3204 loco,
1106 3137 1216 3193 Vox
1256 3140 1669 3195 custodientium
1710 3152 1758 3196 te
1798 3143 2042 3198 exaltata

447 3241 549 3295 est,
602 3231 891 3298 habemus,
929 3231 1039 3285 Vox
1086 3237 1486 3303 speculatorum
1534 3243 1747 3288 tuorum
1775 3235 1919 3289 elata
1966 3247 2043 3291 est

449 3323 850 3393 interpretatur
904 3324 1297 3395 Symmachus,
1346 3325 1654 3397 adjungens
1699 3336 1750 3381 et
1798 3328 1853 3381 in
1901 3329 2041 3383 idem

439 3416 753 3485 laudabunt
785 3432 804 3470 :
834 3416 1043 3472 oculate
1072 3419 1213 3471 enim
1243 3417 1515 3481 videbunt,
1545 3418 1757 3488 quando
1779 3432 2041 3476 convertet

452 3508 586 3562 Sion
623 3507 920 3573 Dominus;
948 3509 1000 3564 in
1035 3524 1147 3580 quo
1173 3526 1392 3565 rursum
1417 3512 1505 3581 pia
1532 3512 1657 3567 vitae
1690 3514 1829 3568 ratio
1853 3515 2041 3569 inuui-

451 3610 562 3654 tnr.
591 3598 695 3655 Sed
729 3616 827 3671 pro
865 3616 976 3671 quo
1000 3601 1209 3656 oculate
1232 3603 1373 3656 dixit
1395 3642 1410 3664 ,
1447 3603 1660 3657 oculum
1697 3606 1752 3658 in
1773 3606 1925 3659 oculo
1962 3608 2040 3661 oi-

450 3708 604 3745 suros
640 3709 753 3747 esse
786 3694 987 3762 reliqui
1024 3696 1451 3750 transtulerunt.
1504 3695 1713 3752 Deinde
1750 3699 2044 3767 speculato-

449 3799 567 3836 rum
612 3783 853 3847 nomine,
890 3783 1194 3839 Salvatoris
1228 3784 1537 3855 discipulos
1585 3788 1861 3857 intelligit.
1908 3788 2040 3844 Nam

448 3884 502 3929 et
545 3875 618 3930 ita
665 3876 958 3947 prophetas
1010 3876 1317 3946 antiquitus
1364 3878 1751 3948 appellabant,
1798 3862 1872 3935 et.
1896 3896 2044 3936 nunc

448 3968 614 4021 etiam
638 3967 877 4022 recentis
900 3968 1084 4038 populi
1111 3969 1465 4037 speculatores
1482 3980 1531 4026 et
1553 3972 1796 4028 custodes
1815 3975 2043 4043 quidam

450 4060 553 4127 ipsi
596 4068 727 4113 sunt
770 4061 1042 4130 apostoli;
1089 4064 1182 4131 qui
1230 4061 1475 4117 bonitate
1518 4062 1785 4119 doctrinm
1832 4066 2041 4136 pastori

446 4152 684 4222 principi
742 4152 1006 4208 adversus
1056 4153 1239 4223 lupos,
1283 4169 1415 4209 oves
1470 4156 1810 4210 custodiunt.
1873 4155 2041 4211 Iidem

451 4254 752 4314 praeterea,
802 4246 930 4314 quia
994 4246 1113 4301 suis
1160 4246 1328 4300 oculis
1376 4244 1718 4302 Salvatorem
1763 4249 2044 4313 viderunt,

448 4322 928 4406 suisque'aurihus
963 4337 1328 4404 audiverunt;
1361 4355 1538 4392 vocem
1575 4355 1727 4392 suam
1761 4354 1833 4395 eo
1865 4357 2040 4409 usque

2158 3145 2305 3197 Ἀντὶ
2332 3144 2388 3197 δὲ
2420 3143 2537 3208 τοῦ,
2567 3142 2736 3212 φωνὴ
2771 3142 2893 3195 τῶν
2918 3143 3376 3210 φυλασσόντων
3396 3156 3471 3194 σε
3501 3137 3713 3208 ὑψώθη,

2144 3239 2172 3289 ό
2227 3236 2548 3306 Σύμμαχος,
2611 3234 2784 3302 Φωνὴ
2838 3233 2958 3288 τῶν
3018 3233 3271 3287 σκοπῶν
3323 3247 3444 3286 σου
3491 3229 3714 3299 ἐπῆρεν,

2144 3327 2513 3399 ἐρμήνευσεν,
2552 3328 2648 3380 καὶ
2697 3327 3002 3396 ἐπήγαγεν,
3032 3325 3127 3377 ἐπὶ
3165 3322 3233 3377 τὸ
3279 3324 3428 3377 αὐτὸ
3459 3322 3714 3376 αινέσου-

2143 3435 2270 3473 σιν.
2329 3417 2839 3487 Ὀφθωιμοφανῶς
2896 3416 3007 3487 γὰρ
3059 3416 3321 3484 ὄψονται
3376 3416 3445 3468 ἐν
3491 3412 3569 3479 τῷ
3602 3413 3715 3467 ἐπι-

2145 3510 2406 3579 στρέψαι
2431 3511 2655 3579 Κύριον
2683 3510 2800 3576 τὴν
2829 3509 2984 3564 Σιών
3006 3523 3021 3537 ’
3055 3507 3397 3578 δηλουμένου
3447 3506 3603 3560 πάλιν
3632 3503 3715 3559 τοῦ

2147 3600 2435 3664 θεοσεϐοῦς
2469 3602 2890 3671 πολιτεύματος.
2928 3602 3076 3655 ’Δντὶ
3120 3601 3177 3655 δὲ
3209 3601 3309 3655 τοῦ
3358 3603 3716 3670 (issam/lucea-

2145 3693 2286 3758 νῶς,
2314 3696 2362 3745 οἱ
2392 3691 2572 3745 λοιποὶ
2595 3693 2759 3760 φασιν
2793 3691 3111 3760 ὀφθαλμὸν
3142 3691 3214 3744 ἐν
3242 3688 3532 3760 ὀφθαλμῷ
3551 3690 3714 3755 ὄψον-

2147 3802 2261 3840 ται.
2315 3784 2595 3849 Σκοποὺς
2628 3783 2685 3837 δὲ
2720 3782 2816 3835 νῦν
2861 3784 2993 3848 τοὺς
3047 3783 3303 3855 μαθητὰς
3356 3782 3452 3836 τοῦ
3484 3780 3712 3849 Σωτῆρος

2146 3876 2326 3929 καλεῖ.
2371 3877 2479 3929 Καὶ
2512 3874 2685 3928 πάλαι
2729 3874 2839 3944 γὰρ
2888 3876 3015 3938 τοὺς
3047 3875 3338 3946 προφήτας
3389 3873 3558 3934 οὕτως
3600 3871 3713 3924 ἐκά-

2147 3968 2295 4030 λουν,
2327 3968 2423 4021 xtl.
2455 3966 2551 4021 νῦν
2584 3968 2679 4022 τοῦ
2724 3971 2848 4023 νέου
2894 3966 3027 4022 λαοῦ
3080 3967 3346 4036 γεγόνασι
3372 3963 3587 4019 σκοποὶ
3610 3960 3710 4014 ’καὶ

2148 4062 2418 4131 φύλακες
2453 4061 2504 4114 οἱ
2553 4061 2846 4115 ἀπόστολοι
2879 4061 3255 4131 φυλάσσοντες
3282 4058 3393 4112 ἀπὺ
3422 4056 3529 4110 τῶν
3554 4054 3714 4108 λύκων

2156 4154 2237 4224 τῷ
2300 4155 2661 4225 ἀρχιποίμενι
2711 4154 2783 4207 τὰ
2838 4154 3091 4225 πρόϐατα
3153 4151 3245 4205 διὰ
3280 4151 3381 4221 τῆς
3421 4146 3711 4221 πρεπούσης

2161 4248 2536 4311 διδασκαλίας.
2591 4248 2705 4302 Kal.
2761 4244 3240 4317 ὀφθαιμοςοανῶς
3305 4244 3572 4297 αὐτόπται
3633 4238 3711 4290 καὶ

2151 4342 2413 4410 αὐτήκοοι
2464 4340 2560 4393 τοῦ
2606 4340 2865 4411 Σωτῆρος
2940 4338 3226 4408 γενόμενοι
3310 4336 3566 4404 ὕψωσαν
3613 4328 3709 4397 τὴν

344 4633 351 4642 -
380 4632 391 4639 ·
432 4621 799 4685 gentes,cum
834 4610 1035 4681 populo
1067 4609 1189 4679 ejus
1224 4609 1288 4662 δν.
1334 4628 1353 4661 ι
1401 4608 1539 4664 Hinc
1571 4620 1626 4665 et
1675 4612 1765 4665 illa
1799 4612 2042 4677 Davidis,

443 4405 778 4491 multarunt,
807 4442 862 4481 ut
891 4445 921 4482 a
940 4428 1181 4500 gentibus
1213 4430 1456 4482 omnibus
1483 4428 1672 4482 audita
1698 4432 1791 4494 sit,
1817 4405 2037 4500 duoque

2151 4430 2385 4485 ἑαυτῶν
2438 4431 2674 4501 φωνὴν,
2722 4433 2796 4495 ὡς
2850 4429 3235 4495 ἐξακουστὸν
3284 4427 3535 4501 γενέσθαι
3579 4420 3708 4477 πᾶσι

446 4520 501 4573 in
540 4514 709 4573 imum
737 4518 922 4587 populi
963 4518 1225 4579 coierint,
1254 4518 1408 4588 juxta
1464 4519 1595 4572 illud
1626 4536 1640 4571 :
1683 4538 1700 4569 ι
1732 4519 2019 4577 Laetamini

2151 4523 2276 4588 τοῖς
2318 4523 2566 4577 ἔθνεσιν
2614 4525 2709 4577 καὶ
2762 4523 2899 4595 πρὸς
2955 4522 3053 4575 ἕνα
3100 4522 3230 4584 τοὺς
3272 4519 3368 4572 δύο
3406 4515 3707 4587 συναχθῆναι

2147 4615 2333 4678 λαοὺς,
2368 4615 2510 4685 κατὰ
2550 4615 2631 4669 τό·
2668 4635 2685 4666 ι
2712 4613 3095 4686 Εὐφρανθῆτε,
3132 4613 3286 4683 ἔθνη,
3322 4610 3460 4682 μετὰ
3477 4606 3568 4661 τοῦ
3595 4604 3703 4658 λαοῦ

2147 4707 2339 4762 αὐτοῦ.
2376 4727 2394 4759 ι
2437 4708 2528 4761 Διὸ
2568 4709 2703 4778 φησι
2752 4708 2846 4760 καὶ
2896 4706 3095 4771 Ααϐἰδ·
3136 4702 3499 4771 «fluuiana
3532 4697 3701 4759 ταῦτα,

2149 4799 2327 4867 πάντα
2394 4800 2463 4851 τὰ
2512 4798 2663 4868 ἔθνη.
2699 4818 2717 4849 ι
2783 4799 2893 4853 Καὶ
2931 4798 3122 4869 ὥσπερ
3167 4796 3230 4849 τὸ
3279 4795 3390 4849 τῶν
3438 4791 3701 4863 δαιμονίων

2148 4892 2355 4960 πλῆθος
2379 4890 2633 4944 ἀπώλετο
2669 4892 2787 4961 μετ’
2819 4892 3007 4962 ἤχους,
3041 4890 3118 4951 ὡς
3173 4889 3438 4958 ἀγνοῆσαι
3486 4885 3697 4958 μηδένα’

453 4722 472 4753 ι
508 4703 706 4757 audite
731 4702 871 4767 haec,
905 4716 1101 4755 omnes
1124 4708 1321 4769 gentes
1355 4700 1423 4754 ⁸ο.
1455 4719 1471 4752 ι
1499 4700 1704 4756 Deinde
1737 4718 1847 4757 non
1881 4704 2043 4758 aliter

447 4811 610 4863 quam
645 4794 762 4864 ipsa
795 4792 1195 4847 daemoniorum
1223 4791 1539 4857 multitudo,
1565 4808 1671 4846 non
1696 4792 1817 4847 sine
1846 4796 2033 4849 sonitu

449 4890 614 4955 periit
639 4927 652 4947 .
683 4894 743 4939 ut
778 4902 807 4939 a
839 4886 1057 4940 nemine
1090 4885 1437 4954 ignoraretur
1463 4903 1475 4939 :
1499 4887 1648 4940 sicet
1670 4885 1871 4941 salutis
1891 4902 2035 4955 prae-
2072 4934 2079 4937 .

451 4980 671 5030 mnium
703 4977 769 5030 ab
801 4977 1059 5031 omnibus
1084 5015 1099 5039 ,
1131 4977 1225 5046 qui
1257 4977 1313 5030 in
1345 4976 1547 5032 veteris
1594 4977 1813 5048 tyranni
1859 4980 2039 5033 locum

452 5085 624 5136 regem
662 5068 819 5138 593
843 5068 1134 5123 Dominum
1166 5078 1526 5139 exceperunt,
1554 5070 1802 5123 exaudiri
1835 5070 2037 5124 decuit.

451 5160 610 5225 Quod
638 5163 796 5215 ttub‘s
817 5169 966 5215 certe
998 5160 1318 5215 festivitatis
1336 5170 1389 5215 et
1419 5162 1622 5215 laetitia:
1653 5173 2038 5233 argumentum

456 5248 669 5317 peperit
716 5287 730 5310 ,
771 5247 924 5315 juxta
959 5247 1135 5301 illud:
1178 5265 1197 5297 ι
1239 5247 1503 5305 Dominus
1541 5251 1812 5320 regnavit,
1853 5252 2042 5306 exsul-

453 5348 527 5394 tet
561 5348 707 5394 tcrra
732 5339 798 5391 “.
848 5356 867 5390 ι

466 5456 481 5463 κ
529 5436 645 5502 Quo
682 5445 848 5505 pacto
893 5444 1075 5490 autem
1110 5446 1308 5506 regnet,
1363 5453 1471 5492 non
1509 5437 1747 5493 obscure
1810 5438 2039 5501 indicat,

454 5541 579 5582 cum
604 5542 777 5581 vocem
809 5527 1221 5580 custodientium
1243 5528 1535 5581 exaltatum
1560 5545 1676 5582 es-e
1707 5529 1992 5600 subiungit
2023 5546 2036 5583 :

2145 4984 2291 5037 οὓτω
2362 4984 2423 5035 τὸ
2488 4986 2757 5053 σωτήριον
2815 4985 3081 5055 κήρυγμα
3126 4985 3294 5035 πᾶσιν
3348 4979 3699 5045 ἐξάκουστον

2145 5074 2356 5144 γέγονε
2372 5074 2644 5137 βασιλέα
2667 5074 2989 5143 δεξαμένοις
3011 5074 3134 5126 ἀντὶ
3156 5072 3254 5126 τοῦ
3278 5072 3443 5126 πάλαι
3465 5068 3696 5139 τυράννου

2145 5166 2237 5218 τὸν
2276 5164 2498 5236 Κύριον.
2538 5167 2603 5217 '0
2631 5165 2695 5235 δὴ
2729 5165 2826 5219 καὶ
2865 5165 3090 5233 γέγονεν
3136 5166 3269 5235 ἡμῖν
3304 5161 3518 5233 ἀφορμὴ
3549 5172 3696 5223 πανη-

2145 5256 2381 5326 γύρεως,
2415 5256 2554 5309 κατὰ
2578 5259 2657 5310 τό·
2684 5275 2701 5308 ι
2736 5256 2795 5311 '0
2829 5256 3033 5327 Κύριος
3072 5254 3435 5320 ἐϐασίλευσεν,
3470 5243 3698 5319 ἀγαλλιά-

2151 5346 2264 5398 σθω
2303 5347 2452 5415 ἡγῆ.
2492 5365 2510 5395 ι

2222 5416 2357 5500 Πῶς
2376 5438 2433 5491 δὲ
2458 5437 2777 5501 ,Βασιλεύει
2808 5437 2960 5509 δηλοῖ
2982 5437 3178 5507 λέγων,
3228 5435 3395 5506 φωνὴ
3454 5428 3564 5485 τῶν
3596 5440 3689 5494 59³³⁸

2145 5531 2508 5581 ,τασσόντων
2553 5545 2627 5582 σε
2656 5529 2883 5597 ὑψώθη.
2917 5528 3061 5599 Πρὸς
3085 5527 3176 5591 οὓς
3218 5526 3399 5595 ἔλεγεν
3446 5517 3647 5577 Ἥσαῖας
3670 5523 3685 5542 ⁸

531 5705 579 5739 ⁸⁸
609 5704 813 5761 Thren.
860 5723 897 5773 ι,
942 5705 995 5760 4.
1078 5706 1119 5738 θ’
1158 5704 1264 5761 lsa.
1302 5722 1447 5771 vat,
1478 5704 1567 5761 10.
1638 5700 1688 5737 το
1728 5704 1873 5761 Psal.
1917 5722 2037 5759 xm

2146 5705 2193 5757 Ξ.
2273 5706 2310 5735 δ’
2349 5704 2493 5758 Psa‘.
2564 5704 2794 5769 xcv,ll.
