3916 6412
232 354 356 418 2513

1377 353 1911 436 COMMENTARII
1954 355 2035 414 IN
2084 351 2375 413 ISAIAM.

3326 335 3485 403 2515:.

235 486 250 516 ι
288 461 399 515 Ἐπ’
451 459 577 530 ὅρος
643 457 848 528 ὑψηλὸν
925 457 1159 523 άνάόηθι
1220 462 1248 513 ὁ
1302 460 1791 530 εὐαγγελιζόμενος

1924 474 2035 528 mos
2058 460 2110 512 in
2143 460 2291 512 hunc
2317 453 2537 508 modum
2570 450 2738 508 Isaias
2764 452 2928 505 etiam
2951 446 3259 518 alloquitur
3285 463 3299 499 :
3333 465 3350 497 ι
3380 444 3489 499 Su-

227 553 369 609 Στών.
408 551 663 620 Ὕψωσον
690 552 754 620 τῇ
785 550 929 619 ἰσχύϊ
959 550 1059 621 τὴν
1114 553 1298 621 φωνήν
1346 569 1460 605 σου.
1508 571 1526 604 ι
1579 551 1642 605 Οἳ
1695 558 1787 604 καὶ

226 643 594 714 εὐφροσύνης
673 640 1044 712 ἐπληροῦντο,
1109 642 1478 711 ἐλεουμένης
1549 644 1645 711 τῆς
1671 644 1795 705 νέας

226 736 405 799 Σιὼν,
458 732 735 804 ὁμοῦ,τῴ
801 734 1122 804 κηρύγματι
1184 735 1244 788 τὸ
1310 736 1472 805 ἔργον
1555 735 1793 803 ὁρῶντες

227 835 312 886 καὶ
375 828 483 881 τῶν
541 827 853 882 ἀκουόντων
876 829 975 900 τὴν
1042 829 1250 883 πίστιν.
1303 831 1414 882 Καὶ
1470 829 1684 892 Παῦλος
1737 830 1795 883 δὲ

228 924 411 990 γράφει
462 923 571 983 τοῖς
602 920 667 972 δι’
721 918 887 972 αὖτοῦ
945 919 1371 973 πεπιστευκόσιν
1400 935 1415 950 ⁸
1454 938 1472 971 ι
1512 921 1670 991 Χαρά
1700 921 1794 973 καὶ

229 1011 477 1078 στέφανός
526 1026 698 1078 μου.)
740 1009 863 1061 ’Ὁτι
908 1010 964 1062 δὲ
1032 1010 1147 1078 ἅμα
1202 1027 1262 1063 τε
1340 1010 1621 1063 ἐδίδασκον
1700 1012 1795 1063 καὶ

224 1100 339 1161 τοὺς
364 1098 717 1167 πειθομένους
754 1095 942 1168 εἶχον,
1013 1098 1173 1168 δῆλον
1241 1099 1299 1164 ἐξ
1364 1093 1439 1153 ὧν
1500 1118 1665 1171 φησιν
1736 1102 1796 1155 ἐν

223 1192 330 1252 ταῖς
360 1188 645 1259 Πράξεσιν,
681 1188 756 1252 ὡς
785 1189 1196 1260 προσετέθησαν
1221 1190 1279 1242 ἐν
1302 1192 1402 1261 μιᾷ
1430 1191 1616 1262 ἡμέρᾳ
1646 1195 1798 1262 τρεῖς

223 1279 447 1349 χιλιάδες
482 1279 840 1349 ἀνδρῶν.Κα“ι
862 1282 890 1333 ὁ
914 1278 1263 1351 δεσμοφύλαξ
1292 1280 1348 1334 δὲ
1390 1281 1629 1344 ἀκούσας
1652 1282 1797 1336 Παύ-

222 1372 306 1424 λου
330 1388 342 1401 ·
388 1390 405 1422 ι
437 1371 621 1440 Μηδὲν
653 1371 869 1442 πράξῃς
903 1372 1119 1440 σεαυτῷ
1151 1373 1325 1426 κακόν
1348 1387 1362 1402 °
1393 1373 1636 1436 ἅπαντες
1689 1375 1797 1445 γάρ

224 1465 378 1531 ὲσμεν
405 1461 614 1515 ἐνθάδε·
647 1481 667 1514 ι
698 1463 986 1532 θαυμάσας
1044 1463 1351 1534 ἐϐαπτίσθη
1384 1466 1482 1518 σὺν
1507 1464 1674 1518 παντὶ
1719 1466 1799 1537 τῷ

221 1555 364 1624 οἴκῳ.
396 1553 578 1606 Αὐτοῦ
629 1554 926 1623 ὀφθαλμοὶ
960 1554 1018 1609 δὲ
1045 1555 1193 1623 πρὸς
1220 1557 1568 1625 ὀφθαλμοὺς
1610 1552 1796 1622 εἶδον,

222 1642 353 1695 κατὰ
411 1642 499 1707 τὸ,
543 1645 571 1695 ὁ
631 1643 763 1705 Θεὸς
806 1642 1260 1713 ἐμφανῶς-ἥξει.
1285 1639 1605 1713 Ἥγουν,ὀύ
1630 1647 1739 1708 τοῖς
1771 1655 1799 1683 ιι

224 1736 334 1801 σοῖς,
348 1732 681 1801 ὀφθαλμοῖς
709 1735 1243 1802 εὐφραινομένους,
1278 1735 1400 1805 ἅμα
1428 1734 1501 1804 τῇ
1528 1736 1614 1805 σῇ
1628 1735 1801 1805 φωνῇ

1896 566 1994 620 per
2035 558 2280 603 montem
2344 545 2625 600 excelsum
2682 542 2938 605 ascende,
2992 540 3086 611 qui
3145 538 3491 608 evangelizas

1899 643 2052 698 Sion.
2089 642 2279 695 Exalta
2325 636 2649 693 fortitudine
2682 644 2774 689 tua
2807 648 2996 688 vocem
3032 641 3181 686 luam
3212 630 3279 684 ".
3318 648 3338 682 ι
3373 626 3492 682 Lce-

1899 736 2020 789 titia
2057 749 2276 788 rursum
2300 742 2364 792 et
2414 731 2521 800 ipsi
2565 729 2968 805 implebantur,
2994 725 3092 794 qui
3143 722 3357 778 Sionem
3397 721 3496 774 mi-

1897 828 2242 882 sericordiam
2291 840 2415 880 esse
2476 828 2876 885 consecutam;
2921 820 3015 889 qui
3067 815 3486 887 praedicationis

1897 935 2038 989 opus
2062 958 2076 981 ,
2131 919 2224 988 qui
2256 916 2601 971 audientium
2646 913 2805 968 tidem
2856 910 3242 981 intuebantur.
3277 905 3411 959 Nam
3443 913 3496 958 rt

1898 1010 2125 1073 Paulus,
2148 1026 2272 1064 cum
2298 1008 2365 1062 ad
2396 1022 2493 1062 eos
2525 1006 2742 1069 scribit,
2769 1005 2973 1074 quibus
3004 1000 3269 1057 credendi
3301 1006 3498 1052 auctor

1900 1101 2023 1164 fuit,
2062 1099 2284 1155 eosdem
2336 1098 2452 1168 ipse
2504 1097 2765 1167 gaudium
2804 1105 2858 1149 et
2885 1107 3150 1147 coronam
3204 1104 3359 1144 suam
3397 1102 3496 1156 ap-

1899 1192 2068 1262 pellat
2117 1189 2185 1243 ".
2217 1189 2323 1243 Eos
2353 1198 2621 1257 praeterea
2680 1200 2792 1241 non
2840 1182 3101 1238 docuisse
3128 1188 3367 1241 tantum,
3402 1176 3499 1232 scd

1901 1283 2249 1355 persuasisse
2272 1281 2439 1333 etiam
2478 1294 2541 1333 ex
2579 1293 2645 1332 eo
2678 1274 3097 1346 patuerit,quod
3125 1275 3180 1327 in
3211 1271 3364 1325 Actis
3389 1284 3499 1323 uno

1901 1373 1991 1427 die
2021 1373 2127 1426 tria
2162 1370 2451 1445 hominum
2485 1366 2656 1420 millia
2704 1365 2966 1420 Ecclesia:
3019 1362 3324 1418 accessisse
3354 1358 3502 1426 legi-

1903 1479 2025 1517 mus
2054 1464 2102 1495 ”
2135 1478 2148 1526 ;
2178 1459 2408 1514 Paulum
2466 1457 2707 1526 denique
2755 1454 2996 1510 carceris
3046 1451 3282 1515 custodi,
3320 1464 3386 1503 ne
3446 1449 3499 1501 in

1903 1569 1962 1609 se
2018 1553 2145 1606 mali
2186 1545 2492 1622 quidquam
2526 1556 2795 1619 patraret,
2825 1548 2956 1617 quia
2988 1558 3181 1599 omnes
3217 1543 3500 1602 adessent,

1906 1644 2262 1710 inclamasse,
2307 1656 2542 1711 eamque
2598 1656 2713 1694 rem
2778 1638 3115 1694 admiratum
3171 1635 3322 1688 illum
3378 1646 3502 1685 cum

1906 1746 2020 1791 tota
2043 1736 2212 1790 domo
2256 1737 2602 1806 baptizatum
2638 1749 2765 1789 esse
2798 1729 3140 1787 ".l’ideruut
3174 1736 3356 1780 autem
3384 1724 3506 1793 ejus

221 1825 354 1890 τοὺς
390 1826 758 1891 ἀκούοντας.
803 1826 950 1879 ’Λντὶ
1008 1827 1065 1879 δὲ
1100 1827 1215 1894 τοῦ,
1274 1828 1512 1895 ῥηεάτω
1552 1829 1797 1898 ἅμαέὐ-

1924 1830 2049 1884 lculi
2077 1829 2146 1883 ad
2179 1829 2384 1892 oculos,
2412 1827 2584 1882 Deum
2618 1825 2853 1890 scilicet,
2877 1837 3037 1891 quem
3063 1819 3354 1875 manifeste
3374 1830 3508 1868 νοη-

220 1918 531 1986 φροσύνην
563 1919 635 1972 τὰ
667 1920 857 1987 ἔρημα
912 1919 1308 1990 Ἰερουσαλήμ
1336 1939 1350 1953 ·
1395 1921 1425 1974 ὁ
1479 1921 1801 1993 Σύμμαχος,
1829 1920 1832 1923 ⁷

233 2008 618 2093 Ἰλαρύνθητε
681 2008 781 2061 καί
846 2006 1222 2076 ἀγαλλιᾶσθε
1276 2010 1425 2077 ὁμοῦ
1479 2011 1553 2065 τὰ
1616 2011 1808 2081 ἔρημα

229 2094 648 2166 Ἰερουσαλὴμ,
685 2098 838 2167 φησί.
894 2099 969 2151 Τὸ
1030 2098 1089 2151 δὲ
1155 2098 1341 2168 ῥῆξαι
1377 2100 1610 2169 φωνὴν,
1668 2120 1810 2177 παρ-

219 2200 392 2261 ίστησι
422 2191 568 2262 τόνῳ
592 2190 1053 2262 χρῆσθαιῗφωνῆς
1086 2194 1479 2264 χαριστηρίους
1510 2193 1653 2265 ᾠδὰς
1674 2197 1812 2250 ἀνα-

221 2284 562 2352 πέμποντας,
592 2282 657 2334 δι’
699 2278 773 2336 ὧν
823 2282 1171 2353 εὔφραίνοιτο
1201 2285 1355 2350 Θεὸς,
1385 2289 1529 2339 κατά
1560 2288 1644 2340 τό’
1672 2289 1815 2342 «Καὶ

218 2377 251 2445 ἡ
275 2376 496 2442 γλῶσσά
534 2393 637 2445 μου
668 2376 958 2455 μελετήσει
999 2378 1099 2446 τὴν
1163 2376 1515 2449 δικαιοσύνην
1547 2396 1662 2444 σου,
1682 2380 1812 2450 ὃλην

220 2468 309 2539 τὴν
336 2469 559 2539 ἡμέραν
597 2471 688 2522 τὸν
727 2468 950 2523 ἔπαινόν
1008 2485 1128 2524 σου.
1189 2488 1207 2521 ι
1242 2471 1479 2540 Ἔρημα
1531 2471 1591 2525 δέ
1645 2490 1813 2541 φησιν

223 2562 518 2632 ίστορικῶς
540 2562 658 2633 μὲν,
709 2563 791 2616 ὅτι
813 2563 922 2617 τῶν
950 2563 1219 2617 πλείστων
1244 2565 1385 2634 μετά
1399 2564 1497 2635 τὴν
1519 2566 1660 2617 κατὰ
1674 2566 1808 2634 Χρι-

224 2650 341 2704 στοῦ
380 2651 597 2721 τόλμαν
620 2652 1069 2720 δαπανηθέντων,
1111 2654 1320 2725 ἐρημία
1340 2656 1409 2709 τὰ
1430 2655 1657 2710 πλεῖστα
1681 2673 1819 2711 κατ-

223 2746 329 2813 εἶχε
372 2745 476 2815 τῆς
564 2744 793 2809 πόλεως.
842 2748 986 2816 Πρὸς
1018 2747 1076 2801 δὲ
1115 2748 1260 2813 νοῦν,
1301 2749 1550 2820 ὄτιπερή
1590 2749 1819 2820 Ἐκκλη-

228 2840 315 2893 σία
347 2844 470 2894 κατ’
530 2839 706 2910 ἀρχὰς
754 2839 1148 2911 ὀλιγανδροῢσα
1177 2839 1312 2910 πρὸς
1356 2840 1585 2912 ἄπειρον
1614 2841 1817 2911 πλῆθος

222 2933 489 2986 ἐπέδωκεν
529 2930 755 3002 ὕστερον
781 2946 798 2964 ⁸
844 2932 981 3004 πρὸς
1004 2933 1070 3003 ἢν
1104 2933 1289 3001 ἔλεγεν
1322 2948 1335 2963 ·
1369 2951 1388 2984 t
1414 2930 1611 3003 ιτΑρολῖ
1634 2934 1821 3004 κύκλῳ

1910 1931 2095 1975 turum
2126 1921 2342 1976 Psaltes
2388 1919 2682 1974 allirmavit
2711 1916 2758 1950 ⁸⁸
2803 1935 2816 1971 :
2856 1915 2938 1969 vel
2970 1928 3090 1977 eos,
3120 1913 3213 1982 qui
3236 1910 3348 1964 tuis
3379 1922 3509 1959 ocu-

1915 2015 1980 2068 lis
2013 2014 2288 2075 lretantur,
2321 2011 2530 2082 quique
2553 2009 2716 2065 simul
2748 2022 2922 2062 vocem
2956 2014 3105 2058 luant
3131 2002 3378 2056 audiunt.
3399 1996 3508 2052 Ubi

1915 2115 2125 2168 autem,
2161 2104 2458 2173 Erumpant
2484 2101 2647 2157 simul
2675 2101 2729 2154 in
2761 2098 3005 2154 laetitiam
3049 2096 3258 2147 deserta
3286 2092 3507 2145 Jerusa-

1919 2200 2041 2262 lem,
2076 2197 2341 2252 habemus
2372 2214 2387 2251 :
2417 2192 2829 2255 Exhilaremiui,
2851 2200 2901 2246 et
2958 2185 3296 2244 exsultemini
3352 2182 3538 2242 simul,

1920 2290 2136 2344 deserta
2167 2288 2492 2355 Jerusalem,
2544 2284 2915 2358 Symmachus
2965 2282 3360 2350 interpretatus
3404 2282 3511 2328 est.

1921 2383 2046 2453 Ipsa
2082 2381 2284 2437 deinde
2314 2382 2454 2435 vocis
2479 2378 2709 2446 eruptio,
2746 2375 3044 2447 gratiarum
3081 2372 3351 2431 actiones,
3384 2365 3512 2437 qui-

1926 2475 2030 2530 bus
2057 2474 2202 2529 Dcus
2238 2474 2573 2534 oblectatur,
2608 2475 2875 2525 contenta
2906 2483 3028 2522 voce
3058 2464 3384 2519 decantasse
3419 2461 3516 2514 de-

1921 2572 2218 2628 monstrat,
2252 2566 2409 2634 juxta
2459 2563 2593 2617 illud
2623 2580 2636 2616 :
2676 2580 2695 2613 ι
2731 2561 2797 2615 Ει
2829 2561 3014 2629 lingua
3046 2550 3512 2621 meditabiturju-

1923 2658 2131 2713 stitiam
2184 2665 2358 2721 tuam,
2391 2662 2506 2709 tota
2544 2653 2634 2709 die
2672 2652 2888 2707 laudem
2940 2660 3088 2704 tuam
3121 2647 3258 2700 ⁸⁸³⁸.»
3296 2644 3516 2698 Deserta

1924 2764 2093 2822 porro
2127 2749 2390 2804 historice
2415 2748 2635 2817 quidem
2660 2745 2785 2800 ideo
2803 2745 2899 2809 ait,
2928 2740 3075 2813 quod
3099 2739 3291 2794 urbem
3314 2737 3514 2805 ipsam,

1926 2842 2269 2911 multis\post
2297 2840 2599 2896 admissum
2633 2838 2689 2893 in
2720 2837 3001 2892 Christum
3037 2833 3255 2887 facinus
3293 2830 3518 2884 absum-

1927 2933 2058 3003 ptis,
2089 2933 2388 3002 plurimum
2446 2930 2738 3001 occupavit
2783 2926 3053 2984 solitudo.
3085 2923 3184 2977 Sin
3231 2929 3415 2976 autem
3455 2934 3518 2972 ea

224 3023 345 3085 τοὺς
367 3022 699 3093 ὀφθαλμούς
730 3039 848 3085 σου,
890 3022 987 3075 καὶ
1046 3021 1122 3075 ἴδε
1170 3023 1487 3093 συνηγμένα
1534 3023 1602 3077 τὰ
1650 3024 1816 3078 τέκνα

1929 3025 1999 3080 ad
2058 3033 2301 3080 mentem
2360 3038 2699 3092 sensuraque
2762 3018 3084 3076 interiorem
3147 3014 3515 3076 referantur;

224 3132 333 3170 σου.
373 3133 391 3167 ι
424 3114 692 3169 Τοιοῦτον
726 3116 818 3168 καὶ
847 3115 928 3169 τό·
963 3134 982 3166 ι
1016 3115 1140 3168 Ὅτι
1194 3116 1362 3169 πολλὰ
1404 3116 1472 3170 τὰ
1526 3117 1692 3170 τέκνα
1726 3117 1816 3187 τῆς

1934 3117 2180 3173 Ecclesia
2218 3114 2640 3186 signiﬁcabitur,
2689 3127 2810 3182 quae
2848 3112 3093 3165 virorum
3145 3104 3368 3177 quidem
3416 3117 3520 3156 nu-

224 3208 424 3278 ἐρήμου
462 3207 680 3277 μᾶλλον
711 3208 745 3277 ἦ
797 3209 894 3293 τῆς
920 3207 1152 3277 ἐχούσης
1186 3207 1279 3260 τὲν
1326 3207 1515 3276 ἄνδρα.
1549 3227 1568 3260 ι
1601 3207 1724 3270 Πῶς
1768 3208 1816 3260 δὲ

1932 3225 2086 3265 mero
2130 3209 2327 3280 exigua
2361 3208 2618 3278 primum,
2650 3204 2868 3260 inlinita
2922 3208 3129 3256 autem‘
3166 3194 3524 3251 multitudine

223 3296 429 3360 γένοιτο
489 3295 678 3361 τοῦτο,
712 3287 1012 3366 παρίστησι
1054 3295 1253 3363 λέγων,
1306 3296 1389 3348 ὅτι
1420 3296 1816 3365 Ἀποκαλύψει

1933 3300 2197 3371 deinceps
2225 3307 2387 3353 aucta
2422 3306 2537 3366 est;
2560 3297 2706 3351 unde
2736 3301 2869 3350 sunt
2899 3292 3015 3346 haec
3038 3290 3105 3344 ad
3140 3288 3291 3342 illam
3317 3287 3482 3340 verba
3507 3301 3521 3338 :

223 3388 435 3457 Κύριος
461 3387 581 3441 τὸν
599 3387 903 3456 βραχίονα
935 3387 1145 3450 αὐτοῦ,
1193 3387 1291 3457 τὴν
1343 3386 1440 3440 τοῦ
1479 3386 1816 3455 Μονογενοῦς

1940 3412 1957 3444 ι
1996 3394 2165 3449 Eleva
2219 3394 2432 3447 circum
2489 3391 2684 3445 oculos
2736 3395 2867 3443 tuos
2899 3386 2966 3439 ".
3005 3402 3023 3434 ι
3056 3381 3187 3436 Tale
3225 3388 3280 3435 et
3338 3378 3470 3433 illud
3506 3396 3522 3432 :

228 3479 531 3548 ἐπιδημίαν
563 3479 740 3549 δηλῶν
768 3480 904 3533 πᾶσι
930 3481 1044 3542 τοῖς
1068 3479 1282 3533 ἔθνεσιν
1309 3478 1752 3551 ἐπιλάμψουσαν.

1938 3502 1957 3534 ε
1990 3483 2264 3549 Quoniam
2306 3484 2495 3553 plures
2526 3480 2687 3535 liberi
2719 3479 2975 3544 desertae,
3009 3488 3176 3545 quam
3204 3473 3385 3525 virum
3424 3469 3529 3524 ha:

228 3574 405 3631 hentis
425 3576 500 3632 ⁸⁸.
538 3594 558 3629 ›
586 3574 749 3647 594
772 3575 1073 3641 Quiautem
1094 3576 1241 3631 istud
1260 3573 1507 3630 futurum
1530 3577 1885 3647 sit,exponil,
1914 3593 2056 3633 .cum
2084 3578 2370 3632 Dominum
2419 3576 2695 3631 brachium
2762 3588 2915 3628 suum
2982 3571 3336 3625 reveleturth
3395 3567 3474 3622 ait
3507 3586 3519 3621 :

224 3670 421 3739 quibus
472 3670 670 3724 verbis
694 3669 961 3738 unigeniti
985 3669 1104 3724 Filii
1135 3670 1430 3725 adventum
1458 3673 1716 3741 gentibus
1741 3672 1999 3728 oumihus
2029 3673 2243 3727 clarum
2278 3680 2639 3741 apertumque
2683 3667 2800 3723 fore
2827 3665 3180 3734 significavit.

299 3760 525 3815 Οὐκοῦν
600 3761 822 3815 ἐπειδὰν
885 3765 1201 3832 προσφωνεῖ
1264 3762 1340 3832 τῇ
1401 3765 1557 3818 Σιὼν
1617 3766 1715 3819 καὶ
1755 3763 1832 3833 τῇ

235 3850 670 3920 Ἰερουσαλὴμ.
700 3853 767 3905 τὰ
795 3852 1096 3923 λελεγμένα
1126 3853 1215 3904 ἐπὶ
1244 3853 1345 3923 τὴν
1366 3854 1476 3906 τῶν
1496 3853 1665 3908 ἐθνῶν
1694 3855 1830 3907 άνα-

227 3945 450 4015 φέρεται
474 3943 702 4013 κλῆσιν.
751 3944 826 3997 Τὸ
861 3945 973 4015 γὰρ
1016 3944 1267 4007 θεοσεϐὲς
1321 3945 1646 4017 πολίτευμα,
1699 3946 1830 4000 ποτέ

229 4036 325 4104 μὲν
354 4036 487 4105 παρ’
514 4036 742 4100 ἐκείνοις
775 4032 868 4108 ἦν,
898 4036 1029 4090 ποτέ
1058 4037 1114 4090 δὲ
1136 4037 1286 4108 παρά
1313 4038 1426 4100 τοῖς
1457 4037 1687 4098 ἔθνεσιν.
1709 4038 1744 4092 ἃ
1763 4038 1827 4110 δὴ

228 4126 381 4179 Σιὼν
418 4127 533 4199 grai.
577 4126 965 4198 Ἰερουσαλὴμ
991 4127 1333 4197 ὠνόμασται.
1364 4128 1456 4180 Διὸ
1489 4128 1582 4181 καὶ
1599 4128 1829 4182 πάντοτε

226 4217 552 4289 ἀνθρώποις
611 4218 946 4288 συνέστηκεν
978 4220 1011 4288 ἡ
1067 4218 1293 4288 τοιαύτη
1349 4218 1445 4273 τοῦ
1480 4215 1615 4272 Θεοῦ
1648 4218 1825 4281 πόλις.

237 4308 650 4378 Ἰερουσαλὴμ
676 4306 792 4375 οὖν,
823 4310 861 4379 ἢ
896 4310 1049 4364 Σιὼν
1103 4311 1388 4365 καλεῖσθαι
1427 4312 1527 4383 τὴν
1570 4313 1829 4382 τοιαύτην

227 4400 459 4472 ἐκλογὴν
493 4402 651 4455 οὐδὲν
680 4401 931 4474 διαφέρει
959 4419 975 4436 ⁶
1008 4407 1121 4468 τοῖς
1155 4404 1212 4458 δὲ
1279 4405 1599 4467 ἀποστόλοις
1646 4404 1831 4458 λοιπὸν

231 4494 288 4544 τ’)
320 4495 669 4565 προφητικὸν
703 4495 923 4565 πνεῦμα
975 4499 1289 4568 προσφωνεῖ
1341 4497 1686 4569 ἀποστῆναι
1729 4496 1825 4550 τοῦ

226 4587 463 4640 ἀπίστου
499 4588 598 4640 καὶ
662 4587 977 4659 ἀκαθάρτου
1035 4589 1191 4645 λαοῦ.
1240 4590 1433 4657 Σκεύη
1479 4589 1535 4643 δὲ
1604 4590 1826 4659 Κυρίου

229 4677 299 4729 τά
332 4678 637 4746 ἐκλεγέντα
670 4678 790 4733 ὑπὸ
816 4680 1039 4748 Κυρίου
1075 4679 1204 4749 άγια
1254 4680 1487 4751 σώματα
1532 4679 1736 4743 αὐτῶν,
1796 4679 1832 4751 ἢ

231 4771 301 4823 τά
331 4771 437 4841 τῆς
471 4772 684 4840 Καινῆς
708 4771 987 4842 Διαθήκης
1024 4770 1353 4841 Εὐαγγέλια,
1402 4770 1549 4842 ἅπερ
1577 4774 1835 4842 ἐπικομι-

235 4858 509 4930 ζομένους
575 4862 1021 4917 ἀπαλλάττεσθαι
1086 4864 1185 4934 τῆς
1237 4863 1498 4926 ἀπιστίας
1556 4860 1651 4916 τοῦ
1704 4863 1835 4916 ἰου-

235 4950 399 5004 δαίων
429 4951 649 5005 κελεύει
688 4946 866 5018 λαοῦ,
890 4954 985 5005 καὶ
1011 4954 1108 5024 τῆς
1140 4954 1278 5025 πρὸς
1329 4954 1530 5018 αὐτοὺς
1551 4954 1839 5019 κοινωνίας

236 5041 566 5112 ἀπέχεσθαι.
599 5043 842 5116 Οὐδεμία
868 5044 979 5117 γάρ
1009 5047 1265 5100 κοινωνία
1314 5045 1455 5115 φωτὶ
1510 5048 1649 5117 πρὸς
1711 5050 1836 5102 σκό-

237 5149 351 5198 τος.
410 5135 556 5188 ⁹Αλλ’
585 5137 706 5191 οὐδὲ
762 5138 924 5208 μερὶς
946 5139 1126 5211 πιστῷ
1154 5139 1295 5210 μετὰ
1327 5138 1581 5193 ἀπίστου.
1633 5141 1759 5205 Τοῖς
1781 5142 1834 5210 γ’

239 5220 333 5279 οὖν
365 5226 641 5293 Γαλάταις
675 5230 769 5282 ἐπὶ
800 5230 902 5302 τὴν
928 5232 1161 5302 νομικὴν
1209 5232 1374 5287 πάλιν
1426 5232 1693 5304 δραμοῦσι
1740 5234 1834 5287 λα·

241 5319 432 5387 τρείαν
460 5320 490 5371 ὁ
512 5321 722 5386 Παῦλος
744 5325 997 5396 ἐπιτιμᾷ,
1035 5326 1132 5380 καὶ
1172 5324 1324 5390 τέλος
1358 5327 1549 5397 φησίνο
1593 5347 1612 5380 ‹
1643 5327 1831 5392 Οὕτως

242 5410 463 5481 ἀνόητοί
490 5412 612 5468 ἐστε
640 5415 1000 5488 ἐναρξάμενοι
1039 5418 1332 5490 πνεύματι,
1397 5418 1503 5474 vim
1519 5421 1682 5491 σαρκὶ
1704 5422 1829 5475 ἐπι-

311 5523 359 5555 "
385 5522 723 5602 lsa_._xr,,__91
798 5531 845 5564 ³³
879 5531 1118 5602 Philipp,
1164 5550 1238 5598 tv,
1272 5534 1326 5588 1.
1427 5533 1622 5602 ³ζΑοι.
1659 5551 1721 5600 ιι,
1762 5534 1851 5589 4⁸.

2018 3764 2249 3831 Quando
2296 3763 2470 3833 igitur
2505 3759 2718 3815 Sionem
2769 3767 2816 3813 et
2847 3755 3145 3812 Jerusalem
3199 3750 3523 3820 alloquitur,

1938 3871 2063 3926 qua:
2102 3855 2249 3911 dicta
2282 3861 2413 3910 sunt
2446 3852 2513 3907 ad
2542 3851 2785 3922 gentium
2805 3847 3154 3904 vocationem
3192 3845 3525 3899 referuntur.

1937 3948 2065 4002 Fuit
2094 3948 2240 4002 etiim
2266 3946 2400 4003 alias
2442 3942 2668 4015 quidem
2701 3942 2844 4012 apud
2880 3941 3006 3995 illos
3031 3938 3178 4009 pium
3215 3937 3340 3991 vitae
3366 3934 3528 3990 insti-

1940 4050 2117 4095 tutum
2158 4038 2336 4105 ;alias
2355 4037 2521 4092 etiam
2558 4033 2698 4105 apud
2732 4041 2966 4104 gentes;
2997 4046 3119 4101 qua:
3153 4038 3303 4083 certe
3348 4025 3529 4082 Siom‘s

1935 4142 1986 4189 et
2030 4131 2527 4201 Hierosolymorum
2578 4126 2900 4181 nominibus
2951 4120 3351 4194 significantur.
3377 4118 3529 4184 Quo—

1940 4225 2091 4279 niam
2134 4224 2321 4293 itaque
2363 4219 2687 4275 hominibus
2717 4231 2938 4287 semper
2969 4212 3225 4270 constitit
3253 4207 3531 4282 ejusmodi

1937 4317 2035 4372 Dei
2066 4317 2265 4371 civitas
2295 4331 2311 4382 ;
2346 4313 2483 4368 nihil
2511 4312 2746 4366 interest
2770 4306 3161 4371 Jerusalemne,
3188 4321 3256 4359 an
3287 4303 3419 4359 Sion
3444 4303 3535 4357 de—
3596 4324 3601 4331 λ

1938 4411 2113 4466 lectos
2153 4405 2430 4478 ejusmodi
2485 4417 2795 4472 nuncupes.
2833 4400 3100 4468 Deinceps
3151 4397 3435 4468 apostolos
3463 4394 3534 4451 ab

1941 4502 2232 4557 incredulo
2281 4507 2336 4554 et
2382 4499 2598 4566 impuro
2645 4493 2848 4565 populo
2892 4492 3128 4547 recedere
3179 4488 3534 4557 propheticus

1937 4593 2097 4665 jubet
2123 4591 2388 4662 spiritus;
2425 4596 2480 4644 et
2517 4586 2732 4642 Domini
2776 4602 2926 4650 vasa,
2968 4597 3159 4639 eorum
3189 4596 3311 4649 qua:
3341 4597 3373 4634 a
3421 4578 3534 4632 Do-

1942 4686 2086 4740 mino
2107 4684 2314 4740 selecta
2332 4689 2485 4747 sunt,
2510 4694 2744 4749 corpora
2776 4677 3015 4749 appellat
3042 4692 3057 4742 ;
3091 4683 3186 4728 aut
3209 4674 3327 4743 ipsa
3363 4671 3530 4725 etiam

1942 4776 2080 4832 Novi
2121 4772 2464 4830 Testamenti
2491 4770 2811 4842 Evangelia,
2839 4784 2964 4840 qua:
2992 4765 3312 4821 Judreorum
3342 4763 3534 4817 relicta

1945 4869 2536 4936 inﬁdelitate,portare
2559 4863 2833 4935 praacipit,
2856 4870 2914 4918 et
2940 4861 3009 4915 ab
3043 4860 3238 4913 horum
3271 4856 3536 4911 societate

1947 4960 2246 5015 abstinere.
2274 4957 2465 5026 Neque
2524 4956 2672 5011 enim
2733 4953 2876 5008 lucis
2922 4959 2980 5007 et
3022 4949 3374 5005 tenebrarum
3427 4946 3536 5000 nlla

1944 5058 2128 5123 potest
2182 5065 2307 5108 esse
2349 5047 2691 5111 communio,
2747 5060 2926 5115 neque
2974 5042 3118 5097 ﬁdeli
3151 5057 3275 5096 cum
3327 5039 3535 5094 intideli

1944 5144 2185 5200 societas
2212 5142 2282 5195 ⁵⁸.
2322 5139 2465 5196 Hine
2500 5146 2589 5195 est
2644 5138 2834 5209 igitur,
2877 5135 3023 5207 quod
3080 5132 3316 5200 Galatis,
3341 5133 3434 5202 qui
3466 5129 3535 5185 ad

1942 5235 2078 5306 legis
2093 5235 2302 5289 cultum
2325 5231 2643 5297 rediissem,
2658 5231 2729 5286 ita
2746 5235 3046 5285 succenset
3062 5226 3301 5282 Paulus:
3323 5243 3341 5276 ι
3363 5223 3537 5279 Adeo-

1943 5342 2012 5382 ne
2024 5326 2176 5382 stulti
2189 5325 2345 5391 estis,
2362 5334 2441 5389 ut,
2458 5338 2583 5378 cum
2602 5323 2802 5394 spiritu
2823 5321 3166 5391 inceperitis,
3181 5334 3329 5374 nunc
3364 5331 3534 5370 carne

1940 5415 2402 5473 consummemini
2433 5413 2529 5466 '°?
2563 5432 2581 5465 ι
2615 5412 3171 5469 Circumcidcbantur
3214 5408 3359 5463 enim
3389 5445 3404 5469 ,
3438 5404 3532 5474 qui

1959 5531 2005 5566 ⁵⁸
2056 5528 2180 5584 Act.
2211 5543 2322 5592 xvr,
2352 5525 2425 5581 24
2455 5542 2615 5597 seqq.
2716 5525 2764 5558 ⁵⁸
2794 5523 3110 5597 Ρεσιδιιιι,
3139 5520 3193 5576 5.
3271 5516 3347 5551 ⁵⁵*
3384 5512 3537 5571 ΡδιιΙ.

246 5606 435 5661 xxxiv,
462 5595 552 5651 28.
615 5592 672 5631 ⁷³¹
703 5598 811 5656 lsa.
846 5619 991 5671 χιιι,
1025 5592 1117 5662 18.
1197 5592 1243 5638 ’δ
1271 5604 1377 5662 lsa.
1412 5592 1513 5661 ιιῖι.
1552 5612 1602 5660 1.
1679 5592 1725 5637 “'3
1765 5605 1807 5658 ll

1925 5614 1971 5663 τ,
2001 5616 2079 5665 Vt,
2112 5600 2204 5665 14,
2237 5598 2325 5654 15.
2403 5597 2448 5630 ⁶⁹
2479 5592 2656 5653 Galat.
2691 5612 2774 5664 Ill,
2800 5595 2862 5652 ’ὀί

1526 5716 1758 5775 VAlillE
1809 5712 2104 5775 LECTION
2114 5713 2218 5771 ES.

319 5815 350 5847 ³
387 5806 476 5863 ῑσ.
518 5827 606 5880 γρ.
637 5808 787 5875 τούς.
