3916 6382
269 286 401 350 27-17

1400 292 1936 357 COMMENTARII
1978 296 2060 357 IN
2096 298 2378 358 ISAIAM.

3388 299 3527 362 Ξῖ)ἰὸ

266 401 563 468 θρωπίνοις
589 396 811 469 μέτροις
847 390 1130 470 ἁρμόττει.
1181 400 1492 455 Ἀναλαϐὼν
1526 403 1635 473 γὰρ
1664 404 1849 459 δούλου

1959 406 2321 460 humanitatis
2346 406 2557 462 ratione
2600 406 2840 477 copulat.
2877 403 3011 461 Nam
3046 421 3169 461 eum
3224 407 3367 463 servi
3403 422 3525 477 pcr-

270 494 504 563 μορφὴν,
555 491 622 544 δι’
687 492 753 563 ἢν
790 492 883 544 καὶ
909 492 1126 560 λέγεται
1179 494 1423 561 δοῦλος,
1453 500 1639 567 πάσης
1670 499 1844 567 αὐτὴν

269 584 459 651 σοφίας
496 583 834 653 ἐπλήρωσεν.
871 585 991 648 Πῶς
1024 588 1133 656 γὰρ
1171 587 1271 638 οὐκ
1314 588 1547 657 ἤμελλεν
1597 589 1851 643 αὐτοεπι-

269 677 450 744 στήμη
478 676 572 729 καὶ
604 675 762 744 λόγος
793 677 1079 747 ὑπάρχων,
1118 680 1212 732 καὶ
1245 674 1312 751 ῆς
1338 679 1599 748 ἀνείληφε
1647 680 1851 751 σαρκὸς

265 768 330 820 δι’
359 768 537 839 ἄκραν
569 768 765 821 ἕνωσιν
798 770 1062 841 ὑπάρχων
1094 771 1437 840 ἀχώριστος;
1474 772 1640 825 Οὐδὲν
1664 772 1758 826 οὖν
1790 775 1850 827 ὲν

266 862 375 923 τοῖς
401 860 541 931 ὑπὲρ
563 860 714 929 ἡμῶν
743 863 1025 930 γεγονόσιν
1062 864 1341 917 ἀσύνετον.
1407 864 1566 917 Κατὰ
1592 864 1704 934 γὰρ
1757 865 1850 918 τὸν

266 949 447 1015 Δαϐὶδ,
474 971 492 1002 ι
532 952 718 1007 Πάντα
752 954 808 1005 ὲν
845 954 1007 1022 σοφίᾳ
1030 954 1336 1025 εποίησεν.»
1378 955 1488 1015 Διὸ,
1520 957 1650 1024 φασί
1682 974 1848 1021 τινες,

266 1039 528 1107 ὑψοῦται
552 1042 683 1112 παρ’
740 1043 895 1113 ἡμῶν
926 1044 1001 1106 ὡς
1028 1043 1181 1105 Θεὸς,
1215 1045 1312 1097 καὶ
1369 1046 1709 1111 δοξάζεται.
1752 1050 1850 1102 [It-

268 1131 548 1197 στεύοντες
606 1134 713 1205 γὰρ
763 1136 844 1198 είς
876 1116 1061 1198 αὑτὸν,
1122 1137 1351 1207 Σωτῆρα
1415 1137 1710 1207 καλοῦμεν,
1755 1139 1849 1192 καὶ

267 1223 592 1294 Αυτρωτὴν,
617 1226 748 1277 Θεόν
772 1243 852 1289 τε,
882 1228 973 1280 καὶ
1003 1227 1231 1297 Κύριον.
1259 1222 1353 1291 Οἷς
1412 1229 1680 1297 ἐπιλέγει·
1741 1231 1850 1283 Ὃν

262 1312 487 1379 τρόπον
535 1315 937 1383 ἐκστήσονται
992 1318 1089 1370 ἐπὶ
1151 1319 1226 1371 σὲ
1277 1321 1520 1374 πολλοί.
1561 1321 1654 1384 "II,
1705 1322 1849 1374 κατὰ

263 1402 622 1473 Θεοδοτίωνα,
655 1407 726 1460 ὃν
758 1409 983 1475 τρόπον
1010 1409 1382 1481 ἐθαύμασαν.
1403 1413 1579 1482 Μέχρι
1609 1412 1715 1480 γὰρ
1738 1423 1766 1462 τι
1801 1413 1848 1465 οἰ

265 1490 340 1559 μὴ
375 1495 738 1559 πιστεύοντες
772 1497 834 1550 τὸ
867 1499 1126 1553 ταπεινὸν
1156 1501 1325 1554 αὐτοῦ
1359 1503 1458 1570 τῆς
1508 1503 1587 1564 είς
1634 1501 1847 1572 ἀνθρώ-

234 1597 400 1644 ,πους
436 1585 676 1655 παρόδου
712 1587 1143 1657 θαυμάζουσιν,
1168 1590 1579 1661 ἀμηχανοῦντες
1608 1592 1721 1655 πῶς
1750 1593 1847 1647 ἄν·

264 1670 483 1740 θρωπος
514 1679 756 1744 γεγονὼς
782 1681 1007 1751 εὐτελῆς
1032 1699 1090 1734 τε
1124 1684 1218 1737 καὶ
1242 1683 1428 1748 ἄδοξος
1461 1685 1713 1755 (ἐκάλουν
1739 1686 1848 1756 γὰρ

1952 510 2141 550 sonam
2168 497 2438 553 induisset
2467 497 2491 569 (
2520 498 2663 555 unde
2702 506 2757 554 et
2783 514 2964 553 servus
3002 498 3347 568 appellatur),
3379 500 3527 553 omni

1951 602 2070 640 eam
2089 587 2354 657 sapientia
2382 590 2690 658 complevit.
2717 589 2819 656 Qui
2863 589 3009 644 enim
3042 604 3149 643 non
3185 588 3317 641 illud
3350 586 3530 642 eiliee-

1953 687 2057 741 ret,
2089 679 2181 747 qui
2216 679 2480 748 sapientia
2510 680 2648 750 ipsa,
2696 681 3033 750 verbumque
3083 679 3322 744 exsistit,
3357 691 3534 749 neque

1952 769 2021 823 ab
2052 784 2114 823 ea
2139 784 2325 837 carne,
2361 785 2522 841 quam
2564 774 2886 839 assumpsit,
2935 780 3161 841 propter
3192 771 3412 825 uuionis
3435 785 3533 824 ex-

1951 864 2476 933 eelleutiam,potest
2500 864 2781 934 separari?
2811 864 2906 918 Est
2926 878 3056 934 ergo
3092 865 3145 916 iu
3174 862 3239 917 iis
3285 876 3407 932 qua:
3438 875 3536 915 no-

1953 956 2048 1011 sxri
2081 970 2248 1009 causa
2276 956 2549 1025 prtestitit,
2588 955 2721 1008 nihil
2761 969 2988 1023 prorsus
3034 953 3354 1022 ignoranter
3407 950 3536 1005 eire-

1951 1055 2121 1102 ctum.
2154 1048 2392 1100 Auctore
2420 1049 2561 1099 enim
2599 1045 2832 1108 Davide,
2864 1064 2883 1097 ι
2920 1045 3110 1100 Omnia
3148 1044 3201 1098 in
3264 1044 3534 1114 sapientia

1954 1136 2081 1191 fecit
2105 1137 2185 1201 7‘;
2216 1155 2234 1186 ι
2270 1144 2326 1189 rt
2357 1136 2426 1189 ob
2458 1136 2533 1198 id,
2566 1135 2721 1189 aiunt
2772 1134 3044 1196 nonnulli,
3075 1135 3347 1187 exaltalur
3376 1149 3405 1187 a
3440 1150 3537 1186 no-

1953 1227 2058 1290 bis,
2110 1234 2369 1297 tanquam
2428 1227 2592 1292 Deus,
2644 1237 2699 1280 et
2747 1226 3097 1295 gloriﬁcatur.
3140 1224 3241 1291 Qui
3274 1227 3418 1278 enim
3480 1225 3535 1277 in

1949 1334 2073 1373 eum
2096 1318 2397 1379 credimus,
2426 1317 2676 1372 eumdem
2726 1316 3064 1372 Salvatorem
3103 1328 3157 1371 et
3207 1315 3538 1384 Redempto-

1952 1426 2086 1474 rem,
2127 1410 2406 1479 Deumque
2460 1420 2513 1465 et
2564 1408 2853 1464 Dominum
2895 1422 3299 1477 nuncupamus.
3342 1405 3539 1475 Sequi-

1954 1511 2038 1553 tur
2063 1500 2282 1565 deinde,
2332 1500 2481 1554 Sicut
2516 1502 2800 1569 stupebunt
2834 1515 2991 1568 super
3026 1509 3073 1554 te
3111 1499 3304 1552 multi:
3344 1499 3452 1560 vel;
3480 1503 3539 1550 ut

1951 1591 2256 1646 Theodotio
2281 1591 2699 1661 interpretatur,
2733 1591 2883 1647 Sicut
2911 1591 3099 1644 mirati
3125 1598 3267 1643 sunt.
3301 1589 3378 1642 Ατι
3422 1588 3539 1641 lucc

1953 1686 2099 1739 enim
2134 1699 2309 1752 usque
2345 1692 2591 1753 tempora
2620 1682 2716 1752 qui
2765 1698 2796 1737 a
2842 1683 2944 1737 tide
2978 1682 3141 1736 alieni
3177 1688 3327 1742 sunt,
3365 1679 3542 1732 humi-

263 1768 422 1820 αὑτὸν
445 1768 817 1842 Σαμαρείτην,
850 1773 1022 1843 φάγον
1075 1792 1156 1838 τε,
1209 1775 1305 1827 καὶ
1342 1774 1595 1845 μέθυσον,
1644 1778 1737 1830 καὶ
1785 1777 1847 1829 ὲκ

1956 1778 2052 1831 lem
2087 1776 2256 1846 598
2296 1776 2461 1845 hujus
2494 1775 2560 1829 ad
2597 1775 2850 1830 homines
2872 1787 3153 1828 accessura
3186 1771 3538 1832 demirantur,

263 1858 528 1926 πορνείας
595 1867 980 1933 γεγενημένον,
1032 1866 1127 1919 καὶ
1184 1866 1552 1936 ἁμαρτωλὸν),
1587 1868 1845 1938 ἀνωτέρω

260 1947 366 2002 τῶν
395 1951 662 2023 πολεμεῖν
690 1956 855 2008 αὑτὸν
886 1958 1243 2027 πειρωμένων
1284 1958 1631 2013 καθίσταται.

1953 1871 2119 1923 animi
2145 1869 2481 1939 cogitatione
2514 1868 2904 1937 obstupefacti,
2944 1867 3035 1937 qui
3062 1866 3225 1919 homo
3252 1863 3430 1917 factus
3466 1873 3544 1915 te-

1953 1964 2082 2018 nuis
2116 1969 2169 2017 et
2209 1960 2503 2032 abjeetus(
2534 1962 2786 2016 eumdem
2818 1961 2964 2015 enim
3016 1968 3070 2013 et
3104 1959 3539 2016 Samaritanum,

261 2049 312 2092 et
340 2042 669 2108 edacem,et
694 2049 1076 2113 temulentum,
1107 2059 1159 2105 et
1187 2049 1459 2106 adulterio
1484 2058 1857 2121 procreatum,
1893 2062 1947 2109 et
1981 2065 2323 2124 peccatorem
2376 2053 2683 2107 vocitabant
2722 2054 2809 2123 ⁷³)
2880 2052 2990 2107 illis
3041 2052 3202 2122 ipsis,
3272 2065 3300 2104 a
3343 2049 3541 2119 quibus

260 2137 709 2207 impugnabatur,
728 2141 979 2208 superior
1013 2142 1269 2197 evaserit.

329 2230 390 2282 0i
447 2229 511 2281 δὲ
555 2234 756 2299 πιστοὶ,
792 2234 886 2286 καὶ
917 2234 985 2286 τὰ
1030 2235 1198 2303 ἔθνη,
1268 2233 1640 2303 θαυμάζουσι
1675 2252 1847 2308 προσ-

261 2320 557 2396 κυνοιῖντες
617 2324 784 2375 αὑτοῦ
812 2326 908 2393 τὴν
931 2325 1189 2394 Οεότητα,
1220 2326 1317 2396 τὴν
1347 2327 1661 2397 οἰκονομίαν
1678 2345 1849 2381 καταεί

264 2412 627 2481 πληττόμενοι
658 2431 671 2445 ’
705 2417 887 2478 ὁποῖος
914 2411 981 2486 ἦν
1019 2418 1341 2486 Ἀμϐακοὺμ
1375 2417 1549 2486 λέγων
1570 2436 1582 2451 ·
1609 2438 1627 2469 ι
1654 2419 1847 2488 Κύριε,

263 2504 567 2573 εἰσακήκοα
596 2505 693 2575 τὴν
728 2507 896 2577 ἀκοήν
933 2524 1048 2571 σου,
1073 2509 1169 2561 καὶ
1194 2508 1496 2579 ἐφοϐήθην.
1529 2510 1849 2578 Κατενόησα

263 2592 327 2645 τὰ
350 2593 488 2663 ἔργα
523 2581 651 2657 σου,
682 2599 775 2649 καί
808 2598 1053 2668 ἐξέστην.
1093 2617 1113 2650 s
1136 2597 1419 2663 βασιλεῖς
1448 2598 1524 2662 δὲ,
1560 2599 1698 2666 μετά
1749 2598 1849 2660 τὰς

265 2683 377 2736 κατ’
400 2685 577 2738 αὐτοῦ
611 2686 979 2758 βλασφημίας,
1011 2690 1105 2743 καὶ
1154 2690 1215 2743 τὸ
1275 2689 1463 2754 διῶξαι
1483 2690 1580 2761 τὴν
1627 2690 1848 2761 Ἐκκληο

265 2774 379 2827 σίαν
416 2776 614 2843 αὐτοῦ,
651 2778 816 2849 μηδὲν
853 2780 1145 2849 όνήσαντες
1170 2780 1511 2849 ἐσιώπησαν,
1536 2783 1634 2851 τῆς
1678 2779 1846 2834 αὐτοῦ

262 2866 618 2932 διδασκαλίας
698 2870 1021 2940 ἡττώμενοι.
1075 2872 1228 2925 Ἐπεὶ
1303 2871 1397 2924 καὶ
1452 2872 1602 2925 ἄλλοι
1659 2872 1847 2936 ἄλλαις

264 2957 546 3028 θεηλάτοις
580 2961 702 3014 ιίιντλ¹
733 2961 937 3015 τούτων
975 2962 1268 3031 ἠλαύνοντο
1310 2962 1590 3033 μάστιξιν,
1649 2962 1738 3016 διά
1778 2980 1838 3015 σε

265 3049 359 3119 μὲν
378 3051 608 3119 ἐσίγων.
639 3052 703 3105 Οί
729 3052 784 3105 δὲ
805 3052 1137 3122 διατάγμασι
1179 3053 1276 3117 τὰς
1362 3053 1691 3122 Ἐκκλησὶας
1745 3056 1841 3109 ἀν-

2018 2236 2121 2303 Qui
2191 2244 2379 2289 autem
2433 2233 2590 2299 ﬁdem
2649 2232 2883 2301 amplexi
2939 2238 3085 2294 sunt,
3112 2226 3369 2297 ipsaeque
3409 2225 3543 2279 adeo

1951 2340 2152 2399 gentes,
2192 2331 2264 2383 ita
2292 2344 2418 2385 eum
2454 2329 2807 2388 demirantur,
2842 2332 2900 2377 ut
2933 2323 3054 2392 ejus
3079 2322 3307 2400 adorata
3336 2319 3535 2373 divini-

1949 2428 2059 2475 tate
2080 2420 2145 2475 ad
2180 2419 2504 2474 meonomiue
2532 2417 2937 2471 meditationem
2968 2413 3353 2484 percellantur.
3390 2408 3540 2463 Talis

1958 2510 2067 2566 fuit
2090 2510 2394 2574 lialiaeum,
2419 2511 2578 2579 cujus
2602 2510 2705 2562 ista
2725 2517 2853 2562 sunt
2879 2524 2924 2560 ει
2963 2505 3211 2569 Domine,
3236 2501 3413 2557 audivi
3445 2516 3543 2571 au-

1954 2603 2130 2657 ditum
2164 2611 2317 2657 tuum
2358 2609 2411 2656 et
2441 2601 2617 2655 timui.
2660 2599 2906 2669 Cogitavi
2969 2612 3136 2666 opera
3195 2604 3306 2657 tua,
3351 2600 3405 2647 et
3440 2592 3541 2646 ob»

1954 2695 2140 2764 Slttptli
2173 2695 2241 2749 ⁷³.
2286 2713 2304 2746 ι
2343 2693 2508 2763 Reges
2539 2707 2724 2762 porro,
2758 2698 2882 2761 post
2920 2689 3096 2744 editas
3140 2689 3193 2742 in
3244 2701 3368 2741 eum
3428 2684 3545 2737 hla-

1953 2785 2259 2855 sphemias,
2293 2794 2417 2856 post
2476 2784 2722 2854 ejusdem
2780 2784 3155 2852 impugnatum
3213 2776 3538 2837 Ecclesiam,

1954 2892 2078 2931 eum
2104 2877 2243 2931 nihil
2270 2875 2619 2947 proﬁcerent,
2650 2875 2826 2944 ipsius
2861 2873 3113 2927 doctrina
3164 2869 3404 2940 superati
3459 2874 3541 2919 ta-

1951 2966 2375 3025 cueruntzcum
2424 2968 2617 3039 ,plagis
2677 2966 2897 3035 quidem
2963 2963 3084 3017 aliis
3117 2961 3210 3016 alii
3277 2957 3540 3014 divinitus

1952 3060 2193 3115 istorum
2227 3060 2450 3114 nomine
2482 3058 2733 3128 impetiti,
2762 3067 2989 3126 propter
3024 3066 3077 3109 te
3101 3058 3420 3108 tacuerunt:
3450 3048 3537 3101 alii

263 3142 506 3213 εγείρειν
527 3143 797 3211 ἐκέλευον,
825 3144 916 3198 καὶ
945 3144 1014 3198 τὰ
1043 3147 1246 3217 συνήθη
1293 3149 1467 3198 ποιεῖν
1492 3142 1577 3213 *ἐν’
1618 3147 1812 3210 αὑταῖς
1841 3163 1849 3175 ·

1961 3160 2148 3207 autem
2171 3150 2367 3206 edictis
2388 3150 2669 3206 Ecclesias
2724 3148 2980 3212 excitari,
3038 3154 3093 3200 et
3130 3147 3182 3199 in
3217 3145 3298 3199 eis
3340 3142 3543 3197 usitata

154 3236 165 3242 “
261 3233 480 3299 τούτους
528 3235 586 3289 δὲ
616 3237 742 3300 τοὺς
773 3239 997 3301 πιστοὺς
1050 3238 1144 3291 καὶ
1182 3239 1446 3302 ἀπίστους
1497 3240 1859 3311 ἀντιδιαιρῶν

262 3324 520 3397 ἐπιφέρει
552 3342 565 3355 ·
607 3321 708 3391 Οἷς
739 3328 851 3381 οὐκ
875 3328 1187 3398 ἀνηγγέλη
1220 3329 1355 3397 περὶ
1412 3332 1623 3395 αὐτοῦ,
1670 3332 1856 3400 ὄψον-

260 3432 350 3469 ται
381 3433 393 3447 ·
435 3419 559 3479 τοῖς
593 3419 656 3471 ὲκ
684 3423 984 3491 περιτομῆς
1020 3422 1471 3475 ἀντιδιαστέλλων
1528 3423 1657 3486 τοὺς
1706 3423 1849 3476 ἐθνι-

260 3507 522 3571 κούςμοὶ
580 3511 678 3579 μὲν
716 3511 825 3583 γὰρ
846 3511 1011 3582 νόμον
1054 3513 1147 3565 καὶ
1191 3515 1483 3584 προφήτας
1511 3507 1658 3584 εἶχον
1695 3531 1708 3547 ·
1759 3515 1856 3568 καὶ

260 3606 503 3674 πρώτοις
532 3603 829 3671 ἐκήρυξεν
853 3603 1022 3656 ἐλθὼν
1048 3604 1139 3657 ἐπὶ
1163 3603 1230 3655 τὰ
1263 3603 1579 3657 ἀπολωλότα
1605 3604 1854 3674 πρόϐατα

271 3693 520 3765 Ἰσραήλ.
555 3696 617 3748 Ui
655 3695 712 3747 δὲ
737 3693 940 3747 τούτων
963 3689 1104 3765 ἦσαν
1139 3694 1384 3764 ἀνήκοοι.
1446 3688 1735 3763 Καὶ·ὄμως’
1752 3694 1851 3763 τὴν

260 3783 318 3848 ἐξ
346 3784 522 3838 αὐτοῦ
551 3784 824 3855 σωτηρίαν
848 3785 1151 3849 τεοὲανται,
1198 3786 1309 3848 τοῖς
1333 3783 1432 3853 τῆς
1495 3784 1676 3853 ψυχῆς
1754 3784 1853 3853 ὁμο

255 3891 442 3944 μασιν
476 3876 646 3931 αὐτὸν
674 3876 1024 3945 θεασάμενοι,
1052 3878 1146 3929 καὶ
1199 3874 1298 3946 τὴν
1345 3876 1512 3928 αὑτοῦ
1557 3873 1850 3941 συνέντες

258 3969 634 4031 διδασκαλίαν,
694 3968 769 4030 ὡς
821 3971 1050 4028 ἐκείνοις
1075 3969 1316 4040 ἁρμόσαι
1362 3968 1460 4034 τὴν
1509 3969 1847 4039 προφητείαν

261 4064 358 4131 τήν
385 4078 398 4092 ’
427 4081 447 4113 ι
495 4062 654 4129 ’Λκοῇ
709 4060 995 4121 ἀκούσετε,
1052 4060 1149 4113 καὶ
1180 4060 1241 4113 οὐ
1287 4059 1361 4129 μὴ
1387 4060 1604 4128 συνῆτε.
1649 4079 1668 4111 ι
1715 4060 1845 4113 Καί·

264 4150 570 4214 Βλέποντες
600 4151 845 4223 βλέψετε,
875 4151 969 4204 καὶ⁵
997 4151 1056 4204 οὐ
1097 4151 1171 4220 μὴ
1202 4151 1369 4221 ἴδητε.
1415 4152 1637 4214 Τούτοις
1659 4151 1715 4204 δὲ
1749 4152 1844 4204 τοῦ

262 4246 522 4316 Σωτῆρος
545 4244 635 4325 τὸν
661 4244 818 4312 λόγον
846 4244 1115 4310 εἰπόντος,
1155 4263 1173 4295 ι
1209 4245 1486 4314 Μακάριοι
1508 4245 1558 4296 οἱ
1600 4243 1675 4315 μὴ
1710 4244 1845 4296 ἰδόν-

261 4350 350 4397 τες
387 4335 491 4388 καὶ
521 4335 909 4397 πιστεύσαντες
946 4349 959 4365 ο
1001 4353 1020 4385 ι
1075 4335 1204 4405 περὶ
1242 4327 1316 4388 ὧν
1348 4335 1408 4388 τὸ
1460 4334 1788 4402 οίλυνῆκαντ
1817 4336 1846 4387 ό

264 4427 552 4496 προφήτης
582 4426 767 4495 φησίν.
782 4426 936 4491 Ῥίζα
961 4426 1068 4497 γὰρ
1087 4426 1354 4489 συνέσεως
1386 4428 1417 4497 ή
1448 4426 1631 4489 πίστις
1651 4443 1664 4454 ·
1686 4420 1844 4478 (Ἐὰν

1961 3242 2073 3298 lieri
2107 3242 2445 3298 curaverint.
2489 3240 2598 3295 Sed
2640 3239 2826 3295 lideles
2856 3238 2992 3294 istos
3032 3236 3099 3290 ab
3125 3233 3435 3289 inﬁdelibus
3457 3245 3543 3286 se-

1956 3349 2184 3405 purans,
2215 3333 2365 3389 addit
2399 3351 2413 3388 :
2453 3332 2660 3398 Quibus
2688 3349 2791 3386 non
2840 3341 2917 3385 est
2950 3330 3325 3384 auuuntiatum
3360 3322 3424 3377 de
3459 3338 3543 3384 eo,

1956 3427 2240 3493 ridebunt;
2274 3435 2333 3482 ut
2386 3425 2750 3482 circumcisos
2798 3439 2828 3478 a
2872 3423 3127 3493 gentibus
3164 3418 3544 3487 distingueret.

1954 3520 2278 3576 Habuerunt
2306 3521 2453 3576 enim
2482 3520 2562 3573 illi
2586 3520 2759 3590 leg~m
2781 3526 2838 3573 et
2870 3517 3170 3588 prophetas
3203 3515 3247 3546 ⁷⁸
3277 3532 3293 3575 ;
3326 3512 3547 3579 illisque

1956 3615 2219 3681 primum,
2255 3612 2349 3680 qui
2384 3620 2632 3674 venerat,
2682 3612 2736 3663 in
2769 3611 2955 3663 ovium
3019 3607 3243 3662 lsraelis
3292 3604 3545 3674 gratiam,

1955 3718 2079 3771 qua:
2120 3704 2421 3771 perierant,
2451 3702 2789 3756 annuutiaeit
2827 3701 2911 3755 "z
2946 3714 3070 3753 cum
3114 3697 3267 3752 nullo
3307 3694 3398 3751 isti
3443 3695 3545 3748 lio-

1951 3808 2072 3847 rum
2102 3793 2312 3857 audito,
2343 3791 2575 3848 salutem
2609 3800 2792 3846 tamen
2826 3790 2895 3845 ab
2930 3804 2994 3845 eo
3013 3788 3252 3858 pendere
3290 3785 3544 3839 animad-

1951 3883 2236 3938 verterint.
2262 3882 2543 3952 animique
2583 3882 2758 3937 oculis
2803 3882 2984 3950 ipsum
3025 3877 3235 3942 intuiti,
3291 3875 3542 3944 ejusdem

1950 3973 2256 4028 doctrinam
2290 3974 2365 4027 ita
2384 3974 2782 4035 intellexerunt,
2820 3980 2880 4025 ut
2912 3972 3050 4025 bene
3099 3969 3208 4023 illis
3249 3967 3548 4031 conveniat

1950 4066 2326 4136 propheticum
2358 4066 2536 4119 istud:
2584 4082 2602 4116 ι
2636 4063 2842 4118 Auditu
2872 4062 3133 4125 audietis,
3164 4068 3217 4115 et
3241 4074 3351 4113 non
3379 4056 3545 4112 intelo

1949 4156 2130 4224 ligetis
2164 4157 2260 4209 ⁷⁸.»
2296 4156 2400 4209 Et:
2427 4173 2445 4207 ι
2484 4153 2744 4209 Videntes
2777 4153 3077 4222 aspicietis,
3106 4158 3163 4204 et
3194 4165 3301 4202 non
3334 4146 3546 4200 videhi«

1949 4245 2019 4301 tis
2040 4247 2104 4300 ⁷⁷.
2121 4266 2139 4298 ι
2160 4245 2279 4301 Istis
2297 4255 2476 4315 autem
2496 4245 2918 4315 aliaﬁalvatoris
2942 4260 3042 4297 vox
3062 4241 3325 4296 dicentis:
3350 4257 3371 4290 ι
3399 4233 3547 4292 Beati

1948 4338 2041 4407 qui
2099 4353 2206 4391 non
2240 4337 2492 4397 viderunt
2529 4344 2586 4390 et
2622 4335 3069 4390 crediderunt".
3146 4352 3164 4385 ι
3221 4332 3295 4387 De
3342 4332 3546 4401 quibus

1950 4414 2173 4481 verbum
2210 4425 2748 4493 iulellexerunt,quod
2768 4440 2797 4478 a
2816 4424 3075 4495 propheta
3089 4420 3512 4483 additur,iutelli
3526 4446 3543 4457 -

265 4515 371 4583 γὰρ
401 4516 476 4591 μὴ
516 4516 867 4589 πιστεύσητε,
901 4519 1087 4588 φησιν,
1137 4518 1244 4571 οὐδ’
1278 4519 1338 4571 ού
1371 4518 1445 4589 μὴ
1481 4520 1695 4586 συνῆτε.
1734 4538 1752 4570 ι
1784 4521 1848 4571 Ὃ

1956 4519 2190 4589 gendum
2210 4526 2313 4573 est.
2336 4519 2591 4573 Estenim
2613 4517 2747 4573 tides
2767 4510 3137 4587 intelligentiae
3156 4514 3309 4567 radix
3331 4530 3346 4578 ;
3367 4512 3496 4582 quia
3528 4553 3545 4576 ,

266 4604 330 4677 δὴ
352 4609 446 4662 καὶ
474 4608 677 4678 θαῦμα
704 4613 817 4673 τοῖς
859 4612 1166 4682 προφήταις
1197 4614 1444 4682 παρεῖχε.

848 4788 1099 4842 ΚΕΦΑΛ.
1129 4788 1248 4843 NI".

339 4874 508 4944 α’-ιβ’.
530 4875 730 4943 Κύριε,
760 4877 852 4941 τίς
877 4877 1206 4932 ἐπίστευσε
1233 4878 1306 4947 τῇ
1331 4877 1487 4947 ἀλιοῇ
1520 4876 1711 4946 ἡμῶν,
1748 4878 1850 4933 καὶ

274 4969 589 5039 ὁβραχίων
615 4972 836 5039 Κυρίου
864 4972 981 5026 τίνι
1015 4974 1409 5042 ἀπεκαλύφθη
1438 4974 1856 5041 ;Ἀνηγγ·εί.1α-

267 5075 382 5126 μεν
405 5061 487 5127 ὡς
514 5063 756 5117 παιδίον
783 5064 1064 5117 ἐναντίον
1086 5064 1295 5128 αὑτοῦ,
1330 5065 1411 5131 ὡς
1452 5063 1585 5131 ,ῥίζα
1643 5065 1713 5117 ἐν
1772 5064 1849 5133 “ri?

273 5145 519 5219 διψώσῃ»
542 5167 556 5181 ο
584 5155 698 5205 οὐκ
732 5146 904 5207 ἔστιν
927 5149 1087 5219 εἶδος
1118 5153 1299 5220 αὐτῷ,
1370 5154 1514 5208 οὐδὲ
1539 5154 1704 5218 δόξα.
1741 5154 1853 5208 Καὶ

277 5236 514 5307 εἴδομεν
567 5241 775 5308 αὐτόν,
810 5244 907 5298 καί
956 5246 1068 5299 οὐκ
1103 5241 1267 5315 εἶχεν
1300 5242 1481 5310 εἶδος,
1541 5245 1683 5299 οὐδὲ
1717 5245 1858 5299 κάλ-

278 5330 405 5393 λος.
448 5332 631 5387 Ἀλλὰ
661 5334 727 5386 τὸ
748 5330 907 5401 εἶδος
929 5337 1116 5390 αὐτοῦ
1147 5337 1380 5406 ἄτιμον,
1428 5336 1527 5389 καὶ
1570 5336 1854 5390 ἐκλεῖπον

281 5421 436 5489 παρὰ
463 5423 690 5490 πάντας
714 5426 858 5492 τοὺς
881 5427 1045 5493 υἱοὺς
1077 5426 1195 5482 τῶν
1241 5429 1586 5496 ἀνθρώπων,
1643 5446 1696 5482 κ.
1725 5446 1755 5481 τ
1803 5430 1851 5481 λ.

353 5531 394 5564 ⁷⁸
430 5532 570 5590 Psal.
599 5551 718 5595 cm.
751 5537 839 5590 2’s.
920 5540 964 5569 ⁷³
993 5537 1150 5603 Joau,
1188 5556 1304 5601 vui,
1332 5540 1433 5602 i8;
1465 5540 1653 5593 M'atlh.
1679 5555 1754 5603 ιι,
1784 5539 1868 5593 19.

1790 5612 1834 5641 79
1872 5609 1975 5665 lsa.
2000 5625 2098 5673 vti,
2132 5612 2186 5662 9.

288 5598 375 5654 24.
448 5604 493 5635 ⁷⁸
533 5606 636 5662 lsa.
677 5624 747 5668 vr,
786 5612 839 5659 tt.
917 5609 961 5639 ⁷⁷
999 5598 1147 5662 ibid.
1208 5612 1252 5640 ⁷⁸
1284 5598 1446 5664 Joun.
1486 5626 1577 5670 xx,
1604 5609 1693 5663 ει).

1934 4625 1981 4657 ,ιι
2025 4607 2134 4663 Nisi
2175 4607 2538 4674 credideritis,
2562 4609 2758 4679 inquit,
2780 4622 2886 4663 non
2914 4606 3225 4683 intelligetis
3255 4605 3353 4658 ⁷³.»
3391 4603 3544 4670 Quod

1956 4706 2103 4754 certe
2143 4699 2306 4753 etiam
2349 4699 2628 4769 prephetis
2670 4713 2896 4753 causam
2942 4695 3312 4751 admirationis
3337 4693 3542 4747 attulit.

2579 4789 2729 4844 CAP.
2771 4788 2900 4848 [ΛΠ.

2035 4877 2597 4945 Υι.ιιε.1·1⁴2,ι)οηιὶηε,
2630 4881 2748 4950 quis
2799 4879 3023 4933 credidit
3070 4876 3280 4932 auditui
3317 4876 3549 4929 nostra?

1962 4979 2011 5024 et
2038 4970 2313 5043 brachium
2349 4970 2586 5035 Domini,
2612 4973 2697 5024 cui
2718 4972 3045 5039 patefactum
3096 4978 3169 5022 est
3197 4971 3220 5024 ?
3249 4968 3551 5020 Annuntia-

1959 5078 2075 5116 mus
2106 5063 2260 5131 quasi
2300 5062 2577 5129 parvulum
2613 5063 2665 5114 in
2710 5070 2989 5130 conspectu
3028 5059 3162 5129 ejus,
3220 5059 3361 5131 sicut
3387 5056 3543 5109 rudia:

1959 5151 2015 5203 in
2048 5161 2193 5205 terra
2233 5150 2462 5204 sitiente.
2489 5149 2610 5204 Non
2642 5160 2719 5203 est
2754 5153 2947 5220 species
2978 5151 3049 5215 ei,
3091 5166 3252 5219 neque
3272 5148 3461 5218 gloria,
3490 5156 3541 5199 et

1962 5246 2189 5300 vidimus
2220 5262 2337 5298 eum
2361 5249 2409 5297 e't
2434 5262 2537 5297 non
2566 5243 2790 5298 habebat
2822 5245 3069 5312 speciem,
3095 5258 3254 5312 neque
3282 5241 3545 5301 decorem,

1962 5337 2053 5391 sed
2085 5339 2283 5407 species
2334 5337 2450 5403 ejus
2501 5337 2843 5401 inhonorata,
2875 5346 2924 5389 et
2962 5336 3209 5404 deﬁciens
3249 5349 3357 5400 pra:
3416 5330 3547 5400 ﬁliis

1962 5430 2253 5495 hominum,
2291 5440 2394 5482 i-tc.

1980 5540 2025 5569 ⁷³
2056 5539 2257 5593 llahac.
2290 5555 2368 5601 ιιι,
2401 5531 2511 5590 l(i'.‘
2562 5536 2606 5570 ⁷⁸⁸
2640 5536 2769 5593 Luc.
2805 5554 2915 5607 xvi,
2946 5537 3035 5594 29.
3112 5540 3155 5571 ⁷⁸
3205 5536 3395 5591 Matth.
3454 5550 3542 5599 xv.

1567 5700 1797 5755 manu
1831 5699 2235 5769 LECIIONES.

364 5791 491 5839 ειισ.
531 5791 592 5842 .i.
620 5786 735 5842 νῦν.
816 5798 836 5826 ι’
877 5806 955 5843 ισ.
986 5789 1323 5861 συνήσουσιν.
