3916 6416
181 348 289 416 2521
1223 334 1755 397 COMMENTARII
1781 332 1861 393 IN
1888 331 2172 392 lSAIAM.
2256 392 2267 419 ι
3215 322 3366 387 2522
3432 406 3437 414 ί

183 456 327 516 ῐδιονὸ
350 452 617 522 προφήτης
678 446 953 502 ὑπέϐαλλε
976 446 1267 518 πρόσωπον
1301 450 1413 509 τοῖς
1443 448 1533 499 τὸν
1569 447 1700 514 Χρι-

1825 459 1992 498 :onam
2016 456 2170 498 suam
2207 440 2467 511 propheta
2493 454 2618 495 cum
2654 439 2742 503 iis,
2768 435 2858 506 qui
2889 434 3166 491 Christum
3189 450 3371 505 aSper»

179 551 280 605 στὸν
301 544 625 610 ἀθετήσασιν.
666 539 867 610 Ἐχρῆν
895 540 951 592 δὲ
982 542 1207 593 σκοπεῖν
1262 540 1410 609 ἡμᾶς
1431 578 1445 601 ,
1501 538 1691 605 φησιν,

1825 535 2092 588 labantur.
2130 532 2322 588 Dccuit
2348 547 2478 587 vero
2512 546 2632 591 nos,
2666 528 2864 598 inquit,
2890 526 3195 589 advertere,
3223 525 3371 581 hunc

178 644 236 705 ὡς
256 633 389 699 οὗτος
415 632 478 704 ἦν
501 636 604 706 ἄρα
622 632 731 684 τῶν
760 632 1044 703 ἡμετέρων
1072 631 1258 702 ψυχῶν
1286 632 1314 683 ὁ
1341 630 1552 698 Σωτὴρ,
1589 628 1694 693 τὰς

1829 641 1921 680 sse
1958 626 2262 679 animarum
2297 633 2607 679 nostrarum
2646 620 3004 681 Salvatorem,
3033 621 3125 686 qui
3153 625 3372 685 peccata

176 729 419 801 ἁμαρτίας
447 723 610 793 ἡμῶν
645 722 848 792 φέρων,
881 723 979 776 καὶ
1010 723 1141 792 περὶ
1193 721 1353 792 ἡμῶν
1399 720 1693 788 ὀδυνώμε-

1823 727 1980 771 ιοδινα
2011 717 2204 779 lueret,
2234 716 2439 785 quique
2462 712 2634 769 nostri
2651 726 2817 766 causa
2838 709 3048 764 dolores
3069 716 3369 775 pateretur.

174 795 279 885 νος.
325 815 599 884 Σύμμαχος
637 812 694 865 δέ
744 829 908 881 φησιν
933 828 946 843 ·
1004 814 1221 877 Ὄντως
1248 813 1355 877 τὰς
1404 812 1693 880 ἁμαρτίας

1821 809 1902 862 icd
1936 807 2096 862 habet
2119 808 2172 860 in
2204 807 2351 862 hunc
2369 805 2588 859 modum
2614 801 2923 873 Symmachi
2954 795 3367 867 interpretatio:

174 908 313 979 ἡμῶν
334 905 504 969 αὐτὸς
551 903 826 966 ἀνέλαϐε,
878 903 975 956 καὶ
1006 903 1148 968 τοὺς
1181 904 1411 967 πόνους
1450 902 1692 969 ὑπέμει-

1826 902 1995 955 ῗυυενα
2039 910 2254 968 peccata
2319 907 2504 953 nostra
2554 898 2664 965 ipse
2717 891 3025 961 assumpsit,
3063 889 3372 957 laboresque

169 977 272 1053 rer.
298 995 480 1064 Ἡμεῖς
494 993 561 1046 δὲ
587 993 984 1061 ἐλογισάμεθα
1012 993 1200 1047 αὐτὸν
1225 993 1295 1046 ἐν
1324 991 1485 1061 deﬁt
1522 992 1689 1056 ὄντα,

1826 999 2008 1046 :ostros
2036 990 2310 1044 sustinuit.
2353 988 2466 1041 Nos
2492 995 2665 1039 autem
2691 982 2993 1051 putavimus
3049 994 3168 1033 eum
3200 977 3372 1045 lepro-

169 1089 472 1155 asmlnrdta
533 1087 650 1139 ὑπὸ
690 1087 861 1147 Θεοῦ,
913 1086 1013 1140 καὶ
1058 1085 1589 1155 τεταπεινωμένον.
1621 1078 1693 1156 Ὦ

1825 1096 1909 1134 um
1957 1095 2088 1142 esse,
2116 1092 2421 1146 percussum
2453 1092 2486 1129 a
2545 1074 2677 1138 Deo,
2725 1081 2775 1127 et
2844 1069 3179 1124 humiliatum
3208 1083 3226 1120 :
3282 1065 3368 1120 cui

169 1179 433 1247 σομφώνως
472 1175 739 1241 ἐξέδωκαν
772 1176 820 1228 οἱ
843 1174 1043 1228 λοιποί.
1089 1176 1280 1244 Ἡμεῖς
1337 1174 1436 1245 μὲν
1464 1169 1579 1241 οὖν,
1602 1168 1693 1229 οἷα

1823 1179 1848 1224 ηι
1876 1169 2072 1240 reliqui
2102 1171 2269 1224 etiam
2302 1166 2679 1222 consentiunt.
2710 1163 2821 1219 Nos
2868 1163 3054 1230 igitur,
3109 1170 3369 1226 tanquam

166 1274 338 1341 νήπιοι,
382 1266 552 1319 ταῦτα
587 1268 716 1337 περὶ
765 1267 930 1320 αὑτοῦ
966 1269 1414 1337 πεφρονήκαμεν.
1447 1268 1692 1336 Ἔπασχε

1823 1277 1987 1318 larum
2033 1259 2355 1331 prudentes,
2411 1257 2479 1312 de
2502 1272 2567 1311 eo
2602 1256 2734 1310 talia
2771 1252 3177 1313 sentiebamus;
3241 1260 3369 1301 cum

165 1364 209 1416 δὲ
226 1360 286 1416 δι’
308 1361 464 1429 ἡμᾶς.
495 1357 858 1413 ἀπαλλάττων
884 1359 1157 1430 τιμωρίας
1179 1360 1279 1428 τῆς
1296 1360 1362 1412 ὲκ
1384 1359 1491 1412 τῶν
1514 1359 1695 1428 ἀμαρ-

1825 1361 2018 1422 ιτομιθι·
2056 1365 2160 1406 nos
2198 1357 2479 1420 pateretur
2507 1355 2710 1409 tamen,
2743 1353 2803 1398 ut
2829 1358 2893 1398 ea
2924 1341 3202 1400 mortales,
3249 1352 3371 1407 quae

163 1449 383 1520 τημάτων
408 1448 760 1517 ὀφειλομένης
790 1449 888 1519 τὴν
918 1449 1334 1520 ἀνθρωπότητα.
1367 1449 1425 1503 Ὀ
1449 1449 1507 1501 δὲ
1533 1447 1694 1502 Ἀκύ-

1827 1447 2035 1500 eccatis
2064 1459 2256 1499 eorum
2307 1441 2561 1507 debetur,
2584 1440 2825 1494 vindicta
2855 1438 3129 1491 liberaret.
3158 1431 3248 1486 Sic
3274 1447 3373 1485 au-

163 1544 255 1601 λαςο
269 1540 463 1605 Αὐτὸς,
486 1540 639 1609 φησὶ,
655 1539 1078 1609 βεϐηλωμένος
1099 1541 1197 1593 ἐπὶ
1227 1538 1487 1595 ἀθεσιῶν
1501 1537 1687 1609 ἡμῶν.

1827 1551 1900 1591 sm
1932 1534 2192 1604 Aquilus:
2227 1531 2370 1602 Ipse,
2397 1530 2595 1601 inquit,
2632 1526 3006 1599 oﬂ‘ensionibus
3036 1526 3229 1578 nostris
3245 1536 3373 1589 pro-

164 1631 247 1687 'llv
274 1633 373 1702 γὰρ
398 1631 612 1701 ἀληθῶς
635 1631 1080 1700 βεϐηηῖωιιένος,
1129 1632 1212 1684 ὅτι
1267 1631 1491 1699 γέγονεν
1548 1632 1692 1700 ὑπὲρ

1826 1637 2012 1682 artatus
2061 1633 2163 1679 est.
2227 1623 2357 1676 Erat
2416 1621 2562 1676 enim
2619 1634 2808 1674 revera
2865 1615 3217 1685 profanatas,
3278 1612 3372 1682 qui

164 1725 286 1796 ἡμῶν
314 1725 538 1794 κατάρα,
570 1724 713 1777 κατὰ
740 1724 831 1776 τὸν
856 1723 914 1779 Ἀ
926 1723 1205 1787 πόστολον,
1223 1724 1304 1776 ὅτι
1332 1724 1645 1795 γέγραπται
1672 1742 1688 1756 ·

1828 1723 2099 1780 ecundum
2152 1718 2515 1792 Apostolum,
2590 1734 2610 1768 ι
2649 1716 2759 1768 Pro
2816 1712 2978 1767 nobis
3036 1707 3374 1764 abominatio

170 1816 555 1885 Ἐπικατάρατος
614 1817 718 1879 πᾶς
753 1817 781 1868 ὁ
810 1816 1158 1887 κρεμάμενος
1210 1816 1303 1869 ἐπὶ
1351 1816 1532 1881 ξύλου.
1574 1818 1689 1870 Οὐκ

1828 1825 1972 1871 ictus
2009 1824 2093 1871 est
2115 1814 2202 1879 ⁸⁸;
2244 1833 2262 1864 ι
2307 1826 2430 1867 cum
2461 1807 2811 1891 maledictum
2841 1818 2966 1858 esse
3004 1813 3243 1861 omnem,
3279 1797 3374 1866 qui

159 1908 245 1975 ἄρα
285 1906 501 1971 κάλλος
519 1905 634 1976 εἶχε
663 1907 726 1959 τὸ
756 1907 1079 1975 θεοπρεπὲς,
1124 1907 1259 1960 ἀλλ’
1282 1907 1516 1976 ἄτιμον.
1548 1908 1692 1981 Πρὸς

1827 1905 1993 1960 ιεηὰει
2021 1904 2076 1958 in
2110 1904 2256 1971 ligno
2287 1887 2568 1959 scribatur
2598 1898 2665 1950 ⁸⁷.
2696 1896 2815 1950 Νοη
2836 1907 2966 1965 ergo
2990 1892 3231 1961 speciem
3265 1887 3373 1941 Deo

159 1998 245 2068 γὰρ
260 2000 349 2067 τὴν
378 1996 526 2050 θείαν
554 1996 922 2068 λαμπρότητα
947 1998 1054 2051 πᾶν
1089 1996 1430 2068 ἀνθρώπινον
1456 1977 1690 2066 ἄτιμον.

1825 1997 2038 2066 lignam,
2080 1994 2174 2050 sed
2204 1993 2579 2047 inhonoratam
2617 1987 2846 2042 habuit:
2886 1981 3115 2055 quandq
3151 1978 3284 2033 nihil
3315 1977 3371 2030 in

160 2066 349 2159 Εἴρηται
370 2087 496 2157 γοῦν
509 2096 559 2124 ιι·
590 2105 609 2139 α
640 2066 852 2159 Ὠραῖος
881 2088 1070 2142 κάλλει
1092 2089 1243 2159 παρὰ
1268 2066 1393 2152 τοὺς
1409 2088 1558 2150 υἱοὺς
1584 2088 1694 2142 τῶν

1827 2084 2153 2141 tumanilatis
2202 2083 2414 2139 ratione
2467 2080 2747 2152 reperias,
2799 2075 2941 2147 quod
2981 2075 3279 2130 obscurum
3316 2078 3373 2127 et

159 2175 438 2247 ἀνθρώπων.
451 2195 469 2226 ι
481 2177 592 2230 Καὶ
609 2176 784 2240 ἄλλως
800 2176 857 2229 δὲ
874 2176 1114 2245 γεγονὼς
1134 2177 1198 2229 ὲκ
1220 2178 1441 2245 πτωχῆς
1463 2176 1691 2247 μητρὸς.

1827 2178 2171 2233 ulionoratum
2222 2189 2331 2229 non
2385 2173 2499 2238 sit,
2546 2171 2593 2227 si
2643 2185 2767 2224 cum
2823 2167 3016 2223 divino
3079 2162 3373 2234 splendore

158 2265 226 2319 διὰ
278 2266 483 2319 πάντων
527 2266 736 2320 ὥδευσε
791 2268 901 2320 τῶν
955 2268 1251 2328 ταπεινῶν,
1288 2269 1354 2321 ἶν’
1389 2267 1578 2340 ὑψώσῃ
1635 2268 1695 2321 τὸ

1825 2282 2103 2338 ompares.
2163 2265 2377 2319 Dicitur
2437 2263 2584 2319 enim
2651 2259 2984 2330 «speciosus
3044 2254 3219 2309 forma
3261 2267 3371 2321 pra:

157 2361 390 2423 ταπεινὸν,
420 2362 514 2415 καὶ
544 2362 754 2433 Κύριος
778 2363 835 2416 δὲ
860 2364 952 2417 καὶ
986 2364 1240 2434 βασιλεὺς
1272 2364 1535 2434 ὑπάρχων
1583 2364 1692 2417 τῶν

1825 2360 1924 2415 iliis
1958 2357 2236 2413 hominum
2288 2355 2416 2422 ⁸⁸.»
2476 2354 2627 2406 Alias
2663 2365 2792 2405 vero
2825 2349 2991 2405 etiam
3032 2346 3371 2417 paupercula

157 2452 283 2517 ὅλων,
338 2450 492 2516 ποίας
518 2452 590 2506 ἂν
619 2453 813 2523 ἐδεήθη
865 2455 965 2524 τῆς
986 2456 1045 2506 ὲν
1074 2454 1388 2525 ἀνθρώποις
1442 2454 1693 2523 λαμπρό-

1828 2458 1973 2503 uatre
2000 2447 2180 2504 editus
2212 2461 2308 2517 per
2329 2444 2550 2499 humilia
2574 2443 2757 2499 omnia
2781 2439 3098 2502 ambulavit,
3126 2437 3285 2509 θοι
3315 2445 3374 2487 ιιι

156 2559 317 2614 τητος;
341 2544 586 2613 κατηφὲς
612 2545 670 2599 δὲ
700 2545 832 2609 ἴσως
864 2547 925 2600 τὸ
954 2548 1049 2599 τοῦ
1103 2547 1355 2617 Σωτῆρος
1405 2545 1693 2599 τεθέανται

1835 2541 1940 2594 uod
1959 2549 2103 2595 esset
2123 2537 2713 2609 ejusmodiextolleret.
2729 2533 2885 2600 Quali
2904 2546 3122 2603 rursum
3138 2531 3212 2581 illi
3234 2531 3375 2581 inter

155 2637 408 2706 πρόσωπον
452 2640 547 2692 καὶ
593 2638 1004 2709 τεταραγμένον
1051 2639 1158 2708 πρὸ
1195 2656 1292 2692 του
1329 2637 1588 2708 σταυροῦ,
1617 2639 1693 2702 ὡς

1827 2632 2052 2686 nomines
2079 2630 2319 2686 versanti
2355 2628 2650 2699 splendore
2688 2639 2828 2695 opus
2875 2623 2999 2687 fuit,
3031 2622 3124 2692 qui
3156 2619 3373 2673 univer-

155 2727 332 2795 λέγειν*
360 2747 377 2781 ι
400 2728 514 2783 Νῦν
545 2732 583 2800 ἡ
610 2729 756 2801 ψυχή
777 2708 881 2800 μου
907 2729 1239 2800 τετάρακται
1262 2731 1357 2783 καὶ
1383 2730 1689 2798 περίλυπός

1827 2734 1983 2774 orum
2019 2719 2282 2774 Dominus
2332 2725 2388 2772 et
2440 2731 2534 2771 rex
2581 2713 2834 2770 exsistit?
2882 2710 3045 2780 Atqui
3074 2708 3371 2764 demissum

154 2793 274 2872 ἐστιν
296 2821 326 2890 ή
354 2820 493 2891 ψυχή
529 2793 636 2891 μου
663 2793 1075 2884 θανάτου..)
1109 2819 1354 2892 Ἀπαθὴς
1379 2793 1486 2891 γὰρ
1504 2817 1695 2884 inludi;

1826 2824 2008 2873 orsan,
2044 2816 2099 2861 et
2125 2804 2500 2877 perturbatum
2534 2810 2660 2857 ante
2681 2814 2903 2855 crucem
2928 2795 3230 2853 Salvatoris
3255 2793 3372 2847 vul-

155 2908 280 2977 Θεὸς,
303 2889 365 2983 τῇ
397 2889 707 2983 καθ”ήμάς
759 2912 993 2966 ἐνέδωκε
1057 2912 1218 2980 φύσει
1252 2889 1328 2982 μη
1372 2889 1695 2979 ἀναλγήτως

1826 2917 1912 2957 um
1976 2909 2126 2954 tuum
2157 2899 2376 2954 demum
2407 2903 2539 2952 sunt
2567 2892 2774 2957 intuiti,
2802 2906 2931 2946 cum
2949 2889 3185 2944 animam
3214 2898 3372 2942 suam

155 3000 272 3072 ἔχειν
294 2977 657 3074 ὲιλὸάλλοντος
684 3002 1017 3075 πειρασμοῦ,
1052 2977 1153 3074 τῆς
1207 2977 1511 3072 φαντασίας
1542 2977 1695 3055 άναι-

1825 2991 2121 3048 :onlurbari
2151 2999 2206 3044 et
2234 2989 2422 3045 dolere
2469 3001 2647 3056 usque
2674 2986 2742 3039 ad
2776 2991 3013 3037 mortem
3065 2979 3276 3035 diceret
3303 2977 3371 3031 ⁸⁹.

157 3071 246 3162 ρῶν
270 3071 357 3165 τὴν
391 3095 673 3150 ὑπόνοιαν.
782 3071 792 3074 “
893 3071 961 3163 ⁷,
1110 3071 1119 3074 ’
1221 3071 1228 3072 7

1871 3099 1934 3138 un
1958 3084 2105 3137 enim
2142 3083 2281 3152 ipse,
2314 3086 2574 3148 tanquam
2612 3075 2779 3141 Deus,
2814 3071 3058 3145 passioui
3090 3085 3196 3123 non
3230 3075 3378 3124 esset
3412 3135 3417 3138 4

154 3186 420 3254 obnoxius,
452 3199 711 3246 naturam
749 3198 953 3252 tamen.
981 3206 1145 3261 quam
1198 3198 1405 3247 nostra:
1461 3189 1695 3246 similem
1742 3182 2059 3252 assumpsit,
2101 3195 2225 3235 cum
2255 3176 2586 3234 tentationes
2619 3173 2882 3242 impetum
2953 3167 3213 3229 facerent,
3281 3162 3379 3217 do-

154 3277 248 3334 lore
277 3294 461 3336 vacare
486 3283 688 3349 noluit,
722 3292 1002 3354 spectrum
1040 3298 1175 3339 esse
1188 3284 1368 3352 putari
1398 3298 1463 3336 ne
1484 3298 1545 3338 se
1569 3280 1926 3352 permitteret.

150 3401 157 3411 -
219 3367 635 3440 Ἀπέστρεπται
657 3371 736 3438 δὲ,
757 3353 920 3441 Ῠφασὶ,
946 3371 1014 3426 τὸ
1051 3374 1399 3441 πρόσωπον,
1431 3373 1553 3426 ἀντὶ
1599 3372 1693 3425 τοῦ

1869 3368 1965 3423 Est
1991 3375 2171 3422 autem
2205 3367 2319 3435 ejus
2344 3378 2531 3418 aversa
2583 3359 2769 3431 facies,
2804 3356 2989 3422 aiunt;
3020 3353 3071 3408 id
3106 3362 3210 3408 est.
3244 3365 3379 3405 con-

154 3463 487 3534 κατησχύνθη.
516 3464 853 3533 Ἠτιμάσθη
884 3465 960 3527 δὲ,
985 3465 1085 3519 καὶ
1113 3468 1225 3519 οὐκ
1245 3465 1540 3535 ἐλογίσθη
1564 3481 1577 3496 ·
1611 3466 1700 3519 ὅτε

1830 3464 1949 3514 ’usa.
1986 3457 2083 3513 Est
2120 3469 2176 3513 et
2203 3458 2499 3525 despectus,
2540 3467 2632 3506 nec
2670 3457 2944 3517 reputatus
2969 3461 2989 3499 .°
3035 3441 3255 3514 quando
3290 3442 3376 3495 ni-

155 3551 430 3621 πέμψαντος
449 3555 685 3609 Πιλάτου
711 3554 845 3627 πρὸς
866 3555 958 3610 τὸν
973 3555 1241 3626 Ἡρώδην,
1262 3556 1424 3609 αὑτὸν
1442 3566 1470 3594 ν
1490 3555 1700 3620 ἐξουδε-

1832 3554 2003 3606 uirum
2035 3566 2130 3620 per
2163 3551 2397 3604 Pilatum
2443 3546 2646 3600 missus
2679 3541 2748 3596 ad
2778 3541 3049 3596 Herodem
3070 3576 3087 3601 ,
3131 3537 3199 3590 ab
3240 3538 3378 3591 isto-

156 3644 242 3694 νῶν
271 3645 340 3707 ὡς
360 3646 521 3699 αὐτὸν
544 3626 870 3716 ἀπέπεμψε.
902 3647 1074 3700 Πάλιν
1102 3649 1197 3701 καὶ
1247 3647 1434 3701 ὃτε⁸τὰ
1463 3646 1702 3717 ὑϐριστι-

1831 3658 1911 3711 |ue
1936 3650 2284 3708 contemptus
2326 3637 2393 3691 ad
2424 3636 2676 3691 eumdem
2719 3633 2984 3687 remissus
3013 3638 3126 3692 cst;
3158 3626 3377 3694 quando

160 3732 349 3788 κὼτατα
398 3737 722 3807 κρινόμενος
778 3737 1165 3808 ἔπασχεοκεὼ
1198 3738 1330 3806 παρ’
1391 3716 1555 3791 αὐτὸν
1610 3737 1702 3791 τὸν

1834 3748 2018 3787 ursum
2049 3727 2603 3787 contumeliosissime
2642 3724 2975 3786 damnatus;
3010 3719 3232 3788 quando
3279 3716 3377 3770 de-

156 3828 378 3895 σταυρόν.
410 3829 500 3881 Διὸ
553 3829 660 3882 κάν
702 3820 816 3892 τοῖς
849 3829 1225 3900 προλεχθεῖσιν
1280 3829 1518 3899 ἔφασκεο
1552 3849 1571 3882 ι
1596 3830 1700 3883 Τὸν

1828 3824 1968 3894 lique
2000 3822 2184 3877 crucis
2229 3829 2461 3873 mortem
2497 3829 2793 3886 perpessus
2826 3831 2841 3868 :
2875 3813 3025 3888 unde
3056 3817 3112 3864 et
3158 3810 3249 3861 illa
3272 3822 3374 3861 ex-

153 3911 293 3966 νῶτόν
324 3933 421 3985 μου
440 3917 655 3970 δέδωκα
675 3917 756 3978 εἰς
773 3899 1062 3986 μάστιγας,
1088 3935 1107 3967 ι
1125 3916 1218 3969 καὶ
1242 3916 1310 3969 τὰ
1334 3914 1481 3979 έξτς.
1496 3917 1699 3968 Πέπον-

1833 3916 2026 3979 istunt,
2057 3911 2259 3982 quibus
2285 3924 2344 3965 se
2385 3907 2613 3962 dorsum
2651 3919 2812 3960 suum
2865 3899 3190 3955 verberibus
3236 3912 3375 3967 pra:-

152 4000 227 4055 θεν
251 4000 334 4058 οὖν
355 4006 454 4059 οὐκ
475 4008 558 4070 εἰς
587 4005 716 4058 ῐδιον
744 4005 904 4076 χρέος
932 4005 1231 4077 (ἁμαρτίαν
1256 4004 1366 4076 γὰρ
1388 4004 1489 4057 οὒκ
1514 4004 1698 4074 ἐποίη-

1824 4009 1988 4064 nuisse
2041 4007 2122 4072 ’°,
2173 4014 2231 4060 et
2284 4016 2406 4073 qua:
2458 4001 2749 4068 deinceps,
2816 3994 3074 4065 superius
3135 3991 3370 4046 dicebat.

153 4096 376 4166 σεν),ἀλλ⁹
403 4102 484 4163 εἰς
523 4097 814 4169 ἡμέτερον,
842 4094 925 4162 εἷς
955 4101 983 4151 ὁ
1012 4099 1232 4152 πάντων
1280 4095 1695 4166 ἀνταξιώτερος,

1828 4105 2006 4156 ’assds
2028 4108 2116 4153 est
2142 4110 2277 4166 ergo
2303 4109 2413 4148 non
2441 4094 2496 4146 in
2541 4090 2627 4147 sui
2659 4089 2774 4161 (qui
2803 4095 3090 4159 peccatum
3125 4098 3235 4137 non
3276 4080 3374 4135 ad-

152 4184 338 4241 Παύλου
384 4189 669 4257 λέγοντος’
691 4183 785 4251 Εἷς
847 4189 987 4258 ὑπὲρ
1018 4189 1237 4242 πάντων
1284 4188 1576 4253 ἀπέθανεν,
1611 4187 1697 4242 ἴνα

1829 4194 1996 4265 sisit),
2044 4190 2137 4247 sed
2165 4191 2220 4245 in
2275 4190 2446 4244 nostri
2485 4185 2657 4242 debiti
2710 4182 3176 4254 persolutionem;
3230 4189 3375 4232 unus

151 4277 191 4327 oi
213 4275 398 4342 ζῶντες
451 4278 652 4350 μηκέτι
692 4280 905 4340 ἑαυτοῖς
938 4278 1128 4343 ζῶσιν,
1156 4279 1294 4334 ἀλλὰ
1320 4279 1397 4348 τῷ
1432 4279 1569 4349 ὑπὲρ
1596 4269 1697 4332 αύ-

1823 4289 2043 4342 ηιηιίιιηι
2066 4285 2225 4355 longe
2237 4280 2750 4353 praestantissimus,
2778 4276 2950 4330 Paulo
2974 4283 3130 4335 teste,
3148 4273 3242 4327 ubi
3260 4271 3369 4325 ait:

148 4366 239 4418 τῶν
259 4369 583 4453 ἀποθανόντε-
607 4369 702 4423 nat
735 4368 1039 4440 ἐγερθέντι.
1074 4387 1093 4421 ι
1138 4370 1335 4423 Ἰστέον
1358 4369 1415 4422 δὲ
1447 4369 1521 4434 ὡς
1552 4370 1694 4433 τινὲς

1866 4376 2023 4432 Unus
2053 4376 2153 4446 pro
2192 4372 2451 4428 omnibus
2504 4368 2755 4424 mortuus
2786 4374 2894 4431 est,
2928 4373 2988 4419 ut
3015 4364 3107 4433 qui
3146 4361 3332 4415 vivunt
3355 4400 3370 4424 ,

147 4455 213 4519 τὺ,
245 4452 707 4531 myrin-suane?
733 4462 814 4527 ὡς
852 4460 1115 4522 παιδίον,
1139 4460 1225 4514 διὰ
1254 4460 1347 4514 τοῦ
1391 4462 1693 4531 γράψαντες

1829 4468 1905 4522 ibi
1926 4467 2159 4534 amplius
2183 4478 2295 4518 non
2324 4462 2540 4525 vivant,
2577 4458 2673 4515 sed
2700 4457 2828 4526 ipsi,
2855 4455 2949 4527 qui
2994 4468 3091 4523 pro
3116 4452 3195 4505 eis
3226 4463 3373 4504 mor-

146 4548 266 4603 οὕτω
287 4554 450 4621 φασιν
470 4571 482 4582 ·
513 4553 782 4609 ἀντέπεσε
805 4552 914 4623 γὰρ
936 4552 1011 4616 ὡς
1045 4553 1192 4613 εἰκὸς
1216 4567 1264 4617 ι,
1295 4553 1373 4623 τῷ
1418 4555 1692 4628 προφήτῃ,

1922 4567 2045 4613 test
2093 4564 2148 4612 et
2188 4554 2493 4610 resurrerit
2534 4552 2603 4606 ".
2637 4569 2656 4601 ι
2688 4548 2780 4602 Est
2805 4556 2986 4600 autem
3030 4541 3372 4597 auimadver—
3462 4593 3468 4600 ,

148 4640 212 4694 δτι
239 4644 300 4697 σὺ
320 4647 383 4699 ὲκ
403 4646 500 4699 τοῦ
532 4644 850 4716 Πνεύματος
879 4645 1164 4717 ἐδιδάχθης
1194 4646 1294 4714 τὴν
1339 4644 1506 4700 αὑτοῦ
1556 4662 1694 4717 παρ-

1825 4648 2045 4712 endum,
2071 4661 2181 4715 quo
2205 4645 2325 4700 loco
2348 4641 2784 4697 annuntiavimus
2814 4645 3066 4706 tanquam
3092 4630 3371 4703 parvulum

145 4732 330 4798 ουσίαν,
380 4738 553 4807 ἐχρῆν
581 4734 638 4788 δὲ
665 4709 759 4788 διαὶ
805 4709 931 4797 τοὺς
990 4709 1184 4796 ἄλλους
1207 4709 1505 4789 διδάσκειν.
1553 4733 1610 4787 ὐ
1635 4709 1691 4786 δέ

1824 4742 2067 4801 labetur,
2126 4752 2377 4807 campum
2438 4733 2737 4789 nonnullos
2773 4731 2977 4799 legere.
3027 4725 3164 4781 Esse
3221 4724 3370 4777 enim

147 4836 309 4891 φησιν,
334 4826 409 4889 ὡς
433 4828 539 4879 οὐκ
567 4824 925 4895 ἐπαυσάμεθα
957 4825 1160 4888 πάντες
1180 4825 1231 4878 οἱ
1255 4824 1532 4896 προφῆται
1569 4826 1693 4895 ὑμῖν

1827 4837 2232 4885 onsentaneum
2284 4824 2568 4895 prophetae
2631 4817 2923 4891 quemdam
2972 4826 3285 4872 occurrere,
3319 4817 3373 4864 et

146 4910 550 4981 ἀναγγέλλοντες
580 4918 662 4982 ὡς
704 4916 936 4981 πεδίον,
985 4916 1132 4970 τοῦτ’
1185 4916 1331 4969 ἐστιν
1398 4917 1475 4980 ὡς
1531 4917 1692 4988 ἀγρὸς

1827 4921 2020 4987 licere;
2051 4919 2311 4988 quoniam
2362 4912 2573 4983 Spiritu
2615 4916 2808 4963 sancto
2854 4905 3086 4959 docente
3126 4901 3249 4969 ejus
3277 4898 3373 4954 ad-

104 5004 105 5007 “
148 5004 360 5078 εὐανθὴς
418 5012 517 5062 καὶ
572 5007 1001 5081 καρποφόροςθῆ
1035 5008 1128 5061 κειὶ
1159 5008 1239 5075 ὡς
1253 5008 1389 5077 ῥίζα
1415 5008 1485 5061 ἐν
1510 5007 1590 5078 γῆ
1615 5007 1650 5061 δ

1826 5017 2020 5067 ’θηιιιιιι
2067 5008 2343 5073 didicerit,
2376 5007 2570 5061 decere
2622 5008 2678 5058 et
2715 5000 2856 5056 alios
2907 4998 3084 5067 ipsum
3138 4994 3372 5055 docere,

147 5093 325 5163 ψώσῃ,
377 5099 696 5169 ἀρδεύοντος
749 5099 898 5169 ἡμᾶς
937 5096 1033 5150 τοῦ
1084 5097 1444 5165 Μονογενοῦς,
1493 5115 1512 5148 ‹
1542 5091 1693 5165 Ἐνῷ

1829 5101 1895 5156 ed
1938 5099 2296 5170 respondere,
2327 5095 2622 5168 prophetas
2658 5105 2849 5148 omnes
2876 5086 3046 5156 campi
3093 5085 3291 5146 instar,
3321 5082 3375 5137 id

147 5184 325 5253 πάντες
371 5190 513 5243 εἰσὶν
538 5190 587 5242 οἱ
618 5188 882 5258 θησαυροὶ
922 5188 1023 5258 τῆς
1064 5186 1257 5256 σοφίας
1304 5187 1398 5240 καὶ
1443 5186 1693 5255 γνώσεως

1829 5200 1890 5248 :st
1927 5193 2043 5263 agri
2075 5189 2253 5245 horidi
2288 5195 2342 5243 et
2369 5183 2644 5255 frugiferi,
2677 5181 2787 5236 illis
2820 5190 3102 5247 nunquam
3131 5188 3238 5263 non
3272 5185 3375 5226 an-

148 5272 490 5353 ἀπόκρυφοι,ι
518 5280 683 5334 πάλαι
701 5278 838 5349 μετὰ
855 5277 964 5331 τῶν
989 5277 1166 5332 ἄλλων
1192 5276 1498 5348 ἀνθρώπων
1525 5276 1694 5348 ξηρὰν

1831 5261 2140 5334 nuntiasse:
2179 5276 2263 5332 vel
2315 5274 2482 5330 etiam
2530 5279 2786 5340 tanquam
2838 5264 3072 5319 radicem
3125 5261 3184 5315 in
3232 5268 3377 5313 terra

151 5365 234 5417 καὶ
257 5368 503 5440 ἄκαρπον
552 5371 903 5442 ὑπάρχοντας
928 5372 1052 5441 γῆν.
1078 5369 1224 5423 Ἀλλ’
1251 5369 1584 5440 ἅνεθάλομεν
1605 5369 1697 5424 διὰ

1833 5371 2031 5437 itienti,
2072 5383 2198 5424 cum
2232 5382 2329 5423 eos
2359 5364 2617 5434 irrigaret
2665 5357 3038 5430 Uuigenitus:
3090 5372 3109 5406 ι
3159 5351 3217 5407 In
3266 5362 3375 5419 quo

211 5476 254 5553 ’ξ
284 5481 327 5536 ll
363 5484 489 5538 Cor.
519 5501 570 5547 ν,
610 5486 701 5541 21.
776 5485 821 5517 ⁸⁷
878 5484 1035 5541 Deut.
1060 5500 1173 5550 χχι,
1205 5486 1307 5553 25;
1368 5485 1545 5541 Gulat.
1594 5502 1675 5549 tn,
1719 5485 1757 5538 ll

1882 5484 1928 5516 ⁸⁸
1964 5482 2112 5539 Psal.
2144 5497 2293 5549 mv,
2326 5481 2380 5536 5.
2506 5478 2554 5513 ³⁵
2589 5472 2781 5532 Matth.
2816 5485 2965 5536 mn,
3007 5466 3097 5523 58.
3193 5463 3239 5498 ”
3265 5460 3374 5516 isa.

152 5557 201 5609 ι,
227 5550 277 5603 6.
345 5556 389 5587 ³⁸
426 5555 466 5608 Il
492 5556 620 5611 Cor.
648 5571 701 5621 ν,
754 5555 839 5609 Η.
1295 5550 1301 5553 ⁷
1424 5610 1439 5630 ,

1426 5633 1661 5691 νΑῐιιιΕ
1699 5632 2103 5689 LECTIONES.

219 5739 343 5808 ‘nr.
371 5742 534 5814 ἁλφῇ.
611 5754 637 5782 ιι
672 5745 755 5799 ἵσ.
790 5741 916 5811 γάρ.
991 5749 1017 5778 τ
1058 5754 1144 5808 γρ.
1189 5734 1366 5805 αὑτός.
1445 5741 1470 5769 ι
1511 5731 1595 5786 ἷσ.
1640 5734 1698 5784 λ.
1732 5747 1814 5793 τις
1850 5730 2038 5786 εἰπών.
