3916 6440
518 314 659 380 2527
1392 366 1399 379 .
1823 309 2179 383 PROC'OPII
2215 324 2465 383 cum
3326 314 3331 317 ’
3616 336 3730 401 2523

516 430 767 501 jaceret‘?
798 430 1115 502 Respondet
1163 433 1345 497 Pater,
1376 434 1443 486 ab
1506 435 1880 505 iniquitatibus
1920 454 2058 506 popu

2206 437 2497 507 νομοῦντες
2521 436 2685 490 αὑτὸν
2708 435 3063 490 ἀπέκτειναν.
3090 436 3235 489 Ἀντὶ
3255 437 3313 491 δὲ
3338 439 3605 503 τοῦ,δὼσω
3623 458 3733 520 τοὺς

521 522 606 574 sui
636 521 857 575 ductum
889 539 1002 575 esse
1027 522 1095 575 ad
1124 532 1385 589 mortem;
1415 540 1635 596 nempe,
1682 528 1763 580 vel
1802 527 1948 596 quod
1980 528 2066 597 eju

2197 528 2525 595 πονηροὺς.
2552 530 2579 580 ὁ
2613 527 2943 598 Σύμμαχος,
2980 529 3075 581 καὶ
3106 527 3285 582 δώσει
3339 531 3471 598 τοὺς
3513 535 3733 612 ἀσεϐεῖς,

522 611 846 681 iniquitates
867 615 1137 682 expiavit;
1172 615 1256 669 vel
1289 617 1435 685 quod
1467 625 1553 671 est
1584 620 1653 673 ab
1684 619 1805 684 ipso
1834 620 2067 674 scelerat

2198 617 2350 688 φησί.
2402 617 2496 680 Τίς
2527 616 2583 670 δὲ
2616 616 2816 683 δώσει,
2839 618 2873 686 ἢ
2904 618 2932 670 ὁ
2975 617 3084 670 τῶν
3135 617 3269 670 ὅλων
3306 622 3483 691 κριτής
3505 641 3520 690 ;
3544 625 3669 696 λέγει
3688 632 3734 694 δὲ

520 702 904 772 interemptus.
953 705 1058 760 Sed
1104 722 1215 775 quo
1262 708 1383 761 loco
1422 708 1561 762 dabo
1596 711 1765 763 malos
1808 710 2066 766 habemus

2196 712 2323 773 τοὺς
2348 710 2415 763 τὰ
2444 711 2712 782 εἰρημένα
2776 712 3133 780 ποιήσαντας.
3175 711 3459 779 Ῥωμαίοις
3493 718 3586 787 γὰρ
3621 737 3737 791 παρ.

519 794 665 848 dabit
713 796 902 861 impios
955 798 1355 867 interpretatus
1405 808 1491 854 est
1534 800 1923 871 Symmachus.
1967 805 2065 867 Qui

2200 800 2487 868 εδόθησαν.
2544 802 2655 856 Καὶ
2704 803 2833 864 τοὺς
2886 802 3059 855 πάλαι
3107 801 3166 854 δὲ
3213 804 3557 873 πλουσίους,
3585 810 3638 862 ἐν
3673 808 3742 873 οἷς

519 902 684 954 parro
732 889 980 952 daturus,
1028 891 1133 944 nisi
1175 892 1266 961 qui
1317 892 1700 946 universorum
1737 892 1907 963 judex
1967 903 2051 948 est

2200 894 2588 947 ἐπλεονέκτουν
2620 895 3028 966 προτερήμασι,
3067 893 3406 964 παραδώσειν
3458 900 3603 968 φησιν
3629 901 3742 957 ἀντὶ

517 978 626 1034 Ευε
660 981 859 1035 deinde
885 983 1169 1053 intelligit,
1192 985 1309 1052 qui,
1352 1000 1473 1053 qum.
1496 984 1645 1038 dicta
1677 992 1830 1049 sunt,
1860 987 2063 1040 admise

2202 983 2305 1037 τοῦ
2343 983 2610 1038 θανάτου
2638 984 2849 1039 αὑτοῦ.
2899 985 3002 1051 Λὲγ
3016 1001 3066 1037 ει
3096 985 3153 1038 δὲ
3179 987 3304 1049 τοὺς
3332 986 3388 1038 ὲν
3412 988 3593 1055 γνώσει
3619 1010 3748 1062 νομιε-

516 1082 663 1126 runt.
691 1072 828 1127 Nam
874 1082 930 1128 et
964 1074 1355 1146 Romanisipsi
1398 1077 1583 1130 traditi
1637 1087 1790 1134 sunt.
1826 1077 2061 1131 l’raatere

2198 1077 2291 1145 κῇ,
2326 1074 2423 1128 καὶ
2451 1076 2725 1146 ίερατικῇ,
2771 1077 2866 1129 καὶ
2918 1076 3171 1147 βασιλικῇ
3199 1079 3581 1150 τετιμημένους
3608 1084 3742 1155 ἀξίᾳ·

513 1163 702 1218 divites
737 1166 904 1232 olim;
940 1165 993 1220 id
1025 1173 1133 1232 est,
1169 1169 1550 1237 praerogativis
1580 1171 1900 1238 superiores
1932 1177 2059 1224 caete

2199 1156 2348 1217 οὗτοι
2386 1164 2494 1234 γὰρ
2544 1166 2683 1237 πρὸς
2716 1164 2794 1236 τῷ
2827 1166 3179 1232 ἀποκτεῖναι,
3213 1169 3308 1222 καὶ
3354 1170 3578 1240 ἀργύρια
3606 1173 3745 1228 δεδώ-

513 1257 611 1321 ris,
643 1273 701 1311 se
738 1274 832 1326 pro
862 1269 1027 1313 morte
1046 1260 1162 1328 ejus
1192 1261 1532 1315 traditurum
1564 1261 1873 1331 signiﬁcat;
1906 1262 2059 1315 horut

2200 1273 2361 1310 κασιν
2392 1255 2580 1323 ἱκανὰ,
2612 1257 2821 1328 κρύψαι
2847 1257 3161 1328 βουλόμενοι
3181 1260 3278 1331 τὴν
3306 1261 3610 1317 ἀνάστασιν.
3652 1267 3741 1327 Καὶ

510 1349 734 1404 nomine
781 1365 877 1403 eos
929 1351 1264 1420 intelligens,
1303 1353 1396 1420 qui
1445 1353 1629 1421 legali,
1658 1360 1713 1407 et
1751 1352 2054 1407 sacerdmal

2201 1346 2346 1401 κατὰ
2375 1345 2537 1398 τοῦτο
2563 1343 2658 1400 οὖν
2691 1349 3034 1415 πλουσίους
3077 1350 3276 1412 αὐτοὺς
3309 1348 3461 1404 καλεῖ
3481 1368 3494 1382 ο
3524 1352 3556 1423 ἢ
3582 1356 3666 1407 καὶ
3688 1356 3747 1421 ὡς

507 1439 671 1509 605
716 1442 970 1512 regiaque
1024 1443 1189 1497 etiam
1225 1443 1495 1512 dignitate
1525 1444 1774 1499 illustres
1820 1444 2053 1500 habebat

2201 1434 2597 1508 φιλαργύρους.
2625 1437 2985 1492 ’Δπὲκτειναν
3041 1439 3151 1509 γὰρ
3199 1439 3456 1506 Ἰησοῦν,
3490 1442 3553 1495 ἶν’
3601 1444 3747 1515 ἔχοιεν

510 1539 618 1583 tur.
648 1531 739 1584 Isti
772 1532 1042 1601 siquidem
1086 1542 1282 1603 praeter
1317 1533 1613 1589 admissam
1654 1535 1880 1601 caedem,
1926 1551 2056 1604 pecu

2205 1531 2452 1586 πλουτεῖν
2477 1535 2542 1586 ὲκ
2563 1531 2655 1585 τοῦ
2686 1533 2764 1603 μή
2798 1532 3008 1602 κρίνειν
3028 1531 3229 1602 ὀρθῶς.
3263 1533 3401 1601 Περὶ
3427 1527 3498 1587 ὧν
3547 1535 3751 1606 ἐλεγενὸ

508 1618 617 1672 niis
646 1620 811 1672 etiam
851 1636 957 1675 non
992 1634 1357 1691 pepercerunt
1392 1622 1587 1692 utejus
1620 1624 2054 1678 resurrectionem

2196 1624 2514 1695 προφήτης·
2544 1642 2563 1676 ι
2604 1623 2868 1678 Κοινωνοὶ
2907 1623 3177 1688 κλεπτῶν,
3210 1624 3526 1692 ἀγαπῶντες
3585 1628 3742 1700 δῶρα,

476 1774 489 1781 ρ
507 1710 874 1774 occultarent,
891 1712 1032 1766 unde
1051 1722 1105 1767 et
1124 1713 1309 1766 divites
1328 1724 1423 1767 eos
1442 1712 1764 1782 appellavit:
1789 1713 1873 1766 vel
1892 1712 2022 1768 etiar

1398 1712 2081 1782 sappellavit:veletiam,
2190 1714 2477 1779 διώκοντες
2505 1714 2877 1784 ἀνταπόδομα.
2921 1732 2940 1765 ι

505 1816 567 1863 ιιι
600 1805 850 1877 pecuinis
878 1804 1089 1858 inhiare
1110 1806 1533 1859 demonstraret.
1555 1801 1742 1859 Jesum
1775 1804 1919 1858 enim
1952 1803 2374 1873 interemerunt,
2407 1817 2468 1861 ut
2502 1822 2671 1877 prave
2722 1804 3028 1875 iudicando
3064 1805 3404 1862 ditescerent
3440 1826 3454 1862 :
3491 1809 3544 1864 in
3580 1826 3756 1882 eosque

502 1900 597 1956 illa
625 1906 774 1963 sunt,
799 1896 999 1966 quibus
1051 1914 1173 1953 esse
1208 1896 1389 1952 furum
1419 1899 1626 1964 socios,
1647 1899 1904 1967 donaque
1928 1899 2176 1969 diligere,
2219 1884 2273 1957 et
2305 1902 2613 1957 mercedem
2654 1901 2855 1958 sectari
2893 1900 3161 1971 propheta
3186 1900 3326 1972 ipsis
3344 1904 3752 1973 exprobravit“.

579 1994 909 2064 Cogitabam
926 2001 1214 2062 praeterea,
1240 1994 1286 2048 si
1308 2009 1465 2049 cessa
1477 2003 1559 2049 ret
1578 1994 1635 2048 in
1661 1994 1781 2064 lege
1811 1994 2018 2059 cultus,
2034 1995 2102 2049 iis

2290 1997 2569 2051 Ἐνενόουν
2599 1995 2657 2049 δὲ
2712 1995 2806 2049 καὶ
2858 1995 2941 2049 ὅτι
2994 1996 3361 2066 παυσαμένης
3409 1997 3503 2067 τῆς
3548 2000 3604 2052 ὲν
3629 2001 3754 2072 νόμῳ

503 2102 630 2142 esse
670 2087 780 2142 sibi
824 2086 1126 2141 carendum
1184 2086 1466 2156 primitiis,
1496 2088 1698 2154 quibus
1746 2086 2041 2142 fruebantur

2208 2089 2480 2159 λατρείας,
2509 2089 2607 2158 οὐχ
2644 2087 2827 2153 ἕξουσι
2852 2087 2951 2150 τὰς
2988 2086 3131 2140 κατὰ
3176 2086 3343 2158 νόμον
3376 2093 3754 2160 προσαγομένιις

502 2178 744 2249 Indeque
771 2194 867 2233 eos
896 2179 1163 2234 conviciis
1192 2179 1499 2236 insectatus
1538 2190 1623 2234 est
1653 2177 1928 2244 Christus,
1952 2194 2048 2249 qut

2208 2180 2383 2243 αὐτοῖς
2399 2177 2677 2249 ἀπαρχὰς,
2694 2176 2892 2242 οὒςκαὶ
2905 2175 3219 2246 ἑταλάνιζεν
3245 2177 3443 2246 λέγων,
3471 2180 3551 2233 ὅτι
3581 2199 3599 2233 ι
3621 2183 3754 2236 Ἀποε

502 2271 806 2337 mentham,
839 2280 894 2326 et
943 2272 1231 2336 anethum,
1285 2278 1338 2326 et
1395 2271 1679 2325 cuminum
1733 2270 2048 2325 dccimaren

2208 2270 2486 2325 Βεκατοῦτε
2523 2269 2586 2323 τὸ
2616 2268 2886 2340 ἡδύοσμον
2943 2271 3038 2323 καὶ
3066 2269 3127 2323 τὸ
3168 2270 3395 2341 ἄνηθον,
3422 2272 3514 2326 καὶ⁵
3539 2275 3595 2326 τὸ
3620 2274 3754 2345 κύμιο

499 2380 623 2432 quaa
665 2373 846 2419 autem
888 2372 1073 2418 essent
1102 2364 1156 2419 in
1183 2365 1298 2433 lege
1319 2361 1907 2434 graviora,judicium,
1932 2365 2045 2418 misi

2210 2379 2309 2426 ιον,
2337 2362 2433 2415 καὶ
2481 2363 2734 2432 ἀφήκατε
2762 2361 2830 2414 τά
2871 2359 3149 2430 βαρύτερα
3188 2361 3286 2415 τοῦ
3316 2363 3508 2432 νόμου,
3532 2365 3624 2436 τὴν
3657 2368 3756 2437 κρι-

500 2455 819 2521 ricordiam,
838 2454 994 2509 ﬁdem
1014 2457 1339 2509 omitterent.
1359 2455 1421 2508 ".
1453 2454 1531 2508 Eo
1552 2463 1733 2507 autem
1760 2453 2046 2508 condemn:

2210 2472 2306 2519 rw,
2335 2454 2430 2507 καὶ
2459 2454 2521 2523 τὸ
2549 2452 2717 2518 ἔλεος,
2753 2453 2848 2504 καὶ
2874 2451 2974 2521 τὴν
3008 2451 3209 2506 πίστιν.
3226 2471 3246 2505 ι
3266 2453 3342 2506 Τὸ
3374 2453 3430 2506 δὲ
3454 2453 3647 2508 δίκαιον
3675 2454 3756 2523 τῆς

500 2542 670 2595 tionis
713 2556 903 2597 eorum
942 2543 1259 2613 inquit-atem
1312 2542 2046 2613 praecipue.signiticat,qut

2212 2545 2382 2600 ιιύτῶν
2434 2545 2587 2614 δηλοῖ
2646 2544 3033 2615 κατακρίσεως
3095 2545 3180 2612 τὸ,
3237 2544 3322 2598 ὅτι
3368 2544 3617 2615 ἀνομίαν
3665 2549 3758 2601 οὐκ

499 2635 834 2705 iniquitatem
882 2651 1009 2690 eum
1049 2652 1155 2690 non
1191 2636 1383 2703 fecisse
1436 2634 1708 2706 adjungit.
1737 2633 1895 2690 Juste
1947 2635 2045 2690 eui}

2209 2640 2512 2706 ἐποίησεν,
2544 2637 2911 2708 ἐπαγόμενον.
2951 2635 3179 2700 Ἀδίκως
3202 2635 3312 2703 γὰρ
3345 2637 3755 2701 ἀποκτείναντες,

499 2732 945 2786 condemnamur
974 2731 1295 2801 quijustum
1326 2730 1533 2802 injuste
1564 2744 1765 2786 necare
1802 2730 1923 2795 ausi
1944 2745 2045 2784 sun

2210 2731 2421 2795 Βικαίως
2470 2730 2626 2783 αὐτοὶ
2675 2727 3126 2799 κατακέκρινται.
3171 2726 3514 2792 Ἀξιόπιστος
3541 2728 3595 2781 δὲ
3640 2728 3756 2800 μάρο

498 2822 596 2878 Εει
627 2839 755 2878 vero
787 2824 948 2879 ιεειῑε
990 2823 1093 2877 ﬁde
1151 2823 1357 2893 dignus
1401 2824 1560 2878 Pater
1597 2824 1735 2893 ipse,
1776 2823 1870 2891 qui
1898 2821 2044 2875 Filio:

2211 2840 2291 2888 τυς
2318 2826 2345 2877 ὁ
2375 2823 2988 2894 Πατὴρ,ἀναμάρτητον
3014 2820 3188 2875 εἰπὼν
3212 2820 3303 2873 τὸν
3329 2819 3482 2875 Υἱόν,
3509 2819 3757 2889 Κατεψεύ-

497 2923 726 2984 peccato
762 2930 954 2968 carere
988 2915 1231 2969 asseruit
1260 2915 1328 2968 “.
1364 2912 1523 2968 Unde
1555 2913 1803 2983 improbe
1832 2915 2043 2968 mentiti

2210 2933 2357 2971 παντο
2390 2916 2498 2988 ἄρα
2543 2916 2674 2969 ποτὲ
2705 2915 2805 2985 μὲν
2831 2914 3103 2982 λέγοντες,
3147 2913 3230 2966 ὃτι
3267 2930 3286 2964 ι
3323 2906 3497 2976 οὗτος
3547 2910 3756 2965 ἀνασείει

496 3020 625 3061 esse
680 3015 928 3076 apparet,
964 3008 1059 3076 qui
1094 3023 1222 3061 eum
1278 3007 1538 3077 populum
1579 3007 1882 3071 concitare,
1911 3006 2042 3062 Caes:

2210 3010 2285 3064 ιδν
2314 3010 2462 3074 λαὸν,
2496 3010 2589 3063 καὶ
2609 3008 2809 3062 κωλύει
2835 3008 3080 3078 Καίσαρι
3105 3006 3311 3061 διδόναι
3346 3006 3566 3078 φόρους,
3601 3023 3619 3057 ι
3648 3003 3756 3056 ποτὲ

498 3096 659 3166 rique
692 3106 880 3152 vetare
926 3098 1199 3153 tributum
1250 3098 1589 3167 persolvere,
1613 3100 1706 3167 qui
1744 3113 1805 3153 se
1831 3097 2044 3167 deniqut

2210 3103 2302 3153 ié-r
2329 3100 2473 3169 Εἰμὴ
2510 3095 2579 3170 ἦν
2604 3093 2756 3161 οὗτος
2789 3098 3125 3162 κακοποιῶν,
3142 3098 3245 3151 οὐκ
3273 3098 3341 3151 ἄν
3366 3114 3447 3150 σοι
3473 3094 3756 3168 παρεδώκα-

498 3191 607 3245 nisi
639 3189 964 3245 malefactor
992 3200 1160 3255 esset,
1195 3188 1373 3245 Pilato
1412 3205 1524 3244 non
1573 3190 1748 3244 fuisse
1791 3188 2044 3243 tradituri

2209 3207 2297 3254 αεν
2344 3190 2528 3244 αὐτόν.
2562 3209 2582 3242 ι
2625 3191 2683 3242 '0
2717 3189 2826 3260 γὰρ
2863 3190 3054 3263 Πατὴρ
3102 3188 3247 3242 οὕτω
3296 3188 3364 3241 τὸ
3413 3187 3755 3258 ἀναμάρτητον

496 3282 755 3337 dicebant
783 3284 847 3336 ³⁵.
875 3281 951 3336 Ita
971 3281 1118 3336 enim
1149 3295 1210 3336 re
1256 3289 1313 3336 et
1357 3281 1524 3335 verbo
1564 3280 1723 3349 culpa
1759 3293 1983 3335 vacasse
2013 3287 2042 3334 ιι

2210 3280 2346 3352 ἔργῳ
2373 3296 2434 3333 τε
2476 3278 2574 3333 καὶ
2601 3272 2746 3350 λόγῳ
2777 3279 3229 3350 μεμαρτύρηκεν.
3261 3276 3440 3331 Τοῦτο
3469 3276 3525 3329 δὲ
3550 3273 3679 3329 κατὰ
3707 3273 3756 3326 τὺ

499 3374 769 3431 ειίῐίειιιιιε
803 3383 888 3430 εει
916 3372 1078 3429 Pater
1110 3374 1292 3444 :qnod
1320 3383 1406 3428 est
1431 3371 1502 3426 ad
1525 3371 1882 3427 humanitatis
1907 3372 2045 3428 ratio

2203 3370 2555 3445 ivOpo'mwov.
2603 3371 2669 3425 Ἦ
2709 3373 2818 3441 γὰρ
2861 3370 2984 3424 θεία
3030 3370 3192 3437 φύσις
3222 3370 3379 3423 ἐστὶν
3404 3367 3749 3426 ἀναλλοίωτος.

499 3482 625 3521 nem
666 3464 1039 3531 referendum,
1071 3480 1197 3521 cum
1225 3464 1586 3519 mutationem
1623 3462 1716 3519 Dei
1752 3472 1950 3518 natura
1973 3480 2045 3520 no

2210 3462 2536 3533 ’Λνθρὼπων
2602 3463 2671 3517 ’δὲ
2721 3462 2896 3525 οὐδεὶς
2955 3462 3097 3531 πλὴν
3157 3460 3325 3517 αὐτοῦ
3389 3460 3619 3529 καθαρὸς
3670 3455 3756 3511 ἀπὸ

500 3559 761 3630 patiatur,
791 3574 969 3630 neque
1009 3558 1295 3613 hominum
1346 3559 1665 3628 quisquam,
1700 3572 1765 3613 eo
1795 3572 1905 3611 uno
1926 3572 2046 3613 exet

2210 3555 2390 3609 5ύπου.
2422 3553 2635 3608 Οὐκοῦν
2680 3554 2821 3625 ὑπὲρ
2848 3552 3104 3608 ἁπάντων
3153 3553 3314 3616 αὐτὸς
3368 3552 3650 3614 ἀπέθανεν,
3688 3548 3756 3600 ίνα

500 3661 611 3720 p:o,
644 3650 906 3706 sordibus
951 3659 1158 3704 careat.
1194 3648 1423 3704 Mortem
1452 3651 1617 3719 igitur
1652 3650 1768 3720 ipse
1797 3665 1894 3719 pro
1928 3650 2046 3704 nobi

2210 3647 2424 3720 περιέλῃ
2456 3647 2554 3719 τὴν
2579 3647 2856 3719 ἁμαρτίαν
2902 3645 2997 3700 τοῦ
3028 3647 3258 3716 κόσμου.
3297 3645 3395 3699 Διδ
3446 3646 3537 3699 καὶ
3577 3643 3756 3712 ἔκρινεν

499 3742 729 3805 subivit,
772 3750 833 3796 ut
888 3742 1155 3797 mundum
1220 3743 1462 3812 peccatis
1511 3746 1795 3797 eximeret.
1834 3742 1994 3799 Unde
2036 3762 2045 3796 ι

2208 3743 2223 3795 5
2277 3740 2465 3811 Πατὴρ
2513 3738 2681 3793 αὐτοῦ
2736 3739 3057 3807 καθαρίσαι
3110 3738 3299 3792 αὑτὸν
3357 3736 3469 3805 τῆς
3514 3730 3754 3801 πληγῆς·

494 3848 614 3885 eum
640 3848 673 3885 a
693 3832 874 3903 plaga,
907 3832 958 3886 id
990 3843 1073 3888 est
1102 3836 1172 3887 ab
1199 3834 1348 3886 illata
1382 3840 1578 3895 morte,
1614 3833 1874 3887 mundare
1897 3832 2040 3887 decrt

2210 3833 2342 3887 τοῦτ’
2380 3833 2498 3887 ἐστι
2532 3833 2629 3886 τοῦ
2671 3833 3056 3903 ἐπενεχθέντος
3102 3833 3253 3904 αὐτῷ
3286 3833 3522 3895 πάθους.
3565 3828 3756 3894 Ἀνέστη

495 3926 576 3977 vit
600 3923 761 3979 Pater
791 3943 804 3978 :
851 3924 1020 3994 quod,
1050 3927 1241 3979 eadem
1278 3940 1375 3994 per
1414 3924 1588 3995 ipsius
1622 3924 2041 3979 resurrectione:

2210 3926 2306 3995 γὰρ
2336 3926 2591 3995 πατήσας
2621 3923 2713 3977 τὸν
2758 3923 3007 3978 θάνατον.
3041 3925 3195 3986 Τινὲς
3217 3924 3274 3978 δέ
3300 3940 3490 3992 φασιν,
3521 3924 3599 3975 ὅτι
3617 3919 3675 3973 δι’
3698 3911 3756 3971 ὧν

498 4016 845 4082 conculcata,
882 4017 1086 4071 factum
1113 4024 1219 4071 est.
1255 4014 1459 4070 Volunt
1488 4023 1671 4071 autem
1720 4016 1995 4081 nonnulli,
2026 4031 2044 4070 ε

2209 4020 2228 4071 5
2260 4018 2451 4088 Πατὴρ
2485 4018 2738 4089 ἀπῄτησε
2768 4016 2925 4080 δίκας
2973 4016 3115 4087 ὑπὲρ
3156 4014 3353 4079 αὑτοῦ,
3384 4015 3447 4068 τὸ
3479 4013 3552 4084 μὴ
3573 4008 3755 4070 δικαξως

500 4105 643 4175 ipso,
686 4106 831 4175 quod
862 4106 984 4174 ejus
1028 4107 1253 4162 nomine
1307 4121 1503 4176 pinnas
1537 4106 1608 4161 ab
1642 4106 1752 4161 illis
1781 4121 2046 4176 repoposc

2210 4112 2361 4165 αὐτὸν
2407 4110 2735 4163 πεπονθέναι
2778 4109 3150 4182 παρέστησεν,
3201 4110 3295 4163 καὶ
3351 4106 3590 4177 καθαρὸν
3625 4101 3756 4155 αὑτὸν

505 4196 687 4266 Pater,
717 4200 921 4270 injuste
964 4215 1189 4271 passum
1248 4215 1394 4264 esse,
1423 4210 1478 4255 ει
1510 4215 1678 4270 aequa!
1722 4198 2051 4253 damnationi

2210 4207 2299 4274 τῆς
2329 4203 2423 4256 ἐπὶ
2448 4202 2634 4271 δικαίᾳ
2663 4203 2992 4274 κατακρίσει
3019 4202 3325 4271 πεποίηκεν
3353 4198 3605 4269 ὑποψίας.
3631 4192 3756 4253 Τινὲς

498 4308 624 4346 eum
683 4293 1000 4364 suspicione
1060 4308 1251 4348 carere
1312 4291 1881 4361 signiﬁcari.Putant
1928 4292 2038 4347 etia

2209 4293 2256 4347 δὲ
2291 4294 2462 4357 οὕτως
2499 4295 2785 4366 εἰρήκασιν
2824 4309 2838 4323 ⁸
2873 4294 3086 4374 Ὠσπερ
3108 4295 3175 4347 τὰ
3208 4293 3343 4362 ἡμῖν
3377 4287 3755 4363 χρεωστούμενα

501 4385 615 4452 alii,
643 4402 752 4439 non
783 4387 944 4441 aliter
982 4402 1172 4458 quam,
1205 4386 1336 4442 dum
1369 4402 1491 4457 qum
1537 4386 1700 4441 nobis
1729 4385 2047 4441 debebantu‘

2208 4387 2352 4458 πάθη
2378 4387 2542 4451 αὐτὸς
2574 4385 2971 4455 ἀναδεξάμενος
3005 4385 3328 4439 οἰκειώσατο
3351 4400 3366 4414 ·
3399 4382 3541 4436 οὕτω
3575 4379 3662 4434 καὶ
3681 4375 3754 4443 τὴν

499 4487 772 4534 tormenta
810 4495 1109 4551 perpessus
1165 4488 1271 4545 est,
1303 4495 1367 4535 ea
1421 4478 1488 4533 ad
1546 4493 1603 4534 se
1654 4478 1902 4543 attraxit,
1935 4478 2016 4533 sic

2206 4483 2266 4534 ἐκ
2316 4483 2548 4545 πίστεως
2610 4480 2910 4551 γενομένην
2965 4481 3098 4550 ήνμῖν
3154 4478 3457 4547 κάθαρσιν
3501 4473 3654 4528 αὐτὸν
3693 4468 3752 4521 δι’

498 4585 641 4636 eam,
684 4586 806 4639 quin
878 4570 1037 4626 nobis
1094 4585 1192 4642 per
1226 4569 1386 4624 [idem
1441 4567 1696 4632 accessit,
1728 4568 2043 4636 purgatione

2205 4574 2390 4645 δέχθαι
2429 4573 2615 4645 φησίν.
2670 4573 2812 4629 Ἐὰν
2841 4571 2991 4627 δῶτε
3018 4572 3151 4641 περι
3195 4572 3509 4642 ἁμαρτίας,
3549 4569 3587 4634 ἡ
3617 4557 3748 4633 ψυχῆ

499 4663 676 4733 ipsum
706 4663 1010 4733 accepisse.
1033 4662 1297 4732 Sequitur
1321 4660 1522 4716 deinde
1552 4677 1567 4714 :
1602 4658 1666 4714 Si
1696 4658 1833 4712 detis
1855 4673 1951 4727 pro
1981 4674 2041 4726 pe

2207 4666 2377 4735 ὑμῶν
2421 4666 2631 4734 ἅψεται
2663 4665 2904 4735 σπέρμα
2933 4665 3283 4735 μακρόϐιον.
3321 4664 3540 4731 Καιπερ
3567 4660 3621 4711 δὲ
3670 4669 3752 4707 τοι·

498 4765 638 4815 cato.
666 4756 848 4809 anima
893 4763 1069 4809 vestra
1120 4752 1314 4808 videbit
1347 4768 1524 4807 semen
1560 4750 1878 4821 lonngum.
1918 4748 2044 4817 Cujt

2206 4722 2341 4813 αύτα
2380 4722 2895 4829 πλημμελησάντων
2933 4722 3113 4829 ibatis-xi,
3158 4756 3254 4811 ἐάν
3298 4773 3385 4820 τις
3431 4722 3652 4822 ἐθελήσῃ
3679 4747 3752 4798 θυ-

499 4844 665 4901 iuerit
691 4848 779 4902 hic
801 4862 1035 4902 sensus:
1062 4844 1431 4912 Quantumvis
1452 4842 1554 4912 ipsi
1580 4842 1710 4896 talia
1738 4840 2041 4896 admiseriti

2205 4852 2327 4907 σίαν
2372 4853 2686 4920 ἀνενεγκεῖν
2726 4851 2880 4919 ὑπὲρ
2918 4850 3030 4918 τῆς
3069 4850 3258 4905 αὑτοῦ
3305 4846 3611 4917 ἁμαρτίας,
3638 4834 3751 4892 τοῦτ’

500 4940 546 4994 si
576 4940 699 5010 quis
728 4949 907 4994 tamen
940 4955 1036 5009 pro
1059 4954 1156 4992 suo
1177 4946 1393 5006 peccato
1419 4936 1651 4990 hostiam
1676 4934 1876 4990 oll'erre
1904 4935 2046 4990 velut

2207 4944 2318 4998 ἔστι
2359 4946 2641 5015 μετανοεῖν
2699 4944 2786 5012 ἐφ’
2838 4938 2921 5007 οἷς
2959 4938 3412 5013 ἐπλημμέλησεν,
3472 4933 3753 5005 ἐκφεύξεται

502 5031 595 5095 rit,
622 5029 788 5103 606
808 5030 860 5085 id
896 5039 1004 5095 est,
1034 5045 1249 5094 eorum,
1271 5043 1393 5098 quae
1420 5027 1690 5098 peccavit,
1715 5027 2048 5098 poenitentiai

2205 5037 2285 5103 τὸ,
2317 5035 2496 5089 Δώσω
2526 5034 2671 5102 τοὺς
2696 5035 3004 5104 πονηροὺς
3028 5034 3164 5090 ἀντὶ
3209 5033 3320 5101 τῆς
3349 5030 3543 5101 ταφῆς
3577 5020 3751 5085 αὐτοῦς

504 5136 667 5191 agere
708 5140 722 5187 ;
750 5123 884 5178 illud
920 5121 1162 5193 effugiet,
1197 5120 1344 5190 quod
1376 5137 1459 5175 me
1490 5119 1777 5175 sceleratos
1797 5135 1892 5188 pro
1916 5134 2050 5188 seput

2205 5129 2289 5184 cui
2340 5127 2484 5194 τοὺς
2530 5128 2869 5194 πλουσίους
2919 5126 3054 5182 ἀντὶ
3106 5125 3216 5179 τοῦ
3266 5122 3528 5179 θανάτου
3575 5110 3751 5171 αὑτοῦ.

436 5206 449 5224 “
507 5221 630 5265 tura
658 5221 708 5266 et
743 5212 933 5267 divites
954 5230 1050 5277 pro
1076 5223 1247 5267 morte
1276 5213 1444 5282 ipsius
1472 5213 1734 5266 daturum
1766 5213 1982 5266 intermi

2204 5219 2295 5274 Καὶ
2327 5217 2539 5286 ὄψεται
2571 5219 2638 5271 τὸ
2660 5220 2997 5287 μακρόϐιον
3027 5200 3290 5286 σπέρμα,
3338 5215 3468 5286 περὶ
3501 5206 3561 5265 οὗ
3595 5208 3750 5271 ἔλεγεν

506 5312 597 5359 tus
631 5318 753 5359 sum
790 5322 806 5371 ;
834 5321 1110 5376 semenque
1164 5305 1299 5359 illud
1330 5307 1624 5375 longaevum
1679 5304 2001 5366 intuebitur.
2031 5302 2052 5358 c7

2199 5315 2249 5366 ὲν
2284 5308 2627 5381 παρασολαῖς
2647 5326 2662 5340 -
2708 5327 2727 5361 ι
2751 5302 3009 5380 Ἐξῆλθεν
3041 5312 3070 5363 ὁ
3096 5308 3336 5378 σπείρων
3359 5302 3457 5357 τοῦ
3508 5300 3745 5367 σπεῖραιά

514 5412 624 5468 quo
651 5397 705 5451 in
729 5396 1012 5467 parabolis
1040 5412 1224 5453 sermo
1258 5405 1363 5462 est,
1405 5412 1530 5451 cum
1560 5397 1637 5452 ait
1688 5414 1702 5451 :
1747 5416 1766 5449 ‹
1808 5395 1988 5471 Exivit
2014 5411 2060 5451 εε

2205 5405 2313 5459 Καὶ
2344 5402 2507 5456 πάλιν
2531 5419 2546 5434 ο
2591 5419 2611 5452 ι
2635 5401 2832 5471 Ὁμοία
2866 5401 3014 5454 ἐστὶν
3047 5402 3081 5470 ὴ
3120 5398 3366 5470 βασιλεία
3404 5394 3511 5448 τῶν
3542 5382 3751 5460 οὐρανῶν

507 5490 727 5545 minans
761 5497 821 5543 ut
852 5490 1149 5545 seminaret
1172 5490 1256 5543 ¹⁸⁶.
1292 5507 1310 5540 ι
1352 5480 1633 5542 Ειίιειίιηι
1672 5506 1685 5541 :
1730 5506 1749 5540 ι
1798 5486 1988 5542 Simile
2011 5502 2053 5541 et

2204 5492 2478 5564 ἀνθρώπῳ
2547 5492 2835 5563 σπείροντι
2904 5489 3071 5544 καλὸν
3112 5490 3357 5558 ισπέρμα
3426 5486 3482 5536 ὲν
3533 5480 3606 5551 τῷ
3659 5473 3750 5539 ἰδίῳ

506 5595 734 5650 regnum
781 5581 1048 5635 caelorum
1091 5579 1300 5635 homini
1334 5579 1624 5635 semiuanti
1658 5593 1843 5634 semen
1894 5580 2052 5635 b0ltlll

2204 5584 2384 5655 ἀγρῷ·
2444 5603 2463 5636 ³
2519 5585 2728 5653 Ἥγουν
2780 5583 2884 5654 τήν
2914 5581 3152 5649 ,αἰώνιον
3219 5578 3364 5650 ζωὴν
3422 5574 3588 5636 οὕτως
3644 5564 3750 5620 ἑκά-

510 5674 564 5727 in
588 5689 717 5745 agro
747 5689 849 5729 suo
881 5675 987 5726 ³⁸⁸⁵.
1028 5693 1047 5726 ι
1072 5672 1340 5728 Nimirum
1377 5672 1452 5727 ita
1477 5671 1693 5728 locutus
1712 5682 1817 5737 est,
1849 5681 1909 5727 ut
1930 5672 2056 5729 vitat

803 5690 849 5729 ιο
881 5675 987 5726 ³⁸⁸⁵.
1028 5693 1047 5726 ι
1072 5672 1340 5728 Nimirum
1377 5672 1452 5727 ita
1477 5671 1693 5728 locutus
1712 5682 1817 5737 est,
1849 5681 1909 5727 ut
1930 5672 2095 5729 vitam
2205 5678 2349 5733 λεσε.

513 5776 773 5823 εειετιιιιιη
823 5766 1180 5835 signiﬁcaret.

565 5858 607 5889 ³³
640 5858 742 5911 lsa.
771 5857 919 5920 1,25.
974 5859 1014 5889 ’³
1042 5857 1231 5913 Matth.
1254 5856 1517 5923 sxui,‘23.
1580 5854 1793 5912 “Joan.
1830 5871 1985 5925 xvtu,
2006 5855 2092 5912 46.
2152 5856 2193 5887 "‘
2224 5854 2384 5912 Joan.
2406 5870 2557 5924 ιιι-ιιι,
2588 5854 2675 5910 50.
2738 5852 2809 5888 ⁸⁸⁸
2828 5851 3015 5909 Matth.
3041 5866 3155 5916 xm,
3179 5849 3231 5906 '5.
3276 5836 3626 5901 ""ibidﬂt
