3916 6416
172 324 286 389 2529
1256 316 1405 378 COM
1422 316 1803 377 MENTARII
1844 319 1926 380 IN
1953 319 2242 380 ISAIAM.
3273 316 3412 381 2530

179 441 184 446 '
228 435 354 504 Πρὸς
380 431 436 484 δὲ
472 429 538 484 τὰ
573 428 699 500 ἔθνη
738 427 893 492 «τινὲς
940 425 1195 500 είρῆσθαι
1245 426 1407 480 τοῦτὸ
1443 442 1631 495 φασιν,
1659 426 1725 491 ὡς

1909 431 1989 484 Ad
2022 439 2214 500 gentes
2236 435 2417 483 autem
2441 436 2495 483 et
2526 428 2630 483 ista
2666 425 2826 498 dirigi
2867 426 3088 495 quidam
3139 427 3414 483 arbitran-

171 527 389 585 Τοσαῦτα
412 524 668 585 παθόντος
697 521 839 591 ὑπὲρ
858 519 889 573 ὑ
899 520 1037 590 μῶν,
1064 520 1161 573 ὲάν
1184 521 1275 572 καὶ
1294 521 1457 588 ὑμεῖς
1480 519 1708 571 πιστεύ-

1867 537 1909 575 ιι·
1946 539 1960 588 ;
1999 531 2057 574 ιιι
2086 536 2180 575 eos
2207 520 2398 583 etiam,
2421 532 2656 588 quorum
2690 519 3041 572 nominetam
3084 517 3254 571 multa
3289 533 3413 587 pas-

170 636 299 689 σητε,
322 617 414 677 τὰς
429 610 700 683 ἁμαρτίας
730 610 885 678 ὑμῶν
915 609 1421 689 ἐξομολογούμενοι,
1456 607 1711 660 κοινωνοὶ

1870 627 1911 664 is
1963 612 2055 675 sit,
2103 611 2149 666 si
2206 609 2563 671 crediderint,
2603 622 2815 678 suaque.
2878 617 3103 678 peccata
3172 609 3416 665 confessi

168 711 260 765 τῶν
282 706 499 762 αἰωνίων
526 703 746 771 ἀγαθῶν
776 701 1206 771 καταστήσεσθε.
1240 699 1456 752 Δίὸωσι
1485 697 1555 751 δὲ
1579 696 1713 763 περὶ

1865 702 2044 764 Ierint,
2076 701 2401 770 perennium
2451 700 2723 754 bonorum
2769 700 2885 753 lore
2941 698 3235 770 participes
3257 713 3411 756 assc-

168 798 423 869 ἁμαρτίας
458 796 589 869 πᾶς,
625 794 755 862 περὶ
782 784 843 844 οὗ
873 807 1038 860 φησιν
1070 806 1086 822 ⁸
1124 810 1143 842 ι
1168 791 1233 843 Εἴ
1252 807 1336 852 τις
1364 788 1509 841 θέλει
1539 787 1714 841 ὀπίσω

1868 797 1930 843 ιι.
1965 789 2071 842 Dat
2103 806 2221 844 vero
2251 806 2347 860 pro
2373 801 2589 857 peccato
2624 789 2881 858 quisquis
2917 787 2970 842 id
3002 798 3247 859 ιιι-δεξιαί,
3268 789 3414 859 quod

171 866 255 963 μου
280 887 465 950 ἐλθεῖν,
491 866 819 955 ἀρνησάσθω
844 883 1057 947 ἑαυτὸν,
1091 883 1187 935 καὶ
1210 881 1398 950 ἀράτω
1432 880 1522 932 τὶν
1555 894 1717 931 σταυ-

1867 884 1955 937 icit
2001 899 2014 938 :
2064 901 2080 934 ι
2124 881 2182 936 Si
2214 883 2338 951 quis
2367 885 2484 937 vult
2525 881 2716 936 venire
2764 888 2887 948 post
2918 882 3297 961 me,;.:imeget
3325 897 3413 935 se-

168 985 247 1053 ρὺν
271 976 445 1041 αὑτοῦ,
474 976 568 1029 καὶ
596 973 959 1028 ἀκολουθείτω
1006 992 1098 1043 μοι
1122 988 1139 1005 ο
1174 992 1191 1025 ι
1232 974 1384 1025 ποῖον
1414 982 1436 1010 ο
1466 966 1534 1041 ἦν
1574 974 1601 1023 ὁ
1630 970 1714 1023 λέε

1869 974 2139 1043 ιθιὶρειιιη,
2182 981 2239 1028 et
2285 973 2441 1026 tollat
2505 986 2727 1026 crucem
2789 985 2972 1034 suam,
3025 979 3115 1061 et,
3152 982 3415 1041 sequatur

165 1091 278 1142 γων,
306 1089 323 1123 ι
364 1068 579 1140 Χριστῷ
594 1086 816 1121 συνεστο
832 1068 1071 1138 ύρωμαι,
1098 1066 1175 1129 ζῶ
1197 1065 1251 1118 δὲ
1274 1065 1457 1117 οὐκέτι
1487 1063 1616 1130 ἐγὼ.
1644 1065 1711 1133 Ζῇ

1867 1066 1987 1118 ne“.
2024 1083 2043 1116 ι
2072 1063 2394 1138 Cuiusmodi
2430 1063 2518 1116 ille
2541 1061 2665 1123 luit,
2685 1060 2778 1130 qui
2799 1075 2859 1115 se
2879 1075 3002 1113 cum
3035 1060 3260 1123 Christo
3281 1076 3413 1117 cru-

164 1166 211 1219 ὂὲ
232 1167 281 1216 ὲν
303 1161 417 1230 ἐμοὶ
443 1159 674 1228 Χριστός
695 1176 709 1224 ;
735 1160 840 1212 »υὺ
866 1158 1106 1222 τοιοῦτος
1130 1158 1184 1210 δὲ
1202 1160 1230 1211 ὁ
1250 1157 1480 1225 ἀγαπῶν
1510 1156 1710 1227 πατέρα

1871 1157 2047 1211 lixum
2082 1173 2191 1212 non
2229 1157 2411 1211 vivere
2473 1156 2734 1224 amplius,
2775 1155 2872 1210 sed
2902 1154 3185 1209 Christum
3238 1154 3292 1208 in
3327 1170 3417 1211 se-

165 1256 191 1325 ἠ
224 1251 415 1323 μητέρα
452 1250 594 1318 ὑπὲρ
620 1251 804 1305 αὐτόν.
837 1252 975 1321 Φησὶ
995 1251 1124 1320 γὰρ,
1144 1250 1220 1312 ὡς
1253 1268 1272 1301 ι
1303 1250 1416 1301 Οὐκ
1446 1247 1593 1301 ἔστιν
1621 1232 1711 1317 μοι

1868 1262 1945 1302 rso
1976 1246 2359 1316 pronuntiavit
2394 1247 2479 1298 ³⁸⁸.
2505 1246 2574 1299 At
2605 1253 2725 1301 erat
2754 1245 3067 1315 hinclonge
3104 1244 3414 1310 dissimilis.

166 1343 308 1409 ἄξιος.
346 1359 363 1391 ι
416 1340 487 1393 Τὸ
509 1336 602 1393 οὖν
638 1340 924 1408 ἀγαπῆσαι
967 1339 1202 1410 Χριστὸν
1229 1337 1290 1403 ἐξ
1329 1339 1456 1408 ὅλης
1501 1338 1712 1408 καρδίας

1871 1338 1918 1392 ui
1951 1347 2188 1408 patrem,
2227 1346 2320 1392 aut
2351 1344 2582 1392 matrem
2629 1337 2886 1406 amplius,
2956 1350 3118 1406 quam
3160 1349 3284 1389 eum
3315 1334 3417 1388 ad-

165 1434 242 1487 καὶ
265 1431 452 1500 ψυχῆς,
505 1430 566 1483 τὸ
593 1430 806 1484 δοῦναί
852 1431 986 1483 ἐστι
1036 1429 1168 1498 περὶ
1198 1432 1506 1498 ἁμαρτίας.
1564 1429 1711 1493 Τινὲς

1872 1432 2090 1493 mabat;
2128 1444 2289 1498 quem
2331 1444 2392 1484 se
2444 1428 2571 1483 ideo
2609 1443 2720 1482 non
2750 1426 2973 1497 dignum
3016 1441 3136 1481 esse
3171 1440 3418 1496 pronun-

166 1523 280 1576 δὲτὸ
307 1520 462 1590 ῥητὸν
486 1518 662 1583 οὕτως
691 1520 983 1589 ὲκθέμενοι
1009 1535 1025 1551 ·
1063 1518 1207 1573 Ἐὰν
1233 1518 1306 1586 θῇ
1348 1519 1481 1587 περὶ
1519 1523 1712 1587 πλημ-

1874 1522 2067 1576 avit".
2099 1521 2199 1575 Est
2225 1521 2393 1591 igitur
2425 1520 2555 1575 dare
2583 1535 2679 1586 pro
2700 1530 2913 1588 peccato
2930 1518 3208 1574 Christum
3236 1519 3417 1589 ipsum

162 1614 394 1685 μελείας,
428 1611 603 1681 ψυχὴ
637 1612 824 1666 αὐτοῦ
873 1611 1085 1680 ὄψεται
1131 1610 1374 1680 σπέρμα
1428 1611 1705 1680 μηκύνον

1871 1624 1946 1669 ›ιο
1964 1614 2151 1680 corde,
2173 1623 2401 1685 tctoque
2430 1614 2617 1668 animo
2651 1613 2905 1682 diligere.
2938 1611 3227 1667 Exsistunt
3249 1611 3417 1665 etiam

97 1779 103 1786 ἢ
179 1707 384 1777 Ἡμέρα,
426 1706 761 1775 ἐπήνεγκαν,
797 1703 996 1774 ἡμετὰ
1030 1703 1091 1756 τὸ
1113 1703 1320 1766 πάθος,
1359 1702 1639 1756 παιδοποιί

1874 1706 2107 1772 onnulli,
2148 1706 2242 1776 qui
2274 1706 2459 1761 locum
2521 1705 2595 1758 ita
2633 1710 2973 1774 exponentes
3007 1721 3021 1757 :
3061 1701 3118 1756 Si
3170 1701 3418 1756 obtulerit

167 1797 478 1869 πνευματικὴ
512 1797 616 1867 τῆς
645 1797 726 1859 εἰς
758 1797 930 1850 αἰῶνα
957 1795 1187 1865 ἐνούσης
1222 1805 1246 1835 ο
1280 1794 1578 1864 ἀδιηγήτου
1621 1810 1713 1863 γε-

1871 1815 1921 1852 ro
1951 1809 2192 1867 peccato,
2227 1801 2410 1853 anima
2473 1798 2590 1869 ejus
2627 1797 2820 1852 videbit
2870 1812 3043 1851 semen
3065 1794 3417 1864 ampliﬁcans,

167 1896 290 1957 τεᾶς,
317 1892 434 1966 κατ’
462 1889 801 1958 ἐπαγγελίαν
842 1889 943 1960 τὴν
985 1888 1125 1961 πρὸς
1166 1888 1418 1960 Ἀϐραὰμ
1448 1887 1604 1959 θεῖκῇ
1630 1888 1713 1941 δυ-

1870 1892 2095 1962 iljiciunt
2122 1910 2138 1956 ;
2180 1890 2323 1947 diem
2355 1892 2535 1956 illum,
2576 1889 2671 1961 qui
2700 1887 3035 1959 passionem
3067 1896 3292 1942 secutus
3312 1894 3416 1951 est,

167 1985 305 2054 νὰμει
327 1982 711 2053 πληρουμένην
743 1981 882 2052 μετά
919 1979 1017 2051 τὴν
1050 1979 1204 2034 λύσιν
1243 1980 1343 2050 τῆς
1391 1978 1713 2050 φθοροποιοῐ

1875 1983 2068 2036 liorum
2108 1981 2553 2052 procreationem
2584 1994 2710 2036 esse
2732 1979 3074 2049 spiritualem
3110 1976 3421 2048 generatio-

169 2074 429 2146 ἁμαρτίας,
477 2074 577 2126 καὶ
606 2071 707 2143 τὴν
757 2071 944 2125 ἄνοδον
987 2070 1082 2124 τοῦ
1133 2070 1434 2141 λυτρωτοῦ.
1473 2071 1619 2122 Ἀντί
1668 2069 1715 2123 δὲ

1879 2075 1916 2127 is
1945 2081 2227 2143 perpetuae
2251 2078 2307 2126 et
2347 2069 2650 2126 inell'abilis
2690 2068 2993 2124 secundum
3019 2068 3219 2122 factam
3248 2066 3425 2121 Abra-

162 2167 263 2230 τοῦ,
295 2165 396 2218 Kal
420 2164 715 2228 ,βούλεται
743 2164 958 2230 Κύριος
985 2163 1236 2233 ἀφελεῖν
1252 2165 1371 2218 ἀπὸ
1396 2164 1504 2219 τοῦ
1534 2166 1708 2219 πόνοι

1876 2181 1997 2222 amo
2031 2165 2458 2237 promissionem
2493 2180 2510 2231 ;
2543 2178 2667 2233 qua:
2691 2162 2878 2218 divina
2907 2164 3130 2226 virtute,
3163 2172 3287 2232 post
3305 2161 3422 2216 exi-

168 2257 259 2324 τῆς
289 2255 491 2325 ψυχῆς
521 2254 735 2321 αὐτοῦ,
759 2256 788 2306 ὁ
817 2254 1115 2326 Σύμμαχος
1138 2272 1152 2287 ο
1185 2256 1297 2309 Kal
1328 2254 1558 2326 θέλημα
1607 2260 1714 2311 Κυ-

1875 2256 1978 2312 alis
2033 2256 2251 2326 peccati
2313 2254 2719 2320 remissionem,
2771 2261 3009 2324 postque
3033 2251 3421 2322 Redemptoris

166 2351 305 2418 ρίου,
357 2348 542 2419 φησὶν,
591 2347 661 2400 ἐν
685 2347 834 2417 χειρὶ
873 2347 1059 2403 αὐτοῦ
1081 2347 1521 2418 εὐοδωθήσεται
1542 2365 1556 2381 °
1589 2349 1712 2420 ὃπεε

1874 2364 2120 2405 scensum
2156 2347 2546 2417 adimpleatur.
2562 2345 2837 2401 Carterum
2859 2360 2991 2414 pro:
3012 2344 3079 2399 Et
3106 2345 3215 2398 vult
3238 2342 3420 2396 Domi-

169 2442 243 2496 ἐπὶ
268 2440 417 2511 μόνου
456 2439 553 2492 τοῦ
611 2440 867 2510 Σωτῆρος
912 2439 1199 2511 ἁρμόττει.
1252 2441 1560 2504 Διαπαντδς
1616 2441 1715 2512 γὰρ

1874 2456 1928 2493 us
1954 2438 2176 2507 auferre
2203 2437 2269 2492 de
2297 2437 2480 2491 labore
2516 2438 2754 2491 animam
2772 2439 2911 2506 ejus,
2949 2437 3025 2491 ita
3062 2435 3223 2490 habet
3261 2434 3420 2506 Sym-

169 2533 221 2586 τὸ
250 2533 462 2602 θέλημα
512 2530 626 2586 τοῦ
660 2531 921 2600 Πατέρος
963 2532 1033 2585 ἐν
1055 2531 1129 2600 τῇ
1186 2533 1339 2602 χειρί
1368 2533 1556 2588 αὐτοῦ
1584 2550 1715 2588 κατ-

1877 2532 2081 2597 ιασΙιυε,
2141 2528 2215 2584 Et
2256 2529 2504 2583 voluntas
2547 2527 2763 2582 Domini
2793 2529 2850 2581 in
2872 2543 3035 2581 manu
3075 2527 3423 2595 ejusprospe-

168 2623 436 2681 ευοδοῦτο.
500 2623 715 2677 Ἔδωκε
755 2623 812 2677 δὲ
851 2623 1001 2695 αὐτῷ
1055 2624 1147 2678 καὶ
1205 2625 1321 2694 φῶς
1360 2627 1440 2688 εἰς
1468 2625 1529 2678 τὸ
1559 2626 1714 2694 φωτί-

1877 2623 2040 2676 ibitur
2071 2638 2091 2687 ;
2144 2621 2290 2692 quod
2325 2621 2420 2674 uni
2445 2627 2659 2674 tantum
2688 2618 2965 2673 Salvatori
2993 2618 3275 2687 congruit.
3295 2614 3423 2671 Per-

170 2716 328 2781 ζεσθαι
377 2718 499 2781 τοὺς
525 2716 597 2770 δι’
626 2716 791 2770 αὑτοῦ
837 2715 1275 2787 δικαιουμένους,
1317 2718 1414 2772 καὶ
1444 2718 1716 2773 σύνεσιν.

1875 2723 1996 2769 etuo
2027 2713 2174 2769 enim
2211 2712 2395 2767 Patris
2423 2709 2675 2770 voluntas
2696 2710 2754 2766 in
2806 2726 2971 2764 manu
3007 2709 3120 2778 ejus
3175 2722 3421 2778 prospere

163 2796 602 2862 ’Ἐπανεπαύσατο
665 2808 775 2879 γὰρ
827 2809 916 2863 ἐπ’
949 2810 1113 2864 αὐτὸν
1140 2809 1360 2880 πνεῦμα
1393 2810 1586 2880 σοφίας
1633 2812 1709 2865 καὶ

1876 2808 2108 2862 tccessit.
2137 2807 2295 2863 Dedit
2327 2822 2458 2863 vero
2502 2816 2558 2862 et
2585 2806 2765 2866 lucem
2802 2805 2933 2875 ipsi,
2969 2811 3027 2858 ut
3050 2817 3170 2868 eos,
3207 2803 3301 2871 qui
3328 2817 3422 2871 per

158 2884 518 2964 ’συνέσεωςιείς
568 2899 632 2953 τὸ
683 2898 985 2965 συνετοὺς
1029 2899 1463 2971 ἀπεργάζεσθαι,
1514 2900 1610 2954 καὶ
1638 2899 1704 2955 διε

1876 2913 2011 2952 »ειιιιι
2040 2896 2335 2968 justiﬁcati
2389 2906 2540 2963 sunl,
2594 2896 2915 2950 illustraret.
2953 2893 3113 2949 Dedit
3142 2901 3195 2949 et
3219 2893 3422 2947 intelli-

170 2994 352 3049 καιοῦν
371 2993 507 3060 τοὺς
532 2992 747 3058 ἀξίους
769 2993 876 3048 τοῦ
899 2993 1297 3049 δικαιοῦσθαι.
1326 2992 1484 3054 Τινὲς
1506 2992 1562 3045 δὲ
1587 2991 1716 3047 οὖτα

1878 2989 2085 3054 entiam,
2104 2990 2231 3061 quia
2255 2989 2527 3059 requievit
2553 3003 2722 3059 super
2742 3001 2868 3042 eum
2891 2986 3123 3056 Spiritus
3140 2985 3424 3056 sapientiae

171 3084 280 3151 φασί
308 3100 321 3114 ·
350 3085 644 3138 Βούλεται
701 3084 919 3152 Κύριος
965 3083 1083 3152 τὴν
1131 3084 1225 3138 ἐπὶ
1251 3083 1330 3154 τῷ
1362 3082 1584 3154 σταυρῷ
1618 3085 1717 3138 λύ-

1877 3089 1887 3133 L
1912 3079 2246 3145 intellectus,
2273 3091 2330 3134 ut
2397 3080 2667 3148 sapientes
2690 3077 2854 3150 607
2897 3075 3154 3141 clIiceret,
3178 3083 3231 3130 et
3243 3076 3423 3144 justas

172 3191 273 3243 πην
324 3176 663 3247 μεταστῆσαι
710 3179 790 3241 εἰς
843 3176 1043 3247 χαρὰν,
1099 3176 1187 3231 διὰ
1236 3176 1332 3230 τοῦ
1380 3176 1551 3242 δεῖξαι
1581 3175 1718 3247 αὑτᾷ

1881 3171 1926 3224 ui
1964 3170 2360 3241 justiﬁcatione
2400 3170 2550 3242 digni
2587 3179 2736 3225 sunt.
2769 3166 2973 3221 Putant
3019 3166 3110 3221 alii
3152 3167 3280 3221 velle
3320 3166 3427 3221 Do-

172 3266 612 3337 μιταποιηθέντας
640 3266 727 3331 είς
779 3262 907 3333 φῶς
937 3264 1065 3327 τούς
1119 3281 1254 3317 ποτε
1293 3266 1481 3329 σκότος
1511 3267 1605 3320 καὶ
1639 3283 1718 3320 πε-

1880 3264 2038 3318 lilium
2080 3266 2399 3334 perceptum
2442 3280 2473 3320 e
2525 3277 2693 3318 cruce
2747 3261 2982 3331 dolorem
3038 3268 3331 3331 propterea
3371 3261 3426 3314 in

170 3355 540 3428 πὴνημένους,
597 3358 728 3428 περὶ
779 3349 854 3410 ὧν
880 3358 907 3409 ὁ
934 3355 1153 3420 Παῦλὸς
1213 3373 1377 3427 φησιν
1407 3374 1423 3390 ο
1461 3377 1481 3410 ι
1519 3360 1580 3412 Ol
1604 3359 1716 3412 ποτὶ

1881 3359 2097 3413 sudium
2117 3366 2443 3413 convertere
2466 3397 2482 3425 ,
2501 3356 2646 3427 quod
2676 3358 2725 3412 ei
2753 3364 3121 3412 commutatos
3155 3358 3211 3410 in
3258 3355 3427 3411 lucem

172 3446 354 3510 σκότος,
378 3446 493 3500 νυνὶ
520 3447 582 3499 δὲ
604 3446 719 3514 φῶς
752 3446 811 3499 ὲν
854 3445 1066 3516 Κυρίῳ.
1101 3465 1119 3498 ι
1155 3448 1258 3500 Kal
1287 3449 1718 3519 πλαττομένους

1881 3451 2169 3515 stenderit,
2200 3458 2251 3503 et
2277 3448 2638 3519 intelligentia
2667 3447 2953 3519 formatos,
2984 3447 3038 3501 id
3063 3453 3169 3512 est,
3194 3461 3223 3500 a
3255 3447 3427 3517 gloria

170 3533 232 3603 τῇ
255 3536 493 3593 συνέσει
512 3553 529 3568 ο
552 3535 701 3589 τοῦτ’
736 3535 851 3591 ἔστι
901 3539 1464 3610 μεταλαορφουμὲνους
1491 3540 1601 3594 ἀπὸ
1645 3540 1716 3596 δό-

1883 3542 2143 3614 igloriam
2164 3541 2598 3597 translormatos
2618 3542 2714 3610 qui
2734 3541 2972 3595 tenebrae
2990 3539 3143 3602 olim,
3168 3552 3316 3593 nunc
3335 3554 3429 3593 au-

173 3624 251 3697 ξης
273 3629 347 3690 εἰς
390 3628 574 3695 δόξαν.

1838 3641 1948 3688 tem
1985 3634 2077 3686 lux
2111 3631 2166 3686 in
2193 3631 2450 3694 Domino,
2487 3630 2572 3685 uti
2606 3628 2815 3684 Paulus
2840 3631 2918 3684 ait
2952 3629 3018 3695 ¹⁸,
3040 3636 3354 3685 evaserunt.

230 3720 359 3792 Πρὸς
386 3722 441 3776 δὲ
470 3722 569 3775 τὸν
605 3719 680 3791 μὴ
712 3720 959 3774 τοιοῦτον
999 3719 1283 3791 Ἱερεμίας
1315 3721 1517 3790 φησίν·
1559 3741 1577 3774 ι
1602 3721 1736 3775 Ἰδοὺ

1912 3722 2053 3779 Sunt
2094 3737 2229 3778 vero
2273 3723 2340 3778 ad
2376 3738 2526 3787 eum,
2561 3722 2656 3792 qui
2703 3722 2827 3776 talis
2869 3736 2974 3775 non
3003 3730 3108 3784 est,
3145 3722 3247 3775 ista
3276 3718 3430 3775 Jere-

169 3811 254 3865 οὺκ
280 3815 408 3866 εἰσὶν
436 3814 486 3868 οἱ
516 3812 793 3884 ὀφθαλμοί
826 3829 946 3878 σου,
1002 3812 1125 3867 οὐδὲ
1170 3814 1204 3884 ἡ
1260 3813 1459 3884 καρδία
1508 3830 1603 3869 σου
1631 3829 1715 3869 κα·

1884 3815 1963 3871 uiae
2012 3815 2172 3870 verba
2208 3832 2222 3869 :
2259 3833 2278 3867 ο
2320 3813 2461 3869 Ecce
2506 3828 2616 3867 non
2668 3820 2800 3868 sunt
2841 3812 2988 3867 oculi
3039 3812 3140 3876 tui,
3189 3827 3290 3867 nec
3334 3826 3430 3866 cor

171 3898 246 3971 λή.
274 3922 292 3955 ι
332 3905 389 3957 Ὀ
438 3905 496 3959 δὲ
554 3904 862 3957 ὲπιστεύων
897 3901 918 3942 ί
971 3905 1053 3968 είς
1094 3904 1186 3956 τὸν
1243 3905 1502 3975 Χριστὸν,
1550 3908 1631 3969 είς
1677 3905 1717 3960 τὶ

1884 3922 1995 3962 tum
2030 3907 2319 3977 pulchrum
2355 3907 2424 3961 ".
2462 3924 2480 3956 ι
2526 3905 2633 3970 Qui
2676 3911 2856 3958 autem
2899 3904 2955 3959 in
2992 3903 3269 3960 Christum
3310 3919 3430 3959 cre-

171 3992 294 4047 θεῖον
324 3996 486 4050 αὐτοῦ
522 3995 965 4066 μεταπλάττεται
994 3995 1215 4060 καλλος,
1246 3995 1431 4049 ὁποῖόν
1484 3995 1603 4049 ἐστι
1634 3996 1697 4050 τό

1884 3999 1952 4064 it,
2004 4000 2057 4052 in
2113 3998 2356 4053 divinam
2407 3997 2531 4066 ejus
2585 3994 3017 4052 transformatur
3061 3994 3430 4066 pulchritudi-

146 4072 192 4136 ἰ
221 4087 424 4153 Τεκνία,
453 4089 549 4153 οὓς
583 4088 746 4142 πάλιν
765 4089 961 4153 ὠδίνω,
994 4088 1160 4159 μέχρι
1208 4088 1468 4159 μορφωθῇ
1503 4089 1692 4160 Χριστί

1885 4104 1966 4145 θιιι
2005 4104 2021 4144 :
2054 4088 2369 4160 cuiusmodi
2399 4096 2487 4144 est
2519 4088 2654 4143 illud
2687 4105 2701 4142 :
2741 4106 2761 4139 ι
2795 4086 2995 4151 Filioli,
3028 4101 3170 4157 quos
3209 4101 3431 4140 rursum

170 4177 218 4229 ἐν
262 4180 404 4250 ὑμῖν.
441 4181 553 4245 Ui);
602 4180 711 4252 γὰρ
740 4180 904 4249 ἔγνω,
941 4179 1098 4250 φησὶ,
1129 4181 1221 4233 καὶ
1260 4180 1570 4250 προώρισεν
1603 4198 1714 4252 συμ

1885 4181 2108 4246 arturio,
2141 4181 2315 4235 donec
2346 4178 2614 4236 formetur
2665 4179 2721 4233 in
2765 4179 2922 4235 vobis
2949 4177 3207 4234 Christus
3238 4178 3431 4232 ⁸⁸.»-

175 4268 392 4337 μόρφους
447 4271 551 4342 τῆς
595 4272 804 4334 εἰκόνος
847 4269 941 4323 τοῦ
984 4269 1117 4323 Υίοῢ
1147 4269 1336 4339 αὐτοῦ,
1387 4272 1609 4336 τούτους
1638 4273 1721 4326 καί

1930 4273 2048 4338 [nos
2076 4272 2224 4327 enim
2253 4271 2534 4341 cognovit,
2575 4270 2773 4342 inquit,
2806 4278 2859 4325 et
2899 4269 3177 4340 praescivit
3211 4268 3433 4322 confor-
3472 4318 3476 4331 τ

171 4358 426 4416 ἐκάλεσεν.
472 4382 492 4415 ι
552 4362 750 4416 Κτίσαι
786 4361 844 4416 δὲ
889 4361 1110 4429 λέγεται
1160 4362 1292 4425 Θεὸς
1341 4365 1592 4427 καὶτοὺς
1641 4363 1717 4418 δύι

1880 4377 1961 4418 res
2010 4362 2128 4418 fore
2185 4362 2407 4433 imagini
2466 4361 2590 4416 Filii
2641 4364 2725 4418 sui
2768 4402 2782 4425 ,
2819 4362 2922 4417 bos
2950 4369 3004 4417 et
3052 4362 3273 4416 vocavit
3301 4364 3372 4418 ¹¹.
3407 4382 3426 4415 ο

171 4448 312 4515 λαοὺς
346 4457 425 4517 είς
478 4456 576 4508 ἱνα
618 4455 803 4508 καινὸν
842 4453 1151 4524 ἄνθρωπον,
1200 4455 1402 4526 δηλαδὴ
1435 4456 1717 4523 μεταπλά

1882 4456 2077 4509 ireasse
2127 4468 2259 4508 vero
2307 4455 2448 4509 duos
2496 4454 2552 4508 in
2606 4461 2883 4509 recentem
2934 4469 3104 4507 unum
3154 4454 3428 4508 hominem

171 4555 270 4611 σας
306 4515 524 4610 αὐτούς.
566 4546 786 4617 Ἐπεῐδὴ
817 4546 927 4614 γὰρ
949 4515 1167 4618 ’κέρδος
1208 4515 1337 4601 ἴδιον
1421 4515 1717 4617 Ιίίονογενὴι

1885 4546 2098 4615 opulos,
2130 4545 2184 4600 id
2229 4553 2314 4615 est
2368 4545 2791 4614 transformasse
2832 4546 3036 4600 dicitur
3078 4546 3239 4599 Dens.
3277 4546 3431 4611 Quo-

169 4629 254 4702 τὴν
308 4635 585 4707 ἡμετέραν
635 4636 845 4690 τίθεται
902 4636 1199 4705 σωτηρίαν,
1258 4636 1397 4707 ὑπὲρ
1448 4630 1524 4691 ὧν
1570 4637 1715 4691 ἔπαθη

1885 4643 1987 4696 iam
2017 4642 2167 4697 enim
2200 4642 2303 4697 sibi
2356 4642 2411 4696 in
2455 4641 2611 4695 lucro
2648 4641 2881 4698 salutem
2932 4651 3179 4696 nostram
3231 4638 3431 4710 Unige-

171 4724 315 4794 σῶμα
366 4726 569 4792 λαϐὼν,
629 4727 945 4796 ἀναγκαίως
988 4729 1018 4781 6
1081 4727 1270 4799 Πατὴρ
1320 4728 1420 4798 τὴν
1466 4731 1717 4800 ἡμετέραε

1883 4736 1991 4788 itus
2039 4732 2289 4803 deputat,
2339 4735 2466 4787 dum
2509 4748 2712 4803 corpus
2756 4747 2948 4787 eorum
3000 4729 3257 4795 assumit,
3290 4745 3429 4800 quo-

173 4814 318 4880 ἴασιν,
378 4819 706 4888 ἀφαιζοεσιν
750 4819 945 4874 πόνου
993 4819 1128 4889 φησι
1190 4819 1285 4872 τοῦ
1342 4820 1606 4890 Χριστοῦ,
1644 4823 1719 4874 κα

1886 4839 1962 4878 nn
2016 4823 2242 4878 nomine
2302 4838 2500 4893 passus
2549 4836 2668 4888 est,
2733 4822 3048 4878 necessario
3097 4820 3258 4875 Pater
3315 4821 3432 4891 ipse

173 4902 283 4972 φῶς
334 4909 497 4962 αὐτοῦ
543 4910 636 4961 τὸν
676 4909 947 4980 ἡμέτερον
999 4909 1303 4979 φωτισμὸν,
1357 4904 1719 4981 ἀμειϐομένωπ

1883 4915 2187 4969 anationem
2232 4925 2477 4970 nostram
2500 4914 2715 4969 .laboris
2743 4914 2944 4969 Christi
2979 4914 3301 4968 ablutionem
3328 4929 3429 4969 nu-

176 4990 256 5042 ὲπὶ
277 4994 335 5045 τὸ
363 4998 612 5066 κρεῖττον
639 4996 796 5067 ἡμῶν
824 4999 918 5052 καὶ
938 4999 1518 5068 μεταπλαττομένων
1552 5003 1618 5071 τῇ
1642 5001 1722 5055 τοί

1882 5009 2046 5072 uiuat,
2094 5013 2151 5060 et
2189 5006 2357 5060 lucem
2388 5007 2526 5076 ejus,
2553 5006 2976 5060 illustrationem
3010 5013 3279 5070 nostram,
3304 5021 3428 5060 cum

175 5080 306 5135 Θεοῦ
326 5087 600 5141 συνέσει.
628 5088 848 5151 Τούτοις
878 5090 1073 5156 ἐπάγει
1100 5106 1111 5119 ·
1142 5090 1464 5145 Δικαιῶσαι
1509 5091 1721 5147 δίκαιον

1891 5114 1953 5154 os
1996 5098 2050 5152 in
2084 5099 2282 5155 melius
2331 5100 2656 5165 transimus,
2692 5100 2916 5167 ipsaque
2956 5097 3055 5152 Dei
3083 5098 3432 5168 intelligentia

152 5167 235 5225 ἐὖ
258 5174 623 5232 δουλεύοντα
648 5179 920 5249 πολλοῖς.
953 5180 1028 5232 Ού
1061 5182 1170 5251 γὰρ
1197 5175 1331 5251 ἦλθε
1361 5182 1598 5250 Χριστὸς
1626 5182 1698 5235 διε

1886 5187 2327 5255 ransformamur.
2359 5188 2619 5259 Sequitur
2641 5187 2837 5243 deinde
2859 5186 3205 5258 :Justiﬁcare
3222 5167 3432 5260 justum

175 5267 471 5338 κονηθῆναι,
514 5270 659 5326 καθά
689 5288 856 5342 φησιν
892 5272 1076 5337 αὐτὸς,
1109 5272 1428 5342 διακονῆσαι
1455 5273 1511 5326 δὲ
1544 5274 1721 5344 μᾶλλο

1881 5297 1982 5335 ἐπε
2003 5283 2312 5336 servientem
2344 5281 2546 5336 multis.
2575 5278 2764 5350 Neque
2793 5281 2939 5334 enim
2970 5283 3119 5336 venit
3146 5281 3427 5349 Christus,

175 5355 263 5426 τὴν
289 5361 382 5430 τῆς
404 5361 872 5434 ὲνανθρωπήσεως
904 5364 1238 5435 οἰκονομίαν.
1274 5363 1460 5418 Πάντα
1491 5365 1546 5418 δὲ
1574 5366 1721 5437 πράτη

1886 5377 1914 5423 :t
1941 5370 1991 5426 ei
2023 5372 2457 5437 ministraretur,
2491 5372 2635 5427 sicut
2681 5372 2801 5443 ipse
2833 5371 2966 5427 dicit
2993 5374 3062 5441 ”,
3095 5374 3189 5429 sed
3227 5374 3432 5445 patius,

248 5470 764 5558 "..,'.'a“!‘_-_}V'934~
845 5477 1311 5558 ’ξ’ξῧεὶιὲιιξιεὲοο
1393 5480 1650 5558 "Malui.
1691 5498 1745 5547 Χ.
1782 5484 1874 5542 57.
1952 5486 1995 5518 ⁸⁸
2016 5485 2217 5558 Eplies.
2259 5504 2312 5552 v,
2345 5487 2398 5541 8.
2512 5485 2782 5544 "Jerem.
2814 5502 2949 5554 xxii,
2993 5487 3076 5542 Π.
3183 5485 3230 5519 ³⁸
3248 5484 3431 5543 Galat.

184 5550 251 5605 IV,
287 5544 366 5611 te.
441 5548 480 5633 'l
513 5548 671 5603 Rom.
703 5563 820 5613 vm,
860 5548 954 5604 ‘29.
1033 5549 1301 5606 “.Mattli.
1333 5552 1538 5616 xx,‘28.
1733 5544 1741 5547 ⁷
2064 5544 2082 5558 ⁸
2125 5595 2129 5598 .
2299 5544 2310 5552 ’
2936 5544 2948 5554 ’
3454 5552 3465 5569 ‘

1455 5643 1684 5700 VARUE
1724 5645 2012 5703 LECTION
2022 5648 2123 5705 ES.

239 5729 381 5794 Vm.
409 5730 604 5813 ὁποῖος.
679 5733 706 5774 δ
749 5735 834 5790 ῖσ.
868 5736 1013 5789 λείπ
1076 5737 1211 5790 ἐστί.
1293 5747 1316 5775 ο
1348 5754 1437 5805 γρ.
1480 5738 1682 5799 αἰῶνας
1720 5739 1908 5811 οὔσης.
1985 5742 2001 5780 ί
2049 5762 2139 5814 γρ.
2182 5742 2476 5798 πιστεύων.
