3916 6396
546 280 691 349 2535
1892 273 2247 334 PROCUPII
2278 268 2525 335 G'Azm
3676 282 3798 351 2535

547 393 793 453 dicitur?
815 391 895 448 Ad
923 391 1068 447 hanc
1100 388 1194 444 illa
1237 385 1577 451 referuntur,
1622 382 1845 455 quibus,
1877 379 1941 436 Et
1973 399 2093 437 scim

2253 384 2423 438 ἐθνῶν
2488 384 2759 454 ἄρχοντας
2807 383 3171 456 καθηγεῖσθαι
3223 386 3532 445 συνέϐαινεν
3576 392 3662 451 τὸν
3706 400 3799 454 τῶν

549 496 703 540 tuum
733 481 1022 554 possidebit
1054 488 1263 550 gentes,
1304 474 1592 547 adjicitur.
1632 473 1998 544 Evangelieus
2020 487 2095 527 νθι

2260 475 2587 544 προσιόντων
2619 475 3125 545 μυσταγωγοῦντας
3155 475 3405 544 knhmon;
3434 483 3527 536 καὶ
3552 484 3628 548 είς
3654 489 3806 546 αἰῶνα

550 578 676 633 istis
709 589 892 631 sermo
945 570 1311 649 signiﬁcatur,
1353 569 1423 623 de
1449 580 1582 637 quo,
1619 565 1807 621 exisse
1837 563 1933 634 qui
1980 578 2095 619 sem

2264 567 2335 621 τὸν
2387 568 2653 634 μέλλοντα
2683 569 3054 640 καθηγεῖσθαι
3083 572 3318 642 Χριστὸς
3348 575 3722 646 ἐπηγγέλλετο,
3745 584 3810 655 τῷ

551 681 669 735 nat,
698 676 756 720 ut
782 666 1100 726 seminaret,
1135 662 1367 732 legimus
1397 660 1466 715 ³³.
1502 661 1700 713 Annon
1731 657 1933 713 deinde
1971 673 2097 711 sena

2261 658 2349 712 ιὲν
2380 661 2565 725 πέντε,
2592 658 2672 731 τῷ
2700 660 2757 713 δὲ
2792 661 2927 715 δέκα
2955 661 3168 717 πόλεων
3207 665 3345 735 πρὸς
3385 668 3487 736 τὴν
3508 669 3612 722 τῶν
3628 656 3807 727 ταλάν.

553 761 759 815 bonum
792 758 845 810 in
880 755 971 808 Dei
1002 768 1137 825 agro
1168 754 1505 807 seminatum
1540 758 1647 816 est,
1679 764 1805 804 cum
1827 749 1957 803 inde
1982 749 2099 818 plut

2268 766 2353 803 πων
2377 749 2666 822 διανομήν.
2705 750 2769 804 Οἳ
2806 753 2902 806 καί
2933 769 3100 821 φασιν
3129 756 3571 828 εὐφραινόμενον
3617 780 3635 813 ι
3665 764 3814 818 Ὑπέ-

552 864 767 905 morum
794 848 958 919 612
992 858 1312 901 sanctorum
1347 853 1525 898 mater
1564 842 1843 908 evaserit;
1878 855 1908 895 a
1944 840 2098 911 quibt

2269 838 2380 903 εαξε
2404 839 2571 904 λαοὺς
2593 843 2749 911 ἡμῖν,
2786 843 2883 897 καὶ
2912 843 3041 916 ἔθνη
3067 845 3172 898 ὑπὸ
3197 849 3323 909 τοὺς
3346 848 3514 913 πόδας
3534 851 3701 920 ἡμῶν.
3717 855 3815 922 Ἐξ-

553 939 704 1011 ipsos
733 941 898 995 etiam
929 940 1171 1009 gentium
1209 924 1474 1000 rectores,
1502 945 1558 989 ut
1590 932 1939 988 accedentem
1969 946 2098 1002 popl

1969 946 2149 1002 poptt—
2243 930 2469 996 ελέξατο
2491 934 2623 1002 ἡμῖν
2660 932 2760 1003 τὴν
2792 933 3167 1005 κληρονομίαν
3208 937 3430 993 ἑαυτοῦ.
3471 959 3489 993 ι

554 1039 665 1092 Ιιιιιι
696 1035 871 1090 sacris
927 1033 1255 1096 imbuerent,
1287 1028 1494 1085 erudiri
1526 1027 1778 1098 contigit,
1810 1040 1948 1096 quos
1983 1026 2034 1079 ei
2082 1025 2140 1079 in
2183 1022 2428 1080 futurum
2485 1027 2652 1082 etiam
2723 1029 2983 1082 saeculum
3043 1030 3399 1099 przel’uturos,
3484 1033 3572 1087 alii
3626 1037 3813 1105 quidem

552 1132 783 1187 urbibus
816 1128 1082 1198 quinque,
1115 1126 1211 1180 alii
1241 1135 1424 1179 autem
1455 1124 1671 1187 decem,
1713 1137 1813 1193 pro
1853 1122 2181 1175 talentorum
2221 1111 2616 1178 distributione
2653 1125 2961 1188 concessis,
3019 1126 3278 1182 Christus
3316 1127 3583 1184 indicavit
3627 1132 3705 1183 ιιι
3737 1143 3811 1203 qui

553 1222 792 1292 denique
826 1219 1013 1273 laetitia
1069 1216 1279 1283 allecti,
1304 1215 1537 1287 p0pulos
1562 1214 1687 1278 sibi,
1720 1223 1775 1269 et
1805 1221 1995 1284 gentes
2026 1210 2262 1283 pedibus
2290 1212 2410 1267 suis
2447 1228 2572 1269 esse
2593 1215 2892 1286 subjectos,
2925 1222 2980 1271 et
3037 1231 3099 1273 se
3165 1217 3221 1272 in
3290 1220 3665 1278 haereditatem
3726 1227 3812 1282 ele-

565 1324 685 1370 ctos
717 1309 1145 1383 proﬁterentur?
2420 1308 2423 1311 ‘

624 1426 722 1483 Est
744 1428 889 1482 enim
925 1425 1133 1480 Christi
1167 1439 1292 1480 sors
1322 1424 1510 1489 unius,
1558 1423 1779 1494 populis
1810 1436 2061 1491 pmesse_
2087 1428 2143 1478 et

2320 1420 2565 1494 Χριστοῦ
2604 1420 2705 1491 μὲν
2751 1419 2862 1492 γὰρ
2914 1419 3079 1490 μόνου
3127 1420 3334 1493 κλῆρος
3378 1421 3442 1475 τὺ
3492 1422 3812 1493 καθηγεῖσθαι

553 1519 836 1575 moderari
886 1532 901 1569 :
945 1516 1181 1585 indeque
1221 1514 1393 1569 Rahbi
1444 1529 1777 1585 quemquam
1828 1514 2013 1568 vocari
2056 1529 2099 1569 Vl

2265 1513 2512 1569 ιαῶνΔιδ
2528 1512 2739 1567 κελεύει
2772 1512 2962 1584 μηδενὶ
2986 1512 3166 1581 λέγειν
3180 1512 3396 1570 Ῥαεϐί.
3418 1532 3438 1564 ι
3470 1509 3560 1579 Εἷς
3585 1517 3685 1589 γάρ
3704 1518 3811 1587 ἔστι,

557 1612 682 1674 tuit,
733 1624 792 1665 se
844 1623 1009 1662 unum
1055 1604 1369 1660 Judaeorum
1421 1607 1744 1676 magistrum
1804 1619 1929 1660 esse
1982 1618 2103 1660 asse

2265 1602 2438 1673 ρησὶν,
2458 1600 2613 1673 ὑμῶν
2645 1601 2966 1672 καθηγητὴς
2981 1603 3010 1655 6
3032 1602 3291 1672 Χριστός,
3307 1622 3327 1655 ι
3353 1603 3644 1659 Μετέδωκε
3661 1606 3712 1659 δὲ
3737 1612 3811 1680 τῆς

555 1719 705 1765 rens,
737 1704 828 1772 qui
887 1699 1190 1769 discipulos
1245 1708 1428 1753 tamen
1486 1698 1772 1769 dignitatis
1811 1713 1925 1755 suae
1977 1704 2099 1768 part

2264 1693 2410 1760 ἰξίας
2424 1697 2536 1757 τοῖς
2562 1692 2854 1765 μαθηταῖς.
2875 1693 2986 1747 Καὶ
3012 1693 3128 1761 φῶς
3144 1693 3256 1765 γὰρ
3284 1694 3553 1766 ὑπάρχων
3577 1696 3810 1768 ἀληθινὸν,

556 1796 708 1866 cipcs
740 1794 961 1848 lecit”.
999 1791 1156 1846 Licet
1208 1791 1355 1846 enim
1403 1806 1536 1844 vera
1584 1791 1680 1844 lux
1717 1791 1782 1853 ⁸⁸,
1841 1802 2102 1861 naturaqt

2265 1783 2371 1854 ρῶς
2400 1784 2556 1837 καλεῖ
2584 1784 2711 1846 τοὺς
2744 1782 2943 1836 ἑαυτοῦ
2979 1783 3252 1854 μαθητάς.
3292 1786 3406 1839 Καὶ
3445 1787 3570 1851 Υἱὸς
3605 1789 3676 1841 ὢν
3699 1794 3811 1845 κατὰ

556 1886 650 1942 Dei
681 1885 857 1942 Filius
880 1886 996 1956 ipse
1027 1885 1100 1940 sit
1131 1901 1144 1938 :
1182 1885 1323 1943 lucis
1351 1893 1534 1937 tamen
1568 1884 1939 1954 appellatione
1973 1884 2102 1938 disci

2264 1874 2437 1944 φύσιν,
2472 1874 2709 1928 δέδωκεν
2738 1872 2987 1940 ἐξουσίαν
3015 1878 3130 1939 τοῖς
3173 1876 3534 1933 πιστεύουσιν
3578 1882 3653 1943 εἰς
3681 1883 3810 1937 αὐτὸν

556 1982 717 2051 pulos
751 1977 1094 2048 nuncupavit
1126 1977 1194 2045 ³⁷,
1245 1985 1300 2032 et
1329 1976 1480 2032 dedit
1526 1977 1595 2033 iis
1628 1985 1960 2047 potestatem
2004 1976 2102 2031 [ilic

2264 1968 2475 2039 Πατέρα
2523 1966 2711 2019 καλεῖν
2751 1966 2845 2020 τὸν
2890 1966 3027 2020 Θεὸν
3074 1967 3136 2020 τὸ
3168 1971 3270 2040 τῆς
3311 1969 3566 2040 υἱότητος
3594 1972 3810 2043 αὐχοῦσιν

561 2072 654 2126 Dei
687 2073 869 2127 vocari
893 2069 960 2136 ³⁸,
988 2069 1082 2138 qui
1110 2069 1164 2124 in
1199 2067 1420 2125 Patrem
1457 2072 1749 2126 credentes
1781 2084 1846 2125 ea
1878 2068 2107 2140 dignital

2262 2062 2494 2131 hEEwpa,
2522 2060 2571 2114 οἳ
2604 2061 2702 2115 καὶ
2723 2060 2931 2124 πόλεις
2961 2062 3393 2132 ἠρημωμένας,
3424 2064 3594 2135 ῆγουν
3634 2066 3808 2136 ἠφανι-

558 2162 965 2232 gloriarentur,
1023 2161 1135 2231 qui‘
1164 2159 1401 2215 desertas
1432 2162 1623 2225 etiam,
1661 2161 1783 2215 sive
1820 2159 2047 2225 deletas,
2089 2175 2104 2212 I

2264 2153 2504 2225 σμένος,
2552 2155 2695 2209 κατά
2745 2154 3063 2225 Σύμμαχον,
3099 2154 3534 2211 κατοικιοῦσιν.
3582 2158 3732 2226 Λέγει
3768 2160 3810 2212 δὲ

560 2250 890 2322 Symmacho
926 2251 1124 2320 placet,
1157 2251 1397 2304 civitates
1437 2249 1682 2304 habitare
1713 2248 1951 2319 facerent
1985 2268 2005 2304 :
2038 2265 2106 2320 qu

2260 2248 2353 2312 τὰς
2398 2248 2645 2319 ἐρήμους
2694 2246 2867 2301 πάλαι
2898 2245 3035 2299 Θεοῦ
3070 2244 3404 2318 Ἐκκλησίας
3423 2261 3438 2276 ⁸
3467 2248 3632 2318 ἤγουν
3656 2251 3806 2320 φησιν,

558 2342 784 2397 nomine
837 2340 1104 2394 ecclesias
1140 2339 1311 2409 ipsas,
1339 2355 1461 2410 quae
1493 2340 1603 2394 Deo
1633 2340 1913 2410 quondam
1965 2353 2099 2393 vacu

2264 2343 2335 2395 5τι
2362 2340 2633 2394 Τοσοῦτον
2660 2339 2813 2392 ἔσται
2838 2354 2935 2392 σου
2963 2338 3031 2392 τὸ
3063 2339 3326 2409 σπέρμα,
3353 2336 3433 2401 ὡς
3465 2340 3714 2411 μηδαμῶς
3735 2343 3810 2394 αὐ-

559 2434 805 2498 fuerant,
859 2433 1169 2486 intellexit:
1225 2441 1321 2487 aut
1356 2441 1503 2486 certe
1541 2441 1755 2486 tantum
1798 2430 1917 2486 fore
1970 2447 2105 2485 seme

2263 2436 2365 2498 τοῖς
2394 2432 2493 2499 τὰς
2521 2431 2991 2505 πολυανθρώπους
3010 2434 3225 2499 πόλεις
3251 2435 3479 2504 ἀρκεῖν,
3508 2434 3745 2489 δύνασθαι
3770 2435 3809 2489 δὲ

560 2524 819 2579 Ecclesia:
842 2521 1125 2585 indicavit,
1173 2529 1233 2575 ttt
1273 2537 1380 2576 non
1408 2520 1573 2576 modo
1604 2522 1895 2592 papulosis
1926 2521 2106 2576 urbibt

2261 2529 2349 2584 καὶ
2390 2530 2501 2595 τὰος
2528 2528 2792 2599 ἐρήμους
2837 2524 3084 2599 πληροῦν
3105 2544 3119 2558 ·
3155 2525 3242 2595 ἐφ’
3271 2520 3356 2590 οἷς
3387 2527 3659 2599 ὑπερορᾷν
3700 2530 3807 2600 αὐτῇ

559 2617 682 2687 capi
710 2632 817 2670 non
850 2623 1053 2683 queat,
1088 2612 1183 2669 sed
1213 2614 1389 2684 possit
1423 2614 1667 2669 desertas
1687 2613 1854 2669 etiam
1877 2624 1931 2669 et
1946 2628 2105 2669 vacua

2262 2622 2352 2692 τῆς
2393 2622 2629 2685 παλαιᾶς
2679 2618 2946 2692 αἰσχύνης
2997 2619 3473 2691 παρακελεύεται,
3504 2621 3589 2673 ὅτε
3633 2620 3808 2690 ἄτονος

559 2710 859 2781 complere.
896 2706 1047 2763 Unde
1075 2706 1344 2778 pudorem
1377 2715 1623 2763 veterem
1658 2724 1727 2764 ex
1760 2722 1827 2764 eo
1854 2708 2105 2764 coileetut

2264 2708 2319 2784 ἣν
2347 2712 2445 2768 καὶ
2469 2712 2631 2783 χήρα
2656 2711 2752 2765 τοῦ
2781 2712 2962 2780 Λόγου
2993 2710 3251 2782 Νυμφίου
3286 2709 3490 2779 λέγων,
3517 2711 3598 2765 ὅτι
3633 2713 3810 2780 Κύριος

557 2801 706 2872 quod
737 2800 936 2855 sterilis
961 2809 1015 2854 et
1045 2798 1205 2854 vidua
1227 2807 1401 2867 esset,
1424 2799 1604 2859 eidem
1630 2809 1989 2856 contemnere
2009 2814 2103 2871 pra

2267 2804 2374 2859 τῶν
2396 2804 2714 2873 δυνάμεών
2744 2803 2920 2858 ἐστιν
2939 2805 2973 2857 δ
2997 2801 3189 2858 ποιῶν
3207 2817 3305 2856 σε.
3328 2803 3406 2857 Οὐ
3429 2803 3539 2874 γὰρ
3566 2802 3623 2868 ἐξ
3643 2802 3813 2874 ἀνθρὼ-

560 2894 716 2965 cipit,
748 2909 802 2949 se
838 2894 1091 2947 virtutum
1132 2891 1442 2960 Dominum,
1489 2895 1582 2964 qui
1612 2908 1736 2947 eam
1783 2892 1991 2963 fecerit,
2039 2910 2106 2948 es:

2262 2914 2393 2962 πων,
2429 2895 2552 2950 οὐδὲ
2578 2895 2645 2949 δι’
2693 2892 2987 2965 ἀνθρώπου
3033 2894 3272 2965 συνέστη
3292 2910 3310 2925 θ
3343 2893 3413 2947 δι’
3435 2893 3598 2948 αὐτοῦ
3623 2894 3677 2948 δὲ
3709 2896 3808 2949 Κυ-

562 2988 866 3042 aﬂirmans.
902 2984 1090 3055 Neque
1130 2987 1279 3041 enim
1317 2986 1388 3041 ab
1418 2985 1760 3050 hominibus,
1786 2994 1881 3041 aut
1918 3002 2014 3057 per
2048 2986 2108 3041 hc

2262 2992 2399 3063 ρίου,
2431 2990 2492 3054 ὃς
2533 2989 2628 3044 καί
2680 3004 2881 3060 φησιν’
2918 3004 2938 3039 ι
2961 2988 3087 3043 Ἐπὶ
3117 2987 3218 3059 τὴν
3258 2987 3473 3059 πέτραν
3518 2986 3808 3058 οἰκοδομήσω

563 3080 767 3135 minem
808 3078 877 3142 ³³,
926 3080 1023 3134 sed
1064 3093 1162 3149 per
1215 3077 1511 3133 Dominum
1569 3080 1749 3149 ipsum
1791 3078 2109 3134 constitutat

2261 3102 2363 3156 μου
2395 3085 2496 3154 τὴν
2511 3082 2862 3152 Ἐκκλησίαν.
2892 3099 2912 3133 ι
2941 3080 3079 3135 Θεοῦ
3107 3080 3289 3135 τοίνυν
3319 3081 3349 3133 6
3381 3079 3561 3149 λόγος,
3586 3081 3649 3155 τὸ¹
3668 3081 3807 3150 ἀμνη-

561 3188 709 3241 esse,
726 3172 818 3243 qui
838 3188 1003 3243 super
1025 3182 1235 3242 petram
1255 3171 1554 3228 Ecclesiam
1574 3187 1730 3228 suam
1749 3171 2107 3227 :edilicaturui

2260 3174 2482 3228 σίκακον
2511 3171 2856 3245 δωρουμένου
2888 3171 2982 3224 ἐπὶ
3025 3173 3092 3242 τῇ
3143 3170 3403 3242 πολυθέῳ
3450 3171 3546 3224 καὶ
3582 3169 3806 3234 ὀνείδους

563 3280 627 3321 se
659 3266 799 3320 dixit
822 3264 893 3320 ⁸ο.
916 3263 1013 3320 Est
1039 3266 1206 3335 igitur
1232 3265 1339 3321 ista
1359 3262 1452 3319 Dei
1479 3265 1678 3329 oratio,
1716 3264 1810 3335 qui
1837 3263 2109 3334 probrosa:

2259 3267 2387 3338 ἀξία
2415 3266 2616 3337 πλάνῃ.
2648 3263 2847 3328 Καθὼς
2874 3264 2985 3333 γὰρ
3013 3262 3280 3332 οἱκτείρει
3332 3261 3516 3334 πατὴρ
3558 3263 3721 3324 υἱοὺς,
3745 3261 3805 3312 ol-

563 3359 728 3414 nobis
764 3359 818 3413 in
857 3359 1086 3413 deorum
1114 3357 1344 3414 colenda
1378 3356 1731 3411 multitudine
1751 3372 1997 3412 errorem
2022 3370 2109 3411 cor

2259 3358 2550 3428 κτείρησεν
2580 3356 2784 3428 Κύριος
2815 3357 2944 3419 τοὺς
2976 3354 3354 3425 φοϐουμένους
3378 3353 3563 3407 αὐτόν.
3587 3352 3686 3406 Καὶ
3702 3349 3805 3405 καθ’

566 3451 760 3506 donet.
786 3450 943 3506 Sicut
977 3449 1122 3506 enim
1155 3459 1308 3521 pater
1346 3449 1645 3504 miseretur
1689 3448 1951 3516 ﬁliorum,
1991 3450 2073 3505 sie
2102 3467 2112 3502 ι

2258 3451 2385 3504 ὅσον
2414 3450 2711 3521 ἀπέχουσιν
2741 3449 3004 3503 ἁνατολα)⁵
3030 3447 3140 3502 ἀπὸ
3168 3446 3707 3517 δυσμῶν,ὲμὰκρυνεν
3724 3441 3802 3509 ἀφ’

567 3542 886 3599 timentium
941 3556 1000 3597 se
1037 3540 1300 3597 misertus
1353 3547 1439 3597 est
1476 3539 1831 3597 Dominus“.
1886 3541 1949 3595 Et
1982 3556 2113 3612 quat

2258 3543 2417 3615 ὴμῶν
2445 3543 2544 3607 τὰς
2575 3541 2850 3614 ἁμαρτίας
2880 3540 3062 3612 ἡμῶν.
3086 3539 3198 3594 Τὸν
3229 3540 3329 3593 οῦν
3362 3540 3548 3610 φόϐον
3574 3534 3802 3608 περιαιρεί

567 3646 687 3692 tum
712 3636 879 3692 distat
897 3642 1054 3690 ortus
1080 3635 1151 3690 ab
1179 3648 1408 3698 occasu,
1439 3641 1654 3688 tantum
1680 3650 1710 3689 a
1741 3635 1902 3690 nobis
1932 3644 2113 3705 peccat

2257 3635 2351 3690 τὸν
2397 3636 2492 3690 ἐπὶ
2531 3637 2648 3699 τοῖς
2699 3634 3118 3706 ἁμαρτήμασιν.
3147 3628 3325 3686 Ἦλθε
3371 3632 3480 3703 γὰρ
3523 3631 3580 3684 οὐ
3621 3630 3796 3700 κρίνων.

569 3737 761 3786 nostra
810 3728 1067 3783 removit.
1117 3726 1319 3782 Metam
1346 3742 1513 3797 ergo,
1548 3726 1642 3796 qui
1682 3727 1736 3781 in
1768 3727 2016 3798 peccatis
2048 3738 2115 3782 est

2258 3730 2396 3785 ἀλλὰ
2448 3728 2658 3794 σώζων.
2705 3746 2725 3779 ι
2750 3727 2825 3780 Οὐ
2856 3726 2967 3797 γὰρ
2994 3724 3317 3790 ἀπέστειλε,
3349 3725 3535 3795 φησὶν,
3556 3727 3582 3777 6
3607 3721 3721 3783 Θεὸς
3736 3718 3798 3770 τὸν

566 3824 687 3894 ipse
717 3820 933 3885 adimit,
987 3820 1080 3890 qui
1111 3835 1222 3875 non
1250 3819 1421 3886 venit,
1455 3828 1515 3873 ut
1545 3819 1778 3887 judicet,
1821 3816 1921 3875 sed
1954 3826 2015 3873 ut
2049 3833 2110 3874 sa

2260 3822 2390 3877 Υἱὺν
2418 3821 2587 3877 αὐτοῦ
2629 3821 2709 3884 εἰς
2753 3819 2845 3873 τὸν
2891 3817 3121 3890 κόσμον,
3158 3817 3249 3871 ἵνα
3295 3817 3463 3891 κρίνῃ
3494 3816 3580 3869 τὸν
3618 3814 3795 3881 κόσμον.

566 3926 657 3972 vet
682 3914 751 3969 ⁸⁸.
785 3913 902 3969 Non
935 3912 1082 3968 enim
1112 3912 1267 3968 misit
1295 3911 1443 3968 Deus
1468 3912 1665 3967 Filium
1703 3925 1864 3967 suum
1908 3912 1962 3967 in
1993 3926 2112 3966 mur

2260 3921 2375 3978 ἀλλ’
2408 3920 2496 3974 ἵνα
2531 3919 2678 3991 σωθῇ
2728 3920 2758 3972 6
2806 3916 3015 3986 κόσμος
3058 3915 3126 3970 δι’
3153 3913 3344 3970 αὑτοῦ.
3385 3935 3403 3969 ι
3443 3913 3585 3983 Νικᾷ
3610 3906 3796 3975 τοίνννή

567 4006 728 4070 dum,
756 4015 816 4060 ut
835 4005 1044 4085 judicet
1073 4006 1341 4059 mundum
1369 4045 1384 4070 ,
1431 4004 1528 4060 sed
1559 4013 1618 4058 ιιι
1644 4003 1889 4059 salvetur
1917 4003 2113 4058 mundi

2260 4014 2418 4087 χάρις
2447 4014 2481 4084 ἡ
2506 4009 2794 4066 δικαιοῦσα
2822 4010 2917 4064 τὸν
2942 4006 3137 4079 ἀσεϐῆ.
3173 4026 3192 4059 ι
3224 4006 3361 4072 Θεὸς
3386 4006 3513 4077 γὰρ,
3540 4005 3664 4075 φησι
3685 3996 3795 4053 Παῦε

569 4115 670 4172 per
693 4100 898 4170 ipsum.
920 4098 1110 4169 Itaque
1130 4098 1299 4153 vincit
1327 4097 1443 4164 illa,
1460 4113 1584 4168 quae
1603 4096 1872 4168 justiﬁcat
1903 4097 2115 4167 impiun

2260 4086 2373 4171 λοξ,
2407 4106 2436 4159 6
2467 4103 2714 4170 δικαιῶν,
2754 4101 2840 4166 τίς
2881 4103 2911 4156 6
2942 4100 3334 4172 κατακρίνων;
3373 4118 3392 4152 ι
3448 4097 3568 4160 Πῶς
3594 4096 3645 4150 δὲ
3680 4086 3799 4145 ποιεῖ

571 4192 770 4264 gratia.
798 4210 816 4244 ι
858 4189 1004 4246 Deus
1033 4188 1180 4246 enim
1207 4198 1315 4255 cst,
1364 4191 1443 4246 ait
1471 4190 1694 4255 Paulus,
1735 4190 1829 4261 qui
1856 4189 2117 4261 justiﬁcat

2260 4196 2478 4264 αὐτὴν,
2510 4194 2624 4249 ἀλλ’
2655 4194 2690 4264 ἦ
2722 4192 2923 4259 κτίζων
2943 4193 3023 4256 είς
3057 4191 3420 4262 συμμορφίαν
3445 4187 3604 4244 αὑτοῦ
3630 4183 3703 4238 διὰ
3728 4176 3792 4233 τοῦ

572 4285 700 4355 quis
722 4291 832 4347 est,
866 4283 958 4353 qui
995 4282 1432 4338 condemnet“?
1460 4301 1479 4335 ι
1513 4280 1802 4349 Quomodo
1828 4290 2011 4336 autem
2042 4297 2118 4336 eat

2262 4288 2619 4360 Πνεύματος;
2653 4285 2790 4356 φησὶ
2827 4285 2937 4355 γὰρ
2970 4285 3028 4337 ὲν
3062 4281 3365 4354 Ἰεζεκιήλο
3396 4300 3416 4334 ι
3440 4277 3705 4334 Ἐκσπάσω
3725 4270 3792 4340 τὴν

574 4376 729 4447 facit,
763 4374 869 4431 nisi
894 4389 1020 4431 cum
1057 4388 1178 4430 eam
1207 4374 1268 4451 in
1304 4373 1495 4429 forma:
1526 4373 1947 4430 similitudinem
1990 4374 2120 4444 611

2263 4382 2494 4455 καρδίαν
2517 4380 2700 4435 αὐτῶν
2725 4380 2826 4450 τὴν
2854 4376 3065 4448 λιθίνην
3097 4377 3162 4431 ἐκ
3184 4377 3289 4447 τῆς
3316 4375 3517 4446 σαρκὸς
3537 4365 3789 4431 αύτῶν,κιιὶ

576 4482 674 4538 per
721 4466 983 4537 Spiritum
1038 4464 1231 4520 creat?
1258 4463 1349 4519 Ait
1394 4466 1541 4520 enim
1581 4465 1723 4536 apud
1760 4463 2104 4521 Ezechielem

2237 4454 2424 4542 odiem
2476 4472 2661 4534 αὐτοῖς
2712 4468 2943 4541 καρδίαν
2997 4467 3261 4539 σαρκίνην
3293 4468 3387 4523 τοῦ
3424 4465 3617 4520 ειδέναι
3643 4454 3783 4514 αὐτοὺς

2237 4545 2238 4548 “
2344 4567 2350 4569 _
2419 4566 2440 4569 μ
2524 4566 2535 4569 -
2605 4562 2617 4569 .
2695 4563 2707 4569 -
2807 4563 2848 4569 --
2876 4562 2887 4569 .
3113 4560 3181 4569 ..-
3442 4560 3454 4569 .
3577 4559 3588 4569 ι
3613 4555 3650 4569 υ
3711 4546 3783 4569 -.ιι

580 4577 600 4608 σ
634 4557 876 4612 Avellam
910 4570 1008 4610 cor
1054 4569 1247 4610 eorum
1291 4554 1571 4624 lapideum
1632 4555 1700 4611 de
1737 4570 1905 4611 carne
1926 4571 2120 4611 eorum

2267 4567 2386 4637 ἐμὲ,
2415 4566 2497 4619 ὅτι
2520 4562 2631 4632 ὲγιῖ)
2660 4563 2777 4635 εἰμι
2807 4562 3036 4635 Κύριος.
3063 4579 3082 4613 ι
3113 4560 3339 4614 Ἐκτισε
3373 4560 3547 4615 τοίνυν
3568 4546 3785 4623 όΧριστδς

572 4658 629 4704 et
658 4649 799 4704 dabo
837 4647 919 4702 eis
974 4661 1073 4702 eor
1105 4662 1392 4714 carneum,
1435 4655 1495 4702 ut
1523 4648 1626 4719 ipsi
1660 4664 1746 4703 me
1791 4659 2118 4721 cognoscant

2267 4636 2395 4723 τοὺς
2426 4658 2520 4712 δύο
2547 4657 2710 4720 λαοὺς
2743 4657 2824 4720 εἰς
2852 4655 2950 4710 ἕνα
2980 4654 3170 4710 καινὸν
3202 4654 3491 4726 ἄνθρωπον
3530 4636 3790 4704 ἀνακαινοῦ-

573 4745 702 4812 quia
733 4756 836 4811 εει)
864 4755 985 4794 sum
1020 4738 1286 4795 Dominus
1307 4739 1375 4795 “.
1413 4758 1432 4792 ι
1459 4739 1716 4796 Condidit
1747 4755 1880 4811 ergo
1908 4741 2119 4797 Christu

1956 4741 2162 4797 Ιιτῖδιυε
2242 4768 2434 4823 ,μενον
2471 4750 2594 4805 κατ’
2626 4749 2812 4803 εἰκόνα
2849 4747 2946 4803 τοῦ
2999 4747 3293 4811 κτίσαντος
3325 4745 3498 4800 αὐτόν.

575 4834 824 4903 geminos
866 4831 1099 4902 populos
1125 4834 1179 4884 in
1220 4841 1499 4886 recentem
1534 4846 1705 4887 unum
1736 4832 2054 4900 hominem,
2095 4832 2164 4888 ad

575 4927 695 4996 ejus
726 4927 1032 4993 exemplar,
1059 4937 1090 4978 a
1123 4938 1235 4993 quo
1259 4923 1489 4980 effectus
1522 4933 1630 4987 est,
1662 4924 2056 4981 instauratum.
2424 4942 2429 4946 ·
3340 4991 3353 4997 _

649 5018 825 5084 Atque
855 5024 918 5070 ut
952 5016 1024 5070 rei
1059 5016 1218 5070 tidem
1249 5016 1452 5071 faceret
1488 5016 1582 5087 qui
1617 5024 1804 5081 postea
1833 5024 2062 5073 secutus
2083 5024 2170 5073 est

2349 5016 2438 5080 Ὣς
2474 5014 2539 5069 ἂν
2570 5013 2628 5069 δὲ
2663 5014 2737 5086 μὴ
2776 5012 3055 5085 ἀπιστηθῇ
3087 5009 3491 5084 μετατυγχάνον
3511 5006 3569 5058 τὸ
3587 4998 3788 5070 πρᾶγμαν

578 5121 824 5170 eventus,
872 5106 1155 5162 Dominum
1182 5108 1436 5161 uirtutum
1471 5122 1529 5163 se
1553 5122 1676 5162 esse
1709 5106 2124 5174 amrmavit.‘,Ne

2268 5112 2492 5179 Κύριον
2508 5109 2700 5164 ἑαυτὸν
2731 5109 2963 5163 ἐκάλεσε
2992 5107 3429 5178 duramen-Ei;
3460 5102 3514 5155 δὲ
3539 5102 3565 5154 6
3588 5094 3668 5150 τοῦ
3689 5093 3788 5144 ἀνα-

580 5213 686 5268 que
740 5213 869 5252 vero
911 5199 1334 5257 instaurationis
1372 5210 1588 5271 tempus
1624 5201 1870 5266 reticuit,
1906 5217 2032 5256 cum
2071 5201 2126 5256 ad

2269 5200 2554 5266 κτίζεσθαι
2582 5202 2796 5271 καιρὸς,
2822 5201 3150 5270 διεσάφησεν
3171 5198 3358 5264 εἰπὼν,
3377 5199 3455 5250 ὅτι
3497 5194 3554 5244 '0
3576 5180 3785 5271 ῥυσάμε-

582 5289 710 5358 iertt
739 5308 751 5343 :
784 5289 888 5356 Qui
919 5293 1056 5346 eruit
1089 5303 1159 5359 te,
1200 5293 1339 5348 Deus
1370 5292 1571 5359 Israel,
1608 5304 1722 5349 tota
1769 5303 1916 5348 terra
1951 5294 2128 5348 vocabt‘

2270 5296 2379 5359 νός
2416 5309 2493 5349 σε
2518 5267 2704 5360 ainde
2743 5292 2889 5360 Θεὸς
2930 5267 3181 5362 Ἰἀραὴλ
3219 5291 3387 5358 πάσῃ
3416 5286 3487 5356 τῇ
3514 5280 3585 5353 γῇ
3611 5267 3785 5362 μηθήί

582 5391 709 5445 tur:
742 5382 793 5434 id
821 5391 926 5446 est,
957 5398 1081 5438 cum
1109 5384 1388 5442 Christum
1412 5387 1468 5441 in
1501 5394 1692 5457 gentes
1716 5401 2128 5472 omnes‘regnar

2273 5355 2481 5440 σεται·
2531 5355 2907 5447 τοῦτ’-ἔστιν’,
2958 5355 3050 5438 ὅτε
3099 5355 3333 5456 Χριστὸς
3358 5355 3685 5431 εὸασὶλευσεν
3719 5355 3785 5410 ἐπὶ

659 5585 707 5656 ²Α³
748 5580 939 5638 Matth.
972 5600 1092 5647 xm,
1127 5584 1205 5656 δέ
1257 5584 1303 5656 υ
1344 5584 1537 5639 Matth.
1573 5601 1701 5646 xxv,
1734 5585 1797 5639 l4
1828 5600 1984 5656 seqq.
2101 5584 2145 5617 ³³
2188 5585 2205 5640 l

2233 5586 2378 5638 'atth.
2436 5601 2593 5653 xxm,
2624 5587 2678 5642 8.
2778 5587 2823 5618 ³⁸
2862 5584 3020 5641 Joan.
3093 5601 3172 5650 ις,
3204 5586 3256 5642 5.
3368 5575 3608 5656 "Matth.
3636 5585 3691 5656 VA.

583 5651 628 5684 ³³
669 5630 1554 5721 ιιοᾶἱιζῖῖιἔ.””³ῗὶ;ιιιειι.”ἰζ’ἶέ.
1576 5630 1672 5686 Ἥ
1691 5630 2036 5723 ἰἰςίιῦῖῗιέἑη
2077 5656 2129 5709 ιε

583 5724 627 5754 ⁵⁸
663 5725 860 5791 i‘lzet-h.
898 5741 954 5791 ll,
992 5726 1080 5783 l9.

2238 5657 2282 5687 ιι
2326 5630 2711 5724 pelagis.
2785 5630 3274 5722 “302'.'.'.u'f,'i"7'.
3346 5630 3779 5706 nummum“-

2810 5766 2821 5791 1
