3916 6404
469 223 610 288 2539

1794 215 2146 279 PBOCOPII
2182 213 2426 277 ΘΑΖᾸΞΙ

3557 222 3677 288 2580

472 341 686 403 buntur,
728 343 777 390 et
830 335 990 390 colles
1028 332 1524 398 conturbabuntur,
1556 346 1718 402 quam
1762 333 2049 389 misericor-

2156 329 2708 402 ταραχθήσονται,ἢ
2739 330 2805 383 τὸ
2833 328 2983 401 ἐμὸν
3008 329 3182 399 ἕλεος
3210 333 3323 388 ἀπὸ
3352 335 3463 391 σοῦ
3491 341 3685 412 κινηθή-

469 426 561 481 dia
580 441 695 480 mea
719 442 751 481 a
780 435 826 480 te
851 425 1212 481 dimoveatur.
1230 421 1385 488 Quod
1422 423 1466 478 si
1497 421 1563 476 ad
1597 423 1919 493 interpretes
1952 425 2048 480 Se-

471 530 523 589 pt
534 520 754 590 uaginta
765 516 1128 588 respicis,non
1140 514 1448 585 exemplum
1462 513 1839 579 adhibere,sed
1853 513 2050 571 docere

472 613 656 680 potius
692 623 787 664 eos
816 607 1077 678 reperias,
1121 604 1291 660 Deum
1319 603 1430 673 jam
1462 604 1590 659 inde
1617 619 1647 658 a
1689 606 1894 661 diluvio
1920 621 2046 661 cum

474 700 757 753 hominum
785 698 1028 767 peccatis
1054 711 1161 750 non
1194 696 1429 765 amplius
1450 694 1734 752 decertare
1761 697 2045 762 statuisse,

471 802 748 857 unamque
787 786 1052 841 adversus
1080 800 1273 841 omnes
1326 787 1508 841 multis
1539 788 1807 841 rationem
1856 788 2047 844 decre-

470 878 615 934 visse
641 894 656 929 :
684 892 794 947 quo
820 876 1018 932 deinde
1059 884 1302 949 tempore
1339 892 1464 932 eum
1519 877 1835 935 hominibus
1866 895 2049 937 versa-

468 983 556 1023 tus
583 975 666 1023 est
693 967 966 1033 Christus,
998 982 1192 1023 omnes
1231 968 1381 1038 justo
1430 967 1522 1023 Dei
1560 970 1772 1027 calculo
1808 979 2045 1027 veterem

468 1058 614 1110 illam
641 1070 878 1126 pinnam,
904 1056 990 1108 cui
1023 1055 1225 1125 pariter
1248 1065 1403 1111 erant
1442 1058 1691 1122 obnoxii,
1738 1060 1924 1115 subire
1959 1059 2047 1114 de-

471 1148 684 1212 buisse,
724 1144 819 1202 sed
847 1145 984 1198 iram
1022 1160 1082 1200 se
1137 1146 1192 1199 in
1230 1147 1651 1203 misericordiam
1686 1149 1850 1221 615
1895 1163 2045 1203 eom-

467 1252 698 1302 mutare,
741 1244 795 1290 et
846 1251 967 1307 qua:
996 1251 1025 1287 a
1061 1250 1119 1290 se
1151 1235 1377 1291 deﬁnita
1407 1238 1733 1308 decretaque
1761 1248 1909 1303 sunt,
1944 1238 2044 1293 ob-

466 1343 689 1382 servare
734 1337 789 1381 et
825 1326 1082 1380 retinere.
1131 1324 1227 1380 Est
1287 1340 1418 1381 vero
1468 1329 1616 1395 pacis
1673 1336 2043 1385 testamentum

465 1431 561 1482 per
590 1414 899 1468 Christum.
931 1412 1026 1467 Est
1059 1412 1204 1468 enim
1249 1412 1363 1483 ipse
1386 1429 1489 1485 pax
1529 1423 1714 1470 nostra
1738 1415 1785 1447 "
1822 1431 1837 1469 :
1878 1431 2041 1486 quam

367 1526 377 1535 -
463 1506 706 1575 postulat
736 1506 908 1560 lsaias
954 1504 1039 1559 his
1070 1504 1253 1560 verbis
1286 1523 1300 1558 :
1337 1524 1355 1556 ι
1396 1504 1618 1560 Domine
1643 1505 1786 1561 Deus
1826 1515 2039 1574 noster,

468 1612 655 1667 pacem
699 1597 769 1651 da
817 1597 999 1661 nobis,
1042 1596 1166 1665 quia
1201 1597 1383 1651 omnia
1417 1597 1689 1652 tradidisti
1738 1599 1899 1655 nobis
1916 1600 1985 1655 ⁵⁸.
2015 1618 2035 1652 ι

2152 441 2328 479 σεται.
2361 423 2517 477 Κατὰ
2554 423 2612 476 δὲ
2653 423 2778 487 τοὺς
2807 425 2885 486 0',
2916 423 3017 477 οὐκ
3054 422 3169 478 ἔστι
3202 427 3683 499 παραδειγματικδν,

2148 513 2297 585 δηλοῖ
2337 514 2395 567 δὲ
2432 514 2655 587 μᾶλλον,
2682 514 2758 577 ὡς
2798 514 2906 567 ἀπὸ
2934 513 3027 567 τοῦ
3058 515 3440 588 κατακλυσμοῦ
3466 522 3689 596 κέκριταί

2151 624 2241 677 μοι
2268 606 2343 678 μὴ
2367 608 2482 669 τοῖς
2505 606 2863 677 ἀνθρωπίνοις
2890 607 3264 678 φιλονεικῆσαι
3286 608 3596 681 πταίσμασι,
3608 618 3692 671 καὶ

2150 698 2279 767 μίαν
2313 697 2455 751 κατά
2502 698 2721 751 πάντων
2749 697 2927 767 ὁρίσαι
2955 699 3133 769 δίκην,
3162 699 3333 771 δηλῶν
3360 700 3439 765 ὡς
3461 704 3551 756 καὶ
3576 705 3694 758 καθ’

2146 787 2244 841 δνιι
2290 788 2603 860 ἐπεδήμησε
2626 789 2840 861 χρόνον,
2872 791 2996 863 θείᾳ
3020 792 3189 864 ψήφῳ
3227 792 3431 858 πάντας
3468 795 3569 850 ἔδει
3610 797 3696 869 τὴν

2145 880 2386 950 ἀρχαίαν
2430 881 2651 951 ἐκείνην
2690 882 2995 953 προστῆναι
3036 884 3217 954 δίκην.
3272 887 3381 939 Καὶ
3422 888 3527 958 γὰρ
3576 885 3700 960 ἦσαν

2140 971 2350 1041 ὁμοίως
2381 972 2678 1029 ὑπεύθυνοι
2697 989 2714 1007 ·
2744 974 2882 1029 ἀλλά
2908 975 3026 1046 τὴν
3049 976 3239 1049 ὀργὴν
3267 980 3549 1048 μεταφέρω
3582 976 3731 1052 πρὸς

2145 1063 2344 1129 ἔλεον,
2375 1065 2467 1119 τὸν
2512 1068 2643 1138 ὅρον
2694 1067 2977 1137 φυλάττων
3018 1067 3114 1121 τὸν
3164 1068 3421 1145 ἐμαυτοῦ.
3441 1068 3501 1122 Ἦ
3526 1069 3580 1123 δὲ
3607 1070 3706 1139 τῆς

2142 1152 2388 1222 εἰρήνης
2437 1154 2713 1223 διαθήκη,
2739 1155 2829 1210 διά
2871 1156 3130 1228 Χριστοῦ.
3177 1157 3351 1220 Αὐτὸς
3379 1157 3486 1230 γάρ
3513 1160 3703 1231 ὲστινή

2144 1247 2338 1318 εἰρήνη
2364 1236 2545 1319 ήμῶν,
2575 1249 2752 1318 ἥνπερ
2792 1250 3022 1314 Ἡσαΐας
3043 1249 3210 1304 αἰτῶν
3238 1248 3341 1319 ἔφη
3366 1266 3382 1281 ο
3414 1269 3434 1302 ι
3472 1250 3655 1320 Κύριε,
3677 1255 3706 1306 δ

2142 1336 2278 1399 Θεὸς
2312 1338 2491 1409 ήμῶν,
2525 1341 2750 1412 εἰρήνην
2773 1339 2861 1403 δὸς
2890 1341 3050 1411 ἡμῖν’
3083 1340 3262 1394 πάντα
3290 1341 3399 1412 γὰρ
3440 1341 3708 1405 ἀπέδωκας

2143 1428 2296 1499 ἡμῖν.
2330 1448 2350 1481 s
2390 1431 2491 1484 Διά
2512 1430 2761 1502 Χριστοῦ
2805 1431 2913 1501 γὰρ
2950 1430 3197 1502 συνήφθη
3218 1431 3318 1502 μὲν
3347 1430 3427 1501 τῷ
3468 1430 3586 1501 Θεῷ
3623 1433 3708 1484 καὶ

2148 1518 2374 1591 Πατέρι.
2406 1520 2596 1575 Ταῦτα
2624 1522 2758 1586 Θεὸς
2793 1521 3187 1591 ἐπαγγέλλεται
3214 1522 3295 1593 τῷ
3337 1522 3579 1577 θεοσεϐεῖ
3618 1541 3705 1578 πο-

2144 1608 2454 1680 λιτεύματι,
2485 1612 2515 1665 ὂ
2567 1615 2808 1684 μετέστη
2864 1614 3000 1686 πρὸς
3031 1616 3099 1667 τὰ
3140 1613 3293 1686 ἔθνη,
3321 1614 3432 1668 τῶν
3456 1613 3708 1669 Ἰουδαίων

469 1691 571 1743 ινω-
623 1689 899 1744 Chrisutm
938 1686 1083 1740 enim
1121 1686 1231 1741 Deo
1270 1696 1323 1740 et
1349 1685 1496 1742 Patri
1544 1689 1789 1758 copulati
1825 1705 2038 1747 sumus.

2152 1718 2363 1772 μεταπε
2371 1705 2480 1759 σόν.

466 1788 643 1855 Atque
681 1785 796 1838 haec
820 1783 1037 1854 quidem
1077 1782 1206 1848 illis,
1236 1782 1329 1853 qui
1359 1782 1424 1837 ad
1452 1783 2019 1853 pietatisinstitutum
2055 1789 2281 1865 degunt,
2303 1798 2448 1869 quod
2482 1814 2510 1853 a
2545 1796 2752 1855 Iudaeis
2773 1798 3075 1870 neglectum
3111 1799 3180 1854 ad
3215 1808 3405 1869 gentes
3454 1801 3707 1863 transivit,

468 1880 615 1933 Deus
648 1878 761 1947 ipse
789 1877 1091 1945 pollicetur.

537 1968 725 2034 Qualis
755 1975 934 2020 autem
959 1976 1103 2019 esset
1125 1966 1265 2037 apud
1306 1964 1525 2023 Judaeos
1557 1968 1725 2023 divini
1752 1971 1931 2026 cultus
1958 1987 2043 2026 ra.

465 2065 543 2117 tiu
566 2070 753 2134 aperte
778 2060 1005 2124 iudicat,
1034 2075 1155 2115 cum
1206 2060 1454 2116 humilem
1485 2072 1535 2117 et
1589 2064 1889 2120 instabilem
1916 2050 2042 2121 'eam

467 2155 720 2225 appellat,
760 2163 1018 2221 tanquam
1071 2168 1190 2221 qua:
1228 2155 1282 2207 in
1333 2169 1597 2224 corporea
1619 2157 2045 2213 circumcisione

467 2259 524 2300 εἰ
564 2246 805 2299 victimis
843 2254 1178 2298 versaretur.
1214 2244 1381 2299 Erant
1410 2261 1543 2300 vero
1576 2230 1626 2299 et
1679 2257 1868 2316 gentes
1918 2248 2047 2316 ipsae

464 2338 713 2399 humiles,
748 2351 869 2403 qua:
906 2335 1214 2388 dauuouum
1238 2335 1647 2391 incursionibus
1669 2338 1819 2391 nullo
1841 2353 2044 2407 promi--

365 2476 372 2483 .
468 2437 671 2501 guaute
708 2428 989 2497 patebant.
1027 2425 1122 2479 Est
1168 2437 1220 2480 et
1277 2428 1581 2482 errantium
1638 2443 1735 2483 eor
1779 2430 2045 2492 instabile,

469 2523 858 2589 ebriorumque
898 2517 1507 2587 more,cupiditatibus
1560 2516 1822 2590 a'gitalur,
1870 2530 1924 2575 et
1950 2537 2045 2574 va-

468 2615 642 2667 cillat.
672 2612 927 2676 Quolibet
975 2611 1123 2666 enim
1167 2610 1363 2679 Spiritu
1435 2611 1924 2681 circumaguntur;
1971 2622 2045 2677 et,

472 2704 618 2774 quod
671 2710 754 2756 est
808 2701 1193 2755 iul’roverbio
1220 2702 1287 2768 ⁸⁷,
1338 2702 1633 2772 rapiuntur
1686 2705 2048 2774 cupiditatum

470 2797 723 2851 turbine:
756 2794 940 2863 qualia
970 2788 1397 2863 patiJerusalem
1432 2810 1538 2849 non
1578 2795 1698 2850 sine
1723 2796 1953 2852 crimine
1976 2801 2052 2854 si-

2225 1977 2328 2032 Οἴα
2370 1977 2427 2031 δὲ
2473 1977 2607 2046 παρ’
2639 1976 2917 2040 Ἰουδαίοις
2967 1972 3037 2048 ἦν
3080 1979 3115 2048 ή
3158 1977 3418 2049 θεοσεϐὴς
3462 1978 3708 2042 πολιτεία,

2152 2070 2474 2142 παρίστησι,
2498 2068 2793 2136 ταπεινὴν
2826 2068 2925 2123 καὶ
2957 2068 3380 2123 ἀκατάστατον
3415 2068 3614 2138 ταύτην
3640 2069 3711 2121 εἰ-

2154 2162 2269 2215 πών
2289 2176 2303 2191 ⁸
2341 2162 2625 2231 σωματικὴ
2667 2159 2778 2229 γὰρ
2804 2155 2873 2230 ἦν
2905 2160 3194 2231 περιτομὴ,
3226 2160 3322 2213 καί
3346 2160 3547 2213 θυσίαι.
3575 2161 3635 2213 Ol
3660 2159 3710 2226 ἐξ

2151 2249 2321 2304 ἐθνῶν
2347 2249 2403 2304 δὲ
2433 2252 2528 2305 καὶ
2561 2253 2679 2315 ταῖς
2707 2249 2815 2307 τῶν
2850 2250 3140 2322 δαιμονίων
3167 2251 3380 2320 ἐφόδοις
3422 2252 3711 2306 εὐεπίϐατοι

2152 2341 2438 2409 γεγονότες
2470 2342 2756 2396 ὑπέκειντο
2785 2340 3096 2414 ταπεινῶς.
3125 2342 3247 2398 Τῶν
3275 2343 3334 2397 δὲ
3362 2343 3711 2416 πλανωμένων

2155 2431 2569 2498 ἀκατάστατος
2619 2433 2653 2503 ή
2696 2432 2922 2503 καρδία,
2957 2433 3247 2503 μεθύοντος
3283 2435 3445 2505 δίκην
3476 2437 3709 2509 σειομένη

2152 2526 2267 2588 τοῖς
2310 2524 2531 2578 πάθεσι.
2559 2524 2729 2579 Παντὶ
2761 2524 2870 2596 γὰρ
2900 2525 3169 2596 πνεύματι
3200 2511 3606 2599 περιφέρονται,
3631 2531 3712 2584 καὶ

2155 2612 2298 2667 κατά
2335 2612 2434 2683 τὴν
2479 2613 2780 2683 παροιμίαν
2799 2653 2814 2680 ,
2843 2614 3160 2685 ρεμϐασμὸν
3184 2616 3493 2688 ἐπιθυμιῶν
3520 2620 3725 2689 ὐπομέ-’

2156 2719 2371 2769 νουσιν(
2419 2702 2447 2755 ὃ
2491 2704 2554 2765 δὴ
2602 2703 2880 2758 παθοῦσαν
2930 2705 3029 2775 τὴν
3090 2705 3450 2780 Ἰερουσαλὴμ
3494 2709 3713 2763 αἰτιᾶται

2154 2794 2289 2871 θεὸς
2318 2794 2511 2863 λέγων·
2533 2795 2621 2848 Ἑν
2650 2794 2968 2865 ἐπιθυμίαις
2996 2799 3175 2867 ψυχῆς
3203 2798 3379 2868 αὐτῆς
3408 2801 3716 2869 ὲπνευματο-

476 2888 757 2965 guilicaxit
795 2879 1084 2949 Dominus,
1125 2901 1248 2939 cum
1278 2900 1396 2940 eam
1429 2887 1627 2941 animae
1646 2901 1760 2941 suae
1782 2887 2049 2957 cupidita-

2158 2889 2397 2957 φορεϊτο.
2438 2886 3043 2958 Πνευματοφορουμένη
3088 2888 3146 2941 δὲ
3191 2888 3366 2960 ψυχὴ,
3398 2889 3610 2952 πάντως
3635 2891 3714 2942 καὶ

468 2982 642 3041 tibus,
695 2988 952 3046 tauquam
1022 2984 1206 3043 vento,
1262 2977 1453 3046 agitari
1510 2988 1740 3047 questus
1788 2988 1893 3035 est.
1957 2979 2049 3035 list

2157 2976 2593 3044 ἀκατάστατος.
2623 2978 2722 3032 Διά
2765 2978 2820 3031 τί
2866 2978 2925 3032 δὲ
2956 2978 3133 3044 ἵλεώς
3171 2992 3309 3044 om;
3341 2980 3560 3052 Πρῶτον
3607 2982 3711 3052 μὲν,

469 3087 601 3126 vero
628 3086 746 3140 quae
773 3067 965 3139 spiritu
1010 3069 1123 3138 rapi
1159 3084 1218 3123 se
1248 3068 1455 3137 patitur
1482 3072 1687 3133 auitna,
1732 3071 1898 3125 etiam
1940 3086 2056 3125 ont-

470 3165 603 3220 nino
645 3160 931 3216 instabilis.
968 3159 1080 3213 Cur
1120 3171 1299 3214 autem
1338 3169 1388 3214 et
1434 3160 1832 3216 misericordem
1863 3177 1920 3216 se
1940 3161 2056 3219 fore

470 3253 662 3310 addit?
692 3252 941 3306 Primum
971 3251 1225 3320 quidem,
1269 3250 1408 3322 quia
1446 3252 1765 3309 misericors
1819 3252 1935 3322 ipse
1959 3253 2050 3309 sit.

468 3344 676 3398 Deinde
708 3357 837 3397 vero
897 3342 1024 3413 quia
1072 3342 1437 3399 consolatione
1468 3343 1586 3414 ipsa
1621 3342 1816 3396 caruit.
1850 3341 2055 3400 Deinde

469 3437 659 3501 etiam,
709 3437 835 3505 quia
873 3434 941 3505 (si
991 3440 1058 3489 de
1110 3434 1197 3504 pio
1234 3434 1378 3504 apud
1432 3432 1653 3490 Iudaeos
1722 3435 1848 3491 vita:
1900 3437 2056 3490 insti-

471 3536 589 3579 tuto
625 3540 806 3580 sermo
835 3525 928 3594 sit)
980 3526 1243 3594 propheta
1294 3524 1500 3591 nullus,
1544 3536 1640 3580 aut
1686 3527 1834 3597 pius,
1869 3536 2054 3583 tantus

468 3627 574 3682 est,
608 3626 668 3671 ut
715 3615 846 3670 illud
907 3631 1162 3672 revocare
1205 3625 1258 3672 et
1309 3617 1616 3673 instaurare
1677 3629 1866 3687 queat.
1913 3618 2052 3684 Quia

467 3710 705 3779 denique
749 3709 819 3780 (si
870 3706 939 3763 de
982 3708 1237 3779 gentibus
1288 3709 1506 3781 agatur)
1566 3709 1736 3783 legem
1787 3711 1892 3782 ipsi
1959 3721 2055 3768 aut

471 3804 788 3872 prophetas,
812 3801 906 3871 qui
936 3815 1034 3857 eos
1067 3802 1135 3856 ad
1161 3802 1447 3873 spirituale
1498 3803 1669 3860 robur
1722 3806 2050 3875 invitarunt,

471 3891 619 3945 sicut
649 3889 932 3955 Israelita,
970 3905 1078 3944 nou
1118 3891 1358 3960 amplexi
1391 3901 1550 3947 sunt:
1580 3892 1730 3963 quod
1787 3908 1883 3961 per
1929 3911 2048 3960 cos,

470 3981 567 4052 qui
603 3980 778 4035 ultimi
816 3980 874 4034 in
894 3979 1166 4051 parabola
1196 3970 1451 4036 mercede
1484 3981 1744 4039 conducti
1783 3991 1933 4051 sunt,
1965 3986 2053 4043 in-

470 4069 692 4126 dicatur
714 4111 730 4135 ,
766 4085 893 4124 eum
922 4070 1218 4141 quaerenti,
1247 4069 1381 4140 quid
1411 4070 1525 4126 illic
1552 4078 1728 4126 totum
1762 4072 1907 4128 diem
1934 4083 2049 4129 sta-

468 4169 596 4216 rent
627 4160 792 4217 otiosi
814 4200 835 4228 ,
865 4162 992 4230 quia
1036 4174 1073 4215 ι
1140 4160 1360 4219 nemine
1392 4161 1855 4231 eonducerentur,
1881 4162 2048 4222 iidem

2155 3068 2237 3121 ὅτι
2270 3068 2572 3138 οἰκτίρμων
2594 3068 2724 3136 ἐγώ.
2754 3070 2984 3122 Ἔπειτα
3010 3070 3088 3133 δὲ,
3118 3071 3200 3122 ὅτι
3224 3070 3313 3139 μὴ
3344 3072 3711 3139 παρεκλίθῃς.

2156 3159 2267 3212 Καὶ
2304 3160 2355 3211 εἰ
2406 3159 2504 3227 μὲν
2538 3160 2666 3227 περί
2699 3157 2791 3212 τοῦ
2822 3161 2950 3228 παρ’
2979 3159 3256 3239 Ἰουδαίοις
3312 3160 3597 3224 θεοσεὸοῦς
3632 3177 3716 3214 πο-

2154 3247 2481 3320 λιτεύματος
2508 3250 2678 3319 λέγει,
2711 3247 2902 3321 ἐπειδὴ
2938 3250 3127 3321 μηδεὶς
3159 3251 3525 3323 προφήτης,ἧ
3553 3251 3716 3304 θεοσε-

2155 3338 2256 3409 ϐὴς
2281 3338 2557 3405 τοσοῦτος,
2576 3338 2651 3403 ὡς
2672 3340 2962 3394 ἀναλαϐεῖν
2990 3340 3161 3411 αὐτὴν
3181 3343 3276 3396 καὶ
3297 3342 3713 3410 ἀνακτήσασθαι.

2155 3434 2219 3487 Εἰ
2250 3432 2307 3487 δὲ
2339 3433 2470 3504 περί⁵
2497 3433 2606 3487 τῶν
2635 3432 2831 3499 ἐθνῶν,
2867 3433 2950 3486 ὅτι
2996 3432 3073 3504 μὴ
3114 3432 3370 3506 καθάπερ
3402 3433 3616 3505 Ἰσραὴλ
3642 3433 3715 3484 νό-

2158 3542 2277 3594 μον,
2309 3523 2342 3595 ἢ
2395 3527 2680 3597 προφήτας
2722 3524 2995 3591 ἐδέξαντο,
3026 3526 3163 3597 πρὸς
3205 3525 3516 3595 εὐρωστίαν
3540 3524 3716 3585 αὐτοὺς

2153 3615 2606 3688 παρακαλοῦντας
2652 3617 3235 3688 πνευματικήν.Ὂπερ
3283 3615 3377 3669 διὰ
3419 3613 3529 3669 τῶν
3571 3616 3626 3668 έν
3657 3614 3715 3683 τῇ

2154 3708 2440 3780 παραϐολῇ
2490 3708 2817 3762 τελευταίων
2856 3707 3239 3778 μισθωθέντων
3272 3706 3614 3778 σημαίνεται,
3644 3699 3716 3767 οἷς

2153 3801 2259 3873 ἔφη
2277 3817 2291 3832 ·
2321 3801 2386 3855 Τί
2413 3796 2516 3856 ὧδε
2544 3802 2811 3873 ἑστήκατε
2831 3797 2963 3872 ὃλην
2990 3800 3090 3873 τὴν
3123 3800 3341 3873 ἡμέραν
3368 3799 3528 3871 ἀργοί
3540 3816 3563 3865 ;-
3582 3798 3640 3853 Oi
3666 3795 3714 3850 δὲ

2152 3891 2290 3963 πρὸς
2340 3891 2533 3945 αὐτόν’
2570 3891 2697 3945 Ὅτι
2732 3890 2922 3962 μηδεὶς
2968 3890 3118 3965 qua;
3159 3887 3529 3959 ἐμισθώσατο.
3558 3885 3712 3946 Μόνος

2149 3986 2261 4055 γὰρ
2300 3984 2499 4048 αὐτοὺς
2542 3984 2628 4038 ἐπ’
2657 3984 2905 4054 ἐσχάτων
2943 3980 3205 4038 ἐκάλεσεν
3231 3981 3260 4035 ὁ
3288 3979 3385 4036 τοῦ
3416 3976 3713 4051 ἀμπελῶνος

2148 4074 2448 4145 Δεσπότης.
2464 4070 2599 4130 Εἷτά
2627 4089 2823 4145 φησιν’
2866 4073 3024 4129 Ἰδοὺ
3052 4070 3168 4142 ἐγὼ
3195 4070 3477 4142 Eton
3497 4083 3593 4124 σοι
3619 4065 3709 4120 ἄν·

2149 4170 2339 4235 θρακα
2398 4165 2542 4231 τοὺς
2593 4165 2805 4231 λίθους
2858 4178 2999 4223 σου.
3045 4161 3187 4217 Ἀνθ’
3209 4152 3272 4217 οὗ
3323 4162 3354 4217 ὁ
3402 4159 3708 4231 Σύμμαχος*

470 4253 900 4326 responderunt.
934 4252 1093 4311 Unus
1123 4253 1463 4326 enim'ipsos
1511 4257 1580 4312 ab
1630 4256 1840 4314 ultimis
1885 4267 2048 4315 terra:

2162 4257 2317 4315 Ἰδοὺ
2353 4256 2469 4328 ἐγὼ
2512 4257 2834 4326 συντίθημι
2872 4255 3070 4323 στίμει
3118 4253 3262 4320 τοὺς
3284 4253 3496 4319 λίθους
3517 4247 3708 4338 σουκό

470 4343 678 4400 finibus
706 4344 922 4399 vocavit
941 4343 1114 4400 vinea
1132 4342 1418 4401 Dominus.
1444 4344 1652 4403 Deinde
1673 4347 1753 4403 ait
1775 4346 1941 4406 :Ecee
1955 4365 2049 4423 ego

467 4438 782 4508 prteparabc
824 4436 919 4494 tibi
953 4438 1354 4506 carbunculum,
1384 4440 1584 4509 lapides
1625 4440 1787 4511 tuos;
1818 4458 1918 4514 pro
1942 4460 2053 4515 quo

471 4525 843 4600 Symmachus
871 4544 887 4583 :
929 4525 1066 4584 Ecce
1092 4544 1186 4600 ego
1209 4544 1462 4599 compono
1495 4531 1652 4587 stibio
1671 4531 1885 4604 lapides
1911 4544 2052 4599 tuos;

467 4618 703 4688 Aquilae
722 4626 932 4682 autem,
975 4616 1108 4673 Ecce
1138 4618 1337 4674 inclina
1379 4619 1433 4674 iu
1462 4620 1622 4675 stibio
1668 4623 1870 4693 lapides
1898 4635 2052 4692 tuos;

464 4707 778 4765 Theodotio
808 4722 964 4772 vero,
1015 4709 1249 4765 immitto
1276 4711 1445 4783 616
1481 4711 1536 4766 in
1560 4713 1743 4781 stibio,
1771 4699 2049 4771 dixerunt.

468 4803 541 4859 Ut
568 4804 716 4860 enim
747 4818 870 4874 qua:
894 4805 1131 4860 comitur
1157 4805 1375 4868 mulier,
1399 4804 1558 4860 stibio
1595 4806 1663 4862 ad
1701 4807 1889 4863 forma:
1925 4824 2067 4867 con-.

465 4894 817 4949 ciliatiouem'
853 4894 1064 4959 utitur,
1121 4895 1205 4950 sic
1240 4903 1294 4949 et
1326 4896 1443 4966 ipse
1462 4895 1681 4951 aedilicii
1732 4899 1817 4953 tui
1853 4899 2056 4967 lapides

467 4983 743 5052 eleganter
772 4982 1083 5054 disponam.
1142 4982 1401 5041 Fortasse
1431 5001 1560 5041 vero
1618 4986 1712 5058 qui
1759 5004 1790 5042 ιι
1823 4987 2054 5060 Septua-

2146 4353 2207 4408 δὲ
2235 4351 2501 4416 ’Δκύλαςο
2546 4348 2694 4405 Ἰδοὺ
2734 4348 3080 4404 κατακλίνω
3120 4346 3192 4401 ἐν
3227 4347 3428 4426 στίμει
3460 4344 3596 4409 τοὺς
3626 4343 3706 4396 ,ιί-

2148 4449 2288 4510 θους
2321 4457 2460 4498 σου.
2490 4439 2784 4496 Θεοδοτίων
2830 4439 2886 4493 δέ
2906 4455 2924 4471 ο
2964 4438 3274 4508 Ἐμϐάλλω
3310 4438 3382 4492 ἐν
3415 4436 3622 4506 στίμει.
3636 4430 3705 4494 ἠς

2147 4533 2259 4605 γὰρ
2289 4532 2356 4588 ἂν
2387 4530 2526 4604 γυνὴ
2566 4530 3021 4602 καλλωπιζομένη
3052 4528 3406 4599 στιμίζοιτοο
3438 4524 3603 4587 οὕτως
3632 4520 3706 4575 εὖ,
3784 4544 3787 4547 λ

2149 4624 2377 4697 πρεπῶς
2410 4625 2509 4696 τῆς
2540 4623 2639 4694 σῆς
2687 4622 3000 4692 οἰκοδομίας
3032 4621 3277 4690 διαθήσω
3319 4620 3462 4686 τοὺς
3494 4616 3701 4679 λίθους.

2148 4718 2378 4788 Μήποτε
2419 4717 2477 4771 δὲ
2518 4717 2547 4769 ὀ
2580 4713 2710 4786 παρ’
2738 4715 2924 4778 αὐτοῖς
2963 4714 3369 4784 Ἐὄδομήκοντα
3395 4706 3630 4779 ἄνθραξ,
3652 4703 3703 4756 τδ

2153 4808 2453 4880 καθάρσιον
2489 4807 2786 4861 αἰνίττεται
2818 4806 2918 4877 τῆς
2947 4806 3147 4876 ψυχῆς.
3194 4806 3272 4858 Δι’
3301 4803 3569 4873 ἄνθρακος
3609 4795 3701 4865 γὰρ

2154 4899 2250 4952 καὶ
2283 4897 2508 4952 Ἡσαΐου
2541 4896 2610 4949 τά
2639 4895 2794 4967 χείλη
2837 4896 3170 4967 κεκάθαρτο.
3199 4895 3360 4963 Δηλοῖ
3399 4887 3492 4947 οὖν
3518 4887 3702 4961 μηδένα

2153 4987 2255 5057 τῆς
2279 4985 2591 5055 οἰκοδομίας
2616 4985 2793 5040 λίθον
2819 4985 3081 5056 ὑπάρξειν
3106 4983 3433 5054 ἀκάθαρτον,
3461 4976 3595 5033 κατά
3615 4973 3698 5027 τὸ⁴

468 5074 624 5143 ginta
682 5073 1078 5143 interpretibus
1130 5075 1492 5130 carbunculus
1550 5077 1799 5143 dicitur,
1860 5079 2049 5134 anima:

2161 5096 2180 5129 ι
2221 5077 2374 5131 Λίθοι
2415 5076 2561 5145 ἅγιοι
2615 5075 2890 5131 κυλίονται
2932 5076 3026 5130 ἐπὶ
3069 5076 3169 5147 τῆς
3213 5076 3346 5147 γῆς,
3386 5093 3406 5127 s
3445 5068 3568 5143 περὶ
3610 5062 3702 5116 τῶν

471 5164 748 5232 piaculum
808 5164 1301 5237 lustrationemque
1360 5167 1657 5237 signiﬁcat.
1709 5167 1850 5223 Sunt
1904 5170 2048 5225 enim

469 5254 593 5322 ipsa
619 5252 783 5308 etiam
817 5252 971 5311 Isaiae
1018 5255 1170 5311 labra
1201 5257 1444 5314 carbone
1472 5259 1691 5329 expiata
1714 5259 1783 5312 ⁸⁸.
1828 5257 2049 5314 Nullum

2160 5169 2331 5237 ἁγίων
2356 5168 2669 5238 λεγόμενον,
2712 5167 2771 5233 ἐξ
2808 5161 2937 5240 ὧνή
2974 5167 3069 5221 τοῦ
3106 5166 3243 5221 Θεοῦ
3285 5164 3587 5221 συνίσταται
3620 5154 3702 5209 πό-

2158 5261 2263 5324 λις.

540 5409 588 5445 ⁸⁸
620 5408 820 5480 Ephes.
862 5423 925 5477 ιι,
957 5410 1042 5465 14.
1079 5412 1166 5444 ’⁸⁸
1201 5414 1312 5470 Isa.
1350 5430 1500 5483 τινι,
1540 5415 1626 5470 ιε.
1701 5417 1743 5448 ⁵⁷
1780 5415 1908 5484 Sap.
1944 5430 2018 5478 iv,

2190 5415 2233 5446 ⁵⁸
2263 5412 2367 5468 Isa.
2402 5430 2479 5475 τι,
2517 5421 2568 5477 ’7,

1782 5529 2020 5585 νΑΙυΑἳ
2064 5527 2473 5583 LECTIONES.
2630 5507 2640 5515 ’

536 5594 567 5635 ιι
595 5595 681 5651 ισ.
704 5594 865 5649 λείπ.
897 5592 1153 5664 Χριστός.
