3916 6426
468 258 610 324 25ιὲ3

1802 264 2153 325 PROCOPll
2193 265 2434 325 GAZzEl

3572 272 3697 340 Ξῖ)ἅᾶ

471 375 912 445 uniuscujusque
946 390 1087 446 opus
1119 374 1475 435 manifestum
1501 376 1606 429 crit
1636 375 1701 427 ".
1742 395 1761 429 ι
1791 374 1855 428 Et
1884 377 2035 431 item

2154 395 2263 432 ται.
2308 397 2326 429 ι
2360 379 2470 432 Καὶ
2493 377 2681 431 πάλιν·
2713 396 2730 428 ι
2778 350 3328 447 Ἐποικοδομηθέντες
3351 376 3439 432 ἐπὶ
3467 380 3540 452 τῷ
3558 383 3701 457 θεμε-

473 490 490 522 ι
522 468 958 537 Supertcditicati
1008 483 1171 538 super
1213 466 1631 521 fundamentum
1673 469 2047 538 apostolorum

467 571 520 615 et
562 561 977 631 prephctarum,
1016 559 1137 628 ipso
1161 573 1379 613 summo
1409 560 1658 629 angulari
1706 561 1886 631 lapide
1918 560 2049 617 Jesu

372 716 379 723 θ
468 652 686 706 Ωιιιείειο
712 652 775 704 ’³.
815 671 833 703 ι
880 650 983 705 Et:
1020 670 1037 701 ε
1063 649 1131 709 In
1154 650 1356 720 quibus
1374 665 1568 705 onmes
1595 651 1941 707 azdiﬁcamiui
1969 655 2048 707 Ia-

469 747 622 814 p1‘JCS
663 747 907 797 virentes
946 745 1012 795 “9.
1058 761 1077 793 ι
1114 744 1257 797 istos
1291 744 1458 812 igitur
1486 744 1592 799 hoc
1624 744 1747 800 loco
1773 746 2042 815 prepheta

468 853 644 890 Omnes
680 836 794 905 fore
830 834 923 888 Dei
957 834 1253 909 discipulos
1286 836 1597 906 signiﬁcat;
1630 837 1722 907 qui
1759 837 2046 895 nullumin

471 931 631 983 terris
680 928 1003 998 magistrum
1059 928 1352 998 appellari,
1387 944 1509 982 cum
1542 944 1688 983 unus
1726 936 1940 984 tantum
1975 931 2047 985 sit

466 1021 518 1071 in
552 1018 727 1079 cmlis,
776 1017 1010 1072 edixerit
1033 1018 1101 1070 τυ.
1139 1018 1183 1071 Α
1216 1034 1329 1097 quq
1349 1028 1401 1071 et
1445 1018 1702 1089 discipuli
1735 1019 1901 1073 etiam
1950 1019 2044 1090 qui

466 1109 913 1177 desumpserunt,
944 1107 1190 1178 gentium
1233 1106 1504 1177 magistri,
1531 1119 1585 1163 et
1612 1106 1822 1177 lapides
1844 1109 2041 1173 sancti,

463 1202 554 1271 qui
583 1216 748 1271 super
791 1207 991 1274 terram
1018 1201 1323 1253 volvuntur
1356 1200 1426 1261 '“,
1457 1198 1746 1269 ipsamque
1775 1200 2044 1270 praadica-

462 1297 664 1351 tlonem
707 1293 909 1362 ubique
933 1291 1357 1358 circumferunt,
1389 1292 1644 1361 appellati
1680 1302 1825 1349 sunt.
1854 1292 1931 1348 De
1958 1294 2044 1349 his

459 1399 513 1438 t't
554 1384 694 1438 Deus
717 1391 876 1437 antea
913 1398 1006 1452 per
1040 1381 1232 1436 Isaiam
1269 1381 1324 1434 in
1350 1381 1463 1435 htec
1486 1382 1652 1437 verba
1686 1381 1902 1437 locutus
1935 1383 2039 1438 ait:

466 1496 483 1528 ο
515 1476 749 1529 Perdant
799 1475 1057 1545 injuriam
1094 1474 1433 1545 iniquorum,
1460 1484 1514 1529 et
1541 1475 1855 1545 superbiam
1887 1492 2043 1531 arro-

458 1569 709 1638 gantium
766 1568 1094 1621 humiliabo.
1145 1565 1211 1619 Et
1240 1574 1403 1621 erunt
1448 1567 1540 1637 qui
1595 1566 1844 1621 derelicti
1888 1577 2039 1630 sunt,

460 1677 600 1715 aure
648 1661 839 1716 obrizo
884 1661 1259 1731 pretiosiores,
1309 1669 1363 1713 et
1411 1661 1495 1713 vir
1525 1658 1707 1729 lapide
1739 1675 1805 1713 ex
1851 1661 2041 1730 saphir

2153 470 2251 538 λίῳ
2280 468 2388 522 τῶν
2436 469 2750 521 ἀποστόλων
2791 471 2883 522 καὶ
2936 467 3255 541 προφητῶν,
3286 469 3434 533 δντος
3466 470 3699 543 ἀιρογω-

2152 559 2325 612 νιαίου
2358 557 2718 629 αὐτοῦἸησοῦ
2742 559 3004 629 Χριστοῦ.
3038 578 3057 611 ι
3094 558 3205 613 Καὶ
3227 559 3414 614 πάλιν·
3453 580 3472 613 t
3517 562 3599 617 Ἐν
3631 561 3705 632 οἷς

2153 652 2353 715 πάντες
2375 652 2749 722 οἰκοδομεῖσθε
2782 652 2920 707 λίθοι
2952 653 3209 718 ζῶντες.»
3232 651 3337 716 Οὓς
3361 653 3424 725 δὴ
3461 654 3550 709 νῦν
3570 659 3706 712 πάγ-

2151 758 2256 810 τας
2275 746 2302 798 6
2333 746 2619 815 προφήτης
2645 747 2811 817 φησὶν
2837 745 3085 802 ἔσεσθαι
3116 745 3435 814 διδακτοὺς
3463 749 3601 804 Θεοῦ
3623 750 3709 805 τοῦ

2148 837 2395 902 εἰπόντος
2421 853 2435 866 ·
2470 839 2561 908 Μὴ
2590 838 2857 908 καλέσητε
2884 839 3206 894 διδάσκαλον
3235 839 3326 892 ἐπὶ
3364 840 3459 909 τῆς
3489 841 3605 910 γῆς.
3630 839 3714 905 Εἷς

2147 930 2258 1001 γάρ
2289 932 2436 985 ἐστιν
2462 932 2616 1001 ὑμῶν
2641 932 2965 998 διδάσκαλος
2988 934 3047 987 ἐν
3075 935 3191 996 τοῖς
3237 934 3501 1004 οὐρανοῖς.
3550 935 3636 1002 Ἐξ
3659 930 3715 990 οὗ

2148 1024 2241 1076 καὶ
2276 1023 2325 1075 οἱ
2360 1024 2603 1093 μαθηταὶ
2635 1023 2918 1090 λαϐόντες,
2948 1023 3262 1078 διδάσκαλοι
3293 1024 3401 1078 τῶν
3437 1024 3601 1079 ἐθνῶν
3634 1044 3717 1094 γε·

2146 1112 2368 1180 γόνασιν
2388 1131 2402 1146 ·
2434 1114 2484 1166 οἳ
2511 1116 2624 1193 ,καὶ
2661 1116 2909 1187 εἴρηνται
2938 1114 3078 1168 λίθοι
3112 1114 3261 1183 ἅγιοι
3304 1115 3607 1185 κυλιόμενοι
3633 1118 3717 1171 ἐπὶ

2144 1207 2244 1276 τῆς
2276 1205 2401 1275 γῆς,
2430 1209 2524 1260 καλ⁵
2569 1208 2632 1261 τὸ
2677 1209 2945 1279 κήρυγμα
2991 1206 3271 1278 πανταχοῦ
3318 1207 3712 1277 περιφέροντες,

2146 1297 2280 1368 Περὶ
2297 1291 2369 1353 ὧν
2389 1302 2417 1352 6
2435 1299 2567 1363 Θεὸς
2585 1299 2674 1352 διὰ
2705 1299 2927 1353 Ἡσαΐου
2950 1300 3115 1370 φησὶν
3136 1299 3418 1368 προειπών
3434 1315 3447 1328 ·
3481 1319 3499 1351 ι
3522 1300 3717 1354 Ἀπολῶ

2145 1390 2304 1460 ὕϐριν
2348 1390 2589 1461 ἀνόμων,
2624 1392 2718 1445 καὶ
2762 1390 2921 1461 ὓϐριν
2962 1391 3332 1460 ὑπερηφάνων
3388 1391 3715 1447 ταπεινώσω.

2144 1483 2254 1536 Καὶ
2276 1482 2491 1535 ἔσονται
2524 1484 2575 1535 οἱ
2637 1482 3134 1553 καταλελειμμένοι
3184 1483 3394 1553 ἔντιμοι
3435 1482 3647 1553 μᾶλλον,
3685 1483 3717 1554 ἦ

2143 1573 2204 1625 τὸ
2244 1574 2467 1642 χρυσίον
2492 1572 2554 1624 τὸ
2576 1574 2811 1642 ἄπυρον.
2838 1574 2948 1626 Καὶ
2976 1573 3004 1625 6
3027 1572 3315 1640 ἄνθρωπος
3349 1571 3565 1644 ἔντιμος
3596 1574 3717 1644 μᾶλο

2143 1663 2285 1735 λονῆ
2325 1665 2353 1716 ὁ
2373 1663 2521 1726 λίθος
2544 1665 2572 1716 6
2612 1666 2676 1717 ἐκ
2704 1664 2955 1735 σουφείρ.
2997 1684 3017 1716 ι
3053 1663 3285 1731 Πάντες
3313 1659 3409 1717 οὖν
3437 1664 3486 1716 oi
3512 1664 3605 1733 τῆς
3629 1665 3718 1719 πό·

460 1753 760 1821 pretiosior
791 1752 857 1804 7'.
885 1729 921 1801 in
956 1750 1095 1805 Sunt
1120 1768 1250 1818 ergo
1285 1766 1464 1805 omnes
1502 1749 1744 1804 civitatis
1786 1729 2035 1818 βιίιζοει

2146 1729 2285 1818 λεως
2311 1756 2427 1809 υἱοί
2457 1755 2725 1810 διδακτοὶ
2767 1729 2938 1821 Θεοῧ,
2976 1742 3069 1810 καὶ
3107 1729 3321 1827 μάρτυς
3343 1757 3372 1807 ὁ
3411 1729 3615 1820 Παῦλος
3639 1756 3715 1810 λέ-

458 1828 728 1908 discipuli,
764 1840 932 1895 Paulo
958 1830 1127 1913 618
1157 1844 1323 1897 etiam
1355 1842 1713 1912 sull'ragante,
1745 1843 1838 1897 ubi
1865 1841 2037 1898 Deum

462 1932 819 1989 multifariam
853 1934 1148 2003 multisque
1175 1933 1351 1987 modis
1382 1942 1568 2001 patres
1599 1933 1728 1987 olim
1766 1948 1863 2002 per
1912 1948 2042 2003 pro-

458 2025 675 2094 phetas,
711 2041 811 2077 nos
837 2038 1016 2077 autem
1058 2025 1265 2079 ultimis
1309 2024 1461 2078 hisce
1487 2024 1681 2079 diebus
1714 2039 1812 2093 per
1840 2021 2037 2078 Filium

458 2131 582 2168 esse
607 2117 908 2168 allucutum
955 2119 1030 2167 ait
1060 2116 1126 2168 ⁷³.
1170 2114 1355 2184 Neque
1394 2115 1540 2169 enim
1589 2130 1945 2185 quemquam,
1982 2126 2039 2171 ut

457 2212 679 2275 quando
726 2223 851 2260 cum
901 2208 1181 2261 veteribus
1222 2206 1459 2276 agebat,
1510 2207 1880 2276 interposuit;
1941 2208 2035 2263 sed

456 2306 739 2369 assumpta
790 2314 958 2352 carne
1000 2287 1528 2359 vt-rbmu'cﬁ‘ectus,
1574 2296 1865 2352 nobiseum
1920 2299 2038 2367 ipse

454 2390 670 2444 locutus
700 2400 802 2444 est.
839 2388 1138 2443 Pellicctur
1166 2403 1297 2441 vero
1323 2399 1377 2442 et
1394 2389 1472 2443 eis
1504 2403 1709 2458 pacem,
1734 2387 1828 2457 qui
1857 2386 2032 2440 dixit:
2077 2436 2081 2443 .

458 2500 475 2532 ι
518 2477 712 2531 Pacem
755 2493 929 2532 meam
969 2478 1040 2532 do
1075 2478 1227 2532 νυΙιῑε
1266 2475 1334 2530 ⁷⁸.
1387 2497 1407 2530 ι

525 2569 730 2625 Deinde
751 2568 940 2638 adjicit
970 2587 983 2622 :
1012 2571 1075 2622 Et
1108 2568 1387 2637 injustitia
1415 2568 1787 2638 a'diﬁcaberis.
1809 2567 2037 2624 Summa

450 2662 597 2717 enim
625 2662 880 2732 :rquitate
909 2675 1030 2732 quae
1063 2677 1247 2716 rerum
1274 2661 1520 2715 omnium
1556 2662 1914 2717 architectrir
1948 2670 2035 2716 est.

451 2754 545 2809 Dei
597 2755 889 2837 sapientia,
928 2769 1053 2808 cum
1094 2758 1247 2808 vivus
1279 2763 1335 2807 et
1365 2752 1508 2808 bene
1538 2765 1863 2823 compactos
1892 2752 2035 2821 lupi-

448 2847 541 2899 des
589 2845 821 2914 edi/icio
858 2860 961 2900 suo
993 2844 1345 2914 adjungeret,
1388 2845 1530 2899 alios
1561 2845 1783 2915 quidem
1818 2844 1871 2897 in
1907 2860 2036 2913 pro-

446 2936 750 3007 pugnacula
774 2977 788 3001 ,
827 2936 965 2990 alios
992 2951 1122 2991 vero
1149 2937 1205 2989 in
1220 2934 1602 3004 fundamenta,
1632 2935 1770 2991 alios
1798 2936 2037 3005 denique

449 3029 506 3081 in
538 3043 719 3081 muros
759 3028 966 3097 posuit.
999 3026 1149 3081 Alios
1172 3042 1391 3081 rursum
1412 3028 1654 3083 civitatis
1690 3028 1895 3098 templo
1915 3029 2036 3096 qui-

448 3119 573 3173 dem
615 3081 866 3180 addiviit,
896 3118 1037 3172 alios
1078 3133 1207 3172 vero
1238 3119 1415 3188 ipsius
1434 3120 1597 3174 etiam
1626 3081 2031 3191 penetralibus.
2060 3081 2108 3142 C

446 3207 677 3264 thtcris
712 3219 893 3285 autem
921 3209 1193 3279 reliquam
1219 3207 1499 3264 civitatem
1531 3209 1843 3272 exornavit,
1883 3209 2034 3265 nullo

448 3316 602 3357 more
625 3302 912 3356 hominum
940 3314 1040 3371 pro
1078 3299 1426 3370 singulorum
1460 3300 1729 3372 dignitate
1759 3299 1904 3356 iacto
1920 3301 2036 3357 dis-

446 3392 703 3457 crimine,
755 3406 934 3462 neque
988 3391 1179 3446 habito
1231 3392 1564 3462 cujusquam
1598 3379 2033 3465 irespectu;sed

446 3501 515 3539 ex
541 3498 699 3553 aequo
742 3497 938 3537 omnes
967 3481 1289 3548 admittens,
1320 3483 1530 3538 liberos
1557 3491 1611 3537 et
1637 3498 1849 3551 servos,
1894 3500 2032 3554 pau-

447 3591 607 3646 peres
640 3582 695 3631 et
718 3575 942 3639 divites,
971 3588 1176 3643 eosque
1200 3574 1389 3639 etiam,
1412 3575 1504 3644 qui
1537 3576 1665 3655 vitae
1698 3590 1898 3645 genere
1930 3577 2032 3632 ob-

447 3667 596 3725 scuri
628 3668 988 3737 celebresque
1011 3667 1253 3721 fuerant.
1274 3669 1456 3737 Atque
1482 3669 1599 3723 bzcc
1619 3669 1842 3740 quidem
1876 3680 2030 3739 post-

447 3774 612 3831 quam
650 3759 920 3814 Ecclesiae
963 3756 1249 3828 pollicitus
1284 3765 1391 3824 est,
1433 3758 1683 3813 eamdem
1710 3759 1970 3831 deinceps
1999 3776 2031 3815 a

444 3851 650 3923 quibus
687 3849 995 3905 cavendum
1040 3847 1132 3914 sit,
1157 3856 1386 3918 monet;
1411 3847 1540 3904 dum
1575 3849 1642 3904 ab
1672 3851 1854 3922 iniquo
1885 3867 2022 3905 rece-

444 3943 599 4006 dere,
656 3956 720 3995 ne
768 3949 965 3995 tremor
1004 3940 1177 3994 eidem
1215 3941 1639 4011 appropinquet,
1685 3941 1862 4011 jubet.
1922 3943 2031 3999 Eos

443 4033 590 4087 enim
638 4030 903 4101 mysteria
935 4028 1154 4092 edocet,
1186 4030 1371 4099 reipsa
1416 4037 1709 4101 praestans,
1732 4032 1876 4101 quod
1917 4032 2032 4101 fore

447 4121 546 4178 Dei
579 4120 872 4191 discipulos
902 4120 1041 4175 dixit
1075 4138 1090 4177 :
1123 4119 1191 4175 de
1222 4136 1329 4190 quo
1365 4129 1420 4175 et
1463 4121 1557 4175 illa
1600 4118 1829 4191 Sponsae
1860 4124 2029 4179 verba

444 4220 599 4280 sunt,
625 4227 748 4267 cum
788 4210 897 4266 sibi
944 4210 1202 4276 osculum
1235 4211 1352 4265 oris
1373 4210 1495 4282 ejus
1526 4213 1643 4265 dari
1684 4214 1929 4282 postulat
1958 4215 2026 4270 ⁷³.

442 4305 619 4375 Ipsam
659 4305 804 4358 enim
849 4302 1241 4372 prophetarum
1285 4302 1466 4357 verbis
1508 4313 1858 4372 peramanter
1897 4306 2030 4360 olim

2143 1862 2278 1915 γων⁶
2314 1866 2333 1899 ι
2372 1847 2707 1917 Πολυμερῶς
2733 1847 2829 1900 καὶ
2852 1846 3209 1917 πολυτρόπως
3244 1845 3604 1910 πάλαιόΘεὸς
3634 1845 3719 1904 λα-

2140 1935 2312 2008 λήσας
2339 1938 2451 1998 τοῖς
2482 1936 2753 2006 πατράσιν
2780 1935 2839 1987 ὲν
2863 1937 2975 1997 τοῖς
3001 1919 3337 2005 προφήταις,
3384 1933 3471 1985 ἐπ’
3501 1934 3716 2003 ἐσχάτου

2141 2028 2249 2081 τῶν
2301 2026 2526 2099 ἡμερῶν
2569 2026 2774 2080 τούτων
2802 2024 3068 2096 ἐλάλησεν
3103 2027 3236 2096 ἡμῖν
3264 2025 3325 2077 ἐν
3349 2022 3513 2094 Υἱῷ.»
3545 2024 3717 2088 Οὐδεὶς

2140 2112 2249 2184 γὰρ
2276 2116 2429 2185 ἡμῖν,
2463 2113 2539 2178 ὡς
2567 2117 2681 2178 τοῖς
2717 2114 2992 2179 παλαιοῖς,
3029 2113 3414 2184 ἐμεσίτευσεν.
3466 2112 3633 2177 Αὐτὸς
3665 2114 3717 2167 δὲ

2143 2204 2447 2274 σαρκωθεὶς
2477 2206 2505 2257 6
2531 2206 2703 2273 Λόγος
2746 2203 3067 2274 ἐφθέγγετο.
3096 2202 3527 2272 Ἐπαγγέλλεται
3551 2202 3605 2256 δὲ
3634 2205 3717 2258 καὶ

2139 2295 2390 2364 εἰρήνην
2422 2297 2606 2361 αὐηῖς
2645 2298 2672 2349 6
2701 2297 2909 2350 εἰπών·
2962 2316 2982 2348 ι
3027 2296 3271 2369 Εἰρήνην
3316 2296 3418 2368 τὴν
3469 2295 3605 2367 ἐμὴν
3642 2294 3715 2349 δί-

2139 2387 2279 2458 δωμι
2305 2388 2452 2459 ὑμῖν.
2492 2407 2510 2439 ι

2210 2559 2303 2628 Οἷς
2332 2563 2577 2633 ἐπιλέγει
2602 2580 2616 2596 υ
2643 2567 2751 2618 Καὶ
2773 2565 2843 2619 ὲν
2870 2564 3231 2634 δικαιοσύνῃ
3255 2564 3711 2635 οἰκοδομηθήσῃ.

2140 2656 2299 2711 Κατὰ
2324 2656 2523 2728 γὰρ,τδ
2548 2657 2913 2722 δικαιότατον,
2940 2657 3104 2721 αὐτὸς
3143 2657 3172 2709 6
3205 2657 3319 2711 τῶν
3351 2654 3490 2709 ὅλων
3531 2655 3714 2709 οἰκοδό-

2142 2762 2263 2816 μος,
2294 2746 2328 2816 ἡ
2364 2747 2524 2813 σοφία
2573 2745 2671 2799 τοῦ
2696 2745 2857 2812 Θεοῦ,
2912 2747 3044 2810 τοὺς
3088 2745 3301 2810 ζῶντας
3345 2745 3443 2799 καὶ
3473 2745 3714 2813 εὐπαγεῖς

2136 2835 2348 2901 λίθους
2379 2824 2715 2905 προσάπτων
2767 2835 2846 2905 τῇ
2901 2834 3212 2906 οἰκοδομῇ,
3245 2837 3383 2899 τοὺς
3420 2836 3520 2906 μὲν
3547 2835 3714 2889 ἐπάλ-

2137 2924 2263 2993 ξεις
2291 2927 2489 2993 ἐποίει,
2523 2928 2649 2993 τοὺς
2675 2928 2733 2982 δὲ
2759 2929 3077 2999 θεμελίους
3106 2928 3497 2993 κατεϐάλλετο,
3522 2929 3640 2990 τοὺς
3662 2926 3712 2980 δὲ

2138 3018 2197 3071 ἐν
2223 3019 2338 3081 τοῖς
2361 3020 2702 3087 περιϐόλοις
2726 3021 3052 3076 κατέταττε.
3080 3021 3190 3075 Καὶ
3217 3020 3352 3085 τοὺς
3391 3020 3492 3093 μὲν
3518 3019 3711 3091 ἀφώρι-

2138 3106 2230 3173 ζεν
2261 3111 2343 3173 είς
2369 3110 2463 3165 τὸν
2493 3109 2632 3163 νεὼν
2670 3114 2769 3182 τῆς
2804 3112 3037 3179 πόλεως,
3083 3112 3212 3176 τοὺς
3258 3112 3322 3165 δὲ
3349 3114 3432 3176 είς
3471 3110 3538 3165 τὰ
3580 3110 3711 3164 ἐνδο-

2134 3200 2284 3254 τάτω
2311 3200 2407 3254 τοῦ
2440 3202 2594 3256 ναοῦ.
2615 3204 2743 3267 Τοῖς
2765 3203 2823 3257 δὲ
2847 3204 2947 3274 τὴν
2971 3203 3168 3274 λοιπὴν
3193 3203 3355 3256 πόλιν
3381 3202 3619 3272 ἐκόσμει,
3645 3200 3711 3271 μὴ

2133 3289 2429 3361 διακρίνων
2458 3291 2557 3356 τάς
2588 3297 2713 3346 κατ’
2763 3293 3054 3364 ἄνθρωπον
3085 3292 3269 3358 ἀξίας,
3296 3293 3422 3348 οὐδὲ
3450 3293 3528 3356 είς
3555 3290 3709 3362 πρόσ·

2133 3400 2283 3435 ωπον
2301 3383 2544 3456 ἀφορῶν,
2563 3388 2631 3438 ἐκ
2652 3384 2746 3438 τοῦ
2767 3384 2979 3439 δικαίου
3001 3386 3058 3439 δὲ
3080 3386 3296 3448 πάντας
3319 3385 3649 3455 προσέμενος
3671 3380 3708 3448 ί,

2134 3472 2456 3545 ἐλευθέρους
2482 3476 2578 3529 καὶ
2598 3475 2842 3543 δούλους,
2874 3477 3119 3548 πένητας
3148 3476 3243 3530 καὶ
3266 3475 3575 3540 πλουσίους,
3599 3472 3710 3535 τούς

2133 3582 2195 3619 τε
2226 3567 2370 3621 κατὰ
2398 3567 2490 3622 τὸν
2525 3567 2643 3637 βίον
2669 3567 2921 3639 ἀσήμους
2950 3585 3010 3621 τε
3042 3569 3136 3622 καὶ
3166 3570 3512 3639 περιφανεῖς.
3543 3564 3708 3620 Ταῦτα

2132 3663 2200 3732 τῇ
2232 3662 2532 3734 Ἐκκλησία
2556 3664 2966 3735 ὲπηγγελμένος
2988 3663 3118 3733 ἐξῆς
3144 3665 3284 3735 αὐτῇ
3316 3661 3704 3718 διαστέλλεται·

2148 3754 2376 3825 Ἀπέχου
2427 3755 2548 3810 ἀπὸ
2577 3755 2815 3817 ἀδίκου,
2860 3756 2961 3809 καὶ
2988 3756 3207 3824 τρόμος
3232 3757 3354 3809 οὐκ
3388 3753 3575 3825 ἐγτιεῐ
3597 3770 3704 3808 σοι.

2132 3845 2502 3915 Μυσταγωγεϊ
2527 3846 2636 3916 γὰρ
2687 3846 2887 3909 αὐτοὺς
2921 3846 3069 3917 ἔργῳ
3110 3846 3332 3911 δεικνὺς
3367 3846 3448 3911 τὸ,
3479 3845 3705 3899 ἔσονται

2130 3935 2398 3990 διδακτοὶ
2426 3934 2595 3991 Θεοῦ.
2629 3937 2764 4008 Περὶ
2782 3928 2844 3990 οὗ
2876 3936 2971 3990 καὶ
3000 3936 3265 4007 ἡ⁴Νύμφη
3294 3935 3475 4006 λέγει·
3517 3954 3538 3988 ‹
3560 3935 3700 4005 Φιλη-

2132 4032 2282 4085 σάτω
2311 4048 2379 4100 με
2401 4033 2508 4085 ἀπὸ
2537 4033 2860 4102 φιλημάτων
2887 4033 3156 4104 στόματος
3185 4033 3591 4089 αὐτοῦ.›ῐίάλαι
3614 4033 3701 4103 μὲν

2131 4124 2241 4193 γὰρ
2265 4124 2430 4194 αὐτὴν
2461 4124 2850 4194 κατησπάζετο
2891 4126 2982 4180 διὰ
3022 4126 3359 4196 προφητῶν,
3409 4126 3539 4196 πρὸς
3590 4138 3699 4176 συν·

2133 4218 2332 4286 ἀφειαν
2352 4219 2463 4292 τὴν.
2483 4216 2681 4271 ἑαυτοῦ
2708 4217 2889 4271 καλῶν
2917 4218 2986 4271 δι’
3016 4218 3296 4286 ἀγιασμοΰ
3328 4219 3422 4271 καὶ
3452 4213 3700 4270 δικαιοσύ-

2131 4329 2251 4382 νης.
2295 4310 2383 4363 Ἐν
2419 4310 2586 4380 σαρκὶ
2619 4308 2676 4362 δὲ
2704 4309 2987 4379 φανέντος,
3021 4309 3128 4362 ἀπὸ
3163 4308 3486 4379 φιλημάτων
3521 4307 3699 4375 στόμα-

441 4394 710 4450 salutarat
743 4393 990 4463 quidem,
1025 4409 1150 4449 cum
1186 4394 1255 4448 ad
1291 4394 1751 4452 sanetiﬁcationis
1777 4407 1834 4452 et
1858 4399 2027 4468 justi-

2139 4422 2221 4469 τος
2244 4403 2413 4458 αὐτοῦ
2445 4402 2797 4472 πεφιλήμεθα
2834 4403 3010 4473 στόμα
3042 4402 3177 4472 πρὸς
3201 4403 3388 4472 ’στόμα
3435 4397 3698 4471 λελαληκό⁸

440 4487 533 4541 tite
558 4485 908 4556 complexum
937 4486 1202 4542 invitaret
1230 4502 1245 4540 :
1281 4487 1378 4541 sed
1409 4501 1473 4542 ex
1507 4502 1618 4557 quo
1642 4487 1699 4542 in
1733 4503 1901 4544 carne
1932 4507 2031 4557 ap-

432 4583 652 4653 paruit,
681 4595 778 4636 ore
814 4581 881 4635 ad
912 4595 975 4635 os
1002 4582 1293 4637 nobiscum
1343 4597 1703 4653 congressus,
1759 4587 1875 4641 suis
1916 4587 2033 4657 ipse

442 4686 547 4725 nos
579 4672 692 4725 oris
723 4671 935 4726 osculis
965 4673 1254 4729 suaviatus
1280 4681 1385 4727 est.
1410 4672 1502 4726 Ait
1528 4687 1662 4742 ergo
1697 4676 1906 4729 nullum
1931 4676 2031 4731 tibi

441 4766 658 4821 hostem
701 4764 1147 4835 superfuturum,
1186 4767 1231 4820 si
1249 4767 1527 4835 justitiam
1559 4753 1734 4824 colas.
1768 4768 2031 4839 Sequitur

443 4856 641 4911 deinde
674 4853 786 4935 {Et
811 4871 927 4909 ecce
952 4849 1206 4925 proselyti
1247 4856 1495 4909 accedent
1522 4856 1594 4909 ad
1626 4866 1673 4910 te
1699 4872 1791 4925 per
1818 4875 1939 4922 me;
1973 4868 2030 4913 ut

442 4960 561 5012 eos,
600 4947 695 5015 qui
742 4962 853 5001 uno
892 4962 1114 5017 quoque
1155 4958 1400 5017 tempore
1449 4947 1517 5004 de
1546 4950 1790 5020 gentium
1829 4967 2029 5006 nume-

441 5052 528 5101 ro,
560 5045 657 5091 aut
677 5037 842 5092 etiam
887 5035 1228 5101 Iudaeorum,
1266 5040 1331 5092 ad
1360 5040 1511 5108 ipsos
1539 5053 1917 5108 accesserunt,
1943 5043 2027 5096 in-

443 5128 611 5183 dicet.
651 5127 853 5184 Gentes
884 5130 1031 5184 enim
1065 5130 1215 5199 ipsas
1245 5144 1273 5183 ιι
1308 5138 1463 5200 tergo
1491 5141 1823 5201 sequuntur,
1853 5149 2033 5204 quan-

440 5217 697 5273 tumlibet
742 5226 901 5274 antea
936 5219 1147 5289 priores
1193 5219 1517 5275 incederent
1549 5239 1562 5275 :
1589 5219 1814 5293 jamque
1842 5239 2024 5293 prose-

394 5384 401 5387 _
443 5309 543 5380 lyti
575 5309 837 5380 gentibus
869 5310 1026 5375 liunt,
1067 5312 1161 5381 qui
1202 5311 1426 5366 easdem
1467 5312 1598 5366 olim
1640 5312 1696 5367 in
1726 5315 2020 5386 prpselgtos

513 5427 558 5459 ⁶⁷
588 5429 604 5481 ι
629 5428 757 5481 Cor.
788 5444 870 5490 ιιι,
912 5428 1092 5483 11-15.

440 5495 768 5563 Xltl,11,1‘.’£.
865 5498 912 5529 ⁷³
948 5498 1108 5550 ile‘er.
1141 5506 1238 5568 I,l,
1265 5495 1391 5559 2:“
1426 5499 1585 5555 Joau.
1623 5518 1735 5568 xw,
1769 5504 1862 5567 27,

516 5684 532 5725 ἱ
570 5699 657 5755 πρ.
694 5684 1072 5754 προσιέμενος.

2130 4515 2222 4559 τος
2251 4498 2403 4568 ἡμῖν.
2435 4494 2605 4565 Φησὶν
2628 4490 2742 4559 οὖν,
2775 4495 2852 4559 ὡς
2884 4494 3072 4557 Οὐδεὶς
3097 4492 3292 4565 ἐχθρός
3319 4511 3413 4546 σου
3436 4486 3701 4566 ῖπεριγενίν

2132 4604 2285 4641 σεται
2316 4583 2575 4662 τιμώσης
2602 4584 2671 4639 τὸ
2713 4584 2971 4638 δίκαιον.
3013 4583 3123 4637 Καὶ
3169 4580 3299 4636 ἰδοὺ
3347 4581 3697 4651 προσήλυτοι

2130 4678 2677 4747 προσελεύσονται,
2733 4675 2890 4746 φησὶ,
2923 4673 2997 4727 δι’
3044 4672 3217 4741 ἐμοῦ,
3252 4674 3380 4737 τοὺς
3420 4675 3480 4726 ἐν
3506 4672 3697 4739 ἑκάστῳ

2131 4766 2667 4839 καιρῷπροσιόντας
2704 4767 2771 4835 τῇ
2804 4763 2985 4818 πίστει
3018 4762 3194 4834 δηλῶν
3236 4761 3300 4829 ἐξ
3334 4760 3520 4827 ἐθνῶν,
3552 4761 3583 4832 ἢ
3614 4758 3694 4813 καὶ

2131 4858 2191 4923 ἐξ
2251 4858 2432 4911 αὐτῶν
2484 4856 2791 4910 Ἰουδαίων.
2846 4855 3097 4910 Κατόπιν
3144 4853 3255 4927 γὰρ
3306 4853 3572 4909 τέθεινται
3600 4850 3691 4903 τῶν

2129 4950 2322 5016 ἐθνῶν,
2354 4949 2536 5001 καίτοι
2565 4946 2793 5018 πρώτην
2846 4946 3067 5018 ἔχοντες
3102 4947 3287 5015 τάξιν,
3333 4949 3430 5002 καὶ
3460 4946 3691 5017 γεγόνασι

2129 5040 2509 5109 προσήλυτοι
2529 5041 2639 5102 τοῖς
2664 5038 2723 5103 ἐξ
2755 5038 2946 5104 ἐθνῶν,
2982 5040 3032 5093 oi
3063 5037 3234 5095 πᾶλαι
3263 5040 3481 5101 τούτους
3522 5048 3688 5105 προσο

2128 5132 2397 5199 ηλύτους
2419 5129 2725 5201 δεχόμενοι.
2762 5126 2911 5200 Πλὴν
2939 5130 3031 5181 καὶ
3059 5128 3217 5183 τοῦτο
3258 5128 3333 5182 δι’
3365 5127 3527 5198 ἐμοῦ,
3552 5121 3686 5193 φησι.

2129 5225 2229 5277 Διὰ
2265 5224 2375 5293 γὰρ
2409 5221 2649 5292 Χριστοῦ
2676 5223 2710 5292 ἡ
2743 5221 2965 5276 πάντων
2990 5219 3318 5293 ἐπιστροφὴ,
3349 5219 3443 5273 καὶ
3470 5217 3594 5288 πρὸς
3612 5213 3688 5265 τὸν

2134 5315 2359 5386 Πατέρα
2386 5315 2480 5368 καὶ
2503 5308 2808 5377 Θεὸνόδός.
2846 5330 2866 5366 t
2904 5310 3095 5374 Οὐδεὶς
3121 5312 3234 5383 γὰρ
3276 5309 3511 5383 ἔρχεται,
3552 5305 3682 5374 φησι.

1193 5429 1238 5462 ⁸⁸
1266 5429 1463 5499 Ephes.
1502 5446 1562 5494 ιι,
1600 5429 1692 5486 20.
1771 5433 1815 5465 θ’
1852 5434 2035 5490 ΙΡριΓ.

1194 5506 1238 5561 Ι.
1265 5505 1319 5559 2.
1347 5499 1391 5530 7"
1426 5499 1585 5555 Joau.
1623 5518 1735 5561 xw.
1769 5504 1862 5561 ογ,
1942 5508 2035 5561 τις(

2153 5435 2206 5492 5.
2282 5435 2332 5556 ἕο
2367 5431 2563 5513 Matth.
2599 5428 2884 5496 “111,8,9.
2914 5431 2960 5461 τι
2992 5427 3224 5486 Zachar.
3263 5440 3339 5495 ιι,
3371 5421 3454 5480 16.
3527 5417 3681 5474 "In.

2141 5515 2176 5560 ι.
2212 5523 2249 5561 ι.
2324 5544 2337 5556 .

1946 5522 1987 5538 “'
2017 5522 2176 5561 ωιιιι.
2212 5523 2249 5567 1,
2282 5522 2337 5556 ι.

1755 5617 1988 5675 νΑΒΙΑῐ
2024 5618 2426 5677 LECTIONES.
2514 5626 2533 5641 ‘
