  <div class='ocr_page' id='page_1' title='image "/cluster/home/n/w/nwhite01/storage/ocr_20150623/87:pt.2/coo.31924054869908/516.png"; bbox 0 0 3916 6416; ppageno 0'>
   <div class='ocr_carea' id='block_1_1' title="bbox 319 349 463 415">
    <p class='ocr_par' dir='ltr' id='par_1_1' title="bbox 319 349 463 415">
     <span class='ocr_line' id='line_1_1' title="bbox 319 349 463 415; baseline 0.014 -2"><span class='ocrx_word' id='word_1_1' title='bbox 319 349 463 415; x_wconf 74' lang='grc'><strong>2545</strong></span> 
     </span>
    </p>
   </div>
   <div class='ocr_carea' id='block_1_2' title="bbox 1450 357 2427 419">
    <p class='ocr_par' dir='ltr' id='par_1_2' title="bbox 1450 357 2427 419">
     <span class='ocr_line' id='line_1_2' title="bbox 1450 357 2427 419; baseline 0.003 -3"><span class='ocrx_word' id='word_1_2' title='bbox 1450 357 1983 419; x_wconf 68' lang='lat' dir='ltr'><strong>COMMENTARII</strong></span> <span class='ocrx_word' id='word_1_3' title='bbox 2022 358 2101 418; x_wconf 82' lang='lat' dir='ltr'><strong>IN</strong></span> <span class='ocrx_word' id='word_1_4' title='bbox 2145 359 2427 419; x_wconf 73' lang='lat' dir='ltr'><strong>ISAIAM.</strong></span> 
     </span>
    </p>
   </div>
   <div class='ocr_carea' id='block_1_3' title="bbox 3438 348 3580 412">
    <p class='ocr_par' dir='ltr' id='par_1_3' title="bbox 3438 348 3580 412">
     <span class='ocr_line' id='line_1_3' title="bbox 3438 348 3580 412; baseline 0 -1"><span class='ocrx_word' id='word_1_5' title='bbox 3438 348 3580 412; x_wconf 64' lang='grc'><strong>2546</strong></span> 
     </span>
    </p>
   </div>
   <div class='ocr_carea' id='block_1_4' title="bbox 325 453 1927 531">
    <p class='ocr_par' dir='ltr' id='par_1_4' title="bbox 325 458 1902 531">
     <span class='ocr_line' id='line_1_4' title="bbox 325 458 1902 531; baseline 0.001 -21"><span class='ocrx_word' id='word_1_6' title='bbox 325 458 462 531; x_wconf 74' lang='grc' dir='ltr'>πρὸς</span> <span class='ocrx_word' id='word_1_7' title='bbox 514 459 609 512; x_wconf 79' lang='grc' dir='ltr'><strong>τὸν</strong></span> <span class='ocrx_word' id='word_1_8' title='bbox 652 459 893 530; x_wconf 79' lang='grc' dir='ltr'>Πατέρα,</span> <span class='ocrx_word' id='word_1_9' title='bbox 953 459 1000 511; x_wconf 83' lang='grc' dir='ltr'><strong>εἰ</strong></span> <span class='ocrx_word' id='word_1_10' title='bbox 1052 458 1129 530; x_wconf 68' lang='grc' dir='ltr'>μὴ</span> <span class='ocrx_word' id='word_1_11' title='bbox 1174 459 1238 512; x_wconf 83' lang='grc' dir='ltr'>δι’</span> <span class='ocrx_word' id='word_1_12' title='bbox 1296 459 1451 529; x_wconf 74' lang='grc' dir='ltr'>ἐμοῦ.</span> <span class='ocrx_word' id='word_1_13' title='bbox 1492 480 1510 511; x_wconf 78' lang='grc' dir='ltr'><strong>ι</strong></span> <span class='ocrx_word' id='word_1_14' title='bbox 1556 459 1662 513; x_wconf 79' lang='grc' dir='ltr'><strong>Καὶ</strong></span> <span class='ocrx_word' id='word_1_15' title='bbox 1708 459 1902 513; x_wconf 71' lang='grc' dir='ltr'>πάλιν·</span> 
     </span>
    </p>
   </div>
   <div class='ocr_carea' id='block_1_5' title="bbox 2016 453 3576 531">
    <p class='ocr_par' dir='ltr' id='par_1_5' title="bbox 2016 453 3576 530">
     <span class='ocr_line' id='line_1_5' title="bbox 2016 453 3576 530; baseline -0.004 -17"><span class='ocrx_word' id='word_1_16' title='bbox 2016 460 2373 515; x_wconf 82' lang='lat' dir='ltr'><strong>admittebant</strong></span> <span class='ocrx_word' id='word_1_17' title='bbox 2413 483 2423 516; x_wconf 85' lang='lat'>:</span> <span class='ocrx_word' id='word_1_18' title='bbox 2467 459 2608 530; x_wconf 90' lang='lat' dir='ltr'><strong>quod</strong></span> <span class='ocrx_word' id='word_1_19' title='bbox 2654 476 2745 530; x_wconf 85' lang='lat' dir='ltr'><strong>per</strong></span> <span class='ocrx_word' id='word_1_20' title='bbox 2795 476 2849 514; x_wconf 84' lang='lat' dir='ltr'><strong>se</strong></span> <span class='ocrx_word' id='word_1_21' title='bbox 2902 468 3082 513; x_wconf 89' lang='lat' dir='ltr'><strong>tamen</strong></span> <span class='ocrx_word' id='word_1_22' title='bbox 3142 453 3309 510; x_wconf 88' lang='lat' dir='ltr'><strong>etiam</strong></span> <span class='ocrx_word' id='word_1_23' title='bbox 3372 454 3576 508; x_wconf 75' lang='lat' dir='ltr'><strong>factum</strong></span> 
     </span>
    </p>
   </div>
   <div class='ocr_carea' id='block_1_6' title="bbox 333 551 1841 623">
    <p class='ocr_par' dir='ltr' id='par_1_6' title="bbox 333 551 1841 623">
     <span class='ocr_line' id='line_1_6' title="bbox 333 551 1841 623; baseline 0.001 -21"><span class='ocrx_word' id='word_1_24' title='bbox 333 570 353 602; x_wconf 71' lang='grc' dir='ltr'><strong>ι</strong></span> <span class='ocrx_word' id='word_1_25' title='bbox 400 552 540 621; x_wconf 81' lang='grc' dir='ltr'><strong>Ἐγὼ</strong></span> <span class='ocrx_word' id='word_1_26' title='bbox 567 553 683 622; x_wconf 73' lang='grc' dir='ltr'>εἶμι</span> <span class='ocrx_word' id='word_1_27' title='bbox 713 554 746 623; x_wconf 87' lang='grc' dir='ltr'><strong>ή</strong></span> <span class='ocrx_word' id='word_1_28' title='bbox 782 552 919 615; x_wconf 71' lang='grc' dir='ltr'>ὁδός.</span> <span class='ocrx_word' id='word_1_29' title='bbox 962 572 981 604; x_wconf 76' lang='grc' dir='ltr'><strong>ι</strong></span> <span class='ocrx_word' id='word_1_30' title='bbox 1008 552 1137 618; x_wconf 69' lang='grc' dir='ltr'>Καὶ,</span> <span class='ocrx_word' id='word_1_31' title='bbox 1175 571 1192 604; x_wconf 82' lang='grc' dir='ltr'><strong>ι</strong></span> <span class='ocrx_word' id='word_1_32' title='bbox 1235 552 1375 621; x_wconf 80' lang='grc' dir='ltr'><strong>Ἐγώ</strong></span> <span class='ocrx_word' id='word_1_33' title='bbox 1408 554 1584 623; x_wconf 79' lang='grc' dir='ltr'>είμιή</span> <span class='ocrx_word' id='word_1_34' title='bbox 1619 551 1781 623; x_wconf 81' lang='grc' dir='ltr'>Θύρα.</span> <span class='ocrx_word' id='word_1_35' title='bbox 1823 569 1841 603; x_wconf 80' lang='grc' dir='ltr'><strong>ι</strong></span> 
     </span>
    </p>
   </div>
   <div class='ocr_carea' id='block_1_7' title="bbox 2009 545 3581 623">
    <p class='ocr_par' dir='ltr' id='par_1_7' title="bbox 2009 545 3581 623">
     <span class='ocr_line' id='line_1_7' title="bbox 2009 545 3581 623; baseline -0.004 -18"><span class='ocrx_word' id='word_1_36' title='bbox 2009 567 2131 606; x_wconf 83' lang='lat' dir='ltr'><strong>esse</strong></span> <span class='ocrx_word' id='word_1_37' title='bbox 2157 555 2376 608; x_wconf 81' lang='lat' dir='ltr'><strong>asserit.</strong></span> <span class='ocrx_word' id='word_1_38' title='bbox 2407 551 2504 607; x_wconf 83' lang='lat' dir='ltr'><strong>Est</strong></span> <span class='ocrx_word' id='word_1_39' title='bbox 2545 567 2781 621; x_wconf 83' lang='lat' dir='ltr'><strong>namque</strong></span> <span class='ocrx_word' id='word_1_40' title='bbox 2820 550 2988 623; x_wconf 79' lang='lat'><strong>619</strong></span> <span class='ocrx_word' id='word_1_41' title='bbox 3013 549 3258 605; x_wconf 89' lang='lat' dir='ltr'><strong>omnium</strong></span> <span class='ocrx_word' id='word_1_42' title='bbox 3296 562 3390 618; x_wconf 87' lang='lat' dir='ltr'><strong>per</strong></span> <span class='ocrx_word' id='word_1_43' title='bbox 3417 545 3581 599; x_wconf 74' lang='lat' dir='ltr'><strong>Chri-</strong></span> 
     </span>
    </p>
   </div>
   <div class='ocr_carea' id='block_1_8' title="bbox 329 642 3581 719">
    <p class='ocr_par' dir='ltr' id='par_1_8' title="bbox 329 642 3581 719">
     <span class='ocr_line' id='line_1_8' title="bbox 329 642 3581 719; baseline -0.003 -15"><span class='ocrx_word' id='word_1_44' title='bbox 329 653 473 704; x_wconf 75' lang='lat' dir='ltr'><strong>stum</strong></span> <span class='ocrx_word' id='word_1_45' title='bbox 501 646 819 712; x_wconf 78' lang='lat' dir='ltr'><strong>conversio,</strong></span> <span class='ocrx_word' id='word_1_46' title='bbox 850 657 904 701; x_wconf 89' lang='lat' dir='ltr'><strong>ct</strong></span> <span class='ocrx_word' id='word_1_47' title='bbox 926 662 1017 715; x_wconf 81' lang='lat' dir='ltr'><strong>per</strong></span> <span class='ocrx_word' id='word_1_48' title='bbox 1038 648 1287 703; x_wconf 74' lang='lat' dir='ltr'><strong>eun&#39;ulem</strong></span> <span class='ocrx_word' id='word_1_49' title='bbox 1315 648 1379 703; x_wconf 76' lang='lat' dir='ltr'><strong>ad</strong></span> <span class='ocrx_word' id='word_1_50' title='bbox 1416 646 1654 714; x_wconf 75' lang='lat' dir='ltr'><strong>Patrem,</strong></span> <span class='ocrx_word' id='word_1_51' title='bbox 1690 656 1745 704; x_wconf 87' lang='lat' dir='ltr'><strong>et</strong></span> <span class='ocrx_word' id='word_1_52' title='bbox 1766 646 1936 702; x_wconf 85' lang='lat' dir='ltr'><strong>Deum</strong></span> <span class='ocrx_word' id='word_1_53' title='bbox 1956 646 2064 700; x_wconf 82' lang='lat' dir='ltr'><strong>via.</strong></span> <span class='ocrx_word' id='word_1_54' title='bbox 2104 665 2121 698; x_wconf 83' lang='grc' dir='ltr'><strong>ι</strong></span> <span class='ocrx_word' id='word_1_55' title='bbox 2164 648 2331 703; x_wconf 78' lang='lat' dir='ltr'><strong>Nemo</strong></span> <span class='ocrx_word' id='word_1_56' title='bbox 2361 649 2528 713; x_wconf 87' lang='lat' dir='ltr'><strong>enim,</strong></span> <span class='ocrx_word' id='word_1_57' title='bbox 2560 648 2759 719; x_wconf 86' lang='lat' dir='ltr'><strong>inquit,</strong></span> <span class='ocrx_word' id='word_1_58' title='bbox 2786 648 2932 702; x_wconf 79' lang='lat' dir='ltr'><strong>venit</strong></span> <span class='ocrx_word' id='word_1_59' title='bbox 2954 646 3019 699; x_wconf 85' lang='lat' dir='ltr'><strong>ad</strong></span> <span class='ocrx_word' id='word_1_60' title='bbox 3036 644 3252 699; x_wconf 82' lang='lat' dir='ltr'><strong>Patrem</strong></span> <span class='ocrx_word' id='word_1_61' title='bbox 3312 642 3422 697; x_wconf 83' lang='lat' dir='ltr'><strong>nisi</strong></span> <span class='ocrx_word' id='word_1_62' title='bbox 3487 658 3581 711; x_wconf 73' lang='lat' dir='ltr'><strong>per</strong></span> 
     </span>
    </p>
   </div>
   <div class='ocr_carea' id='block_1_9' title="bbox 332 741 1927 813">
    <p class='ocr_par' dir='ltr' id='par_1_9' title="bbox 332 741 1901 813">
     <span class='ocr_line' id='line_1_9' title="bbox 332 741 1901 813; baseline 0.001 -17"><span class='ocrx_word' id='word_1_63' title='bbox 332 758 417 798; x_wconf 87' lang='lat' dir='ltr'><strong>me</strong></span> <span class='ocrx_word' id='word_1_64' title='bbox 449 744 513 797; x_wconf 80' lang='grc'><strong>⁷⁸.</strong></span> <span class='ocrx_word' id='word_1_65' title='bbox 559 763 579 796; x_wconf 73' lang='grc' dir='ltr'><strong>ι</strong></span> <span class='ocrx_word' id='word_1_66' title='bbox 617 741 679 797; x_wconf 83' lang='grc' dir='ltr'>Ει</span> <span class='ocrx_word' id='word_1_67' title='bbox 711 759 944 798; x_wconf 82' lang='lat' dir='ltr'><strong>rursus:</strong></span> <span class='ocrx_word' id='word_1_68' title='bbox 982 762 1000 795; x_wconf 80' lang='grc' dir='ltr'><strong>ι</strong></span> <span class='ocrx_word' id='word_1_69' title='bbox 1035 743 1148 813; x_wconf 81' lang='lat' dir='ltr'><strong>Ego</strong></span> <span class='ocrx_word' id='word_1_70' title='bbox 1164 760 1285 799; x_wconf 88' lang='lat' dir='ltr'><strong>sum</strong></span> <span class='ocrx_word' id='word_1_71' title='bbox 1317 744 1401 798; x_wconf 83' lang='lat' dir='ltr'><strong>via</strong></span> <span class='ocrx_word' id='word_1_72' title='bbox 1435 745 1503 797; x_wconf 83' lang='lat'><strong>&quot;.</strong></span> <span class='ocrx_word' id='word_1_73' title='bbox 1542 763 1561 796; x_wconf 75' lang='grc' dir='ltr'><strong>ι</strong></span> <span class='ocrx_word' id='word_1_74' title='bbox 1593 744 1655 797; x_wconf 84' lang='lat' dir='ltr'><strong>Et</strong></span> <span class='ocrx_word' id='word_1_75' title='bbox 1688 763 1700 797; x_wconf 90' lang='lat'>:</span> <span class='ocrx_word' id='word_1_76' title='bbox 1736 761 1757 795; x_wconf 78' lang='grc' dir='ltr'><strong>ι</strong></span> <span class='ocrx_word' id='word_1_77' title='bbox 1788 742 1901 813; x_wconf 73' lang='lat' dir='ltr'><strong>Ego</strong></span> 
     </span>
    </p>
   </div>
   <div class='ocr_carea' id='block_1_10' title="bbox 2016 741 2413 813">
    <p class='ocr_par' dir='ltr' id='par_1_10' title="bbox 2016 743 2413 812">
     <span class='ocr_line' id='line_1_10' title="bbox 2016 743 2413 812; baseline 0.005 -17"><span class='ocrx_word' id='word_1_78' title='bbox 2016 757 2062 795; x_wconf 80' lang='lat' dir='ltr'><strong>in</strong></span> <span class='ocrx_word' id='word_1_79' title='bbox 2083 743 2252 812; x_wconf 87' lang='lat' dir='ltr'><strong>jauua</strong></span> <span class='ocrx_word' id='word_1_80' title='bbox 2285 745 2352 800; x_wconf 76' lang='grc'>’³.</span> <span class='ocrx_word' id='word_1_81' title='bbox 2395 764 2413 797; x_wconf 72' lang='grc' dir='ltr'><strong>ι</strong></span> 
     </span>
    </p>
   </div>
   <div class='ocr_carea' id='block_1_11' title="bbox 401 837 1908 912">
    <p class='ocr_par' dir='ltr' id='par_1_11' title="bbox 401 837 1908 912">
     <span class='ocr_line' id='line_1_11' title="bbox 401 837 1908 912; baseline 0.002 -22"><span class='ocrx_word' id='word_1_82' title='bbox 401 837 557 901; x_wconf 84' lang='grc' dir='ltr'>Τινὲς</span> <span class='ocrx_word' id='word_1_83' title='bbox 583 838 641 891; x_wconf 81' lang='grc' dir='ltr'>δὲ</span> <span class='ocrx_word' id='word_1_84' title='bbox 671 841 1097 907; x_wconf 73' lang='grc' dir='ltr'>προσηλύτους</span> <span class='ocrx_word' id='word_1_85' title='bbox 1126 842 1383 910; x_wconf 77' lang='grc' dir='ltr'>εἰρήκασι</span> <span class='ocrx_word' id='word_1_86' title='bbox 1422 842 1547 903; x_wconf 81' lang='grc' dir='ltr'>τοὺς</span> <span class='ocrx_word' id='word_1_87' title='bbox 1578 842 1637 894; x_wconf 77' lang='grc' dir='ltr'>οὗ</span> <span class='ocrx_word' id='word_1_88' title='bbox 1667 840 1908 912; x_wconf 77' lang='grc' dir='ltr'><strong>γνησίως</strong></span> 
     </span>
    </p>
   </div>
   <div class='ocr_carea' id='block_1_12' title="bbox 330 929 1909 1004">
    <p class='ocr_par' dir='ltr' id='par_1_12' title="bbox 330 929 1909 1004">
     <span class='ocr_line' id='line_1_12' title="bbox 330 929 1909 1004; baseline 0.003 -22"><span class='ocrx_word' id='word_1_89' title='bbox 330 930 449 983; x_wconf 72' lang='grc' dir='ltr'>οὐδὲ</span> <span class='ocrx_word' id='word_1_90' title='bbox 483 929 741 1002; x_wconf 78' lang='grc' dir='ltr'><strong>καθαρῶς</strong></span> <span class='ocrx_word' id='word_1_91' title='bbox 798 933 1143 1002; x_wconf 84' lang='grc' dir='ltr'>προσιόντας,</span> <span class='ocrx_word' id='word_1_92' title='bbox 1181 933 1316 986; x_wconf 84' lang='grc' dir='ltr'>ἀλλὰ</span> <span class='ocrx_word' id='word_1_93' title='bbox 1335 933 1671 1003; x_wconf 75' lang='grc' dir='ltr'><strong>προστασίας</strong></span> <span class='ocrx_word' id='word_1_94' title='bbox 1703 934 1736 1004; x_wconf 76' lang='grc' dir='ltr'>ἤ</span> <span class='ocrx_word' id='word_1_95' title='bbox 1764 949 1909 996; x_wconf 86' lang='grc' dir='ltr'>τινος</span> 
     </span>
    </p>
   </div>
   <div class='ocr_carea' id='block_1_13' title="bbox 331 1020 1907 1091">
    <p class='ocr_par' dir='ltr' id='par_1_13' title="bbox 331 1020 1907 1091">
     <span class='ocr_line' id='line_1_13' title="bbox 331 1020 1907 1091; baseline 0 -18"><span class='ocrx_word' id='word_1_96' title='bbox 331 1020 490 1091; x_wconf 76' lang='grc' dir='ltr'>χάριν</span> <span class='ocrx_word' id='word_1_97' title='bbox 512 1021 804 1089; x_wconf 81' lang='grc' dir='ltr'>ὠφελείας.</span> <span class='ocrx_word' id='word_1_98' title='bbox 836 1021 944 1085; x_wconf 79' lang='grc' dir='ltr'>Οὓς</span> <span class='ocrx_word' id='word_1_99' title='bbox 981 1023 1077 1075; x_wconf 76' lang='grc' dir='ltr'><strong>καὶ</strong></span> <span class='ocrx_word' id='word_1_100' title='bbox 1106 1022 1524 1090; x_wconf 76' lang='grc' dir='ltr'><strong>παροικήσειν,</strong></span> <span class='ocrx_word' id='word_1_101' title='bbox 1549 1021 1661 1075; x_wconf 76' lang='grc' dir='ltr'><strong>ἀλλ’</strong></span> <span class='ocrx_word' id='word_1_102' title='bbox 1685 1022 1746 1074; x_wconf 81' lang='grc' dir='ltr'><strong>οὐ</strong></span> <span class='ocrx_word' id='word_1_103' title='bbox 1774 1037 1907 1074; x_wconf 82' lang='grc' dir='ltr'>κατ-</span> 
     </span>
    </p>
   </div>
   <div class='ocr_carea' id='block_1_14' title="bbox 331 1113 1906 1184">
    <p class='ocr_par' dir='ltr' id='par_1_14' title="bbox 331 1113 1906 1184">
     <span class='ocr_line' id='line_1_14' title="bbox 331 1113 1906 1184; baseline 0 -19"><span class='ocrx_word' id='word_1_104' title='bbox 331 1113 577 1183; x_wconf 84' lang='grc' dir='ltr'>οικήσειν</span> <span class='ocrx_word' id='word_1_105' title='bbox 603 1115 790 1184; x_wconf 78' lang='grc' dir='ltr'>φησίν.</span> <span class='ocrx_word' id='word_1_106' title='bbox 842 1114 930 1176; x_wconf 85' lang='grc' dir='ltr'>Ὡς</span> <span class='ocrx_word' id='word_1_107' title='bbox 960 1114 1018 1164; x_wconf 83' lang='grc' dir='ltr'>ὲν</span> <span class='ocrx_word' id='word_1_108' title='bbox 1044 1114 1264 1184; x_wconf 81' lang='grc' dir='ltr'>παρόδῳ</span> <span class='ocrx_word' id='word_1_109' title='bbox 1292 1115 1402 1183; x_wconf 78' lang='grc' dir='ltr'>γὰρ</span> <span class='ocrx_word' id='word_1_110' title='bbox 1436 1115 1485 1167; x_wconf 84' lang='lat' dir='ltr'><strong>oi</strong></span> <span class='ocrx_word' id='word_1_111' title='bbox 1517 1113 1746 1167; x_wconf 79' lang='grc' dir='ltr'>τοιοῦτοι</span> <span class='ocrx_word' id='word_1_112' title='bbox 1785 1130 1906 1165; x_wconf 84' lang='grc' dir='ltr'>ποι-</span> 
     </span>
    </p>
   </div>
   <div class='ocr_carea' id='block_1_15' title="bbox 329 1202 1905 1278">
    <p class='ocr_par' dir='ltr' id='par_1_15' title="bbox 329 1202 1905 1278">
     <span class='ocr_line' id='line_1_15' title="bbox 329 1202 1905 1278; baseline 0 -20"><span class='ocrx_word' id='word_1_113' title='bbox 329 1202 518 1258; x_wconf 84' lang='grc' dir='ltr'>οὖνται</span> <span class='ocrx_word' id='word_1_114' title='bbox 540 1205 642 1275; x_wconf 72' lang='grc' dir='ltr'>τὴν</span> <span class='ocrx_word' id='word_1_115' title='bbox 674 1207 899 1272; x_wconf 80' lang='grc' dir='ltr'><strong>εἴσοδον,</strong></span> <span class='ocrx_word' id='word_1_116' title='bbox 942 1207 1108 1259; x_wconf 72' lang='grc' dir='ltr'>οἱονεὶ</span> <span class='ocrx_word' id='word_1_117' title='bbox 1131 1208 1268 1276; x_wconf 77' lang='grc' dir='ltr'>αὐτῇ</span> <span class='ocrx_word' id='word_1_118' title='bbox 1306 1206 1759 1278; x_wconf 74' lang='grc' dir='ltr'>προσφεύγοντες.</span> <span class='ocrx_word' id='word_1_119' title='bbox 1787 1207 1905 1274; x_wconf 80' lang='grc' dir='ltr'><strong>Ἐφ’</strong></span> 
     </span>
    </p>
   </div>
   <div class='ocr_carea' id='block_1_16' title="bbox 328 1292 1907 1369">
    <p class='ocr_par' dir='ltr' id='par_1_16' title="bbox 328 1292 1907 1369">
     <span class='ocr_line' id='line_1_16' title="bbox 328 1292 1907 1369; baseline 0.003 -21"><span class='ocrx_word' id='word_1_120' title='bbox 328 1292 409 1360; x_wconf 71' lang='grc' dir='ltr'>οἷς</span> <span class='ocrx_word' id='word_1_121' title='bbox 435 1304 635 1364; x_wconf 72' lang='grc' dir='ltr'>φησιν·</span> <span class='ocrx_word' id='word_1_122' title='bbox 674 1298 826 1353; x_wconf 84' lang='grc' dir='ltr'>Ἰδοὺ</span> <span class='ocrx_word' id='word_1_123' title='bbox 857 1299 971 1369; x_wconf 80' lang='grc' dir='ltr'>ἐγὼ</span> <span class='ocrx_word' id='word_1_124' title='bbox 1009 1298 1177 1359; x_wconf 75' lang='grc' dir='ltr'>κτίζω</span> <span class='ocrx_word' id='word_1_125' title='bbox 1216 1314 1312 1364; x_wconf 83' lang='grc' dir='ltr'><strong>σε,</strong></span> <span class='ocrx_word' id='word_1_126' title='bbox 1349 1303 1463 1369; x_wconf 82' lang='grc' dir='ltr'><strong>οὐχ</strong></span> <span class='ocrx_word' id='word_1_127' title='bbox 1518 1301 1599 1365; x_wconf 89' lang='grc' dir='ltr'>ὡς</span> <span class='ocrx_word' id='word_1_128' title='bbox 1643 1299 1907 1368; x_wconf 70' lang='grc' dir='ltr'>χαλκεὺς</span> 
     </span>
    </p>
   </div>
   <div class='ocr_carea' id='block_1_17' title="bbox 326 1388 1904 1465">
    <p class='ocr_par' dir='ltr' id='par_1_17' title="bbox 326 1388 1904 1465">
     <span class='ocr_line' id='line_1_17' title="bbox 326 1388 1904 1465; baseline 0.001 -24"><span class='ocrx_word' id='word_1_129' title='bbox 326 1388 545 1456; x_wconf 69' lang='grc' dir='ltr'>φυσῶν</span> <span class='ocrx_word' id='word_1_130' title='bbox 587 1388 911 1458; x_wconf 78' lang='grc' dir='ltr'>ἄνθρακας.</span> <span class='ocrx_word' id='word_1_131' title='bbox 980 1389 1124 1458; x_wconf 78' lang='grc' dir='ltr'>Ἐγώ</span> <span class='ocrx_word' id='word_1_132' title='bbox 1178 1407 1260 1443; x_wconf 87' lang='grc' dir='ltr'><strong>σοι</strong></span> <span class='ocrx_word' id='word_1_133' title='bbox 1296 1391 1471 1444; x_wconf 81' lang='grc' dir='ltr'>ταῦτα</span> <span class='ocrx_word' id='word_1_134' title='bbox 1531 1392 1670 1444; x_wconf 84' lang='grc' dir='ltr'>ποιῶ</span> <span class='ocrx_word' id='word_1_135' title='bbox 1705 1390 1904 1465; x_wconf 76' lang='grc' dir='ltr'>λέγων,</span> 
     </span>
    </p>
   </div>
   <div class='ocr_carea' id='block_1_18' title="bbox 327 1479 1907 1553">
    <p class='ocr_par' dir='ltr' id='par_1_18' title="bbox 327 1479 1907 1553">
     <span class='ocr_line' id='line_1_18' title="bbox 327 1479 1907 1553; baseline 0.001 -22"><span class='ocrx_word' id='word_1_136' title='bbox 327 1480 515 1550; x_wconf 77' lang='grc' dir='ltr'>ἐπειδὴ</span> <span class='ocrx_word' id='word_1_137' title='bbox 543 1481 639 1535; x_wconf 77' lang='grc' dir='ltr'><strong>καὶ</strong></span> <span class='ocrx_word' id='word_1_138' title='bbox 667 1479 777 1549; x_wconf 73' lang='grc' dir='ltr'><strong>ἐγώ</strong></span> <span class='ocrx_word' id='word_1_139' title='bbox 808 1498 900 1535; x_wconf 89' lang='grc' dir='ltr'><strong>σου</strong></span> <span class='ocrx_word' id='word_1_140' title='bbox 931 1482 1203 1549; x_wconf 81' lang='grc' dir='ltr'><strong>κτίστης.</strong></span> <span class='ocrx_word' id='word_1_141' title='bbox 1231 1482 1437 1551; x_wconf 79' lang='grc' dir='ltr'>Μωσῆς</span> <span class='ocrx_word' id='word_1_142' title='bbox 1488 1481 1590 1553; x_wconf 86' lang='grc' dir='ltr'><strong>μὲν</strong></span> <span class='ocrx_word' id='word_1_143' title='bbox 1638 1482 1768 1551; x_wconf 84' lang='grc' dir='ltr'>γὰρ,</span> <span class='ocrx_word' id='word_1_144' title='bbox 1812 1481 1907 1535; x_wconf 79' lang='grc' dir='ltr'><strong>καὶ</strong></span> 
     </span>
    </p>
   </div>
   <div class='ocr_carea' id='block_1_19' title="bbox 327 1568 1906 1644">
    <p class='ocr_par' dir='ltr' id='par_1_19' title="bbox 327 1568 1906 1644">
     <span class='ocr_line' id='line_1_19' title="bbox 327 1568 1906 1644; baseline 0.002 -22"><span class='ocrx_word' id='word_1_145' title='bbox 327 1568 601 1640; x_wconf 74' lang='grc' dir='ltr'>Σολομῶν,</span> <span class='ocrx_word' id='word_1_146' title='bbox 633 1573 727 1625; x_wconf 79' lang='grc' dir='ltr'>καὶ</span> <span class='ocrx_word' id='word_1_147' title='bbox 755 1572 1081 1643; x_wconf 82' lang='grc' dir='ltr'>Ζοροϐάϐελ,</span> <span class='ocrx_word' id='word_1_148' title='bbox 1125 1572 1419 1642; x_wconf 80' lang='grc' dir='ltr'>σωματικὰ</span> <span class='ocrx_word' id='word_1_149' title='bbox 1441 1572 1535 1625; x_wconf 73' lang='grc' dir='ltr'><strong>καὶ</strong></span> <span class='ocrx_word' id='word_1_150' title='bbox 1560 1572 1906 1644; x_wconf 71' lang='grc' dir='ltr'><strong>ὀλιγοχρόνια</strong></span> 
     </span>
    </p>
   </div>
   <div class='ocr_carea' id='block_1_20' title="bbox 326 1662 1908 1736">
    <p class='ocr_par' dir='ltr' id='par_1_20' title="bbox 326 1662 1908 1736">
     <span class='ocr_line' id='line_1_20' title="bbox 326 1662 1908 1736; baseline 0.003 -24"><span class='ocrx_word' id='word_1_151' title='bbox 326 1662 546 1715; x_wconf 78' lang='grc' dir='ltr'>ἐποίουν</span> <span class='ocrx_word' id='word_1_152' title='bbox 573 1680 588 1695; x_wconf 78' lang='grc' dir='ltr'><strong>ο</strong></span> <span class='ocrx_word' id='word_1_153' title='bbox 628 1663 657 1716; x_wconf 81' lang='grc' dir='ltr'>ὁ</span> <span class='ocrx_word' id='word_1_154' title='bbox 694 1665 793 1734; x_wconf 74' lang='grc' dir='ltr'>μὲν</span> <span class='ocrx_word' id='word_1_155' title='bbox 823 1665 1052 1736; x_wconf 74' lang='grc' dir='ltr'>σκηνὴν,</span> <span class='ocrx_word' id='word_1_156' title='bbox 1104 1667 1152 1718; x_wconf 79' lang='grc' dir='ltr'><strong>οἱ</strong></span> <span class='ocrx_word' id='word_1_157' title='bbox 1189 1665 1247 1717; x_wconf 78' lang='grc' dir='ltr'>δὲ</span> <span class='ocrx_word' id='word_1_158' title='bbox 1282 1663 1438 1728; x_wconf 85' lang='grc' dir='ltr'>νεώς.</span> <span class='ocrx_word' id='word_1_159' title='bbox 1484 1665 1598 1718; x_wconf 80' lang='grc' dir='ltr'><strong>Νῦν</strong></span> <span class='ocrx_word' id='word_1_160' title='bbox 1643 1665 1700 1718; x_wconf 79' lang='grc' dir='ltr'><strong>δὲ</strong></span> <span class='ocrx_word' id='word_1_161' title='bbox 1746 1665 1908 1729; x_wconf 72' lang='grc' dir='ltr'>αὐτὸς</span> 
     </span>
    </p>
   </div>
   <div class='ocr_carea' id='block_1_21' title="bbox 328 1751 1909 1829">
    <p class='ocr_par' dir='ltr' id='par_1_21' title="bbox 328 1751 1909 1829">
     <span class='ocr_line' id='line_1_21' title="bbox 328 1751 1909 1829; baseline 0.002 -24"><span class='ocrx_word' id='word_1_162' title='bbox 328 1751 440 1820; x_wconf 68' lang='grc' dir='ltr'>ἐγὼ</span> <span class='ocrx_word' id='word_1_163' title='bbox 462 1755 491 1805; x_wconf 84' lang='grc' dir='ltr'><strong>ὁ</strong></span> <span class='ocrx_word' id='word_1_164' title='bbox 519 1754 628 1807; x_wconf 82' lang='grc' dir='ltr'><strong>τῶν</strong></span> <span class='ocrx_word' id='word_1_165' title='bbox 655 1754 793 1809; x_wconf 83' lang='grc' dir='ltr'>ὅλων</span> <span class='ocrx_word' id='word_1_166' title='bbox 822 1756 1045 1829; x_wconf 85' lang='grc' dir='ltr'>Κύριος,</span> <span class='ocrx_word' id='word_1_167' title='bbox 1074 1757 1141 1810; x_wconf 85' lang='grc' dir='ltr'>δι’</span> <span class='ocrx_word' id='word_1_168' title='bbox 1167 1756 1408 1826; x_wconf 80' lang='grc' dir='ltr'>ἐμαυτοῦ</span> <span class='ocrx_word' id='word_1_169' title='bbox 1444 1775 1503 1811; x_wconf 88' lang='grc' dir='ltr'><strong>σε</strong></span> <span class='ocrx_word' id='word_1_170' title='bbox 1532 1756 1746 1812; x_wconf 78' lang='grc' dir='ltr'>ἔκτισα</span> <span class='ocrx_word' id='word_1_171' title='bbox 1765 1772 1779 1786; x_wconf 82' lang='grc'><strong><em>⁸</em></strong></span> <span class='ocrx_word' id='word_1_172' title='bbox 1816 1756 1909 1810; x_wconf 71' lang='grc' dir='ltr'>ἐπὶ</span> 
     </span>
    </p>
   </div>
   <div class='ocr_carea' id='block_1_22' title="bbox 326 1844 1907 1920">
    <p class='ocr_par' dir='ltr' id='par_1_22' title="bbox 326 1844 1907 1920">
     <span class='ocr_line' id='line_1_22' title="bbox 326 1844 1907 1920; baseline 0.003 -23"><span class='ocrx_word' id='word_1_173' title='bbox 326 1844 425 1914; x_wconf 77' lang='grc' dir='ltr'>τὴν</span> <span class='ocrx_word' id='word_1_174' title='bbox 463 1846 673 1917; x_wconf 79' lang='grc' dir='ltr'>πέτραν</span> <span class='ocrx_word' id='word_1_175' title='bbox 701 1848 1064 1920; x_wconf 78' lang='grc' dir='ltr'>οἰκοδομήσας</span> <span class='ocrx_word' id='word_1_176' title='bbox 1103 1866 1203 1920; x_wconf 87' lang='grc' dir='ltr'><strong>μου</strong></span> <span class='ocrx_word' id='word_1_177' title='bbox 1232 1849 1328 1919; x_wconf 87' lang='grc' dir='ltr'><strong>τὴν</strong></span> <span class='ocrx_word' id='word_1_178' title='bbox 1366 1848 1717 1919; x_wconf 80' lang='grc' dir='ltr'>Ἐκκλησίαν.</span> <span class='ocrx_word' id='word_1_179' title='bbox 1771 1849 1907 1902; x_wconf 82' lang='grc' dir='ltr'><strong>Ἕκ·</strong></span> 
     </span>
    </p>
   </div>
   <div class='ocr_carea' id='block_1_23' title="bbox 326 1939 1909 2012">
    <p class='ocr_par' dir='ltr' id='par_1_23' title="bbox 326 1939 1909 2012">
     <span class='ocr_line' id='line_1_23' title="bbox 326 1939 1909 2012; baseline 0.002 -22"><span class='ocrx_word' id='word_1_180' title='bbox 326 1953 467 1992; x_wconf 71' lang='lat' dir='ltr'><strong>non</strong></span> <span class='ocrx_word' id='word_1_181' title='bbox 493 1939 551 1992; x_wconf 80' lang='grc' dir='ltr'><strong>δέ</strong></span> <span class='ocrx_word' id='word_1_182' title='bbox 590 1953 664 1993; x_wconf 71' lang='grc' dir='ltr'><strong>σε</strong></span> <span class='ocrx_word' id='word_1_183' title='bbox 710 1941 773 1993; x_wconf 83' lang='grc' dir='ltr'>οὐ</span> <span class='ocrx_word' id='word_1_184' title='bbox 823 1941 988 2011; x_wconf 80' lang='grc' dir='ltr'>τέχνῃ</span> <span class='ocrx_word' id='word_1_185' title='bbox 1016 1944 1123 1995; x_wconf 74' lang='grc' dir='ltr'>τινὶ</span> <span class='ocrx_word' id='word_1_186' title='bbox 1152 1941 1486 2012; x_wconf 81' lang='grc' dir='ltr'>ἀνθρωπίνῃ,</span> <span class='ocrx_word' id='word_1_187' title='bbox 1545 1940 1701 2011; x_wconf 81' lang='grc' dir='ltr'><strong>θεῖκῇ</strong></span> <span class='ocrx_word' id='word_1_188' title='bbox 1734 1940 1790 1994; x_wconf 79' lang='grc' dir='ltr'><strong>δὲ</strong></span> <span class='ocrx_word' id='word_1_189' title='bbox 1815 1940 1909 1993; x_wconf 74' lang='grc' dir='ltr'>καὶ</span> 
     </span>
    </p>
   </div>
   <div class='ocr_carea' id='block_1_24' title="bbox 326 2030 1909 2104">
    <p class='ocr_par' dir='ltr' id='par_1_24' title="bbox 326 2030 1909 2104">
     <span class='ocr_line' id='line_1_24' title="bbox 326 2030 1909 2104; baseline 0.002 -23"><span class='ocrx_word' id='word_1_190' title='bbox 326 2030 554 2099; x_wconf 61' lang='grc' dir='ltr'>ἀρρήτῳ</span> <span class='ocrx_word' id='word_1_191' title='bbox 587 2031 791 2101; x_wconf 84' lang='grc' dir='ltr'>χάριτι.</span> <span class='ocrx_word' id='word_1_192' title='bbox 820 2033 894 2085; x_wconf 83' lang='grc' dir='ltr'><strong>Οὐ</strong></span> <span class='ocrx_word' id='word_1_193' title='bbox 924 2033 1035 2104; x_wconf 84' lang='grc' dir='ltr'>γὰρ</span> <span class='ocrx_word' id='word_1_194' title='bbox 1060 2032 1136 2095; x_wconf 87' lang='grc' dir='ltr'>ὼς</span> <span class='ocrx_word' id='word_1_195' title='bbox 1166 2031 1430 2102; x_wconf 75' lang='grc' dir='ltr'><strong>χαλκεὺς</strong></span> <span class='ocrx_word' id='word_1_196' title='bbox 1453 2032 1521 2086; x_wconf 86' lang='grc' dir='ltr'>δι’</span> <span class='ocrx_word' id='word_1_197' title='bbox 1550 2031 1784 2103; x_wconf 81' lang='grc' dir='ltr'>ὀργάνου</span> <span class='ocrx_word' id='word_1_198' title='bbox 1815 2032 1909 2085; x_wconf 77' lang='grc' dir='ltr'><strong>καὶ</strong></span> 
     </span>
    </p>
   </div>
   <div class='ocr_carea' id='block_1_25' title="bbox 2078 836 3581 913">
    <p class='ocr_par' dir='ltr' id='par_1_25' title="bbox 2078 836 3581 913">
     <span class='ocr_line' id='line_1_25' title="bbox 2078 836 3581 913; baseline -0.005 -19"><span class='ocrx_word' id='word_1_199' title='bbox 2078 840 2244 897; x_wconf 84' lang='lat' dir='ltr'><strong>Aiunt</strong></span> <span class='ocrx_word' id='word_1_200' title='bbox 2280 842 2527 897; x_wconf 83' lang='lat' dir='ltr'><strong>nonnulli</strong></span> <span class='ocrx_word' id='word_1_201' title='bbox 2564 841 2946 913; x_wconf 72' lang='lat' dir='ltr'><strong>prosely-‘orum</strong></span> <span class='ocrx_word' id='word_1_202' title='bbox 2973 839 3196 893; x_wconf 85' lang='lat' dir='ltr'><strong>nomine</strong></span> <span class='ocrx_word' id='word_1_203' title='bbox 3245 852 3341 891; x_wconf 85' lang='lat' dir='ltr'><strong>cos</strong></span> <span class='ocrx_word' id='word_1_204' title='bbox 3369 836 3581 904; x_wconf 68' lang='lat' dir='ltr'><strong>signifi-</strong></span> 
     </span>
    </p>
   </div>
   <div class='ocr_carea' id='block_1_26' title="bbox 2007 929 3582 1005">
    <p class='ocr_par' dir='ltr' id='par_1_26' title="bbox 2007 929 3582 1005">
     <span class='ocr_line' id='line_1_26' title="bbox 2007 929 3582 1005; baseline -0.006 -16"><span class='ocrx_word' id='word_1_205' title='bbox 2007 936 2143 1001; x_wconf 85' lang='lat' dir='ltr'><strong>cari,</strong></span> <span class='ocrx_word' id='word_1_206' title='bbox 2179 936 2271 1005; x_wconf 90' lang='lat' dir='ltr'><strong>qui</strong></span> <span class='ocrx_word' id='word_1_207' title='bbox 2306 950 2414 988; x_wconf 90' lang='lat' dir='ltr'><strong>non</strong></span> <span class='ocrx_word' id='word_1_208' title='bbox 2449 951 2576 989; x_wconf 79' lang='lat' dir='ltr'><strong>vere</strong></span> <span class='ocrx_word' id='word_1_209' title='bbox 2607 944 2658 988; x_wconf 89' lang='lat' dir='ltr'><strong>ct</strong></span> <span class='ocrx_word' id='word_1_210' title='bbox 2708 935 2941 998; x_wconf 86' lang='lat' dir='ltr'><strong>sincere,</strong></span> <span class='ocrx_word' id='word_1_211' title='bbox 2989 931 3082 985; x_wconf 86' lang='lat' dir='ltr'><strong>sed</strong></span> <span class='ocrx_word' id='word_1_212' title='bbox 3136 929 3347 998; x_wconf 82' lang='lat' dir='ltr'><strong>imperii</strong></span> <span class='ocrx_word' id='word_1_213' title='bbox 3394 937 3447 982; x_wconf 86' lang='lat' dir='ltr'><strong>et</strong></span> <span class='ocrx_word' id='word_1_214' title='bbox 3497 929 3582 981; x_wconf 74' lang='lat' dir='ltr'><strong>tli-</strong></span> 
     </span>
    </p>
   </div>
   <div class='ocr_carea' id='block_1_27' title="bbox 2006 1023 3579 1099">
    <p class='ocr_par' dir='ltr' id='par_1_27' title="bbox 2006 1023 3579 1099">
     <span class='ocr_line' id='line_1_27' title="bbox 2006 1023 3579 1099; baseline -0.006 -18"><span class='ocrx_word' id='word_1_215' title='bbox 2006 1027 2251 1099; x_wconf 80' lang='lat' dir='ltr'><strong>gnitatis,</strong></span> <span class='ocrx_word' id='word_1_216' title='bbox 2293 1037 2388 1080; x_wconf 88' lang='lat' dir='ltr'><strong>aut.</strong></span> <span class='ocrx_word' id='word_1_217' title='bbox 2439 1027 2689 1082; x_wconf 74' lang='lat' dir='ltr'><strong>utilitatis</strong></span> <span class='ocrx_word' id='word_1_218' title='bbox 2720 1027 2883 1081; x_wconf 84' lang='lat' dir='ltr'><strong>etiam</strong></span> <span class='ocrx_word' id='word_1_219' title='bbox 2922 1023 3155 1091; x_wconf 77' lang='lat' dir='ltr'><strong>alicujus</strong></span> <span class='ocrx_word' id='word_1_220' title='bbox 3193 1024 3369 1089; x_wconf 69' lang='lat' dir='ltr'><strong>gratia</strong></span> <span class='ocrx_word' id='word_1_221' title='bbox 3421 1037 3579 1074; x_wconf 62' lang='grc' dir='ltr'>αρυσ-</span> 
     </span>
    </p>
   </div>
   <div class='ocr_carea' id='block_1_28' title="bbox 2006 1111 3577 1189">
    <p class='ocr_par' dir='ltr' id='par_1_28' title="bbox 2006 1111 3577 1189">
     <span class='ocr_line' id='line_1_28' title="bbox 2006 1111 3577 1189; baseline -0.006 -16"><span class='ocrx_word' id='word_1_222' title='bbox 2006 1120 2142 1174; x_wconf 86' lang='lat' dir='ltr'><strong>dunt</strong></span> <span class='ocrx_word' id='word_1_223' title='bbox 2175 1138 2187 1173; x_wconf 88' lang='lat'><strong>:</strong></span> <span class='ocrx_word' id='word_1_224' title='bbox 2222 1134 2360 1189; x_wconf 86' lang='lat' dir='ltr'><strong>quos</strong></span> <span class='ocrx_word' id='word_1_225' title='bbox 2396 1118 2520 1173; x_wconf 82' lang='lat' dir='ltr'><strong>item</strong></span> <span class='ocrx_word' id='word_1_226' title='bbox 2546 1117 2794 1179; x_wconf 75' lang='lat' dir='ltr'><strong>advenas,</strong></span> <span class='ocrx_word' id='word_1_227' title='bbox 2829 1130 2935 1169; x_wconf 90' lang='lat' dir='ltr'><strong>non</strong></span> <span class='ocrx_word' id='word_1_228' title='bbox 2968 1114 3179 1168; x_wconf 82' lang='lat' dir='ltr'><strong>incolas</strong></span> <span class='ocrx_word' id='word_1_229' title='bbox 3217 1111 3333 1165; x_wconf 82' lang='lat' dir='ltr'><strong>fore</strong></span> <span class='ocrx_word' id='word_1_230' title='bbox 3366 1112 3577 1179; x_wconf 81' lang='lat' dir='ltr'><strong>signiti-</strong></span> 
     </span>
    </p>
   </div>
   <div class='ocr_carea' id='block_1_29' title="bbox 2006 1204 3577 1278">
    <p class='ocr_par' dir='ltr' id='par_1_29' title="bbox 2006 1204 3577 1278">
     <span class='ocr_line' id='line_1_29' title="bbox 2006 1204 3577 1278; baseline -0.008 -13"><span class='ocrx_word' id='word_1_231' title='bbox 2006 1217 2115 1265; x_wconf 86' lang='lat' dir='ltr'><strong>cat.</strong></span> <span class='ocrx_word' id='word_1_232' title='bbox 2154 1212 2283 1263; x_wconf 89' lang='lat' dir='ltr'><strong>Eam</strong></span> <span class='ocrx_word' id='word_1_233' title='bbox 2313 1210 2483 1278; x_wconf 87' lang='lat' dir='ltr'><strong>ipsam</strong></span> <span class='ocrx_word' id='word_1_234' title='bbox 2516 1208 2683 1273; x_wconf 85' lang='lat' dir='ltr'><strong>enim,</strong></span> <span class='ocrx_word' id='word_1_235' title='bbox 2709 1207 2799 1276; x_wconf 90' lang='lat' dir='ltr'><strong>qui</strong></span> <span class='ocrx_word' id='word_1_236' title='bbox 2832 1214 2960 1260; x_wconf 88' lang='lat' dir='ltr'><strong>sunt</strong></span> <span class='ocrx_word' id='word_1_237' title='bbox 2992 1204 3285 1273; x_wconf 82' lang='lat' dir='ltr'><strong>ejusmodi,</strong></span> <span class='ocrx_word' id='word_1_238' title='bbox 3320 1214 3577 1271; x_wconf 62' lang='lat' dir='ltr'><strong>tanquam</strong></span> 
     </span>
    </p>
   </div>
   <div class='ocr_carea' id='block_1_30' title="bbox 2007 1293 3578 1362">
    <p class='ocr_par' dir='ltr' id='par_1_30' title="bbox 2007 1293 3578 1362">
     <span class='ocr_line' id='line_1_30' title="bbox 2007 1293 3578 1362; baseline -0.004 -11"><span class='ocrx_word' id='word_1_239' title='bbox 2007 1298 2062 1351; x_wconf 90' lang='lat' dir='ltr'><strong>in</strong></span> <span class='ocrx_word' id='word_1_240' title='bbox 2128 1298 2365 1352; x_wconf 82' lang='lat' dir='ltr'><strong>transitu</strong></span> <span class='ocrx_word' id='word_1_241' title='bbox 2429 1297 2496 1351; x_wconf 88' lang='lat' dir='ltr'><strong>ad</strong></span> <span class='ocrx_word' id='word_1_242' title='bbox 2557 1312 2676 1351; x_wconf 89' lang='lat' dir='ltr'><strong>eam</strong></span> <span class='ocrx_word' id='word_1_243' title='bbox 2740 1295 3088 1349; x_wconf 82' lang='lat' dir='ltr'><strong>diversentur</strong></span> <span class='ocrx_word' id='word_1_244' title='bbox 3158 1293 3578 1362; x_wconf 82' lang='lat' dir='ltr'><strong>ingrediuntur.</strong></span> 
     </span>
    </p>
   </div>
   <div class='ocr_carea' id='block_1_31' title="bbox 2005 1386 3578 1458">
    <p class='ocr_par' dir='ltr' id='par_1_31' title="bbox 2005 1386 3578 1458">
     <span class='ocr_line' id='line_1_31' title="bbox 2005 1386 3578 1458; baseline -0.004 -15"><span class='ocrx_word' id='word_1_245' title='bbox 2005 1389 2202 1444; x_wconf 84' lang='lat' dir='ltr'><strong>Postea</strong></span> <span class='ocrx_word' id='word_1_246' title='bbox 2256 1390 2446 1458; x_wconf 81' lang='lat' dir='ltr'><strong>adjicit</strong></span> <span class='ocrx_word' id='word_1_247' title='bbox 2485 1406 2497 1442; x_wconf 92' lang='lat'>:</span> <span class='ocrx_word' id='word_1_248' title='bbox 2533 1387 2665 1441; x_wconf 78' lang='lat' dir='ltr'><strong>Ecce</strong></span> <span class='ocrx_word' id='word_1_249' title='bbox 2720 1404 2810 1458; x_wconf 83' lang='lat' dir='ltr'><strong>cgo</strong></span> <span class='ocrx_word' id='word_1_250' title='bbox 2871 1402 2999 1450; x_wconf 74' lang='lat' dir='ltr'><strong>creo</strong></span> <span class='ocrx_word' id='word_1_251' title='bbox 3035 1396 3099 1451; x_wconf 85' lang='lat' dir='ltr'><strong>te,</strong></span> <span class='ocrx_word' id='word_1_252' title='bbox 3133 1402 3235 1438; x_wconf 84' lang='lat' dir='ltr'><strong>non</strong></span> <span class='ocrx_word' id='word_1_253' title='bbox 3270 1394 3321 1435; x_wconf 83' lang='lat' dir='ltr'><strong>ut</strong></span> <span class='ocrx_word' id='word_1_254' title='bbox 3353 1386 3578 1436; x_wconf 54' lang='lat' dir='ltr'><strong>amarius</strong></span> 
     </span>
    </p>
   </div>
   <div class='ocr_carea' id='block_1_32' title="bbox 2006 1472 3579 1550">
    <p class='ocr_par' dir='ltr' id='par_1_32' title="bbox 2006 1472 3579 1550">
     <span class='ocr_line' id='line_1_32' title="bbox 2006 1472 3579 1550; baseline -0.007 -18"><span class='ocrx_word' id='word_1_255' title='bbox 2006 1478 2221 1550; x_wconf 76' lang='lat' dir='ltr'><strong>stt/ﬂans</strong></span> <span class='ocrx_word' id='word_1_256' title='bbox 2259 1477 2312 1531; x_wconf 83' lang='lat' dir='ltr'><strong>in</strong></span> <span class='ocrx_word' id='word_1_257' title='bbox 2361 1478 2477 1547; x_wconf 86' lang='lat' dir='ltr'><strong>igne</strong></span> <span class='ocrx_word' id='word_1_258' title='bbox 2505 1493 2726 1547; x_wconf 83' lang='lat' dir='ltr'><strong>prunas.</strong></span> <span class='ocrx_word' id='word_1_259' title='bbox 2765 1476 2877 1546; x_wconf 76' lang='lat' dir='ltr'><strong>Ego</strong></span> <span class='ocrx_word' id='word_1_260' title='bbox 2906 1490 2933 1528; x_wconf 89' lang='lat' dir='ltr'><strong>a</strong></span> <span class='ocrx_word' id='word_1_261' title='bbox 2966 1490 3049 1527; x_wconf 90' lang='lat' dir='ltr'><strong>me</strong></span> <span class='ocrx_word' id='word_1_262' title='bbox 3081 1474 3198 1539; x_wconf 84' lang='lat' dir='ltr'><strong>til.i,</strong></span> <span class='ocrx_word' id='word_1_263' title='bbox 3231 1472 3431 1542; x_wconf 85' lang='lat' dir='ltr'><strong>inquit,</strong></span> <span class='ocrx_word' id='word_1_264' title='bbox 3479 1475 3579 1525; x_wconf 72' lang='lat' dir='ltr'><strong>ista</strong></span> 
     </span>
    </p>
   </div>
   <div class='ocr_carea' id='block_1_33' title="bbox 2006 1560 3583 1638">
    <p class='ocr_par' dir='ltr' id='par_1_33' title="bbox 2006 1560 3583 1638">
     <span class='ocr_line' id='line_1_33' title="bbox 2006 1560 3583 1638; baseline -0.004 -18"><span class='ocrx_word' id='word_1_265' title='bbox 2006 1569 2274 1638; x_wconf 72' lang='lat' dir='ltr'><strong>prmstari,</strong></span> <span class='ocrx_word' id='word_1_266' title='bbox 2310 1582 2339 1622; x_wconf 88' lang='lat' dir='ltr'><strong>a</strong></span> <span class='ocrx_word' id='word_1_267' title='bbox 2371 1582 2480 1636; x_wconf 90' lang='lat' dir='ltr'><strong>quo</strong></span> <span class='ocrx_word' id='word_1_268' title='bbox 2515 1572 2721 1618; x_wconf 83' lang='lat' dir='ltr'><strong>creatus</strong></span> <span class='ocrx_word' id='word_1_269' title='bbox 2765 1581 2841 1626; x_wconf 86' lang='lat' dir='ltr'><strong>es,</strong></span> <span class='ocrx_word' id='word_1_270' title='bbox 2899 1562 3140 1631; x_wconf 80' lang='lat' dir='ltr'><strong>ignorari</strong></span> <span class='ocrx_word' id='word_1_271' title='bbox 3207 1562 3352 1614; x_wconf 89' lang='lat' dir='ltr'><strong>nolo.</strong></span> <span class='ocrx_word' id='word_1_272' title='bbox 3407 1560 3583 1615; x_wconf 79' lang='lat' dir='ltr'><strong>Moses</strong></span> 
     </span>
    </p>
   </div>
   <div class='ocr_carea' id='block_1_34' title="bbox 2006 1653 3583 1721">
    <p class='ocr_par' dir='ltr' id='par_1_34' title="bbox 2006 1653 3583 1721">
     <span class='ocr_line' id='line_1_34' title="bbox 2006 1653 3583 1721; baseline -0.004 -9"><span class='ocrx_word' id='word_1_273' title='bbox 2006 1660 2150 1713; x_wconf 82' lang='lat' dir='ltr'><strong>enim</strong></span> <span class='ocrx_word' id='word_1_274' title='bbox 2182 1667 2235 1713; x_wconf 92' lang='lat' dir='ltr'><strong>et</strong></span> <span class='ocrx_word' id='word_1_275' title='bbox 2266 1658 2547 1720; x_wconf 86' lang='lat' dir='ltr'><strong>Solomon,</strong></span> <span class='ocrx_word' id='word_1_276' title='bbox 2580 1663 2635 1711; x_wconf 90' lang='lat' dir='ltr'><strong>et</strong></span> <span class='ocrx_word' id='word_1_277' title='bbox 2679 1653 3005 1717; x_wconf 66' lang='lat' dir='ltr'><strong>&#39;ImrubabeL</strong></span> <span class='ocrx_word' id='word_1_278' title='bbox 3037 1669 3299 1721; x_wconf 76' lang='lat' dir='ltr'><strong>corporea</strong></span> <span class='ocrx_word' id='word_1_279' title='bbox 3345 1654 3495 1717; x_wconf 88' lang='lat' dir='ltr'><strong>olim,</strong></span> <span class='ocrx_word' id='word_1_280' title='bbox 3529 1666 3583 1706; x_wconf 87' lang='lat' dir='ltr'><strong>et</strong></span> 
     </span>
    </p>
   </div>
   <div class='ocr_carea' id='block_1_35' title="bbox 2008 1744 3583 1820">
    <p class='ocr_par' dir='ltr' id='par_1_35' title="bbox 2008 1744 3583 1820">
     <span class='ocr_line' id='line_1_35' title="bbox 2008 1744 3583 1820; baseline -0.003 -18"><span class='ocrx_word' id='word_1_281' title='bbox 2008 1766 2128 1818; x_wconf 64' lang='lat' dir='ltr'><strong>quie</strong></span> <span class='ocrx_word' id='word_1_282' title='bbox 2161 1766 2269 1804; x_wconf 90' lang='lat' dir='ltr'><strong>non</strong></span> <span class='ocrx_word' id='word_1_283' title='bbox 2323 1751 2483 1820; x_wconf 77' lang='lat' dir='ltr'><strong>longo</strong></span> <span class='ocrx_word' id='word_1_284' title='bbox 2536 1756 2721 1818; x_wconf 77' lang='lat' dir='ltr'><strong>postea</strong></span> <span class='ocrx_word' id='word_1_285' title='bbox 2767 1755 3011 1815; x_wconf 84' lang='lat' dir='ltr'><strong>tempore</strong></span> <span class='ocrx_word' id='word_1_286' title='bbox 3066 1744 3355 1798; x_wconf 77' lang='lat' dir='ltr'><strong>interitura</strong></span> <span class='ocrx_word' id='word_1_287' title='bbox 3406 1755 3583 1803; x_wconf 81' lang='lat' dir='ltr'><strong>erant.</strong></span> 
     </span>
    </p>
   </div>
   <div class='ocr_carea' id='block_1_36' title="bbox 2009 1836 3582 1910">
    <p class='ocr_par' dir='ltr' id='par_1_36' title="bbox 2009 1836 3582 1910">
     <span class='ocr_line' id='line_1_36' title="bbox 2009 1836 3582 1910; baseline -0.007 -13"><span class='ocrx_word' id='word_1_288' title='bbox 2009 1842 2291 1910; x_wconf 80' lang='lat' dir='ltr'><strong>fecerunt;</strong></span> <span class='ocrx_word' id='word_1_289' title='bbox 2365 1840 2779 1895; x_wconf 81' lang='lat' dir='ltr'><strong>tabernaculum</strong></span> <span class='ocrx_word' id='word_1_290' title='bbox 2849 1839 2939 1891; x_wconf 89' lang='lat' dir='ltr'><strong>ille</strong></span> <span class='ocrx_word' id='word_1_291' title='bbox 2992 1837 3253 1907; x_wconf 84' lang='lat' dir='ltr'><strong>quidem;</strong></span> <span class='ocrx_word' id='word_1_292' title='bbox 3318 1836 3582 1904; x_wconf 77' lang='lat' dir='ltr'><strong>templmi</strong></span> 
     </span>
    </p>
   </div>
   <div class='ocr_carea' id='block_1_37' title="bbox 2010 1922 3585 2000">
    <p class='ocr_par' dir='ltr' id='par_1_37' title="bbox 2010 1922 3585 2000">
     <span class='ocr_line' id='line_1_37' title="bbox 2010 1922 3585 2000; baseline -0.008 -12"><span class='ocrx_word' id='word_1_293' title='bbox 2010 1946 2189 1989; x_wconf 90' lang='lat' dir='ltr'><strong>autem</strong></span> <span class='ocrx_word' id='word_1_294' title='bbox 2245 1932 2357 1988; x_wconf 85' lang='lat' dir='ltr'><strong>isti.</strong></span> <span class='ocrx_word' id='word_1_295' title='bbox 2400 1931 2508 1987; x_wconf 86' lang='lat' dir='ltr'><strong>Sed</strong></span> <span class='ocrx_word' id='word_1_296' title='bbox 2540 1931 2653 2000; x_wconf 83' lang='lat' dir='ltr'><strong>jam</strong></span> <span class='ocrx_word' id='word_1_297' title='bbox 2693 1929 2834 1983; x_wconf 88' lang='lat' dir='ltr'><strong>idem</strong></span> <span class='ocrx_word' id='word_1_298' title='bbox 2884 1922 2998 1999; x_wconf 83' lang='lat' dir='ltr'><strong>ego,</strong></span> <span class='ocrx_word' id='word_1_299' title='bbox 3055 1927 3147 1997; x_wconf 88' lang='lat' dir='ltr'><strong>qui</strong></span> <span class='ocrx_word' id='word_1_300' title='bbox 3199 1927 3585 1980; x_wconf 76' lang='lat' dir='ltr'><strong>universorum</strong></span> 
     </span>
    </p>
   </div>
   <div class='ocr_carea' id='block_1_38' title="bbox 2016 2018 3588 2095">
    <p class='ocr_par' dir='ltr' id='par_1_38' title="bbox 2016 2018 3588 2095">
     <span class='ocr_line' id='line_1_38' title="bbox 2016 2018 3588 2095; baseline -0.005 -15"><span class='ocrx_word' id='word_1_301' title='bbox 2016 2026 2278 2081; x_wconf 87' lang='lat' dir='ltr'><strong>Dominus</strong></span> <span class='ocrx_word' id='word_1_302' title='bbox 2308 2026 2435 2079; x_wconf 81' lang='lat' dir='ltr'><strong>olim</strong></span> <span class='ocrx_word' id='word_1_303' title='bbox 2470 2033 2691 2095; x_wconf 81' lang='lat' dir='ltr'><strong>propter</strong></span> <span class='ocrx_word' id='word_1_304' title='bbox 2732 2038 2815 2077; x_wconf 91' lang='lat' dir='ltr'><strong>me</strong></span> <span class='ocrx_word' id='word_1_305' title='bbox 2848 2022 3026 2090; x_wconf 81' lang='lat' dir='ltr'><strong>ipsum</strong></span> <span class='ocrx_word' id='word_1_306' title='bbox 3069 2030 3117 2074; x_wconf 86' lang='lat' dir='ltr'><strong>te</strong></span> <span class='ocrx_word' id='word_1_307' title='bbox 3152 2021 3361 2083; x_wconf 86' lang='lat' dir='ltr'><strong>creavi,</strong></span> <span class='ocrx_word' id='word_1_308' title='bbox 3404 2018 3588 2073; x_wconf 81' lang='lat' dir='ltr'><strong>Eccle-</strong></span> 
     </span>
    </p>
   </div>
   <div class='ocr_carea' id='block_1_39' title="bbox 325 2111 1927 2194">
    <p class='ocr_par' dir='ltr' id='par_1_39' title="bbox 325 2120 1906 2194">
     <span class='ocr_line' id='line_1_39' title="bbox 325 2120 1906 2194; baseline 0.003 -23"><span class='ocrx_word' id='word_1_309' title='bbox 325 2121 522 2188; x_wconf 72' lang='grc' dir='ltr'>πυρός.</span> <span class='ocrx_word' id='word_1_310' title='bbox 555 2120 816 2174; x_wconf 82' lang='grc' dir='ltr'><strong>Τοιαῦται</strong></span> <span class='ocrx_word' id='word_1_311' title='bbox 855 2122 964 2194; x_wconf 85' lang='grc' dir='ltr'><strong>γὰρ</strong></span> <span class='ocrx_word' id='word_1_312' title='bbox 997 2123 1110 2176; x_wconf 84' lang='grc' dir='ltr'><strong>τῶν</strong></span> <span class='ocrx_word' id='word_1_313' title='bbox 1145 2122 1450 2194; x_wconf 84' lang='grc' dir='ltr'>ἀνθρώπων</span> <span class='ocrx_word' id='word_1_314' title='bbox 1485 2125 1541 2176; x_wconf 80' lang='lat' dir='ltr'><strong>al</strong></span> <span class='ocrx_word' id='word_1_315' title='bbox 1569 2124 1775 2193; x_wconf 77' lang='grc' dir='ltr'>τέχναι.</span> <span class='ocrx_word' id='word_1_316' title='bbox 1816 2124 1906 2176; x_wconf 83' lang='grc' dir='ltr'>Διὸ</span> 
     </span>
    </p>
   </div>
   <div class='ocr_carea' id='block_1_40' title="bbox 2016 2111 3590 2194">
    <p class='ocr_par' dir='ltr' id='par_1_40' title="bbox 2016 2114 3590 2188">
     <span class='ocr_line' id='line_1_40' title="bbox 2016 2114 3590 2188; baseline -0.008 -12"><span class='ocrx_word' id='word_1_317' title='bbox 2016 2122 2146 2176; x_wconf 88' lang='lat' dir='ltr'><strong>siam</strong></span> <span class='ocrx_word' id='word_1_318' title='bbox 2181 2134 2357 2175; x_wconf 85' lang='lat' dir='ltr'><strong>meam</strong></span> <span class='ocrx_word' id='word_1_319' title='bbox 2392 2133 2557 2188; x_wconf 86' lang='lat' dir='ltr'><strong>super</strong></span> <span class='ocrx_word' id='word_1_320' title='bbox 2604 2124 2813 2187; x_wconf 89' lang='lat' dir='ltr'><strong>petram</strong></span> <span class='ocrx_word' id='word_1_321' title='bbox 2852 2114 3061 2169; x_wconf 71' lang='lat' dir='ltr'><strong>aedifico</strong></span> <span class='ocrx_word' id='word_1_322' title='bbox 3090 2114 3159 2168; x_wconf 74' lang='grc' dir='ltr'><strong>τ’.</strong></span> <span class='ocrx_word' id='word_1_323' title='bbox 3220 2114 3409 2181; x_wconf 82' lang='lat' dir='ltr'><strong>Neque</strong></span> <span class='ocrx_word' id='word_1_324' title='bbox 3456 2127 3590 2164; x_wconf 74' lang='lat' dir='ltr'><strong>vero</strong></span> 
     </span>
    </p>
   </div>
   <div class='ocr_carea' id='block_1_41' title="bbox 326 2212 1908 2287">
    <p class='ocr_par' dir='ltr' id='par_1_41' title="bbox 326 2212 1908 2287">
     <span class='ocr_line' id='line_1_41' title="bbox 326 2212 1908 2287; baseline 0.005 -24"><span class='ocrx_word' id='word_1_325' title='bbox 326 2214 416 2264; x_wconf 79' lang='grc' dir='ltr'><strong>καὶ</strong></span> <span class='ocrx_word' id='word_1_326' title='bbox 443 2215 524 2276; x_wconf 83' lang='grc' dir='ltr'><strong>είς</strong></span> <span class='ocrx_word' id='word_1_327' title='bbox 556 2212 765 2285; x_wconf 77' lang='grc' dir='ltr'>φθορὰν</span> <span class='ocrx_word' id='word_1_328' title='bbox 787 2218 959 2284; x_wconf 83' lang='grc' dir='ltr'>χωρεῖ</span> <span class='ocrx_word' id='word_1_329' title='bbox 994 2217 1059 2269; x_wconf 78' lang='grc' dir='ltr'>τὰ</span> <span class='ocrx_word' id='word_1_330' title='bbox 1089 2217 1370 2287; x_wconf 82' lang='grc' dir='ltr'>γινόμενα.</span> <span class='ocrx_word' id='word_1_331' title='bbox 1403 2214 1616 2285; x_wconf 68' lang='grc' dir='ltr'>Τούμδν</span> <span class='ocrx_word' id='word_1_332' title='bbox 1668 2217 1722 2269; x_wconf 78' lang='grc' dir='ltr'>δὲ</span> <span class='ocrx_word' id='word_1_333' title='bbox 1755 2217 1908 2271; x_wconf 82' lang='grc' dir='ltr'>ἀδιά-</span> 
     </span>
    </p>
   </div>
   <div class='ocr_carea' id='block_1_42' title="bbox 325 2300 1904 2375">
    <p class='ocr_par' dir='ltr' id='par_1_42' title="bbox 325 2300 1904 2375">
     <span class='ocr_line' id='line_1_42' title="bbox 325 2300 1904 2375; baseline 0.004 -20"><span class='ocrx_word' id='word_1_334' title='bbox 325 2300 528 2373; x_wconf 80' lang='grc' dir='ltr'>φθορον</span> <span class='ocrx_word' id='word_1_335' title='bbox 558 2304 738 2375; x_wconf 69' lang='grc' dir='ltr'>ἔργον.</span> <span class='ocrx_word' id='word_1_336' title='bbox 765 2307 921 2369; x_wconf 76' lang='grc' dir='ltr'>Τινὲς</span> <span class='ocrx_word' id='word_1_337' title='bbox 942 2306 997 2359; x_wconf 81' lang='grc' dir='ltr'>δὲ</span> <span class='ocrx_word' id='word_1_338' title='bbox 1020 2307 1079 2360; x_wconf 81' lang='grc' dir='ltr'>τὺ</span> <span class='ocrx_word' id='word_1_339' title='bbox 1108 2307 1342 2371; x_wconf 74' lang='grc' dir='ltr'>ἔκτισα,</span> <span class='ocrx_word' id='word_1_340' title='bbox 1368 2309 1456 2360; x_wconf 70' lang='grc' dir='ltr'>ἐπὶ</span> <span class='ocrx_word' id='word_1_341' title='bbox 1480 2307 1570 2359; x_wconf 80' lang='grc' dir='ltr'>τοῦ</span> <span class='ocrx_word' id='word_1_342' title='bbox 1593 2307 1904 2375; x_wconf 67' lang='lat' dir='ltr'><strong>(im-futura,</strong></span> 
     </span>
    </p>
   </div>
   <div class='ocr_carea' id='block_1_43' title="bbox 328 2397 1910 2471">
    <p class='ocr_par' dir='ltr' id='par_1_43' title="bbox 328 2397 1910 2471">
     <span class='ocr_line' id='line_1_43' title="bbox 328 2397 1910 2471; baseline 0.004 -24"><span class='ocrx_word' id='word_1_343' title='bbox 328 2397 744 2467; x_wconf 85' lang='grc' dir='ltr'>παρειλήφασιν.</span> <span class='ocrx_word' id='word_1_344' title='bbox 772 2399 934 2469; x_wconf 77' lang='grc' dir='ltr'>Δηλοῖ</span> <span class='ocrx_word' id='word_1_345' title='bbox 958 2400 1013 2452; x_wconf 79' lang='grc' dir='ltr'>δὲ</span> <span class='ocrx_word' id='word_1_346' title='bbox 1038 2400 1127 2453; x_wconf 55' lang='lat' dir='ltr'><strong>etv</strong></span> <span class='ocrx_word' id='word_1_347' title='bbox 1151 2400 1219 2454; x_wconf 81' lang='grc' dir='ltr'>δι’</span> <span class='ocrx_word' id='word_1_348' title='bbox 1247 2400 1404 2468; x_wconf 81' lang='grc' dir='ltr'>ἁγίου</span> <span class='ocrx_word' id='word_1_349' title='bbox 1435 2399 1750 2471; x_wconf 83' lang='grc' dir='ltr'>Πνεύματος</span> <span class='ocrx_word' id='word_1_350' title='bbox 1781 2403 1910 2454; x_wconf 85' lang='grc' dir='ltr'>ἁνα-</span> 
     </span>
    </p>
   </div>
   <div class='ocr_carea' id='block_1_44' title="bbox 328 2487 1907 2559">
    <p class='ocr_par' dir='ltr' id='par_1_44' title="bbox 328 2487 1907 2559">
     <span class='ocr_line' id='line_1_44' title="bbox 328 2487 1907 2559; baseline 0.003 -21"><span class='ocrx_word' id='word_1_351' title='bbox 328 2488 639 2557; x_wconf 77' lang='grc' dir='ltr'>καινισμὸν,</span> <span class='ocrx_word' id='word_1_352' title='bbox 676 2488 866 2559; x_wconf 81' lang='grc' dir='ltr'>ὥσπερ</span> <span class='ocrx_word' id='word_1_353' title='bbox 916 2487 1009 2544; x_wconf 81' lang='grc' dir='ltr'><strong>οὖν</strong></span> <span class='ocrx_word' id='word_1_354' title='bbox 1065 2492 1161 2544; x_wconf 74' lang='grc' dir='ltr'><strong>καὶ</strong></span> <span class='ocrx_word' id='word_1_355' title='bbox 1200 2493 1327 2554; x_wconf 78' lang='grc' dir='ltr'>τοὺς</span> <span class='ocrx_word' id='word_1_356' title='bbox 1355 2492 1449 2545; x_wconf 81' lang='grc' dir='ltr'><strong>δύο</strong></span> <span class='ocrx_word' id='word_1_357' title='bbox 1485 2491 1649 2553; x_wconf 82' lang='grc' dir='ltr'>λαοὺς</span> <span class='ocrx_word' id='word_1_358' title='bbox 1702 2494 1779 2554; x_wconf 84' lang='grc' dir='ltr'><strong>είς</strong></span> <span class='ocrx_word' id='word_1_359' title='bbox 1810 2491 1907 2544; x_wconf 75' lang='grc' dir='ltr'><strong>ἕνα</strong></span> 
     </span>
    </p>
   </div>
   <div class='ocr_carea' id='block_1_45' title="bbox 328 2578 1909 2653">
    <p class='ocr_par' dir='ltr' id='par_1_45' title="bbox 328 2578 1909 2653">
     <span class='ocr_line' id='line_1_45' title="bbox 328 2578 1909 2653; baseline 0.004 -23"><span class='ocrx_word' id='word_1_360' title='bbox 328 2585 531 2632; x_wconf 77' lang='grc' dir='ltr'>κτίσαι</span> <span class='ocrx_word' id='word_1_361' title='bbox 567 2578 788 2648; x_wconf 76' lang='grc' dir='ltr'>λέγεται</span> <span class='ocrx_word' id='word_1_362' title='bbox 838 2581 1023 2635; x_wconf 78' lang='grc' dir='ltr'>καινὸν</span> <span class='ocrx_word' id='word_1_363' title='bbox 1061 2582 1377 2653; x_wconf 81' lang='grc' dir='ltr'>ἄνθρωπον,</span> <span class='ocrx_word' id='word_1_364' title='bbox 1419 2584 1557 2636; x_wconf 85' lang='grc' dir='ltr'><strong>κατὰ</strong></span> <span class='ocrx_word' id='word_1_365' title='bbox 1586 2583 1665 2648; x_wconf 83' lang='grc' dir='ltr'><strong>τὸ,</strong></span> <span class='ocrx_word' id='word_1_366' title='bbox 1707 2602 1726 2635; x_wconf 79' lang='grc' dir='ltr'><strong>ι</strong></span> <span class='ocrx_word' id='word_1_367' title='bbox 1750 2583 1909 2636; x_wconf 76' lang='grc' dir='ltr'><strong>’Λλλὰ</strong></span> 
     </span>
    </p>
   </div>
   <div class='ocr_carea' id='block_1_46' title="bbox 331 2668 1910 2742">
    <p class='ocr_par' dir='ltr' id='par_1_46' title="bbox 331 2668 1910 2742">
     <span class='ocr_line' id='line_1_46' title="bbox 331 2668 1910 2742; baseline 0.003 -21"><span class='ocrx_word' id='word_1_368' title='bbox 331 2668 785 2740; x_wconf 79' lang='grc' dir='ltr'>μεταμορφοῦσθε</span> <span class='ocrx_word' id='word_1_369' title='bbox 808 2674 873 2742; x_wconf 84' lang='grc' dir='ltr'>τῇ</span> <span class='ocrx_word' id='word_1_370' title='bbox 905 2671 1265 2726; x_wconf 77' lang='grc' dir='ltr'>ἀνακαινώσει</span> <span class='ocrx_word' id='word_1_371' title='bbox 1291 2672 1383 2724; x_wconf 81' lang='grc' dir='ltr'>τοῦ</span> <span class='ocrx_word' id='word_1_372' title='bbox 1410 2674 1525 2735; x_wconf 63' lang='grc' dir='ltr'>νοὶς</span> <span class='ocrx_word' id='word_1_373' title='bbox 1547 2672 1751 2741; x_wconf 75' lang='grc' dir='ltr'>ὑμῶν.»</span> <span class='ocrx_word' id='word_1_374' title='bbox 1785 2673 1910 2736; x_wconf 80' lang='grc' dir='ltr'>Τοῖς</span> 
     </span>
    </p>
   </div>
   <div class='ocr_carea' id='block_1_47' title="bbox 326 2760 1908 2836">
    <p class='ocr_par' dir='ltr' id='par_1_47' title="bbox 326 2760 1908 2836">
     <span class='ocr_line' id='line_1_47' title="bbox 326 2760 1908 2836; baseline 0.002 -23"><span class='ocrx_word' id='word_1_375' title='bbox 326 2760 380 2813; x_wconf 77' lang='grc' dir='ltr'>δὲ</span> <span class='ocrx_word' id='word_1_376' title='bbox 418 2760 683 2824; x_wconf 81' lang='grc' dir='ltr'>τοιούτοις</span> <span class='ocrx_word' id='word_1_377' title='bbox 731 2762 923 2831; x_wconf 79' lang='grc' dir='ltr'>ὅτιπερ</span> <span class='ocrx_word' id='word_1_378' title='bbox 968 2763 1258 2817; x_wconf 82' lang='grc' dir='ltr'>ἀκολουθεῖ</span> <span class='ocrx_word' id='word_1_379' title='bbox 1310 2764 1550 2836; x_wconf 87' lang='grc' dir='ltr'>ἀνδρεία,</span> <span class='ocrx_word' id='word_1_380' title='bbox 1602 2762 1816 2828; x_wconf 83' lang='grc' dir='ltr'>σύνεσίς</span> <span class='ocrx_word' id='word_1_381' title='bbox 1850 2782 1908 2818; x_wconf 85' lang='grc' dir='ltr'><strong>τε</strong></span> 
     </span>
    </p>
   </div>
   <div class='ocr_carea' id='block_1_48' title="bbox 331 2853 1910 2924">
    <p class='ocr_par' dir='ltr' id='par_1_48' title="bbox 331 2853 1910 2924">
     <span class='ocr_line' id='line_1_48' title="bbox 331 2853 1910 2924; baseline 0.003 -19"><span class='ocrx_word' id='word_1_382' title='bbox 331 2853 673 2923; x_wconf 78' lang='grc' dir='ltr'>πνευματικὴ</span> <span class='ocrx_word' id='word_1_383' title='bbox 702 2853 871 2923; x_wconf 81' lang='grc' dir='ltr'>δηλοῖ,</span> <span class='ocrx_word' id='word_1_384' title='bbox 902 2855 1073 2923; x_wconf 72' lang='grc' dir='ltr'>λέγων</span> <span class='ocrx_word' id='word_1_385' title='bbox 1091 2873 1102 2885; x_wconf 90' lang='grc'><strong>·</strong></span> <span class='ocrx_word' id='word_1_386' title='bbox 1128 2855 1258 2911; x_wconf 85' lang='grc' dir='ltr'><strong>Πᾶν</strong></span> <span class='ocrx_word' id='word_1_387' title='bbox 1279 2856 1500 2922; x_wconf 82' lang='grc' dir='ltr'>σκεῦος</span> <span class='ocrx_word' id='word_1_388' title='bbox 1525 2855 1789 2924; x_wconf 76' lang='grc' dir='ltr'>φθαρτὸν</span> <span class='ocrx_word' id='word_1_389' title='bbox 1810 2856 1910 2910; x_wconf 77' lang='grc' dir='ltr'><strong>ἐπὶ</strong></span> 
     </span>
    </p>
   </div>
   <div class='ocr_carea' id='block_1_49' title="bbox 330 2944 1905 3019">
    <p class='ocr_par' dir='ltr' id='par_1_49' title="bbox 330 2944 1905 3019">
     <span class='ocr_line' id='line_1_49' title="bbox 330 2944 1905 3019; baseline 0.002 -21"><span class='ocrx_word' id='word_1_390' title='bbox 330 2944 404 2998; x_wconf 78' lang='grc' dir='ltr'><strong>σὲ</strong></span> <span class='ocrx_word' id='word_1_391' title='bbox 432 2947 545 2998; x_wconf 80' lang='grc' dir='ltr'>οὐκ</span> <span class='ocrx_word' id='word_1_392' title='bbox 585 2946 865 3000; x_wconf 84' lang='grc' dir='ltr'>εὐοδώσω</span> <span class='ocrx_word' id='word_1_393' title='bbox 891 2987 905 3011; x_wconf 91' lang='grc'><strong>,</strong></span> <span class='ocrx_word' id='word_1_394' title='bbox 951 2946 1054 3002; x_wconf 84' lang='grc' dir='ltr'>καὶ</span> <span class='ocrx_word' id='word_1_395' title='bbox 1089 2947 1257 3002; x_wconf 77' lang='grc' dir='ltr'>πᾶσα</span> <span class='ocrx_word' id='word_1_396' title='bbox 1291 2947 1483 3018; x_wconf 76' lang='grc' dir='ltr'>φωνὴ,</span> <span class='ocrx_word' id='word_1_397' title='bbox 1516 2950 1609 3002; x_wconf 77' lang='grc' dir='ltr'><strong>καὶ</strong></span> <span class='ocrx_word' id='word_1_398' title='bbox 1658 2949 1723 3001; x_wconf 81' lang='grc' dir='ltr'><strong>τὰ</strong></span> <span class='ocrx_word' id='word_1_399' title='bbox 1755 2950 1905 3019; x_wconf 78' lang='grc' dir='ltr'>ἑξῆς·</span> 
     </span>
    </p>
   </div>
   <div class='ocr_carea' id='block_1_50' title="bbox 328 3038 1910 3112">
    <p class='ocr_par' dir='ltr' id='par_1_50' title="bbox 328 3038 1910 3112">
     <span class='ocr_line' id='line_1_50' title="bbox 328 3038 1910 3112; baseline 0.003 -23"><span class='ocrx_word' id='word_1_400' title='bbox 328 3040 520 3104; x_wconf 71' lang='grc' dir='ltr'>σκεύη</span> <span class='ocrx_word' id='word_1_401' title='bbox 556 3038 730 3107; x_wconf 78' lang='grc' dir='ltr'>λέγων</span> <span class='ocrx_word' id='word_1_402' title='bbox 758 3041 1010 3109; x_wconf 68' lang='grc' dir='ltr'>φθαρτὰ,</span> <span class='ocrx_word' id='word_1_403' title='bbox 1040 3044 1138 3111; x_wconf 80' lang='grc' dir='ltr'>τῆς</span> <span class='ocrx_word' id='word_1_404' title='bbox 1168 3041 1261 3094; x_wconf 80' lang='grc' dir='ltr'>τοῦ</span> <span class='ocrx_word' id='word_1_405' title='bbox 1291 3041 1537 3095; x_wconf 83' lang='grc' dir='ltr'>διαϐόλου</span> <span class='ocrx_word' id='word_1_406' title='bbox 1580 3041 1910 3112; x_wconf 82' lang='grc' dir='ltr'>δυστροπίας</span> 
     </span>
    </p>
   </div>
   <div class='ocr_carea' id='block_1_51' title="bbox 330 3131 1913 3201">
    <p class='ocr_par' dir='ltr' id='par_1_51' title="bbox 330 3131 1913 3201">
     <span class='ocr_line' id='line_1_51' title="bbox 330 3131 1913 3201; baseline 0.003 -20"><span class='ocrx_word' id='word_1_407' title='bbox 330 3132 453 3193; x_wconf 76' lang='grc' dir='ltr'>τοὺς</span> <span class='ocrx_word' id='word_1_408' title='bbox 477 3131 805 3200; x_wconf 75' lang='grc' dir='ltr'>ὑπουργοὺς,</span> <span class='ocrx_word' id='word_1_409' title='bbox 842 3131 891 3185; x_wconf 78' lang='grc' dir='ltr'>οἱ</span> <span class='ocrx_word' id='word_1_410' title='bbox 922 3134 1017 3186; x_wconf 72' lang='grc' dir='ltr'><strong>καὶ</strong></span> <span class='ocrx_word' id='word_1_411' title='bbox 1055 3131 1281 3201; x_wconf 69' lang='grc' dir='ltr'>φθορᾶς</span> <span class='ocrx_word' id='word_1_412' title='bbox 1324 3133 1424 3187; x_wconf 79' lang='grc' dir='ltr'>καὶ</span> <span class='ocrx_word' id='word_1_413' title='bbox 1452 3134 1757 3199; x_wconf 76' lang='grc' dir='ltr'>ἀπωλείας</span> <span class='ocrx_word' id='word_1_414' title='bbox 1805 3132 1913 3185; x_wconf 72' lang='grc' dir='ltr'>εἰσὶ</span> 
     </span>
    </p>
   </div>
   <div class='ocr_carea' id='block_1_52' title="bbox 328 3219 1913 3295">
    <p class='ocr_par' dir='ltr' id='par_1_52' title="bbox 328 3219 1913 3295">
     <span class='ocr_line' id='line_1_52' title="bbox 328 3219 1913 3295; baseline 0.002 -22"><span class='ocrx_word' id='word_1_415' title='bbox 328 3221 517 3287; x_wconf 82' lang='grc' dir='ltr'>τέκνα,</span> <span class='ocrx_word' id='word_1_416' title='bbox 544 3219 686 3294; x_wconf 76' lang='grc' dir='ltr'>[καὶ]</span> <span class='ocrx_word' id='word_1_417' title='bbox 720 3225 833 3286; x_wconf 86' lang='grc' dir='ltr'>τοῖς</span> <span class='ocrx_word' id='word_1_418' title='bbox 868 3223 1047 3291; x_wconf 89' lang='grc' dir='ltr'>ἁγίοις</span> <span class='ocrx_word' id='word_1_419' title='bbox 1087 3223 1199 3277; x_wconf 73' lang='grc' dir='ltr'>ἔσθ’</span> <span class='ocrx_word' id='word_1_420' title='bbox 1226 3224 1313 3277; x_wconf 82' lang='grc' dir='ltr'>ὅτε</span> <span class='ocrx_word' id='word_1_421' title='bbox 1359 3224 1634 3295; x_wconf 80' lang='grc' dir='ltr'>διωγμοὺς</span> <span class='ocrx_word' id='word_1_422' title='bbox 1668 3225 1762 3278; x_wconf 73' lang='grc' dir='ltr'><strong>καὶ</strong></span> <span class='ocrx_word' id='word_1_423' title='bbox 1797 3224 1913 3277; x_wconf 85' lang='grc' dir='ltr'>θλί-</span> 
     </span>
    </p>
   </div>
   <div class='ocr_carea' id='block_1_53' title="bbox 328 3313 1914 3390">
    <p class='ocr_par' dir='ltr' id='par_1_53' title="bbox 328 3313 1914 3390">
     <span class='ocr_line' id='line_1_53' title="bbox 328 3313 1914 3390; baseline 0.004 -25"><span class='ocrx_word' id='word_1_424' title='bbox 328 3313 449 3380; x_wconf 79' lang='grc' dir='ltr'>ψεις</span> <span class='ocrx_word' id='word_1_425' title='bbox 476 3316 798 3384; x_wconf 76' lang='grc' dir='ltr'>ἐπάγουσιν.</span> <span class='ocrx_word' id='word_1_426' title='bbox 842 3317 984 3372; x_wconf 77' lang='grc' dir='ltr'><strong>Ἀλλ’</strong></span> <span class='ocrx_word' id='word_1_427' title='bbox 1010 3317 1071 3370; x_wconf 84' lang='grc' dir='ltr'><strong>ού</strong></span> <span class='ocrx_word' id='word_1_428' title='bbox 1094 3316 1377 3384; x_wconf 77' lang='grc' dir='ltr'>τεύξονται</span> <span class='ocrx_word' id='word_1_429' title='bbox 1399 3316 1572 3390; x_wconf 79' lang='grc' dir='ltr'>θήρας</span> <span class='ocrx_word' id='word_1_430' title='bbox 1593 3334 1607 3349; x_wconf 73' lang='grc' dir='ltr'><strong>ο</strong></span> <span class='ocrx_word' id='word_1_431' title='bbox 1643 3317 1738 3371; x_wconf 76' lang='grc' dir='ltr'>καὶ</span> <span class='ocrx_word' id='word_1_432' title='bbox 1767 3319 1914 3372; x_wconf 79' lang='grc' dir='ltr'>πᾶσα</span> 
     </span>
    </p>
   </div>
   <div class='ocr_carea' id='block_1_54' title="bbox 329 3408 1909 3486">
    <p class='ocr_par' dir='ltr' id='par_1_54' title="bbox 329 3408 1909 3486">
     <span class='ocr_line' id='line_1_54' title="bbox 329 3408 1909 3486; baseline 0.002 -24"><span class='ocrx_word' id='word_1_433' title='bbox 329 3408 384 3463; x_wconf 74' lang='grc' dir='ltr'>δὲ</span> <span class='ocrx_word' id='word_1_434' title='bbox 410 3409 680 3481; x_wconf 81' lang='grc' dir='ltr'>θεομάχος</span> <span class='ocrx_word' id='word_1_435' title='bbox 720 3411 960 3481; x_wconf 85' lang='grc' dir='ltr'>γλῶττα,</span> <span class='ocrx_word' id='word_1_436' title='bbox 1008 3413 1196 3482; x_wconf 75' lang='grc' dir='ltr'>φησὶν,</span> <span class='ocrx_word' id='word_1_437' title='bbox 1240 3411 1345 3467; x_wconf 77' lang='grc' dir='ltr'><strong>ὑπὸ</strong></span> <span class='ocrx_word' id='word_1_438' title='bbox 1388 3413 1479 3467; x_wconf 80' lang='grc' dir='ltr'>σοῦ</span> <span class='ocrx_word' id='word_1_439' title='bbox 1528 3414 1909 3486; x_wconf 75' lang='grc' dir='ltr'>νικηθήσεται.</span> 
     </span>
    </p>
   </div>
   <div class='ocr_carea' id='block_1_55' title="bbox 333 3502 1913 3578">
    <p class='ocr_par' dir='ltr' id='par_1_55' title="bbox 333 3502 1913 3578">
     <span class='ocr_line' id='line_1_55' title="bbox 333 3502 1913 3578; baseline 0.001 -21"><span class='ocrx_word' id='word_1_440' title='bbox 333 3503 491 3557; x_wconf 82' lang='grc' dir='ltr'>Κατὰ</span> <span class='ocrx_word' id='word_1_441' title='bbox 514 3502 623 3573; x_wconf 75' lang='grc' dir='ltr'><strong>γὰρ</strong></span> <span class='ocrx_word' id='word_1_442' title='bbox 660 3503 750 3556; x_wconf 80' lang='grc' dir='ltr'><strong>τὸν</strong></span> <span class='ocrx_word' id='word_1_443' title='bbox 781 3503 944 3558; x_wconf 88' lang='grc' dir='ltr'>Δαϐίδ</span> <span class='ocrx_word' id='word_1_444' title='bbox 966 3523 980 3537; x_wconf 89' lang='grc'><strong>·</strong></span> <span class='ocrx_word' id='word_1_445' title='bbox 1019 3522 1037 3555; x_wconf 85' lang='grc' dir='ltr'><strong>ι</strong></span> <span class='ocrx_word' id='word_1_446' title='bbox 1089 3506 1179 3558; x_wconf 84' lang='grc' dir='ltr'>Ἐν</span> <span class='ocrx_word' id='word_1_447' title='bbox 1207 3504 1285 3578; x_wconf 82' lang='grc' dir='ltr'>τῷ</span> <span class='ocrx_word' id='word_1_448' title='bbox 1314 3505 1431 3577; x_wconf 77' lang='grc' dir='ltr'><strong>Θεῷ</strong></span> <span class='ocrx_word' id='word_1_449' title='bbox 1469 3508 1786 3574; x_wconf 79' lang='grc' dir='ltr'>ποιήσωμεν</span> <span class='ocrx_word' id='word_1_450' title='bbox 1823 3505 1913 3559; x_wconf 77' lang='grc' dir='ltr'>δύο</span> 
     </span>
    </p>
   </div>
   <div class='ocr_carea' id='block_1_56' title="bbox 329 3593 1904 3667">
    <p class='ocr_par' dir='ltr' id='par_1_56' title="bbox 329 3593 1904 3667">
     <span class='ocr_line' id='line_1_56' title="bbox 329 3593 1904 3667; baseline 0.001 -20"><span class='ocrx_word' id='word_1_451' title='bbox 329 3610 516 3663; x_wconf 85' lang='grc' dir='ltr'>ναμιν,</span> <span class='ocrx_word' id='word_1_452' title='bbox 544 3594 637 3647; x_wconf 82' lang='grc' dir='ltr'><strong>καὶ</strong></span> <span class='ocrx_word' id='word_1_453' title='bbox 667 3595 828 3658; x_wconf 86' lang='grc' dir='ltr'>αὐτὸς</span> <span class='ocrx_word' id='word_1_454' title='bbox 851 3593 1193 3661; x_wconf 70' lang='grc' dir='ltr'>ἕξουδενώσει</span> <span class='ocrx_word' id='word_1_455' title='bbox 1215 3598 1341 3659; x_wconf 78' lang='grc' dir='ltr'>τοὺς</span> <span class='ocrx_word' id='word_1_456' title='bbox 1387 3595 1669 3657; x_wconf 75' lang='grc' dir='ltr'>θλίϐοντας</span> <span class='ocrx_word' id='word_1_457' title='bbox 1695 3597 1861 3667; x_wconf 75' lang='grc' dir='ltr'>ἡμᾶς.</span> <span class='ocrx_word' id='word_1_458' title='bbox 1886 3614 1904 3649; x_wconf 82' lang='grc' dir='ltr'><strong>ι</strong></span> 
     </span>
    </p>
   </div>
   <div class='ocr_carea' id='block_1_57' title="bbox 2014 2202 3586 2278">
    <p class='ocr_par' dir='ltr' id='par_1_57' title="bbox 2014 2202 3586 2278">
     <span class='ocr_line' id='line_1_57' title="bbox 2014 2202 3586 2278; baseline -0.008 -10"><span class='ocrx_word' id='word_1_459' title='bbox 2014 2223 2070 2269; x_wconf 84' lang='grc' dir='ltr'><strong>ιιι</strong></span> <span class='ocrx_word' id='word_1_460' title='bbox 2129 2213 2369 2268; x_wconf 86' lang='lat' dir='ltr'><strong>humana</strong></span> <span class='ocrx_word' id='word_1_461' title='bbox 2432 2220 2549 2265; x_wconf 89' lang='lat' dir='ltr'><strong>arte</strong></span> <span class='ocrx_word' id='word_1_462' title='bbox 2606 2208 2810 2278; x_wconf 89' lang='lat' dir='ltr'><strong>aliqua,</strong></span> <span class='ocrx_word' id='word_1_463' title='bbox 2845 2205 2937 2261; x_wconf 88' lang='lat' dir='ltr'><strong>sed</strong></span> <span class='ocrx_word' id='word_1_464' title='bbox 2989 2206 3171 2260; x_wconf 87' lang='lat' dir='ltr'><strong>divina</strong></span> <span class='ocrx_word' id='word_1_465' title='bbox 3213 2213 3267 2259; x_wconf 90' lang='lat' dir='ltr'><strong>et</strong></span> <span class='ocrx_word' id='word_1_466' title='bbox 3327 2202 3586 2258; x_wconf 73' lang='lat' dir='ltr'><strong>ineffabili</strong></span> 
     </span>
    </p>
   </div>
   <div class='ocr_carea' id='block_1_58' title="bbox 2013 2295 3587 2375">
    <p class='ocr_par' dir='ltr' id='par_1_58' title="bbox 2013 2295 3587 2375">
     <span class='ocr_line' id='line_1_58' title="bbox 2013 2295 3587 2375; baseline -0.007 -18"><span class='ocrx_word' id='word_1_467' title='bbox 2013 2305 2211 2375; x_wconf 72' lang='lat' dir='ltr'><strong>gratia,</strong></span> <span class='ocrx_word' id='word_1_468' title='bbox 2246 2318 2342 2373; x_wconf 89' lang='lat' dir='ltr'><strong>per</strong></span> <span class='ocrx_word' id='word_1_469' title='bbox 2370 2317 2456 2357; x_wconf 92' lang='lat' dir='ltr'><strong>me</strong></span> <span class='ocrx_word' id='word_1_470' title='bbox 2487 2309 2699 2354; x_wconf 80' lang='lat' dir='ltr'><strong>creatus</strong></span> <span class='ocrx_word' id='word_1_471' title='bbox 2747 2315 2823 2352; x_wconf 85' lang='lat' dir='ltr'><strong>es.</strong></span> <span class='ocrx_word' id='word_1_472' title='bbox 2869 2295 2987 2350; x_wconf 84' lang='lat' dir='ltr'><strong>Non</strong></span> <span class='ocrx_word' id='word_1_473' title='bbox 3037 2297 3423 2358; x_wconf 70' lang='lat' dir='ltr'><strong>instrunmento,</strong></span> <span class='ocrx_word' id='word_1_474' title='bbox 3475 2311 3587 2347; x_wconf 88' lang='lat' dir='ltr'><strong>non</strong></span> 
     </span>
    </p>
   </div>
   <div class='ocr_carea' id='block_1_59' title="bbox 2016 2386 3585 2468">
    <p class='ocr_par' dir='ltr' id='par_1_59' title="bbox 2016 2386 3585 2468">
     <span class='ocr_line' id='line_1_59' title="bbox 2016 2386 3585 2468; baseline -0.007 -19"><span class='ocrx_word' id='word_1_475' title='bbox 2016 2399 2194 2468; x_wconf 79' lang='lat' dir='ltr'><strong>ignem</strong></span> <span class='ocrx_word' id='word_1_476' title='bbox 2235 2394 2493 2459; x_wconf 81' lang='lat' dir='ltr'><strong>adhibui,</strong></span> <span class='ocrx_word' id='word_1_477' title='bbox 2527 2403 2585 2446; x_wconf 89' lang='lat' dir='ltr'><strong>ut</strong></span> <span class='ocrx_word' id='word_1_478' title='bbox 2623 2391 2872 2455; x_wconf 57' lang='lat' dir='ltr'><strong>aerarius,</strong></span> <span class='ocrx_word' id='word_1_479' title='bbox 2926 2387 3217 2456; x_wconf 81' lang='lat' dir='ltr'><strong>c:etcrique</strong></span> <span class='ocrx_word' id='word_1_480' title='bbox 3269 2386 3585 2439; x_wconf 82' lang='lat' dir='ltr'><strong>mortalium</strong></span> 
     </span>
    </p>
   </div>
   <div class='ocr_carea' id='block_1_60' title="bbox 2014 2484 3586 2555">
    <p class='ocr_par' dir='ltr' id='par_1_60' title="bbox 2014 2484 3586 2555">
     <span class='ocr_line' id='line_1_60' title="bbox 2014 2484 3586 2555; baseline -0.01 -13"><span class='ocrx_word' id='word_1_481' title='bbox 2014 2487 2272 2552; x_wconf 82' lang='lat' dir='ltr'><strong>artiﬁces,</strong></span> <span class='ocrx_word' id='word_1_482' title='bbox 2304 2499 2538 2555; x_wconf 91' lang='lat' dir='ltr'><strong>quorum</strong></span> <span class='ocrx_word' id='word_1_483' title='bbox 2588 2484 2696 2537; x_wconf 90' lang='lat' dir='ltr'><strong>cito</strong></span> <span class='ocrx_word' id='word_1_484' title='bbox 2747 2488 3175 2550; x_wconf 87' lang='lat' dir='ltr'><strong>corrumpuntur</strong></span> <span class='ocrx_word' id='word_1_485' title='bbox 3224 2490 3410 2544; x_wconf 82' lang='lat' dir='ltr'><strong>opera,</strong></span> <span class='ocrx_word' id='word_1_486' title='bbox 3461 2492 3586 2529; x_wconf 87' lang='lat' dir='ltr'><strong>cum</strong></span> 
     </span>
    </p>
   </div>
   <div class='ocr_carea' id='block_1_61' title="bbox 2013 2562 3588 2644">
    <p class='ocr_par' dir='ltr' id='par_1_61' title="bbox 2013 2562 3588 2644">
     <span class='ocr_line' id='line_1_61' title="bbox 2013 2562 3588 2644; baseline -0.01 -13"><span class='ocrx_word' id='word_1_487' title='bbox 2013 2594 2132 2632; x_wconf 88' lang='lat' dir='ltr'><strong>mea</strong></span> <span class='ocrx_word' id='word_1_488' title='bbox 2182 2589 2459 2644; x_wconf 87' lang='lat' dir='ltr'><strong>nunquam</strong></span> <span class='ocrx_word' id='word_1_489' title='bbox 2512 2571 2801 2626; x_wconf 86' lang='lat' dir='ltr'><strong>intereant.</strong></span> <span class='ocrx_word' id='word_1_490' title='bbox 2852 2566 2971 2622; x_wconf 85' lang='lat' dir='ltr'><strong>Non</strong></span> <span class='ocrx_word' id='word_1_491' title='bbox 3005 2567 3205 2621; x_wconf 86' lang='lat' dir='ltr'><strong>desunt</strong></span> <span class='ocrx_word' id='word_1_492' title='bbox 3250 2573 3457 2624; x_wconf 73' lang='lat' dir='ltr'><strong>tamen,</strong></span> <span class='ocrx_word' id='word_1_493' title='bbox 3494 2562 3588 2632; x_wconf 90' lang='lat' dir='ltr'><strong>qui</strong></span> 
     </span>
    </p>
   </div>
   <div class='ocr_carea' id='block_1_62' title="bbox 2013 2654 3588 2735">
    <p class='ocr_par' dir='ltr' id='par_1_62' title="bbox 2013 2654 3588 2735">
     <span class='ocr_line' id='line_1_62' title="bbox 2013 2654 3588 2735; baseline -0.011 -13"><span class='ocrx_word' id='word_1_494' title='bbox 2013 2668 2205 2732; x_wconf 81' lang='lat' dir='ltr'><strong>creari,</strong></span> <span class='ocrx_word' id='word_1_495' title='bbox 2233 2680 2331 2735; x_wconf 89' lang='lat' dir='ltr'><strong>pro</strong></span> <span class='ocrx_word' id='word_1_496' title='bbox 2370 2662 2601 2717; x_wconf 77' lang='lat' dir='ltr'><strong>recreavi</strong></span> <span class='ocrx_word' id='word_1_497' title='bbox 2632 2660 2870 2729; x_wconf 84' lang='lat' dir='ltr'><strong>positum</strong></span> <span class='ocrx_word' id='word_1_498' title='bbox 2905 2657 3282 2719; x_wconf 81' lang='lat' dir='ltr'><strong>arbitrentur;</strong></span> <span class='ocrx_word' id='word_1_499' title='bbox 3316 2662 3368 2709; x_wconf 90' lang='lat' dir='ltr'><strong>et</strong></span> <span class='ocrx_word' id='word_1_500' title='bbox 3399 2654 3473 2707; x_wconf 87' lang='lat' dir='ltr'><strong>ita</strong></span> <span class='ocrx_word' id='word_1_501' title='bbox 3507 2668 3588 2706; x_wconf 85' lang='lat' dir='ltr'><strong>re-</strong></span> 
     </span>
    </p>
   </div>
   <div class='ocr_carea' id='block_1_63' title="bbox 2014 2745 3586 2824">
    <p class='ocr_par' dir='ltr' id='par_1_63' title="bbox 2014 2745 3586 2824">
     <span class='ocr_line' id='line_1_63' title="bbox 2014 2745 3586 2824; baseline -0.009 -10"><span class='ocrx_word' id='word_1_502' title='bbox 2014 2761 2360 2814; x_wconf 87' lang='lat' dir='ltr'><strong>novationem</strong></span> <span class='ocrx_word' id='word_1_503' title='bbox 2408 2770 2526 2824; x_wconf 86' lang='lat' dir='ltr'><strong>per-</strong></span> <span class='ocrx_word' id='word_1_504' title='bbox 2561 2752 2827 2823; x_wconf 86' lang='lat' dir='ltr'><strong>Spiritum</strong></span> <span class='ocrx_word' id='word_1_505' title='bbox 2874 2756 3127 2805; x_wconf 89' lang='lat' dir='ltr'><strong>sanctum</strong></span> <span class='ocrx_word' id='word_1_506' title='bbox 3159 2745 3527 2802; x_wconf 79' lang='lat' dir='ltr'><strong>demonstrari</strong></span> <span class='ocrx_word' id='word_1_507' title='bbox 3566 2760 3586 2800; x_wconf 88' lang='lat'><strong>:</strong></span> 
     </span>
    </p>
   </div>
   <div class='ocr_carea' id='block_1_64' title="bbox 2014 2841 3580 2920">
    <p class='ocr_par' dir='ltr' id='par_1_64' title="bbox 2014 2841 3580 2920">
     <span class='ocr_line' id='line_1_64' title="bbox 2014 2841 3580 2920; baseline -0.015 -9"><span class='ocrx_word' id='word_1_508' title='bbox 2014 2870 2120 2911; x_wconf 90' lang='lat' dir='ltr'><strong>non</strong></span> <span class='ocrx_word' id='word_1_509' title='bbox 2153 2853 2309 2906; x_wconf 85' lang='lat' dir='ltr'><strong>aliter</strong></span> <span class='ocrx_word' id='word_1_510' title='bbox 2360 2864 2520 2920; x_wconf 87' lang='lat' dir='ltr'><strong>quam</strong></span> <span class='ocrx_word' id='word_1_511' title='bbox 2554 2844 2812 2916; x_wconf 90' lang='lat' dir='ltr'><strong>populum</strong></span> <span class='ocrx_word' id='word_1_512' title='bbox 2846 2850 3143 2909; x_wconf 88' lang='lat' dir='ltr'><strong>utrumque</strong></span> <span class='ocrx_word' id='word_1_513' title='bbox 3190 2841 3241 2892; x_wconf 91' lang='lat' dir='ltr'><strong>in</strong></span> <span class='ocrx_word' id='word_1_514' title='bbox 3305 2845 3580 2920; x_wconf 75' lang='lat' dir='ltr'><strong>recentem</strong></span> 
     </span>
    </p>
   </div>
   <div class='ocr_carea' id='block_1_65' title="bbox 2015 2910 3585 3001">
    <p class='ocr_par' dir='ltr' id='par_1_65' title="bbox 2015 2910 3585 3001">
     <span class='ocr_line' id='line_1_65' title="bbox 2015 2910 3585 3001; baseline -0.014 -1"><span class='ocrx_word' id='word_1_515' title='bbox 2015 2961 2182 3001; x_wconf 87' lang='lat' dir='ltr'><strong>unum</strong></span> <span class='ocrx_word' id='word_1_516' title='bbox 2214 2943 2489 2997; x_wconf 83' lang='lat' dir='ltr'><strong>hominem</strong></span> <span class='ocrx_word' id='word_1_517' title='bbox 2521 2951 2727 2992; x_wconf 76' lang='lat' dir='ltr'><strong>creasse</strong></span> <span class='ocrx_word' id='word_1_518' title='bbox 2760 2934 2965 2988; x_wconf 89' lang='lat' dir='ltr'><strong>dicitur</strong></span> <span class='ocrx_word' id='word_1_519' title='bbox 2999 2950 3011 2986; x_wconf 89' lang='lat'><strong>:</strong></span> <span class='ocrx_word' id='word_1_520' title='bbox 3046 2940 3105 2983; x_wconf 90' lang='lat' dir='ltr'><strong>ut</strong></span> <span class='ocrx_word' id='word_1_521' title='bbox 3136 2945 3260 2984; x_wconf 89' lang='lat' dir='ltr'><strong>cum</strong></span> <span class='ocrx_word' id='word_1_522' title='bbox 3310 2910 3585 2983; x_wconf 70' lang='lat' dir='ltr'><strong>transldr-</strong></span> 
     </span>
    </p>
   </div>
   <div class='ocr_carea' id='block_1_66' title="bbox 2013 3018 3587 3092">
    <p class='ocr_par' dir='ltr' id='par_1_66' title="bbox 2013 3018 3587 3092">
     <span class='ocr_line' id='line_1_66' title="bbox 2013 3018 3587 3092; baseline -0.011 -1"><span class='ocrx_word' id='word_1_523' title='bbox 2013 3035 2149 3092; x_wconf 84' lang='lat' dir='ltr'><strong>mari</strong></span> <span class='ocrx_word' id='word_1_524' title='bbox 2173 3036 2228 3089; x_wconf 89' lang='lat' dir='ltr'><strong>in</strong></span> <span class='ocrx_word' id='word_1_525' title='bbox 2258 3029 2613 3087; x_wconf 87' lang='lat' dir='ltr'><strong>renovatione</strong></span> <span class='ocrx_word' id='word_1_526' title='bbox 2647 3024 2848 3079; x_wconf 88' lang='lat' dir='ltr'><strong>mentis</strong></span> <span class='ocrx_word' id='word_1_527' title='bbox 2884 3037 2998 3078; x_wconf 73' lang='lat' dir='ltr'><strong>suze</strong></span> <span class='ocrx_word' id='word_1_528' title='bbox 3032 3020 3307 3075; x_wconf 75' lang='lat' dir='ltr'><strong>Romanos</strong></span> <span class='ocrx_word' id='word_1_529' title='bbox 3344 3018 3587 3087; x_wconf 80' lang='lat' dir='ltr'><strong>postula-</strong></span> 
     </span>
    </p>
   </div>
   <div class='ocr_carea' id='block_1_67' title="bbox 2014 3109 3592 3195">
    <p class='ocr_par' dir='ltr' id='par_1_67' title="bbox 2014 3109 3592 3195">
     <span class='ocr_line' id='line_1_67' title="bbox 2014 3109 3592 3195; baseline -0.011 -16"><span class='ocrx_word' id='word_1_530' title='bbox 2014 3130 2090 3181; x_wconf 90' lang='lat' dir='ltr'><strong>vit</strong></span> <span class='ocrx_word' id='word_1_531' title='bbox 2127 3123 2421 3195; x_wconf 78' lang='lat' dir='ltr'><strong>Apostolus</strong></span> <span class='ocrx_word' id='word_1_532' title='bbox 2449 3120 2518 3173; x_wconf 69' lang='grc' dir='ltr'>δί’.</span> <span class='ocrx_word' id='word_1_533' title='bbox 2555 3118 2659 3173; x_wconf 87' lang='lat' dir='ltr'><strong>Eos</strong></span> <span class='ocrx_word' id='word_1_534' title='bbox 2687 3124 2891 3178; x_wconf 89' lang='lat' dir='ltr'><strong>autem,</strong></span> <span class='ocrx_word' id='word_1_535' title='bbox 2933 3113 3025 3182; x_wconf 90' lang='lat' dir='ltr'><strong>qui</strong></span> <span class='ocrx_word' id='word_1_536' title='bbox 3055 3111 3190 3166; x_wconf 88' lang='lat' dir='ltr'><strong>tales</strong></span> <span class='ocrx_word' id='word_1_537' title='bbox 3244 3116 3395 3176; x_wconf 89' lang='lat' dir='ltr'><strong>sunt,</strong></span> <span class='ocrx_word' id='word_1_538' title='bbox 3435 3109 3592 3164; x_wconf 78' lang='lat' dir='ltr'><strong>forti-</strong></span> 
     </span>
    </p>
   </div>
   <div class='ocr_carea' id='block_1_68' title="bbox 2015 3194 3589 3286">
    <p class='ocr_par' dir='ltr' id='par_1_68' title="bbox 2015 3194 3589 3286">
     <span class='ocr_line' id='line_1_68' title="bbox 2015 3194 3589 3286; baseline -0.012 -12"><span class='ocrx_word' id='word_1_539' title='bbox 2015 3220 2255 3274; x_wconf 85' lang='lat' dir='ltr'><strong>tudinem</strong></span> <span class='ocrx_word' id='word_1_540' title='bbox 2281 3211 2741 3286; x_wconf 80' lang='lat' dir='ltr'><strong>piudentiamque</strong></span> <span class='ocrx_word' id='word_1_541' title='bbox 2764 3194 3117 3277; x_wconf 18' lang='lat' dir='ltr'><strong>spiritualem‘</strong></span> <span class='ocrx_word' id='word_1_542' title='bbox 3133 3203 3363 3257; x_wconf 88' lang='lat' dir='ltr'><strong>comites</strong></span> <span class='ocrx_word' id='word_1_543' title='bbox 3387 3202 3589 3255; x_wconf 87' lang='lat' dir='ltr'><strong>habere</strong></span> 
     </span>
    </p>
   </div>
   <div class='ocr_carea' id='block_1_69' title="bbox 2016 3293 3588 3374">
    <p class='ocr_par' dir='ltr' id='par_1_69' title="bbox 2016 3293 3588 3374">
     <span class='ocr_line' id='line_1_69' title="bbox 2016 3293 3588 3374; baseline -0.015 -5"><span class='ocrx_word' id='word_1_544' title='bbox 2016 3316 2374 3374; x_wconf 82' lang='lat' dir='ltr'><strong>demonstrat,</strong></span> <span class='ocrx_word' id='word_1_545' title='bbox 2410 3320 2535 3360; x_wconf 90' lang='lat' dir='ltr'><strong>cum</strong></span> <span class='ocrx_word' id='word_1_546' title='bbox 2570 3302 2647 3357; x_wconf 88' lang='lat' dir='ltr'><strong>ait</strong></span> <span class='ocrx_word' id='word_1_547' title='bbox 2676 3321 2689 3356; x_wconf 91' lang='lat'><strong>:</strong></span> <span class='ocrx_word' id='word_1_548' title='bbox 2724 3297 2892 3355; x_wconf 83' lang='lat' dir='ltr'><strong>Omne</strong></span> <span class='ocrx_word' id='word_1_549' title='bbox 2919 3314 3008 3351; x_wconf 82' lang='lat' dir='ltr'><strong>vas</strong></span> <span class='ocrx_word' id='word_1_550' title='bbox 3033 3293 3372 3363; x_wconf 84' lang='lat' dir='ltr'><strong>corruptibile</strong></span> <span class='ocrx_word' id='word_1_551' title='bbox 3402 3303 3588 3348; x_wconf 84' lang='lat' dir='ltr'><strong>contra</strong></span> 
     </span>
    </p>
   </div>
   <div class='ocr_carea' id='block_1_70' title="bbox 2020 3384 3592 3470">
    <p class='ocr_par' dir='ltr' id='par_1_70' title="bbox 2020 3384 3592 3470">
     <span class='ocr_line' id='line_1_70' title="bbox 2020 3384 3592 3470; baseline -0.014 -12"><span class='ocrx_word' id='word_1_552' title='bbox 2020 3415 2067 3459; x_wconf 85' lang='lat' dir='ltr'><strong>te</strong></span> <span class='ocrx_word' id='word_1_553' title='bbox 2103 3418 2206 3456; x_wconf 85' lang='lat' dir='ltr'><strong>non</strong></span> <span class='ocrx_word' id='word_1_554' title='bbox 2234 3395 2574 3470; x_wconf 77' lang='lat' dir='ltr'><strong>prosperabo,</strong></span> <span class='ocrx_word' id='word_1_555' title='bbox 2612 3400 2661 3446; x_wconf 87' lang='lat' dir='ltr'><strong>et</strong></span> <span class='ocrx_word' id='word_1_556' title='bbox 2692 3388 2861 3444; x_wconf 80' lang='lat' dir='ltr'><strong>omnis</strong></span> <span class='ocrx_word' id='word_1_557' title='bbox 2913 3402 3044 3451; x_wconf 74' lang='lat' dir='ltr'><strong>vox;</strong></span> <span class='ocrx_word' id='word_1_558' title='bbox 3077 3394 3382 3455; x_wconf 71' lang='lat' dir='ltr'><strong>caeteraque</strong></span> <span class='ocrx_word' id='word_1_559' title='bbox 3434 3384 3592 3438; x_wconf 59' lang='lat' dir='ltr'><strong>(li-iu-</strong></span> 
     </span>
    </p>
   </div>
   <div class='ocr_carea' id='block_1_71' title="bbox 2018 3476 3589 3566">
    <p class='ocr_par' dir='ltr' id='par_1_71' title="bbox 2018 3476 3589 3566">
     <span class='ocr_line' id='line_1_71' title="bbox 2018 3476 3589 3566; baseline -0.014 -16"><span class='ocrx_word' id='word_1_560' title='bbox 2018 3510 2170 3566; x_wconf 80' lang='lat' dir='ltr'><strong>eops,</strong></span> <span class='ocrx_word' id='word_1_561' title='bbox 2237 3489 2331 3544; x_wconf 89' lang='lat' dir='ltr'><strong>ubi</strong></span> <span class='ocrx_word' id='word_1_562' title='bbox 2389 3499 2633 3540; x_wconf 82' lang='lat' dir='ltr'><strong>vasorum</strong></span> <span class='ocrx_word' id='word_1_563' title='bbox 2696 3477 3127 3548; x_wconf 78' lang='lat' dir='ltr'><strong>corruptibilium</strong></span> <span class='ocrx_word' id='word_1_564' title='bbox 3207 3476 3589 3544; x_wconf 81' lang='lat' dir='ltr'><strong>appellatione,</strong></span> 
     </span>
    </p>
   </div>
   <div class='ocr_carea' id='block_1_72' title="bbox 2019 3566 3591 3651">
    <p class='ocr_par' dir='ltr' id='par_1_72' title="bbox 2019 3566 3591 3651">
     <span class='ocr_line' id='line_1_72' title="bbox 2019 3566 3591 3651; baseline -0.018 -6"><span class='ocrx_word' id='word_1_565' title='bbox 2019 3604 2115 3645; x_wconf 90' lang='lat' dir='ltr'><strong>eos</strong></span> <span class='ocrx_word' id='word_1_566' title='bbox 2152 3580 2424 3651; x_wconf 76' lang='lat' dir='ltr'><strong>intelligit,</strong></span> <span class='ocrx_word' id='word_1_567' title='bbox 2456 3577 2547 3646; x_wconf 88' lang='lat' dir='ltr'><strong>qui</strong></span> <span class='ocrx_word' id='word_1_568' title='bbox 2569 3573 2857 3628; x_wconf 60' lang='lat' dir='ltr'><strong>diabolicae</strong></span> <span class='ocrx_word' id='word_1_569' title='bbox 2889 3568 3146 3640; x_wconf 75' lang='lat' dir='ltr'><strong>nequitia:</strong></span> <span class='ocrx_word' id='word_1_570' title='bbox 3182 3566 3439 3630; x_wconf 86' lang='lat' dir='ltr'><strong>ministri,</strong></span> <span class='ocrx_word' id='word_1_571' title='bbox 3471 3582 3591 3620; x_wconf 81' lang='lat' dir='ltr'><strong>cor-</strong></span> 
     </span>
    </p>
   </div>
   <div class='ocr_carea' id='block_1_73' title="bbox 329 3657 3591 3759">
    <p class='ocr_par' dir='ltr' id='par_1_73' title="bbox 329 3657 3591 3759">
     <span class='ocr_line' id='line_1_73' title="bbox 329 3657 3591 3759; baseline -0.006 -20"><span class='ocrx_word' id='word_1_572' title='bbox 329 3686 594 3754; x_wconf 82' lang='lat' dir='ltr'><strong>ruptionis</strong></span> <span class='ocrx_word' id='word_1_573' title='bbox 647 3696 696 3741; x_wconf 85' lang='lat' dir='ltr'><strong>et</strong></span> <span class='ocrx_word' id='word_1_574' title='bbox 755 3688 1001 3742; x_wconf 83' lang='lat' dir='ltr'><strong>interitus</strong></span> <span class='ocrx_word' id='word_1_575' title='bbox 1063 3686 1155 3743; x_wconf 83' lang='lat' dir='ltr'><strong>ﬁlii</strong></span> <span class='ocrx_word' id='word_1_576' title='bbox 1213 3657 1528 3751; x_wconf 83' lang='lat' dir='ltr'><strong>evaserunt,</strong></span> <span class='ocrx_word' id='word_1_577' title='bbox 1579 3657 1895 3759; x_wconf 72' lang='lat' dir='ltr'><strong>sanctisque</strong></span> <span class='ocrx_word' id='word_1_578' title='bbox 1921 3699 2066 3755; x_wconf 73' lang='lat' dir='ltr'><strong>saepe</strong></span> <span class='ocrx_word' id='word_1_579' title='bbox 2112 3671 2654 3752; x_wconf 76' lang='lat' dir='ltr'><strong>persecutioncs‘et</strong></span> <span class='ocrx_word' id='word_1_580' title='bbox 2740 3662 3064 3716; x_wconf 75' lang='lat' dir='ltr'><strong>aﬂlicliones</strong></span> <span class='ocrx_word' id='word_1_581' title='bbox 3138 3658 3425 3715; x_wconf 61' lang='lat' dir='ltr'><strong>inducunt-</strong></span> <span class='ocrx_word' id='word_1_582' title='bbox 3484 3657 3591 3711; x_wconf 71' lang='lat' dir='ltr'><strong>Sed</strong></span> 
     </span>
    </p>
   </div>
   <div class='ocr_carea' id='block_1_74' title="bbox 329 3756 2856 3852">
    <p class='ocr_par' dir='ltr' id='par_1_74' title="bbox 329 3756 2856 3852">
     <span class='ocr_line' id='line_1_74' title="bbox 329 3756 2856 3852; baseline -0.005 -18"><span class='ocrx_word' id='word_1_583' title='bbox 329 3796 441 3835; x_wconf 90' lang='lat' dir='ltr'><strong>non</strong></span> <span class='ocrx_word' id='word_1_584' title='bbox 479 3781 556 3835; x_wconf 92' lang='lat' dir='ltr'><strong>illi</strong></span> <span class='ocrx_word' id='word_1_585' title='bbox 589 3780 734 3851; x_wconf 86' lang='lat' dir='ltr'><strong>quod</strong></span> <span class='ocrx_word' id='word_1_586' title='bbox 772 3789 1068 3848; x_wconf 87' lang='lat' dir='ltr'><strong>venantur,</strong></span> <span class='ocrx_word' id='word_1_587' title='bbox 1138 3791 1522 3852; x_wconf 85' lang='lat' dir='ltr'><strong>assequentur.</strong></span> <span class='ocrx_word' id='word_1_588' title='bbox 1575 3780 1690 3837; x_wconf 80' lang='lat' dir='ltr'><strong>[mo</strong></span> <span class='ocrx_word' id='word_1_589' title='bbox 1770 3756 1866 3852; x_wconf 79' lang='lat' dir='ltr'><strong>per</strong></span> <span class='ocrx_word' id='word_1_590' title='bbox 1914 3787 1967 3834; x_wconf 88' lang='lat' dir='ltr'><strong>te</strong></span> <span class='ocrx_word' id='word_1_591' title='bbox 2008 3779 2193 3846; x_wconf 81' lang='lat' dir='ltr'><strong>lingua</strong></span> <span class='ocrx_word' id='word_1_592' title='bbox 2244 3766 2448 3828; x_wconf 85' lang='lat' dir='ltr'><strong>omnis.</strong></span> <span class='ocrx_word' id='word_1_593' title='bbox 2480 3775 2603 3833; x_wconf 59' lang='lat' dir='ltr'><strong>quin</strong></span> <span class='ocrx_word' id='word_1_594' title='bbox 2652 3756 2856 3811; x_wconf 67' lang='grc' dir='ltr'><strong>ῢθιιιπη</strong></span> 
     </span>
    </p>
   </div>
   <div class='ocr_carea' id='block_1_75' title="bbox 2910 3752 3593 3815">
    <p class='ocr_par' dir='ltr' id='par_1_75' title="bbox 2910 3752 3593 3815">
     <span class='ocr_line' id='line_1_75' title="bbox 2910 3752 3593 3815; baseline -0.004 -9"><span class='ocrx_word' id='word_1_595' title='bbox 2910 3752 3020 3807; x_wconf 85' lang='lat' dir='ltr'><strong>Deo</strong></span> <span class='ocrx_word' id='word_1_596' title='bbox 3060 3752 3282 3815; x_wconf 78' lang='lat' dir='ltr'><strong>indixit,</strong></span> <span class='ocrx_word' id='word_1_597' title='bbox 3343 3752 3593 3804; x_wconf 80' lang='lat' dir='ltr'><strong>vincetur</strong></span> 
     </span>
    </p>
   </div>
   <div class='ocr_carea' id='block_1_76' title="bbox 326 3843 3589 3945">
    <p class='ocr_par' dir='ltr' id='par_1_76' title="bbox 326 3843 3589 3945">
     <span class='ocr_line' id='line_1_76' title="bbox 326 3843 3589 3945; baseline -0.007 -21"><span class='ocrx_word' id='word_1_598' title='bbox 326 3883 396 3925; x_wconf 84' lang='lat' dir='ltr'><strong>ac</strong></span> <span class='ocrx_word' id='word_1_599' title='bbox 429 3843 799 3943; x_wconf 80' lang='lat' dir='ltr'><strong>snperabitur.</strong></span> <span class='ocrx_word' id='word_1_600' title='bbox 871 3870 942 3928; x_wconf 88' lang='lat' dir='ltr'><strong>Ut</strong></span> <span class='ocrx_word' id='word_1_601' title='bbox 1011 3843 1156 3929; x_wconf 85' lang='lat' dir='ltr'><strong>enim</strong></span> <span class='ocrx_word' id='word_1_602' title='bbox 1191 3843 1331 3942; x_wconf 74' lang='lat' dir='ltr'><strong>apud</strong></span> <span class='ocrx_word' id='word_1_603' title='bbox 1382 3873 1638 3931; x_wconf 85' lang='lat' dir='ltr'><strong>Davidem</strong></span> <span class='ocrx_word' id='word_1_604' title='bbox 1693 3843 1971 3945; x_wconf 74' lang='lat' dir='ltr'><strong>legimus:</strong></span> <span class='ocrx_word' id='word_1_605' title='bbox 2014 3888 2032 3922; x_wconf 80' lang='grc' dir='ltr'><strong>ι</strong></span> <span class='ocrx_word' id='word_1_606' title='bbox 2068 3843 2129 3923; x_wconf 79' lang='lat' dir='ltr'><strong>In</strong></span> <span class='ocrx_word' id='word_1_607' title='bbox 2180 3864 2291 3919; x_wconf 89' lang='lat' dir='ltr'><strong>Deo</strong></span> <span class='ocrx_word' id='word_1_608' title='bbox 2360 3855 2631 3914; x_wconf 79' lang='lat' dir='ltr'><strong>faciemus</strong></span> <span class='ocrx_word' id='word_1_609' title='bbox 2691 3849 2987 3912; x_wconf 84' lang='lat' dir='ltr'><strong>virtutem;</strong></span> <span class='ocrx_word' id='word_1_610' title='bbox 3030 3851 3084 3899; x_wconf 88' lang='lat' dir='ltr'><strong>et</strong></span> <span class='ocrx_word' id='word_1_611' title='bbox 3131 3844 3297 3915; x_wconf 77' lang='lat'><strong>620</strong></span> <span class='ocrx_word' id='word_1_612' title='bbox 3352 3843 3469 3913; x_wconf 86' lang='lat' dir='ltr'><strong>ipse</strong></span> <span class='ocrx_word' id='word_1_613' title='bbox 3538 3844 3589 3898; x_wconf 84' lang='lat' dir='ltr'><strong>iu</strong></span> 
     </span>
    </p>
   </div>
   <div class='ocr_carea' id='block_1_77' title="bbox 327 3966 1649 4039">
    <p class='ocr_par' dir='ltr' id='par_1_77' title="bbox 327 3966 1649 4039">
     <span class='ocr_line' id='line_1_77' title="bbox 327 3966 1649 4039; baseline 0.005 -22"><span class='ocrx_word' id='word_1_614' title='bbox 327 3966 564 4021; x_wconf 87' lang='lat' dir='ltr'><strong>nihilum</strong></span> <span class='ocrx_word' id='word_1_615' title='bbox 595 3967 817 4023; x_wconf 86' lang='lat' dir='ltr'><strong>reducet</strong></span> <span class='ocrx_word' id='word_1_616' title='bbox 847 3983 944 4024; x_wconf 86' lang='lat' dir='ltr'><strong>eos</strong></span> <span class='ocrx_word' id='word_1_617' title='bbox 991 3967 1086 4039; x_wconf 88' lang='lat' dir='ltr'><strong>qui</strong></span> <span class='ocrx_word' id='word_1_618' title='bbox 1114 3967 1359 4039; x_wconf 78' lang='lat' dir='ltr'><strong>aﬂligunt</strong></span> <span class='ocrx_word' id='word_1_619' title='bbox 1392 3983 1493 4022; x_wconf 91' lang='lat' dir='ltr'><strong>nos</strong></span> <span class='ocrx_word' id='word_1_620' title='bbox 1527 3967 1596 4025; x_wconf 64' lang='lat'><strong>3&#39;.</strong></span> <span class='ocrx_word' id='word_1_621' title='bbox 1628 3988 1649 4023; x_wconf 80' lang='grc' dir='ltr'><strong>ι</strong></span> 
     </span>
    </p>
   </div>
   <div class='ocr_carea' id='block_1_78' title="bbox 417 4059 1912 4131">
    <p class='ocr_par' dir='ltr' id='par_1_78' title="bbox 417 4059 1912 4131">
     <span class='ocr_line' id='line_1_78' title="bbox 417 4059 1912 4131; baseline 0.001 -19"><span class='ocrx_word' id='word_1_622' title='bbox 417 4059 616 4130; x_wconf 74' lang='grc' dir='ltr'>Ἐχρῆν</span> <span class='ocrx_word' id='word_1_623' title='bbox 648 4060 705 4114; x_wconf 82' lang='grc' dir='ltr'><strong>δὲ</strong></span> <span class='ocrx_word' id='word_1_624' title='bbox 739 4061 1053 4130; x_wconf 80' lang='grc' dir='ltr'>ὑπομνῆσαι</span> <span class='ocrx_word' id='word_1_625' title='bbox 1082 4063 1218 4131; x_wconf 86' lang='grc' dir='ltr'><strong>μετὰ</strong></span> <span class='ocrx_word' id='word_1_626' title='bbox 1244 4060 1418 4114; x_wconf 81' lang='grc' dir='ltr'>πάντα</span> <span class='ocrx_word' id='word_1_627' title='bbox 1443 4062 1536 4114; x_wconf 72' lang='grc' dir='ltr'><strong>καὶ</strong></span> <span class='ocrx_word' id='word_1_628' title='bbox 1564 4063 1665 4130; x_wconf 75' lang='grc' dir='ltr'>τῆς</span> <span class='ocrx_word' id='word_1_629' title='bbox 1690 4063 1912 4116; x_wconf 82' lang='grc' dir='ltr'>ἀποκει-</span> 
     </span>
    </p>
   </div>
   <div class='ocr_carea' id='block_1_79' title="bbox 330 4149 1910 4223">
    <p class='ocr_par' dir='ltr' id='par_1_79' title="bbox 330 4149 1910 4223">
     <span class='ocr_line' id='line_1_79' title="bbox 330 4149 1910 4223; baseline 0.003 -20"><span class='ocrx_word' id='word_1_630' title='bbox 330 4150 504 4220; x_wconf 77' lang='grc' dir='ltr'>μένης</span> <span class='ocrx_word' id='word_1_631' title='bbox 525 4153 582 4203; x_wconf 81' lang='grc' dir='ltr'><strong>ὲν</strong></span> <span class='ocrx_word' id='word_1_632' title='bbox 605 4149 681 4221; x_wconf 82' lang='grc' dir='ltr'>τῷ</span> <span class='ocrx_word' id='word_1_633' title='bbox 703 4152 948 4221; x_wconf 75' lang='grc' dir='ltr'>μέλλοντι</span> <span class='ocrx_word' id='word_1_634' title='bbox 966 4151 1122 4207; x_wconf 77' lang='grc' dir='ltr'>αἰῶνι</span> <span class='ocrx_word' id='word_1_635' title='bbox 1148 4153 1576 4221; x_wconf 77' lang='grc' dir='ltr'>κληρονομίας,</span> <span class='ocrx_word' id='word_1_636' title='bbox 1593 4152 1716 4223; x_wconf 75' lang='grc' dir='ltr'>ἣτις</span> <span class='ocrx_word' id='word_1_637' title='bbox 1738 4152 1910 4207; x_wconf 75' lang='grc' dir='ltr'>ἐστίν’</span> 
     </span>
    </p>
   </div>
   <div class='ocr_carea' id='block_1_80' title="bbox 333 4235 1914 4314">
    <p class='ocr_par' dir='ltr' id='par_1_80' title="bbox 333 4235 1914 4314">
     <span class='ocr_line' id='line_1_80' title="bbox 333 4235 1914 4314; baseline 0.003 -23"><span class='ocrx_word' id='word_1_638' title='bbox 333 4263 353 4291; x_wconf 73' lang='lat' dir='ltr'><strong>s</strong></span> <span class='ocrx_word' id='word_1_639' title='bbox 409 4244 474 4293; x_wconf 73' lang='grc' dir='ltr'><em>’Ἄ</em></span> <span class='ocrx_word' id='word_1_640' title='bbox 498 4241 775 4312; x_wconf 70' lang='grc' dir='ltr'>ὀφθαλμὸς</span> <span class='ocrx_word' id='word_1_641' title='bbox 799 4242 900 4295; x_wconf 73' lang='grc' dir='ltr'><strong>οὐκ</strong></span> <span class='ocrx_word' id='word_1_642' title='bbox 923 4237 1084 4303; x_wconf 75' lang='grc' dir='ltr'>εἶδεν,</span> <span class='ocrx_word' id='word_1_643' title='bbox 1113 4243 1203 4297; x_wconf 55' lang='grc' dir='ltr'><strong>καὶ⁵</strong></span> <span class='ocrx_word' id='word_1_644' title='bbox 1234 4235 1328 4306; x_wconf 83' lang='grc' dir='ltr'><strong>οὖς</strong></span> <span class='ocrx_word' id='word_1_645' title='bbox 1363 4244 1463 4296; x_wconf 83' lang='grc' dir='ltr'><strong>οὐκ</strong></span> <span class='ocrx_word' id='word_1_646' title='bbox 1503 4244 1734 4314; x_wconf 74' lang='grc' dir='ltr'>ἤκουσεν</span> <span class='ocrx_word' id='word_1_647' title='bbox 1754 4284 1770 4309; x_wconf 94' lang='grc'><strong>,</strong></span> <span class='ocrx_word' id='word_1_648' title='bbox 1817 4242 1914 4297; x_wconf 71' lang='grc' dir='ltr'>καὶ</span> 
     </span>
    </p>
   </div>
   <div class='ocr_carea' id='block_1_81' title="bbox 327 4333 1913 4408">
    <p class='ocr_par' dir='ltr' id='par_1_81' title="bbox 327 4333 1913 4408">
     <span class='ocr_line' id='line_1_81' title="bbox 327 4333 1913 4408; baseline 0.001 -21"><span class='ocrx_word' id='word_1_649' title='bbox 327 4336 427 4387; x_wconf 77' lang='grc' dir='ltr'>ἐπὶ</span> <span class='ocrx_word' id='word_1_650' title='bbox 485 4334 709 4405; x_wconf 81' lang='grc' dir='ltr'>καρδίαν</span> <span class='ocrx_word' id='word_1_651' title='bbox 746 4333 1036 4404; x_wconf 81' lang='grc' dir='ltr'>ἀνθρώπου</span> <span class='ocrx_word' id='word_1_652' title='bbox 1091 4335 1192 4389; x_wconf 86' lang='grc' dir='ltr'><strong>οὐκ</strong></span> <span class='ocrx_word' id='word_1_653' title='bbox 1248 4335 1438 4407; x_wconf 76' lang='grc' dir='ltr'>ἀνέϐη,</span> <span class='ocrx_word' id='word_1_654' title='bbox 1481 4335 1517 4390; x_wconf 79' lang='grc' dir='ltr'><strong>δι</strong></span> <span class='ocrx_word' id='word_1_655' title='bbox 1548 4338 1847 4408; x_wconf 84' lang='grc' dir='ltr'>ἡτοίμασεν</span> <span class='ocrx_word' id='word_1_656' title='bbox 1884 4337 1913 4388; x_wconf 85' lang='grc' dir='ltr'><strong>δ</strong></span> 
     </span>
    </p>
   </div>
   <div class='ocr_carea' id='block_1_82' title="bbox 328 4424 1916 4497">
    <p class='ocr_par' dir='ltr' id='par_1_82' title="bbox 328 4424 1916 4497">
     <span class='ocr_line' id='line_1_82' title="bbox 328 4424 1916 4497; baseline 0.002 -20"><span class='ocrx_word' id='word_1_657' title='bbox 328 4425 465 4488; x_wconf 78' lang='grc' dir='ltr'>Θεὸς</span> <span class='ocrx_word' id='word_1_658' title='bbox 494 4428 605 4488; x_wconf 87' lang='grc' dir='ltr'>τοῖς</span> <span class='ocrx_word' id='word_1_659' title='bbox 638 4424 923 4493; x_wconf 80' lang='grc' dir='ltr'>ἀγαπῶσιν</span> <span class='ocrx_word' id='word_1_660' title='bbox 961 4424 1142 4480; x_wconf 64' lang='grc' dir='ltr'>αὐτᾶν.</span> <span class='ocrx_word' id='word_1_661' title='bbox 1185 4445 1204 4479; x_wconf 85' lang='grc' dir='ltr'><strong>ι</strong></span> <span class='ocrx_word' id='word_1_662' title='bbox 1234 4427 1326 4480; x_wconf 89' lang='grc' dir='ltr'><strong>Διό</strong></span> <span class='ocrx_word' id='word_1_663' title='bbox 1352 4444 1533 4497; x_wconf 83' lang='grc' dir='ltr'>φησιν·</span> <span class='ocrx_word' id='word_1_664' title='bbox 1561 4428 1737 4482; x_wconf 83' lang='grc' dir='ltr'>Ἔστι</span> <span class='ocrx_word' id='word_1_665' title='bbox 1768 4430 1916 4491; x_wconf 76' lang='grc' dir='ltr'><strong>κλη-</strong></span> 
     </span>
    </p>
   </div>
   <div class='ocr_carea' id='block_1_83' title="bbox 324 4511 1915 4585">
    <p class='ocr_par' dir='ltr' id='par_1_83' title="bbox 324 4511 1915 4585">
     <span class='ocr_line' id='line_1_83' title="bbox 324 4511 1915 4585; baseline 0.003 -22"><span class='ocrx_word' id='word_1_666' title='bbox 324 4513 583 4580; x_wconf 76' lang='grc' dir='ltr'>ρονομία</span> <span class='ocrx_word' id='word_1_667' title='bbox 631 4511 755 4578; x_wconf 82' lang='grc' dir='ltr'>τοῖς</span> <span class='ocrx_word' id='word_1_668' title='bbox 810 4514 1207 4580; x_wconf 78' lang='grc' dir='ltr'>θεραπεύουσι</span> <span class='ocrx_word' id='word_1_669' title='bbox 1252 4516 1486 4584; x_wconf 81' lang='grc' dir='ltr'>Κύριον.</span> <span class='ocrx_word' id='word_1_670' title='bbox 1526 4516 1810 4585; x_wconf 83' lang='grc' dir='ltr'>Ἀγαπῶσι</span> <span class='ocrx_word' id='word_1_671' title='bbox 1858 4517 1915 4569; x_wconf 78' lang='grc' dir='ltr'>δὲ</span> 
     </span>
    </p>
   </div>
   <div class='ocr_carea' id='block_1_84' title="bbox 331 4602 1916 4678">
    <p class='ocr_par' dir='ltr' id='par_1_84' title="bbox 331 4602 1916 4678">
     <span class='ocr_line' id='line_1_84' title="bbox 331 4602 1916 4678; baseline 0.003 -24"><span class='ocrx_word' id='word_1_672' title='bbox 331 4602 498 4654; x_wconf 70' lang='grc' dir='ltr'>αὑτὸν</span> <span class='ocrx_word' id='word_1_673' title='bbox 522 4604 576 4655; x_wconf 81' lang='grc' dir='ltr'>οἱ</span> <span class='ocrx_word' id='word_1_674' title='bbox 609 4602 1038 4670; x_wconf 82' lang='grc' dir='ltr'>θεραπεύοντες</span> <span class='ocrx_word' id='word_1_675' title='bbox 1068 4605 1275 4667; x_wconf 81' lang='grc' dir='ltr'>αὑτὸν,</span> <span class='ocrx_word' id='word_1_676' title='bbox 1310 4605 1399 4659; x_wconf 84' lang='grc' dir='ltr'><strong>διὰ</strong></span> <span class='ocrx_word' id='word_1_677' title='bbox 1432 4606 1526 4660; x_wconf 81' lang='grc' dir='ltr'>τοῦ</span> <span class='ocrx_word' id='word_1_678' title='bbox 1577 4607 1726 4678; x_wconf 78' lang='grc' dir='ltr'>πάσῃ</span> <span class='ocrx_word' id='word_1_679' title='bbox 1756 4606 1916 4659; x_wconf 84' lang='grc' dir='ltr'>εὐλα-</span> 
     </span>
    </p>
   </div>
   <div class='ocr_carea' id='block_1_85' title="bbox 329 4689 1914 4763">
    <p class='ocr_par' dir='ltr' id='par_1_85' title="bbox 329 4689 1914 4763">
     <span class='ocr_line' id='line_1_85' title="bbox 329 4689 1914 4763; baseline 0.003 -21"><span class='ocrx_word' id='word_1_680' title='bbox 329 4689 460 4759; x_wconf 63' lang='grc' dir='ltr'>ϐείᾳ</span> <span class='ocrx_word' id='word_1_681' title='bbox 505 4690 777 4745; x_wconf 79' lang='grc' dir='ltr'>δουλεύειν</span> <span class='ocrx_word' id='word_1_682' title='bbox 819 4691 991 4763; x_wconf 77' lang='grc' dir='ltr'>αὐτῷ.</span> <span class='ocrx_word' id='word_1_683' title='bbox 1048 4692 1442 4763; x_wconf 71' lang='grc' dir='ltr'>Παρανὸμοιςὶ</span> <span class='ocrx_word' id='word_1_684' title='bbox 1495 4694 1551 4747; x_wconf 74' lang='grc' dir='ltr'>δὲ</span> <span class='ocrx_word' id='word_1_685' title='bbox 1598 4696 1775 4748; x_wconf 80' lang='grc' dir='ltr'>κεῖται</span> <span class='ocrx_word' id='word_1_686' title='bbox 1801 4697 1914 4757; x_wconf 86' lang='grc' dir='ltr'>τοίς</span> 
     </span>
    </p>
   </div>
   <div class='ocr_carea' id='block_1_86' title="bbox 341 4779 1908 4853">
    <p class='ocr_par' dir='ltr' id='par_1_86' title="bbox 341 4779 1908 4853">
     <span class='ocr_line' id='line_1_86' title="bbox 341 4779 1908 4853; baseline 0.004 -20"><span class='ocrx_word' id='word_1_687' title='bbox 341 4779 767 4851; x_wconf 80' lang='grc' dir='ltr'>Ἐϐδομήκοντα,</span> <span class='ocrx_word' id='word_1_688' title='bbox 804 4783 858 4835; x_wconf 82' lang='grc' dir='ltr'>οἱ</span> <span class='ocrx_word' id='word_1_689' title='bbox 894 4780 963 4833; x_wconf 83' lang='grc' dir='ltr'>δὲ</span> <span class='ocrx_word' id='word_1_690' title='bbox 999 4783 1204 4852; x_wconf 76' lang='grc' dir='ltr'>ἔνοχοι</span> <span class='ocrx_word' id='word_1_691' title='bbox 1222 4798 1339 4838; x_wconf 88' lang='grc' dir='ltr'><strong>σου</strong></span> <span class='ocrx_word' id='word_1_692' title='bbox 1364 4783 1608 4838; x_wconf 81' lang='grc' dir='ltr'>ἔσονται</span> <span class='ocrx_word' id='word_1_693' title='bbox 1635 4785 1707 4838; x_wconf 78' lang='grc' dir='ltr'>ἐν</span> <span class='ocrx_word' id='word_1_694' title='bbox 1731 4784 1908 4853; x_wconf 71' lang='grc' dir='ltr'>αὐτῇ.</span> 
     </span>
    </p>
   </div>
   <div class='ocr_carea' id='block_1_87' title="bbox 2083 4029 3589 4124">
    <p class='ocr_par' dir='ltr' id='par_1_87' title="bbox 2083 4029 3589 4124">
     <span class='ocr_line' id='line_1_87' title="bbox 2083 4029 3589 4124; baseline -0.02 -14"><span class='ocrx_word' id='word_1_695' title='bbox 2083 4046 2381 4124; x_wconf 83' lang='lat' dir='ltr'><strong>Oportebat</strong></span> <span class='ocrx_word' id='word_1_696' title='bbox 2425 4056 2555 4098; x_wconf 84' lang='lat' dir='ltr'><strong>vero</strong></span> <span class='ocrx_word' id='word_1_697' title='bbox 2602 4048 2726 4111; x_wconf 90' lang='lat' dir='ltr'><strong>post</strong></span> <span class='ocrx_word' id='word_1_698' title='bbox 2768 4033 2976 4100; x_wconf 85' lang='lat' dir='ltr'><strong>omnia,</strong></span> <span class='ocrx_word' id='word_1_699' title='bbox 3004 4033 3073 4089; x_wconf 86' lang='lat' dir='ltr'><strong>de</strong></span> <span class='ocrx_word' id='word_1_700' title='bbox 3102 4029 3384 4086; x_wconf 85' lang='lat' dir='ltr'><strong>recondita</strong></span> <span class='ocrx_word' id='word_1_701' title='bbox 3425 4029 3533 4082; x_wconf 87' lang='lat' dir='ltr'><strong>ctia</strong></span> <span class='ocrx_word' id='word_1_702' title='bbox 3559 4047 3589 4080; x_wconf 86' lang='lat' dir='ltr'><strong>u</strong></span> 
     </span>
    </p>
   </div>
   <div class='ocr_carea' id='block_1_88' title="bbox 2011 4121 3590 4204">
    <p class='ocr_par' dir='ltr' id='par_1_88' title="bbox 2011 4121 3590 4204">
     <span class='ocr_line' id='line_1_88' title="bbox 2011 4121 3590 4204; baseline -0.02 0"><span class='ocrx_word' id='word_1_703' title='bbox 2011 4149 2066 4204; x_wconf 92' lang='lat' dir='ltr'><strong>in</strong></span> <span class='ocrx_word' id='word_1_704' title='bbox 2099 4121 2344 4200; x_wconf 74' lang='lat' dir='ltr'><strong>futurum</strong></span> <span class='ocrx_word' id='word_1_705' title='bbox 2376 4135 2638 4194; x_wconf 61' lang='lat' dir='ltr'><strong>smculum</strong></span> <span class='ocrx_word' id='word_1_706' title='bbox 2673 4129 3001 4193; x_wconf 74' lang='lat' dir='ltr'><strong>hwreditate,</strong></span> <span class='ocrx_word' id='word_1_707' title='bbox 3046 4140 3299 4197; x_wconf 62' lang='lat' dir='ltr'><strong>quaenam</strong></span> <span class='ocrx_word' id='word_1_708' title='bbox 3354 4121 3590 4193; x_wconf 80' lang='lat' dir='ltr'><strong>promit~</strong></span> 
     </span>
    </p>
   </div>
   <div class='ocr_carea' id='block_1_89' title="bbox 2013 4214 3586 4296">
    <p class='ocr_par' dir='ltr' id='par_1_89' title="bbox 2013 4214 3586 4296">
     <span class='ocr_line' id='line_1_89' title="bbox 2013 4214 3586 4296; baseline -0.02 -1"><span class='ocrx_word' id='word_1_709' title='bbox 2013 4246 2173 4296; x_wconf 87' lang='lat' dir='ltr'><strong>teret,</strong></span> <span class='ocrx_word' id='word_1_710' title='bbox 2201 4233 2497 4288; x_wconf 88' lang='lat' dir='ltr'><strong>admonere</strong></span> <span class='ocrx_word' id='word_1_711' title='bbox 2526 4241 2543 4279; x_wconf 80' lang='grc' dir='ltr'><strong>ι</strong></span> <span class='ocrx_word' id='word_1_712' title='bbox 2578 4239 2640 4279; x_wconf 89' lang='lat' dir='ltr'><strong>ea</strong></span> <span class='ocrx_word' id='word_1_713' title='bbox 2669 4221 2931 4277; x_wconf 86' lang='lat' dir='ltr'><strong>nimirum</strong></span> <span class='ocrx_word' id='word_1_714' title='bbox 2971 4235 2985 4272; x_wconf 91' lang='lat'><strong>:</strong></span> <span class='ocrx_word' id='word_1_715' title='bbox 3012 4230 3050 4269; x_wconf 78' lang='grc' dir='ltr'><strong>ἰ</strong></span> <span class='ocrx_word' id='word_1_716' title='bbox 3086 4214 3220 4283; x_wconf 65' lang='lat' dir='ltr'><strong>Quae</strong></span> <span class='ocrx_word' id='word_1_717' title='bbox 3249 4216 3443 4270; x_wconf 83' lang='lat' dir='ltr'><strong>oculus</strong></span> <span class='ocrx_word' id='word_1_718' title='bbox 3479 4228 3586 4264; x_wconf 81' lang='lat' dir='ltr'><strong>non</strong></span> 
     </span>
    </p>
   </div>
   <div class='ocr_carea' id='block_1_90' title="bbox 2013 4307 3594 4392">
    <p class='ocr_par' dir='ltr' id='par_1_90' title="bbox 2013 4307 3594 4392">
     <span class='ocr_line' id='line_1_90' title="bbox 2013 4307 3594 4392; baseline -0.02 -6"><span class='ocrx_word' id='word_1_719' title='bbox 2013 4331 2171 4392; x_wconf 83' lang='lat' dir='ltr'><strong>vidit,</strong></span> <span class='ocrx_word' id='word_1_720' title='bbox 2200 4338 2304 4381; x_wconf 89' lang='lat' dir='ltr'><strong>nec</strong></span> <span class='ocrx_word' id='word_1_721' title='bbox 2358 4319 2508 4375; x_wconf 88' lang='lat' dir='ltr'><strong>auris</strong></span> <span class='ocrx_word' id='word_1_722' title='bbox 2557 4314 2789 4380; x_wconf 86' lang='lat' dir='ltr'><strong>audivit,</strong></span> <span class='ocrx_word' id='word_1_723' title='bbox 2843 4325 2947 4367; x_wconf 87' lang='lat' dir='ltr'><strong>nec</strong></span> <span class='ocrx_word' id='word_1_724' title='bbox 2980 4310 3039 4365; x_wconf 91' lang='lat' dir='ltr'><strong>in</strong></span> <span class='ocrx_word' id='word_1_725' title='bbox 3070 4323 3166 4364; x_wconf 91' lang='lat' dir='ltr'><strong>cor</strong></span> <span class='ocrx_word' id='word_1_726' title='bbox 3204 4307 3449 4361; x_wconf 83' lang='lat' dir='ltr'><strong>hominis</strong></span> <span class='ocrx_word' id='word_1_727' title='bbox 3505 4318 3594 4355; x_wconf 86' lang='lat' dir='ltr'><strong>as-</strong></span> 
     </span>
    </p>
   </div>
   <div class='ocr_carea' id='block_1_91' title="bbox 2015 4394 3594 4487">
    <p class='ocr_par' dir='ltr' id='par_1_91' title="bbox 2015 4394 3594 4487">
     <span class='ocr_line' id='line_1_91' title="bbox 2015 4394 3594 4487; baseline -0.022 -8"><span class='ocrx_word' id='word_1_728' title='bbox 2015 4421 2217 4484; x_wconf 87' lang='lat' dir='ltr'><strong>cendit,</strong></span> <span class='ocrx_word' id='word_1_729' title='bbox 2263 4430 2385 4487; x_wconf 83' lang='lat' dir='ltr'><strong>quae</strong></span> <span class='ocrx_word' id='word_1_730' title='bbox 2416 4405 2743 4482; x_wconf 65' lang='lat' dir='ltr'><strong>praeparavit</strong></span> <span class='ocrx_word' id='word_1_731' title='bbox 2788 4404 2930 4460; x_wconf 86' lang='lat' dir='ltr'><strong>Deus</strong></span> <span class='ocrx_word' id='word_1_732' title='bbox 2982 4401 3052 4456; x_wconf 89' lang='lat' dir='ltr'><strong>iis</strong></span> <span class='ocrx_word' id='word_1_733' title='bbox 3080 4398 3173 4470; x_wconf 88' lang='lat' dir='ltr'><strong>qui</strong></span> <span class='ocrx_word' id='word_1_734' title='bbox 3231 4394 3594 4487; x_wconf 76' lang='lat' dir='ltr'><strong>diliguntil-</strong></span> 
     </span>
    </p>
   </div>
   <div class='ocr_carea' id='block_1_92' title="bbox 2014 4486 3595 4576">
    <p class='ocr_par' dir='ltr' id='par_1_92' title="bbox 2014 4486 3595 4576">
     <span class='ocr_line' id='line_1_92' title="bbox 2014 4486 3595 4576; baseline -0.022 -6"><span class='ocrx_word' id='word_1_735' title='bbox 2014 4517 2127 4570; x_wconf 89' lang='lat' dir='ltr'><strong>lum</strong></span> <span class='ocrx_word' id='word_1_736' title='bbox 2156 4512 2223 4565; x_wconf 73' lang='grc' dir='ltr'><strong>θ’.</strong></span> <span class='ocrx_word' id='word_1_737' title='bbox 2265 4486 2291 4560; x_wconf 58' lang='grc' dir='ltr'><em>ί</em></span> <span class='ocrx_word' id='word_1_738' title='bbox 2324 4504 2455 4561; x_wconf 86' lang='lat' dir='ltr'><strong>lude</strong></span> <span class='ocrx_word' id='word_1_739' title='bbox 2507 4498 2791 4576; x_wconf 53' lang='lat' dir='ltr'><strong>estigitur</strong></span> <span class='ocrx_word' id='word_1_740' title='bbox 2824 4492 2968 4576; x_wconf 83' lang='lat' dir='ltr'><strong>quod</strong></span> <span class='ocrx_word' id='word_1_741' title='bbox 3000 4491 3077 4546; x_wconf 85' lang='lat' dir='ltr'><strong>ait</strong></span> <span class='ocrx_word' id='word_1_742' title='bbox 3110 4509 3125 4546; x_wconf 85' lang='lat'><strong>:</strong></span> <span class='ocrx_word' id='word_1_743' title='bbox 3165 4493 3261 4545; x_wconf 81' lang='lat' dir='ltr'><strong>Est</strong></span> <span class='ocrx_word' id='word_1_744' title='bbox 3307 4486 3595 4541; x_wconf 75' lang='lat' dir='ltr'><strong>Itwredz&#39;tas</strong></span> 
     </span>
    </p>
   </div>
   <div class='ocr_carea' id='block_1_93' title="bbox 2013 4572 3679 4659">
    <p class='ocr_par' dir='ltr' id='par_1_93' title="bbox 2013 4572 3679 4659">
     <span class='ocr_line' id='line_1_93' title="bbox 2013 4572 3679 4659; baseline -0.022 0"><span class='ocrx_word' id='word_1_745' title='bbox 2013 4600 2358 4659; x_wconf 76' lang='lat' dir='ltr'><strong>servientibus</strong></span> <span class='ocrx_word' id='word_1_746' title='bbox 2398 4572 2646 4649; x_wconf 84' lang='lat' dir='ltr'><strong>Domino.</strong></span> <span class='ocrx_word' id='word_1_747' title='bbox 2706 4572 2951 4657; x_wconf 75' lang='lat' dir='ltr'><strong>Diligunt</strong></span> <span class='ocrx_word' id='word_1_748' title='bbox 3002 4589 3182 4635; x_wconf 85' lang='lat' dir='ltr'><strong>autem</strong></span> <span class='ocrx_word' id='word_1_749' title='bbox 3234 4580 3409 4648; x_wconf 76' lang='lat' dir='ltr'><strong>ipsum</strong></span> <span class='ocrx_word' id='word_1_750' title='bbox 3459 4575 3595 4628; x_wconf 77' lang='lat' dir='ltr'><strong>servi</strong></span> <span class='ocrx_word' id='word_1_751' title='bbox 3670 4652 3679 4659; x_wconf 36' lang='lat'><strong>.</strong></span> 
     </span>
    </p>
   </div>
   <div class='ocr_carea' id='block_1_94' title="bbox 2013 4667 3596 4764">
    <p class='ocr_par' dir='ltr' id='par_1_94' title="bbox 2013 4667 3596 4764">
     <span class='ocr_line' id='line_1_94' title="bbox 2013 4667 3596 4764; baseline -0.022 -13"><span class='ocrx_word' id='word_1_752' title='bbox 2013 4697 2161 4764; x_wconf 83' lang='lat' dir='ltr'><strong>ejus,</strong></span> <span class='ocrx_word' id='word_1_753' title='bbox 2211 4692 2255 4748; x_wconf 88' lang='lat' dir='ltr'><strong>si</strong></span> <span class='ocrx_word' id='word_1_754' title='bbox 2284 4688 2462 4746; x_wconf 89' lang='lat' dir='ltr'><strong>eidem</strong></span> <span class='ocrx_word' id='word_1_755' title='bbox 2494 4695 2707 4740; x_wconf 88' lang='lat' dir='ltr'><strong>summa</strong></span> <span class='ocrx_word' id='word_1_756' title='bbox 2741 4676 3010 4747; x_wconf 79' lang='lat' dir='ltr'><strong>religione</strong></span> <span class='ocrx_word' id='word_1_757' title='bbox 3043 4682 3100 4728; x_wconf 82' lang='lat' dir='ltr'><strong>et</strong></span> <span class='ocrx_word' id='word_1_758' title='bbox 3149 4667 3456 4726; x_wconf 87' lang='lat' dir='ltr'><strong>reverentia</strong></span> <span class='ocrx_word' id='word_1_759' title='bbox 3511 4668 3596 4718; x_wconf 82' lang='lat' dir='ltr'><strong>ta-</strong></span> 
     </span>
    </p>
   </div>
   <div class='ocr_carea' id='block_1_95' title="bbox 2020 4760 3596 4841">
    <p class='ocr_par' dir='ltr' id='par_1_95' title="bbox 2020 4760 3596 4841">
     <span class='ocr_line' id='line_1_95' title="bbox 2020 4760 3596 4841; baseline -0.02 0"><span class='ocrx_word' id='word_1_760' title='bbox 2020 4760 2326 4841; x_wconf 73' lang='lat' dir='ltr'><strong>ntulantnr.</strong></span> <span class='ocrx_word' id='word_1_761' title='bbox 2358 4777 2563 4834; x_wconf 81' lang='lat' dir='ltr'><strong>Verum</strong></span> <span class='ocrx_word' id='word_1_762' title='bbox 2588 4789 2697 4828; x_wconf 89' lang='lat' dir='ltr'><strong>non</strong></span> <span class='ocrx_word' id='word_1_763' title='bbox 2732 4778 2818 4827; x_wconf 87' lang='lat' dir='ltr'><strong>est</strong></span> <span class='ocrx_word' id='word_1_764' title='bbox 2852 4764 3241 4839; x_wconf 70' lang='lat' dir='ltr'><strong>ignorantium,</strong></span> <span class='ocrx_word' id='word_1_765' title='bbox 3268 4760 3410 4830; x_wconf 85' lang='lat' dir='ltr'><strong>apud</strong></span> <span class='ocrx_word' id='word_1_766' title='bbox 3445 4761 3596 4812; x_wconf 76' lang='lat' dir='ltr'><strong>solos</strong></span> 
     </span>
    </p>
   </div>
   <div class='ocr_carea' id='block_1_96' title="bbox 330 4852 1927 4948">
    <p class='ocr_par' dir='ltr' id='par_1_96' title="bbox 330 4852 1912 4947">
     <span class='ocr_line' id='line_1_96' title="bbox 330 4852 1912 4947; baseline 0.003 -22"><span class='ocrx_word' id='word_1_767' title='bbox 330 4871 496 4942; x_wconf 77' lang='grc' dir='ltr'><strong>Δηλοϊ</strong></span> <span class='ocrx_word' id='word_1_768' title='bbox 520 4871 575 4925; x_wconf 83' lang='grc' dir='ltr'>δὲ</span> <span class='ocrx_word' id='word_1_769' title='bbox 605 4871 685 4925; x_wconf 83' lang='grc' dir='ltr'><strong>ὅτι</strong></span> <span class='ocrx_word' id='word_1_770' title='bbox 714 4872 855 4942; x_wconf 87' lang='grc' dir='ltr'><strong>μετὰ</strong></span> <span class='ocrx_word' id='word_1_771' title='bbox 897 4872 989 4926; x_wconf 70' lang='grc' dir='ltr'><strong>τὸν</strong></span> <span class='ocrx_word' id='word_1_772' title='bbox 1018 4870 1107 4927; x_wconf 82' lang='grc' dir='ltr'><strong>διὰ</strong></span> <span class='ocrx_word' id='word_1_773' title='bbox 1146 4873 1455 4944; x_wconf 83' lang='grc' dir='ltr'>πνεύματος</span> <span class='ocrx_word' id='word_1_774' title='bbox 1496 4852 1912 4947; x_wconf 79' lang='grc' dir='ltr'>ἀνακαινισμὸν,</span> 
     </span>
    </p>
   </div>
   <div class='ocr_carea' id='block_1_97' title="bbox 2016 4852 3671 4948">
    <p class='ocr_par' dir='ltr' id='par_1_97' title="bbox 2023 4852 3671 4948">
     <span class='ocr_line' id='line_1_97' title="bbox 2023 4852 3671 4948; baseline -0.02 -14"><span class='ocrx_word' id='word_1_775' title='bbox 2023 4876 2381 4948; x_wconf 66' lang='lat' dir='ltr'><strong>Septuaginta</strong></span> <span class='ocrx_word' id='word_1_776' title='bbox 2421 4872 2748 4938; x_wconf 86' lang='lat' dir='ltr'><strong>interpretes</strong></span> <span class='ocrx_word' id='word_1_777' title='bbox 2785 4862 2952 4918; x_wconf 80' lang='lat' dir='ltr'><strong>verba</strong></span> <span class='ocrx_word' id='word_1_778' title='bbox 2987 4862 3112 4922; x_wconf 88' lang='lat' dir='ltr'><strong>ista,</strong></span> <span class='ocrx_word' id='word_1_779' title='bbox 3154 4856 3207 4911; x_wconf 81' lang='lat' dir='ltr'><strong>et</strong></span> <span class='ocrx_word' id='word_1_780' title='bbox 3254 4853 3470 4908; x_wconf 73' lang='lat' dir='ltr'><strong>obnoxii</strong></span> <span class='ocrx_word' id='word_1_781' title='bbox 3518 4852 3598 4904; x_wconf 83' lang='lat' dir='ltr'><strong>tui</strong></span> <span class='ocrx_word' id='word_1_782' title='bbox 3664 4856 3671 4863; x_wconf 82' lang='lat'><strong><em>’</em></strong></span> 
     </span>
    </p>
   </div>
   <div class='ocr_carea' id='block_1_98' title="bbox 333 4961 1916 5035">
    <p class='ocr_par' dir='ltr' id='par_1_98' title="bbox 333 4961 1916 5035">
     <span class='ocr_line' id='line_1_98' title="bbox 333 4961 1916 5035; baseline 0.004 -20"><span class='ocrx_word' id='word_1_783' title='bbox 333 4961 532 5024; x_wconf 74' lang='grc' dir='ltr'>εἴτινες</span> <span class='ocrx_word' id='word_1_784' title='bbox 560 4961 835 5031; x_wconf 75' lang='grc' dir='ltr'>εὑρεθεῖεν</span> <span class='ocrx_word' id='word_1_785' title='bbox 861 4964 1157 5034; x_wconf 86' lang='grc' dir='ltr'>ἁμαρτίαις</span> <span class='ocrx_word' id='word_1_786' title='bbox 1184 4965 1405 5035; x_wconf 78' lang='grc' dir='ltr'>ἔνοχοι,</span> <span class='ocrx_word' id='word_1_787' title='bbox 1423 4966 1672 5021; x_wconf 82' lang='grc' dir='ltr'>ἔσονται</span> <span class='ocrx_word' id='word_1_788' title='bbox 1704 4968 1774 5020; x_wconf 77' lang='grc' dir='ltr'>ἐν</span> <span class='ocrx_word' id='word_1_789' title='bbox 1809 4970 1916 5022; x_wconf 84' lang='grc' dir='ltr'>αύ-</span> 
     </span>
    </p>
   </div>
   <div class='ocr_carea' id='block_1_99' title="bbox 334 5051 1917 5131">
    <p class='ocr_par' dir='ltr' id='par_1_99' title="bbox 334 5051 1917 5131">
     <span class='ocr_line' id='line_1_99' title="bbox 334 5051 1917 5131; baseline 0.006 -26"><span class='ocrx_word' id='word_1_790' title='bbox 334 5051 431 5120; x_wconf 74' lang='grc' dir='ltr'>τῇ,</span> <span class='ocrx_word' id='word_1_791' title='bbox 459 5055 522 5123; x_wconf 83' lang='grc' dir='ltr'>τῇ</span> <span class='ocrx_word' id='word_1_792' title='bbox 544 5052 718 5125; x_wconf 71' lang='grc' dir='ltr'>φθορᾷ</span> <span class='ocrx_word' id='word_1_793' title='bbox 737 5054 999 5124; x_wconf 75' lang='grc' dir='ltr'>δηλονότι·</span> <span class='ocrx_word' id='word_1_794' title='bbox 1027 5055 1434 5131; x_wconf 35' lang='grc' dir='ltr'>διὸ-ἐπήνεγκεν</span> <span class='ocrx_word' id='word_1_795' title='bbox 1459 5057 1620 5122; x_wconf 75' lang='grc' dir='ltr'>εὐθὺς</span> <span class='ocrx_word' id='word_1_796' title='bbox 1650 5060 1917 5124; x_wconf 83' lang='grc' dir='ltr'>τὸ,¹Ἐ“στι</span> 
     </span>
    </p>
   </div>
   <div class='ocr_carea' id='block_1_100' title="bbox 332 5145 1919 5219">
    <p class='ocr_par' dir='ltr' id='par_1_100' title="bbox 332 5145 1919 5219">
     <span class='ocr_line' id='line_1_100' title="bbox 332 5145 1919 5219; baseline 0.004 -22"><span class='ocrx_word' id='word_1_797' title='bbox 332 5145 709 5213; x_wconf 75' lang='grc' dir='ltr'>κληρονομία</span> <span class='ocrx_word' id='word_1_798' title='bbox 738 5145 864 5209; x_wconf 83' lang='grc' dir='ltr'>τοῖς</span> <span class='ocrx_word' id='word_1_799' title='bbox 896 5148 1293 5215; x_wconf 76' lang='grc' dir='ltr'>θεραπεύουσι</span> <span class='ocrx_word' id='word_1_800' title='bbox 1320 5149 1560 5216; x_wconf 83' lang='grc' dir='ltr'>Κύριον.</span> <span class='ocrx_word' id='word_1_801' title='bbox 1588 5150 1697 5219; x_wconf 79' lang='grc' dir='ltr'>Τὴν</span> <span class='ocrx_word' id='word_1_802' title='bbox 1727 5151 1783 5203; x_wconf 80' lang='grc' dir='ltr'>δὲ</span> <span class='ocrx_word' id='word_1_803' title='bbox 1811 5152 1919 5204; x_wconf 79' lang='grc' dir='ltr'><strong>πᾶ-</strong></span> 
     </span>
    </p>
   </div>
   <div class='ocr_carea' id='block_1_101' title="bbox 335 5236 1915 5314">
    <p class='ocr_par' dir='ltr' id='par_1_101' title="bbox 335 5236 1915 5314">
     <span class='ocr_line' id='line_1_101' title="bbox 335 5236 1915 5314; baseline 0.004 -24"><span class='ocrx_word' id='word_1_804' title='bbox 335 5251 436 5290; x_wconf 81' lang='grc' dir='ltr'><strong>σαν</strong></span> <span class='ocrx_word' id='word_1_805' title='bbox 477 5236 635 5307; x_wconf 75' lang='grc' dir='ltr'>ῥῆσίν</span> <span class='ocrx_word' id='word_1_806' title='bbox 663 5254 807 5300; x_wconf 86' lang='grc' dir='ltr'>τινες</span> <span class='ocrx_word' id='word_1_807' title='bbox 858 5241 953 5291; x_wconf 79' lang='grc' dir='ltr'><strong>καὶ</strong></span> <span class='ocrx_word' id='word_1_808' title='bbox 982 5239 1076 5290; x_wconf 69' lang='grc' dir='ltr'><strong>ἐπὶ</strong></span> <span class='ocrx_word' id='word_1_809' title='bbox 1102 5238 1202 5308; x_wconf 81' lang='grc' dir='ltr'><strong>τῆς</strong></span> <span class='ocrx_word' id='word_1_810' title='bbox 1251 5241 1519 5312; x_wconf 81' lang='grc' dir='ltr'>αἰσθητῆς</span> <span class='ocrx_word' id='word_1_811' title='bbox 1559 5242 1915 5314; x_wconf 78' lang='grc' dir='ltr'>Ἰερουσαλὴμ</span> 
     </span>
    </p>
   </div>
   <div class='ocr_carea' id='block_1_102' title="bbox 332 5328 1910 5407">
    <p class='ocr_par' dir='ltr' id='par_1_102' title="bbox 332 5328 1910 5407">
     <span class='ocr_line' id='line_1_102' title="bbox 332 5328 1910 5407; baseline 0.003 -24"><span class='ocrx_word' id='word_1_812' title='bbox 332 5330 476 5383; x_wconf 83' lang='grc' dir='ltr'>νοεῖν</span> <span class='ocrx_word' id='word_1_813' title='bbox 505 5328 736 5396; x_wconf 69' lang='grc' dir='ltr'>ἔφασαν,</span> <span class='ocrx_word' id='word_1_814' title='bbox 771 5329 1032 5407; x_wconf 62' lang='grc' dir='ltr'>δύνασθαι</span> <span class='ocrx_word' id='word_1_815' title='bbox 1064 5334 1452 5402; x_wconf 65' lang='grc' dir='ltr'>εὐφροσύνην</span> <span class='ocrx_word' id='word_1_816' title='bbox 1474 5335 1723 5402; x_wconf 79' lang='grc' dir='ltr'>λέγοντες</span> <span class='ocrx_word' id='word_1_817' title='bbox 1762 5337 1910 5404; x_wconf 74' lang='grc' dir='ltr'>γίνε·</span> 
     </span>
    </p>
   </div>
   <div class='ocr_carea' id='block_1_103' title="bbox 334 5418 1917 5499">
    <p class='ocr_par' dir='ltr' id='par_1_103' title="bbox 334 5418 1917 5499">
     <span class='ocr_line' id='line_1_103' title="bbox 334 5418 1917 5499; baseline 0.003 -23"><span class='ocrx_word' id='word_1_818' title='bbox 334 5418 481 5484; x_wconf 78' lang='grc' dir='ltr'>σθαι,</span> <span class='ocrx_word' id='word_1_819' title='bbox 517 5422 592 5474; x_wconf 83' lang='grc' dir='ltr'><strong>ὅτ’</strong></span> <span class='ocrx_word' id='word_1_820' title='bbox 614 5422 679 5474; x_wconf 85' lang='grc' dir='ltr'><strong>ἂν</strong></span> <span class='ocrx_word' id='word_1_821' title='bbox 709 5422 882 5490; x_wconf 75' lang='grc' dir='ltr'>ἁθρόα</span> <span class='ocrx_word' id='word_1_822' title='bbox 911 5423 1138 5493; x_wconf 78' lang='grc' dir='ltr'>γένηται</span> <span class='ocrx_word' id='word_1_823' title='bbox 1187 5425 1322 5497; x_wconf 84' lang='grc' dir='ltr'>πρὸς</span> <span class='ocrx_word' id='word_1_824' title='bbox 1358 5426 1419 5478; x_wconf 79' lang='grc' dir='ltr'><strong>τὸ</strong></span> <span class='ocrx_word' id='word_1_825' title='bbox 1457 5430 1704 5498; x_wconf 85' lang='grc' dir='ltr'>κρεῖττον</span> <span class='ocrx_word' id='word_1_826' title='bbox 1751 5444 1917 5499; x_wconf 83' lang='grc' dir='ltr'>μετα-</span> 
     </span>
    </p>
   </div>
   <div class='ocr_carea' id='block_1_104' title="bbox 405 5528 1148 5593">
    <p class='ocr_par' dir='ltr' id='par_1_104' title="bbox 405 5528 1148 5593">
     <span class='ocr_line' id='line_1_104' title="bbox 405 5528 1148 5593; baseline 0.009 -11"><span class='ocrx_word' id='word_1_827' title='bbox 405 5530 454 5562; x_wconf 81' lang='lat'><em>&quot;</em></span> <span class='ocrx_word' id='word_1_828' title='bbox 477 5528 636 5583; x_wconf 78' lang='lat' dir='ltr'><strong>Joan.</strong></span> <span class='ocrx_word' id='word_1_829' title='bbox 669 5546 781 5593; x_wconf 80' lang='lat' dir='ltr'><strong>xw,</strong></span> <span class='ocrx_word' id='word_1_830' title='bbox 811 5530 863 5584; x_wconf 83' lang='lat'><strong>6.</strong></span> <span class='ocrx_word' id='word_1_831' title='bbox 942 5532 984 5561; x_wconf 81' lang='grc'><strong>⁷⁷</strong></span> <span class='ocrx_word' id='word_1_832' title='bbox 1020 5535 1148 5589; x_wconf 79' lang='lat' dir='ltr'><strong>ibid.</strong></span> 
     </span>
    </p>
   </div>
   <div class='ocr_carea' id='block_1_105' title="bbox 337 5599 972 5667">
    <p class='ocr_par' dir='ltr' id='par_1_105' title="bbox 337 5599 972 5667">
     <span class='ocr_line' id='line_1_105' title="bbox 337 5599 972 5667; baseline -0.006 -10"><span class='ocrx_word' id='word_1_833' title='bbox 337 5616 484 5666; x_wconf 67' lang='lat' dir='ltr'><strong>utr,</strong></span> <span class='ocrx_word' id='word_1_834' title='bbox 510 5602 577 5665; x_wconf 66' lang='lat'><strong>4;</strong></span> <span class='ocrx_word' id='word_1_835' title='bbox 608 5599 627 5652; x_wconf 90' lang='lat' dir='ltr'><strong>l</strong></span> <span class='ocrx_word' id='word_1_836' title='bbox 658 5599 785 5655; x_wconf 88' lang='lat' dir='ltr'><strong>Cor.</strong></span> <span class='ocrx_word' id='word_1_837' title='bbox 818 5617 878 5667; x_wconf 85' lang='grc' dir='ltr'><strong>ιι,</strong></span> <span class='ocrx_word' id='word_1_838' title='bbox 919 5601 972 5655; x_wconf 83' lang='grc'>9.</span> 
     </span>
    </p>
   </div>
   <div class='ocr_carea' id='block_1_106' title="bbox 412 5785 1009 5856">
    <p class='ocr_par' dir='ltr' id='par_1_106' title="bbox 412 5785 1009 5856">
     <span class='ocr_line' id='line_1_106' title="bbox 412 5785 1009 5856; baseline 0.008 -22"><span class='ocrx_word' id='word_1_839' title='bbox 412 5797 429 5834; x_wconf 80' lang='grc' dir='ltr'><strong>ι</strong></span> <span class='ocrx_word' id='word_1_840' title='bbox 478 5802 562 5855; x_wconf 65' lang='lat' dir='ltr'><strong>rp.</strong></span> <span class='ocrx_word' id='word_1_841' title='bbox 607 5785 755 5856; x_wconf 73' lang='grc' dir='ltr'>παρὰ</span> <span class='ocrx_word' id='word_1_842' title='bbox 808 5786 1009 5855; x_wconf 78' lang='grc' dir='ltr'>μόνοις.</span> 
     </span>
    </p>
   </div>
   <div class='ocr_carea' id='block_1_107' title="bbox 1227 5529 2770 5601">
    <p class='ocr_par' dir='ltr' id='par_1_107' title="bbox 1227 5529 2770 5601">
     <span class='ocr_line' id='line_1_107' title="bbox 1227 5529 2770 5601; baseline -0.005 -10"><span class='ocrx_word' id='word_1_843' title='bbox 1227 5536 1270 5568; x_wconf 82' lang='grc'><strong>⁷⁸</strong></span> <span class='ocrx_word' id='word_1_844' title='bbox 1298 5535 1452 5591; x_wconf 82' lang='lat' dir='ltr'><strong>Joan.</strong></span> <span class='ocrx_word' id='word_1_845' title='bbox 1498 5554 1549 5601; x_wconf 85' lang='grc' dir='ltr'><strong>ιι,</strong></span> <span class='ocrx_word' id='word_1_846' title='bbox 1579 5539 1632 5592; x_wconf 87' lang='lat'><strong>9.</strong></span> <span class='ocrx_word' id='word_1_847' title='bbox 1707 5539 1751 5571; x_wconf 72' lang='grc'><strong>⁷⁸</strong></span> <span class='ocrx_word' id='word_1_848' title='bbox 1783 5538 1973 5595; x_wconf 80' lang='lat' dir='ltr'><strong>Matth.</strong></span> <span class='ocrx_word' id='word_1_849' title='bbox 2007 5553 2118 5600; x_wconf 57' lang='grc' dir='ltr'>ενι,</span> <span class='ocrx_word' id='word_1_850' title='bbox 2152 5537 2227 5592; x_wconf 88' lang='grc'><strong>18.</strong></span> <span class='ocrx_word' id='word_1_851' title='bbox 2305 5535 2352 5567; x_wconf 75' lang='grc'><strong>⁸⁸</strong></span> <span class='ocrx_word' id='word_1_852' title='bbox 2391 5534 2552 5589; x_wconf 79' lang='lat' dir='ltr'><strong>Rom.</strong></span> <span class='ocrx_word' id='word_1_853' title='bbox 2579 5545 2673 5593; x_wconf 75' lang='lat' dir='ltr'><strong>xu,</strong></span> <span class='ocrx_word' id='word_1_854' title='bbox 2717 5529 2770 5582; x_wconf 70' lang='lat'><strong>2.</strong></span> 
     </span>
    </p>
   </div>
   <div class='ocr_carea' id='block_1_108' title="bbox 2018 4945 3649 5027">
    <p class='ocr_par' dir='ltr' id='par_1_108' title="bbox 2018 4945 3649 5027">
     <span class='ocr_line' id='line_1_108' title="bbox 2018 4945 3649 5027; baseline -0.019 -4"><span class='ocrx_word' id='word_1_855' title='bbox 2018 4945 2169 5023; x_wconf 75' lang='lat' dir='ltr'><strong>erunt</strong></span> <span class='ocrx_word' id='word_1_856' title='bbox 2199 4945 2250 5019; x_wconf 84' lang='lat' dir='ltr'><strong>in</strong></span> <span class='ocrx_word' id='word_1_857' title='bbox 2277 4981 2362 5027; x_wconf 87' lang='lat' dir='ltr'><strong>ea,</strong></span> <span class='ocrx_word' id='word_1_858' title='bbox 2394 4959 2669 5024; x_wconf 86' lang='lat' dir='ltr'><strong>inveniri;</strong></span> <span class='ocrx_word' id='word_1_859' title='bbox 2698 4963 2753 5011; x_wconf 86' lang='lat' dir='ltr'><strong>et</strong></span> <span class='ocrx_word' id='word_1_860' title='bbox 2795 4968 2891 5009; x_wconf 87' lang='lat' dir='ltr'><strong>eos</strong></span> <span class='ocrx_word' id='word_1_861' title='bbox 2939 4950 3032 5021; x_wconf 87' lang='lat' dir='ltr'><strong>qui</strong></span> <span class='ocrx_word' id='word_1_862' title='bbox 3088 4958 3209 5017; x_wconf 86' lang='lat' dir='ltr'><strong>post</strong></span> <span class='ocrx_word' id='word_1_863' title='bbox 3246 4945 3445 4998; x_wconf 65' lang='lat' dir='ltr'><strong>hirtam</strong></span> <span class='ocrx_word' id='word_1_864' title='bbox 3504 4958 3600 5012; x_wconf 75' lang='lat' dir='ltr'><strong>per</strong></span> <span class='ocrx_word' id='word_1_865' title='bbox 3645 5010 3649 5027; x_wconf 17' lang='grc' dir='ltr'><em>Δ</em></span> 
     </span>
    </p>
   </div>
   <div class='ocr_carea' id='block_1_109' title="bbox 2022 5024 3651 5130">
    <p class='ocr_par' dir='ltr' id='par_1_109' title="bbox 2022 5024 3651 5130">
     <span class='ocr_line' id='line_1_109' title="bbox 2022 5024 3651 5130; baseline -0.02 -14"><span class='ocrx_word' id='word_1_866' title='bbox 2022 5059 2287 5130; x_wconf 86' lang='lat' dir='ltr'><strong>Spiritum</strong></span> <span class='ocrx_word' id='word_1_867' title='bbox 2329 5052 2765 5111; x_wconf 80' lang='lat' dir='ltr'><strong>renovationem,</strong></span> <span class='ocrx_word' id='word_1_868' title='bbox 2800 5043 3040 5113; x_wconf 88' lang='lat' dir='ltr'><strong>peccatis</strong></span> <span class='ocrx_word' id='word_1_869' title='bbox 3071 5039 3291 5093; x_wconf 78' lang='lat' dir='ltr'><strong>obnoxii</strong></span> <span class='ocrx_word' id='word_1_870' title='bbox 3321 5037 3598 5104; x_wconf 76' lang='lat' dir='ltr'><strong>reperien-</strong></span> <span class='ocrx_word' id='word_1_871' title='bbox 3645 5024 3651 5040; x_wconf 87' lang='lat'>&#39;</span> 
     </span>
    </p>
   </div>
   <div class='ocr_carea' id='block_1_110' title="bbox 2020 5127 3598 5213">
    <p class='ocr_par' dir='ltr' id='par_1_110' title="bbox 2020 5127 3598 5213">
     <span class='ocr_line' id='line_1_110' title="bbox 2020 5127 3598 5213; baseline -0.02 -5"><span class='ocrx_word' id='word_1_872' title='bbox 2020 5127 2129 5213; x_wconf 83' lang='lat' dir='ltr'><strong>tur,</strong></span> <span class='ocrx_word' id='word_1_873' title='bbox 2157 5151 2211 5205; x_wconf 83' lang='lat' dir='ltr'><strong>in</strong></span> <span class='ocrx_word' id='word_1_874' title='bbox 2237 5166 2319 5211; x_wconf 84' lang='lat' dir='ltr'><strong>ea,</strong></span> <span class='ocrx_word' id='word_1_875' title='bbox 2346 5142 2700 5213; x_wconf 84' lang='lat' dir='ltr'><strong>corruptione</strong></span> <span class='ocrx_word' id='word_1_876' title='bbox 2726 5136 2964 5196; x_wconf 86' lang='lat' dir='ltr'><strong>scilicet,</strong></span> <span class='ocrx_word' id='word_1_877' title='bbox 3008 5134 3216 5200; x_wconf 74' lang='lat' dir='ltr'><strong>futuros</strong></span> <span class='ocrx_word' id='word_1_878' title='bbox 3264 5145 3387 5183; x_wconf 69' lang='grc' dir='ltr'>οδες·</span> <span class='ocrx_word' id='word_1_879' title='bbox 3423 5127 3564 5195; x_wconf 71' lang='lat' dir='ltr'><strong>signi</strong></span> <span class='ocrx_word' id='word_1_880' title='bbox 3585 5156 3598 5165; x_wconf 88' lang='lat'><strong>-</strong></span> 
     </span>
    </p>
   </div>
   <div class='ocr_carea' id='block_1_111' title="bbox 2021 5214 3595 5303">
    <p class='ocr_par' dir='ltr' id='par_1_111' title="bbox 2021 5214 3595 5303">
     <span class='ocr_line' id='line_1_111' title="bbox 2021 5214 3595 5303; baseline -0.019 -9"><span class='ocrx_word' id='word_1_881' title='bbox 2021 5245 2184 5295; x_wconf 82' lang='lat' dir='ltr'><strong>ticare</strong></span> <span class='ocrx_word' id='word_1_882' title='bbox 2211 5256 2224 5292; x_wconf 88' lang='lat'><strong>:</strong></span> <span class='ocrx_word' id='word_1_883' title='bbox 2257 5236 2509 5303; x_wconf 84' lang='lat' dir='ltr'><strong>ideoque,</strong></span> <span class='ocrx_word' id='word_1_884' title='bbox 2540 5237 2619 5283; x_wconf 85' lang='lat' dir='ltr'><strong>est</strong></span> <span class='ocrx_word' id='word_1_885' title='bbox 2650 5223 2935 5280; x_wconf 77' lang='lat' dir='ltr'><strong>luereditas</strong></span> <span class='ocrx_word' id='word_1_886' title='bbox 2964 5217 3307 5275; x_wconf 77' lang='lat' dir='ltr'><strong>servientibus</strong></span> <span class='ocrx_word' id='word_1_887' title='bbox 3354 5214 3595 5273; x_wconf 82' lang='lat' dir='ltr'><strong>Domino,</strong></span> 
     </span>
    </p>
   </div>
   <div class='ocr_carea' id='block_1_112' title="bbox 2024 5306 3599 5398">
    <p class='ocr_par' dir='ltr' id='par_1_112' title="bbox 2024 5306 3599 5398">
     <span class='ocr_line' id='line_1_112' title="bbox 2024 5306 3599 5398; baseline -0.02 -9"><span class='ocrx_word' id='word_1_888' title='bbox 2024 5331 2208 5389; x_wconf 82' lang='lat' dir='ltr'><strong>statim</strong></span> <span class='ocrx_word' id='word_1_889' title='bbox 2242 5327 2533 5398; x_wconf 69' lang='lat' dir='ltr'><strong>adiecisse.</strong></span> <span class='ocrx_word' id='word_1_890' title='bbox 2573 5323 2639 5374; x_wconf 81' lang='lat' dir='ltr'><strong>At</strong></span> <span class='ocrx_word' id='word_1_891' title='bbox 2668 5325 2799 5374; x_wconf 88' lang='lat' dir='ltr'><strong>sunt</strong></span> <span class='ocrx_word' id='word_1_892' title='bbox 2847 5314 2938 5385; x_wconf 88' lang='lat' dir='ltr'><strong>qui</strong></span> <span class='ocrx_word' id='word_1_893' title='bbox 2989 5313 3169 5367; x_wconf 90' lang='lat' dir='ltr'><strong>locum</strong></span> <span class='ocrx_word' id='word_1_894' title='bbox 3205 5311 3480 5378; x_wconf 81' lang='lat' dir='ltr'><strong>integrum</strong></span> <span class='ocrx_word' id='word_1_895' title='bbox 3531 5306 3599 5358; x_wconf 78' lang='lat' dir='ltr'><strong>de</strong></span> 
     </span>
    </p>
   </div>
   <div class='ocr_carea' id='block_1_113' title="bbox 2024 5400 3592 5486">
    <p class='ocr_par' dir='ltr' id='par_1_113' title="bbox 2024 5400 3592 5486">
     <span class='ocr_line' id='line_1_113' title="bbox 2024 5400 3592 5486; baseline -0.02 -7"><span class='ocrx_word' id='word_1_896' title='bbox 2024 5421 2353 5481; x_wconf 84' lang='lat' dir='ltr'><strong>Jerusalem,</strong></span> <span class='ocrx_word' id='word_1_897' title='bbox 2387 5430 2507 5486; x_wconf 78' lang='lat' dir='ltr'><strong>quae</strong></span> <span class='ocrx_word' id='word_1_898' title='bbox 2544 5412 2648 5468; x_wconf 87' lang='lat' dir='ltr'><strong>sub</strong></span> <span class='ocrx_word' id='word_1_899' title='bbox 2685 5424 2910 5466; x_wconf 89' lang='lat' dir='ltr'><strong>sensum</strong></span> <span class='ocrx_word' id='word_1_900' title='bbox 2945 5404 3114 5468; x_wconf 84' lang='lat' dir='ltr'><strong>cadit,</strong></span> <span class='ocrx_word' id='word_1_901' title='bbox 3145 5401 3377 5470; x_wconf 73' lang='lat' dir='ltr'><strong>intelligi</strong></span> <span class='ocrx_word' id='word_1_902' title='bbox 3405 5400 3592 5458; x_wconf 78' lang='lat' dir='ltr'><strong>velint,</strong></span> 
     </span>
    </p>
   </div>
   <div class='ocr_carea' id='block_1_114' title="bbox 2849 5513 3594 5587">
    <p class='ocr_par' dir='ltr' id='par_1_114' title="bbox 2849 5513 3594 5587">
     <span class='ocr_line' id='line_1_114' title="bbox 2849 5513 3594 5587; baseline -0.019 -6"><span class='ocrx_word' id='word_1_903' title='bbox 2849 5524 2892 5559; x_wconf 82' lang='lat'>“</span> <span class='ocrx_word' id='word_1_904' title='bbox 2928 5523 3073 5580; x_wconf 86' lang='lat' dir='ltr'><strong>Psal.</strong></span> <span class='ocrx_word' id='word_1_905' title='bbox 3101 5535 3212 5587; x_wconf 66' lang='grc' dir='ltr'>ιιι,</span> <span class='ocrx_word' id='word_1_906' title='bbox 3252 5516 3337 5571; x_wconf 78' lang='grc' dir='ltr'>Η.</span> <span class='ocrx_word' id='word_1_907' title='bbox 3414 5515 3458 5547; x_wconf 72' lang='grc' dir='ltr'>ε·</span> <span class='ocrx_word' id='word_1_908' title='bbox 3493 5513 3594 5567; x_wconf 67' lang='lat' dir='ltr'><strong>lea.</strong></span> 
     </span>
    </p>
   </div>
   <div class='ocr_carea' id='block_1_115' title="bbox 1636 5690 2314 5750">
    <p class='ocr_par' dir='ltr' id='par_1_115' title="bbox 1636 5690 2314 5750">
     <span class='ocr_line' id='line_1_115' title="bbox 1636 5690 2314 5750; baseline -0.001 -3"><span class='ocrx_word' id='word_1_909' title='bbox 1636 5692 1865 5749; x_wconf 73' lang='lat' dir='ltr'><strong>VARUE</strong></span> <span class='ocrx_word' id='word_1_910' title='bbox 1904 5690 2314 5750; x_wconf 73' lang='lat' dir='ltr'><strong>LECTIONES.</strong></span> 
     </span>
    </p>
   </div>
  </div>
