  <div class='ocr_page' id='page_1' title='image "/cluster/home/n/w/nwhite01/storage/ocr_20150623/87:pt.2/coo.31924054869908/518.png"; bbox 0 0 3916 6416; ppageno 0'>
   <div class='ocr_carea' id='block_1_1' title="bbox 248 316 376 383">
    <p class='ocr_par' dir='ltr' id='par_1_1' title="bbox 248 316 376 383">
     <span class='ocr_line' id='line_1_1' title="bbox 248 316 376 383; baseline -0.016 1"><span class='ocrx_word' id='word_1_1' title='bbox 248 316 376 383; x_wconf 74' lang='grc'><strong>2549</strong></span> 
     </span>
    </p>
   </div>
   <div class='ocr_carea' id='block_1_2' title="bbox 1391 320 2368 389">
    <p class='ocr_par' dir='ltr' id='par_1_2' title="bbox 1391 320 2368 389">
     <span class='ocr_line' id='line_1_2' title="bbox 1391 320 2368 389; baseline -0.007 -3"><span class='ocrx_word' id='word_1_2' title='bbox 1391 324 1927 389; x_wconf 80' lang='lat' dir='ltr'><strong>COMMENTARII</strong></span> <span class='ocrx_word' id='word_1_3' title='bbox 1952 324 2037 388; x_wconf 88' lang='lat' dir='ltr'><strong>IN</strong></span> <span class='ocrx_word' id='word_1_4' title='bbox 2075 320 2368 384; x_wconf 80' lang='lat' dir='ltr'><strong>ISAIAM.</strong></span> 
     </span>
    </p>
   </div>
   <div class='ocr_carea' id='block_1_3' title="bbox 3361 317 3505 382">
    <p class='ocr_par' dir='ltr' id='par_1_3' title="bbox 3361 317 3505 382">
     <span class='ocr_line' id='line_1_3' title="bbox 3361 317 3505 382; baseline -0.007 -1"><span class='ocrx_word' id='word_1_5' title='bbox 3361 317 3505 382; x_wconf 68' lang='grc' dir='ltr'><strong>ἓξ)ῦο</strong></span> 
     </span>
    </p>
   </div>
   <div class='ocr_carea' id='block_1_4' title="bbox 253 426 1840 504">
    <p class='ocr_par' dir='ltr' id='par_1_4' title="bbox 253 426 1812 504">
     <span class='ocr_line' id='line_1_4' title="bbox 253 426 1812 504; baseline 0.003 -20"><span class='ocrx_word' id='word_1_6' title='bbox 253 427 478 484; x_wconf 77' lang='grc' dir='ltr'><strong>παιδεύει</strong></span> <span class='ocrx_word' id='word_1_7' title='bbox 513 427 585 501; x_wconf 75' lang='grc' dir='ltr'>μὴ</span> <span class='ocrx_word' id='word_1_8' title='bbox 617 427 852 501; x_wconf 78' lang='grc' dir='ltr'><strong>τείχεσιν</strong></span> <span class='ocrx_word' id='word_1_9' title='bbox 873 429 1063 496; x_wconf 81' lang='grc' dir='ltr'>ἁπλῶς</span> <span class='ocrx_word' id='word_1_10' title='bbox 1097 432 1190 485; x_wconf 76' lang='grc' dir='ltr'>καὶ</span> <span class='ocrx_word' id='word_1_11' title='bbox 1228 435 1339 498; x_wconf 80' lang='grc' dir='ltr'>τοῖς</span> <span class='ocrx_word' id='word_1_12' title='bbox 1384 426 1677 504; x_wconf 83' lang='grc' dir='ltr'>φυλάττειν</span> <span class='ocrx_word' id='word_1_13' title='bbox 1723 436 1812 488; x_wconf 87' lang='grc' dir='ltr'>δο-</span> 
     </span>
    </p>
   </div>
   <div class='ocr_carea' id='block_1_5' title="bbox 1945 426 3505 504">
    <p class='ocr_par' dir='ltr' id='par_1_5' title="bbox 1945 433 3505 499">
     <span class='ocr_line' id='line_1_5' title="bbox 1945 433 3505 499; baseline 0 -14"><span class='ocrx_word' id='word_1_14' title='bbox 1945 448 2183 491; x_wconf 72' lang='grc' dir='ltr'>οηεθεεδ</span> <span class='ocrx_word' id='word_1_15' title='bbox 2229 433 2656 499; x_wconf 73' lang='lat' dir='ltr'><strong>instauratione,</strong></span> <span class='ocrx_word' id='word_1_16' title='bbox 2706 434 3044 488; x_wconf 71' lang='lat' dir='ltr'><strong>consolabor.</strong></span> <span class='ocrx_word' id='word_1_17' title='bbox 3095 434 3178 488; x_wconf 81' lang='lat' dir='ltr'><strong>Me</strong></span> <span class='ocrx_word' id='word_1_18' title='bbox 3230 433 3373 487; x_wconf 77' lang='lat' dir='ltr'><strong>etiim</strong></span> <span class='ocrx_word' id='word_1_19' title='bbox 3412 451 3505 486; x_wconf 55' lang='lat' dir='ltr'><strong>ut»</strong></span> 
     </span>
    </p>
   </div>
   <div class='ocr_carea' id='block_1_6' title="bbox 252 521 1285 598">
    <p class='ocr_par' dir='ltr' id='par_1_6' title="bbox 252 521 1285 598">
     <span class='ocr_line' id='line_1_6' title="bbox 252 521 1285 598; baseline 0.003 -22"><span class='ocrx_word' id='word_1_20' title='bbox 252 524 394 577; x_wconf 80' lang='grc' dir='ltr'>κοῦσι</span> <span class='ocrx_word' id='word_1_21' title='bbox 416 521 566 576; x_wconf 78' lang='grc' dir='ltr'>πόλιν</span> <span class='ocrx_word' id='word_1_22' title='bbox 599 521 844 597; x_wconf 68' lang='grc' dir='ltr'>θαρρεῖν,</span> <span class='ocrx_word' id='word_1_23' title='bbox 877 533 915 555; x_wconf 74' lang='grc'><strong>’³</strong></span> <span class='ocrx_word' id='word_1_24' title='bbox 940 524 1285 598; x_wconf 82' lang='grc' dir='ltr'>δικαιοσύνῃ,</span> 
     </span>
    </p>
   </div>
   <div class='ocr_carea' id='block_1_7' title="bbox 1938 523 3506 596">
    <p class='ocr_par' dir='ltr' id='par_1_7' title="bbox 1938 523 3506 596">
     <span class='ocr_line' id='line_1_7' title="bbox 1938 523 3506 596; baseline 0.001 -19"><span class='ocrx_word' id='word_1_25' title='bbox 1938 523 2086 579; x_wconf 92' lang='lat' dir='ltr'><strong>lente</strong></span> <span class='ocrx_word' id='word_1_26' title='bbox 2121 524 2323 589; x_wconf 88' lang='lat' dir='ltr'><strong>solum,</strong></span> <span class='ocrx_word' id='word_1_27' title='bbox 2351 524 2560 594; x_wconf 64' lang='lat' dir='ltr'><strong>quasvis</strong></span> <span class='ocrx_word' id='word_1_28' title='bbox 2587 524 2640 578; x_wconf 88' lang='lat' dir='ltr'><strong>in</strong></span> <span class='ocrx_word' id='word_1_29' title='bbox 2666 537 2919 596; x_wconf 85' lang='lat' dir='ltr'><strong>promptu</strong></span> <span class='ocrx_word' id='word_1_30' title='bbox 2947 535 3028 581; x_wconf 86' lang='lat' dir='ltr'><strong>est</strong></span> <span class='ocrx_word' id='word_1_31' title='bbox 3060 526 3298 595; x_wconf 79' lang='lat' dir='ltr'><strong>pretiosa</strong></span> <span class='ocrx_word' id='word_1_32' title='bbox 3338 536 3506 578; x_wconf 49' lang='lat' dir='ltr'><strong>rnatu-</strong></span> 
     </span>
    </p>
   </div>
   <div class='ocr_carea' id='block_1_8' title="bbox 248 615 3503 689">
    <p class='ocr_par' dir='ltr' id='par_1_8' title="bbox 248 615 3503 689">
     <span class='ocr_line' id='line_1_8' title="bbox 248 615 3503 689; baseline 0 -18"><span class='ocrx_word' id='word_1_33' title='bbox 248 616 344 677; x_wconf 85' lang='lat' dir='ltr'><strong>ria,</strong></span> <span class='ocrx_word' id='word_1_34' title='bbox 373 615 415 671; x_wconf 89' lang='lat' dir='ltr'><strong>si</strong></span> <span class='ocrx_word' id='word_1_35' title='bbox 450 630 546 686; x_wconf 89' lang='lat' dir='ltr'><strong>per</strong></span> <span class='ocrx_word' id='word_1_36' title='bbox 574 615 955 686; x_wconf 74' lang='lat' dir='ltr'><strong>pmnitentiam</strong></span> <span class='ocrx_word' id='word_1_37' title='bbox 992 617 1142 687; x_wconf 77' lang='lat' dir='ltr'><strong>digni</strong></span> <span class='ocrx_word' id='word_1_38' title='bbox 1181 617 1345 674; x_wconf 81' lang='lat' dir='ltr'><strong>ﬁalis.</strong></span> <span class='ocrx_word' id='word_1_39' title='bbox 1376 619 1529 684; x_wconf 81' lang='lat' dir='ltr'><strong>Quod</strong></span> <span class='ocrx_word' id='word_1_40' title='bbox 1556 618 1604 675; x_wconf 90' lang='lat' dir='ltr'><strong>si</strong></span> <span class='ocrx_word' id='word_1_41' title='bbox 1636 616 1780 675; x_wconf 91' lang='lat' dir='ltr'><strong>istud</strong></span> <span class='ocrx_word' id='word_1_42' title='bbox 1823 615 1989 681; x_wconf 89' lang='lat' dir='ltr'><strong>desit,</strong></span> <span class='ocrx_word' id='word_1_43' title='bbox 2031 616 2269 672; x_wconf 87' lang='lat' dir='ltr'><strong>otiosam</strong></span> <span class='ocrx_word' id='word_1_44' title='bbox 2299 626 2355 673; x_wconf 89' lang='lat' dir='ltr'><strong>et</strong></span> <span class='ocrx_word' id='word_1_45' title='bbox 2380 631 2575 672; x_wconf 85' lang='lat' dir='ltr'><strong>vanam</strong></span> <span class='ocrx_word' id='word_1_46' title='bbox 2626 632 2752 674; x_wconf 89' lang='lat' dir='ltr'><strong>esse</strong></span> <span class='ocrx_word' id='word_1_47' title='bbox 2820 620 3248 689; x_wconf 81' lang='lat' dir='ltr'><strong>promissionem</strong></span> <span class='ocrx_word' id='word_1_48' title='bbox 3291 626 3503 672; x_wconf 87' lang='lat' dir='ltr'><strong>certum</strong></span> 
     </span>
    </p>
   </div>
   <div class='ocr_carea' id='block_1_9' title="bbox 248 710 3511 786">
    <p class='ocr_par' dir='ltr' id='par_1_9' title="bbox 248 710 3511 786">
     <span class='ocr_line' id='line_1_9' title="bbox 248 710 3511 786; baseline 0 -18"><span class='ocrx_word' id='word_1_49' title='bbox 248 720 343 768; x_wconf 88' lang='lat' dir='ltr'><strong>est.</strong></span> <span class='ocrx_word' id='word_1_50' title='bbox 382 711 465 767; x_wconf 90' lang='lat' dir='ltr'><strong>Ad</strong></span> <span class='ocrx_word' id='word_1_51' title='bbox 501 726 595 767; x_wconf 89' lang='lat' dir='ltr'><strong>eos</strong></span> <span class='ocrx_word' id='word_1_52' title='bbox 634 710 806 777; x_wconf 85' lang='lat' dir='ltr'><strong>enim,</strong></span> <span class='ocrx_word' id='word_1_53' title='bbox 837 713 932 781; x_wconf 91' lang='lat' dir='ltr'><strong>qui</strong></span> <span class='ocrx_word' id='word_1_54' title='bbox 971 712 1179 784; x_wconf 77' lang='lat' dir='ltr'><strong>degunt</strong></span> <span class='ocrx_word' id='word_1_55' title='bbox 1212 730 1276 768; x_wconf 77' lang='lat' dir='ltr'><strong>ex</strong></span> <span class='ocrx_word' id='word_1_56' title='bbox 1310 715 1447 785; x_wconf 77' lang='lat' dir='ltr'><strong>legis</strong></span> <span class='ocrx_word' id='word_1_57' title='bbox 1478 714 1821 786; x_wconf 75' lang='lat' dir='ltr'><strong>przescripto,</strong></span> <span class='ocrx_word' id='word_1_58' title='bbox 1863 718 2116 783; x_wconf 86' lang='lat' dir='ltr'><strong>spectant</strong></span> <span class='ocrx_word' id='word_1_59' title='bbox 2146 713 2546 783; x_wconf 86' lang='lat' dir='ltr'><strong>promissiones</strong></span> <span class='ocrx_word' id='word_1_60' title='bbox 2570 728 2715 784; x_wconf 87' lang='lat' dir='ltr'><strong>;quo</strong></span> <span class='ocrx_word' id='word_1_61' title='bbox 2742 712 2840 768; x_wconf 85' lang='lat' dir='ltr'><strong>Dei</strong></span> <span class='ocrx_word' id='word_1_62' title='bbox 2872 715 3162 783; x_wconf 74' lang='lat' dir='ltr'><strong>discipulos</strong></span> <span class='ocrx_word' id='word_1_63' title='bbox 3226 715 3329 769; x_wconf 90' lang='lat' dir='ltr'><strong>hoe</strong></span> <span class='ocrx_word' id='word_1_64' title='bbox 3388 712 3511 769; x_wconf 88' lang='lat' dir='ltr'><strong>loco</strong></span> 
     </span>
    </p>
   </div>
   <div class='ocr_carea' id='block_1_10' title="bbox 247 801 3515 879">
    <p class='ocr_par' dir='ltr' id='par_1_10' title="bbox 247 801 3515 879">
     <span class='ocr_line' id='line_1_10' title="bbox 247 801 3515 879; baseline 0.001 -19"><span class='ocrx_word' id='word_1_65' title='bbox 247 805 496 860; x_wconf 76' lang='lat' dir='ltr'><strong>nominat.</strong></span> <span class='ocrx_word' id='word_1_66' title='bbox 536 801 703 860; x_wconf 90' lang='lat' dir='ltr'><strong>Docet</strong></span> <span class='ocrx_word' id='word_1_67' title='bbox 729 812 1024 875; x_wconf 76' lang='lat' dir='ltr'><strong>praeter-era</strong></span> <span class='ocrx_word' id='word_1_68' title='bbox 1046 820 1153 861; x_wconf 90' lang='lat' dir='ltr'><strong>non</strong></span> <span class='ocrx_word' id='word_1_69' title='bbox 1183 807 1353 879; x_wconf 69' lang='lat'><strong>622</strong></span> <span class='ocrx_word' id='word_1_70' title='bbox 1397 808 2008 863; x_wconf 67' lang='lat' dir='ltr'><strong>mmnibustantum&#39;et</strong></span> <span class='ocrx_word' id='word_1_71' title='bbox 2069 807 2437 874; x_wconf 77' lang='lat' dir='ltr'><strong>custodibus,</strong></span> <span class='ocrx_word' id='word_1_72' title='bbox 2498 805 2596 863; x_wconf 85' lang='lat' dir='ltr'><strong>sed</strong></span> <span class='ocrx_word' id='word_1_73' title='bbox 2659 805 2877 877; x_wconf 86' lang='lat' dir='ltr'><strong>justitia</strong></span> <span class='ocrx_word' id='word_1_74' title='bbox 2926 808 3089 861; x_wconf 80' lang='lat' dir='ltr'><strong>etiam</strong></span> <span class='ocrx_word' id='word_1_75' title='bbox 3160 817 3333 864; x_wconf 69' lang='lat' dir='ltr'><strong>tutam</strong></span> <span class='ocrx_word' id='word_1_76' title='bbox 3389 824 3515 864; x_wconf 83' lang='lat' dir='ltr'><strong>esse</strong></span> 
     </span>
    </p>
   </div>
   <div class='ocr_carea' id='block_1_11' title="bbox 247 899 533 954">
    <p class='ocr_par' dir='ltr' id='par_1_11' title="bbox 247 899 533 954">
     <span class='ocr_line' id='line_1_11' title="bbox 247 899 533 954; baseline 0 0"><span class='ocrx_word' id='word_1_77' title='bbox 247 899 533 954; x_wconf 84' lang='lat' dir='ltr'><strong>civitatem.</strong></span> 
     </span>
    </p>
   </div>
   <div class='ocr_carea' id='block_1_12' title="bbox 310 991 1808 1068">
    <p class='ocr_par' dir='ltr' id='par_1_12' title="bbox 310 991 1808 1068">
     <span class='ocr_line' id='line_1_12' title="bbox 310 991 1808 1068; baseline 0.003 -23"><span class='ocrx_word' id='word_1_78' title='bbox 310 992 472 1046; x_wconf 84' lang='grc' dir='ltr'>Τοῦτο</span> <span class='ocrx_word' id='word_1_79' title='bbox 530 991 638 1065; x_wconf 81' lang='grc' dir='ltr'>γὰρ</span> <span class='ocrx_word' id='word_1_80' title='bbox 691 993 776 1059; x_wconf 79' lang='grc' dir='ltr'><strong>τὸ,</strong></span> <span class='ocrx_word' id='word_1_81' title='bbox 834 994 907 1049; x_wconf 79' lang='grc' dir='ltr'><strong>ἐν</strong></span> <span class='ocrx_word' id='word_1_82' title='bbox 943 995 1301 1065; x_wconf 79' lang='grc' dir='ltr'><strong>δικαιοσύνῃ</strong></span> <span class='ocrx_word' id='word_1_83' title='bbox 1338 994 1808 1068; x_wconf 78' lang='grc' dir='ltr'>οὶκοδομηθήσῃ.</span> 
     </span>
    </p>
   </div>
   <div class='ocr_carea' id='block_1_13' title="bbox 249 1083 1814 1159">
    <p class='ocr_par' dir='ltr' id='par_1_13' title="bbox 249 1083 1814 1159">
     <span class='ocr_line' id='line_1_13' title="bbox 249 1083 1814 1159; baseline 0.004 -23"><span class='ocrx_word' id='word_1_84' title='bbox 249 1083 458 1154; x_wconf 85' lang='grc' dir='ltr'>Ταύτην</span> <span class='ocrx_word' id='word_1_85' title='bbox 478 1083 586 1154; x_wconf 83' lang='grc' dir='ltr'><strong>γὰρ</strong></span> <span class='ocrx_word' id='word_1_86' title='bbox 617 1084 935 1141; x_wconf 81' lang='grc' dir='ltr'><strong>ἀσκούντων</strong></span> <span class='ocrx_word' id='word_1_87' title='bbox 986 1090 1082 1142; x_wconf 64' lang='grc' dir='ltr'>καὶ</span> <span class='ocrx_word' id='word_1_88' title='bbox 1104 1087 1179 1142; x_wconf 82' lang='grc' dir='ltr'>τὰ</span> <span class='ocrx_word' id='word_1_89' title='bbox 1206 1087 1388 1157; x_wconf 82' lang='grc' dir='ltr'>ὑψηλὰ</span> <span class='ocrx_word' id='word_1_90' title='bbox 1415 1089 1515 1159; x_wconf 80' lang='grc' dir='ltr'>τῆς</span> <span class='ocrx_word' id='word_1_91' title='bbox 1557 1085 1814 1157; x_wconf 64' lang='grc' dir='ltr'>Ἱεριχοῦς</span> 
     </span>
    </p>
   </div>
   <div class='ocr_carea' id='block_1_14' title="bbox 247 1174 1818 1250">
    <p class='ocr_par' dir='ltr' id='par_1_14' title="bbox 247 1174 1818 1250">
     <span class='ocr_line' id='line_1_14' title="bbox 247 1174 1818 1250; baseline -0.001 -20"><span class='ocrx_word' id='word_1_92' title='bbox 247 1176 444 1230; x_wconf 78' lang='grc' dir='ltr'>ἀκονιτὶ</span> <span class='ocrx_word' id='word_1_93' title='bbox 488 1174 768 1248; x_wconf 82' lang='grc' dir='ltr'><strong>καθῄρητο</strong></span> <span class='ocrx_word' id='word_1_94' title='bbox 804 1178 984 1249; x_wconf 86' lang='grc' dir='ltr'>τείχη.</span> <span class='ocrx_word' id='word_1_95' title='bbox 1033 1179 1250 1250; x_wconf 84' lang='grc' dir='ltr'><strong>Ταύτην</strong></span> <span class='ocrx_word' id='word_1_96' title='bbox 1283 1175 1380 1233; x_wconf 71' lang='grc' dir='ltr'>οὖν</span> <span class='ocrx_word' id='word_1_97' title='bbox 1421 1177 1605 1233; x_wconf 81' lang='grc' dir='ltr'>ἀσκῶν</span> <span class='ocrx_word' id='word_1_98' title='bbox 1644 1177 1706 1230; x_wconf 85' lang='grc' dir='ltr'><strong>ού</strong></span> <span class='ocrx_word' id='word_1_99' title='bbox 1741 1175 1818 1248; x_wconf 82' lang='grc' dir='ltr'>μὴ</span> 
     </span>
    </p>
   </div>
   <div class='ocr_carea' id='block_1_15' title="bbox 246 1264 1820 1340">
    <p class='ocr_par' dir='ltr' id='par_1_15' title="bbox 246 1264 1820 1340">
     <span class='ocr_line' id='line_1_15' title="bbox 246 1264 1820 1340; baseline 0.001 -22"><span class='ocrx_word' id='word_1_100' title='bbox 246 1264 550 1335; x_wconf 67' lang='grc' dir='ltr'>φοϐηθήσῃ</span> <span class='ocrx_word' id='word_1_101' title='bbox 574 1281 588 1296; x_wconf 74' lang='grc' dir='ltr'><strong>ο</strong></span> <span class='ocrx_word' id='word_1_102' title='bbox 627 1266 832 1337; x_wconf 83' lang='grc' dir='ltr'>μᾶλλον</span> <span class='ocrx_word' id='word_1_103' title='bbox 874 1267 933 1322; x_wconf 77' lang='grc' dir='ltr'>δὲ</span> <span class='ocrx_word' id='word_1_104' title='bbox 978 1269 1427 1337; x_wconf 76' lang='grc' dir='ltr'>ἀκαταγώνιστος</span> <span class='ocrx_word' id='word_1_105' title='bbox 1473 1267 1594 1340; x_wconf 76' lang='grc' dir='ltr'>ἔσῃ,</span> <span class='ocrx_word' id='word_1_106' title='bbox 1619 1268 1694 1331; x_wconf 85' lang='grc' dir='ltr'><strong>ὡς</strong></span> <span class='ocrx_word' id='word_1_107' title='bbox 1724 1268 1820 1340; x_wconf 62' lang='grc' dir='ltr'>και</span> 
     </span>
    </p>
   </div>
   <div class='ocr_carea' id='block_1_16' title="bbox 246 1356 1821 1432">
    <p class='ocr_par' dir='ltr' id='par_1_16' title="bbox 246 1356 1821 1432">
     <span class='ocr_line' id='line_1_16' title="bbox 246 1356 1821 1432; baseline 0 -21"><span class='ocrx_word' id='word_1_108' title='bbox 246 1356 308 1412; x_wconf 71' lang='grc' dir='ltr'><strong>τὰ</strong></span> <span class='ocrx_word' id='word_1_109' title='bbox 332 1356 513 1429; x_wconf 85' lang='grc' dir='ltr'>κύκλῳ</span> <span class='ocrx_word' id='word_1_110' title='bbox 541 1356 883 1430; x_wconf 84' lang='grc' dir='ltr'>πολεμοῦντά</span> <span class='ocrx_word' id='word_1_111' title='bbox 915 1377 975 1415; x_wconf 85' lang='grc' dir='ltr'><strong>σε</strong></span> <span class='ocrx_word' id='word_1_112' title='bbox 1003 1361 1138 1432; x_wconf 76' lang='grc' dir='ltr'>γένη</span> <span class='ocrx_word' id='word_1_113' title='bbox 1170 1360 1532 1432; x_wconf 81' lang='grc' dir='ltr'><strong>παροικήσειν</strong></span> <span class='ocrx_word' id='word_1_114' title='bbox 1558 1360 1708 1431; x_wconf 84' lang='grc' dir='ltr'>ὑμῖν,</span> <span class='ocrx_word' id='word_1_115' title='bbox 1726 1358 1821 1412; x_wconf 76' lang='grc' dir='ltr'>καὶ</span> 
     </span>
    </p>
   </div>
   <div class='ocr_carea' id='block_1_17' title="bbox 247 1443 1823 1520">
    <p class='ocr_par' dir='ltr' id='par_1_17' title="bbox 247 1443 1823 1520">
     <span class='ocr_line' id='line_1_17' title="bbox 247 1443 1823 1520; baseline 0 -21"><span class='ocrx_word' id='word_1_116' title='bbox 247 1446 332 1515; x_wconf 80' lang='grc' dir='ltr'>ὑφ’</span> <span class='ocrx_word' id='word_1_117' title='bbox 381 1446 535 1517; x_wconf 80' lang='grc' dir='ltr'>ὑμῶν</span> <span class='ocrx_word' id='word_1_118' title='bbox 595 1446 931 1520; x_wconf 77' lang='grc' dir='ltr'><strong>βοηθεῖσθαι,</strong></span> <span class='ocrx_word' id='word_1_119' title='bbox 988 1448 1087 1520; x_wconf 80' lang='grc' dir='ltr'>τῆς</span> <span class='ocrx_word' id='word_1_120' title='bbox 1122 1449 1264 1519; x_wconf 83' lang='grc' dir='ltr'>ἐμῆς</span> <span class='ocrx_word' id='word_1_121' title='bbox 1310 1449 1482 1519; x_wconf 81' lang='grc' dir='ltr'>ῥοπῆς</span> <span class='ocrx_word' id='word_1_122' title='bbox 1540 1443 1823 1518; x_wconf 83' lang='grc' dir='ltr'><strong>παρούσης</strong></span> 
     </span>
    </p>
   </div>
   <div class='ocr_carea' id='block_1_18' title="bbox 247 1537 1825 1614">
    <p class='ocr_par' dir='ltr' id='par_1_18' title="bbox 247 1537 1825 1614">
     <span class='ocr_line' id='line_1_18' title="bbox 247 1537 1825 1614; baseline 0 -22"><span class='ocrx_word' id='word_1_123' title='bbox 247 1537 384 1609; x_wconf 79' lang='grc' dir='ltr'>ὑμῖν.</span> <span class='ocrx_word' id='word_1_124' title='bbox 420 1539 495 1592; x_wconf 64' lang='lat' dir='ltr'><strong>re</strong></span> <span class='ocrx_word' id='word_1_125' title='bbox 530 1539 819 1612; x_wconf 80' lang='grc' dir='ltr'>ἀκάματον</span> <span class='ocrx_word' id='word_1_126' title='bbox 851 1541 908 1596; x_wconf 86' lang='grc' dir='ltr'><strong>δέ</strong></span> <span class='ocrx_word' id='word_1_127' title='bbox 957 1544 1061 1614; x_wconf 82' lang='grc' dir='ltr'>τῆς</span> <span class='ocrx_word' id='word_1_128' title='bbox 1097 1541 1297 1598; x_wconf 82' lang='grc' dir='ltr'>ἑαυτοῦ</span> <span class='ocrx_word' id='word_1_129' title='bbox 1331 1541 1568 1612; x_wconf 83' lang='grc' dir='ltr'>φύσεως,</span> <span class='ocrx_word' id='word_1_130' title='bbox 1616 1540 1714 1594; x_wconf 77' lang='grc' dir='ltr'><strong>καὶ</strong></span> <span class='ocrx_word' id='word_1_131' title='bbox 1761 1538 1825 1592; x_wconf 83' lang='grc' dir='ltr'>τὸ</span> 
     </span>
    </p>
   </div>
   <div class='ocr_carea' id='block_1_19' title="bbox 245 1631 1826 1711">
    <p class='ocr_par' dir='ltr' id='par_1_19' title="bbox 245 1631 1826 1711">
     <span class='ocr_line' id='line_1_19' title="bbox 245 1631 1826 1711; baseline 0.001 -26"><span class='ocrx_word' id='word_1_132' title='bbox 245 1631 333 1685; x_wconf 74' lang='grc' dir='ltr'><strong>ἀπ’</strong></span> <span class='ocrx_word' id='word_1_133' title='bbox 379 1631 633 1698; x_wconf 76' lang='grc' dir='ltr'>ἐξουσίας.</span> <span class='ocrx_word' id='word_1_134' title='bbox 687 1631 833 1701; x_wconf 79' lang='grc' dir='ltr'>ἆπερ</span> <span class='ocrx_word' id='word_1_135' title='bbox 865 1632 933 1688; x_wconf 81' lang='grc' dir='ltr'>ἂν</span> <span class='ocrx_word' id='word_1_136' title='bbox 964 1633 1141 1689; x_wconf 80' lang='grc' dir='ltr'>ἐθέλοι</span> <span class='ocrx_word' id='word_1_137' title='bbox 1173 1636 1351 1690; x_wconf 80' lang='grc' dir='ltr'>ποιεῖν</span> <span class='ocrx_word' id='word_1_138' title='bbox 1383 1633 1445 1711; x_wconf 77' lang='grc' dir='ltr'>ἐξ</span> <span class='ocrx_word' id='word_1_139' title='bbox 1489 1631 1826 1704; x_wconf 77' lang='grc' dir='ltr'><strong>ἀναιρέσεως</strong></span> 
     </span>
    </p>
   </div>
   <div class='ocr_carea' id='block_1_20' title="bbox 230 1721 1822 1798">
    <p class='ocr_par' dir='ltr' id='par_1_20' title="bbox 230 1721 1822 1798">
     <span class='ocr_line' id='line_1_20' title="bbox 230 1721 1822 1798; baseline 0.004 -23"><span class='ocrx_word' id='word_1_140' title='bbox 230 1721 357 1776; x_wconf 79' lang='grc' dir='ltr'>’τῶν</span> <span class='ocrx_word' id='word_1_141' title='bbox 386 1723 805 1793; x_wconf 63' lang='grc' dir='ltr'>χαλκευτικῶν</span> <span class='ocrx_word' id='word_1_142' title='bbox 830 1725 1132 1798; x_wconf 78' lang='grc' dir='ltr'>παρίστησι</span> <span class='ocrx_word' id='word_1_143' title='bbox 1152 1725 1391 1798; x_wconf 85' lang='grc' dir='ltr'>μόχθων.</span> <span class='ocrx_word' id='word_1_144' title='bbox 1406 1721 1586 1786; x_wconf 68' lang='grc' dir='ltr'>Κτίζίυ</span> <span class='ocrx_word' id='word_1_145' title='bbox 1610 1724 1692 1791; x_wconf 75' lang='grc' dir='ltr'>δὲ,</span> <span class='ocrx_word' id='word_1_146' title='bbox 1718 1741 1822 1796; x_wconf 81' lang='grc' dir='ltr'>φη-</span> 
     </span>
    </p>
   </div>
   <div class='ocr_carea' id='block_1_21' title="bbox 247 1782 1903 1890">
    <p class='ocr_par' dir='ltr' id='par_1_21' title="bbox 247 1782 1903 1890">
     <span class='ocr_line' id='line_1_21' title="bbox 247 1782 1903 1890; baseline 0.002 -23"><span class='ocrx_word' id='word_1_147' title='bbox 247 1814 345 1880; x_wconf 81' lang='grc' dir='ltr'>σὶν,</span> <span class='ocrx_word' id='word_1_148' title='bbox 371 1782 432 1869; x_wconf 65' lang='grc' dir='ltr'><em>ὦ</em></span> <span class='ocrx_word' id='word_1_149' title='bbox 459 1814 684 1870; x_wconf 71' lang='grc' dir='ltr'>σκοπῶν</span> <span class='ocrx_word' id='word_1_150' title='bbox 710 1782 1017 1875; x_wconf 70' lang='grc' dir='ltr'>ἀπολέσαι</span> <span class='ocrx_word' id='word_1_151' title='bbox 1053 1782 1116 1872; x_wconf 72' lang='grc' dir='ltr'>τὸ</span> <span class='ocrx_word' id='word_1_152' title='bbox 1152 1782 1463 1890; x_wconf 61' lang='grc' dir='ltr'>παραχθέν.</span> <span class='ocrx_word' id='word_1_153' title='bbox 1491 1782 1566 1872; x_wconf 61' lang='grc' dir='ltr'><strong>(λὺ</strong></span> <span class='ocrx_word' id='word_1_154' title='bbox 1597 1782 1710 1890; x_wconf 76' lang='grc' dir='ltr'>γὰρ</span> <span class='ocrx_word' id='word_1_155' title='bbox 1729 1782 1825 1872; x_wconf 50' lang='grc' dir='ltr'><strong>ἶνα</strong></span> <span class='ocrx_word' id='word_1_156' title='bbox 1857 1782 1903 1841; x_wconf 71' lang='grc' dir='ltr'><strong>Β</strong></span> 
     </span>
    </p>
   </div>
   <div class='ocr_carea' id='block_1_22' title="bbox 247 1906 1825 1982">
    <p class='ocr_par' dir='ltr' id='par_1_22' title="bbox 247 1906 1825 1982">
     <span class='ocr_line' id='line_1_22' title="bbox 247 1906 1825 1982; baseline 0.001 -21"><span class='ocrx_word' id='word_1_157' title='bbox 247 1907 421 1979; x_wconf 64' lang='grc' dir='ltr'>σχοίην</span> <span class='ocrx_word' id='word_1_158' title='bbox 465 1906 566 1972; x_wconf 77' lang='grc' dir='ltr'>οὓς</span> <span class='ocrx_word' id='word_1_159' title='bbox 612 1908 1029 1981; x_wconf 76' lang='grc' dir='ltr'>τιμωρήσομαι,</span> <span class='ocrx_word' id='word_1_160' title='bbox 1054 1910 1183 1974; x_wconf 79' lang='grc' dir='ltr'>τοὺς</span> <span class='ocrx_word' id='word_1_161' title='bbox 1215 1908 1541 1982; x_wconf 77' lang='grc' dir='ltr'>ἀνθρώπους</span> <span class='ocrx_word' id='word_1_162' title='bbox 1567 1906 1825 1979; x_wconf 77' lang='grc' dir='ltr'>ἐποίησα,</span> 
     </span>
    </p>
   </div>
   <div class='ocr_carea' id='block_1_23' title="bbox 246 1992 1830 2069">
    <p class='ocr_par' dir='ltr' id='par_1_23' title="bbox 246 1992 1830 2069">
     <span class='ocr_line' id='line_1_23' title="bbox 246 1992 1830 2069; baseline 0.004 -23"><span class='ocrx_word' id='word_1_163' title='bbox 246 1992 304 2059; x_wconf 72' lang='grc' dir='ltr'>ἐξ</span> <span class='ocrx_word' id='word_1_164' title='bbox 327 1993 664 2068; x_wconf 71' lang='grc' dir='ltr'>ἀγαθότητος</span> <span class='ocrx_word' id='word_1_165' title='bbox 710 1996 769 2052; x_wconf 73' lang='grc' dir='ltr'>δὲ</span> <span class='ocrx_word' id='word_1_166' title='bbox 824 1993 1065 2063; x_wconf 59' lang='grc' dir='ltr'>κτίζων,</span> <span class='ocrx_word' id='word_1_167' title='bbox 1096 1998 1215 2069; x_wconf 85' lang='grc' dir='ltr'>μετ’</span> <span class='ocrx_word' id='word_1_168' title='bbox 1266 1997 1441 2067; x_wconf 83' lang='grc' dir='ltr'>αὐτῆς</span> <span class='ocrx_word' id='word_1_169' title='bbox 1487 1999 1583 2053; x_wconf 72' lang='grc' dir='ltr'><strong>καὶ</strong></span> <span class='ocrx_word' id='word_1_170' title='bbox 1615 1996 1830 2052; x_wconf 80' lang='grc' dir='ltr'>διοικῶ.</span> 
     </span>
    </p>
   </div>
   <div class='ocr_carea' id='block_1_24' title="bbox 256 2082 1830 2161">
    <p class='ocr_par' dir='ltr' id='par_1_24' title="bbox 256 2082 1830 2161">
     <span class='ocr_line' id='line_1_24' title="bbox 256 2082 1830 2161; baseline 0.006 -25"><span class='ocrx_word' id='word_1_171' title='bbox 256 2082 489 2154; x_wconf 83' lang='grc' dir='ltr'>Ἓχθρῶν</span> <span class='ocrx_word' id='word_1_172' title='bbox 514 2083 573 2138; x_wconf 86' lang='grc' dir='ltr'><strong>δέ</strong></span> <span class='ocrx_word' id='word_1_173' title='bbox 600 2101 706 2154; x_wconf 89' lang='grc' dir='ltr'>σοι,</span> <span class='ocrx_word' id='word_1_174' title='bbox 735 2087 927 2158; x_wconf 77' lang='grc' dir='ltr'>φησὶν,</span> <span class='ocrx_word' id='word_1_175' title='bbox 951 2087 1220 2142; x_wconf 86' lang='grc' dir='ltr'>ἐπιόντων</span> <span class='ocrx_word' id='word_1_176' title='bbox 1254 2085 1379 2144; x_wconf 81' lang='grc' dir='ltr'>πᾶν</span> <span class='ocrx_word' id='word_1_177' title='bbox 1399 2087 1625 2156; x_wconf 77' lang='grc' dir='ltr'>σκεῦος</span> <span class='ocrx_word' id='word_1_178' title='bbox 1653 2090 1830 2161; x_wconf 82' lang='grc' dir='ltr'>ἀργή-</span> 
     </span>
    </p>
   </div>
   <div class='ocr_carea' id='block_1_25' title="bbox 249 2173 1830 2252">
    <p class='ocr_par' dir='ltr' id='par_1_25' title="bbox 249 2173 1830 2252">
     <span class='ocr_line' id='line_1_25' title="bbox 249 2173 1830 2252; baseline 0.005 -26"><span class='ocrx_word' id='word_1_179' title='bbox 249 2191 324 2228; x_wconf 85' lang='grc' dir='ltr'>σει</span> <span class='ocrx_word' id='word_1_180' title='bbox 347 2173 682 2247; x_wconf 81' lang='grc' dir='ltr'>πολεμικόν·</span> <span class='ocrx_word' id='word_1_181' title='bbox 716 2177 792 2242; x_wconf 83' lang='grc' dir='ltr'><strong>ὡς</strong></span> <span class='ocrx_word' id='word_1_182' title='bbox 817 2176 928 2250; x_wconf 80' lang='grc' dir='ltr'><strong>γὰρ</strong></span> <span class='ocrx_word' id='word_1_183' title='bbox 970 2178 1220 2235; x_wconf 83' lang='grc' dir='ltr'>Ἰουδαῖοι</span> <span class='ocrx_word' id='word_1_184' title='bbox 1245 2180 1427 2235; x_wconf 82' lang='grc' dir='ltr'>πάντα</span> <span class='ocrx_word' id='word_1_185' title='bbox 1458 2180 1673 2236; x_wconf 87' lang='grc' dir='ltr'>δίκαιον</span> <span class='ocrx_word' id='word_1_186' title='bbox 1704 2179 1830 2252; x_wconf 79' lang='grc' dir='ltr'>ἐμί-</span> 
     </span>
    </p>
   </div>
   <div class='ocr_carea' id='block_1_26' title="bbox 250 2266 1832 2344">
    <p class='ocr_par' dir='ltr' id='par_1_26' title="bbox 250 2266 1832 2344">
     <span class='ocr_line' id='line_1_26' title="bbox 250 2266 1832 2344; baseline 0.004 -25"><span class='ocrx_word' id='word_1_187' title='bbox 250 2282 387 2334; x_wconf 87' lang='grc' dir='ltr'>σουν,</span> <span class='ocrx_word' id='word_1_188' title='bbox 408 2266 756 2340; x_wconf 83' lang='grc' dir='ltr'>δύσχρηστον</span> <span class='ocrx_word' id='word_1_189' title='bbox 777 2269 1076 2337; x_wconf 85' lang='grc' dir='ltr'>καλοῦντες</span> <span class='ocrx_word' id='word_1_190' title='bbox 1113 2271 1278 2327; x_wconf 71' lang='grc' dir='ltr'>αὐτόν</span> <span class='ocrx_word' id='word_1_191' title='bbox 1303 2289 1317 2303; x_wconf 90' lang='grc'><strong>·</strong></span> <span class='ocrx_word' id='word_1_192' title='bbox 1357 2270 1532 2337; x_wconf 78' lang='grc' dir='ltr'>οὕτως</span> <span class='ocrx_word' id='word_1_193' title='bbox 1552 2273 1602 2326; x_wconf 83' lang='grc' dir='ltr'><strong>οί</strong></span> <span class='ocrx_word' id='word_1_194' title='bbox 1647 2271 1832 2344; x_wconf 80' lang='grc' dir='ltr'>κύκλῳ</span> 
     </span>
    </p>
   </div>
   <div class='ocr_carea' id='block_1_27' title="bbox 248 2356 1830 2434">
    <p class='ocr_par' dir='ltr' id='par_1_27' title="bbox 248 2356 1830 2434">
     <span class='ocr_line' id='line_1_27' title="bbox 248 2356 1830 2434; baseline 0.003 -25"><span class='ocrx_word' id='word_1_195' title='bbox 248 2357 342 2424; x_wconf 73' lang='grc' dir='ltr'>τῆς</span> <span class='ocrx_word' id='word_1_196' title='bbox 384 2356 645 2423; x_wconf 79' lang='grc' dir='ltr'><strong>Ἰουδαίας</strong></span> <span class='ocrx_word' id='word_1_197' title='bbox 691 2357 1055 2415; x_wconf 79' lang='grc' dir='ltr'>θεοσεϐοῦντα</span> <span class='ocrx_word' id='word_1_198' title='bbox 1090 2362 1185 2415; x_wconf 80' lang='grc' dir='ltr'>τὸν</span> <span class='ocrx_word' id='word_1_199' title='bbox 1228 2361 1358 2416; x_wconf 78' lang='grc' dir='ltr'>λαὸν</span> <span class='ocrx_word' id='word_1_200' title='bbox 1400 2360 1830 2434; x_wconf 78' lang='grc' dir='ltr'>ἀπεστρέφοντο,</span> 
     </span>
    </p>
   </div>
   <div class='ocr_carea' id='block_1_28' title="bbox 249 2445 1833 2526">
    <p class='ocr_par' dir='ltr' id='par_1_28' title="bbox 249 2445 1833 2526">
     <span class='ocr_line' id='line_1_28' title="bbox 249 2445 1833 2526; baseline 0.004 -25"><span class='ocrx_word' id='word_1_201' title='bbox 249 2447 689 2520; x_wconf 77' lang='grc' dir='ltr'>δυσχεραίνοντες</span> <span class='ocrx_word' id='word_1_202' title='bbox 719 2451 806 2521; x_wconf 79' lang='grc' dir='ltr'><strong>ἐφ’</strong></span> <span class='ocrx_word' id='word_1_203' title='bbox 837 2445 917 2511; x_wconf 78' lang='grc' dir='ltr'>οἷς</span> <span class='ocrx_word' id='word_1_204' title='bbox 943 2451 1081 2506; x_wconf 81' lang='grc' dir='ltr'>Θεοῦ</span> <span class='ocrx_word' id='word_1_205' title='bbox 1110 2452 1285 2526; x_wconf 82' lang='grc' dir='ltr'>ῥοπὴν</span> <span class='ocrx_word' id='word_1_206' title='bbox 1323 2451 1512 2525; x_wconf 87' lang='grc' dir='ltr'>ἐώρων</span> <span class='ocrx_word' id='word_1_207' title='bbox 1550 2454 1833 2525; x_wconf 83' lang='grc' dir='ltr'>παροῦσαν</span> 
     </span>
    </p>
   </div>
   <div class='ocr_carea' id='block_1_29' title="bbox 253 2541 1833 2618">
    <p class='ocr_par' dir='ltr' id='par_1_29' title="bbox 253 2541 1833 2618">
     <span class='ocr_line' id='line_1_29' title="bbox 253 2541 1833 2618; baseline 0.004 -25"><span class='ocrx_word' id='word_1_208' title='bbox 253 2541 446 2605; x_wconf 79' lang='grc' dir='ltr'>αὐτοῖς.</span> <span class='ocrx_word' id='word_1_209' title='bbox 474 2543 681 2597; x_wconf 73' lang='grc' dir='ltr'>Λοιπὸν</span> <span class='ocrx_word' id='word_1_210' title='bbox 708 2543 986 2599; x_wconf 81' lang='grc' dir='ltr'>δείκνυσιν</span> <span class='ocrx_word' id='word_1_211' title='bbox 1019 2546 1048 2599; x_wconf 85' lang='grc' dir='ltr'>ὀ</span> <span class='ocrx_word' id='word_1_212' title='bbox 1079 2546 1369 2618; x_wconf 85' lang='grc' dir='ltr'>προφήτης</span> <span class='ocrx_word' id='word_1_213' title='bbox 1391 2546 1466 2609; x_wconf 84' lang='grc' dir='ltr'>ὡς</span> <span class='ocrx_word' id='word_1_214' title='bbox 1497 2548 1598 2601; x_wconf 80' lang='grc' dir='ltr'>οὐκ</span> <span class='ocrx_word' id='word_1_215' title='bbox 1626 2545 1833 2617; x_wconf 81' lang='grc' dir='ltr'>ἄψυχον</span> 
     </span>
    </p>
   </div>
   <div class='ocr_carea' id='block_1_30' title="bbox 251 2631 1835 2710">
    <p class='ocr_par' dir='ltr' id='par_1_30' title="bbox 251 2631 1835 2710">
     <span class='ocr_line' id='line_1_30' title="bbox 251 2631 1835 2710; baseline 0.004 -23"><span class='ocrx_word' id='word_1_216' title='bbox 251 2631 462 2701; x_wconf 80' lang='grc' dir='ltr'>σκεῦος</span> <span class='ocrx_word' id='word_1_217' title='bbox 487 2635 734 2690; x_wconf 84' lang='grc' dir='ltr'>διακονεῖ</span> <span class='ocrx_word' id='word_1_218' title='bbox 777 2635 858 2708; x_wconf 82' lang='grc' dir='ltr'>τῷ</span> <span class='ocrx_word' id='word_1_219' title='bbox 892 2636 1033 2708; x_wconf 84' lang='grc' dir='ltr'>Θεῷ,</span> <span class='ocrx_word' id='word_1_220' title='bbox 1065 2637 1182 2692; x_wconf 82' lang='grc' dir='ltr'>ἀλλ’</span> <span class='ocrx_word' id='word_1_221' title='bbox 1211 2637 1287 2702; x_wconf 87' lang='grc' dir='ltr'><strong>ὡς</strong></span> <span class='ocrx_word' id='word_1_222' title='bbox 1320 2637 1418 2691; x_wconf 79' lang='grc' dir='ltr'>καὶ</span> <span class='ocrx_word' id='word_1_223' title='bbox 1459 2636 1626 2702; x_wconf 76' lang='grc' dir='ltr'>αὐτὸς</span> <span class='ocrx_word' id='word_1_224' title='bbox 1691 2654 1835 2710; x_wconf 78' lang='grc' dir='ltr'>παρ·</span> 
     </span>
    </p>
   </div>
   <div class='ocr_carea' id='block_1_31' title="bbox 254 2725 1835 2804">
    <p class='ocr_par' dir='ltr' id='par_1_31' title="bbox 254 2725 1835 2804">
     <span class='ocr_line' id='line_1_31' title="bbox 254 2725 1835 2804; baseline 0.005 -25"><span class='ocrx_word' id='word_1_225' title='bbox 254 2725 616 2797; x_wconf 81' lang='grc' dir='ltr'>ακολούθησιν</span> <span class='ocrx_word' id='word_1_226' title='bbox 633 2727 774 2800; x_wconf 75' lang='grc' dir='ltr'><strong>ἔχων</strong></span> <span class='ocrx_word' id='word_1_227' title='bbox 793 2728 901 2786; x_wconf 85' lang='grc' dir='ltr'><strong>τῶν</strong></span> <span class='ocrx_word' id='word_1_228' title='bbox 923 2731 1335 2801; x_wconf 80' lang='grc' dir='ltr'>πραττομένων,</span> <span class='ocrx_word' id='word_1_229' title='bbox 1352 2730 1386 2802; x_wconf 86' lang='grc' dir='ltr'>ἢ</span> <span class='ocrx_word' id='word_1_230' title='bbox 1405 2732 1637 2803; x_wconf 78' lang='grc' dir='ltr'>ἐπιτιμᾷ</span> <span class='ocrx_word' id='word_1_231' title='bbox 1656 2732 1835 2804; x_wconf 82' lang='grc' dir='ltr'>ἁμαρ-</span> 
     </span>
    </p>
   </div>
   <div class='ocr_carea' id='block_1_32' title="bbox 253 2817 1834 2895">
    <p class='ocr_par' dir='ltr' id='par_1_32' title="bbox 253 2817 1834 2895">
     <span class='ocr_line' id='line_1_32' title="bbox 253 2817 1834 2895; baseline 0.007 -27"><span class='ocrx_word' id='word_1_232' title='bbox 253 2817 461 2872; x_wconf 80' lang='grc' dir='ltr'>τάνουσι</span> <span class='ocrx_word' id='word_1_233' title='bbox 482 2818 685 2888; x_wconf 77' lang='grc' dir='ltr'>λέγων’</span> <span class='ocrx_word' id='word_1_234' title='bbox 699 2840 717 2871; x_wconf 76' lang='grc' dir='ltr'><strong>ι</strong></span> <span class='ocrx_word' id='word_1_235' title='bbox 730 2821 868 2892; x_wconf 59' lang='lat' dir='ltr'><strong>opai</strong></span> <span class='ocrx_word' id='word_1_236' title='bbox 884 2822 1035 2887; x_wconf 75' lang='grc' dir='ltr'>ἔθνος</span> <span class='ocrx_word' id='word_1_237' title='bbox 1056 2823 1399 2895; x_wconf 84' lang='grc' dir='ltr'>ἁμαρτωλόν·</span> <span class='ocrx_word' id='word_1_238' title='bbox 1413 2823 1475 2895; x_wconf 72' lang='grc' dir='ltr'><strong>»ἢ</strong></span> <span class='ocrx_word' id='word_1_239' title='bbox 1495 2823 1834 2894; x_wconf 79' lang='grc' dir='ltr'>ἀμελοῦντας</span> 
     </span>
    </p>
   </div>
   <div class='ocr_carea' id='block_1_33' title="bbox 254 2911 1834 2987">
    <p class='ocr_par' dir='ltr' id='par_1_33' title="bbox 254 2911 1834 2987">
     <span class='ocr_line' id='line_1_33' title="bbox 254 2911 1834 2987; baseline 0.005 -24"><span class='ocrx_word' id='word_1_240' title='bbox 254 2911 658 2980; x_wconf 81' lang='grc' dir='ltr'>διανίστησιν,</span> <span class='ocrx_word' id='word_1_241' title='bbox 683 2911 873 2986; x_wconf 84' lang='grc' dir='ltr'>ὥσπερ</span> <span class='ocrx_word' id='word_1_242' title='bbox 894 2915 987 2968; x_wconf 78' lang='grc' dir='ltr'><strong>καὶ</strong></span> <span class='ocrx_word' id='word_1_243' title='bbox 1017 2914 1132 2981; x_wconf 87' lang='grc' dir='ltr'>νῦν,</span> <span class='ocrx_word' id='word_1_244' title='bbox 1161 2916 1274 2968; x_wconf 77' lang='grc' dir='ltr'>Οὐκ</span> <span class='ocrx_word' id='word_1_245' title='bbox 1313 2915 1464 2969; x_wconf 77' lang='grc' dir='ltr'>ἔσται</span> <span class='ocrx_word' id='word_1_246' title='bbox 1501 2932 1606 2981; x_wconf 91' lang='grc' dir='ltr'>σοι,</span> <span class='ocrx_word' id='word_1_247' title='bbox 1647 2916 1834 2987; x_wconf 75' lang='grc' dir='ltr'>φησὶν,</span> 
     </span>
    </p>
   </div>
   <div class='ocr_carea' id='block_1_34' title="bbox 257 3003 1842 3077">
    <p class='ocr_par' dir='ltr' id='par_1_34' title="bbox 257 3003 1842 3077">
     <span class='ocr_line' id='line_1_34' title="bbox 257 3003 1842 3077; baseline 0.005 -20"><span class='ocrx_word' id='word_1_248' title='bbox 257 3003 507 3075; x_wconf 82' lang='grc' dir='ltr'>ἀνόνητον</span> <span class='ocrx_word' id='word_1_249' title='bbox 540 3003 605 3058; x_wconf 87' lang='grc' dir='ltr'>τὸ</span> <span class='ocrx_word' id='word_1_250' title='bbox 629 3004 910 3058; x_wconf 86' lang='grc' dir='ltr'>πιστεύειν</span> <span class='ocrx_word' id='word_1_251' title='bbox 947 3005 1089 3077; x_wconf 84' lang='grc' dir='ltr'>Θεῷ,</span> <span class='ocrx_word' id='word_1_252' title='bbox 1123 3006 1239 3060; x_wconf 83' lang='grc' dir='ltr'>ἀλλ’</span> <span class='ocrx_word' id='word_1_253' title='bbox 1269 3005 1412 3072; x_wconf 74' lang='grc' dir='ltr'>ἕξεις</span> <span class='ocrx_word' id='word_1_254' title='bbox 1439 3006 1665 3072; x_wconf 81' lang='grc' dir='ltr'>ἐλπίδας</span> <span class='ocrx_word' id='word_1_255' title='bbox 1698 3013 1842 3076; x_wconf 80' lang='grc' dir='ltr'>κλη-</span> 
     </span>
    </p>
   </div>
   <div class='ocr_carea' id='block_1_35' title="bbox 1924 979 3507 1051">
    <p class='ocr_par' dir='ltr' id='par_1_35' title="bbox 1924 979 3507 1051">
     <span class='ocr_line' id='line_1_35' title="bbox 1924 979 3507 1051; baseline -0.006 -7"><span class='ocrx_word' id='word_1_256' title='bbox 1924 981 1935 988; x_wconf 83' lang='grc'><strong>’</strong></span> <span class='ocrx_word' id='word_1_257' title='bbox 1992 988 2108 1043; x_wconf 78' lang='lat' dir='ltr'><strong>ﬂoe</strong></span> <span class='ocrx_word' id='word_1_258' title='bbox 2147 988 2292 1043; x_wconf 87' lang='lat' dir='ltr'><strong>enim</strong></span> <span class='ocrx_word' id='word_1_259' title='bbox 2331 986 2535 1050; x_wconf 83' lang='lat' dir='ltr'><strong>innuit,</strong></span> <span class='ocrx_word' id='word_1_260' title='bbox 2577 998 2700 1039; x_wconf 91' lang='lat' dir='ltr'><strong>cum</strong></span> <span class='ocrx_word' id='word_1_261' title='bbox 2740 983 2793 1037; x_wconf 91' lang='lat' dir='ltr'><strong>in</strong></span> <span class='ocrx_word' id='word_1_262' title='bbox 2844 982 3069 1051; x_wconf 82' lang='lat' dir='ltr'><strong>justitia</strong></span> <span class='ocrx_word' id='word_1_263' title='bbox 3125 979 3507 1050; x_wconf 75' lang='lat' dir='ltr'><strong>a’diﬁcaberts,</strong></span> 
     </span>
    </p>
   </div>
   <div class='ocr_carea' id='block_1_36' title="bbox 1917 1070 3509 1150">
    <p class='ocr_par' dir='ltr' id='par_1_36' title="bbox 1917 1070 3509 1150">
     <span class='ocr_line' id='line_1_36' title="bbox 1917 1070 3509 1150; baseline -0.006 -13"><span class='ocrx_word' id='word_1_264' title='bbox 1917 1080 2140 1150; x_wconf 75' lang='lat' dir='ltr'><strong>adjecit.</strong></span> <span class='ocrx_word' id='word_1_265' title='bbox 2182 1079 2336 1134; x_wconf 75' lang='lat' dir='ltr'><strong>[lane</strong></span> <span class='ocrx_word' id='word_1_266' title='bbox 2367 1078 2512 1133; x_wconf 87' lang='lat' dir='ltr'><strong>enim</strong></span> <span class='ocrx_word' id='word_1_267' title='bbox 2540 1077 2631 1147; x_wconf 91' lang='lat' dir='ltr'><strong>qui</strong></span> <span class='ocrx_word' id='word_1_268' title='bbox 2657 1076 2876 1139; x_wconf 89' lang='lat' dir='ltr'><strong>colunt;</strong></span> <span class='ocrx_word' id='word_1_269' title='bbox 2907 1073 2990 1150; x_wconf 75' lang='lat' dir='ltr'><strong>vel</strong></span> <span class='ocrx_word' id='word_1_270' title='bbox 3012 1072 3124 1126; x_wconf 84' lang='lat' dir='ltr'><strong>alta</strong></span> <span class='ocrx_word' id='word_1_271' title='bbox 3167 1070 3509 1127; x_wconf 72' lang='lat' dir='ltr'><strong>Jericbuntis</strong></span> 
     </span>
    </p>
   </div>
   <div class='ocr_carea' id='block_1_37' title="bbox 1918 1146 3513 1241">
    <p class='ocr_par' dir='ltr' id='par_1_37' title="bbox 1918 1146 3513 1241">
     <span class='ocr_line' id='line_1_37' title="bbox 1918 1146 3513 1241; baseline -0.008 -11"><span class='ocrx_word' id='word_1_272' title='bbox 1918 1174 2124 1230; x_wconf 69' lang='lat' dir='ltr'><strong>muenia</strong></span> <span class='ocrx_word' id='word_1_273' title='bbox 2164 1172 2316 1227; x_wconf 83' lang='lat' dir='ltr'><strong>nullo</strong></span> <span class='ocrx_word' id='word_1_274' title='bbox 2337 1170 2558 1241; x_wconf 81' lang='lat' dir='ltr'><strong>negotio</strong></span> <span class='ocrx_word' id='word_1_275' title='bbox 2603 1146 3001 1239; x_wconf 48' lang='lat' dir='ltr'><strong>dejecerint’“.</strong></span> <span class='ocrx_word' id='word_1_276' title='bbox 3033 1165 3221 1236; x_wconf 77' lang='lat' dir='ltr'><strong>Itaque</strong></span> <span class='ocrx_word' id='word_1_277' title='bbox 3272 1170 3380 1220; x_wconf 78' lang='lat' dir='ltr'><strong>non</strong></span> <span class='ocrx_word' id='word_1_278' title='bbox 3429 1175 3513 1219; x_wconf 82' lang='lat' dir='ltr'><strong>est</strong></span> 
     </span>
    </p>
   </div>
   <div class='ocr_carea' id='block_1_38' title="bbox 1918 1257 3511 1336">
    <p class='ocr_par' dir='ltr' id='par_1_38' title="bbox 1918 1257 3511 1336">
     <span class='ocr_line' id='line_1_38' title="bbox 1918 1257 3511 1336; baseline -0.007 -16"><span class='ocrx_word' id='word_1_279' title='bbox 1918 1266 2069 1336; x_wconf 84' lang='lat' dir='ltr'><strong>quod</strong></span> <span class='ocrx_word' id='word_1_280' title='bbox 2097 1266 2308 1329; x_wconf 78' lang='lat' dir='ltr'><strong>timeas,</strong></span> <span class='ocrx_word' id='word_1_281' title='bbox 2372 1263 2419 1319; x_wconf 90' lang='lat' dir='ltr'><strong>si</strong></span> <span class='ocrx_word' id='word_1_282' title='bbox 2475 1277 2597 1318; x_wconf 90' lang='lat' dir='ltr'><strong>eam</strong></span> <span class='ocrx_word' id='word_1_283' title='bbox 2655 1260 3028 1331; x_wconf 80' lang='lat' dir='ltr'><strong>auiplecteris.</strong></span> <span class='ocrx_word' id='word_1_284' title='bbox 3093 1257 3209 1313; x_wconf 91' lang='lat' dir='ltr'><strong>lmo</strong></span> <span class='ocrx_word' id='word_1_285' title='bbox 3252 1273 3385 1312; x_wconf 90' lang='lat' dir='ltr'><strong>vero</strong></span> <span class='ocrx_word' id='word_1_286' title='bbox 3437 1258 3511 1311; x_wconf 77' lang='lat' dir='ltr'><strong>ita</strong></span> 
     </span>
    </p>
   </div>
   <div class='ocr_carea' id='block_1_39' title="bbox 1922 1352 3516 1425">
    <p class='ocr_par' dir='ltr' id='par_1_39' title="bbox 1922 1352 3516 1425">
     <span class='ocr_line' id='line_1_39' title="bbox 1922 1352 3516 1425; baseline -0.006 -12"><span class='ocrx_word' id='word_1_287' title='bbox 1922 1357 2127 1413; x_wconf 90' lang='lat' dir='ltr'><strong>invicta</strong></span> <span class='ocrx_word' id='word_1_288' title='bbox 2157 1356 2341 1411; x_wconf 74' lang='lat' dir='ltr'><strong>futura</strong></span> <span class='ocrx_word' id='word_1_289' title='bbox 2363 1371 2424 1412; x_wconf 90' lang='lat' dir='ltr'><strong>es</strong></span> <span class='ocrx_word' id='word_1_290' title='bbox 2446 1395 2460 1420; x_wconf 89' lang='lat'><strong>,</strong></span> <span class='ocrx_word' id='word_1_291' title='bbox 2496 1365 2555 1409; x_wconf 85' lang='lat' dir='ltr'><strong>ut</strong></span> <span class='ocrx_word' id='word_1_292' title='bbox 2610 1354 2705 1425; x_wconf 89' lang='lat' dir='ltr'><strong>qui</strong></span> <span class='ocrx_word' id='word_1_293' title='bbox 2738 1363 2791 1409; x_wconf 93' lang='lat' dir='ltr'><strong>te</strong></span> <span class='ocrx_word' id='word_1_294' title='bbox 2818 1352 3066 1422; x_wconf 86' lang='lat' dir='ltr'><strong>undique</strong></span> <span class='ocrx_word' id='word_1_295' title='bbox 3123 1352 3516 1413; x_wconf 80' lang='lat' dir='ltr'><strong>adoriebantur</strong></span> 
     </span>
    </p>
   </div>
   <div class='ocr_carea' id='block_1_40' title="bbox 1920 1446 3516 1523">
    <p class='ocr_par' dir='ltr' id='par_1_40' title="bbox 1920 1446 3516 1523">
     <span class='ocr_line' id='line_1_40' title="bbox 1920 1446 3516 1523; baseline -0.004 -19"><span class='ocrx_word' id='word_1_296' title='bbox 1920 1450 2127 1523; x_wconf 80' lang='lat' dir='ltr'><strong>pepuli,</strong></span> <span class='ocrx_word' id='word_1_297' title='bbox 2158 1459 2252 1520; x_wconf 80' lang='lat' dir='ltr'><strong>tua</strong></span> <span class='ocrx_word' id='word_1_298' title='bbox 2272 1448 2386 1520; x_wconf 82' lang='lat' dir='ltr'><strong>jam</strong></span> <span class='ocrx_word' id='word_1_299' title='bbox 2428 1447 2655 1515; x_wconf 83' lang='lat' dir='ltr'><strong>vicinia,</strong></span> <span class='ocrx_word' id='word_1_300' title='bbox 2688 1454 2894 1516; x_wconf 87' lang='lat' dir='ltr'><strong>tuoque</strong></span> <span class='ocrx_word' id='word_1_301' title='bbox 2923 1446 3153 1508; x_wconf 81' lang='lat' dir='ltr'><strong>auxilio,</strong></span> <span class='ocrx_word' id='word_1_302' title='bbox 3189 1458 3314 1499; x_wconf 90' lang='lat' dir='ltr'><strong>cum</strong></span> <span class='ocrx_word' id='word_1_303' title='bbox 3355 1460 3516 1499; x_wconf 90' lang='lat' dir='ltr'><strong>meus</strong></span> 
     </span>
    </p>
   </div>
   <div class='ocr_carea' id='block_1_41' title="bbox 1922 1533 3517 1606">
    <p class='ocr_par' dir='ltr' id='par_1_41' title="bbox 1922 1533 3517 1606">
     <span class='ocr_line' id='line_1_41' title="bbox 1922 1533 3517 1606; baseline -0.006 -7"><span class='ocrx_word' id='word_1_304' title='bbox 1922 1544 2023 1600; x_wconf 82' lang='lat' dir='ltr'><strong>tibi</strong></span> <span class='ocrx_word' id='word_1_305' title='bbox 2084 1543 2245 1598; x_wconf 75' lang='lat' dir='ltr'><strong>favor</strong></span> <span class='ocrx_word' id='word_1_306' title='bbox 2302 1540 2628 1606; x_wconf 87' lang='lat' dir='ltr'><strong>accesserit,</strong></span> <span class='ocrx_word' id='word_1_307' title='bbox 2667 1538 2769 1597; x_wconf 86' lang='lat' dir='ltr'><strong>sibi</strong></span> <span class='ocrx_word' id='word_1_308' title='bbox 2827 1537 3018 1594; x_wconf 80' lang='lat' dir='ltr'><strong>felices</strong></span> <span class='ocrx_word' id='word_1_309' title='bbox 3071 1536 3386 1593; x_wconf 87' lang='lat' dir='ltr'><strong>videantur.</strong></span> <span class='ocrx_word' id='word_1_310' title='bbox 3436 1533 3517 1590; x_wconf 84' lang='lat' dir='ltr'><strong>Eo</strong></span> 
     </span>
    </p>
   </div>
   <div class='ocr_carea' id='block_1_42' title="bbox 1923 1630 3516 1699">
    <p class='ocr_par' dir='ltr' id='par_1_42' title="bbox 1923 1630 3516 1699">
     <span class='ocr_line' id='line_1_42' title="bbox 1923 1630 3516 1699; baseline -0.005 -9"><span class='ocrx_word' id='word_1_311' title='bbox 1923 1646 2106 1691; x_wconf 84' lang='lat' dir='ltr'><strong>autem</strong></span> <span class='ocrx_word' id='word_1_312' title='bbox 2135 1632 2441 1689; x_wconf 82' lang='lat' dir='ltr'><strong>indefessas</strong></span> <span class='ocrx_word' id='word_1_313' title='bbox 2485 1643 2697 1688; x_wconf 68' lang='lat' dir='ltr'><strong>naturae</strong></span> <span class='ocrx_word' id='word_1_314' title='bbox 2750 1645 2864 1686; x_wconf 74' lang='lat' dir='ltr'><strong>sua:</strong></span> <span class='ocrx_word' id='word_1_315' title='bbox 2897 1630 3044 1686; x_wconf 87' lang='lat' dir='ltr'><strong>vires</strong></span> <span class='ocrx_word' id='word_1_316' title='bbox 3100 1636 3155 1685; x_wconf 91' lang='lat' dir='ltr'><strong>et</strong></span> <span class='ocrx_word' id='word_1_317' title='bbox 3188 1635 3516 1699; x_wconf 88' lang='lat' dir='ltr'><strong>potestatem</strong></span> 
     </span>
    </p>
   </div>
   <div class='ocr_carea' id='block_1_43' title="bbox 1929 1715 3521 1797">
    <p class='ocr_par' dir='ltr' id='par_1_43' title="bbox 1929 1715 3521 1797">
     <span class='ocr_line' id='line_1_43' title="bbox 1929 1715 3521 1797; baseline -0.005 -16"><span class='ocrx_word' id='word_1_318' title='bbox 1929 1722 2227 1797; x_wconf 73' lang='lat' dir='ltr'><strong>signiﬁcat,</strong></span> <span class='ocrx_word' id='word_1_319' title='bbox 2258 1721 2404 1795; x_wconf 88' lang='lat' dir='ltr'><strong>quod</strong></span> <span class='ocrx_word' id='word_1_320' title='bbox 2424 1721 2666 1777; x_wconf 84' lang='lat' dir='ltr'><strong>senullo</strong></span> <span class='ocrx_word' id='word_1_321' title='bbox 2704 1720 2916 1784; x_wconf 89' lang='lat' dir='ltr'><strong>labore,</strong></span> <span class='ocrx_word' id='word_1_322' title='bbox 2939 1732 3286 1790; x_wconf 67' lang='lat' dir='ltr'><strong>quaecunque</strong></span> <span class='ocrx_word' id='word_1_323' title='bbox 3328 1715 3521 1773; x_wconf 78' lang='lat' dir='ltr'><strong>volue-</strong></span> 
     </span>
    </p>
   </div>
   <div class='ocr_carea' id='block_1_44' title="bbox 1931 1804 3517 1883">
    <p class='ocr_par' dir='ltr' id='par_1_44' title="bbox 1931 1804 3517 1883">
     <span class='ocr_line' id='line_1_44' title="bbox 1931 1804 3517 1883; baseline -0.004 -12"><span class='ocrx_word' id='word_1_324' title='bbox 1931 1815 2027 1883; x_wconf 87' lang='lat' dir='ltr'><strong>rit,</strong></span> <span class='ocrx_word' id='word_1_325' title='bbox 2070 1822 2266 1871; x_wconf 81' lang='lat' dir='ltr'><strong>contra</strong></span> <span class='ocrx_word' id='word_1_326' title='bbox 2324 1813 2643 1869; x_wconf 64' lang='lat' dir='ltr'><strong>cetariorum</strong></span> <span class='ocrx_word' id='word_1_327' title='bbox 2700 1826 2933 1878; x_wconf 86' lang='lat' dir='ltr'><strong>morem,</strong></span> <span class='ocrx_word' id='word_1_328' title='bbox 2981 1807 3305 1867; x_wconf 61' lang='lat' dir='ltr'><strong>eiecturum</strong></span> <span class='ocrx_word' id='word_1_329' title='bbox 3358 1804 3517 1865; x_wconf 85' lang='lat' dir='ltr'><strong>dicit.</strong></span> 
     </span>
    </p>
   </div>
   <div class='ocr_carea' id='block_1_45' title="bbox 1930 1901 3525 1979">
    <p class='ocr_par' dir='ltr' id='par_1_45' title="bbox 1930 1901 3525 1979">
     <span class='ocr_line' id='line_1_45' title="bbox 1930 1901 3525 1979; baseline -0.006 -14"><span class='ocrx_word' id='word_1_330' title='bbox 1930 1906 2197 1979; x_wconf 74' lang='lat' dir='ltr'><strong>Adiungit</strong></span> <span class='ocrx_word' id='word_1_331' title='bbox 2221 1906 2386 1963; x_wconf 87' lang='lat' dir='ltr'><strong>etiam</strong></span> <span class='ocrx_word' id='word_1_332' title='bbox 2423 1920 2533 1961; x_wconf 91' lang='lat' dir='ltr'><strong>non</strong></span> <span class='ocrx_word' id='word_1_333' title='bbox 2565 1919 2636 1962; x_wconf 89' lang='lat' dir='ltr'><strong>eo</strong></span> <span class='ocrx_word' id='word_1_334' title='bbox 2664 1919 2727 1962; x_wconf 75' lang='lat' dir='ltr'><strong>se</strong></span> <span class='ocrx_word' id='word_1_335' title='bbox 2754 1904 2883 1966; x_wconf 81' lang='lat' dir='ltr'><strong>line.</strong></span> <span class='ocrx_word' id='word_1_336' title='bbox 2914 1913 2976 1959; x_wconf 92' lang='lat' dir='ltr'><strong>ut</strong></span> <span class='ocrx_word' id='word_1_337' title='bbox 3003 1902 3188 1973; x_wconf 81' lang='lat' dir='ltr'><strong>perdat</strong></span> <span class='ocrx_word' id='word_1_338' title='bbox 3217 1903 3366 1974; x_wconf 92' lang='lat' dir='ltr'><strong>quod</strong></span> <span class='ocrx_word' id='word_1_339' title='bbox 3404 1901 3525 1958; x_wconf 83' lang='lat' dir='ltr'><strong>edi-</strong></span> 
     </span>
    </p>
   </div>
   <div class='ocr_carea' id='block_1_46' title="bbox 1931 1993 3524 2067">
    <p class='ocr_par' dir='ltr' id='par_1_46' title="bbox 1931 1993 3524 2067">
     <span class='ocr_line' id='line_1_46' title="bbox 1931 1993 3524 2067; baseline -0.003 -11"><span class='ocrx_word' id='word_1_340' title='bbox 1931 1999 2033 2066; x_wconf 89' lang='lat' dir='ltr'><strong>dit,</strong></span> <span class='ocrx_word' id='word_1_341' title='bbox 2066 2014 2268 2054; x_wconf 80' lang='lat' dir='ltr'><strong>creare.</strong></span> <span class='ocrx_word' id='word_1_342' title='bbox 2300 1996 2490 2067; x_wconf 82' lang='lat' dir='ltr'><strong>Neque</strong></span> <span class='ocrx_word' id='word_1_343' title='bbox 2517 1999 2667 2053; x_wconf 85' lang='lat' dir='ltr'><strong>enim</strong></span> <span class='ocrx_word' id='word_1_344' title='bbox 2692 2012 2776 2063; x_wconf 85' lang='lat' dir='ltr'><strong>se,</strong></span> <span class='ocrx_word' id='word_1_345' title='bbox 2799 2003 2859 2052; x_wconf 93' lang='lat' dir='ltr'><strong>ut</strong></span> <span class='ocrx_word' id='word_1_346' title='bbox 2882 1996 3107 2052; x_wconf 81' lang='lat' dir='ltr'><strong>haberet</strong></span> <span class='ocrx_word' id='word_1_347' title='bbox 3129 2009 3269 2067; x_wconf 87' lang='lat' dir='ltr'><strong>quos</strong></span> <span class='ocrx_word' id='word_1_348' title='bbox 3290 1993 3524 2051; x_wconf 81' lang='lat' dir='ltr'><strong>ulcisce-</strong></span> 
     </span>
    </p>
   </div>
   <div class='ocr_carea' id='block_1_47' title="bbox 1932 2087 3520 2160">
    <p class='ocr_par' dir='ltr' id='par_1_47' title="bbox 1932 2087 3520 2160">
     <span class='ocr_line' id='line_1_47' title="bbox 1932 2087 3520 2160; baseline -0.006 -12"><span class='ocrx_word' id='word_1_349' title='bbox 1932 2100 2105 2157; x_wconf 87' lang='lat' dir='ltr'><strong>retur,</strong></span> <span class='ocrx_word' id='word_1_350' title='bbox 2138 2090 2389 2147; x_wconf 87' lang='lat' dir='ltr'><strong>bomines</strong></span> <span class='ocrx_word' id='word_1_351' title='bbox 2426 2089 2660 2156; x_wconf 82' lang='lat' dir='ltr'><strong>fecisse;</strong></span> <span class='ocrx_word' id='word_1_352' title='bbox 2709 2089 2805 2146; x_wconf 82' lang='lat' dir='ltr'><strong>sed</strong></span> <span class='ocrx_word' id='word_1_353' title='bbox 2851 2104 2962 2160; x_wconf 80' lang='lat' dir='ltr'><strong>qua</strong></span> <span class='ocrx_word' id='word_1_354' title='bbox 2995 2090 3244 2146; x_wconf 86' lang='lat' dir='ltr'><strong>bonitate</strong></span> <span class='ocrx_word' id='word_1_355' title='bbox 3299 2087 3520 2151; x_wconf 76' lang='lat' dir='ltr'><strong>creavit,</strong></span> 
     </span>
    </p>
   </div>
   <div class='ocr_carea' id='block_1_48' title="bbox 1934 2178 3523 2252">
    <p class='ocr_par' dir='ltr' id='par_1_48' title="bbox 1934 2178 3523 2252">
     <span class='ocr_line' id='line_1_48' title="bbox 1934 2178 3523 2252; baseline -0.004 -14"><span class='ocrx_word' id='word_1_356' title='bbox 1934 2182 2122 2239; x_wconf 85' lang='lat' dir='ltr'><strong>eadem</strong></span> <span class='ocrx_word' id='word_1_357' title='bbox 2147 2189 2204 2237; x_wconf 91' lang='lat' dir='ltr'><strong>et</strong></span> <span class='ocrx_word' id='word_1_358' title='bbox 2233 2180 2358 2236; x_wconf 85' lang='lat' dir='ltr'><strong>illos</strong></span> <span class='ocrx_word' id='word_1_359' title='bbox 2401 2181 2732 2252; x_wconf 72' lang='lat' dir='ltr'><strong>gubernare.</strong></span> <span class='ocrx_word' id='word_1_360' title='bbox 2763 2178 3029 2237; x_wconf 84' lang='lat' dir='ltr'><strong>Hostibus</strong></span> <span class='ocrx_word' id='word_1_361' title='bbox 3061 2193 3227 2250; x_wconf 90' lang='lat' dir='ltr'><strong>porro</strong></span> <span class='ocrx_word' id='word_1_362' title='bbox 3260 2178 3523 2248; x_wconf 76' lang='lat' dir='ltr'><strong>ingruen-</strong></span> 
     </span>
    </p>
   </div>
   <div class='ocr_carea' id='block_1_49' title="bbox 1949 2266 3525 2340">
    <p class='ocr_par' dir='ltr' id='par_1_49' title="bbox 1949 2266 3525 2340">
     <span class='ocr_line' id='line_1_49' title="bbox 1949 2266 3525 2340; baseline -0.006 -11"><span class='ocrx_word' id='word_1_363' title='bbox 1949 2274 2123 2340; x_wconf 85' lang='lat' dir='ltr'><strong>tibus,</strong></span> <span class='ocrx_word' id='word_1_364' title='bbox 2168 2274 2266 2336; x_wconf 86' lang='lat' dir='ltr'><strong>ait,</strong></span> <span class='ocrx_word' id='word_1_365' title='bbox 2293 2288 2448 2326; x_wconf 83' lang='lat' dir='ltr'><strong>omne</strong></span> <span class='ocrx_word' id='word_1_366' title='bbox 2487 2288 2581 2326; x_wconf 77' lang='lat' dir='ltr'><strong>eas</strong></span> <span class='ocrx_word' id='word_1_367' title='bbox 2611 2271 2812 2326; x_wconf 86' lang='lat' dir='ltr'><strong>hostile</strong></span> <span class='ocrx_word' id='word_1_368' title='bbox 2841 2266 3105 2327; x_wconf 74' lang='lat' dir='ltr'><strong>cessabit.</strong></span> <span class='ocrx_word' id='word_1_369' title='bbox 3145 2269 3215 2325; x_wconf 87' lang='lat' dir='ltr'><strong>Ut</strong></span> <span class='ocrx_word' id='word_1_370' title='bbox 3250 2268 3398 2324; x_wconf 89' lang='lat' dir='ltr'><strong>enim</strong></span> <span class='ocrx_word' id='word_1_371' title='bbox 3432 2267 3525 2337; x_wconf 71' lang='lat' dir='ltr'><strong>ju~</strong></span> 
     </span>
    </p>
   </div>
   <div class='ocr_carea' id='block_1_50' title="bbox 1935 2359 3525 2437">
    <p class='ocr_par' dir='ltr' id='par_1_50' title="bbox 1935 2359 3525 2437">
     <span class='ocr_line' id='line_1_50' title="bbox 1935 2359 3525 2437; baseline -0.006 -15"><span class='ocrx_word' id='word_1_372' title='bbox 1935 2375 2080 2422; x_wconf 84' lang='lat' dir='ltr'><strong>stum</strong></span> <span class='ocrx_word' id='word_1_373' title='bbox 2102 2364 2405 2437; x_wconf 90' lang='lat' dir='ltr'><strong>quemlibet</strong></span> <span class='ocrx_word' id='word_1_374' title='bbox 2445 2362 2675 2418; x_wconf 83' lang='lat' dir='ltr'><strong>oderant</strong></span> <span class='ocrx_word' id='word_1_375' title='bbox 2704 2360 2898 2429; x_wconf 69' lang='lat' dir='ltr'><strong>Judaei,</strong></span> <span class='ocrx_word' id='word_1_376' title='bbox 2929 2362 3287 2431; x_wconf 87' lang='lat' dir='ltr'><strong>inutilemque</strong></span> <span class='ocrx_word' id='word_1_377' title='bbox 3315 2359 3525 2416; x_wconf 83' lang='lat' dir='ltr'><strong>vocita-</strong></span> 
     </span>
    </p>
   </div>
   <div class='ocr_carea' id='block_1_51' title="bbox 1936 2451 3524 2524">
    <p class='ocr_par' dir='ltr' id='par_1_51' title="bbox 1936 2451 3524 2524">
     <span class='ocr_line' id='line_1_51' title="bbox 1936 2451 3524 2524; baseline -0.006 -10"><span class='ocrx_word' id='word_1_378' title='bbox 1936 2458 2099 2522; x_wconf 84' lang='lat' dir='ltr'><strong>bant,</strong></span> <span class='ocrx_word' id='word_1_379' title='bbox 2125 2457 2209 2513; x_wconf 89' lang='lat' dir='ltr'><strong>sic</strong></span> <span class='ocrx_word' id='word_1_380' title='bbox 2240 2465 2294 2510; x_wconf 88' lang='lat' dir='ltr'><strong>et</strong></span> <span class='ocrx_word' id='word_1_381' title='bbox 2324 2453 2487 2509; x_wconf 84' lang='lat' dir='ltr'><strong>vicini</strong></span> <span class='ocrx_word' id='word_1_382' title='bbox 2519 2453 2762 2524; x_wconf 91' lang='lat' dir='ltr'><strong>undique</strong></span> <span class='ocrx_word' id='word_1_383' title='bbox 2805 2452 2953 2523; x_wconf 89' lang='lat' dir='ltr'><strong>pium</strong></span> <span class='ocrx_word' id='word_1_384' title='bbox 2999 2451 3313 2507; x_wconf 70' lang='lat' dir='ltr'><strong>.ludaeorum</strong></span> <span class='ocrx_word' id='word_1_385' title='bbox 3347 2465 3524 2521; x_wconf 87' lang='lat' dir='ltr'><strong>popu-</strong></span> 
     </span>
    </p>
   </div>
   <div class='ocr_carea' id='block_1_52' title="bbox 1935 2540 3526 2614">
    <p class='ocr_par' dir='ltr' id='par_1_52' title="bbox 1935 2540 3526 2614">
     <span class='ocr_line' id='line_1_52' title="bbox 1935 2540 3526 2614; baseline -0.004 -10"><span class='ocrx_word' id='word_1_386' title='bbox 1935 2551 2048 2606; x_wconf 87' lang='lat' dir='ltr'><strong>lum</strong></span> <span class='ocrx_word' id='word_1_387' title='bbox 2088 2547 2213 2602; x_wconf 87' lang='lat' dir='ltr'><strong>ideo</strong></span> <span class='ocrx_word' id='word_1_388' title='bbox 2256 2545 2673 2609; x_wconf 78' lang='lat' dir='ltr'><strong>aversabantur,</strong></span> <span class='ocrx_word' id='word_1_389' title='bbox 2709 2542 2857 2614; x_wconf 92' lang='lat' dir='ltr'><strong>quod</strong></span> <span class='ocrx_word' id='word_1_390' title='bbox 2888 2543 3064 2598; x_wconf 89' lang='lat' dir='ltr'><strong>eidem</strong></span> <span class='ocrx_word' id='word_1_391' title='bbox 3110 2540 3280 2597; x_wconf 91' lang='lat' dir='ltr'><strong>Deum</strong></span> <span class='ocrx_word' id='word_1_392' title='bbox 3331 2542 3526 2597; x_wconf 88' lang='lat' dir='ltr'><strong>adesse</strong></span> 
     </span>
    </p>
   </div>
   <div class='ocr_carea' id='block_1_53' title="bbox 1938 2632 3524 2710">
    <p class='ocr_par' dir='ltr' id='par_1_53' title="bbox 1938 2632 3524 2710">
     <span class='ocr_line' id='line_1_53' title="bbox 1938 2632 3524 2710; baseline -0.004 -13"><span class='ocrx_word' id='word_1_393' title='bbox 1938 2639 2217 2697; x_wconf 84' lang='lat' dir='ltr'><strong>videbant.</strong></span> <span class='ocrx_word' id='word_1_394' title='bbox 2257 2637 2527 2708; x_wconf 89' lang='lat' dir='ltr'><strong>Deinceps</strong></span> <span class='ocrx_word' id='word_1_395' title='bbox 2571 2653 2631 2694; x_wconf 86' lang='lat' dir='ltr'><strong>se</strong></span> <span class='ocrx_word' id='word_1_396' title='bbox 2657 2632 2946 2710; x_wconf 75' lang='lat' dir='ltr'><strong>propheta,</strong></span> <span class='ocrx_word' id='word_1_397' title='bbox 2983 2653 3096 2691; x_wconf 90' lang='lat' dir='ltr'><strong>non</strong></span> <span class='ocrx_word' id='word_1_398' title='bbox 3130 2644 3395 2707; x_wconf 87' lang='lat' dir='ltr'><strong>tanquam</strong></span> <span class='ocrx_word' id='word_1_399' title='bbox 3430 2652 3524 2691; x_wconf 82' lang='lat' dir='ltr'><strong>vas</strong></span> 
     </span>
    </p>
   </div>
   <div class='ocr_carea' id='block_1_54' title="bbox 1937 2729 3525 2805">
    <p class='ocr_par' dir='ltr' id='par_1_54' title="bbox 1937 2729 3525 2805">
     <span class='ocr_line' id='line_1_54' title="bbox 1937 2729 3525 2805; baseline -0.004 -16"><span class='ocrx_word' id='word_1_400' title='bbox 1937 2733 2161 2805; x_wconf 89' lang='lat' dir='ltr'><strong>aliquod</strong></span> <span class='ocrx_word' id='word_1_401' title='bbox 2187 2732 2450 2800; x_wconf 90' lang='lat' dir='ltr'><strong>inanime,</strong></span> <span class='ocrx_word' id='word_1_402' title='bbox 2478 2729 2591 2786; x_wconf 90' lang='lat' dir='ltr'><strong>Deo</strong></span> <span class='ocrx_word' id='word_1_403' title='bbox 2620 2730 2958 2792; x_wconf 86' lang='lat' dir='ltr'><strong>subservire,</strong></span> <span class='ocrx_word' id='word_1_404' title='bbox 2988 2732 3083 2786; x_wconf 92' lang='lat' dir='ltr'><strong>sed</strong></span> <span class='ocrx_word' id='word_1_405' title='bbox 3114 2744 3303 2785; x_wconf 89' lang='lat' dir='ltr'><strong>eorum</strong></span> <span class='ocrx_word' id='word_1_406' title='bbox 3333 2730 3525 2795; x_wconf 88' lang='lat' dir='ltr'><strong>etiam,</strong></span> 
     </span>
    </p>
   </div>
   <div class='ocr_carea' id='block_1_55' title="bbox 1939 2823 3529 2898">
    <p class='ocr_par' dir='ltr' id='par_1_55' title="bbox 1939 2823 3529 2898">
     <span class='ocr_line' id='line_1_55' title="bbox 1939 2823 3529 2898; baseline -0.003 -18"><span class='ocrx_word' id='word_1_407' title='bbox 1939 2842 2059 2898; x_wconf 67' lang='lat' dir='ltr'><strong>quae</strong></span> <span class='ocrx_word' id='word_1_408' title='bbox 2087 2834 2355 2897; x_wconf 78' lang='lat' dir='ltr'><strong>geruntur</strong></span> <span class='ocrx_word' id='word_1_409' title='bbox 2402 2823 2654 2879; x_wconf 89' lang='lat' dir='ltr'><strong>notitiam</strong></span> <span class='ocrx_word' id='word_1_410' title='bbox 2686 2823 2892 2880; x_wconf 86' lang='lat' dir='ltr'><strong>habere</strong></span> <span class='ocrx_word' id='word_1_411' title='bbox 2948 2823 3155 2879; x_wconf 86' lang='lat' dir='ltr'><strong>indicat</strong></span> <span class='ocrx_word' id='word_1_412' title='bbox 3184 2840 3198 2890; x_wconf 90' lang='lat'><strong>;</strong></span> <span class='ocrx_word' id='word_1_413' title='bbox 3233 2823 3387 2889; x_wconf 90' lang='lat' dir='ltr'><strong>dum,</strong></span> <span class='ocrx_word' id='word_1_414' title='bbox 3432 2830 3529 2877; x_wconf 86' lang='lat' dir='ltr'><strong>aut</strong></span> 
     </span>
    </p>
   </div>
   <div class='ocr_carea' id='block_1_56' title="bbox 1914 2917 3527 2993">
    <p class='ocr_par' dir='ltr' id='par_1_56' title="bbox 1914 2917 3527 2993">
     <span class='ocr_line' id='line_1_56' title="bbox 1914 2917 3527 2993; baseline -0.003 -17"><span class='ocrx_word' id='word_1_415' title='bbox 1914 2919 2328 2993; x_wconf 87' lang='lat' dir='ltr'><strong>&#39;peccatoribus</strong></span> <span class='ocrx_word' id='word_1_416' title='bbox 2380 2928 2835 2975; x_wconf 71' lang='lat' dir='ltr'><strong>succensetzcum</strong></span> <span class='ocrx_word' id='word_1_417' title='bbox 2890 2918 3040 2988; x_wconf 79' lang='lat' dir='ltr'><strong>genti</strong></span> <span class='ocrx_word' id='word_1_418' title='bbox 3086 2917 3386 2988; x_wconf 86' lang='lat' dir='ltr'><strong>peccatrici</strong></span> <span class='ocrx_word' id='word_1_419' title='bbox 3422 2917 3527 2971; x_wconf 86' lang='lat' dir='ltr'><strong>im-</strong></span> 
     </span>
    </p>
   </div>
   <div class='ocr_carea' id='block_1_57' title="bbox 1943 3010 3535 3085">
    <p class='ocr_par' dir='ltr' id='par_1_57' title="bbox 1943 3010 3535 3085">
     <span class='ocr_line' id='line_1_57' title="bbox 1943 3010 3535 3085; baseline -0.004 -15"><span class='ocrx_word' id='word_1_420' title='bbox 1943 3021 2241 3085; x_wconf 78' lang='lat' dir='ltr'><strong>precatur:</strong></span> <span class='ocrx_word' id='word_1_421' title='bbox 2296 3023 2392 3067; x_wconf 89' lang='lat' dir='ltr'><strong>aut</strong></span> <span class='ocrx_word' id='word_1_422' title='bbox 2441 3012 2672 3082; x_wconf 86' lang='lat' dir='ltr'><strong>supinos</strong></span> <span class='ocrx_word' id='word_1_423' title='bbox 2734 3019 2788 3067; x_wconf 92' lang='lat' dir='ltr'><strong>et</strong></span> <span class='ocrx_word' id='word_1_424' title='bbox 2830 3012 3171 3081; x_wconf 80' lang='lat' dir='ltr'><strong>negligentes</strong></span> <span class='ocrx_word' id='word_1_425' title='bbox 3203 3010 3434 3076; x_wconf 73' lang='lat' dir='ltr'><strong>excitat;</strong></span> <span class='ocrx_word' id='word_1_426' title='bbox 3473 3017 3535 3064; x_wconf 87' lang='lat' dir='ltr'><strong>ut</strong></span> 
     </span>
    </p>
   </div>
   <div class='ocr_carea' id='block_1_58' title="bbox 255 3097 1840 3179">
    <p class='ocr_par' dir='ltr' id='par_1_58' title="bbox 255 3097 1840 3167">
     <span class='ocr_line' id='line_1_58' title="bbox 255 3097 1840 3167; baseline 0.004 -18"><span class='ocrx_word' id='word_1_427' title='bbox 255 3098 500 3167; x_wconf 84' lang='grc' dir='ltr'>ρονόμος</span> <span class='ocrx_word' id='word_1_428' title='bbox 557 3098 815 3167; x_wconf 77' lang='grc' dir='ltr'>γενέσθαι</span> <span class='ocrx_word' id='word_1_429' title='bbox 871 3097 1041 3153; x_wconf 79' lang='grc' dir='ltr'>Θεοῦ.</span> <span class='ocrx_word' id='word_1_430' title='bbox 1082 3100 1177 3162; x_wconf 90' lang='grc' dir='ltr'>Ὃς</span> <span class='ocrx_word' id='word_1_431' title='bbox 1221 3100 1314 3152; x_wconf 75' lang='grc' dir='ltr'>καὶ</span> <span class='ocrx_word' id='word_1_432' title='bbox 1343 3098 1698 3165; x_wconf 79' lang='grc' dir='ltr'>αὐτεξούσιον</span> <span class='ocrx_word' id='word_1_433' title='bbox 1731 3101 1840 3156; x_wconf 88' lang='grc' dir='ltr'>δει-</span> 
     </span>
    </p>
   </div>
   <div class='ocr_carea' id='block_1_59' title="bbox 1945 3097 3535 3179">
    <p class='ocr_par' dir='ltr' id='par_1_59' title="bbox 1947 3097 3535 3167">
     <span class='ocr_line' id='line_1_59' title="bbox 1947 3097 3535 3167; baseline -0.003 -10"><span class='ocrx_word' id='word_1_434' title='bbox 1947 3104 2052 3157; x_wconf 90' lang='lat' dir='ltr'><strong>hoc</strong></span> <span class='ocrx_word' id='word_1_435' title='bbox 2082 3102 2224 3167; x_wconf 83' lang='lat' dir='ltr'><strong>loco,</strong></span> <span class='ocrx_word' id='word_1_436' title='bbox 2252 3116 2378 3156; x_wconf 91' lang='lat' dir='ltr'><strong>cum</strong></span> <span class='ocrx_word' id='word_1_437' title='bbox 2413 3101 2487 3164; x_wconf 88' lang='lat' dir='ltr'><strong>ei,</strong></span> <span class='ocrx_word' id='word_1_438' title='bbox 2509 3101 2554 3156; x_wconf 88' lang='lat' dir='ltr'><strong>si</strong></span> <span class='ocrx_word' id='word_1_439' title='bbox 2584 3100 2697 3155; x_wconf 88' lang='lat' dir='ltr'><strong>Deo</strong></span> <span class='ocrx_word' id='word_1_440' title='bbox 2727 3099 2940 3162; x_wconf 84' lang='lat' dir='ltr'><strong>credat,</strong></span> <span class='ocrx_word' id='word_1_441' title='bbox 2969 3114 3079 3154; x_wconf 85' lang='lat' dir='ltr'><strong>non</strong></span> <span class='ocrx_word' id='word_1_442' title='bbox 3130 3097 3378 3154; x_wconf 80' lang='lat' dir='ltr'><strong>futurum</strong></span> <span class='ocrx_word' id='word_1_443' title='bbox 3447 3099 3535 3153; x_wconf 86' lang='lat' dir='ltr'><strong>in-</strong></span> 
     </span>
    </p>
   </div>
   <div class='ocr_carea' id='block_1_60' title="bbox 260 3189 1680 3262">
    <p class='ocr_par' dir='ltr' id='par_1_60' title="bbox 260 3189 1680 3262">
     <span class='ocr_line' id='line_1_60' title="bbox 260 3189 1680 3262; baseline 0.004 -20"><span class='ocrx_word' id='word_1_444' title='bbox 260 3189 380 3254; x_wconf 82' lang='grc' dir='ltr'>κνὺς</span> <span class='ocrx_word' id='word_1_445' title='bbox 408 3191 510 3261; x_wconf 84' lang='grc' dir='ltr'>τὴν</span> <span class='ocrx_word' id='word_1_446' title='bbox 534 3189 759 3262; x_wconf 80' lang='grc' dir='ltr'>ἀρετὴν,</span> <span class='ocrx_word' id='word_1_447' title='bbox 786 3189 951 3261; x_wconf 87' lang='grc' dir='ltr'>φησίν</span> <span class='ocrx_word' id='word_1_448' title='bbox 976 3209 988 3224; x_wconf 91' lang='grc'><strong>·</strong></span> <span class='ocrx_word' id='word_1_449' title='bbox 1021 3191 1286 3246; x_wconf 86' lang='grc' dir='ltr'>Ἕσεσθέ</span> <span class='ocrx_word' id='word_1_450' title='bbox 1312 3209 1414 3262; x_wconf 83' lang='grc' dir='ltr'><strong>μοι</strong></span> <span class='ocrx_word' id='word_1_451' title='bbox 1442 3191 1680 3247; x_wconf 84' lang='grc' dir='ltr'>δίκαιοι.</span> 
     </span>
    </p>
   </div>
   <div class='ocr_carea' id='block_1_61' title="bbox 844 3457 1262 3513">
    <p class='ocr_par' dir='ltr' id='par_1_61' title="bbox 844 3457 1262 3513">
     <span class='ocr_line' id='line_1_61' title="bbox 844 3457 1262 3513; baseline 0.005 -3"><span class='ocrx_word' id='word_1_452' title='bbox 844 3457 1094 3513; x_wconf 84' lang='grc' dir='ltr'><strong>ΚΕΦΑΛ.</strong></span> <span class='ocrx_word' id='word_1_453' title='bbox 1134 3458 1262 3512; x_wconf 87' lang='lat' dir='ltr'><strong>NE&#39;.</strong></span> 
     </span>
    </p>
   </div>
   <div class='ocr_carea' id='block_1_62' title="bbox 315 3547 1847 3620">
    <p class='ocr_par' dir='ltr' id='par_1_62' title="bbox 315 3547 1847 3620">
     <span class='ocr_line' id='line_1_62' title="bbox 315 3547 1847 3620; baseline -0.001 -15"><span class='ocrx_word' id='word_1_454' title='bbox 315 3557 483 3620; x_wconf 81' lang='grc' dir='ltr'>σι’-ιγ’.</span> <span class='ocrx_word' id='word_1_455' title='bbox 536 3549 605 3603; x_wconf 77' lang='lat' dir='ltr'><strong>Ol</strong></span> <span class='ocrx_word' id='word_1_456' title='bbox 641 3547 960 3618; x_wconf 74' lang='grc' dir='ltr'>διψῶντες,</span> <span class='ocrx_word' id='word_1_457' title='bbox 1001 3550 1332 3617; x_wconf 80' lang='grc' dir='ltr'>πορεύεσθε</span> <span class='ocrx_word' id='word_1_458' title='bbox 1384 3549 1478 3619; x_wconf 65' lang='grc' dir='ltr'>ἐφ’</span> <span class='ocrx_word' id='word_1_459' title='bbox 1506 3549 1686 3618; x_wconf 83' lang='grc' dir='ltr'>ὕδωρ,</span> <span class='ocrx_word' id='word_1_460' title='bbox 1749 3550 1847 3605; x_wconf 81' lang='grc' dir='ltr'><strong>καὶ</strong></span> 
     </span>
    </p>
   </div>
   <div class='ocr_carea' id='block_1_63' title="bbox 263 3641 1846 3714">
    <p class='ocr_par' dir='ltr' id='par_1_63' title="bbox 263 3641 1846 3714">
     <span class='ocr_line' id='line_1_63' title="bbox 263 3641 1846 3714; baseline 0 -18"><span class='ocrx_word' id='word_1_461' title='bbox 263 3641 387 3696; x_wconf 80' lang='grc' dir='ltr'>ὅσοι</span> <span class='ocrx_word' id='word_1_462' title='bbox 422 3642 510 3714; x_wconf 77' lang='grc' dir='ltr'><strong>μὴ</strong></span> <span class='ocrx_word' id='word_1_463' title='bbox 535 3643 711 3710; x_wconf 78' lang='grc' dir='ltr'>ἔχετε</span> <span class='ocrx_word' id='word_1_464' title='bbox 741 3642 1047 3711; x_wconf 75' lang='grc' dir='ltr'>ἀργύριον,</span> <span class='ocrx_word' id='word_1_465' title='bbox 1078 3642 1453 3708; x_wconf 76' lang='grc' dir='ltr'>βαδίσαντες</span> <span class='ocrx_word' id='word_1_466' title='bbox 1487 3641 1846 3711; x_wconf 81' lang='grc' dir='ltr'>ἀγοράσατε,</span> 
     </span>
    </p>
   </div>
   <div class='ocr_carea' id='block_1_64' title="bbox 190 3730 1849 3803">
    <p class='ocr_par' dir='ltr' id='par_1_64' title="bbox 190 3730 1849 3803">
     <span class='ocr_line' id='line_1_64' title="bbox 190 3730 1849 3803; baseline 0 -15"><span class='ocrx_word' id='word_1_467' title='bbox 190 3733 195 3739; x_wconf 81' lang='grc'><em>’</em></span> <span class='ocrx_word' id='word_1_468' title='bbox 264 3734 355 3788; x_wconf 76' lang='grc' dir='ltr'><strong>καὶ</strong></span> <span class='ocrx_word' id='word_1_469' title='bbox 387 3736 560 3789; x_wconf 63' lang='lat' dir='ltr'><strong>ariete</strong></span> <span class='ocrx_word' id='word_1_470' title='bbox 605 3733 752 3788; x_wconf 77' lang='grc' dir='ltr'>ἄνευ</span> <span class='ocrx_word' id='word_1_471' title='bbox 784 3733 1071 3803; x_wconf 70' lang='grc' dir='ltr'>ἀργιφίου</span> <span class='ocrx_word' id='word_1_472' title='bbox 1105 3734 1204 3788; x_wconf 76' lang='grc' dir='ltr'><strong>καὶ</strong></span> <span class='ocrx_word' id='word_1_473' title='bbox 1264 3733 1462 3803; x_wconf 83' lang='grc' dir='ltr'>τιμῆς,</span> <span class='ocrx_word' id='word_1_474' title='bbox 1521 3730 1693 3789; x_wconf 74' lang='grc' dir='ltr'>οἶνον</span> <span class='ocrx_word' id='word_1_475' title='bbox 1749 3736 1849 3789; x_wconf 77' lang='grc' dir='ltr'><strong>καὶ</strong></span> 
     </span>
    </p>
   </div>
   <div class='ocr_carea' id='block_1_65' title="bbox 263 3825 1884 3898">
    <p class='ocr_par' dir='ltr' id='par_1_65' title="bbox 263 3825 1884 3898">
     <span class='ocr_line' id='line_1_65' title="bbox 263 3825 1884 3898; baseline 0 -17"><span class='ocrx_word' id='word_1_476' title='bbox 263 3826 459 3896; x_wconf 79' lang='grc' dir='ltr'>στέαρ.</span> <span class='ocrx_word' id='word_1_477' title='bbox 505 3827 636 3881; x_wconf 86' lang='grc' dir='ltr'>Ἵνα</span> <span class='ocrx_word' id='word_1_478' title='bbox 665 3826 721 3880; x_wconf 85' lang='grc' dir='ltr'><strong>τί</strong></span> <span class='ocrx_word' id='word_1_479' title='bbox 746 3826 993 3896; x_wconf 81' lang='grc' dir='ltr'>τιμᾶσθε</span> <span class='ocrx_word' id='word_1_480' title='bbox 1018 3826 1303 3896; x_wconf 65' lang='grc' dir='ltr'>ἀργιιρίου</span> <span class='ocrx_word' id='word_1_481' title='bbox 1330 3826 1427 3880; x_wconf 76' lang='grc' dir='ltr'><strong>καὶ</strong></span> <span class='ocrx_word' id='word_1_482' title='bbox 1462 3825 1571 3881; x_wconf 81' lang='grc' dir='ltr'>τὸν</span> <span class='ocrx_word' id='word_1_483' title='bbox 1613 3828 1849 3898; x_wconf 77' lang='grc' dir='ltr'><strong>μόχθον</strong></span> <span class='ocrx_word' id='word_1_484' title='bbox 1878 3832 1884 3839; x_wconf 88' lang='grc'><strong>’</strong></span> 
     </span>
    </p>
   </div>
   <div class='ocr_carea' id='block_1_66' title="bbox 264 3915 1848 3987">
    <p class='ocr_par' dir='ltr' id='par_1_66' title="bbox 264 3915 1848 3987">
     <span class='ocr_line' id='line_1_66' title="bbox 264 3915 1848 3987; baseline -0.001 -15"><span class='ocrx_word' id='word_1_485' title='bbox 264 3916 427 3986; x_wconf 83' lang='grc' dir='ltr'>ὑμῶν</span> <span class='ocrx_word' id='word_1_486' title='bbox 454 3918 572 3973; x_wconf 85' lang='grc' dir='ltr'><strong>οὐκ</strong></span> <span class='ocrx_word' id='word_1_487' title='bbox 622 3917 710 3981; x_wconf 76' lang='grc' dir='ltr'>εἰς</span> <span class='ocrx_word' id='word_1_488' title='bbox 760 3916 1131 3986; x_wconf 76' lang='grc' dir='ltr'>πλησμονήν</span> <span class='ocrx_word' id='word_1_489' title='bbox 1162 3933 1182 3982; x_wconf 87' lang='lat'><strong><em>;</em></strong></span> <span class='ocrx_word' id='word_1_490' title='bbox 1228 3915 1544 3971; x_wconf 81' lang='grc' dir='ltr'>Ἀκούσατέ</span> <span class='ocrx_word' id='word_1_491' title='bbox 1575 3934 1718 3987; x_wconf 82' lang='grc' dir='ltr'>μου.</span> <span class='ocrx_word' id='word_1_492' title='bbox 1750 3918 1848 3971; x_wconf 75' lang='grc' dir='ltr'><strong>καὶ</strong></span> 
     </span>
    </p>
   </div>
   <div class='ocr_carea' id='block_1_67' title="bbox 263 4004 1845 4080">
    <p class='ocr_par' dir='ltr' id='par_1_67' title="bbox 263 4004 1845 4080">
     <span class='ocr_line' id='line_1_67' title="bbox 263 4004 1845 4080; baseline -0.004 -15"><span class='ocrx_word' id='word_1_493' title='bbox 263 4010 523 4080; x_wconf 72' lang='grc' dir='ltr'>φάγεσθε</span> <span class='ocrx_word' id='word_1_494' title='bbox 578 4007 790 4078; x_wconf 82' lang='grc' dir='ltr'>ἀγαθὰ,</span> <span class='ocrx_word' id='word_1_495' title='bbox 838 4007 938 4062; x_wconf 78' lang='grc' dir='ltr'><strong>καὶ</strong></span> <span class='ocrx_word' id='word_1_496' title='bbox 980 4004 1346 4075; x_wconf 64' lang='grc' dir='ltr'>ἐντρυφήσει</span> <span class='ocrx_word' id='word_1_497' title='bbox 1397 4006 1475 4060; x_wconf 83' lang='grc' dir='ltr'>ἐν·</span> <span class='ocrx_word' id='word_1_498' title='bbox 1511 4007 1756 4078; x_wconf 78' lang='grc' dir='ltr'>ἀγαθοῖς</span> <span class='ocrx_word' id='word_1_499' title='bbox 1807 4010 1845 4078; x_wconf 75' lang='grc' dir='ltr'><em>ὴ</em></span> 
     </span>
    </p>
   </div>
   <div class='ocr_carea' id='block_1_68' title="bbox 264 4100 928 4173">
    <p class='ocr_par' dir='ltr' id='par_1_68' title="bbox 264 4100 928 4173">
     <span class='ocr_line' id='line_1_68' title="bbox 264 4100 928 4173; baseline -0.006 -14"><span class='ocrx_word' id='word_1_500' title='bbox 264 4103 429 4173; x_wconf 67' lang='grc' dir='ltr'><strong>ψυχὴ</strong></span> <span class='ocrx_word' id='word_1_501' title='bbox 462 4100 671 4173; x_wconf 84' lang='grc' dir='ltr'>ὑμῶν,</span> <span class='ocrx_word' id='word_1_502' title='bbox 708 4119 760 4155; x_wconf 93' lang='grc' dir='ltr'>κ.</span> <span class='ocrx_word' id='word_1_503' title='bbox 795 4118 846 4154; x_wconf 90' lang='grc' dir='ltr'>τ.</span> <span class='ocrx_word' id='word_1_504' title='bbox 877 4100 928 4155; x_wconf 92' lang='grc' dir='ltr'>λ.</span> 
     </span>
    </p>
   </div>
   <div class='ocr_carea' id='block_1_69' title="bbox 339 4190 1851 4266">
    <p class='ocr_par' dir='ltr' id='par_1_69' title="bbox 339 4190 1851 4266">
     <span class='ocr_line' id='line_1_69' title="bbox 339 4190 1851 4266; baseline -0.001 -18"><span class='ocrx_word' id='word_1_505' title='bbox 339 4195 398 4248; x_wconf 83' lang='lat'><strong>&#39;0</strong></span> <span class='ocrx_word' id='word_1_506' title='bbox 430 4192 670 4266; x_wconf 80' lang='grc' dir='ltr'>Χριστὸς</span> <span class='ocrx_word' id='word_1_507' title='bbox 704 4194 866 4246; x_wconf 74' lang='grc' dir='ltr'>πᾶσιν</span> <span class='ocrx_word' id='word_1_508' title='bbox 920 4192 1217 4262; x_wconf 73' lang='grc' dir='ltr'>ἐκήρυττεν</span> <span class='ocrx_word' id='word_1_509' title='bbox 1239 4206 1252 4221; x_wconf 90' lang='grc'><strong>·</strong></span> <span class='ocrx_word' id='word_1_510' title='bbox 1290 4209 1308 4241; x_wconf 85' lang='lat' dir='ltr'><strong>r</strong></span> <span class='ocrx_word' id='word_1_511' title='bbox 1344 4190 1411 4244; x_wconf 67' lang='lat' dir='ltr'><strong>Et</strong></span> <span class='ocrx_word' id='word_1_512' title='bbox 1435 4209 1519 4255; x_wconf 86' lang='grc' dir='ltr'><strong>τις</strong></span> <span class='ocrx_word' id='word_1_513' title='bbox 1568 4192 1719 4264; x_wconf 80' lang='grc' dir='ltr'>διψᾷ,</span> <span class='ocrx_word' id='word_1_514' title='bbox 1755 4196 1851 4265; x_wconf 78' lang='grc' dir='ltr'>ἐρ-</span> 
     </span>
    </p>
   </div>
   <div class='ocr_carea' id='block_1_70' title="bbox 268 4285 1849 4360">
    <p class='ocr_par' dir='ltr' id='par_1_70' title="bbox 268 4285 1849 4360">
     <span class='ocr_line' id='line_1_70' title="bbox 268 4285 1849 4360; baseline 0.002 -20"><span class='ocrx_word' id='word_1_515' title='bbox 268 4288 441 4358; x_wconf 67' lang='grc' dir='ltr'>χέσθω</span> <span class='ocrx_word' id='word_1_516' title='bbox 470 4287 611 4358; x_wconf 76' lang='grc' dir='ltr'>πρός</span> <span class='ocrx_word' id='word_1_517' title='bbox 637 4304 758 4359; x_wconf 76' lang='grc' dir='ltr'>με.»</span> <span class='ocrx_word' id='word_1_518' title='bbox 793 4287 1073 4356; x_wconf 73' lang='grc' dir='ltr'>ποταμοὺς</span> <span class='ocrx_word' id='word_1_519' title='bbox 1099 4288 1163 4338; x_wconf 81' lang='grc' dir='ltr'>ἐκ</span> <span class='ocrx_word' id='word_1_520' title='bbox 1182 4285 1279 4356; x_wconf 87' lang='grc' dir='ltr'>τῆς</span> <span class='ocrx_word' id='word_1_521' title='bbox 1301 4285 1509 4349; x_wconf 84' lang='grc' dir='ltr'>κοιλίας</span> <span class='ocrx_word' id='word_1_522' title='bbox 1524 4287 1691 4341; x_wconf 85' lang='grc' dir='ltr'>αὑτοῦ</span> <span class='ocrx_word' id='word_1_523' title='bbox 1722 4288 1849 4360; x_wconf 79' lang='grc' dir='ltr'>ῥεύ-</span> 
     </span>
    </p>
   </div>
   <div class='ocr_carea' id='block_1_71' title="bbox 269 4371 1849 4450">
    <p class='ocr_par' dir='ltr' id='par_1_71' title="bbox 269 4371 1849 4450">
     <span class='ocr_line' id='line_1_71' title="bbox 269 4371 1849 4450; baseline 0.003 -18"><span class='ocrx_word' id='word_1_524' title='bbox 269 4396 380 4434; x_wconf 89' lang='grc' dir='ltr'>σειν</span> <span class='ocrx_word' id='word_1_525' title='bbox 441 4378 639 4443; x_wconf 71' lang='grc' dir='ltr'>εἰπὼν,</span> <span class='ocrx_word' id='word_1_526' title='bbox 698 4378 767 4431; x_wconf 82' lang='grc' dir='ltr'>δι’</span> <span class='ocrx_word' id='word_1_527' title='bbox 821 4371 898 4431; x_wconf 85' lang='grc' dir='ltr'>ὧν</span> <span class='ocrx_word' id='word_1_528' title='bbox 946 4376 1140 4447; x_wconf 83' lang='grc' dir='ltr'>ἐδήλου</span> <span class='ocrx_word' id='word_1_529' title='bbox 1187 4378 1248 4430; x_wconf 86' lang='grc' dir='ltr'>τὸ</span> <span class='ocrx_word' id='word_1_530' title='bbox 1297 4376 1529 4450; x_wconf 83' lang='grc' dir='ltr'>Πνεῦμα</span> <span class='ocrx_word' id='word_1_531' title='bbox 1560 4382 1621 4431; x_wconf 79' lang='grc' dir='ltr'>τὸ</span> <span class='ocrx_word' id='word_1_532' title='bbox 1672 4379 1849 4450; x_wconf 70' lang='grc' dir='ltr'>ἅγιον.</span> 
     </span>
    </p>
   </div>
   <div class='ocr_carea' id='block_1_72' title="bbox 1948 3190 3533 3264">
    <p class='ocr_par' dir='ltr' id='par_1_72' title="bbox 1948 3190 3533 3264">
     <span class='ocr_line' id='line_1_72' title="bbox 1948 3190 3533 3264; baseline -0.003 -15"><span class='ocrx_word' id='word_1_533' title='bbox 1948 3195 2100 3255; x_wconf 86' lang='lat' dir='ltr'><strong>utile,</strong></span> <span class='ocrx_word' id='word_1_534' title='bbox 2129 3194 2221 3249; x_wconf 87' lang='lat' dir='ltr'><strong>sed</strong></span> <span class='ocrx_word' id='word_1_535' title='bbox 2260 3208 2413 3264; x_wconf 85' lang='lat' dir='ltr'><strong>spem</strong></span> <span class='ocrx_word' id='word_1_536' title='bbox 2447 3191 2641 3246; x_wconf 76' lang='lat' dir='ltr'><strong>divina:</strong></span> <span class='ocrx_word' id='word_1_537' title='bbox 2670 3191 3004 3247; x_wconf 76' lang='lat' dir='ltr'><strong>Itwreditatis</strong></span> <span class='ocrx_word' id='word_1_538' title='bbox 3028 3190 3293 3246; x_wconf 69' lang='lat' dir='ltr'><strong>adeunda:</strong></span> <span class='ocrx_word' id='word_1_539' title='bbox 3307 3190 3533 3247; x_wconf 87' lang='lat' dir='ltr'><strong>habitu-</strong></span> 
     </span>
    </p>
   </div>
   <div class='ocr_carea' id='block_1_73' title="bbox 1947 3278 3535 3346">
    <p class='ocr_par' dir='ltr' id='par_1_73' title="bbox 1947 3278 3535 3346">
     <span class='ocr_line' id='line_1_73' title="bbox 1947 3278 3535 3346; baseline -0.003 -10"><span class='ocrx_word' id='word_1_540' title='bbox 1947 3297 2066 3336; x_wconf 88' lang='lat' dir='ltr'><strong>rum</strong></span> <span class='ocrx_word' id='word_1_541' title='bbox 2097 3282 2330 3337; x_wconf 89' lang='lat' dir='ltr'><strong>asserit:</strong></span> <span class='ocrx_word' id='word_1_542' title='bbox 2376 3295 2500 3335; x_wconf 91' lang='lat' dir='ltr'><strong>cum</strong></span> <span class='ocrx_word' id='word_1_543' title='bbox 2539 3279 2779 3344; x_wconf 87' lang='lat' dir='ltr'><strong>denique</strong></span> <span class='ocrx_word' id='word_1_544' title='bbox 2819 3278 3004 3331; x_wconf 63' lang='lat' dir='ltr'><strong>libera!</strong></span> <span class='ocrx_word' id='word_1_545' title='bbox 3057 3278 3351 3346; x_wconf 81' lang='lat' dir='ltr'><strong>potestatis</strong></span> <span class='ocrx_word' id='word_1_546' title='bbox 3410 3296 3535 3331; x_wconf 73' lang='lat' dir='ltr'><strong>rsse</strong></span> 
     </span>
    </p>
   </div>
   <div class='ocr_carea' id='block_1_74' title="bbox 1945 3366 3389 3440">
    <p class='ocr_par' dir='ltr' id='par_1_74' title="bbox 1945 3366 3389 3440">
     <span class='ocr_line' id='line_1_74' title="bbox 1945 3366 3389 3440; baseline -0.006 -14"><span class='ocrx_word' id='word_1_547' title='bbox 1945 3374 2204 3426; x_wconf 87' lang='lat' dir='ltr'><strong>virtutem</strong></span> <span class='ocrx_word' id='word_1_548' title='bbox 2228 3371 2638 3433; x_wconf 83' lang='lat' dir='ltr'><strong>demonstrans.</strong></span> <span class='ocrx_word' id='word_1_549' title='bbox 2671 3369 2847 3440; x_wconf 80' lang='lat' dir='ltr'><strong>justas</strong></span> <span class='ocrx_word' id='word_1_550' title='bbox 2872 3367 2974 3423; x_wconf 76' lang='lat' dir='ltr'><strong>sibi</strong></span> <span class='ocrx_word' id='word_1_551' title='bbox 3001 3367 3114 3437; x_wconf 77' lang='lat' dir='ltr'><strong>fore</strong></span> <span class='ocrx_word' id='word_1_552' title='bbox 3137 3366 3389 3421; x_wconf 76' lang='lat' dir='ltr'><strong>aﬂirmat.</strong></span> 
     </span>
    </p>
   </div>
   <div class='ocr_carea' id='block_1_75' title="bbox 2124 3459 2924 3516">
    <p class='ocr_par' dir='ltr' id='par_1_75' title="bbox 2124 3459 2924 3516">
     <span class='ocr_line' id='line_1_75' title="bbox 2124 3459 2924 3516; baseline -0.009 6"><span class='ocrx_word' id='word_1_553' title='bbox 2124 3478 2133 3487; x_wconf 94' lang='lat'>&#39;</span> <span class='ocrx_word' id='word_1_554' title='bbox 2628 3462 2779 3516; x_wconf 81' lang='lat' dir='ltr'><strong>CAP.</strong></span> <span class='ocrx_word' id='word_1_555' title='bbox 2815 3459 2924 3515; x_wconf 81' lang='lat' dir='ltr'><strong>LV.</strong></span> 
     </span>
    </p>
   </div>
   <div class='ocr_carea' id='block_1_76' title="bbox 2016 3553 3536 3628">
    <p class='ocr_par' dir='ltr' id='par_1_76' title="bbox 2016 3553 3536 3628">
     <span class='ocr_line' id='line_1_76' title="bbox 2016 3553 3536 3628; baseline -0.005 -17"><span class='ocrx_word' id='word_1_556' title='bbox 2016 3556 2179 3628; x_wconf 77' lang='lat'><strong>623</strong></span> <span class='ocrx_word' id='word_1_557' title='bbox 2215 3556 2379 3612; x_wconf 72' lang='lat' dir='ltr'><strong>Vens.</strong></span> <span class='ocrx_word' id='word_1_558' title='bbox 2420 3555 2573 3609; x_wconf 79' lang='grc'>1-15.</span> <span class='ocrx_word' id='word_1_559' title='bbox 2603 3553 2706 3618; x_wconf 83' lang='lat' dir='ltr'><strong>Qui</strong></span> <span class='ocrx_word' id='word_1_560' title='bbox 2751 3555 2933 3619; x_wconf 79' lang='lat' dir='ltr'><strong>sititis,</strong></span> <span class='ocrx_word' id='word_1_561' title='bbox 2989 3555 3061 3608; x_wconf 85' lang='lat' dir='ltr'><strong>ite</strong></span> <span class='ocrx_word' id='word_1_562' title='bbox 3114 3553 3184 3606; x_wconf 86' lang='lat' dir='ltr'><strong>ad</strong></span> <span class='ocrx_word' id='word_1_563' title='bbox 3237 3567 3452 3621; x_wconf 81' lang='lat' dir='ltr'><strong>aquam,</strong></span> <span class='ocrx_word' id='word_1_564' title='bbox 3487 3559 3536 3606; x_wconf 85' lang='lat' dir='ltr'><strong>et</strong></span> 
     </span>
    </p>
   </div>
   <div class='ocr_carea' id='block_1_77' title="bbox 1947 3641 3538 3719">
    <p class='ocr_par' dir='ltr' id='par_1_77' title="bbox 1947 3641 3538 3719">
     <span class='ocr_line' id='line_1_77' title="bbox 1947 3641 3538 3719; baseline -0.003 -21"><span class='ocrx_word' id='word_1_565' title='bbox 1947 3657 2201 3719; x_wconf 76' lang='lat' dir='ltr'><strong>quotquot</strong></span> <span class='ocrx_word' id='word_1_566' title='bbox 2230 3664 2335 3702; x_wconf 81' lang='lat' dir='ltr'><strong>non</strong></span> <span class='ocrx_word' id='word_1_567' title='bbox 2369 3646 2574 3702; x_wconf 76' lang='lat' dir='ltr'><strong>habetis</strong></span> <span class='ocrx_word' id='word_1_568' title='bbox 2603 3655 2907 3716; x_wconf 77' lang='lat' dir='ltr'><strong>argentum,</strong></span> <span class='ocrx_word' id='word_1_569' title='bbox 2942 3655 3125 3699; x_wconf 81' lang='lat' dir='ltr'><strong>euntes</strong></span> <span class='ocrx_word' id='word_1_570' title='bbox 3163 3644 3340 3702; x_wconf 85' lang='lat' dir='ltr'><strong>emite.</strong></span> <span class='ocrx_word' id='word_1_571' title='bbox 3383 3655 3431 3697; x_wconf 86' lang='lat' dir='ltr'><strong>et</strong></span> <span class='ocrx_word' id='word_1_572' title='bbox 3456 3641 3538 3694; x_wconf 82' lang='lat' dir='ltr'><strong>bi-</strong></span> 
     </span>
    </p>
   </div>
   <div class='ocr_carea' id='block_1_78' title="bbox 1951 3733 3540 3810">
    <p class='ocr_par' dir='ltr' id='par_1_78' title="bbox 1951 3733 3540 3810">
     <span class='ocr_line' id='line_1_78' title="bbox 1951 3733 3540 3810; baseline -0.003 -18"><span class='ocrx_word' id='word_1_573' title='bbox 1951 3742 2052 3794; x_wconf 83' lang='lat' dir='ltr'><strong>bite</strong></span> <span class='ocrx_word' id='word_1_574' title='bbox 2089 3741 2285 3810; x_wconf 83' lang='lat' dir='ltr'><strong>absque</strong></span> <span class='ocrx_word' id='word_1_575' title='bbox 2308 3748 2526 3809; x_wconf 83' lang='lat' dir='ltr'><strong>argento</strong></span> <span class='ocrx_word' id='word_1_576' title='bbox 2545 3748 2592 3791; x_wconf 85' lang='lat' dir='ltr'><strong>et</strong></span> <span class='ocrx_word' id='word_1_577' title='bbox 2618 3738 2786 3808; x_wconf 83' lang='lat' dir='ltr'><strong>pretio</strong></span> <span class='ocrx_word' id='word_1_578' title='bbox 2810 3738 2993 3792; x_wconf 72' lang='lat' dir='ltr'><strong>uiuunt</strong></span> <span class='ocrx_word' id='word_1_579' title='bbox 3030 3748 3076 3790; x_wconf 86' lang='lat' dir='ltr'><strong>et</strong></span> <span class='ocrx_word' id='word_1_580' title='bbox 3103 3736 3335 3805; x_wconf 86' lang='lat' dir='ltr'><strong>adipem.</strong></span> <span class='ocrx_word' id='word_1_581' title='bbox 3359 3733 3540 3799; x_wconf 84' lang='lat' dir='ltr'><strong>Quare</strong></span> 
     </span>
    </p>
   </div>
   <div class='ocr_carea' id='block_1_79' title="bbox 1949 3828 3541 3903">
    <p class='ocr_par' dir='ltr' id='par_1_79' title="bbox 1949 3828 3541 3903">
     <span class='ocr_line' id='line_1_79' title="bbox 1949 3828 3541 3903; baseline -0.006 -15"><span class='ocrx_word' id='word_1_582' title='bbox 1949 3832 2244 3902; x_wconf 69' lang='lat' dir='ltr'><strong>expenditis</strong></span> <span class='ocrx_word' id='word_1_583' title='bbox 2286 3842 2561 3903; x_wconf 80' lang='lat' dir='ltr'><strong>argentum</strong></span> <span class='ocrx_word' id='word_1_584' title='bbox 2594 3847 2698 3884; x_wconf 86' lang='lat' dir='ltr'><strong>non</strong></span> <span class='ocrx_word' id='word_1_585' title='bbox 2723 3831 2775 3883; x_wconf 81' lang='lat' dir='ltr'><strong>in</strong></span> <span class='ocrx_word' id='word_1_586' title='bbox 2816 3829 3139 3896; x_wconf 81' lang='lat' dir='ltr'><strong>panibus,et</strong></span> <span class='ocrx_word' id='word_1_587' title='bbox 3178 3828 3412 3882; x_wconf 83' lang='lat' dir='ltr'><strong>laborem</strong></span> <span class='ocrx_word' id='word_1_588' title='bbox 3454 3842 3541 3879; x_wconf 73' lang='lat' dir='ltr'><strong>ee-</strong></span> 
     </span>
    </p>
   </div>
   <div class='ocr_carea' id='block_1_80' title="bbox 1953 3918 3539 3983">
    <p class='ocr_par' dir='ltr' id='par_1_80' title="bbox 1953 3918 3539 3983">
     <span class='ocr_line' id='line_1_80' title="bbox 1953 3918 3539 3983; baseline -0.006 -3"><span class='ocrx_word' id='word_1_589' title='bbox 1953 3935 2121 3980; x_wconf 83' lang='lat' dir='ltr'><strong>strum</strong></span> <span class='ocrx_word' id='word_1_590' title='bbox 2150 3941 2252 3981; x_wconf 86' lang='lat' dir='ltr'><strong>non</strong></span> <span class='ocrx_word' id='word_1_591' title='bbox 2278 3925 2332 3978; x_wconf 84' lang='lat' dir='ltr'><strong>in</strong></span> <span class='ocrx_word' id='word_1_592' title='bbox 2353 3923 2640 3979; x_wconf 79' lang='lat' dir='ltr'><strong>saturitate</strong></span> <span class='ocrx_word' id='word_1_593' title='bbox 2655 3923 2681 3976; x_wconf 86' lang='lat'><strong><em>?</em></strong></span> <span class='ocrx_word' id='word_1_594' title='bbox 2712 3921 2907 3975; x_wconf 83' lang='lat' dir='ltr'><strong>Audite</strong></span> <span class='ocrx_word' id='word_1_595' title='bbox 2932 3938 3012 3975; x_wconf 82' lang='lat' dir='ltr'><strong>me</strong></span> <span class='ocrx_word' id='word_1_596' title='bbox 3028 3932 3076 3975; x_wconf 84' lang='lat' dir='ltr'><strong>et</strong></span> <span class='ocrx_word' id='word_1_597' title='bbox 3104 3920 3362 3975; x_wconf 77' lang='lat' dir='ltr'><strong>comedite</strong></span> <span class='ocrx_word' id='word_1_598' title='bbox 3379 3918 3539 3983; x_wconf 82' lang='lat' dir='ltr'><strong>bona,</strong></span> 
     </span>
    </p>
   </div>
   <div class='ocr_carea' id='block_1_81' title="bbox 1954 4016 3185 4079">
    <p class='ocr_par' dir='ltr' id='par_1_81' title="bbox 1954 4016 3185 4079">
     <span class='ocr_line' id='line_1_81' title="bbox 1954 4016 3185 4079; baseline -0.004 -5"><span class='ocrx_word' id='word_1_599' title='bbox 1954 4032 1999 4074; x_wconf 83' lang='lat' dir='ltr'><strong>et</strong></span> <span class='ocrx_word' id='word_1_600' title='bbox 2025 4017 2433 4072; x_wconf 81' lang='lat' dir='ltr'><strong>deliciabituriu</strong></span> <span class='ocrx_word' id='word_1_601' title='bbox 2457 4016 2611 4070; x_wconf 80' lang='lat' dir='ltr'><strong>bonis</strong></span> <span class='ocrx_word' id='word_1_602' title='bbox 2637 4018 2819 4069; x_wconf 84' lang='lat' dir='ltr'><strong>anima</strong></span> <span class='ocrx_word' id='word_1_603' title='bbox 2851 4026 3046 4079; x_wconf 65' lang='lat' dir='ltr'><strong>vestra,</strong></span> <span class='ocrx_word' id='word_1_604' title='bbox 3078 4025 3185 4069; x_wconf 88' lang='lat' dir='ltr'><strong>elc.</strong></span> 
     </span>
    </p>
   </div>
   <div class='ocr_carea' id='block_1_82' title="bbox 2028 4192 3542 4266">
    <p class='ocr_par' dir='ltr' id='par_1_82' title="bbox 2028 4192 3542 4266">
     <span class='ocr_line' id='line_1_82' title="bbox 2028 4192 3542 4266; baseline -0.003 -17"><span class='ocrx_word' id='word_1_605' title='bbox 2028 4192 2194 4266; x_wconf 66' lang='grc'><strong>624</strong></span> <span class='ocrx_word' id='word_1_606' title='bbox 2222 4193 2427 4250; x_wconf 87' lang='lat' dir='ltr'><strong>Omnes</strong></span> <span class='ocrx_word' id='word_1_607' title='bbox 2482 4193 2751 4249; x_wconf 82' lang='lat' dir='ltr'><strong>invitabat</strong></span> <span class='ocrx_word' id='word_1_608' title='bbox 2781 4193 3060 4258; x_wconf 82' lang='lat' dir='ltr'><strong>Christus,</strong></span> <span class='ocrx_word' id='word_1_609' title='bbox 3105 4208 3230 4248; x_wconf 86' lang='lat' dir='ltr'><strong>cum</strong></span> <span class='ocrx_word' id='word_1_610' title='bbox 3275 4192 3493 4247; x_wconf 87' lang='lat' dir='ltr'><strong>diceret</strong></span> <span class='ocrx_word' id='word_1_611' title='bbox 3528 4208 3542 4244; x_wconf 86' lang='lat'><strong>:</strong></span> 
     </span>
    </p>
   </div>
   <div class='ocr_carea' id='block_1_83' title="bbox 1966 4280 3547 4357">
    <p class='ocr_par' dir='ltr' id='par_1_83' title="bbox 1966 4280 3547 4357">
     <span class='ocr_line' id='line_1_83' title="bbox 1966 4280 3547 4357; baseline -0.003 -21"><span class='ocrx_word' id='word_1_612' title='bbox 1966 4302 1985 4336; x_wconf 82' lang='grc' dir='ltr'><strong>ι</strong></span> <span class='ocrx_word' id='word_1_613' title='bbox 2028 4285 2084 4339; x_wconf 86' lang='lat' dir='ltr'><strong>Si</strong></span> <span class='ocrx_word' id='word_1_614' title='bbox 2125 4283 2250 4353; x_wconf 85' lang='lat' dir='ltr'><strong>quis</strong></span> <span class='ocrx_word' id='word_1_615' title='bbox 2293 4283 2429 4347; x_wconf 80' lang='lat' dir='ltr'><strong>sitit,</strong></span> <span class='ocrx_word' id='word_1_616' title='bbox 2470 4282 2653 4336; x_wconf 86' lang='lat' dir='ltr'><strong>veniat</strong></span> <span class='ocrx_word' id='word_1_617' title='bbox 2704 4282 2773 4337; x_wconf 89' lang='lat' dir='ltr'><strong>ad</strong></span> <span class='ocrx_word' id='word_1_618' title='bbox 2820 4297 2953 4357; x_wconf 74' lang='lat' dir='ltr'><strong>me;</strong></span> <span class='ocrx_word' id='word_1_619' title='bbox 2987 4281 3213 4336; x_wconf 84' lang='lat' dir='ltr'><strong>ﬂumina</strong></span> <span class='ocrx_word' id='word_1_620' title='bbox 3241 4280 3308 4336; x_wconf 89' lang='lat' dir='ltr'><strong>de</strong></span> <span class='ocrx_word' id='word_1_621' title='bbox 3352 4290 3547 4341; x_wconf 78' lang='lat' dir='ltr'><strong>ventre</strong></span> 
     </span>
    </p>
   </div>
   <div class='ocr_carea' id='block_1_84' title="bbox 1961 4372 3545 4447">
    <p class='ocr_par' dir='ltr' id='par_1_84' title="bbox 1961 4372 3545 4447">
     <span class='ocr_line' id='line_1_84' title="bbox 1961 4372 3545 4447; baseline -0.006 -15"><span class='ocrx_word' id='word_1_622' title='bbox 1961 4379 2081 4447; x_wconf 85' lang='lat' dir='ltr'><strong>ejus</strong></span> <span class='ocrx_word' id='word_1_623' title='bbox 2110 4375 2284 4432; x_wconf 85' lang='lat' dir='ltr'><strong>ﬂuent</strong></span> <span class='ocrx_word' id='word_1_624' title='bbox 2316 4375 2368 4407; x_wconf 77' lang='grc'><strong>⁸⁷</strong></span> <span class='ocrx_word' id='word_1_625' title='bbox 2398 4392 2413 4441; x_wconf 89' lang='grc'><strong>;</strong></span> <span class='ocrx_word' id='word_1_626' title='bbox 2460 4393 2489 4426; x_wconf 81' lang='lat' dir='ltr'><strong>s.</strong></span> <span class='ocrx_word' id='word_1_627' title='bbox 2521 4373 2724 4444; x_wconf 89' lang='lat' dir='ltr'><strong>quibus</strong></span> <span class='ocrx_word' id='word_1_628' title='bbox 2756 4373 2942 4430; x_wconf 84' lang='lat' dir='ltr'><strong>verbis</strong></span> <span class='ocrx_word' id='word_1_629' title='bbox 2979 4372 3247 4443; x_wconf 86' lang='lat' dir='ltr'><strong>Spiritum</strong></span> <span class='ocrx_word' id='word_1_630' title='bbox 3286 4380 3545 4426; x_wconf 86' lang='lat' dir='ltr'><strong>sanctum</strong></span> 
     </span>
    </p>
   </div>
   <div class='ocr_carea' id='block_1_85' title="bbox 269 4462 1840 4549">
    <p class='ocr_par' dir='ltr' id='par_1_85' title="bbox 269 4469 1840 4549">
     <span class='ocr_line' id='line_1_85' title="bbox 269 4469 1840 4549; baseline 0.002 -24"><span class='ocrx_word' id='word_1_631' title='bbox 269 4472 379 4527; x_wconf 70' lang='grc' dir='ltr'><strong>Καὶ</strong></span> <span class='ocrx_word' id='word_1_632' title='bbox 407 4471 551 4545; x_wconf 74' lang='grc' dir='ltr'>πρὸς</span> <span class='ocrx_word' id='word_1_633' title='bbox 591 4470 693 4544; x_wconf 80' lang='grc' dir='ltr'>τὴν</span> <span class='ocrx_word' id='word_1_634' title='bbox 723 4471 1056 4540; x_wconf 78' lang='grc' dir='ltr'>Σαμαρεῖτιν</span> <span class='ocrx_word' id='word_1_635' title='bbox 1085 4469 1138 4522; x_wconf 82' lang='grc' dir='ltr'>δέ</span> <span class='ocrx_word' id='word_1_636' title='bbox 1156 4486 1321 4540; x_wconf 88' lang='grc' dir='ltr'>φησιν</span> <span class='ocrx_word' id='word_1_637' title='bbox 1344 4485 1360 4501; x_wconf 77' lang='grc' dir='ltr'><strong>ο</strong></span> <span class='ocrx_word' id='word_1_638' title='bbox 1396 4488 1416 4522; x_wconf 79' lang='grc' dir='ltr'><strong>ι</strong></span> <span class='ocrx_word' id='word_1_639' title='bbox 1463 4472 1559 4534; x_wconf 89' lang='grc' dir='ltr'>Ὃς</span> <span class='ocrx_word' id='word_1_640' title='bbox 1589 4472 1634 4526; x_wconf 87' lang='grc' dir='ltr'>δ’</span> <span class='ocrx_word' id='word_1_641' title='bbox 1664 4473 1731 4527; x_wconf 83' lang='grc' dir='ltr'>ἂν</span> <span class='ocrx_word' id='word_1_642' title='bbox 1753 4476 1840 4549; x_wconf 71' lang='grc' dir='ltr'>πίῖ</span> 
     </span>
    </p>
   </div>
   <div class='ocr_carea' id='block_1_86' title="bbox 1945 4462 3548 4549">
    <p class='ocr_par' dir='ltr' id='par_1_86' title="bbox 1963 4462 3548 4539">
     <span class='ocr_line' id='line_1_86' title="bbox 1963 4462 3548 4539; baseline -0.005 -15"><span class='ocrx_word' id='word_1_643' title='bbox 1963 4466 2313 4539; x_wconf 72' lang='lat' dir='ltr'><strong>signiﬁcavit.</strong></span> <span class='ocrx_word' id='word_1_644' title='bbox 2363 4463 2462 4520; x_wconf 86' lang='lat' dir='ltr'><strong>Est</strong></span> <span class='ocrx_word' id='word_1_645' title='bbox 2491 4462 2692 4520; x_wconf 87' lang='lat' dir='ltr'><strong>deinde</strong></span> <span class='ocrx_word' id='word_1_646' title='bbox 2730 4472 2785 4519; x_wconf 90' lang='lat' dir='ltr'><strong>et</strong></span> <span class='ocrx_word' id='word_1_647' title='bbox 2828 4462 3217 4518; x_wconf 87' lang='lat' dir='ltr'><strong>Samaritidem</strong></span> <span class='ocrx_word' id='word_1_648' title='bbox 3269 4462 3548 4516; x_wconf 76' lang='lat' dir='ltr'><strong>allocutus</strong></span> 
     </span>
    </p>
   </div>
   <div class='ocr_carea' id='block_1_87' title="bbox 268 4556 1859 4640">
    <p class='ocr_par' dir='ltr' id='par_1_87' title="bbox 268 4556 1859 4640">
     <span class='ocr_line' id='line_1_87' title="bbox 268 4556 1859 4640; baseline 0.002 -21"><span class='ocrx_word' id='word_1_649' title='bbox 268 4566 332 4618; x_wconf 78' lang='grc' dir='ltr'>ἐκ</span> <span class='ocrx_word' id='word_1_650' title='bbox 362 4563 457 4619; x_wconf 89' lang='grc' dir='ltr'><strong>τοῦ</strong></span> <span class='ocrx_word' id='word_1_651' title='bbox 487 4563 704 4628; x_wconf 76' lang='grc' dir='ltr'>ὓδατος,</span> <span class='ocrx_word' id='word_1_652' title='bbox 743 4556 804 4616; x_wconf 81' lang='grc' dir='ltr'><strong>οῦ</strong></span> <span class='ocrx_word' id='word_1_653' title='bbox 832 4562 942 4631; x_wconf 80' lang='grc' dir='ltr'>ἐγὼ</span> <span class='ocrx_word' id='word_1_654' title='bbox 964 4560 1121 4615; x_wconf 86' lang='grc' dir='ltr'>δώσω</span> <span class='ocrx_word' id='word_1_655' title='bbox 1178 4561 1352 4633; x_wconf 84' lang='grc' dir='ltr'>αὐτῷ,</span> <span class='ocrx_word' id='word_1_656' title='bbox 1382 4564 1620 4635; x_wconf 74' lang='grc' dir='ltr'>ποταμοὶ</span> <span class='ocrx_word' id='word_1_657' title='bbox 1663 4567 1726 4619; x_wconf 80' lang='grc' dir='ltr'>ἐκ</span> <span class='ocrx_word' id='word_1_658' title='bbox 1760 4568 1859 4640; x_wconf 78' lang='grc' dir='ltr'>τῆς</span> 
     </span>
    </p>
   </div>
   <div class='ocr_carea' id='block_1_88' title="bbox 270 4652 1859 4730">
    <p class='ocr_par' dir='ltr' id='par_1_88' title="bbox 270 4652 1859 4730">
     <span class='ocr_line' id='line_1_88' title="bbox 270 4652 1859 4730; baseline 0.002 -21"><span class='ocrx_word' id='word_1_659' title='bbox 270 4657 477 4721; x_wconf 84' lang='grc' dir='ltr'>κοιλίας</span> <span class='ocrx_word' id='word_1_660' title='bbox 508 4655 677 4710; x_wconf 84' lang='grc' dir='ltr'>αὐτοῦ</span> <span class='ocrx_word' id='word_1_661' title='bbox 710 4655 998 4727; x_wconf 81' lang='grc' dir='ltr'>ῥεύσουσιν</span> <span class='ocrx_word' id='word_1_662' title='bbox 1043 4653 1237 4716; x_wconf 72' lang='grc' dir='ltr'>ὓδατος</span> <span class='ocrx_word' id='word_1_663' title='bbox 1270 4652 1494 4719; x_wconf 72' lang='grc' dir='ltr'>ζῶντος.</span> <span class='ocrx_word' id='word_1_664' title='bbox 1534 4675 1552 4708; x_wconf 79' lang='grc' dir='ltr'><strong>ι</strong></span> <span class='ocrx_word' id='word_1_665' title='bbox 1597 4658 1735 4730; x_wconf 75' lang='grc' dir='ltr'>Περὶ</span> <span class='ocrx_word' id='word_1_666' title='bbox 1754 4661 1859 4715; x_wconf 87' lang='grc' dir='ltr'><strong>αὐ-</strong></span> 
     </span>
    </p>
   </div>
   <div class='ocr_carea' id='block_1_89' title="bbox 268 4745 1862 4825">
    <p class='ocr_par' dir='ltr' id='par_1_89' title="bbox 268 4745 1862 4825">
     <span class='ocr_line' id='line_1_89' title="bbox 268 4745 1862 4825; baseline 0.001 -24"><span class='ocrx_word' id='word_1_667' title='bbox 268 4747 363 4801; x_wconf 84' lang='grc' dir='ltr'><strong>τοῦ</strong></span> <span class='ocrx_word' id='word_1_668' title='bbox 383 4749 441 4803; x_wconf 85' lang='grc' dir='ltr'><strong>δέ</strong></span> <span class='ocrx_word' id='word_1_669' title='bbox 475 4747 571 4802; x_wconf 89' lang='grc' dir='ltr'><strong>τοῦ</strong></span> <span class='ocrx_word' id='word_1_670' title='bbox 597 4745 833 4819; x_wconf 80' lang='grc' dir='ltr'>Χριστοῦ</span> <span class='ocrx_word' id='word_1_671' title='bbox 880 4745 1045 4801; x_wconf 77' lang='grc' dir='ltr'>Δαϐὶδ</span> <span class='ocrx_word' id='word_1_672' title='bbox 1078 4745 1230 4815; x_wconf 73' lang='grc' dir='ltr'>ἔλεγε</span> <span class='ocrx_word' id='word_1_673' title='bbox 1257 4761 1271 4775; x_wconf 81' lang='grc'><em>’</em></span> <span class='ocrx_word' id='word_1_674' title='bbox 1316 4766 1333 4797; x_wconf 80' lang='grc' dir='ltr'><strong>ι</strong></span> <span class='ocrx_word' id='word_1_675' title='bbox 1373 4747 1481 4801; x_wconf 70' lang='grc' dir='ltr'><strong>Καὶ</strong></span> <span class='ocrx_word' id='word_1_676' title='bbox 1510 4747 1601 4803; x_wconf 75' lang='grc' dir='ltr'>τὸν</span> <span class='ocrx_word' id='word_1_677' title='bbox 1628 4753 1862 4825; x_wconf 73' lang='grc' dir='ltr'>χειμάρη</span> 
     </span>
    </p>
   </div>
   <div class='ocr_carea' id='block_1_90' title="bbox 234 4836 1861 4925">
    <p class='ocr_par' dir='ltr' id='par_1_90' title="bbox 234 4836 1861 4925">
     <span class='ocr_line' id='line_1_90' title="bbox 234 4836 1861 4925; baseline 0.004 -33"><span class='ocrx_word' id='word_1_678' title='bbox 234 4908 249 4925; x_wconf 54' lang='grc'><strong>.</strong></span> <span class='ocrx_word' id='word_1_679' title='bbox 275 4840 401 4909; x_wconf 77' lang='grc' dir='ltr'><strong>ρουν</strong></span> <span class='ocrx_word' id='word_1_680' title='bbox 426 4842 530 4912; x_wconf 83' lang='grc' dir='ltr'>τῆς</span> <span class='ocrx_word' id='word_1_681' title='bbox 559 4841 772 4911; x_wconf 81' lang='grc' dir='ltr'>τρυφῆς</span> <span class='ocrx_word' id='word_1_682' title='bbox 829 4855 924 4891; x_wconf 87' lang='grc' dir='ltr'><strong>σου</strong></span> <span class='ocrx_word' id='word_1_683' title='bbox 960 4840 1167 4900; x_wconf 81' lang='grc' dir='ltr'>ποτιεῖς</span> <span class='ocrx_word' id='word_1_684' title='bbox 1223 4836 1443 4904; x_wconf 83' lang='grc' dir='ltr'>αὐτοὺς,</span> <span class='ocrx_word' id='word_1_685' title='bbox 1482 4839 1563 4893; x_wconf 83' lang='grc' dir='ltr'>ὅτι</span> <span class='ocrx_word' id='word_1_686' title='bbox 1591 4842 1742 4914; x_wconf 82' lang='grc' dir='ltr'>παρὰ</span> <span class='ocrx_word' id='word_1_687' title='bbox 1776 4845 1861 4898; x_wconf 66' lang='grc' dir='ltr'><strong>σο)⁸</strong></span> 
     </span>
    </p>
   </div>
   <div class='ocr_carea' id='block_1_91' title="bbox 276 4928 1862 5023">
    <p class='ocr_par' dir='ltr' id='par_1_91' title="bbox 276 4928 1862 5023">
     <span class='ocr_line' id='line_1_91' title="bbox 276 4928 1862 5023; baseline 0.001 -37"><span class='ocrx_word' id='word_1_688' title='bbox 276 4931 426 5023; x_wconf 48' lang='grc' dir='ltr'><strong>⁸πηγὴ</strong></span> <span class='ocrx_word' id='word_1_689' title='bbox 447 4931 615 4997; x_wconf 82' lang='grc' dir='ltr'>ζωῆς.</span> <span class='ocrx_word' id='word_1_690' title='bbox 652 4948 671 4982; x_wconf 72' lang='grc' dir='ltr'><strong>ι</strong></span> <span class='ocrx_word' id='word_1_691' title='bbox 709 4929 818 4984; x_wconf 75' lang='grc' dir='ltr'><strong>Καὶ</strong></span> <span class='ocrx_word' id='word_1_692' title='bbox 856 4929 1049 4983; x_wconf 83' lang='grc' dir='ltr'>πάλιν·</span> <span class='ocrx_word' id='word_1_693' title='bbox 1084 4947 1102 4980; x_wconf 84' lang='grc' dir='ltr'><strong>ι</strong></span> <span class='ocrx_word' id='word_1_694' title='bbox 1138 4928 1244 4982; x_wconf 85' lang='grc' dir='ltr'>Τοῦ</span> <span class='ocrx_word' id='word_1_695' title='bbox 1291 4930 1541 5000; x_wconf 85' lang='grc' dir='ltr'>ποταμοῦ</span> <span class='ocrx_word' id='word_1_696' title='bbox 1587 4934 1657 4988; x_wconf 81' lang='grc' dir='ltr'>τὰ</span> <span class='ocrx_word' id='word_1_697' title='bbox 1685 4937 1862 5007; x_wconf 80' lang='grc' dir='ltr'>ὁρμή-</span> 
     </span>
    </p>
   </div>
   <div class='ocr_carea' id='block_1_92' title="bbox 281 5019 1862 5092">
    <p class='ocr_par' dir='ltr' id='par_1_92' title="bbox 281 5019 1862 5092">
     <span class='ocr_line' id='line_1_92' title="bbox 281 5019 1862 5092; baseline 0.002 -15"><span class='ocrx_word' id='word_1_698' title='bbox 281 5019 427 5091; x_wconf 68' lang='lat' dir='ltr'><strong>itam</strong></span> <span class='ocrx_word' id='word_1_699' title='bbox 460 5020 815 5092; x_wconf 79' lang='grc' dir='ltr'>εὐφραίνουσι</span> <span class='ocrx_word' id='word_1_700' title='bbox 858 5021 958 5092; x_wconf 84' lang='grc' dir='ltr'>τὴν</span> <span class='ocrx_word' id='word_1_701' title='bbox 1009 5020 1164 5073; x_wconf 83' lang='grc' dir='ltr'>πόλιν</span> <span class='ocrx_word' id='word_1_702' title='bbox 1207 5019 1304 5073; x_wconf 89' lang='grc' dir='ltr'><strong>τοῦ</strong></span> <span class='ocrx_word' id='word_1_703' title='bbox 1350 5021 1508 5078; x_wconf 85' lang='grc' dir='ltr'>Θεοῦ.</span> <span class='ocrx_word' id='word_1_704' title='bbox 1550 5043 1569 5077; x_wconf 74' lang='grc' dir='ltr'><strong>ι</strong></span> <span class='ocrx_word' id='word_1_705' title='bbox 1598 5026 1772 5090; x_wconf 76' lang='grc' dir='ltr'>Αὐτὸς</span> <span class='ocrx_word' id='word_1_706' title='bbox 1802 5027 1862 5080; x_wconf 80' lang='grc' dir='ltr'>δὲ</span> 
     </span>
    </p>
   </div>
   <div class='ocr_carea' id='block_1_93' title="bbox 280 5111 1861 5185">
    <p class='ocr_par' dir='ltr' id='par_1_93' title="bbox 280 5111 1861 5185">
     <span class='ocr_line' id='line_1_93' title="bbox 280 5111 1861 5185; baseline 0.005 -19"><span class='ocrx_word' id='word_1_707' title='bbox 280 5111 467 5184; x_wconf 67' lang='grc' dir='ltr'>ἔλεγεν</span> <span class='ocrx_word' id='word_1_708' title='bbox 497 5118 553 5167; x_wconf 75' lang='grc' dir='ltr'><strong>ἐν</strong></span> <span class='ocrx_word' id='word_1_709' title='bbox 582 5115 894 5185; x_wconf 87' lang='grc' dir='ltr'>προφήταις</span> <span class='ocrx_word' id='word_1_710' title='bbox 921 5111 1159 5184; x_wconf 81' lang='grc' dir='ltr'>Χριστός</span> <span class='ocrx_word' id='word_1_711' title='bbox 1179 5127 1193 5141; x_wconf 76' lang='grc'><strong>⁸</strong></span> <span class='ocrx_word' id='word_1_712' title='bbox 1234 5131 1253 5164; x_wconf 77' lang='grc' dir='ltr'><strong>ι</strong></span> <span class='ocrx_word' id='word_1_713' title='bbox 1303 5113 1434 5168; x_wconf 79' lang='grc' dir='ltr'>Ἰδοὺ</span> <span class='ocrx_word' id='word_1_714' title='bbox 1472 5114 1584 5184; x_wconf 85' lang='grc' dir='ltr'><strong>ἐγὼ</strong></span> <span class='ocrx_word' id='word_1_715' title='bbox 1625 5120 1861 5174; x_wconf 83' lang='grc' dir='ltr'>ἐκκλίνω</span> 
     </span>
    </p>
   </div>
   <div class='ocr_carea' id='block_1_94' title="bbox 281 5204 1864 5278">
    <p class='ocr_par' dir='ltr' id='par_1_94' title="bbox 281 5204 1864 5278">
     <span class='ocr_line' id='line_1_94' title="bbox 281 5204 1864 5278; baseline 0.004 -18"><span class='ocrx_word' id='word_1_716' title='bbox 281 5207 366 5260; x_wconf 78' lang='grc' dir='ltr'>ἐπ’</span> <span class='ocrx_word' id='word_1_717' title='bbox 394 5207 596 5273; x_wconf 81' lang='grc' dir='ltr'>αὐτοὺς</span> <span class='ocrx_word' id='word_1_718' title='bbox 622 5206 700 5271; x_wconf 81' lang='grc' dir='ltr'><strong>ὡς</strong></span> <span class='ocrx_word' id='word_1_719' title='bbox 722 5204 967 5277; x_wconf 75' lang='grc' dir='ltr'>ποταμὸς</span> <span class='ocrx_word' id='word_1_720' title='bbox 995 5204 1218 5276; x_wconf 82' lang='grc' dir='ltr'>εἰρήνης</span> <span class='ocrx_word' id='word_1_721' title='bbox 1240 5222 1253 5235; x_wconf 80' lang='grc'><em>’</em></span> <span class='ocrx_word' id='word_1_722' title='bbox 1294 5224 1313 5256; x_wconf 75' lang='grc' dir='ltr'><strong>ι</strong></span> <span class='ocrx_word' id='word_1_723' title='bbox 1357 5208 1494 5278; x_wconf 74' lang='grc' dir='ltr'>φησὶ</span> <span class='ocrx_word' id='word_1_724' title='bbox 1524 5208 1582 5262; x_wconf 84' lang='grc' dir='ltr'>δὲ</span> <span class='ocrx_word' id='word_1_725' title='bbox 1615 5211 1707 5265; x_wconf 64' lang='grc' dir='ltr'><strong>καὶ⁸</strong></span> <span class='ocrx_word' id='word_1_726' title='bbox 1755 5214 1864 5266; x_wconf 73' lang='grc' dir='ltr'><strong>Ζα-</strong></span> 
     </span>
    </p>
   </div>
   <div class='ocr_carea' id='block_1_95' title="bbox 283 5293 1865 5373">
    <p class='ocr_par' dir='ltr' id='par_1_95' title="bbox 283 5293 1865 5373">
     <span class='ocr_line' id='line_1_95' title="bbox 283 5293 1865 5373; baseline 0.004 -22"><span class='ocrx_word' id='word_1_727' title='bbox 283 5297 479 5369; x_wconf 82' lang='grc' dir='ltr'>χαρίας</span> <span class='ocrx_word' id='word_1_728' title='bbox 509 5308 561 5367; x_wconf 70' lang='grc' dir='ltr'>η,</span> <span class='ocrx_word' id='word_1_729' title='bbox 591 5298 675 5352; x_wconf 83' lang='grc' dir='ltr'><strong>δτι</strong></span> <span class='ocrx_word' id='word_1_730' title='bbox 710 5316 731 5350; x_wconf 71' lang='grc' dir='ltr'><strong>ι</strong></span> <span class='ocrx_word' id='word_1_731' title='bbox 766 5297 927 5370; x_wconf 85' lang='grc' dir='ltr'>Πηγὴ</span> <span class='ocrx_word' id='word_1_732' title='bbox 958 5298 1025 5351; x_wconf 87' lang='grc' dir='ltr'>ἐκ</span> <span class='ocrx_word' id='word_1_733' title='bbox 1075 5293 1170 5348; x_wconf 88' lang='grc' dir='ltr'><strong>τοῦ</strong></span> <span class='ocrx_word' id='word_1_734' title='bbox 1212 5296 1362 5351; x_wconf 73' lang='grc' dir='ltr'>οἴκου</span> <span class='ocrx_word' id='word_1_735' title='bbox 1415 5300 1623 5373; x_wconf 84' lang='grc' dir='ltr'>Κυρίου</span> <span class='ocrx_word' id='word_1_736' title='bbox 1651 5303 1865 5371; x_wconf 78' lang='grc' dir='ltr'>ἐξελεύ-</span> 
     </span>
    </p>
   </div>
   <div class='ocr_carea' id='block_1_96' title="bbox 286 5389 1858 5464">
    <p class='ocr_par' dir='ltr' id='par_1_96' title="bbox 286 5389 1858 5464">
     <span class='ocr_line' id='line_1_96' title="bbox 286 5389 1858 5464; baseline 0.002 -17"><span class='ocrx_word' id='word_1_737' title='bbox 286 5394 582 5458; x_wconf 70' lang='grc' dir='ltr'>σεται,κα“ι</span> <span class='ocrx_word' id='word_1_738' title='bbox 615 5396 795 5449; x_wconf 86' lang='grc' dir='ltr'>ποτιεί</span> <span class='ocrx_word' id='word_1_739' title='bbox 840 5393 932 5448; x_wconf 75' lang='grc' dir='ltr'>τὸν</span> <span class='ocrx_word' id='word_1_740' title='bbox 968 5389 1308 5464; x_wconf 71' lang='grc' dir='ltr'>χειμάρρουν</span> <span class='ocrx_word' id='word_1_741' title='bbox 1361 5390 1470 5445; x_wconf 85' lang='grc' dir='ltr'><strong>τῶν</strong></span> <span class='ocrx_word' id='word_1_742' title='bbox 1521 5393 1793 5463; x_wconf 77' lang='grc' dir='ltr'>σχοινίων.</span> <span class='ocrx_word' id='word_1_743' title='bbox 1840 5415 1858 5449; x_wconf 78' lang='grc' dir='ltr'><strong>ι</strong></span> 
     </span>
    </p>
   </div>
   <div class='ocr_carea' id='block_1_97' title="bbox 357 5507 941 5580">
    <p class='ocr_par' dir='ltr' id='par_1_97' title="bbox 357 5507 941 5580">
     <span class='ocr_line' id='line_1_97' title="bbox 357 5507 941 5580; baseline 0 -16"><span class='ocrx_word' id='word_1_744' title='bbox 357 5507 590 5567; x_wconf 77' lang='lat' dir='ltr'><strong>“Josue</strong></span> <span class='ocrx_word' id='word_1_745' title='bbox 619 5527 693 5573; x_wconf 78' lang='lat' dir='ltr'><strong>vr,</strong></span> <span class='ocrx_word' id='word_1_746' title='bbox 727 5509 750 5563; x_wconf 76' lang='grc' dir='ltr'><strong>ί</strong></span> <span class='ocrx_word' id='word_1_747' title='bbox 787 5526 941 5580; x_wconf 84' lang='lat' dir='ltr'><strong>seqq.</strong></span> 
     </span>
    </p>
   </div>
   <div class='ocr_carea' id='block_1_98' title="bbox 287 5579 1039 5647">
    <p class='ocr_par' dir='ltr' id='par_1_98' title="bbox 287 5579 1039 5647">
     <span class='ocr_line' id='line_1_98' title="bbox 287 5579 1039 5647; baseline 0 -13"><span class='ocrx_word' id='word_1_748' title='bbox 287 5591 435 5640; x_wconf 70' lang='lat' dir='ltr'><strong>nvi.</strong></span> <span class='ocrx_word' id='word_1_749' title='bbox 466 5580 553 5636; x_wconf 75' lang='grc'><strong>12.</strong></span> <span class='ocrx_word' id='word_1_750' title='bbox 631 5583 676 5613; x_wconf 78' lang='grc'><strong>’⁸</strong></span> <span class='ocrx_word' id='word_1_751' title='bbox 706 5580 823 5637; x_wconf 84' lang='lat' dir='ltr'><strong>Joel</strong></span> <span class='ocrx_word' id='word_1_752' title='bbox 858 5579 1039 5647; x_wconf 79' lang='lat' dir='ltr'><strong>ut,18.</strong></span> 
     </span>
    </p>
   </div>
   <div class='ocr_carea' id='block_1_99' title="bbox 362 5769 1405 5845">
    <p class='ocr_par' dir='ltr' id='par_1_99' title="bbox 362 5769 1405 5845">
     <span class='ocr_line' id='line_1_99' title="bbox 362 5769 1405 5845; baseline 0.004 -22"><span class='ocrx_word' id='word_1_753' title='bbox 362 5775 404 5807; x_wconf 82' lang='grc' dir='ltr'>ιι</span> <span class='ocrx_word' id='word_1_754' title='bbox 438 5769 524 5826; x_wconf 78' lang='lat' dir='ltr'><strong>la.</strong></span> <span class='ocrx_word' id='word_1_755' title='bbox 559 5770 695 5826; x_wconf 79' lang='grc' dir='ltr'>ἀλλὰ</span> <span class='ocrx_word' id='word_1_756' title='bbox 736 5773 827 5827; x_wconf 68' lang='grc' dir='ltr'>καὶ</span> <span class='ocrx_word' id='word_1_757' title='bbox 854 5773 940 5844; x_wconf 71' lang='grc' dir='ltr'><strong>τῇ.</strong></span> <span class='ocrx_word' id='word_1_758' title='bbox 1030 5778 1058 5807; x_wconf 77' lang='grc' dir='ltr'><strong>ιι</strong></span> <span class='ocrx_word' id='word_1_759' title='bbox 1096 5788 1184 5842; x_wconf 78' lang='grc' dir='ltr'>γρ.</span> <span class='ocrx_word' id='word_1_760' title='bbox 1228 5770 1405 5845; x_wconf 83' lang='grc' dir='ltr'>Ίὼηλ.</span> 
     </span>
    </p>
   </div>
   <div class='ocr_carea' id='block_1_100' title="bbox 1963 4551 3548 4625">
    <p class='ocr_par' dir='ltr' id='par_1_100' title="bbox 1963 4551 3548 4625">
     <span class='ocr_line' id='line_1_100' title="bbox 1963 4551 3548 4625; baseline -0.008 -9"><span class='ocrx_word' id='word_1_761' title='bbox 1963 4562 2052 4616; x_wconf 89' lang='lat' dir='ltr'><strong>his</strong></span> <span class='ocrx_word' id='word_1_762' title='bbox 2079 4559 2260 4614; x_wconf 85' lang='lat' dir='ltr'><strong>verbis</strong></span> <span class='ocrx_word' id='word_1_763' title='bbox 2296 4576 2308 4612; x_wconf 94' lang='lat'>:</span> <span class='ocrx_word' id='word_1_764' title='bbox 2350 4575 2364 4608; x_wconf 84' lang='grc' dir='ltr'><strong>ι</strong></span> <span class='ocrx_word' id='word_1_765' title='bbox 2407 4555 2509 4623; x_wconf 84' lang='lat' dir='ltr'><strong>Qui</strong></span> <span class='ocrx_word' id='word_1_766' title='bbox 2538 4555 2743 4612; x_wconf 84' lang='lat' dir='ltr'><strong>biberit</strong></span> <span class='ocrx_word' id='word_1_767' title='bbox 2775 4570 2999 4625; x_wconf 87' lang='lat' dir='ltr'><strong>aquam,</strong></span> <span class='ocrx_word' id='word_1_768' title='bbox 3031 4570 3195 4625; x_wconf 80' lang='lat' dir='ltr'><strong>quam</strong></span> <span class='ocrx_word' id='word_1_769' title='bbox 3243 4567 3345 4623; x_wconf 77' lang='lat' dir='ltr'><strong>ego</strong></span> <span class='ocrx_word' id='word_1_770' title='bbox 3381 4551 3548 4618; x_wconf 82' lang='lat' dir='ltr'><strong>dabo,</strong></span> 
     </span>
    </p>
   </div>
   <div class='ocr_carea' id='block_1_101' title="bbox 1961 4639 3545 4717">
    <p class='ocr_par' dir='ltr' id='par_1_101' title="bbox 1961 4639 3545 4717">
     <span class='ocr_line' id='line_1_101' title="bbox 1961 4639 3545 4717; baseline -0.01 -9"><span class='ocrx_word' id='word_1_771' title='bbox 1961 4650 2189 4708; x_wconf 78' lang='lat' dir='ltr'><strong>ﬂiimina</strong></span> <span class='ocrx_word' id='word_1_772' title='bbox 2235 4647 2302 4702; x_wconf 90' lang='lat' dir='ltr'><strong>de</strong></span> <span class='ocrx_word' id='word_1_773' title='bbox 2346 4653 2538 4700; x_wconf 78' lang='lat' dir='ltr'><strong>ventre</strong></span> <span class='ocrx_word' id='word_1_774' title='bbox 2564 4645 2686 4716; x_wconf 83' lang='lat' dir='ltr'><strong>ejus</strong></span> <span class='ocrx_word' id='word_1_775' title='bbox 2718 4643 2888 4699; x_wconf 79' lang='lat' dir='ltr'><strong>ﬂuent</strong></span> <span class='ocrx_word' id='word_1_776' title='bbox 2951 4658 3109 4714; x_wconf 76' lang='lat' dir='ltr'><strong>aquae</strong></span> <span class='ocrx_word' id='word_1_777' title='bbox 3135 4639 3478 4717; x_wconf 75' lang='lat' dir='ltr'><strong>viventis”.</strong></span> <span class='ocrx_word' id='word_1_778' title='bbox 3525 4658 3545 4692; x_wconf 72' lang='grc' dir='ltr'><strong>ι</strong></span> 
     </span>
    </p>
   </div>
   <div class='ocr_carea' id='block_1_102' title="bbox 1961 4735 3548 4808">
    <p class='ocr_par' dir='ltr' id='par_1_102' title="bbox 1961 4735 3548 4808">
     <span class='ocr_line' id='line_1_102' title="bbox 1961 4735 3548 4808; baseline -0.007 -9"><span class='ocrx_word' id='word_1_779' title='bbox 1961 4744 2038 4800; x_wconf 87' lang='lat' dir='ltr'><strong>De</strong></span> <span class='ocrx_word' id='word_1_780' title='bbox 2071 4741 2301 4797; x_wconf 72' lang='lat' dir='ltr'><strong>Christo</strong></span> <span class='ocrx_word' id='word_1_781' title='bbox 2331 4746 2516 4794; x_wconf 88' lang='lat' dir='ltr'><strong>autem</strong></span> <span class='ocrx_word' id='word_1_782' title='bbox 2563 4738 2685 4808; x_wconf 88' lang='lat' dir='ltr'><strong>ipso</strong></span> <span class='ocrx_word' id='word_1_783' title='bbox 2728 4738 2783 4791; x_wconf 89' lang='lat' dir='ltr'><strong>in</strong></span> <span class='ocrx_word' id='word_1_784' title='bbox 2837 4737 2955 4792; x_wconf 62' lang='lat' dir='ltr'><strong>haec</strong></span> <span class='ocrx_word' id='word_1_785' title='bbox 3001 4737 3165 4790; x_wconf 84' lang='lat' dir='ltr'><strong>verba</strong></span> <span class='ocrx_word' id='word_1_786' title='bbox 3206 4735 3429 4789; x_wconf 87' lang='lat' dir='ltr'><strong>loeutus</strong></span> <span class='ocrx_word' id='word_1_787' title='bbox 3465 4741 3548 4788; x_wconf 85' lang='lat' dir='ltr'><strong>est</strong></span> 
     </span>
    </p>
   </div>
   <div class='ocr_carea' id='block_1_103' title="bbox 1963 4825 3556 4903">
    <p class='ocr_par' dir='ltr' id='par_1_103' title="bbox 1963 4825 3556 4903">
     <span class='ocr_line' id='line_1_103' title="bbox 1963 4825 3556 4903; baseline -0.004 -14"><span class='ocrx_word' id='word_1_788' title='bbox 1963 4832 2172 4903; x_wconf 56' lang='lat' dir='ltr'><strong>Dav-id:</strong></span> <span class='ocrx_word' id='word_1_789' title='bbox 2212 4851 2230 4886; x_wconf 79' lang='grc' dir='ltr'><strong>ι</strong></span> <span class='ocrx_word' id='word_1_790' title='bbox 2268 4831 2335 4886; x_wconf 81' lang='lat' dir='ltr'><strong>Et</strong></span> <span class='ocrx_word' id='word_1_791' title='bbox 2391 4840 2637 4887; x_wconf 89' lang='lat' dir='ltr'><strong>torrente</strong></span> <span class='ocrx_word' id='word_1_792' title='bbox 2683 4829 3007 4886; x_wconf 84' lang='lat' dir='ltr'><strong>deliciarum</strong></span> <span class='ocrx_word' id='word_1_793' title='bbox 3067 4836 3285 4882; x_wconf 87' lang='lat' dir='ltr'><strong>tuarum</strong></span> <span class='ocrx_word' id='word_1_794' title='bbox 3332 4825 3556 4896; x_wconf 75' lang='lat' dir='ltr'><strong>potabis</strong></span> 
     </span>
    </p>
   </div>
   <div class='ocr_carea' id='block_1_104' title="bbox 1959 4921 3547 5001">
    <p class='ocr_par' dir='ltr' id='par_1_104' title="bbox 1959 4921 3547 5001">
     <span class='ocr_line' id='line_1_104' title="bbox 1959 4921 3547 5001; baseline -0.009 -14"><span class='ocrx_word' id='word_1_795' title='bbox 1959 4947 2079 4997; x_wconf 77' lang='lat' dir='ltr'><strong>eos,</strong></span> <span class='ocrx_word' id='word_1_796' title='bbox 2104 4928 2365 5001; x_wconf 86' lang='lat' dir='ltr'><strong>quoniam</strong></span> <span class='ocrx_word' id='word_1_797' title='bbox 2398 4925 2544 4998; x_wconf 86' lang='lat' dir='ltr'><strong>apud</strong></span> <span class='ocrx_word' id='word_1_798' title='bbox 2597 4932 2650 4981; x_wconf 91' lang='lat' dir='ltr'><strong>te</strong></span> <span class='ocrx_word' id='word_1_799' title='bbox 2678 4922 2803 4980; x_wconf 78' lang='lat' dir='ltr'><strong>fons</strong></span> <span class='ocrx_word' id='word_1_800' title='bbox 2825 4931 2912 4979; x_wconf 89' lang='lat' dir='ltr'><strong>est</strong></span> <span class='ocrx_word' id='word_1_801' title='bbox 2941 4921 3152 4976; x_wconf 62' lang='lat' dir='ltr'><strong>vitas“.</strong></span> <span class='ocrx_word' id='word_1_802' title='bbox 3188 4938 3207 4972; x_wconf 73' lang='grc' dir='ltr'><strong>ι</strong></span> <span class='ocrx_word' id='word_1_803' title='bbox 3251 4921 3498 4988; x_wconf 84' lang='lat' dir='ltr'><strong>Itemque</strong></span> <span class='ocrx_word' id='word_1_804' title='bbox 3534 4937 3547 4972; x_wconf 89' lang='lat'><strong>:</strong></span> 
     </span>
    </p>
   </div>
   <div class='ocr_carea' id='block_1_105' title="bbox 1965 5011 3548 5091">
    <p class='ocr_par' dir='ltr' id='par_1_105' title="bbox 1965 5011 3548 5091">
     <span class='ocr_line' id='line_1_105' title="bbox 1965 5011 3548 5091; baseline -0.009 -14"><span class='ocrx_word' id='word_1_805' title='bbox 1965 5022 2279 5079; x_wconf 66' lang='lat' dir='ltr'><strong>«Fluminis</strong></span> <span class='ocrx_word' id='word_1_806' title='bbox 2321 5022 2561 5091; x_wconf 87' lang='lat' dir='ltr'><strong>impetus</strong></span> <span class='ocrx_word' id='word_1_807' title='bbox 2605 5017 2889 5073; x_wconf 74' lang='lat' dir='ltr'><strong>itetiﬂcant</strong></span> <span class='ocrx_word' id='word_1_808' title='bbox 2940 5014 3223 5069; x_wconf 77' lang='lat' dir='ltr'><strong>civitatem</strong></span> <span class='ocrx_word' id='word_1_809' title='bbox 3284 5011 3381 5068; x_wconf 84' lang='lat' dir='ltr'><strong>Dei</strong></span> <span class='ocrx_word' id='word_1_810' title='bbox 3412 5012 3478 5066; x_wconf 82' lang='lat'><strong>”.</strong></span> <span class='ocrx_word' id='word_1_811' title='bbox 3527 5030 3548 5063; x_wconf 72' lang='grc' dir='ltr'><strong>ι</strong></span> 
     </span>
    </p>
   </div>
   <div class='ocr_carea' id='block_1_106' title="bbox 1961 5105 3553 5185">
    <p class='ocr_par' dir='ltr' id='par_1_106' title="bbox 1961 5105 3553 5185">
     <span class='ocr_line' id='line_1_106' title="bbox 1961 5105 3553 5185; baseline -0.008 -13"><span class='ocrx_word' id='word_1_812' title='bbox 1961 5117 2029 5172; x_wconf 84' lang='grc' dir='ltr'>Ει</span> <span class='ocrx_word' id='word_1_813' title='bbox 2056 5117 2125 5174; x_wconf 85' lang='lat' dir='ltr'><strong>de</strong></span> <span class='ocrx_word' id='word_1_814' title='bbox 2149 5132 2211 5172; x_wconf 87' lang='lat' dir='ltr'><strong>se</strong></span> <span class='ocrx_word' id='word_1_815' title='bbox 2239 5117 2292 5169; x_wconf 92' lang='lat' dir='ltr'><strong>in</strong></span> <span class='ocrx_word' id='word_1_816' title='bbox 2318 5114 2607 5185; x_wconf 84' lang='lat' dir='ltr'><strong>praphetis</strong></span> <span class='ocrx_word' id='word_1_817' title='bbox 2636 5111 2899 5166; x_wconf 86' lang='lat' dir='ltr'><strong>Christus</strong></span> <span class='ocrx_word' id='word_1_818' title='bbox 2934 5127 2949 5164; x_wconf 92' lang='lat'><strong>:</strong></span> <span class='ocrx_word' id='word_1_819' title='bbox 2984 5127 3002 5159; x_wconf 74' lang='grc' dir='ltr'><strong>ι</strong></span> <span class='ocrx_word' id='word_1_820' title='bbox 3040 5106 3185 5162; x_wconf 83' lang='lat' dir='ltr'><strong>Ecce</strong></span> <span class='ocrx_word' id='word_1_821' title='bbox 3209 5120 3314 5178; x_wconf 71' lang='lat' dir='ltr'><strong>ego</strong></span> <span class='ocrx_word' id='word_1_822' title='bbox 3343 5105 3553 5160; x_wconf 81' lang='lat' dir='ltr'><strong>inclina</strong></span> 
     </span>
    </p>
   </div>
   <div class='ocr_carea' id='block_1_107' title="bbox 1960 5194 3549 5276">
    <p class='ocr_par' dir='ltr' id='par_1_107' title="bbox 1960 5194 3549 5276">
     <span class='ocr_line' id='line_1_107' title="bbox 1960 5194 3549 5276; baseline -0.01 -12"><span class='ocrx_word' id='word_1_823' title='bbox 1960 5208 2016 5263; x_wconf 88' lang='lat' dir='ltr'><strong>in</strong></span> <span class='ocrx_word' id='word_1_824' title='bbox 2047 5222 2166 5273; x_wconf 89' lang='lat' dir='ltr'><strong>eos,</strong></span> <span class='ocrx_word' id='word_1_825' title='bbox 2191 5218 2451 5276; x_wconf 87' lang='lat' dir='ltr'><strong>tanquam</strong></span> <span class='ocrx_word' id='word_1_826' title='bbox 2481 5202 2680 5257; x_wconf 82' lang='lat' dir='ltr'><strong>ﬂuvius</strong></span> <span class='ocrx_word' id='word_1_827' title='bbox 2705 5200 2860 5272; x_wconf 83' lang='lat' dir='ltr'><strong>pacis</strong></span> <span class='ocrx_word' id='word_1_828' title='bbox 2902 5198 2973 5251; x_wconf 77' lang='lat'><strong>&quot;.</strong></span> <span class='ocrx_word' id='word_1_829' title='bbox 3028 5215 3047 5248; x_wconf 70' lang='grc' dir='ltr'><strong>ι</strong></span> <span class='ocrx_word' id='word_1_830' title='bbox 3077 5195 3145 5251; x_wconf 88' lang='lat' dir='ltr'><strong>Et</strong></span> <span class='ocrx_word' id='word_1_831' title='bbox 3176 5194 3296 5251; x_wconf 84' lang='lat' dir='ltr'><strong>Joel</strong></span> <span class='ocrx_word' id='word_1_832' title='bbox 3330 5196 3497 5251; x_wconf 90' lang='lat' dir='ltr'><strong>etiam</strong></span> <span class='ocrx_word' id='word_1_833' title='bbox 3534 5211 3549 5248; x_wconf 88' lang='lat'><strong>:</strong></span> 
     </span>
    </p>
   </div>
   <div class='ocr_carea' id='block_1_108' title="bbox 1963 5286 3556 5362">
    <p class='ocr_par' dir='ltr' id='par_1_108' title="bbox 1963 5286 3556 5362">
     <span class='ocr_line' id='line_1_108' title="bbox 1963 5286 3556 5362; baseline -0.011 -7"><span class='ocrx_word' id='word_1_834' title='bbox 1963 5297 2112 5356; x_wconf 83' lang='lat' dir='ltr'><strong>Fons</strong></span> <span class='ocrx_word' id='word_1_835' title='bbox 2144 5302 2211 5354; x_wconf 89' lang='lat' dir='ltr'><strong>de</strong></span> <span class='ocrx_word' id='word_1_836' title='bbox 2239 5298 2401 5353; x_wconf 86' lang='lat' dir='ltr'><strong>domo</strong></span> <span class='ocrx_word' id='word_1_837' title='bbox 2441 5294 2660 5350; x_wconf 83' lang='lat' dir='ltr'><strong>Domini</strong></span> <span class='ocrx_word' id='word_1_838' title='bbox 2711 5288 3052 5362; x_wconf 78' lang='lat' dir='ltr'><strong>egredietur,</strong></span> <span class='ocrx_word' id='word_1_839' title='bbox 3075 5295 3133 5344; x_wconf 90' lang='lat' dir='ltr'><strong>et</strong></span> <span class='ocrx_word' id='word_1_840' title='bbox 3180 5286 3393 5357; x_wconf 83' lang='lat' dir='ltr'><strong>potabit</strong></span> <span class='ocrx_word' id='word_1_841' title='bbox 3440 5293 3556 5339; x_wconf 85' lang='lat' dir='ltr'><strong>tor-</strong></span> 
     </span>
    </p>
   </div>
   <div class='ocr_carea' id='block_1_109' title="bbox 1964 5376 3557 5463">
    <p class='ocr_par' dir='ltr' id='par_1_109' title="bbox 1964 5376 3557 5463">
     <span class='ocr_line' id='line_1_109' title="bbox 1964 5376 3557 5463; baseline -0.011 -13"><span class='ocrx_word' id='word_1_842' title='bbox 1964 5392 2491 5463; x_wconf 83' lang='lat' dir='ltr'><strong>rentemjuncorum</strong></span> <span class='ocrx_word' id='word_1_843' title='bbox 2531 5387 2600 5441; x_wconf 82' lang='lat'><strong>“.</strong></span> <span class='ocrx_word' id='word_1_844' title='bbox 2637 5404 2656 5440; x_wconf 76' lang='grc' dir='ltr'><strong>ι</strong></span> <span class='ocrx_word' id='word_1_845' title='bbox 2701 5383 2785 5438; x_wconf 83' lang='lat' dir='ltr'><strong>Ad</strong></span> <span class='ocrx_word' id='word_1_846' title='bbox 2814 5382 2931 5462; x_wconf 69' lang='lat' dir='ltr'><strong>haec</strong></span> <span class='ocrx_word' id='word_1_847' title='bbox 2958 5380 3129 5453; x_wconf 72' lang='lat' dir='ltr'><strong>igitur</strong></span> <span class='ocrx_word' id='word_1_848' title='bbox 3172 5385 3229 5435; x_wconf 91' lang='lat' dir='ltr'><strong>et</strong></span> <span class='ocrx_word' id='word_1_849' title='bbox 3282 5379 3387 5433; x_wconf 92' lang='lat' dir='ltr'><strong>hoc</strong></span> <span class='ocrx_word' id='word_1_850' title='bbox 3435 5376 3557 5433; x_wconf 82' lang='lat' dir='ltr'><strong>loco</strong></span> 
     </span>
    </p>
   </div>
   <div class='ocr_carea' id='block_1_110' title="bbox 1036 5496 1840 5581">
    <p class='ocr_par' dir='ltr' id='par_1_110' title="bbox 1036 5502 1840 5573">
     <span class='ocr_line' id='line_1_110' title="bbox 1036 5502 1840 5573; baseline 0.012 -15"><span class='ocrx_word' id='word_1_851' title='bbox 1036 5507 1081 5539; x_wconf 77' lang='grc'><strong>⁸⁷</strong></span> <span class='ocrx_word' id='word_1_852' title='bbox 1126 5502 1284 5559; x_wconf 83' lang='lat' dir='ltr'><strong>Joau.</strong></span> <span class='ocrx_word' id='word_1_853' title='bbox 1315 5522 1411 5573; x_wconf 87' lang='lat' dir='ltr'><strong>vn,</strong></span> <span class='ocrx_word' id='word_1_854' title='bbox 1446 5509 1533 5566; x_wconf 76' lang='lat'><strong>53.</strong></span> <span class='ocrx_word' id='word_1_855' title='bbox 1612 5511 1658 5545; x_wconf 73' lang='grc'><strong>⁸⁸</strong></span> <span class='ocrx_word' id='word_1_856' title='bbox 1687 5511 1840 5568; x_wconf 79' lang='lat' dir='ltr'><strong>Joan.</strong></span> 
     </span>
    </p>
   </div>
   <div class='ocr_carea' id='block_1_111' title="bbox 1945 5496 3554 5581">
    <p class='ocr_par' dir='ltr' id='par_1_111' title="bbox 1947 5496 3554 5581">
     <span class='ocr_line' id='line_1_111' title="bbox 1947 5496 3554 5581; baseline -0.01 -13"><span class='ocrx_word' id='word_1_857' title='bbox 1947 5554 1964 5581; x_wconf 85' lang='lat'><strong>,</strong></span> <span class='ocrx_word' id='word_1_858' title='bbox 1998 5513 2084 5580; x_wconf 79' lang='lat' dir='ltr'><strong>i3,</strong></span> <span class='ocrx_word' id='word_1_859' title='bbox 2118 5511 2202 5565; x_wconf 76' lang='lat' dir='ltr'><strong>li.</strong></span> <span class='ocrx_word' id='word_1_860' title='bbox 2232 5508 2278 5540; x_wconf 81' lang='lat'><strong>&quot;</strong></span> <span class='ocrx_word' id='word_1_861' title='bbox 2303 5499 2790 5566; x_wconf 63' lang='lat' dir='ltr'><strong>Psal-XHV.9JO-</strong></span> <span class='ocrx_word' id='word_1_862' title='bbox 2841 5505 3057 5564; x_wconf 77' lang='lat' dir='ltr'><strong>“Psal.</strong></span> <span class='ocrx_word' id='word_1_863' title='bbox 3079 5518 3202 5569; x_wconf 67' lang='grc' dir='ltr'>τιν,</span> <span class='ocrx_word' id='word_1_864' title='bbox 3239 5500 3293 5556; x_wconf 82' lang='lat'><strong>5.</strong></span> <span class='ocrx_word' id='word_1_865' title='bbox 3369 5496 3415 5530; x_wconf 85' lang='grc'><strong>⁹¹</strong></span> <span class='ocrx_word' id='word_1_866' title='bbox 3446 5497 3554 5552; x_wconf 73' lang='lat' dir='ltr'><strong>ise.</strong></span> 
     </span>
    </p>
   </div>
   <div class='ocr_carea' id='block_1_112' title="bbox 1591 5674 2282 5738">
    <p class='ocr_par' dir='ltr' id='par_1_112' title="bbox 1591 5674 2282 5738">
     <span class='ocr_line' id='line_1_112' title="bbox 1591 5674 2282 5738; baseline -0.004 -4"><span class='ocrx_word' id='word_1_867' title='bbox 1591 5678 1827 5736; x_wconf 62' lang='lat' dir='ltr'><strong>VARIIE</strong></span> <span class='ocrx_word' id='word_1_868' title='bbox 1868 5674 2282 5738; x_wconf 75' lang='lat' dir='ltr'><strong>LECTION</strong></span> 
     </span>
    </p>
   </div>
  </div>
