  <div class='ocr_page' id='page_1' title='image "/cluster/home/n/w/nwhite01/storage/ocr_20150623/87:pt.2/coo.31924054869908/524.png"; bbox 0 0 3916 6422; ppageno 0'>
   <div class='ocr_carea' id='block_1_1' title="bbox 200 282 311 353">
    <p class='ocr_par' dir='ltr' id='par_1_1' title="bbox 200 282 311 353">
     <span class='ocr_line' id='line_1_1' title="bbox 200 282 311 353; baseline -0.036 0"><span class='ocrx_word' id='word_1_1' title='bbox 200 282 311 353; x_wconf 74' lang='lat'><strong>9561</strong></span> 
     </span>
    </p>
   </div>
   <div class='ocr_carea' id='block_1_2' title="bbox 1323 275 2303 338">
    <p class='ocr_par' dir='ltr' id='par_1_2' title="bbox 1323 275 2303 338">
     <span class='ocr_line' id='line_1_2' title="bbox 1323 275 2303 338; baseline 0.001 -4"><span class='ocrx_word' id='word_1_2' title='bbox 1323 275 1868 338; x_wconf 72' lang='lat' dir='ltr'><strong>COMMENTARII</strong></span> <span class='ocrx_word' id='word_1_3' title='bbox 1908 277 1989 338; x_wconf 88' lang='lat' dir='ltr'><strong>IN</strong></span> <span class='ocrx_word' id='word_1_4' title='bbox 2015 277 2303 336; x_wconf 80' lang='lat' dir='ltr'><strong>ISAIAM.</strong></span> 
     </span>
    </p>
   </div>
   <div class='ocr_carea' id='block_1_3' title="bbox 3300 275 3445 341">
    <p class='ocr_par' dir='ltr' id='par_1_3' title="bbox 3300 275 3445 341">
     <span class='ocr_line' id='line_1_3' title="bbox 3300 275 3445 341; baseline 0.021 -3"><span class='ocrx_word' id='word_1_5' title='bbox 3300 275 3445 341; x_wconf 76' lang='lat'><strong>2562</strong></span> 
     </span>
    </p>
   </div>
   <div class='ocr_carea' id='block_1_4' title="bbox 198 384 1753 465">
    <p class='ocr_par' dir='ltr' id='par_1_4' title="bbox 198 384 1752 465">
     <span class='ocr_line' id='line_1_4' title="bbox 198 384 1752 465; baseline 0.001 -26"><span class='ocrx_word' id='word_1_6' title='bbox 198 415 275 465; x_wconf 77' lang='grc' dir='ltr'><strong>γεν</strong></span> <span class='ocrx_word' id='word_1_7' title='bbox 301 411 312 424; x_wconf 76' lang='grc' dir='ltr'><strong><em>ο</em></strong></span> <span class='ocrx_word' id='word_1_8' title='bbox 376 386 512 445; x_wconf 74' lang='grc' dir='ltr'>’Λντὶ</span> <span class='ocrx_word' id='word_1_9' title='bbox 555 384 748 446; x_wconf 73' lang='grc' dir='ltr'>κακίας</span> <span class='ocrx_word' id='word_1_10' title='bbox 795 384 1163 454; x_wconf 76' lang='grc' dir='ltr'>δικαιοσύνην,</span> <span class='ocrx_word' id='word_1_11' title='bbox 1238 384 1595 457; x_wconf 68' lang='grc' dir='ltr'><strong>σωφροσύνην</strong></span> <span class='ocrx_word' id='word_1_12' title='bbox 1636 388 1752 441; x_wconf 82' lang='grc' dir='ltr'>ἀντ’</span> 
     </span>
    </p>
   </div>
   <div class='ocr_carea' id='block_1_5' title="bbox 1859 384 3446 465">
    <p class='ocr_par' dir='ltr' id='par_1_5' title="bbox 1859 384 3446 457">
     <span class='ocr_line' id='line_1_5' title="bbox 1859 384 3446 457; baseline 0.001 -18"><span class='ocrx_word' id='word_1_13' title='bbox 1859 398 1963 440; x_wconf 86' lang='lat' dir='ltr'><strong>tum</strong></span> <span class='ocrx_word' id='word_1_14' title='bbox 1981 387 2092 457; x_wconf 86' lang='lat' dir='ltr'><strong>jam</strong></span> <span class='ocrx_word' id='word_1_15' title='bbox 2119 384 2638 456; x_wconf 79' lang='lat' dir='ltr'><strong>fragrantissimam,</strong></span> <span class='ocrx_word' id='word_1_16' title='bbox 2656 391 2707 439; x_wconf 89' lang='lat' dir='ltr'><strong>et</strong></span> <span class='ocrx_word' id='word_1_17' title='bbox 2735 384 3210 455; x_wconf 89' lang='lat' dir='ltr'><strong>procerissimam,</strong></span> <span class='ocrx_word' id='word_1_18' title='bbox 3229 403 3446 457; x_wconf 76' lang='lat' dir='ltr'><strong>cupres-</strong></span> 
     </span>
    </p>
   </div>
   <div class='ocr_carea' id='block_1_6' title="bbox 146 462 1746 552">
    <p class='ocr_par' dir='ltr' id='par_1_6' title="bbox 146 462 1746 552">
     <span class='ocr_line' id='line_1_6' title="bbox 146 462 1746 552; baseline 0.002 -24"><span class='ocrx_word' id='word_1_19' title='bbox 146 462 153 469; x_wconf 63' lang='grc'><strong>’</strong></span> <span class='ocrx_word' id='word_1_20' title='bbox 198 462 471 552; x_wconf 61' lang='grc' dir='ltr'>ἀσελγείας,</span> <span class='ocrx_word' id='word_1_21' title='bbox 510 476 602 530; x_wconf 71' lang='grc' dir='ltr'><strong>καὶ</strong></span> <span class='ocrx_word' id='word_1_22' title='bbox 637 476 760 529; x_wconf 74' lang='grc' dir='ltr'>ἀντὶ</span> <span class='ocrx_word' id='word_1_23' title='bbox 791 476 1032 545; x_wconf 80' lang='grc' dir='ltr'><strong>θράσους</strong></span> <span class='ocrx_word' id='word_1_24' title='bbox 1054 476 1333 547; x_wconf 80' lang='grc' dir='ltr'><strong>ἀνδρείαν,</strong></span> <span class='ocrx_word' id='word_1_25' title='bbox 1367 479 1631 549; x_wconf 76' lang='grc' dir='ltr'>φρόνησιν</span> <span class='ocrx_word' id='word_1_26' title='bbox 1686 497 1746 532; x_wconf 86' lang='grc' dir='ltr'><strong>τε</strong></span> 
     </span>
    </p>
   </div>
   <div class='ocr_carea' id='block_1_7' title="bbox 197 567 1751 644">
    <p class='ocr_par' dir='ltr' id='par_1_7' title="bbox 197 567 1751 644">
     <span class='ocr_line' id='line_1_7' title="bbox 197 567 1751 644; baseline -0.005 -12"><span class='ocrx_word' id='word_1_27' title='bbox 197 578 295 634; x_wconf 81' lang='grc' dir='ltr'>ἀντ’</span> <span class='ocrx_word' id='word_1_28' title='bbox 316 569 632 644; x_wconf 59' lang='grc' dir='ltr'>ἀφρασύνης.</span> <span class='ocrx_word' id='word_1_29' title='bbox 666 567 864 638; x_wconf 82' lang='grc' dir='ltr'>Εῦροις</span> <span class='ocrx_word' id='word_1_30' title='bbox 898 568 941 620; x_wconf 86' lang='grc' dir='ltr'><strong>δ’</strong></span> <span class='ocrx_word' id='word_1_31' title='bbox 978 568 1046 621; x_wconf 83' lang='grc' dir='ltr'>ἂν</span> <span class='ocrx_word' id='word_1_32' title='bbox 1108 568 1267 621; x_wconf 87' lang='grc' dir='ltr'>τοῦτο</span> <span class='ocrx_word' id='word_1_33' title='bbox 1316 570 1408 623; x_wconf 72' lang='grc' dir='ltr'><strong>καὶ</strong></span> <span class='ocrx_word' id='word_1_34' title='bbox 1439 572 1496 622; x_wconf 84' lang='grc' dir='ltr'>ὲν</span> <span class='ocrx_word' id='word_1_35' title='bbox 1534 572 1646 633; x_wconf 86' lang='grc' dir='ltr'>τοῖς</span> <span class='ocrx_word' id='word_1_36' title='bbox 1692 570 1751 637; x_wconf 79' lang='grc' dir='ltr'>ἐξ</span> 
     </span>
    </p>
   </div>
   <div class='ocr_carea' id='block_1_8' title="bbox 198 659 1755 739">
    <p class='ocr_par' dir='ltr' id='par_1_8' title="bbox 198 659 1755 739">
     <span class='ocr_line' id='line_1_8' title="bbox 198 659 1755 739; baseline -0.029 2"><span class='ocrx_word' id='word_1_37' title='bbox 198 671 401 739; x_wconf 63' lang='grc' dir='ltr'><strong>αἵματος</strong></span> <span class='ocrx_word' id='word_1_38' title='bbox 460 661 697 732; x_wconf 61' lang='grc' dir='ltr'><strong>’Ῐσραήλέ</strong></span> <span class='ocrx_word' id='word_1_39' title='bbox 754 662 968 728; x_wconf 74' lang='grc' dir='ltr'><strong>Στοίΰη</strong></span> <span class='ocrx_word' id='word_1_40' title='bbox 1008 660 1118 730; x_wconf 78' lang='grc' dir='ltr'><strong>γὰρ</strong></span> <span class='ocrx_word' id='word_1_41' title='bbox 1184 661 1335 724; x_wconf 78' lang='grc' dir='ltr'>ὅντες</span> <span class='ocrx_word' id='word_1_42' title='bbox 1381 662 1477 715; x_wconf 81' lang='grc' dir='ltr'><strong>καὶ</strong></span> <span class='ocrx_word' id='word_1_43' title='bbox 1533 659 1755 722; x_wconf 73' lang='grc' dir='ltr'><strong>κόνυζά</strong></span> 
     </span>
    </p>
   </div>
   <div class='ocr_carea' id='block_1_9' title="bbox 199 749 1753 821">
    <p class='ocr_par' dir='ltr' id='par_1_9' title="bbox 199 749 1753 821">
     <span class='ocr_line' id='line_1_9' title="bbox 199 749 1753 821; baseline -0.006 -8"><span class='ocrx_word' id='word_1_44' title='bbox 199 775 311 813; x_wconf 78' lang='grc' dir='ltr'>ποτε</span> <span class='ocrx_word' id='word_1_45' title='bbox 372 751 643 814; x_wconf 86' lang='grc' dir='ltr'>Ματθαῖος</span> <span class='ocrx_word' id='word_1_46' title='bbox 701 752 797 804; x_wconf 78' lang='grc' dir='ltr'>καὶ</span> <span class='ocrx_word' id='word_1_47' title='bbox 853 751 1087 816; x_wconf 79' lang='grc' dir='ltr'>Παῦλος,</span> <span class='ocrx_word' id='word_1_48' title='bbox 1120 751 1148 803; x_wconf 86' lang='grc' dir='ltr'><strong>ὁ</strong></span> <span class='ocrx_word' id='word_1_49' title='bbox 1216 751 1314 819; x_wconf 76' lang='grc' dir='ltr'>μὲν</span> <span class='ocrx_word' id='word_1_50' title='bbox 1334 749 1646 821; x_wconf 74' lang='grc' dir='ltr'>τελώνης,ό</span> <span class='ocrx_word' id='word_1_51' title='bbox 1693 750 1753 804; x_wconf 78' lang='grc' dir='ltr'><strong>δὲ</strong></span> 
     </span>
    </p>
   </div>
   <div class='ocr_carea' id='block_1_10' title="bbox 198 839 1753 912">
    <p class='ocr_par' dir='ltr' id='par_1_10' title="bbox 198 839 1753 912">
     <span class='ocr_line' id='line_1_10' title="bbox 198 839 1753 912; baseline -0.005 -12"><span class='ocrx_word' id='word_1_52' title='bbox 198 845 421 912; x_wconf 82' lang='grc' dir='ltr'>διώκτης,</span> <span class='ocrx_word' id='word_1_53' title='bbox 478 840 715 911; x_wconf 80' lang='grc' dir='ltr'>Χριστὸν</span> <span class='ocrx_word' id='word_1_54' title='bbox 774 839 1167 903; x_wconf 79' lang='grc' dir='ltr'>εύωδιάζουσιν</span> <span class='ocrx_word' id='word_1_55' title='bbox 1191 842 1250 893; x_wconf 78' lang='grc' dir='ltr'>ἐν</span> <span class='ocrx_word' id='word_1_56' title='bbox 1283 842 1448 894; x_wconf 81' lang='grc' dir='ltr'>παντὶ</span> <span class='ocrx_word' id='word_1_57' title='bbox 1472 841 1644 911; x_wconf 84' lang='grc' dir='ltr'>τόπῳ,</span> <span class='ocrx_word' id='word_1_58' title='bbox 1693 840 1753 893; x_wconf 77' lang='grc' dir='ltr'>ἐν</span> 
     </span>
    </p>
   </div>
   <div class='ocr_carea' id='block_1_11' title="bbox 196 932 1752 1003">
    <p class='ocr_par' dir='ltr' id='par_1_11' title="bbox 196 932 1752 1003">
     <span class='ocr_line' id='line_1_11' title="bbox 196 932 1752 1003; baseline -0.003 -12"><span class='ocrx_word' id='word_1_59' title='bbox 196 955 244 991; x_wconf 86' lang='grc' dir='ltr'><strong>τε</strong></span> <span class='ocrx_word' id='word_1_60' title='bbox 264 939 363 998; x_wconf 82' lang='grc' dir='ltr'>τοῖς</span> <span class='ocrx_word' id='word_1_61' title='bbox 390 932 711 1003; x_wconf 81' lang='grc' dir='ltr'>σωζομένοις</span> <span class='ocrx_word' id='word_1_62' title='bbox 742 932 970 993; x_wconf 76' lang='grc' dir='ltr'>καὶτοῖς</span> <span class='ocrx_word' id='word_1_63' title='bbox 1019 932 1226 987; x_wconf 81' lang='grc' dir='ltr'>ἀπολλυ</span> <span class='ocrx_word' id='word_1_64' title='bbox 1238 933 1440 1003; x_wconf 85' lang='grc' dir='ltr'>μένοις.</span> <span class='ocrx_word' id='word_1_65' title='bbox 1469 933 1580 985; x_wconf 76' lang='grc' dir='ltr'><strong>Καὶ</strong></span> <span class='ocrx_word' id='word_1_66' title='bbox 1624 932 1752 986; x_wconf 83' lang='grc' dir='ltr'>ἄλλο</span> 
     </span>
    </p>
   </div>
   <div class='ocr_carea' id='block_1_12' title="bbox 195 1022 1751 1096">
    <p class='ocr_par' dir='ltr' id='par_1_12' title="bbox 195 1022 1751 1096">
     <span class='ocr_line' id='line_1_12' title="bbox 195 1022 1751 1096; baseline -0.004 -11"><span class='ocrx_word' id='word_1_67' title='bbox 195 1031 315 1085; x_wconf 82' lang='grc' dir='ltr'>δέτι</span> <span class='ocrx_word' id='word_1_68' title='bbox 351 1024 649 1096; x_wconf 84' lang='grc' dir='ltr'>θαυμάσιον</span> <span class='ocrx_word' id='word_1_69' title='bbox 681 1022 1079 1093; x_wconf 81' lang='grc' dir='ltr'>ἐπαγγέλλεται</span> <span class='ocrx_word' id='word_1_70' title='bbox 1128 1025 1242 1086; x_wconf 85' lang='grc' dir='ltr'>τοῖς</span> <span class='ocrx_word' id='word_1_71' title='bbox 1291 1025 1383 1076; x_wconf 75' lang='grc' dir='ltr'><strong>ἐπὶ</strong></span> <span class='ocrx_word' id='word_1_72' title='bbox 1420 1023 1512 1077; x_wconf 71' lang='grc' dir='ltr'>τὸν</span> <span class='ocrx_word' id='word_1_73' title='bbox 1548 1022 1751 1095; x_wconf 84' lang='grc' dir='ltr'><strong>Κύριον</strong></span> 
     </span>
    </p>
   </div>
   <div class='ocr_carea' id='block_1_13' title="bbox 197 1114 1752 1188">
    <p class='ocr_par' dir='ltr' id='par_1_13' title="bbox 197 1114 1752 1188">
     <span class='ocr_line' id='line_1_13' title="bbox 197 1114 1752 1188; baseline -0.002 -16"><span class='ocrx_word' id='word_1_74' title='bbox 197 1116 564 1188; x_wconf 79' lang='grc' dir='ltr'><strong>ἐπιστρέψασιν</strong></span> <span class='ocrx_word' id='word_1_75' title='bbox 610 1114 840 1169; x_wconf 76' lang='grc' dir='ltr'>ἔθνεσιν.</span> <span class='ocrx_word' id='word_1_76' title='bbox 899 1115 1111 1169; x_wconf 85' lang='grc' dir='ltr'><strong>Ἔσται</strong></span> <span class='ocrx_word' id='word_1_77' title='bbox 1167 1118 1297 1186; x_wconf 83' lang='grc' dir='ltr'>γὰρ,</span> <span class='ocrx_word' id='word_1_78' title='bbox 1353 1116 1507 1186; x_wconf 64' lang='grc' dir='ltr'>φησὶ,</span> <span class='ocrx_word' id='word_1_79' title='bbox 1537 1117 1752 1183; x_wconf 80' lang='grc' dir='ltr'>Κύριος</span> 
     </span>
    </p>
   </div>
   <div class='ocr_carea' id='block_1_14' title="bbox 192 1203 1752 1275">
    <p class='ocr_par' dir='ltr' id='par_1_14' title="bbox 192 1203 1752 1275">
     <span class='ocr_line' id='line_1_14' title="bbox 192 1203 1752 1275; baseline -0.004 -11"><span class='ocrx_word' id='word_1_80' title='bbox 192 1207 373 1274; x_wconf 83' lang='grc' dir='ltr'>αὐτοῖς</span> <span class='ocrx_word' id='word_1_81' title='bbox 395 1209 489 1271; x_wconf 31' lang='grc' dir='ltr'>εὶς,</span> <span class='ocrx_word' id='word_1_82' title='bbox 516 1203 705 1275; x_wconf 77' lang='grc' dir='ltr'>ὄνομα</span> <span class='ocrx_word' id='word_1_83' title='bbox 739 1204 837 1259; x_wconf 73' lang='grc' dir='ltr'>καὶ</span> <span class='ocrx_word' id='word_1_84' title='bbox 865 1207 953 1271; x_wconf 83' lang='grc' dir='ltr'>εἱς</span> <span class='ocrx_word' id='word_1_85' title='bbox 989 1205 1245 1275; x_wconf 75' lang='grc' dir='ltr'>σημεῖον</span> <span class='ocrx_word' id='word_1_86' title='bbox 1309 1206 1571 1260; x_wconf 74' lang='grc' dir='ltr'>αἰώνιον.</span> <span class='ocrx_word' id='word_1_87' title='bbox 1609 1209 1752 1260; x_wconf 78' lang='lat' dir='ltr'><strong>Hav-</strong></span> 
     </span>
    </p>
   </div>
   <div class='ocr_carea' id='block_1_15' title="bbox 193 1292 1745 1366">
    <p class='ocr_par' dir='ltr' id='par_1_15' title="bbox 193 1292 1745 1366">
     <span class='ocr_line' id='line_1_15' title="bbox 193 1292 1745 1366; baseline -0.001 -16"><span class='ocrx_word' id='word_1_88' title='bbox 193 1296 338 1366; x_wconf 78' lang='grc' dir='ltr'>ταχοῦ</span> <span class='ocrx_word' id='word_1_89' title='bbox 390 1295 494 1364; x_wconf 75' lang='grc' dir='ltr'>γὰρ</span> <span class='ocrx_word' id='word_1_90' title='bbox 545 1293 691 1348; x_wconf 74' lang='grc' dir='ltr'>ἔστιν</span> <span class='ocrx_word' id='word_1_91' title='bbox 752 1293 880 1347; x_wconf 72' lang='grc' dir='ltr'>ἰδεῖν</span> <span class='ocrx_word' id='word_1_92' title='bbox 926 1294 1034 1346; x_wconf 86' lang='grc' dir='ltr'><strong>ἀπὸ</strong></span> <span class='ocrx_word' id='word_1_93' title='bbox 1088 1292 1326 1364; x_wconf 81' lang='grc' dir='ltr'>Χριστοῦ</span> <span class='ocrx_word' id='word_1_94' title='bbox 1372 1294 1745 1364; x_wconf 74' lang='grc' dir='ltr'><strong>καλουμένους</strong></span> 
     </span>
    </p>
   </div>
   <div class='ocr_carea' id='block_1_16' title="bbox 192 1370 1753 1456">
    <p class='ocr_par' dir='ltr' id='par_1_16' title="bbox 192 1370 1753 1456">
     <span class='ocr_line' id='line_1_16' title="bbox 192 1370 1753 1456; baseline -0.002 -16"><span class='ocrx_word' id='word_1_95' title='bbox 192 1383 545 1456; x_wconf 76' lang='grc' dir='ltr'>Χριστιανούς.</span> <span class='ocrx_word' id='word_1_96' title='bbox 598 1384 710 1438; x_wconf 76' lang='grc' dir='ltr'>Καὶ</span> <span class='ocrx_word' id='word_1_97' title='bbox 737 1370 995 1452; x_wconf 80' lang='grc' dir='ltr'>σημεῖον</span> <span class='ocrx_word' id='word_1_98' title='bbox 1041 1383 1315 1453; x_wconf 70' lang='grc' dir='ltr'>σωτηρίας</span> <span class='ocrx_word' id='word_1_99' title='bbox 1355 1385 1753 1452; x_wconf 66' lang='grc' dir='ltr'>ἐπιγράφονται</span> 
     </span>
    </p>
   </div>
   <div class='ocr_carea' id='block_1_17' title="bbox 197 1476 1753 1547">
    <p class='ocr_par' dir='ltr' id='par_1_17' title="bbox 197 1476 1753 1547">
     <span class='ocr_line' id='line_1_17' title="bbox 197 1476 1753 1547; baseline -0.001 -13"><span class='ocrx_word' id='word_1_100' title='bbox 197 1480 454 1546; x_wconf 74' lang='grc' dir='ltr'>τοῦνομα,</span> <span class='ocrx_word' id='word_1_101' title='bbox 489 1477 632 1545; x_wconf 82' lang='grc' dir='ltr'>ὅπερ</span> <span class='ocrx_word' id='word_1_102' title='bbox 668 1478 782 1529; x_wconf 73' lang='grc' dir='ltr'>οὐκ</span> <span class='ocrx_word' id='word_1_103' title='bbox 808 1476 1080 1544; x_wconf 73' lang='grc' dir='ltr'><strong>ἐκλείψει</strong></span> <span class='ocrx_word' id='word_1_104' title='bbox 1136 1476 1291 1529; x_wconf 81' lang='grc' dir='ltr'>ποτέ.</span> <span class='ocrx_word' id='word_1_105' title='bbox 1336 1476 1753 1547; x_wconf 81' lang='grc' dir='ltr'>’Λμεταμέλητα</span> 
     </span>
    </p>
   </div>
   <div class='ocr_carea' id='block_1_18' title="bbox 192 1565 1753 1640">
    <p class='ocr_par' dir='ltr' id='par_1_18' title="bbox 192 1565 1753 1640">
     <span class='ocr_line' id='line_1_18' title="bbox 192 1565 1753 1640; baseline -0.001 -17"><span class='ocrx_word' id='word_1_106' title='bbox 192 1570 284 1640; x_wconf 85' lang='grc' dir='ltr'>γὰρ</span> <span class='ocrx_word' id='word_1_107' title='bbox 313 1565 720 1637; x_wconf 66' lang='grc' dir='ltr'>τά,χαρίσματα</span> <span class='ocrx_word' id='word_1_108' title='bbox 740 1566 834 1619; x_wconf 89' lang='grc' dir='ltr'><strong>τοῦ</strong></span> <span class='ocrx_word' id='word_1_109' title='bbox 861 1565 1018 1619; x_wconf 79' lang='grc' dir='ltr'>Θεοῦ.</span> <span class='ocrx_word' id='word_1_110' title='bbox 1064 1566 1221 1629; x_wconf 79' lang='grc' dir='ltr'>Τινὲς</span> <span class='ocrx_word' id='word_1_111' title='bbox 1249 1566 1308 1620; x_wconf 82' lang='grc' dir='ltr'><strong>δὲ</strong></span> <span class='ocrx_word' id='word_1_112' title='bbox 1364 1567 1638 1636; x_wconf 81' lang='grc' dir='ltr'>σημεῖον,</span> <span class='ocrx_word' id='word_1_113' title='bbox 1662 1568 1753 1623; x_wconf 77' lang='grc' dir='ltr'>τὸν</span> 
     </span>
    </p>
   </div>
   <div class='ocr_carea' id='block_1_19' title="bbox 190 1650 1753 1740">
    <p class='ocr_par' dir='ltr' id='par_1_19' title="bbox 190 1650 1753 1740">
     <span class='ocr_line' id='line_1_19' title="bbox 190 1650 1753 1740; baseline -0.008 -25"><span class='ocrx_word' id='word_1_114' title='bbox 190 1662 246 1714; x_wconf 82' lang='grc' dir='ltr'><strong>δι’</strong></span> <span class='ocrx_word' id='word_1_115' title='bbox 272 1650 327 1712; x_wconf 75' lang='grc' dir='ltr'>οὗ</span> <span class='ocrx_word' id='word_1_116' title='bbox 358 1656 679 1727; x_wconf 81' lang='grc' dir='ltr'>σεσώσμεθα</span> <span class='ocrx_word' id='word_1_117' title='bbox 706 1657 940 1740; x_wconf 64' lang='grc' dir='ltr'>σταυρὸν</span> <span class='ocrx_word' id='word_1_118' title='bbox 960 1657 1215 1727; x_wconf 79' lang='grc' dir='ltr'>εἰρήκασι</span> <span class='ocrx_word' id='word_1_119' title='bbox 1246 1673 1260 1687; x_wconf 79' lang='grc' dir='ltr'><strong><em>ο</em></strong></span> <span class='ocrx_word' id='word_1_120' title='bbox 1318 1656 1418 1727; x_wconf 81' lang='grc' dir='ltr'>τὴν</span> <span class='ocrx_word' id='word_1_121' title='bbox 1468 1657 1526 1710; x_wconf 83' lang='grc' dir='ltr'><strong>δὲ</strong></span> <span class='ocrx_word' id='word_1_122' title='bbox 1572 1658 1753 1712; x_wconf 79' lang='grc' dir='ltr'>πᾶσαν</span> 
     </span>
    </p>
   </div>
   <div class='ocr_carea' id='block_1_20' title="bbox 1855 475 3444 548">
    <p class='ocr_par' dir='ltr' id='par_1_20' title="bbox 1855 475 3444 548">
     <span class='ocr_line' id='line_1_20' title="bbox 1855 475 3444 548; baseline 0.002 -17"><span class='ocrx_word' id='word_1_123' title='bbox 1855 494 1973 531; x_wconf 83' lang='lat' dir='ltr'><strong>sum</strong></span> <span class='ocrx_word' id='word_1_124' title='bbox 1996 487 2267 548; x_wconf 68' lang='lat' dir='ltr'><strong>prmterca</strong></span> <span class='ocrx_word' id='word_1_125' title='bbox 2298 477 2488 531; x_wconf 87' lang='lat' dir='ltr'><strong>odoris</strong></span> <span class='ocrx_word' id='word_1_126' title='bbox 2518 475 2738 544; x_wconf 80' lang='lat' dir='ltr'><strong>Optimi,</strong></span> <span class='ocrx_word' id='word_1_127' title='bbox 2778 477 3094 532; x_wconf 88' lang='lat' dir='ltr'><strong>ediderunt.</strong></span> <span class='ocrx_word' id='word_1_128' title='bbox 3130 477 3223 533; x_wconf 89' lang='lat' dir='ltr'><strong>Sic</strong></span> <span class='ocrx_word' id='word_1_129' title='bbox 3258 488 3444 534; x_wconf 85' lang='lat' dir='ltr'><strong>autem</strong></span> 
     </span>
    </p>
   </div>
   <div class='ocr_carea' id='block_1_21' title="bbox 1856 567 3449 639">
    <p class='ocr_par' dir='ltr' id='par_1_21' title="bbox 1856 567 3449 639">
     <span class='ocr_line' id='line_1_21' title="bbox 1856 567 3449 639; baseline 0.003 -18"><span class='ocrx_word' id='word_1_130' title='bbox 1856 568 2252 639; x_wconf 68' lang='lat' dir='ltr'><strong>interpretatur</strong></span> <span class='ocrx_word' id='word_1_131' title='bbox 2284 567 2653 639; x_wconf 88' lang='lat' dir='ltr'><strong>Symmachus</strong></span> <span class='ocrx_word' id='word_1_132' title='bbox 2689 567 2853 622; x_wconf 83' lang='lat' dir='ltr'><strong>:‘Pro</strong></span> <span class='ocrx_word' id='word_1_133' title='bbox 2885 569 3052 623; x_wconf 74' lang='lat' dir='ltr'><strong>stwba</strong></span> <span class='ocrx_word' id='word_1_134' title='bbox 3090 572 3335 625; x_wconf 76' lang='lat' dir='ltr'><strong>ascendet</strong></span> <span class='ocrx_word' id='word_1_135' title='bbox 3359 589 3449 626; x_wconf 81' lang='lat' dir='ltr'><strong>sa-</strong></span> 
     </span>
    </p>
   </div>
   <div class='ocr_carea' id='block_1_22' title="bbox 1855 659 3451 733">
    <p class='ocr_par' dir='ltr' id='par_1_22' title="bbox 1855 659 3451 733">
     <span class='ocr_line' id='line_1_22' title="bbox 1855 659 3451 733; baseline 0.006 -21"><span class='ocrx_word' id='word_1_136' title='bbox 1855 659 1998 726; x_wconf 83' lang='lat' dir='ltr'><strong>bina,</strong></span> <span class='ocrx_word' id='word_1_137' title='bbox 2031 676 2126 729; x_wconf 81' lang='lat' dir='ltr'><strong>pro</strong></span> <span class='ocrx_word' id='word_1_138' title='bbox 2165 662 2341 715; x_wconf 81' lang='lat' dir='ltr'><strong>urtica</strong></span> <span class='ocrx_word' id='word_1_139' title='bbox 2371 670 2546 715; x_wconf 86' lang='lat' dir='ltr'><strong>autem</strong></span> <span class='ocrx_word' id='word_1_140' title='bbox 2577 661 2822 716; x_wconf 75' lang='lat' dir='ltr'><strong>ascendet</strong></span> <span class='ocrx_word' id='word_1_141' title='bbox 2861 672 3091 733; x_wconf 79' lang='lat' dir='ltr'><strong>myrtus.</strong></span> <span class='ocrx_word' id='word_1_142' title='bbox 3127 666 3205 718; x_wconf 82' lang='lat' dir='ltr'><strong>Ac</strong></span> <span class='ocrx_word' id='word_1_143' title='bbox 3249 669 3295 719; x_wconf 89' lang='lat' dir='ltr'><strong>si</strong></span> <span class='ocrx_word' id='word_1_144' title='bbox 3331 664 3451 721; x_wconf 79' lang='lat' dir='ltr'><strong>fore</strong></span> 
     </span>
    </p>
   </div>
   <div class='ocr_carea' id='block_1_23' title="bbox 1858 752 3450 825">
    <p class='ocr_par' dir='ltr' id='par_1_23' title="bbox 1858 752 3450 825">
     <span class='ocr_line' id='line_1_23' title="bbox 1858 752 3450 825; baseline 0.003 -19"><span class='ocrx_word' id='word_1_145' title='bbox 1858 752 2091 808; x_wconf 77' lang='lat' dir='ltr'><strong>dixisset</strong></span> <span class='ocrx_word' id='word_1_146' title='bbox 2127 770 2227 823; x_wconf 89' lang='lat' dir='ltr'><strong>pro</strong></span> <span class='ocrx_word' id='word_1_147' title='bbox 2251 753 2825 824; x_wconf 88' lang='lat' dir='ltr'><strong>malitia,justitiam;</strong></span> <span class='ocrx_word' id='word_1_148' title='bbox 2863 770 2966 825; x_wconf 84' lang='lat' dir='ltr'><strong>pro</strong></span> <span class='ocrx_word' id='word_1_149' title='bbox 3013 756 3270 819; x_wconf 85' lang='lat' dir='ltr'><strong>lascivia,</strong></span> <span class='ocrx_word' id='word_1_150' title='bbox 3309 760 3450 810; x_wconf 81' lang='lat' dir='ltr'><strong>tem-</strong></span> 
     </span>
    </p>
   </div>
   <div class='ocr_carea' id='block_1_24' title="bbox 1854 845 3447 918">
    <p class='ocr_par' dir='ltr' id='par_1_24' title="bbox 1854 845 3447 918">
     <span class='ocr_line' id='line_1_24' title="bbox 1854 845 3447 918; baseline 0.001 -18"><span class='ocrx_word' id='word_1_151' title='bbox 1854 847 2195 915; x_wconf 87' lang='lat' dir='ltr'><strong>perantiam;</strong></span> <span class='ocrx_word' id='word_1_152' title='bbox 2233 862 2332 917; x_wconf 91' lang='lat' dir='ltr'><strong>pro</strong></span> <span class='ocrx_word' id='word_1_153' title='bbox 2361 845 3024 915; x_wconf 80' lang='lat' dir='ltr'><strong>audacia,fortitudinem;</strong></span> <span class='ocrx_word' id='word_1_154' title='bbox 3060 862 3161 918; x_wconf 89' lang='lat' dir='ltr'><strong>pro</strong></span> <span class='ocrx_word' id='word_1_155' title='bbox 3188 848 3447 912; x_wconf 88' lang='lat' dir='ltr'><strong>stultitia,</strong></span> 
     </span>
    </p>
   </div>
   <div class='ocr_carea' id='block_1_25' title="bbox 1856 937 3444 1008">
    <p class='ocr_par' dir='ltr' id='par_1_25' title="bbox 1856 937 3444 1008">
     <span class='ocr_line' id='line_1_25' title="bbox 1856 937 3444 1008; baseline 0.003 -18"><span class='ocrx_word' id='word_1_156' title='bbox 1856 938 2236 1006; x_wconf 88' lang='lat' dir='ltr'><strong>prudentiam.</strong></span> <span class='ocrx_word' id='word_1_157' title='bbox 2296 938 2553 995; x_wconf 86' lang='lat' dir='ltr'><strong>Invenias</strong></span> <span class='ocrx_word' id='word_1_158' title='bbox 2615 953 2751 993; x_wconf 88' lang='lat' dir='ltr'><strong>vero</strong></span> <span class='ocrx_word' id='word_1_159' title='bbox 2803 945 2857 992; x_wconf 88' lang='lat' dir='ltr'><strong>et</strong></span> <span class='ocrx_word' id='word_1_160' title='bbox 2892 937 3039 993; x_wconf 88' lang='lat' dir='ltr'><strong>istud</strong></span> <span class='ocrx_word' id='word_1_161' title='bbox 3100 939 3155 992; x_wconf 91' lang='lat' dir='ltr'><strong>in</strong></span> <span class='ocrx_word' id='word_1_162' title='bbox 3190 939 3284 1004; x_wconf 80' lang='lat' dir='ltr'><strong>iis,</strong></span> <span class='ocrx_word' id='word_1_163' title='bbox 3350 941 3444 1008; x_wconf 90' lang='lat' dir='ltr'><strong>qui</strong></span> 
     </span>
    </p>
   </div>
   <div class='ocr_carea' id='block_1_26' title="bbox 1854 1027 3444 1098">
    <p class='ocr_par' dir='ltr' id='par_1_26' title="bbox 1854 1027 3444 1098">
     <span class='ocr_line' id='line_1_26' title="bbox 1854 1027 3444 1098; baseline 0 -16"><span class='ocrx_word' id='word_1_164' title='bbox 1854 1034 1988 1082; x_wconf 86' lang='lat' dir='ltr'><strong>sunt</strong></span> <span class='ocrx_word' id='word_1_165' title='bbox 2022 1044 2087 1082; x_wconf 83' lang='lat' dir='ltr'><strong>ex</strong></span> <span class='ocrx_word' id='word_1_166' title='bbox 2124 1028 2501 1083; x_wconf 89' lang='lat' dir='ltr'><strong>lsraelitarum</strong></span> <span class='ocrx_word' id='word_1_167' title='bbox 2535 1028 2728 1097; x_wconf 82' lang='lat' dir='ltr'><strong>stirpe.</strong></span> <span class='ocrx_word' id='word_1_168' title='bbox 2765 1027 2948 1083; x_wconf 76' lang='lat' dir='ltr'><strong>Stceba</strong></span> <span class='ocrx_word' id='word_1_169' title='bbox 2978 1028 3125 1082; x_wconf 90' lang='lat' dir='ltr'><strong>enim</strong></span> <span class='ocrx_word' id='word_1_170' title='bbox 3164 1029 3444 1098; x_wconf 87' lang='lat' dir='ltr'><strong>quondam</strong></span> 
     </span>
    </p>
   </div>
   <div class='ocr_carea' id='block_1_27' title="bbox 1855 1117 3447 1187">
    <p class='ocr_par' dir='ltr' id='par_1_27' title="bbox 1855 1117 3447 1187">
     <span class='ocr_line' id='line_1_27' title="bbox 1855 1117 3447 1187; baseline 0 -14"><span class='ocrx_word' id='word_1_171' title='bbox 1855 1124 1910 1173; x_wconf 87' lang='lat' dir='ltr'><strong>et</strong></span> <span class='ocrx_word' id='word_1_172' title='bbox 1940 1133 2148 1187; x_wconf 82' lang='lat' dir='ltr'><strong>conyza</strong></span> <span class='ocrx_word' id='word_1_173' title='bbox 2205 1133 2328 1171; x_wconf 87' lang='lat' dir='ltr'><strong>cmn</strong></span> <span class='ocrx_word' id='word_1_174' title='bbox 2395 1126 2582 1174; x_wconf 89' lang='lat' dir='ltr'><strong>essent</strong></span> <span class='ocrx_word' id='word_1_175' title='bbox 2626 1117 2913 1173; x_wconf 61' lang='lat' dir='ltr'><strong>Mattlzaaus</strong></span> <span class='ocrx_word' id='word_1_176' title='bbox 2963 1128 3017 1173; x_wconf 78' lang='lat' dir='ltr'><strong>et</strong></span> <span class='ocrx_word' id='word_1_177' title='bbox 3051 1117 3292 1184; x_wconf 86' lang='lat' dir='ltr'><strong>Paulus,</strong></span> <span class='ocrx_word' id='word_1_178' title='bbox 3351 1121 3447 1173; x_wconf 86' lang='lat' dir='ltr'><strong>ille</strong></span> 
     </span>
    </p>
   </div>
   <div class='ocr_carea' id='block_1_28' title="bbox 1854 1209 3447 1281">
    <p class='ocr_par' dir='ltr' id='par_1_28' title="bbox 1854 1209 3447 1281">
     <span class='ocr_line' id='line_1_28' title="bbox 1854 1209 3447 1281; baseline 0.002 -19"><span class='ocrx_word' id='word_1_179' title='bbox 1854 1209 2073 1278; x_wconf 84' lang='lat' dir='ltr'><strong>quidem</strong></span> <span class='ocrx_word' id='word_1_180' title='bbox 2107 1210 2458 1279; x_wconf 68' lang='lat' dir='ltr'><strong>publicanus,</strong></span> <span class='ocrx_word' id='word_1_181' title='bbox 2486 1211 2571 1265; x_wconf 91' lang='lat' dir='ltr'><strong>hic</strong></span> <span class='ocrx_word' id='word_1_182' title='bbox 2611 1219 2789 1264; x_wconf 85' lang='lat' dir='ltr'><strong>autem</strong></span> <span class='ocrx_word' id='word_1_183' title='bbox 2844 1219 3205 1281; x_wconf 82' lang='lat' dir='ltr'><strong>persecutor;</strong></span> <span class='ocrx_word' id='word_1_184' title='bbox 3253 1209 3447 1265; x_wconf 87' lang='lat' dir='ltr'><strong>Chris-</strong></span> 
     </span>
    </p>
   </div>
   <div class='ocr_carea' id='block_1_29' title="bbox 1857 1301 3450 1371">
    <p class='ocr_par' dir='ltr' id='par_1_29' title="bbox 1857 1301 3450 1371">
     <span class='ocr_line' id='line_1_29' title="bbox 1857 1301 3450 1371; baseline 0.001 -18"><span class='ocrx_word' id='word_1_185' title='bbox 1857 1310 1969 1354; x_wconf 91' lang='lat' dir='ltr'><strong>tum</strong></span> <span class='ocrx_word' id='word_1_186' title='bbox 1993 1309 2175 1354; x_wconf 89' lang='lat' dir='ltr'><strong>tamcn</strong></span> <span class='ocrx_word' id='word_1_187' title='bbox 2208 1301 2429 1371; x_wconf 87' lang='lat' dir='ltr'><strong>ubique,</strong></span> <span class='ocrx_word' id='word_1_188' title='bbox 2455 1301 2598 1370; x_wconf 87' lang='lat' dir='ltr'><strong>apud</strong></span> <span class='ocrx_word' id='word_1_189' title='bbox 2625 1317 2720 1355; x_wconf 88' lang='lat' dir='ltr'><strong>eos</strong></span> <span class='ocrx_word' id='word_1_190' title='bbox 2749 1302 2861 1356; x_wconf 83' lang='lat' dir='ltr'><strong>sive</strong></span> <span class='ocrx_word' id='word_1_191' title='bbox 2885 1303 2976 1371; x_wconf 88' lang='lat' dir='ltr'><strong>qui</strong></span> <span class='ocrx_word' id='word_1_192' title='bbox 3004 1302 3301 1366; x_wconf 84' lang='lat' dir='ltr'><strong>salvantur,</strong></span> <span class='ocrx_word' id='word_1_193' title='bbox 3331 1303 3450 1357; x_wconf 80' lang='lat' dir='ltr'><strong>sive</strong></span> 
     </span>
    </p>
   </div>
   <div class='ocr_carea' id='block_1_30' title="bbox 1853 1389 3443 1461">
    <p class='ocr_par' dir='ltr' id='par_1_30' title="bbox 1853 1389 3443 1461">
     <span class='ocr_line' id='line_1_30' title="bbox 1853 1389 3443 1461; baseline 0.003 -19"><span class='ocrx_word' id='word_1_194' title='bbox 1853 1389 2010 1461; x_wconf 88' lang='lat' dir='ltr'><strong>apud</strong></span> <span class='ocrx_word' id='word_1_195' title='bbox 2075 1406 2173 1445; x_wconf 86' lang='lat' dir='ltr'><strong>eos</strong></span> <span class='ocrx_word' id='word_1_196' title='bbox 2274 1393 2368 1461; x_wconf 86' lang='lat' dir='ltr'><strong>qui</strong></span> <span class='ocrx_word' id='word_1_197' title='bbox 2424 1400 2671 1461; x_wconf 87' lang='lat' dir='ltr'><strong>pereunt,</strong></span> <span class='ocrx_word' id='word_1_198' title='bbox 2735 1391 2874 1446; x_wconf 85' lang='lat' dir='ltr'><strong>bene</strong></span> <span class='ocrx_word' id='word_1_199' title='bbox 2955 1393 3102 1446; x_wconf 88' lang='lat' dir='ltr'><strong>olere</strong></span> <span class='ocrx_word' id='word_1_200' title='bbox 3155 1400 3443 1446; x_wconf 81' lang='lat' dir='ltr'><strong>curarunt.</strong></span> 
     </span>
    </p>
   </div>
   <div class='ocr_carea' id='block_1_31' title="bbox 1857 1462 3446 1552">
    <p class='ocr_par' dir='ltr' id='par_1_31' title="bbox 1857 1462 3446 1552">
     <span class='ocr_line' id='line_1_31' title="bbox 1857 1462 3446 1552; baseline 0.003 -18"><span class='ocrx_word' id='word_1_201' title='bbox 1857 1462 2111 1535; x_wconf 73' lang='lat' dir='ltr'><strong>Mirabile</strong></span> <span class='ocrx_word' id='word_1_202' title='bbox 2140 1496 2270 1536; x_wconf 86' lang='lat' dir='ltr'><strong>vero</strong></span> <span class='ocrx_word' id='word_1_203' title='bbox 2289 1482 2549 1550; x_wconf 78' lang='lat' dir='ltr'><strong>quiddam</strong></span> <span class='ocrx_word' id='word_1_204' title='bbox 2577 1494 2631 1535; x_wconf 88' lang='lat' dir='ltr'><strong>et</strong></span> <span class='ocrx_word' id='word_1_205' title='bbox 2655 1482 2804 1537; x_wconf 86' lang='lat' dir='ltr'><strong>aliud</strong></span> <span class='ocrx_word' id='word_1_206' title='bbox 2839 1482 2903 1536; x_wconf 91' lang='lat' dir='ltr'><strong>iis</strong></span> <span class='ocrx_word' id='word_1_207' title='bbox 2926 1483 3236 1550; x_wconf 81' lang='lat' dir='ltr'><strong>pollicetur,</strong></span> <span class='ocrx_word' id='word_1_208' title='bbox 3265 1484 3356 1552; x_wconf 90' lang='lat' dir='ltr'><strong>qui</strong></span> <span class='ocrx_word' id='word_1_209' title='bbox 3382 1486 3446 1538; x_wconf 86' lang='lat' dir='ltr'><strong>de</strong></span> 
     </span>
    </p>
   </div>
   <div class='ocr_carea' id='block_1_32' title="bbox 1858 1573 3444 1643">
    <p class='ocr_par' dir='ltr' id='par_1_32' title="bbox 1858 1573 3444 1643">
     <span class='ocr_line' id='line_1_32' title="bbox 1858 1573 3444 1643; baseline -0.002 -15"><span class='ocrx_word' id='word_1_210' title='bbox 1858 1573 2115 1643; x_wconf 77' lang='lat' dir='ltr'><strong>gentibus</strong></span> <span class='ocrx_word' id='word_1_211' title='bbox 2146 1574 2213 1627; x_wconf 90' lang='lat' dir='ltr'><strong>ad</strong></span> <span class='ocrx_word' id='word_1_212' title='bbox 2246 1573 2543 1628; x_wconf 86' lang='lat' dir='ltr'><strong>Dominum</strong></span> <span class='ocrx_word' id='word_1_213' title='bbox 2569 1584 2693 1629; x_wconf 86' lang='lat' dir='ltr'><strong>sese</strong></span> <span class='ocrx_word' id='word_1_214' title='bbox 2725 1574 3102 1638; x_wconf 88' lang='lat' dir='ltr'><strong>contulerunt,</strong></span> <span class='ocrx_word' id='word_1_215' title='bbox 3129 1589 3253 1626; x_wconf 89' lang='lat' dir='ltr'><strong>cum</strong></span> <span class='ocrx_word' id='word_1_216' title='bbox 3282 1573 3356 1626; x_wconf 81' lang='lat' dir='ltr'><strong>eis</strong></span> <span class='ocrx_word' id='word_1_217' title='bbox 3392 1575 3444 1626; x_wconf 87' lang='lat' dir='ltr'><strong>in</strong></span> 
     </span>
    </p>
   </div>
   <div class='ocr_carea' id='block_1_33' title="bbox 1858 1663 3447 1735">
    <p class='ocr_par' dir='ltr' id='par_1_33' title="bbox 1858 1663 3447 1735">
     <span class='ocr_line' id='line_1_33' title="bbox 1858 1663 3447 1735; baseline -0.001 -17"><span class='ocrx_word' id='word_1_218' title='bbox 1858 1681 2048 1718; x_wconf 82' lang='lat' dir='ltr'><strong>nomen</strong></span> <span class='ocrx_word' id='word_1_219' title='bbox 2069 1674 2119 1718; x_wconf 87' lang='lat' dir='ltr'><strong>et</strong></span> <span class='ocrx_word' id='word_1_220' title='bbox 2142 1665 2352 1735; x_wconf 78' lang='lat' dir='ltr'><strong>signum</strong></span> <span class='ocrx_word' id='word_1_221' title='bbox 2375 1666 2751 1733; x_wconf 82' lang='lat' dir='ltr'><strong>sempiternum</strong></span> <span class='ocrx_word' id='word_1_222' title='bbox 2782 1664 2894 1727; x_wconf 75' lang='lat' dir='ltr'><strong>fore</strong></span> <span class='ocrx_word' id='word_1_223' title='bbox 2935 1663 3215 1717; x_wconf 73' lang='lat' dir='ltr'><strong>Dominum</strong></span> <span class='ocrx_word' id='word_1_224' title='bbox 3248 1663 3447 1732; x_wconf 76' lang='lat' dir='ltr'><strong>adjun-</strong></span> 
     </span>
    </p>
   </div>
   <div class='ocr_carea' id='block_1_34' title="bbox 191 1741 1753 1827">
    <p class='ocr_par' dir='ltr' id='par_1_34' title="bbox 191 1746 1741 1821">
     <span class='ocr_line' id='line_1_34' title="bbox 191 1746 1741 1821; baseline 0.001 -19"><span class='ocrx_word' id='word_1_225' title='bbox 191 1751 326 1821; x_wconf 73' lang='grc' dir='ltr'>ῥῆσιν</span> <span class='ocrx_word' id='word_1_226' title='bbox 348 1748 519 1812; x_wconf 75' lang='grc' dir='ltr'>οὕτως</span> <span class='ocrx_word' id='word_1_227' title='bbox 550 1748 898 1820; x_wconf 82' lang='grc' dir='ltr'>ἑρμήνευσαν</span> <span class='ocrx_word' id='word_1_228' title='bbox 923 1750 1124 1819; x_wconf 73' lang='grc' dir='ltr'>ἕτεροι·</span> <span class='ocrx_word' id='word_1_229' title='bbox 1163 1747 1298 1800; x_wconf 86' lang='grc' dir='ltr'>Θεοῦ</span> <span class='ocrx_word' id='word_1_230' title='bbox 1329 1746 1522 1801; x_wconf 81' lang='grc' dir='ltr'>σώσειν</span> <span class='ocrx_word' id='word_1_231' title='bbox 1546 1750 1741 1815; x_wconf 81' lang='grc' dir='ltr'>αὐτοὺς</span> 
     </span>
    </p>
   </div>
   <div class='ocr_carea' id='block_1_35' title="bbox 1859 1741 3449 1827">
    <p class='ocr_par' dir='ltr' id='par_1_35' title="bbox 1859 1754 3449 1827">
     <span class='ocr_line' id='line_1_35' title="bbox 1859 1754 3449 1827; baseline -0.001 -17"><span class='ocrx_word' id='word_1_232' title='bbox 1859 1757 1945 1827; x_wconf 72' lang='lat' dir='ltr'><strong>git.</strong></span> <span class='ocrx_word' id='word_1_233' title='bbox 1988 1754 2202 1826; x_wconf 88' lang='lat' dir='ltr'><strong>Ubique</strong></span> <span class='ocrx_word' id='word_1_234' title='bbox 2226 1757 2373 1811; x_wconf 90' lang='lat' dir='ltr'><strong>enim</strong></span> <span class='ocrx_word' id='word_1_235' title='bbox 2402 1755 2748 1811; x_wconf 83' lang='lat' dir='ltr'><strong>Christianos</strong></span> <span class='ocrx_word' id='word_1_236' title='bbox 2785 1772 2813 1808; x_wconf 88' lang='lat' dir='ltr'><strong>a</strong></span> <span class='ocrx_word' id='word_1_237' title='bbox 2846 1756 3070 1809; x_wconf 87' lang='lat' dir='ltr'><strong>Christo</strong></span> <span class='ocrx_word' id='word_1_238' title='bbox 3095 1762 3449 1824; x_wconf 89' lang='lat' dir='ltr'><strong>nuncupatos</strong></span> 
     </span>
    </p>
   </div>
   <div class='ocr_carea' id='block_1_36' title="bbox 189 1836 1753 1916">
    <p class='ocr_par' dir='ltr' id='par_1_36' title="bbox 189 1836 1752 1908">
     <span class='ocr_line' id='line_1_36' title="bbox 189 1836 1752 1908; baseline -0.001 -16"><span class='ocrx_word' id='word_1_239' title='bbox 189 1838 635 1908; x_wconf 72' lang='grc' dir='ltr'>ἐπαγγειλαμένου</span> <span class='ocrx_word' id='word_1_240' title='bbox 655 1836 1070 1907; x_wconf 81' lang='grc' dir='ltr'>μετανοοῦντας,</span> <span class='ocrx_word' id='word_1_241' title='bbox 1095 1837 1190 1889; x_wconf 78' lang='grc' dir='ltr'><strong>καὶ</strong></span> <span class='ocrx_word' id='word_1_242' title='bbox 1211 1836 1337 1898; x_wconf 82' lang='grc' dir='ltr'>τοὺς</span> <span class='ocrx_word' id='word_1_243' title='bbox 1365 1836 1597 1906; x_wconf 76' lang='grc' dir='ltr'>ἐχθροὺς</span> <span class='ocrx_word' id='word_1_244' title='bbox 1619 1837 1752 1891; x_wconf 84' lang='grc' dir='ltr'>ὑπο-</span> 
     </span>
    </p>
   </div>
   <div class='ocr_carea' id='block_1_37' title="bbox 1859 1836 3447 1916">
    <p class='ocr_par' dir='ltr' id='par_1_37' title="bbox 1859 1839 3447 1916">
     <span class='ocr_line' id='line_1_37' title="bbox 1859 1839 3447 1916; baseline 0 -16"><span class='ocrx_word' id='word_1_245' title='bbox 1859 1846 2057 1911; x_wconf 76' lang='lat' dir='ltr'><strong>videas,</strong></span> <span class='ocrx_word' id='word_1_246' title='bbox 2090 1854 2142 1901; x_wconf 89' lang='lat' dir='ltr'><strong>et</strong></span> <span class='ocrx_word' id='word_1_247' title='bbox 2168 1839 2379 1916; x_wconf 56' lang='lat' dir='ltr'><strong>signum</strong></span> <span class='ocrx_word' id='word_1_248' title='bbox 2432 1847 2631 1902; x_wconf 88' lang='lat' dir='ltr'><strong>salu’tis</strong></span> <span class='ocrx_word' id='word_1_249' title='bbox 2691 1847 2795 1900; x_wconf 76' lang='lat' dir='ltr'><strong>hoc</strong></span> <span class='ocrx_word' id='word_1_250' title='bbox 2859 1845 3166 1900; x_wconf 88' lang='lat' dir='ltr'><strong>inscribere</strong></span> <span class='ocrx_word' id='word_1_251' title='bbox 3212 1846 3447 1911; x_wconf 82' lang='lat' dir='ltr'><strong>nomine,</strong></span> 
     </span>
    </p>
   </div>
   <div class='ocr_carea' id='block_1_38' title="bbox 187 1927 1753 2012">
    <p class='ocr_par' dir='ltr' id='par_1_38' title="bbox 187 1927 1748 1998">
     <span class='ocr_line' id='line_1_38' title="bbox 187 1927 1748 1998; baseline 0 -15"><span class='ocrx_word' id='word_1_252' title='bbox 187 1930 346 1994; x_wconf 77' lang='grc' dir='ltr'>τάξειν</span> <span class='ocrx_word' id='word_1_253' title='bbox 377 1930 587 1993; x_wconf 80' lang='grc' dir='ltr'>αὐτοῖς,</span> <span class='ocrx_word' id='word_1_254' title='bbox 639 1933 733 1981; x_wconf 78' lang='grc' dir='ltr'>καὶ</span> <span class='ocrx_word' id='word_1_255' title='bbox 764 1928 860 1981; x_wconf 85' lang='grc' dir='ltr'><strong>τοῦ</strong></span> <span class='ocrx_word' id='word_1_256' title='bbox 890 1930 1170 1998; x_wconf 81' lang='grc' dir='ltr'>προφήτου</span> <span class='ocrx_word' id='word_1_257' title='bbox 1225 1927 1361 1998; x_wconf 81' lang='grc' dir='ltr'>πρὸς</span> <span class='ocrx_word' id='word_1_258' title='bbox 1417 1928 1601 1982; x_wconf 88' lang='grc' dir='ltr'>πίστιν</span> <span class='ocrx_word' id='word_1_259' title='bbox 1646 1931 1748 1983; x_wconf 84' lang='grc' dir='ltr'>αύ-</span> 
     </span>
    </p>
   </div>
   <div class='ocr_carea' id='block_1_39' title="bbox 1859 1927 3447 2012">
    <p class='ocr_par' dir='ltr' id='par_1_39' title="bbox 1859 1939 3447 2012">
     <span class='ocr_line' id='line_1_39' title="bbox 1859 1939 3447 2012; baseline -0.002 -16"><span class='ocrx_word' id='word_1_260' title='bbox 1859 1941 1991 2010; x_wconf 66' lang='grc' dir='ltr'>Ῑιιοίί</span> <span class='ocrx_word' id='word_1_261' title='bbox 2012 1940 2177 2012; x_wconf 77' lang='lat'><strong>632</strong></span> <span class='ocrx_word' id='word_1_262' title='bbox 2210 1957 2311 1995; x_wconf 90' lang='lat' dir='ltr'><strong>non</strong></span> <span class='ocrx_word' id='word_1_263' title='bbox 2339 1951 2417 1995; x_wconf 78' lang='lat' dir='ltr'><strong>est</strong></span> <span class='ocrx_word' id='word_1_264' title='bbox 2446 1956 2687 2010; x_wconf 78' lang='lat' dir='ltr'><strong>unquam</strong></span> <span class='ocrx_word' id='word_1_265' title='bbox 2717 1942 3209 2008; x_wconf 79' lang='lat' dir='ltr'><strong>de]ecturum;cum</strong></span> <span class='ocrx_word' id='word_1_266' title='bbox 3235 1939 3447 1994; x_wconf 91' lang='lat' dir='ltr'><strong>nullum</strong></span> 
     </span>
    </p>
   </div>
   <div class='ocr_carea' id='block_1_40' title="bbox 187 2020 1748 2098">
    <p class='ocr_par' dir='ltr' id='par_1_40' title="bbox 187 2020 1748 2098">
     <span class='ocr_line' id='line_1_40' title="bbox 187 2020 1748 2098; baseline 0 -23"><span class='ocrx_word' id='word_1_267' title='bbox 187 2024 293 2086; x_wconf 82' lang='grc' dir='ltr'>τοὺς</span> <span class='ocrx_word' id='word_1_268' title='bbox 320 2022 685 2098; x_wconf 75' lang='grc' dir='ltr'>διεγείραντος</span> <span class='ocrx_word' id='word_1_269' title='bbox 707 2022 1162 2092; x_wconf 83' lang='grc' dir='ltr'>(κληρονομήσειν</span> <span class='ocrx_word' id='word_1_270' title='bbox 1200 2021 1311 2088; x_wconf 83' lang='grc' dir='ltr'><strong>γάρ</strong></span> <span class='ocrx_word' id='word_1_271' title='bbox 1346 2020 1546 2084; x_wconf 74' lang='grc' dir='ltr'>αὐτοὺς</span> <span class='ocrx_word' id='word_1_272' title='bbox 1572 2037 1748 2093; x_wconf 84' lang='grc' dir='ltr'>σωτη-</span> 
     </span>
    </p>
   </div>
   <div class='ocr_carea' id='block_1_41' title="bbox 1857 2026 3447 2099">
    <p class='ocr_par' dir='ltr' id='par_1_41' title="bbox 1857 2026 3447 2099">
     <span class='ocr_line' id='line_1_41' title="bbox 1857 2026 3447 2099; baseline 0.001 -18"><span class='ocrx_word' id='word_1_273' title='bbox 1857 2026 2206 2095; x_wconf 74' lang='lat' dir='ltr'><strong>beneficium,</strong></span> <span class='ocrx_word' id='word_1_274' title='bbox 2238 2029 2558 2098; x_wconf 86' lang='lat' dir='ltr'><strong>nullamque</strong></span> <span class='ocrx_word' id='word_1_275' title='bbox 2586 2029 2822 2099; x_wconf 78' lang='lat' dir='ltr'><strong>gratiam</strong></span> <span class='ocrx_word' id='word_1_276' title='bbox 2858 2026 3003 2083; x_wconf 89' lang='lat' dir='ltr'><strong>Deus</strong></span> <span class='ocrx_word' id='word_1_277' title='bbox 3054 2026 3305 2082; x_wconf 76' lang='lat' dir='ltr'><strong>conferre</strong></span> <span class='ocrx_word' id='word_1_278' title='bbox 3351 2043 3447 2082; x_wconf 81' lang='lat' dir='ltr'><strong>so-</strong></span> 
     </span>
    </p>
   </div>
   <div class='ocr_carea' id='block_1_42' title="bbox 191 2112 1753 2189">
    <p class='ocr_par' dir='ltr' id='par_1_42' title="bbox 191 2112 1746 2185">
     <span class='ocr_line' id='line_1_42' title="bbox 191 2112 1746 2185; baseline 0.002 -19"><span class='ocrx_word' id='word_1_279' title='bbox 191 2114 312 2184; x_wconf 79' lang='grc' dir='ltr'>ρεαν)</span> <span class='ocrx_word' id='word_1_280' title='bbox 339 2113 445 2168; x_wconf 84' lang='grc' dir='ltr'>τῶν</span> <span class='ocrx_word' id='word_1_281' title='bbox 470 2113 788 2169; x_wconf 81' lang='grc' dir='ltr'>ἀκουόντων</span> <span class='ocrx_word' id='word_1_282' title='bbox 811 2112 1143 2185; x_wconf 80' lang='grc' dir='ltr'>κινηθέντων</span> <span class='ocrx_word' id='word_1_283' title='bbox 1165 2112 1300 2184; x_wconf 85' lang='grc' dir='ltr'>πρὸς</span> <span class='ocrx_word' id='word_1_284' title='bbox 1335 2112 1521 2178; x_wconf 82' lang='grc' dir='ltr'>πόθον,</span> <span class='ocrx_word' id='word_1_285' title='bbox 1543 2113 1746 2169; x_wconf 79' lang='grc' dir='ltr'>ἐθέλειν</span> 
     </span>
    </p>
   </div>
   <div class='ocr_carea' id='block_1_43' title="bbox 1859 2112 3447 2189">
    <p class='ocr_par' dir='ltr' id='par_1_43' title="bbox 1864 2116 3447 2189">
     <span class='ocr_line' id='line_1_43' title="bbox 1864 2116 3447 2189; baseline -0.002 -16"><span class='ocrx_word' id='word_1_286' title='bbox 1864 2124 1977 2183; x_wconf 88' lang='lat' dir='ltr'><strong>eat,</strong></span> <span class='ocrx_word' id='word_1_287' title='bbox 2005 2117 2164 2188; x_wconf 87' lang='lat' dir='ltr'><strong>cujus</strong></span> <span class='ocrx_word' id='word_1_288' title='bbox 2189 2133 2316 2172; x_wconf 90' lang='lat' dir='ltr'><strong>eum</strong></span> <span class='ocrx_word' id='word_1_289' title='bbox 2344 2129 2533 2189; x_wconf 90' lang='lat' dir='ltr'><strong>postea</strong></span> <span class='ocrx_word' id='word_1_290' title='bbox 2568 2119 2853 2189; x_wconf 66' lang='lat' dir='ltr'><strong>poeniteat.</strong></span> <span class='ocrx_word' id='word_1_291' title='bbox 2884 2116 3215 2172; x_wconf 81' lang='lat' dir='ltr'><strong>Nondesunt</strong></span> <span class='ocrx_word' id='word_1_292' title='bbox 3240 2124 3447 2181; x_wconf 87' lang='lat' dir='ltr'><strong>tamen,</strong></span> 
     </span>
    </p>
   </div>
   <div class='ocr_carea' id='block_1_44' title="bbox 186 2202 1747 2278">
    <p class='ocr_par' dir='ltr' id='par_1_44' title="bbox 186 2202 1747 2278">
     <span class='ocr_line' id='line_1_44' title="bbox 186 2202 1747 2278; baseline 0.002 -21"><span class='ocrx_word' id='word_1_293' title='bbox 186 2223 235 2258; x_wconf 77' lang='grc' dir='ltr'><strong>τε</strong></span> <span class='ocrx_word' id='word_1_294' title='bbox 261 2205 488 2274; x_wconf 83' lang='grc' dir='ltr'>σωθῆναι</span> <span class='ocrx_word' id='word_1_295' title='bbox 515 2204 808 2274; x_wconf 86' lang='grc' dir='ltr'>λεγόντων,</span> <span class='ocrx_word' id='word_1_296' title='bbox 831 2204 969 2276; x_wconf 73' lang='grc' dir='ltr'>πρὸς</span> <span class='ocrx_word' id='word_1_297' title='bbox 994 2205 1094 2268; x_wconf 79' lang='grc' dir='ltr'><strong>τὰς</strong></span> <span class='ocrx_word' id='word_1_298' title='bbox 1136 2202 1342 2267; x_wconf 70' lang='grc' dir='ltr'>ἑννοίας</span> <span class='ocrx_word' id='word_1_299' title='bbox 1362 2204 1545 2258; x_wconf 83' lang='grc' dir='ltr'>αὐτῶν</span> <span class='ocrx_word' id='word_1_300' title='bbox 1567 2207 1595 2259; x_wconf 85' lang='grc' dir='ltr'><strong>ό</strong></span> <span class='ocrx_word' id='word_1_301' title='bbox 1612 2223 1747 2278; x_wconf 63' lang='grc' dir='ltr'>προσ</span> 
     </span>
    </p>
   </div>
   <div class='ocr_carea' id='block_1_45' title="bbox 187 2296 1204 2368">
    <p class='ocr_par' dir='ltr' id='par_1_45' title="bbox 187 2296 1204 2368">
     <span class='ocr_line' id='line_1_45' title="bbox 187 2296 1204 2368; baseline -0.004 -14"><span class='ocrx_word' id='word_1_302' title='bbox 187 2300 339 2368; x_wconf 74' lang='grc' dir='ltr'>φήτης</span> <span class='ocrx_word' id='word_1_303' title='bbox 360 2298 434 2361; x_wconf 84' lang='grc' dir='ltr'>ὡς</span> <span class='ocrx_word' id='word_1_304' title='bbox 461 2296 771 2366; x_wconf 70' lang='grc' dir='ltr'>διψῶντας</span> <span class='ocrx_word' id='word_1_305' title='bbox 810 2297 1204 2368; x_wconf 79' lang='grc' dir='ltr'>προτρέπεται.</span> 
     </span>
    </p>
   </div>
   <div class='ocr_carea' id='block_1_46' title="bbox 1854 2209 3442 2281">
    <p class='ocr_par' dir='ltr' id='par_1_46' title="bbox 1854 2209 3442 2281">
     <span class='ocr_line' id='line_1_46' title="bbox 1854 2209 3442 2281; baseline -0.001 -18"><span class='ocrx_word' id='word_1_306' title='bbox 1854 2209 1949 2279; x_wconf 91' lang='lat' dir='ltr'><strong>qui</strong></span> <span class='ocrx_word' id='word_1_307' title='bbox 1970 2211 2112 2281; x_wconf 76' lang='lat' dir='ltr'><strong>signi</strong></span> <span class='ocrx_word' id='word_1_308' title='bbox 2157 2210 2540 2281; x_wconf 82' lang='lat' dir='ltr'><strong>appellatione,</strong></span> <span class='ocrx_word' id='word_1_309' title='bbox 2568 2225 2789 2265; x_wconf 89' lang='lat' dir='ltr'><strong>crucem</strong></span> <span class='ocrx_word' id='word_1_310' title='bbox 2821 2226 2964 2273; x_wconf 85' lang='lat' dir='ltr'><strong>eam,</strong></span> <span class='ocrx_word' id='word_1_311' title='bbox 3007 2225 3104 2279; x_wconf 91' lang='lat' dir='ltr'><strong>per</strong></span> <span class='ocrx_word' id='word_1_312' title='bbox 3136 2223 3301 2278; x_wconf 87' lang='lat' dir='ltr'><strong>quam</strong></span> <span class='ocrx_word' id='word_1_313' title='bbox 3353 2223 3442 2262; x_wconf 84' lang='lat' dir='ltr'><strong>sa-</strong></span> 
     </span>
    </p>
   </div>
   <div class='ocr_carea' id='block_1_47' title="bbox 1857 2300 3449 2374">
    <p class='ocr_par' dir='ltr' id='par_1_47' title="bbox 1857 2300 3449 2374">
     <span class='ocr_line' id='line_1_47' title="bbox 1857 2300 3449 2374; baseline -0.002 -17"><span class='ocrx_word' id='word_1_314' title='bbox 1857 2303 2030 2359; x_wconf 89' lang='lat' dir='ltr'><strong>lutem</strong></span> <span class='ocrx_word' id='word_1_315' title='bbox 2078 2318 2272 2359; x_wconf 89' lang='lat' dir='ltr'><strong>sumus</strong></span> <span class='ocrx_word' id='word_1_316' title='bbox 2321 2303 2523 2374; x_wconf 87' lang='lat' dir='ltr'><strong>adepti,</strong></span> <span class='ocrx_word' id='word_1_317' title='bbox 2570 2311 2763 2374; x_wconf 91' lang='lat' dir='ltr'><strong>putent</strong></span> <span class='ocrx_word' id='word_1_318' title='bbox 2820 2300 3140 2371; x_wconf 78' lang='lat' dir='ltr'><strong>signiﬁcari.</strong></span> <span class='ocrx_word' id='word_1_319' title='bbox 3177 2300 3285 2355; x_wconf 86' lang='lat' dir='ltr'><strong>Alii</strong></span> <span class='ocrx_word' id='word_1_320' title='bbox 3316 2315 3449 2355; x_wconf 89' lang='lat' dir='ltr'><strong>vero</strong></span> 
     </span>
    </p>
   </div>
   <div class='ocr_carea' id='block_1_48' title="bbox 187 2388 3448 2469">
    <p class='ocr_par' dir='ltr' id='par_1_48' title="bbox 187 2388 3448 2469">
     <span class='ocr_line' id='line_1_48' title="bbox 187 2388 3448 2469; baseline 0 -25"><span class='ocrx_word' id='word_1_321' title='bbox 187 2393 275 2446; x_wconf 89' lang='lat' dir='ltr'><strong>hoc</strong></span> <span class='ocrx_word' id='word_1_322' title='bbox 310 2399 478 2446; x_wconf 90' lang='lat' dir='ltr'><strong>totum</strong></span> <span class='ocrx_word' id='word_1_323' title='bbox 510 2406 580 2447; x_wconf 86' lang='lat' dir='ltr'><strong>eo</strong></span> <span class='ocrx_word' id='word_1_324' title='bbox 616 2388 887 2457; x_wconf 79' lang='lat' dir='ltr'><strong>referunt,</strong></span> <span class='ocrx_word' id='word_1_325' title='bbox 927 2400 988 2445; x_wconf 89' lang='lat' dir='ltr'><strong>ut</strong></span> <span class='ocrx_word' id='word_1_326' title='bbox 1022 2393 1209 2462; x_wconf 81' lang='lat' dir='ltr'><strong>velint,</strong></span> <span class='ocrx_word' id='word_1_327' title='bbox 1240 2393 1411 2449; x_wconf 88' lang='lat' dir='ltr'><strong>Deum</strong></span> <span class='ocrx_word' id='word_1_328' title='bbox 1466 2394 1643 2465; x_wconf 89' lang='lat' dir='ltr'><strong>ipsum</strong></span> <span class='ocrx_word' id='word_1_329' title='bbox 1691 2395 1783 2451; x_wconf 90' lang='lat' dir='ltr'><strong>ubi</strong></span> <span class='ocrx_word' id='word_1_330' title='bbox 1822 2411 1942 2463; x_wconf 91' lang='lat' dir='ltr'><strong>eos,</strong></span> <span class='ocrx_word' id='word_1_331' title='bbox 2011 2399 2105 2469; x_wconf 88' lang='lat' dir='ltr'><strong>qui</strong></span> <span class='ocrx_word' id='word_1_332' title='bbox 2154 2397 2544 2469; x_wconf 86' lang='lat' dir='ltr'><strong>resipuissent,</strong></span> <span class='ocrx_word' id='word_1_333' title='bbox 2572 2404 2918 2452; x_wconf 62' lang='lat' dir='ltr'><strong>seruiturum</strong></span> <span class='ocrx_word' id='word_1_334' title='bbox 2952 2410 3034 2459; x_wconf 88' lang='lat' dir='ltr'><strong>se,</strong></span> <span class='ocrx_word' id='word_1_335' title='bbox 3065 2402 3120 2448; x_wconf 90' lang='lat' dir='ltr'><strong>et</strong></span> <span class='ocrx_word' id='word_1_336' title='bbox 3154 2393 3290 2463; x_wconf 75' lang='lat' dir='ltr'><strong>ipSiS</strong></span> <span class='ocrx_word' id='word_1_337' title='bbox 3341 2393 3448 2446; x_wconf 81' lang='lat' dir='ltr'><strong>ini-</strong></span> 
     </span>
    </p>
   </div>
   <div class='ocr_carea' id='block_1_49' title="bbox 185 2485 3449 2563">
    <p class='ocr_par' dir='ltr' id='par_1_49' title="bbox 185 2485 3449 2563">
     <span class='ocr_line' id='line_1_49' title="bbox 185 2485 3449 2563; baseline 0 -23"><span class='ocrx_word' id='word_1_338' title='bbox 185 2487 336 2542; x_wconf 87' lang='lat' dir='ltr'><strong>micos</strong></span> <span class='ocrx_word' id='word_1_339' title='bbox 354 2485 732 2556; x_wconf 72' lang='lat' dir='ltr'><strong>subiecturum</strong></span> <span class='ocrx_word' id='word_1_340' title='bbox 760 2486 1155 2555; x_wconf 80' lang='lat' dir='ltr'><strong>denuntiasset,</strong></span> <span class='ocrx_word' id='word_1_341' title='bbox 1178 2504 1320 2558; x_wconf 90' lang='lat' dir='ltr'><strong>quos</strong></span> <span class='ocrx_word' id='word_1_342' title='bbox 1347 2489 1414 2545; x_wconf 87' lang='lat' dir='ltr'><strong>ad</strong></span> <span class='ocrx_word' id='word_1_343' title='bbox 1440 2489 1600 2545; x_wconf 86' lang='lat' dir='ltr'><strong>tidem</strong></span> <span class='ocrx_word' id='word_1_344' title='bbox 1671 2492 1937 2561; x_wconf 84' lang='lat' dir='ltr'><strong>propheta</strong></span> <span class='ocrx_word' id='word_1_345' title='bbox 2001 2492 2264 2549; x_wconf 81' lang='lat' dir='ltr'><strong>excitavit</strong></span> <span class='ocrx_word' id='word_1_346' title='bbox 2311 2492 2565 2563; x_wconf 87' lang='lat' dir='ltr'><strong>(salutem</strong></span> <span class='ocrx_word' id='word_1_347' title='bbox 2601 2502 2604 2504; x_wconf 74' lang='lat'><em>‘</em></span> <span class='ocrx_word' id='word_1_348' title='bbox 2633 2490 2779 2547; x_wconf 90' lang='lat' dir='ltr'><strong>enim</strong></span> <span class='ocrx_word' id='word_1_349' title='bbox 2827 2500 3185 2561; x_wconf 79' lang='lat' dir='ltr'><strong>poSscssuros</strong></span> <span class='ocrx_word' id='word_1_350' title='bbox 3261 2487 3449 2559; x_wconf 78' lang='lat' dir='ltr'><strong>dixit),</strong></span> 
     </span>
    </p>
   </div>
   <div class='ocr_carea' id='block_1_50' title="bbox 184 2576 3422 2654">
    <p class='ocr_par' dir='ltr' id='par_1_50' title="bbox 184 2576 3422 2654">
     <span class='ocr_line' id='line_1_50' title="bbox 184 2576 3422 2654; baseline 0 -23"><span class='ocrx_word' id='word_1_351' title='bbox 184 2577 505 2634; x_wconf 78' lang='lat' dir='ltr'><strong>auditoribus</strong></span> <span class='ocrx_word' id='word_1_352' title='bbox 565 2578 645 2634; x_wconf 89' lang='lat' dir='ltr'><strong>rei</strong></span> <span class='ocrx_word' id='word_1_353' title='bbox 696 2576 972 2634; x_wconf 90' lang='lat' dir='ltr'><strong>desiderio</strong></span> <span class='ocrx_word' id='word_1_354' title='bbox 1018 2582 1288 2646; x_wconf 86' lang='lat' dir='ltr'><strong>accensis,</strong></span> <span class='ocrx_word' id='word_1_355' title='bbox 1342 2590 1397 2637; x_wconf 89' lang='lat' dir='ltr'><strong>et</strong></span> <span class='ocrx_word' id='word_1_356' title='bbox 1438 2581 1638 2636; x_wconf 87' lang='lat' dir='ltr'><strong>salvari</strong></span> <span class='ocrx_word' id='word_1_357' title='bbox 1678 2598 1739 2637; x_wconf 87' lang='lat' dir='ltr'><strong>se</strong></span> <span class='ocrx_word' id='word_1_358' title='bbox 1811 2598 2014 2654; x_wconf 86' lang='lat' dir='ltr'><strong>cupere</strong></span> <span class='ocrx_word' id='word_1_359' title='bbox 2062 2584 2469 2654; x_wconf 76' lang='lat' dir='ltr'><strong>profitentibus,</strong></span> <span class='ocrx_word' id='word_1_360' title='bbox 2520 2584 2585 2637; x_wconf 87' lang='lat' dir='ltr'><strong>ad</strong></span> <span class='ocrx_word' id='word_1_361' title='bbox 2637 2598 2701 2638; x_wconf 88' lang='lat' dir='ltr'><strong>ea</strong></span> <span class='ocrx_word' id='word_1_362' title='bbox 2739 2582 2853 2652; x_wconf 83' lang='lat' dir='ltr'><strong>jam</strong></span> <span class='ocrx_word' id='word_1_363' title='bbox 2885 2581 3070 2637; x_wconf 88' lang='lat' dir='ltr'><strong>animo</strong></span> <span class='ocrx_word' id='word_1_364' title='bbox 3131 2580 3422 2651; x_wconf 74' lang='lat' dir='ltr'><strong>cogitanda</strong></span> 
     </span>
    </p>
   </div>
   <div class='ocr_carea' id='block_1_51' title="bbox 185 2674 1752 2747">
    <p class='ocr_par' dir='ltr' id='par_1_51' title="bbox 185 2674 1752 2747">
     <span class='ocr_line' id='line_1_51' title="bbox 185 2674 1752 2747; baseline 0.002 -19"><span class='ocrx_word' id='word_1_365' title='bbox 185 2674 610 2745; x_wconf 85' lang='lat' dir='ltr'><strong>meditandaque,</strong></span> <span class='ocrx_word' id='word_1_366' title='bbox 668 2674 837 2729; x_wconf 89' lang='lat' dir='ltr'><strong>veluti</strong></span> <span class='ocrx_word' id='word_1_367' title='bbox 889 2676 1125 2731; x_wconf 76' lang='lat' dir='ltr'><strong>sitientes</strong></span> <span class='ocrx_word' id='word_1_368' title='bbox 1159 2716 1175 2742; x_wconf 91' lang='lat'><strong>,</strong></span> <span class='ocrx_word' id='word_1_369' title='bbox 1240 2676 1391 2747; x_wconf 89' lang='lat' dir='ltr'><strong>ipsos</strong></span> <span class='ocrx_word' id='word_1_370' title='bbox 1448 2677 1752 2732; x_wconf 86' lang='lat' dir='ltr'><strong>adhortari.</strong></span> 
     </span>
    </p>
   </div>
   <div class='ocr_carea' id='block_1_52' title="bbox 243 2764 1751 2839">
    <p class='ocr_par' dir='ltr' id='par_1_52' title="bbox 243 2764 1751 2839">
     <span class='ocr_line' id='line_1_52' title="bbox 243 2764 1751 2839; baseline 0.005 -22"><span class='ocrx_word' id='word_1_371' title='bbox 243 2764 388 2829; x_wconf 84' lang='grc' dir='ltr'>Τινὲς</span> <span class='ocrx_word' id='word_1_372' title='bbox 419 2766 497 2830; x_wconf 83' lang='grc' dir='ltr'><strong>δὲ,</strong></span> <span class='ocrx_word' id='word_1_373' title='bbox 526 2766 714 2835; x_wconf 65' lang='grc' dir='ltr'>φασιν,</span> <span class='ocrx_word' id='word_1_374' title='bbox 739 2767 828 2821; x_wconf 75' lang='grc' dir='ltr'><strong>διὰ</strong></span> <span class='ocrx_word' id='word_1_375' title='bbox 845 2767 1005 2822; x_wconf 84' lang='grc' dir='ltr'>τοῦτο</span> <span class='ocrx_word' id='word_1_376' title='bbox 1029 2770 1106 2831; x_wconf 74' lang='grc' dir='ltr'>εἰς</span> <span class='ocrx_word' id='word_1_377' title='bbox 1125 2768 1335 2822; x_wconf 80' lang='grc' dir='ltr'>ἔνδειαν</span> <span class='ocrx_word' id='word_1_378' title='bbox 1362 2768 1608 2839; x_wconf 80' lang='grc' dir='ltr'>ήχθησαν</span> <span class='ocrx_word' id='word_1_379' title='bbox 1634 2769 1751 2824; x_wconf 83' lang='grc' dir='ltr'><strong>τῶν</strong></span> 
     </span>
    </p>
   </div>
   <div class='ocr_carea' id='block_1_53' title="bbox 182 2854 1749 2928">
    <p class='ocr_par' dir='ltr' id='par_1_53' title="bbox 182 2854 1749 2928">
     <span class='ocr_line' id='line_1_53' title="bbox 182 2854 1749 2928; baseline 0.003 -19"><span class='ocrx_word' id='word_1_380' title='bbox 182 2854 431 2922; x_wconf 80' lang='grc' dir='ltr'>ἀγαθῶν,</span> <span class='ocrx_word' id='word_1_381' title='bbox 488 2856 582 2910; x_wconf 79' lang='grc' dir='ltr'>ἵνα</span> <span class='ocrx_word' id='word_1_382' title='bbox 649 2857 804 2928; x_wconf 84' lang='grc' dir='ltr'>πόθῳ</span> <span class='ocrx_word' id='word_1_383' title='bbox 845 2858 980 2927; x_wconf 80' lang='grc' dir='ltr'>πρὸς</span> <span class='ocrx_word' id='word_1_384' title='bbox 1051 2858 1193 2912; x_wconf 81' lang='grc' dir='ltr'>αὑτά</span> <span class='ocrx_word' id='word_1_385' title='bbox 1258 2875 1390 2911; x_wconf 89' lang='grc' dir='ltr'>ποτε</span> <span class='ocrx_word' id='word_1_386' title='bbox 1452 2859 1749 2914; x_wconf 81' lang='grc' dir='ltr'>σπεύσωσι.</span> 
     </span>
    </p>
   </div>
   <div class='ocr_carea' id='block_1_54' title="bbox 194 2947 1753 3022">
    <p class='ocr_par' dir='ltr' id='par_1_54' title="bbox 194 2947 1753 3022">
     <span class='ocr_line' id='line_1_54' title="bbox 194 2947 1753 3022; baseline 0.001 -20"><span class='ocrx_word' id='word_1_387' title='bbox 194 2947 266 3009; x_wconf 64' lang='grc' dir='ltr'><strong>’ἃς</strong></span> <span class='ocrx_word' id='word_1_388' title='bbox 308 2947 397 3001; x_wconf 84' lang='grc' dir='ltr'><strong>οῦν</strong></span> <span class='ocrx_word' id='word_1_389' title='bbox 451 2952 508 3002; x_wconf 79' lang='grc' dir='ltr'>οἱ</span> <span class='ocrx_word' id='word_1_390' title='bbox 567 2948 863 3017; x_wconf 70' lang='grc' dir='ltr'>διψῶντες</span> <span class='ocrx_word' id='word_1_391' title='bbox 918 2951 1177 3022; x_wconf 78' lang='grc' dir='ltr'>προσίασι</span> <span class='ocrx_word' id='word_1_392' title='bbox 1224 2952 1346 3014; x_wconf 88' lang='grc' dir='ltr'>ταῖς</span> <span class='ocrx_word' id='word_1_393' title='bbox 1376 2954 1600 3022; x_wconf 80' lang='grc' dir='ltr'>πηγαῖς,</span> <span class='ocrx_word' id='word_1_394' title='bbox 1664 2951 1753 3004; x_wconf 52' lang='grc' dir='ltr'>οῦιν</span> 
     </span>
    </p>
   </div>
   <div class='ocr_carea' id='block_1_55' title="bbox 182 3040 1756 3113">
    <p class='ocr_par' dir='ltr' id='par_1_55' title="bbox 182 3040 1756 3113">
     <span class='ocr_line' id='line_1_55' title="bbox 182 3040 1756 3113; baseline 0.002 -21"><span class='ocrx_word' id='word_1_395' title='bbox 182 3055 247 3091; x_wconf 85' lang='grc' dir='ltr'>τω</span> <span class='ocrx_word' id='word_1_396' title='bbox 296 3040 386 3093; x_wconf 81' lang='grc' dir='ltr'>καὶ</span> <span class='ocrx_word' id='word_1_397' title='bbox 437 3041 602 3112; x_wconf 78' lang='grc' dir='ltr'>ὑμεῖς</span> <span class='ocrx_word' id='word_1_398' title='bbox 619 3041 699 3112; x_wconf 83' lang='grc' dir='ltr'>τῷ</span> <span class='ocrx_word' id='word_1_399' title='bbox 727 3040 869 3113; x_wconf 82' lang='grc' dir='ltr'>Θεῷ,</span> <span class='ocrx_word' id='word_1_400' title='bbox 900 3043 1020 3096; x_wconf 76' lang='grc' dir='ltr'>ἀντὶ</span> <span class='ocrx_word' id='word_1_401' title='bbox 1050 3042 1252 3106; x_wconf 82' lang='grc' dir='ltr'>παντὸς</span> <span class='ocrx_word' id='word_1_402' title='bbox 1288 3043 1576 3112; x_wconf 78' lang='grc' dir='ltr'>ἀργυρίου</span> <span class='ocrx_word' id='word_1_403' title='bbox 1630 3060 1756 3096; x_wconf 89' lang='grc' dir='ltr'>συν-</span> 
     </span>
    </p>
   </div>
   <div class='ocr_carea' id='block_1_56' title="bbox 183 3134 1750 3209">
    <p class='ocr_par' dir='ltr' id='par_1_56' title="bbox 183 3134 1750 3209">
     <span class='ocr_line' id='line_1_56' title="bbox 183 3134 1750 3209; baseline 0.003 -23"><span class='ocrx_word' id='word_1_404' title='bbox 183 3134 414 3205; x_wconf 79' lang='grc' dir='ltr'>αίσθησιν</span> <span class='ocrx_word' id='word_1_405' title='bbox 468 3137 586 3189; x_wconf 85' lang='grc' dir='ltr'>τῶν</span> <span class='ocrx_word' id='word_1_406' title='bbox 633 3138 1042 3209; x_wconf 79' lang='grc' dir='ltr'>ἡμαρτημένων</span> <span class='ocrx_word' id='word_1_407' title='bbox 1096 3137 1376 3203; x_wconf 77' lang='grc' dir='ltr'>λαϐόντες.</span> <span class='ocrx_word' id='word_1_408' title='bbox 1428 3138 1542 3192; x_wconf 84' lang='grc' dir='ltr'><strong>Οὐκ</strong></span> <span class='ocrx_word' id='word_1_409' title='bbox 1562 3137 1750 3207; x_wconf 84' lang='grc' dir='ltr'>ὡνητά</span> 
     </span>
    </p>
   </div>
   <div class='ocr_carea' id='block_1_57' title="bbox 182 3225 1752 3300">
    <p class='ocr_par' dir='ltr' id='par_1_57' title="bbox 182 3225 1752 3300">
     <span class='ocr_line' id='line_1_57' title="bbox 182 3225 1752 3300; baseline 0.003 -23"><span class='ocrx_word' id='word_1_410' title='bbox 182 3225 276 3296; x_wconf 80' lang='grc' dir='ltr'>γὰρ</span> <span class='ocrx_word' id='word_1_411' title='bbox 311 3226 378 3280; x_wconf 78' lang='grc' dir='ltr'>τὰ</span> <span class='ocrx_word' id='word_1_412' title='bbox 431 3226 593 3297; x_wconf 84' lang='grc' dir='ltr'>παρὰ</span> <span class='ocrx_word' id='word_1_413' title='bbox 634 3228 794 3293; x_wconf 85' lang='grc' dir='ltr'>Θεοῦ,</span> <span class='ocrx_word' id='word_1_414' title='bbox 829 3228 949 3281; x_wconf 82' lang='grc' dir='ltr'>οὐδὲ</span> <span class='ocrx_word' id='word_1_415' title='bbox 998 3227 1158 3298; x_wconf 86' lang='grc' dir='ltr'>χρεία</span> <span class='ocrx_word' id='word_1_416' title='bbox 1198 3229 1337 3299; x_wconf 82' lang='grc' dir='ltr'>πρὸς</span> <span class='ocrx_word' id='word_1_417' title='bbox 1391 3229 1490 3298; x_wconf 81' lang='grc' dir='ltr'><strong>μὲν</strong></span> <span class='ocrx_word' id='word_1_418' title='bbox 1515 3228 1752 3300; x_wconf 83' lang='grc' dir='ltr'>σπονδὴν</span> 
     </span>
    </p>
   </div>
   <div class='ocr_carea' id='block_1_58' title="bbox 180 3316 1755 3391">
    <p class='ocr_par' dir='ltr' id='par_1_58' title="bbox 180 3316 1755 3391">
     <span class='ocr_line' id='line_1_58' title="bbox 180 3316 1755 3391; baseline 0.002 -22"><span class='ocrx_word' id='word_1_419' title='bbox 180 3316 354 3383; x_wconf 71' lang='grc' dir='ltr'>οἴνου,</span> <span class='ocrx_word' id='word_1_420' title='bbox 405 3321 548 3391; x_wconf 86' lang='grc' dir='ltr'>πρὸς</span> <span class='ocrx_word' id='word_1_421' title='bbox 575 3320 633 3372; x_wconf 81' lang='grc' dir='ltr'>δὲ</span> <span class='ocrx_word' id='word_1_422' title='bbox 675 3329 696 3357; x_wconf 87' lang='grc'><strong>²</strong></span> <span class='ocrx_word' id='word_1_423' title='bbox 727 3319 918 3374; x_wconf 81' lang='grc' dir='ltr'>θυσίαν</span> <span class='ocrx_word' id='word_1_424' title='bbox 942 3318 1215 3386; x_wconf 85' lang='grc' dir='ltr'>στέατος,</span> <span class='ocrx_word' id='word_1_425' title='bbox 1270 3321 1415 3389; x_wconf 78' lang='grc' dir='ltr'>ειπερ</span> <span class='ocrx_word' id='word_1_426' title='bbox 1456 3320 1755 3391; x_wconf 85' lang='grc' dir='ltr'>ὠνούμενοι</span> 
     </span>
    </p>
   </div>
   <div class='ocr_carea' id='block_1_59' title="bbox 179 3409 1756 3485">
    <p class='ocr_par' dir='ltr' id='par_1_59' title="bbox 179 3409 1756 3485">
     <span class='ocr_line' id='line_1_59' title="bbox 179 3409 1756 3485; baseline 0.002 -25"><span class='ocrx_word' id='word_1_427' title='bbox 179 3409 316 3464; x_wconf 82' lang='grc' dir='ltr'>οὐδὲν</span> <span class='ocrx_word' id='word_1_428' title='bbox 367 3411 722 3485; x_wconf 83' lang='grc' dir='ltr'>ἀποφέρεσθε</span> <span class='ocrx_word' id='word_1_429' title='bbox 777 3411 941 3465; x_wconf 83' lang='grc' dir='ltr'>πλέον</span> <span class='ocrx_word' id='word_1_430' title='bbox 1002 3413 1082 3475; x_wconf 75' lang='grc' dir='ltr'><strong>εἰς</strong></span> <span class='ocrx_word' id='word_1_431' title='bbox 1105 3412 1315 3482; x_wconf 73' lang='grc' dir='ltr'>ὄνησιν,</span> <span class='ocrx_word' id='word_1_432' title='bbox 1361 3413 1396 3485; x_wconf 79' lang='grc' dir='ltr'>ἢ</span> <span class='ocrx_word' id='word_1_433' title='bbox 1437 3412 1608 3467; x_wconf 82' lang='grc' dir='ltr'>κόπον</span> <span class='ocrx_word' id='word_1_434' title='bbox 1659 3412 1756 3466; x_wconf 81' lang='grc' dir='ltr'>καὶ</span> 
     </span>
    </p>
   </div>
   <div class='ocr_carea' id='block_1_60' title="bbox 181 3501 1755 3578">
    <p class='ocr_par' dir='ltr' id='par_1_60' title="bbox 181 3501 1755 3578">
     <span class='ocr_line' id='line_1_60' title="bbox 181 3501 1755 3578; baseline 0.004 -24"><span class='ocrx_word' id='word_1_435' title='bbox 181 3501 386 3571; x_wconf 85' lang='grc' dir='ltr'>μόχθον,</span> <span class='ocrx_word' id='word_1_436' title='bbox 419 3505 495 3575; x_wconf 83' lang='grc' dir='ltr'>μὴ</span> <span class='ocrx_word' id='word_1_437' title='bbox 529 3504 704 3558; x_wconf 73' lang='grc' dir='ltr'>ὄντων</span> <span class='ocrx_word' id='word_1_438' title='bbox 731 3504 932 3559; x_wconf 77' lang='grc' dir='ltr'>ἱκανῶν</span> <span class='ocrx_word' id='word_1_439' title='bbox 959 3504 1402 3577; x_wconf 83' lang='grc' dir='ltr'>δυσωπημάτων.</span> <span class='ocrx_word' id='word_1_440' title='bbox 1450 3505 1623 3576; x_wconf 86' lang='grc' dir='ltr'>Ἀργά</span> <span class='ocrx_word' id='word_1_441' title='bbox 1645 3507 1755 3578; x_wconf 85' lang='grc' dir='ltr'>γὰρ</span> 
     </span>
    </p>
   </div>
   <div class='ocr_carea' id='block_1_61' title="bbox 179 3591 1754 3667">
    <p class='ocr_par' dir='ltr' id='par_1_61' title="bbox 179 3591 1754 3667">
     <span class='ocr_line' id='line_1_61' title="bbox 179 3591 1754 3667; baseline 0.003 -22"><span class='ocrx_word' id='word_1_442' title='bbox 179 3591 334 3647; x_wconf 85' lang='grc' dir='ltr'>ταῦτα</span> <span class='ocrx_word' id='word_1_443' title='bbox 350 3595 485 3666; x_wconf 81' lang='grc' dir='ltr'>πρὸς</span> <span class='ocrx_word' id='word_1_444' title='bbox 498 3595 784 3666; x_wconf 76' lang='grc' dir='ltr'>ἁμαρτίας</span> <span class='ocrx_word' id='word_1_445' title='bbox 804 3594 1103 3665; x_wconf 75' lang='grc' dir='ltr'>ἐξάλειψιν,</span> <span class='ocrx_word' id='word_1_446' title='bbox 1122 3596 1188 3667; x_wconf 75' lang='grc' dir='ltr'>ἣν</span> <span class='ocrx_word' id='word_1_447' title='bbox 1212 3596 1473 3666; x_wconf 80' lang='grc' dir='ltr'>μετάνοια</span> <span class='ocrx_word' id='word_1_448' title='bbox 1495 3600 1641 3651; x_wconf 87' lang='grc' dir='ltr'>ποιεῖ</span> <span class='ocrx_word' id='word_1_449' title='bbox 1656 3599 1754 3652; x_wconf 78' lang='grc' dir='ltr'>καὶ</span> 
     </span>
    </p>
   </div>
   <div class='ocr_carea' id='block_1_62' title="bbox 179 3676 1756 3759">
    <p class='ocr_par' dir='ltr' id='par_1_62' title="bbox 179 3676 1756 3759">
     <span class='ocr_line' id='line_1_62' title="bbox 179 3676 1756 3759; baseline 0.006 -22"><span class='ocrx_word' id='word_1_450' title='bbox 179 3684 343 3749; x_wconf 79' lang='grc' dir='ltr'>πίστις</span> <span class='ocrx_word' id='word_1_451' title='bbox 358 3689 392 3757; x_wconf 82' lang='grc' dir='ltr'>ὴ</span> <span class='ocrx_word' id='word_1_452' title='bbox 410 3686 663 3751; x_wconf 75' lang='grc' dir='ltr'>εξςΘεόν.</span> <span class='ocrx_word' id='word_1_453' title='bbox 687 3687 827 3757; x_wconf 80' lang='grc' dir='ltr'>Πρὸς</span> <span class='ocrx_word' id='word_1_454' title='bbox 855 3687 1097 3757; x_wconf 76' lang='grc' dir='ltr'>ἀγαθῶν</span> <span class='ocrx_word' id='word_1_455' title='bbox 1118 3688 1174 3741; x_wconf 77' lang='grc' dir='ltr'><strong>δὲ</strong></span> <span class='ocrx_word' id='word_1_456' title='bbox 1193 3676 1422 3759; x_wconf 73' lang='grc' dir='ltr'>δωρεὰν,</span> <span class='ocrx_word' id='word_1_457' title='bbox 1447 3690 1756 3758; x_wconf 76' lang='grc' dir='ltr'>ἀκροατὴν</span> 
     </span>
    </p>
   </div>
   <div class='ocr_carea' id='block_1_63' title="bbox 178 3775 1753 3853">
    <p class='ocr_par' dir='ltr' id='par_1_63' title="bbox 178 3775 1753 3853">
     <span class='ocr_line' id='line_1_63' title="bbox 178 3775 1753 3853; baseline 0.005 -26"><span class='ocrx_word' id='word_1_458' title='bbox 178 3775 267 3830; x_wconf 83' lang='grc' dir='ltr'><strong>οὐκ</strong></span> <span class='ocrx_word' id='word_1_459' title='bbox 280 3777 607 3849; x_wconf 82' lang='grc' dir='ltr'>εὐγνώμονα</span> <span class='ocrx_word' id='word_1_460' title='bbox 627 3777 787 3848; x_wconf 86' lang='grc' dir='ltr'>μόνον</span> <span class='ocrx_word' id='word_1_461' title='bbox 808 3777 983 3847; x_wconf 82' lang='grc' dir='ltr'>ζητεῖ,</span> <span class='ocrx_word' id='word_1_462' title='bbox 1003 3779 1139 3833; x_wconf 84' lang='grc' dir='ltr'><strong>ἀλλά</strong></span> <span class='ocrx_word' id='word_1_463' title='bbox 1154 3781 1248 3834; x_wconf 73' lang='grc' dir='ltr'><strong>καὶ</strong></span> <span class='ocrx_word' id='word_1_464' title='bbox 1272 3781 1523 3834; x_wconf 84' lang='grc' dir='ltr'>συνιέντα</span> <span class='ocrx_word' id='word_1_465' title='bbox 1537 3822 1550 3846; x_wconf 93' lang='grc'><strong>,</strong></span> <span class='ocrx_word' id='word_1_466' title='bbox 1568 3781 1660 3834; x_wconf 76' lang='grc' dir='ltr'><strong>καὶ</strong></span> <span class='ocrx_word' id='word_1_467' title='bbox 1676 3780 1753 3853; x_wconf 84' lang='grc' dir='ltr'>τῷ</span> 
     </span>
    </p>
   </div>
   <div class='ocr_carea' id='block_1_64' title="bbox 178 3865 1754 3943">
    <p class='ocr_par' dir='ltr' id='par_1_64' title="bbox 178 3865 1754 3943">
     <span class='ocr_line' id='line_1_64' title="bbox 178 3865 1754 3943; baseline 0.004 -25"><span class='ocrx_word' id='word_1_468' title='bbox 178 3865 417 3922; x_wconf 83' lang='grc' dir='ltr'>καλοῦντι</span> <span class='ocrx_word' id='word_1_469' title='bbox 466 3868 905 3940; x_wconf 82' lang='grc' dir='ltr'>προστρέχοντα.</span> <span class='ocrx_word' id='word_1_470' title='bbox 964 3871 1268 3941; x_wconf 87' lang='grc' dir='ltr'>Προσέχετε</span> <span class='ocrx_word' id='word_1_471' title='bbox 1301 3870 1384 3936; x_wconf 85' lang='grc' dir='ltr'><strong>δὲ,</strong></span> <span class='ocrx_word' id='word_1_472' title='bbox 1427 3873 1584 3943; x_wconf 78' lang='grc' dir='ltr'>φησὶ,</span> <span class='ocrx_word' id='word_1_473' title='bbox 1639 3875 1754 3936; x_wconf 83' lang='grc' dir='ltr'>τοῖς</span> 
     </span>
    </p>
   </div>
   <div class='ocr_carea' id='block_1_65' title="bbox 178 3956 1754 4034">
    <p class='ocr_par' dir='ltr' id='par_1_65' title="bbox 178 3956 1754 4034">
     <span class='ocr_line' id='line_1_65' title="bbox 178 3956 1754 4034; baseline 0.007 -26"><span class='ocrx_word' id='word_1_474' title='bbox 178 3956 318 4011; x_wconf 76' lang='grc' dir='ltr'>ὠσίνο</span> <span class='ocrx_word' id='word_1_475' title='bbox 347 3960 442 4013; x_wconf 80' lang='grc' dir='ltr'>καὶ</span> <span class='ocrx_word' id='word_1_476' title='bbox 469 3961 525 4014; x_wconf 77' lang='grc' dir='ltr'>ει</span> <span class='ocrx_word' id='word_1_477' title='bbox 560 3959 663 4030; x_wconf 84' lang='grc' dir='ltr'>μὲν</span> <span class='ocrx_word' id='word_1_478' title='bbox 694 3962 1008 4032; x_wconf 71' lang='grc' dir='ltr'>σωματικρν</span> <span class='ocrx_word' id='word_1_479' title='bbox 1034 3963 1427 4033; x_wconf 85' lang='grc' dir='ltr'>ἀκατάλληλον.</span> <span class='ocrx_word' id='word_1_480' title='bbox 1499 3965 1754 4034; x_wconf 60' lang='grc' dir='ltr'>Ὀφθαλ-</span> 
     </span>
    </p>
   </div>
   <div class='ocr_carea' id='block_1_66' title="bbox 173 4048 1747 4127">
    <p class='ocr_par' dir='ltr' id='par_1_66' title="bbox 173 4048 1747 4127">
     <span class='ocr_line' id='line_1_66' title="bbox 173 4048 1747 4127; baseline 0.006 -26"><span class='ocrx_word' id='word_1_481' title='bbox 173 4048 292 4116; x_wconf 80' lang='grc' dir='ltr'>μῶν</span> <span class='ocrx_word' id='word_1_482' title='bbox 309 4051 418 4123; x_wconf 85' lang='grc' dir='ltr'><strong>γὰρ</strong></span> <span class='ocrx_word' id='word_1_483' title='bbox 478 4052 553 4106; x_wconf 79' lang='grc' dir='ltr'>τὸ</span> <span class='ocrx_word' id='word_1_484' title='bbox 582 4052 928 4121; x_wconf 81' lang='grc' dir='ltr'>προσέχειν.</span> <span class='ocrx_word' id='word_1_485' title='bbox 961 4054 1024 4108; x_wconf 83' lang='grc' dir='ltr'><strong>Εἰ</strong></span> <span class='ocrx_word' id='word_1_486' title='bbox 1050 4054 1107 4109; x_wconf 87' lang='grc' dir='ltr'><strong>δὲ</strong></span> <span class='ocrx_word' id='word_1_487' title='bbox 1163 4056 1307 4109; x_wconf 83' lang='grc' dir='ltr'><strong>κατά</strong></span> <span class='ocrx_word' id='word_1_488' title='bbox 1361 4056 1562 4127; x_wconf 77' lang='grc' dir='ltr'>ψυχὴν,</span> <span class='ocrx_word' id='word_1_489' title='bbox 1614 4058 1747 4110; x_wconf 83' lang='grc' dir='ltr'>ἀκό-</span> 
     </span>
    </p>
   </div>
   <div class='ocr_carea' id='block_1_67' title="bbox 179 4137 1751 4218">
    <p class='ocr_par' dir='ltr' id='par_1_67' title="bbox 179 4137 1751 4218">
     <span class='ocr_line' id='line_1_67' title="bbox 179 4137 1751 4218; baseline 0.008 -30"><span class='ocrx_word' id='word_1_490' title='bbox 179 4137 373 4195; x_wconf 83' lang='grc' dir='ltr'>λουθον.</span> <span class='ocrx_word' id='word_1_491' title='bbox 404 4141 589 4212; x_wconf 80' lang='grc' dir='ltr'>Ἀπλῆ</span> <span class='ocrx_word' id='word_1_492' title='bbox 624 4142 734 4212; x_wconf 83' lang='grc' dir='ltr'><strong>γὰρ</strong></span> <span class='ocrx_word' id='word_1_493' title='bbox 756 4141 892 4196; x_wconf 77' lang='grc' dir='ltr'>οὖσα</span> <span class='ocrx_word' id='word_1_494' title='bbox 923 4145 1342 4216; x_wconf 73' lang='grc' dir='ltr'>καὶμονοειδὴς,</span> <span class='ocrx_word' id='word_1_495' title='bbox 1378 4148 1436 4200; x_wconf 74' lang='grc' dir='ltr'><strong>ὲν</strong></span> <span class='ocrx_word' id='word_1_496' title='bbox 1466 4151 1566 4218; x_wconf 77' lang='grc' dir='ltr'>μιᾷ</span> <span class='ocrx_word' id='word_1_497' title='bbox 1590 4147 1751 4201; x_wconf 70' lang='grc' dir='ltr'>δυνά-</span> 
     </span>
    </p>
   </div>
   <div class='ocr_carea' id='block_1_68' title="bbox 181 4230 1755 4308">
    <p class='ocr_par' dir='ltr' id='par_1_68' title="bbox 181 4230 1755 4308">
     <span class='ocr_line' id='line_1_68' title="bbox 181 4230 1755 4308; baseline 0.007 -27"><span class='ocrx_word' id='word_1_498' title='bbox 181 4245 260 4297; x_wconf 87' lang='grc' dir='ltr'><strong>μει</strong></span> <span class='ocrx_word' id='word_1_499' title='bbox 286 4231 385 4294; x_wconf 75' lang='grc' dir='ltr'><strong>τὰς</strong></span> <span class='ocrx_word' id='word_1_500' title='bbox 415 4230 573 4285; x_wconf 77' lang='grc' dir='ltr'>ἔνδον</span> <span class='ocrx_word' id='word_1_501' title='bbox 597 4232 883 4305; x_wconf 78' lang='grc' dir='ltr'>αἰσθήσεις</span> <span class='ocrx_word' id='word_1_502' title='bbox 914 4235 1200 4304; x_wconf 79' lang='grc' dir='ltr'>ἐκτήσατο.</span> <span class='ocrx_word' id='word_1_503' title='bbox 1219 4237 1521 4307; x_wconf 86' lang='grc' dir='ltr'>Τοιγαροῦν</span> <span class='ocrx_word' id='word_1_504' title='bbox 1551 4238 1755 4308; x_wconf 76' lang='grc' dir='ltr'>ὀφθαλ-</span> 
     </span>
    </p>
   </div>
   <div class='ocr_carea' id='block_1_69' title="bbox 181 4322 1756 4398">
    <p class='ocr_par' dir='ltr' id='par_1_69' title="bbox 181 4322 1756 4398">
     <span class='ocr_line' id='line_1_69' title="bbox 181 4322 1756 4398; baseline 0.008 -26"><span class='ocrx_word' id='word_1_505' title='bbox 181 4322 290 4387; x_wconf 88' lang='grc' dir='ltr'>μοῖς</span> <span class='ocrx_word' id='word_1_506' title='bbox 324 4323 541 4378; x_wconf 80' lang='grc' dir='ltr'>ἀκούει</span> <span class='ocrx_word' id='word_1_507' title='bbox 573 4325 602 4376; x_wconf 84' lang='grc' dir='ltr'>ὁ</span> <span class='ocrx_word' id='word_1_508' title='bbox 630 4325 956 4396; x_wconf 84' lang='grc' dir='ltr'>γράμμασιν</span> <span class='ocrx_word' id='word_1_509' title='bbox 1000 4328 1367 4398; x_wconf 78' lang='grc' dir='ltr'>ἐντυγχάνων,</span> <span class='ocrx_word' id='word_1_510' title='bbox 1420 4332 1517 4383; x_wconf 74' lang='grc' dir='ltr'><strong>καὶ</strong></span> <span class='ocrx_word' id='word_1_511' title='bbox 1555 4332 1756 4385; x_wconf 79' lang='grc' dir='ltr'>δακτύ-</span> 
     </span>
    </p>
   </div>
   <div class='ocr_carea' id='block_1_70' title="bbox 176 4405 1755 4496">
    <p class='ocr_par' dir='ltr' id='par_1_70' title="bbox 176 4405 1755 4496">
     <span class='ocr_line' id='line_1_70' title="bbox 176 4405 1755 4496; baseline 0.008 -32"><span class='ocrx_word' id='word_1_512' title='bbox 176 4405 278 4475; x_wconf 83' lang='grc' dir='ltr'>λοις</span> <span class='ocrx_word' id='word_1_513' title='bbox 328 4408 649 4483; x_wconf 81' lang='grc' dir='ltr'>διαλέγεται</span> <span class='ocrx_word' id='word_1_514' title='bbox 689 4415 964 4479; x_wconf 86' lang='grc' dir='ltr'>ότούτοις</span> <span class='ocrx_word' id='word_1_515' title='bbox 1028 4420 1279 4491; x_wconf 68' lang='grc' dir='ltr'>γράφων.</span> <span class='ocrx_word' id='word_1_516' title='bbox 1316 4418 1449 4475; x_wconf 77' lang='grc' dir='ltr'>Εἶτα</span> <span class='ocrx_word' id='word_1_517' title='bbox 1477 4425 1755 4496; x_wconf 85' lang='grc' dir='ltr'>μέμνηται</span> 
     </span>
    </p>
   </div>
   <div class='ocr_carea' id='block_1_71' title="bbox 1931 2760 3445 2834">
    <p class='ocr_par' dir='ltr' id='par_1_71' title="bbox 1931 2760 3445 2834">
     <span class='ocr_line' id='line_1_71' title="bbox 1931 2760 3445 2834; baseline -0.006 -12"><span class='ocrx_word' id='word_1_518' title='bbox 1931 2766 2072 2822; x_wconf 87' lang='lat' dir='ltr'><strong>Sunt</strong></span> <span class='ocrx_word' id='word_1_519' title='bbox 2108 2782 2232 2820; x_wconf 80' lang='lat' dir='ltr'><strong>vero</strong></span> <span class='ocrx_word' id='word_1_520' title='bbox 2277 2765 2470 2834; x_wconf 86' lang='lat' dir='ltr'><strong>aliqui,</strong></span> <span class='ocrx_word' id='word_1_521' title='bbox 2519 2764 2697 2826; x_wconf 86' lang='lat' dir='ltr'><strong>aiunt,</strong></span> <span class='ocrx_word' id='word_1_522' title='bbox 2757 2764 2811 2815; x_wconf 93' lang='lat' dir='ltr'><strong>in</strong></span> <span class='ocrx_word' id='word_1_523' title='bbox 2855 2762 3106 2815; x_wconf 80' lang='lat' dir='ltr'><strong>bonorum</strong></span> <span class='ocrx_word' id='word_1_524' title='bbox 3161 2760 3445 2831; x_wconf 85' lang='lat' dir='ltr'><strong>penuriam</strong></span> 
     </span>
    </p>
   </div>
   <div class='ocr_carea' id='block_1_72' title="bbox 1859 2853 3449 2925">
    <p class='ocr_par' dir='ltr' id='par_1_72' title="bbox 1859 2853 3449 2925">
     <span class='ocr_line' id='line_1_72' title="bbox 1859 2853 3449 2925; baseline -0.006 -10"><span class='ocrx_word' id='word_1_525' title='bbox 1859 2860 1984 2915; x_wconf 91' lang='lat' dir='ltr'><strong>ideo</strong></span> <span class='ocrx_word' id='word_1_526' title='bbox 2016 2857 2264 2923; x_wconf 90' lang='lat' dir='ltr'><strong>adducti,</strong></span> <span class='ocrx_word' id='word_1_527' title='bbox 2310 2866 2373 2910; x_wconf 92' lang='lat' dir='ltr'><strong>ut</strong></span> <span class='ocrx_word' id='word_1_528' title='bbox 2428 2870 2492 2910; x_wconf 90' lang='lat' dir='ltr'><strong>ea</strong></span> <span class='ocrx_word' id='word_1_529' title='bbox 2534 2854 2765 2925; x_wconf 84' lang='lat' dir='ltr'><strong>posthac</strong></span> <span class='ocrx_word' id='word_1_530' title='bbox 2821 2853 3214 2908; x_wconf 80' lang='lat' dir='ltr'><strong>vehementiori</strong></span> <span class='ocrx_word' id='word_1_531' title='bbox 3266 2853 3449 2907; x_wconf 88' lang='lat' dir='ltr'><strong>studio</strong></span> 
     </span>
    </p>
   </div>
   <div class='ocr_carea' id='block_1_73' title="bbox 1860 2943 3451 3021">
    <p class='ocr_par' dir='ltr' id='par_1_73' title="bbox 1860 2943 3451 3021">
     <span class='ocr_line' id='line_1_73' title="bbox 1860 2943 3451 3021; baseline -0.003 -18"><span class='ocrx_word' id='word_1_532' title='bbox 1860 2950 2224 3021; x_wconf 86' lang='lat' dir='ltr'><strong>requirerent.</strong></span> <span class='ocrx_word' id='word_1_533' title='bbox 2260 2947 2380 3015; x_wconf 86' lang='lat' dir='ltr'><strong>Quo</strong></span> <span class='ocrx_word' id='word_1_534' title='bbox 2404 2946 2568 3001; x_wconf 87' lang='lat' dir='ltr'><strong>modo</strong></span> <span class='ocrx_word' id='word_1_535' title='bbox 2598 2947 2767 3015; x_wconf 80' lang='lat' dir='ltr'><strong>igitur</strong></span> <span class='ocrx_word' id='word_1_536' title='bbox 2792 2946 2882 3015; x_wconf 82' lang='lat' dir='ltr'><strong>qui</strong></span> <span class='ocrx_word' id='word_1_537' title='bbox 2921 2946 3135 3012; x_wconf 82' lang='lat' dir='ltr'><strong>sitiunt,</strong></span> <span class='ocrx_word' id='word_1_538' title='bbox 3174 2946 3240 2998; x_wconf 88' lang='lat' dir='ltr'><strong>ad</strong></span> <span class='ocrx_word' id='word_1_539' title='bbox 3273 2943 3451 2999; x_wconf 82' lang='lat' dir='ltr'><strong>fontes</strong></span> 
     </span>
    </p>
   </div>
   <div class='ocr_carea' id='block_1_74' title="bbox 1859 3037 3447 3108">
    <p class='ocr_par' dir='ltr' id='par_1_74' title="bbox 1859 3037 3447 3108">
     <span class='ocr_line' id='line_1_74' title="bbox 1859 3037 3447 3108; baseline -0.006 -9"><span class='ocrx_word' id='word_1_540' title='bbox 1859 3042 2168 3107; x_wconf 90' lang='lat' dir='ltr'><strong>accedunt,</strong></span> <span class='ocrx_word' id='word_1_541' title='bbox 2203 3042 2284 3096; x_wconf 91' lang='lat' dir='ltr'><strong>sic</strong></span> <span class='ocrx_word' id='word_1_542' title='bbox 2345 3047 2399 3094; x_wconf 91' lang='lat' dir='ltr'><strong>et</strong></span> <span class='ocrx_word' id='word_1_543' title='bbox 2428 3055 2530 3094; x_wconf 86' lang='lat' dir='ltr'><strong>vos</strong></span> <span class='ocrx_word' id='word_1_544' title='bbox 2573 3040 2641 3093; x_wconf 88' lang='lat' dir='ltr'><strong>ad</strong></span> <span class='ocrx_word' id='word_1_545' title='bbox 2692 3040 2862 3093; x_wconf 89' lang='lat' dir='ltr'><strong>Deum</strong></span> <span class='ocrx_word' id='word_1_546' title='bbox 2917 3037 3074 3093; x_wconf 88' lang='lat' dir='ltr'><strong>decet</strong></span> <span class='ocrx_word' id='word_1_547' title='bbox 3128 3053 3447 3108; x_wconf 80' lang='lat' dir='ltr'><strong>properare,</strong></span> 
     </span>
    </p>
   </div>
   <div class='ocr_carea' id='block_1_75' title="bbox 1857 3130 3447 3204">
    <p class='ocr_par' dir='ltr' id='par_1_75' title="bbox 1857 3130 3447 3204">
     <span class='ocr_line' id='line_1_75' title="bbox 1857 3130 3447 3204; baseline -0.005 -13"><span class='ocrx_word' id='word_1_548' title='bbox 1857 3150 2049 3191; x_wconf 85' lang='lat' dir='ltr'><strong>eorum</strong></span> <span class='ocrx_word' id='word_1_549' title='bbox 2097 3148 2221 3204; x_wconf 74' lang='lat' dir='ltr'><strong>quae</strong></span> <span class='ocrx_word' id='word_1_550' title='bbox 2277 3133 2551 3204; x_wconf 89' lang='lat' dir='ltr'><strong>peccastis</strong></span> <span class='ocrx_word' id='word_1_551' title='bbox 2608 3131 3034 3194; x_wconf 88' lang='lat' dir='ltr'><strong>recordatione,</strong></span> <span class='ocrx_word' id='word_1_552' title='bbox 3099 3145 3198 3199; x_wconf 88' lang='lat' dir='ltr'><strong>pro</strong></span> <span class='ocrx_word' id='word_1_553' title='bbox 3253 3130 3447 3198; x_wconf 81' lang='lat' dir='ltr'><strong>quovis</strong></span> 
     </span>
    </p>
   </div>
   <div class='ocr_carea' id='block_1_76' title="bbox 1857 3221 3447 3297">
    <p class='ocr_par' dir='ltr' id='par_1_76' title="bbox 1857 3221 3447 3297">
     <span class='ocr_line' id='line_1_76' title="bbox 1857 3221 3447 3297; baseline -0.003 -18"><span class='ocrx_word' id='word_1_554' title='bbox 1857 3236 2096 3297; x_wconf 88' lang='lat' dir='ltr'><strong>argento,</strong></span> <span class='ocrx_word' id='word_1_555' title='bbox 2127 3224 2391 3278; x_wconf 86' lang='lat' dir='ltr'><strong>munitos.</strong></span> <span class='ocrx_word' id='word_1_556' title='bbox 2426 3221 2546 3277; x_wconf 92' lang='lat' dir='ltr'><strong>Non</strong></span> <span class='ocrx_word' id='word_1_557' title='bbox 2578 3222 2725 3276; x_wconf 88' lang='lat' dir='ltr'><strong>enim</strong></span> <span class='ocrx_word' id='word_1_558' title='bbox 2758 3230 2888 3277; x_wconf 92' lang='lat' dir='ltr'><strong>sunt</strong></span> <span class='ocrx_word' id='word_1_559' title='bbox 2921 3222 3158 3285; x_wconf 83' lang='lat' dir='ltr'><strong>venalia,</strong></span> <span class='ocrx_word' id='word_1_560' title='bbox 3199 3237 3321 3290; x_wconf 67' lang='lat' dir='ltr'><strong>qua:</strong></span> <span class='ocrx_word' id='word_1_561' title='bbox 3354 3221 3447 3275; x_wconf 80' lang='lat' dir='ltr'><strong>Dei</strong></span> 
     </span>
    </p>
   </div>
   <div class='ocr_carea' id='block_1_77' title="bbox 1857 3310 3448 3387">
    <p class='ocr_par' dir='ltr' id='par_1_77' title="bbox 1857 3310 3448 3387">
     <span class='ocr_line' id='line_1_77' title="bbox 1857 3310 3448 3387; baseline -0.006 -15"><span class='ocrx_word' id='word_1_562' title='bbox 1857 3326 2020 3372; x_wconf 87' lang='lat' dir='ltr'><strong>sunt:</strong></span> <span class='ocrx_word' id='word_1_563' title='bbox 2054 3330 2234 3387; x_wconf 87' lang='lat' dir='ltr'><strong>neque</strong></span> <span class='ocrx_word' id='word_1_564' title='bbox 2259 3315 2377 3369; x_wconf 77' lang='lat' dir='ltr'><strong>vino</strong></span> <span class='ocrx_word' id='word_1_565' title='bbox 2408 3312 2476 3367; x_wconf 86' lang='lat' dir='ltr'><strong>ad</strong></span> <span class='ocrx_word' id='word_1_566' title='bbox 2537 3312 2860 3367; x_wconf 89' lang='lat' dir='ltr'><strong>lihationem</strong></span> <span class='ocrx_word' id='word_1_567' title='bbox 2918 3326 3060 3381; x_wconf 89' lang='lat' dir='ltr'><strong>opus</strong></span> <span class='ocrx_word' id='word_1_568' title='bbox 3098 3321 3204 3373; x_wconf 84' lang='lat' dir='ltr'><strong>est,</strong></span> <span class='ocrx_word' id='word_1_569' title='bbox 3249 3318 3340 3364; x_wconf 90' lang='lat' dir='ltr'><strong>aut</strong></span> <span class='ocrx_word' id='word_1_570' title='bbox 3378 3310 3448 3363; x_wconf 90' lang='lat' dir='ltr'><strong>ad</strong></span> 
     </span>
    </p>
   </div>
   <div class='ocr_carea' id='block_1_78' title="bbox 1858 3401 3451 3475">
    <p class='ocr_par' dir='ltr' id='par_1_78' title="bbox 1858 3401 3451 3475">
     <span class='ocr_line' id='line_1_78' title="bbox 1858 3401 3451 3475; baseline -0.006 -11"><span class='ocrx_word' id='word_1_571' title='bbox 1858 3409 2192 3464; x_wconf 82' lang='lat' dir='ltr'><strong>sacriﬁcium</strong></span> <span class='ocrx_word' id='word_1_572' title='bbox 2221 3406 2412 3474; x_wconf 78' lang='lat' dir='ltr'><strong>adipe:</strong></span> <span class='ocrx_word' id='word_1_573' title='bbox 2439 3420 2506 3459; x_wconf 75' lang='lat' dir='ltr'><strong>ex</strong></span> <span class='ocrx_word' id='word_1_574' title='bbox 2538 3419 2775 3475; x_wconf 89' lang='lat' dir='ltr'><strong>quorum</strong></span> <span class='ocrx_word' id='word_1_575' title='bbox 2819 3403 3101 3473; x_wconf 83' lang='lat' dir='ltr'><strong>emptione</strong></span> <span class='ocrx_word' id='word_1_576' title='bbox 3137 3402 3261 3471; x_wconf 86' lang='lat' dir='ltr'><strong>plus</strong></span> <span class='ocrx_word' id='word_1_577' title='bbox 3298 3401 3451 3455; x_wconf 85' lang='lat' dir='ltr'><strong>labo-</strong></span> 
     </span>
    </p>
   </div>
   <div class='ocr_carea' id='block_1_79' title="bbox 1860 3491 3452 3566">
    <p class='ocr_par' dir='ltr' id='par_1_79' title="bbox 1860 3491 3452 3566">
     <span class='ocr_line' id='line_1_79' title="bbox 1860 3491 3452 3566; baseline -0.006 -12"><span class='ocrx_word' id='word_1_578' title='bbox 1860 3500 1934 3554; x_wconf 87' lang='lat' dir='ltr'><strong>ris</strong></span> <span class='ocrx_word' id='word_1_579' title='bbox 1961 3509 2015 3553; x_wconf 86' lang='lat' dir='ltr'><strong>et</strong></span> <span class='ocrx_word' id='word_1_580' title='bbox 2042 3496 2332 3563; x_wconf 71' lang='lat' dir='ltr'><strong>molestiae,</strong></span> <span class='ocrx_word' id='word_1_581' title='bbox 2356 3510 2522 3566; x_wconf 87' lang='lat' dir='ltr'><strong>quam</strong></span> <span class='ocrx_word' id='word_1_582' title='bbox 2562 3494 2822 3549; x_wconf 81' lang='lat' dir='ltr'><strong>utilitatis</strong></span> <span class='ocrx_word' id='word_1_583' title='bbox 2863 3493 3152 3563; x_wconf 87' lang='lat' dir='ltr'><strong>percipitis</strong></span> <span class='ocrx_word' id='word_1_584' title='bbox 3182 3531 3199 3558; x_wconf 89' lang='lat'><strong>,</strong></span> <span class='ocrx_word' id='word_1_585' title='bbox 3229 3507 3354 3546; x_wconf 85' lang='lat' dir='ltr'><strong>cum</strong></span> <span class='ocrx_word' id='word_1_586' title='bbox 3383 3491 3452 3545; x_wconf 88' lang='lat' dir='ltr'><strong>ad</strong></span> 
     </span>
    </p>
   </div>
   <div class='ocr_carea' id='block_1_80' title="bbox 1856 3580 3449 3657">
    <p class='ocr_par' dir='ltr' id='par_1_80' title="bbox 1856 3580 3449 3657">
     <span class='ocr_line' id='line_1_80' title="bbox 1856 3580 3449 3657; baseline -0.004 -16"><span class='ocrx_word' id='word_1_587' title='bbox 1856 3586 2221 3657; x_wconf 81' lang='lat' dir='ltr'><strong>placationem</strong></span> <span class='ocrx_word' id='word_1_588' title='bbox 2284 3598 2391 3638; x_wconf 93' lang='lat' dir='ltr'><strong>non</strong></span> <span class='ocrx_word' id='word_1_589' title='bbox 2457 3581 2751 3638; x_wconf 84' lang='lat' dir='ltr'><strong>suiliciant.</strong></span> <span class='ocrx_word' id='word_1_590' title='bbox 2826 3580 2969 3635; x_wconf 91' lang='lat' dir='ltr'><strong>Sunt</strong></span> <span class='ocrx_word' id='word_1_591' title='bbox 3015 3581 3160 3635; x_wconf 90' lang='lat' dir='ltr'><strong>enim</strong></span> <span class='ocrx_word' id='word_1_592' title='bbox 3215 3581 3319 3634; x_wconf 88' lang='lat' dir='ltr'><strong>ista</strong></span> <span class='ocrx_word' id='word_1_593' title='bbox 3381 3581 3449 3634; x_wconf 89' lang='lat' dir='ltr'><strong>ad</strong></span> 
     </span>
    </p>
   </div>
   <div class='ocr_carea' id='block_1_81' title="bbox 1855 3672 3448 3744">
    <p class='ocr_par' dir='ltr' id='par_1_81' title="bbox 1855 3672 3448 3744">
     <span class='ocr_line' id='line_1_81' title="bbox 1855 3672 3448 3744; baseline -0.005 -12"><span class='ocrx_word' id='word_1_594' title='bbox 1855 3678 2117 3732; x_wconf 86' lang='lat' dir='ltr'><strong>eluendas</strong></span> <span class='ocrx_word' id='word_1_595' title='bbox 2154 3681 2505 3744; x_wconf 82' lang='lat' dir='ltr'><strong>peccatorum</strong></span> <span class='ocrx_word' id='word_1_596' title='bbox 2561 3674 2757 3728; x_wconf 86' lang='lat' dir='ltr'><strong>sordes</strong></span> <span class='ocrx_word' id='word_1_597' title='bbox 2794 3672 3018 3740; x_wconf 80' lang='lat' dir='ltr'><strong>inepta;</strong></span> <span class='ocrx_word' id='word_1_598' title='bbox 3078 3672 3224 3740; x_wconf 88' lang='lat' dir='ltr'><strong>quod</strong></span> <span class='ocrx_word' id='word_1_599' title='bbox 3272 3674 3448 3739; x_wconf 63' lang='lat' dir='ltr'><strong>paeni-</strong></span> 
     </span>
    </p>
   </div>
   <div class='ocr_carea' id='block_1_82' title="bbox 1858 3761 3505 3825">
    <p class='ocr_par' dir='ltr' id='par_1_82' title="bbox 1858 3761 3505 3825">
     <span class='ocr_line' id='line_1_82' title="bbox 1858 3761 3505 3825; baseline -0.005 -2"><span class='ocrx_word' id='word_1_600' title='bbox 1858 3769 2026 3825; x_wconf 89' lang='lat' dir='ltr'><strong>tentia</strong></span> <span class='ocrx_word' id='word_1_601' title='bbox 2047 3777 2102 3822; x_wconf 87' lang='lat' dir='ltr'><strong>et</strong></span> <span class='ocrx_word' id='word_1_602' title='bbox 2138 3768 2239 3820; x_wconf 84' lang='lat' dir='ltr'><strong>ﬁde</strong></span> <span class='ocrx_word' id='word_1_603' title='bbox 2294 3766 2348 3819; x_wconf 91' lang='lat' dir='ltr'><strong>in</strong></span> <span class='ocrx_word' id='word_1_604' title='bbox 2389 3765 2556 3819; x_wconf 87' lang='lat' dir='ltr'><strong>Deum</strong></span> <span class='ocrx_word' id='word_1_605' title='bbox 2590 3764 2845 3817; x_wconf 76' lang='lat' dir='ltr'><strong>t-tlieitur.</strong></span> <span class='ocrx_word' id='word_1_606' title='bbox 2897 3761 3148 3817; x_wconf 84' lang='lat' dir='ltr'><strong>Postulat</strong></span> <span class='ocrx_word' id='word_1_607' title='bbox 3213 3777 3344 3816; x_wconf 88' lang='lat' dir='ltr'><strong>vero</strong></span> <span class='ocrx_word' id='word_1_608' title='bbox 3378 3761 3447 3815; x_wconf 89' lang='lat' dir='ltr'><strong>ad</strong></span> <span class='ocrx_word' id='word_1_609' title='bbox 3501 3810 3505 3815; x_wconf 89' lang='lat'><strong>.</strong></span> 
     </span>
    </p>
   </div>
   <div class='ocr_carea' id='block_1_83' title="bbox 1857 3854 3447 3929">
    <p class='ocr_par' dir='ltr' id='par_1_83' title="bbox 1857 3854 3447 3929">
     <span class='ocr_line' id='line_1_83' title="bbox 1857 3854 3447 3929; baseline -0.005 -15"><span class='ocrx_word' id='word_1_610' title='bbox 1857 3861 2112 3915; x_wconf 86' lang='lat' dir='ltr'><strong>bonorum</strong></span> <span class='ocrx_word' id='word_1_611' title='bbox 2172 3857 2547 3929; x_wconf 85' lang='lat' dir='ltr'><strong>largitionem,</strong></span> <span class='ocrx_word' id='word_1_612' title='bbox 2610 3857 2913 3909; x_wconf 82' lang='lat' dir='ltr'><strong>auditorem</strong></span> <span class='ocrx_word' id='word_1_613' title='bbox 2950 3870 3055 3908; x_wconf 82' lang='lat' dir='ltr'><strong>noo</strong></span> <span class='ocrx_word' id='word_1_614' title='bbox 3116 3854 3447 3908; x_wconf 80' lang='lat' dir='ltr'><strong>benevolum</strong></span> 
     </span>
    </p>
   </div>
   <div class='ocr_carea' id='block_1_84' title="bbox 1857 3949 3450 4020">
    <p class='ocr_par' dir='ltr' id='par_1_84' title="bbox 1857 3949 3450 4020">
     <span class='ocr_line' id='line_1_84' title="bbox 1857 3949 3450 4020; baseline -0.006 -11"><span class='ocrx_word' id='word_1_615' title='bbox 1857 3963 2094 4018; x_wconf 86' lang='lat' dir='ltr'><strong>tantum,</strong></span> <span class='ocrx_word' id='word_1_616' title='bbox 2133 3952 2227 4009; x_wconf 89' lang='lat' dir='ltr'><strong>sed</strong></span> <span class='ocrx_word' id='word_1_617' title='bbox 2253 3950 2861 4020; x_wconf 80' lang='lat' dir='ltr'><strong>intelligentemetiam.</strong></span> <span class='ocrx_word' id='word_1_618' title='bbox 2884 3949 3215 4017; x_wconf 79' lang='lat' dir='ltr'><strong>vocantique</strong></span> <span class='ocrx_word' id='word_1_619' title='bbox 3252 3962 3450 4002; x_wconf 87' lang='lat' dir='ltr'><strong>accur-</strong></span> 
     </span>
    </p>
   </div>
   <div class='ocr_carea' id='block_1_85' title="bbox 1858 4035 3448 4108">
    <p class='ocr_par' dir='ltr' id='par_1_85' title="bbox 1858 4035 3448 4108">
     <span class='ocr_line' id='line_1_85' title="bbox 1858 4035 3448 4108; baseline -0.006 -9"><span class='ocrx_word' id='word_1_620' title='bbox 1858 4054 2089 4099; x_wconf 87' lang='lat' dir='ltr'><strong>rentem.</strong></span> <span class='ocrx_word' id='word_1_621' title='bbox 2119 4039 2275 4108; x_wconf 85' lang='lat' dir='ltr'><strong>Quod</strong></span> <span class='ocrx_word' id='word_1_622' title='bbox 2308 4039 2505 4095; x_wconf 84' lang='lat' dir='ltr'><strong>deinde</strong></span> <span class='ocrx_word' id='word_1_623' title='bbox 2539 4039 2810 4092; x_wconf 82' lang='lat' dir='ltr'><strong>attendere</strong></span> <span class='ocrx_word' id='word_1_624' title='bbox 2841 4039 3064 4090; x_wconf 74' lang='lat' dir='ltr'><strong>auribus</strong></span> <span class='ocrx_word' id='word_1_625' title='bbox 3093 4035 3266 4105; x_wconf 86' lang='lat' dir='ltr'><strong>jussit</strong></span> <span class='ocrx_word' id='word_1_626' title='bbox 3302 4036 3347 4091; x_wconf 88' lang='lat' dir='ltr'><strong>si</strong></span> <span class='ocrx_word' id='word_1_627' title='bbox 3382 4035 3448 4090; x_wconf 89' lang='lat' dir='ltr'><strong>ad</strong></span> 
     </span>
    </p>
   </div>
   <div class='ocr_carea' id='block_1_86' title="bbox 1859 4124 3451 4204">
    <p class='ocr_par' dir='ltr' id='par_1_86' title="bbox 1859 4124 3451 4204">
     <span class='ocr_line' id='line_1_86' title="bbox 1859 4124 3451 4204; baseline -0.006 -14"><span class='ocrx_word' id='word_1_628' title='bbox 1859 4149 2061 4204; x_wconf 86' lang='lat' dir='ltr'><strong>corpus</strong></span> <span class='ocrx_word' id='word_1_629' title='bbox 2090 4133 2318 4197; x_wconf 82' lang='lat' dir='ltr'><strong>referas,</strong></span> <span class='ocrx_word' id='word_1_630' title='bbox 2352 4141 2479 4202; x_wconf 88' lang='lat' dir='ltr'><strong>apte</strong></span> <span class='ocrx_word' id='word_1_631' title='bbox 2509 4131 2687 4184; x_wconf 88' lang='lat' dir='ltr'><strong>minus</strong></span> <span class='ocrx_word' id='word_1_632' title='bbox 2717 4143 3040 4198; x_wconf 86' lang='lat' dir='ltr'><strong>usurpatum</strong></span> <span class='ocrx_word' id='word_1_633' title='bbox 3082 4127 3313 4181; x_wconf 84' lang='lat' dir='ltr'><strong>videtur.</strong></span> <span class='ocrx_word' id='word_1_634' title='bbox 3350 4124 3451 4181; x_wconf 76' lang='lat' dir='ltr'><strong>Est</strong></span> 
     </span>
    </p>
   </div>
   <div class='ocr_carea' id='block_1_87' title="bbox 1857 4217 3449 4295">
    <p class='ocr_par' dir='ltr' id='par_1_87' title="bbox 1857 4217 3449 4295">
     <span class='ocr_line' id='line_1_87' title="bbox 1857 4217 3449 4295; baseline -0.006 -13"><span class='ocrx_word' id='word_1_635' title='bbox 1857 4227 2003 4283; x_wconf 88' lang='lat' dir='ltr'><strong>enim</strong></span> <span class='ocrx_word' id='word_1_636' title='bbox 2076 4224 2344 4279; x_wconf 85' lang='lat' dir='ltr'><strong>attendere</strong></span> <span class='ocrx_word' id='word_1_637' title='bbox 2399 4221 2609 4295; x_wconf 72' lang='lat' dir='ltr'><strong>(Grtece</strong></span> <span class='ocrx_word' id='word_1_638' title='bbox 2644 4220 2959 4291; x_wconf 79' lang='grc' dir='ltr'>προσέχειν)</span> <span class='ocrx_word' id='word_1_639' title='bbox 3005 4218 3303 4272; x_wconf 84' lang='lat' dir='ltr'><strong>oculorum.</strong></span> <span class='ocrx_word' id='word_1_640' title='bbox 3349 4217 3449 4272; x_wconf 87' lang='lat' dir='ltr'><strong>Sin</strong></span> 
     </span>
    </p>
   </div>
   <div class='ocr_carea' id='block_1_88' title="bbox 1859 4311 3448 4382">
    <p class='ocr_par' dir='ltr' id='par_1_88' title="bbox 1859 4311 3448 4382">
     <span class='ocr_line' id='line_1_88' title="bbox 1859 4311 3448 4382; baseline -0.004 -9"><span class='ocrx_word' id='word_1_641' title='bbox 1859 4326 2041 4376; x_wconf 89' lang='lat' dir='ltr'><strong>autem</strong></span> <span class='ocrx_word' id='word_1_642' title='bbox 2060 4320 2130 4374; x_wconf 88' lang='lat' dir='ltr'><strong>ad</strong></span> <span class='ocrx_word' id='word_1_643' title='bbox 2162 4319 2434 4382; x_wconf 89' lang='lat' dir='ltr'><strong>animum,</strong></span> <span class='ocrx_word' id='word_1_644' title='bbox 2468 4316 2866 4372; x_wconf 81' lang='lat' dir='ltr'><strong>convenienter</strong></span> <span class='ocrx_word' id='word_1_645' title='bbox 2901 4323 2955 4371; x_wconf 91' lang='lat' dir='ltr'><strong>et</strong></span> <span class='ocrx_word' id='word_1_646' title='bbox 2984 4315 3293 4369; x_wconf 87' lang='lat' dir='ltr'><strong>commode.</strong></span> <span class='ocrx_word' id='word_1_647' title='bbox 3348 4311 3448 4367; x_wconf 87' lang='lat' dir='ltr'><strong>llic</strong></span> 
     </span>
    </p>
   </div>
   <div class='ocr_carea' id='block_1_89' title="bbox 1860 4423 3443 4499">
    <p class='ocr_par' dir='ltr' id='par_1_89' title="bbox 1860 4423 3443 4499">
     <span class='ocr_line' id='line_1_89' title="bbox 1860 4423 3443 4499; baseline -0.004 -17"><span class='ocrx_word' id='word_1_648' title='bbox 1860 4425 2030 4492; x_wconf 90' lang='lat' dir='ltr'><strong>enim,</strong></span> <span class='ocrx_word' id='word_1_649' title='bbox 2067 4441 2192 4481; x_wconf 87' lang='lat' dir='ltr'><strong>cum</strong></span> <span class='ocrx_word' id='word_1_650' title='bbox 2224 4426 2454 4498; x_wconf 81' lang='lat' dir='ltr'><strong>simplex</strong></span> <span class='ocrx_word' id='word_1_651' title='bbox 2493 4427 2586 4490; x_wconf 87' lang='lat' dir='ltr'><strong>sit,</strong></span> <span class='ocrx_word' id='word_1_652' title='bbox 2617 4433 2672 4478; x_wconf 90' lang='lat' dir='ltr'><strong>et</strong></span> <span class='ocrx_word' id='word_1_653' title='bbox 2704 4424 2922 4499; x_wconf 78' lang='lat' dir='ltr'><strong>generis</strong></span> <span class='ocrx_word' id='word_1_654' title='bbox 2957 4424 3140 4489; x_wconf 90' lang='lat' dir='ltr'><strong>unius,</strong></span> <span class='ocrx_word' id='word_1_655' title='bbox 3198 4423 3249 4475; x_wconf 91' lang='lat' dir='ltr'><strong>in</strong></span> <span class='ocrx_word' id='word_1_656' title='bbox 3282 4423 3443 4476; x_wconf 88' lang='lat' dir='ltr'><strong>unica</strong></span> 
     </span>
    </p>
   </div>
   <div class='ocr_carea' id='block_1_90' title="bbox 175 4501 1753 4590">
    <p class='ocr_par' dir='ltr' id='par_1_90' title="bbox 175 4501 1753 4588">
     <span class='ocr_line' id='line_1_90' title="bbox 175 4501 1753 4588; baseline 0.01 -34"><span class='ocrx_word' id='word_1_657' title='bbox 175 4501 262 4555; x_wconf 85' lang='grc' dir='ltr'><strong>τοῦ</strong></span> <span class='ocrx_word' id='word_1_658' title='bbox 315 4503 508 4571; x_wconf 74' lang='grc' dir='ltr'><strong>Δαδὶδ,</strong></span> <span class='ocrx_word' id='word_1_659' title='bbox 550 4506 645 4559; x_wconf 73' lang='grc' dir='ltr'>καὶ</span> <span class='ocrx_word' id='word_1_660' title='bbox 695 4507 795 4579; x_wconf 83' lang='grc' dir='ltr'>τῆς</span> <span class='ocrx_word' id='word_1_661' title='bbox 850 4509 989 4581; x_wconf 83' lang='grc' dir='ltr'>πρὸς</span> <span class='ocrx_word' id='word_1_662' title='bbox 1040 4513 1247 4564; x_wconf 78' lang='grc' dir='ltr'>ἐκεῖνον</span> <span class='ocrx_word' id='word_1_663' title='bbox 1293 4514 1553 4583; x_wconf 81' lang='grc' dir='ltr'>σχέσεως,</span> <span class='ocrx_word' id='word_1_664' title='bbox 1592 4515 1658 4568; x_wconf 83' lang='grc' dir='ltr'>δι’</span> <span class='ocrx_word' id='word_1_665' title='bbox 1691 4516 1753 4588; x_wconf 82' lang='grc' dir='ltr'>ἣν</span> 
     </span>
    </p>
   </div>
   <div class='ocr_carea' id='block_1_91' title="bbox 1859 4501 3447 4590">
    <p class='ocr_par' dir='ltr' id='par_1_91' title="bbox 1869 4505 3447 4590">
     <span class='ocr_line' id='line_1_91' title="bbox 1869 4505 3447 4590; baseline -0.003 -10"><span class='ocrx_word' id='word_1_666' title='bbox 1869 4526 2127 4582; x_wconf 82' lang='lat' dir='ltr'><strong>facultate</strong></span> <span class='ocrx_word' id='word_1_667' title='bbox 2157 4542 2356 4582; x_wconf 87' lang='lat' dir='ltr'><strong>sensus</strong></span> <span class='ocrx_word' id='word_1_668' title='bbox 2413 4526 2708 4581; x_wconf 87' lang='lat' dir='ltr'><strong>interiores</strong></span> <span class='ocrx_word' id='word_1_669' title='bbox 2737 4505 2967 4580; x_wconf 84' lang='lat' dir='ltr'><strong>sortitus</strong></span> <span class='ocrx_word' id='word_1_670' title='bbox 3017 4529 3121 4590; x_wconf 71' lang='lat' dir='ltr'><strong>est,</strong></span> <span class='ocrx_word' id='word_1_671' title='bbox 3156 4523 3345 4583; x_wconf 76' lang='lat' dir='ltr'><strong>itaque</strong></span> <span class='ocrx_word' id='word_1_672' title='bbox 3390 4531 3447 4576; x_wconf 89' lang='lat' dir='ltr'><strong>et</strong></span> 
     </span>
    </p>
   </div>
   <div class='ocr_carea' id='block_1_92' title="bbox 175 4594 1752 4674">
    <p class='ocr_par' dir='ltr' id='par_1_92' title="bbox 175 4594 1752 4674">
     <span class='ocr_line' id='line_1_92' title="bbox 175 4594 1752 4674; baseline 0.008 -25"><span class='ocrx_word' id='word_1_673' title='bbox 175 4594 315 4667; x_wconf 76' lang='grc' dir='ltr'><strong>αὐτῷ</strong></span> <span class='ocrx_word' id='word_1_674' title='bbox 340 4600 530 4653; x_wconf 74' lang='grc' dir='ltr'>πᾶσαν</span> <span class='ocrx_word' id='word_1_675' title='bbox 563 4601 797 4671; x_wconf 87' lang='grc' dir='ltr'>παρεῖχε</span> <span class='ocrx_word' id='word_1_676' title='bbox 833 4600 1025 4673; x_wconf 68' lang='grc' dir='ltr'>ῥοπὴν,</span> <span class='ocrx_word' id='word_1_677' title='bbox 1049 4596 1117 4674; x_wconf 81' lang='grc' dir='ltr'>ἦς</span> <span class='ocrx_word' id='word_1_678' title='bbox 1163 4602 1449 4668; x_wconf 79' lang='grc' dir='ltr'>τεύξεσθαι</span> <span class='ocrx_word' id='word_1_679' title='bbox 1497 4607 1594 4660; x_wconf 76' lang='grc' dir='ltr'><strong>καὶ</strong></span> <span class='ocrx_word' id='word_1_680' title='bbox 1624 4600 1752 4661; x_wconf 85' lang='grc' dir='ltr'>τού-</span> 
     </span>
    </p>
   </div>
   <div class='ocr_carea' id='block_1_93' title="bbox 173 4691 1811 4770">
    <p class='ocr_par' dir='ltr' id='par_1_93' title="bbox 173 4691 1811 4770">
     <span class='ocr_line' id='line_1_93' title="bbox 173 4691 1811 4770; baseline 0.012 -34"><span class='ocrx_word' id='word_1_681' title='bbox 173 4701 290 4750; x_wconf 87' lang='grc' dir='ltr'>τους</span> <span class='ocrx_word' id='word_1_682' title='bbox 311 4692 509 4759; x_wconf 81' lang='grc' dir='ltr'>φησὶν,</span> <span class='ocrx_word' id='word_1_683' title='bbox 560 4692 720 4763; x_wconf 76' lang='grc' dir='ltr'>ειπερ</span> <span class='ocrx_word' id='word_1_684' title='bbox 751 4691 972 4747; x_wconf 84' lang='grc' dir='ltr'>ἀκούειν</span> <span class='ocrx_word' id='word_1_685' title='bbox 1017 4695 1276 4750; x_wconf 81' lang='grc' dir='ltr'>ἐθέλοιεν.</span> <span class='ocrx_word' id='word_1_686' title='bbox 1315 4696 1472 4751; x_wconf 77' lang='grc' dir='ltr'><strong>Οὕτω</strong></span> <span class='ocrx_word' id='word_1_687' title='bbox 1527 4699 1635 4770; x_wconf 89' lang='grc' dir='ltr'><strong>γάρ</strong></span> <span class='ocrx_word' id='word_1_688' title='bbox 1662 4699 1759 4769; x_wconf 78' lang='grc' dir='ltr'><strong>ζή-</strong></span> <span class='ocrx_word' id='word_1_689' title='bbox 1806 4728 1811 4733; x_wconf 91' lang='grc'>·</span> 
     </span>
    </p>
   </div>
   <div class='ocr_carea' id='block_1_94' title="bbox 177 4783 1760 4865">
    <p class='ocr_par' dir='ltr' id='par_1_94' title="bbox 177 4783 1760 4865">
     <span class='ocr_line' id='line_1_94' title="bbox 177 4783 1760 4865; baseline 0.01 -36"><span class='ocrx_word' id='word_1_690' title='bbox 177 4793 374 4865; x_wconf 75' lang='grc' dir='ltr'>σρνται,</span> <span class='ocrx_word' id='word_1_691' title='bbox 414 4783 479 4837; x_wconf 80' lang='grc' dir='ltr'><strong>οὐ</strong></span> <span class='ocrx_word' id='word_1_692' title='bbox 515 4783 620 4855; x_wconf 82' lang='grc' dir='ltr'><strong>τήν</strong></span> <span class='ocrx_word' id='word_1_693' title='bbox 641 4783 927 4855; x_wconf 88' lang='grc' dir='ltr'>παροῦσαν</span> <span class='ocrx_word' id='word_1_694' title='bbox 962 4787 1123 4856; x_wconf 86' lang='grc' dir='ltr'>μόνον</span> <span class='ocrx_word' id='word_1_695' title='bbox 1153 4787 1318 4860; x_wconf 78' lang='grc' dir='ltr'>ζωὴν,</span> <span class='ocrx_word' id='word_1_696' title='bbox 1352 4788 1489 4843; x_wconf 84' lang='grc' dir='ltr'><strong>ἀλλά</strong></span> <span class='ocrx_word' id='word_1_697' title='bbox 1534 4791 1631 4843; x_wconf 75' lang='grc' dir='ltr'><strong>καὶ</strong></span> <span class='ocrx_word' id='word_1_698' title='bbox 1661 4792 1760 4863; x_wconf 84' lang='grc' dir='ltr'>τὴν</span> 
     </span>
    </p>
   </div>
   <div class='ocr_carea' id='block_1_95' title="bbox 181 4869 1772 4949">
    <p class='ocr_par' dir='ltr' id='par_1_95' title="bbox 181 4869 1772 4949">
     <span class='ocr_line' id='line_1_95' title="bbox 181 4869 1772 4949; baseline 0.009 -26"><span class='ocrx_word' id='word_1_699' title='bbox 181 4869 440 4938; x_wconf 73' lang='grc' dir='ltr'>μένουσαν</span> <span class='ocrx_word' id='word_1_700' title='bbox 473 4878 529 4916; x_wconf 74' lang='grc' dir='ltr'><strong>αι’</strong></span> <span class='ocrx_word' id='word_1_701' title='bbox 556 4876 620 4929; x_wconf 88' lang='grc' dir='ltr'><strong>οὐ</strong></span> <span class='ocrx_word' id='word_1_702' title='bbox 655 4876 815 4947; x_wconf 87' lang='grc' dir='ltr'>μόνον</span> <span class='ocrx_word' id='word_1_703' title='bbox 840 4876 899 4930; x_wconf 82' lang='grc' dir='ltr'>δὲ</span> <span class='ocrx_word' id='word_1_704' title='bbox 920 4878 1077 4949; x_wconf 85' lang='grc' dir='ltr'>ὑμεῖς</span> <span class='ocrx_word' id='word_1_705' title='bbox 1126 4877 1415 4949; x_wconf 83' lang='grc' dir='ltr'>ζηλοῦντες</span> <span class='ocrx_word' id='word_1_706' title='bbox 1458 4882 1551 4935; x_wconf 72' lang='grc' dir='ltr'>τὸν</span> <span class='ocrx_word' id='word_1_707' title='bbox 1591 4874 1772 4938; x_wconf 84' lang='grc' dir='ltr'>αὐτοῦ</span> 
     </span>
    </p>
   </div>
   <div class='ocr_carea' id='block_1_96' title="bbox 175 4961 1757 5043">
    <p class='ocr_par' dir='ltr' id='par_1_96' title="bbox 175 4961 1757 5043">
     <span class='ocr_line' id='line_1_96' title="bbox 175 4961 1757 5043; baseline 0.011 -32"><span class='ocrx_word' id='word_1_708' title='bbox 175 4961 368 5031; x_wconf 82' lang='grc' dir='ltr'>τρόπον</span> <span class='ocrx_word' id='word_1_709' title='bbox 428 4966 532 5022; x_wconf 78' lang='grc' dir='ltr'>καὶ</span> <span class='ocrx_word' id='word_1_710' title='bbox 590 4967 691 5037; x_wconf 77' lang='grc' dir='ltr'>τὴν</span> <span class='ocrx_word' id='word_1_711' title='bbox 747 4969 1062 5038; x_wconf 76' lang='grc' dir='ltr'>μετάνοιαν,</span> <span class='ocrx_word' id='word_1_712' title='bbox 1098 4971 1209 5026; x_wconf 88' lang='grc' dir='ltr'><strong>τῶν</strong></span> <span class='ocrx_word' id='word_1_713' title='bbox 1273 4974 1457 5026; x_wconf 81' lang='grc' dir='ltr'>αὐτῶν</span> <span class='ocrx_word' id='word_1_714' title='bbox 1477 4972 1757 5043; x_wconf 81' lang='grc' dir='ltr'>τεύξεσθε,</span> 
     </span>
    </p>
   </div>
   <div class='ocr_carea' id='block_1_97' title="bbox 178 5051 1755 5139">
    <p class='ocr_par' dir='ltr' id='par_1_97' title="bbox 178 5051 1755 5139">
     <span class='ocr_line' id='line_1_97' title="bbox 178 5051 1755 5139; baseline 0.01 -32"><span class='ocrx_word' id='word_1_715' title='bbox 178 5051 304 5108; x_wconf 76' lang='grc' dir='ltr'>ἀλλὰ</span> <span class='ocrx_word' id='word_1_716' title='bbox 325 5058 424 5111; x_wconf 79' lang='grc' dir='ltr'>καὶ</span> <span class='ocrx_word' id='word_1_717' title='bbox 453 5059 516 5111; x_wconf 76' lang='grc' dir='ltr'>ὲν</span> <span class='ocrx_word' id='word_1_718' title='bbox 549 5058 712 5113; x_wconf 72' lang='grc' dir='ltr'>παντὶ</span> <span class='ocrx_word' id='word_1_719' title='bbox 733 5059 878 5114; x_wconf 72' lang='grc' dir='ltr'>ἔθνει</span> <span class='ocrx_word' id='word_1_720' title='bbox 905 5060 1094 5125; x_wconf 81' lang='grc' dir='ltr'>δεκτὸς</span> <span class='ocrx_word' id='word_1_721' title='bbox 1115 5066 1144 5117; x_wconf 83' lang='grc' dir='ltr'><strong>ό</strong></span> <span class='ocrx_word' id='word_1_722' title='bbox 1195 5063 1304 5129; x_wconf 75' lang='grc' dir='ltr'>ζῶν</span> <span class='ocrx_word' id='word_1_723' title='bbox 1340 5067 1544 5136; x_wconf 82' lang='grc' dir='ltr'>ὁμοίως</span> <span class='ocrx_word' id='word_1_724' title='bbox 1584 5068 1755 5139; x_wconf 83' lang='grc' dir='ltr'>αὐτῷ.</span> 
     </span>
    </p>
   </div>
   <div class='ocr_carea' id='block_1_98' title="bbox 178 5144 1479 5225">
    <p class='ocr_par' dir='ltr' id='par_1_98' title="bbox 178 5144 1479 5225">
     <span class='ocr_line' id='line_1_98' title="bbox 178 5144 1479 5225; baseline 0.009 -27"><span class='ocrx_word' id='word_1_725' title='bbox 178 5144 377 5202; x_wconf 74' lang='grc' dir='ltr'>Οἰκειοῖ</span> <span class='ocrx_word' id='word_1_726' title='bbox 402 5147 519 5219; x_wconf 84' lang='grc' dir='ltr'><strong>γὰρ</strong></span> <span class='ocrx_word' id='word_1_727' title='bbox 545 5149 606 5201; x_wconf 87' lang='grc' dir='ltr'><strong>οὐ</strong></span> <span class='ocrx_word' id='word_1_728' title='bbox 628 5149 808 5218; x_wconf 84' lang='grc' dir='ltr'>γένος,</span> <span class='ocrx_word' id='word_1_729' title='bbox 835 5150 973 5205; x_wconf 88' lang='grc' dir='ltr'><strong>ἀλλά</strong></span> <span class='ocrx_word' id='word_1_730' title='bbox 997 5153 1192 5225; x_wconf 76' lang='grc' dir='ltr'>καρδία</span> <span class='ocrx_word' id='word_1_731' title='bbox 1218 5156 1312 5208; x_wconf 65' lang='grc' dir='ltr'><strong>καὶ¹</strong></span> <span class='ocrx_word' id='word_1_732' title='bbox 1347 5156 1479 5225; x_wconf 83' lang='grc' dir='ltr'>βίος.</span> 
     </span>
    </p>
   </div>
   <div class='ocr_carea' id='block_1_99' title="bbox 1864 4613 3445 4687">
    <p class='ocr_par' dir='ltr' id='par_1_99' title="bbox 1864 4613 3445 4687">
     <span class='ocr_line' id='line_1_99' title="bbox 1864 4613 3445 4687; baseline -0.002 -17"><span class='ocrx_word' id='word_1_733' title='bbox 1864 4618 2041 4671; x_wconf 87' lang='lat' dir='ltr'><strong>oculis</strong></span> <span class='ocrx_word' id='word_1_734' title='bbox 2064 4615 2236 4684; x_wconf 81' lang='lat' dir='ltr'><strong>audit,</strong></span> <span class='ocrx_word' id='word_1_735' title='bbox 2276 4618 2380 4687; x_wconf 83' lang='lat' dir='ltr'><strong>qui</strong></span> <span class='ocrx_word' id='word_1_736' title='bbox 2421 4617 2623 4686; x_wconf 88' lang='lat' dir='ltr'><strong>scripta</strong></span> <span class='ocrx_word' id='word_1_737' title='bbox 2673 4616 2825 4684; x_wconf 81' lang='lat' dir='ltr'><strong>legit,</strong></span> <span class='ocrx_word' id='word_1_738' title='bbox 2858 4623 2913 4668; x_wconf 82' lang='lat' dir='ltr'><strong>et</strong></span> <span class='ocrx_word' id='word_1_739' title='bbox 2966 4614 3211 4684; x_wconf 84' lang='lat' dir='ltr'><strong>loquitur</strong></span> <span class='ocrx_word' id='word_1_740' title='bbox 3255 4613 3445 4681; x_wconf 73' lang='lat' dir='ltr'><strong>digitis</strong></span> 
     </span>
    </p>
   </div>
   <div class='ocr_carea' id='block_1_100' title="bbox 1863 4701 3449 4777">
    <p class='ocr_par' dir='ltr' id='par_1_100' title="bbox 1863 4701 3449 4777">
     <span class='ocr_line' id='line_1_100' title="bbox 1863 4701 3449 4777; baseline -0.001 -18"><span class='ocrx_word' id='word_1_741' title='bbox 1863 4708 1955 4777; x_wconf 86' lang='lat' dir='ltr'><strong>qui</strong></span> <span class='ocrx_word' id='word_1_742' title='bbox 1987 4708 2096 4763; x_wconf 88' lang='lat' dir='ltr'><strong>illis</strong></span> <span class='ocrx_word' id='word_1_743' title='bbox 2130 4708 2266 4777; x_wconf 81' lang='lat' dir='ltr'><strong>ipsis</strong></span> <span class='ocrx_word' id='word_1_744' title='bbox 2317 4708 2531 4762; x_wconf 87' lang='lat' dir='ltr'><strong>scribit.</strong></span> <span class='ocrx_word' id='word_1_745' title='bbox 2566 4707 2771 4775; x_wconf 77' lang='lat' dir='ltr'><strong>Adjicit</strong></span> <span class='ocrx_word' id='word_1_746' title='bbox 2827 4716 3092 4775; x_wconf 71' lang='lat' dir='ltr'><strong>praeterea</strong></span> <span class='ocrx_word' id='word_1_747' title='bbox 3140 4703 3208 4757; x_wconf 88' lang='lat' dir='ltr'><strong>de</strong></span> <span class='ocrx_word' id='word_1_748' title='bbox 3242 4701 3449 4757; x_wconf 80' lang='lat' dir='ltr'><strong>Davidc</strong></span> 
     </span>
    </p>
   </div>
   <div class='ocr_carea' id='block_1_101' title="bbox 1865 4791 3446 4867">
    <p class='ocr_par' dir='ltr' id='par_1_101' title="bbox 1865 4791 3446 4867">
     <span class='ocr_line' id='line_1_101' title="bbox 1865 4791 3446 4867; baseline -0.006 -15"><span class='ocrx_word' id='word_1_749' title='bbox 1865 4803 2224 4863; x_wconf 86' lang='lat' dir='ltr'><strong>mentionem,</strong></span> <span class='ocrx_word' id='word_1_750' title='bbox 2261 4813 2428 4867; x_wconf 88' lang='lat' dir='ltr'><strong>quam</strong></span> <span class='ocrx_word' id='word_1_751' title='bbox 2455 4812 2581 4866; x_wconf 81' lang='lat' dir='ltr'><strong>erga</strong></span> <span class='ocrx_word' id='word_1_752' title='bbox 2614 4797 2767 4849; x_wconf 84' lang='lat' dir='ltr'><strong>illum</strong></span> <span class='ocrx_word' id='word_1_753' title='bbox 2788 4797 2924 4849; x_wconf 86' lang='lat' dir='ltr'><strong>bene</strong></span> <span class='ocrx_word' id='word_1_754' title='bbox 2950 4793 3226 4848; x_wconf 87' lang='lat' dir='ltr'><strong>animatus</strong></span> <span class='ocrx_word' id='word_1_755' title='bbox 3259 4791 3313 4845; x_wconf 78' lang='lat' dir='ltr'><strong>fu</strong></span> <span class='ocrx_word' id='word_1_756' title='bbox 3355 4791 3446 4855; x_wconf 88' lang='lat' dir='ltr'><strong>rit,</strong></span> 
     </span>
    </p>
   </div>
   <div class='ocr_carea' id='block_1_102' title="bbox 1866 4883 3451 4963">
    <p class='ocr_par' dir='ltr' id='par_1_102' title="bbox 1866 4883 3451 4963">
     <span class='ocr_line' id='line_1_102' title="bbox 1866 4883 3451 4963; baseline -0.006 -17"><span class='ocrx_word' id='word_1_757' title='bbox 1866 4891 2012 4946; x_wconf 90' lang='lat' dir='ltr'><strong>unde</strong></span> <span class='ocrx_word' id='word_1_758' title='bbox 2034 4908 2060 4944; x_wconf 90' lang='lat' dir='ltr'><strong>a</strong></span> <span class='ocrx_word' id='word_1_759' title='bbox 2088 4907 2146 4947; x_wconf 90' lang='lat' dir='ltr'><strong>se</strong></span> <span class='ocrx_word' id='word_1_760' title='bbox 2185 4891 2321 4945; x_wconf 90' lang='lat' dir='ltr'><strong>nihil</strong></span> <span class='ocrx_word' id='word_1_761' title='bbox 2356 4906 2464 4944; x_wconf 92' lang='lat' dir='ltr'><strong>non</strong></span> <span class='ocrx_word' id='word_1_762' title='bbox 2498 4889 2689 4944; x_wconf 78' lang='lat' dir='ltr'><strong>auxilii</strong></span> <span class='ocrx_word' id='word_1_763' title='bbox 2722 4885 3209 4963; x_wconf 84' lang='lat' dir='ltr'><strong>senserit;qualia</strong></span> <span class='ocrx_word' id='word_1_764' title='bbox 3237 4894 3289 4938; x_wconf 88' lang='lat' dir='ltr'><strong>et</strong></span> <span class='ocrx_word' id='word_1_765' title='bbox 3328 4883 3451 4938; x_wconf 89' lang='lat' dir='ltr'><strong>istis</strong></span> 
     </span>
    </p>
   </div>
   <div class='ocr_carea' id='block_1_103' title="bbox 1863 4966 3447 5045">
    <p class='ocr_par' dir='ltr' id='par_1_103' title="bbox 1863 4966 3447 5045">
     <span class='ocr_line' id='line_1_103' title="bbox 1863 4966 3447 5045; baseline -0.004 -10"><span class='ocrx_word' id='word_1_766' title='bbox 1863 4981 2055 5045; x_wconf 87' lang='lat' dir='ltr'><strong>etiam,</strong></span> <span class='ocrx_word' id='word_1_767' title='bbox 2083 4980 2126 5035; x_wconf 90' lang='lat' dir='ltr'><strong>si</strong></span> <span class='ocrx_word' id='word_1_768' title='bbox 2157 4981 2352 5035; x_wconf 87' lang='lat' dir='ltr'><strong>audire</strong></span> <span class='ocrx_word' id='word_1_769' title='bbox 2384 4966 2825 5039; x_wconf 75' lang='lat' dir='ltr'><strong>volucriut,’non</strong></span> <span class='ocrx_word' id='word_1_770' title='bbox 2860 4975 3116 5031; x_wconf 81' lang='lat' dir='ltr'><strong>defutura</strong></span> <span class='ocrx_word' id='word_1_771' title='bbox 3149 4972 3447 5043; x_wconf 77' lang='lat' dir='ltr'><strong>signiﬁcat.</strong></span> 
     </span>
    </p>
   </div>
   <div class='ocr_carea' id='block_1_104' title="bbox 1866 5065 3448 5139">
    <p class='ocr_par' dir='ltr' id='par_1_104' title="bbox 1866 5065 3448 5139">
     <span class='ocr_line' id='line_1_104' title="bbox 1866 5065 3448 5139; baseline -0.004 -16"><span class='ocrx_word' id='word_1_772' title='bbox 1866 5069 1945 5123; x_wconf 84' lang='lat' dir='ltr'><strong>Ita</strong></span> <span class='ocrx_word' id='word_1_773' title='bbox 1971 5071 2115 5123; x_wconf 84' lang='lat' dir='ltr'><strong>enim</strong></span> <span class='ocrx_word' id='word_1_774' title='bbox 2142 5071 2251 5122; x_wconf 82' lang='lat' dir='ltr'><strong>vita</strong></span> <span class='ocrx_word' id='word_1_775' title='bbox 2277 5086 2384 5123; x_wconf 90' lang='lat' dir='ltr'><strong>non</strong></span> <span class='ocrx_word' id='word_1_776' title='bbox 2411 5071 2665 5139; x_wconf 69' lang='lat' dir='ltr'><strong>praesenti</strong></span> <span class='ocrx_word' id='word_1_777' title='bbox 2704 5067 2911 5130; x_wconf 68' lang='lat' dir='ltr'><strong>Solum,</strong></span> <span class='ocrx_word' id='word_1_778' title='bbox 2941 5068 3035 5121; x_wconf 75' lang='lat' dir='ltr'><strong>St‘tl</strong></span> <span class='ocrx_word' id='word_1_779' title='bbox 3077 5066 3259 5119; x_wconf 79' lang='lat' dir='ltr'><strong>futura</strong></span> <span class='ocrx_word' id='word_1_780' title='bbox 3280 5065 3448 5137; x_wconf 76' lang='lat' dir='ltr'><strong>etiam</strong></span> 
     </span>
    </p>
   </div>
   <div class='ocr_carea' id='block_1_105' title="bbox 1868 5161 3450 5233">
    <p class='ocr_par' dir='ltr' id='par_1_105' title="bbox 1868 5161 3450 5233">
     <span class='ocr_line' id='line_1_105' title="bbox 1868 5161 3450 5233; baseline -0.006 -17"><span class='ocrx_word' id='word_1_781' title='bbox 1868 5177 1989 5217; x_wconf 84' lang='lat' dir='ltr'><strong>esse</strong></span> <span class='ocrx_word' id='word_1_782' title='bbox 2015 5163 2310 5233; x_wconf 83' lang='lat' dir='ltr'><strong>petituros.</strong></span> <span class='ocrx_word' id='word_1_783' title='bbox 2376 5161 2560 5231; x_wconf 77' lang='lat' dir='ltr'><strong>Neque</strong></span> <span class='ocrx_word' id='word_1_784' title='bbox 2581 5176 2709 5215; x_wconf 85' lang='lat' dir='ltr'><strong>vero</strong></span> <span class='ocrx_word' id='word_1_785' title='bbox 2769 5176 2831 5214; x_wconf 85' lang='lat' dir='ltr'><strong>ea</strong></span> <span class='ocrx_word' id='word_1_786' title='bbox 2881 5161 2995 5228; x_wconf 80' lang='lat' dir='ltr'><strong>ipsa</strong></span> <span class='ocrx_word' id='word_1_787' title='bbox 3054 5175 3146 5211; x_wconf 67' lang='lat' dir='ltr'><strong>vos</strong></span> <span class='ocrx_word' id='word_1_788' title='bbox 3213 5165 3450 5220; x_wconf 78' lang='lat' dir='ltr'><strong>tantum,</strong></span> 
     </span>
    </p>
   </div>
   <div class='ocr_carea' id='block_1_106' title="bbox 178 5238 3451 5325">
    <p class='ocr_par' dir='ltr' id='par_1_106' title="bbox 178 5238 3451 5325">
     <span class='ocr_line' id='line_1_106' title="bbox 178 5238 3451 5325; baseline 0.002 -28"><span class='ocrx_word' id='word_1_789' title='bbox 178 5238 372 5312; x_wconf 83' lang='lat' dir='ltr'><strong>inquit,</strong></span> <span class='ocrx_word' id='word_1_790' title='bbox 396 5248 495 5316; x_wconf 88' lang='lat' dir='ltr'><strong>qui</strong></span> <span class='ocrx_word' id='word_1_791' title='bbox 530 5261 711 5303; x_wconf 84' lang='lat' dir='ltr'><strong>mores</strong></span> <span class='ocrx_word' id='word_1_792' title='bbox 742 5248 891 5303; x_wconf 91' lang='lat' dir='ltr'><strong>illius</strong></span> <span class='ocrx_word' id='word_1_793' title='bbox 920 5258 976 5304; x_wconf 91' lang='lat' dir='ltr'><strong>et</strong></span> <span class='ocrx_word' id='word_1_794' title='bbox 998 5250 1380 5320; x_wconf 62' lang='lat' dir='ltr'><strong>paenitentiam</strong></span> <span class='ocrx_word' id='word_1_795' title='bbox 1407 5255 1768 5317; x_wconf 67' lang='lat' dir='ltr'><strong>aamulamini.</strong></span> <span class='ocrx_word' id='word_1_796' title='bbox 1808 5258 2050 5312; x_wconf 84' lang='lat' dir='ltr'><strong>habituri</strong></span> <span class='ocrx_word' id='word_1_797' title='bbox 2083 5259 2251 5312; x_wconf 76' lang='lat' dir='ltr'><strong>eStis:</strong></span> <span class='ocrx_word' id='word_1_798' title='bbox 2285 5258 2379 5312; x_wconf 84' lang='lat' dir='ltr'><strong>sed</strong></span> <span class='ocrx_word' id='word_1_799' title='bbox 2428 5258 2483 5310; x_wconf 91' lang='lat' dir='ltr'><strong>in</strong></span> <span class='ocrx_word' id='word_1_800' title='bbox 2560 5267 2717 5325; x_wconf 81' lang='lat' dir='ltr'><strong>gente</strong></span> <span class='ocrx_word' id='word_1_801' title='bbox 2767 5254 3007 5324; x_wconf 81' lang='lat' dir='ltr'><strong>qualibet</strong></span> <span class='ocrx_word' id='word_1_802' title='bbox 3038 5254 3200 5306; x_wconf 85' lang='lat' dir='ltr'><strong>etiam</strong></span> <span class='ocrx_word' id='word_1_803' title='bbox 3284 5251 3451 5306; x_wconf 82' lang='lat' dir='ltr'><strong>fuerit</strong></span> 
     </span>
    </p>
   </div>
   <div class='ocr_carea' id='block_1_107' title="bbox 178 5329 3450 5417">
    <p class='ocr_par' dir='ltr' id='par_1_107' title="bbox 178 5329 3450 5417">
     <span class='ocr_line' id='line_1_107' title="bbox 178 5329 3450 5417; baseline 0.003 -32"><span class='ocrx_word' id='word_1_804' title='bbox 178 5329 265 5389; x_wconf 89' lang='lat' dir='ltr'><strong>ille</strong></span> <span class='ocrx_word' id='word_1_805' title='bbox 292 5335 426 5392; x_wconf 85' lang='lat' dir='ltr'><strong>mihi</strong></span> <span class='ocrx_word' id='word_1_806' title='bbox 452 5348 647 5409; x_wconf 72' lang='lat' dir='ltr'><strong>gratus</strong></span> <span class='ocrx_word' id='word_1_807' title='bbox 673 5348 728 5393; x_wconf 90' lang='lat' dir='ltr'><strong>et</strong></span> <span class='ocrx_word' id='word_1_808' title='bbox 760 5347 1041 5409; x_wconf 88' lang='lat' dir='ltr'><strong>acceptus,</strong></span> <span class='ocrx_word' id='word_1_809' title='bbox 1089 5341 1252 5412; x_wconf 75' lang='lat'><strong>633</strong></span> <span class='ocrx_word' id='word_1_810' title='bbox 1285 5344 1378 5411; x_wconf 88' lang='lat' dir='ltr'><strong>qui</strong></span> <span class='ocrx_word' id='word_1_811' title='bbox 1455 5345 1625 5401; x_wconf 86' lang='lat' dir='ltr'><strong>vitam</strong></span> <span class='ocrx_word' id='word_1_812' title='bbox 1712 5348 1832 5417; x_wconf 83' lang='lat' dir='ltr'><strong>ejus</strong></span> <span class='ocrx_word' id='word_1_813' title='bbox 1872 5350 2200 5404; x_wconf 85' lang='lat' dir='ltr'><strong>imitabitur.</strong></span> <span class='ocrx_word' id='word_1_814' title='bbox 2256 5347 2526 5404; x_wconf 79' lang='lat' dir='ltr'><strong>Conciliat</strong></span> <span class='ocrx_word' id='word_1_815' title='bbox 2578 5349 2722 5403; x_wconf 83' lang='lat' dir='ltr'><strong>enim</strong></span> <span class='ocrx_word' id='word_1_816' title='bbox 2768 5346 3065 5400; x_wconf 74' lang='lat' dir='ltr'><strong>amicitiam</strong></span> <span class='ocrx_word' id='word_1_817' title='bbox 3116 5360 3225 5398; x_wconf 80' lang='lat' dir='ltr'><strong>non</strong></span> <span class='ocrx_word' id='word_1_818' title='bbox 3276 5354 3450 5414; x_wconf 80' lang='lat' dir='ltr'><strong>genus</strong></span> 
     </span>
    </p>
   </div>
   <div class='ocr_carea' id='block_1_108' title="bbox 179 5430 1012 5498">
    <p class='ocr_par' dir='ltr' id='par_1_108' title="bbox 179 5430 1012 5498">
     <span class='ocr_line' id='line_1_108' title="bbox 179 5430 1012 5498; baseline 0.01 -17"><span class='ocrx_word' id='word_1_819' title='bbox 179 5430 374 5498; x_wconf 90' lang='lat' dir='ltr'><strong>ipsum,</strong></span> <span class='ocrx_word' id='word_1_820' title='bbox 406 5433 509 5490; x_wconf 88' lang='lat' dir='ltr'><strong>sed</strong></span> <span class='ocrx_word' id='word_1_821' title='bbox 544 5434 762 5490; x_wconf 84' lang='lat' dir='ltr'><strong>animus</strong></span> <span class='ocrx_word' id='word_1_822' title='bbox 796 5443 849 5490; x_wconf 85' lang='lat' dir='ltr'><strong>et</strong></span> <span class='ocrx_word' id='word_1_823' title='bbox 882 5437 1012 5491; x_wconf 83' lang='lat' dir='ltr'><strong>vita.</strong></span> 
     </span>
    </p>
   </div>
   <div class='ocr_carea' id='block_1_109' title="bbox 1382 5618 2076 5678">
    <p class='ocr_par' dir='ltr' id='par_1_109' title="bbox 1382 5618 2076 5678">
     <span class='ocr_line' id='line_1_109' title="bbox 1382 5618 2076 5678; baseline 0.009 -7"><span class='ocrx_word' id='word_1_824' title='bbox 1382 5618 1615 5678; x_wconf 58' lang='grc' dir='ltr'>τιΑῆιῶ</span> <span class='ocrx_word' id='word_1_825' title='bbox 1665 5620 2076 5677; x_wconf 77' lang='lat' dir='ltr'><strong>LECTIONES.</strong></span> 
     </span>
    </p>
   </div>
   <div class='ocr_carea' id='block_1_110' title="bbox 247 5706 1340 5781">
    <p class='ocr_par' dir='ltr' id='par_1_110' title="bbox 247 5706 1340 5781">
     <span class='ocr_line' id='line_1_110' title="bbox 247 5706 1340 5781; baseline -0.001 -17"><span class='ocrx_word' id='word_1_826' title='bbox 247 5712 272 5741; x_wconf 74' lang='grc'>⁸</span> <span class='ocrx_word' id='word_1_827' title='bbox 301 5722 393 5777; x_wconf 73' lang='lat' dir='ltr'><strong>rp.</strong></span> <span class='ocrx_word' id='word_1_828' title='bbox 437 5708 563 5763; x_wconf 77' lang='grc' dir='ltr'>οὐδὲ</span> <span class='ocrx_word' id='word_1_829' title='bbox 604 5710 760 5781; x_wconf 75' lang='grc' dir='ltr'>πρὸς,</span> <span class='ocrx_word' id='word_1_830' title='bbox 840 5720 865 5749; x_wconf 69' lang='grc' dir='ltr'>ι</span> <span class='ocrx_word' id='word_1_831' title='bbox 895 5708 981 5763; x_wconf 81' lang='grc' dir='ltr'>τσ.</span> <span class='ocrx_word' id='word_1_832' title='bbox 1013 5706 1340 5780; x_wconf 79' lang='grc' dir='ltr'>μέλλουσαν.</span> 
     </span>
    </p>
   </div>
  </div>
