3916 6420
216 243 342 308 2563

1363 242 1900 305 COMMENTARH
1942 241 2020 302 IN
2063 243 2352 303 ISAIAM.

3261 261 3266 267 ‘
3296 240 3438 304 2366

221 347 476 411 τείαν,ἐπὶ
506 345 562 399 τὸ
594 345 702 398 τῶν
737 342 1006 402 ’ῐουδαίὼν
1041 348 1224 418 τάγμα
1270 350 1471 420 μετέϐη
1503 349 1612 401 τῶν
1646 350 1766 400 τότε

1887 347 1936 401 δᾶ
1961 347 2186 404 Judaaos
2214 350 2324 419 jam
2374 347 2570 405 transit
2598 350 2807 415 oratio;
2862 351 2956 420 qui
2987 351 3265 422 propheta:
3297 363 3431 408 tem-

215 441 286 512 τῷ
327 437 568 508 προφήτῃ
619 437 909 504 συνόντων,
953 438 1149 502 οἵτινες
1194 440 1452 510 ἐφρόνουν
1478 438 1564 492 ἐπ’
1604 438 1762 506 εὐγεο

219 531 344 600 vela,
366 528 452 581 xui.
473 526 547 599 τῷ
571 526 864 594 φυλάττειν
886 529 953 582 τὰ
978 528 1254 594 Σάϐϐατα,
1277 531 1372 583 καὶ
1394 529 1454 583 τὸ
1474 529 1766 597 πολύγονον

215 618 476 680 εὐσεϐείας
516 617 766 687 ἐνόμιζον
804 619 992 690 γέρας,
1028 620 1103 684 ὡς
1151 621 1478 675 ἀναπίπτειν
1518 620 1768 673 ἐντεῦθεν

219 713 330 775 τοὺς
355 710 770 777 προσηλύτους
807 711 905 764 καὶ
933 712 1075 778 τοὺς
1109 714 1446 781 εὐνούχους
1467 729 1480 742 ο
1513 712 1640 774 τοὺς
1671 711 1768 780 μὲν

219 802 283 862 ὡς
315 796 603 866 εὐγενείας,
633 799 760 860 τοὺς
790 797 845 850 δὲ
878 799 954 862 ὼς
982 799 1187 852 παίδων
1230 801 1646 870 ἐστερημένους.
1679 799 1771 851 Διὸ

214 891 440 943 δείκνυσι
474 885 606 950 Θεδς
650 888 708 939 ἐν
731 888 952 958 τρόποις
984 883 1124 942 εἶναι
1157 889 1253 942 καὶ
1295 891 1417 950 ταῖς
1454 887 1676 958 ἀρεταῖς
1709 887 1770 937 τὸ

207 978 489 1049 μακάριον.
544 976 604 1028 ὐ
654 976 766 1046 γὰρ
819 977 1183 1048 ἐστερημένος
1239 977 1630 1042 δικαιοσύνης
1673 975 1771 1029 καὶ

219 1069 473 1136 κρίσεως,
502 1067 600 1120 κᾶν
631 1083 682 1120 τι
708 1066 818 1120 τῶν
848 1067 1156 1138 εἰρημένων
1179 1067 1298 1139 ἔχῃ.
1323 1068 1442 1121 λίαν
1471 1068 1618 1120 ἐστὶν
1644 1066 1772 1119 ἀνό-

218 1176 377 1229 νητος.
418 1157 578 1210 Ὅθεν
610 1157 783 1228 φησί·
814 1159 1001 1228 Πάσης
1040 1158 1266 1228 ἀκρίτου
1294 1157 1579 1210 παύσασθε
1630 1154 1773 1224 γνώ-

221 1266 332 1320 μης,
377 1247 700 1316 κεκραμένῳ
751 1248 998 1318 λογισμῷ
1063 1249 1337 1318 μετιόντες
1385 1249 1450 1300 τὸ
1499 1247 1768 1300 δίκαιον’

217 1342 386 1410 ἤγουν,
421 1339 499 1392 Τά
523 1339 660 1410 ὀρθὰ
695 1338 994 1407 φυλάττετε
1025 1341 1302 1408 κρίματα,
1335 1338 1368 1409 ἢ
1399 1339 1468 1391 τὰ
1507 1337 1626 1390 θεῖα
1655 1337 1776 1409 κρί-

219 1447 369 1499 ματα,
395 1429 675 1498 δηλονότι
704 1430 806 1494 τὰς
863 1431 1104 1494 ἐντολάς.
1139 1433 1232 1484 Δεῖ
1283 1431 1339 1484 δὲ
1383 1432 1478 1484 καὶ
1531 1431 1776 1502 λογισμῷ

213 1516 504 1585 φυλάττειν,
537 1516 630 1570 καὶ
663 1515 811 1589 ἔργῳ
842 1521 1042 1573 ποιεῖν.
1067 1518 1158 1571 Διό
1211 1535 1382 1588 φησι-
1419 1519 1522 1572 καὶ
1556 1518 1776 1572 ποιεῖτε

1871 437 2094 502 poribus
2127 437 2396 498 viventes,
2442 437 2658 506 generis
2721 437 3008 495 nobilitate
3031 441 3438 509 superbiebant,

1873 522 2149 592 prolisque
2175 522 2562 578 fecunditatem
2609 525 2828 592 pietatis
2859 539 2980 580 esse
3008 527 3290 596 praemium
3322 531 3435 582 exi-

1869 613 2204 668 stimabant:
2238 614 2381 668 uude
2410 613 2502 684 qui
2543 613 2847 684 alienigena
2892 616 3219 686 eunucltique
3264 629 3440 684 erant,

1870 701 2070 756 animis
2098 701 2460 756 concidebant
2495 718 2507 753 :
2542 700 2596 755 hi
2629 703 2886 770 quidem,
2925 715 3184 770 tanquam
3229 703 3442 773 ignobi-

1871 792 1985 860 les;
2022 793 2098 847 illi
2134 803 2340 858 autem,
2380 802 2440 848 ut
2486 793 2786 854 infecundi.
2834 795 3134 866 liberisque
3163 808 3436 853 carentes.

1871 880 1990 944 Quo
2021 879 2079 934 ﬁt
2135 889 2197 936 ut
2249 882 2301 935 in
2350 882 2596 937 moribus
2647 883 2802 952 ipsis.
2849 891 2905 937 et
2940 884 3260 948 virtutibus,
3317 900 3440 940 esse

1874 973 2190 1026 beatitatcm
2224 973 2558 1029 demonstret
2578 974 2739 1029 Deus.
2759 974 2944 1044 Neque
2970 977 3113 1030 enim
3140 977 3440 1047 quidquam

1875 1065 2190 1132 profect‘rit,
2234 1066 2324 1134 qui
2375 1067 2633 1133 praedicta
2678 1066 2894 1132 haheat,
2943 1067 2989 1121 si
3026 1066 3244 1135 justitia
3275 1077 3324 1121 et
3347 1069 3436 1133 ju-

1874 1155 2016 1210 dicio
2054 1166 2263 1213 careat.
2323 1156 2525 1213 Omnes
2575 1174 2675 1212 vos
2734 1160 2918 1228 igitur,
2979 1159 3176 1230 inquit,
3233 1162 3443 1232 abjecta

1877 1244 2076 1298 mentis
2101 1245 2496 1308 inconstantia,
2527 1245 2932 1314 certojudicio,
2963 1249 3105 1316 quod
3121 1249 3329 1316 justum
3359 1257 3445 1303 est

1876 1337 2122 1405 quaerite.
2147 1335 2442 1399 Nimirum,
2473 1346 2618 1390 recta
2644 1338 2853 1406 judicia
2877 1355 2895 1392 :
2924 1348 3015 1392 aut
3044 1340 3205 1393 etiam
3234 1340 3442 1406 divina;

1877 1427 1931 1482 id
1972 1435 2078 1489 est,
2107 1427 2200 1483 Dei
2250 1437 2516 1499 praecepta
2567 1429 2842 1483 custodite.
2893 1429 3058 1484 Decet
3094 1445 3222 1485 vero
3253 1432 3342 1484 illa
3393 1441 3448 1484 et

1878 1518 2059 1572 animo
2089 1517 2388 1581 custodire,
2417 1528 2470 1571 et
2511 1534 2700 1586 reapse
2753 1529 3015 1588 praestare
3064 1540 3077 1575 :
3133 1537 3242 1588 quo
3275 1521 3330 1575 lit
3387 1529 3446 1575 ut

212 1609 612 1674 δικαιοσύνην,
663 1608 856 1678 μισθὸν
881 1609 1356 1680 ἐπαγγειλάμενος
1374 1610 1442 1662 τὸ
1481 1611 1777 1677 σωτήριον

1887 1609 2148 1673 iustitiam
2192 1609 2366 1677 facere
2403 1609 2624 1677 juhcus,
2661 1609 2888 1662 salutem
2916 1618 2965 1662 et
2999 1609 3446 1674 misericordiam,

213 1699 389 1752 καὶτὸ
435 1698 629 1763 ἕλεος,
661 1675 718 1768 ἢ,
763 1700 908 1752 κατά
955 1675 1086 1763 τούς
1129 1675 1374 1762 λοιποὺς,
1406 1702 1504 1771 τὴν
1555 1675 1775 1755 δικαιο-

1887 1707 1974 1753 aut.
2028 1698 2328 1753 secundum
2380 1699 2645 1766 reliquos,
2684 1699 2999 1767 justitiam,
3058 1699 3111 1751 in
3165 1701 3445 1768 prtemium

213 1793 416 1855 σύνην.
452 1789 608 1851 Τινὲς
639 1790 694 1842 δέ
743 1807 930 1857 φασιν·
967 1791 1086 1843 ’Ὶνα
1123 1791 1196 1861 μὴ
1226 1793 1522 1860 νομίσωσιν
1550 1794 1640 1844 ἐπὶ
1676 1793 1775 1864 τὴν

218 1883 298 1934 τοῦ
333 1883 491 1950 νόμου
522 1883 754 1951 τήρησιν
794 1883 893 1951 τὴν
931 1884 988 1934 ἐν
1025 1885 1204 1944 σκιαῖς
1234 1883 1328 1936 καὶ
1359 1884 1552 1946 τύποις
1593 1901 1774 1953 παρα-

213 1972 498 2033 καλεῖσθαι,
539 1972 724 2041 ἐγγὺς
749 1969 923 2036 εἶναι,
957 1974 1113 2040 φησι,
1142 1973 1210 2027 τὸ
1233 1973 1550 2042 σωτήριον,
1577 1976 1673 2027 καὶ
1709 1973 1778 2027 τὸ

215 2063 390 2126 ἕλεος,
420 2061 570 2114 τοῦτ’
601 2063 717 2115 ἐστι
757 2065 1015 2134 Χριστόν.
1061 2066 1322 2134 Ἐλεήσας
1351 2068 1460 2136 γὰρ
1485 2068 1652 2135 ἡμᾶς,
1688 2064 1779 2118 διὰ

214 2153 302 2221 τῆς
343 2152 590 2220 ἀφέσεως
617 2154 841 2207 ἔσωσεν.
875 2154 1033 2207 Οὕτω
1068 2157 1160 2208 καὶ
1204 2157 1526 2226 ’Λμϐακούμ
1550 2173 1564 2187 υ
1601 2175 1619 2207 ι
1653 2157 1778 2209 Ἔτι

219 2244 414 2313 μικρὸν,
434 2244 527 2296 καὶ
556 2247 584 2297 ὀ
607 2247 898 2316 ἐρχόμενος
927 2247 1068 2316 ἥξει,
1100 2249 1194 2300 καὶ
1215 2250 1274 2299 οὐ
1308 2251 1527 2317 χρονιεῖ.
1558 2267 1576 2300 ι
1619 2249 1782 2301 Ἀπο-

215 2334 580 2402 κιιλυφθῆναι
639 2337 694 2389 δέ
736 2355 938 2406 φησιν,
975 2338 1167 2407 ἐπειδὴ
1217 2339 1520 2411 πρυύλεγον
1571 2340 1671 2410 μὲν
1730 2342 1778 2392 οἱ

218 2425 473 2492 προφῆται
529 2427 658 2492 περὶ
706 2425 897 2489 αὐτοῦ,
935 2427 990 2477 ἐν
1036 2426 1186 2488 ἰδίοις
1241 2427 1298 2480 δὲ
1333 2430 1546 2498 καιροῖς
1588 2430 1782 2495 ἐφανε-

217 2515 369 2583 ρώθη.
401 2516 574 2567 Τοῦτο
605 2518 697 2568 καὶ
717 2517 881 2569 Δαϐὶδ
922 2517 1106 2585 ἔλεγεν
1134 2534 1149 2550 ο
1187 2537 1204 2568 ι
1243 2518 1536 2588 Ἑγνώρισε
1576 2519 1778 2590 Κύριος

218 2608 268 2656 τὸ
299 2608 561 2678 σωτήριον
591 2607 756 2660 αὐτοῦ
794 2608 1037 2675 ἐναντίον
1074 2611 1182 2660 τῶν
1215 2609 1407 2664 ἐθνῶν.
1439 2609 1778 2678 Ἀπεκάλυψε

218 2696 302 2765 τὴν
321 2697 663 2768 δικαιοσύνην
693 2699 880 2752 αὑτοῦ.
908 2718 926 2750 ι
971 2700 1091 2752 Ἐπὶ
1118 2700 1399 2765 τοιαύταις
1427 2698 1520 2754 οὖν
1559 2701 1777 2756 ἐλπίσιν

213 2790 462 2856 ἐπιλέγει,
482 2791 792 2860 Μακάριος
815 2791 970 2860 ἀνὴρ
1000 2796 1031 2845 ὁ
1061 2793 1249 2846 ποιῶν
1276 2794 1482 2848 ταῦτα.
1509 2794 1626 2861 Τὴν
1653 2795 1777 2863 κρί-

215 2896 307 2932 σιν
328 2879 470 2946 λέγει
501 2880 604 2932 xal
638 2882 752 2947 τὴν
778 2881 1195 2950 δικαιοσύνην,
1242 2884 1358 2936 ἀλλ’
1388 2886 1486 2954 οὐχ
1516 2885 1544 2937 ὁ
1588 2901 1781 2954 προτε-

220 2976 410 3042 ρήμασι
433 2974 738 3044 κομπάζων
764 2981 1118 3046 σωματικοῖς,
1143 2979 1394 3050 εὐγενείᾳ
1417 2998 1475 3033 τε
1499 2981 1592 3033 καλ¹
1613 2981 1778 3033 πολυ-

1882 1792 2222 1859 polliceatur.
2267 1789 2467 1844 Putant
2503 1791 2772 1853 nonnulli,
2807 1807 2873 1844 ιιε
2924 1791 3171 1844 videatur
3202 1792 3268 1845 ad
3317 1791 3449 1858 legis

1884 1883 2174 1946 umbram,
2237 1890 2602 1954 typorumque
2659 1883 3094 1937 observationem
3146 1883 3448 1948 adhortari,

1883 1975 2107 2029 salutem
2157 1984 2206 2030 et
2237 1976 2682 2050 misericordiam,
2737 1975 2788 2029 id
2825 1985 2908 2030 est
2948 1975 3252 2040 Christum,
3294 1991 3452 2044 prope

1883 2082 1994 2120 esse
2036 2065 2385 2136 signiﬁcare;
2424 2066 2584 2135 cujus
2628 2067 2980 2121 miseratione
3009 2082 3106 2136 per
3164 2069 3448 2122 remissio-

1887 2171 2010 2211 nem
2053 2158 2255 2211 servati
2287 2171 2500 2212 sumus.
2531 2157 2686 2224 Quod
2735 2158 3022 2212 contirmat
3063 2169 3114 2214 et
3171 2159 3450 2214 Habacum

1887 2248 1972 2301 his
2010 2249 2191 2302 verbis
2225 2265 2238 2300 :
2277 2266 2298 2299 ι
2331 2248 2524 2302 Adhuc
2555 2249 2853 2314 modicum,
2891 2259 2946 2304 et
2987 2249 3079 2318 qui
3122 2255 3288 2316 venit,
3328 2250 3454 2305 adc-

1886 2337 1984 2398 rit,
2013 2350 2190 2403 neque
2219 2335 2456 2389 tardabit
2491 2337 2558 2390 ‘5.
2601 2355 2618 2387 ι
2657 2336 2782 2390 Ideo
2815 2344 2994 2391 autem
3038 2338 3317 2391 revelatum
3342 2355 3454 2392 esse

1886 2427 2048 2490 dixit,
2085 2426 2230 2495 quod
2257 2442 2376 2496 quze
2404 2427 2470 2480 de
2503 2442 2568 2481 eo
2604 2427 2878 2496 propheta:
2910 2428 3296 2498 praedixerant,
3336 2433 3454 2482 snis

1885 2517 2228 2587 temporibus
2258 2518 2311 2571 in
2342 2517 2516 2571 lucent
2552 2518 2896 2586 prodierint,
2923 2519 3083 2588 juxta
3126 2520 3258 2573 illud
3296 2519 3456 2572 Davi-

1885 2604 2018 2659 dis:
2063 2623 2081 2657 ι
2126 2603 2325 2658 Νοιιιιη
2382 2604 2511 2658 fecit
2566 2603 2828 2660 Dominus
2881 2607 3124 2678 salutare
3181 2624 3362 2662 suum.
3399 2607 3453 2658 lu

1887 2708 2182 2767 conspectu
2215 2697 2454 2767 gentium
2485 2697 3031 2774 revelavjtjustitiam
3055 2699 3178 2766 ejus
3216 2698 3281 2752 “.
3323 2718 3341 2750 ι
3381 2697 3456 2752 Ea

1888 2805 1984 2858 spe
2013 2789 2178 2858 igitur
2203 2787 2481 2842 concludit
2511 2771 2731 2842 Beatum
2761 2805 2875 2842 esse
2904 2791 3070 2843 virum
3114 2791 3205 2860 qui
3230 2791 3335 2844 ista
3369 2792 3456 2860 [a-

1885 2881 1996 2934 eiat
2018 2917 2035 2943 ,
2059 2877 2326 2948 judicium
2359 2878 2618 2931 nimirum
2654 2888 2701 2930 et
2725 2878 2992 2942 iustitiam
3017 2895 3036 2932 :
3068 2895 3174 2932 non
3209 2881 3299 2949 qui
3332 2895 3458 2934 cor-

1889 2970 2040 3040 poris
2072 2967 2470 3038 praerogativis,
2507 2967 2792 3022 nobilitate
2819 2970 3051 3034 scilicet,
3081 2980 3134 3022 et
3177 2971 3326 3040 prole
3360 2987 3453 3024 su-

219 3065 408 3136 παιδία.
437 3067 661 3136 Συνῳδα
709 3066 917 3133 τούτοις
965 3069 1153 3139 ἔλεγεν
1211 3071 1460 3144 Ἰωάννης
1510 3076 1537 3128 ὁ
1578 3075 1777 3130 Barru-

1889 3062 2116 3136 perbiat.
2143 3060 2351 3130 Quibus
2389 3070 2442 3118 et
2486 3059 2573 3116 illa
2605 3061 2982 3126 consentiunt,
3024 3077 3146 3132 quin
3189 3077 3217 3114 a
3249 3060 3460 3129 Joanne

219 3160 367 3230 στήςυ
404 3175 427 3212 ι
463 3160 744 3232 Ποιήσατε
792 3163 886 3216 οὖν
941 3169 1187 3236 καρποὺς
1239 3167 1422 3232 ἀξίους
1469 3170 1564 3238 τῆς
1617 3187 1785 3238 μετα.

216 3254 368 3318 νοίας,
403 3257 495 3307 καὶ
556 3256 632 3323 μὴ
677 3252 867 3326 δόξητε
919 3257 1125 3324 λέγειν,
1172 3258 1394 3330 Πατέρα
1446 3259 1644 3330 ἔχομεν
1694 3262 1786 3314 τὸν

228 3343 483 3414 Ἀϐραάμ.
525 3363 548 3396 ι
611 3345 844 3414 Ὁμοίως
889 3347 979 3399 καὶ
1018 3348 1046 3399 ὁ
1097 3349 1308 3419 Σωτήρο
1351 3368 1368 3401 ι
1397 3352 1460 3403 Εἰ
1489 3352 1654 3404 τέκνα
1690 3350 1786 3404 τοῦ

228 3435 462 3507 Ἀϐραὰμ
484 3433 614 3508 ἦτε,
636 3439 704 3490 τά
736 3435 871 3508 ἔργα
901 3437 995 3492 τοῦ
1027 3439 1281 3511 Ἀϐρααμ
1305 3443 1537 3496 ἐποιεῖτε
1564 3445 1648 3498 ἄν.
1681 3463 1700 3496 ι

277 3610 363 3662 Δεῖ
387 3610 442 3664 δὲ
475 3611 618 3681 πρὸς
649 3607 730 3676 τῷ
768 3613 1101 3681 φυλάττειν
1131 3614 1456 3688 [Σάϐϐατα].
1488 3617 1590 3674 καί
1648 3619 1789 3674 ἀντ-

220 3696 448 3768 έχεσθαι
473 3701 590 3770 τῆς
632 3701 1045 3773 δικαιοσύνης,
1090 3707 1189 3760 καὶ
1239 3709 1512 3776 κρίσεως,
1563 3713 1661 3766 καὶ
1711 3713 1787 3784 μὴ

223 3793 507 3863 παρέργως
545 3793 632 3846 ἐπ’
660 3795 801 3848 αὐτά
829 3798 1047 3866 χωρεῖν.
1080 3798 1235 3852 Μετὰ
1279 3799 1482 3855 τούτων
1531 3802 1644 3874 γὰρ
1692 3805 1787 3857 καὶ⁸

221 3883 256 3950 ἡ
273 3884 517 3953 φυλακὴ
556 3884 674 3938 τῶν
697 3886 1015 3943 Σαϐϐάτων
1044 3889 1330 3957 ἐπαινετὴ.
1361 3892 1484 3961 ἥτις
1511 3894 1660 3947 ἐστὶν
1688 3895 1787 3966 οὐχ

221 3973 394 4039 ἁπλῶς
420 3977 480 4030 ἐν
507 3977 704 4048 ἀργίᾳ,
735 3977 852 4030 ἀλλ’
879 3981 937 4034 ἐν
972 3979 1052 4049 τῷ
1076 3981 1185 4047 τὰς
1219 3981 1442 4052 χεῖρας,
1483 3983 1630 4039 τοῦτ’
1671 3986 1786 4042 ἐστι

215 4064 304 4128 τὰς
333 4067 566 4139 πράξεις
595 4068 839 4138 καθαρὰς
867 4069 1084 4126 ἀτόπων
1139 4071 1319 4143 ἔργων
1364 4079 1578 4147 τηρεῖν.
1628 4079 1787 4134 Οὕτω

216 4157 316 4229 γὰρ
341 4158 422 4212 δεῖ
455 4159 929 4228 Σαϐϐατίζοντας
956 4161 1150 4228 θυσίας
1195 4167 1492 4236 προσάγειν
1544 4185 1789 4240 πνευμα-

214 4248 382 4313 τικὰς.
415 4244 558 4304 Εἶτα
594 4251 1006 4322 παραμυθεῖται
1040 4255 1183 4321 τοὺς
1222 4260 1653 4329 προσηλύτους
1687 4262 1788 4318 καὶ

1887 3153 2054 3225 638
2091 3152 2332 3221 Baptista
2381 3151 2435 3204 in
2467 3152 2612 3205 hunc
2647 3154 2866 3205 modum
2902 3162 3160 3222 usurpata
3189 3155 3455 3224 legimus:

1893 3268 1912 3299 ι
1950 3249 2137 3327 Facite
2185 3262 2315 3317 ergo
2367 3247 2580 3302 fructus
2615 3247 2809 3318 dignos
2860 3249 3231 3318 paenitentiae,
3281 3265 3460 3319 neque

1889 3341 2182 3395 videamini
2215 3340 2399 3395 dicere
2429 3360 2440 3394 :
2479 3339 2694 3396 Patrem
2728 3341 2992 3394 haben-us
3024 3341 3302 3394 Abraham
3327 3340 3393 3395 ".
3434 3361 3454 3394 ι

1889 3429 1955 3483 Et
1990 3431 2079 3484 illa
2110 3431 2295 3492 etiam,
2329 3445 2448 3499 quae
2478 3446 2506 3483 a
2531 3416 2814 3486 Salvatore
2847 3449 2862 3486 :
2906 3449 2925 3482 ι
2967 3431 3026 3484 Si
3055 3431 3151 3485 lilii
3182 3431 3458 3486 Abraham

1889 3523 2102 3585 essetis,
2139 3536 2304 3590 opera
2331 3523 2562 3575 Abrahae
2592 3521 2848 3576 faceretis
2873 3523 2942 3577 ³⁸.
2973 3541 2993 3575 ι

1959 3608 2109 3678 Opus
2151 3617 2234 3664 est
2291 3625 2418 3663 vero
2465 3610 2534 3662 ad
2602 3609 2962 3663 Sabbatorum
3018 3611 3457 3676 observationem,

1879 3699 2156 3768 justitiam
2182 3699 2318 3752 tueri
2354 3708 2404 3753 et
2434 3699 2744 3768 judicium;
2775 3717 2882 3754 non
2918 3701 3136 3771 frigide,
3177 3719 3282 3756 non
3315 3704 3462 3759 osci-

1887 3799 2068 3846 tanter
2095 3789 2162 3843 ad
2188 3804 2379 3844 eorum
2399 3791 2840 3845 observationem
2873 3792 3155 3847 accedere.
3185 3791 3282 3846 Est
3310 3795 3457 3848 enim

1887 3897 2012 3938 cum
2066 3882 2188 3938 istis
2241 3880 2512 3936 laudanda
2569 3879 2930 3936 Sabbatorum
2973 3881 3302 3948 observatio;
3347 3898 3458 3940 non

1890 3975 1979 4030 illa
2010 3974 2159 4036 iners
2206 3973 2403 4045 plane;
2449 3973 2547 4029 sed
2579 3989 2700 4045 qua:
2729 3989 2944 4042 manus,
2987 3974 3040 4030 id
3069 3983 3155 4031 est
3189 3976 3460 4041 actiones,

1889 4069 1960 4125 ab
1987 4067 2303 4142 impuritate
2339 4067 2548 4122 alienas
2577 4076 2884 4122 conservet.
2921 4068 2996 4126 Ita
3026 4067 3172 4124 enim
3213 4082 3334 4132 eos,
3365 4071 3462 4140 qui

1890 4159 2130 4215 Sabbata
2151 4159 2452 4226 observant,
2481 4158 2797 4230 spirituales
2828 4159 3034 4237 hostias
3055 4159 3216 4220 decet
3237 4159 3458 4217 oll‘erre.

1889 4251 2224 4323 Alienigena:
2255 4251 2454 4308 deinde
2471 4261 2520 4306 et
2538 4249 2798 4306 eunudms
2827 4247 3166 4318 consolatur,
3199 4262 3460 4321 tanquam

218 4338 348 4407 τοὺς
365 4341 730 4411 εὐνούχους,
771 4343 848 4409 ὡς
877 4345 1092 4412 οὐδενὸς
1119 4348 1228 4403 τῶν
1271 4349 1530 4420 μεγάλων
1557 4354 1777 4427 ἐστερη-

1890 4344 2026 4401 levis
2053 4345 2271 4416 jactura
2309 4344 2402 4409 sit,
2443 4344 2489 4398 si
2507 4343 2790 4414 sanguinis
2829 4344 3151 4411 nobilitate,
3181 4345 3464 4415 prolisque

161 4502 164 4506 γ
209 4431 404 4500 ,μένους
434 4434 763 4504 σωματικῆς
798 4435 1082 4504 εὐγενείας
1115 4438 1210 4492 καὶ
1247 4440 1458 4496 παίδων
1483 4443 1664 4514 γονῆς.
1708 4444 1786 4498 Οὐ

215 4522 316 4594 γὰρ
346 4525 634 4595 ἐμποδίσει
678 4525 855 4581 ταῦτα
903 4527 1012 4581 τῶν
1061 4527 1223 4584 θείων
1249 4535 1436 4602 τυχεῖν
1465 4534 1707 4602 ἀγαθῶν,
1736 4535 1786 4589 εί

215 4609 346 4680 ζῷεν
367 4612 662 4679 θεοσεϐῶς,
693 4612 771 4685 τῷ
800 4614 1250 4687 δικαιοπραγεῖν
1277 4620 1352 4684 ὡς
1387 4621 1471 4674 δεῖ
1502 4625 1788 4678 Σαϐϐατι-

214 4701 426 4770 ζοντες.
453 4705 532 4759 Οὐ
556 4705 664 4776 γὰρ
688 4705 821 4774 ψιλὰ
851 4705 993 4761 θέλει
1020 4710 1092 4764 τὰ
1113 4709 1388 4766 Σάϐϐατα
1417 4714 1445 4766 ὁ
1475 4715 1594 4767 κατ’
1615 4716 1790 4786 ἀρχὰς

215 4787 376 4843 εἰπὼν
425 4793 523 4846 τοῦ
560 4793 797 4864 βιϐλίου*
835 4813 854 4846 ι
885 4796 997 4860 Τάς
1020 4799 1316 4868 νουμηνίας
1355 4801 1529 4872 ὑμῶν,
1579 4805 1673 4857 καὶ⁵
1720 4807 1788 4859 τὰ

217 4879 485 4945 Σάϐϐατα,
519 4887 613 4936 καὶ
644 4885 858 4955 ἡμέραν
891 4887 1135 4958 μεγάλην
1157 4891 1257 4943 οὐκ
1284 4892 1567 4962 ἀνέχομαιο
1612 4913 1632 4947 ι
1668 4895 1784 4949 ἀλλ’

217 4972 260 5022 εί
287 4973 378 5026 καὶ
407 4974 516 5026 ἔδει
543 4975 662 5027 τότε
703 4979 1032 5046 σωματικῶς
1062 4981 1365 5050 τηρεῖσθαι,
1395 4984 1481 5037 διὰ
1513 4985 1612 5057 τὴν
1640 5005 1782 5058 παρ-

218 5064 467 5128 αγγελίαν
501 5065 596 5118 τοῦ
637 5065 804 5136 νόμου
858 5068 921 5120 τὸ
960 5069 1300 5135 Σάϐϐατον,
1341 5076 1493 5142 μετὰ
1530 5078 1784 5144 κρίσεως

217 5153 308 5204 καὶ
330 5153 720 5222 δικαιοσύνης
741 5151 820 5224 ἦν
839 5161 1148 5226 τηρητέον.
1171 5164 1284 5215 Οὐκ
1309 5165 1414 5236 ἄρα
1436 5168 1782 5237 παραϐλάψει

217 5241 317 5296 τὸν
343 5245 648 5316 ἀλλογενῆ
691 5247 752 5300 τὸ
774 5249 947 5308 ,νόθον
978 5253 1071 5305 τοῦ
1121 5255 1331 5322 γένους.
1378 5257 1650 5331 Ἀρέσκων
1672 5261 1780 5332 γὰρ

218 5334 394 5406 Κυρίῳ
424 5336 506 5400 είς
534 5335 687 5400 ἔθνος
736 5337 891 5407 ἆγιον
927 5342 1022 5395 καὶ
1067 5347 1124 5397 ἐν
1169 5347 1380 5412 τέκνοις
1431 5350 1634 5404 τελέσει
1684 5353 1775 5406 τοῦ

283 5529 328 5613 ξ’
359 5533 561 5613 Hahae.
587 5556 649 5608 ιι,
676 5543 742 5611 5;
777 5544 942 5601 Hebr.
980 5565 1034 5613 ιι,
1065 5548 1152 5603 57.

221 5599 262 5630 δ’
284 5547 561 5630 :‘ﬂabanc;
587 5556 649 5608 ιι,
676 5547 742 5611 '5;
777 5547 942 5601 Hebr.
980 5565 1034 5613 ιι,
1065 5548 1152 5603 57.
1264 5548 1308 5580 ⁸⁸
1341 5547 1488 5604 Psal-
1516 5567 1682 5618 XCV",
1723 5555 1776 5610 9-

284 5601 386 5660 lsa.
415 5623 456 5676 ι,
492 5609 579 5668 ιε.

1889 4436 2227 4491 fecunditate
2255 4434 2628 4490 destituantur
2655 4449 2670 4489 :
2695 4450 2820 4490 cum
2849 4436 3160 4492 divinorum
3187 4438 3460 4492 bonorum

1890 4532 2293 4602 perceptionem
2321 4529 2454 4584 talia
2471 4543 2580 4583 non
2611 4527 2912 4600 impediant
2937 4545 3079 4600 ;qua
3117 4536 3328 4585 tantum
3364 4547 3461 4598 po-

1891 4621 2509 4692 tientur,quijustitiam
2529 4619 2706 4674 colunt
2729 4629 2782 4675 et
2795 4623 3048 4691 pietatem
3079 4637 3094 4687 ;
3117 4622 3170 4674 in
3199 4637 3307 4689 quo
3333 4637 3460 4676 vera

1893 4712 2247 4768 Sabbatorum
2287 4719 2466 4783 posita
2508 4714 2580 4768 sit
2626 4714 2943 4769 observatio.
2976 4713 3093 4768 Non
3139 4717 3282 4770 enim
3315 4717 3460 4770 nuda

1891 4807 2141 4876 exposcit
2189 4805 2448 4868 Sabbata,
2477 4807 2568 4875 qui
2605 4821 2664 4860 se
2713 4807 2838 4874 librj
2874 4807 3038 4876 bujtts
3080 4808 3238 4861 initio
3261 4807 3328 4870 ",
3366 4824 3462 4863 eo-

1891 4912 2010 4950 rum
2041 4898 2337 4962 Kalendas,
2373 4907 2425 4953 et
2465 4895 2723 4960 Sabbata,
2749 4898 3001 4968 diemque
3036 4914 3288 4966 magnum
3319 4899 3461 4954 ferre

1889 5005 1999 5042 non
2052 5005 2212 5059 posse
2265 4990 2544 5058 professus
2564 4995 2665 5042 est.
2721 4989 2830 5043 lmo
2865 5005 3011 5053 vero,
3052 4991 3215 5042 etiam
3251 4991 3306 5044 ἐἰ
3345 4999 3458 5044 tum

1887 5082 2243 5148 corporaliter
2277 5079 2554 5134 observari
2588 5079 2880 5133 Sabbatum
2914 5096 2979 5134 ex
3021 5081 3156 5150 IegLs
3193 5093 3462 5150 pzaeoepto

1891 5180 2192 5241 oporteret,
2232 5188 2352 5224 cum
2401 5171 2607 5238 judicio
2670 5180 2852 5226 tamen
2913 5179 2964 5224 et
3015 5171 3235 5239 justitia
3294 5174 3458 5227 etiam

1889 5263 2068 5330 fuerat
2112 5262 2538 5316 custodiendum.
2582 5260 2699 5315 Non
2750 5263 2917 5331 igitur
2950 5263 3301 5333 alienigenam
3344 5265 3458 5332 ipsa

1888 5352 2102 5424 generis
2124 5352 2360 5407 otl‘endet
2394 5355 2645 5406 varietas.
2683 5352 2824 5418 Quin
2861 5353 3202 5422 potiusinter
3225 5355 3457 5408 Abrahae

1971 5559 2013 5589 "
2054 5557 2243 5611 Matth.
2285 5574 2364 5623 ιιι,
2407 5554 2474 5621 8;
2511 5553 2648 5609 Luc.
2686 5570 2768 5621 ιιι,
2803 5555 2869 5621 8;
2945 5555 2988 5585 "‘
3024 5555 3182 5609 Joaa.
3212 5572 3327 5616 vnt,
3365 5557 3452 5610 59.
