3916 6398
443 244 586 306 2587

1014 353 1265 406 ΚΕΦᾹΛ.
1319 351 1450 405 Nil".

514 442 690 501 a-za'.
739 444 1113 510 Ἀναϐόησον
1144 443 1215 497 ἐν
1251 443 1437 509 ἰσχύϊ,
1460 442 1558 496 καὶ
1585 442 1673 511 μὴ
1703 446 1889 513 gas/cn
1913 462 1926 475 ·
1952 446 2034 510 ὡς

443 537 756 606 σάλπιγγα
802 537 1057 603 ὒψωσον
1109 532 1225 599 τὴν
1275 531 1485 600 φωνήν
1517 546 1664 592 σου.
1699 534 1799 588 mal
1855 534 2035 605 ἀνάν-

446 631 651 695 τειλον
691 623 770 689 τῷ
815 622 941 688 λαῷ
983 639 1104 691 μου
1148 620 1219 674 τὰ
1257 619 1653 690 ἁμαρτήματα
1678 623 1896 680 αὐτῶν.
1934 626 2033 678 καὶ

446 716 526 782 τῷ
558 717 701 782 οἴκῳ
740 714 955 768 Ἰακὼϐ
980 713 1088 778 τὰς
1124 713 1378 781 ἀνομίας
1404 714 1626 768 αὐτῶν.
1646 715 1779 784 Ἐμὲ
1807 716 2037 784 ἡμέραν

446 807 515 869 ἐξ
552 806 772 874 ἡμέρας
822 803 1085 872 ζητοῦσι,
1121 805 1221 857 καὶ
1275 803 1501 873 γνῶναί
1537 823 1657 873 μου
1704 806 1811 871 τὰς
1854 806 2037 873 ὁδοὺς

445 896 866 964 ἐπιθυμοῦσιν,
906 894 987 961 ὡς
1032 893 1181 960 λαός
1221 895 1623 961 δικαιοσύνην
1669 895 2032 964 πεποιηκὼς,

447 989 542 1041 καὶ
586 988 790 1057 κρίσιν
834 986 984 1041 Θεοῦ
1015 987 1203 1042 αὐτοῦ
1245 989 1332 1057 μὴ
1380 988 1945 1058 ἐγκαταλελοιπὼς,
1977 1007 2033 1044 κ.

445 1096 499 1131 τ.
527 1078 576 1130 λ.

517 1167 875 1239 Θεραπεύσας
925 1172 954 1225 ό
1003 1170 1159 1239 λόγος
1190 1171 1319 1236 τοὺς
1364 1173 1422 1227 ἐν
1450 1171 1529 1243 τῷ
1558 1173 1751 1247 πλήθει
1782 1174 1877 1228 τοῦ
1905 1173 2037 1230 λαοῦ

446 1261 735 1325 ταπεινοὺς
769 1263 863 1315 καὶ
897 1264 1398 1334 συντετριμμένους
1425 1268 1492 1337 τῇ
1523 1266 1744 1339 καρδίᾳ,
1769 1267 2037 1335 μεταϐαί-

446 1369 527 1405 νει
560 1351 747 1406 λοιπὸν
781 1353 876 1404 ἐπὶ
908 1353 971 1405 τὸ
1003 1354 1192 1424 τάγμα
1219 1354 1328 1409 τῶν
1355 1355 1414 1408 ἐν
1439 1356 1624 1420 αὐτοῖς
1647 1357 1881 1423 ἀσεϐῶν,
1907 1360 2037 1431 περὶ

445 1436 520 1496 ὧν
552 1443 771 1512 ἔλεγεν,
799 1444 914 1496 Οὐκ
941 1443 1058 1498 ἐστι
1086 1447 1300 1516 χαίρειν
1331 1449 1445 1510 τοῖς
1472 1448 1695 1501 ἀσεϐέσι
1720 1488 1735 1513 ,
1767 1449 2038 1506 διδάσκων

444 1534 592 1597 τίνες
619 1552 681 1587 τε
711 1526 877 1598 οὗτοι,
911 1536 1004 1589 καὶ
1043 1537 1160 1589 ἀνθ’
1181 1539 1305 1591 ὅτου
1337 1538 1457 1593 κατ’
1483 1540 1666 1593 αὐτῶν
1696 1541 2031 1610 ἀπεφήνατο.

460 1626 704 1695 ’Λςρόϐως
747 1624 872 1692 οὖν,
910 1629 1006 1681 καὶ
1052 1630 1150 1683 σὺν
1201 1631 1484 1703 παρρησίᾳ
1528 1630 1705 1686 ταῦτα
1744 1633 1908 1703 ,βοᾷν
1958 1628 2037 1706 τῷ

448 1722 704 1791 προφήτῃ
732 1720 1191 1791 παρακελεύεται.
1224 1723 1396 1777 Τοῦτο
1421 1724 1529 1796 γάρ
1554 1727 1671 1778 ἐστι
1704 1725 1767 1778 τὸ
1791 1726 2038 1794 ὑψῶσαι

448 1813 565 1878 τὴν
592 1814 824 1883 φωνὴν.
844 1815 919 1879 ὡς
950 1817 1058 1870 ἀπὸ
1084 1819 1425 1888 σάλπιγγος
1456 1820 1587 1885 τοὺς
1619 1821 1875 1891 ἐλέγχους
1902 1841 2039 1894 προ-

448 1894 701 1976 φέροντα.
742 1909 897 1961 Κατὰ
925 1910 1117 1980 καιρὸν
1160 1911 1217 1965 δὲ
1260 1910 1337 1975 ὡς
1378 1912 1470 1966 ἐπὶ
1513 1912 1651 1967 Θεοῦ
1695 1915 1968 1986 πολεμίων
2002 1919 2038 1986 ἠ

447 1997 716 2068 σάλπιγξ
743 2001 1138 2070 παρείληπται.
1172 2004 1299 2066 Τοῖς
1329 2003 1429 2073 μὲν
1479 1999 1572 2060 οὖν
1622 1990 2038 2075 εὐαγγέλισταϊς

447 2082 533 2134 διὰ
557 2084 666 2138 τῶν
697 2086 935 2155 πρόσθεν
955 2087 1192 2157 ἐλέγετοο
1216 2110 1234 2142 ι
1257 2091 1377 2145 Ἐπ’
1398 2091 1526 2164 δρος
1552 2093 1756 2165 ὑψηλὸν
1782 2097 2037 2168 ἀνάϐηθι,

445 2176 475 2227 ὁ
506 2176 996 2248 εὐαγγελιζόμενος
1027 2180 1186 2251 Σιῲν,
1219 2201 1238 2233 ι
1269 2184 1364 2237 καὶ
1395 2183 1463 2238 τὰ
1494 2185 1756 2257 ἑπόμενα.
1775 2189 2041 2243 Ἐνταῦθα

444 2262 503 2318 δέ
533 2264 634 2317 οὐκ
657 2267 743 2319 ἐπ’
768 2265 897 2335 ὅρος
931 2268 1251 2324 ἀναϐαίνειν
1280 2271 1309 2323 ὁ
1340 2273 1628 2343 προφήτης
1650 2272 1931 2328 κελεύεται
1959 2274 2039 2347 (οὐ

447 2356 557 2427 γὰρ
586 2359 699 2422 τοῖς
732 2354 883 2414 οὖσιν
913 2360 984 2414 ἐν
1010 2361 1154 2430 ὕψει
1178 2362 1358 2432 λέγειν
1386 2365 1668 2437 ἤμελλεν),
1686 2365 1828 2435 ἄγαν
1852 2366 1910 2420 δὲ
1938 2369 2040 2438 μό-

447 2465 539 2501 νον
566 2449 742 2515 βοᾷν,
777 2451 853 2515 ὡς
901 2454 981 2517 είς
1006 2449 1124 2508 ὦτα
1156 2454 1378 2525 κωφῶν,
1410 2454 1505 2521 οὓς
1549 2457 1668 2523 καὶ,
1707 2461 1871 2514 Λαέν
1895 2450 2038 2529 μου,

447 2540 635 2610 φησιν,
668 2542 751 2606 είς
792 2545 1119 2617 κατάκρισιν
1167 2545 1366 2603 αὐτῶν.
1385 2547 1529 2617 Ἐγὼ
1562 2548 1664 2619 μὲν
1697 2549 1810 2622 γὰρ
1841 2551 2034 2618 αὐτοὺς

448 2633 924 2705 περιεποιησάμην
951 2651 965 2666 ·
996 2637 1048 2690 oi
1082 2636 1142 2691 δὲ
1167 2637 1471 2708 ἀπέφυγον.
1503 2643 1570 2694 Al
1613 2640 1722 2712 γὰρ
1765 2642 2042 2713 ἁμαρτίαι

447 2721 623 2793 ὑμῶν,
651 2725 1097 2794 φησὶ,διιστῶσιν
1130 2727 1238 2781 ἀνὰ
1264 2728 1432 2799 μέσον
1460 2730 1598 2801 ἐμοῦ
1622 2732 1720 2785 καὶ
1745 2733 1927 2803 ὑμῶν,
1945 2733 2042 2788 καὶ

448 2815 612 2869 πλέον
636 2818 756 2880 ταῖς
775 2817 1077 2889 ἁμαρτίαις
1099 2820 1256 2888 ὑμῶν
1276 2822 1608 2893 ἐπειράθητε
1630 2839 1643 2853 ·
1669 2824 1698 2876 ό
1720 2823 1778 2877 δὲ
1796 2824 2040 2896 ἐλεγχος,

446 2907 531 2960 ὅτι
557 2907 804 2962 δοκοῦσίν
831 2927 898 2979 με
920 2911 1050 2966 καθ’
1076 2912 1308 2982 ἡμέραν
1333 2912 1636 2983 ἐπιζητεῖν
1659 2917 1754 2970 ἐπὶ
1782 2916 1885 2981 τὰς
1909 2921 2042 2991 παρ’

1744 244 2094 309 ΡΒΟΟΟΡΠ
2126 236 2361 297 ΟΑΖΕΙ

3572 237 3704 302 25.88

2745 342 2893 397 me.
2936 342 3116 415 mu.

2205 436 2374 508 655
2409 438 2570 490 \‘t'ns.
2610 436 2629 488 l
2672 436 2761 490 ει.
2806 436 2997 490 Clama
3027 444 3286 504 potenter,
3315 451 3482 505 neme
3502 453 3705 504 parch

2139 528 2314 595 Quasi
2343 530 2469 582 tuba
2502 529 2686 582 attolle
2720 544 2898 582 uocem
2945 538 3112 590 tuam,
3141 537 3192 581 et
3234 528 3498 582 annuntia
3530 529 3710 596 populo

2139 639 2251 674 meo
2306 631 2522 688 peccata
2558 638 2679 683 sua,
2728 629 2777 673 et
2813 620 2996 673 domui
3021 616 3192 673 Iacob
3224 618 3536 687 iniquitates
3569 636 3710 676 suns.

2139 710 2229 766 He
2254 712 2318 765 de.
2362 712 2446 766 die
2476 712 2531 764 in
2566 710 2707 764 diem
2738 720 3003 781 quierunt,
3035 719 3083 763 et
3115 726 3268 764 nosse
3301 711 3418 764 vias
3440 727 3594 777 meas
3625 728 3715 762 cn-

2136 806 2307 876 piunt,
2350 813 2602 872 tanquam
2641 818 2766 873 gens
2793 818 2911 871 qua:
2946 801 3226 870 justitiam
3256 800 3441 870 fecerit
3491 809 3543 854 et
3572 801 3718 870 judi-

2137 897 2277 951 cium
2311 894 2405 948 Dei
2440 895 2524 949 sui
2558 911 2662 948 non
2694 893 2990 963 reliquerit,
3029 900 3141 948 etc.

2205 1181 2369 1256 655
2402 1182 2697 1252 Postquam
2729 1180 2820 1246 iis,
2869 1180 2961 1251 qui
2996 1180 3051 1234 in
3081 1179 3288 1251 pepulo
3317 1178 3512 1235 cordis
3543 1178 3716 1234 humi-

2138 1272 2292 1327 litate
2334 1280 2391 1326 et
2421 1272 2757 1326 contritione
2789 1269 3136 1335 laborabant,
3168 1269 3485 1324 medicatus
3518 1280 3623 1332 esl,
3658 1274 3717 1323 ιιιΙ

2139 1366 2278 1419 alios
2310 1364 2592 1433 deinceps,
2636 1363 2731 1432 qui
2771 1364 2915 1417 inter
2948 1361 3175 1416 eosdem
3212 1361 3558 1431 impietatem
3594 1377 3715 1431 pro-

2139 1440 2268 1511 iessi
2296 1454 2534 1524 gaudere
2571 1460 2872 1523 nequeunt,
2897 1466 3209 1506 sermonem
3234 1452 3516 1505 convertit
3548 1469 3562 1518 ;
3604 1456 3720 1518 qui-

2139 1563 2247 1618 que
2291 1546 2393 1616 ipsi
2437 1545 2572 1608 sint,
2625 1546 2680 1597 e‘t
2708 1559 2809 1597 cur
2839 1544 2893 1596 in
2928 1542 3051 1596 illos
3096 1543 3203 1597 ista
3245 1542 3595 1611 pronuntiet,
3641 1542 3721 1596 de-

2142 1647 2434 1693 monstrat.
2475 1635 2809 1707 Pmphetam
2851 1634 3046 1704 igitur,
3087 1643 3146 1687 ut
3169 1633 3273 1689 ista
3317 1634 3441 1688 sine
3467 1644 3637 1700 metu,
3670 1644 3719 1687 et

2140 1730 2484 1786 conﬁdenter
2509 1727 2776 1791 inclamet,
2809 1720 3089 1781 admonet.
3116 1724 3361 1795 ldipsum
3385 1723 3534 1779 enim
3562 1726 3720 1795 signi-

2143 1822 2287 1889 ﬁcat,
2328 1837 2451 1875 cum
2483 1837 2657 1875 uocem
2688 1820 2938 1874 attollere
2976 1817 3255 1887 praecipit;
3298 1823 3566 1886 tanquam
3604 1817 3716 1871 tuba

2143 1921 2494 1986 personante,
2526 1926 2718 1967 eorum
2757 1910 2966 1966 scelera
3000 1909 3183 1978 palam
3219 1908 3380 1977 argui
3416 1907 3658 1976 postulet
3699 1926 3710 1959 :

2143 2007 2376 2075 ideoque
2428 2003 2567 2058 tuba:
2612 2017 2834 2065 nomen,
2886 2001 3033 2068 qund
3080 1999 3354 2055 adversus
3402 1997 3498 2053 Dei
3545 1998 3719 2053 hostes

2141 2098 2422 2169 negotium
2464 2098 2557 2162 sit,
2595 2103 2844 2166 usurpat.
2875 2093 2980 2161 Qui
3019 2107 3154 2165 ergo
3171 2091 3546 2161 evangelistas
3564 2106 3716 2161 supe-

2144 2189 2384 2245 rioribus
2417 2190 2491 2243 ita
2521 2197 2607 2244 est
2639 2187 2912 2243 allocutus
2948 2204 2962 2240 :
2994 2203 3013 2236 ι
3048 2182 3228 2255 Super
3263 2189 3513 2237 montem
3547 2183 3716 2238 excel-

2142 2294 2264 2335 sum
2293 2279 2529 2335 ascende
2559 2277 2654 2349 qui
2682 2277 3030 2347 evangelizas
3056 2275 3189 2331 Sion
3211 2275 3257 2340 ',
3295 2292 3316 2326 ι
3355 2282 3412 2330 et
3443 2290 3564 2345 qua:
3578 2275 3716 2330 dein-

2142 2387 2273 2443 ceps
2305 2392 2319 2428 :
2361 2372 2465 2427 hoc
2505 2372 2627 2426 loco
2668 2388 2779 2427 nun
2822 2371 3065 2442 idipsum
3099 2369 3214 2441 jam
3251 2384 3353 2426 eos
3386 2369 3585 2433 facere,
3630 2372 3714 2441 qui

2142 2466 2199 2519 in
2239 2464 2350 2518 alto
2380 2465 2492 2520 sint
2513 2463 2792 2529 collocati,
2822 2463 2915 2519 sed
2940 2471 3201 2534 tanquam
3230 2461 3418 2531 populi
3454 2463 3538 2516 sui
3566 2476 3715 2517 aures

2142 2555 2561 2620 obsurduerint,
2596 2556 2651 2609 in
2682 2568 2876 2610 eorum
2897 2552 3417 2609 condemnationem
3433 2554 3713 2608 vehemen-

2143 2644 2258 2699 tius
2291 2643 2446 2714 jubet
2479 2642 2809 2708 inclamare;
2836 2642 3138 2713 quosenim
3171 2642 3291 2714 ipse
3318 2641 3423 2697 sibi
3447 2640 3715 2697 vindicas-

2143 2743 2248 2799 set,
2279 2749 2311 2788 a
2342 2748 2403 2789 se
2438 2741 2620 2788 tamen
2655 2736 2939 2790 constaret
2968 2731 3248 2806 recedere.
3294 2731 3533 2788 Peccata
3562 2732 3718 2801 siqui-

2144 2826 2268 2882 dem
2298 2833 2507 2893 vestra,
2546 2826 2747 2896 inquit,
2783 2826 2949 2897 longe
2979 2842 3080 2883 vos
3108 2842 3139 2882 a
3160 2841 3250 2883 me
3275 2835 3539 2894 separant
3561 2826 3714 2881 inter-

2149 2919 2321 2984 vallo,
2353 2927 2409 2975 et
2447 2911 2691 2990 amplius
2724 2919 2883 2974 estis
2921 2918 3032 2973 illis
3066 2916 3283 2985 tentati,
3317 2917 3485 2988 idque
3508 2931 3572 2971 eo
3609 2917 3711 2985 ipso

447 3000 634 3064 αὐτοῖς
661 3002 1042 3068 ’ἀπαντῶντες
1094 3005 1446 3076 Συναγωγάς.
1502 3010 1616 3063 Καὶ
1665 3009 1766 3074 τὰς
1822 3009 2040 3083 Γραφὰς

2147 3008 2384 3073 evicere,
2411 3008 2558 3079 quod
2587 3022 2673 3062 me
2700 3007 2756 3062 in
2782 3008 2896 3063 dies
2914 3020 3150 3079 quiet-ere
3179 3005 3361 3063 videri
3396 3006 3578 3072 vultis,
3597 3005 3713 3061 dum

449 3093 876 3162 προσποιοῦνται
921 3094 1108 3167 ζητεῖν
1133 3096 1165 3164 ,⁷
1200 3098 1309 3166 τὰς
1354 3099 1535 3168 ὁδούς
1576 3119 1699 3171 μου
1751 3103 2042 3173 μανθάνειν

448 3181 816 3253 πειρώμενοι,
850 3184 927 3249 ὡς
974 3185 1038 3256 δὴ
1089 3186 1161 3241 τὰ
1209 3189 1372 3243 λοιπὰ
1418 3190 1888 3261 κατορθώσαντες.
1932 3194 2045 3249 Καὶ

445 3272 621 3327 ταῦτα
645 3274 711 3339 δὴ
743 3274 821 3346 τῷ
849 3277 1027 3331 δοκεῖν
1049 3279 1294 3345 ἐποίουν,
1330 3279 1418 3334 διὰ
1444 3281 1535 3334 τὸν
1560 3283 1911 3354 ἐπικείμενον
1940 3284 2041 3338 πό-

445 3362 617 3434 λεμον
653 3366 930 3433 ἐθέλοντες
973 3370 1197 3439 γνῶναι
1241 3370 1341 3435 τὰς
1391 3373 1477 3441 ἐφ’
1505 3373 2045 3447 ἐκάστῳπράγματι

448 3455 770 3527 διοικήσεις,
800 3459 892 3512 καὶ
926 3460 980 3513 τί
1008 3461 1104 3514 τοῦ
1138 3462 1378 3534 πολέμου
1408 3464 1471 3519 τὸ
1505 3465 1699 3537 πέρας.
1746 3467 1859 3522 Kal.
1901 3466 2047 3524 οὕτω

449 3546 560 3620 γὰρ
594 3549 702 3616 τὰς
738 3550 920 3619 ὀδοὺς
962 3555 1207 3625 νοητέον,
1241 3556 1380 3629 ὅπερ
1425 3552 1494 3628 ἦν
1540 3550 1761 3631 ἀνδρῶν’
1805 3561 2046 3633 ἐννόμως

449 3642 952 3715 πολιτευσαμένων.
989 3646 1182 3712 Οὐδεὶς
1221 3648 1329 3720 γὰρ
1371 3649 1553 3719 ὀδοὺς
1583 3650 1720 3705 Θεοῦ
1750 3651 2046 3722 γνώσεται

452 3733 530 3805 μὴ
562 3734 779 3800 δίκαιος
816 3734 914 3791 ὧν.

523 3911 613 3979 Ἐξ
663 3916 846 3972 αὐτῶν
891 3917 952 3973 δὲ
999 3921 1107 3976 τῶν
1153 3923 1407 3993 πράξεων
1452 3923 1766 3995 ἐλέγχονται
1811 3925 1910 3999 τὴν
1938 3924 2046 3981 τοῦ

449 4008 600 4065 Θεοῦ
633 4010 1062 4082 καταλείψαντες
1090 4017 1293 4085 κρίσιν
1319 4020 1378 4070 ἐν
1403 4017 1634 4090 ἀσεϐείᾳ
1664 4019 1761 4073 καὶ
1788 4019 1894 4092 πλη
1904 4037 2046 4092 μμε-

447 4100 688 4169 λήμασιν
729 4103 837 4156 Kal.
861 4105 1012 4175 ὅμως
1041 4106 1101 4172 ἐξ
1126 4109 1485 4178 ἀναισθησίας
1507 4111 1915 4176 ἐπιδικάζονται
1935 4113 2045 4168 τῶν

448 4190 598 4260 ἐμῶν
630 4191 872 4259 ἀγαθῶν,
893 4193 1083 4266 ὥσπερ
1111 4197 1349 4269 ἀμοιϐὴν
1382 4200 1588 4271 ἀρετῆς
1617 4202 1857 4274 πολέμου
1885 4203 2046 4274 νίκην

448 4283 760 4354 αἰτούμενοι
779 4301 794 4315 ⁸
824 4288 918 4340 καὶ
944 4289 1159 4354 ἀδικίας
1191 4310 1257 4361 με
1285 4294 1609 4365 γράφονται,
1646 4295 1723 4358 ὡς
1752 4296 2042 4351 εὐσεϐοῦν-

2144 3104 2199 3159 ίη
2235 3102 2436 3158 vestris
2473 3100 2780 3174 Synagogis
2803 3108 3090 3167 coeuntes,
3123 3099 3449 3170 Scripturas
3470 3114 3564 3156 vos
3583 3099 3711 3153 uias-

2141 3210 2242 3267 quc
2284 3210 2428 3249 meas
2478 3193 2720 3262 scrutari
2757 3200 2813 3249 et
2856 3191 3078 3247 discere
3114 3190 3426 3253 simulatis,
3475 3199 3712 3259 tanquam

2144 3285 2357 3357 reliqua
2377 3285 2773 3356 praestiteritis;
2795 3299 2920 3339 cum
2939 3282 3143 3338 famam
3166 3282 3463 3339 sectemini
3488 3290 3708 3341 tantum.

2145 3385 2200 3435 et
2228 3393 2336 3451 qua
2360 3393 2593 3450 quaeque
2616 3377 2836 3433 ratione
2867 3376 3177 3448 ingruentis
3201 3374 3339 3431 belli
3381 3373 3595 3446 negotia
3611 3372 3711 3442 geri

2146 3468 2464 3534 conveniat,
2506 3483 2783 3540 quemque
2823 3465 2987 3523 liuent
3027 3466 3353 3525 habiturum
3395 3465 3589 3520 bellum
3629 3462 3709 3527 sit,

2144 3576 2304 3617 nosse
2341 3560 2631 3617 studeatis.
2665 3557 2834 3631 656
2857 3556 2993 3613 Nam
3018 3557 3197 3614 ethoc
3229 3566 3399 3629 pacto
3417 3557 3617 3611 uiarum
3642 3552 3714 3607 in-

2146 3654 2436 3727 vestigatio
2477 3653 2836 3725 intelligenda
2876 3659 3005 3708 est:
3062 3666 3187 3722 qua:
3223 3650 3475 3705 virorum
3532 3646 3628 3700 fuit
3653 3659 3712 3699 ex

2145 3744 2284 3817 legis
2326 3744 2586 3802 instituto
2635 3742 2977 3816 degentium.
3034 3741 3206 3797 Nemo
3253 3741 3445 3805 enim,
3487 3738 3589 3794 nisi
3628 3735 3710 3807 qui

2143 3836 2329 3909 justus
2357 3838 2450 3901 sit.
2486 3835 2582 3893 Dei
2614 3836 2730 3891 vias
2761 3849 2916 3891 nosse
2946 3834 3168 3906 poterit.

2219 3930 2350 3986 Suis
2392 3910 2563 4001 igitur
2592 3928 2696 3999 ipsi
2739 3928 2905 3983 rebus
2935 3927 3131 3998 gestis,
3173 3924 3273 3981 Dei
3301 3924 3572 4007 judicium
3592 3922 3707 3977 'vitaz

2149 4020 2333 4093 impia:
2388 4029 2445 4076 et
2493 4020 2779 4076 sceleratae
2830 4016 3225 4089 posthabuisse
3273 4017 3702 4072 convincuntur:

2146 4126 2251 4167 nec
2273 4110 2528 4166 dubitant
2566 4117 2750 4165 tamen
2786 4109 2939 4166 omni
2989 4122 3160 4166 sensu
3195 4108 3446 4166 destituti
3493 4107 3559 4163 de
3588 4104 3704 4160 meis

2148 4201 2311 4258 bonis
2338 4201 2549 4270 judicio
2589 4199 2948 4265 contendere,
2986 4214 3187 4271 meque
3220 4198 3530 4270 iniquitatis
3559 4196 3701 4252 etiam

2149 4307 2416 4348 accusare
2436 4335 2450 4355 ,
2489 4301 2751 4361 tanquam
2778 4292 2872 4361 qui
2893 4291 2979 4361 pie
3003 4289 3270 4360 degentes
3288 4304 3382 4345 eos
3420 4285 3700 4357 rejecerim.

447 4391 545 4439 τας
560 4375 760 4440 αὐτοὺς
776 4379 998 4433 ἀπωθοῦ
1009 4399 1189 4449 μενον.
1207 4378 1690 4457 Ἐνηστεύσαμεν
1702 4389 1829 4459 γὰρ,
1844 4390 1979 4460 φησι
1997 4399 2040 4454 ι’,

2147 4385 2516 4456 Jejunavimus
2548 4385 2718 4448 enim,
2746 4384 2921 4450 aiunt,
2961 4392 3012 4436 et
3049 4398 3153 4436 non
3179 4378 3401 4445 vidisti;
3430 4393 3549 4434 cum
3572 4375 3700 4431 enim

448 4465 547 4520 καί
594 4470 706 4524 οὐκ
744 4466 925 4536 εἶδες.
959 4473 1081 4525 Τῶν
1109 4475 1219 4544 γὰρ
1250 4477 1529 4544 πολεμίων
1558 4479 1928 4549 ἐπικειμένων
1956 4479 2044 4534 διὰ

452 4563 770 4632 σωματικῆς
798 4561 969 4633 ᾤοντο
997 4568 1285 4632 νηστείας
1314 4569 1759 4639 ἐξευμενίζεσθαι
1779 4570 1870 4624 τὸν
1886 4570 2043 4639 Θεὸν,

450 4650 779 4720 βρωμάτων,
805 4655 865 4706 οὐ
902 4654 1102 4719 κακίας
1137 4658 1377 4729 ψυχικῆς
1412 4660 1765 4732 ἀπεχόμενοι.
1803 4663 1917 4716 Καὶ
1944 4661 2044 4733 τὴν

448 4742 705 4815 τοιαύτην
755 4747 1013 4817 νηστείαν
1060 4749 1271 4820 ψυχῆς
1312 4751 1609 4817 καλοῦντες
1656 4754 2042 4811 ταπείνωσιν.

449 4835 620 4889 Τοῦτο
649 4840 851 4903 τοίνυν,
879 4835 924 4895 ὦ
963 4844 1240 4914 προφῆτα,
1272 4845 1438 4914 φησιν
1464 4846 1706 4917 ἔλεγχον,
1743 4846 1772 4900 ὃ
1795 4849 1890 4901 καὶ
1910 4863 2045 4915 προ-

447 4928 754 4993 ϐάλλονται,
783 4932 842 4997 ἐξ
863 4935 981 4999 ἐνὸς
1003 4937 1197 4989 τούτου
1224 4937 1314 4991 τὸν
1338 4938 1524 4993 λοιπὸν
1548 4940 1730 4993 αὐτῶν
1750 4939 2042 5005 ἀποδείξας

449 5019 670 5089 τρόπον.
704 5022 778 5076 Τὸ
827 5025 906 5089 δὲ,
948 5029 1059 5081 οὐκ
1105 5026 1283 5095 εἶδες,
1315 5030 1418 5083 οὐκ
1465 5030 1693 5099 ἄγνοιαν
1735 5031 1893 5096 Θεοῦ,
1923 5030 2042 5084 ἀλλ’

449 5110 739 5179 ἀπότευξιν
768 5116 1092 5189 αὐτομάτων
1122 5121 1290 5192 δηλοῖ.
1314 5122 1473 5192 Μέγα
1503 5123 1549 5176 δ’
1572 5124 1640 5179 ἂν
1668 5123 1959 5196 ἔπραττον,
1986 5124 2041 5177 εί

450 5201 667 5270 ἀληθῶς
718 5208 890 5261 ταῦτα
940 5213 1295 5284 μετήρχοντο.
1349 5216 1459 5269 Καὶ
1495 5215 1657 5269 Δαϐὶδ
1684 5216 1794 5285 γάρ
1832 5232 1999 5286 φησιν
2022 5231 2036 5245 ·

459 5313 473 5345 ι
499 5295 853 5351 Ἑταπείνονν
876 5304 933 5353 ἐν
957 5307 1181 5378 νηστείᾳ
1212 5307 1308 5380 τὴν
1331 5308 1510 5381 ψυχήν
1539 5327 1665 5381 μου,
1696 5309 1790 5364 καὶ
1814 5311 1846 5382 ἡ
1874 5326 2041 5380 προσ-

521 5478 542 5510 ⁹
593 5475 696 5530 lsa.
748 5492 835 5542 xc,
870 5478 923 5533 9.

2145 4479 2336 4534 hostes
2379 4479 2728 4548 ingruerent,
2777 4474 2950 4529 Deum
2978 4474 3190 4544 jejunio
3230 4469 3497 4529 demereri
3527 4482 3582 4523 se
3618 4479 3701 4534 pu-

2145 4570 2360 4635 tabant,
2386 4569 2433 4624 si
2474 4584 2504 4623 ιι
2535 4567 2680 4622 cibis
2713 4605 2729 4632 ,
2773 4581 2883 4621 non
2919 4581 2949 4619 a
2972 4565 3124 4621 vitiis
3158 4564 3530 4626 abstinerent;
3558 4557 3700 4626 idque

2147 4665 2343 4718 animae
2377 4661 2811 4716 humiliationem
2836 4659 3251 4729 nuncupabant.
3298 4656 3414 4713 Hoc
3440 4653 3594 4725 igitur
3628 4645 3696 4701 vel

2146 4757 2213 4812 ad
2244 4754 2686 4812 convincendum
2731 4751 2879 4822 quod
2916 4752 3019 4823 ipsi
3049 4758 3362 4822 opponunt,
3390 4747 3563 4801 facere
3587 4752 3694 4812 pro-

2145 4849 2311 4920 pheta
2347 4845 2676 4917 respondet;
2710 4844 2782 4899 ab
2831 4842 3055 4913 unoque
3082 4844 3213 4908 isto,
3246 4842 3313 4897 de
3353 4834 3559 4895 caeteris
3586 4843 3691 4920 esse

2139 4917 2524 5012 iudicandum.
2574 4936 2644 4991 At
2677 4935 2824 5005 quod
2869 4951 2975 4989 non
3021 4933 3202 4988 vidisti
3244 4927 3430 4995 addit,
3469 4939 3567 4982 non
3611 4917 3688 4973 Dei

2144 5030 2571 5104 ignorationem,
2631 5027 2727 5083 sed
2772 5025 3050 5082 infelicem
3097 5038 3316 5086 eorum,
3357 5032 3474 5091 quae
3517 5017 3691 5082 sponte

2145 5124 2515 5188 admiserunt,
2539 5120 2748 5176 exitum
2785 5119 3157 5174 demonstrat.
3192 5118 3508 5183 Quanquam
3530 5113 3686 5158 tamen

2145 5220 2199 5269 et
2233 5213 2309 5267 illi
2345 5226 2458 5266 rem
2490 5224 2623 5264 sane
2648 5207 2794 5262 haud
2834 5220 3056 5276 parvam
3098 5202 3490 5275 praestitissent,
3518 5191 3688 5283 slvere

2150 5305 2255 5360 ista
2289 5300 2481 5359 sectati
2539 5298 2795 5354 fuissent.
2835 5293 2969 5350 Nam
3012 5302 3067 5351 et
3107 5291 3249 5363 apud
3293 5286 3535 5344 Davidem
3566 5277 3680 5343 legi'

1740 5573 1976 5629 VARUS
2017 5568 2422 5629 LECTIONES.

528 5679 659 5731 tre-
698 5664 826 5735 φασί
