3916 6438
251 341 379 409 ἓΐιθῗ

1352 339 1886 401 COMMENTARII
1921 339 2001 398 ΙΝ
2034 337 2319 398 lSAIAM.

3324 336 3475 401 2503

230 458 370 527 ’ζιεν,
407 459 475 523 ἀγ
499 453 654 523 ασμῷ
683 449 739 507 δὲ
786 451 881 506 καὶ
931 452 1289 522 καθαρότητι,
1319 452 1413 503 καὶ
1456 450 1542 502 διὰ
1586 448 1789 502 τούτων

1910 448 1987 501 sed
2017 457 2072 500 ut
2106 447 2529 502 s:mctiticalioni
2561 445 3035 517 pltrillcalioniqtte
3079 456 3334 511 vacetur;
3370 465 3466 519 per

242 549 549 623 ἀγιὰζεσθαι
574 543 689 612 τὴν
733 545 961 613 ἡμέραν
989 541 1076 597 διὰ
1105 543 1205 609 τῆς
1253 542 1393 596 κατὰ
1429 541 1562 594 Θεὸν
1594 541 1791 611 σχολῆς

242 640 513 711 τρυφερὰν
536 636 829 711 γινομένην
868 636 960 688 καὶ
1001 634 1227 689 ἄλυπον.
1261 635 1369 686 Καὶ
1402 633 1484 687 δεῖ
1519 632 1593 704 μὴ
1628 633 1791 703 μέχρι

240 736 320 789 τοῦ
346 734 550 800 κινῆσαι
580 727 756 793 πόδα,
784 728 817 796 ἢ
845 726 1069 796 μολῦναι
1104 726 1171 778 τὰ
1201 724 1376 796 χείλη,
1409 723 1544 796 πρὸς
1583 723 1790 793 ἑτέροις

238 825 464 897 γίνεσθαι
498 820 785 893 πράγμασι
835 822 902 891 τῇ
933 820 1053 890 θείᾳ
1098 816 1289 890 Γραφῇ
1336 819 1788 889 προσανέχοντας.

249 920 299 971 '0
323 917 372 969 δὲ
412 913 549 976 θεῖος
586 911 909 974 Ἀπόστολος
952 910 1050 964 τοῦ
1093 899 1259 978 νόμου
1314 910 1413 979 τὴν
1454 909 1614 963 σκιάν
1648 923 1793 979 παρ-

238 1004 550 1075 ωθούμενος,
571 988 876 1072 περιτομὴν
898 1001 1275 1072 πνευματικὴν
1292 1000 1388 1053 καὶ
1415 998 1794 1068 Σαϐϐατισμὸν

238 1093 532 1150 ὑποτίθεται
578 1090 794 1157 λέγων⁹
847 1107 866 1141 ι
916 1088 1075 1142 Ἀλλά
1125 1091 1398 1160 περιτομὴ
1453 1088 1681 1159 καρδίας
1731 1082 1793 1142 οὐ

234 1184 525 1256 γράμματι,
584 1180 720 1234 ἀλλὰ
776 1180 1073 1251 πνεύματι.
1120 1196 1139 1230 ι
1190 1180 1301 1234 Καὶ
1359 1179 1556 1233 πάλιν⁵
1594 1198 1613 1232 ι
1651 1181 1795 1251 Ἀρα

234 1270 574 1332 ἀπολείπεται
604 1271 991 1343 Σαϐϐατισμὸς
1017 1272 1096 1344 τῷ
1132 1270 1248 1342 λαῷ
1276 1271 1371 1327 τοῦ
1407 1268 1634 1342 Κυρίου.
1672 1287 1691 1324 ι
1736 1264 1794 1325 Ὀ

233 1366 333 1435 γὰρ
361 1360 615 1415 εἰσελθὼν
644 1363 723 1425 εἰς
744 1361 846 1433 τὴν
875 1362 1223 1416 κατάπαυσιν
1266 1361 1455 1429 αὑτοῦ,
1492 1360 1587 1415 καὶ
1630 1362 1795 1426 αὐτὸς

235 1453 565 1507 κατέπαυσεν
595 1451 702 1505 ἀπὸ
744 1450 855 1505 τῶν
887 1450 1065 1519 ἔργων
1099 1449 1285 1512 αὐτοῦ,
1321 1449 1512 1519 ὥσπερ
1547 1448 1656 1502 ἀπὸ
1687 1449 1795 1501 τῶν

237 1547 372 1600 ἰδίων
395 1546 423 1598 ὁ
446 1543 602 1607 Θεός.
644 1540 1056 1611 Σαϐϐατισμὸς
1090 1541 1202 1613 ἄρα
1233 1542 1373 1595 κατὰ
1409 1541 1542 1595 Θεὸν
1569 1541 1631 1594 τὸ
1659 1539 1797 1595 παύ-

236 1636 419 1690 σασθαι
450 1634 560 1688 τῶν
608 1633 752 1688 ἰδίων
785 1632 965 1704 ἔργων
1000 1633 1098 1687 καί
1136 1631 1504 1702 θελημάτων.
1547 1635 1611 1685 Ὀ
1642 1633 1794 1704 καὶὴ

231 1726 467 1798 παροῦσα
517 1725 828 1797 προφητεία
882 1725 1038 1794 φησί.
1094 1724 1259 1793 Λέγει
1304 1724 1361 1778 δὲ
1410 1723 1504 1778 καὶ
1545 1723 1790 1786 Παῦλοςο

1894 539 2120 608 hmcque
2145 536 2257 592 dies
2285 549 2500 592 sanctus
2530 549 2584 591 et
2622 539 2840 601 festmn,
2868 555 2955 601 eo,
2988 540 3135 609 quod
3168 542 3469 595 secundum

1896 627 2064 681 [leum
2095 638 2199 685 est.
2233 629 2369 692 otio,
2406 629 2651 689 delicate,
2701 630 2963 699 nullaque
3008 631 3257 685 molestia
3304 631 3468 685 intel-

1898 729 2117 789 tUpttttn
2167 722 2497 775 celebretur.
2552 721 2716 774 Decet
2762 721 2924 775 etiam
2970 737 3066 777 eus
3111 739 3179 776 ne
3225 723 3292 776 ad
3324 722 3472 790 pedis

1896 814 2116 882 quidem
2155 826 2324 883 usque
2362 816 2778 882 promotiunvm,
2818 824 2910 867 aut
2963 814 3229 867 labiorutn
3281 823 3471 868 conta-

1897 905 2252 959 minationem
2286 906 2336 958 in
2370 906 2587 960 caneris
2616 906 2847 975 negotiis
2871 906 3150 974 occupari,
3175 905 3267 974 qui
3301 905 3492 960 sacra!

1901 997 2202 1066 Scriptura:
2245 995 2593 1050 incumbunt.
2636 998 2706 1049 At
2753 998 2942 1050 l‘eatus
2977 996 3290 1063 Apostolus,
3338 994 3476 1064 legis

1902 1088 2094 1142 umbra
2157 1085 2392 1157 rejecta,
2451 1087 2932 1142 circumcisionmn
2998 1084 3341 1156 spiritualem
3419 1093 3476 1138 et

1898 1177 2308 1233 Sabbatismum
2344 1178 2499 1248 ponit
2552 1178 2638 1234 his
2676 1179 2856 1234 verbis
2892 1195 2905 1230 :
2937 1197 2955 1230 ι
3003 1177 3202 1232 Verum
3238 1179 3479 1232 circurn-

1896 1265 2037 1325 cisio
2061 1271 2269 1333 cordis,
2314 1285 2422 1324 non
2473 1271 2675 1337 littera,
2711 1270 2805 1325 sed
2852 1270 3050 1342 Spiritu
3085 1270 3150 1325 ³⁷.
3201 1290 3217 1321 ι
3254 1266 3320 1323 Et
3357 1285 3479 1322 rur-

1897 1374 2069 1417 sum:
2119 1378 2138 1414 ι
2194 1362 2380 1432 Itaque
2458 1361 2785 1431 relinquitur
2854 1362 3221 1416 sabbatismus
3277 1359 3480 1430 populo

1900 1448 2200 1506 Domini”.
2251 1471 2269 1504 ι
2325 1452 2429 1519 Qui
2473 1452 2619 1506 enim
2665 1452 2950 1523 ingressus
2999 1463 3084 1507 est
3130 1454 3184 1507 in
3231 1453 3477 1523 requiem

1898 1541 2038 1613 ejus,
2062 1554 2115 1598 et
2152 1545 2270 1614 ipse
2304 1545 2577 1616 requievit
2610 1546 2677 1600 ab
2719 1546 2978 1613 operibus
3012 1547 3164 1600 suis:
3192 1547 3414 1601 sicutet
3448 1561 3479 1600 a

1900 1633 2018 1687 suis
2050 1631 2212 1688 Deus.
2266 1633 2360 1689 Est
2401 1635 2572 1703 igitur
2606 1633 2901 1689 Sabbutum
2955 1636 3256 1691 secundum
3310 1634 3478 1689 Deum

1901 1725 2188 1789 celebrare,
2221 1743 2247 1778 a
2280 1728 2520 1797 propriis
2550 1729 2809 1798 operibus
2842 1730 3300 1799 voluntatibusque
3354 1729 3481 1783 abs--

237 1839 255 1873 ι
279 1819 463 1873 Βλέπω
490 1817 550 1871 δὲ
568 1817 756 1889 ἕτερον
784 1816 947 1887 νόμον
973 1814 1530 1884 ἀντιστρατευόμενον
1549 1812 1627 1884 τῷ
1648 1814 1795 1885 νόμῳ

1910 1820 2078 1872 linere
2110 1835 2125 1871 :
2163 1819 2306 1888 quod
2345 1820 2462 1888 ipsa
2499 1820 2712 1883 innuit,
2758 1836 2880 1891 qua:
2914 1821 3071 1876 nobis
3102 1829 3186 1876 est
3226 1822 3279 1875 in
3317 1821 3485 1875 mani-

229 1909 316 1971 τοῦ
343 1908 461 1973 νοός
490 1924 619 1979 μου.
652 1926 672 1962 ι
697 1909 857 1961 Κατὰ
884 1907 1071 1961 τοῦτον
1098 1905 1191 1960 οὖν
1220 1908 1338 1959 ἐστι
1369 1905 1443 1959 τὰ
1469 1904 1795 1973 θελήματα,

231 2002 357 2072 πρὸς
384 2001 420 2056 ἃ
447 1999 767 2073 ἐπιῤῥεπῶς
795 1999 1010 2069 ἔχοντες
1031 2039 1046 2065 ,
1101 1997 1457 2069 περικόπτειν
1487 1996 1795 2066 ὀφείλομεν.

231 2093 378 2150 Οὕτω
418 2093 528 2165 γὰρ
565 2091 956 2163 ἐπιτελέσομεν
1000 2090 1271 2146 Σάϐϐατα
1317 2088 1580 2160 τρυφερὰ
1630 2090 1800 2160 μηδὲν

230 2185 410 2256 ἔχοντα
430 2185 543 2239 τῶν
572 2183 680 2238 ἀπὸ
708 2183 934 2254 γνώμης
976 2183 1221 2254 σκληρᾶς
1258 2183 1351 2236 καλ⁵
1397 2181 1802 2252 ἀντιτεινούσης

230 2275 358 2348 Θεῷ,
383 2275 528 2331 κατὰ
559 2276 641 2343 τὸ,
683 2278 822 2330 (Καὶ
848 2275 1193 2352 ἐσκληρύνθη
1238 2277 1276 2346 ἡ
1301 2275 1498 2352 καρδία
1530 2265 1750 2346 Φαραώ.
1776 2295 1795 2327 ι

229 2367 404 2431 Οὕτως
426 2366 586 2436 ἔλεγε
605 2365 684 2438 τῷ
718 2367 934 2438 Ἰσραὴλ
961 2369 990 2421 ὁ
1012 2367 1144 2429 Θεός
1163 2382 1178 2397 ο
1208 2385 1226 2417 ι
1251 2365 1509 2421 Γινώσκω
1533 2368 1616 2420 ὅτι
1638 2367 1803 2437 σκλη-

230 2459 314 2530 ρὸς
330 2453 397 2526 εἷ,
415 2460 515 2514 καὶ
535 2458 730 2530 νεῦρον
747 2458 865 2529 σιδη
873 2458 1039 2530 ροῦνὸ
1054 2458 1324 2530 τράχηλος
1340 2476 1454 2525 σου,
1476 2462 1568 2512 καὶ
1589 2459 1649 2511 τὸ
1672 2460 1802 2528 μέτ-

225 2552 369 2605 ωπόν
424 2567 526 2604 σου
552 2550 809 2622 χαλκοῦν.
850 2569 869 2602 ι
904 2549 1163 2604 Βούλεται
1185 2550 1242 2603 δέ
1266 2549 1360 2605 νῦν
1382 2552 1530 2620 ἡμᾶς
1556 2549 1803 2621 γλώττης

227 2644 317 2697 καὶ
345 2643 523 2715 θυμοῦ
579 2641 956 2713 περιγίνεσθαι
980 2658 995 2675 ο
1035 2661 1054 2693 ι
1094 2642 1243 2704 Εῖτις
1280 2642 1388 2712 γάρ
1444 2643 1503 2695 ἐν
1544 2642 1690 2712 λόγῳ
1740 2643 1802 2697 οὐ

230 2735 424 2795 πταίει.
453 2727 616 2798 οὗτος
642 2733 849 2796 τέλειος
879 2733 1039 2805 ἀνὴρ,
1082 2733 1309 2797 δυνατὸς
1355 2733 1804 2803 χαλιναγωγῆσαι

228 2826 318 2878 καὶ
342 2827 461 2880 ὅλον
492 2825 560 2878 τὸ
601 2824 784 2895 σῶμα.
833 2844 852 2877 ι
894 2826 1005 2879 Καὶ
1050 2824 1229 2879 πάλιν·
1263 2840 1281 2873 ι
1346 2825 1512 2895 Ἀνὴρ
1552 2824 1806 2895 θυμώδης

225 2918 319 2970 οὐκ
347 2917 670 2987 εὐσχήμων.
709 2933 728 2968 ι
756 2916 885 2979 Καὶ,
923 2933 942 2968 ι
991 2915 1158 2987 Ὀργὴ
1189 2917 1297 2984 γὰρ
1324 2916 1513 2986 ἀνδρὸς
1535 2914 1808 2969 δικαιοσύ-

229 3023 319 3076 νην
338 3007 475 3061 Θεοῦ
504 3007 610 3061 οὐκ
638 3005 954 3076 ἐργάζεται.
992 3024 1011 3058 ι
1040 3007 1325 3071 Τοιούτους
1352 3003 1491 3060 εἶναι
1515 3009 1640 3069 τοὺς
1665 3008 1809 3060 σασ-

225 3100 571 3165 σατίζοντας
602 3098 874 3169 βούλεται,
901 3099 998 3152 καὶ
1025 3099 1150 3162 τοὺς
1177 3101 1471 3167 νηστείαν
1508 3098 1807 3163 καλοῦντας

1904 1910 2347 1979 busprophetia.
2396 1911 2534 1965 Dicit
2578 1929 2707 1968 vero
2755 1915 2920 1967 etiam
2962 1915 3109 1970 hunc
3161 1906 3217 1968 in
3257 1913 3481 1967 modum

1903 2002 2200 2070 Apostolus
2236 2019 2250 2055 :
2287 2020 2305 2051 ι
2350 2001 2521 2058 Video
2561 2013 2742 2056 autem
2774 2005 2938 2058 altam
2983 2005 3154 2075 legent
3183 2020 3489 2074 repugnan-

1906 2101 2011 2146 tem
2056 2093 2156 2162 legi
2209 2095 2405 2146 mentis
2446 2109 2580 2149 meae
2617 2095 2682 2147 ".
2717 2114 2734 2146 ι
2774 2092 2915 2148 Sunt
2965 2096 3146 2166 itaque
3202 2113 3268 2151 cx
3319 2097 3486 2165 hujus

1907 2184 2201 2243 sententia,
2234 2180 2556 2247 voluntates,
2591 2186 2729 2252 quas
2757 2182 3156 2238 circumcidere
3196 2195 3250 2238 et
3289 2198 3485 2254 ampu-

1906 2279 2045 2333 tare,
2087 2286 2211 2325 cum
2248 2273 2314 2326 ad
2345 2288 2439 2327 cas
2470 2274 2825 2343 procliviores
2851 2289 3063 2338 sumus,
3100 2275 3380 2330 debemus.
3408 2275 3487 2331 Ita

1905 2364 2051 2418 enim
2086 2362 2322 2418 Subbata
2348 2365 2607 2428 delicata,
2642 2382 2762 2434 qua:
2798 2367 3035 2431 molesti,
3077 2365 3298 2437 Deoque
3332 2367 3485 2423 rel‘u-

1907 2456 2109 2508 ctantis
2165 2456 2332 2508 animi
2376 2456 2512 2512 nihil
2566 2455 2819 2522 habeant,
2877 2465 2935 2510 ut
2986 2457 3116 2511 olim
3163 2456 3486 2513 induratum

1905 2561 2028 2600 esse
2062 2562 2158 2600 enr
2200 2538 2506 2601 Pharaonis
2556 2548 2788 2617 legimus
2832 2545 2900 2614 “,
2948 2551 3218 2619 pt-racturi
3271 2564 3487 2604 sumus.

1910 2637 2002 2692 Sic
2033 2648 2086 2693 et
2123 2632 2380 2693 Israelem
2417 2639 2560 2694 Deus
2588 2640 2892 2709 alloquitur
2933 2655 2946 2693 :
2980 2659 2997 2692 ι
3031 2640 3322 2711 Coguosco
3349 2656 3491 2711 quo-

1909 2731 2056 2783 niam
2104 2731 2275 2785 durus
2316 2744 2420 2792 ‘es,
2454 2740 2505 2785 et
2552 2746 2756 2787 nervus
2796 2730 3011 2787 ferreus
3058 2733 3259 2786 collum
3308 2739 3488 2802 tuum,

1908 2821 2093 2876 cervix
2123 2830 2213 2873 tua
2246 2835 2388 2875 aerea
2420 2819 2487 2875 “.
2533 2840 2551 2873 ι
2584 2819 2711 2875 Vult
2743 2831 2925 2877 autem
2958 2822 3062 2877 hoc
3091 2823 3211 2878 loco
3246 2823 3489 2894 linguam

1909 2929 2011 2968 nos
2056 2921 2109 2966 et
2165 2913 2503 2967 iracundiam
2550 2913 2826 2968 cohibere.
2865 2931 2882 2964 ι
2926 2913 2983 2968 Si
3043 2917 3167 2985 quis
3225 2916 3368 2970 enim
3433 2916 3490 2970 in

1910 3022 2165 3063 sermone
2205 3022 2312 3060 non
2344 3006 2545 3060 labitur
2572 3050 2586 3070 ,
2620 3007 2709 3060 hic
2745 3007 3021 3076 perlectus
3056 3008 3220 3079 663
3260 3016 3347 3064 est
3384 3008 3489 3074 vir,

1918 3109 2109 3170 potens
2150 3102 2304 3154 freno
2340 3106 2514 3154 totum
2559 3115 2762 3171 corpus
2790 3101 3207 3156 circumducere
3234 3099 3322 3156 δι’.
3371 3119 3390 3152 ι
3430 3099 3494 3155 Et

224 3190 462 3259 δεκτήν.
500 3168 664 3245 Οὕτω
697 3191 808 3261 γὰρ
834 3192 976 3260 ἔσῃ»,
1006 3190 1161 3263 φησὶ,
1212 3192 1534 3257 πεποιθὼς,
1570 3193 1670 3244 οὐκ
1713 3194 1806 3244 ἐπὶ

1911 3206 2131 3245 rursum
2162 3209 2176 3245 :
2205 3211 2222 3241 ι
2255 3189 2346 3244 Vir
2376 3190 2698 3258 iracundus,
2733 3192 2958 3246 minime
2985 3188 3211 3260 pulcher
3240 3188 3309 3244 δ’.
3341 3209 3361 3243 ι
3383 3190 3448 3244 Ει
3477 3207 3492 3244 :

225 3277 409 3351 σαθρῷ
442 3296 556 3333 τινι
586 3279 680 3334 καὶ
708 3280 1028 3351 προσκαίρῳ
1074 3281 1384 3352 πράγματι,
1417 3281 1532 3335 ἀλλ’
1580 3281 1677 3334 ἐπὶ
1730 3281 1809 3346 τῷ

223 3371 440 3425 πάντων
496 3371 623 3436 Θεῷ
656 3371 884 3445 παρῤὦν
915 3384 942 3414 ιι
975 3374 1055 3445 εἰς
1099 3376 1192 3427 τὸν
1238 3374 1517 3428 ἐπίλοιπον
1565 3373 1697 3444 βίον.
1735 3374 1812 3437 ὡς

221 3460 358 3530 ἔχων
378 3461 645 3532 ἀψευδεῖς
672 3442 839 3516 αὑτοῦ
870 3463 969 3535 τᾲς
991 3442 1346 3533 ἐπαγγελίας,
1381 3467 1439 3517 ἐν
1463 3442 1692 3527 αίςῖἒστι
1718 3464 1811 3517 καὶ

221 3557 278 3609 τὸ
304 3556 406 3611 ἐπί
434 3542 579 3612 τιέά
612 3556 730 3628 γῆν
758 3558 867 3612 ἀπὸ
894 3559 993 3628 τῆς
1030 3558 1267 3614 ἐνταῦθα
1295 3556 1576 3631 διατριϐῆς
1606 3559 1810 3614 ἀναϐιο

221 3649 525 3720 ϐασθῆναι
580 3652 905 3723 τευξόμενον
954 3654 1200 3709 ἐκείνωνο
1239 3676 1257 3709 ι
1300 3658 1367 3709 "A
1392 3657 1668 3727 ὀφθαλμὸς
1713 3659 1813 3712 οὐκ

222 3737 348 3808 εἶδε,
372 3744 473 3797 καὶ
503 3737 601 3806 οῦς
617 3744 718 3797 οὐκ
740 3744 994 3814 ἢκουσεν,
1017 3747 1113 3799 καὶ
1142 3748 1234 3800 ἐπὶ
1259 3747 1486 3818 καρδίαν
1520 3740 1809 3822 ἀν’θρώπου

220 3832 317 3884 οὐκ
366 3831 569 3902 ἀνέϐη,
616 3851 636 3884 ι
682 3834 776 3886 καὶ
826 3833 1202 3889 ἀπολαύσονται
1233 3836 1330 3905 τῆς
1373 3824 1810 3909 ἐπηγγελμένης.

221 3924 333 3984 τοῖς
359 3922 616 3996 πατράσι
631 3925 847 3993 τροφῆς
864 3927 1240 3997 πνευματικῆς
1260 3929 1316 3980 ἐν
1340 3930 1404 3999 τῇ
1423 3928 1534 3982 ἄνω
1556 3930 1815 4000 κειμένης

220 4013 399 4076 πόλει,
449 4014 585 4085 περὶ
626 4010 694 4087 ἦς
722 4015 752 4068 ὁ
779 4012 993 4081 Παῦλός
1043 4034 1207 4088 φησιν
1231 4033 1244 4046 ·
1282 4038 1299 4071 ι
1335 4020 1399 4072 Οἰ
1448 4021 1558 4092 γὰρ
1591 4021 1816 4075 τοιαῦτα

220 4107 501 4176 λέγοντες,
538 4110 935 4178 ἐμφανίζουσιν
959 4112 1042 4165 ὃτι
1077 4114 1312 4185 πατρίδα
1341 4114 1615 4187 ζητοῦσιν.
1659 4137 1678 4170 ι
1706 4117 1817 4171 Καὶ

222 4197 270 4247 εξ
303 4198 406 4267 μὲν
434 4197 661 4269 ἐκείνην
690 4196 916 4270 ἐζήτουν
943 4202 1036 4271 ἀφ’
1058 4198 1126 4275 ἦς
1154 4203 1398 4274 ἐξῆλθον,
1427 4199 1575 4277 εἶχον
1600 4206 1666 4262 ἂν
1695 4226 1819 4262 και-

225 4289 317 4360 ρδν
353 4290 711 4361 ἀνακάμψαι.
741 4292 858 4345 Νῦν
897 4292 953 4346 δὲ
987 4295 1296 4366 κρείττονος
1336 4297 1641 4369 ὀρέγονται,
1674 4299 1820 4354 τοῦτ’

222 4380 373 4436 ἐστιν
394 4384 750 4454 ἐπουρανίου.
785 4385 909 4439 Ὅτι
938 4385 996 4439 δέ
1021 4386 1237 4450 πάντως
1265 4386 1415 4442 ἔσται
1436 4388 1628 4454 ταῦτα,
1661 4391 1815 4459 Θεὸς,

1916 3298 1935 3333 ι
1972 3280 2054 3334 Ira
2096 3282 2240 3335 enim
2289 3280 2395 3334 viri
2441 3279 2715 3350 justitiam
2761 3281 2852 3335 Dei
2904 3297 3011 3336 non
3058 3289 3317 3351 operatur
3358 3282 3428 3335 ”.
3469 3300 3489 3334 ι

1914 3371 2076 3427 Tales
2122 3388 2215 3427 eos
2256 3388 2399 3433 esse,
2453 3373 2545 3443 qni
2600 3370 2896 3427 Sabbatum
2941 3375 3241 3438 obserraut,
3287 3375 3495 3444 quique

1906 3465 2172 3534 jejunium
2200 3475 2473 3534 acceptum
2502 3474 2719 3531 vocant,
2770 3467 2888 3536 ipse
2929 3474 3171 3536 exoptat.
3215 3465 3287 3520 Ita
3324 3467 3494 3531 enim,

1915 3557 2116 3626 inquit,
2146 3557 2251 3610 eris
2276 3557 2569 3626 conﬁdens,
2600 3573 2710 3611 non
2740 3559 2793 3612 in
2829 3574 2940 3613 rem
2969 3559 3209 3627 aliquam
3247 3557 3499 3613 imbecil-

1914 3649 2017 3704 lem
2042 3654 2096 3702 et
2128 3656 2601 3715 momentaneam;
2634 3649 2730 3704 sed
2766 3651 2821 3703 iu
2852 3651 3097 3704 omnium
3125 3650 3407 3705 Dominum
3444 3663 3499 3705 et

1915 3738 2107 3794 Demn.
2138 3736 2240 3805 ita,
2277 3739 2526 3808 inquam,
2564 3740 2675 3794 eris
2713 3740 2782 3795 de
2827 3741 3041 3810 reliqua
3089 3741 3349 3813 deinceps
3385 3744 3496 3797 vita

1915 3844 2181 3895 securus;
2241 3837 2501 3899 tanquam
2557 3831 2650 3900 qui
2700 3838 2881 3887 certas
2925 3832 3047 3900 ejus
3099 3834 3499 3903 promissioucs

1917 3924 2165 3979 habeas:
2218 3921 2273 3977 in
2328 3922 2531 3993 quibus
2577 3931 2632 3977 et
2659 3923 2766 3978 ista
2823 3932 2947 3990 est;
3000 3926 3145 3996 quod
3197 3926 3265 3981 ab
3321 3927 3501 3983 isthac

1916 4015 2339 4073 conversatione
2366 4015 2419 4069 iu
2459 4023 2656 4068 terram
2690 4015 2923 4087 aliquam
2962 4018 3247 4073 elevanda:
3277 4036 3355 4086 es,
3405 4021 3499 4075 ubi

1918 4110 2077 4166 bonis
2106 4109 2216 4163 illis
2252 4108 2482 4178 potiaris
2517 4126 2530 4162 :
2571 4125 2590 4157 ι
2625 4106 2759 4174 Quae
2810 4123 2910 4163 nec
2959 4109 3154 4166 oculus
3196 4111 3352 4177 vidit,
3399 4129 3502 4169 nec

1920 4202 2070 4257 auris
2105 4199 2335 4263 audivit,
2370 4213 2469 4253 nec
2498 4198 2552 4253 in
2583 4214 2680 4253 cor
2713 4200 2952 4255 hominis
2976 4202 3349 4257 ascenderunt
3380 4203 3446 4270 “;
3478 4224 3497 4256 ι

1921 4294 2052 4358 imo,
2078 4292 2169 4346 ubi
2208 4298 2265 4346 et
2304 4290 2399 4345 illo
2430 4290 2620 4355 etiam,
2659 4291 2805 4360 quod
2853 4290 3110 4347 Patribus
3164 4293 3501 4363 promissum

1919 4393 2026 4451 est,
2063 4382 2297 4453 spiritali
2346 4382 2609 4435 alimento
2660 4381 2927 4437 fruiturus
2975 4383 3090 4451 sis;
3134 4385 3280 4455 quod
3325 4387 3379 4441 in
3412 4387 3504 4441 illa

222 4475 416 4545 φησὶν,
464 4476 618 4529 ἐστὶν
648 4479 681 4530 ό
721 4477 1150 4547 φθεγξάμενος.
1198 4479 1358 4534 Ἀλλὰ
1387 4480 1505 4545 πῶς
1534 4482 1611 4546 ὡς
1646 4484 1806 4555 μήπω

1922 4478 2204 4547 Superiora
2238 4475 2461 4529 civitate
2493 4473 2832 4541 reconditur,
2876 4472 3048 4531 Paulo
3096 4486 3234 4536 teste
3263 4478 3347 4534 his
3381 4496 3505 4535 ver-

221 4565 341 4631 τὶιν
369 4566 498 4638 γῆν
533 4569 633 4638 τῆς
679 4570 1016 4638 ἐπαγγελίας
1066 4571 1362 4642 λαχόντων,
1394 4577 1475 4639 εἰς
1513 4576 1579 4647 ἢν
1623 4578 1820 4644 αὐτοὺς

220 4660 533 4730 εζτήγαγεν
575 4659 784 4731 Ἰησοῦς
834 4661 862 4714 ὁ
893 4661 988 4715 τοῦ
1027 4663 1335 4734 Ναυὴ,·νῦν
1382 4666 1599 4739 δίδωσιν
1645 4670 1823 4739 ἐπαγ-

221 4754 419 4821 γελέαν
451 4755 695 4820 εἰσάξειν
724 4755 949 4824 αὐτούς
979 4759 1152 4827 Δῆλον
1179 4755 1273 4814 οῦν
1301 4759 1377 4825 ὡς
1423 4763 1549 4834 περὶ
1589 4765 1687 4834 τῆς
1716 4765 1825 4820 τῶν

220 4847 460 4915 πραέων
508 4848 695 4919 φησιν.
727 4849 887 4913 Τινὲς
918 4850 974 4905 δὲ
1018 4851 1114 4922 τὴν
1155 4853 1263 4905 ἀπὸ
1299 4852 1401 4923 τῆς
1444 4856 1824 4925 αἰχμαλωσίας

221 4934 417 4989 ᾶνοδόν
459 4953 626 5006 φασιν
661 4938 846 5002 αὐτοῖς
867 4941 1321 5009 ἐπαγγέλλεσθαι.
1350 4942 1413 4996 Οἳ
1461 4945 1556 4997 καὶ
1591 4946 1658 4999 τά
1689 4948 1827 4999 ἀνω-

222 5027 373 5095 τέρω
405 5028 745 5098 σωματικῶς
769 5029 1110 5101 ἐξηγήσαντο
1139 5036 1267 5104 περὶ
1291 5035 1381 5088 τοῦ
1407 5037 1730 5104 πιανθῆναι
1756 5038 1827 5092 τὰ

226 5118 410 5183 ὀστᾶ,
462 5121 559 5174 καὶ
614 5122 1059 5194 παραϐάλλεσθαι
1109 5124 1283 5194 κήπῳ
1331 5128 1680 5199 πολυύδρῳ,
1726 5131 1825 5184 καί

221 5209 397 5278 πηγῇ
420 5210 512 5279 μὴ
538 5214 951 5284 ὐστερουμένῃ
987 5216 1227 5284 ὕδατος.
1276 5219 1385 5271 Καὶ
1415 5220 1496 5273 ὅτι
1523 5218 1594 5274 τὰ
1636 5220 1827 5291 ἐρημα

222 5302 339 5369 τῆς
362 5305 604 5371 πόλεως
624 5306 1258 5378 ἀνοικοδομηθήσεται,
1281 5311 1371 5364 καὶ
1400 5313 1633 5366 ἐπιπολὺ
1655 5312 1825 5367 ταῦτα

1925 4568 2010 4625 bis
2039 4584 2098 4622 ιι
2125 4567 2229 4633 Qui
2263 4567 2411 4620 enim
2442 4556 2557 4620 haec
2588 4566 2803 4631 dicunt,
2837 4568 3152 4638 signiﬁcant
3181 4587 3242 4627 se
3269 4574 3507 4642 patriam

1924 4658 2204 4729 inquirere
2247 4657 2314 4712 ".
2347 4675 2366 4708 ι
2405 4656 2471 4710 Ει
2517 4656 2788 4727 siquidem
2844 4659 2992 4713 illam
3052 4673 3382 4732 quaererent,
3438 4665 3508 4721 de

1923 4766 2032 4822 qua
2063 4751 2334 4815 exierunt,
2369 4748 2662 4821 habebant
2696 4759 2913 4821 tempus
2967 4757 3300 4812 revertendi.
3347 4757 3507 4815 Nunc

1926 4855 2108 4900 autem
2165 4843 2443 4898 meliorem
2474 4852 2761 4913 appetunt,
2834 4844 2885 4900 id
2941 4858 3047 4910 est,
3089 4849 3391 4906 cmlestem.
3427 4852 3509 4908 Ne

1924 4936 2051 5008 quis
2077 4952 2207 4991 vero
2235 4935 2462 4990 omnino
2502 4937 2606 4991 ista
2641 4934 2824 4990 l'utura
2868 4953 2989 4992 esse
3022 4938 3327 5009 dubitaret;
3365 4944 3510 5001 Deus

1924 5037 2032 5094 est,
2065 5028 2270 5098 inquit,
2295 5027 2390 5097 qui
2421 5043 2483 5080 ea
2512 5026 2718 5081 locutus
2739 5037 2836 5082 est.
2867 5028 2968 5095 Qui
3002 5043 3207 5098 autem,
3244 5043 3506 5105 tanquam

1925 5120 2171 5177 nondum
2205 5135 2326 5176 eam
2376 5120 2762 5190 promissionis
2812 5131 3009 5176 terram
3056 5126 3235 5196 adepti
3278 5129 3409 5193 sint,
3453 5128 3510 5182 in

1924 5230 2087 5285 quam
2113 5225 2242 5268 sunt
2283 5226 2383 5282 per
2419 5211 2605 5267 .lesum
2654 5211 2800 5269 Nare
2841 5214 3082 5281 deducti,
3111 5217 3164 5272 in
3190 5235 3253 5275 ea
3280 5238 3339 5276 se
3366 5239 3513 5277 nunc

1925 5308 2051 5364 illos
2087 5306 2443 5361 inducturum
2476 5303 2812 5374 pollicetur?
2843 5306 2938 5360 Est
2970 5309 3135 5380 igitur
3156 5327 3281 5366 enim
3312 5313 3379 5369 de
3407 5315 3513 5369 mi-

297 5482 341 5559 τ’
371 5480 732 5559 _Bom_.tt._29.
808 5442 1147 5559 'f_Helir._tv,
1182 5486 1238 5543 9.
1315 5489 1359 5520 ”
1388 5487 1543 5542 Rom.
1575 5504 1676 5552 vn,
1715 5489 1806 5541 ΩΒ.

1910 5489 1928 5519 ⁰
1952 5486 2133 5559 Exod.
2178 5500 2252 5551 tv,
2281 5484 2373 5559 εἰ.
2482 5483 2525 5515 δι
2554 5482 2659 5540 lsa.
2702 5502 2887 5554 vam,
2918 5486 2970 5542 4.
3073 5491 3152 5527 ⁵⁸*
3168 5489 3284 5551 Jac.
3345 5508 3428 5559 ιιι,
3453 5493 3513 5550 2.

226 5550 273 5581 "
302 5551 451 5607 inid.
527 5554 573 5585 "
596 5552 714 5608 Jac.
745 5572 783 5621 ι,
813 5556 905 5611 20.
983 5557 1027 5590 δ”
1055 5550 1161 5612 lsa.
1195 5574 1342 5627 utr,
1371 5565 1404 5618 4
1432 5575 1447 5626 ;
1481 5550 1806 5622 [Coruini]

1950 5557 2129 5633 Hebr.
2163 5550 2246 5622 xi,
2282 5554 2360 5612 Η.

1623 5673 1853 5729 rsum
1889 5648 2300 5730 Lacrimas.

341 5770 359 5789 ⁸
397 5772 497 5825 γρ.
527 5762 769 5835 θαρρῶν.
