3916 6402
454 360 609 422 2599

1802 350 2164 414 PBOCOPII
2203 350 2450 411 GAZ/EI

3584 370 3709 439 2600

461 472 597 525 tium
626 480 773 525 terra
808 470 1117 542 intelligere
1150 470 1506 542 perspicuum
1543 469 1608 525 “.
1647 489 1666 523 ι
1700 470 2049 525 Arbitrantut

2168 470 2446 541 στήσεται.
2481 470 2650 524 Μένει
2674 470 2729 524 δὲ
2759 468 2852 523 καὶ
2876 471 3186 543 ἀπόρθητος
3217 478 3407 544 μηκέτι
3430 480 3584 547 iiii-.60;
3608 486 3709 539 εσο-

464 571 646 616 tamen
672 564 915 618 nonnulli
944 564 1313 619 reversionem
1342 562 1687 634 Babylonicm
1715 563 2058 632 captivitatis

461 669 585 708 eum
623 655 908 722 polliceri:
940 655 1032 723 qui
1067 654 1158 725 illa
1198 656 1363 709 etiam
1418 655 1705 724 superiora
1747 653 1816 708 de
1853 654 2056 709 ossium

463 747 821 814 soginatione,
849 746 917 800 de
939 746 1089 799 horto
1118 746 1345 817 irriguo,
1370 744 1549 815 deque
1578 744 1723 814 fonte
1752 743 1870 809 illo,
1904 743 2057 812 cujus

462 854 600 906 aqua
633 854 904 909 nunquam
942 840 1182 907 deﬁciat,
1216 838 1584 908 corporaliter
1630 837 1933 906 explicant.
1986 834 2057 891 Ut

461 927 552 982 illa
584 930 773 995 etiam,
823 945 946 984 cum
995 930 1205 984 deserta
1258 930 1491 983 civitatis
1542 929 1908 982 instauratum
1960 928 2051 993 iri,

460 1034 583 1074 eum
612 1020 825 1076 diutius
859 1038 983 1077 esse
1032 1016 1392 1092 permansura
1420 1038 1436 1088 ;
1483 1037 1608 1075 cum
1655 1035 1754 1075 nec
1790 1018 1907 1074 fore
1933 1034 2051 1073 am-

459 1112 606 1182 plius
636 1115 1027 1183 expugnationi
1062 1115 1381 1181 obnoxiam,
1431 1127 1532 1168 nec
1579 1112 1905 1181 alienigenis
1939 1098 2057 1181 per-

458 1204 639 1270 viam;
674 1205 768 1260 sed
822 1221 853 1260 a
906 1205 1037 1273 Deo,
1072 1207 1119 1261 si
1162 1207 1424 1261 virtutem
1474 1206 1575 1276 ipsi
1629 1206 2054 1274 amplectentur,

2160 559 2299 631 μένη
2326 559 2432 613 τῶν
2455 559 2789 627 ἀλλοφύλων.
2821 564 3305 632 Φροῳηθιξσεται
3332 568 3434 638 γὰρ
3457 572 3553 625 ὑπὸ
3573 572 3710 644 Θεοῦ,

2159 650 2578 719 μεταϐαλόντων
2630 651 2786 720 ὑμῶν
2846 652 2982 723 πρὸς
3040 655 3261 727 ἀρετήν.
3324 656 3572 714 Ἐκάστου
3615 666 3713 736 γὰρ

2155 740 2354 811 ἀνδρὸς
2388 741 2630 813 φρουρὰ,
2666 743 2728 796 τὸ
2765 743 3132 809 ἐντυποῦσθαι
3164 748 3313 819 παρὰ
3341 749 3475 820 Θεῷ,
3504 754 3590 806 καὶ
3624 772 3715 824 φυ-

2154 832 2371 888 λάττειν
2398 834 2469 887 τὰ
2496 834 2724 905 νόμιμα,
2754 832 2850 887 καὶ
2882 836 2954 888 τὰ
2999 834 3289 907 Σάϐϐατα,
3320 837 3358 891 ἃ
3386 840 3716 912 πλημμελοῦ-

2161 942 2246 979 σιν
2302 926 2350 983 oi
2400 926 2475 996 μὴ
2531 925 2913 1002 φυλάττοντες.
2974 917 3137 978 Οὗτοι
3193 928 3301 998 γὰρ
3352 927 3576 993 ἐξιόντες
3629 933 3718 1002 τῆς

2161 1016 2397 1081 πόλεως,
2440 1016 2515 1080 ὼς
2561 1017 2748 1071 ἄδειαν
2773 1000 3032 1080 λαϐόντες
3060 1016 3153 1070 τοῦ
3180 1018 3526 1091 ἁμαρτάνειν,
3556 1000 3716 1094 παρα-

2161 1107 2408 1162 6αίνουσι
2434 1124 2449 1137 ”
2489 1108 2609 1161 δέον
2641 1110 2768 1171 τοὺς
2804 1106 3233 1174 σαϐϐατίζοντας
3265 1112 3532 1183 πανταχοῦ
3578 1114 3718 1167 τοῦτο

2164 1203 2379 1265 ποιεῖν,ι
2396 1200 2490 1255 καὶ
2519 1201 2589 1254 τὰ
2614 1199 2768 1270 ἑξῆς.

459 1301 718 1353 munitam
757 1313 825 1354 ac
853 1299 1135 1355 defensam
1168 1299 1520 1367 significavit.
1551 1298 1646 1353 Est
1673 1299 1821 1354 enim
1854 1298 1909 1351 in
1934 1296 2040 1351 hoc
2077 1294 2284 1365 optime
2317 1294 2650 1348 collocatum
2707 1295 2978 1363 cujusque
3027 1294 3372 1363 praesidium,
3413 1296 3458 1352 si
3538 1310 3568 1350 a
3620 1297 3720 1353 Deo

460 1390 824 1455 informatur;
875 1391 1034 1462 sique
1068 1407 1190 1462 quin
1229 1391 1382 1462 justa
1432 1401 1585 1455 sunt,
1623 1407 1749 1445 eum
1800 1388 2054 1446 Sabbatis
2095 1387 2391 1442 observet:
2420 1389 2472 1440 in
2506 1402 2629 1457 qua:
2687 1396 2860 1453 agunt
2918 1386 3188 1456 improbe,
3226 1389 3317 1459 qui
3346 1404 3409 1443 ea
3433 1404 3535 1443 non
3550 1386 3723 1459 fuste.

458 1484 635 1538 diunt.
669 1481 762 1536 Isti
812 1499 1050 1553 namque
1087 1485 1312 1540 civitate
1359 1485 1594 1555 egressi.
1651 1484 1801 1539 velut
1859 1482 2054 1553 adepta
2093 1479 2362 1551 peccandi
2405 1478 2572 1551 66ἥ¹
2606 1479 2848 1545 licentia,
2879 1480 3007 1535 vitia
3056 1489 3380 1548 sectantur;
3448 1497 3567 1537 cum
3639 1499 3722 1539 eos

459 1576 701 1642 deceret,
731 1576 825 1646 qni
860 1576 1159 1657 sabbatum
1179 1577 1391 1641 colunt,
1426 1576 1561 1633 illud
1592 1577 1816 1647 ubique,
1849 1583 1901 1632 et
1932 1591 2056 1646 qua:
2090 1573 2379 1645 deinceps,
2413 1575 2737 1628 observare.

1064 1672 1219 1729 CAP.
1253 1672 1389 1727 LIX.
1735 1735 1743 1741 ,

530 1765 695 1838 655
726 1764 893 1820 Vens.
926 1765 1076 1820 1-18.
1109 1763 1368 1831 Nunquid
1403 1782 1509 1819 non
1537 1775 1707 1835 potest
1723 1780 1912 1820 manus
1943 1763 2056 1820 Do-

461 1858 591 1909 mini
625 1857 802 1912 salvos
837 1857 1057 1926 facere?
1134 1867 1227 1911 aut
1264 1868 1554 1929 aggravata
1610 1868 1690 1912 est
1743 1859 1892 1913 auris
1917 1858 2053 1928 ejus,

457 1958 515 2001 ut
546 1965 648 2002 non
694 1949 948 2002 exaudiat
986 1950 1010 2005 ?
1044 1949 1148 2002 imo
1178 1960 1397 2018 peccata
1449 1958 1622 2005 vestra
1652 1949 1938 2004 discidium
1966 1949 2056 2019 {a-

460 2041 608 2093 ciunt
646 2040 782 2094 inter
810 2058 894 2095 vos
927 2050 974 2095 et
999 2038 1185 2105 Deum,
1211 2050 1260 2094 et
1279 2052 1497 2112 propter
1523 2031 1829 2113 iniquitates
1853 2051 2056 2097 uestras

2077 1682 2127 1741 B

2748 1668 3001 1723 ΚΕΦΔΔ.
3041 1668 3172 1735 Νθκ

2231 1757 2400 1831 α’·ιη’.
2436 1762 2533 1827 Μὴ
2558 1761 2673 1814 οὐκ
2695 1759 2947 1827 laxus”)
2974 1760 3104 1828 χεὶρ
3131 1762 3352 1831 Κυρίου
3373 1761 3479 1816 τοῦ
3511 1764 3690 1820 σῶσαι
3703 1783 3721 1833 ;

2158 1853 2197 1922 ἢ
2219 1852 2474 1920 ἐϐάρυνε
2501 1852 2569 1906 τὸ
2591 1847 2702 1919 οὖς
2721 1852 2911 1907 αὐτοῦ
2934 1853 3041 1907 τοῦ
3058 1851 3147 1922 μὴ
3169 1852 3524 1909 εἰσακοῦσαι
3540 1873 3562 1922 ;
3580 1857 3722 1921 ἁμά

2156 1948 2231 2002 τὰ
2256 1946 2655 2019 ἁμαρτήματα
2675 1944 2846 2014 ὑμῶν
2862 1943 3181 1999 διιστῶσιν
3203 1944 3322 2000 ἀνὰ
3342 1946 3533 2014 μέσον
3553 1946 3718 2016 ὑμῶν,

2158 2038 2257 2095 καὶ
2296 2037 2416 2092 ἀνὰ
2433 2035 2633 2106 μέσον
2660 2035 2768 2092 τοῦ
2827 2036 2998 2091 Θεοῦ.
3048 2037 3156 2091 Καὶ
3208 2036 3308 2090 διὰ
3328 2036 3434 2103 τὰς
3456 2039 3720 2107 ἁμαρτίας

2156 2130 2325 2200 ὑμῶν
2353 2130 2706 2200 ἀπέστρεψε
2732 2130 2799 2185 τὸ
2828 2132 3163 2199 πρόσωπον
3181 2130 3284 2200 ἀφ’
3308 2129 3492 2200 ὑμῶν,
3526 2131 3624 2184 τοῦ
3644 2132 3719 2201 μὴ

2155 2222 2431 2292 ἐλεῆσαι.
2459 2226 2523 2279 Αἱ
2554 2222 2667 2293 γὰρ
2690 2223 2887 2294 χεῖρες
2917 2222 3085 2294 ὑμῶν
3101 2223 3549 2292 μεμολυσμέναι
3568 2225 3719 2292 aina-

2155 2332 2232 2380 τι,
2255 2316 2352 2370 καί
2376 2317 2432 2370 ut
2466 2315 2757 2370 δάκτυλοι
2779 2313 2947 2385 ὑμῶν
2975 2315 3046 2369 ἐν
3076 2315 3416 2385 ἁμαρτίαις.
3453 2332 3509 2369 κ.
3533 2333 3580 2368 τ.
3613 2316 3660 2368 λ.

2226 2407 2550 2479 Διελὸμενος
2614 2407 2686 2462 τὰ
2738 2408 3012 2479 πρακτέα,
3075 2406 3172 2461 καὶ
3231 2408 3351 2470 τοῖς
3391 2404 3720 2477 κατορθοῦσιν

2155 2501 2624 2572 ἐπαγγειλάμενος
2652 2499 2857 2570 ἀγαθὰ,
2884 2503 3000 2563 τοῖς
3041 2499 3102 2554 δὲ
3131 2500 3207 2571 μὴ
3243 2497 3613 2570 πειθομένοις,
3643 2515 3718 2552 rt-

2158 2594 2373 2666 μωρίας
2407 2592 2566 2659 ’νῦν,
2618 2592 2696 2656 ὡς
2738 2590 3077 2662 ἀπειθήσασι
3139 2591 3237 2645 καὶ
3297 2590 3720 2661 περιπεπτωκόσι

2152 2685 2243 2741 διὰ
2273 2683 2434 2739 τοῦτο
2457 2687 2670 2749 κακοῖς,
2701 2683 2977 2755 προσάγει
3003 2683 3094 2736 τὸν
3129 2682 3377 2752 ἔλεγχον.
3402 2682 3509 2735 Καὶ
3549 2680 3718 2750 ἐπεεδὴ

2154 2776 2395 2844 πολέμου
2418 2775 2778 2844 περιστάντος
2805 2773 3018 2842 ελεγον,
3041 2771 3504 2842 Ἰσένηστεύσαμεν,
3525 2772 3613 2825 καὶ
3634 2773 3719 2824 οὐκ

2153 2865 2312 2933 εἶδες,
2346 2852 2698 2938 δπροφήτης
2732 2868 2797 2920 ἐκ
2823 2866 3024 2936 πολλῆς
3051 2865 3254 2930 αὐτοὺς
3296 2864 3558 2937 διελέγχει
3584 2867 3720 2934 φιλο·

454 2971 645 3011 atnore
672 2956 999 3025 compulsus
1042 2954 1310 3027 propheta
1348 2955 1747 3026 reprehendit;
1804 2955 2048 3011 servari-

2154 2960 2328 3026 θειας,
2367 2958 2594 3013 δυνατὸν
2624 2959 2706 3020 εις
2733 2957 3013 3029 σωτηρίαν
3039 2957 3261 3023 δεικνὺς
3318 2957 3409 3011 τὸν
3466 2958 3613 3022 θεὸν,
3637 2974 3718 3009 κε-

452 3062 565 3122 que
592 3048 661 3101 ab
700 3049 818 3117 ipso
851 3047 1074 3118 quidem
1111 3050 1367 3117 potuisse
1382 3048 1763 3103 demonstrat:
1789 3046 1887 3102 sed
1915 3062 2044 3118 pec-

2154 3049 2428 3104 κωλύσθαι
2480 3048 2539 3103 δὲ
2581 3049 2772 3120 μέσοις
2832 3047 3354 3120 παρεμπεπτωκόσι
3403 3049 3515 3111 τοῖς
3560 3046 3720 3100 αὐτῶν

458 2133 648 2185 avertit
671 2132 865 2201 facient
900 2150 932 2186 a
986 2133 1155 2199 vobis,
1188 2142 1244 2187 ut
1308 2152 1413 2189 non
1465 2136 1803 2190 misereatur.
1859 2132 2055 2188 Manus

453 2223 802 2277 mimvestraz
830 2223 1054 2290 polluta
1083 2234 1209 2278 sunt
1250 2226 1533 2295 sanguine,
1563 2234 1615 2279 et
1679 2225 1835 2295 digiti
1894 2227 2057 2282 vestri

448 2313 704 2378 peccatis,
737 2321 846 2366 etc.
1730 2312 1733 2315 ’

523 2404 691 2477 666
734 2404 996 2459 Absoluta
1014 2405 1080 2459 de
1105 2405 1271 2461 rebus
1286 2406 1512 2481 agendis
1535 2406 1931 2477 disputatione,
1955 2406 2054 2462 de-

453 2512 563 2566 que
586 2496 866 2567 agentium
906 2497 991 2552 vel
1020 2512 1126 2551 non
1157 2500 1437 2569 agentium
1466 2498 1709 2567 praamiis
1741 2504 1796 2552 et
1830 2497 2008 2567 poenis
2037 2514 2052 2550 :

453 2604 623 2655 nunc,
657 2596 917 2657 tanquam
979 2601 1335 2645 contumaces
1360 2597 1416 2643 et
1451 2589 1657 2659 lapsos,
1691 2590 1924 2660 ideoque
1951 2591 2054 2645 im-

452 2679 685 2748 probos,
729 2680 1012 2735 convincit
1044 2689 1098 2735 et
1123 2682 1331 2751 arguit.
1368 2680 1597 2747 Deinde,
1625 2682 1755 2751 quia
1781 2682 1922 2737 bello
1956 2697 2050 2737 ur-

456 2780 619 2843 gente
650 2772 937 2842 jejnnasse
969 2789 1050 2841 se,
1101 2789 1282 2845 neque
1334 2774 1507 2829 Deum
1558 2783 1739 2829 tamen
1766 2773 1833 2829 ad
1879 2774 1932 2829 id
1957 2775 2053 2831 ad-

457 2862 719 2926 vertisse,
754 2864 1037 2928 dicebant,
1069 2879 1168 2920 eos
1226 2864 1348 2935 ipse
1404 2866 1712 2920 vehementi
1765 2864 1819 2919 in
1878 2863 2051 2921 Deum

453 3138 593 3193 catis
619 3154 833 3204 eormn,
868 3138 1172 3208 quominus
1206 3152 1366 3208 opem
1396 3136 1561 3205 ferat,
1585 3137 1890 3209 prohiberi.
1937 3135 2046 3201 Ne,-

455 3246 564 3300 qne
590 3230 736 3284 enim
773 3228 944 3285 Deum
976 3231 1085 3283 ulla
1123 3244 1367 3299 unquam
1409 3230 1609 3284 virium
1645 3229 2045 3294 imbecillitate,

454 3321 824 3391 audiendique
859 3317 1201 3385 dillicultate,
1246 3324 1397 3379 sicut
1426 3338 1613 3386 senes,
1649 3323 1923 3387 laborare,
1949 3321 2046 3377 sed

453 3415 630 3467 malos
659 3428 883 3468 servare
915 3430 1095 3484 neque
1149 3414 1364 3483 justum
1421 3430 1567 3480 esse,
1611 3430 1804 3483 neque.
1829 3415 1895 3471 iis
1952 3414 2047 3484 qui

458 3511 779 3565 servantur.
816 3504 1150 3560 conducere.
1178 3504 1318 3570 Quia
1343 3517 1529 3560 autem
1554 3521 1773 3561 murum
1804 3507 2048 3561 excitare

453 3606 673 3664 peccata
702 3595 864 3659 dixit,
903 3612 1001 3667 per
1027 3613 1218 3651 eorum
1263 3598 1644 3654 remissionem
1698 3598 2044 3669 interiectum

453 3688 708 3742 maceria:
738 3688 1000 3756 parietem
1035 3691 1249 3744 solvere
1280 3699 1335 3744 et
1362 3690 1676 3745 disturbare
1705 3689 2047 3757 Salvatorcm

452 3779 748 3849 signiﬁcat.
779 3781 983 3833 Avertit
1014 3781 1210 3835 deinde
1232 3780 1424 3850 facient
1443 3798 1475 3835 a
1498 3782 1751 3851 peccatis;
1780 3790 2043 3853 tanquam

449 3886 643 3925 eorum
677 3871 1075 3939 turpitudinem
1099 3881 1154 3927 et
1183 3871 1431 3929 fmtorem
1451 3890 1560 3929 non
1588 3882 1756 3945 queat
1786 3876 2042 3941 tolerare,

450 3958 598 4016 unde
624 3970 1130 4033 patet.aurem,qua:
1149 3963 1332 4033 justos
1357 3966 1566 4033 audiat,
1597 3966 1835 4034 iniustos
1859 3975 2044 4023 autem

449 4052 1081 4122 minimc,lleijustitiam
1104 4058 1437 4112 scilicetnon
1455 4059 1704 4128 cerporis
1729 4075 1912 4113 aurem
1935 4059 2049 4129 sig-

450 4133 702 4191 niﬁcare.
730 4133 833 4193 Ubi
858 4148 1042 4192 autem
1066 4150 1283 4209 peccata
1313 4142 1366 4196 in
1394 4138 1708 4198 universum
1741 4145 2041 4208 accusavit,
2070 4202 2074 4205 ,

450 4229 644 4283 eadem
706 4236 762 4284 et
822 4230 940 4299 ipse
1001 4231 1283 4302 sigillatim
1340 4242 1594 4289 recenset
1629 4252 1644 4301 ;
1678 4236 1970 4289 homicidia
1995 4244 2046 4291 ct

451 4319 861 4377 obtrectationes
915 4324 1263 4392 nominatim,
1315 4341 1424 4381 non
1454 4326 1563 4396 jam
1626 4327 1896 4382 idolorum
1926 4329 2044 4383 cul-

450 4419 568 4467 tum
600 4413 905 4470 insectans.
957 4414 1267 4486 Prophetas
1298 4420 1447 4473 enim
1485 4420 1912 4484 interemerunt,
1943 4420 2039 4491 ju-

452 4516 681 4577 stosque
704 4508 1026 4562 calumniati
1060 4519 1212 4565 sunt.
1241 4509 1332 4563 Ait
1364 4511 1532 4581 igitur
1554 4512 1703 4566 hunc
1733 4512 1786 4566 in
1821 4513 2041 4569 modum

450 4597 748 4677 Ieremias:
797 4618 816 4651 ι
856 4597 1042 4655 Virtus
1072 4617 1191 4657 mea
1223 4602 1428 4657 defecit
1464 4620 1571 4670 me,
1604 4606 1670 4659 ab
1703 4606 1770 4661 iis
1805 4606 1899 4678 qui
1930 4622 2045 4661 ma-

450 4689 765 4744 ledicebant
793 4690 925 4743 tuihi
952 4692 1019 4746 ⁸⁷.
1050 4711 1068 4743 ι
1100 4691 1166 4745 Ει
1196 4704 1384 4748 noster
1416 4695 1505 4748 hic
1538 4694 1834 4764 propheta:
1865 4711 1882 4744 t
1910 4695 2044 4752 Vide

452 4790 514 4835 ut
546 4781 735 4852 justus
780 4784 992 4837 tollitur
1024 4784 1101 4849 ⁸⁸,
1138 4804 1157 4836 ι
1204 4792 1259 4839 et
1288 4801 1411 4855 qure
1441 4786 1721 4857 deinceps.
1750 4787 1793 4842 Α
1822 4789 2049 4858 quibus,

451 4880 712 4941 tanquam
753 4889 783 4928 a
820 4876 1006 4945 parvis
1041 4876 1312 4930 scelerum
1351 4877 1548 4939 initiis,
1583 4878 1652 4931 ad
1687 4878 1889 4933 Christi
1924 4877 2047 4933 Sal-

451 4965 662 5017 vatoris
695 4965 896 5021 eaedem
928 4968 1204 5038 pregressi
1237 4977 1404 5035 sunt,
1446 4985 1612 5039 quam
1647 4971 1885 5026 maxime
1947 4971 2051 5026 hoc

454 5055 578 5109 loco
602 5056 760 5113 nobis
803 5058 958 5129 inniti
1009 5061 1176 5114 fuerit
1232 5071 1688 5120 consentaneum.
1726 5064 1843 5118 Etsi
1899 5065 2048 5118 enim

456 5142 758 5201 Salvatoris
783 5151 1041 5220 sanguine
1080 5166 1270 5206 manus
1295 5151 1498 5208 habent
1526 5154 1858 5224 impollutus,
1881 5156 2040 5224 culpa

454 5240 637 5289 tamen
672 5236 816 5292 haud
850 5248 1083 5305 vacant;
1116 5243 1209 5310 qui
1248 5244 1526 5314 sanguinis
1548 5244 1668 5315 ejus
1695 5243 1748 5299 iu
1777 5261 1854 5307 se.
1880 5260 2043 5299 suos-

457 5338 565 5394 que
614 5324 780 5393 ﬁlios,
827 5327 1087 5383 ultionem
1142 5333 1365 5388 extendi
1404 5336 1759 5399 postularunt
1809 5335 1902 5392 ":
1945 5338 2042 5407 qui

530 5505 574 5537 ⁸⁸
598 5502 788 5558 Matth.
822 5519 876 5569 ν,
906 5501 961 5557 4.
1037 5500 1081 5535 ⁸⁷
1115 5498 1300 5556 Thrcu
1349 5518 1386 5565 ι,
1419 5505 1501 5559 Η.

2149 3139 2651 3210 πλημμελήμασιν,
2675 3136 2752 3201 ὼς
2811 3138 2888 3208 μὴ
2940 3139 3256 3207 συγχωρεῖν
3299 3136 3401 3207 τὴν
3437 3138 3514 3200 είς
3543 3130 3716 3198 αὐτοὺς

2148 3232 2472 3302 ἐπικουρίαν
2522 3230 2863 3303 διέρχεσθαι.
2925 3229 3069 3284 Οὔτε
3101 3230 3212 3300 γὰρ
3277 3228 3512 3300 ἀσθενής
3564 3231 3715 3292 ἐστιν,

2147 3322 2260 3376 οὗθ’
2298 3321 2490 3392 ὥσπερ
2523 3324 2588 3375 ἐκ
2622 3322 2857 3392 γήρους,
2885 3321 3175 3392 δυσήκσος.
3204 3320 3426 3385 Κακοὺς
3451 3321 3507 3374 δὲ
3548 3318 3718 3385 σώζειν

2147 3412 2274 3468 οὕτε
2330 3414 2562 3479 δίκαιον,
2593 3412 2719 3467 οὕτε
2759 3415 2875 3477 τοῖς
2942 3413 3281 3483 σωζομένοις
3315 3412 3605 3475 λυσιτελές.
3633 3408 3718 3465 Διά

2148 3508 2205 3562 δὲ
2234 3508 2297 3560 τὸ
2318 3506 2579 3578 τειχίζειν
2604 3505 2863 3578 εἰρῆσθαι
2893 3506 2992 3570 τὰς
3035 3507 3342 3577 ἁμαρτίας,
3379 3508 3408 3559 ὁ
3436 3504 3617 3575 Σωτὴρ
3643 3503 3719 3556 διὰ

2147 3600 2248 3671 τῆς
2294 3600 2546 3671 ἀφέσεως
2605 3598 2811 3652 τούτων
2867 3597 2928 3650 τὸ
2981 3598 3322 3668 μεσότοιχον,
3357 3596 3453 3650 τοῦ
3482 3592 3717 3667 φραγμοῦ

2148 3689 2309 3744 λῦσαι
2344 3689 2593 3758 λέγεται.
2641 3687 3037 3757 Ἀποστρέεοει
3086 3688 3143 3741 δὲ
3166 3687 3235 3740 τὸ
3265 3688 3589 3755 ,πρόσωπον
3611 3682 3716 3740 ἀπὸ

2148 3777 2270 3833 τῶν
2327 3776 2652 3848 ἁμαρτιῶν,
2682 3776 2944 3841 δυσειδείς
2981 3776 3175 3847 ὥσπερ
3233 3777 3331 3831 καὶ
3359 3776 3613 3838 δυσώδεις
3658 3772 3715 3826 οὐ

2150 3872 2335 3943 φέρων
2368 3871 2520 3925 ίδεῖν.
2567 3868 2854 3924 Ἐντεῦθεν
2879 3870 2936 3923 δὲ
2966 3869 3149 3939 δῆλον,
3186 3870 3273 3922 ὅτι
3304 3864 3417 3934 υῦς
3442 3868 3503 3921 τὸ
3530 3868 3715 3922 δίκαιον

2148 3964 2371 4031 ἀκοῦον,
2424 3964 2615 4019 ἄδικον
2676 3963 2735 4016 δὲ
2776 3962 2875 4033 μὴ,
2927 3962 3245 4033 δικαιοσύνη
3289 3961 3427 4015 Θεοῦ
3457 3963 3620 4026 ἐστιν,
3660 3960 3712 4013 οὐ

2150 4057 2468 4130 σωματικὸν
2492 4052 2625 4120 οὖς.
2669 4056 3064 4127 αἰτιασάμενος
3086 4055 3142 4109 δὲ
3174 4055 3413 4110 καθόλου
3439 4054 3535 4117 τὰς
3549 4055 3713 4122 duap-

2148 4151 2298 4216 τίας,
2323 4150 2449 4213 κατέ
2468 4144 2611 4211 εἶδος
2636 4146 2806 4211 αὐτὰς
2838 4146 3218 4219 ἐπεξέρχεται,
3253 4148 3348 4200 καὶ
3383 4145 3709 4216 μιαιφονίαν

2147 4241 2535 4307 αἰτιᾶται,-καὶ
2567 4241 2967 4307 κατωίαλιὰν,
3002 4239 3250 4309 οὐδαμοῦ
3314 4238 3372 4292 δὲ
3432 4237 3524 4291 νῦν
3574 4237 3711 4289 εἰδω-

2150 4334 2494 4404 λολατρείαν.
2569 4333 2928 4387 ’Δπέκτειναν
2988 4332 3097 4403 γὰρ
3124 4332 3252 4396 τοὺς
3280 4331 3580 4400 προφήτας,
3631 4325 3711 4379 καὶ

2149 4428 2278 4490 τοὺς
2300 4425 2547 4488 δικαίους
2605 4423 3075 4495 ἐσυκοφάντησαν.
3125 4424 3275 4492 Ἔφη
3327 4422 3379 4489 γ’
3428 4416 3518 4473 οῦν
3559 4419 3710 4488 Ἱερε-

2153 4519 2302 4591 μίας·
2342 4537 2360 4569 ι
2410 4517 2477 4570 Ἦ
2507 4517 2659 4589 ἰσχύς
2685 4534 2787 4587 μου
2811 4517 3058 4582 ἐξέλιπεν
3090 4516 3153 4568 ἐκ
3186 4516 3296 4568 τῶν
3331 4509 3711 4583 καταρωμένων

2153 4630 2243 4683 με.
2285 4631 2304 4665 ι
2339 4613 2451 4665 Καὶ
2476 4613 2505 4665 ὁ
2546 4610 2741 4683 παρὼν
2775 4611 2836 4664 δὲ
2872 4611 3162 4682 προφήτης
3220 4608 3427 4677 ἔφασκε
3461 4622 3476 4637 ·
3511 4624 3530 4657 ι
3563 4603 3709 4656 Ἴδετε

2150 4701 2225 4764 ὼς
2255 4703 2283 4754 ὁ
2310 4700 2518 4764 δίκαιος
2553 4701 2798 4771 αἴρεται,
2836 4720 2854 4753 ι
2881 4701 2977 4753 καὶ
3009 4700 3080 4753 τὰ
3122 4700 3215 4752 ἐπὶ
3251 4698 3445 4769 τούτῳ.
3487 4695 3598 4765 Ἀφ’
3619 4685 3704 4755 ὧν,

2147 4793 2223 4857 ὼς
2253 4792 2314 4858 ἐξ
2365 4793 2650 4857 ἐλάττονος
2692 4792 2882 4846 κακῶν
2917 4792 3153 4864 μελέτης
3187 4792 3283 4844 ἐπὶ
3311 4791 3403 4843 τὸν
3434 4788 3588 4859 φόνον
3622 4780 3707 4834 τοῦ

2150 4884 2404 4955 Σωτῆρος
2426 4885 2755 4956 ἀνέδραμον,
2779 4885 2840 4939 ὃν
2863 4883 3010 4938 ἔοικε
3037 4883 3276 4954 μάλιστα
3289 4882 3377 4936 διὰ
3402 4880 3507 4934 τῶν
3526 4874 3704 4947 παρόν·

2146 4991 2254 5027 των
2315 4975 2344 5027 ὁ
2395 4975 2681 5046 προφήτης
2717 4973 2937 5045 δηλοῦν.
2984 4972 3048 5027 Εἰ
3085 4973 3312 5042 γὰρκαὶ
3337 4970 3443 5042 μὴν
3468 4968 3525 5022 τὸ
3544 4967 3705 5036 χεῖρες

2148 5065 2244 5119 τοῦ
2304 5066 2580 5136 Σωτῆρος,
2634 5067 2928 5135 γεγόνασιν
2955 5065 3074 5118 ἀλλ’
3108 5061 3204 5118 οὖν
3263 5062 3449 5126 αἴτιοι,
3484 5059 3572 5113 καὶ
3591 5054 3649 5107 τὸ
3679 5052 3703 5091 ¹³

2148 5153 2296 5227 αᾶια
2319 5156 2486 5210 αὐτοῦ
2519 5158 2608 5211 ἐπ’
2637 5159 2838 5222 αὐτοὺς
2864 5158 3056 5221 ἒόὀων,
3086 5156 3184 5210 καὶ
3212 5157 3308 5208 ἐπὶ
3338 5156 3414 5207 τὰ
3439 5152 3594 5205 τέκνα
3618 5144 3705 5197 αὖ·

2096 5264 2107 5269 ‘
2147 5249 2279 5303 τῶν.
2312 5249 2423 5301 Καὶ
2458 5249 2647 5313 κακῶς
2669 5249 2724 5302 δὲ
2755 5249 3008 5317 λέγοντες
3047 5248 3150 5302 οὐκ
3173 5236 3703 5307 ἐπαύοντοράνασείειν

2149 5341 2220 5394 τὰ
2246 5340 2449 5412 πλήθη,
2481 5342 2577 5395 κοιλ⁷
2600 5342 2888 5413 δαιμονᾷν,
2913 5341 3011 5395 καὶ
3022 5337 3370 5411 Σαμαρείτην
3391 5338 3454 5390 ἐκ
3476 5326 3702 5403 πορνείας

1619 5512 1665 5543 ιθ
1697 5515 1806 5569 lsa.
1839 5528 1952 5569 t.v.t
1973 5553 1989 5579 ,
2017 5517 2064 5570 l.
2143 5517 2190 5550 “
2218 5517 2416 5573 Matth.
2437 5534 2609 5581 xvvu,
2629 5518 2719 5573 25.

1733 5629 1817 5683 VA
1830 5629 1970 5686 [HE
2005 5631 2417 5688 LECTIONES.

571 5713 793 5801 ¹ζ⁷σοεῖ
863 5715 973 5786 γὰρ
1006 5714 1098 5771 κέε
1129 5716 1219 5785 μὴ
1284 5718 1628 5785 ιιελίῖιὶινιτο
1671 5724 1871 5795 χιῖιηες
1934 5728 2113 5783 αὐτῶν
2197 5731 2400 5799 αἵματι
2471 5731 2565 5784 τοῦ
2638 5731 2909 5801 Σωτῆρος,
2954 5728 3242 5798 γεγόνασιν
3305 5717 3693 5782 ἀλλὀὗταῖτιοιι

462 5788 515 5843 οἳ
536 5788 621 5840 τό.
