3978 6416
431 297 525 359 21?:
541 294 559 360 l

1759 291 2110 356 PROCOPII
2141 293 2384 354 G.\Z.’E[

2935 226 3100 239 φ..-

3563 295 3695 360 26ῒὲ

425 424 691 481 tanquam
753 416 972 478 promer
1031 407 1230 463 virium
1281 407 1710 468 imbecillitatem
1777 406 2018 478 pollicita

2127 403 2365 476 ελξγγων
2387 401 2480 460 οὖν
2500 404 2716 469 αὖτοὺς,
2743 403 3031 470 αἰτίαςτὲις
3064 407 3240 461 αὐτῶν
3262 408 3525 482 ἁμαρτίας
3553 424 3691 484 ero",

429 518 541 556 non
604 502 1003 571 praestitisset;
1051 499 1288 570 populus
1346 499 1777 555 vociferabatur.
1834 499 2023 568 Itaque

429 607 527 647 eos
557 590 909 661 arguens,_in
959 603 1128 644 causa
1193 588 1367 646 fuisse
1398 604 1591 644 eorum
1649 598 1876 660 peccata
1932 603 2021 642 re-

434 686 692 756 spondet,
723 693 946 754 pmpter
974 698 1096 752 qua:
1125 696 1238 736 non
1285 681 1476 738 audire
1524 681 1668 738 Deus
1700 689 1754 736 ct
1802 696 2022 737 servare

435 777 683 845 potuisse
715 775 866 831 visus
891 776 980 830 sit.
1037 773 1350 830 Cum‘enim
1390 775 1596 830 liberos
1651 789 1782 830 suos
1813 783 2024 828 macta-

435 880 573 933 rent,
599 883 789 924 eorum
835 850 959 922 exta
987 867 1372 940 inspicientes;
1404 883 1593 922 manus
1616 867 1721 922 sibi
1741 868 2020 937 sanguine.

430 969 490 1014 ut
537 961 805 1029 impietate
854 959 998 1013 labia
1040 959 1390 1032 polluebant:
1422 959 1588 1026 unde,
1611 967 1872 1025 tanquam
1898 975 2022 1014 sur-

432 1050 689 1120 semibus
727 1065 795 1102 ex
845 1049 1056 1103 semine
1087 1048 1390 1114 laboribus,
1445 1047 1652 1105 frustra
1683 1050 2021 1120 torqueban-

431 1156 542 1198 tur.
581 1142 736 1208 Quas
759 1142 908 1198 enim
953 1142 1261 1214 voluptates
1298 1142 1425 1200 inde
1465 1142 1863 1215 pereipiebant,
1902 1153 2022 1199 tan-

429 1251 592 1304 quam
615 1252 723 1298 oua
747 1235 997 1304 aspidum
1043 1245 1202 1292 erant
1246 1235 1657 1307 intempestiva,
1682 1246 1776 1292 aut
1809 1253 2025 1292 aranea:

431 1326 556 1392 tela,
597 1342 720 1396 qum
775 1341 976 1383 nocere
1033 1327 1238 1396 potius,
1292 1341 1457 1397 quam
1499 1326 1762 1398 prodesse
1805 1329 2022 1384 valent:

432 1419 540 1472 imo
574 1435 718 1488 quae,
760 1419 807 1474 si
831 1417 1134 1488 quidquam
1169 1419 1500 1490 producant,
1535 1419 1670 1476 nihil
1705 1435 1735 1474 a
1768 1418 2022 1475 basilisca

428 1508 667 1575 diﬂ‘erat,
706 1526 804 1580 per
821 1525 987 1580 quem
1018 1518 1072 1566 et
1105 1511 1210 1581 ipsi
1253 1511 1523 1568 malorum
1560 1525 1774 1581 operum
1829 1520 2023 1567 aucto-

430 1618 544 1658 rem
569 1601 845 1656 diabolum
883 1601 1181 1672 anagogice
1229 1601 1611 1672 intelligimus.
1665 1603 1738 1656 At
1765 1618 1832 1658 ex
1864 1603 2024 1659 malis

429 1696 689 1752 omnibus
737 1698 1103 1750 vestimentum
1157 1705 1561 1762 contexuerunt,
1613 1705 1738 1769 post
1775 1709 2022 1752 commu-

431 1805 554 1845 nem
589 1799 818 1845 mortem
878 1791 1021 1850 mala
1061 1805 1253 1846 eorum
1307 1805 1640 1862 nequaquam
1691 1801 2022 1861 aperturum,
2058 1769 2100 1825 Β

427 1899 549 1952 qua!
613 1886 679 1940 ad
739 1886 1076 1956 sepulturam
1138 1901 1316 1956 usque
1366 1885 1513 1942 vires
1563 1884 1816 1942 habitura
1873 1895 2026 1954 sum,

427 1972 568 2030 John
600 1983 740 2032 teste
773 1975 822 2008 ⁸³
845 2017 862 2044 ,
893 1977 990 2048 qui
1020 1992 1079 2034 se
1108 1977 1176 2032 ad
1232 1975 1506 2032 tumulum
1547 1992 1730 2046 usque
1765 1977 2028 2048 vigilasse

420 2067 644 2122 scribit.
705 2066 848 2124 Sunt
911 2083 1044 2125 vero
1080 2108 1096 2134 ,
1155 2076 1380 2140 propter
1414 2069 1616 2129 ,matas
1647 2064 2021 2140 cogitationes,

427 2159 729 2213 :L-rttmnnsi
761 2167 818 2214 et
851 2161 1054 2228 miseri,
1101 2161 1195 2228 qui
1223 2177 1407 2230 pacem
1449 2176 1559 2216 non
1598 2160 1856 2216 habeant.
1885 2161 2031 2216 Tan-

424 2263 592 2316 quam
625 2247 773 2304 enim
808 2251 1016 2308 amissa
1047 2251 1338 2321 judicandi
1375 2251 1449 2318 vi,
1479 2267 1509 2306 a
1551 2251 1634 2308 eia
1686 2253 1837 2324 regia
1869 2254 2030 2310 aber-

426 2348 617 2397 rantes
673 2357 894 2397 sursum
953 2343 1215 2400 deorsum
1257 2353 1568 2415 vagantur;
1625 2346 1702 2402 ita
1751 2346 2026 2416 siquidem

425 2433 720 2503 nequitiam
767 2443 1076 2501 sectantur,
1105 2452 1172 2492 ac
1220 2437 1268 2494 si
1308 2451 1372 2494 ea
1431 2439 1601 2492 lucem
1646 2438 1752 2493 sibi
1797 2423 2030 2494 allatura

425 2526 499 2580 sit
527 2543 542 2580 :
571 2539 696 2579 eum
735 2527 979 2582 tenebras
1011 2529 1232 2598 pariat;
1273 2528 1538 2584 ultionem
1585 2529 1870 2595 nimirum,
1906 2546 2029 2600 qua:

424 2630 521 2670 eos
551 2617 624 2670 ita
660 2620 916 2688 praesenti
952 2620 1058 2676 istc
1104 2619 1403 2692 lutumque
1448 2623 1656 2679 smculo
1719 2624 2030 2694 apprehen-

425 2723 558 2763 aura
597 2720 714 2771 est;
751 2712 926 2782 utqui
959 2712 1448 2783 splendidissimus
1486 2713 1606 2771 dies
1634 2715 1714 2770 eis
1746 2715 2027 2782 illuxerat,

425 2803 484 2855 in
521 2801 764 2857 tenebras
796 2813 1156 2860 convertatur
1189 2823 1204 2872 ;
1246 2808 1461 2878 ursique
1501 2807 1555 2862 in
1597 2823 1805 2864 morem
1843 2809 2029 2880 gravi-

428 2896 790 2964 tq-r,'propter
816 2896 1102 2966 ademptos
1121 2898 1358 2964 catulos,
1399 2909 1448 2954 et
1487 2908 1742 2970 tanquam
1783 2899 2029 2958 columba

421 2983 649 3039 assidue
692 2997 929 3054 gement.
971 2987 1063 3040 Ait
1113 2987 1350 3045 deinde:
1403 2987 1842 3058 Exspectavimus
1877 2991 2030 3062 judi.

421 3077 587 3145 cium,
623 3088 672 3132 et
708 3095 812 3133 non
842 3089 942 3142 est,
999 3087 1056 3134 ut
1085 3095 1182 3136 eos
1232 3081 1325 3151 qui
1361 3082 1417 3136 in
1449 3084 1712 3153 peccatis
1749 3085 1867 3142 suis
1917 3087 2022 3140 im-
2046 3113 2095 3180 C

422 3168 621 3222 morati
654 3178 806 3232 salit,
838 3169 934 3226 Dei
949 3172 1111 3226 etiam
1136 3173 1440 3242 defensione
1459 3176 1735 3236 excidisse
1785 3177 2017 3234 demon-

421 3266 584 3313 stret.
615 3259 906 3330 Signiﬁcat
943 3273 1126 3320 autem
1171 3264 1362 3334 iudicii
1395 3269 1618 3324 nomine
1650 3268 1782 3324 illud
1814 3270 2014 3339 ipsum,

424 3349 712 3421 615mm
736 3354 842 3410 sibi
863 3355 1181 3425 quiq_ue,vel
1206 3374 1327 3428 quae
1350 3345 1615 3428 praestant
1641 3377 1734 3416 ora
1763 3364 2018 3430 sunt,eli-

421 3447 591 3508 gnnt;
621 3441 704 3496 vel
741 3457 862 3512 quae
893 3444 1267 3514 relinquentes
1299 3455 1528 3515 pereunt
1562 3464 1688 3502 cum
1726 3451 2018 3521 insurgen-

347 3573 364 3584 .
419 3529 572 3586 tibus
629 3531 682 3586 in
713 3548 809 3590 eos
875 3534 1152 3602 hostibus,
1208 3535 1299 3592 Dei
1364 3539 1570 3593 aitxilio
1613 3540 2012 3599 destituuntur.

419 3619 592 3677 Docet
647 3625 794 3678 enim
829 3626 980 3696 ipsos
1018 3642 1140 3697 quae
1191 3644 1456 3683 eventura
1487 3639 1638 3697 sunt,
1674 3641 1728 3687 et
1777 3651 1884 3703 qua
1928 3651 2016 3689 ra-

418 3713 572 3770 tione
601 3716 871 3785 pmnitere
907 3729 1180 3789 oporteat,
1220 3721 1265 3776 si
1303 3722 1688 3779 remissionem
1742 3727 2014 3798 consequi

415 3807 625 3864 velint:
658 3824 768 3878 quo
794 3810 959 3865 modo
987 3821 1041 3867 et
1066 3812 1232 3867 David
1257 3813 1375 3884 ipse
1399 3815 1721 3887 priusquam
1748 3820 2010 3889 templum

418 3907 860 3968 construeretnr,
897 3903 1146 3973 ejusdem
1182 3921 1294 3960 non
1326 3907 1668 3964 eversionem
1701 3911 1885 3977 modo,
1918 3905 2014 3967 sed

415 3993 882 4050 instaurationem
910 3998 1076 4052 etiam
1118 3998 1394 4067 praedixit.
1427 3999 1574 4054 Nihil
1629 4002 1776 4056 enim
1817 4018 2011 4058 eorum

419 4101 542 4155 qnze
571 4101 630 4142 se
658 4089 888 4144 invicem
917 4100 1355 4162 consequuntur,
1384 4093 1600 4164 ignorat
1634 4094 1798 4150 Deus.
1820 4095 2013 4152 Postea

419 4194 520 4232 sua
551 4178 654 4248 ipsi
688 4180 846 4248 vitia,
881 4182 997 4238 sive
1015 4197 1079 4238 ea
1116 4183 1172 4240 in
1226 4183 1412 4252 factis,
1443 4187 1558 4242 sive
1608 4189 1661 4243 in
1688 4189 1855 4246 dictis
1891 4207 2015 4247 ver-

419 4277 638 4338 sentur,
693 4283 1044 4343 accusantes,
1097 4279 1431 4343 recessimus,
1464 4279 1640 4347 aiunt,
1689 4297 1722 4334 a
1753 4281 2008 4349 judicio:

417 4359 584 4427 quale
606 4370 691 4416 est
721 4360 853 4418 illud
887 4363 1032 4433 apud
1071 4363 1352 4428 Davidem,
1403 4368 1616 4438 psalmo
1649 4368 2013 4441 quadragesi-

2133 501 2200 554 δι’
2233 499 2296 562 ἃς
2327 501 2417 553 καὶ
2444 501 2675 568 ἀνήκοος
2707 501 2803 553 καὶ
2855 499 3132 568 ἀδύναμος
3159 501 3440 571 ἐνομίσθη.
3471 503 3687 572 2-5613”-

2132 610 2221 656 τες
2269 591 2379 662 γὰρ
2405 591 2474 647 τὰ
2505 594 2670 645 τέκνα
2741 591 2922 646 αὐτῶν
2973 593 3478 662 ἠπατοσκοποῦντο,
3511 596 3582 662 ὡς
3607 600 3696 665 τὰς

2133 685 2334 755 χεῖρας
2361 685 2542 738 αὐτῶν
2579 684 2911 756 μεμολύνθαι
2947 686 3026 750 τῷ
3059 687 3282 755 αἵματι,
3335 689 3427 742 καὶ
3472 689 3556 742 διὰ
3593 693 3702 747 τῶν

2131 773 2353 846 χειλῶν
2373 777 2636 841 ἀσεϐεῖν,
2658 778 2750 846 ἀφ’
2767 770 2844 831 ὧν
2869 777 3103 842 ἑαυτοῖς,
3127 776 3205 841 ὡς
3231 777 3341 830 ἀπὸ
3364 782 3700 849 σπερμάτων,

2133 867 2329 929 πόνους
2390 866 2725 937 ἐγέννησαν,
2781 866 3279 937 ματαιοπονοῦντες
3316 869 3372 920 ἐν
3409 870 3610 934 αὐτοῖς.
3643 875 3704 926 Ἃ

2131 957 2240 1030 γὰρ
2293 957 2688 1029 ἐπιθυμήματα
2753 957 3130 1023 συνελέξαντο,
3178 958 3256 1023 ὡς
3309 959 3393 1014 ὠὰ
3441 961 3707 1014 ἀσπίδων

2131 1051 2564 1122 ἀτελεσφόρητα,
2591 1053 2684 1104 καὶ
2718 1050 2992 1119 ἀράχνης
3017 1051 3207 1117 ἱστὸς,
3244 1051 3547 1122 βλάπτοντα
3582 1055 3702 1124 μᾶλ-

2131 1144 2220 1197 λόν
2257 1146 2423 1205 ἐστιν,
2455 1145 2600 1213 ἤπερ
2631 1141 2916 1212 ὠφελῆσαι
2943 1143 3239 1212 δυνάμενα.
3271 1143 3390 1196 Κᾶν
3425 1145 3504 1207 είς
3540 1145 3709 1214 ἔργον

2129 1237 2185 1290 δὲ
2216 1234 2564 1305 προαχθεῖεν,
2635 1235 2789 1288 οὐδὲν
2819 1233 3050 1287 ἀπέοικε
3083 1234 3486 1298 βασιλίσκω.
3535 1239 3610 1290 Δι’
3631 1235 3709 1304 οῦ,

2130 1325 2273 1380 κατὰ
2303 1325 2620 1394 ἀναγωγὴν,
2652 1323 2941 1394 ληψόμεθα
2971 1324 3063 1377 τὸν
3093 1323 3341 1378 διάϐολον
3359 1327 3450 1378 τὶν
3482 1327 3589 1380 τῶν
3614 1347 3708 1383 κα-

2130 1419 2242 1472 κῶν
2276 1417 2510 1487 χορηγόν
2567 1416 2664 1468 Ἐκ
2689 1416 2746 1468 δὲ
2773 1416 2884 1468 τῶν
2929 1417 3119 1469 κακῶν
3159 1419 3418 1473 ἁπάντων
3487 1421 3710 1490 ἱμάτιον

2127 1511 2464 1579 ἐξύφηναν,
2505 1508 2534 1562 ὃ
2565 1508 2705 1580 μετὰ
2733 1509 2826 1562 τὸν
2871 1509 3050 1562 κοινὸν
3092 1509 3325 1565 θάνατον
3383 1513 3497 1565 οὐκ
3545 1513 3712 1567 ἔσται

2127 1601 2327 1668 σκέπη
2385 1600 2494 1654 τῶν
2555 1598 2745 1654 κακῶν
2775 1599 2978 1665 αὐτῶν,
3015 1599 3179 1671 μέχρι
3205 1601 3386 1672 ταφῆς
3420 1602 3708 1673 ἰσχυόντων

2128 1692 2270 1747 κατὰ
2294 1691 2356 1745 τὸ
2372 1693 2428 1744 ἐν
2445 1690 2592 1757 Ἰὼϐ,
2617 1691 2696 1757 τὸ,
2732 1691 2911 1754 «Ἕως
2926 1690 3088 1763 σόρου
3116 1691 3507 1764 ἠγρύπνησα.»
3541 1692 3635 1746 Ἐκ
3660 1693 3714 1748 δὲ

2127 1785 2247 1840 τῶν
2277 1784 2560 1854 πονηρῶν
2590 1783 2900 1855 λογισμῶν
2928 1785 3439 1856 ταλαιπωροῦσιν,
3473 1785 3714 1856 εἰρήνην

2127 1879 2229 1933 οὐκ
2256 1877 2493 1949 ἔχοντες.
2527 1877 2617 1941 Ὠς
2643 1877 2752 1946 γὰρ
2769 1875 2829 1930 τὸ
2860 1876 3114 1947 κριτικὸν
3143 1877 3541 1942 ἀπολέσαντες,
3571 1877 3715 1949 βασι-

2127 1968 2284 2040 λικὴν
2308 1969 2407 2022 οὐκ
2439 1964 2604 2040 ἦλθον
2636 1968 2784 2024 ὁδὸν
2827 1967 2938 2023 ἄνω
2975 1969 3126 2022 κάτω
3161 1967 3530 2040 πλανώμενοι.
3565 1970 3714 2026 υῦτω

2129 2062 2238 2131 γὰρ
2294 2061 2393 2131 τὴν
2450 2061 2750 2128 πονηρίαν
2803 2061 3096 2133 μετῄεσαν,
3131 2061 3206 2126 ὡς
3232 2062 3430 2132 φωτὸς
3461 2062 3520 2128 ἐξ
3553 2063 3715 2133 αὑτῆς

2130 2151 2554 2218 ἀπολαύσοντες,
2571 2152 2600 2206 ὃ
2627 2153 2818 2222 γέγονε
2837 2156 3058 2220 σκότος
3082 2153 3301 2218 αὐτοῖς,
3325 2154 3508 2224 δηλῶν
3535 2154 3598 2224 δὴ
3623 2155 3713 2224 τὴν

2130 2245 2187 2298 ἐν
2220 2243 2300 2315 τῷ
2331 2243 2560 2315 παρόντι
2599 2245 2696 2298 καὶ
2753 2243 3002 2314 μέλλοντι
3030 2244 3492 2316 καταληψομένην
3529 2245 3715 2310 aito-Li;

2130 2335 2422 2408 τιμωρίαν.
2452 2335 2542 2399 Ὠς
2585 2336 2678 2390 καὶ
2698 2338 2796 2408 τὴν
2829 2339 3240 2409 φωτεινοτάτην
3275 2340 3464 2402 αὐτοῖς
3511 2339 3715 2410 ἡμέραν

2129 2429 2642 2498 σκότος.γενέσθαι,
2661 2429 2736 2494 ὡς
2756 2441 2853 2480 m-P
2874 2429 3177 2491 στενάζειν
3201 2431 3404 2495 αὐτοὺς
3424 2430 3714 2505 μεγάλαώς

2129 2523 2351 2592 ἄρκτον
2382 2522 2474 2576 ἐπὶ
2489 2522 2723 2588 τέκνοις,
2745 2523 2837 2576 καὶ
2873 2523 3052 2576 πυκνὰ
3075 2523 3150 2588 ὡς
3171 2523 3558 2592 περιστεράν.
3587 2520 3714 2576 Εἶτά

2131 2633 2317 2686 φησιν,
2357 2615 2783 2684 Ἀνεμείναμεν
2812 2615 3032 2683 κρίσιν,
3058 2615 3155 2668 καὶ
3184 2617 3294 2670 οὐκ
3337 2615 3476 2670 ἐστι
3495 2625 3508 2644 ⁸
3549 2613 3715 2685 δηλῶν

2129 2709 2254 2773 τοὺς
2285 2709 2398 2771 τοῖς
2440 2706 2649 2760 ἑαυτῶν
2710 2707 3108 2780 ἁμαρτήμασιν
3141 2707 3592 2778 ἐγχρονίσαντας,
3627 2707 3716 2759 καὶ

2129 2804 2229 2873 τῆς
2261 2801 2642 2871 ἀντιλήψεως
2684 2800 3059 2871 ἁποτυχόντας
3091 2801 3189 2872 τῆς
3220 2800 3397 2864 θείας.
3434 2801 3643 2868 Κρίσιν
3662 2799 3714 2851 δὲ

2127 2896 2298 2966 λέγει,
2334 2895 2456 2950 καθ’
2486 2895 2554 2966 ἢν
2582 2895 2649 2948 τὰ
2673 2894 2906 2966 κρείττω
2942 2893 3148 2957 πάντες
3191 2896 3408 2957 ἑαυτοῖς
3441 2893 3717 2958 ἐπιλέγον-

2127 3006 2240 3042 ται.
2273 2989 2344 3041 Ἢ
2383 2986 2748 3050 ἀπολιπόντες
2796 2983 3100 3050 ἀπώλοντο,
3170 2985 3515 3039 ἐπελθόντων
3541 2985 3714 3047 αὐτοῖς

2128 3081 2239 3134 τῶν
2298 3078 2532 3150 ἐχθρῶν,
2591 3078 2666 3150 μὴ
2709 3078 3033 3149 βοηθοῦντος
3081 3077 3240 3132 Θεοῦ.
3307 3079 3568 3132 Διδάσκει
3613 3077 3716 3146 γὰρ

2128 3178 2327 3243 αὐτοὺς
2357 3179 2424 3233 τὰ
2455 3177 2875 3250 συμὸησόμενα,
2908 3176 3003 3230 καὶ
3034 3177 3152 3241 πῶς
3183 3177 3374 3248 δεήσει
3417 3178 3710 3248 μετανοεῖν,

2125 3269 2286 3335 ὡςᾶν
2313 3270 2564 3339 ἀφέσεως
2601 3269 2836 3339 τύχοιεν.
2885 3269 3042 3322 Ἐπεὶ⁵
3095 3267 3190 3322 καὶ
3236 3267 3412 3322 Asta-.6
3460 3267 3565 3339 πρὸ
3623 3268 3712 3336 τῆς

2125 3363 2419 3434 οἰκοδομῆς
2477 3362 2573 3416 τοῦ
2615 3361 2770 3428 ναοῦ,
2823 3361 3082 3433 προλέγει
3113 3362 3208 3415 καὶ
3241 3361 3342 3432 τὴν
3378 3361 3710 3432 καθαίρεσιν,

2125 3455 2222 3508 καὶ
2241 3455 2340 3526 τὴν
2389 3454 2556 3508 αὑτοῦ
2587 3454 2752 3508 πάλιν
2782 3453 3222 3524 ἀνοικοδόμησιν.
3253 3452 3448 3507 Πάντα
3475 3453 3582 3522 γὰρ
3602 3453 3711 3522 μετ’

2124 3547 2373 3616 ἀλλήλων
2414 3546 2674 3616 γινώσκει
2733 3547 2886 3611 Θεός.
2951 3541 3086 3600 Εἶτα
3119 3545 3219 3610 τῆς
3278 3546 3496 3600 ἑαυτῶν
3524 3547 3582 3600 ἐν
3608 3546 3710 3606 τοῖς

2125 3641 2392 3710 πρακτοῖς
2422 3640 2516 3692 καὶ
2549 3639 2757 3702 λεκτοῖς
2799 3639 2997 3702 κακίας
3030 3640 3542 3710 κατηγορήσαντες,
3583 3639 3710 3691 Ἀπ-

2124 3728 2494 3798 εστήσαμεν,
2541 3730 2725 3796 φασιν,
2761 3729 2956 3784 ὀπίσω
2978 3729 3093 3798 τὴν
3132 3731 3362 3798 κρίσιν,
3397 3729 3473 3793 ὡς
3500 3731 3526 3782 ό
3558 3727 3710 3782 Δαόὶδ

2127 3821 2186 3872 ἐν
2241 3817 2664 3889 τεσσαρακοστῷ
2717 3818 2891 3889 ἐνάτῳ
2961 3819 3136 3890 φησί’
3181 3839 3198 3870 ι
3229 3819 3301 3872 Σὺ
3327 3818 3394 3872 δὲ
3452 3819 3708 3889 ἐμίσησας

2128 3909 2398 3975 παιδείαν,
2423 3911 2515 3962 καί⁷
2548 3909 2805 3977 ἐξέϐαλες
2833 3913 2960 3975 τοὺς
3015 3912 3209 3980 λόγους
3242 3929 3348 3982 μου
3409 3915 3489 3974 είς
3511 3909 3709 3964 τάόπί-

2127 4021 2224 4058 σω.
2255 4023 2274 4058 ι
2314 4003 2470 4068 Τινὲς
2497 4003 2554 4057 δέ
2580 4004 2674 4058 καὶ
2706 4003 2800 4060 τόο
2844 4005 3129 4074 Ἐκύομεν
3148 4005 3710 4075 καὶέμελετήσαμεν

2122 4097 2242 4152 ἀπὸ
2269 4095 2543 4165 καρδίας,
2579 4097 2660 4161 είς
2680 4097 2810 4161 τοὺς
2838 4097 3296 4170 ψευδοπροφήτας
3327 4098 3584 4168 εἰρῆσθαί
3613 4114 3707 4166 φα-

2125 4204 2229 4244 σιν.
2257 4188 2376 4257 Ἐφ’
2404 4181 2562 4243 οίσπε
2571 4205 2602 4258 ρ
2627 4189 2656 4242 ό
2682 4187 2815 4252 Θεὸς
2848 4189 3236 4260 ἀγανακτήσας
3265 4190 3443 4260 ὀργὴν
3471 4190 3706 4259 ἐπήγαγε

2122 4279 2245 4335 κατ’
2275 4279 2477 4346 αὐτῶν,
2524 4281 2680 4335 ἐλέει
2711 4281 2918 4351 ταύτην
2975 4281 3234 4353 κεράσας.
3267 4283 3428 4336 Πᾶσα
3459 4282 3568 4354 γὰρ
3597 4298 3707 4334 παι-

2120 4372 2239 4428 δεία
2294 4371 2431 4426 Θεοῦ
2498 4374 2808 4445 ἐπωφελής.
2840 4373 2958 4442 Ἐφ’
2986 4368 3089 4438 οἷς,
3142 4375 3296 4446 φησὶ,
3333 4374 3427 4430 τὸν
3455 4374 3585 4428 Θεὸν
3614 4371 3704 4441 τὴν

416 4465 512 4508 tuo
536 4467 684 4508 nono
712 4469 780 4516 :._¢
814 4456 896 4512 Tu
920 4472 1048 4514 vero
1073 4457 1240 4514 odisti
1268 4459 1646 4532 disciplinam,
1675 4469 1730 4518 et
1759 4464 2011 4536 abjecisti

2127 4463 2184 4518 ἐκ
2211 4463 2312 4535 τῆς
2343 4463 2636 4536 μετανοίας
2686 4463 3224 4536 πραγματευομένην
3278 4465 3576 4537 σωτηρίαν,
3599 4463 3704 4525 τοῖς

418 4557 705 4602 sermones
767 4563 922 4604 meos
952 4557 1259 4608 retrorsum
1284 4550 1330 4584 ⁸⁸
1355 4591 1372 4608 .
1417 4571 1438 4606 ι
1494 4553 1754 4612 Nonnulli
1797 4573 1927 4615 vero
1960 4568 2016 4616 ct

417 4635 597 4692 illud:
632 4637 1001 4710 Concepimus,
1054 4651 1105 4696 et
1164 4643 1414 4698 meditati
1435 4660 1622 4700 sumus
1649 4646 1714 4702 de
1743 4649 1922 4718 corde,
1957 4650 2014 4706 in

416 4724 596 4783 malos
657 4730 957 4798 prophetas
1000 4730 1259 4802 usurpari
1312 4731 1686 4802 arbitrantur;
1739 4737 1809 4790 ob
1851 4738 2016 4808 idque

419 4813 769 4888 indignatum
841 4817 1013 4875 Deum
1054 4821 1191 4876 iram
1249 4822 1304 4878 in
1364 4824 1588 4882 eosdem
1646 4821 2016 4888 misericordia

420 4907 781 4972 temperatam
842 4906 1153 4966 induxisse.
1187 4907 1307 4966 Non
1366 4914 1514 4969 enim
1545 4915 1784 4972 utilitate
1816 4932 2011 4974 carere

419 4993 724 5057 quamlibet
787 4995 886 5052 Dei
945 5002 1376 5072 correptionem.
1457 4999 1746 5076 Signiﬁcat
1809 5007 2010 5068 deinde

420 5080 594 5173 Deum
622 5086 880 5154 salutem,
913 5107 1036 5160 qua:
1085 5093 1405 5164 pmnitentia
1455 5107 1702 5167 paratur,
1740 5098 1830 5168 iis,
1868 5118 2010 5173 quos

2120 4557 2560 4629 τιμωρουμένοις
2589 4555 2946 4621 οἰκειοῦσθαι,
2969 4555 3339 4627 ἐνδυόμενον
3378 4555 3558 4610 αὐτῶν
3611 4553 3703 4625 τὴν

2121 4646 2546 4717 δικαιοσύνην,
2579 4647 2674 4702 καὶ
2698 4647 2797 4710 τὰς
2817 4647 3240 4718 δικαιοπραγίας
3267 4644 3475 4716 ὥσπερ
3525 4647 3700 4712 θωραο

2121 4739 2451 4812 κιζόμενον,
2471 4737 2971 4812 παραμυθούμενος
2991 4737 3065 4804 ὡς
3080 4737 3419 4806 δυναμένους
3435 4735 3653 4791 ἕνὸννα
3673 4742 3699 4783 (ι

2123 4833 2381 4905 γενέσθαι
2445 4832 2584 4886 Θεοῦ
2616 4832 2684 4885 δι’
2733 4833 2881 4904 ἡμᾶς
2923 4825 3036 4885 οἷον
3095 4829 3551 4902 ὁπλοφοροῦντος,
3605 4827 3698 4895 τὴν

2132 4926 2411 4998 ἡμετέραν
2439 4923 2653 4992 διορθου
2663 4923 2825 4994 μένου
2853 4922 3084 4990 δειλίαν,
3112 4923 3182 4978 δι’
3201 4923 3270 4995 ἢν
3299 4923 3396 4976 καὶ
3421 4922 3499 4992 τῷ
3529 4917 3695 4982 Γιεζεὶ

2119 5016 2416 5088 ὁπλοφόροι
2447 5017 2757 5088 πειρήνασιν
2790 5016 3036 5085 ἄγγελοι,
3064 5013 3210 5070 οὓτω
3245 5013 3387 5069 κατὰ
3419 5012 3578 5082 φύσιν
3602 5008 3695 5063 οὐκ

2119 5107 2355 5179 ἔχοντες.

424 5172 734 5271 ulciscitur,
757 5181 1074 5248 conciliare,
1107 5197 1230 5238 cum
1259 5201 1452 5242 eorum
1477 5187 1750 5259 justitiam
1771 5201 1828 5248 et
1858 5172 2007 5254 recte
2045 5172 2215 5268 facta,
2253 5209 2506 5271 tanquam
2567 5200 2818 5265 loricam,
2875 5198 3107 5262 induat;
3144 5197 3218 5251 ita
3252 5211 3352 5252 nos
3403 5192 3684 5250 consolans

420 5280 487 5318 ac
508 5267 553 5321 si
577 5266 668 5323 Dei
703 5272 1070 5330 vestimentum
1137 5279 1240 5350 ipsi
1287 5281 1402 5336 fieri
1455 5284 1753 5355 valeamus,
1789 5303 2013 5363 propter
2052 5312 2154 5356 nos
2180 5313 2332 5352 arma
2363 5298 2628 5369 gerentis,
2672 5305 2733 5352 ut
2777 5296 3122 5352 timiditatem
3187 5301 3427 5350 nostram
3494 5289 3688 5358 erigat,

421 5369 646 5432 propter
696 5378 862 5434 quam
894 5374 950 5420 et
1004 5367 1153 5424 Giezi
1210 5374 1409 5427 armati
1461 5376 1565 5432 visi
1620 5389 1746 5435 sunt
1809 5387 2010 5454 angeli,
2051 5404 2179 5444 cum
2201 5388 2253 5444 id
2289 5367 2479 5445 eorum
2519 5397 2715 5444 natura
2747 5402 2856 5444 non
2889 5394 3167 5458 pateretur
3198 5385 3269 5439 ⁸⁸.

492 5502 541 5535 ⁸⁸
563 5501 668 5559 Job
729 5505 897 5572 x,19.
977 5508 1191 5564 "Psal.
1233 5528 1381 5579 xm,
1428 5515 1510 5569 l7.
1588 5520 1632 5551 ⁸⁸
1665 5519 1724 5573 ιν
1761 5519 1891 5592 lieg.
1931 5539 2006 5589 τι,
2057 5524 2144 5580 l7.

1721 5659 1953 5718 VARle
1993 5633 2411 5723 LECTIONES.’

494 5767 590 5813 Β’σι’
623 5777 707 5831 no.
741 5765 855 5822 καί.
932 5775 958 5818 ει
985 5764 1214 5839 ἔνδυμα.
