3978 6430
532 237 677 304 τωο

1867 234 2215 297 PROCOPII
2264 235 2508 295 GAZJZI

3636 238 3760 303 2520

536 350 750 409 ratione
782 344 1071 415 adjicicns,
1103 344 1241 403 istos
1277 344 1497 417 quidem
1530 345 1586 401 in
1637 346 1817 418 ignem
1873 347 2114 404 abituros

2228 348 2336 400 τῶν
2372 346 2429 400 δὲ
2459 344 2919 416 ἀνακαλουμένων
2966 346 3047 410 si;
3087 343 3176 399 τὸν
3204 344 3323 400 νέον
3367 346 3547 415 αἰῶνα,
3580 349 3691 403 καθ’
3715 353 3763 404 ὂν

440 488 449 500 .
516 428 699 510 iussa;
739 441 865 497 illos
894 448 1077 513 autem
1100 441 1157 497 in
1187 455 1386 495 novum
1406 440 1669 496 saeculum
1701 449 2020 496 revocatum
2056 441 2122 496 iri

434 534 444 543 ’
535 534 836 606 signiﬁcat,
867 532 922 587 in
953 546 1063 604 quo
1095 531 1247 586 nulla
1281 529 1466 586 futura
1496 530 1607 591 sint
1640 545 1904 601 corporea
1959 530 2123 586 lumi-

535 631 693 686 naria
723 648 739 685 :
776 629 1000 685 Christo
1028 627 1286 699 ipso,qui
1320 624 1416 681 Sol
1444 634 1530 683 est
1579 625 1812 697 iustitiae
1838 626 1902 691 "t,
1953 625 2125 681 lucem

535 720 755 779 abunde
784 726 1082 792 praestante
1107 728 1157 775 et
1179 726 1536 789 suggerente:
1568 732 1678 790 quo
1697 727 1941 789 tempore
1957 718 2124 772 uimi-

532 829 656 870 rum
678 855 694 882 ,
723 813 885 884 juxta
909 810 1277 868 sacratissimi
1335 809 1493 866 Pauli
1537 810 1901 867 sententiam:
1938 828 1957 862 ι
2017 809 2123 877 Qui

535 905 740 961 mortui
766 913 898 961 sunt
930 903 987 959 in
1020 902 1266 967 Christo,
1301 901 1465 971 primi
1498 910 1822 974 resurgant:
1880 902 1974 973 qui
2020 915 2122 956 au-

531 1005 643 1052 tem
678 996 881 1063 relicti,
906 996 964 1052 in
994 995 1237 1052 nubibus
1268 1009 1395 1050 cum
1415 994 1638 1052 Christo
1671 1002 1969 1050 occurrent
1991 994 2058 1047 ".
2096 1011 2119 1048 ι

535 1086 703 1142 Tales
734 1087 903 1158 igitur
953 1096 1068 1142 tum
1128 1085 1467 1158 compellans
1515 1086 1838 1142 inclamabit
1899 1086 2118 1141 oratio:

532 1171 876 1239 Illuminare,
902 1172 1225 1241 Jerusalem,
1261 1174 1365 1241 vel,
1402 1183 1463 1229 ut
1492 1175 1707 1231 exteris
1754 1175 1932 1247 placet
1967 1192 1981 1229 :
2022 1172 2124 1228 Ex-

522 1280 708 1334 surge,
743 1264 1067 1320 illuminare.
1094 1261 1164 1319 Et
1188 1264 1389 1331 vide,si
1416 1281 1527 1321 non
1556 1274 1743 1337 aperte
1777 1269 1899 1336 ipso
1931 1281 2122 1321 exsur-

521 1355 690 1425 gendi
721 1356 914 1423 verbo,
942 1363 1288 1411 mortuorum
1325 1358 1786 1414 resurrectionem
1834 1356 2121 1422 indicarit,

520 1461 696 1516 quam
729 1447 899 1502 radiis
917 1447 1036 1504 suis
1082 1447 1178 1502 luo:
1223 1448 1344 1518 ipsa
1400 1455 1650 1507 mortuos
1683 1462 1941 1504 recreans
1979 1462 2122 1519 prte-

529 1538 716 1593 bitura
774 1548 891 1605 est;
963 1538 1059 1609 qui
1108 1548 1396 1609 postquam
1452 1540 1676 1597 excitati
1732 1539 1961 1605 fuerint,
2003 1539 2123 1610 ejus

522 1628 761 1701 gloriam
788 1628 1040 1684 intuituri
1092 1630 1227 1685 sint.
1281 1628 1402 1696 Quo
1436 1629 1641 1685 factum
1672 1638 1779 1699 est,
1831 1638 1890 1686 ut
1937 1633 2120 1687 statim

2226 439 2327 492 οῦκ
2348 436 2571 512 ,ἔσονται
2596 434 2915 506 φωστῆρες
2947 434 3276 506 σωματικοῖ,
3307 436 3536 507 Χριστοῦ
3566 438 3651 492 τοῦ
3683 443 3767 509 τῆς

2225 527 2572 597 δικαιοσύνης
2592 527 2770 582 Ἡλίου
2797 526 2932 598 πρὸς
2950 526 3261 596 φωτισμὸν
3277 525 3650 597 ὲπιρκοῦντοςο
3674 531 3769 595 ὅτε,

2227 619 2372 675 κοιτά
2401 619 2492 673 τὸν
2522 621 2814 691 ἱερώτατον
2848 618 3087 685 Παῦλον,
3118 636 3137 670 ι
3165 618 3231 671 Ol.
3271 619 3451 688 νεκροὶ
3478 619 3534 671 ὲν
3573 620 3773 691 Χριστῷ

2226 712 2623 784 ἀναστήσονται
2651 710 2879 784 πρῶτοι,
2907 711 2957 764 οἱ
2995 710 3053 764 δὲ
3084 709 3521 780 περιλειπόμενοι
3557 712 3611 763 ἐν
3635 713 3778 780 verpe-

2225 804 2348 868 λαις
2397 802 2747 867 ἀπαντῶντες
2795 803 3011 857 ἔσονται
3062 802 3162 855 σὺν
3205 800 3442 872 Χριστῷ.
3480 821 3499 853 ι
3531 801 3666 865 Τοῖς.
3695 800 3779 857 οὖν

2225 895 2488 959 τοιούτοις
2523 895 2648 949 τότε
2695 894 3039 965 προσφωνῶν
3069 896 3097 949 ὁ
3121 893 3281 963 λόγος
3330 894 3476 963 ἐρεῖ·
3512 892 3773 957 Φωτίζου,

2237 972 2629 1055 Ἰερουσαλήμ
2649 999 2661 1014 ⁸
2709 985 2743 1057 ἢ
2800 985 2941 1038 κατὰ
2981 987 3108 1048 τοὺς
3154 981 3346 1048 ἄλλους
3370 1000 3383 1015 ο
3459 982 3779 1052 Ἀνάστηθι,

2225 1079 2573 1149 φωτίσθητι.
2600 1079 2710 1132 Καὶ
2738 1080 2838 1149 ὅρα
2866 1080 2914 1130 εἰ
2945 1077 3018 1148 μὴ
3045 1076 3230 1145 σαφῶς
3254 1076 3342 1130 διὰ
3367 1074 3460 1128 τοῦ
3484 1075 3779 1143 ἀνάστηθι,

2224 1171 2324 1241 τὴν
2346 1172 2411 1224 ἐκ
2439 1169 2651 1240 νεκρῶν
2681 1170 2979 1223 ἀνάστασιν
3003 1166 3226 1233 ἔδειξεν,
3249 1168 3316 1239 ἢν
3346 1170 3560 1238 ποιήσει
3589 1166 3648 1220 τὺ
3674 1167 3784 1236 φῶς

2226 1263 2443 1317 ἀκτῖσιν
2498 1263 2656 1325 ἰδίαις
2712 1260 3110 1333 ἀναζωπυροῦν
3136 1262 3262 1325 τοὺς
3307 1261 3554 1330 νεκροὺς.
3602 1260 3650 1313 οἳ
3702 1262 3783 1313 καὶ

2225 1351 2556 1414 ἀναστάντες
2604 1350 2830 1419 ὄψονται
2857 1350 2976 1418 τὴν
3007 1348 3196 1415 δόξαν
3221 1351 3408 1404 αὑτοῦ.
3456 1349 3545 1403 Διὸ
3581 1347 3672 1402 νῦν
3700 1351 3785 1402 ἐπ-

2225 1443 2371 1512 άγει·
2408 1443 2517 1497 Kal
2546 1442 2582 1510 ἠ
2618 1441 2769 1519 δόξα
2813 1440 3035 1511 Κυρίου
3073 1440 3170 1495 ἐπὶ
3230 1440 3306 1494 σὲ
3353 1439 3782 1495 ἀνατέταλκεν⁸

2223 1533 2424 1606 δηλαδὴ
2457 1534 2556 1605 τὴν
2579 1533 2707 1588 νέαν
2740 1532 2837 1587 τοῦ
2862 1532 2997 1586 Θεοῦ
3038 1534 3214 1598 πόλιν,
3255 1533 3323 1603 ἦν
3362 1531 3593 1603 φωτίζει
3633 1533 3784 1603 μόνην

2224 1627 2478 1699 Χριστός.
2540 1627 2666 1690 Τοῖς
2719 1624 2828 1697 γὰρ
2875 1626 3096 1680 ἀσεϐέσι
3149 1628 3368 1691 σκότος
3422 1625 3785 1688 ἀπόκειται,δ

521 1719 760 1787 gloriam
790 1718 1007 1774 Domini
1036 1721 1091 1774 in
1118 1736 1234 1775 eam
1268 1722 1578 1790 apparuisse
1602 1721 1889 1792 adjiceret,
1916 1736 2114 1777 novam

2220 1718 2398 1790 ,δηλῶν
2425 1714 2589 1787 φησιν
2614 1734 2628 1749 ·
2674 1717 2831 1772 Ἰδοὺ
2847 1717 3069 1783 σκότος
3106 1718 3362 1786 καλύψει
3397 1717 3513 1784 τὴν
3534 1714 3667 1785 γῆν.
3698 1716 3784 1770 καὶ

533 1810 630 1866 Dei
663 1811 959 1875 civitatem,
1000 1826 1123 1882 qua
1160 1812 1277 1867 sola
1307 1827 1404 1883 per
1439 1806 1717 1868 Christum
1753 1811 2116 1879 illuminatur,

534 1899 865 1968 intelligens.
891 1900 1077 1970 lmpiis
1101 1901 1248 1957 enim
1287 1901 1659 1957 reconduntur
1681 1902 1909 1958 tenebra:
1927 1917 1947 1957 :
1971 1902 2118 1973 quod

532 1999 595 2044 ut
633 1990 986 2062 signiﬁcaret,
1028 1990 1097 2047 iis
1130 1991 1264 2062 ipsis
1295 2002 1489 2046 terram
1522 1992 1740 2064 quidem
1775 2002 2008 2061 opertam
2034 1997 2117 2064 [o-

531 2096 609 2144 re,
639 2089 689 2134 et
720 2089 897 2151 gentes
957 2081 1186 2157 caligine
1222 2082 1362 2137 dixit
1391 2099 1407 2138 :
1449 2083 1544 2139 sed
1591 2084 1647 2138 in
1673 2081 1998 2151 Jerusalem,
2031 2100 2118 2141 se-

530 2171 770 2227 cundum
818 2173 977 2238 alios,
1037 2176 1370 2229 exoriturum
1427 2191 1541 2230 esse
1596 2176 1898 2234 Dominum.
1955 2179 2121 2235 Decet

519 2263 674 2316 enim
706 2262 923 2318 luminis
955 2272 1078 2320 ortu
1115 2279 1210 2321 eos
1240 2268 1479 2334 primum
1512 2267 1797 2335 illustrari,
1831 2269 1923 2339 qui
1981 2267 2119 2323 Uni-

525 2350 770 2421 genitum
804 2351 895 2407 Dei
925 2352 1106 2410 Patris
1164 2355 1397 2426 gloriam
1428 2368 1831 2427 nuncupatum,
1867 2367 2117 2414 contem-

527 2442 727 2512 platuri
751 2438 918 2516 683
944 2454 1113 2501 sunt:
1140 2460 1266 2501 cum
1316 2448 1372 2502 in
1405 2448 1546 2518 ipso,
1580 2460 1634 2504 et
1666 2465 1763 2519 per
1795 2451 1997 2522 ipsum,
2063 2459 2118 2507 et

518 2549 655 2589 eum
691 2534 812 2605 ipso
853 2538 1209 2609 gloritlcetur.
1248 2540 1386 2596 Cum
1418 2542 1565 2596 enim
1598 2540 1796 2598 Filium
1844 2542 2117 2608 videmus,

2224 1811 2448 1881 γνόφος
2486 1809 2583 1863 ἐπ’
2625 1808 2793 1878 ἔθνη.
2854 1807 2984 1863 Ἐπὶ
3017 1807 3086 1861 δὲ
3113 1809 3188 1863 σὲ
3236 1807 3523 1863 (iraa-usi
3571 1809 3785 1876 Κύριος,

2224 1903 2366 1956 κατὰ
2392 1903 2516 1964 τοὺς
2540 1899 2778 1964 λοιπούς.
2812 1900 2903 1953 Δεῖ
2936 1899 3047 1971 γὰρ
3074 1899 3291 1971 πρῶτον
3316 1898 3511 1968 φωτὸς
3539 1899 3785 1969 ἀνατολῆς

2223 1997 2337 2055 τοῖς
2367 1993 2621 2064 μέλλουσι
2657 1992 2884 2062 Θεωροῖς
2909 1991 3163 2060 γενέσθαι
3192 1992 3293 2061 τῆς
3341 1990 3438 2042 τοῦ
3468 1989 3785 2055 Μονογενοῦς

2222 2087 2319 2139 τοῦ
2350 2084 2482 2139 Θεοῦ
2515 2081 2722 2151 δόξης,
2756 2084 2820 2147 ὃς
2850 2083 2976 2148 δόξα
3025 2083 3243 2151 λέγεται
3272 2082 3367 2137 τοῦ
3414 2080 3670 2153 Πατέρος.
3711 2083 3785 2135 Ἐν

2222 2174 2371 2247 αὐτῷ
2408 2178 2540 2247 γὰρ,
2589 2176 2683 2228 καὶ
2711 2175 2782 2229 διε
2808 2174 2994 2239 αὑτοῦ,
3045 2175 3140 2228 καὶ
3171 2176 3267 2229 σὺν
3315 2173 3471 2246 αὐτῷ
3501 2173 3784 2239 δοξάζεται.

2234 2269 2501 2339 Ὀρῶντες
2550 2269 2658 2341 γὰρ
2689 2268 2781 2322 τὸν
2822 2268 2970 2335 Υξὸν,
3002 2267 3220 2340 ὁρῶμεν
3250 2268 3349 2335 τὴν
3384 2267 3783 2339 μεγαλειότητα,

2221 2365 2322 2418 καὶ
2352 2360 2542 2426 δόξαν
2579 2360 2673 2443 τοῦ
2722 2361 2984 2431 Πατέρος,
3035 2361 3093 2423 ὃς
3126 2361 3193 2428 γέ
3230 2377 3365 2429 φησι
3389 2376 3403 2390 ⁸
3445 2376 3463 2413 t
3491 2362 3687 2431 Πάτερ,
3715 2360 3787 2411 δό-

2224 2451 2387 2518 ξασόν
2437 2470 2529 2506 σου
2575 2453 2665 2506 τὸν
2699 2453 2851 2519 Τὶδν,
2890 2453 2980 2505 ἵνα
3034 2455 3130 2507 καὶ
3176 2455 3204 2507 ὁ
3252 2447 3383 2516 Υἱός
3443 2464 3538 2504 σου
3599 2449 3778 2521 δοξάσῃ

2225 2561 2302 2598 σε.
2326 2564 2345 2598 ι

525 2625 708 2685 Patris
735 2628 1077 2700 majestatem
1105 2640 1156 2687 et
1189 2630 1417 2704 gloriam
1454 2632 1757 2703 intuemur,
1805 2636 1899 2707 qui
1939 2635 2108 2691 dixit:
2157 2654 2177 2688 ι
2221 2634 2399 2703 Pater,
2433 2635 2677 2708 gloriﬁca
2723 2636 2916 2691 Filium
2945 2645 3124 2702 tuum,
3153 2647 3212 2690 ut
3238 2646 3294 2692 et
3326 2633 3505 2692 Filius
3544 2641 3664 2689 tuus
3684 2633 3789 2706 glo-

525 2724 704 2782 rilicet
736 2736 789 2783 te
817 2727 881 2782 ".
920 2745 940 2780 ι

599 2819 804 2890 Verum
826 2822 969 2892 quod
1003 2822 1168 2878 habet
1203 2822 1418 2881 Isaias:
1457 2823 1591 2880 Ecce
1617 2825 1845 2882 tcnebrw
1871 2828 2114 2898 operient,

521 2924 746 2981 terram,
772 2923 821 2969 et
851 2915 1023 2986 caligo
1061 2932 1217 2985 super
1257 2928 1456 2988 gentes,
1508 2927 1557 2973 et
1601 2918 1778 2990 gloria
1810 2918 2028 2975 Domini
2057 2920 2113 2974 in

525 3016 577 3061 te
638 3006 949 3074 videbitur;
1014 3007 1083 3062 ad
1140 3009 1383 3079 primum
1438 3009 1744 3069 adventum
1806 3013 2184 3100 referentcsc

524 3098 803 3164 nonnulli,
834 3112 943 3152 non
976 3106 1237 3170 tanquam
1270 3100 1494 3156 Christo
1526 3101 1688 3156 terris
1716 3101 1997 3162 illucente.
2039 3110 2112 3156 te-

523 3188 702 3244 nebrat
723 3197 906 3259 gentes
930 3200 1198 3259 opertum
1238 3190 1370 3257 sint,
1413 3207 1556 3262 quas
1598 3208 1724 3248 esse
1772 3191 2112 3249 illuminatas

518 3287 769 3343 constat,
810 3280 922 3336 dici
972 3283 1366 3340 arbitrantur:
1403 3284 1500 3340 sed
1546 3285 1695 3355 quod
1732 3285 1821 3340 hic
1862 3285 2113 3342 futurum

523 3372 746 3438 dicitur,
767 3389 894 3430 esse
934 3374 1047 3443 jam
1079 3374 1421 3446 signiﬁcari;
1457 3375 1511 3431 id
1558 3387 1665 3440 est,
1717 3378 1941 3445 operire.
1994 3376 2115 3445 Quo

516 3460 672 3535 enim
710 3471 957 3533 tempore
1019 3464 1295 3521 Israelitis
1329 3465 1566 3536 primum
1612 3468 1796 3523 illuxit
1837 3468 2113 3537 Christus,

524 3552 752 3627 tenebris
785 3554 965 3608 adhuc
989 3564 1168 3625 gentes
1195 3554 1663 3625 oll'undebantur;
1696 3575 1821 3614 cum
1865 3561 2113 3616 nondum

516 3644 592 3707 ad
615 3660 713 3701 eos
736 3646 913 3717 gratia
936 3647 1297 3717 pervenisset,
1324 3649 1420 3705 sed
1444 3664 1601 3706 suam
1626 3653 1739 3722 ipse
1763 3650 1970 3711 ludatis
1992 3653 2115 3725 glo-

520 3739 662 3807 riam
687 3738 978 3807 patrandis
1005 3741 1297 3796 miraculis
1331 3741 1765 3799 demonstraret.
1805 3744 1946 3801 Sunt
1973 3761 2114 3816 prm-

520 3839 673 3885 terea
704 3831 984 3895 nonnulli,
1043 3831 1138 3901 qui
1186 3834 1331 3904 quod
1384 3831 1454 3886 Et
1498 3834 1671 3905 caligo
1728 3852 1887 3905 super
1934 3848 2112 3908 gentes

518 3921 694 3980 Isaias
717 3922 878 3989 dixit,
917 3924 985 3979 ad
1019 3933 1263 3995 tempora
1293 3925 1559 3994 referant,
1587 3928 1791 3998 quibus
1817 3929 1970 3999 iusta
1996 3931 2112 4001 pati

508 4015 713 4083 .lmstes
740 4017 994 4086 contigit.
1030 4016 1394 4073 Ambulabunt
1444 4034 1574 4076 vero
1605 4004 1773 4092 reges,
1807 4022 1905 4092 ait,
1942 4023 1997 4077 in
2026 4024 2114 4077 lu-

514 4107 661 4161 mine
691 4116 802 4175 tuo,
848 4119 897 4163 et
929 4120 1106 4181 gentes
1129 4112 1188 4165 in
1220 4110 1500 4182 splendore
1563 4122 1651 4167 tuo
1697 4130 1716 4169 :
1780 4126 1840 4170 ut
1877 4117 2112 4187 gentium

521 4201 871 4259 vocationem
902 4218 935 4257 ει
964 4200 1283 4259 Iudaeorum
1314 4203 1703 4264 incredulitate
1725 4213 1779 4261 et
1805 4208 2110 4279 pertinacia

501 4292 824 4363 profectam
849 4308 976 4350 esse
993 4295 1335 4351 ostenderet.
1358 4295 1780 4370 Intelligendum
1812 4308 1899 4356 est
1923 4310 2105 4357 autem

2287 2825 2362 2879 Τὸ
2387 2823 2467 2878 δέ·
2514 2822 2673 2879 ’ἰδοὺ
2705 2823 2927 2891 σκότος
2947 2824 3045 2879 καὶ
3080 2825 3302 2894 γνόφος
3340 2825 3601 2894 καλύψει
3632 2823 3739 2894 γῆν
3765 2835 3784 2862 ⁴

2214 2914 2310 2970 ἐπ’
2335 2915 2482 2983 ἔθνη
2504 2930 2517 2944 ο
2545 2912 2646 2967 ἐπὶ
2683 2912 2751 2967 δὲ
2797 2914 2873 2967 σὲ
2904 2913 3244 2984 φανήσεται
3278 2915 3499 2982 Κύριος
3523 2933 3537 2945 ·
3580 2915 3667 2967 ἐπὶ
3700 2914 3785 2982 τῆς

2219 3004 2443 3078 πρώτης
2473 3004 2799 3067 ὲκλαϐὄντες
2834 3007 3137 3076 παρουσίας
3159 3006 3323 3071 τινὲς,
3353 3008 3457 3077 οὐχ
3482 3007 3557 3070 ὡς
3587 3006 3782 3076 μελλόν-

2214 3118 2324 3155 των
2356 3100 2493 3170 φασὶ
2533 3099 2655 3154 τῶν
2691 3099 2883 3154 ἐθνῶν
2929 3099 3480 3171 σκοτισθήσεσθαι,
3510 3099 3586 3171 τῷ
3616 3100 3787 3168 κόσμῳ

2214 3192 2525 3263 λάμψαντος
2578 3190 2675 3246 τοῦ
2726 3190 2985 3261 Χριστοῦ.
3030 3190 3408 3261 Πεφώτισται
3438 3191 3568 3263 γάρ.
3607 3189 3732 3244 Ἀλλ’
3757 3188 3784 3242 δ

2219 3286 2429 3357 μέλλων
2465 3280 2701 3339 ενταῦθα
2749 3286 2940 3356 χρόνος
2984 3284 3075 3338 τὸν
3103 3284 3416 3339 ἐνεστῶτα
3452 3284 3620 3356 δηλοῖ,
3656 3281 3784 3336 τοῦτ’

2217 3378 2333 3432 ἔστι
2364 3377 2650 3432 καλύπτει.
2685 3376 2921 3448 Χριστοῦ
2951 3376 3063 3448 γὰρ
3089 3374 3327 3447 πρώτοις
3358 3379 3475 3439 τοῖς
3500 3377 3560 3441 ἐξ
3589 3373 3779 3444 Ἰσραὴλ

2217 3466 2646 3538 ἐπιλάμψαντος,
2679 3466 2761 3520 ἔτι
2791 3466 2865 3520 τὰ
2895 3467 3040 3533 ἔθνη
3074 3467 3274 3533 σκότῳ
3302 3466 3637 3536 κεκράτητο,
3667 3464 3778 3532 πρὶν

2216 3552 2304 3612 ἐπ’
2331 3558 2471 3613 αὐτὰ
2513 3559 2845 3630 μεταστῆναι
2870 3558 2969 3628 τὴν
2996 3559 3176 3629 χάριν.
3210 3557 3346 3611 Τότε
3377 3559 3489 3627 γὰρ
3531 3555 3779 3618 Ἰουδαίοις

2213 3650 2314 3723 τὴν
2344 3651 2553 3706 οἰκείαν
2580 3651 3016 3723 θαυματουργῶν
3037 3649 3389 3705 ὲπεδείκνυτο
3411 3651 3619 3715 δόξαν.
3643 3648 3781 3711 Τινὲς

2213 3746 2273 3799 δὲ
2307 3746 2391 3809 τὸ,
2428 3748 2654 3817 γνόφος
2699 3745 2794 3799 ἐπ’
2829 3744 2997 3813 ἔθνη,
3025 3746 3218 3813 ,φασιν
3269 3745 3361 3797 ὅτε
3407 3746 3698 3813 πάσχουσιν
3738 3741 3779 3793 oi

2214 3838 2402 3910 ἐχθροὶ
2427 3838 2497 3891 τὰ
2519 3838 2725 3893 δίκαια.
2772 3839 3181 3905 Πορεύσονται
3210 3836 3287 3900 δὲ,
3322 3835 3485 3908 φησι,
3518 3831 3778 3901 ,βασιλεῖς

2214 3929 2294 3997 τῷ
2315 3932 2466 4001 φωτί
2492 3947 2635 3996 σου,
2673 3930 2773 3984 καὶ
2810 3929 2956 3996 ἔθνη
2985 3927 3061 3997 τῇ
3109 3929 3495 3996 λαμπρότητι
3534 3943 3667 3991 σου,
3696 3923 3777 3993 τὴν

2214 4020 2412 4091 κλῆσιν
2439 4020 2616 4091 δηλῶν
2649 4019 2771 4073 τῶν
2805 4017 2998 4072 ἐθνῶν
3020 4021 3085 4072 ὲκ
3115 4020 3214 4088 τῆς
3245 4017 3479 4071 ἐκείνων
3520 4015 3775 4076 ἀπειθείας

2214 4115 2611 4185 γεγενημένην.
2634 4111 2740 4165 Δύο
2765 4111 2822 4165 δὲ
2847 4114 3115 4182 νοήσομεν
3140 4108 3403 4181 τάγματα
3435 4108 3771 4179 σωζομένων·

2214 4205 2323 4260 τῶν
2351 4221 2411 4258 τε
2468 4205 2601 4275 παρ’
2644 4202 2943 4270 Ἰουδαίοιςς
2970 4198 3272 4272 θεοφιλῶν,
3317 4200 3370 4256 οἳ
3428 4201 3520 4256 διὰ
3568 4200 3774 4259 πίστεως

2213 4295 2595 4358 τελειωθέντες
2631 4292 2735 4349 οὐκ
2781 4288 3113 4363 ἐκομίσαντο
3157 4291 3258 4356 τὰς
3312 4291 3667 4362 ἐπαγγελίας,
3692 4287 3769 4341 τοῦ

511 4384 633 4438 duo
660 4399 876 4452 eorum,
912 4386 1005 4456 qui
1046 4386 1363 4452 salvantur,
1406 4403 1608 4459 genera
1658 4390 1911 4459 reperiri.
1950 4393 2105 4449 Alte-

2219 4389 2351 4444 Θεοῦ
2380 4388 2627 4460 κρεῖττόν
2656 4406 2706 4440 τι
2735 4404 2799 4441 πε
2811 4389 2862 4456 ρὶ
2895 4388 2928 4455 ἡ
2939 4382 3052 4457 μῶν
3096 4371 3572 4456 προϐλεψαμένου,
3606 4384 3684 4436 ἵνα
3711 4378 3772 4450 μὴ

520 4492 643 4532 rum
673 4476 895 4549 quidem
931 4477 1147 4549 piorum
1193 4480 1340 4551 apud
1391 4478 1613 4538 Judmos
1668 4480 1879 4555 Deique
1912 4499 2110 4541 aman-

513 4567 697 4634 tium;
758 4564 856 4637 qui
922 4566 1028 4623 lide
1102 4567 1358 4638 perfecti,
1412 4572 1822 4641 promissiones
1884 4575 2112 4635 minime

512 4657 703 4730 adepti
721 4666 852 4714 sunt
877 4675 892 4726 ;
915 4675 1039 4715 cum
1066 4659 1214 4717 Deus
1236 4664 1597 4733 prastantius
1618 4665 1825 4737 aliquid
1853 4667 1921 4723 de
1943 4671 2102 4726 nobis

518 4750 868 4823 praevideret,
901 4760 962 4808 ut
982 4752 1104 4811 sine
1124 4755 1285 4811 nobis
1308 4755 1534 4812 minime
1550 4770 2103 4816 consummarentur.

513 4840 622 4908 Qui
657 4843 784 4900 item
809 4844 867 4900 in
896 4845 1092 4902 mortis
1123 4847 1438 4918 regionibus
1489 4849 1847 4917 immorantes
1907 4852 2115 4909 Christi

522 4936 818 4992 adventum
876 4949 1292 5010 esspectarunt.
1362 4942 1623 5013 Ideoque,
1670 4960 1797 4999 cum
1852 4946 1921 5001 ad
1984 4962 2110 5001 eum

521 5028 762 5085 misisset
791 5030 1038 5093 Joannes
1062 5036 1336 5104 quaesivit,
1374 5037 1539 5093 illene
1569 5046 1737 5103 esset,
1808 5040 1902 5109 qui
1957 5042 2111 5095 veni-

520 5127 630 5186 ret,
657 5135 731 5175 an
776 5123 943 5178 alium
974 5125 1200 5184 deceret
1238 5138 1567 5202 exspectare
1598 5132 1660 5186 ".
1711 5131 1815 5199 Qui
1866 5132 2109 5203 denique

484 5211 591 5273 41c.
628 5210 835 5269 Christi
864 5216 930 5270 ad
964 5232 1023 5273 se
1054 5219 1292 5275 adventu
1324 5223 1586 5278 commoti
1624 5241 1637 5277 :
1682 5223 1922 5295 Exsurge
1953 5225 2104 5281 istud

519 5309 581 5358 et
605 5303 933 5371 iduminare,
962 5311 1085 5378 quin
1124 5313 1262 5367 uenit
1297 5314 1473 5368 lumen
1508 5324 1680 5383 tuum,
1714 5316 1767 5370 id
1797 5328 1903 5384 est,
1947 5317 2096 5388 quod

2211 4480 2386 4552 χωρὶς
2419 4478 2577 4550 ἡμῶν
2609 4477 2968 4530 τελειωθῶσιν
2993 4492 3006 4507 ο
3041 4474 3091 4528 οἳ
3130 4477 3225 4529 καὶ
3274 4477 3389 4539 τοίς
3423 4474 3516 4528 τοῦ
3566 4473 3770 4525 θανάτου

2176 4573 2432 4645 -χωρίοις
2476 4569 2807 4641 ἑνδιέτριΰον
2858 4569 2956 4641 τὴν
2994 4568 3300 4642 παρουσίαν
3343 4567 3582 4640 Χριστοῦ
3630 4580 3766 4634 περι-

2210 4667 2485 4738 μένοντες.
2530 4664 2626 4718 Διὸ
2677 4664 2901 4736 πέμψας
2947 4665 3203 4734 Ἰωάννης
3252 4661 3480 4734 ἠρώταο
3541 4680 3559 4711 ι
3588 4660 3653 4714 Σὺ
3677 4654 3766 4710 sio

2206 4759 2524 4832 ἐρχόμενος.
2550 4758 2582 4830 ἢ
2610 4757 2796 4830 ἕτερον
2814 4757 3239 4831 προσδοκῶμενς
3265 4776 3284 4809 ι
3321 4755 3417 4820 οὒς
3447 4749 3767 4822 εἰαγγελιζόσ

2214 4870 2376 4924 μενος
2413 4850 2514 4923 τὴν
2562 4853 2642 4915 είς
2671 4852 2869 4915 αὐτοὺς
2898 4846 2991 4905 τοῦ
3036 4851 3275 4923 Χριστοῦ
3306 4849 3554 4913 κάθοδον,
3589 4843 3763 4915 φησίν·

2222 4944 2571 5011 Ἀνάστηθι,
2607 4944 2956 5013 φωτίσθητι.
2988 4934 3218 4999 ’Ἦλθεν
3256 4941 3365 5012 γὰρ
3395 4941 3463 4995 τὸ
3493 4938 3613 5010 φῶς
3644 4952 3762 4997 σου,

2206 5033 2353 5090 τοῦτ’
2402 5032 2570 5097 ἔστιν,
2620 5031 2649 5085 ὃ
2685 5032 3043 5103 προσεδόκας.
3081 5027 3302 5086 Τούτων
3346 5025 3441 5083 οὖν
3472 5030 3531 5082 τὸ
3577 5024 3764 5097 πρῶτον

2204 5128 2415 5198 τάγμα.
2447 5127 2711 5198 Δεύτερον
2741 5124 2820 5192 δὲ,
2849 5125 2913 5179 τὸ
2961 5126 3062 5196 τῆς
3090 5124 3159 5189 ἐξ
3196 5121 3392 5178 ἐθνῶν
3440 5119 3760 5181 Ἑκκληςὶας,

2202 5220 2233 5275 ὃ
2264 5221 2327 5290 δὴ
2364 5219 2600 5289 συνῆψεν
2628 5222 2657 5274 ὁ
2679 5218 2892 5283 Παῦλος
2922 5217 2999 5289 τῷ
3026 5215 3226 5289 πρώτῳ
3255 5216 3429 5285 λέγων
3451 5232 3464 5244 ·
3500 5233 3518 5265 ι
3547 5211 3656 5282 Ἃρ·
3683 5201 3761 5259 οὖν

2202 5315 2303 5370 οὐκ
2340 5314 2421 5368 ἔτι
2475 5314 2598 5369 ἔστε
2638 5313 2778 5379 ξένοι
2826 5314 2919 5368 καὶ
2949 5313 3224 5385 πάροικοι,
3268 5308 3405 5365 am
3451 5304 3748 5379 συμπολῖςαι

595 5423 643 5457 ³⁸
680 5404 914 5480 Ιίθιιιόιι.
941 5440 1017 5493 ιν,
1050 5427 1721 5503 2.⁶⁸ΙΤ1ιεεε.ιν,15,16,¹⁶
1748 5433 1912 5491 Joan.
1951 5452 2089 5500 xvu,

2250 5436 2292 5468 ¹⁷
2328 5433 2524 5490 Matth.
2560 5451 2635 5502 si,
2659 5435 2711 5489 5.

1080 5544 1085 5549 ’
1825 5551 1857 5605 \‘
1870 5548 2056 5607 Αιιι.-Ε
2089 5546 2491 5605 LECTKONES.

595 5608 624 5639 "
655 5624 723 5678 γρ
775 5606 1003 5677 καλύψει
1026 5609 1148 5677 γῆν,
1184 5610 1279 5663 καὶ
1310 5612 1524 5682 γνόφος.

471 5724 521 5745 ΙΙ
