3978 6438
186 270 321 353 ξύει

1359 285 1891 346 COIsiMENTARiI
1938 284 2019 344 ΙΝ
2061 286 2345 351 ΙΞΑΙΔΜ.

3330 283 3471 350 2622

186 403 292 454 τῶν
334 395 583 466 ἁγίων,ι
612 392 793 449 καὶτὰ
819 394 908 448 ἐπὶ
936 393 1165 456 τούτοις.
1194 392 1285 447 Ἐν
1319 389 1400 456 οἷς
1433 394 1577 447 ἔστιν
1618 394 1790 447 salvat

1903 394 2289 463 exépcctabas,
2341 394 2596 450 audiunt.
2645 396 2827 466 Atque
2872 395 2967 453 hic
3009 397 3228 469 quidem
3276 412 3468 455 eorum

183 493 248 546 τὰ
298 490 437 558 ἔθνη
504 486 959 559 συγκληρονόμα,
988 486 1083 540 καὶ
1115 485 1402 555 σύσσωμα,
1432 488 1528 540 καὶ
1579 487 1790 557 συμμέ-

184 600 317 654 τοχα
345 585 453 654 τῆς
480 580 821 649 ἐπαγγελίας
849 582 910 633 ὲν
941 576 1182 649 Χριστῷ.
1221 595 1239 630 ι

1904 488 2116 555 primus
2145 487 2285 540 ordo
2319 488 2505 542 fuerit.
2542 487 2806 558 Sequitur
2838 506 2969 545 vero
3000 500 3054 545 et
3078 491 3214 545 alter
3252 506 3319 545 ea:
3344 507 3471 562 gen-

1900 581 2031 631 tium
2064 576 2331 636 Ecclesiis
2373 578 2667 646 conﬂatus,
2700 596 2862 649 quem
2893 583 3063 652 priori
3118 585 3283 638 etiam
3335 598 3471 639 con-

185 677 373 747 junxit
438 664 776 745 Apostolus,
833 672 926 726 ubi
964 672 1077 741 jam
1110 686 1220 725 non
1279 686 1402 726 esse
1449 670 1696 740 hospites
1748 676 1803 722 et
1840 669 2103 736 advenas,
2139 672 2232 726 sed
2267 671 2525 727 concives
2578 683 2898 727 sanctorum
2965 673 3031 738 ¹⁸,
3075 672 3277 743 illaque
3353 688 3476 743 quae

188 772 532 837 sequuntur,
573 766 780 835 coiligit
826 783 840 819 :

187 875 281 931 pes
313 860 370 911 in
403 857 642 913 Christo
675 856 720 888 “
751 855 1112 926 signiﬁcatur.

260 949 520 1012 Εἰκότως
579 945 672 1001 οὖν
737 948 1237 1018 εὐαγγελισάμενος
1300 948 1397 1002 νῦν
1454 949 1531 1018 τῷ
1571 946 1794 1017 πρώτῳ

908 765 961 818 in
1015 765 1214 833 quibus
1283 764 1449 847 etiam
1511 772 1702 834 gentes
1751 775 1874 816 esse
1911 763 2246 830 coimredes,
2284 772 2338 819 et
2361 765 2809 834 concorporales,
2836 762 3011 835 684
3047 772 3104 820 et
3125 763 3477 836 compartici-

1977 939 2096 996 Non
2128 940 2405 997 immerito
2429 942 2621 1012 igitur,
2640 951 2999 1013 posteaquam
3026 940 3241 1009 priores
3263 941 3475 995 allocu-
3510 966 3517 969 ν

187 1042 437 1109 τάγματι.
523 1040 827 1110 ἐπήνεγκε·
898 1039 1007 1094 Καὶ
1057 1041 1460 1108 πορεύσονται
1515 1039 1659 1106 ἔθνη
1714 1038 1795 1102 τῷ

1903 1041 1986 1089 lus
2020 1042 2126 1095 est,
2155 1033 2525 1088 ambulaturas
2556 1045 2606 1089 et
2648 1046 2824 1105 gentes
2852 1036 2907 1087 in
2941 1033 3144 1088 lumine
3180 1049 3277 1088 suo
3322 1048 3473 1089 nunc

191 1133 341 1204 φωτί
392 1148 550 1195 σου,
581 1131 798 1195 δεικνὺς
824 1132 1006 1184 κοινὸν
1063 1132 1396 1203 ἀμφοτέροις
1422 1132 1489 1185 τὸ
1523 1131 1650 1202 φῶς
1678 1135 1794 1195 τοῖς

197 1225 298 1296 πρὸ
319 1224 427 1293 τῆς
463 1224 801 1295 παρουσίας,
839 1224 935 1277 καὶ
966 1222 1217 1295 ὕστερον,
1250 1226 1345 1278 καὶ
1379 1224 1496 1291 τὴν
1523 1225 1794 1293 λαμπρό-

1893 1126 2166 1195 adiungit,
2200 1132 2257 1179 ut
2288 1140 2578 1181 commune
2609 1131 2784 1180 tamen
2823 1125 3075 1195 utrisque
3098 1136 3223 1181 ante
3271 1125 3475 1202 adven-

1894 1228 2032 1281 tum,
2065 1228 2120 1275 et
2152 1219 2434 1289 deinceps,
2462 1232 2922 1288 communemque
2948 1217 3278 1286 splendorem
3309 1232 3474 1288 quem

1890 1310 2138 1366 sordium
2211 1309 2458 1363 omnium
2542 1307 2736 1363 eiiiciat
2813 1308 3106 1372 abstersi‘o,
3190 1323 3317 1364 esse
3379 1308 3475 1363 de-

1900 1411 2195 1457 monstret.
2234 1401 2309 1456 Ea
2340 1401 2486 1457 enim
2514 1401 2618 1473 ipsi
2644 1400 2808 1455 etiam
2841 1399 3077 1471 gentium
3116 1416 3261 1468 reges
3309 1408 3475 1455 uten-

195 1329 357 1379 τητα,
388 1310 462 1381 ἢν
494 1312 533 1383 ἧ
569 1311 765 1382 ῥύπου.
788 1312 993 1375 παντὸς
1039 1311 1352 1383 ἀπόσμηξις
1396 1313 1792 1382 ἀπεργάζεται.

194 1406 235 1457 Τ
236 1403 380 1474 αύτῃ
408 1404 530 1473 γὰρ
570 1405 666 1456 καὶ
697 1405 752 1458 οῖ
786 1401 904 1457 τῶν
940 1403 1132 1457 ἐθνῶν
1162 1406 1455 1476 χρήσονται
1483 1404 1793 1471 βασιλεῖς,

196 1494 606 1565 καθαιρόμενοι
645 1496 711 1565 τῇ
754 1495 864 1548 τῶν
910 1494 1069 1548 θείων
1112 1494 1429 1567 μυστηρίων
1482 1495 1733 1567 δυνάμει,
1766 1496 1795 1550 ὃ

1903 1503 2005 1558 tur,
2053 1509 2178 1548 cum
2239 1493 2394 1565 ipsos
2445 1493 2764 1548 divinorum
2825 1492 3212 1563 mysteriorum
3267 1492 3475 1547 virtute

193 1588 254 1657 δὴ
293 1586 423 1640 καθ’
456 1589 617 1658 ἡμᾶς
671 1587 760 1641 διὰ
807 1587 917 1641 τῶν
948 1587 1127 1659 ἔργων
1156 1589 1370 1659 ὁρᾶται.
1422 1584 1553 1642 Εἶτα
1605 1589 1795 1661 ἐπειδὴ

1903 1585 2147 1651 lustrari,
2176 1585 2328 1656 quod
2375 1586 2584 1640 sa‘culo
2638 1593 2830 1639 nostro
2879 1584 3061 1654 reipsa
3109 1583 3311 1638 factum
3366 1589 3472 1641 est.

197 1675 390 1733 ἐθνῶν
421 1677 835 1748 ἐμνημόνευσε,
865 1678 965 1732 καὶ
995 1679 1309 1744 βασιλέων
1340 1679 1532 1743 ἐθνῶν,
1572 1680 1795 1734 ἀκολού-

1903 1675 2211 1746 contigerit.
2246 1675 2523 1742 Quoniam
2556 1675 2755 1731 deinde
2790 1674 3028 1744 gentium
3070 1673 3345 1734 meminit,
3392 1688 3474 1726 re-

198 1768 302 1830 θως
331 1766 439 1836 τὴν
472 1768 757 1837 προτέραν
789 1767 887 1820 τοῦ
938 1766 1075 1821 Θεοῦ
1124 1768 1281 1824 πόλιν
1314 1768 1554 1822 διδάσκει
1588 1768 1795 1832 πάντας

1903 1783 2126 1837 qumque
2173 1780 2403 1833 earum;
2439 1767 2676 1836 priorem
2729 1766 2990 1836 deinceps
3050 1764 3143 1819 Dei
3198 1764 3478 1819 civitatem

195 1861 317 1922 τοὺς
346 1829 423 1924 ἑὲ
453 1829 671 1913 ἐθνῶν.
698 1858 1023 1929 προσιόντας
1056 1857 1133 1929 τῷ
1163 1859 1410 1914 θεοσεϐεῖ
1435 1829 1792 1932 πολιτεύματι

1903 1829 2085 1913 omnes
2115 1871 2211 1913 eos
2234 1856 2304 1912 de
2342 1829 2602 1928 geniibus,
2632 1857 2727 1927 qui
2757 1829 3012 1912 sanctum
3062 1864 3118 1911 et
3168 1858 3318 1926 pium
3354 1857 3482 1910 vitae

198 1952 373 2002 οἰκεῖα
401 1949 601 2004 τέκνα
645 1950 902 2019 ἡγεῖσθαι
932 1950 1105 2018 λέγων
1127 1966 1142 1981 '
1181 1951 1295 2008 Ἴδε
1337 1951 1690 2022 συνηγμένα
1718 1954 1793 2006 τὰ

1903 1948 2210 2003 institutum
2251 1950 2685 2019 amplectentur,
2718 1950 2862 2018 ﬁlios
2889 1948 3010 2019 ejus
3039 1948 3238 2004 haberi
3274 1949 3479 2016 docet;

200 2039 381 2092 τέκνα
413 2057 566 2105 σου,
600 2039 694 2102 οὓς
725 2041 815 2093 καί
863 2057 1029 2112 φησιν
1055 2040 1148 2094 ἐπ’
1182 2039 1356 2112 ὤμων
1399 2043 1791 2111 ἀρθήσεσθαι.

201 2131 288 2185 Διδ
320 2131 539 2194 πάντες
564 2133 617 2185 oi
661 2132 731 2196 ἐξ
781 2131 974 2186 ἐθνῶν
999 2134 1425 2198 πεπιστευκότες
1459 2135 1794 2204 ἐπαγγελίαν

202 2225 500 2293 εἰλήφασιν
528 2226 615 2288 εἰς
672 2225 909 2289 κόλπους
935 2224 1190 2297 ’Δϐραὰμ
1217 2226 1659 2283 ἀναπαύσασθαι.
1684 2228 1796 2282 Καὶ

204 2315 474 2386 πολλαχοῦ
516 2316 579 2371 δὲ
630 2317 896 2388 θυγάτηρ
934 2317 1319 2389 Ἰερουσαλὴμ,
1346 2320 1442 2373 καὶ
1474 2318 1634 2385 Σιὼν,
1668 2322 1702 2391 ἡ
1736 2320 1797 2386 ἐξ

202 2405 395 2460 ἐθνῶν
438 2402 755 2478 Ἐκκλησία
813 2408 1170 2480 χρηματίζει,
1206 2408 1283 2473 ὡς
1322 2409 1382 2461 ὲν
1430 2408 1529 2479 τῷ,
1579 2411 1796 2482 «Χαῖρε

205 2496 430 2565 σφόδρα,
458 2495 719 2567 θυγάτηρ
747 2494 906 2551 Σιών.
954 2497 1238 2569 κηρυσσε,
1287 2498 1534 2571 Θυγάτηρ
1596 2499 1797 2573 Ἰερου-

205 2578 603 2660 σαλήμςρήοὺ
654 2589 911 2662 ἔρχομαι,
941 2591 1037 2645 καὶ
1074 2591 1483 2664 κατασκηνώσω
1534 2594 1593 2645 ἐν
1642 2589 1796 2664 μέσῳ

188 2699 318 2747 σου,
343 2682 500 2750 λέγει
537 2682 768 2755 Κύριος,
817 2683 911 2737 καὶ
950 2683 1308 2755 πορεύσονται
1331 2684 1456 2756 ἔθνη
1504 2683 1675 2738 πολλὰ
1703 2685 1796 2739 ἐπὶ

205 2774 292 2825 τὸν
326 2773 568 2844 Κύριον.
603 2794 622 2827 ι
674 2773 750 2827 Τὸ
776 2774 851 2829 ’δὲ
883 2776 1191 2844 πόρῤωθεν
1223 2776 1415 2845 ἥκειν,
1463 2777 1796 2849 παρίστησιν

206 2861 280 2926 ὡς
382 2865 487 2935 μὲν
522 2864 721 2938 πόρρω
749 2882 851 2921 που
878 2868 976 2937 τῆς
1005 2866 1285 2937 βασιλείας
1307 2868 1403 2922 τοῦ
1431 2869 1668 2941 Ἰσραὴλ,
1702 2870 1797 2925 καὶ

209 2953 345 3021 ξένοι
380 2955 495 3009 τῶν
530 2956 812 3029 διαθηκῶν
840 2959 938 3027 τῆς
986 2961 1344 3029 ἐπαγγελίας.
1377 2979 1397 3014 ι
1430 2961 1572 3016 Ἀλλ’
1612 2964 1793 3033 ὑμεῖς,

208 3045 391 3115 φησὶν,
419 3047 475 3101 ot
503 3058 641 3102 ποτε
674 3050 892 3121 μακρὰν
907 3051 1080 3117 ὄντες,
1118 3051 1286 3121 ἐγγὺς
1312 3053 1630 3126 ἐγενήθητε.
1669 3074 1688 3108 ι
1709 3051 1799 3120 Ὦς

1896 2053 2021 2094 cum
2064 2049 2405 2111 congregatas
2439 2040 2583 2109 ﬁlios
2626 2039 2741 2110 ejus
2776 2039 2950 2095 videre
2993 2041 3277 2111 pracipit;
3329 2039 3481 2111 quod

1896 2130 2063 2186 etiam
2092 2131 2327 2186 humeris
2350 2131 2624 2187 sublatum
2654 2131 2726 2185 iri
2749 2131 3002 2203 adiungit
3031 2148 3047 2186 :
3083 2132 3231 2186 unde
3255 2146 3480 2196 omnes,

1897 2222 1994 2292 qui
2025 2222 2095 2277 de
2143 2224 2379 2294 gentium
2434 2237 2669 2278 numero
2716 2223 3091 2289 crediderunt,
3136 2223 3192 2277 in
3246 2224 3484 2278 Abrahae

1899 2312 2025 2367 sinu
2067 2315 2307 2382 quietem
2342 2327 2401 2369 se
2434 2313 2746 2381 habituros,
2775 2314 3206 2383 promissionem
3234 2328 3467 2384 accepe-

1900 2414 2048 2460 runt.
2072 2405 2323 2476 Persaepe
2349 2420 2478 2460 vero
2503 2414 2559 2461 et
2582 2407 2754 2476 ﬁliam
2774 2404 3103 2471 Jerusalem,
3139 2416 3193 2461 et
3227 2404 3478 2470 Sionem,

1900 2497 2073 2568 ipsam
2117 2500 2351 2570 gentium
2388 2496 2693 2554 Ecclesiam
2726 2499 3037 2569 nuncupari
3077 2499 3320 2567 reperias
3354 2515 3372 2525 -
3419 2505 3482 2552 nt

1898 2587 2003 2643 hoc
2031 2588 2148 2642 loco
2180 2606 2195 2643 :
2232 2606 2252 2640 ι
2277 2587 2466 2644 Gaude
2519 2588 2890 2657 vehementer,
2927 2589 3036 2645 illia
3065 2588 3197 2644 Sion
3226 2607 3242 2657 ;
3270 2589 3472 2660 jubila,

1900 2680 2012 2736 lii-ia
2044 2678 2374 2737 Jerusalem.
2412 2683 2553 2739 Ecce
2590 2683 2773 2749 venio,
2805 2690 2862 2739 et
2896 2682 3158 2738 habitabo
3204 2682 3263 2738 in
3301 2683 3480 2738 medio

1899 2773 1998 2839 tui,
2033 2772 2168 2829 dicit
2204 2772 2518 2830 Dominus:
2566 2782 2621 2831 et
2673 2775 2899 2830 venient
2951 2783 3143 2845 gentes
3191 2773 3378 2828 multa:
3408 2771 3477 2827 ad

1899 2863 2286 2921 Dominum“.
2336 2883 2357 2917 ι
2393 2865 2550 2933 Quod
2579 2874 2760 2921 autem
2792 2867 2859 2922 de
2894 2867 3045 2937 longe
3077 2867 3273 2928 venire,
3301 2864 3483 2934 dixit,

1902 2956 2062 3026 longe
2093 2970 2196 3013 nos
2225 2957 2528 3027 aliquando
2554 2958 2623 3013 ab
2651 2957 2873 3014 lsraelis
2902 2972 3077 3026 regno
3125 2956 3395 3021 abfuisse,
3424 2967 3485 3012 et

1902 3060 1934 3101 a
1984 3055 2444 3103 testamentorum
2502 3049 2872 3119 promissione
2925 3048 3246 3118 peregrinos
3307 3045 3486 3102 fuisse

207 3138 312 3224 γξιρ
358 3140 389 3193 δ
440 3138 667 3221 Παῦλός
710 3157 897 3212 φησιν·
936 3141 1054 3197 «οὐ
1106 3142 1307 3207 πάντες
1339 3146 1390 3199 oi
1441 3144 1501 3213 ἐξ
1548 3144 1789 3219 Ἰσραὴλ,

1903 3137 2194 3209 signiﬁcat.
2239 3157 2258 3191 ι
2302 3137 2557 3204 Sedvos,
2592 3141 2797 3211 inquit,
2826 3140 2920 3210 qui
2972 3139 3270 3210 aliquando
3310 3139 3485 3195 eratis

210 3222 356 3282 οὗτοι
412 3220 683 3303 Ἰσραήλ·
718 3231 855 3292 ene
893 3233 961 3287 τὰ
988 3233 1156 3288 τέκνα
1192 3234 1294 3304 τῆς
1331 3237 1673 3306 ἐπαγγελίας
1705 3240 1796 3292 λον

208 3318 415 3386 γίζεται
444 3324 533 3387 είς
564 3322 810 3396 σπέρμα.
834 3342 853 3377 ι
885 3325 996 3378 Καὶ
1027 3325 1163 3396 πρὸς
1195 3324 1451 3398 Ἀϐραὰμ
1474 3327 1531 3381 δὲ
1551 3329 1754 3409 essent,
1777 3349 1795 3368 ο

210 3409 430 3482 Πατέρα
465 3411 687 3467 πολλῶν
718 3414 889 3469 ἐθνῶν
929 3414 1154 3471 τέθεικά
1178 3433 1261 3472 σε.
1303 3418 1446 3490 Πρὸς
1474 3420 1511 3475 ὅ.
1535 3437 1622 3483 τις
1661 3438 1800 3495 προ-

212 3501 385 3572 φήτης
431 3504 615 3574 φησί’
656 3524 677 3558 ι
711 3505 1033 3577 Μνήσθητε,
1081 3508 1132 3561 oi
1166 3509 1385 3579 μακρὰν
1433 3511 1529 3565 τοῦ
1564 3513 1794 3584 Κυρίου,

213 3592 303 3644 καὶ
343 3593 710 3666 Ἰερουσαλὴμ
757 3597 1019 3669 ἀναϐήτω
1060 3599 1153 3651 ἐπὶ
1192 3600 1292 3670 τὴν
1319 3602 1550 3671 καρδίαν
1579 3604 1787 3674 ὑμῶν.»

217 3682 279 3734 ’Δ
299 3682 361 3754 δὴ
386 3685 484 3738 καὶ
510 3685 829 3754 πεισθέντα,
857 3688 996 3742 κατὰ
1016 3688 1107 3742 τὸν
1124 3689 1373 3757 Ἡσαΐαν,
1398 3694 1552 3762 φασί·
1577 3694 1793 3762 «Δεῦτε,

214 3772 506 3845 ἀναδῶμεν
536 3778 618 3840 είς
646 3777 707 3830 τδ
737 3777 865 3848 δρος
896 3777 989 3832 τοῦ
1023 3778 1252 3849 Κυρίου,
1292 3781 1388 3835 καὶ
1417 3784 1497 3846 εἰς
1526 3783 1618 3836 τδν
1647 3781 1797 3840 οἷκον

160 3856 163 3857 ⁷
210 3861 302 3914 τοῦ
327 3862 465 3917 Θεοῦ
501 3864 727 3931 Ἰακὼϐ,
759 3868 850 3919 καὶ
883 3867 1176 3936 ἀναγγελεῖ
1202 3867 1301 3940 τὴν
1325 3869 1445 3923 όδδν
1485 3870 1676 3940 αὐτοῦ,
1701 3872 1797 3929 καὶ

214 3956 600 4027 πορευσόμεθα
630 3958 689 4012 ὲν
735 3959 896 4031 αὐτῇ.
928 3978 947 4012 ι
982 3960 1151 4026 Ἀλλ’,
1200 3961 1331 4016 ἰδοὺ
1377 3962 1585 4031 ﬁxam,
1637 3967 1795 4037 φησὶ,

215 4043 354 4098 τοῦτ’
384 4046 563 4114 ἐστιν,
590 4050 691 4106 οὐκ
716 4051 796 4114 εἰς
841 4050 1121 4123 μακρὰνή
1171 4052 1368 4124 κλῆσις
1416 4056 1618 4111 αὐτῶν.
1653 4059 1796 4128 Δρα·

220 4136 440 4206 μοῦνται
481 4142 599 4214 γὰρ
650 4142 841 4216 ὥσπερ
890 4144 1032 4198 κατὰ
1078 4144 1218 4200 πόδα
1263 4144 1374 4200 τῶν
1423 4147 1799 4216 εὐαγγελικῶν

218 4233 610 4300 κηρυγμάτων,
650 4231 779 4303 δίχα
825 4233 988 4287 πόνου
1039 4232 1262 4298 παντός.
1295 4234 1426 4290 Ἐπ’
1469 4235 1645 4306 ὤμων
1687 4238 1797 4310 γὰρ

216 4319 608 4390 ἀρθήσονται,
642 4317 732 4377 οἶα
768 4323 834 4396 δὴ
890 4323 1067 4395 βρέφη
1110 4326 1234 4389 ταῖς
1274 4325 1387 4380 τῶν
1418 4328 1800 4398 μυσταγωγῶν

218 4411 619 4485 παιδαγωγίαις
662 4415 1186 4488 χειραγωγούμενοι.
1210 4416 1358 4471 Γάλα
1392 4417 1501 4490 γὰρ
1548 4419 1798 4486 ποτίζον-

1900 3226 2078 3297 longe,
2111 3241 2258 3283 nune
2298 3226 2427 3283 iacti
2457 3228 2595 3286 estis
2636 3242 2807 3300 prepe
2830 3230 2900 3284 “.
2941 3248 2963 3282 ι
2996 3258 3069 3269 --
3100 3247 3120 3281 ι
3156 3228 3277 3283 Non
3308 3229 3482 3293 enim,

1899 3317 2082 3389 inquit
2135 3318 2472 3388 Apostolus,
2506 3334 2700 3376 omnes
2755 3321 2852 3391 qui
2908 3331 3040 3377 sunt
3083 3319 3151 3376 de
3199 3318 3409 3387 Israel,
3444 3322 3481 3375 ii

1899 3421 2031 3470 sunt
2064 3412 2234 3469 Israel
2262 3431 2278 3469 :
2315 3415 2411 3472 sed
2442 3415 2536 3486 qui
2563 3424 2696 3471 sunt
2721 3416 2819 3471 ﬁlii
2848 3415 3265 3487 promissionis,
3301 3415 3358 3469 in
3393 3430 3487 3471 se-

1898 3520 2022 3561 men
2054 3504 2157 3575 ipsi
2192 3514 2522 3577 reputantur
2549 3508 2618 3562 ²².
2657 3527 2677 3561 ι
2718 3508 2861 3564 Sunt
2895 3525 3028 3565 vero
3084 3518 3140 3564 et
3193 3507 3261 3564 ad
3311 3509 3490 3562 Abra-

1900 3597 2124 3652 hamum
2153 3597 2441 3663 nonnulla,
2470 3599 2677 3670 quibus
2699 3599 2955 3656 eumdem
2982 3602 3229 3669 gentium
3268 3608 3481 3667 patrem

1903 3689 2021 3745 ﬁeri
2049 3688 2220 3744 voluit
2250 3689 2519 3746 Dominus
2546 3705 2562 3745 :
2590 3691 2656 3746 ad
2695 3706 2820 3761 quae
2847 3706 2977 3747 cum
3004 3691 3309 3761 respiceret
3343 3704 3489 3760 pros

1899 3779 2062 3850 pheta
2103 3780 2354 3850 quidam,
2384 3796 2504 3850 eos,
2568 3784 2664 3854 qui
2712 3782 2884 3856 longe
2932 3782 3215 3850 abessent,
3265 3780 3483 3837 Domini

1899 3871 2244 3935 meminisse,
2302 3880 2360 3927 et
2405 3871 2716 3930 Jerusalem
2773 3873 2831 3929 in
2877 3871 3048 3935 corda
3099 3886 3200 3927 sua
3266 3870 3487 3928 inferre

1896 3963 2161 4034 praecepit
2186 3964 2259 4019 ’³.
2304 3981 2324 4015 ι
2390 3962 2608 4030 Quibus
2673 3965 2806 4036 quia
2865 3972 3190 4037 paruerunt,
3242 3960 3338 4018 illa
3367 3962 3483 4034 jam

1900 4053 2058 4111 isaiae
2093 4064 2365 4126 usurpant
2399 4075 2412 4113 :
2452 4076 2471 4110 ι
2500 4057 2717 4124 Venite,
2743 4057 3112 4114 ascendamns
3141 4055 3200 4111 in
3240 4065 3484 4112 montem

1898 4145 2137 4211 Domini,
2171 4149 2307 4204 etin
2335 4149 2562 4204 domum
2617 4148 2712 4205 Dei
2757 4149 2957 4206 Jacob.
3010 4148 3079 4204 Et
3133 4147 3487 4204 annuntiabit

1898 4237 2042 4293 'viam
2072 4238 2215 4309 ejus,
2266 4240 2321 4295 in
2371 4255 2546 4311 eaque
2575 4241 2983 4297 ambulabimus
3014 4240 3085 4297 “.
3132 4259 3153 4294 ι
3198 4238 3314 4296 lmo
3348 4236 3489 4294 Ecce

1898 4331 2198 4398 venerunt,
2256 4332 2480 4403 inquit;
2545 4340 2811 4404 tanquam
2866 4349 2978 4389 non
3033 4331 3230 4405 procul
3289 4330 3490 4390 abesse

1901 4438 2093 4480 eorum
2162 4426 2508 4481 vocationem
2569 4424 2877 4496 signiﬁcet.
2940 4425 3258 4498 Sequemur
3312 4423 3484 4487 enim,

216 4516 303 4555 ται
339 4507 461 4560 κατ’
510 4506 707 4578 ἀρχὰς,
738 4506 884 4561 κατὰ
917 4508 1089 4579 βραχὺ
1140 4507 1278 4579 πρὸς
1329 4508 1532 4581 μέτρον
1578 4510 1795 4582 ἡλικίας

1903 4525 2217 4585 tanquam‘e
2245 4516 2483 4586 vestigio
2505 4514 2674 4589 685
2705 4516 3037 4590 evangelica:
3054 4513 3488 4589 praedicationis,

220 4590 599 4660 ἀναϐαίνοντες
631 4597 839 4653 τέλειον
885 4596 1003 4652 ὅσοι
1037 4597 1138 4667 τῆς
1182 4596 1274 4652 διὰ
1318 4599 1640 4671 Πνεύματος
1670 4601 1801 4658 ἀνα-

220 4688 525 4758 γεννήσεως
554 4689 769 4762 ἔτυχον.
800 4690 1105 4763 Τοιγαροῦν
1129 4694 1159 4746 ὀ
1187 4690 1399 4757 Παῦλος
1441 4711 1462 4746 ι
1486 4695 1577 4759 Ὧς
1615 4695 1684 4751 ἄν
1715 4712 1799 4762 τις

220 4778 411 4847 τρονᾳδς
437 4780 620 4855 θάλπη
651 4785 721 4837 τὰ
751 4783 952 4853 ἑαυτῆς
981 4782 1169 4848 τέκνα,
1200 4801 1220 4835 ι
1260 4784 1447 4855 φησίν.

223 4863 410 4926 bibunt
438 4872 701 4944 primum,
722 4874 874 4931 brevi
902 4877 1160 4948 deinceps
1193 4876 1262 4932 ad
1295 4892 1615 4937 mensuram
1658 4883 1838 4941 astatis
1872 4886 2174 4956 perfectam
2244 4885 2608 4943 ascendentes
2638 4888 2947 4958 “quotquot
3036 4883 3265 4956 spiritus
3331 4888 3493 4951 rege-
3604 4952 3607 4955 _

224 4964 559 5052 perationem
597 4967 781 5039 adepti
807 4977 956 5027 sunt.
1001 4968 1122 5041 Quo
1194 4970 1401 5031 factum
1447 4982 1556 5042 est,
1629 4984 1693 5033 ut
1755 4982 2021 5051 tanquam
2071 4983 2279 5046 nutrix,
2335 4990 2457 5052 qua:
2523 4980 2666 5037 lilios
2694 4976 2829 5037 sues
2885 4976 3093 5041 foveat.

227 5050 419 5114 dixerit
448 5061 518 5116 ".

305 5171 422 5244 Ἐφ’
441 5170 522 5241 οἷς
546 5175 726 5247 λέγει·
757 5177 902 5235 Τότε
931 5181 1092 5250 ὄψει,
1123 5184 1220 5239 καί
1249 5185 1515 5256 χαρήσῃ.
1542 5188 1653 5245 Καὶ
1680 5189 1800 5256 πῶς

230 5259 286 5311 οὐ
318 5264 498 5332 μέλλει
544 5269 728 5341 μήτηρ
774 5272 900 5343 περὶ
932 5272 1164 5341 τέκνοις
1196 5276 1523 5348 σωζομένοις
1552 5282 1799 5350 εὐφραι-

233 5358 460 5423 νεσθαι;
485 5360 558 5414 Τὸ
586 5361 643 5414 δὲ
666 5364 1009 5435 φοϐηθήσῃ,
1032 5367 1184 5437 παρᾶ
1213 5368 1313 5438 μὲν
1337 5373 1452 5435 τοῖς
1472 5371 1676 5437 λοιποῖς
1698 5374 1799 5428 οὐκ

233 5442 544 5522 ἐμφέρεται.
579 5455 842 5529 Σημαίνει
867 5459 923 5514 δὲ
952 5459 1012 5513 το
1031 5461 1325 5533 ἐκστήσῃ,
1355 5466 1448 5518 καὶ
1473 5464 1793 5537 θαυμάσεις.

305 5628 344 5710 ’ξ
363 5629 559 5702 Ephcs.
594 5653 656 5692 ιι.
692 5637 811 5710 19.-
856 5638 898 5672 ¹⁹
934 5636 1132 5710 Ephes.
1166 5639 1392 5710 1u._6.‘°
1423 5638 1593 5710 δοριι-
1631 5655 1714 5710 ιιι,
1752 5642 1795 5698 ίέ

1903 5642 2107 5699 Eachar.
2142 5659 2217 5709 lx,
2258 5641 2310 5698 9.

240 5693 283 5727 ³³
310 5693 497 5761 Jerém.
537 5707 761 5778 13,50."
795 5707 896 5763 lsa.
954 5693 1014 5774 ιί,
1043 5693 1102 5763 5.
1174 5693 1583 5777 ⁸⁸⁷1⁸1Ὶιοεεέτιι,
1629 5693 1678 5767 7.

1899 4607 2050 4662 nullo
2089 4607 2297 4674 labore,
2327 4609 2594 4681 nuiloque
2626 4611 2891 4681 negotio:
2921 4611 3051 4681 quia
3090 4608 3325 4664 humeris
3365 4621 3490 4677 por-

1901 4700 2182 4764 tabuutur,
2216 4709 2479 4772 tanquam
2516 4700 2757 4757 infantes
2789 4702 2968 4774 aiiqni
3000 4702 3072 4757 ab
3100 4697 3488 4756 initiatoribus

1899 4790 1965 4846 in
1994 4804 2285 4848 sacrorum
2316 4792 2620 4863 penetralia
2661 4807 2831 4848 manu
2874 4792 3121 4850 deducti.
3168 4788 3278 4845 Lac
3327 4787 3478 4843 enim

3188 4970 3487 5046 Apostolus

1982 5190 2245 5260 Sequitur
2268 5189 2504 5246 deinde:
2541 5186 2686 5242 Tunc
2726 5187 2943 5254 videbis,
2977 5194 3029 5241 et
3065 5184 3343 5256 gaudebis.
3380 5182 3486 5251 Qui

1904 5284 2050 5341 enim
2098 5292 2327 5338 matrem
2392 5281 2627 5353 gaudere
2673 5290 2785 5335 non
2829 5280 3135 5350 contingat,
3186 5277 3230 5331 si
3287 5276 3486 5331 salvari

1904 5376 2045 5447 ﬁlios
2078 5391 2210 5431 suos
2260 5375 2487 5430 videat?
2533 5372 2639 5429 Sed
2671 5389 2781 5428 non
2808 5380 2890 5428 est
2936 5369 3305 5443 ignorandum
3340 5367 3486 5438 apud

1904 5467 2044 5523 alios
2077 5467 2282 5522 timebis
2316 5466 2539 5522 verbum
2587 5481 2696 5521 non
2731 5464 2964 5536 reperiri
3001 5480 3017 5520 :
3050 5463 3306 5532 idemque
3341 5459 3486 5531 quod

2389 5641 2432 5674 ’ί
2473 5642 2670 5712 Ephcs.
2714 5654 2774 5706 ιι,
2806 5641 2893 5696 15.
2969 5638 3015 5671 "
3047 5634 3201 5690 Rom.
3238 5632 3389 5700 tx,7,
3424 5631 3481 5687 8.
