3978 6440
220 384 342 483 ea

1351 378 1883 441 COMMENTARII
1930 381 2009 442 IN
2046 381 2331 442 ISAIAM.

2972 324 3075 358 γον-

3315 387 3457 449 2ὖ26

221 494 375 572 σμός.
406 493 631 563 Λέγεται
655 490 709 547 δὲ
742 493 884 565 ἀμφὶ
917 495 1012 566 τὴν
1045 493 1248 566 ἔρημον
1274 492 1415 549 εἶναι
1446 497 1555 550 τῶν
1585 498 1767 567 Σαρα-

1894 498 2135 553 )ominus
2182 498 2327 553 Deus
2364 506 2537 553 vester
2584 497 2650 553 “.
2702 515 2718 541 ι
2766 496 2948 566 Atque
2978 484 3099 553 hinc
3131 498 3352 570 quidem
3387 513 3456 555 ue

221 590 399 663 χηνῶν.
436 586 540 640 Καὶ
586 585 828 641 Ναϐεὼθ
876 587 1037 658 ἑτέρα
1069 587 1222 659 χώρα
1251 587 1343 641 τοῦ
1367 589 1586 659 Ἰσραὴλ
1615 590 1773 643 ἁλλο-

218 684 347 754 τρία.
386 675 673 747 Δηλοῦνται
714 675 771 727 δὲ
817 675 908 729 διὰ
943 675 1051 729 τῶν
1096 674 1280 744 κριῶν
1324 680 1371 729 οἱ
1410 679 1773 748 ἀρχικώτατοι

218 772 311 826 τῶν
330 769 383 833 ἐξ
407 766 571 821 ἐθνῶν
600 766 1065 836 ἐπιστρεφόντων,
1090 765 1140 819 οἳ
1172 766 1264 819 κα)⁸
1297 766 1389 821 νῦν
1415 767 1563 839 δῶρα
1592 782 1778 835 προσ-

218 860 502 932 φέρουσιν,
536 854 890 926 ἀφιεροῦντες
920 855 1147 920 ἑαυτοὺς
1175 854 1252 926 τῷ
1276 855 1427 926 Θεῷ,
1459 859 1553 910 καὶ
1583 859 1649 928 τῇ
1677 848 1779 912 τοῦ

219 948 580 1019 θυσιαστηρίου
610 947 1067 1022 προσεδρεύοντες
1092 945 1428 1022 λειτουργίᾳ,
1441 948 1510 1002 δι’
1526 944 1600 1003 ὧν
1622 952 1654 1022 η
1681 949 1774 1004 τοῦ

219 1042 335 1099 Θεοῦ
371 1039 670 1105 δοξάζεται
709 1021 1029 1110 Ἐκκλησία.

1876 588 2077 643 lsraele
2107 599 2234 644 sunt
2267 587 2641 660 intelligenda.
2668 587 2786 643 1am
2821 603 2949 643 vero
2975 604 3090 643 oves
3120 588 3458 658 alienigenas

1877 676 2050 735 Cedar
2084 680 2362 747 nimirum,
2392 682 2653 751 ipsosque
2681 681 2872 734 arietes
2908 679 3148 735 Nabeotl.
3171 698 3463 752 congrega-

1878 785 1986 828 tum
2018 775 2084 828 iri
2111 775 2360 830 allirmat.
2385 775 2671 845 Signiﬁcat
2698 784 2879 829 autem
2910 772 3086 829 Cedar
3115 776 3255 830 idem
3278 777 3459 844 plane.

1876 882 1940 922 ac
1963 868 2009 922 si
2035 867 2275 921 tenebras
2306 868 2459 922 dicas
2504 883 2518 920 :
2547 875 2743 937 estque
2766 863 2834 935 ad
2872 865 3194 920 solitudines
3226 864 3461 919 Sarace-

1877 973 2074 1013 norum
2112 960 2376 1015 collocata
2415 961 2586 1027 regio.
2637 955 2730 1031 Est
2760 973 2954 1013 rursus
2992 967 3048 1013 et
3078 956 3321 1014 Nabeotlt
3352 958 3461 1013 alia

1883 1048 2036 1119 regio
2073 1049 2176 1113 sub
2215 1048 2413 1105 lsraele
2441 1049 2607 1121 687
2633 1049 2833 1104 aliena.
2874 1046 3265 1120 Sigiiilicantur
3296 1062 3459 1118 porro

220 1140 419 1194 arietum
445 1136 689 1201 nomine,
724 1137 968 1223 gentium
1006 1136 1368 1205 imperatores
1392 1135 1650 1202 maximi;
1679 1136 1771 1208 (tui
1809 1141 2061 1197 conversi
2081 1141 2192 1213 jam
2219 1143 2362 1198 dona
2394 1143 2643 1212 oﬂ‘erunt,
2679 1142 2888 1212 seipsos
2955 1141 3065 1196 Deo
3126 1155 3460 1197 consecran-

221 1240 308 1293 tes,
354 1235 405 1280 et
454 1226 620 1280 altari
662 1225 715 1280 in
759 1227 881 1293 ejus
921 1226 1290 1282 ministerium
1341 1237 1619 1295 astantes;
1678 1245 1773 1299 per
1811 1249 1952 1303 quos
1984 1234 2102 1305 ipsa
2133 1235 2358 1305 gloriam
2398 1234 2490 1291 Dei
2523 1235 2848 1304 adipiscitur
2876 1233 3138 1289 Ecclesia.

277 1317 424 1381 Τινὲς
452 1317 509 1370 δὲ
539 1317 620 1383 τὸ,
639 1317 905 1386 Κάμηλοι
927 1318 1022 1372 ἐπὶ
1044 1318 1350 1388 καμήλων,
1381 1319 1564 1389 φασὶν,
1591 1318 1776 1388 ἥξου-

217 1428 324 1477 σιν,
355 1409 384 1481 ἦ
417 1408 560 1480 ἅπερ
590 1408 774 1479 ἔχουσι
801 1410 1283 1481 προσκομίζοντες,
1311 1411 1406 1464 καὶ
1438 1412 1563 1474 τοὺς
1588 1425 1613 1453 ι
1637 1413 1779 1466 κατὰ

218 1504 357 1576 χεῖρα
396 1499 665 1570 τιμῶντες
720 1500 892 1554 Θεόν’
939 1499 972 1572 ἢ
1020 1500 1101 1554 ὅτι
1148 1502 1209 1554 οὗ
1262 1500 1386 1555 καθ’
1414 1501 1507 1554 ἕνα
1536 1500 1781 1571 ἥξουσιν,

218 1594 316 1650 ἀλλ’
335 1590 632 1663 ἀγεληδὸν
655 1593 1130 1664 καρποφοροῦντες
1153 1596 1232 1656 είς
1257 1592 1415 1660 δόξαν
1435 1592 1593 1659 Θεοῦ,
1614 1593 1782 1665 ἤγουν

216 1686 301 1756 τὴν
326 1685 379 1752 ἐξ
404 1683 579 1754 ἔργων
613 1682 831 1751 ἀγαθῶν
861 1684 1147 1754 εὐοσμίαν,
1169 1686 1264 1738 καὶ
1294 1686 1565 1739 πλοῦτον
1593 1702 1780 1740 πνευ-

210 1779 459 1850 ματικόν.
486 1774 583 1840 Ἐξ
608 1768 682 1827 ῶν
719 1791 863 1853 τινες
907 1775 1022 1839 ἕξιν
1070 1775 1433 1847 εὐαγγελικὴν
1481 1777 1778 1847 ἐσχηκότες

217 1870 539 1941 προέστησαν
588 1868 680 1920 καὶ
720 1866 887 1931 λαῶν,
918 1865 1429 1935 εὐαγγελιζόμενοι
1472 1871 1540 1921 τὸ
1581 1868 1779 1936 σωτή-

210 1980 329 2032 ριον
349 1958 853 2028 ιιύρίου.”Ηξοι·σι
884 1957 961 2020 δὲ,
982 1959 1138 2028 φησὶ,
1158 1958 1255 2012 καὶ
1274 1961 1538 2028 πρόϐατα
1554 1944 1781 2028 Κηόὰρ,

207 2053 299 2108 ,καί
337 2051 482 2121 κριοὶ
518 2050 778 2105 Ναϐεώθ.
810 2049 968 2103 Τοῦτ’
992 2050 1129 2117 ἐστι,
1157 2050 1345 2104 δεκταὶ
1374 2051 1701 2122 καὶτούτων
1727 2052 1786 2106 at

214 2132 377 2198 θυσίαι
406 2144 731 2215 γενήσονται
779 2145 1119 2215 προσιόντων
1170 2143 1260 2197 δια
1308 2143 1565 2206 πίστεως.
1598 2144 1787 2209 Εἵποις

215 2236 251 2288 δ’
278 2235 355 2302 ἂν,
386 2238 515 2305 φησὶ
539 2275 556 2300 ,
588 2236 854 2303 πρόϐατα
884 2218 979 2289 καί
1017 2234 1243 2303 κριοὺς,
1274 2234 1474 2308 ἄνδρας
1505 2234 1787 2306 βρίθοντας

216 2325 398 2391 καλοῖς,
426 2326 520 2380 καὶ
556 2325 857 2378 ἐπιείκειαν
886 2323 1303 2394 ἀσπαζομένους
1322 2367 1336 2389 ,
1365 2325 1431 2379 δι’
1466 2320 1541 2380 ὧν
1568 2328 1595 2381 ὁ
1623 2325 1789 2393 οἶκος

214 2413 495 2479 δοξάζεται
554 2413 659 2468 τοῦ
713 2413 882 2478 Θεοῦ,
912 2414 972 2467 οὐ
1006 2413 1096 2467 διὰ
1130 2415 1342 2468 καπνοῦ
1377 2415 1471 2468 καὶ
1513 2417 1785 2487 αἱμάτων,

214 2507 277 2570 ὠς
303 2509 329 2560 ό
362 2506 529 2563 παλαι
572 2504 734 2579 νεὼς,
763 2504 900 2559 ἀλλὰ
948 2502 1043 2579 διξξ
1085 2506 1339 2577 λατρείας
1389 2504 1785 2577 πνευματικῆς’·

214 2597 396 2652 Τούτου
426 2597 481 2651 δὲ
518 2598 783 2669 μνησθεὶς
802 2596 896 2650 τοῦ
926 2597 1091 2670 ρητοῦ
1118 2599 1211 2651 καὶ
1237 2600 1264 2651 ό
1289 2596 1480 2670 Σωτὴρ
1509 2597 1749 2667 ἔφασκεν
1769 2616 1784 2630 ’

220 2707 236 2740 ι
256 2688 306 2741 ’0
325 2686 466 2752 οἶκός
489 2705 621 2760 μου,
653 2681 801 2751 οἶκος
834 2691 1143 2759 προσευχῆς
1165 2688 1519 2760 κληθήσεται,
1555 2676 1717 2760 ὑμεῖς
1732 2690 1788 2747 δὲ

213 2779 358 2832 αὐτὸν
382 2781 681 2852 ἐποιήσατε
707 2780 971 2850 σπήλαιον
991 2781 1221 2855 λῃστῶν.
1238 2783 1397 2834 »Ὅτε
1420 2783 1597 2834 τοίνυν
1627 2776 1790 2847 οἶκος

212 2869 400 2941 γέγονε
432 2870 789 2941 προσευχῆς
809 2913 822 2938 ,
852 2872 974 2925 τότε
1019 2872 1401 2937 δεδόξασται.
1427 2872 1710 2942 Ἐπίτηδες
1735 2872 1791 2925 δὲ

214 2962 244 3033 ἡ
270 2961 470 3034 Γραφὴ,
495 2962 580 3025 ὡς
600 2961 919 3034 νηπιὼδεσι,
946 2965 1060 3027 τοῖς
1081 2963 1141 3028 ἐξ
1163 2964 1382 3035 Ἰσραὴλ
1407 2964 1788 3035 διαλεγομένη,

214 3055 271 3109 ἑκ
313 3054 418 3109 τῶν
466 3057 658 3119 αὐτοῖς
693 3054 942 3125 συνήθων
982 3054 1079 3118 τὰς
1113 3056 1445 3124 ἐπαγγελίας
1492 3057 1792 3128 παρέχεται

1947 1324 2065 1381 Non
2094 1329 2297 1383 desunt
2317 1343 2464 1395 vero,
2489 1328 2582 1399 qui
2609 1326 2796 1381 cameli
2819 1342 2972 1395 super
2983 1327 3211 1382 camelos
3229 1327 3457 1394 venient,

1878 1418 2156 1486 dixerint;
2202 1421 2310 1482 vel,
2371 1426 2431 1472 ut
2490 1434 2612 1480 quae
2672 1417 2777 1489 ipsi
2840 1418 3124 1484 haberent,
3171 1418 3459 1484 allaturos.

1882 1507 2167 1581 Deumque
2219 1509 2480 1565 incilibus
2539 1518 2594 1565 et
2633 1509 2901 1579 promptis
2935 1515 3289 1565 veneraturos
3335 1524 3462 1565 esse

1879 1601 2174 1658 docerent:
2206 1601 2313 1667 vel,
2369 1612 2427 1656 ut
2454 1616 2562 1655 non
2590 1601 2895 1671 sigillatim,
2941 1597 3037 1655 sed
3067 1600 3325 1669 gregatim
3366 1613 3462 1654 ac-

1880 1706 2164 1757 cessuros,
2191 1692 2322 1747 etin
2355 1691 2447 1748 Dei
2478 1693 2707 1763 gloriam
2734 1690 2944 1747 fruetus
2982 1692 3268 1755 allaturos,
3301 1691 3353 1745 id
3377 1700 3466 1746 est

1805 1807 1853 1867 Β
1884 1782 2150 1837 bonorum
2191 1796 2418 1852 operum
2445 1781 2798 1845 suavitatem,
2830 1790 2882 1835 et
2906 1780 3123 1833 diuitias
3158 1778 3465 1849 spirituales

1882 1872 2198 1943 judicareut
2249 1873 2358 1928 :de
2393 1888 2628 1942 quorum
2660 1888 2891 1927 numero
2946 1870 3169 1933 fuerunt
3215 1871 3466 1925 nonnulli

1886 1964 1982 2033 qui
2038 1963 2287 2017 habitum
2321 1963 2499 2033 adepti
2536 1963 2940 2032 evangelicun‘i,
2986 1963 3193 2032 populo
3230 1961 3466 2032 praefueo

1887 2064 2040 2120 runt,
2076 2064 2127 2108 et
2173 2055 2412 2108 salutare
2460 2053 2675 2108 Domini
2708 2054 3121 2108 annuntiat-unt.
3151 2052 3304 2118 Quod
3341 2068 3468 2107 rur-

1890 2160 2011 2200 sum
2063 2155 2309 2199 venturas
2355 2155 2405 2199 et
2441 2160 2557 2198 oves
2607 2143 2816 2208 Cedar,
2867 2154 2916 2198 et
2972 2144 3163 2198 arietes
3223 2142 3468 2198 Nabeoti't

1889 2235 2063 2303 dixit;
2091 2252 2306 2299 eorum,
2352 2236 2446 2307 qui
2502 2235 2781 2291 accessuri
2833 2243 2985 2299 sunt,
3015 2245 3167 2305 grata
3208 2232 3321 2288 fore
3368 2250 3467 2304 per

1892 2326 2052 2383 ﬁdem
2107 2327 2379 2382 sacriﬁcia
2436 2326 2787 2397 signiﬁcavit.
2849 2324 3011 2380 Dicas
3062 2339 3248 2394 porro,
3286 2324 3462 2401 aiunt,

1891 2420 2085 2478 ovium,
2117 2416 2442 2486 arietumque
2474 2417 2714 2479 nomine,
2756 2414 2901 2470 viros
2939 2430 3034 2469 eos
3066 2414 3335 2483 intelligi;
3370 2415 3465 2483 qui

1893 2506 2187 2563 virtutibus
2232 2509 2441 2571 onusti,
2494 2506 2971 2561 mansuetudinem
3020 2504 3463 2575 amplcCluntur;

1890 2602 2089 2672 quibus
2112 2601 2301 2653 domus
2323 2598 2541 2652 Domini
2568 2597 2935 2668 gloriﬁcatur:
2955 2613 3061 2650 non
3093 2606 3273 2651 autem
3298 2596 3469 2653 fumis

1891 2704 1945 2750 et
1978 2694 2371 2763 sanguinihus,
2401 2700 2457 2744 ut
2486 2692 2614 2745 olim
2645 2690 2928 2759 templum,
2972 2689 3067 2742 sed
3115 2688 3265 2741 cultu
3305 2688 3469 2758 plane

1891 2770 2191 2857 spirituali.
2234 2782 2411 2852 [lujus
2447 2798 2578 2839 vero
2611 2781 2742 2836 dicti
2783 2791 2837 2836 et
2878 2780 3129 2834 Salvator
3158 2779 3321 2835 etiam
3353 2794 3469 2833 me-

1894 2877 2074 2939 minit,
2108 2888 2235 2931 cum
2271 2873 2489 2929 Iudaeos
2533 2875 2843 2943 alloquens,
2890 2873 3109 2927 domum
3143 2886 3323 2937 suam,
3367 2870 3471 2926 do-

1895 2982 2041 3021 mum
2066 2965 2288 3034 quidem
2315 2951 2592 3020 Orationis.
2614 2961 2797 3017 vocari
2828 2961 2966 3016 dixit
2994 2960 3136 3024 “"2
3161 2960 3255 3015 sed
3287 2959 3354 3013 ab
3389 2957 3473 3013 eis

1895 3057 2212 3127 speluncam
2264 3055 2539 3109 latronum
2596 3051 2798 3107 fictam
2852 3066 2999 3107 esse.
3048 3049 3143 3104 Est
3188 3052 3354 3120 igitur
3405 3064 3474 3103 eo

217 3147 340 3216 μετὰ
382 3145 477 3199 τοῦ
516 3143 895 3225 [σωματικοῦ]
928 3145 1122 3217 δηλοῦν
1166 3165 1218 3200 τι
1267 3147 1364 3201 xa‘t
1411 3146 1622 3215 νοητόν.
1662 3146 1788 3216 Περὶ

1900 3153 2144 3215 tempore
2191 3144 2526 3215 glori/imm,
2575 3159 2686 3213 quo
2718 3140 2907 3195 domus
2945 3140 3204 3194 orationis
3234 3140 3359 3207 fuit.
3400 3137 3477 3225 De

214 3240 391 3295 πολλοῦ
420 3241 537 3311 γὰρ
566 3234 636 3310 ἦν
664 3239 851 3305 αὐτοῖς
892 3237 1169 3308 ἀλλόφυλα
1206 3237 1352 3306 ἔθνη
1381 3236 1796 3310 δωροεροροῦντα

214 3330 518 3386 θεάσασθαι.
554 3329 745 3402 Θέλγει
777 3331 959 3384 τοίνυν
995 3330 1192 3393 αὐτοὺς
1225 3328 1696 3400 συμψελλιζομένη
1728 3326 1796 3381 τὰ

214 3423 349 3492 φίλα.
385 3425 493 3478 Καὶ
524 3423 732 3495 συνήθη
760 3422 889 3494 γὰρ,
917 3422 992 3485 ὡς
1021 3420 1084 3491 δὴ
1117 3422 1327 3485 παισὶν,
1374 3419 1794 3489 ἐπαγγέλλεται,

214 3508 367 3570 δι’ῶν
414 3517 635 3587 divtng
686 3513 1105 3587 προτρεπομένη
1160 3512 1297 3583 πρὸς
1345 3496 1681 3578 θεοσέϐειαν,
1722 3513 1797 3576 ὡς

215 3608 338 3682 πρὸς
363 3607 718 3663 διδασκαλίαν
751 3608 879 3671 τοὺς
909 3606 1108 3669 παῖδας
1154 3602 1623 3672 εἰώθαμεν.Ἵσως
1656 3603 1701 3655 δ’
1729 3602 1796 3656 ἂν

217 3697 385 3762 αὐτοῖς
433 3697 726 3768 ἀπήντηκε
776 3696 871 3749 καὶ
917 3693 1273 3766 σωματικῶς,
1321 3695 1369 3747 εί
1419 3693 1511 3747 τὸν
1560 3693 1795 3764 Χριστὸν

214 3778 595 3858 παρεδέξαντο.
622 3786 925 3857 Τοιγαροῦν
976 3789 1072 3841 καὶ
1103 3785 1247 3838 οὕτω
1292 3783 1435 3848 τινὲς
1467 3784 1756 3837 ἀπέδωκαν
1779 3798 1794 3813 ·

212 3873 480 3945 ¹Ἂνόιλιι.6ἐ
513 3894 613 3930 σου
640 3877 701 3930 τὸ
731 3877 997 3950 πρότερον
1018 3876 1164 3945 φῶς,
1196 3871 1614 3943 Ἰερουσαλὴμ,
1649 3872 1678 3926 ὃ
1709 3872 1797 3926 διὰ

215 3966 477 4040 ῥᾳθυμίας
505 3968 844 4032 ἀπέσόεσας,
875 3969 969 4022 καὶ
1001 3961 1043 4037 ᾧ
1070 3968 1193 4020 κατ’
1222 3964 1499 4035 ἐξαίρετον
1530 3963 1796 4036 ὲτιμήθης

214 4057 313 4111 τῶν
339 4059 515 4114 ἄλλων
548 4058 1020 4128 ἐσκοτισμένων,
1052 4057 1127 4121 ὡς
1157 4056 1222 4110 ἂν
1252 4057 1455 4110 ἔθνεσι
1485 4053 1582 4108 καὶ
1608 4055 1794 4119 βασι-

215 4148 383 4204 λεῦσι
415 4148 730 4214 θεοσεϐείας
760 4150 897 4222 γένῃ
929 4148 1280 4220 παράδειγμα
1300 4189 1314 4213 ,
1349 4145 1442 4200 σοῦ
1469 4143 1525 4200 δὲ
1564 4149 1640 4216 μὴ
1674 4145 1798 4215 βου-

194 4242 440 4317 ,λομένης
472 4244 577 4299 ἐπὶ
610 4243 683 4298 τὰ
711 4246 855 4313 ἔθνη
885 4245 951 4297 τὸ
973 4242 1093 4313 φῶς
1130 4224 1237 4297 τοῦ
1266 4239 1527 4311 Χριστοῦ
1559 4238 1799 4309 μεταϐή-

221 4350 383 4391 σεται.
411 4334 487 4391 Τὺ
517 4336 610 4391 σὺν
640 4332 733 4391 οὖν
750 4337 926 4406 ὄμμα,
962 4335 1148 4406 φησὶν,
1173 4332 1455 4389 ἀνάτεινον
1473 4331 1608 4402 πρὶς
1638 4327 1793 4394 Θεὸν,

218 4429 306 4482 καὶ
328 4427 448 4499 ὕψει
481 4428 610 4492 τοὺς
634 4430 691 4482 ὲν
728 4430 794 4500 τῇ
822 4427 1092 4498 διασπορᾷ
1130 4424 1503 4495 συνηγμένους
1539 4420 1643 4475 ὑπὸ
1685 4421 1797 4475 τῶν

216 4520 552 4589 κατεχόντων
580 4518 1102 4590 δορυφορουμένους.

1900 3214 2175 3294 industria
2196 3214 2386 3293 autem
2418 3236 2716 3301 lsraehtas,
2747 3244 3005 3303 tanquam
3037 3230 3272 3285 infantes
3327 3214 3478 3285 Scri-

1898 3340 2056 3401 ptura
2088 3331 2395 3398 alloquens,
2433 3344 2528 3397 per
2545 3341 2772 3396 ea,qua:
2813 3325 3014 3380 usitata
3055 3332 3206 3385 sunt,
3241 3322 3477 3391 promis-

1898 3422 2083 3476 sioncs
2139 3419 2275 3490 ipsis
2308 3419 2551 3483 exhibet,
2588 3427 2645 3472 ut
2676 3433 2800 3471 cum
2843 3431 2927 3482 eo,
2965 3415 3111 3484 quod
3148 3428 3477 3482 corporeum

1896 3519 2001 3575 est,
2055 3509 2399 3580 intelligibile
2438 3507 2602 3562 etiam
2659 3505 2864 3575 aliquid
2910 3502 3208 3573 signiﬁcari
3250 3502 3481 3557 demou-

1897 3608 2052 3659 stret.
2089 3594 2265 3671 Magni
2294 3600 2437 3655 enim
2472 3600 2692 3653 illorum
2728 3584 3016 3661 intererat,
3052 3598 3097 3652 si
3131 3604 3310 3665 gentes
3344 3580 3481 3649 alie;

1896 3697 2128 3767 nigenas
2176 3695 2318 3749 dona
2374 3693 2572 3749 offerre
2610 3693 2981 3759 intuerentur.
3035 3690 3141 3746 Eos
3173 3689 3340 3758 igitur
3372 3688 3478 3745 hoc

1897 3789 2017 3843 loco
2050 3784 2340 3852 demulcet,
2372 3774 2632 3856 tauquam
2678 3784 2745 3839 de
2774 3781 3037 3853 jucundis
3091 3782 3255 3836 rebus
3311 3768 3479 3834 simul

1897 3876 2171 3932 balbutire
2191 3877 2407 3944 gestiat.
2442 3873 2572 3940 Quae
2596 3874 2743 3928 enim
2772 3871 2908 3943 ipsis
2937 3869 3137 3925 usitata
3175 3877 3328 3928 sunt,
3363 3882 3477 3921 non

1897 3956 2061 4021 aliter
2097 3979 2231 4021 sane
2272 3981 2435 4034 quam
2482 3962 2689 4036 pueris,
2743 3961 3052 4025 annuntiat,
3088 3967 3145 4012 ut
3173 3971 3267 4013 eos
3300 3956 3375 4010 ita
3407 3953 3477 4012 ad

1898 4059 2154 4129 pietatem
2188 4044 2424 4111 adducat
2457 4072 2474 4111 :
2511 4071 2619 4124 quo
2650 4056 2813 4124 pacto
2845 4067 3047 4133 pueros
3080 4036 3249 4119 ipsos)
3298 4047 3353 4103 in
3394 4045 3479 4101 di-

1899 4148 2188 4219 sciplinam
2216 4150 2458 4203 solemus
2488 4146 2833 4218 pertrahere.
2852 4143 3107 4198 Fortasse
3136 4154 3264 4195 vero
3293 4148 3347 4194 et
3372 4138 3477 4193 ista

1898 4242 2009 4298 illis
2063 4240 2430 4311 corporaliter
2479 4237 2872 4310 contigissent,
2909 4235 2951 4291 si
2986 4231 3268 4290 Christum
3311 4228 3478 4284 admi-

1899 4334 2125 4389 sissent.
2179 4324 2271 4387 Sic
2329 4332 2496 4403 igitur
2553 4331 2718 4385 etiain
2776 4325 3023 4383 nonnulli
3075 4323 3474 4393 explicarunt:

1898 4424 2139 4479 Resume
2178 4423 2333 4491 prius
2389 4421 2563 4475 lumen
2602 4419 2929 4484 Jerusalem,
2962 4415 3107 4487 quod
3148 4411 3478 4484 negligentia

1825 4508 1871 4563 Ῑ)
1898 4515 2069 4588 688
2092 4523 2183 4569 tua
2200 4515 2530 4569 exstinctum
2556 4524 2659 4576 e51,
2692 4526 2908 4582 quoque
2933 4517 3128 4580 praeter
3144 4521 3238 4561 eos
3260 4500 3481 4567 eximie.

216 4610 303 4677 qui
362 4608 593 4663 tenebris
636 4608 803 4675 operti
843 4613 987 4671 sunt,
1042 4606 1308 4661 honorata
1354 4619 1436 4669 es,
1467 4611 1527 4658 ut
1548 4606 1791 4674 gentibus
1830 4605 1966 4675 ipsis
1994 4616 2042 4659 et
2079 4604 2288 4676 regibus
2325 4605 2544 4675 pietatis
2574 4603 2880 4671 exemplum
2913 4601 3175 4672 praebeas.
3210 4594 3365 4662 Quod
3431 4593 3479 4648 Si

217 4701 377 4766 nolis,
421 4699 490 4753 ad
525 4709 704 4771 gentes
746 4696 953 4752 Christi
979 4697 1157 4752 lumen
1187 4699 1465 4753 transibit.
1498 4694 1600 4751 Tui
1632 4699 1798 4769 igitur
1871 4696 2014 4753 oc‘uli
2068 4700 2270 4761 aciem,
2306 4697 2505 4766 inquit,
2555 4696 2622 4750 ad
2655 4693 2821 4748 Deum
2874 4694 3082 4762 dirige;
3117 4697 3170 4744 et
3199 4702 3317 4772 eos,
3384 4682 3481 4752 qui

218 4789 455 4862 dispersi
482 4798 664 4856 erant,
690 4798 1075 4863 congregatos,
1105 4792 1460 4861 ipsorumque
1503 4790 1791 4860 praesidio,
1847 4804 1878 4845 a
1917 4790 2119 4862 quibus
2168 4789 2595 4853 detinebantur,
2624 4794 2825 4841 'tectos
2880 4793 2934 4839 et
2988 4783 3246 4838 defensos
3300 4777 3483 4831 intuc-

216 4882 389 4942 beris.

282 4975 719 5047 Ἐπαγγέλλεται
769 4978 828 5032 δὲ
876 4980 973 5033 καὶ
1022 4977 1277 5047 χρυσὸν,
1324 4978 1522 5033 καὶτὰ
1552 4978 1661 5032 ἀπὸ
1686 4952 1821 5033 τῶνν

215 5064 401 5129 ἐθνῶν
441 5071 560 5132 τοῖς
602 5069 732 5141 περὶ
772 5062 948 5123 ταῦτα
997 5070 1386 5139 ἐπτοημένοις,
1437 5070 1485 5121 εί
1530 5067 1807 5122 θεοσεδεῖν

216 5157 469 5214 ἐθέλοιεν.
501 5161 612 5214 Καὶ
643 5160 819 5215 ταῦτα
856 5162 957 5233 μὲν
990 5153 1160 5216 οῦτοι.
1193 5161 1270 5231 Τῇ
1300 5162 1355 5214 δὲ
1389 5160 1593 5231 παλαιᾷ
1624 5159 1806 5214 διαλε-

217 5250 362 5320 χθεὶς
404 5250 833 5323 Ἰερουσαλὴμ,
879 5250 958 5324 τῷ
1005 5251 1252 5306 θεοσεϐεῖ
1303 5251 1684 5322 πολιτεύματι,
1738 5255 1802 5325 τῇ

219 5344 414 5417 μητέρι
449 5344 553 5415 τῆς
600 5344 727 5409 νέας
775 5345 872 5400 καὶ
922 5345 1063 5400 κατὰ
1114 5344 1352 5415 Χριστὸν
1405 5343 1704 5408 πολιτείας,
1739 5345 1804 5398 ὲκ

219 5435 516 5508 προσώπου
548 5437 642 5493 νῦν
670 5437 841 5509 αὐτῆς
873 5437 1126 5511 ἐπιφέρει
1157 5436 1225 5491 τὰ
1253 5436 1391 5509 μετὰ
1413 5421 1585 5490 ταῦτα
1611 5435 1802 5506 λεγού-

166 5608 189 5615 '
283 5590 334 5625 ⁸³
370 5592 574 5648 Ezech.
615 5595 813 5650 mm;
844 5592 935 5661 ὅθ,
963 5594 1053 5650 51.
1126 5595 1243 5632 ’ωδ
1281 5592 1474 5650 Matth.
1507 5593 1735 5658 “1,13.

294 5802 604 5871 “ne-wis-
678 5776 1062 5871 tim-M51-

1974 4974 2278 5031 Pollicetur
2308 4985 2438 5027 vero
2494 4984 2602 5024 non
2630 4984 2823 5023 aurum
2868 4962 3113 5032 tantum;
3175 4962 3270 5018 sed
3330 4970 3385 5018 et
3417 4980 3482 5021 ea

1905 5068 2070 5125 etiam
2103 5066 2172 5120 de
2204 5063 2465 5136 gentibus,
2498 5076 2621 5132 quae
2662 5075 2758 5115 eos
2808 5059 2862 5114 in
2912 5055 3329 5111 admirationem
3365 5064 3482 5110 tra-

1901 5159 2067 5231 hunt,
2102 5157 2149 5213 si
2186 5155 2277 5211 Dei
2309 5155 2520 5209 cultum
2554 5151 2980 5225 amplectantur.
3017 5148 3197 5218 Atque
3228 5146 3342 5200 haec
3370 5147 3488 5216 qui-

1900 5252 2023 5305 dem
2057 5249 2157 5304 illi.
2188 5246 2456 5303 Caeterum
2481 5250 2769 5314 postquam
2789 5257 2916 5297 cum
2942 5248 3128 5297 vetere
3148 5237 3484 5308 Jerusalem,

1904 5343 1957 5396 id
1994 5350 2274 5409 est,,eum
2333 5335 2424 5403 iis,
2461 5336 2555 5405 qui
2588 5334 2737 5404 pium
2790 5335 2912 5389 vitas
2953 5331 3266 5388 institutum
3307 5322 3489 5385 secuti
3560 5370 3571 5393 ς

1901 5433 2141 5490 recentis
2172 5448 2254 5497 se,
2289 5439 2343 5486 et
2394 5428 2460 5484 ad
2497 5426 2704 5484 Christi
2734 5439 2987 5483 normam
3017 5422 3331 5494 composita:
3368 5434 3497 5479 nim.

1503 5727 1739 5784 VARI!)
1776 5723 2180 5783 LECTIONES.
