3978 6412
487 310 630 375 2625

1827 311 2179 372 PROCOPII
2222 314 2466 374 GAZ.‘EI

3592 322 3712 386 2636

560 418 867 489 Signille.:ri
897 427 1079 474 tamen
1147 418 1300 472 aiunt
1328 416 1601 482 nonnulli,
1635 431 1757 470 cum
1794 415 1928 485 legis
1969 416 2063 470 do-

2242 420 2395 483 Τινὲς
2427 422 2482 475 δέ
2514 439 2643 490 φασι
2686 420 2970 491 βούλεσθαι
3006 425 3187 494 λέγειν
3220 467 3235 494 ,
3266 426 3342 479 δτι
3376 426 3547 481 πάντα
3597 430 3717 496 πρὸς

488 516 724 567 ctrinam
760 513 959 567 cedere
992 510 1306 580 contigerit,
1340 508 1525 562 omnia
1554 524 1647 579 per
1678 507 1964 562 Christum
2004 506 2060 560 in

487 616 644 662 tanto
685 605 915 660 meliora
963 612 1354 657 commutatum
1394 601 1489 669 iri,
1524 609 1790 671 quantum
1826 608 1913 655 est
1962 616 2066 654 rere

488 701 687 770 [orrum
725 697 1101 768 praestantius.
1151 694 1367 750 Habere
1396 695 1542 750 enim
1574 710 1646 748 ατε
1678 694 1800 746 auri
1843 691 2064 764 quidem

485 792 742 861 speciem,-
772 805 872 845 nec
910 805 1105 843 aurum
1138 795 1321 841 tamen
1355 801 1499 843 esse.
1527 786 1746 840 Habere
1775 795 1830 840 et
1861 785 2065 854 ferrum

486 882 709 952 argenti,
763 889 987 950 propter
1033 878 1402 948 Splendorem,
1449 890 1554 931 nec
1586 890 1713 932 esse
1764 885 1947 931 tamen
1979 890 2068 929 ar-

482 983 716 1045 gentum,
748 988 858 1041 quo
886 972 1089 1025 factum
1123 978 1228 1035 est,
1254 977 1312 1024 ut
1345 968 1552 1022 Paulus
1579 968 1719 1038 ipse,
1771 984 1897 1023 cum
1927 969 2066 1040 legis

481 1066 1024 1134 cognitionem,uun
1065 1077 1130 1116 ea
1188 1076 1310 1131 qua:
1334 1061 1538 1116 Christi
1564 1067 1650 1116 est
1696 1070 2064 1130 compararet,

482 1156 811 1226 quisquilias
841 1154 1122 1224 appellare
1162 1168 1269 1207 non
1304 1152 1577 1207 dubitarit
1607 1151 1674 1206 δ’.
1710 1150 1896 1223 Neque
1938 1167 2067 1208 vero

444 1248 624 1302 ~male
660 1246 981 1301 Scribarum
1024 1254 1079 1300 et
1134 1243 1538 1297 Pharisaeorum
1570 1242 1886 1313 disciplina,
1935 1242 2064 1312 quia

481 1342 731 1396 fabulosa
760 1381 774 1405 ,
818 1339 977 1410 lignis
1026 1347 1076 1391 et
1135 1335 1406 1404 lapidibus
1456 1343 1844 1405 comparetur;
1897 1350 2064 1406 quam

400 1462 413 1467 -
481 1442 632 1488 tanto
669 1440 894 1503 superat
922 1444 1049 1500 quae
1090 1428 1157 1484 de
1182 1429 1406 1484 Christo
1446 1434 1568 1494 est;
1601 1435 1813 1497 quanto
1842 1434 1929 1482 est
1956 1442 2066 1481 σπι-θ

471 1528 684 1597 lignum
712 1567 727 1591 ,
772 1532 983 1595 quanto
1026 1521 1206 1591 lapide
1251 1521 1453 1591 ferrum
1492 1520 1869 1590 praestantius.
1923 1517 2066 1573 Sunt

478 1621 627 1673 enim
662 1620 835 1671 altera
877 1615 1095 1686 quidem
1141 1613 1210 1669 ad
1252 1612 1706 1669 contundendum
1754 1610 2064 1682 infringen-

474 1711 725 1782 dnmque
769 1708 950 1763 facilia
978 1717 1029 1762 et
1069 1713 1320 1777 prompta
1355 1720 1369 1756 :
1400 1706 1573 1760 altera
1599 1713 1808 1770 autem,
1868 1711 2066 1773 praater

2168 510 2228 563 τὸ
2279 512 2502 583 ἄμεινον
2560 517 3000 587 μεταστήσεται,
3042 520 3480 590 παραχωρούσης
3534 521 3625 590 τῆς
3670 524 3721 574 ὲν

2168 603 2319 675 νόμῳ
2343 605 2681 670 παιδεύσεως
2712 610 2778 679 τῇ
2831 608 2920 663 διὰ
2942 609 3039 664 τοῦ
3071 608 3305 680 Χριστοῦ
3333 611 3577 665 τοσοῦτον
3602 612 3724 686 οῠσῃ

2169 695 2462 764 κρείττονι,
2482 698 2606 752 ὅσον
2639 700 2875 767 χαλκοῦ
2924 703 3176 773 χρυσός.
3207 704 3600 772 Χρυσοφανὴς
3639 705 3727 774 μὲν

2168 786 2278 857 γὰρ
2307 790 2340 841 ό
2360 788 2611 856 χαλκὸς,
2643 788 2782 862 πλῆν
2815 793 2877 845 ού
2908 794 3158 862 χρυσός.
3199 794 3631 863 Ἀργυροφανὴς
3657 796 3727 860 δὲ,

2167 877 2256 932 διὰ
2297 879 2359 932 τὸ
2413 880 2688 949 στιλπνὸν,
2725 883 2821 936 καὶ
2853 884 2882 936 ό
2908 884 3150 955 σίδηρος,
3204 884 3318 937 ἀλλ’
3351 885 3450 938 οὐκ
3468 884 3731 955 ἄργυρος.

2170 968 2468 1041 Τοιγαροῦν
2508 971 2605 1042 τὴν
2656 975 2715 1026 ὲν
2773 975 2924 1045 νόμῳ
2956 975 3160 1045 γνῶσιν
3190 976 3327 1046 πρὸς
3373 976 3470 1046 τὴν
3498 977 3582 1030 διὰ
3611 979 3737 1049 Χρι-

2170 1060 2320 1125 στοῦ,
2356 1061 2603 1118 σκύϐαλα
2630 1063 2843 1129 Παῦλος
2872 1067 3052 1133 καλεῖ,
3087 1069 3119 1137 ή
3147 1066 3203 1119 δὲ
3233 1067 3341 1119 τῶν
3371 1066 3736 1138 Γραμματέων

2169 1154 2264 1207 καὶ
2291 1155 2603 1225 Φαρισαίων
2629 1157 2953 1212 διδασκαλία
2996 1156 3250 1229 μυθώδης
3299 1155 3455 1225 οὖσα,
3483 1160 3738 1229 παρεικά-

2168 1247 2316 1313 ζοιτο
2345 1249 2557 1317 ξύλοις
2589 1251 2690 1305 καί
2747 1254 2965 1318 λίθοις,
2990 1250 3061 1325 ἦς
3090 1255 3123 1324 ή
3159 1255 3216 1307 ὲν
3250 1254 3474 1327 Χριστῷ
3499 1255 3740 1309 τοσοῦτον

2166 1340 2424 1411 ἀμείνων,
2473 1344 2597 1398 ὅσον
2653 1344 2848 1410 ξύλου
2883 1348 3132 1416 χαλκὸς,
3179 1347 3433 1415 σίδηρός
3460 1363 3524 1400 τε
3551 1347 3737 1403 λίθου.

2167 1432 2249 1485 Τὰ
2277 1433 2377 1504 μὲν
2410 1435 2520 1506 γὰρ
2550 1434 2841 1502 εὗθλαστα,
2877 1436 2948 1490 τὰ
2983 1438 3062 1504 δὲ,
3097 1439 3236 1508 πρὸς
3289 1437 3369 1508 τῷ
3394 1438 3627 1508 λαμπρῷ
3654 1439 3740 1492 καὶ

2167 1523 2351 1595 τιμίῳ,
2402 1525 2496 1578 καὶ
2539 1526 2782 1598 ἀρραγῆ.
2824 1527 2946 1591 Βίος
2972 1528 3080 1599 γὰρ
3107 1529 3267 1600 ὀρθὸς
3298 1529 3436 1599 μετὰ
3467 1518 3742 1599 δογμάτων

2166 1614 2382 1685 ἀληθῶν
2421 1617 2797 1687 παραδίδοται,
2830 1619 2919 1673 διὰ
2948 1619 3107 1673 τοῦτο
3134 1621 3226 1674 καὶ
3249 1620 3462 1684 Παῦλος
3484 1620 3583 1691 τῆς
3601 1622 3744 1689 παρά

2166 1729 2328 1766 τινων
2358 1711 2750 1782 μυσταγωγίας
2781 1711 2880 1783 τὴν
2931 1712 3182 1782 δύναμιν,
3212 1712 3368 1777 ξύλα,
3412 1712 3621 1783 χόρτον,
3656 1717 3742 1766 καὶ

479 1820 644 1876 quam
686 1801 834 1874 quod
873 1797 1165 1872 splendore
1215 1796 1466 1868 pncdita,
1515 1797 1757 1866 pretiosa
1798 1797 1963 1850 etiam
2010 1802 2063 1849 et

2168 1802 2349 1868 λίθους
2375 1803 2550 1857 καλεῖ.
2575 1803 2733 1865 Τινὲς
2764 1803 2823 1857 δὲ
2845 1805 2942 1858 καὶ
2965 1805 3107 1858 κατὰ
3133 1804 3232 1875 τὴν
3265 1802 3412 1870 λέξιν
3440 1803 3739 1868 ἀπέδωκαν,

464 1896 778 1966 'infragilia.
812 1894 965 1966 Solet
1002 1892 1146 1948 enim
1179 1891 1317 1957 vita,
1344 1903 1466 1959 qua:
1498 1895 1649 1945 recta
1674 1892 1784 1953 est‘,
1814 1900 1940 1943 cum
1972 1900 2063 1941 ve-

480 1990 559 2044 ris
600 1964 915 2058 disciplinis
953 1983 1020 2040 ad
1058 1983 1199 2039 alios
1248 1981 1506 2037 transire.
1550 1979 1670 2047 Quo
1707 1979 1916 2035 factum
1951 1987 2060 2047 est,

480 2092 540 2136 ut
573 2081 818 2151 mystica:
848 2076 1217 2149 quorumdam
1271 2074 1577 2145 disciplinae
1623 2072 1968 2137 facultatem,
1996 2071 2062 2125 li-

476 2189 608 2245 gna,
636 2173 820 2229 fetuum
838 2180 892 2227 et
915 2169 1124 2241 lapides
1153 2167 1362 2224 Paulus
1384 2166 1679 2238 appellarit
1701 2167 1770 2220 ⁵ο.
1797 2163 2063 2221 Nonnulli

478 2283 609 2324 vero
633 2266 797 2320 etiam
823 2264 888 2319 ad
913 2263 1153 2319 litteram
1198 2261 1544 2333 explicarunt
1589 2269 1851 2331 tanquam
1874 2258 2064 2316 civita-

477 2363 513 2415 ti
543 2361 801 2430 pietatem
835 2354 1036 2410 colenti
1071 2353 1304 2409 materia
1329 2352 1608 2424 quaelibet,
1644 2353 1889 2423 pretiosa
1903 2368 2059 2425 eque

2168 1898 2245 1961 ὼς
2278 1896 2578 1968 εὐσεϐούσῃ
2608 1898 2676 1968 τῇ
2733 1895 2886 1949 πόλει
2917 1897 3068 1951 πᾶσα
3096 1894 3200 1967 ὕλη
3225 1896 3387 1968 τιμία
3426 1897 3486 1949 ὲν
3517 1896 3614 1966 ἴσῳ
3632 1898 3741 1959 τοῖς

2169 1989 2387 2060 ἀτίμοις
2424 1989 2733 2061 δοθήσεται.
2759 1989 2853 2061 Μὴ
2891 1989 2948 2043 δὲ
2988 1989 3097 2060 γὰρ
3123 1988 3390 2043 ἀδύνατον
3427 1985 3569 2043 εἶναι
3599 1989 3744 2042 τοῦτο

2170 2080 2311 2151 Θεῷ.
2352 2080 2500 2152 Πλὴν
2554 2080 2763 2135 τούτων
2812 2079 2956 2134 οὕτω
2995 2080 3298 2152 γινομένων
3349 2083 3406 2135 οί
3465 2079 3744 2149 ἄρχοντές

2169 2187 2286 2230 σου
2323 2174 2510 2228 λοιπὸν
2544 2174 2616 2228 ἐν
2663 2175 2875 2243 εἰρήνῃ
2936 2173 3207 2242 διάξουσι,
3251 2174 3397 2228 κατὰ
3448 2173 3744 2246 πρόγνωσιν

2168 2267 2367 2331 αὐτοὺς
2398 2268 2775 2333 ἐπισκόπους
2795 2266 3054 2331 καλέσας.
3092 2266 3173 2321 Τὸ
3197 2267 3278 2331 δὲ,
3304 2265 3413 2321 Ἐν
3437 2264 3646 2335 εἰρήνῃ
3672 2263 3743 2316 δι·-

2169 2359 2391 2426 άξουσιν
2452 2358 2549 2414 καὶ
2579 2358 2652 2413 ἐν
2672 2358 3054 2427 δικαιοσύνῃ,
3101 2359 3166 2412 ὲκ
3190 2358 3392 2428 μέρους
3433 2355 3742 2427 ἐπληροῦτο,

478 2469 542 2508 ac
569 2453 804 2521 objecta,
839 2447 1093 2529 donanda
1122 2447 1216 2502 sit.
1250 2445 1425 2501 Posse
1444 2445 1588 2501 enim
1627 2444 1866 2517 idipsum
1888 2445 2061 2502 Deum

2168 2450 2302 2509 κατὰ
2333 2450 2414 2515 τὸ,
2461 2467 2481 2501 ι
2516 2448 2616 2502 Ἐκ
2658 2449 2863 2521 μέρους
2904 2451 3269 2519 γινώσκομεν,
3324 2450 3421 2502 καὶ
3455 2448 3520 2501 ὲκ
3554 2449 3742 2518 μέρους

476 2545 714 2599 ιιίῐὶεειε.
749 2541 1021 2597 Caeterum
1058 2552 1184 2594 cum
1222 2537 1329 2592 ista
1361 2536 1478 2593 ﬁeri
1527 2537 1847 2607 contigerit,
1876 2537 2063 2595 vivent

2168 2542 2607 2617 προφητεύομεν,
2633 2560 2653 2594 ι
2706 2541 2850 2596 κατὰ
2899 2541 2992 2595 τὸν
3035 2543 3281 2613 παρόντα
3333 2540 3451 2612 βίον
3493 2540 3739 2610 δηλονότι.

475 2641 531 2693 in
556 2653 683 2708 pace
712 2637 976 2707 principes
1005 2632 1103 2697 tui,
1136 2628 1365 2700 adjicit;
1388 2644 1530 2701 quos
1571 2638 1796 2701 pr0pter
1827 2629 2059 2687 futuro-

2173 2656 2191 2686 ι
2222 2637 2391 2690 Ὅταν
2427 2635 2485 2688 δὲ
2505 2632 2636 2707 ἔλθῃ
2654 2633 2715 2687 τὸ
2741 2633 2971 2702 τέλειον,
2992 2633 3055 2688 τὸ
3079 2637 3143 2689 ὲκ
3176 2634 3379 2706 μέρους
3408 2630 3745 2704 καταργηθή-

476 2750 598 2788 rum
626 2730 1055 2806 praesensionem
1080 2726 1354 2796 episcopos
1381 2725 1644 2796 appellat.
1680 2724 1887 2781 Deinde
1912 2726 2062 2798 quod
2172 2743 2347 2780 σεται.
2395 2744 2414 2778 ι
2891 2784 2897 2790 ,

475 2829 532 2881 in
582 2842 733 2895 pace,
769 2822 1092 2895 justitiaque
1139 2821 1387 2874 victuros
1423 2817 1585 2884 dixit,
1638 2817 1692 2873 id
1714 2818 1956 2890 quadam
1983 2835 2049 2875 ex
2090 2828 2247 2890 parte
2294 2819 2409 2891 jam
2442 2818 2747 2889 praestitum
2797 2827 2884 2875 est
2929 2835 2943 2885 ;
2986 2818 3143 2890 juxta
3191 2816 3377 2887 illud;
3418 2836 3439 2870 ι
3486 2817 3560 2872 Ex
3605 2826 3779 2890 ραι-ιον

475 2916 908 2990 cognoscimus;
946 2928 1012 2969 ex
1048 2898 1213 2983 parte
1239 2918 1422 2966 autem
1471 2910 1912 2980 prophetamus:
1953 2930 1972 2963 ι
2017 2912 2165 2982 quod
2226 2919 2306 2966 est
2350 2908 2421 2965 ad
2455 2909 2623 2963 vitam
2691 2909 2856 2983 istam
2896 2908 3299 2974 referendum.
3341 2896 3545 2964 {Cum
3578 2918 3745 2963 autem

479 3016 690 3069 venerit
721 3010 867 3082 quod
899 3007 1202 3079 perfectum
1226 3018 1343 3074 est;
1384 3005 1550 3079 695
1584 3006 1732 3077 quod
1763 3022 1828 3062 ex
1860 3015 2017 3078 parte
2043 3015 2150 3073 est,
2180 3005 2542 3063 evacuabitur
2578 3005 2648 3059 ⁸¹.
2680 3023 2700 3057 ι

544 3107 725 3175 Atque
750 3102 838 3157 hic
863 3100 1087 3171 quidem
1117 3098 1339 3154 futurus
1361 3110 1448 3154 est
1481 3100 1607 3156 linis
1643 3099 1796 3170 regni
1835 3100 2065 3165 Christi,
2092 3105 2137 3168 C

476 3213 601 3251 cum
626 3195 797 3250 fuerit
823 3191 1007 3247 omnis
1043 3190 1264 3247 sublata
1295 3191 1553 3262 iniquitas
1576 3233 1591 3259 ,
1623 3207 1751 3247 cum
1787 3193 2066 3260 contritio,

477 3302 601 3341 cum
633 3283 847 3337 miseria
881 3279 1145 3350 denique.
1170 3276 1372 3337 Nullus
1399 3282 1548 3337 enim
1584 3281 1847 3353 deinceps
1868 3282 2067 3370 hostis,

481 3377 629 3432 imlla
661 3373 887 3430 sceleris
916 3370 1229 3427 recordatio
1260 3373 1572 3443 supererit:
1601 3374 1769 3443 quale
1800 3382 1885 3431 est
1904 3375 2065 3429 illud:

454 3489 472 3522 ι
509 3465 793 3525 Abscessit
824 3463 1005 3530 dolor,
1031 3471 1088 3518 et
1126 3463 1404 3531 molestia,
1429 3471 1484 3519 et
1522 3465 1762 3536 gemitus
1790 3467 1860 3519 δ’.
1900 3486 1919 3519 ›
1966 3464 2068 3522 Ve-

390 3632 393 3635 _
480 3574 624 3626 rum,
657 3570 917 3628 tanquam
946 3555 1229 3626 prioribus
1257 3553 1473 3626 ejectis,
1498 3557 1639 3613 alios
1661 3557 1904 3613 instituit
1956 3560 2067 3627 epi-

477 3668 664 3723 scopos
696 3659 745 3705 et
775 3648 1079 3718 principes;
1108 3647 1200 3718 qui
1220 3658 1402 3718 pacem
1434 3663 1559 3703 cum
1597 3649 1713 3705 Deo
1739 3650 1948 3717 colant,
1969 3650 2059 3722 ju-

481 3746 792 3815 stitiamque
814 3749 1149 3797 venerentur
1182 3758 1195 3796 :
1229 3741 1395 3811 quale
1424 3741 1559 3796 illud
1594 3740 1834 3799 fortasse
1871 3742 2082 3809 l'uerit,.

477 3841 623 3912 quod
656 3838 767 3909 jam
801 3838 854 3892 in
887 3836 1003 3892 haec
1033 3836 1200 3892 verba
1234 3836 1523 3904 usurpavit
1554 3852 1569 3889 :
1608 3854 1628 3888 ι
1666 3835 1735 3891 Ει
1769 3837 2061 3895 immittam

480 3946 702 3986 manum
745 3942 924 3983 meam
967 3926 1023 3980 in
1067 3933 1143 3992 te,
1188 3935 1241 3980 et
1290 3939 1600 3996 excoquam
1643 3937 1696 3980 te
1723 3925 1792 3981 ad
1840 3941 2079 3996 purum;

480 4026 586 4078 l-Zos
615 4028 798 4076 autem
847 4018 941 4089 qui
977 4033 1089 4072 non
1125 4015 1489 4082 crediderint,
1524 4013 1747 4087 perdam
1776 4032 1791 4082 ;
1823 4024 1878 4071 et
1907 4015 2062 4071 aufe-

480 4129 594 4167 ram
620 4126 812 4166 omnes
846 4109 1070 4178 iniquos
1100 4120 1130 4159 a
1161 4112 1235 4172 te,
1264 4115 1320 4161 et
1356 4120 1551 4160 omnes
1575 4104 1848 4174 superbos
1872 4104 2062 4174 depri-

478 4220 646 4270 mam,
674 4212 728 4257 et
758 4201 1052 4269 praeﬁciam
1071 4198 1287 4271 judices
1317 4197 1436 4264 tibi,
1467 4198 1612 4253 sicut
1641 4197 1876 4269 prius",
1914 4211 2061 4252 reae-

476 4307 709 4366 teraque
746 4295 1033 4364 deinceps.
1076 4291 1217 4347 Sunt
1247 4305 1378 4346 vero
1404 4299 1461 4346 et
1500 4290 1608 4346 ista
1650 4288 1954 4346 Salvatoris
1989 4291 2058 4345 ad

475 4388 787 4443 Judaeorum
821 4383 1111 4456 praefectos
1139 4400 1153 4438 :
1196 4402 1215 4435 ι
1253 4381 1550 4437 Auferetur
1572 4381 1776 4437 avobis
1802 4396 2058 4451 regnum,

2246 3097 2424 3169 Ὅπερ
2447 3096 2565 3151 ἐστὶ
2588 3098 2688 3168 τῆς
2718 3094 2958 3168 Χριστοῦ
3006 3094 3283 3165 βασιλείας
3319 3093 3384 3147 τὸ
3436 3093 3609 3159 τέλος,
3653 3092 3745 3146 πά-

2174 3210 2272 3263 σης
2303 3190 2537 3258 ἀδικίας
2565 3189 2940 3262 ἀνῃρημένης,
2974 3186 3177 3252 παντός
3218 3204 3279 3240 τε
3305 3188 3747 3255 συντρίμμιιτος

2172 3286 2268 3341 καὶ
2290 3286 2718 3353 ταλαιπωρίας.
2756 3284 2981 3356 Ἐχθρὸς
3015 3283 3127 3354 γὰρ
3151 3281 3618 3353 ὑπολειφθήσεται
3640 3282 3745 3344 ,λοι-

2171 3376 2272 3431 πὸν
2293 3376 2492 3441 οὐδεὶς,
2529 3376 2652 3430 οὐδὲ
2678 3375 2870 3455 μνήμη
2897 3375 3118 3441 κακίας,
3151 3373 3294 3429 κατὰ
3338 3375 3423 3439 τὸ,
3457 3393 3475 3426 ι
3528 3372 3746 3442 Ἀπέδρα

2169 3471 2350 3541 ὀδύνη,
2382 3471 2478 3524 καὶ
2527 3469 2695 3540 λύπη,
2741 3472 2839 3524 καὶ
2886 3469 3212 3539 στεναγμός.
3262 3488 3280 3521 ι
3320 3468 3470 3539 Πλὴν
3527 3468 3600 3531 ὼς
3650 3466 3747 3518 τῶν

2169 3559 2405 3632 πρώτων
2429 3559 2872 3632 ἐπιϐεϐλημένων,
2932 3560 3158 3630 ἑτέρους
3195 3559 3488 3629 ἀνίστησιν
3519 3555 3747 3610 ἐπισκό-

2171 3670 2352 3721 πους,
2386 3653 2487 3708 καί
2516 3653 2816 3723 ἄρχοντας
2843 3654 3273 3721 είρηνεύοντας
3302 3653 3449 3723 πρὸς
3486 3651 3635 3713 Θεὸν,
3667 3648 3750 3703 καὶ

2167 3746 2446 3817 τιμῶντας
2466 3746 2535 3799 τὸ
2563 3744 2800 3799 δίκαιον
2856 3745 3041 3797 ὁποῖον
3091 3742 3159 3798 ἂν
3205 3745 3291 3812 εἴη
3325 3742 3389 3796 τὸ
3427 3743 3528 3814 ’ήδη
3564 3741 3743 3814 ῥηθέν·

2175 3857 2193 3889 ι
2222 3839 2332 3893 Καὶ
2359 3837 2547 3905 ἐπάξω
2572 3837 2669 3908 τὴν
2705 3837 2864 3908 χεῖρά
2897 3852 3000 3908 μου
3030 3837 3124 3890 ἐπὶ
3176 3836 3259 3900 σὲ,
3285 3835 3388 3890 καὶ
3430 3833 3668 3906 πυρώσω
3695 3850 3746 3886 σε

2167 3931 2249 3994 είς
2311 3929 2575 4000 καθαρόν.
2635 3918 2775 3994 Τοὺς
2823 3931 2880 3983 δὲ
2936 3928 3300 3994 ἀπειθοῦντας
3355 3929 3626 3991 ἀπολέσω,
3662 3928 3744 3981 καὶ

2166 4020 2352 4092 ἁφελῶ
2381 4021 2593 4086 πάντας
2639 4021 2878 4090 ἀνόμους
2913 4019 3024 4074 ἀπὸ
3057 4019 3175 4085 σοῦ,
3214 4020 3313 4074 καὶ
3340 4021 3548 4083 πάντας
3590 4019 3743 4086 ὑπερ-

2164 4114 2408 4185 ηφάνους
2429 4112 2776 4181 ταπεινώσω,
2807 4114 2903 4167 καὶ
2952 4112 3234 4184 ἐπιστήσω
3277 4114 3410 4177 τοὺς
3444 4111 3633 4183 κριτάς
3660 4124 3741 4160 σου

2163 4208 2238 4271 ὡς
2277 4206 2339 4260 τὸ
2371 4206 2667 4278 πρότερον,
2704 4224 2724 4258 ι
2756 4206 2851 4260 καὶ
2880 4205 2949 4259 τὰ
2977 4205 3072 4259 ἐπὶ
3110 4204 3348 4270 τούτοις.
3386 4206 3497 4259 Καὶ
3520 4207 3545 4258 ὁ
3568 4200 3742 4271 Σωτὴρ

2162 4299 2218 4353 δὲ
2244 4302 2357 4363 τοῖς
2394 4298 2668 4354 Ἰουδαίων
2716 4298 2865 4367 λέγει
2917 4297 3260 4369 καθηγηταῖς
3287 4313 3302 4328 ⁸
3365 4316 3385 4350 ι
3434 4298 3739 4368 Ἀρθὴσεται

2162 4393 2255 4460 ἀφ’
2288 4390 2446 4463 ὑμῶν
2499 4393 2532 4460 ἡ
2600 4390 2850 4462 βασιλεία
2909 4391 3005 4445 καὶ
3052 4390 3346 4462 δοθήσεται
3400 4389 3544 4443 ἔθνει
3588 4386 3739 4456 ἑτέρῳ

474 4489 527 4534 ct
553 4479 772 4533 dabitur
817 4477 966 4548 genti
1009 4474 1239 4530 facienti
1288 4473 1504 4529 fructus
1529 4472 1652 4539 ejus
1697 4472 1769 4526 5‘.
1807 4488 1827 4525 ι
1869 4472 2060 4544 Neque

2168 4483 2411 4539 ποιοῦντι
2442 4485 2571 4548 τοὺς
2602 4483 2853 4555 καρποὺς
2882 4481 3078 4552 αὐτῆς.
3121 4500 3140 4535 ι
3174 4482 3335 4546 Τινὲς
3364 4482 3422 4535 δὲ
3450 4480 3589 4535 κατὰ
3610 4476 3738 4543 λέξιν

473 4586 606 4627 vero
630 4572 849 4634 desunt,
873 4569 966 4639 qui
1000 4566 1069 4622 ad
1099 4567 1341 4621 litteram
1380 4565 1741 4635 explicantes,
1779 4565 2058 4632 justitiam

472 4679 600 4718 rum
645 4661 886 4717 subditis
913 4660 1164 4715 culturos
1191 4672 1315 4714 esse
1340 4656 1607 4727 principes
1634 4671 1852 4723 eorum,
1880 4656 2057 4712 bello-

471 4769 581 4824 que
620 4770 749 4821 pace
798 4764 1120 4822 comparata
1171 4751 1245 4803 ita
1293 4749 1564 4804 fruituros
1608 4749 1817 4814 dicant,
1856 4761 1917 4804 ut
1961 4749 2057 4819 qui

465 4846 660 4899 hostes
689 4852 785 4897 aut
833 4841 979 4897 feras
1006 4840 1221 4905 titueat,
1253 4838 1320 4892 ad
1353 4839 1505 4907 ipso.
1532 4837 1841 4909 confugiat.
1885 4836 2055 4892 Vaca-

474 4938 669 4987 buntur
698 4941 908 4995 autem,
948 4929 1163 4999 adjicit,
1187 4927 1447 4991 salutare,
1480 4927 1624 4981 muri
1651 4927 1730 4981 tui
1757 4941 1775 4980 :
1807 4925 1922 4994 ubi,
1955 4941 2056 4997 pro

474 5039 585 5094 quo
620 5024 861 5077 salutare
907 5022 1070 5088 dixit,
1122 5018 1389 5074 Hebraica
1423 5017 1589 5073 lectio
1623 5015 1812 5072 Jesum
1846 5018 2053 5088 posuit.

474 5117 576 5171 Est
626 5116 771 5170 enim
818 5113 962 5168 idem
1013 5112 1153 5182 ipse,
1184 5110 1278 5182 qui
1325 5126 1480 5165 muro
1525 5111 1687 5181 cingit
1728 5108 2055 5167 Ecclesiam.

465 5204 735 5277 Sequitur
754 5202 952 5259 deinde
988 5219 1003 5257 :
1038 5200 1104 5256 Et
1133 5211 1302 5270 parua
1332 5211 1435 5256 ture
1451 5202 1730 5271 sculptura
1762 5216 1781 5256 :
1808 5205 2058 5272 quoluco

476 5298 658 5352 verbis
679 5296 898 5366 quidem
936 5294 1197 5361 diversis,
1230 5309 1340 5349 non
1367 5309 1424 5350 re
1462 5303 1644 5349 tamen
1675 5293 2059 5351 differentibus

477 5387 842 5459 Symmarhus
893 5392 949 5441 et
999 5384 1229 5455 Aquilas
1267 5386 1452 5441 laudes
1499 5386 1850 5458 interpretati
1904 5397 2054 5442 sum.

479 5485 647 5536 batur
697 5481 842 5534 enim
882 5478 985 5532 hac
1021 5478 1235 5533 ratione
1283 5479 1351 5534 ad
1378 5479 1529 5549 pium
1564 5478 1690 5535 vita:
1732 5480 2047 5536 institutum

2168 4573 2355 4642 φασὶν,
2378 4572 2455 4637 ὡς
2499 4573 2796 4644 τιμήσουσι
2840 4571 2906 4626 τὸ
2942 4574 3178 4626 δίκαιον
3205 4573 3347 4643 μετὰ
3369 4572 3477 4626 τῶν
3504 4571 3739 4639 ὑπηκόων

2165 4667 2220 4718 οἱ
2243 4663 2555 4734 ἄρχοντες,
2589 4662 2836 4732 εἰρήνης
2866 4680 2924 4717 τε
2947 4662 3226 4728 τεύξονται
3254 4663 3358 4733 τῆς
3391 4664 3458 4717 ὲκ
3483 4662 3735 4732 πολέμων.

2167 4753 2244 4817 ὡς
2268 4755 2358 4808 τὸν
2389 4753 2597 4807 δεδιότα
2625 4752 2943 4825 πολεμίους,
2972 4753 3005 4825 ἢ
3039 4754 3237 4826 θῆρας,
3264 4754 3630 4823 καταφεύγειν
3662 4750 3736 4803 ἐπ’

2166 4846 2359 4916 αὐτήν.
2393 4845 2780 4915 Κληθήσεται
2825 4846 2904 4912 δὲ,
2942 4845 3115 4915 λέγει,
3163 4847 3466 4915 σωτήριον
3490 4847 3560 4900 τὰ
3587 4845 3735 4911 τείχη

2165 4952 2304 4991 σου.
2332 4937 2500 4991 Πάλιν
2521 4937 2582 4991 τὸ
2597 4936 2923 5007 σωτήριον,
2948 4939 3198 5006 Ἰησοῦν
3214 4939 3331 5010 ἔχει
3349 4940 3412 4993 τὸ
3450 4936 3732 5010 Ἐϐραῐκόν.

2161 5024 2334 5090 Αὐτὸς
2355 5027 2465 5099 γάρ
2493 5028 2642 5083 ἐστιν
2664 5031 2694 5083 ό
2720 5030 2819 5083 καὶ
2845 5029 3256 5100 περιτειχίζων
3274 5032 3379 5100 τὴν
3406 5027 3733 5098 Ἐκκλησίαν.

2163 5120 2274 5174 Καὶ
2318 5123 2378 5175 ai
2438 5122 2627 5176 πύλαι
2678 5138 2796 5177 σου
2843 5124 3122 5193 τλὺμμα,
3165 5125 3305 5195 ὅπερ
3338 5125 3566 5186 ’Λκύλας
3623 5120 3731 5190 μὲν,

2162 5209 2444 5278 ὕμνησιςο
2476 5211 2665 5281 φησὶν,
2702 5213 2731 5264 ὁ
2755 5211 2812 5265 δὲ
2844 5212 3177 5284 Σύμμαχος,
3210 5215 3471 5277 almam.
3505 5213 3600 5264 Διὰ
3624 5206 3734 5260 τού-

2154 5316 2272 5352 των
2301 5300 2466 5371 γὰρὴ
2499 5301 2702 5367 είσοὸος
2730 5302 2825 5357 τοῦ
2857 5303 3146 5368 θεοσεϐοῦς
3183 5306 3594 5375 πολιτεύματος,
3637 5299 3731 5351 τῶν

2167 5391 2498 5460 προσιόντων
2522 5391 2929 5464 διδασκομένων
2960 5393 3178 5464 ὑμνεῖν
3202 5392 3294 5447 τὸν
3316 5392 3470 5445 Θεόν.
3506 5388 3652 5450 Τινὲς
3681 5384 3729 5436 δὲ

2159 5483 2329 5551 τείχη
2357 5483 2454 5537 καί
2487 5485 2713 5551 πύλας,
2737 5487 2864 5549 τοὺς
2902 5485 3261 5549 διδασκάλους
3302 5485 3434 5555 φασὶ
3484 5478 3724 5551 τειχίζειν·

544 5681 589 5712 ⁸³
621 5677 853 5763 Philipp.
879 5695 961 5746 ul,
992 5679 1048 5735 8.
1122 5676 1371 5732 σοι-ωτι.
1395 5691 1482 5744 ιιι,
1510 5673 1597 5733 12.
1675 5677 1717 5710 "
1754 5666 1925 5734 lCor.
1962 5697 2054 5734 xm

2194 5682 2279 5735 10.
2360 5682 2598 5753 "Apoc.
2625 5700 2737 5750 xxi,
2776 5683 2827 5737 4.
2907 5685 2957 5725 ³³
2986 5683 3091 5740 lsa.
3127 5683 3282 5753 1,25,
3321 5682 3415 5741 26.
3489 5676 3717 5735 “Matth.

474 5766 590 5808 itu.
638 5754 726 5805 45.
