3978 6438
281 346 401 418 2637

1379 332 1912 409 COMMENTAnIi
1957 336 2037 410 ΙΝ
2077 344 2355 408 13mm.»

3379 327 3518 404 ἐρέει

278 476 363 524 τας
398 459 489 529 τὴν
523 453 845 525 Ἐκκλησίαν
869 442 967 527 βίῳ
992 458 1085 511 καὶ
1110 446 1367 530 δόγμασι,
1398 465 1491 514 καὶ
1521 464 1647 526 τοὺς
1673 480 1834 536 προσ-

1947 464 2164 529 aditus;
2198 462 2244 517 si
2281 457 2377 532 qui
2410 446 2704 526 accedunt,
2745 459 2836 516 Dei
2871 459 3058 512 laudes
3116 456 3521 512 dccahtaredd‘

283 552 445 613 ιόντας
473 544 809 615 είσάγόντας.
831 549 1087 619 Γλύμμα
1116 551 1194 615 δὲ,
1224 552 1304 605 ὅτι
1334 553 1667 624 περικαλλὴς
1695 556 1836 624 ἄγαν

277 650 302 701 ὀ
321 645 464 711 λόγος
493 641 692 705 αὐτοῖς,
720 642 817 694 καὶ
847 643 984 713 πρὸς
1028 643 1288 713 ἀλήθειαν
1325 647 1835 717 ὲκτετορνευμένος.

277 740 450 794 Norico
480 733 523 787 δ’
557 732 621 788 ἃν
649 733 745 788 καὶ
796 735 890 789 ἐπὶ
936 735 1197 804 Χριστοῦ.
1242 737 1308 789 Ἢ
1364 737 1472 806 γὰρ
1520 738 1724 801 εἴσοδος
1768 738 1836 791 δι’

274 826 425 881 αὑτοῦ
449 824 581 894 πρὸς
608 823 700 876 τὸν
738 824 976 894 Πατέρα,
1003 825 1062 888 ὃς
1094 827 1211 877 ἐστι
1245 826 1339 880 καὶ
1376 829 1641 896 γλὺμμα,
1674 829 1837 881 οἱονεὶ

276 918 443 988 μορφὴ
476 916 566 968 καὶ
594 914 881 986 χαρακτὴρ
918 916 1021 986 τῆς
1052 918 1409 983 ὑποστάσεως
1438 920 1533 973 τοῦ
1569 920 1833 991 Πατέρος,

274 1012 355 1065 καὶ
379 1006 716 1076 ἀπαύγασμα
741 1006 842 1077 τῆς
872 1007 1030 1076 δόξης
1078 1010 1268 1063 αὐτοῦ.
1311 1010 1470 1064 Ἀλλά
1512 1012 1607 1065 καὶ
1638 1012 1838 1064 οὐκέτι

272 1102 433 1171 ἣλιος
457 1098 683 1167 ἡμέραν
728 1112 829 1152 σοι
861 1098 1127 1167 παρέξει,
1158 1100 1300 1154 οὐδὲ
1328 1103 1546 1167 νυκτὸς
1577 1103 1615 1170 ἠ
1654 1103 1838 1167 σελή-

268 1212 336 1262 νη
371 1210 441 1247 σε
468 1191 685 1261 gomet".
715 1189 851 1244 Οὔτε
894 1192 1004 1262 γάρ
1046 1191 1117 1245 ἐν
1151 1192 1346 1257 νυκτὶ,
1376 1192 1490 1246 οὔτ’
1522 1193 1835 1265 ἐναίσθητῷ

266 1287 400 1356 φωτὶ
430 1285 752 1355 γενήσονται
795 1284 846 1337 oi
882 1284 974 1337 τοῦ
1022 1284 1211 1337 καινοῦ
1249 1285 1467 1349 αἰῶνος.
1501 1285 1641 1355 Φησὶ
1670 1287 1779 1356 γὰρ
1807 1288 1835 1340 ὁ

268 1375 472 1444 Σωτήρ·
502 1373 560 1427 '0
574 1373 723 1444 ἥλιος
743 1372 1179 1444 σκοτισθήσεται,
1195 1374 1289 1426 καὶ
1321 1376 1354 1446 ή
1379 1376 1573 1447 σελήνη
1593 1378 1652 1430 οὐ
1674 1376 1834 1431 δώσει

264 1468 319 1519 τὸ
346 1468 540 1534 φέγγος
602 1466 794 1538 αὐτῆς.
847 1464 978 1532 Φῶς
1008 1466 1115 1535 γὰρ
1143 1467 1323 1521 αὐτῶν
1350 1468 1447 1521 καὶ
1475 1469 1626 1534 δόξα
1653 1470 1797 1536 Θεός
1815 1485 1829 1500 ·

263 1556 601 1627 τελειοτέροις
662 1557 782 1627 μὲν,
830 1557 948 1610 ἀνθ’
985 1558 1161 1628 ἡλίου,
1199 1558 1567 1626 ὑποϐεϐηκόσι
1603 1560 1680 1625 δὲ,
1713 1561 1836 1615 ἀντὶ

264 1649 475 1719 σελήνης
509 1649 816 1719 γινόμενος,
859 1649 1139 1718 ἀναλόγως
1178 1648 1259 1719 τῷ
1301 1649 1509 1704 τούτων
1538 1650 1833 1722 χωρητικῷ

262 1741 347 1805 τὰς
379 1740 574 1794 ἑαυτοῦ
614 1741 793 1805 διδοὺς
841 1742 1090 1806 ἀκτῖνας,
1132 1742 1279 1815 ἔργῳ
1318 1744 1539 1817 πληρῶν
1570 1746 1692 1808 τοὺς
1723 1762 1830 1816 μα-

1940 558 2186 611 Ceantttr.
2220 554 2362 609 Sunt
2386 568 2514 609 vero
2544 554 2731 615 etiam.
2786 553 2880 623 qui
2920 560 3195 607 murorum
3220 562 3523 621 portarunt-

1939 664 2036 719 que
2072 648 2407 713 nominibus,
2440 647 2694 702 doctores
2716 645 3015 714 signiﬁcari
3040 648 3519 717 putent;quorurﬂ

1943 742 2053 794 vita
2082 749 2137 795 et
2165 740 2437 806 doctrina,
2473 748 2733 810 tanquam
2765 752 2947 793 muro.
2971 738 3211 807 cingitur
3244 734 3516 803 Ecclesia;

1941 834 1994 887 in
2031 849 2198 904 quam
2220 835 2384 888 etiam
2404 833 2730 888 accedentes
2753 833 3135 886 introducunt.
3169 827 3518 901 Sciilpmranl

1941 923 2139 980 deinde
2181 925 2421 992 dixisse;
2468 924 2615 993 quod
2658 934 2849 991 earum
2881 924 3042 979 valde
3068 922 3422 985 sitillustris,
3464 913 3519 975 et

1941 1015 2008 1069 ad
2034 1017 2286 1071 veritatis
2319 1014 2691 1071 defensionem
2718 1016 2996 1071 elaborata
3015 1014 3519 1086 oratioJutclligii-i

1940 1114 2031 1161 tur
2059 1106 2313 1163 fortassis
2343 1108 2411 1163 de
2441 1108 2664 1164 Christo
2694 1110 2883 1163 etiam.
2919 1107 3077 1163 Patet
3121 1110 3266 1162 enim
3310 1123 3408 1178 per
3438 1108 3520 1175 ip-

1940 1214 2062 1254 sum
2105 1200 2172 1254 ad
2206 1199 2424 1254 Patrem
2478 1201 2694 1259 aditus:
2727 1201 2819 1270 qui
2855 1202 2937 1253 est
2971 1210 3025 1255 et
3055 1200 3357 1267 stulpmra,
3394 1207 3520 1251 tan;

1938 1307 2099 1362 quam
2122 1291 2318 1359 forma,
2336 1301 2391 1348 et
2408 1294 2693 1348 character
2708 1295 3030 1348 subStantiae
3047 1292 3249 1357 Patris,
3266 1302 3319 1347 et
3333 1293 3520 1361 splen-

1937 1381 2039 1435 dor
2080 1380 2268 1450 gloria:
2304 1381 2477 1451 ipsius
2506 1381 2571 1434 ³⁸.
2611 1380 2716 1436 Sed
2750 1398 2843 1435 nec
2877 1382 2970 1435 tibi
2999 1383 3081 1436 sol
3116 1382 3345 1451 amplius
3377 1382 3516 1436 dicnt

1936 1473 2204 1541 prwbebit,
2251 1474 2420 1547 696
2467 1488 2562 1529 nec
2606 1483 2756 1529 nacte
2784 1475 2912 1529 (una
2942 1474 3036 1528 tibi
3081 1474 3297 1531 lucebit.
3330 1474 3519 1546 Neque

1937 1566 2082 1619 enim
2116 1567 2169 1619 in
2206 1576 2376 1633 nocte,
2403 1569 2487 1622 Vel
2530 1568 2665 1633 luce,
2694 1583 2816 1639 qum
2842 1568 3102 1624 Sensibus
3120 1568 3517 1638 percipiantur,

1938 1656 1976 1711 ii
2001 1660 2394 1723 versabuntnr,
2428 1660 2519 1730 qui
2553 1660 2794 1716 recentis
2820 1661 2921 1715 aevi
2959 1669 3191 1716 munere
3232 1660 3524 1714 dOnabttn‘

1937 1758 2071 1818 tur;
2112 1752 2195 1807 vel
2239 1752 2362 1823 ipso
2407 1761 2546 1808 teste
2597 1751 2907 1818 Salvatore,
2953 1753 3047 1823 qui
3082 1752 3254 1808 solem
3289 1752 3519 1806 obtencé

262 1832 569 1905 καρισμοὺς,
600 1832 668 1886 δι’
692 1825 766 1885 ὧν
796 1828 948 1885 εἶπεν
968 1848 983 1863 ⁸
1021 1835 1085 1887 Οἱ
1120 1835 1442 1901 πενθοῦντες
1480 1836 1834 1909 παρακληθή-

1939 1842 2156 1897 bratum
2198 1842 2306 1897 iri:
2336 1844 2427 1912 qui
2468 1844 2657 1897 lunam
2687 1845 3035 1915 splendorem
3070 1859 3231 1901 suum
3282 1859 3393 1899 non
3428 1843 3525 1897 das

262 1944 448 1994 σονται,
483 1926 581 1981 καὶ
611 1929 660 1980 οἱ
691 1927 973 1992 κλαίοντες
1000 1929 1345 1998 γελάσονται.

1938 1941 2121 1987 turam
2157 1948 2282 1989 esse
2310 1933 2603 1990 affirmavit
2628 1935 2694 1989 ⁸⁸.
2729 1935 2846 1990 Erit
2876 1936 3023 1991 enim
3067 1937 3162 1990 tua:
3193 1936 3437 1999 illorum,
3475 1926 3524 1988 ei

259 2020 452 2090 gloria,
496 2019 642 2074 Deus
672 2022 783 2085 ipse
821 2036 842 2076 :
871 2021 1299 2092 perfectioribus
1354 2024 1576 2095 quidem
1636 2027 1756 2093 sol;
1806 2026 2164 2083 inferioribus
2207 2036 2391 2084 autem
2443 2030 2587 2084 luam
2654 2031 2854 2095 instar,
2892 2038 2952 2084 ut
2985 2045 3085 2101 pro
3126 2028 3519 2101 excipientium

261 2111 458 2166 ratione
490 2111 677 2166 radios
703 2127 836 2167 suos
876 2112 1152 2180 eﬂundat;
1203 2130 1367 2186 opere
1402 2117 1664 2173 nimirum
1699 2119 1750 2175 id
1784 2130 2074 2190 praestans,
2095 2121 2241 2192 quod
2278 2121 2650 2180 beatitudines
2678 2121 2952 2178 aﬂirmant
2983 2142 2998 2179 :
3032 2123 3125 2178 ubi
3154 2124 3247 2195 qui
3277 2124 3523 2193 lugeant,

261 2207 585 2264 consolatum
612 2208 717 2275 iri;
761 2217 821 2265 et
844 2210 939 2280 qui
968 2209 1157 2277 ﬂeant,
1192 2226 1316 2268 esse
1349 2213 1562 2272 risuros
1586 2214 1719 2272 dicit
1747 2215 1815 2270 ⁸⁷ι

335 2390 492 2445 ὐθεν
539 2390 1483 2462 ἐπιφέρειοἈναπληρωθήσονται
1525 2398 1585 2451 al
1628 2388 1841 2467 ἡμέραι

260 2484 356 2538 τοῦ
384 2483 649 2548 πένθους
675 2500 817 2548 σου,
842 2483 1021 2552 πάσης
1056 2484 1274 2548 ἀδικίας
1329 2486 1704 2559 ἀνῃρημένης.
1750 2488 1842 2552 Ὠς

254 2572 336 2628 οὖν
363 2574 759 2646 ἐκλελεγμένος
794 2577 1245 2646 κληρονομήσει
1280 2576 1393 2644 τὴν
1420 2579 1840 2650 ἐπηγγελμένην

250 2667 382 2738 αὐτῷ
418 2666 550 2737 γῆν·
571 2668 671 2739 τὴν
708 2670 820 2731 τοῖς
833 2668 1063 2738 πραέσιν
1090 2668 1504 2740 ἐπηγγελμένην
1522 2669 1571 2736 ἀ,
1604 2672 1661 2722 ἐν
1690 2665 1724 2745 ᾖ
1746 2671 1839 2724 καὶ

251 2762 279 2828 ἡ
331 2760 475 2823 πόλις
521 2762 568 2830 ἡ
616 2760 961 2830 ἐπουράνιος.
1020 2760 1278 2852 Τοιοῦτος
1326 2762 1383 2814 δὲ
1430 2764 1463 2815 ό
1508 2762 1659 2828 λαός
1689 2779 1832 2832 μου,

250 2853 458 2920 βλαστὸς
481 2851 634 2923 ἐμῆς
660 2853 930 2921 φυτείας.
970 2870 989 2904 t
1027 2854 1185 2907 Πᾶσα
1206 2848 1343 2924 ”γᾶρ
1391 2855 1612 2924 φυτεία,
1644 2856 1709 2927 ἢν
1736 2855 1836 2908 οὐκ

251 2947 533 3015 ἐφύτευσεν
577 2946 605 2999 ὀ
634 2946 825 3016 Πατήρ
859 2962 963 3013 μου
993 2946 1021 2998 ό
1050 2946 1322 3017 οὐράνιος,
1346 2946 1831 3018 ὲκριξωθήσεται.»

249 3039 415 3110 Ἔργα
432 3039 500 3094 δὲ
543 3037 757 3109 χειρῶν
790 3037 1082 3108 ὑπάρχων
1119 3039 1344 3105 αὑτοῦ,
1390 3040 1840 3109 κληρονομήσει

246 3129 334 3201 τὴν
362 3132 487 3201 γῆν,
515 3131 624 3185 ὅτε
668 3130 765 3185 καὶ
794 3131 822 3183 ὁ
858 3132 916 3183 ὲν
946 3129 1025 3200 τῷ
1070 3131 1323 3198 παρόντι
1355 3130 1456 3201 βίῳ
1496 3131 1841 3202 ὀλιγοστὸς,

246 3227 324 3290 εις
342 3223 632 3292 χιλιάδας
658 3223 836 3291 ἔσται,
876 3222 1021 3277 κατὰ
1061 3221 1146 3290 τὸ,
1182 3240 1201 3289 ι
1237 3223 1378 3277 Ἴσοι
1418 3225 1668 3291 ἐξουσίαν
1699 3224 1839 3296 ἔχων

248 3318 417 3371 ἐπάνω
441 3319 638 3381 πέντε,
667 3318 700 3389 ἢ
724 3317 856 3371 δέκα
886 3316 1117 3374 πόλεων.
1146 3335 1168 3370 ι
1198 3318 1378 3371 Οίονεὶ
1402 3319 1582 3371 τοίνυν
1611 3319 1838 3388 χιλίαρ-
1864 3296 1908 3355 C

245 3428 332 3480 χοι
354 3412 460 3465 τῶν
493 3411 833 3482 σωζομένων
869 3412 1220 3482 γενήσονται.
1293 3412 1406 3466 Καὶ
1435 3412 1465 3464 ὁ
1488 3410 1582 3463 νῦν
1609 3411 1668 3463 δὲ
1693 3410 1835 3465 ἐλάα·

247 3522 462 3574 χιστος,
492 3510 595 3574 εἰς
618 3510 793 3574 ἔθνος
815 3505 1134 3578 μέγα.οἷος
1167 3510 1195 3561 ὀ
1216 3507 1429 3573 Παῦλος
1452 3508 1649 3577 λέγων·
1678 3507 1836 3580 Ἐμοὶ

244 3598 296 3651 δὲ
330 3599 404 3670 τῷ
434 3600 842 3672 ἐλαχιστοτέρῳ
898 3603 1118 3655 πάντων
1174 3601 1351 3669 ἁγίων
1402 3602 1625 3672 eadem
1673 3601 1838 3671 χάρις

245 3689 396 3762 αὕτη,
426 3692 483 3756 ὃς
512 3692 714 3755 ἔθνους
750 3691 907 3764 ἄρξει
946 3702 969 3731 ε
995 3693 1255 3764 μεγίστου
1312 3692 1463 3763 παρὰ
1497 3692 1639 3763 Θεῷ.
1675 3692 1833 3757 Ἥξει

244 3782 313 3847 δὲ,
334 3785 531 3855 φησὶν,
566 3786 595 3838 ὁ
619 3784 835 3849 τούτοις
857 3786 1163 3857 ὡρισμένος
1199 3784 1413 3854 καιρὸς,
1428 3786 1516 3839 ὅτε
1544 3785 1718 3839 ταῦτα
1745 3785 1835 3839 διὰ

246 3876 336 3946 τῆς
367 3880 502 3949 ἐμῆς
542 3877 698 3931 ἔσται
725 3877 1076 3948 Συναγωγῆς,
1114 3879 1203 3931 ὅτε
1230 3877 1358 3940 τοὺς
1394 3875 1662 3946 ἀγγέλους
1695 3876 1832 3930 ἀπο-

254 3970 441 4038 στελεῖ,
477 3971 577 4025 καὶ
608 3969 826 4035 συνάξει
869 3970 999 4033 τοὺς
1036 3969 1225 4037 ἁγίους
1265 3967 1359 4022 ἀπ’
1387 3968 1574 4040 ἄκρων
1603 3969 1714 4022 τῶν
1742 3969 1833 4022 οὐ·

253 4062 441 4131 ρανῶν,
503 4063 636 4134 μίαν
678 4078 738 4115 τε
780 4064 843 4115 ἐκ
877 4061 986 4115 τῶν
1027 4061 1122 4115 δύο
1167 4059 1313 4114 λαῶν
1358 4061 1832 4114 κατασκευάσεται

250 4154 417 4220 πόλιν,
471 4155 658 4209 ὁποῖόν
697 4156 814 4207 ἐστι
848 4153 944 4219 τὸ,
984 4154 1073 4207 ἵνα
1118 4171 1136 4204 ι
1175 4151 1403 4224 γένηται
1446 4152 1546 4223 μία
1578 4153 1781 4224 ποίμνη
1815 4192 1830 4217 ,

248 4242 322 4309 εἷς
352 4248 582 4318 ποιμήν.
634 4265 653 4299 ι
689 4247 846 4310 Τινὲς
868 4246 923 4299 δὲ
957 4247 1093 4317 πρὸς
1133 4246 1227 4299 τὸν
1266 4245 1439 4299 αἰῶνα
1468 4246 1558 4298 τὸν
1588 4250 1833 4317 παρόντα

247 4339 311 4391 τὰ
332 4340 459 4412 περὶ
508 4339 691 4408 ἡλίου
740 4340 832 4393 καὶ
879 4337 1152 4405 σελήνης
1185 4336 1460 4403 ἐξέλαϐον.
1506 4338 1567 4390 Εί
1604 4339 1712 4408 γὰρ
1740 4340 1834 4391 καὶ

249 4425 519 4499 ὑποχωρεῖ
547 4426 723 4494 ἥλιος
749 4426 934 4496 μὲνέν
957 4425 1159 4495 νυκτὶ,
1181 4425 1415 4495 σελήνη
1442 4426 1497 4479 δὲ
1526 4427 1597 4480 ἐν
1618 4428 1829 4496 ἡμέρᾳ,

245 4517 352 4570 ἀλλ’
382 4517 477 4573 οὖν
509 4519 573 4573 τὸ
596 4518 740 4572 θεῖον
769 4519 866 4572 καὶ
888 4519 1081 4588 νοητὸν
1124 4517 1252 4588 φῶς
1278 4518 1306 4571 ὂ
1333 4520 1424 4572 διὰ
1444 4519 1538 4572 τοῦ
1572 4519 1828 4590 Πνεύμα-

2014 2382 2182 2454 Addit
2218 2399 2404 2469 itaque
2437 2416 2453 2455 :
2502 2379 2571 2452 Et
2606 2383 3010 2465 corripiebantur
3039 2390 3153 2446 dies
3194 2389 3372 2445 luctus
3404 2386 3522 2455 tui,’

1940 2492 2225 2558 nimirum,
2254 2507 2378 2547 cum
2412 2491 2577 2547 fuerit
2603 2489 2790 2546 omnis
2822 2483 3039 2543 sublata
3076 2481 3527 2555 iniquitas.’l‘an-‘

1938 2597 2102 2652 quam
2138 2585 2310 2656 igitur;
2342 2586 2552 2640 electus
2582 2593 2787 2638 terram
2817 2579 3142 2651 possidebit,
3172 2592 3337 2648 quam
3371 2578 3521 2651 miti“

1937 2680 2043 2735 bus
2076 2690 2164 2734 est
2198 2677 2477 2749 pollicitus
2507 2694 2522 2744 ;
2560 2678 2615 2732 in
2651 2689 2759 2746 qua
2785 2682 2870 2730 est
2901 2675 3018 2744 ipsa
3058 2671 3299 2728 cwlestis
3326 2671 3525 2726 civitas

1936 2771 2209 2828 collocata
2246 2771 2313 2824 ⁸⁸.
2348 2769 2501 2825 Talis
2550 2783 2683 2824 vero
2721 2765 3059 2835 est'populus
3102 2781 3271 2829 meus,
3308 2766 3523 2834 planta:

1934 2865 2094 2919 tionis
2132 2879 2268 2919 mea:
2285 2862 2565 2921 surculus.
2597 2878 2616 2912 ι
2653 2859 2847 2915 Omnis
2868 2860 3015 2914 enim
3049 2857 3519 2927 plantatio,quam

1935 2971 2043 3010 non
2080 2954 2343 3026 plantavit
2363 2952 2608 3009 cwlestis
2634 2951 2797 3006 Pater
2820 2965 2997 3016 meus,
3028 2948 3518 3003 medicabitur”.-

1934 3046 2068 3101 Cum
2097 3059 2278 3101 autem
2306 3046 2377 3099 sit
2394 3060 2523 3113 opus
2549 3058 2805 3097 manuum
2822 3041 2958 3110 ejus,
2978 3038 3269 3108 possidebit
3292 3048 3523 3093 terram:

1937 3140 2158 3208 quando
2202 3139 2368 3193 etiam
2402 3138 2497 3207 qui
2545 3136 2601 3191 in
2634 3136 2738 3191 hac
2778 3134 2892 3187 vita
2941 3146 3146 3203 pattcus
3198 3132 3429 3195 exsistit,
3468 3132 3523 3184 in

1940 3232 2117 3287 millia
2147 3231 2400 3286 abiturus
2430 3239 2517 3285 est
2541 3272 2557 3297 ,
2578 3227 2734 3299 juxta
2767 3226 2901 3282 illud
2928 3242 2942 3280 :
2984 3225 3161 3289 «Esto
3195 3211 3524 3295 potestatem

1939 3324 2149 3379 habens
2178 3337 2343 3394 super
2361 3317 2627 3395 quinque,
2643 3320 2726 3377 vel
2749 3320 2933 3376 decem
2950 3316 3268 3374 ciVitates“.
3300 3336 3318 3368 ι
3349 3314 3525 3373 lin-unt

1939 3417 2107 3488 igitur
2143 3430 2360 3480 eorum,
2408 3415 2504 3486 qui
2543 3414 2778 3470 salutem
2824 3411 3005 3481 adepti
3053 3416 3205 3476 sunt,
3261 3416 3527 3480 tauquam

1939 3507 2431 3564 ducesrmillenarii
2463 3521 2482 3559 :
2537 3505 2645 3561 erit
2680 3503 2845 3560 etiam
2880 3504 2974 3574 qui
3007 3504 3111 3558 iiOC
3143 3510 3393 3571 tempore
3424 3504 3529 3555 ηιξ·

1937 3601 2114 3655 nimus
2147 3609 2250 3660 est,
2278 3599 2331 3653 in
2364 3606 2570 3669 gentem
2607 3606 2857 3667 magnam
2893 3595 3117 3666 :‘qualis
3145 3593 3351 3650 Paulus
3384 3595 3524 3665 ipsc,

1936 3692 2032 3763 qui
2083 3691 2192 3747 sibi
2234 3690 2484 3745 omnium
2537 3681 2857 3744 satictorum
2918 3687 3154 3741 minimo
3197 3698 3525 3743 concessam

1938 3785 2081 3837 hanc
2129 3796 2255 3838 esse
2296 3779 2532 3853 gratiam
2589 3779 2787 3835 scribit
2826 3780 2890 3840 ⁸⁸,
2926 3786 2984 3832 ιιι
3025 3779 3172 3849 genti
3208 3779 3463 3833 maximae
3495 3789 3526 3833 ιι

1936 3876 2172 3932 Domino
2202 3880 2484 3946 praeesset.
2509 3871 2707 3928 Veniet
2728 3886 2881 3935 vero,
2924 3870 3139 3940 inquit,
3170 3869 3282 3924 illis
3305 3880 3521 3925 certum

1936 3966 1990 4024 et
2017 3965 2303 4022 deﬁnitum
2344 3973 2585 4035 tempus,
2616 3978 2728 4036 quo
2759 3965 2864 4019 ista
2907 3977 3003 4033 per
3038 3963 3525 4033 congregationem

1938 4076 2115 4117 meam
2155 4060 2308 4127 ﬁent,
2349 4075 2474 4114 cum
2526 4058 2789 4113 nimirum
2823 4057 3012 4112 missis
3058 4055 3268 4126 angelis
3301 4063 3527 4109 sanctos

1936 4163 2021 4211 est
2050 4160 2489 4223 congregaturus
2531 4166 2561 4206 a
2601 4149 2916 4205 summitate
2946 4146 3071 4203 εώιὶ
3090 4143 3135 4188 σί
3154 4161 3430 4217 unamque
3457 4152 3521 4201 mi

1936 4245 2153 4301 duobus
2185 4245 2405 4315 populis
2432 4244 2707 4299 civitatem
2748 4241 3107 4297 conlecturus
3139 4252 3159 4307 ς
3267 4248 3347 4305 ιιι,
3377 4240 3525 4309 quod

1936 4335 2203 4392 scribitur
2233 4353 2245 4389 :
2298 4344 2319 4387 ι
2351 4332 2533 4389 Unum
2572 4333 2665 4387 iiut
2696 4334 2865 4399 ovile,
2898 4334 2954 4388 et
2986 4346 3133 4386 unus
3163 4338 3354 4401 pastor
3394 4331 3462 4385 ⁸³.
3501 4336 3519 4383 i

1939 4428 2079 4483 Sunt
2114 4437 2301 4499 porro,
2349 4428 2443 4499 qui
2477 4422 2545 4481 ad
2580 4442 2824 4498 praesens
2857 4426 3146 4487 swculur‘n,
3177 4426 3301 4495 quae
3327 4423 3395 4477 de
3415 4423 3529 4477 sole'

1937 4531 1992 4577 et
2015 4522 2145 4576 (una
2187 4525 2499 4592 uSurpavit,
2540 4519 2737 4575 referri
2775 4519 2990 4572 volunt.
3033 4515 3146 4571 Etsi
3174 4517 3321 4571 enim
3360 4524 3415 4570 et
3443 4508 3526 4568 sol

240 4629 328 4675 τος
361 4614 390 4665 ὁ
436 4613 632 4683 Σωτὴρ
686 4614 915 4683 χορηγεῖ
959 4613 1072 4676 τοῖς
1128 4611 1518 4679 πιστεύουσιν,
1565 4611 1831 4667 ἄσϐεστον

1939 4615 2056 4685 ipse
2090 4618 2274 4679 noctu,
2305 4619 2357 4668 et
2396 4614 2524 4667 luna
2561 4612 2648 4667 die
2688 4613 2865 4700 etiam,
2902 4610 3184 4673 deﬁciant,
3241 4624 3521 4679 nunquam

242 4702 410 4769 ἔσται,
434 4706 532 4759 καὶ
565 4704 743 4773 φωτὸς
764 4702 977 4767 οὐδενὸς
996 4701 1259 4775 αἰσθητοῦ
1282 4703 1418 4773 πρὸς
1437 4703 1528 4756 νοῦ
1550 4704 1831 4774 φωτισμὸν

1939 4716 2118 4761 tamen
2140 4706 2384 4760 divinum
2398 4712 2453 4761 et
2473 4704 2820 4776 intelligibile
2840 4702 3021 4758 tanien
3036 4704 3171 4757 illud
3186 4703 3523 4757 exstinctum

239 4797 544 4850 ὲπιδέονται
574 4798 708 4867 πρὸς
736 4795 940 4863 γνῶσιν
977 4795 1139 4860 Θεοῦ,
1190 4796 1287 4849 καὶ
1316 4795 1668 4865 ἐπιτήδευσιν
1699 4798 1834 4869 ἀρει-

240 4887 363 4944 τῶν.
392 4888 485 4941 Διό
534 4904 700 4959 φησιν
725 4904 739 4919 ’
781 4907 800 4939 ι
823 4886 964 4955 Ἐγώ
990 4889 1106 4959 εἰμι
1154 4887 1214 4940 τὸ
1244 4886 1359 4955 φῶς
1385 4887 1479 4941 τοῦ
1510 4887 1737 4958 κόσμου.
1775 4887 1833 4942 ’0

240 4979 553 5034 ἀκολουθῶν
597 4981 740 5051 ἐμοὶ,
794 4980 856 5033 οὐ
893 4979 967 5052 μὴ
1027 4981 1381 5050 περιπατήσῃ
1423 4982 1481 5032 ὲν
1517 4981 1583 5050 τῇ
1616 4980 1831 5051 σκοτία,

242 5069 353 5125 ἀλλ’
375 5071 492 5139 ἒξει
513 5071 574 5125 τδ
592 5070 707 5141 φῶς
722 5072 821 5142 τῆς
845 5071 1012 5142 ζωῆς.
1038 5091 1057 5124 ι
1076 5073 1149 5126 Τὸ
1175 5072 1252 5136 δὲ,
1276 5072 1385 5125 Καὶ
1397 5071 1833 5141 ἀναπληρωθῆ-

240 5175 453 5216 vortat
480 5166 542 5218 al
570 5161 785 5233 ἡμέραι
841 5161 951 5217 τοῦ
1017 5163 1281 5227 πένθους
1321 5179 1463 5228 σου,
1502 5164 1689 5228 ἐπειδὴ
1720 5167 1833 5227 τοῖς

247 5253 340 5323 μὲν
380 5256 728 5328 ἁμαρτωλοῖς
756 5256 817 5309 τὺ
835 5255 1076 5326 κατηφὲς
1105 5258 1323 5321 οικείον,
1353 5254 1463 5322 πῦρ
1484 5256 1827 5324 προσδοκῶσι

309 5455 355 5489 ³³
386 5456 557 5514 Hebr.
591 5476 631 5523 ι,
674 5450 730 5512 Ξ.
816 5453 864 5488 ⁸⁸
915 5455 1105 5510 Matth.
1148 5466 1295 5520 xxiv,
1327 5452 1418 5505 29.

1517 5451 1561 5484 "
1589 5448 1781 5506 Matth.
1807 5469 1857 5513 ν,
1884 5454 1957 5518 3;
1991 5446 2216 5513 Limn,
2235 5452 2324 5506 21.

1932 4797 2025 4861 iri,
2061 4795 2210 4866 quod
2260 4811 2358 4866 per
2398 4796 2666 4867 Spiritum'
2704 4797 2961 4851 sanctum
3016 4795 3271 4848 Salvator
3304 4793 3423 4863 ipse
3456 4792 3523 4845 ii-

1935 4889 2147 4945 dclibus
2172 4888 2548 4960 suppeditabit
2572 4906 2587 4954 ;
2610 4896 2786 4959 neque
2812 4888 3060 4959 ipsorum
3079 4885 3360 4941 mentibus
3389 4896 3523 4938 send

1937 4981 2112 5035 sibilis
2165 4979 2403 5050 alicujus
2447 4979 2673 5034 luminis
2721 4977 2793 5033 ad
2826 4976 2920 5034 Dei
2949 4976 3325 5047 cognitionem
3356 4968 3524 5045 697

1939 5069 2276 5140 virtutisque
2329 5069 2573 5124 studium
2619 5069 2989 5124 illustratione
3030 5081 3171 5137 opus
3219 5062 3357 5119 fore.
3402 5064 3530 5129 Quo‘

1942 5161 2149 5217 factum
2178 5169 2284 5227 est,
2320 5168 2379 5215 nt
2408 5176 2467 5216 se
2497 5161 2686 5215 mundi
2717 5161 2898 5215 lucem
2924 5159 3194 5213 exsistere
3217 5156 3285 5224 “,
3321 5156 3531 5226 quique

1937 5264 1997 5309 σε
2048 5260 2331 5324 sequatur,
2397 5254 2450 5307 in
2505 5252 2749 5307 tenebris
2802 5252 3030 5305 minime
3082 5249 3527 5313 ambulaturuin;

2439 5451 2482 5483 ⁸⁸
2506 5451 2696 5505 Matth.
2723 5467 2778 5515 ν,
2821 5450 2909 5505 Η.
3026 5451 3071 5482 ”
3089 5449 3279 5505 Matth.
3311 5464 3399 5514 xv,
3436 5447 3529 5503 £3;

240 5525 283 5557 ⁸⁸
309 5525 443 5584 Luc.
472 5547 589 5595 xix,
619 5521 709 5585 i9.
786 5526 828 5558 “
856 5527 1054 5597 Ephes.
1106 5541 1186 5590 ut,
1223 5526 1277 5578 8.
1355 5522 1607 5577 "Matth.
1650 5542 1796 5596 xxxv,
1830 5527 1834 5577 ε

1955 5523 2165 5577 "Joan.
2202 5538 2251 5589 κ,
2289 5522 2374 5576 t6.
2451 5521 2672 5576 "Joau.
2716 5537 2836 5584 vm,
2870 5521 2961 5576 i2.-

1532 5678 1766 5733 VARUE
1807 5679 2219 5736 LECTIONES.

339 5799 371 5845 ι
397 5815 506 5874 αφ.
532 5803 629 5873 τὴν
657 5766 1095 5874 ιπηγγιλμένην.
1184 5792 1210 5837 ά
1238 5814 1328 5868 γρ,
1350 5797 1424 5863 ὡς
1453 5797 1638 5861 ἔθνους
1666 5797 1869 5869 ἄρξειν.
