3978 6422
470 308 609 370 2ΰ39

1785 296 2141 358 PROCOPH
2189 296 2435 356 GAZ£I

3590 303 3717 369 26ίο
3756 348 3775 360 .

473 419 568 473 sed
616 416 737 470 vitae
783 415 968 471 lumen
1022 430 1145 471 esse
1187 412 1503 468 habiturum
1540 411 1743 465 dixerit
1795 411 1862 463 ⁸³.
1903 408 2052 473 Quod

2168 407 2261 459 καὶ
2292 406 2505 469 σκότος,
2540 406 2588 458 oi
2618 405 2674 459 δὲ
2705 406 2903 461 δίκαιοι
2931 409 2999 479 τῇ
3054 407 3231 462 ἐλπίδι
3280 410 3522 482 χαίρουσι
3550 416 3722 473 ’ποτῶν

473 509 670 565 deinde
700 510 1011 576 completum
1036 507 1104 559 iri
1131 504 1239 559 dies
1264 503 1437 558 luctus
1460 503 1572 572 ejus
1600 502 1800 571 adjecit
1825 500 1908 566 ;id
1934 498 2058 553 ideo

2168 505 2457 574 ἁμαρτιῶν
2485 504 2816 576 ἀποθέμενοι
2836 506 3079 574 πένθος.

474 600 792 669 ursurpavit,
826 607 904 683 'ut
949 597 1230 668 propriam
1272 595 1657 664 peccatoribus
1705 608 1827 650 esse
1863 592 2051 650 vultus
2092 594 2485 654 demissionem
2511 607 2567 654 et
2601 600 2884 654 tristitiam
2905 602 3204 670 innueret;
3260 603 3352 673 qui
3384 604 3517 660 nihil
3571 607 3732 678 aliud,

471 708 637 766 quam
658 692 914 749 tenebras
947 691 1241 762 ignemque
1267 697 1593 761 exspectent
1629 690 1848 759 :justos
1871 696 2056 743 autem
2098 703 2197 759 spe
2229 692 2374 745 luctu
2409 701 2763 762 peccatorum
2798 695 3062 752 liberatos
3088 696 3291 766 gaudio
3306 700 3601 757 exsultare.

543 784 810 855 Sequitur
836 784 1025 854 itaque
1058 803 1071 838 :
1110 783 1177 837 Et
1208 776 1317 837 erit
1345 782 1572 854 populus
1605 793 1725 837 tuus
1749 783 1931 852 justus
1955 798 2057 835 om-

473 880 582 934 nis.
612 878 725 934 Nos
752 878 901 933 enim
938 877 1199 933 Ecclesiae
1219 876 1475 947 populum
1503 891 1600 947 per
1633 877 1867 947 gratiam
1904 874 2066 929 Chri-

470 982 589 1028 stus
619 974 734 1043 ipse
754 971 1046 1041 jttstiﬁcat,
1082 970 1242 1039 cujus
1273 970 1375 1040 ipsi
1402 985 1656 1023 manuum
1681 968 1941 1037 plantatio
1972 982 2068 1023 su-

475 1080 621 1127 mus,
659 1079 801 1133 quos
832 1062 886 1117 in
936 1061 1277 1118 l'ructileram
1307 1062 1511 1117 olivam
1554 1063 1768 1117 iusserit
1798 1063 1863 1116 ".
1906 1060 2065 1115 Nunc

471 1159 638 1229 igitur
659 1156 714 1211 in
746 1156 953 1212 saeculo
984 1157 1090 1213 isto
1113 1156 1243 1211 latet
1274 1156 1489 1211 occulta
1515 1165 1838 1212 sanctorum
1859 1155 2055 1226 gloria,

470 1251 565 1307 sed
606 1250 663 1304 in
704 1248 894 1304 futuro
930 1248 1046 1315 illo,
1081 1249 1172 1319 qui
1200 1248 1452 1302 minimus
1486 1257 1586 1312 est,
1622 1248 2055 1318 quamplurimis

470 1343 840 1415 pra-licietur:
875 1356 1051 1412 caque
1093 1341 1295 1396 ﬁducia
1337 1342 1681 1397 exsultantes
1726 1342 1820 1411 qui
1874 1341 2052 1396 sancti

472 1444 627 1499 sunt,
653 1432 947 1503 subjectos
983 1432 1086 1487 sibi
1118 1433 1381 1502 populos,
1410 1443 1712 1503 gentesque
1740 1433 1858 1486 suis
1890 1432 2049 1502 pedi-

468 1528 572 1582 bus
610 1541 735 1582 esse
773 1526 1086 1580 substratos
1120 1526 1173 1578 in
1206 1524 1441 1580 Psalmis
1494 1540 1603 1578 non
1637 1524 1894 1579 dubitant
1925 1524 2048 1595 glo-

468 1619 600 1672 riari
635 1619 700 1672 “7.
734 1616 854 1672 Fiet
883 1633 1010 1672 vero
1034 1628 1085 1672 et
1108 1618 1279 1683 istud,
1303 1633 1427 1672 cum
1456 1634 1543 1673 me
1565 1618 1706 1673 (mlo
1737 1617 2047 1687 delapsum,

468 1713 670 1782 inquit,
702 1728 791 1767 eos
842 1726 1178 1782 congregare,
1217 1710 1462 1781 mihique
1495 1710 1549 1763 in
1597 1724 1891 1764 occursum
1931 1709 2047 1780 rapi

2241 784 2333 837 Διὸ
2375 786 2571 854 ἐπάγει
2595 803 2609 817 ·
2642 788 2851 843 Ἔσται
2876 791 2909 842 ό
2948 790 3099 879 .136;-
3160 804 3278 845 σου
3333 788 3454 856 πᾶς
3496 793 3767 863 δίκαιος.-

2169 876 2282 947 Τῆς
2312 876 2419 949 γὰρ
2476 878 2805 949 Ἐκκλησὶας
2835 880 2943 934 τὸν
2968 876 3127 936 λαὸν
3172 884 3411 955 Χριστὸς
3438 885 3657 942 δικαιοῖ
3675 894 3736 962 τῇ

2168 968 2373 1037 χάριτι,
2406 963 2467 1022 οὗ
2516 971 2792 1041 φύτευμά
2829 973 2998 1042 ἐσμεν
3046 973 3169 1029 τῶν
3206 978 3426 1046 χειρῶν
3465 981 3737 1052 ἐγκεντρί-

2169 1069 2360 1121 σαντος
2412 1061 2563 1131 ἡμᾶς
2608 1063 2689 1124 εἰς
2731 1062 2833 1132 τὴν
2883 1064 3246 1120 καλλιέλαιον.
3283 1068 3392 1122 Νῦν
3439 1070 3539 1139 μὲν
3570 1068 3659 1125 οὖν
3688 1075 3741 1127 ὲν

2162 1148 2241 1220 τῷ
2267 1151 2424 1205 αἰῶνι
2457 1152 2633 1223 τούτῳ
2665 1153 2974 1225 κέκρυπται
3001 1156 3111 1209 τῶν
3139 1159 3312 1223 ἁγίων
3350 1162 3389 1229 ἡ
3419 1160 3591 1227 δι’ξα,
3613 1165 3668 1216 ὲν
3689 1165 3740 1217 δὲ

2153 1240 2233 1311 τῷ
2264 1243 2516 1311 μέλλοντι
2556 1248 2589 1300 ὀ
2612 1245 2947 1316 ἐλάχιστος
2978 1248 3247 1304 πλείστων
3277 1230 3567 1323 ήγήσεταί,
3598 1257 3678 1326 ἐφ’
3700 1252 3739 1324 ᾧ

2153 1338 2434 1409 χαίροντες
2458 1342 2508 1393 οἱ
2534 1341 2680 1409 ᾶγιοὶ
2702 1360 2868 1410 φασιν
2888 1360 2899 1376 ο
2918 1361 2936 1395 ι
2960 1344 3262 1412 ’Υπέταξεν
3289 1346 3453 1412 λαοὺς
3479 1351 3629 1419 ἡμῖν,
3653 1354 3739 1406 καὶ

2150 1427 2280 1499 ἔθνη
2311 1429 2417 1483 ὑπὸ
2446 1431 2572 1493 τοὺς
2598 1433 2763 1496 πόδας
2781 1434 2960 1503 ἡμῶν.
2990 1435 3220 1490 »Ἔσται
3248 1436 3306 1490 δὲ
3333 1437 3519 1502 τοῦτο,
3541 1440 3628 1493 ὅτε
3649 1444 3740 1494 καὶ

2155 1525 2404 1591 συνάξω
2437 1528 2688 1595 αὐτοὺς,
2710 1530 2771 1594 ἐξ
2793 1531 3028 1601 οὐρανοῦ
3055 1532 3324 1598 καταϐὰς,
3344 1536 3438 1587 καὶ
3456 1536 3704 1606 apt-rasili;
3722 1567 3737 1576 -

2157 1635 2342 1673 σονται
2385 1621 2444 1672 ὲν
2489 1621 2745 1688 νεφέλαις
2767 1623 2847 1687 εἰς
2880 1624 3186 1694 ἀπάντησιν
3220 1644 3343 1697 μου.
3389 1628 3547 1691 Τινὲς
3579 1629 3634 1681 δὲ
3658 1631 3738 1683 οὖ-

2157 1728 2264 1775 τως
2317 1712 2630 1778 ἀπέδωκαν,
2679 1714 2756 1779 ὡς
2809 1717 3163 1788 παυσάμενος
3215 1721 3475 1785 ἀσεϐείας
3525 1723 3623 1777 οὐκ
3664 1725 3736 1778 ἔτι

466 1805 786 1876 contigerit.
822 1803 938 1859 bon
973 1805 1173 1859 desunt
1206 1813 1410 1867 tamen,
1444 1803 1537 1871 qui
1582 1802 1687 1858 ista
1742 1802 2045 1871 explicent,

2160 1803 2581 1872 προηγουμένως
2624 1804 2777 1871 ἡλίῳ
2825 1804 2927 1859 καὶ
2970 1807 3212 1877 σελήνῃ
3254 1809 3450 1880 λογίσῃ
3485 1812 3553 1865 τὸ
3594 1811 3732 1881 φῶς,

466 1914 533 1953 ac
562 1898 607 1954 si
645 1897 893 1967 deposita
920 1897 1200 1968 impietate
1239 1910 1349 1950 non
1389 1894 1492 1948 soli
1523 1895 1780 1965 amplius,
1806 1903 1857 1948 et
1885 1893 2046 1959 Iunce,

466 1994 636 2046 lucem
668 1992 842 2061 ipsam
890 1990 1270 2061 principaliter
1298 1988 1586 2053 attribuat,
1620 1987 1711 2057 qui
1751 1987 2047 2057 fulgentem

464 2084 588 2154 ejus
619 2083 909 2138 veritatem
939 2081 1159 2136 habeat.
1205 2078 1436 2135 Sedabit
1468 2077 1671 2134 deinde
1698 2080 1900 2133 lactant
1956 2092 2046 2132 ca-

469 2173 895 2243 ptivrtatistutc,
933 2171 982 2227 si
1033 2180 1231 2225 terram
1274 2180 1421 2223 tuam
1484 2170 1740 2238 recipias.
1782 2168 2051 2223 Convenit

462 2280 598 2323 vero
619 2280 739 2325 eos,
777 2276 1041 2333 tanquam
1082 2261 1402 2331 qniplautis
1439 2267 1866 2328 comparantur,
1917 2258 2048 2311 fru-

461 2368 588 2413 ctus
618 2338 835 2411 debitos
864 2353 1049 2409 edere.
1078 2351 1177 2407 Est
1200 2352 1344 2407 enim
1379 2350 1523 2404 Deus
1556 2351 1649 2420 qui
1679 2349 1962 2419 plantavit,
1996 2356 2050 2403 et

462 2452 557 2521 qui
587 2463 776 2505 curam
802 2446 969 2503 habet
994 2484 1010 2509 ,
1036 2445 1242 2515 quique
1277 2458 1363 2509 ea,
1392 2457 1514 2511 qua:
1549 2441 1615 2496 ad
1640 2422 1805 2497 suam
1819 2443 2048 2512 gloriam

464 2542 809 2606 conducunt,
839 2546 999 2595 curat
1030 2537 1156 2609 :qui
1180 2536 1401 2591 illorum
1426 2536 1668 2606 denique
1701 2536 1756 2589 in
1796 2535 2047 2589 multitu-

464 2635 650 2690 dinem
694 2629 1027 2704 prolectum,
1074 2630 1259 2700 seipso
1300 2637 1672 2698 congregante,
1713 2636 1770 2681 et
1814 2641 1912 2681 eos
1953 2627 2048 2696 qui

462 2727 619 2797 pauci
649 2733 802 2793 sunt,
840 2725 894 2779 in
928 2730 1146 2795 gentem
1191 2735 1444 2792 magnam
1495 2730 1856 2793 prepagante,
1911 2735 2049 2790 prae-

462 2823 618 2877 dicit.

1082 2904 1235 2963 CAP.
1290 2905 1424 2961 LXI.

532 3002 701 3075 698
732 2998 895 3055 Vens.
931 2998 1084 3056 1-10.
1117 2998 1349 3069 Spiritus
1385 2997 1601 3054 Domini
1640 3014 1797 3068 super
1827 3014 1926 3065 me,
1953 3014 2044 3051 cu-

2147 1894 2285 1947 ἀλλὰ
2346 1895 2425 1965 τῷ
2487 1895 2693 1951 τούτων
2740 1900 3095 1970 Δημιουργῷ.
3155 1902 3553 1972 ὲπιλάμψασαν
3609 1906 3738 1975 ἔχων

2149 1987 2316 2040 αὑτοῦ
2343 1990 2442 2059 τὴν
2473 1989 2748 2059 ἀλήθειαν.
2773 1991 2881 2043 Καὶ
2908 1992 3177 2046 παύσεταί
3209 2010 3303 2047 σου
3336 1996 3439 2065 τῆς
3465 1998 3737 2066 αἰχμαλωο

2150 2078 2271 2140 σίας
2304 2077 2372 2131 τὸ
2407 2077 2630 2145 πένθος
2670 2080 3040 2144 ἀπολαϐόντος
3074 2082 3193 2147 τὴν
3223 2081 3343 2150 γῆν
3373 2100 3517 2138 σου.
3564 2085 3652 2148 Ὠς
3686 2085 3738 2141 δὲ

2151 2168 2366 2244 φυτοῖς
2401 2169 2923 2241 παραϐαλλομένους
2954 2172 3233 2245 προσῆκόν
3259 2174 3379 2227 ἐστι
3408 2175 3504 2228 τὸν
3535 2176 3736 2245 ὀφειλό-

2152 2276 2311 2329 μενον
2330 2261 2539 2332 καρπὸν
2563 2262 2890 2317 ἀποδιδόναι.
2920 2264 3053 2329 Θεὸς
3081 2265 3193 2334 γὰρ
3219 2268 3252 2319 ό
3275 2269 3617 2335 φυτεύσας,
3650 2272 3736 2323 καὶ

2147 2350 2389 2422 δηλονότι
2433 2353 2886 2423 ἐπιμελούμενος,
2925 2355 3084 2409 ἆτινα
3115 2360 3205 2422 εὶς
3225 2356 3422 2422 δόξαν
3444 2359 3584 2412 Θεοῦ
3616 2377 3737 2413 συν-

2148 2448 2337 2501 τείνει.
2373 2450 2468 2512 Ὃς
2502 2449 2598 2501 καὶ
2634 2448 2893 2519 προλέγει
2934 2449 3118 2505 αὐτῶν
3144 2450 3248 2522 τὴν
3277 2453 3363 2516 εἰς
3390 2452 3597 2524 πλῆθος
3623 2454 3736 2507 ἐπί-

2148 2539 2295 2593 δοσιν
2322 2539 2419 2593 τοῦ
2454 2539 2593 2593 Θεοῦ
2632 2541 3033 2611 συνάγοντος,
3071 2543 3314 2608 καὶτοὺς
3343 2545 3597 2615 ὀλίγους
3625 2562 3738 2599 ποιε-

2148 2632 2338 2698 οὔντος
2378 2633 2631 2696 πολλούς.

2739 2900 2990 2954 ΚΕΦΑΛ.
3018 2900 3139 2954 EA’.

2219 2999 2342 3047 a-t'.
2370 2991 2613 3062 Πνεῦμα
2636 2996 2859 3061 Κυρίου
2890 2994 2983 3047 ἐπ’
3004 2996 3131 3064 ἐμὲ,
3161 2992 3234 3052 οὗ
3255 2997 3500 3052 εἵνεκεν
3539 2999 3740 3069 ἔχρισέ

455 3097 547 3167 jus
602 3096 781 3166 gratia
834 3092 987 3146 unxit
1044 3107 1125 3145 me
1183 3088 2047 3167 Dominus;ut_evangelisarem

2160 3103 2265 3153 με,
2325 3085 2843 3153 εὐαγγελίσασθαι
2913 3087 3174 3155 πτωχοῖς
3231 3087 3593 3144 ἀπέσταλκέ
3648 3108 3737 3159 με,

463 3187 784 3258 pauperibus
815 3187 960 3241 misit
1007 3201 1121 3252 nte;
1156 3193 1211 3237 ut
1256 3199 1501 3238 sanarcm
1546 3184 1805 3237 contritas
1851 3182 2043 3248 corde;

2160 3149 2456 3234 ιιὶσασθαι
2485 3149 2496 3153 ﬁ
2529 3177 2671 3244 τοὺς
2738 3149 3288 3247 συντετριῂρένους
3362 3180 3461 3249 ,τῇ
3537 3149 3740 3250 κοριῒίςι

463 3297 520 3336 ιιι
550 3281 925 3334 auuuutiarem
949 3278 1171 3347 captivis
1202 3276 1585 3341 remissionem,
1620 3285 1670 3331 et
1716 3278 1870 3331 cwcis
1906 3278 2046 3331 visus

462 3373 951 3436 instaurationem;
998 3381 1052 3423 ut
1103 3369 1494 3439 proclamarem
1541 3385 1741 3427 artuum
1815 3368 2047 3423 Domino

464 3462 862 3533 acceptabilem,
892 3473 941 3516 et
975 3460 1115 3516 diem
1158 3460 1524 3514 retributionis
1567 3459 1678 3515 Deo
1729 3470 1946 3527 nostro;
1991 3470 2049 3514 ut

463 3555 772 3609 consolarer
809 3568 985 3607 omnes
1019 3551 1254 3623 lugentes
1276 3567 1295 3614 ;
1321 3561 1376 3605 ut
1412 3552 1567 3606 detur
1592 3553 1889 3622 lugentibus
1918 3552 2049 3610 Sion

463 3647 637 3719 gloria
669 3661 763 3716 pro
788 3646 960 3699 cinere
982 3663 1000 3710 ;
1028 3646 1209 3698 unctio
1240 3644 1448 3699 latitia:
1474 3645 1799 3716 lugentibus,
1821 3648 2048 3702 amictus

462 3740 651 3812 gloritc
679 3754 774 3808 pro
799 3738 993 3807 spiritu
1020 3737 1284 3802 mteroris,
1312 3746 1422 3791 etc.

534 3914 640 3982 Qui
686 3913 753 3969 ad
803 3913 1205 3985 promissiones
1263 3914 1611 3984 evangelicas
1659 3913 1948 3970 Dominum
1991 3930 2051 3970 se

462 4025 609 4071 esse,
650 4021 854 4077 eosque
889 3992 941 4059 in
967 4014 1213 4075 tempore
1241 4013 1706 4077 congregatarum
1734 4006 2048 4075 adiecerat;

467 4112 613 4152 nunc
642 4096 759 4167 ejus
791 4111 846 4149 se
874 4095 947 4149 rei
975 4094 1152 4166 gratia
1178 4112 1209 4149 a
1234 4093 1461 4149 Domino
1492 4093 1662 4166 699
1692 4104 1909 4149 unctum
1939 4111 2053 4151 esse

466 4190 764 4262 signiﬁcat.
796 4187 893 4245 Est
933 4202 1102 4258 porro
1127 4186 1225 4242 tibi
1275 4189 1858 4253 animadvertendum,
1904 4188 2050 4259 quod

464 4282 753 4339 Dominum
780 4298 813 4335 a
840 4276 1067 4335 Domino
1098 4278 1303 4349 Spiritu
1331 4289 1514 4334 sancto
1540 4290 1754 4335 unctum
1777 4297 1889 4337 esse
1909 4281 2056 4336 aﬂir—

465 4385 614 4442 nzat,
642 4387 701 4431 ut
726 4374 781 4429 in
814 4372 1085 4428 Trinitate
1117 4374 1382 4428 Deitatem
1412 4388 1706 4445 agnoscas.
1738 4374 1876 4429 Cum
1904 4377 2053 4430 enim

466 4480 663 4524 natura
700 4467 959 4522 Dominus
987 4476 1043 4521 et
1079 4465 1222 4522 Deus
1269 4467 1365 4528 sit,
1416 4467 1785 4523 humanitatis
1833 4469 2051 4521 ratione

466 4560 671 4632 Spiritu
721 4576 751 4614 a
793 4558 954 4613 Patre
993 4558 1290 4629 inungitur.
1332 4558 1454 4615 Non
1503 4567 1590 4615 cst
1648 4560 1815 4630 igitur
1885 4560 2051 4614 Inoino

465 4664 700 4719 tantum,
730 4651 775 4706 si
808 4650 1101 4717 Dominus;
1134 4666 1235 4706 nec
1267 4664 1436 4707 carne
1460 4650 1783 4715 destitutus,
1814 4652 1860 4706 si
1896 4652 2052 4723 uagi-

472 4758 573 4810 tur,
609 4746 703 4801 sed
743 4742 886 4797 idem
927 4744 1069 4797 Deus
1124 4751 1181 4798 et
1225 4741 1427 4810 homo,
1471 4756 1580 4797 non
1629 4743 1819 4798 eadem
1868 4752 2050 4797 tamen

470 4841 704 4895 ratione.
740 4835 862 4904 Quo
918 4837 977 4891 tit
1015 4844 1092 4902 ut,
1127 4844 1391 4905 tanquam
1428 4851 1494 4890 ex
1540 4834 1742 4891 Davide
1780 4835 1874 4896 sit,
1927 4818 2071 4906 ungi

469 4932 711 4987 dicatur.
737 4927 858 4983 Jam
895 4928 1041 4983 enim
1077 4936 1131 4983 et
1156 4934 1323 4981 antea
1363 4942 1531 4998 super
1568 4942 1717 4990 eum,
1746 4927 1839 4997 qui
1869 4927 1936 4982 de
1972 4942 2061 4980 ra-

471 5025 596 5079 dice
650 5020 807 5079 Jesse
863 5020 1162 5093 prodiisset
1191 5020 1258 5087 ⁶⁸,
1310 5020 1364 5076 id
1411 5026 1497 5075 est
1534 5035 1705 5090 super
1747 5020 2056 5083 Christum,

475 5115 743 5188 Spiritum
778 5113 992 5169 Domini
1032 5113 1412 5185 requieturum
1446 5113 1684 5181 dixerat.
1736 5110 1856 5166 Non
1909 5114 2056 5166 enim

474 5209 641 5267 simili
673 5222 799 5289 cum
840 5207 1118 5263 veteribus
1165 5207 1380 5262 ratione
1416 5206 1663 5261 unctione
1707 5215 1894 5259 unctus
1945 5220 2060 5258 esse

473 5301 683 5357 dicitur
715 5317 733 5354 :
765 5298 987 5367 alioqui
1004 5298 1142 5352 nihil
1174 5307 1373 5369 praeter
1401 5306 1633 5352 ceteros
1662 5296 1894 5351 haberet
1939 5296 2058 5352 exi-

475 5392 681 5457 mium;
706 5404 869 5460 quem
896 5398 1073 5441 tamen
1102 5387 1322 5443 Davidis
1339 5388 1695 5445 testimonio:
1733 5405 1751 5437 ι
1795 5384 2055 5457 Propter-

474 5499 537 5538 ea
569 5481 729 5536 tinxit
755 5489 809 5535 te
856 5477 1021 5543 Dens,
1054 5479 1199 5533 Deus
1230 5481 1512 5546 tuus,oleo
1534 5477 1732 5532 laetitiae
1768 5492 1881 5548 prae
1919 5493 2055 5531 CUI!-

476 5574 722 5629 sortibus
771 5570 883 5627 tnis
913 5571 978 5624 ".
1023 5589 1041 5622 ι
1083 5568 1309 5633 Deinde,
1331 5579 1592 5637 tanquam
1621 5568 1735 5637 jam
1771 5568 1933 5623 homo
1962 5569 2070 5635 sit;

546 5753 595 5788 “
621 5750 778 5807 Joau.
821 5767 938 5815 vm,
976 5750 1064 5805 i2.
1104 5746 1148 5779 ⁸⁸
1178 5746 1337 5802 Ront.
1366 5762 1443 5815 ιι,
1478 5748 1569 5801 14.
1647 5747 1687 5778 "
1718 5746 1866 5802 Psal.
1901 5762 2090 5809 xum,
2131 5745 2217 5799 £5.
2296 5747 2338 5777 ‘*
2370 5744 2477 5801 Isti.
2518 5764 2591 5809 st,
2631 5749 2676 5801 l.

2150 3270 2410 3337 κηρύξαι
2442 3269 2846 3340 αἰχμαλώτοις
2884 3269 3141 3337 ἄφεσιν,
3182 3270 3281 3324 καὶ
3317 3272 3578 3340 τυφλοῖς
3608 3274 3743 3329 ἀνά-

2152 3364 2392 3431 ϐλεψιν,
2450 3361 2707 3417 καλέσαι
2771 3362 3055 3417 ἐνιαυτὸν
3098 3366 3324 3429 Κυρίου
3374 3365 3615 3435 δεκτόν,
3649 3369 3739 3421 και

2148 3453 2378 3522 ’ἡμέραν
2399 3453 2881 3520 ἁντιιποδόσεως,
2910 3454 3326 3522 παρακαλέσαι
3349 3458 3589 3525 πάντας
3612 3459 3742 3526 τοὺς

2152 3547 2552 3612 πενθοῦντος,
2588 3543 2840 3612 δοθῆναι
2886 3545 3012 3613 τοῖς
3049 3549 3345 3604 πενθοῦσι
3383 3553 3540 3605 Σιὼν
3567 3553 3743 3617 δόξαν

2151 3638 2288 3693 ἀντὶ
2330 3637 2609 3703 σποδοῦ,
2670 3636 2931 3706 ἄλειμμα
2991 3640 3381 3708 εὐφροσύνης
3433 3643 3563 3709 τοῖς
3612 3660 3741 3698 πεν-

2152 3728 2778 3797 θοῦσι,“καταστο,ὶὴν
2821 3729 3011 3797 δόξης
3047 3731 3183 3785 ἀντὶ
3223 3734 3578 3804 πνεύματος
3604 3736 3738 3803 ἀκη-

2152 3819 2308 3884 δίας,
2341 3837 2397 3872 κ.
2438 3837 2491 3874 τ.
2516 3819 2565 3873 λ.

2237 3909 2296 3961 Ὀ
2335 3913 2452 3974 ταῖς
2472 3910 2863 3979 εὐαγγελιικαῖς
2912 3911 3272 3981 ἐπαγγελίαις
3318 3914 3591 3984 ἐπειπὼν,
3609 3916 3739 3984 Ἐγὼ

2154 4001 2360 4074 Κύριος
2380 4003 2522 4057 κατὰ
2543 4004 2733 4075 καιρὸν
2757 4003 2973 4069 συνάξω
2994 4007 3214 4072 αὐτοὺς,
3234 4006 3331 4060 νῦν
3348 4010 3513 4078 παρὰ
3532 4012 3738 4077 Κυρίου

2153 4098 2373 4154 τούτου
2412 4096 2591 4167 χάριν
2650 4098 2969 4166 κεκρίσθαι
3012 4100 3149 4168 φησὶ
3182 4137 3198 4161 ,
3250 4100 3353 4153 τοῦ
3422 4103 3739 4170 συναγαγεῖν

2156 4191 2354 4264 αὐτους
2388 4189 2652 4260 δηλονότι.
2707 4192 2817 4244 Καὶ
2854 4190 2966 4269 ,ὅρα
3004 4193 3225 4259 Κύριον
3252 4192 3376 4248 ὑπὸ
3417 4195 3640 4264 Κυρίου
3667 4193 3738 4259 τῷ

2156 4283 2302 4354 ἁγίῳ
2347 4283 2667 4353 χριόμενον
2700 4283 3035 4353 Πνεύματι,
3062 4283 3138 4349 ὡς
3179 4286 3238 4339 ὲν
3279 4287 3476 4356 Τριάδι
3515 4287 3738 4341 νοεῖσθαι

2156 4377 2216 4430 τὸ
2235 4376 2409 4429 Θεῐον.
2428 4376 2642 4445 Κύριος
2675 4375 2784 4447 γὰρ
2806 4374 2883 4428 ὢν
2908 4377 3001 4429 καὶ
3030 4376 3163 4440 Θεὸς
3192 4378 3378 4447 φύσει,
3412 4380 3627 4434 κατὰτὸ
3651 4381 3735 4434 ἀν-

2159 4466 2434 4537 θρὼπινον
2481 4465 2585 4519 ὑπὸ
2628 4465 2727 4523 τοῦ
2767 4466 3014 4537 Πατέρος
3044 4466 3125 4532 τῷ
3152 4471 3459 4539 Πνεύματι
3500 4472 3734 4539 χρίεται.

2161 4559 2286 4616 Οὕτ¹
2313 4556 2406 4615 οὗν
2425 4559 2581 4630 ψιλὸς
2605 4559 2701 4614 ἄνθ
2712 4577 2886 4631 ρωπος
2907 4599 2922 4625 ,
2951 4562 3065 4630 εἴγε
3088 4563 3310 4633 Κύριος,
3339 4562 3467 4617 οὔτε
3490 4565 3733 4632 ἄσαρκος,

2161 4653 2277 4722 εἴγε
2310 4655 2561 4722 χρίεται,
2620 4652 2754 4715 Θεὸς
2802 4652 2857 4712 δὲ
2912 4653 3007 4706 καὶ
3056 4653 3348 4722 ἄνθρωπος
3394 4659 3422 4711 ὁ
3465 4657 3646 4723 αὐτὸς,
3681 4656 3733 4710 οὗ

2163 4745 2308 4801 κατὰ
2341 4746 2540 4799 ταύτόν
2557 4764 2569 4775 ι
2614 4745 2690 4806 ὡς
2712 4746 2779 4798 ἐκ
2810 4744 2976 4799 Δαϐὶδ
2992 4740 3085 4798 οὖν
3114 4735 3378 4817 ὑπάρχῶν
3397 4788 3413 4814 ,
3437 4751 3735 4818 κδχρθσθαι

2163 4838 2410 4905 λέγεται.
2455 4837 2566 4891 Καὶ
2591 4835 2693 4907 ἤδη
2726 4836 2837 4907 γὰρ
2873 4835 3027 4891 εἶπεν
3058 4837 3151 4890 ἐπὶ
3178 4838 3272 4891 τὸν
3311 4841 3380 4893 ὲκ
3427 4839 3582 4910 ῥίζης
3614 4841 3733 4892 Ἰεσ-

2158 4930 2272 4994 σαὶ,
2301 4928 2546 4999 δηλονότι
2578 4927 2838 4999 Χριστὸν,
2871 4927 3373 4982 ὲπαναπεπαῦσοαι
3403 4930 3464 4982 τὸ
3498 4929 3728 4998 Πνεῦμα.

2157 5021 2232 5073 Οὐ
2267 5021 2376 5091 γὰρ
2422 5020 2620 5091 ὲρῤἐοη
2673 5021 2958 5090 χρίσματι
2990 5023 3306 5089 κεκρίσθαι
3347 5024 3462 5085 τοῖς
3499 5021 3731 5079 παλαιοῖς

2157 5113 2382 5182 ὁμοίως.
2429 5112 2499 5164 Ἥ
2530 5110 2639 5183 γὰρ
2673 5111 2740 5165 ἂν
2789 5111 2944 5166 οὐδὲν
3004 5106 3153 5183 εἷχε-ι
3202 5113 3503 5183 ἐξαίρετον.
3553 5112 3730 5167 Καίτοι

2159 5203 2324 5257 Δαϐὶδ
2363 5202 2643 5267 εἰπόντος·
2686 5222 2705 5254 ι
2736 5204 2837 5259 Διὰ
2881 5203 3041 5259 τοῦτο
3092 5205 3311 5276 ἔχρισέν
3360 5223 3422 5259 σε
3463 5207 3492 5259 ὁ
3529 5205 3673 5267 Θεὸς,
3705 5205 3731 5254 ό
3784 5218 3789 5223 ‘

2158 5295 2291 5360 Θεὸς
2335 5295 2657 5363 σου,ελαιον
2702 5297 3081 5365 ἀγαλλιάσεως
3114 5297 3269 5369 παρὰ
3306 5300 3434 5362 τοὺς
3486 5296 3729 5369 μετόχοις

2116 5443 2121 5447 ,
2167 5403 2281 5440 σου.
2315 5405 2334 5438 ι
2382 5386 2470 5451 Ὡς
2517 5387 2574 5439 δὲ
2607 5387 2706 5459 ἤδη
2758 5387 3053 5459 γενόμενος
3106 5387 3396 5461 ἄνθρωπός
3433 5404 3613 5457 φησιν,
3663 5380 3727 5439 οὗ

2165 5478 2403 5532 εἵνεκεν
2425 5478 2675 5547 ἔχρισέν
2696 5497 2794 5547 με.
2831 5481 2940 5533 Καὶ
2967 5479 3065 5550 τὴν
3089 5480 3269 5537 αἰτίαν
3307 5480 3601 5547 ἐπήγαγεν.
3634 5476 3728 5529 Καὶ

2182 5573 2447 5641 προεῖπεν
2484 5570 2541 5622 δὲ
2588 5572 2788 5640 φήσας,
2847 5571 3005 5624 Κατὰ
3044 5573 3232 5642 καιρὸν
3284 5572 3495 5637 συνάξω
3526 5568 3723 5624 αὐτούς.

2756 5747 2801 5780 ⁸⁸
2826 5748 2972 5805 Psal.
3021 5762 3167 5813 sLtv,
3198 5748 3251 5803 8.
