3978 6458
246 330 363 397 ‘26“

1377 330 1914 391 COMMENTARII
1951 328 2035 389 ΙΝ
2075 330 2358 392 ΙΞΛΙΑΜ.

3347 329 3496 392 2642

256 443 331 503 Ὧς
375 438 467 509 μὲν
497 430 609 489 οὖν’
630 434 765 498 Θεὸς
812 437 1039 506 χορηγεῖ
1089 436 1156 491 τὸ
1207 437 1451 507 Πνεῦμα
1497 441 1563 508 τῇ
1605 438 1802 502 κτίσει,

1915 437 2063 507 cujus
2083 439 2265 508 gratia
2293 439 2445 492 unxit
2471 454 2572 501 me,
2603 436 2824 507 adjecit,
2858 444 2918 492 ut
2942 450 3164 493 causam
3194 450 3304 491 non
3331 437 3496 492 omit-

247 532 311 591 ὡς
340 528 394 583 δὲ
430 525 712 595 ἄνθρωπος
743 523 979 594 δέχεται.
1027 525 1116 577 Διὸ
1141 565 1155 589 ,
1204 526 1344 579 κατά
1371 527 1607 589 Λουκᾶν,
1639 526 1713 588 ὡς
1744 528 1801 580 ὲν

248 616 478 689 Ναζαρὲθ
512 616 802 685 γενόμενος
836 617 1082 686 εἰσῆλθεν
1110 621 1189 682 εἰς
1209 618 1308 690 τὴν
1332 619 1684 689 Συναγωγὴν,
1707 617 1804 672 καὶ

245 714 326 765 τὸν
368 708 586 762 Ἡσαΐαν
627 706 845 774 ἀνοίξας
894 701 1021 780 εὗρε
1062 712 1213 763 τουτὶ
1247 710 1309 762 τὸ
1356 710 1554 783 ῥητὸν,
1597 708 1819 774 πτύξαςκ

250 804 340 872 ἔφη
362 817 375 831 ο
400 800 643 869 Σήμερον
677 800 709 868 ἡ
747 800 939 869 Γραφὴ
961 798 1100 867 αὕτη
1120 801 1503 872 πεπλήρωται.
1534 802 1673 855 Κατ’
1703 800 1805 855 αὑ·-

249 896 328 946 τὸν
367 891 472 960 γὰρ
517 889 607 943 τὸν
655 891 846 962 καιρὸν
896 893 1093 962 συνέϐη
1140 892 1237 945 κοιλ⁸
1288 891 1680 963 βαπτισθῆναι,
1719 894 1816 945 καὶ

245 984 301 1037 τὸ
332 981 566 1053 Πνεῦμα
594 982 881 1036 κατελθεῖν
914 983 1177 1037 ὲπάὑτὸν
1206 984 1265 1036 ἐν
1287 984 1414 1038 εἴδει
1454 986 1809 1056 περιστερᾶςο

248 1073 353 1145 μεθ’
389 1072 417 1126 ὃ
448 1073 733 1144 πειραθεὶς
758 1069 924 1145 ἦλθεν
963 1076 1043 1138 εἰς
1068 1074 1353 1147 Ναζαρὲθ,
1385 1076 1478 1129 καὶ
1517 1075 1812 1147 πεπληρῶ-

245 1166 356 1218 σθαι
376 1165 470 1236 τὴν
509 1165 734 1237 Γραφὴν
760 1167 1106 1236 ἀπεφήνατο.

1912 538 2081 596 teret;
2114 530 2205 600 qui
2240 545 2299 586 se
2323 546 2420 586 eos
2447 539 2607 585 antea
2648 530 2702 585 iu
2735 537 2986 599 tempore
3027 534 3493 602 congregaturum

1909 620 2144 677 dixerat.
2181 619 2252 675 Ut
2287 620 2429 677 Deus
2464 620 2654 692 igitur,
2687 621 2936 688 spiritum
2975 628 3249 675 creaturas
3296 630 3498 689 sugge-

1911 712 2015 777 rit;
2061 713 2266 783 recepit
2305 720 2515 779 autem,
2547 722 2610 768 ut
2657 713 2846 768 homo.
2897 711 3110 782 Itaque,
3152 709 3301 782 quod
3353 709 3498 778 apud

1913 802 2116 859 Lucam
2148 804 2404 875 legimus.
2432 820 2557 862 cum
2593 803 2868 861 Nazaretlt
2906 816 3242 874 synagogam
3283 799 3499 872 ingres-

1912 910 2034 959 sus,
2068 905 2261 967 aperto
2299 897 2457 954 Isaiae
2488 898 2655 963 libro,
2687 898 2744 953 in
2774 896 2942 953 verba
2972 895 3076 951 ista
3105 892 3392 948 incidisset
3416 890 3498 955 ";

1911 987 2107 1044 eodem
2147 990 2502 1060 complicato,
2529 1005 2654 1046 esse
2676 1005 2745 1045 eo
2766 988 2855 1044 die
2878 986 3206 1057 completam
3237 983 3496 1052 Scriptu-

1910 1095 2028 1136 ram
2064 1080 2376 1137 afﬁrmavit.
2409 1074 2655 1152 Contigit
2684 1083 2835 1137 enim
2888 1094 2954 1135 eo
2985 1088 3258 1147 tempore,
3313 1082 3371 1130 ut
3400 1074 3499 1130 ba-

1909 1172 2241 1242 ptizaretur;
2268 1181 2329 1227 ut
2354 1172 2614 1244 Spiritum
2634 1174 2796 1231 etiam
2838 1172 2891 1227 in
2926 1171 3195 1227 columba:
3229 1167 3407 1224 forma
3444 1165 3500 1218 in

244 1276 294 1315 se
320 1261 641 1318 admitteret.
694 1262 905 1329 Quibus
932 1263 1153 1319 demum
1182 1263 1473 1330 absolutis,
1517 1265 1571 1319 in
1615 1262 1889 1322 Nazareth
1923 1268 2214 1339 ingressus
2247 1279 2356 1336 est,
2407 1277 2463 1325 et
2504 1270 2580 1325 ibi
2652 1267 2983 1339 completam
3049 1278 3175 1322 esse
3242 1261 3499 1332 Scriptu-

245 1367 346 1407 ram
375 1352 765 1421 pronuntiavit.

302 1443 449 1508 Τινὲς
471 1444 549 1510 δὲ,
588 1444 664 1508 ὡς
693 1445 932 1517 εἴρηται,
958 1445 1054 1499 ἐπὶ
1080 1445 1171 1500 τὸν
1207 1447 1307 1517 τῆς
1339 1446 1650 1518 γεννήσεως
1684 1464 1810 1502 και-

1984 1443 2102 1500 Non
2125 1443 2323 1499 desunt
2352 1455 2559 1509 tamen,
2589 1451 2648 1498 ut
2668 1442 2879 1498 dictum
2908 1448 3016 1509 est,
3039 1439 3132 1511 qui
3153 1437 3321 1510 quod,
3344 1437 3501 1492 unxit

252 1536 336 1605 ρὸν
364 1535 507 1605 ἔχειν
534 1536 669 1603 φασὶ
694 1535 795 1608 τὴν
831 1537 1116 1608 ἀναφορὰν
1146 1537 1228 1605 τὸ,
1264 1537 1513 1607 ἔχρισέν
1536 1556 1632 1609 με.
1662 1539 1809 1609 Πλὴν

1915 1554 2018 1603 me,
2050 1537 2282 1602 addidit,
2318 1536 2384 1591 ad
2418 1534 2724 1591 nativitatis
2753 1543 2973 1604 tempus
3006 1532 3203 1589 referri
3230 1531 3501 1586 arbitren-

244 1626 369 1696 μετά
395 1627 453 1679 τδ
480 1626 767 1698 βάπτισμα
795 1629 1047 1697 φαίνεται
1082 1628 1371 1701 κηρύσσων
1405 1631 1503 1700 τὴν
1533 1630 1809 1700 βασιλείαν

1915 1640 2024 1686 tur.
2064 1629 2171 1686 Sed
2203 1627 2563 1685 manifestum
2588 1637 2694 1693 est,
2728 1636 2856 1697 post
2880 1625 3214 1696 baptismum
3251 1628 3497 1678 secutam

240 1718 337 1769 τῶν
371 1717 615 1789 οὐρανῶν
661 1721 824 1791 (ὅπερ
852 1716 922 1790 ἦν
960 1720 1445 1791 εὐαγγελίζεσθαι
1486 1721 1611 1787 τοῖς
1651 1737 1809 1775 πτω-

1915 1741 2035 1783 esse
2065 1723 2307 1780 coelesds
2328 1723 2483 1793 regni
2515 1738 2614 1793 per
2635 1737 2762 1777 eum
2792 1717 3323 1791 promulgationem;
3350 1713 3500 1785 quod

241 1808 377 1877 κοῖς)
406 1809 499 1862 καὶ
529 1811 658 1872 τοὺς
700 1813 1086 1882 μακαρισμοὺς
1120 1812 1493 1883 ἐκτιθέμενος.
1522 1813 1634 1866 Καὶ
1682 1813 1809 1867 ἰᾶτο

1915 1828 1999 1874 est
2036 1817 2355 1886 pauperibus
2386 1816 2752 1887 evangelizare
2780 1830 2797 1868 :
2832 1829 2958 1870 esse
2996 1812 3230 1883 denique
3261 1810 3543 1881 Βεθιίιυο,

238 1901 288 1954 δὲ
323 1901 458 1968 τοὺς
498 1903 1049 1974 συντετριμμένους
1080 1905 1156 1974 τῇ
1186 1905 1435 1975 καρδίᾳ,
1488 1906 1810 1977 θεραπεύων

1915 1910 2103 1966 diuum
2150 1923 2352 1980 genera
2384 1909 2454 1964 ab
2498 1910 2619 1979 ipso
2674 1906 2971 1977 explicata.
3013 1903 3255 1961 Sanabat
3304 1900 3502 1958 deinde

240 1992 624 2062 ἐπαγγελίαις,
678 1997 773 2049 καὶ
824 1995 1032 2065 λέγων·
1065 1998 1342 2069 Μακάριοι
1389 2000 1439 2051 οί
1464 1997 1808 2062 πενθοῦντες,

1915 2000 2168 2055 contritas
2226 2003 2407 2065 corde,
2470 1999 2694 2054 admoto
2746 1996 3179 2069 promissionum
3230 1991 3500 2056 remedio,

240 2083 311 2133 ὅτι
343 2083 494 2135 αὐτοὶ
520 2085 1063 2157 παρακληθήσονται.
1096 2090 1205 2143 Καὶ
1243 2091 1505 2161 μακάριοι
1530 2092 1579 2144 οἱ
1602 2090 1810 2145 κλαίον-

1915 2108 2037 2147 cum
2097 2094 2291 2148 beatos
2331 2092 2424 2162 qui
2462 2091 2737 2162 lugerent,
2781 2104 2907 2146 esse
2949 2089 3196 2153 doceret,
3238 2084 3499 2157 quoniam

241 2192 341 2240 τες,
381 2176 463 2229 ὅτι
505 2177 854 2245 γελάσονται.
898 2182 1010 2235 Καὶ
1047 2185 1160 2245 τοῖς
1191 2182 1248 2236 δὲ
1293 2181 1667 2254 αἰχμαλώτοις
1708 2183 1810 2238 ὑπὸ

1915 2186 2348 2241 consolationem
2374 2194 2561 2239 essent
2590 2183 2841 2248 nacturi;
2880 2182 3070 2237 beatos
3101 2179 3229 2235 item
3263 2177 3357 2248 qui
3403 2173 3504 2230 ﬂe-

238 2266 495 2336 δαιμόνων
552 2269 736 2325 ἔθεσιν
790 2271 990 2340 ἄφεσιν
1019 2274 1312 2344 ἐκήρυττε,
1366 2275 1482 2338 τοῖς
1542 2272 1810 2343 μαθηταῖς

1915 2262 2056 2342 rent,
2094 2277 2356 2347 quoniam
2396 2276 2565 2332 risuri
2603 2276 2671 2330 '“.
2706 2274 2977 2330 Gentibus
3019 2278 3309 2342 praeterea,
3344 2267 3436 2339 qui
3468 2280 3501 2321 ι

237 2356 393 2409 εἰπών
422 2374 434 2386 ·
480 2359 854 2429 Πορευθέντες
903 2362 1282 2431 μαθητεύσατε
1309 2363 1487 2418 πάντα
1533 2363 1601 2417 τὰ
1658 2362 1808 2434 ἔθνη,

1915 2362 2256 2427 ὐωῐιιοῐιίὺυε
2299 2371 2500 2439 captivi
2531 2368 2944 2429 detinebantur,
2981 2363 3361 2420 dimissionem
3398 2375 3467 2413 an
3497 2394 3501 2398 ~

233 2447 584 2519 βαπτίζοντες
617 2452 835 2521 αῷτοὺς,
863 2453 950 2505 ἐπ’
985 2453 1179 2521 ἀφέσει
1203 2455 1445 2520 δηλονότι
1484 2454 1810 2525 πλημμελη-

1915 2461 2166 2524 nuntiat;
2196 2476 2320 2515 cum
2342 2460 2648 2530 discipulos
2671 2459 2979 2527 alloquens,
3003 2455 3068 2511 ad
3095 2464 3286 2524 gentes
3306 2463 3501 2507 omnes

233 2542 404 2609 μάτων
423 2557 436 2571 ⁸
479 2542 529 2595 οἳ
578 2544 672 2597 καὶ
695 2543 959 2614 ἀϐλεψίαν
984 2547 1230 2612 ἐνόσουν,
1265 2549 1331 2618 τῇ
1360 2546 1606 2617 πολυθέῳ
1634 2547 1810 2620 πλάνῃ

1915 2548 2211 2615 Pl'oticisci,
2251 2547 2417 2617 700
2460 2561 2671 2615 easque
2709 2545 2931 2610 docere,
2977 2550 3033 2599 et
3086 2539 3392 2612 baptizare,
3445 2537 3500 2591 in

230 2631 591 2697 δουλεύοντες.
624 2635 823 2711 Διόπερ
863 2638 922 2690 ἐν
964 2641 1075 2715 τοῖς
1118 2637 1482 2709 πῳλαὸοὖσιν
1513 2637 1751 2707 ἔφασκεν
1782 2640 1808 2692 ὁ

1915 2639 2295 2695 remissionem
2328 2638 2706 2707 peccatorum
2748 2634 3025 2700 videlicet,
3078 2630 3372 2703 imperavit
3420 2630 3500 2691 ";

230 2726 442 2797 Πατήρ·
488 2728 655 2793 Ἰδοὺ,
694 2730 918 2784 τέθεικά
965 2747 1028 2783 σε
1066 2732 1146 2793 είς
1198 2730 1314 2800 φῶς
1356 2730 1545 2794 ἐθνῶν,
1601 2731 1808 2795 ἀνοῖξαι

1915 2746 2032 2801 qua:
2072 2731 2277 2784 dtnlttm
2306 2729 2556 2784 caacitate
2593 2730 2931 2794 laborantes,
2972 2734 3032 2781 ut
3073 2739 3232 2780 vana:
3264 2723 3499 2779 deorum

227 2817 523 2889 ὀφθαλμοὺς
559 2821 799 2888 τυφλῶν,
824 2822 1114 2891 ἐξαγαγεῖν
1147 2825 1211 2877 ἐκ
1230 2822 1445 2892 δεσμῶν
1465 2823 1803 2894 δεδεμένους.

1915 2820 2250 2876 multitudini
2299 2820 2632 2874 serviebant.
2666 2818 2785 2885 Quo
2833 2818 3040 2872 factum
3068 2822 3175 2881 est,
3207 2822 3267 2869 ut
3301 2814 3359 2869 in
3407 2828 3502 2869 su-

229 2909 326 2961 Καὶ
344 2911 579 2979 πτωχοὶ
614 2911 669 2963 δὲ
699 2907 862 2983 ἦσαν,
884 2912 960 2976 ὡς
996 2914 1199 2977 παντὸς
1236 2913 1446 2981 ἀγαθοῦ
1482 2915 1808 2985 νοσήσαντες

1915 2914 2244 2983 perioribus,
2278 2927 2402 2966 eum
2437 2927 2497 2968 se
2523 2912 2576 2966 in
2617 2911 2795 2966 lucem
2844 2909 3086 2980 gentium
3119 2908 3393 2978 posuisse,
3445 2914 3505 2960 ut

226 2999 436 3067 ἔνδειαν,
465 3001 673 3055 ἐλπίδα
710 3004 784 3073 μὴ
809 3002 1046 3072 ἔχοντες,
1072 3005 1167 3057 καὶ
1198 3004 1347 3059 ἄθεοι
1382 3005 1441 3058 ἐν
1466 3004 1546 3073 τῷ
1583 3004 1799 3075 κόσμῳ,

1915 3006 2100 3061 oculos
2129 3005 2292 3060 caecis
2325 3004 2601 3075 aperiret,
2648 3013 2704 3057 ut
2745 3002 2813 3057 de
2844 3000 3081 3056 Vinculis
3109 2999 3502 3062 eoseduceret,

234 3092 285 3144 Ei
314 3091 409 3164 μὴ,
455 3092 579 3164 ἄρα
609 3092 735 3158 τοῖς
764 3093 1025 3162 πτωχοῖς
1056 3096 1134 3163 τῷ
1170 3094 1443 3166 πνεύματι
1471 3094 1807 3166 δεδωρῆσθαι

1915 3098 2002 3166 qui
2056 3097 2111 3152 in
2178 3095 2317 3168 ipsis
2363 3105 2547 3152 essent
2600 3092 2924 3171 constricti,
2987 3090 3151 3147 Pater
3184 3089 3502 3146 δαίνυται-ει.

226 3200 346 3254 φησι
389 3185 501 3239 τῶν
566 3185 637 3238 δι’
678 3186 847 3240 αὐτοῦ
896 3187 1256 3258 χαρισμάτων
1286 3187 1387 3258 τὴν
1414 3186 1648 3256 ἄφθονον
1683 3205 1810 3259 χορ-

1919 3187 2086 3243 Erant
2119 3202 2248 3241 vero
2273 3196 2327 3240 et
2352 3202 2631 3255 pauperes,
2656 3185 2751 3256 qui
2786 3185 3060 3240 bonorum
3109 3181 3358 3239 omnium
3412 3194 3505 3250 pe-

222 3273 388 3344 ηγίαν.
415 3275 983 3345 Συντετριμμένους
1008 3277 1066 3331 δὲ
1106 3277 1282 3341 ἄλλως
1321 3278 1448 3341 τοὺς
1483 3277 1685 3348 ἀσθενῆ
1714 3277 1814 3348 τὴν

220 3367 463 3435 καρδίαν
508 3370 619 3422 καὶ
667 3368 1063 3440 εὑδιὰθρυπτον
1098 3370 1346 3440 ἔχοντας,
1386 3371 1465 3434 ὡς
1494 3370 1815 3440 ἀντιστῆναι

220 3460 289 3531 μὴ
315 3460 592 3516 δύνασθαι
617 3467 738 3526 ταῖς
767 3464 879 3517 τῶν
910 3462 1100 3517 παθῶν
1134 3462 1486 3535 προσϐολαῖς,
1517 3461 1815 3532 αἰχμαλώ-

217 3569 325 3606 των
367 3554 423 3607 δὲ
472 3554 645 3629 δίκην
678 3556 890 3619 τούτοις
929 3553 1282 3618 δουλεύοντας
1305 3569 1318 3584 ·
1364 3555 1596 3624 ἁρμόσει
1629 3555 1685 3608 δὲ
1720 3555 1817 3609 καὶ¹

215 3646 317 3707 τοῖς
364 3644 425 3710 ἐξ
466 3646 703 3716 Ἰσραὴλ
755 3646 821 3701 τὰ
853 3647 1145 3716 λεγόμενα.
1192 3647 1265 3700 Οὐ
1298 3646 1405 3717 γὰρ
1445 3641 1513 3716 ἧν
1540 3645 1633 3699 ἐπὶ
1661 3645 1765 3715 γῆς
1787 3648 1814 3700 ό

221 3736 377 3790 ποιῶν
409 3738 801 3810 χρηστότητα,
831 3739 931 3791 οὐκ
976 3734 1043 3809 ἦν
1066 3778 1080 3798 .
1112 3738 1215 3799 ἕως
1239 3738 1376 3801 ἑνός.
1424 3738 1633 3797 Οὐκοῦν
1679 3740 1813 3791 πάν-

220 3844 303 3891 τες
358 3831 463 3884 υἱοὶ
507 3830 711 3894 νυκτὸς
779 3830 933 3895 ὄντες
987 3833 1083 3884 καὶ
1127 3830 1369 3894 σκότους,
1418 3830 1595 3898 φωτὸς
1654 3830 1809 3899 γεγό-

218 3935 335 3972 νασι
376 3921 572 3976 τέκνα.
624 3920 899 3993 Διηύγασε
968 3921 1078 3991 γὰρ
1130 3922 1314 3984 αὐτοῖς
1349 3923 1381 3991 ἡ
1422 3919 1625 3991 ἡμέρα,
1662 3920 1754 3973 καὶ
1781 3921 1810 3973 ὀ

217 4007 310 4079 τῆς
334 4012 694 4084 δικαιοσύνης
737 4013 966 4084 ἀνέσχεν
998 4013 1169 4084 ἣλιος,
1202 4011 1297 4066 καὶ
1325 4010 1575 4083 λαμπρὸς
1603 4010 1809 4065 ἀνέτει-

216 4099 300 4152 λεν
341 4103 652 4175 ἑωσφόρος.

1921 3279 2082 3334 nuria
2111 3277 2465 3343 laborarent;
2499 3276 2593 3347 qui
2643 3291 2741 3347 spe
2772 3282 3064 3341 carerent;
3097 3273 3192 3344 qui
3226 3270 3412 3327 .Deum
3447 3269 3503 3326 in

1919 3371 2127 3427 mundo
2164 3385 2281 3424 nun
2312 3376 2698 3439 agnoscerent.
2735 3364 2833 3421 Sin
2862 3365 3073 3431 minus,
3115 3364 3182 3421 iis
3213 3372 3383 3430 certe,
3411 3362 3505 3433 qui

1920 3460 2120 3533 spiritu
2173 3475 2434 3531 pauperes
2490 3466 2643 3525 sunt,
2697 3459 2978 3529 ingentem
3028 3470 3155 3512 esse
3201 3456 3506 3526 gratiarum

1918 3553 2328 3623 suppeditatam
2369 3552 2586 3622 copiam
2644 3550 2963 3621 signiﬁcat:
3017 3548 3275 3603 contritas
3325 3558 3505 3601 autem

1913 3642 2050 3696 alias
2076 3655 2175 3697 eos
2198 3642 2372 3711 ipsos,
2403 3641 2497 3710 qui
2526 3641 2600 3694 ita
2630 3638 2787 3707 corde
2814 3648 2944 3693 sunt
2976 3638 3255 3693 imbecillo
3284 3646 3339 3691 et
3368 3623 3507 3706 pne-

1917 3732 2116 3793 l'racto,
2184 3740 2244 3786 ut
2307 3730 2601 3787 atIectuum
2671 3730 2971 3786 insultibus
3024 3728 3249 3783 minime
3299 3738 3507 3797 queant

1916 3825 2214 3887 obsistere;
2247 3824 2340 3881 sed
2375 3824 2503 3887 illis,
2552 3823 2882 3892 captivorum
2922 3836 3109 3884 more,
3165 3828 3393 3890 parcant
3450 3829 3505 3875 et

1919 3917 2269 3972 famulentur.
2295 3916 2637 3973 Conveniant
2664 3930 2795 3971 vero
2818 3924 2873 3970 et
2895 3912 3164 3970 lsraelitis
3189 3912 3357 3966 etiam
3383 3928 3506 3983 qua

1916 4010 2199 4066 dicuntur.
2234 4008 2352 4064 Non
2387 4010 2532 4065 enim
2560 4015 2682 4065 erat
2716 4008 2771 4064 in
2806 4017 2974 4072 terra,
3005 4006 3123 4077 qui,
3159 4005 3305 4075 quod
3341 4006 3508 4061 benc-

1918 4110 2061 4155 stutn
2093 4108 2260 4163 esset.
2297 4100 2525 4165 faceret,
2556 4117 2668 4156 non
2701 4109 2844 4165 erat,
2883 4116 2950 4155 ne
2985 4115 3132 4155 unus
3172 4097 3395 4169 quidem
3435 4096 3500 4150 ".

215 4192 417 4266 Itaque,
472 4217 603 4254 cum
648 4199 740 4254 filii
790 4200 967 4255 nortis
1012 4208 1198 4254 essent
1234 4214 1425 4255 omnes
1453 4207 1506 4254 et
1544 4198 1895 4253 tenebrarum
1926 4239 1941 4262 ,
1972 4198 2025 4252 iu
2058 4197 2197 4252 lucis
2228 4198 2373 4253 ﬁlios
2412 4203 2731 4253 evaserunt.
2792 4196 2906 4254 lllis
2933 4196 3078 4252 enim
3115 4195 3234 4251 dies
3283 4194 3422 4265 ipse,
3450 4201 3506 4249 et

212 4289 299 4357 qui
324 4291 673 4363 Soljttstitia:
697 4293 982 4357 dicitur“,
1016 4307 1218 4348 aurora
1245 4292 1482 4364 denique
1505 4291 1707 4353 lucida,
1740 4291 1936 4345 illuxit.

274 4386 617 4452 Κεχρίσθαι
661 4384 719 4438 δέ
770 4401 905 4453 φησι
952 4385 1048 4438 καὶ
1097 4383 1377 4437 ἐνιαυτένν
1437 4383 1663 4451 Κυρίου
1709 4398 1810 4436 κα-

1995 4381 2087 4435 Ait
2115 4396 2246 4436 vero
2280 4381 2447 4438 etiam
2470 4391 2687 4437 unctum
2715 4398 2847 4447 esse,
2890 4390 2950 4437 ut
2991 4383 3350 4452 proclamaret
3399 4398 3500 4437 an-

209 4471 384 4528 .iéO'at
456 4473 722 4541 δεκτόν,
781 4474 875 4527 τὸν
934 4474 1035 4544 τῆς
1097 4473 1566 4545 ὲνανορωπήσεως
1620 4471 1810 4537 καιρὸν

209 4558 377 4628 οὕτως
436 4563 640 4631 εἰπὼν,
670 4566 729 4617 ἐν
780 4557 825 4632 ᾧ
876 4565 1080 4634 διάγων
1128 4564 1222 4619 ἐπὶ
1268 4565 1392 4634 γῆς,
1437 4563 1551 4632 φῶς
1594 4562 1812 4635 ἡμέρας

205 4662 316 4720 τοῖς
363 4658 666 4729 προσιοῦσι
716 4659 1034 4729 παρείχετο.
1070 4657 1157 4723 Ὠς
1200 4658 1308 4728 γὰρ
1359 4657 1493 4727 ἡλίῳ
1543 4655 1812 4710 δικαιοσύ-

207 4762 302 4813 νης
351 4749 381 4800 ὁ
433 4746 689 4811 τοιοῦτος
722 4748 1001 4820 προσῆκεν
1029 4747 1592 4817 ἐνιαυτός.-Μήποτε
1634 4744 1691 4799 δὲ
1718 4745 1809 4799 τὸν

210 4836 485 4903 μέλλοντα
530 4838 708 4892 αἰῶνα
787 4838 973 4908 δηλοῖ,
1024 4839 1111 4907 ἐφ’
1155 4838 1213 4891 δν
1244 4837 1313 4892 τά
1364 4839 1462 4908 τῆς
1512 4838 1709 4895 ἑαυτοῦ
1741 4838 1813 4891 δι·

206 4928 514 4996 δασκαλίας
556 4931 898 5003 ἀνέπεμπεν,
942 4933 1032 4986 ὅτε
1087 4932 1198 5001 Οὐχ
1248 4931 1421 5001 ἥλιος,
1469 4930 1529 4984 οὺ
1573 4930 1767 5001 σελήνη
1793 4971 1809 4997 ,

205 5020 317 5075 ἀλλ’
345 5022 512 5076 ἔσται
546 5040 649 5087 σοι,
679 5024 813 5093 φησὶ
834 5065 849 5086 ,
894 5022 1098 5094 Κύριος
1127 5023 1243 5091 φῶς
1284 5022 1539 5088 αἰώνιονς
1581 5023 1664 5077 διὸ
1693 5027 1806 5079 Κυ-

204 5112 338 5179 ρίου
368 5114 605 5183 λέγεται
644 5114 943 5183 ἐνιαυτὸς,
977 5117 1053 5180 ὡς
1084 5115 1175 5170 ὑπ’
1212 5115 1379 5170 αὐτοῦ
1415 5116 1804 5186 φωτιζόμενος,

204 5202 302 5257 καὶ
326 5202 579 5270 δεκτὸς.
611 5206 644 5275 ἢ
668 5206 810 5258 κατά
829 5208 957 5270 τοὺς
971 5207 1215 5271 λοιποὺς,
1237 5205 1538 5272 εὐδοκίας.
1572 5208 1808 5271 Ἐκεῖνος

206 5292 316 5366 γάρ
356 5299 519 5349 εστιν
570 5300 598 5350 ό
646 5298 987 5369 καταθύμιος
1025 5299 1102 5369 τῷ
1150 5300 1290 5371 Θεῷ,
1332 5302 1362 5355 ό
1404 5301 1568 5365 αὐτὸς
1597 5301 1673 5355 ῶν
1712 5301 1809 5357 καὶ

207 5386 401 5455 ἡμέρα
432 5390 900 5458 ἀνταποδόσεως
918 5433 930 5455 ,
954 5393 1042 5445 ὅτε
1073 5392 1172 5456 τὰς
1201 5394 1440 5463 ἀμοιϐὰς
1470 5396 1519 5448 οἱ
1548 5395 1689 5448 κατὰ
1712 5395 1805 5447 τὸν

209 5476 462 5547 παρόντα
482 5481 830 5552 κεκμηκότες
850 5482 963 5550 βίον
992 5484 1329 5555 κομίζονται.
1352 5486 1506 5548 Τινὲς
1524 5486 1579 5538 δὲ
1598 5486 1810 5539 δεκτόν

1913 4488 2042 4526 num
2085 4470 2304 4527 Domini
2343 4472 2721 4543 acceptabilem
2754 4487 2772 4527 :
2810 4473 2885 4528 ita
2930 4474 3192 4528 nimirum
3241 4473 3503 4528 incarna-

1916 4564 2088 4618 tionis
2128 4572 2346 4635 tempus
2378 4566 2638 4630 innuens,
2666 4579 2797 4634 quo,
2842 4579 2969 4619 cum
3015 4564 3069 4619 in
3111 4564 3276 4619 terris
3317 4580 3504 4620 versa-

1914 4666 2092 4723 retur,
2126 4656 2308 4713 lucem
2341 4648 2827 4713 diei‘venientibus
2855 4659 2922 4712 ad
2948 4672 3010 4712 se
3030 4657 3327 4728 praebebat.
3369 4656 3506 4711 lluie

1914 4750 2087 4817 enim,
2120 4758 2383 4820 tanquam
2418 4750 2530 4805 Soli
2551 4750 2802 4818 iustitiae,
2832 4751 2960 4805 talis
2984 4759 3070 4806 est
3089 4767 3258 4805 annus
3288 4750 3506 4805 debitus

1916 4849 1971 4897 et
2001 4843 2352 4899 commodus.
2386 4846 2586 4897 Annon
2614 4844 2746 4899 vero
2780 4841 3024 4897 futurum
3047 4843 3310 4900 saeuiunt
3341 4841 3506 4913 signi-

1920 4936 2120 4992 ﬁcasse
2159 4937 2474 5006 putandus;
2523 4935 2588 4989 ad
2652 4933 2822 5005 quod,
2881 4949 3004 5004 quae
3062 4934 3137 4989 ad
3192 4933 3503 4989 dortrinam

1916 5043 2076 5087 suam
2112 5020 2416 5098 pertinent,
2468 5025 2714 5092 remisit;
2771 5041 2881 5096 quo
2933 5034 3181 5094 tempore
3230 5042 3361 5080 nou-
3393 5026 3500 5089 sol,

1918 5135 2026 5174 non
2071 5119 2198 5174 luna
2239 5119 2339 5175 tibi
2392 5118 2578 5173 futura
2609 5127 2714 5183 est,
2740 5118 2920 5188 inquit
2947 5116 3050 5181 Μ’,
3081 5117 3177 5173 sed
3216 5117 3502 5180 Dominus.

1916 5213 2007 5266 lux
2045 5212 2164 5281 ipsa
2198 5211 2580 5282 sempiterna?
2640 5226 2751 5281 quo
2795 5212 2876 5279 ﬁt,
2926 5219 2983 5263 ut
3032 5226 3205 5265 annus
3267 5210 3502 5276 Domini,

1929 5312 2191 5374 tanquam
2216 5304 2285 5360 ab
2317 5305 2438 5374 ipso
2469 5304 2644 5359 lucem
2678 5304 2877 5359 habeat
2909 5322 2921 5357 :
2953 5312 3003 5357 et
3030 5303 3393 5371 acceptabilis,
3417 5306 3502 5359 vel

1920 5372 2228 5449 secundum
2278 5397 2457 5457 alios.
2494 5394 2964 5464 comprobationis,
3012 5396 3344 5449 nominetur.
3378 5394 3502 5451 -Est

1917 5488 2062 5541 enim
2091 5489 2201 5542 Deo
2225 5497 2417 5559 gratus
2444 5488 2558 5555 ille,
2587 5497 2639 5543 et
2665 5497 2966 5558 acceptus;
3002 5484 3207 5558 quippe
3243 5489 3330 5560 qui
3392 5489 3502 5541 dics

314 5681 360 5761 1°
393 5679 541 5761 huc:
569 5699 661 5761 ἰν.
694 5682 774 5744 Π.
925 5684 1113 5761 filiuni.
1148 5704 1198 5753 ν,
1234 5687 1301 5751 5';
1345 5685 1474 5742 Luc.
1518 5706 1588 5755 Vl,
1620 5693 1711 5745 Eli.
1786 5691 1829 5722 '”
1858 5689 2051 5746 Matth.
2085 5707 2278 5759 xxviii,
2321 5696 2502 5750 iii-‘20.
2581 5698 2623 5726 τ³
2650 5695 2793 5750 I'sul.
2818 5713 2935 5761 xm,
2966 5696 3020 5761 ‘2,
3051 5697 3104 5750 3.
3181 5698 3222 5729 ⁷³
3267 5692 3496 5751 Bialach.

212 5749 364 5811 ΝΑ.
445 5752 534 5783 ⁷⁵*
568 5755 672 5809 lsa.
704 5770 793 5820 ιτ,
828 5755 1018 5820 19,20.
