3978 6398
509 273 652 355 ξῦᾱῦ

1812 281 2169 346 PROCOPII
2207 276 2453 344 ϐᾸΖέΕῐ

3610 287 3740 359 εδιι

494 393 672 458 etiam
696 390 771 449 sit
799 392 1185 461 retributionis,
1217 410 1328 466 quo
1360 393 1612 452 laborum
1649 411 1876 452 suorum
1910 398 1964 453 in
1995 398 2099 453 hac

2207 397 2504 463 ἐνιαυτὸν,
2528 397 2649 450 καθ’
2667 396 2726 450 ὃν
2760 397 3085 469 ἐσταυρώθη
3110 398 3264 469 φασί.
3303 400 3504 457 Δεκτοί
3526 401 3629 474 γὰρ
3650 404 3763 462 τότε

510 485 626 543 vita
651 483 961 541 mercedem
994 486 1199 557 quique
1239 486 1406 541 laturi
1443 494 1593 543 sunt.
1646 488 1753 542 Alii
1782 498 1963 545 tamen
1993 506 2089 545 an-

508 591 638 636 num
667 578 1057 646 acceptabilcm,
1091 579 1157 633 ad
1185 578 1362 645 illum,
1394 593 1506 649 quo
1535 593 1760 635 crucem
1796 580 1910 650 pati
1933 580 2094 636 Chri-

514 672 659 727 stum
697 667 951 737 contigit,
982 667 1179 723 referri
1227 669 1547 724 voluerunt.
1598 668 1738 724 Tum
1796 670 1945 726 enim
1991 686 2093 727 nos

514 772 635 818 esse
670 756 780 812 Deo
813 758 985 828 factos
1030 760 1399 828 acceptabiles,
1432 769 1546 815 tum
1585 760 1736 816 Patri
1773 777 1870 832 per
1912 764 2093 834 ipsum

440 842 445 849 ’
516 849 753 904 oblatos.
792 849 934 906 Hinc
965 851 1130 906 etiam
1173 852 1242 907 de
1284 868 1457 923 grano
1484 852 1748 908 frumenti
1785 854 1996 910 dixisse
2024 854 2093 920 ⁷⁸,

512 954 637 994 cum
696 948 972 996 mortuum
1031 945 1580 1015 esse'contingeret,
1633 946 1792 1016 701
1856 947 2094 1002 multum

517 1028 755 1089 fructum
794 1031 1090 1087 editurum.
1123 1032 1192 1087 Et
1233 1049 1460 1112 rursum
1508 1051 1633 1112 cum
1675 1048 1706 1088 a
1749 1044 1897 1090 terra
1947 1042 2096 1092 esset

514 1121 809 1186 cxaltatus,
879 1137 1074 1182 onmcs
1105 1125 1171 1180 ad
1231 1142 1292 1182 se
1323 1104 1754 1197 iperlraciurum
1782 1127 1846 1181 ⁷⁸.
1904 1127 2097 1199 Itaque

515 1213 704 1279 etiam,
732 1229 856 1269 cum
890 1225 1042 1271 esset
1079 1232 1110 1272 e
1144 1218 1378 1275 mortuis
1411 1219 1708 1284 excitatus,
1757 1220 1860 1274 sibi
1893 1218 2095 1276 factam

516 1319 640 1360 esse
666 1312 987 1375 potestatem
1024 1310 1506 1377 otnttcmﬁmcmlo
1577 1320 1632 1366 et
1666 1311 1721 1365 in
1759 1317 1904 1366 terra
1944 1311 2098 1366 dice-

517 1398 630 1465 bat,
664 1399 853 1463 missis
880 1402 946 1457 ad
972 1411 1163 1475 gentes
1189 1420 1315 1459 cum
1345 1405 1620 1474 baptismo
1659 1404 1973 1475 discipulis,
2001 1420 2098 1461 cu-

509 1488 606 1557 jus
667 1490 935 1547 beneﬂcio
987 1494 1367 1550 remissionem
1434 1494 1617 1563 adepti
1669 1494 1869 1550 divina:
1922 1493 2097 1563 ipsius

515 1591 725 1636 naturae
757 1583 1056 1653 participes
1089 1585 1356 1641 efficimur
1380 1588 1448 1642 τ’.
1485 1585 1589 1652 Qui
1627 1585 1772 1642 enim
1816 1584 1972 1640 fuere
2006 1599 2096 1639 ac-

516 1672 682 1741 cepti,
722 1688 862 1727 anno
895 1674 988 1729 illo
1019 1677 1335 1747 acceptabili
1362 1678 1518 1747 potiti
1575 1683 1727 1741 sunt,
1758 1674 1828 1731 de
1869 1689 1980 1745 quo
2019 1674 2099 1729 lo-

2190 488 2525 561 γεγόναμεν
2554 487 2635 554 τῷ
2680 488 2805 552 Θεῷ
2853 490 2949 543 καὶ
2990 490 3232 561 ῐιατέρι,
3267 493 3765 564 καρποφορηθέντες

2192 581 2263 635 δι’
2292 580 2480 635 αὐτοῦ.
2501 581 2592 634 Διὸ
2610 580 2850 651 περὶτοῦ
2873 580 3076 637 κόκκου
3091 579 3188 634 τοῦ
3216 581 3363 641 σίτου
3389 582 3591 651 ἔλεγεν·
3615 602 3633 635 ι
3651 584 3769 639 Ἐὰν

2192 672 2462 744 ἀποθάνῃ,
2504 671 2713 740 καρπὸν
2735 671 2903 724 πολὺν
2932 670 3113 743 φέρει.
3148 690 3167 723 ι
3219 672 3327 728 Καὶ
3351 671 3511 727 πάλιν
3533 687 3577 727 ⁸(
3613 672 3771 726 Ὅταν

2193 763 2396 833 ὑψωθῶ
2433 766 2497 817 ἐκ
2532 765 2656 834 γῆς,
2692 763 2904 827 πάντας
2945 763 3159 817 ἑλκύσω
3192 762 3330 835 πρὸς
3361 762 3614 833 ἐμαυτόν.
3648 778 3666 813 ι
3693 762 3778 819 Διδ

2200 855 2298 909 καὶ
2336 855 2575 919 ἀναστὰς
2626 857 2692 909 ἐκ
2725 856 2937 929 νεκρῶν
2980 854 3239 925 ἔφασκεν*
3289 854 3471 925 Ἐδόθη
3508 870 3598 925 μοι
3639 855 3779 909 πᾶσα

2197 945 2417 1024 ἐξουσία
2445 947 2503 1001 ἐν
2537 946 2786 1018 οὐρανῷ,
2841 947 2936 1002 καὶ
2977 948 3068 1001 ἐπὶ
3094 948 3194 1017 τῆς
3230 946 3369 1016 γῆς,
3423 944 3517 998 ἐπὶ
3556 945 3624 998 τὰ
3659 945 3774 1016 ἔθνη

2197 1041 2437 1109 πέμπων
2468 1038 2597 1102 τοὺς
2631 1038 2905 1110 μαθητὰς,
2935 1040 3032 1093 καὶ
3072 1037 3133 1092 τὸ
3163 1037 3472 1108 βάπτισμα,
3517 1035 3586 1088 δι’
3614 1031 3674 1089 οὗ
3700 1036 3781 1089 λα-

2197 1132 2386 1195 ϐόντες
2410 1131 2631 1200 ἄφεσιν,
2667 1132 2771 1200 τῆς
2821 1130 2975 1193 θείας
3020 1129 3188 1183 αὐτοῦ
3230 1128 3449 1199 φύσεως
3488 1127 3780 1197 γεγόναμεν

2196 1225 2465 1279 κοινωνοί.
2502 1222 2726 1279 Λεκτὸν
2756 1223 2867 1294 γὰρ
2896 1221 3190 1288 ζὲνιαυτόν
3207 1223 3263 1274 οἱ
3297 1219 3612 1288 δεχθέντες
3635 1220 3782 1290 ἐκτή-

2199 1329 2382 1378 σαντο,
2432 1313 2563 1384 περὶ
2589 1307 2649 1368 οὗ
2696 1312 2908 1376 Παῦλός
2963 1327 3129 1387 φησιν
3154 1325 3169 1342 ·
3204 1329 3224 1364 ι
3283 1309 3418 1364 Ἰδοὺ
3454 1307 3552 1362 νῦν
3596 1307 3779 1379 καιρὸς

2197 1404 2593 1476 εὐπρόσδεκτος
2620 1419 2637 1435 ο
2676 1404 2784 1458 ίδοὺ
2833 1403 3018 1475 ἡμέρα
3069 1401 3367 1475 σωτηρίας,
3404 1400 3502 1456 καὶ
3557 1401 3780 1457 ἀνταπο-

2196 1495 2418 1560 δόσεως,
2456 1514 2476 1548 ›
2503 1495 2532 1548 ὁ
2572 1494 2593 1533 τ
2609 1496 2708 1564 τῆς
2721 1495 3191 1567 ἐνανθρωπήσεως
3218 1493 3428 1565 ὑπῆρξε
3452 1491 3657 1564 καιρὸς,
3674 1477 3813 1546 καθ’

2200 1584 2260 1638 ὃν
2296 1585 2411 1647 τοῖς
2437 1583 2769 1638 πιστεύσασι
2796 1583 2898 1647 τὰς
2932 1584 2990 1636 ἐν
3042 1582 3258 1636 ἐλπίσιν
3306 1581 3644 1651 ἐπαγγελίας
3680 1582 3779 1642 ἀπ-

2201 1677 2401 1731 έδωκεν
2421 1692 2435 1707 ·
2463 1678 2603 1749 ὅπερ
2631 1677 2660 1730 ὁ
2687 1675 2776 1730 διὰ
2800 1675 3047 1739 Μωσέως
3071 1674 3237 1745 νόμος
3266 1675 3367 1728 οὐκ
3388 1674 3539 1744 ἔσχε,
3557 1672 3634 1742 τῷ
3656 1689 3781 1746 παρα

514 1765 705 1831 quitur
725 1765 1042 1834 Apostolus,
1077 1782 1201 1822 cum
1232 1767 1551 1838 adessejam
1584 1774 1800 1836 tempus
1841 1772 2095 1835 accepta-

2207 1767 2317 1822 ὄντι
2352 1768 2453 1839 βίῳ
2490 1768 2819 1839 περικλείων
2862 1766 2963 1831 τὰς
2992 1766 3250 1838 ἀμοιϐὰς,
3308 1766 3781 1838 μακροημέρευσιν

404 1868 413 1883 ε
516 1854 644 1919 bile,
666 1856 860 1913 adesse
887 1857 1028 1913 diem
1061 1860 1275 1924 salutis,
1295 1859 1690 1931 ait";quibus
1719 1858 2095 1929 verbisipsum

518 1948 919 2025 incarnationis
956 1959 1169 2022 tempus
1193 1952 1528 2024 designavit,
1564 1967 1675 2024 quo
1715 1951 1807 2019 iis,
1832 1949 1929 2022 qui
1969 1964 2095 2005 cre-

513 2040 792 2104 diderant,
842 2050 982 2114 quas
1029 2044 1133 2101 ﬁde
1168 2045 1429 2101 tenebant
1492 2043 1890 2116 promissiones
1941 2040 2100 2098 exhi-

516 2130 657 2185 buit.
689 2133 847 2200 Quod
895 2145 1045 2192 certe
1073 2136 1155 2192 lex
1209 2138 1300 2193 illa
1344 2154 1443 2209 per
1494 2137 1682 2193 Mosen
1736 2135 1936 2191 tradita
1988 2149 2099 2190 non

515 2222 727 2285 habuit,
761 2242 884 2295 quae
914 2230 1178 2297 praesenti
1209 2230 1413 2285 saeculo
1453 2231 1675 2301 praemia
1698 2228 2098 2292 concludebat,

513 2316 639 2369 vitae
664 2317 1061 2385 prolixitatem,
1093 2328 1363 2392 terraeque
1406 2324 1569 2389 bena,
1631 2330 1685 2377 et
1730 2335 1919 2392 pacem
2000 2334 2099 2373 no-

513 2407 758 2465 minatim
806 2411 1146 2480 signiﬁcans.
1185 2412 1375 2485 Itaque
1410 2422 1467 2470 et
1495 2414 1796 2470 Zacharias
1823 2415 1942 2468 ait:
1982 2432 2000 2464 ι
2034 2411 2091 2469 ln

514 2495 791 2557 fructuum
817 2504 1068 2561 ubertate
1098 2505 1436 2562 habitabitur
1458 2507 1761 2564 Jerusalem
1790 2521 1820 2560 a
1849 2507 2095 2561 multitu-

515 2590 644 2653 dine
669 2592 953 2663 hominum
987 2605 1042 2652 et
1066 2598 1463 2668 iumentorum,
1486 2586 1608 2670 quae
1634 2608 1764 2656 sunt
1793 2599 1847 2654 in
1872 2614 1935 2655 ea
1971 2600 2039 2654 ".
2079 2617 2099 2650 ι

2201 1858 2397 1929 λέγων,
2429 1860 2521 1913 καὶ
2542 1861 2645 1929 γῆς
2674 1858 2877 1927 ἀγαθὰ,
2907 1859 3004 1912 καὶ¹
3038 1858 3295 1930 πολέμων
3329 1856 3675 1925 ἀπαλλαγὰς,
3705 1856 3780 1912 διδ

2202 1952 2299 2006 καὶ
2333 1952 2607 2023 Ζαχαρίας
2638 1952 2801 2023 φησί’
2835 1970 2855 2003 ι
2894 1952 3274 2023 Κατάκαρπος
3300 1949 3657 2021 οίκηθήσεται
3695 1950 3781 2003 Ἱε-

2205 2042 2486 2114 ρουσαλὴμ
2513 2042 2621 2095 ἀπὸ
2654 2041 2893 2113 πλήθους
2918 2041 3245 2113 ἀνθρώπων,
3284 2041 3384 2095 καὶ
3438 2040 3651 2113 κτηνῶν
3686 2039 3782 2094 τῶν

2204 2137 2265 2190 ἐν
2290 2136 2451 2207 αὐτῇ.
2483 2153 2501 2185 ι
2523 2134 2634 2188 Kal.
2653 2132 2818 2189 πάλιν
2837 2151 2851 2163 ·
2885 2153 2904 2185 ι
2935 2134 3057 2186 Ἔτι
3078 2130 3416 2205 καθήσονται
3438 2131 3782 2203 πρεσϐύτεροι

2205 2229 2264 2282 ἐν
2288 2229 2409 2291 ταῖς
2439 2225 2724 2290 πλατείαις
2775 2224 3154 2296 Ἰερουσαλὴμ,
3192 2225 3439 2286 ἕκαστος
3473 2223 3572 2295 τὴν
3606 2222 3783 2293 ῥάϐδον

2207 2319 2374 2374 αὐτοῦ
2408 2319 2467 2371 ἐν
2496 2320 2563 2389 τῇ
2594 2322 2738 2389 χειρὶ
2775 2316 2942 2371 αὑτοῦ
2980 2316 3120 2388 ἔχων
3148 2316 3258 2370 ἀπὸ
3280 2316 3524 2387 πλήθους
3557 2313 3780 2385 ἡμερῶν,

2219 2410 2316 2464 καὶ
2365 2409 2422 2461 αἱ
2472 2406 2725 2460 πλατεῖαι
2761 2406 2860 2477 τῆς
2898 2406 3108 2470 πόλεως
3156 2405 3569 2476 πλησθήσονται
3606 2400 3780 2457 παιδαο

2223 2503 2355 2574 ρίων
2389 2499 2484 2553 καὶ
2525 2498 2798 2571 κορασίων
2860 2498 3187 2561 παιζόντων.
3226 2516 3255 2549 ι
3292 2496 3357 2550 '0
3384 2495 3443 2549 δὲ
3484 2495 3671 2568 Σωτὴρ
3714 2494 3782 2565 τῷ

2219 2593 2464 2665 μέλλοντι
2496 2591 2596 2655 τὰς
2616 2589 2855 2661 ἀμοιϐὰς
2877 2590 3223 2660 ταμιεύεται.

515 2681 579 2748 Et
613 2700 869 2743 rursum:
922 2709 943 2742 ι
993 2690 1182 2747 Adhuc
1202 2693 1469 2749 sedebant
1495 2694 1739 2751 seniores
1778 2695 1832 2749 in
1864 2694 2058 2763 plateis
2085 2689 2413 2750 Jerusalem,
2445 2686 2824 2754 unusquisque
2863 2685 3070 2753 virgam
3100 2695 3255 2737 suam
3278 2681 3336 2736 in
3375 2695 3539 2734 manu
3564 2693 3660 2734 sua
3688 2677 3767 2733 ba-

517 2780 650 2833 hcns
690 2798 799 2852 prae
827 2784 1179 2844 multitudine
1206 2787 1449 2855 dierum;
1477 2796 1531 2844 et
1557 2789 1750 2860 platea:
1782 2789 2022 2845 civitatis
2049 2786 2423 2855 implebuntur
2447 2779 2708 2850 puerulis,
2734 2786 2788 2834 et
2812 2777 3007 2850 puellis
3047 2774 3370 2831 ludentibus
3397 2773 3468 2828 ⁸ο.
3513 2790 3533 2824 ι
3564 2772 3632 2827 At
3662 2768 3773 2825 Sal-

522 2886 679 2933 sator
711 2897 829 2950 1Itm
863 2883 1097 2953 quisque
1118 2885 1338 2952 meruit,
1385 2887 1444 2941 in
1471 2885 1716 2941 futurum
1750 2886 2011 2943 saeculum
2044 2881 2312 2946 recondit.

588 2969 751 3025 Dicas
780 2987 912 3027 vero
935 2982 993 3027 et
1046 2976 1448 3033 retributionem
1512 2992 1580 3033 eo
1634 2979 1802 3033 etiam
1856 2987 2103 3047 tempore

2281 2971 2472 3034 Είποις
2502 2966 2546 3022 δ’
2582 2967 2649 3023 ἂν
2680 2967 2775 3021 καὶ
2812 2963 3229 3020 ἀνταπόδοσιν
3260 2966 3321 3015 ἐν
3355 2960 3437 3036 τῷ
3487 2959 3587 3031 τῆς
3645 2959 3781 3012 ἐναν-

521 3058 726 3115 factam
759 3074 885 3118 esse
933 3063 1189 3135 intelligi,
1248 3081 1361 3136 quo
1416 3066 1819 3123 humanitatem
1881 3068 2111 3139 contigit

523 3166 833 3218 assumere,
862 3160 994 3207 tunc
1017 3154 1165 3208 enim
1224 3155 1455 3224 diaboli,
1501 3171 1531 3210 a
1573 3171 1684 3227 quo
1724 3156 1832 3227 ipsi
1879 3155 2105 3210 concul-

521 3242 807 3310 cabamur,
847 3246 995 3301 vires
1033 3259 1158 3301 esse
1185 3246 1403 3304 excisas
1452 3255 1509 3303 et
1538 3255 1852 3317 superatas.
1885 3245 2007 3312 Quo
2031 3244 2108 3311 tit,

524 3340 586 3386 ut
615 3333 762 3403 apud
802 3334 1089 3401 Davidem,
1117 3349 1331 3404 eorum,
1362 3339 1459 3409 qui
1480 3338 1748 3410 redempti
1787 3349 1936 3402 sunt,
1985 3352 2113 3408 per-

526 3436 719 3477 sonam
777 3423 833 3479 in
886 3424 1040 3482 hunc
1101 3429 1327 3484 modum
1388 3429 1703 3500 loquentem
1765 3429 2109 3485 introducat:

533 3513 871 3580 tQuoniam
939 3515 1116 3573 fecisti
1176 3519 1449 3586 judicium
1516 3535 1700 3577 meum
1763 3530 1817 3578 et
1886 3530 2111 3578 causam

527 3619 728 3670 meam,
757 3605 948 3662 sedisti
981 3623 1147 3677 super
1166 3612 1427 3665 thronum
1456 3611 1551 3681 qui
1572 3611 1792 3681 judicas
1814 3612 2110 3681 justitiam.

527 3694 828 3766 lncrepasti
860 3707 1073 3768 gentes,
1110 3708 1168 3755 ct
1216 3702 1380 3771 periit
1414 3702 1642 3773 ’lmpius
1675 3703 1743 3756 ει.
1776 3722 1796 3755 ι
1873 3703 1945 3759 De
2002 3717 2112 3775 quo

526 3794 655 3840 sunt
688 3797 742 3841 et
775 3788 879 3842 ista
908 3806 1125 3845 rursum
1151 3809 1163 3842 :
1187 3809 1204 3842 ι
1237 3790 1525 3858 Quaere-tur
1547 3803 1827 3864 peccatum
1862 3794 2034 3855 illius.
2055 3800 2109 3848 et

527 3892 633 3936 ιιοη
697 3877 1006 3935 inveniefur
1032 3881 1099 3935 ".
1141 3900 1159 3932 ι
1230 3882 1298 3936 Ει
1356 3884 1460 3937 ista
1526 3886 1691 3939 etiam
1765 3884 2111 3938 Salvatoris:

532 3987 548 4018 ι
581 3967 1037 4037 Nuucjudicium
1069 3980 1157 4027 est
1188 3974 1601 4043 tnundthujus.
1667 3975 1828 4028 Nunc
1856 3974 2111 4043 princeps

529 4061 719 4118 mtumli
756 4061 923 4129 huius
956 4063 1212 4132 ejiciatur
1274 4065 1421 4121 foras
1449 4065 1515 4121 ⁸³.
1557 4086 1576 4119 ι
1643 4067 1733 4120 Ait
1782 4082 1912 4122 vero
1947 4074 2001 4121 et
2052 4081 2112 4122 se

530 4151 658 4215 ideo
713 4162 928 4216 unctum
962 4171 1095 4218 esse,
1136 4166 1193 4211 ut
1272 4173 1453 4211 omnes
1511 4159 1602 4228 qui
1649 4158 1860 4228 lugeant
1919 4174 2111 4213 conso-

532 4243 694 4310 letur.
735 4259 755 4293 ι
790 4242 939 4298 Beati
969 4247 1141 4314 enim,
1179 4247 1382 4319 inquit,
1438 4251 1530 4323 qui
1568 4251 1791 4319 lugent,
1847 4251 2108 4319 quoniam

2216 3062 2557 3134 θρωπήσεως
2579 3057 2860 3128 γεγονέναι
2886 3054 3086 3125 καιρῷ.
3120 3055 3233 3124 Τὴν
3259 3053 3379 3125 γὰρ
3431 3052 3528 3105 τοῦ
3553 3066 3780 3105 καταπα-

2210 3154 2477 3223 τήσαντος
2511 3150 2659 3221 ἡμᾶς
2713 3146 2962 3203 διαϐόλου
3011 3144 3264 3199 καθεῖλεν
3300 3141 3484 3214 ίσχύν.
3509 3140 3598 3194 Διδ
3649 3135 3781 3208 παρὰ

2210 3245 2375 3301 Δαὸὶὸ
2400 3246 2458 3299 τὸ
2486 3244 2594 3298 τῶν
2617 3239 3041 3314 λελυτρωμένων
3066 3235 3612 3308 ἐξομολογησάμενον
3626 3232 3778 3302 πρόσς

2208 3356 2362 3394 ωπον
2428 3335 2685 3407 ἐπιφέρει
2723 3351 2738 3367 ο
2769 3353 2789 3386 ι
2830 3334 2955 3387 Ὀτι
3004 3331 3269 3401 ἐποίησας
3302 3330 3409 3401 τὴν
3462 3327 3638 3399 κρίσιν
3670 3340 3777 3395 μου,

2212 3431 2306 3486 καὶ
2338 3430 2437 3505 τὴν
2472 3428 2627 3499 δίκην
2663 3443 2788 3497 μου,
2845 3423 3110 3495 ἐκάθισας
3165 3422 3259 3476 ἐπὶ
3311 3421 3512 3494 θρόνου
3540 3419 3568 3471 ὸ
3595 3417 3780 3490 κρίνων

2210 3520 2578 3593 δικαιοσύνην.
2629 3516 3004 3589 Ἐπετίμησας
3050 3515 3288 3582 ἔθνεσιν,
3351 3514 3451 3568 κα)⁸
3509 3506 3780 3566 ἀπώλετοὸ

2211 3614 2438 3684 ἀσεϐής.
2477 3629 2496 3663 t
2558 3610 2694 3681 Περὶ
2718 3603 2779 3662 οἶ)
2820 3607 2983 3662 πάλιν
3038 3604 3204 3676 φησίν
3235 3620 3248 3636 ·
3279 3622 3299 3661 ι
3342 3601 3709 3676 Ζητηθήσεται
3749 3597 3778 3666 ἡ

2214 3704 2457 3774 ἁμαρτία
2487 3700 2674 3766 αὑτοῦ,
2717 3700 2810 3755 καὶ
2839 3699 2901 3752 οὐ
2934 3698 3009 3768 μὴ
3062 3693 3285 3769 εὑρεθῇ.
3324 3715 3345 3747 δ
3380 3694 3491 3751 Καὶ
3526 3695 3553 3747 ὁ
3613 3687 3779 3758 Σωτὴρ

2212 3795 2269 3848 δέ
2301 3793 2469 3862 λέγει’
2508 3813 2527 3858 ι
2562 3793 2676 3848 Νῦν
2703 3793 2882 3865 κρίσις
2905 3791 3027 3861 ἐστὶ.
3068 3788 3163 3844 τοῦ
3225 3788 3443 3859 κόσμου
3481 3786 3683 3849 τούτου,
3700 3782 3779 3836 νῦν

2211 3886 2241 3938 ὁ
2273 3885 2458 3955 ἄρχων
2503 3884 2598 3939 τοῦ
2656 3884 2865 3957 κόσμου
2927 3881 3123 3935 τούτου
3181 3880 3583 3951 ἐκϐληθήσεται
3622 3875 3771 3949 ἔξω.ι

2215 3959 2541 4047 Κεχρίσθαι
2610 3977 2668 4030 δέ
2733 3993 2869 4048 φησι
2927 3976 3028 4031 καὶ
3093 3974 3518 4053 παρακαλέσαι
3574 3970 3775 4033 πάντας

2214 4069 2357 4135 τοὺς
2370 4069 2748 4134 «eram-Irrue
2778 4087 2792 4102 ·
2830 4086 2848 4121 ι
2889 4068 3167 4140 Μακάριοι
3218 4068 3354 4139 γὰρ,
3388 4064 3637 4135 φησ“ιν,οί
3666 4077 3774 4113 πεν-

2216 4158 2458 4225 θοῦντες,
2505 4160 2588 4213 ὅτι
2644 4158 2798 4212 αὐτοὶ
2857 4156 3403 4229 παρακληθήσονται.
3435 4174 3456 4208 ι
3498 4150 3648 4206 Ἀλλὰ
3698 4147 3774 4201 καὶ

2229 4250 2353 4316 τοῖς
2380 4251 2497 4319 τὴν
2519 4250 2674 4311 Σιὼν
2700 4249 2995 4305 πενθοῦσι
3022 4247 3205 4302 δώσει
3236 4247 3450 4312 δόξαν.
3515 4240 3774 4298 Ἐπένθουν

531 4336 640 4405 ipsi
678 4337 1118 4409 consolabuntur
1156 4339 1223 4397 ‘9.
1263 4358 1285 4394 ι
1329 4342 1494 4396 Addit
1523 4352 1783 4414 praetcrea
1807 4383 1821 4406 ,
1858 4340 2103 4412 Lugenti-

2214 4344 2321 4412 γὰρ
2340 4343 2391 4395 οἱ
2415 4342 2546 4412 παρ’
2585 4340 2860 4403 Ἰουδαίοις
2889 4341 3048 4412 ἃγιοι
3070 4341 3169 4411 τὴν
3206 4339 3487 4393 ἔκπτωσιν
3513 4336 3604 4388 τοῦ
3644 4329 3770 4395 λαοῦ.

531 4428 624 4480 bus
680 4426 810 4482 Sion
866 4430 1103 4500 gloriam
1160 4448 1215 4486 se
1250 4432 1595 4487 collaturum.
1629 4434 1910 4505 Lugebant
1939 4434 2109 4497 enim,

460 4594 463 4599 Ι
528 4521 622 4585 qui
657 4519 805 4573 inter
828 4518 1047 4581 Judatos
1094 4523 1270 4577 sancti
1300 4532 1482 4588 erant,
1509 4525 1694 4594 populi
1748 4526 2111 4580 calamitates.

529 4610 857 4675 Cujusmudi
898 4611 1105 4669 Paulus
1137 4613 1257 4683 ipse
1301 4615 1465 4670 etiam
1523 4613 1648 4681 fuit,
1676 4617 1766 4684 qui
1799 4632 1859 4671 se
1888 4615 2115 4669 tristitia

533 4701 695 4774 702
731 4702 869 4757 adeo
900 4720 1095 4774 inagna
1133 4715 1185 4759 et
1232 4708 1501 4761 continuo
1536 4708 1706 4762 animi
1761 4708 1961 4764 dolore
2006 4706 2117 4761 ira-

532 4798 678 4859 trum
714 4791 939 4846 nomine
991 4803 1468 4864 cognatorumque
1519 4811 1745 4852 suorum
1811 4797 2111 4852 secundum

532 4897 759 4936 cartiem
791 4884 1076 4941 lahurasse
1129 4889 1350 4952 asserit,
1383 4896 1443 4942 ut
1498 4904 1600 4959 pro
1649 4888 1758 4945 illis
1822 4890 2116 4942 anathema

2218 4434 2470 4497 Τοιοῦτος
2495 4430 2563 4504 ἦν
2588 4434 2616 4486 ὀ
2633 4433 2845 4497 Παῦλος
2876 4433 3049 4502 λέγων
3077 4450 3093 4465 ο
3127 4433 3209 4486 ὃτι
3246 4432 3407 4502 Λύπη
3439 4429 3527 4500 μοί
3547 4429 3672 4491 ἐστι,
3695 4421 3772 4476 καὶ
3798 4438 3804 4441 ‘

2219 4523 2562 4586 ἀδιάλειπτος
2595 4522 2755 4592 ὀδύνη
2783 4524 2847 4593 τῇ
2881 4522 3079 4594 καρδίᾳ
3114 4540 3218 4593 μου
3245 4522 3388 4590 ὑπὲρ
3414 4520 3520 4573 τῶν
3551 4512 3771 4583 ἀδελφῶν

2225 4631 2325 4686 μου
2357 4615 2464 4668 τῶν
2497 4613 2773 4682 συγγενῶν
2795 4613 2938 4666 κατὰ
2954 4614 3152 4684 σάρκα,
3184 4613 3322 4683 ὑπὲρ
3335 4606 3408 4666 ὧν
3445 4611 3533 4663 καὶ
3556 4605 3770 4671 ἀνάθεμα

2224 4703 2478 4772 γενέσθαι
2510 4687 2871 4773 προσηύχετο.
2906 4701 3019 4755 Καὶ
3037 4702 3245 4764 τούτοις
3267 4696 3362 4754 οὖν
3389 4699 3563 4753 δώσει
3584 4693 3765 4757 δόξανι

2225 4796 2325 4850 καὶ
2381 4794 2517 4849 ἀντὶ
2566 4791 2827 4856 σποδοῦ,
2897 4794 2963 4863 ἣν
3003 4792 3385 4846 κατεπὰσαντο
3412 4789 3642 4857 δεόμενοι
3688 4777 3766 4833 τοῦ

2223 4884 2361 4939 θεοῦ
2387 4884 2453 4938 δι’
2483 4884 2702 4946 αὐτοὺς,
2733 4884 3122 4953 εὐφροσύνης
3151 4882 3430 4951 ἄλειμμα,
3454 4869 3766 4940 indomiti"

536 4974 655 5033 tieri
693 4990 1012 5045 precaretur
1041 4978 1110 5032 ⁸⁵.
1147 4977 1209 5032 Et
1237 4980 1357 5036 istis
1389 4982 1560 5050 igitur
1611 4982 1841 5049 gloriam
1889 4980 2103 5035 datura:

2227 4975 2488 5041 ἔνδοξον
2506 5017 2522 5041 ,
2558 4974 2677 5028 ἀνθ’
2701 4969 2775 5028 ὧν
2796 4974 2940 5043 ὑπὲρ
2966 4972 3147 5027 αὐτῶν
3191 4974 3250 5026 ἐν
3273 4971 3490 5040 ἀκηδίᾳ
3519 4966 3762 5062 γεγόνασι.

533 5072 635 5139 est,
678 5080 773 5132 pro
832 5067 1005 5128 cinere
1067 5070 1199 5139 (quo
1250 5064 1473 5125 fuerunt
1522 5072 1729 5142 aspersi
1772 5087 1896 5126 cum
1940 5071 2107 5126 Deum
2150 5079 2373 5137 propter
2405 5068 2556 5136 ipsos
2581 5065 2959 5136 precatisunt)
2987 5064 3189 5119 lwtitite
3206 5065 3519 5130 unctionem,
3558 5066 3604 5112 et
3646 5066 3767 5108 amt-

534 5162 678 5223 .‘Wm
716 5156 1046 5225 gloriosum;
1084 5162 1228 5231 quod
1259 5162 1471 5221 illorum
1523 5166 1740 5221 nomine
1773 5163 1998 5219 tristitia
2053 5170 2108 5217 et
2136 5175 2356 5216 mmrore
2386 5158 2546 5226 afﬂigi
2574 5172 2638 5213 se
2658 5158 2951 5214 voluerint.

611 5246 729 5315 Non
770 5250 973 5309 desunt
1006 5262 1212 5321 tamen,
1244 5258 1337 5326 qui
1368 5259 1434 5313 ad
1476 5274 1594 5323 eos.
1625 5260 1716 5327 qui
1755 5268 1884 5314 ante
1912 5258 2115 5313 advenv-

2299 5253 2459 5317 Τινὲς
2489 5253 2547 5306 δὲ
2566 5252 2694 5316 τοὺς
2728 5253 2836 5325 πρὸ
2889 5254 2991 5324 τῆς
3015 5251 3309 5323 ἐπιδημίας
3352 5249 3443 5306 τοῦ
3469 5243 3592 5301 λαοῦ
3644 5253 3760 5296 ,πενι

608 5425 655 5471 ἐξ
687 5424 845 5503 loqu.
887 5428 1227 5503 stt._25.25,"
1266 5432 1363 5503 ibt
1443 5433 1533 5493 52.
1615 5435 1655 5466 ⁷⁷
1692 5432 2091 5503 Matthxxvnt.

2207 5431 2329 5486 ι-εο.
2404 5431 2447 5462 ⁷⁸
2481 5427 2680 5503 lIACor.
2703 5444 2782 5503 vt,
2805 5427 2861 5497 2.
2933 5429 2982 5503 ξ’
3011 5426 3240 5503 zaclrar.
3273 5444 3332 5494 ιι,
3365 5426 3416 5482 4.
3460 5424 3533 5503 _”
3559 5416 3755 5477 Zachar.

542 5510 657 5570 tm,
685 5499 739 5571 ᾖ,
773 5498 824 5550 5.
904 5499 944 5530 ⁸⁸
982 5495 1224 5561 Ρείιὶλὲ,
1261 5501 1313 5566 5,
1338 5502 1390 5556 6.
1472 5508 1515 5536 δ’
1541 5505 1681 5590 Psall.
1718 5521 1771 5566 Χ,
1804 5505 1887 5558 15.
1964 5504 2010 5535 ⁸³
2041 5502 2103 5558 10

2233 5518 2327 5567 xu,
2367 5503 2455 5553 3|.
2517 5501 2579 5533 ‘0‘
2616 5495 2897 5567 Matth.'v,
2929 5499 2982 5555 5.
3057 5498 3103 5532 ⁸⁸
3144 5498 3300 5555 Rom.
3348 5513 3424 5562 ix,
3460 5495 3511 5550 3.

1806 5621 2037 5695 unus
2078 5619 2484 5684 LECTIONES.

615 5709 638 5771 ἶ
676 5732 760 5800 π.
790 5715 869 5777 ὃς.
