3978 6430
258 314 269 321 ‘
283 297 409 361 9645

1379 297 1915 365 COMMENTARII
1954 296 2041 365 1N7
2080 303 2367 367 ISAIAM.

3380 296 3520 363 2616

282 406 519 471 θοῦντας
578 402 674 467 τὰς
718 402 992 475 ἁμαρτίας
1052 402 1238 474 φασὶν,
1288 404 1339 458 οἳ
1370 408 1465 459 καὶ
1494 408 1842 479 προσεδόκων

1948 420 2084 480 tum,
2115 412 2297 483 populi
2321 416 2545 482 peccata
2581 408 2853 482 lugebant,
2878 409 3156 478 referant;
3209 409 3305 480 qui
3354 411 3521 464 etiam

280 500 361 551 τὸν
386 494 687 550 δικαιοῦντα
713 498 776 566 τῇ
810 496 991 550 πίστει
1021 495 1112 549 τὸν
1139 495 1336 566 ἀσεϐῆ,
1387 495 1533 565 ἅγιοί
1563 515 1623 551 τε
1667 498 1842 565 ὄντες,

281 588 367 642 καὶ
392 587 486 649 τὰς
498 587 832 657 προφητείας
861 588 1085 651 ειδότες.
1117 587 1329 660 Βρέφος
1370 589 1422 658 γ’
1449 584 1543 643 οὖν
1573 589 1844 663 ὁΣυμεὼν

281 675 612 755 ἐνάγκάλαις
648 675 831 731 λαϐὼν
862 676 953 731 τὸν
992 677 1262 747 Χριστρν,
1295 678 1421 732 ἰδεῖν
1469 680 1846 750 ἐξωμολογεῖτο

285 787 302 821 ι
343 768 452 838 φῶς
500 770 580 831 είς
632 768 971 840 ἀποκάλυψιν
1030 772 1236 837 ἐθνῶν,
1283 770 1563 839 καὶδόξαν
1589 771 1716 825 λαοῦ
1748 788 1842 825 σου

291 858 513 930 Ἰσραήλ.
548 878 566 910 ι
622 860 734 912 Καὶ
787 860 1064 932 Ζαχαρίας
1126 863 1155 915 ὁ
1197 863 1449 917 Ἰωάννου
1500 861 1706 934 πσιὴρ,
1761 863 1844 916 ὅτι

279 949 621 1020 ἐπεσκέψατο,
649 952 742 1004 καὶ
770 954 1029 1024 ἐποίησεν
1063 952 1332 1023 λύτρωσιν
1368 952 1446 1024 τῷ
1497 952 1612 1024 λαῷ
1645 952 1838 1011 αὑτοῦ.

278 1046 379 1099 Καὶ
407 1042 719 1113 Ναθαναὴλ,
751 1045 848 1098 Ὃν
876 1045 1081 1117 ἔγραψε
1114 1047 1322 1115 Μωσῆς
1352 1047 1445 1099 καὶ
1469 1047 1519 1100 οἱ
1542 1046 1839 1119 προφῆται,

279 1137 458 1206 φησὶν,
486 1137 802 1208 εὑρήκαμεν
828 1213 831 1215 _
853 1138 1116 1206 Ἰησοῦν.
1147 1137 1486 1193 Πενθοῦσιν
1537 1135 1630 1194 οῦν
1660 1141 1845 1204 αὐτοῖς

278 1231 307 1299 ή
335 1227 417 1290 διὰ
445 1229 681 1300 Χριστοῦ
738 1228 1123 1301 παράκλησις
1153 1229 1383 1286 δέδοται.
1411 1230 1484 1284 Τὸ
1508 1230 1565 1284 δὲ
1584 1231 1845 1302 ἄλειμμα

274 1325 329 1377 τὸ
354 1323 451 1393 τῆς
513 1324 901 1392 εὐφροσύνης
925 1323 1257 1395 παρίστησιν
1311 1324 1512 1395 ἱλαρόν.
1556 1324 1743 1396 Ἐδόθη
1784 1326 1843 1379 δὲ

276 1416 451 1478 αὐτοῖς
482 1417 576 1469 καὶ
598 1415 750 1480 δόξα
779 1415 1013 1486 Χριστός
1046 1432 1061 1446 ·
1096 1417 1155 1488 ἢ,
1186 1415 1260 1480 ὥς
1295 1418 1427 1487 φασί
1454 1434 1620 1481 τινες,
1656 1417 1843 1488 ἐπειδὴ

275 1507 529 1562 τέθεινται
590 1509 762 1578 αὐτῆς
817 1490 1154 1580 καθηγηταί,
1208 1511 1301 1563 καὶ
1355 1509 1668 1564 διδάσκαλοι
1699 1527 1715 1542 ⁸
1748 1510 1844 1564 καὶ

273 1601 427 1655 τέκνα
460 1600 613 1662 ὄντες
645 1599 747 1667 τῆς
785 1600 1061 1655 Ἰουδαίων
1111 1601 1442 1672 Συναγωγῆς
1480 1603 1559 1665 εἰς
1598 1602 1843 1673 πατέρας

273 1692 523 1760 ἐγένοντο.
567 1692 712 1763 Πρὸς
748 1692 814 1763 ἥν
846 1709 1011 1763 φησιν
1043 1695 1071 1746 ὁ
1098 1692 1261 1746 Δαϐίδ
1292 1709 1306 1723 ’
1349 1694 1495 1748 Ἀντὶ
1531 1693 1642 1749 τῶν
1672 1695 1841 1749 πατέ-

1947 504 2260 561 sanctitatis
2314 513 2369 559 et
2415 503 2751 573 propheticae
2802 500 3139 574 cognitionis
3168 500 3344 570 gloria
3395 499 3522 554 illu-

1948 606 2094 654 stres
2119 611 2270 662 eum,
2302 609 2332 650 a
2352 610 2462 663 quo
2484 610 2579 664 per
2603 594 2762 650 ﬁdem
2780 590 3526 664 justiﬁeareturimpius,ex-

1946 687 2291 757 spectabant.
2351 686 2647 741 Pusionem
2698 685 2899 756 quippe
2967 681 3193 738 Simeon
3252 683 3370 752 ipse
3400 695 3525 735 cum

1930 777 2229 835 Christum
2261 779 2315 833 in
2354 777 2580 834 brachia
2627 775 2928 846 accepisset
2974 792 2989 829 :
3057 791 3077 825 ι
3113 770 3326 828 Lumen
3360 785 3422 828 se
3456 768 3526 824 ad

1948 869 2340 926 revelationem
2371 869 2732 948 gentiuin,'et
2763 867 2994 939 gloriam
3028 865 3217 936 populi
3245 862 3415 920 Israel
3445 861 3529 916 in-

1946 960 2086 1016 tueri
2140 960 2420 1030 professus
2469 968 2554 1017 est
2590 960 2657 1013 ".
2702 979 2721 1013 ι
2784 958 3039 1015 Asseruit
3101 964 3156 1013 et
3207 953 3525 1016 Zacharias,

1942 1050 2179 1107 Joannis
2203 1063 2376 1122 pater,
2430 1051 2741 1121 inspexisse
2781 1049 3098 1115 Dominum,
3156 1048 3528 1120 populumque

1946 1159 2107 1200 suum
2141 1143 2441 1199 redemisse
2493 1143 2561 1198 ⁸⁷.
2621 1143 2766 1198 Dixit
2819 1143 3055 1214 denique
3112 1149 3167 1197 et
3201 1137 3525 1204 Nathanael,

1945 1249 2107 1305 quem
2133 1233 2256 1289 suis
2279 1234 2503 1304 scriptis
2528 1232 2706 1289 Moses
2732 1234 2872 1303 ipse,
2893 1242 2948 1288 et
2969 1233 3250 1304 prophetae
3273 1230 3530 1298 designa-

1945 1335 2070 1381 rant
2101 1323 2289 1380 Iesum
2321 1339 2382 1380 se
2413 1325 2688 1380 invenisse
2721 1324 2789 1380 ⁸⁸.
2821 1323 2920 1380 Est
2966 1324 3131 1396 igitur
3179 1322 3316 1393 ipsis
3352 1320 3533 1391 lugen-

1945 1417 2085 1471 tibus
2103 1432 2200 1486 per
2217 1415 2500 1472 Christum
2519 1415 2680 1469 allata
2697 1414 3010 1469 consolatio.
3029 1414 3313 1485 Signiﬁcat
3330 1413 3529 1468 deinde

1945 1508 2208 1562 unctionis
2226 1522 2449 1574 nomen,
2463 1508 2638 1578 ipsam
2663 1505 2867 1562 lwtitia:
2886 1507 3230 1561 hilaritatem.
3253 1503 3349 1560 Est
3365 1521 3530 1576 porro

1944 1607 1998 1654 et
2046 1599 2156 1654 illis
2197 1596 2394 1668 gloria,
2428 1596 2683 1653 Christus
2710 1597 2827 1667 ipse
2859 1596 3078 1652 tributa.
3112 1594 3211 1651 Vel
3239 1596 3317 1663 id,
3373 1595 3528 1665 juxta

1947 1688 2332 1743 nonnullorum
2348 1687 2686 1757 opinionem,
2702 1702 2769 1742 eo
2787 1688 3009 1754 retulit;
3037 1686 3183 1756 quod
3213 1684 3337 1757 ejus
3364 1686 3530 1740 duces

275 1801 373 1853 ρων
399 1800 490 1836 σου
544 1762 884 1855 ἐγενήθησαν
910 1762 960 1837 οί
1004 1784 1113 1837 υίοί
1142 1801 1261 1839 σου.
1317 1786 1429 1838 Καὶ
1449 1784 1584 1854 γοῦν
1626 1787 1842 1850 Παῦλος

1948 1787 2002 1834 et
2037 1780 2328 1849 magistros
2368 1780 2475 1834 sibi
2534 1780 2829 1850 praefectos
2864 1781 3116 1845 haberet,
3157 1780 3252 1850 qui
3312 1788 3369 1834 et
3422 1778 3530 1849 ipsi

271 1875 465 1944 ἔγραφε
498 1876 611 1937 τοῖς
635 1873 905 1945 μαθηταῖς
934 1891 952 1909 ·
1002 1876 1093 1929 Ἐν
1155 1877 1264 1947 γὰρ
1292 1874 1523 1949 Χριστῷ
1551 1877 1725 1948 Ἰησοῦ
1752 1878 1842 1933 διὰ

267 1965 355 2020 τοῦ
407 1966 737 2035 Εὑαγγελίου
803 1967 913 2032 ἐγὼ
943 1967 1083 2038 ὑμᾶς
1105 1968 1389 2040 ἐγέννησα.
1415 1970 1526 2024 Καὶ
1558 1970 1732 2035 ἄλλως
1786 1972 1844 2025 δὲ

271 2056 416 2121 δόξαν
445 2057 717 2122 ἐδέξαντο,
756 2060 887 2112 ποτὲ
949 2059 1047 2130 μὲν
1073 2059 1363 2124 ἀκούοντες
1383 2077 1398 2092 ·
1451 2062 1842 2127 Ἀσθενοῦντας

278 2147 628 2216 θεραπεύετε,
662 2149 917 2220 δαιμόνια
950 2150 1244 2206 ἐκϐάλλετε
1269 2193 1285 2219 ,
1321 2153 1549 2222 νεκροὺς
1575 2153 1840 2225 ἐγείρετε,

273 2240 392 2293 ποτέ
425 2240 502 2302 δὲ,
539 2241 733 2312 Ὑμεῖς
761 2243 884 2294 ἐστε
907 2241 968 2295 τὸ
996 2242 1113 2312 φῶς
1151 2241 1245 2296 τοῦ
1271 2244 1498 2314 κόσμου.
1522 2240 1658 2298 Εἶτά
1683 2259 1846 2315 φηςι-ι’

270 2333 370 2385 Καὶ
414 2332 830 2399 κληθήσονται
879 2335 1081 2405 γενεαὶ
1134 2333 1532 2403 δικαιοσύνης
1575 2339 1848 2407 φύτευμα

271 2423 477 2490 Κυρίου
503 2425 593 2489 εὶς
619 2423 850 2489 δόξαν,
905 2425 1151 2497 δηλονότι
1208 2428 1258 2481 ot
1306 2427 1847 2499 καταξιωθησόμενοι

270 2514 365 2568 τοῦ
389 2513 604 2569 δεκτοῦ
632 2516 933 2571 ἐνιαυτοῦ.
962 2518 1325 2590 Σύμμαχοςδέ
1348 2521 1470 2575 ἀντὶ
1503 2518 1596 2573 τοῦ
1624 2521 1843 2590 γενεαὶ,

272 2608 425 2678 φησὶν
442 2609 708 2677 ἰσχυροί.
733 2610 1151 2682 Χρηματίξουσι
1201 2614 1311 2686 γὰρ
1344 2615 1391 2666 οί
1422 2613 1480 2679 ἐξ
1509 2612 1699 2679 ἐθνῶν,
1756 2612 1846 2682 γέ-

240 2738 247 2741 -
270 2716 352 2762 νος
396 2699 712 2765 ἐκλεκτὸν,
740 2700 892 2765 ἔθνος
914 2701 1094 2772 ἆγιον,
1137 2704 1266 2769 λαὸς
1294 2706 1374 2768 εἰς
1398 2703 1770 2775 περιποίησιν.

264 2793 518 2860 plantaria
550 2792 773 2849 Domini
806 2798 860 2850 in
892 2797 1122 2868 gloriam
1166 2815 1186 2853 :

1950 1870 2191 1926 Judaica:
2212 1868 2510 1942 Synagogae
2542 1870 2659 1936 ﬁlii,
2684 1870 2741 1925 in
2763 1880 2950 1943 patres
2983 1882 3308 1935 evaserant;
3333 1870 3402 1927 de
3422 1888 3533 1943 qua

1952 1964 2211 2019 Davidem
2242 1978 2365 2019 esse
2398 1965 2639 2018 locutum
2673 1979 2782 2019 non
2834 1964 3189 2036 ambigimus,
3254 1980 3381 2021 cum
3432 1980 3535 2037 pro

1951 2056 2202 2126 patribus
2230 2063 2388 2110 natos
2437 2069 2560 2110 esse
2590 2055 2735 2111 ﬁlios
2769 2054 3058 2111 aﬁirmavit
3081 2055 3148 2110 ⁸⁸.
3187 2054 3255 2112 Ει
3303 2055 3534 2112 Paulum

1952 2150 2146 2213 etiam,
2183 2162 2306 2202 cum
2339 2147 2647 2216 discipulos
2694 2162 2828 2205 suos
2880 2149 3188 2219 alloquens,
3237 2164 3334 2206 eos
3384 2165 3445 2206 se
3474 2150 3534 2204 in

1934 2239 2181 2296 'Christo
2220 2239 2350 2296 Jesu
2387 2258 2485 2313 per
2507 2243 2863 2315 Evangelium
2921 2241 3177 2312 genuisse
3221 2240 3415 2297 scribit.
3458 2242 3530 2295 ”.

1950 2331 2102 2387 Alias
2135 2347 2267 2387 vero
2290 2342 2347 2387 et
2367 2333 2539 2403 gloria
2567 2331 2748 2388 aﬁ'ecti
2803 2338 2963 2398 sunt;
3014 2331 3107 2399 qui
3142 2330 3389 2386 inﬁrmos
3417 2329 3536 2401 qui-

1951 2424 2073 2480 dem
2103 2426 2358 2491 sanandi,
2386 2427 2479 2497 qui
2505 2425 2777 2481 daemonia
2808 2422 3089 2495 ejiciendi,
3137 2423 3232 2494 qui
3282 2432 3534 2481 mortuos

1948 2517 2111 2572 etiam
2145 2516 2450 2572 suscitandi
2477 2522 2802 2587 potestatem
2835 2522 3161 2584 acceperunt
3197 2516 3242 2548 ⁹¹
3275 2532 3289 2583 ;
3322 2518 3414 2586 qui
3436 2515 3534 2571 de-

1951 2600 2117 2679 nique
2144 2610 2324 2663 lumen
2359 2624 2419 2664 se
2450 2608 2693 2678 gentium
2749 2606 2866 2662 ﬁeri
2913 2605 3248 2662 audiverunt
3301 2606 3372 2660 ".
3428 2604 3532 2662 Se-

1949 2702 2137 2772 quitur
2169 2701 2407 2757 deinde:
2442 2699 2504 2755 Et
2544 2698 2873 2755 vocabuntur
2916 2698 3283 2769 generationes
3301 2698 3536 2769 justitite

1251 2799 1286 2854 ii
1355 2800 1638 2867 nimirum,
1701 2799 1797 2869 qni
1857 2797 2171 2867 arceptabili
2211 2813 2349 2850 anno
2415 2797 2614 2867 dignos
2659 2810 2718 2851 se
2749 2794 3105 2866 praebuerint.
3132 2794 3240 2853 Sed
3284 2809 3385 2867 pro
3422 2809 3534 2866 quo

264 2895 625 2961 generationes
651 2894 936 2959 habemus,
959 2893 1275 2964 fortesdixit
1296 2893 1682 2966 Symmachus.
1745 2893 1886 2949 Sunt
1920 2897 2090 2958 enim,
2128 2892 2222 2964 qui
2270 2893 2338 2948 de
2393 2890 2652 2962 gentibus
2697 2890 3000 2957 exsistunt,
3050 2904 3223 2962 genus
3289 2891 3531 2957 electum,

264 3000 386 3057 gens
411 2996 635 3053 sancta,
659 2989 893 3059 populus
926 2989 1307 3060 acquisitionis
1326 2990 1392 3047 ”.

325 3106 730 3173 Δικαιοσύνης
754 3105 812 3160 δὲ
830 3106 1031 3176 γενεαί
1056 3109 1155 3179 τῆς
1192 3110 1250 3163 ἐν
1302 3108 1522 3180 Χριστῷ
1545 3108 1638 3164 καὶ
1659 3110 1759 3181 τὴν
1782 3111 1841 3165 ἐν

2016 3106 2177 3179 703
2235 3103 2473 3160 Iustitiae
2513 3118 2635 3159 vero
2676 3101 3061 3173 generationes,
3095 3100 3238 3170 ejus,
3302 3113 3426 3170 qua:
3475 3099 3536 3165 in

265 3193 402 3265 νόμῳ
429 3194 698 3266 νικώσης.
737 3214 757 3247 ι
800 3196 925 3250 Ἐὰν
954 3198 1064 3270 γὰρ
1100 3196 1184 3268 μή
1239 3198 1602 3271 περισσεύσῃ,
1653 3199 1843 3270 φησὶν,

204 3284 211 3287 ’
265 3285 644 3358 ήδικαιοσύνη
721 3286 875 3358 ὑμῶν
905 3287 1088 3341 πλεῖον
1140 3288 1250 3342 τῶν
1309 3289 1690 3361 Γραμματέων
1750 3292 1847 3344 καὶ

264 3379 593 3451 Φαρισαίων,
624 3379 687 3435 οὐ
723 3378 799 3451 μὴ
840 3379 1121 3452 είσέλθητε
1175 3382 1256 3446 είς
1290 3383 1388 3455 τὴν
1416 3382 1698 3453 βασιλείαν
1740 3382 1848 3437 τῶν

264 3472 528 3542 οὐρανῶν,
568 3490 588 3524 ι
622 3471 690 3542 ἣν
715 3471 974 3543 διήνυσαν
1014 3474 1253 3543 ἰσχυροί
1291 3475 1600 3543 γεγονότες,
1646 3475 1723 3540 ὡς
1761 3475 1849 3541 ἐξ·

269 3561 427 3616 έδωκε
448 3563 775 3634 Σύμμαχος.
794 3564 1072 3634 Φύτευμα
1088 3564 1144 3618 δὲ
1160 3566 1404 3634 Κυρίου,
1422 3566 1497 3630 ὡς
1517 3566 1653 3620 Θεοῦ
1673 3567 1849 3639 γεώρ-

270 3671 399 3722 γιον,
428 3656 558 3726 περὶ
584 3648 658 3709 ὧν
679 3655 910 3727 ἔψαλλεν
943 3658 971 3712 ὁ
1028 3656 1192 3711 Δαϐίδ
1219 3672 1236 3688 ο
1272 3676 1291 3709 t
1328 3658 1734 3729 Πεφυτευμένοι
1789 3660 1848 3711 ἐν

269 3746 342 3816 τῷ
363 3749 491 3818 οίκῳ
522 3732 758 3819 Κῦρίου,
782 3749 840 3802 ἐν
860 3750 981 3813 ταῖς
1007 3748 1198 3812 αὐλαῖς
1224 3748 1318 3802 τοῦ
1346 3747 1482 3802 Θεοῦ
1505 3749 1664 3819 ήμῶν
1686 3748 1847 3816 ἐξαν-

269 3842 511 3911 θήσουσι.
554 3859 574 3893 ι
621 3842 730 3894 Καὶ
750 3841 963 3905 Παῦλος
1014 3840 1073 3894 δέ
1105 3857 1271 3912 φησιν
1298 3857 1314 3874 ο
1350 3858 1370 3893 ι
1409 3838 1549 3908 Ἐγὼ
1573 3840 1849 3912 ἐφύτευσα

269 3934 429 3998 ὑμᾶς,
470 3932 748 3998 Ἀπολλὼς
779 3933 1049 3997 ἐπότισεν,
1074 3933 1103 3987 ὁ
1127 3934 1184 3987 δὲ
1214 3932 1616 4002 Θεδςηῦξανεν.
1653 3953 1673 3986 ι
1710 3935 1847 3989 Συν-

268 4026 376 4099 ᾁδει
427 4026 526 4081 καὶ
557 4026 642 4091 τὺ,
700 4042 718 4076 ι
755 4024 975 4086 Δίκαιος
1023 4024 1097 4088 ὡς
1127 4025 1302 4093 φοῖνιξ
1352 4025 1597 4096 ἀνθήσει.
1632 4044 1651 4077 ι
1735 4026 1850 4080 Καὶ

268 4117 783 4189 οἱκοδομήσουσιν
799 4116 1063 4187 ἐρήμους
1093 4119 1338 4184 altar-[ac
1368 4134 1383 4151 ·
1411 4117 1523 4171 τῶν
1556 4118 1688 4190 πρὶν
1714 4119 1851 4187 ἐρή-

259 4222 387 4273 μων
412 4207 588 4262 ἐθνῶν
616 4206 712 4270 τὰς
740 4206 939 4277 ψυχάς.
989 4208 1215 4276 Ἥγουν,
1264 4210 1398 4276 φασί
1420 4225 1587 4275 τινες,
1621 4209 1682 4263 τὸ
1708 4209 1846 4281 πλῆ-

266 4298 352 4360 θος
384 4298 645 4370 ἐμφαίνει
670 4298 779 4351 τῶν
801 4298 891 4352 διὰ
929 4297 1171 4361 πίστεως
1197 4298 1577 4370 κεκλημένων,
1634 4302 1711 4366 ὡς
1741 4302 1849 4356 δεῖ·

266 4391 384 4444 σθαι
438 4393 682 4446 πόλεων
730 4389 935 4461 ἐτέρων
989 4389 1061 4444 ἐν
1119 4388 1364 4460 ἐρήμοις
1413 4394 1799 4463 γενησομένων
1830 4410 1843 4424 ·

1953 3192 2176 3257 Christo
2203 3206 2308 3262 est,
2339 3204 2396 3251 et
2431 3195 2657 3266 legalem
2683 3200 2929 3265 superat:
2960 3191 3271 3249 «Nisienim
3298 3191 3539 3252 abunda-

1955 3293 2114 3356 verit,
2132 3290 2330 3358 inquit,
2355 3287 2570 3358 justitia
2592 3294 2795 3349 vestra.
2809 3286 3111 3358 plusquam
3129 3282 3457 3340 Scribarum.
3483 3293 3541 3340 et

1956 3382 2355 3439 Pharisaeorum
2381 3419 2399 3446 ,
2453 3393 2563 3433 non
2593 3377 2844 3449 poteritis
2890 3376 2947 3431 in
2985 3389 3216 3448 regnum
3270 3375 3537 3430 cmlorum

1957 3474 2170 3546 ingredi
2202 3472 2287 3539 ";
2331 3489 2350 3524 ι
2394 3484 2631 3540 eamque
2658 3468 2968 3524 absolutam
3003 3478 3056 3524 et
3087 3465 3384 3537 perfectam
3414 3467 3541 3521 red-

1957 3563 2239 3628 diderunt,
2270 3559 2365 3630 qui
2401 3559 2567 3627 fortes
2619 3571 2700 3623 se,
2731 3565 2792 3612 ut
2824 3564 2910 3611 est
2965 3570 2994 3610 a
3036 3554 3370 3627 Symmacho
3416 3553 3543 3609 red-

1956 3654 2155 3716 ditum,
2219 3650 2616 3722 praestiterunt.
2653 3646 2749 3702 Est
2802 3663 2933 3703 vero
2977 3646 3243 3715 plantatt‘o
3297 3644 3537 3709 Domini,

1912 3730 1919 3735 ’
1957 3754 2219 3815 tanquam
2249 3741 2345 3797 Dei
2376 3740 2751 3812 agricultura:
2796 3737 2866 3794 de
2894 3738 3097 3808 quibus
3149 3745 3281 3792 sunt
3309 3737 3404 3791 illa
3435 3735 3539 3789 Da-

1954 3836 2137 3891 vidis:
2207 3855 2225 3886 ι
2265 3832 2505 3889 Plantati
2555 3831 2611 3887 in
2659 3831 2825 3886 domo
2884 3829 3124 3893 Domini,
3161 3829 3215 3883 in
3257 3828 3413 3883 atriis
3447 3826 3553 3887 Dei.

1954 3927 2132 3984 nostri
2164 3924 2526 3981 ﬂorebunt”.
2557 3944 2575 3978 ι
2642 3923 2705 3978 Ει
2751 3923 2999 3995 Apostoli
3028 3941 3041 3978 :
3109 3941 3128 3974 ι
3161 3920 3274 3992 Ego
3301 3920 3541 3991 plantavi

1956 4038 2093 4088 vos;
2126 4022 2326 4092 Apollo
2351 4020 2584 4091 rigavit;
2639 4019 2785 4075 Deus
2813 4028 2993 4074 autem
3024 4017 3425 4073 incrementum
3450 4018 3537 4071 de-

1956 4118 2039 4174 dit
2071 4119 2140 4171 ".
2178 4135 2196 4168 ι
2266 4115 2478 4181 Quibus
2535 4111 2796 4167 convenit
2851 4119 2906 4166 et
2948 4109 3122 4166 illud:
3184 4128 3202 4160 t
3235 4107 3429 4163 Justus
3487 4115 3543 4162 nt

1956 4211 2139 4279 palma
2196 4205 2498 4262 ﬁorebit".
2532 4224 2551 4255 s
2597 4203 2864 4275 Sequitur
2885 4201 3128 4257 deinde:
3186 4200 3257 4255 Et
3309 4200 3543 4268 aediﬁca-

1957 4301 2085 4355 bunt
2110 4299 2323 4355 deserta
2358 4298 2680 4366 sempiterna
2702 4338 2716 4363 ,
2753 4295 2958 4367 quibus
2985 4295 3322 4349 desertarum
3380 4303 3545 4348 antea

1956 4392 2205 4462 gentium
2243 4391 2457 4445 animas
2522 4389 2802 4461 intelligit.
2840 4386 2937 4444 Vel
2977 4395 3129 4445 certe
3187 4389 3360 4456 (aiunt
3404 4403 3545 4442 non-

262 4480 426 4549 ήγουν
461 4483 563 4545 τὰς
590 4481 889 4552 ἐκκλησίας
916 4480 1015 4544 τὰς
1049 4481 1181 4552 πρὶν
1218 4483 1461 4553 ἐρήμους
1513 4484 1842 4550 θεοσεϐείας.

1958 4485 2119 4553 nulli)
2168 4498 2361 4538 eorum
2420 4481 2700 4552 ingentem
2765 4479 2903 4535 adeo
2932 4495 3250 4545 numerum,
3292 4478 3386 4549 qui
3448 4494 3544 4547 per

262 4574 368 4627 Kal.
383 4573 649 4641 ἥξουσιν
668 4571 1039 4642 ἀλλογενεῖς,
1064 4573 1482 4642 ποιμαίνοντες
1498 4576 1570 4629 τὰ
1588 4577 1842 4644 πρόϐατά

1964 4577 2124 4631 ﬁdem
2151 4575 2328 4629 vocati
2357 4582 2510 4641 sunt,
2539 4574 2714 4631 fuisse
2746 4574 3122 4640 demonstrat;
3150 4582 3210 4627 ut
3241 4572 3544 4627 civitatibus

238 4676 394 4720 ’σου.
432 4666 557 4719 Τῶν
586 4665 695 4737 γὰρ
724 4665 1005 4736 προτέρων
1057 4664 1479 4737 ἐκϐεϐλημένων
1536 4667 1699 4739 (πρὸς
1756 4669 1842 4734 οῦς

1961 4666 2110 4727 aliis,
2149 4680 2271 4735 qua:
2306 4665 2361 4719 in
2390 4664 2770 4734 solitudinibus
2800 4672 3221 4728 construantur,
3260 4678 3398 4734 opus
3427 4665 3500 4719 sit
3526 4681 3539 4716 :

261 4773 341 4820 τις
380 4756 530 4826 λέγει
576 4758 863 4829 προφήτης
897 4773 911 4789 ο
955 4775 974 4809 ι
1018 4750 1090 4809 Ὦ
1141 4756 1401 4829 ποιμένες
1443 4759 1662 4830 Ἰσραήλ
1692 4776 1707 4792 ο
1772 4761 1842 4831 μὴ

1958 4760 2043 4814 vel
2074 4760 2239 4814 etiam
2274 4757 2557 4815 Ecclesias
2589 4759 2741 4829 ipsas
2771 4758 2990 4824 innuit,
3021 4773 3143 4829 qua:
3172 4759 3378 4827 pietate
3420 4756 3544 4812 Dei-

262 4847 549 4917 βόσκουσιν
606 4851 656 4904 ot
688 4912 693 4919 ,
729 4849 990 4921 ποιμένες
1032 4840 1306 4918 δέαυτούς;
1340 4851 1464 4922 οὐχὶ
1494 4853 1564 4906 τὰ
1595 4853 1842 4925 πρόϐατα

1958 4862 2068 4915 que
2101 4846 2255 4901 cultu
2296 4846 2518 4901 fuerant
2557 4855 2719 4902 antea
2770 4844 3069 4901 destitutae.
3126 4845 3331 4915 Adjicit
3379 4860 3546 4915 porro

263 4943 550 5011 βόσκουσιν
587 4946 637 4998 οἱ
662 4945 954 5016 ποιμένες;
995 4963 1013 4997 ι
1051 4945 1188 5016 πρὸς
1223 4943 1316 5009 οὓς
1338 4944 1528 5015 ἔλεγεν
1557 4947 1585 5000 ὁ
1605 4946 1800 5016 Σωτήρ
1827 4962 1841 4976 ·

1958 4948 2204 4993 venturos
2257 4954 2371 4993 esse
2421 4938 2773 5008 alienigenas,
2822 4938 2915 5008 qui
2974 4954 3091 4992 oves
3130 4938 3246 5007 ejus
3295 4949 3542 5008 pascant.

230 5054 284 5087 'l
324 5038 658 5110 Ἀρθήσεται
700 5038 794 5107 ἀφ’
848 5035 1064 5108 ὑμῶνὴ
1114 5036 1364 5107 βασιλεία
1391 5038 1488 5091 τοῦ
1533 5035 1693 5101 Θεοῦ,
1751 5039 1842 5092 καὶ

1954 5031 2244 5086 Prioribus
2276 5032 2426 5086 enim
2455 5032 2698 5101 expulsis
2725 5031 2791 5086 ad
2823 5046 2963 5102 quos
2986 5038 3117 5085 sunt
3144 5031 3235 5085 illa
3265 5033 3546 5103 propheta:

258 5125 540 5202 δοθήσεται
602 5129 747 5185 ἔθνει
797 5127 1040 5184 ποιοῦντι
1072 5129 1201 5194 τοὺς
1251 5130 1501 5201 καρποὺς
1554 5129 1728 5200 αὐτῆς
1762 5130 1842 5199 ι),

1954 5124 2365 5194 ου]ιιε‹1ιιιιι;ιο
2390 5134 2641 5197 pastores
2676 5123 2869 5189 Israel,
2914 5124 3164 5193 nunquid
3214 5126 3544 5193 semetipsos

260 5219 378 5272 ἀντὶ
423 5219 632 5274 τούτων
704 5216 914 5274 ἐθνικοὶ
970 5220 1253 5290 ποιμένες
1306 5221 1674 5291 κατέστησαν.
1728 5220 1842 5274 Ἐν-

1955 5227 2191 5288 pascunt
2222 5230 2474 5288 pastores
2494 5218 2734 5273 ?Annon
2765 5232 2898 5272 oves
2924 5227 3155 5288 pascunt
3169 5226 3418 5291 pastores
3436 5217 3537 5271 "is

258 5311 430 5366 ταῦθα
452 5314 512 5366 δὲ
550 5312 734 5382 σαφῶς
767 5313 863 5365 τοῦ
900 5313 1067 5383 νόμου
1129 5294 1443 5382 μετάθεσιν,
1474 5315 1568 5367 καὶ
1594 5314 1692 5385 τῆς
1720 5317 1842 5367 κατ’

1957 5309 2021 5362 Et
2049 5310 2142 5362 illa
2183 5311 2526 5367 Snlvatoris:
2570 5308 2951 5367 «Auferetura
2979 5311 3135 5365 vobis
3170 5324 3395 5381 regnum
3420 5306 3540 5371 Dei,

259 5403 418 5457 αὐτὸν
461 5404 764 5475 ἱερωσύνης
812 5403 1134 5475 παρίστησι,
1171 5404 1370 5474 μηκέτι
1418 5404 1527 5457 τῶν
1584 5405 1649 5456 ἐκ
1705 5404 1840 5458 Aea?

1948 5412 2004 5460 ct
2037 5402 2260 5457 dabitur
2295 5403 2470 5476 genti,
2505 5418 2629 5475 quae
2672 5401 2799 5467 edat
2858 5401 3074 5458 fructus
3140 5402 3349 5472 ejus”.
3389 5420 3415 5453 ι
3482 5400 3540 5455 ln

325 5579 538 5651 1f‘fLuc.
579 5598 639 5647 ιι,
675 5583 764 5637 32.
841 5582 885 5614 ⁸⁷
923 5583 1059 5639 an.
1089 5599 1129 5649 ι,
1170 5585 1263 5640 68.
1342 5584 1385 5616 ⁸⁸
1420 5583 1578 5638 σιοτιη-
1614 5602 1653 5649 1.
1691 5586 1783 5651 Ᾰδ.

1948 5588 2080 5641 Psal.
2120 5603 2269 5647 ηιν.
2313 5587 2397 5641 17.
2476 5586 2561 5638 ⁹⁰1
2592 5585 2720 5638 Cor.
2774 5600 2846 5643 tv,
2898 5582 2982 5635 15.
3061 5582 3103 5615 ’⁸
3154 5578 3342 5651 Matth.
3388 5595 3441 5651 χ.
3481 5580 3534 5634 8.

262 5648 305 5679 “
328 5648 518 5705 Matth.
542 5668 593 5716 ν,
632 5652 717 5705 14.
794 5652 878 5707 ⁸⁸⁸1
921 5653 1070 5709 Pctr.
1118 5648 1202 5719 νιι,
1228 5655 1280 5709 9.
1390 5656 1435 5687 οδ
1474 5648 1662 5710 Matth.
1722 5648 1780 5718 ι’(
1814 5657 1842 5708 ἓ

2019 5661 2060 5690 ’⁵
2134 5657 2278 5713 Ρδςιι.
2343 5672 2451 5720 xcr,
2520 5657 2601 5711 11.
2679 5655 2724 5686 ⁹⁶
2774 5653 2960 5708 ιιὲυτ·¹
3017 5666 3097 5716 ιιι,
3135 5654 3189 5705 6.
3300 5649 3342 5680 ”
3392 5649 3534 5705 i‘sal.

265 5734 371 5786 xm,
432 5720 515 5776 15.
622 5722 668 5757 ’⁸
702 5722 897 5778 Ezech.
930 5740 1114 5791 xxxrv,
1182 5728 1235 5779 2.
1313 5727 1356 5759 "
1389 5724 1575 5780 Matth.
1628 5743 1740 5792 xxi,
1790 5729 1875 5781 45.
2029 5725 2035 5731 ’
