3978 6408
481 237 621 322 ιβιτ
666 296 679 307 .

1785 247 2141 312 PROCOPII
2169 250 2413 312 GALEI

3588 261 3713 328 sas
3756 232 3771 243 ’

480 368 673 425 eorum
698 340 886 408 locum
911 355 1005 425 qui
1044 356 1111 412 de
1166 357 1422 429 gentibus
1459 358 1764 425 exsistunt.
1821 372 2044 433 pastore.

2168 364 2653 436 λειτουργούντων.
2681 363 2790 420 Ἦν
2816 365 2927 439 γὰρ
2947 366 3130 432 αὐτοῖς
3160 367 3418 440 ἀδόκιμον
3465 368 3525 424 τὸ
3567 373 3719 445 ἀργύ-

477 444 720 519 instituti
754 453 904 500 sunt.
933 444 1032 502 Hic
1068 447 1213 503 enim
1256 459 1445 518 aperte
1474 452 1607 520 legis
1653 460 1707 507 et
1757 455 2055 510 sacerdotii

479 522 599 604 ejus
630 538 1046 607 translationem
1082 536 1321 604 indicat;
1362 538 1511 594 nullo
1540 542 1776 613 amplius
1799 543 1865 598 de
1895 544 2057 599 Levi-

477 634 658 697 tarum
721 639 920 695 genere
973 624 1303 694 superstite;
1349 641 1582 708 quorum
1628 639 1747 684 erat
1786 630 2047 702 improba

477 727 614 791 tum,
650 729 703 775 et
727 720 794 774 ab
820 735 922 776 usu
954 728 1225 776 remotum
1276 732 1585 793 argentum.
1661 725 1784 793 Quo
1850 727 2036 783 factun

476 822 583 881 est,
619 821 678 866 ut
707 812 774 869 de
803 813 1049 882 gentium
1083 830 1316 870 numero
1351 815 1406 871 in
1440 817 1660 873 illorum
1694 819 1870 874 vicem
1926 821 2053 874 sub-

480 905 623 962 irent
648 915 887 960 aratores
921 913 970 960 et
1004 906 1277 962 vinitores.
1307 906 1580 974 Quoniam
1610 911 1754 965 enim
1812 911 1906 985 qui
1937 927 2062 967 cre-

476 994 886 1066 dunt,persa3pe
912 996 968 1051 in
996 995 1283 1069 Scriptura
1312 1000 1440 1055 vitis
1463 1010 1517 1055 et
1561 1002 1757 1057 hortus
1784 1003 2063 1071 appellan-

475 1095 601 1159 tur:
639 1095 694 1163 et
724 1087 814 1141 hic
848 1088 1013 1144 etiam
1038 1105 1147 1145 non
1179 1091 1418 1146 absimili
1450 1093 1752 1149 intentione
1780 1106 2058 1148 aratorum
2082 1152 2095 1163 α

474 1189 526 1251 et
558 1162 846 1234 viiiitorum
876 1180 1098 1236 nomina
1129 1183 1442 1252 usurpavit.
1474 1184 1595 1239 Non
1631 1186 1707 1240 illi
1777 1186 1945 1259 igitur
1998 1185 2053 1240 id

477 1267 698 1331 honoris
724 1266 831 1322 sibi
852 1267 1134 1339 abripiunt
1161 1286 1176 1336 ;
1211 1269 1306 1325 sed
1344 1286 1371 1324 a
1405 1269 1517 1327 Deo
1546 1272 1724 1328 vocati
1757 1272 1938 1343 potius
1962 1286 2057 1327 ac-

468 1356 696 1436 prdunt.
754 1356 927 1414 Fuere
985 1368 1250 1429 praeterea
1289 1372 1528 1430 pastores
1559 1362 1613 1418 in
1645 1364 1763 1431 lege
1810 1362 2063 1421 viticola-

2170 471 2303 525 ριον.
2338 455 2403 509 Οἱ
2430 455 2613 511 τοίνυν
2652 457 2712 522 ἐξ
2754 457 2922 512 ἐθνῶν
2979 459 3075 512 καὶ⁵
3125 457 3413 527 ἀροτῆρες
3468 462 3720 531 γεγόνασι,
3758 464 3763 473 ’

2167 544 2265 599 καὶ
2288 545 2718 617 ἀμπελουργοί.
2752 547 2907 602 Ἐπεὶ
2937 549 3047 620 γὰρ
3073 549 3307 620 ἐκλεκτὴ
3331 551 3399 621 γῆ
3454 552 3723 624 κέκληνται

2167 638 2497 709 πλεισταχοῦ
2523 639 2624 709 τῆς
2644 639 2879 711 Γραφῆς
2903 642 2951 694 oi
3000 641 3411 706 πιστεύσαντες,
3449 644 3541 697 καὶ
3562 645 3725 715 ἀμπε-

2165 728 2294 794 λὼν,
2349 728 2443 781 καὶ
2513 730 2690 800 κῆπος
2722 729 3047 798 ’ἀναλόγως
3110 730 3410 799 ἀροτῆράς
3443 751 3591 803 φησι,
3640 736 3727 787 καὶ

2164 815 2647 884 ἀμπελουρτούς.
2695 817 2911 871 Ούκοῦν
2938 819 3039 871 οὐκ
3084 821 3270 883 αὐτοῖς
3294 821 3593 891 ἁρπάζουσι
3639 828 3731 895 τὴν

2161 904 2351 977 τιμὴν,
2387 907 2686 979 κέκληνται
2712 909 2770 963 δὲ
2803 909 3005 980 μᾶλλον
3035 911 3187 982 παρὰ
3227 912 3385 967 Θεοῦ.
3418 904 3528 967 Καὶ
3541 916 3731 969 οἱκατὰ

2161 993 2325 1064 νόμον
2350 994 2406 1053 δὲ
2435 998 2719 1065 ποιμένες
2774 999 3102 1067 ἀμπελῶνος
3153 999 3461 1073 ἐκλήθησαν
3485 1005 3728 1074 γεωργοὶ,

2163 1085 2292 1157 Ιπερὶ
2319 1079 2395 1140 ὧν
2423 1104 2589 1158 φησιν
2610 1090 2639 1142 ὁ
2666 1089 2860 1161 Σωτήρ
2891 1104 2905 1120 ο
2960 1091 3026 1142 Τί
3064 1094 3283 1164 ποιήσει
3319 1095 3347 1147 ὁ
3401 1095 3598 1164 Κύριος
3643 1095 3731 1150 τοῦ

2161 1178 2484 1250 ἀμπελῶνος
2505 1184 2617 1245 τοῖς
2645 1185 2838 1247 κακοῖς
2862 1186 3134 1254 γεωργοῖς
3156 1203 3171 1253 ;
3207 1186 3333 1249 Τοῖς
3358 1182 3451 1241 οὖν
3472 1188 3591 1241 ἀντὶ
3622 1188 3732 1242 τού-

2164 1286 2271 1324 των
2311 1272 2339 1324 ὁ
2372 1273 2657 1343 προφήτης
2702 1275 2868 1343 φησίν
2902 1288 2917 1304 ⁸
2971 1276 3164 1346 Ὑμεῖς
3201 1276 3260 1331 δέ
3300 1278 3476 1351 ιερεῗς
3502 1281 3731 1350 Κυρίου,

2168 1361 2557 1429 κληθήσεσθε
2604 1364 2947 1434 λειτουργοὶ
2987 1367 3095 1421 τοῦ
3150 1368 3301 1423 Θεοῦ
3332 1368 3520 1439 ἡμῶν.
3749 1360 3756 1367 ’

474 1466 596 1525 rum
634 1451 856 1506 nomine
891 1452 1209 1523 signiﬁcati;
1246 1455 1315 1510 ad
1346 1457 1491 1528 quod
1526 1456 1781 1513 Salvator
1812 1457 1930 1524 ipse
1964 1455 2291 1526 respiciens,
2323 1456 2452 1527 quid
2481 1458 2641 1517 malis
2694 1458 2867 1515 vineae
2934 1461 3242 1519 cultoribus
3310 1462 3583 1519 facturum
3637 1463 3735 1520 Do.

474 1548 683 1623 mitium
713 1543 879 1616 ’104ι
904 1546 1259 1617 arbitremur,
1291 1548 1594 1620 interrogat
1630 1551 1668 1604 ί.
1699 1547 1827 1605 Illos
1869 1551 2054 1620 igitur,
2096 1549 2189 1619 qui
2226 1548 2281 1604 in
2311 1550 2546 1606 istorum
2579 1550 2760 1608 locum
2797 1553 3109 1621 subierunt,
3180 1558 3445 1630 propheta
3515 1559 3736 1630 alloqui-

474 1655 565 1721 tur
593 1667 605 1703 :
650 1646 782 1702 Cum
822 1645 1037 1699 Domini
1055 1642 1350 1701 sacerdotes
1379 1645 1478 1700 Dei
1510 1647 1680 1701 nostri
1732 1644 2005 1699 ministros
2063 1656 2310 1699 uocatum
2339 1646 2411 1699 iri
2435 1645 2646 1715 adjicit.
3242 1706 3259 1729 .

543 1739 777 1807 Quinam
811 1745 992 1793 autem
1016 1738 1131 1805 alii,
1166 1752 1329 1810 quam
1363 1737 1619 1795 Ecclesiae
1641 1738 1912 1804 vinitores,
1956 1737 2042 1807 for

2242 1737 2402 1801 Τίνες
2435 1738 2550 1792 ἀλλ’
2599 1741 2648 1793 οἱ
2671 1749 2695 1787 tt
2725 1739 2825 1809 τῆς
2858 1740 3188 1812 Ἐκκλησίας
3229 1744 3633 1816 cuiusdam!
3654 1788 3667 1811 ,
3689 1748 3735 1804 οῖ

470 1832 752 1909 ῃίιιάῖηεηι
784 1830 1016 1901 gentium
1046 1830 1130 1885 vel
1166 1829 1550 1885 abundantiam
1574 1829 1656 1902 (ut
1706 1830 1915 1903 Aquilae
1937 1831 2055 1900 pla-

472 1920 596 1993 cet)
628 1922 934 1979 comesturi
963 1922 1134 1979 sunt?
1161 1920 1355 1980 Nullus
1398 1924 1544 1981 enim
1585 1925 1747 1981 cibus
1769 1940 1923 1994 aeque
1951 1942 2053 1995 pas

468 2017 707 2091 gtoribus
729 2015 990 2073 Ecclesia:
1012 2016 1287 2089 congruit,
1317 2026 1483 2088 atque
1500 2018 1617 2088 ipsa
1639 2020 1905 2090 gentium,
1932 2034 2054 2090 qua:

471 2125 570 2193 per
596 2108 730 2164 istos
767 2108 1001 2164 salutem
1054 2108 1263 2177 adeptae
1296 2117 1448 2175 sunt,
1494 2108 1779 2179 fortitudo.
1826 2108 2055 2165 Fuerint

468 2218 598 2271 vero
626 2202 743 2266 isti,
772 2202 863 2271 qui
887 2200 1257 2270 fortitudinem
1282 2217 1435 2258 suam
1460 2201 1687 2259 ferendo
1703 2203 2050 2289 etpatiepdo,

426 2274 433 2283 ’
465 2296 520 2367 in
552 2296 805 2353 veritatis
830 2294 1138 2349 assertione
1169 2298 1544 2350 ostentarunt.
1573 2296 1773 2365 Adjicit
1809 2274 1969 2363 porro
1996 2296 2049 2349 in

463 2386 669 2459 diuitiis
685 2386 844 2441 etiam
874 2386 988 2456 fore
1022 2386 1395 2441 admirabiles.
1425 2385 1534 2443 Sed
1568 2396 1653 2443 est
1680 2387 1748 2442 de
1803 2387 2047 2454 gentium

461 2478 663 2549 diuitiis
696 2478 1149 2547 intelligendum;
1184 2478 1255 2534 de
1280 2478 1484 2550 quibus
1519 2478 1586 2534 ad
1620 2479 1940 2537 Corinthios
1972 2479 2045 2534 ita

464 2570 659 2625 scribit
717 2570 1047 2640 Apostolus:
1120 2589 1140 2622 ι
1177 2569 1398 2628 Gratias
1453 2586 1555 2641 ago
1603 2571 1714 2628 Deo
1762 2588 1887 2628 meo
1951 2588 2049 2644 per

458 2662 645 2736 glesum
679 2662 983 2729 Christum,
1009 2663 1155 2733 quod
1179 2664 1232 2718 in
1260 2665 1517 2720 omnibus
1543 2664 1741 2721 divites
1764 2666 1895 2721 facti
1913 2665 2047 2724 estis

452 2740 516 2821 in
549 2757 644 2811 illo
666 2797 682 2821 ,
744 2756 799 2811 in
829 2757 978 2812 omni
1010 2756 1174 2811 verbo
1202 2765 1255 2811 et
1310 2758 1364 2811 in
1395 2758 1544 2812 omni
1596 2759 1853 2829 scientia:
1902 2760 2048 2814 sicut

400 2873 404 2876 ~
456 2846 833 2911 testimonium
854 2846 1057 2900 Christi
1080 2845 1462 2901 continuatum
1489 2855 1573 2903 est
1601 2848 1654 2901 in
1684 2848 1862 2915 vobis,
1890 2849 1964 2903 ita
1988 2859 2049 2903 ut

458 2939 598 3014 pihil
630 2934 771 2993 desit
825 2938 983 2993 vobis
1029 2938 1083 2991 in
1127 2937 1236 2991 ulla
1270 2938 1443 3007 gratia
1472 2940 1515 2993 '.
1556 2957 1574 2990 ι
1640 2937 1782 2993 Sunt
1836 2947 2041 3003 tamen,

458 3028 554 3102 qni
580 3045 678 3101 per
706 3027 1076 3099 fortitudinem
1116 3029 1373 3099 gentium,
1399 3030 1634 3085 collatos
1662 3046 1690 3084 a
1723 3031 2043 3101 potentissi-

456 3119 583 3183 mis,
608 3115 700 3188 qui
727 3119 791 3171 de
827 3118 1066 3187 gentibus
1125 3117 1305 3173 vocati
1360 3119 1493 3182 sint,
1542 3119 1782 3175 honores
1831 3122 2038 3176 intelli-

456 3220 606 3281 gant.
634 3207 730 3269 Vel
765 3210 817 3266 id
845 3210 967 3266 ideo
991 3211 1263 3280 adjectum
1284 3228 1424 3275 esse,
1456 3213 1599 3283 quod
1623 3215 1853 3283 gentium
1896 3215 2040 3270 vires

455 3303 597 3375 [sive
651 3302 1088 3371 illustres‘apud
1144 3318 1259 3367 eas,
1312 3304 1428 3358 sive
1456 3306 1707 3360 saeculari
1768 3306 2040 3377 sapientia

454 3394 789 3450 exercitatos
818 3393 1111 3464 intelligas)
1145 3395 1362 3447 illorum
1390 3405 1713 3465 superatura
1739 3398 1808 3452 sit
1840 3399 2040 3453 oratio.

456 3485 698 3557 Laudem
732 3485 878 3537 enim
922 3496 975 3540 et
1017 3486 1247 3554 gloriam
1281 3486 1405 3541 ideo
1458 3488 1638 3552 adepti
1679 3498 1830 3554 sunt,
1895 3489 2038 3558 quod

456 3575 596 3643 ipsis
631 3574 952 3645 superiores
988 3589 1048 3629 se
1083 3576 1477 3642 praestiterunt.
1505 3574 1644 3630 Sunt
1670 3593 1905 3648 namque
1952 3581 2041 3634 do‘

454 3676 667 3719 rtorum
727 3667 901 3737 gloria
935 3669 1026 3738 qui
1103 3669 1344 3739 mystica!
1420 3685 1611 3724 corum
1674 3672 2040 3729 institutionis

455 3758 661 3812 auxilio
703 3758 935 3812 salutem
971 3758 1153 3827 adepti
1217 3767 1368 3814 sunt.
1419 3759 1741 3830 Cujnsmodi
1779 3763 1872 3833 qui
1918 3763 2039 3819 fne-

457 3851 589 3907 rint.
624 3860 819 3904 terram
846 3850 1213 3920 possidebunt,
1265 3852 1524 3907 omnibus
1576 3855 1729 3923 potiti
1764 3854 2037 3919 videlicet,

452 3958 562 4019 non
602 3941 790 3997 .lndaea
820 3943 958 4004 sola,
996 3953 1051 3995 ut
1077 3943 1112 3997 ii
1153 3943 1318 3997 olim:
1350 3943 1404 3997 in
1439 3960 1579 4013 quos
1608 3946 1783 4000 divisa
1812 3955 1896 4001 est
1930 3949 2035 4002 hrc-

451 4034 657 4090 reditas
691 4050 789 4104 per
820 4034 1007 4090 .lcsum
1045 4033 1211 4102 Nave,
1243 4037 1334 4106 qui
1367 4038 1480 4091 veri
1510 4036 1641 4091 Iesu
1697 4050 1856 4109 typus
1911 4040 2033 4106 fuit,

450 4140 478 4174 a
506 4124 803 4192 quoaltera
831 4124 917 4176 illa
947 4133 996 4177 et
1027 4124 1379 4195 priestantior
1411 4126 1749 4183 [hereditatis
1782 4129 1923 4183 facta
1952 4140 2038 4186 est

448 4212 670 4276 divisio,
703 4212 770 4265 de
793 4226 897 4280 qua
929 4212 1009 4267 sic
1041 4212 1238 4281 legitur
1271 4213 1325 4266 in
1366 4211 1634 4269 Psalmis:
1700 4235 1719 4267 ι
1753 4215 1975 4273 Postilla
2006 4235 2035 4274 a

448 4320 557 4379 me,
589 4310 643 4357 et
673 4302 817 4357 dabo
842 4303 936 4357 tibi
962 4309 1152 4372 gentes
1189 4304 1570 4360 hereditatem
1608 4315 1781 4373 tuam,
1810 4319 1863 4362 et
1889 4311 2034 4363 t'nui-

446 4398 631 4473 culum
658 4405 835 4459 tuum,
871 4399 1135 4451 terminos
1159 4404 1321 4451 terra:
1355 4398 1411 4462 ⁸;
1452 4416 1471 4448 ι
1516 4414 1680 4468 quam
1706 4399 1893 4457 divisit
1929 4403 2033 4457 Do-

2157 1829 2253 1883 καὶ
2290 1830 2404 1899 τὴν
2433 1831 2619 1902 ἰσχὺν
2651 1832 2972 1889 κατέδονται
3014 1834 3136 1889 τῶν
3167 1834 3361 1890 ἐθνῶν
3384 1853 3403 1902 ;
3424 1836 3457 1907 ἢ
3480 1839 3620 1892 κατά
3650 1843 3734 1893 τὸν

2158 1922 2414 1988 Ἀκύλαν,
2473 1925 2589 1990 τὴν
2644 1926 2957 1994 εὐπορίαν.
2987 1927 3153 1981 Οὐδὲν
3183 1928 3291 1999 γὰρ
3323 1929 3535 1984 τοιοῦτο
3548 1930 3744 2002 βρῶμα,

2154 2017 2265 2077 τοῖς
2284 2016 2382 2087 τῆς
2443 2016 2774 2088 Ἐκκλησίας
2833 2020 3076 2089 ποιμέσι
3157 2021 3523 2091 κατάλληλον,
3574 2023 3647 2088 ὡς
3700 2028 3731 2097 ἡ

2157 2109 2335 2177 ἰσχὺς
2364 2110 2474 2163 τῶν
2493 2110 2559 2162 δι’
2585 2109 2765 2164 αὐτῶν
2824 2110 3151 2181 σωζομένων
3189 2112 3384 2167 ἐθνῶν.
3416 2106 3577 2168 Οὗτοι
3598 2115 3641 2169 δ’
3670 2116 3731 2171 ἂν

2154 2198 2263 2253 εἷεν
2312 2202 2361 2254 οἱ
2407 2201 2507 2273 τὴν
2553 2202 2743 2271 ισχύν
2782 2203 2870 2257 διὰ
2919 2203 3020 2273 τῆς
3066 2204 3347 2273 ὑπομονῆς
3392 2206 3451 2258 ἐν
3476 2209 3543 2276 τῇ
3597 2206 3731 2277 ὑπὲρ

2152 2291 2412 2357 ἀληθείας
2442 2292 2845 2363 ἐπιδειξάμενοι
2879 2292 3173 2365 μαρτυρίᾳ.
3232 2294 3402 2348 Ἀλλὰ
3446 2298 3545 2351 καὶ
3572 2297 3729 2364 ἐντῷ

2151 2384 2414 2451 πλούτῳ,
2449 2384 2603 2454 φησι,
2636 2383 3166 2453 θαυμασθήσεσθε.
3207 2384 3312 2439 Τὸν
3343 2385 3409 2438 δέ
3440 2385 3550 2439 τῶν
3570 2384 3729 2440 ἐθνῶν

2151 2475 2445 2537 πλοῦτον,
2479 2476 2575 2544 ἀφ’
2596 2470 2671 2529 ὧν
2704 2477 2734 2529 ὁ
2757 2476 2967 2540 Παῦλος
2992 2477 3195 2548 γράφει
3244 2477 3582 2547 Κορινθίοις,
3610 2478 3729 2546 vei:-

2134 2582 2336 2635 ,σομεψ
2369 2585 2387 2618 ι
2413 2567 2736 2638 Εὐχαριστῶ
2764 2568 2840 2639 τῷ
2866 2567 2987 2638 Θεῷ
3019 2586 3122 2639 μου
3149 2568 3239 2623 διὰ
3269 2568 3450 2638 Ἰησοῦ
3475 2567 3726 2640 Χριστοῦ,

2147 2660 2227 2712 ὃτι
2254 2661 2312 2713 ὲν
2346 2661 2508 2713 παντὶ
2544 2660 2936 2731 ἐπλουτίσθητε
2974 2663 3033 2715 ἐν
3072 2660 3243 2732 αὐτῷ,
3274 2663 3334 2715 ἐν
3358 2661 3527 2716 παντὶ
3572 2660 3726 2730 λόγῳ,

2148 2749 2242 2802 καὶ
2296 2744 2452 2823 πάσῃ
2482 2752 2701 2817 γνώσει,
2739 2749 2924 2814 καθὼς
2952 2752 3012 2804 τὸ
3055 2752 3362 2822 μαρτύριον
3383 2749 3479 2804 τοῦ
3501 2750 3728 2821 Χριστοῦ

2147 2842 2453 2913 ἐϐεϐαιώοη
2487 2846 2543 2896 ἐν
2578 2845 2731 2914 ὑμῖν,
2755 2842 2831 2906 ὥς
2858 2861 2918 2898 τε
2978 2844 3052 2915 μὴ
3107 2843 3456 2911 ὑστερεῖσθαι
3481 2844 3624 2913 ὑμᾶς
3674 2843 3727 2895 ἐν

2149 2934 2340 3004 μηδενὶ
2395 2935 2718 3004 χαρίσματι.
2762 2954 2780 2988 ι
2809 2935 2966 2998 Τινὲς
2996 2936 3053 2988 δέ
3086 2935 3273 3006 ἰσχὺν
3302 2934 3521 3000 ἐθνῶν,
3548 2936 3644 2999 τὰς
3671 2937 3728 2991 ἐκ

2144 3028 2253 3079 τῶν
2278 3027 2667 3080 δυνατωτάτων
2696 3012 2867 3097 τιμὰς
2909 3028 3186 3095 λέγουσιν,
3228 3026 3394 3100 οἵπερ
3424 3027 3494 3083 ἂν
3538 3022 3643 3081 εἷεν
3665 3026 3729 3091 ἐξ

2144 3115 2336 3171 ἐθνῶν
2365 3117 2712 3189 κεκλημένοι,
2747 3118 2884 3189 ἢὸτι
2914 3121 2941 3172 ὁ
3005 3118 3135 3189 παρ’
3167 3117 3321 3189 ὑμῶν
3357 3119 3387 3158 ιι
3435 3116 3729 3190 ἐπικρατεῖ).

2149 3223 2230 3259 σει
2294 3205 2450 3274 λόγος
2480 3209 2580 3276 τῆς
2610 3207 2894 3277 δυνάμεως
2925 3207 3044 3261 τῶν
3111 3206 3327 3273 ἐθνῶν,
3362 3208 3396 3280 ἢ
3443 3208 3553 3262 τῶν
3610 3206 3728 3278 παρ’

2143 3296 2375 3361 ἐκείνοις
2407 3298 2703 3370 λαμπρῶν,
2758 3300 2791 3371 ἢ
2823 3299 2933 3369 τῷν
2954 3298 3228 3370 κοσμικὴν
3262 3299 3600 3369 ἠσκημένων
3651 3313 3731 3349 σου

2143 3391 2293 3459 φίαν.
2363 3390 2583 3444 Τούτων
2657 3391 2767 3463 γὰρ
2844 3392 3277 3462 κατισχύσαντες
3342 3389 3725 3459 ἐδοξάσθησαν.

2143 3482 2424 3554 Καύχημα
2470 3483 2581 3553 γὰρ
2624 3482 2962 3537 διδασκάλων
3017 3486 3068 3537 οἱ
3134 3483 3224 3537 διὰ
3280 3485 3384 3554 τῆς
3423 3481 3605 3535 αὐτῶν
3634 3498 3730 3533 σω-

2143 3575 2330 3639 θέντες
2415 3577 2806 3645 μυσταγωγὶας
2840 3592 2854 3606 ο
2928 3577 2977 3629 οί
3035 3575 3091 3629 δὲ
3155 3574 3395 3628 τοιοῦτοι
3447 3579 3728 3642 κληρονοο

2135 3665 2410 3735 μήσουσι
2451 3665 2566 3730 τὴν
2592 3663 2731 3735 γῆν,
2760 3667 2977 3720 πάντων
3005 3667 3504 3737 ἐπικρατήσαντες,
3539 3663 3725 3717 ἀλλὀὐ

2145 3756 2315 3827 μόνης
2343 3757 2629 3817 Ἰουδαίας,
2686 3750 2986 3819 κατᾶἐτοὺς
3012 3756 3181 3809 πάλαι
3231 3754 3726 3827 κληροδοτηθέντας

2141 3849 2246 3903 ὑπὸ
2283 3849 2457 3919 Ἰησοῦ
2484 3849 2660 3919 Ναυὴ,
2693 3848 2752 3912 ὃς
2777 3848 2946 3912 τύπος
2989 3843 3058 3917 ἦν
3081 3849 3176 3902 τοῦ
3205 3846 3468 3919 ἀληθινοῦ
3517 3845 3722 3913 Ἰησοῦ,

2139 3942 2232 3996 τοῦ
2274 3943 2372 4012 τὴν
2396 3941 2659 4011 δευτέραν
2695 3941 2792 3994 καὶ
2826 3940 3063 4012 κρείττω
3093 3940 3480 4011 πεποιημένου
3533 3938 3723 4009 κληρο·

2137 4033 2341 4096 δοσίαν,
2370 4035 2500 4102 περὶ
2538 4027 2607 4103 ἦς
2654 4048 2820 4100 φησιν
2867 4033 2927 4085 ἐν
2952 4031 3207 4101 Ψαλμοῖς
3235 4046 3249 4061 ’
3291 4050 3310 4083 ι
3341 4032 3577 4102 Αῐτησαι
3602 4028 3722 4097 παρ’

2138 4124 2295 4195 ἐμοῦ,
2324 4125 2418 4178 καὶ
2445 4122 2603 4178 δώσω
2633 4142 2715 4177 σοι
2743 4123 2870 4196 ἔθνη
2922 4125 3020 4195 τὴν
3061 4124 3432 4195 κληρονομίαν
3470 4140 3588 4190 σου,
3635 4119 3720 4172 καὶ

2136 4221 2235 4291 τὴν
2292 4217 2622 4287 κατάσχεσίν
2652 4233 2745 4269 σου
2771 4214 2837 4268 τὰ
2887 4214 3099 4284 πέρατα
3145 4215 3245 4283 τῆς
3283 4214 3413 4283 γῆς,
3454 4232 3474 4266 ι
3530 4213 3605 4283 ἣν
3648 4209 3720 4261 δι-

2139 4310 2323 4380 ένειμε
2346 4311 2460 4371 τοῖς
2505 4307 2697 4361 ἑαυτοῦ
2748 4306 3042 4377 μαθηταῖς,
3095 4305 3289 4368 ἄλλους
3318 4304 3559 4373 ἀλλαχοῦ
3611 4300 3718 4353 δια-

2141 4402 2364 4472 πέμψας
2389 4400 2677 4473 χαίροντας
2711 4400 2768 4451 ἐν
2789 4396 2959 4467 αὐτῷ,
2991 4398 3086 4451 καὶ
3142 4396 3333 4467 ὥσπερ
3368 4398 3490 4449 τινὰ
3527 4394 3715 4461 στέφα-

444 4487 631 4544 minus
669 4486 961 4556 discipulis
1002 4488 1140 4549 suis.
1188 4501 1313 4543 cum
1370 4488 1507 4545 alios
1564 4490 1675 4545 alio
1724 4491 2026 4550 dimitteret

2148 4513 2222 4549 ιον
2253 4492 2671 4564 περικειμένους
2723 4489 2839 4556 τὴν
2873 4489 3286 4558 εὐφροσύνην,
3334 4488 3438 4540 οὐκ
3456 4488 3520 4551 ἐν
3554 4498 3714 4552 προσ-

445 4579 658 4634 alacres
689 4579 899 4641 animo,
935 4585 989 4633 et
1022 4579 1189 4633 veluti
1221 4578 1460 4648 quadam
1484 4581 1684 4635 “milia:
1718 4596 1923 4637 corona
1945 4599 2037 4638 rc-

442 4674 691 4735 dimitos,
733 4672 785 4727 id
827 4679 911 4726 est
943 4687 1053 4725 non
1088 4670 1287 4725 llutxam
1317 4680 1371 4726 et
1436 4685 1897 4741 momentaneam,
1936 4678 2033 4732 sed

445 4764 715 4840 bonorum
758 4762 1062 4825 stabilitate
1138 4768 1459 4832 perpetuam
1513 4773 1567 4818 et
1638 4765 2030 4834 sempiternam

445 4854 756 4919 mercedem
793 4854 1077 4910 habentes.
1108 4850 1267 4909 Fient
1314 4869 1447 4908 vero
1480 4856 1607 4917 ista,
1641 4857 1847 4925 adjicit,
1894 4874 2033 4929 quo-

444 4949 589 5003 niam
614 4948 887 5017 justitiam
916 4948 1133 5019 quidem
1172 4948 1381 5015 diligo;
1437 4950 1525 5004 odi
1542 4948 1701 5022 705
1721 4961 1903 5007 autem
1941 4970 2031 5008 ra-

443 5038 599 5113 pinas
637 5053 702 5093 ex
725 5040 1009 5109 iniquitate
1042 5040 1313 5095 malorum
1343 5042 1672 5106 daemonum,
1712 5045 1805 5112 qui
1857 5044 2034 5099 homi-

446 5116 576 5193 imm
601 5127 814 5181 animas
845 5127 1122 5198 quondam
1154 5127 1508 5198 diripiebant.
1535 5128 1656 5195 Quo
1691 5129 1893 5186 factum
1919 5144 2027 5199 ρει,

446 5227 507 5297 ut
530 5232 637 5271 non
665 5217 720 5271 in
746 5215 964 5291 indutos
982 5228 1217 5281 tantum,
1238 5220 1333 5274 sed
1355 5221 1407 5275 in
1433 5224 1695 5279 mortales
1723 5225 1887 5280 etiam
1909 5242 2029 5280 om-

444 5324 542 5395 pes
575 5311 807 5381 gratiam
836 5326 1010 5365 meam
1041 5311 1399 5368 etinnderem.
1426 5311 1534 5373 Sed
1581 5315 1880 5371 notandum
1911 5328 2020 5385 est,

2142 4586 2357 4658 καίροις
2411 4584 2635 4654 ἔχοντας
2663 4582 2763 4652 τὴν
2798 4579 3169 4649 ἀντιμισθίαν,
3198 4579 3312 4632 ἀλλ’
3368 4580 3428 4631 ἐν
3485 4577 3570 4632 ἀεὶ
3608 4575 3712 4627 δια-

2143 4683 2396 4752 μένουσιν
2460 4676 2708 4746 ἀγαθοῖς.
2759 4676 2955 4728 Ἔσται
2985 4673 3041 4726 δὲ
3071 4672 3269 4735 ταῦτα,
3312 4671 3504 4743 φησιν,
3531 4666 3710 4736 ἐπειδὴ

2137 4770 2538 4837 δικαιοσύνην
2578 4768 2673 4839 μὲν
2716 4764 2945 4835 ἀγαπῶ,
2982 4762 3143 4833 μισῶ
3172 4763 3229 4817 δέ
3278 4763 3352 4817 τὰ
3380 4761 3450 4826 ἐξ
3484 4758 3710 4821 ἀδικίας

2134 4862 2491 4933 ἁρπάγματα
2519 4857 2625 4911 τῶν
2656 4855 2909 4927 πονηρῶν
2955 4855 3227 4925 δαιμόνων
3290 4853 3391 4915 τὰς
3442 4844 3707 4920 ἀνθρωπί-

2137 4973 2236 5018 νας
2289 4952 2457 5008 πάλαι
2513 4949 2926 5021 διαρπαζόντων
2976 4944 3179 5015 ψυχάς.
3235 4941 3402 4997 Ὅθεν
3451 4941 3552 4994 οὐκ
3582 4939 3705 4991 ’ῐου-

2133 5046 2303 5113 δαίοις
2362 5042 2564 5113 μόνοις,
2617 5039 2753 5093 ἀλλὰ
2789 5040 2947 5101 πᾶσι,
3008 5036 3107 5106 τὴν
3137 5032 3378 5105 ἐμαυτοῦ
3431 5031 3589 5101 χάριν
3624 5025 3703 5092 eg.

2132 5137 2305 5209 έχεον.
2348 5134 2493 5193 Ἀντὶ
2516 5133 2573 5186 δὲ
2597 5130 2689 5184 τοῦ
2712 5129 2989 5194 δικαίοις,
3023 5128 3094 5180 ἐν
3114 5125 3365 5193 ἀληθείᾳ
3395 5124 3591 5184 πάντες
3618 5120 3701 5209 ipf

2134 5231 2410 5299 μήνευσαν
2438 5223 2696 5277 οίλοιποί.
2723 5223 2819 5283 Ὧς
2845 5236 2903 5274 τε
2930 5219 2991 5272 ού
3008 5216 3471 5287 διαψευσθήσεται
3490 5208 3698 5266 αὐτῶνὸ

2131 5319 2348 5391 μόχθος·
2374 5317 2488 5371 ἀλλ’
2512 5317 2583 5370 ἐν
2608 5313 2860 5381 ἀληθείᾳ
2891 5313 2986 5366 καὶ
3030 5311 3214 5374 αὐτοῖς
3280 5306 3691 5378 φυλαχθήσεται.
3776 5370 3781 5373 _

443 5418 550 5471 quo
575 5406 696 5459 loco
719 5404 881 5475 justis
905 5404 1191 5469 habemus,
1232 5407 1287 5460 in
1316 5407 1537 5464 veritate
1562 5418 1793 5464 ceteros
1828 5425 2017 5466 omnes
2060 5411 2408 5482 interpretari
2443 5429 2457 5466 :
2490 5409 2632 5464 unde
2657 5420 2763 5462 non
2793 5420 2916 5470 esse
2975 5403 3220 5458 laborum
3255 5400 3503 5455 merci-de
3568 5395 3696 5448 cari-

444 5513 595 5563 turos
621 5484 971 5563 constiterit;
1001 5498 1092 5553 sed
1118 5500 1370 5561 mundam
1420 5500 1529 5555 illis
1569 5504 1623 5555 in
1676 5507 1892 5558 reritate
1937 5507 2160 5562 recondi
2195 5510 2537 5576 servarique.

512 5590 527 5622 ¹
567 5589 759 5644 Matth.
793 5607 904 5647 nt.
944 5592 1025 5646 «ΞΟ.
1106 5590 1165 5643 'l
1206 5590 1333 5644 Cor.
1366 5591 1546 5654 Ini-7.
1625 5596 1644 5625 ³
1672 5595 1810 5650 Psal.
1853 5615 1913 5656 tt.
1947 5598 1999 5651 8.

1733 5690 1963 5745 VARLE
2005 5691 2407 5747 LECTIONES.

544 5795 566 5832 ς
593 5795 677 5844 π).
714 5770 881 5843 ἄλλοι,
916 5778 966 5850 ἦ.
1043 5778 1067 5817 ιι
1102 5777 1185 5832 la.
1218 5777 1419 5837 αὐτῶν.
