3978 6406
511 242 645 308 2651

1887 250 2243 314 PROCOPH
2277 254 2524 315 GAZ/EI

3641 262 3769 327 2652

513 374 631 414 mos
661 359 907 431 singulas
941 360 1064 416 ovis
1095 360 1467 427 mactabatur,
1501 370 1560 418 et
1597 378 1722 434 quae
1770 380 1869 436 per
1898 369 2111 437 quosli-

2222 364 2361 424 >ἷκον
2403 370 2668 440 θυόμενον
2701 366 2998 439 πρόϐατον,
3027 358 3127 420 καὶ
3151 366 3186 436 ἡ
3220 365 3308 420 διὰ
3353 367 3528 436 λόγων
3557 370 3756 427 Exacto:

442 456 449 463 '
513 454 600 506 bet
627 467 818 520 preces
850 450 962 506 Deo
982 450 1309 506 oﬂ‘eruntur.
1340 452 1442 518 Qui
1477 453 1642 524 igitur
1665 455 1855 525 pietati
1880 456 2096 512 incum-

511 547 664 609 bent,
697 544 932 614 gentium
967 543 1344 598 oblationibus
1382 544 1574 599 divites
1605 545 1808 611 effecti,
1853 548 2097 603 admira-
2146 560 2175 577 κ

512 638 647 693 biles
678 637 844 692 etiam
874 635 1042 690 futuri
1073 644 1230 704 sunt,
1261 647 1565 707 terramque
1589 636 1777 704 aliam,
1809 654 1920 694 non
1946 647 2097 695 vete-

511 746 649 794 rem,
680 728 1001 797 possessuri,
1056 742 1166 781 non
1209 726 1323 797 jam
1384 729 1478 797 qui
1519 728 1737 783 fuerant
1784 737 1966 793 antea,
1998 729 2097 785 sed

513 824 626 885 alii,
658 830 712 877 et
752 820 914 876 amici
957 819 1215 891 judicati.
1274 819 1389 892 Ego
1419 823 1586 887 enim,
1641 823 1813 889 addit,
1861 824 2098 893 justitite

511 932 629 969 sum
670 914 951 979 Dominus,
991 916 1086 985 qui
1145 929 1259 969 non
1313 929 1478 971 omne
1530 930 1705 987 genus
1759 918 2093 985 rapinarum,

512 1007 605 1061 sed
635 1007 781 1075 quod
805 1021 872 1061 ex
925 1006 1213 1075 iniquitate
1243 1013 1341 1071 est,
1384 1006 1509 1060 odio
1552 1023 1864 1077 prosequor.
1913 1006 2095 1079 Diligo

511 1099 783 1169 siquidem
811 1107 863 1153 et
891 1113 1009 1164 eos,
1040 1098 1134 1169 qui
1181 1113 1410 1169 regnum
1457 1098 1726 1153 emlorum
1773 1100 1987 1167 rapiunt
2028 1100 2093 1154 ¹⁶.

513 1187 615 1255 Qui
650 1198 830 1245 autem
876 1188 1081 1258 injuste
1128 1191 1385 1259 rapiunt,
1432 1205 1539 1245 non
1584 1192 1653 1246 iis
1703 1201 1938 1258 tantum,
1976 1208 2098 1263 qua:

448 1266 453 1272 ’
512 1290 826 1350 rapuerunt,
860 1281 1086 1352 privati,
1120 1283 1367 1352 nudique
1413 1283 1618 1337 abituri
1666 1291 1818 1349 sunt,
1848 1284 1940 1339 sed
1979 1299 2096 1352 pte-

514 1389 613 1428 nas
636 1373 802 1428 etiam
858 1373 967 1428 isto
1018 1374 1242 1429 nomine
1300 1374 1511 1428 luituri.
1572 1372 1721 1427 Justi
1768 1389 1917 1440 vero,
1969 1377 2096 1446 quia

512 1480 726 1533 eorum,
792 1482 915 1536 quae
990 1474 1301 1536 ceperunt,
1362 1466 1490 1522 boni
1558 1466 1973 1536 dispensatores
2038 1483 2098 1524 se

512 1559 885 1629 praebuerunt,
917 1559 1283 1628 praesentibus
1312 1559 1502 1641 -bonis
1589 1566 1643 1614 et
1704 1561 1925 1615 aeternis
1980 1568 2094 1614 tum

514 1654 734 1706 demum
783 1653 1013 1722 potituri
1048 1660 1197 1717 sunt,
1230 1667 1356 1706 cum
1409 1667 1529 1718 eos,
1579 1659 1843 1723 tanquam
1886 1653 2133 1708 benedi—.

515 1743 708 1796 ctionis
738 1740 988 1798 haeredes
1022 1745 1240 1813 agnosci
1270 1744 1433 1821 707
1472 1744 1768 1816 contigerit
1802 1762 1816 1799 :
1850 1760 1960 1800 non
1996 1746 2100 1799 ali-

517 1844 600 1890 ter
639 1850 704 1889 ae
753 1835 1040 1891 sceleratis
1076 1851 1179 1891 sua
1226 1851 1337 1890 non
1370 1836 1624 1892 defutura
1666 1844 1750 1894 est
1785 1837 1944 1904 ultio,
1989 1837 2101 1894 illis

519 1927 766 1981 lwtitiam
801 1928 1178 1998 sempiternam
1200 1926 1616 1996 possidentibus.

588 2058 948 2132 708‘Vans.
992 2060 1080 2126 10,
1119 2059 1207 2114 Η.
1247 2058 1495 2114 Exsultat
1539 2061 1725 2115 anima
1758 2078 1875 2116 mea
1908 2063 1965 2116 in
1993 2061 2101 2117 Do-

520 2150 685 2205 mino.
746 2150 938 2204 Induit
984 2152 1127 2205 enim
1174 2169 1254 2205 me
1289 2153 1605 2206 vestimento
1659 2152 1877 2219 salutis,
1928 2164 1977 2207 et
2018 2164 2104 2208 tu-

2203 461 2596 532 προσαγομένη
2625 459 2704 530 τῷ
2750 459 2869 531 Θεῷ
2908 459 3209 529 προσευχὴ.
3259 457 3553 531 Θεοσεϐείᾳ
3610 464 3777 520 τοίνυν

2203 550 2597 621 προσκείμενοι
2626 548 2873 616 δέξονται
2908 547 3064 619 παρὰ
3095 546 3219 601 τῶν
3241 547 3432 604 ἐθνῶν
3466 556 3777 624 προσφορὰς

2198 641 2613 712 πλουτοῦντες
2650 640 2745 694 καὶ
2772 639 3233 709 θαυμαζόμενον
3272 640 3367 694 καὶ
3406 642 3529 696 ἀντὶ
3556 642 3655 709 τῆς
3690 647 3785 715 ἀρ-

2200 735 2365 805 χαίας
2421 735 2617 806 ἑτέραν
2673 732 3210 811 κληρονομήσουσι
3280 733 3432 803 γῆν,
3475 736 3589 789 ἀντ’
3619 737 3785 792 ἄλλων

2199 827 2351 881 ἄλλοι
2383 829 2728 898 φαινόμενοι,
2765 828 2859 881 καὶ
2890 826 3033 896 φίλοι
3050 824 3225 889 ὄντες.
3260 826 3652 894 Δικαιοσύνης
3680 828 3784 894 ἐγὼ

2198 919 2313 987 γάρ
2338 923 2452 987 ειμι
2484 921 2717 988 Κύριος,
2753 918 2877 990 οὐχὶ
2901 917 3173 987 πάντατὰ
3205 918 3562 987 ἁρπάγματα
3575 918 3780 987 μισῶν,

2199 1010 2336 1064 ἀλλὰ
2372 1012 2437 1065 τὰ
2460 1011 2530 1075 ἐξ
2552 1010 2812 1078 ἀδικίας.
2852 1010 2964 1065 Καὶ¹
2987 1009 3099 1081 γὰρ
3121 1008 3268 1073 τοὺς
3301 1008 3782 1079 ἀρπάζονταςτὴν

2198 1100 2482 1170 βασιλείαν
2505 1100 2614 1155 τῶν
2644 1099 2893 1171 οὐρανῶν
2925 1096 3156 1169 ἀγαπῶ.
3195 1098 3259 1150 0i
3289 1097 3345 1149 δὲ
3366 1097 3572 1161 ἀδίκως
3605 1098 3781 1165 ἀρπά-

2197 1191 2397 1258 (ortae
2427 1192 2627 1262 γυμνοί
2656 1209 2717 1244 τε
2744 1191 2854 1244 τῶν
2876 1188 3283 1259 ἁρπαγμάτων
3325 1187 3545 1252 ἀπίασι,
3581 1188 3672 1240 καὶ
3697 1188 3784 1258 τὴν

2199 1285 2337 1355 ὑπὲρ
2363 1284 2545 1339 αὐτῶν
2579 1284 2901 1338 ἁποτίσουσι
2949 1281 3130 1351 δίκην.
3163 1282 3230 1333 Ol
3268 1279 3327 1332 δὲ
3364 1278 3531 1332 δίκαι
3569 1296 3619 1334 οι
3646 1279 3785 1334 καὶ.οὶ

2196 1377 2305 1430 τῶν
2330 1375 2646 1445 ληφθέντων
2688 1374 2966 1445 οἰκονόμοι
2994 1372 3307 1445 γενόμενοι,
3331 1370 3430 1425 καὶ
3459 1370 3570 1423 τῶν
3597 1370 3784 1441 παρόν-

2198 1470 2435 1532 nummi.
2460 1469 2568 1523 τῶν
2595 1468 2832 1522 αἰωνίων
2861 1464 3082 1534 ἀγαθῶν
3113 1463 3550 1528 ἀπολαύσουσιν,
3584 1462 3692 1524 ὅτε,
3716 1461 3784 1526 ὡς

2197 1562 2477 1630 εὐλογίας
2508 1560 2661 1624 ὄντες
2696 1556 3054 1629 κληρονόμοι,
3084 1554 3571 1625 τνωσθήσονται,
3608 1555 3782 1624 ὥσπερ

2201 1648 2295 1707 οὖν
2338 1652 2436 1705 καὶ
2468 1652 2519 1704 οἱ
2569 1649 2797 1720 πονηροὶ
2827 1646 3207 1718 κολαζόμενοι,
3251 1644 3785 1715 κληρονομούντων

2206 1738 2435 1794 ἐκείνων
2462 1739 2856 1807 εὐφροσύνην
2885 1735 3149 1790 αἰώνιον.

2278 2068 2331 2127 ι’,
2370 2066 2462 2115 ια’.
2491 2048 2909 2130 ’Ᾱγαλλιάσθω
2938 2032 3171 2131 ἡψυχὴ
3188 2075 3308 2129 μου
3331 2056 3434 2112 ἐπὶ
3473 2055 3554 2123 τῷ
3581 2060 3779 2128 Kvplqt.

2218 2152 2507 2208 Ἑνέδυσε
2537 2150 2652 2221 γάρ
2685 2167 2763 2220 με
2798 2149 3031 2219 ἱμάτιον
3078 2151 3407 2219 σωτηρίου,
3446 2150 3549 2204 καί
3583 2149 3784 2220 χιτῶνα

519 2241 641 2295 nica
707 2241 934 2296 lwtitiw.
993 2240 1272 2311 Tanquam
1314 2258 1568 2310 sponsum
1616 2243 1966 2298 circumdedit
2025 2261 2107 2300 me

2222 2244 2616 2313 ῖὺφροσύνης.
2654 2242 2748 2308 Ὡς
2792 2241 3030 2311 νυμφίῳ
3070 2239 3387 2309 περιέθηκέ
3409 2258 3514 2310 μοι
3565 2241 3779 2310 μίτραν,

522 2333 704 2392 mitra,
735 2342 782 2385 ct
819 2340 1076 2403 tanquam
1112 2348 1373 2401 sponsam
1402 2333 1613 2386 ornavit
1650 2349 1730 2387 me
1755 2333 1952 2389 mundo
1984 2352 2103 2389 mu-

2222 2338 2306 2391 καὶ
2336 2339 2415 2404 ὠς
2444 2339 2689 2407 νύμφην
2727 2337 3160 2406 κατεκόσμησέ
3188 2352 3267 2406 με
3304 2339 3544 2406 κόσμῳ,
3576 2354 3630 2391 κ.
3663 2355 3711 2391 τ.
3738 2337 3779 2393 λ.

362 2492 378 2506 .
452 2490 459 2493 ξ
522 2425 696 2492 tiebri,
731 2438 839 2481 etc.

593 2537 719 2593 Post
748 2554 842 2594 eas
882 2538 1305 2609 promissioues,
1361 2557 1502 2610 quas
1553 2541 1833 2610 Christus,
1889 2559 2011 2599 cum
2048 2545 2115 2611 in,

2278 2534 2434 2589 Μετὰ
2476 2535 2577 2599 τὰς
2615 2534 2973 2603 ἐπαγγελίας,
3009 2533 3077 2598 ἃς
3115 2533 3310 2603 φανεὶς
3362 2535 3391 2586 ὁ
3432 2532 3666 2603 Χριστὸς
3700 2533 3783 2585 ἐπὶ

523 2630 688 2685 terris
732 2631 1008 2701 apparuit,
1059 2633 1352 2701 praestitit;
1409 2634 1554 2687 inter
1606 2649 1743 2703 quas
1796 2635 1887 2689 illa
1939 2636 2106 2689 etiam

2222 2625 2316 2695 γῆς
2350 2624 2711 2697 ἐπληρώσατο
2742 2626 2822 2696 (ὲν
2861 2619 2949 2687 αἷς
2982 2619 3051 2694 ἦν
3083 2623 3179 2677 καὶ
3209 2623 3293 2690 τὸ,
3318 2621 3784 2713 Εὐφρανθήσονξαι

522 2723 650 2789 fuit,
695 2739 804 2793 qua
837 2724 1117 2779 laetaturas
1145 2724 1199 2777 in
1231 2723 1464 2779 Domino
1498 2725 1819 2791 atiirmavit,
1849 2726 2109 2783 Ecclesiae

2222 2718 2304 2771 in}.
2334 2716 2582 2789 Κύριον),
2610 2718 3016 2788 προσωποποιεῖ
3040 2716 3140 2784 τὴν
3182 2715 3513 2785 Ἐκκλησίαν
3562 2716 3591 2767 ὁ
3621 2714 3780 2783 λόγος,

518 2818 633 2887 jam
671 2830 965 2886 personam
996 2830 1060 2871 ea
1097 2817 1212 2886 ipsa
1239 2857 1254 2881 ,
1282 2832 1401 2886 quae
1442 2818 1637 2888 adepta
1676 2827 1781 2885 est,
1815 2835 1939 2873 cum
1976 2837 2110 2890 gau-

523 2907 614 2960 dio
652 2916 699 2960 et
731 2905 925 2960 lwtitia
958 2905 1293 2975 conﬁtentem
1329 2904 1539 2962 inducit
1578 2908 1775 2963 oratio.
1801 2908 1928 2965 Suis
1962 2910 2107 2966 enim

526 2997 693 3051 veluti
734 2997 1015 3062 membris,
1072 2997 1127 3053 id
1183 3007 1287 3079 est,
1337 3012 1531 3053 eorum
1587 3001 1953 3070 plenitudine,
2012 3002 2139 3072 qui,

529 3089 838 3154 salvantur,
888 3089 1229 3159 resumptis;
1291 3099 1553 3161 tauquam
1620 3093 1855 3163 pulchro
1890 3103 1946 3150 et
1995 3096 2111 3150 ele-

524 3180 675 3251 ganti
706 3195 937 3250 corpore
968 3180 1195 3251 praedita
1227 3198 1443 3252 sponsa,
1483 3182 1700 3253 adjecto
1728 3188 1892 3240 etiam
1931 3188 2114 3256 sponsi

526 3286 741 3337 ornatu,
772 3289 881 3326 non
921 3273 1201 3329 immerito
1227 3274 1463 3339 animam
1491 3293 1648 3330 suam
1669 3277 1724 3330 in
1754 3276 1983 3333 Domino
2015 3296 2114 3334 cu-

526 3367 605 3434 pit
625 3364 916 3419 exsultarc.
941 3365 1107 3436 709
1137 3367 1233 3420 Est
1265 3382 1505 3436 namque
1534 3383 1642 3422 una
1673 3378 1890 3439 eerum,
1926 3388 1954 3426 a
1986 3373 2114 3441 qui-

472 3444 481 3451 ’
529 3456 635 3509 bus
664 3454 946 3524 impletur,
974 3466 1197 3526 propter
1230 3466 1481 3513 mutuum
1513 3474 1874 3528 consensum,
1908 3466 2114 3531 anima,

525 3546 680 3615 juxta
714 3546 846 3602 illud
882 3565 895 3628 ς
940 3566 959 3599 ι
999 3547 1129 3602 Erat
1162 3561 1343 3604 autem
1376 3549 1717 3608 credentium
1747 3556 1991 3610 omnium
2023 3572 2118 3613 cor

533 3652 733 3701 tumin,
760 3648 813 3693 et
855 3639 1041 3692 anima
1099 3654 1207 3694 una
1244 3641 1308 3696 “.
1369 3659 1386 3691 ι
1454 3641 1613 3708 Quod
1650 3644 1821 3699 multo
1855 3647 2030 3717 magis
2061 3647 2117 3701 in

532 3744 674 3783 novo
708 3731 911 3786 steculo
945 3730 1192 3786 futurum
1240 3740 1342 3791 est.
1386 3732 1441 3787 in
1487 3750 1598 3805 quo
1626 3736 1888 3805 superius
1923 3739 2119 3795 allatas

532 3835 695 3876 voces
753 3831 1080 3892 usurpatura
1144 3834 1246 3879 est.
1296 3823 1390 3880 Est
1444 3842 1573 3881 vero
1632 3827 1874 3898 idipsum
1924 3832 2119 3887 salutis

531 3930 724 3978 causa,
755 3914 901 3984 quod
935 3931 990 3969 se
1037 3916 1348 3969 vestimento
1392 3918 1590 3972 salutis
1635 3936 1666 3972 a
1697 3918 1926 3975 Domino
1958 3922 2119 3977 indu-

534 4016 645 4059 tum
667 4023 779 4060 esse
801 4005 1022 4075 adjecit.
1053 4006 1380 4077 lmplebitur
1402 4009 1547 4062 enim
1581 4024 1785 4081 corpus
1822 4012 2000 4080 ipsum
2035 4029 2122 4069 re-

533 4099 900 4153 surrectionis
929 4100 1087 4167 luce;
1115 4116 1215 4155 nec
1246 4102 1442 4157 mortis
1466 4118 1589 4157 esse
1616 4103 1832 4158 dicetur
1860 4106 2119 4176 amplius;

531 4187 686 4257 juxta
712 4188 863 4242 Pauli
885 4204 1219 4255 sermonem,
1255 4192 1350 4247 ubi
1380 4193 1504 4260 quis
1533 4209 1593 4249 se
1621 4194 1690 4249 de
1715 4210 1947 4263 corpore
1977 4215 2126 4253 mor-

538 4283 608 4334 tis
643 4280 808 4348 hujus
849 4281 1185 4337 liberaturus
1220 4282 1314 4349 sit,
1345 4285 1542 4353 quaerit
1570 4287 1637 4340 “.
1668 4285 1933 4342 Inductur
1958 4291 2123 4345 etiam

2212 2810 2298 2880 ἐφ’
2329 2804 2410 2873 οἷς
2454 2808 2642 2878 ἔτυχεν
2674 2806 3244 2876 ἐξομολογουμένην
3292 2807 3411 2861 καὶι
3450 2806 3781 2876 χαίρουσαν.

2224 2899 2603 2957 ’Λπολαῧοῦσα
2641 2901 2751 2972 γὰρ
2773 2900 2963 2971 ὥσπερ
2991 2899 3102 2953 ῐδια
3131 2897 3298 2970 μέλη,
3328 2900 3440 2951 τῶν
3486 2896 3785 2966 σωζομένων

2215 2995 2275 3046 τὸ
2310 2993 2606 3067 πλήρωμα,
2642 2992 2718 3055 ὡς
2750 2993 2814 3044 ὲκ
2841 2990 3095 3062 σώματος
3133 2988 3452 3061 εὐπρεποῦς
3475 2988 3782 3059 συγκειμένη

2226 3086 2430 3154 νύμφη
2456 3127 2469 3149 ,
2533 3086 2628 3138 καὶ
2685 3085 2776 3137 τὸν
2826 3087 2892 3137 ὲκ
2941 3083 3036 3137 τοῦ
3091 3083 3361 3151 νυμφίου
3432 3078 3785 3152 προσλαϐοῦσα

2223 3181 2477 3248 κόσμον,
2508 3178 2733 3240 εἰκότως
2764 3175 2959 3244 φησίψ
2996 3174 3402 3244 Ἁγωλιάσθω
3432 3175 3470 3242 ἡ
3501 3170 3662 3241 ψυχή
3684 3186 3785 3240 μου

2222 3270 2322 3323 ἐπὶ
2352 3268 2429 3334 τῷ
2474 3269 2690 3337 Κυρίῳ.
2736 3267 2850 3321 Μία
2880 3268 2991 3338 γὰρ
3038 3267 3147 3318 τῶν
3176 3264 3347 3336 αὐτὴν
3395 3261 3784 3335 πληρούντωνή

2222 3360 2311 3416 διὰ
2334 3362 2431 3431 τῆς
2465 3360 2601 3431 πρὸς
2641 3359 2909 3429 ἀλλήλους
2954 3358 3262 3429 συμπνοίας
3297 3355 3500 3426 ψυχὴ,
3532 3353 3668 3410 κατὰ
3701 3351 3782 3405 τό·

2231 3473 2247 3506 ι
2275 3453 2387 3506 Καὶ
2420 3448 2487 3522 ἦν
2539 3452 2755 3506 πάντων
2790 3451 2900 3504 τῶν
2948 3449 3319 3503 πιστευόντων
3351 3449 3387 3519 ἡ
3425 3447 3618 3520 καρδία
3648 3445 3784 3515 καὶὴ

2224 3545 2371 3617 ψυχὴ
2412 3545 2529 3616 μία.
2561 3563 2580 3595 ι
2621 3548 2687 3596 Ὃ
2723 3543 2906 3613 πολλῷ
2933 3542 3138 3615 μᾶλλον
3183 3541 3280 3595 ἐπὶ
3326 3541 3426 3595 τοῦ
3478 3540 3664 3602 αἰῶνος
3706 3535 3783 3589 τοῦ

2225 3639 2348 3692 νέου
2398 3637 2715 3707 γενήσεται,
2755 3637 2812 3689 ὲν
2866 3627 2912 3703 ᾧ
2966 3635 3065 3697 τὰς
3120 3632 3495 3704 προκειμένας
3548 3628 3784 3685 ἀποδώσει

2228 3728 2435 3798 φωνάς.
2460 3729 2536 3782 Τὸ
2587 3728 2646 3781 δὲ
2676 3726 2784 3796 τῆς
2817 3727 3124 3793 σωτηρίας
3154 3723 3353 3789 αἴτιον,
3384 3721 3663 3777 Ἐνέδυσε
3694 3718 3784 3787 γὰρ

2233 3838 2303 3891 με
2338 3819 2579 3891 ἱμάτιον
2612 3819 2933 3887 σωτηρίου.
2979 3818 3054 3871 Τὸ
3099 3814 3208 3888 γὰρ
3250 3815 3415 3885 σῶμα
3451 3814 3548 3883 τῆς
3578 3809 3782 3865 ἀναστά-

2231 3931 2368 3978 σεως
2408 3914 2587 3984 φωτὸς
2618 3914 2772 3967 ἔσται
2802 3911 3030 3983 πλῆρες,
3058 3910 3159 3963 οὐκ
3195 3907 3278 3961 ἔτι
3325 3907 3557 3962 θανάτου
3585 3902 3781 3973 λεγόμε-

2230 4024 2340 4069 νον,
2370 4004 2517 4061 κατὰ
2554 4005 2634 4071 τὸ,
2680 4004 2777 4067 Τίς
2829 4020 2895 4073 με
2933 4001 3158 4074 ῥύσεται
3182 4002 3248 4054 ἐκ
3292 3999 3391 4052 τοῦ
3434 3997 3669 4065 σώματος
3705 3988 3779 4044 τοῦ

2232 4099 2469 4154 Θανάτου
2496 4096 2689 4151 τούτου
2714 4113 2730 4163 ;
2758 4094 3059 4165 Σωτηρίου
3089 4092 3145 4145 δὲ
3179 4091 3414 4161 ἱμάτιον
3443 4082 3782 4156 περιτεθήσε-

2232 4206 2324 4243 ται
2348 4188 2423 4256 τῇ
2447 4185 2644 4256 ψυχῇ,
2667 4185 2766 4239 καί
2796 4182 2980 4253 χιτὼν
3001 4180 3675 4251 εὐφροσύνης.”Εκαστος
3693 4170 3780 4240 γὰρ

2233 4283 2330 4345 τὰς
2363 4281 2500 4343 ἰδίας
2532 4277 2900 4350 ἀνδραγαθίας
2936 4276 3242 4337 ἐνδύσεται,
3272 4273 3501 4334 ταύταις
3532 4271 3780 4333 ὲνευφραι·

536 4375 841 4429 uestimento
873 4375 1086 4440 salutis,
1112 4375 1312 4445 inquit,
1346 4377 1531 4430 anima
1555 4417 1570 4441 ,
1606 4389 1655 4432 et
1685 4380 1869 4435 tunica
1899 4380 2115 4439 la'tt'tiw.

2234 4375 2483 4444 νόμενος.
2514 4371 2726 4437 Ἤγουν
2750 4364 2977 4438 χιτῶνά
3018 4380 3150 4435 φησι
3174 4363 3265 4416 τὸν
3298 4361 3553 4455 Χριστόν,
3585 4354 3710 4455 κατὰ
3728 4349 3779 4454 τὸ

540 4466 616 4519 Ita
650 4468 796 4522 enim
850 4482 1323 4537 unumquemque,
1366 4484 1489 4538 qurn
1540 4469 1758 4525 fortiter
1811 4475 2005 4543 gessit,
2036 4475 2133 4529 ha-

538 4555 782 4609 biturum
806 4571 821 4622 ;
847 4554 1091 4624 illisque,
1119 4562 1383 4625 tanquam
1421 4558 1786 4626 vestimentis,
1803 4562 2129 4617 delecuttum

537 4647 602 4701 iri
636 4647 929 4719 signiﬁcat.
966 4645 1061 4703 Vel
1093 4657 1245 4704 certe
1298 4650 1492 4704 tunicae
1538 4652 1782 4719 nomine,
1846 4655 2129 4711 Christum

539 4741 741 4811 ipsum,
803 4741 961 4805 juxta
1019 4739 1175 4796 Pauli
1216 4747 1580 4798 sententiam
1610 4785 1625 4809 ,
1684 4745 1988 4818 intelligit;
2036 4748 2128 4818 qui

538 4831 830 4886 Dominum
864 4844 1112 4889 nostrum
1157 4831 1348 4889 Jesum
1386 4834 1671 4890 Christum
1723 4837 1956 4894 induere
1987 4826 2130 4910 prae-

539 4923 675 4990 cipit
712 4925 752 4954 ”
779 4941 793 4991 ;
824 4923 971 4994 quod
1013 4924 1109 4995 qui
1140 4924 1356 4991 l‘ecerit,
1392 4940 1501 4979 non
1534 4926 1765 4982 salutem
1801 4927 1984 4994 modo,
2036 4928 2132 4983 sed

543 5014 791 5070 laetitiam
837 5016 1002 5070 etiam
1056 5016 1299 5087 adeptus
1347 5017 1557 5073 fuerit:
1604 5018 1765 5088 quale
1814 5029 1899 5075 est
1948 5021 2128 5077 illud:
2170 5080 2174 5087 ,

550 5126 568 5159 ι
607 5108 716 5176 Ego
757 5109 875 5163 veni
916 5120 972 5164 ut
1005 5111 1171 5164 vitam
1219 5111 1481 5173 habeant,
1516 5123 1569 5166 et
1614 5111 1992 5168 abundantius
2031 5114 2131 5169 ba-

545 5199 713 5255 beaut
760 5201 826 5255 “.
881 5219 899 5251 ι
941 5201 994 5255 In
1055 5218 1166 5272 quo
1219 5202 1642 5260 abundantioris
1682 5204 1927 5266 nomine,
1958 5206 2128 5260 vitam

546 5304 691 5355 eam,
721 5306 842 5359 quae
866 5291 1068 5346 latitia:
1087 5294 1539 5363 conjunctionem
1566 5295 1789 5360 habeat,
1820 5296 2128 5358 intellexit:

548 5394 712 5449 quam
746 5383 790 5437 si
821 5382 944 5453 quis
975 5385 1351 5452 naucisratur,
1398 5398 1595 5441 ornatu
1635 5389 1881 5456 quolibet
1927 5388 2133 5442 intelli-

550 5473 699 5543 gibili
733 5475 1114 5533 coronabitur.
1151 5476 1309 5543 Quod
1343 5479 1388 5533 si
1432 5480 1486 5533 in
1520 5481 1695 5533 vit-um
1734 5480 1973 5536 evaserit
2008 5496 2130 5550 per-

2233 4441 2312 4537 τῷ
2343 4462 2655 4532 Ἀποστόλῳ
2674 4460 2874 4533 ρηθένο
2910 4479 2929 4512 ‹
2957 4456 3285 4511 Ἐνδύσασθε
3309 4455 3403 4507 τιν
3430 4452 3622 4522 Κύριον
3652 4441 3780 4515 ἡμῶν

2242 4555 2455 4628 Ἰησοῦν
2484 4553 2576 4608 τὸν
2609 4551 2870 4625 Χριστόν.
2897 4551 3029 4604 »Ὃν
3061 4552 3090 4601 ὁ
3126 4548 3416 4618 δεχόμενος
3444 4542 3574 4614 πρὸς
3608 4540 3779 4628 τῇνσω·

2229 4651 2430 4723 τηρεε,
2482 4648 2580 4702 καὶ
2633 4646 2699 4700 τὸ
2743 4647 2813 4700 ἐν
2861 4643 3273 4714 εὐφροσύναις
3324 4637 3465 4692 εἶναι
3514 4627 3772 4723 κερδαίνει.

2245 4715 2467 4797 ’ὁποῖόν
2496 4743 2614 4793 ἐστι
2657 4738 2719 4791 τό
2740 4754 2752 4767 ·
2785 4756 2804 4789 ι
2845 4735 2990 4805 Ἐγὼ
3011 4731 3200 4805 ἦλθον,
3235 4733 3324 4786 ἵνα
3355 4728 3494 4799 ζωὴν
3512 4726 3678 4795 ἔχωσι,
3704 4715 3776 4813 καί

2237 4833 2501 4906 περισσὸν
2536 4830 2723 4901 ἔχωσι.
2763 4849 2782 4882 ι
2822 4829 3092 4901 Περισσδν
3141 4827 3316 4893 λέγων
3372 4824 3468 4891 τὴν
3498 4821 3553 4871 ὲν
3582 4815 3616 4884 ᾖ
3652 4821 3777 4881 χαρᾷ

2240 4925 2619 4998 γενησόμεθαο
2652 4923 2711 4978 ὃν
2739 4924 2876 4986 εἴτις
2902 4921 3081 4986 λάϐοι,
3114 4917 3582 4990 στεφανωθήσεται
3608 4907 3775 4998 adepti)

2240 4992 2637 5089 navr‘t‘uoq'cq).
2688 5015 2829 5069 ’Δλλ’
2871 5016 2919 5068 εί
2957 5013 3056 5085 μὲν
3084 5013 3165 5076 είς
3201 5010 3374 5081 ἄνδρα
3405 5005 3681 5072 κατήντησε

2235 5112 2401 5176 λειον,
2426 5081 2537 5177 ’ὡς’
2568 5081 2830 5177 ,λυμερίυς
2857 5081 3357 5175 στειρανωθήσεται.
3396 5092 3700 5186 ’Υποϐαίνων

2238 5207 2351 5266 τοῖς
2378 5202 2617 5273 μέτροις.
2638 5203 2718 5267 ὡς
2738 5202 2944 5269 νύμφη
2966 5186 3295 5266 κοσμεῖται,
3312 5189 3592 5261 δυναμένου
3613 5175 3774 5281 sou-sic

2244 5296 2443 5365 μέτρον
2475 5293 2694 5364 ἡλικίας
2736 5292 3034 5361 ὲφθακὸτος
3066 5290 3240 5344 εἰπεῖν
3259 5304 3274 5319 ο
3294 5308 3312 5339 ι
3337 5277 3437 5339 Τὸν
3459 5279 3605 5335 καλὸν
3620 5276 3773 5339 ἀγῶνα

2243 5388 2580 5456 ἠγώνισμαι,
2597 5386 2688 5440 τὸν
2704 5386 2903 5456 δρόμον
2921 5383 3200 5450 τετέλεκα,
3217 5380 3314 5452 τὴν
3335 5379 3506 5432 πίστιν
3522 5371 3768 5439 τετήρηκα.

2242 5478 2428 5532 λοιπὸν
2464 5478 2755 5532 ἀπόκειταί
2784 5494 2872 5547 μοι
2911 5479 2938 5530 ὁ
2979 5477 3076 5546 τῆς
3107 5471 3446 5540 δικαιοσύνης
3473 5465 3712 5532 στέφανος·
3746 5468 3762 5503 ν

628 5672 669 5706 ¹⁰
702 5671 893 5728 Matth.
929 5689 1018 5741 st,
1054 5674 1136 5728 l2.
1220 5675 1256 5705 “
1289 5674 1408 5729 Act.
1441 5691 1513 5740 tv,
1554 5675 1649 5729 ὅτε.
1726 5677 1767 5708 ¹¹
1805 5676 1966 5731 Rom.
2008 5692 2079 5731 ru
2109 5718 2122 5743 ,
2159 5676 2247 5730 2i.
2329 5674 2371 5707 "
2402 5674 2560 5730 Rom.
2594 5674 2835 5738 “11,”.
2953 5673 2995 5703 ⁸⁸
3033 5669 3192 5725 Joan.
3229 5686 3282 5727 ι.
3319 5667 3398 5722 lo.
