3978 6420
2454 174 2561 196 ’δ’-ις·

269 295 395 361 2053
1370 292 1903 352 COMMENTARII
1947 293 2030 354 IN
2064 296 2353 366 ISAIAM.
3371 302 3522 371 2651s

270 406 495 468 lectum;
537 411 788 473 tanquam
841 420 1066 473 sponsus
1108 403 1484 457 coronabitur.
1528 404 1626 457 Sin
1681 412 1861 457 autem
1916 394 2084 477 sup'ra
2136 410 2359 467 modum
2388 423 2713 486 exsuperet;
2742 427 2993 489 tanquam
3050 436 3245 489 sponsa
3290 420 3513 474 omasi.

271 510 372 558 tur,
417 511 536 549 cum
582 494 884 565 possitqui
926 510 1239 550 mensuram
1292 495 1472 549 atatis
1544 495 1746 563 attigit,
1813 494 2033 552 dicere:
2101 518 2120 551 ι
2168 499 2377 558 Bonum
2436 513 2716 563 certamen
2798 511 3025 578 certari,
3079 526 3301 567 cursum
3388 525 3511 565 conc

267 588 537 650 suntmavi,
568 585 725 642 ﬁdem
783 588 994 642 servavi
1020 589 1063 621 “'
1099 602 1115 653 ;
1147 587 1408 657 deinceps
1454 589 1738 642 recondita
1778 593 1864 639 est
1919 587 2051 642 mihi
2087 588 2289 648 corona
2321 597 2565 665 justitiae.
2609 619 2627 651 ι

329 681 527 747 Ἥγουν
543 679 669 741 τοὺς
685 679 903 745 αὐτοὺς,
916 678 1005 731 διὰ
1019 680 1117 750 μὲν
1140 684 1242 753 τὴν
1263 681 1536 751 ἀνδρείαν,
1558 681 1813 750 νυμφίον

1998 682 2092 740 Vel
2122 697 2270 743 certe
2298 706 2393 746 eos
2420 692 2571 762 ipsos
2603 710 2697 762 per
2723 711 2998 763 sponsum,
3033 695 3126 765 qni
3159 697 3331 753 fortes
3357 711 3508 771 sunt,

158 840 163 847 ι
266 771 424 826 καλεῖ.
476 770 574 823 Διὰ
624 772 681 823 δὲ
738 771 800 823 τὸ
853 772 1192 842 καρπογόνον
1251 772 1391 844 μετὰ
1434 772 1529 825 τοῦ
1576 771 1821 825 ποικίλον

263 859 535 930 ἐξάρετῶν
564 859 708 930 ἔχειν
737 861 796 914 τὸ
849 861 1044 925 κάλλος
1069 904 1084 925 ,
1113 864 1377 933 νύμφην.
1413 864 1641 935 Εἴρηται
1669 862 1821 929 γοῦν.

266 955 384 1005 «Atti
407 951 494 1004 τὸν
511 951 671 1019 φόόον
693 960 808 1017 σου,
827 950 1020 1022 Κύριε,
1036 954 1305 1023 ἐνγαστρὶ
1320 953 1604 1022 ὲλάὃομεν,
1620 973 1637 1006 ι
1657 954 1827 1006 καὶτὰ

263 1043 388 1115 μετὰ
426 1042 616 1096 ταῦτα.
662 1043 721 1095 '0
757 1043 812 1096 δὲ
847 1043 1101 1107 Ἀκύλας,
1148 1044 1242 1109 Ὡς
1276 1044 1541 1113 νυμφίον
1572 1048 1829 1114 ἱερατευ-

254 1133 454 1204 μένον,
506 1134 602 1187 καὶ
648 1135 729 1198 ὡς
776 1136 1022 1204 νύμφην
1064 1135 1495 1205 κοσμουμένην
1538 1139 1829 1190 σκεύεσιν

256 1226 469 1296 αὐτῆς,
512 1226 797 1291 ἐξέδωκεν.
833 1228 891 1281 '0
940 1228 997 1282 δὲ
1038 1229 1369 1300 Σύμμαχος·
1408 1230 1635 1297 ’Ὠσπερ
1679 1248 1821 1300 νυμ-

255 1320 389 1388 φίον
427 1321 890 1390 κεκοσμημένον
943 1321 1257 1389 στεφάνῳ,
1309 1320 1407 1376 καὶ
1445 1322 1527 1387 ὡς
1581 1323 1825 1392 νύμφην

255 1412 665 1479 περικειμένην
719 1412 836 1480 τὴν
884 1414 1123 1481 σκευὴν
1174 1412 1388 1481 αὐτῆς.
1461 1413 1524 1465 Ἢ
1585 1412 1641 1467 δὲ
1682 1413 1823 1485 αὑτὴ

250 1506 441 1572 νύμφη
468 1520 553 1566 τις
591 1500 726 1557 οὖσα
773 1503 866 1558 τοῦ
915 1505 1170 1575 Νὺμφίου
1202 1505 1397 1573 Λόγου,
1446 1506 1536 1558 καὶ
1578 1504 1647 1557 τὰ
1684 1507 1817 1575 παρ’

253 1594 407 1648 αὐτοῦ
458 1596 755 1667 σπέρματα
811 1596 1217 1667 ὑποδεξαμένη,
1272 1595 1542 1665 καρποὺς
1580 1595 1817 1666 ὡραίους

252 1684 568 1739 ἀποδιδοῦσα
601 1686 693 1739 καὶ
733 1686 980 1749 εὐανθεῖς
1018 1688 1185 1755 λέγει,
1216 1688 1310 1741 καὶ
1348 1688 1429 1754 ὡς
1461 1686 1572 1757 γῆν
1595 1686 1817 1751 αὔξου-

252 1794 361 1842 σαν
396 1778 461 1829 τὸ
491 1775 678 1841 ἄνθος
715 1775 927 1844 αὐτῆς.
962 1777 1051 1840 Ὠς
1083 1777 1148 1831 ἂν
1180 1777 1237 1828 δὲ
1266 1776 1341 1848 μὴ
1376 1775 1814 1847 συναρπάζοντες

1920 775 2226 845 signiﬁcat;
2284 791 2342 835 ut
2409 800 2504 853 per
2567 801 2850 853 sponsam,
2906 790 2999 856 qui
3070 788 3358 843 fecundam
3413 793 3513 845 lia-

1922 866 2106 932 beant,
2180 880 2233 925 et
2305 885 2431 926 cum
2510 876 2773 929 virtutum
2836 868 3508 947 varietateconiunctam

1925 959 2404 1027 pulchritudinem.
2428 965 2698 1020 Scribitnr
2728 968 2900 1025 enim:
2944 988 2961 1019 ι
2993 970 3220 1037 Propter
3250 973 3504 1028 timorem

1927 1059 2103 1116 tuum,
2146 1051 2395 1121 Domine,
2434 1058 2487 1111 in
2521 1065 2678 1111 utero
2704 1061 3061 1127 concepimus
3097 1060 3172 1127 ¹⁶;
3223 1079 3242 1113 ι
3294 1073 3349 1117 et
3383 1080 3507 1134 qua:

1927 1147 2207 1219 deinceps.
2238 1150 2341 1203 Sed
2368 1162 2453 1206 est
2482 1155 2782 1207 notandum
2810 1154 3058 1223 Aquilam
3078 1156 3333 1225 quidem:
3362 1158 3505 1212 Tan-

1926 1254 2084 1307 quam
2134 1256 2387 1309 sponsum
2442 1245 2740 1300 sacerdotio
2800 1242 3060 1315 functum,
3139 1258 3189 1303 et
3253 1259 3501 1318 tanquam

1925 1346 2177 1397 sponsam
2198 1347 2445 1388 ornatam
2478 1339 2619 1391 vasis
2663 1340 2799 1404 suis,
2841 1341 3216 1408 transtulisse;
3251 1341 3503 1411 Symma-

1925 1422 2089 1477 chum
2144 1433 2326 1479 autem
2374 1428 2530 1497 quasi
2588 1444 2838 1495 sponsum
2886 1441 3133 1483 ornatum
3187 1448 3404 1497 corona,
3451 1439 3504 1486 et

1923 1514 2076 1581 quasi
2102 1528 2351 1582 sponsam
2397 1519 2785 1573 circumdatam
2831 1520 3152 1588 supellectile
3183 1522 3344 1591 710
3380 1539 3498 1576 sua.

1921 1602 2053 1668 Quae
2073 1614 2253 1660 autem
2284 1605 2551 1677 ejusmodi
2584 1619 2667 1664 est
2696 1611 2894 1679 Sponsi
2918 1610 3082 1665 Verbi
3116 1628 3307 1679 sponsa
3352 1614 3502 1683 (quia

1922 1694 1991 1748 ab
2041 1696 2163 1765 ipso
2216 1699 2463 1767 germina
2515 1702 2728 1769 excepit
2765 1703 3153 1771 (tempestivos
3202 1704 3405 1771 fructus
3449 1711 3504 1758 et

1925 1800 2123 1843 suaves
2151 1789 2342 1855 edens,
2375 1807 2433 1845 se
2462 1792 2597 1844 sicut
2618 1792 2973 1863 terram,‘qua:
2991 1792 3180 1862 ﬂorem
3209 1810 3359 1847 suum
3381 1810 3505 1864 pro-

250 1870 321 1932 είς
342 1868 567 1932 ἑαυτοὺς
604 1868 846 1922 Ἰουδαῖοι
873 1868 1042 1923 ταῦτα
1067 1871 1417 1941 λαμϐάνοιεν,
1445 1868 1813 1923 διαστέλλεται

1924 1876 2026 1945 fert
2060 1878 2397 1953 factumesse
2426 1884 2522 1937 ait.
2548 1883 2626 1938 Ac
2662 1900 2727 1938 ne
2763 1887 2863 1939 ista
2893 1900 2989 1954 pro
3023 1901 3082 1941 sc
3104 1885 3213 1939 dici
3248 1894 3504 1955 putarent

248 1961 440 2030 λέγων’
501 1962 616 2015 Καὶ
668 1962 1016 2032 ἁγαλλίαμα
1074 1963 1354 2016 ἐναντίον
1405 1963 1649 2016 πάντων
1697 1960 1819 2015 τῶν

243 2053 440 2109 ἐθνῶν.
489 2055 713 2120 Ἀνθος
767 2054 826 2107 δέ
862 2071 1049 2122 φασιν,
1107 2055 1139 2125 ἢ
1195 2053 1285 2107 τὸν
1340 2053 1575 2125 Χριστὸν
1636 2052 1725 2106 τὸν
1760 2054 1816 2106 ὲν

246 2145 470 2217 ’ᾼσμασι
491 2146 745 2215 λέγοντα·
774 2166 793 2197 ι
815 2147 955 2216 Ἐγὼ
971 2148 1130 2211 ἄνθος
1156 2146 1251 2200 τοῦ
1277 2146 1683 2217 πεδίου,κρῖνον
1708 2144 1816 2198 τῶν

242 2239 521 2298 κοιλάδων.
559 2259 578 2291 ι
616 2240 649 2310 ἢ
685 2239 746 2293 τὸ
762 2239 1115 2309 εὐαγγελικδν
1157 2240 1452 2311 κήρυγμα,
1491 2234 1555 2291 οἶ)
1586 2237 1700 2307 τὴν
1731 2238 1816 2291 δι-

242 2332 574 2399 καιοσύνην
598 2335 627 2385 6
655 2332 938 2407 κατορθῶν
965 2333 1469 2402 εὐφρανθήσεται,
1492 2333 1620 2385 ὅταν
1647 2331 1812 2385 ἀκοῦ-

241 2437 335 2492 σῃ·
376 2440 395 2473 ι
431 2419 712 2483 Εῦ,δοῦλε
759 2424 933 2493 ἀγαθὲ
990 2425 1087 2479 καὶ
1150 2424 1310 2478 πιστὲ
1337 2466 1352 2491 ,
1401 2424 1493 2477 ἐπὶ
1544 2422 1702 2490 ὀλίγα
1745 2417 1814 2493 ἧς

240 2514 417 2578 πιστός
437 2530 451 2546 ο
489 2514 592 2568 ἐπὶ
625 2516 838 2570 πολλῶν
867 2533 928 2570 σε
963 2517 1314 2588 καταστήσω.
1346 2515 1573 2570 Εἴσελθε
1604 2516 1684 2579 εἰς
1709 2515 1812 2589 τὴν

239 2608 399 2681 χαρὰν
419 2606 522 2661 τοῦ
560 2608 771 2684 Κυρίου
804 2626 921 2664 σου.
953 2627 973 2662 ι

813 2786 1065 2843 ΚΕΦΔΛ.
1106 2786 1205 2839 EB’

298 2877 446 2948 φιβ’.
475 2876 587 2932 Διὰ
624 2876 782 2933 Σιὼν
820 2879 893 2932 οὐ
919 2876 1328 2947 σιωπήσομαι,
1357 2878 1457 2932 καὶ
1475 2878 1572 2932 διὰ
1606 2877 1810 2948 Ἰερου-

234 2968 431 3038 σαλὴμ
459 2971 581 3023 οὐκ
609 2970 843 3039 ἀνήσω,
871 2968 984 3035 ἕως
1018 2968 1095 3024 ἂν
1127 2968 1343 3039 ἐξέλθῃ
1374 2970 1453 3036 ὡς
1490 2970 1618 3039 φῶς
1656 2972 1695 3039 ἡ
1727 2969 1812 3024 δι-

234 3062 526 3128 καιοσύνη
555 3078 707 3129 μου,
751 3060 819 3114 τὸ
849 3059 920 3113 δὲ
959 3060 1262 3129 σωτήριόν
1290 3078 1411 3130 μου
1457 3061 1538 3127 ὡς
1568 3062 1813 3129 λαμπὰς

234 3152 615 3220 καυθήσεται.
652 3153 761 3207 Καί
798 3154 1051 3222 ὄψονται
1085 3153 1232 3222 ἔθνη
1264 3152 1380 3221 τὴν
1413 3153 1810 3222 δικαιοσύνην

232 3257 359 3309 σου,
391 3242 494 3297 καὶ
530 3241 818 3307 βασιλεῖς
847 3240 962 3308 τὴν
1005 3240 1195 3305 δόξαν
1239 3254 1379 3304 σου,
1423 3241 1523 3296 καί
1559 3241 1809 3295 καλέσει

231 3350 299 3388 σε
340 3333 405 3388 τὸ
437 3332 637 3402 ὄνομα
667 3348 785 3387 σου
838 3332 905 3387 τὸ
947 3334 1183 3399 καινὸν,
1221 3332 1250 3386 ὃ
1276 3336 1310 3387 ὁ
1348 3334 1566 3402 Κύριος
1593 3332 1811 3402 ὀνομά-

229 3440 318 3480 σει
356 3425 532 3481 αὐτό.
566 3424 675 3479 Kal
723 3423 842 3491 ἔσῃ
884 3425 1188 3493 στέφανος
1231 3424 1505 3492 κάλλους
1536 3427 1606 3479 ἐν
1660 3426 1809 3494 χειρὶ

230 3520 462 3592 Κυρίου,
523 3518 622 3575 καί
670 3516 934 3587 διάδημα
982 3518 1311 3585 ,βασιλείας
1342 3518 1414 3571 ἐν
1462 3517 1610 3588 χειρί
1660 3518 1809 3572 Θεοῦ

230 3626 358 3675 σου,
390 3629 445 3666 κ.
475 3627 537 3665 τ.
568 3609 619 3664 λ.

305 3720 428 3772 Ἐπὶ
481 3719 543 3772 δὲ
582 3720 694 3784 τοῖς
738 3717 1054 3789 εἰρημένοις
1099 3718 1128 3770 6
1180 3718 1471 3789 προφήτης
1518 3717 1806 3781 διατεθεὶς,

229 3811 316 3865 καὶ
344 3806 455 3868 οἷον
490 3809 682 3874 ἔνθους
707 3811 796 3879 ὑφ’
829 3809 1025 3880 ὴδονῆς
1044 3809 1353 3880 γενόμενος,
1373 3812 1477 3862 Διὰ
1504 3810 1676 3874 Σιὼν,
1709 3828 1809 3881 φη-

230 3900 327 3965 σὶν,
360 3903 432 3955 οὐ
468 3897 883 3969 σιωπήσομαι.
930 3898 1030 3953 Διὰ
1062 3900 1261 3961 παντὸς
1295 3900 1405 3970 γὰρ
1445 3899 1626 3970 βοήσω
1672 3902 1810 3971 πρὸς

225 3991 312 4044 τὸν
338 3993 473 4045 Θεὸν
523 3991 785 4045 ἱκετεύων
834 3992 895 4044 τὸ
943 3990 1052 4044 τῶν
1098 3982 1415 4063 εἰρημένων
1453 3992 1580 4046 ίδεῖν
1610 3994 1810 4046 ἀποτέ-

226 4079 413 4151 λεσμα,
456 4082 601 4151 ὅπερ
675 4080 829 4133 ἔσται
862 4078 953 4130 ἐπ’
1004 4078 1071 4133 ἂν
1113 4080 1152 4148 ἠ
1189 4079 1543 4145 δικαιοσύνη
1596 4080 1697 4134 καὶ
1744 4079 1811 4133 τὸ

223 4170 526 4239 σωτήριον
589 4167 994 4238 Ἰερουσαλὴμ
1066 4170 1162 4222 ἐπὶ
1220 4169 1432 4231 πάντας
1491 4168 1812 4240 ἀνθρώπους

226 4262 508 4334 ἐκλάμψῃ.
547 4262 623 4315 Τὸ
657 4262 768 4333 γὰρ
800 4261 928 4332 φῶς
969 4261 1140 4331 αὐτῆς
1169 4263 1254 4327 εὶς
1291 4261 1365 4315 τὰ
1392 4261 1536 4328 ἔθνη
1567 4261 1685 4332 μετ’
1715 4263 1812 4315 αῦ-

225 4352 319 4424 τὴν
347 4354 691 4424 διαϐήσεται.
737 4353 797 4406 Ὁ
837 4353 947 4423 γὰρ
992 4352 1102 4405 τῶν
1149 4351 1461 4405 ἀποστόλων
1506 4353 1663 4424 χορὸς
1712 4352 1811 4423 τὴν

226 4444 578 4499 διδασκαλίαν
622 4445 714 4499 ἐπὶ
765 4445 969 4511 πάσας
1018 4445 1127 4511 τὰς
1152 4445 1479 4511 βασιλείας
1522 4444 1810 4509 ἐξέτεινεν,

1918 1965 2127 2032 Judaei;
2162 1970 2268 2023 alia
2321 1974 2484 2026 etiam
2528 1988 2652 2027 cum
2697 1974 3049 2030 distinctione
3097 1976 3324 2045 adjicit;
3376 1980 3501 2031 cum

1919 2060 2335 2114 exsultationem
2379 2078 2563 2117 coram
2608 2065 2850 2135 gentibus
2894 2066 3138 2120 omnibus
3169 2067 3503 2122 emissurum

1919 2146 2206 2203 Dominum
2250 2151 2502 2205 allirmat.
2536 2154 2638 2208 Per
2681 2156 2869 2225 florem
2910 2157 3142 2220 deinde,
3196 2159 3276 2211 vel
3323 2158 3504 2213 (2111ιὶ-

1918 2249 2064 2296 stum
2101 2240 2374 2312 intelligit,
2402 2244 2495 2313 qui
2525 2259 2583 2299 se
2610 2244 2667 2298 in
2703 2246 2963 2312 Canticis,
3009 2247 3185 2316 campi
3209 2245 3420 2309 liorem,
3447 2256 3503 2302 et

1915 2332 2090 2386 lilium
2148 2334 2475 2389 convallium
2536 2337 2775 2407 appellat
2824 2337 2904 2390 ‘7:
2957 2338 3041 2392 vel
3102 2338 3276 2408 ipsam
3332 2338 3500 2392 etiam

1913 2421 2192 2493 Evangelii
2218 2408 2707 2496 promulgationem
2735 2445 2749 2492 ;
2776 2429 2934 2498 cujus
2956 2428 3341 2498 quijustitiam
3368 2429 3504 2497 fece-

1912 2510 2006 2575 rit,
2039 2509 2225 2565 ltetitia
2253 2513 2562 2577 exsultabit,
2614 2529 2736 2568 cum
2776 2516 2882 2570 ista
2932 2515 3169 2572 audierit
3207 2536 3221 2572 :
3277 2536 3295 2567 ι
3328 2516 3500 2586 Euge,

1912 2618 2071 2659 serve
2096 2604 2237 2659 bone
2294 2614 2348 2659 et
2394 2605 2604 2671 fidelis;
2653 2622 2820 2678 super
2857 2609 3025 2662 multa
3061 2620 3114 2665 te
3144 2592 3513 2674 constituam,

1909 2691 2056 2749 intra
2087 2695 2142 2749 in
2173 2697 2429 2766 gaudium
2457 2696 2672 2751 Domini
2707 2699 2785 2751 tui
2820 2698 2886 2754 ’⁸.
2927 2718 2946 2752 s

2514 2787 2671 2841 CAP.
2714 2787 2873 2842 LXII.

1984 2876 2154 2935 Vens.
2201 2878 2353 2933 1-12.
2417 2878 2651 2948 Propter
2705 2878 2838 2935 Sion
2901 2897 3009 2935 non
3069 2881 3277 2947 tacebo,
3338 2897 3503 2951 neque

1909 2981 2126 3042 propter
2161 2970 2470 3026 Jerusalem
2510 2973 2805 3042 quiescam,
2857 2972 3022 3027 donec
3067 2975 3401 3045 egrediatur,
3443 2985 3503 3027 ut

1917 3064 2346 3133 lumen,justitia
2379 3073 2587 3127 mea,et
2607 3065 2849 3119 salutare
2882 3082 3077 3133 meum,
3098 3068 3234 3120 sicut
3272 3069 3501 3135 lampas,

1915 3155 2261 3208 accendatur.
2310 3154 2377 3208 Et
2416 3156 2664 3209 videbunt
2710 3164 2886 3226 gentes
2922 3156 3203 3227 justitiam
3249 3165 3416 3221 tuam,
3453 3165 3503 3209 et

1919 3261 2063 3316 reges
2123 3260 2305 3300 omnes
2337 3243 2568 3315 gloriam
2615 3257 2786 3311 tuam,
2840 3254 2889 3299 et
2941 3245 3148 3299 vocabit
3194 3255 3241 3298 te
3293 3246 3506 3299 nomine

1916 3335 2132 3395 recenti,
2166 3334 2305 3404 quod
2358 3333 2622 3389 Dominus
2675 3335 2995 3389 nominabit.
3034 3334 3102 3388 Et
3150 3335 3256 3388 eris
3304 3351 3504 3388 corona

1915 3425 2331 3493 pulchritudinis
2356 3428 2411 3480 in
2443 3443 2602 3481 manu
2636 3425 2875 3492 Domini,
2897 3436 2947 3481 et
2974 3426 3226 3481 diadema
3272 3426 3419 3497 regni
3449 3427 3503 3479 in

1916 3529 2078 3567 manu
2120 3513 2217 3567 Dei
2244 3515 2344 3579 tui,
2375 3522 2485 3571 etc.

1989 3703 2059 3758 lis
2087 3703 2254 3774 igitur
2280 3719 2403 3775 quae
2446 3705 2591 3759 dicta
2633 3715 2786 3772 sunt,
2826 3705 3095 3775 propheta
3135 3717 3501 3776 praeparatus,

1915 3805 1970 3850 et
1993 3796 2290 3863 voluptate,
2328 3795 2494 3848 veluti
2523 3795 2748 3849 numine
2788 3796 3082 3860 excitatus,
3133 3805 3346 3864 propter
3378 3795 3505 3849 Sio-

1917 3903 2033 3940 nem
2062 3902 2165 3939 non
2190 3901 2304 3939 esse
2350 3901 2406 3939 se
2430 3886 2716 3939 taciturum
2750 3884 3004 3943 alIirmat.
3051 3886 3322 3955 Perpetuo
3356 3887 3501 3941 enim

1918 3995 1977 4036 se
2027 3980 2463 4045 clamitalurum,
2521 3979 2892 4050 precibusque
2940 3980 3388 4051 elllagitaturum,
3444 3990 3505 4035 ut

1918 4087 2131 4139 eorum,
2167 4087 2291 4143 quae
2338 4073 2485 4128 dicta
2537 4081 2689 4136 sunt,
2741 4083 2998 4127 eventum
3055 4073 3373 4127 intueatur:
3407 4074 3500 4142 qui

1920 4173 2035 4219 tum
2066 4166 2284 4220 demum
2319 4164 2542 4220 futurus
2576 4172 2682 4231 est,
2706 4179 2834 4218 cum
2863 4164 3142 4234 justitiam
3175 4174 3225 4218 et
3264 4166 3504 4219 salutare

1917 4256 2219 4311 Jerusalem
2261 4256 2589 4312 mortalibus
2619 4257 2881 4312 omnibus
2933 4257 3155 4311 illucere
3186 4257 3501 4325 contigerit.

1920 4352 2079 4407 Tunc
2114 4351 2259 4406 enim
2295 4351 2473 4404 lumen
2524 4350 2698 4421 ipsius
2730 4351 2800 4405 ad
2842 4361 3018 4421 gentes
3069 4358 3189 4419 post
3221 4367 3339 4403 eam
3381 4367 3505 4406 esse

1921 4443 2312 4499 transiturum.
2336 4440 2492 4507 Quod
2520 4441 2894 4510 apostolorum
2922 4441 3170 4494 doctrina
3200 4443 3502 4509 pra‘stitum

223 4535 345 4606 ἥτις
393 4535 466 4610 ἦν
523 4540 617 4592 καὶ
657 4534 775 4591 ’τῶν
828 4538 999 4590 πάλαι
1050 4536 1401 4608 πληροῦντων
1448 4537 1509 4590 τὸ
1560 4537 1811 4601 θεοσεϐὲς

1925 4549 2042 4604 est;
2075 4551 2196 4607 quae
2229 4535 2284 4590 iu
2319 4536 2498 4588 omnia
2532 4550 2690 4604 regna
2719 4542 3022 4604 propagata
3066 4549 3192 4589 vere
3229 4533 3316 4585 illa
3351 4542 3504 4585 vetns

226 4632 356 4701 παρ’
392 4632 670 4696 Ἰουδαίοις
699 4631 1006 4701 πολίτευμα
1030 4630 1364 4701 καλούμενον
1398 4629 1807 4699 Ἰερουσαλήμ.

227 4722 382 4786 Τινὲς
421 4724 481 4777 δὲ
528 4725 627 4795 τὴν
680 4723 808 4777 νέαν
856 4725 1042 4793 φασίν.
1068 4723 1179 4793 Τῆς
1236 4723 1344 4791 γὰρ
1391 4722 1717 4792 Ἐκκλησίας
1760 4722 1810 4774 oi

227 4811 520 4867 ἀπόστολοι
573 4814 863 4882 γεγόνασιν
911 4814 1158 4883 ἀπαρχὴ.
1206 4814 1327 4865 Οὐκ
1370 4811 1580 4878 ἀνήσω
1629 4810 1810 4864 τοίνυν

224 4904 398 4973 μέχρι
438 4903 703 4975 πληρώσῃ
749 4903 881 4966 Θεὸς
927 4903 1066 4973 αὐτῇ
1124 4902 1195 4955 τὰ
1249 4902 1673 4972 ἐπηγγελμένα,
1712 4902 1811 4973 τὴν

229 4992 315 5045 διὰ
346 4993 587 5066 Χριστοῦ
621 4993 820 5064 δηλαδὴ
850 4993 1157 5060 σωτηρίαν
1187 4992 1337 5062 πάσῃ
1373 4994 1440 5061 τῇ
1471 4994 1565 5061 γῇ.
1598 4993 1672 5044 Οὐ
1701 4993 1809 5061 γὰρ

243 5082 508 5138 Ἰουδαίων
540 5085 716 5155 μόνων
748 5087 776 5138 6
802 5084 957 5152 Θεὸς,
1004 5082 1142 5136 ἀλλὰ
1188 5082 1283 5136 καὶ
1334 5083 1523 5136 ὲθνῶν.
1566 5084 1723 5146 Τινὲς
1752 5083 1808 5136 δὲ

232 5156 329 5245 (ὡς
362 5175 459 5229 τοῦ
490 5176 656 5247 ῥητοῦ
687 5176 901 5247 ἔχοντος
921 5194 935 5209 ε
966 5175 1081 5243 τὴν
1105 5174 1507 5242 δικαιοσύνην
1530 5194 1673 5244 μου,
1708 5174 1808 5228 καὶ

232 5267 297 5319 τὸ
321 5267 626 5335 σωτήριόν
640 5279 782 5338 μου)
804 5267 914 5322 ἀπὸ
937 5265 1226 5339 προσώπου
1252 5266 1346 5320 τοῦ
1371 5266 1506 5320 Θεοῦ
1535 5268 1628 5320 τὸν
1652 5268 1808 5335 λόγον

234 5354 373 5413 εἶναι
403 5376 568 5428 φασιν
596 5360 1070 5429 ἐπαγγελλομένου)
1092 5358 1266 5435 ταῦτα
1301 5358 1562 5428 πληροῦν.
1590 5360 1811 5412 Δικαιο-

234 5448 392 5516 σύνη
415 5449 485 5503 δὲ
512 5450 610 5505 καὶ
648 5450 945 5521 σωτήριον
988 5454 1017 5506 6
1061 5452 1320 5521 Χριστὸς,
1356 5448 1454 5506 οἶά
1490 5470 1573 5516 τις
1628 5456 1684 5507 ὲν
1719 5454 1809 5507 κό-

309 5694 352 5729 “
379 5696 421 5750 ll
457 5697 592 5754 Tim.
630 5718 703 5762 iv.
739 5700 788 5757 7.
869 5704 913 5735 ¹⁶
1024 5706 1123 5763 lsa.
1160 5698 1302 5777 mi,
1339 5711 1425 5778 l8.

1522 5707 1562 5737 "’
1593 5705 1756 5762 Cant.
1824 5724 1883 5773 ιι,
1943 5708 1990 5761 I.

1918 4629 2218 4698 Jerusalem
2250 4629 2372 4693 fuit,
2402 4642 2524 4696 qua:
2553 4629 2699 4696 piu'm
2728 4635 2782 4680 ct
2807 4636 3056 4680 sanctum
3113 4625 3254 4695 apud
3286 4622 3501 4680 Jndmos

1920 4723 2158 4783 civitatis
2189 4722 2503 4776 institutum
2533 4718 2885 4787 sequebatur.
2916 4717 3057 4772 Sunt
3086 4725 3288 4779 tamen,
3317 4717 3407 4785 qni
3435 4716 3501 4769 ad

1919 4831 2114 4872 novam
2145 4813 2472 4869 retulerunt.
2506 4808 2547 4863 F
2554 4817 2757 4865 uerunt
2785 4810 2932 4863 enim
2980 4810 3212 4877 apostoli
3249 4808 3505 4862 Ecclesia:

1918 4907 2188 4977 primitiae.
2221 4903 2346 4957 Non
2371 4903 2640 4973 quiescam
2669 4900 2854 4969 igitur,
2880 4899 3077 4969 inquit,
3105 4897 3268 4951 donec
3293 4912 3357 4950 ea
3399 4897 3502 4950 im-

1917 4996 2145 5067 pleverit
2161 4995 2443 5055 Dominus,
2459 5007 2581 5062 qua:
2600 4992 2702 5060 ipsi
2723 4991 3003 5058 pollicitus
3021 4995 3137 5044 est:
3161 4987 3213 5042 id
3233 4998 3319 5043 est
3331 4987 3504 5044 donec

1917 5088 2147 5142 salutem
2192 5086 2465 5140 universae
2511 5091 2674 5137 terra:
2709 5098 2806 5152 per
2834 5081 3120 5136 Christum
3163 5080 3501 5151 prmstiterit.

1916 5177 2203 5240 Non.enim
2232 5186 2317 5232 est
2348 5176 2489 5231 Dens
2517 5173 2833 5229 Judasorum
2868 5183 3102 5239 tantum,
3135 5172 3232 5228 scd
3259 5172 3501 5240 gentium

1916 5272 2080 5325 etiam
2114 5270 2179 5323 ι’.
2217 5267 2482 5324 Nonnulli
2523 5282 2676 5332 vero,
2710 5274 2978 5337 tanquam
3015 5266 3297 5336 justitiam
3327 5282 3500 5319 meam

1914 5370 1965 5418 et
1997 5361 2234 5415 salutare
2280 5376 2450 5414 meum
2496 5359 2751 5427 propheta
2800 5359 3023 5422 habeat,
3055 5359 3122 5413 ad
3170 5357 3361 5422 Deum,
3404 5357 3499 5423 qui

1923 5454 2032 5510 ista
2062 5468 2122 5509 se
2142 5452 2419 5508 facturum
2451 5452 2804 5521 polliceatur,
2833 5452 3159 5507 retulerunt.
3196 5449 3290 5505 Est
3318 5458 3501 5505 autem

2071 5708 2112 5739 ”
2168 5705 2359 5761 Matth.
2403 5705 2642 5770 xxvﬂl.
2722 5705 2766 5737 "
2798 5672 2956 5759 Rom.
3009 5717 3092 5767 ιιι,
3122 5699 3221 5765 29.
