3978 6416
487 263 641 325 ἓ5Ἐό

1822 262 2172 322 ΙῚὶΟΕΟΡίΙ
2206 264 2447 324 (ΞΑΖΈῙ

3614 259 3745 325 2ὓῦίί

486 382 695 436 iustitia
741 391 790 434 et
828 381 1066 433 str'utare
1092 418 1104 437 .
1135 376 1394 431 Christus
1432 377 1568 444 ipse,
1600 376 1760 429 relati
1791 377 1998 445 ltnnpas
2034 379 2083 429 in

2196 395 2314 449 σμῳ
2345 379 2611 445 λαμπὰς,
2648 376 2849 431 εἰπών’
2882 377 3002 431 ’Ὀτ“
3030 376 3097 431 ἂν
3147 368 3191 428 ὦ
3221 378 3277 429 ὲν
3301 374 3378 446 τῷ
3400 375 3605 447 κόσμῳ,
3644 378 3752 446 φῶς

490 472 730 536 mundo;
756 472 843 537 qui
867 487 922 523 se
943 467 1183 539 quapdiu
1207 467 1259 519 in
1287 465 1490 521 mundo
1511 468 1854 525 versabatur,
1882 466 2071 519 mundi

488 564 669 616 lumen
693 577 815 616 esse
836 559 975 613 dixit
1007 558 1074 621 ²⁰,
1110 559 1162 610 in
1196 572 1306 625 quo
1336 566 1525 610 essent
1548 573 1738 611 omnes
1772 558 2072 626 impietatis

486 654 828 706 eiset-ieram
863 649 1103 703 tenebris
1134 650 1286 717 prius
1310 647 1558 702 involuti.
1586 648 1874 719 Signiﬁcat
1905 663 2071 720 porro

488 764 587 818 per
626 747 783 816 711
819 745 1092 813 justitiam
1145 752 1193 796 et
1238 744 1491 813 gloriam,
1538 743 1818 799 Christum
1855 747 2073 813 ipsum;

489 838 545 893 in
580 838 839 908 thOjUsti
864 879 878 903 ,
910 845 965 891 et
1003 837 1165 903 cujus
1198 837 1373 905 gloria
1410 837 1610 892 divites
1644 836 1830 892 effecti
1859 851 2076 892 sumus.

560 930 697 994 Quia
732 927 929 982 deinde
952 928 1075 981 vitae
1099 929 1397 982 novitatem
1424 929 1876 999 amplectebatur,
1897 928 2086 984 habuit

488 1030 540 1075 et
571 1037 748 1074 recens
782 1036 1010 1074 nomen:
1044 1036 1155 1073 non
1199 1017 1488 1091 Synagoga
1520 1021 1633 1089 jam
1668 1031 1727 1074 ut
1774 1029 1957 1086 antea,
1987 1021 2083 1074 sed

489 1112 760 1175 Ecclesia,
791 1120 846 1165 et
879 1111 1096 1185 domus,
1134 1118 1189 1165 et
1234 1112 1432 1167 civitas
1477 1111 1570 1167 Dei
1632 1121 1972 1180 nuncupata.
2008 1110 2081 1166 De

474 1219 597 1271 qua
625 1211 709 1257 est
763 1204 907 1272 apud
946 1202 1231 1267 Davidem,
1268 1220 1377 1274 quo
1411 1206 1531 1259 loco
1582 1205 1756 1274 ipsam
1788 1206 2075 1274 alloquens

492 1292 731 1360 gloriosa
762 1294 826 1359 de
863 1291 952 1345 Dei
985 1293 1210 1347 civitate
1239 1293 1386 1347 dicta
1421 1310 1545 1349 esse
1580 1293 1873 1349 afﬁrmavit
1906 1295 1971 1348 ἰ.
2003 1291 2076 1347 Ut

491 1394 671 1438 autem
709 1385 1038 1455 elegantem,
1087 1385 1374 1457 formaque
1409 1399 1604 1456 praeter
1653 1398 1884 1443 cceteras
1935 1387 2075 1443 insi-

490 1490 674 1544 gnem,
710 1474 824 1530 fore
873 1476 1123 1538 doceret;
1167 1494 1420 1532 coronam
1463 1478 1880 1544 pulchritudinis
1931 1479 2078 1548 futu-

492 1579 609 1617 ram
667 1581 781 1618 esse
834 1565 1065 1619 addidit.
1106 1566 1254 1620 Licet
1300 1569 1446 1622 enim
1493 1578 1737 1622 sanctam
1781 1569 2085 1636 quamlibet

495 1657 754 1719 animant,
781 1655 1192 1728 Ecclesiamque
1223 1668 1418 1725 totam,
1450 1661 1682 1715 similem
1710 1678 1938 1726 coronw,
1964 1678 2085 1731 qua:

2184 472 2300 538 εἰμι
2333 470 2426 523 τοῦ
2461 471 2692 547 κόσμου,
2729 468 2958 539 ἀσεϐείᾳ
2990 468 3083 520 καὶ
3108 467 3569 537 πλημμελήμασιν
3591 467 3751 521 ἀπάν-

2182 577 2291 612 των
2323 560 2729 623 ἐσκοτισμένων
2758 558 2820 612 τὸ
2852 559 3142 630 πρότερον.
3165 557 3564 623 Δικαιοσύνην
3586 557 3641 610 δὲ
3664 558 3755 612 καί

2182 650 2375 715 δόξαν
2411 652 2574 704 πάλιν
2609 651 2767 705 καλεί
2799 649 2891 704 τὸν
2930 650 3188 720 Χριστόν.
3223 648 3628 718 Δεδικαιὼμεθα
3656 650 3758 718 γάρ

2182 746 2240 797 ὲν
2279 746 2450 817 αὐτῷ,
2485 747 2580 801 καὶ
2604 747 2701 816 τὴν
2730 748 2862 817 παρ’
2892 745 3055 799 αὑτοῦ
3098 743 3558 815 πεπλουτήκαμεν
3588 742 3757 809 δόξαν.

2266 925 2409 996 Πρὸς
2439 924 2738 994 καινότητα
2766 923 2825 977 δὲ
2857 924 3133 992 τραπεῖσα
3188 922 3354 991 ζωῆς,
3391 920 3603 975 καινὸν
3643 921 3762 993 ἔσχε

2192 1020 2289 1073 καὶ
2342 1018 2647 1086 τοῦνομα,
2693 1017 2816 1070 ἀντὶ
2881 1014 3214 1084 Συναγωγῆς
3283 1013 3627 1083 Ἐκκλησία,
3677 1015 3763 1068 καὶ

2188 1107 2356 1174 οἶκος,
2408 1110 2502 1162 καὶ
2552 1108 2709 1171 πόλις
2765 1107 2922 1173 Θεοῦ,
2969 1102 3003 1182 ᾖ
3067 1105 3500 1179 φησινδΔαὸίδ’
3549 1106 3763 1173 Δεδοξα-

2188 1204 2362 1272 σμένα
2421 1198 2658 1269 ἐλαλήθη
2707 1199 2838 1267 περὶ
2880 1197 2997 1263 σοῦ,
3034 1198 3066 1269 ἡ
3110 1198 3263 1261 πόλις
3312 1197 3408 1251 τοῦ
3462 1195 3619 1251 Θεοῦ.
3678 1199 3766 1251 Οτι

2183 1292 2241 1345 δὲ
2298 1291 2392 1344 καί
2425 1290 2706 1360 εὐπρεπὴς
2755 1290 2946 1355 ἔσται,
3003 1290 3096 1344 καί
3154 1288 3533 1358 ἀπαραῆλήτῳ
3592 1287 3765 1343 κάλλει

2190 1383 2638 1451 κατεστεμμένη,
2695 1381 3011 1450 ἐπήγαγεν·
3078 1381 3227 1447 Ἔσῃ
3278 1379 3584 1447 στέφανος
3634 1378 3768 1432 κάλ-

2185 1477 2355 1539 λους.
2391 1475 2579 1527 Πᾶσαν
2608 1473 2719 1543 γὰρ
2741 1473 2904 1540 ἁγίαν
2928 1473 3164 1541 ψυχὴν,
3191 1471 3289 1525 καὶ
3316 1471 3417 1541 τὴν
3452 1469 3767 1537 Ἑκκλησῖαν

2190 1568 2348 1635 ὃλην,
2403 1565 2687 1635 στεφάνῳ
2742 1565 3144 1634 παρεικαστέον
3184 1566 3249 1618 ἐκ
3299 1563 3516 1617 πολλῶν
3572 1561 3766 1615 ἀνθέων

2192 1662 2574 1730 συγκειμένῳ,
2616 1655 2923 1724 βασιλικῷ
2966 1674 3025 1710 τε
3088 1655 3430 1725 διαδήματι.
3481 1654 3618 1723 Φησὶ
3669 1653 3765 1728 γὰρ

493 1765 559 1802 ex
598 1749 750 1801 vario
796 1748 989 1801 ﬂorum
1037 1767 1234 1818 genere
1271 1752 1604 1814 contexitur,
1644 1753 1887 1822 regioque
1918 1754 2083 1810 etiam

2196 1749 2332 1803 εἶναι
2372 1751 2471 1820 τὴν
2515 1748 2845 1819 Ἐκκλησίαν
2888 1747 3055 1800 Δαϐἰδ
3101 1748 3158 1798 ὲν
3186 1743 3477 1833 ίματισμῷ
3508 1743 3767 1813 διαχρύσῳ

493 1839 787 1913 diademati
823 1841 1046 1895 dicere:
1087 1858 1211 1895 eum
1245 1858 1365 1896 eam
1406 1845 1550 1913 apud
1588 1843 1847 1898 Davidem
1879 1848 2083 1901 vestitu

496 1929 767 1983 deaurato
825 1930 1074 1983 indutam
1149 1947 1294 1996 esse,
1342 1941 1398 1987 et
1450 1933 1813 2001 variegatam,
1893 1938 2083 1988 eadem

454 2018 662 2090 'plaue
699 2030 861 2089 atque
902 2024 989 2074 hic
1025 2025 1263 2085 ratione,
1294 2024 1541 2093 legamus
1580 2028 1646 2078 ²¹.
1694 2025 1849 2090 Quod
1890 2027 2087 2082 deinde

497 2113 553 2165 in
586 2130 749 2165 manu
784 2113 997 2167 Domini
1030 2116 1188 2179 dixit,
1220 2115 1338 2183 ejus
1372 2120 1773 2186 protectionem
1814 2119 2090 2173 defensio-

497 2219 736 2273 nemque
781 2205 1159 2274 signifiravit;
1199 2210 1292 2277 qui
1340 2224 1455 2264 sua:
1505 2225 1703 2264 manus
1749 2202 2091 2279 protetztione

493 2309 616 2347 eam
651 2310 710 2348 se
740 2305 1121 2363 protecturum
1167 2299 1476 2353 afﬁrmavit.
1518 2301 1731 2356 Asserit
1761 2314 1898 2356 vero
1921 2302 2087 2364 etiam

495 2383 755 2440 Christus
794 2386 910 2455 ipse
951 2388 1225 2442 neminem
1270 2405 1402 2446 suas
1430 2406 1561 2448 oves
1603 2392 1669 2446 de
1703 2391 1883 2447 Patris
1924 2409 2089 2448 manu

497 2492 622 2532 esse
649 2486 974 2549 erepturum
1014 2480 1083 2535 ”.
1117 2481 1236 2536 Non
1282 2483 1485 2539 desunt
1524 2500 1714 2555 porro,
1754 2486 1849 2555 qui
1881 2502 2091 2541 corona:

494 2570 745 2636 nomine,
771 2586 866 2624 eos
906 2571 1061 2641 ipsos
1104 2573 1442 2645 intelligant,
1474 2577 1567 2646 qui
1618 2577 1672 2631 in
1698 2576 1924 2632 Christo
1963 2592 2091 2633 cum

498 2662 703 2717 virtute
727 2671 780 2717 et
805 2664 966 2719 laude
990 2666 1244 2721 vixerunt
1269 2687 1281 2721 :
1316 2684 1411 2738 per
1439 2670 1585 2739 regni
1621 2686 1751 2724 vero
1784 2671 1958 2739 ipsius
1982 2670 2094 2725 dia-

502 2751 683 2821 dema,
719 2770 816 2810 eos
848 2755 1040 2822 etiam,
1074 2758 1166 2827 qui
1198 2760 1449 2813 eumdem
1489 2762 1759 2831 sanguine
1785 2779 1887 2817 suo
1908 2764 2092 2818 testati

498 2853 669 2899 sunt:
699 2862 839 2911 quos
868 2862 967 2902 sua
994 2849 1110 2918 ipse
1134 2866 1293 2904 manu
1329 2848 1571 2921 seligens
1605 2853 1791 2917 Pater,
1826 2851 1969 2909 Filio
2000 2856 2094 2907 ad-

499 2934 706 3005 jungit,
732 2938 904 2991 veluti
957 2954 1209 2993 coronam
1249 2956 1533 3012 apponens
1554 2962 1593 3011 ;,
1614 2945 1857 3016 regioque
1900 2945 2092 2999 diade-

501 3036 664 3093 mate,
699 3028 751 3082 id
787 3039 894 3096 εει,
933 3046 1120 3086 eorum
1164 3032 1475 3102 frequentia
1512 3035 1815 3102 houorans,
1855 3038 1948 3106 qui
1996 3053 2093 3107 per

2190 1840 2706 1912 περιϐεϐλημένην,
2749 1839 3217 1910 πεποικιλμένην,
3286 1838 3382 1891 ἴσα
3432 1836 3608 1904 λέγων
3668 1838 3765 1899 τοῖς

2193 1934 2599 2004 προκειμένοις.
2638 1932 2732 1999 Τὸ,
2765 1933 2836 1986 ἐν
2869 1933 3021 2000 χειρὶ
3052 1932 3108 1984 δὲ
3138 1929 3311 1996 Θεοῦ,
3339 1928 3400 1982 τὸ
3443 1928 3547 1982 ὑπὸ
3573 1928 3766 1996 σκέπην

2186 2018 2463 2096 δηλοΐτὴν
2492 2026 2679 2080 αὐτοῦ.
2718 2028 2813 2089 Ὃς
2834 2026 2928 2080 καί
2951 2042 3139 2096 φησιν·
3176 2024 3288 2076 Καὶ
3312 2022 3418 2075 ὑπὸ
3454 2021 3659 2090 σκέπην
3680 2021 3767 2090 τῆς

2189 2121 2382 2197 χειρός
2402 2137 2503 2189 μου
2533 2120 2794 2173 σκεπάσω
2818 2137 2897 2172 σε.
2934 2119 3046 2173 Καὶ
3077 2120 3104 2168 ὁ
3148 2117 3390 2187 Χριστὸς
3428 2115 3486 2168 δὲ
3520 2115 3645 2183 περὶ
3670 2114 3765 2166 τῶν

2193 2212 2338 2264 ἰδίων
2377 2212 2672 2280 προϐάτιον
2699 2210 2833 2282 φησί
2859 2226 2871 2239 ·
2907 2211 3018 2264 Καὶ
3044 2209 3219 2272 οὐδεὶς
3260 2208 3504 2279 ἁρπάσει
3552 2206 3684 2260 αὐτὰ
3711 2209 3768 2258 ὲκ

2189 2302 2289 2370 τῆς
2311 2303 2493 2372 χειρὸς
2521 2303 2615 2356 τοῦ
2642 2304 2883 2372 Πατέρος
2919 2318 3045 2372 μου.
3064 2302 3216 2363 Τινὲς
3237 2301 3293 2352 δὲ
3323 2297 3629 2367 στέφανον
3646 2298 3766 2364 Χρι-

2194 2391 2325 2447 στοῦ
2354 2394 2480 2454 τοὺς
2526 2395 2591 2448 δι’
2622 2395 2787 2448 αὐτοῦ
2814 2394 3218 2463 κατορθοῦντας
3247 2394 3543 2461 εἰρήκασι·
3569 2390 3658 2443 καὶ
3678 2391 3765 2457 τῆς

2190 2486 2357 2540 αὑτοῦ
2382 2488 2709 2552 βασιλείας
2731 2485 3012 2553 διάδημα,
3034 2486 3160 2548 τοὺς
3192 2484 3336 2554 ὑπὲρ
3375 2481 3542 2536 αὐτοῦ
3573 2497 3765 2550 μαρτυο

2194 2579 2487 2647 ρήσαντας,
2524 2577 2615 2641 οὓς
2644 2581 2710 2648 τῇ
2737 2575 2930 2631 ἑαυτοῦ
2966 2577 3114 2646 χειρὶ
3146 2579 3174 2630 ὁ
3211 2574 3405 2644 Πατὴρ
3427 2571 3765 2640 ἐκλεξάμενος

2190 2668 2268 2739 τῷ
2298 2669 2413 2740 Titii
2440 2669 2802 2740 περιτίθησιν,
2822 2667 3142 2739 στεφανῶν
3166 2669 3332 2722 αὑτὸν
3351 2667 3450 2721 καὶ
3473 2664 3767 2733 διαδήματι

2185 2760 2491 2827 βασιλικῷ
2510 2761 2707 2831 τιμῶν,
2727 2762 2802 2830 τῷ
2821 2761 3011 2830 πλήθει
3034 2760 3142 2814 τῶν
3160 2760 3227 2814 δι’
3255 2757 3425 2812 αὑτοῦ
3452 2756 3768 2811 καίὺπ’-αὺ-

2192 2852 2299 2905 τοῦ
2318 2852 2703 2921 σεσωσμένων.
2734 2852 2851 2921 Ἐφ’
2882 2846 2963 2916 οἷς
2985 2853 3097 2906 οὐκ
3121 2850 3209 2905 ἑτι
3240 2849 3610 2917 κληθήσεται
3642 2846 3678 2914 ἠ
3705 2844 3764 2898 τὸ

2193 2941 2407 2995 καινὸν
2441 2941 2631 3011 ὄνομα
2679 2942 2982 3009 λαϐοῦσα,
3014 2938 3499 3010 ὑπολελειμμένα-η
3532 2938 3625 2991 καί
3649 2934 3766 3002 ἕρη-

2188 3048 2305 3100 μος
2324 3072 2337 3096 ,
2361 3030 2500 3084 ἀλλά
2517 3032 2748 3100 θέλημα
2766 3032 2942 3102 ἐμὸν,
2975 3032 3121 3086 τοῦτ’
3142 3032 3283 3095 ἔστι,
3321 3031 3464 3085 κατά
3485 3028 3545 3081 τὸ
3557 3021 3766 3094 θέλημά

501 3121 707 3189 ipsum,
735 3133 790 3174 et
841 3122 910 3175 ab
944 3122 1064 3193 ipso
1105 3126 1339 3180 salutem
1392 3127 1576 3197 adepti
1606 3136 1734 3183 sunt
1768 3146 1781 3182 :
1820 3144 1850 3183 a
1889 3131 2089 3199 quibus

2196 3139 2333 3190 μου.
2354 3121 2435 3174 Δι’
2472 3114 2533 3176 οὗ
2569 3121 2720 3192 δηλοῖ
2745 3125 2839 3196 καὶ
2867 3123 2950 3186 τὸ,
2982 3123 3215 3195 θελητὴν
3246 3122 3422 3191 αὐτὴν
3446 3118 3657 3173 ἔσεσθαι
3678 3116 3762 3185 τὴν

501 3225 612 3263 non
663 3212 942 3265 vocabitur
976 3216 1206 3282 amplius
1255 3233 1372 3287 qua:
1417 3233 1595 3271 recens
1626 3235 1814 3273 nomen
1856 3220 2088 3289 accepit,

499 3300 760 3355 derelicta
791 3312 842 3356 et
868 3303 1101 3372 deserta,
1133 3309 1224 3362 sed
1263 3310 1506 3362 voluntas
1536 3325 1681 3374 mea;
1715 3310 1765 3363 id
1793 3322 1872 3365 est
1899 3327 2096 3366 secun-

507 3396 632 3448 dum
660 3397 987 3449 voluntatem
1034 3414 1235 3453 meam:
1274 3400 1478 3468 quibus
1519 3415 1639 3453 eam
1683 3400 1850 3455 etiam
1880 3412 2090 3472 gratam

502 3487 619 3537 fore
644 3493 698 3538 et
717 3494 997 3554 acceptam
1025 3488 1321 3558 significat.
1357 3489 1486 3554 Quae
1510 3488 1720 3543 deserta
1748 3492 1818 3545 ob
1849 3492 1924 3555 id,
1948 3492 2093 3562 quod

503 3572 562 3624 in
602 3570 886 3627 Christum
924 3574 1242 3639 admiserat,
1281 3574 1424 3630 facta
1468 3577 1666 3640 fuerat,
1712 3578 1805 3632 sed
1853 3580 2093 3636 servatis

502 3663 774 3732 reliquiis,
807 3664 1150 3735 gentibusque
1184 3682 1309 3721 cum
1340 3668 1459 3737 ipso
1491 3668 1828 3733 conjunetis.
1859 3672 1911 3724 in
1944 3672 2093 3724 mul-

504 3758 791 3811 titudinem
827 3758 1002 3813 evasit
1045 3759 1338 3821 infinitam.
1380 3761 1487 3815 Deo
1523 3761 1698 3832 ipsam
1734 3763 2003 3832 probante
2042 3772 2097 3819 et

500 3851 907 3916 mnplectente;
977 3854 1356 3921 quantumvis,
1422 3856 1840 3912 exercitationis
1893 3859 2091 3928 gratia,

500 3942 755 3997 adiit-tam
797 3960 941 4016 saepe
976 3947 1251 4017 negligere
1301 3948 1578 4003 videatur.
1619 3948 1852 4015 Quidam
1883 3960 2090 4013 autem,

499 4034 645 4098 quod
690 4046 738 4088 et
780 4049 926 4089 terra
973 4046 1063 4092 tua
1107 4038 1359 4092 habitata
1411 4040 1574 4105 dixit,
1609 4040 1677 4094 ad
1721 4057 1900 4095 recens
1942 4041 2095 4111 regni

2197 3214 2327 3284 πρὶν
2357 3214 2792 3282 ἐρημωθεῖσαν,
2820 3215 2938 3268 ἀνθ’
2971 3210 3052 3275 ὧν
3099 3215 3372 3285 ὴθέτησεν
3402 3213 3481 3276 εἰς
3514 3209 3759 3281 Χριστόν·

2198 3305 2337 3359 ἀλλά
2367 3306 2634 3368 σωθέντος
2676 3306 2772 3360 τοῦ
2825 3306 3298 3377 καταλείμματος,
3336 3306 3433 3358 καί
3481 3301 3763 3356 ἑνωθέντων

2198 3398 2348 3467 αὐτῷ
2379 3398 2487 3451 τῶν
2516 3398 2585 3461 ἐξ
2612 3396 2829 3461 ἐθνῶν,
2868 3400 2949 3462 εἰς
2984 3397 3189 3467 πλῆθος
3223 3396 3501 3450 ἐπέδωκεν
3537 3394 3761 3461 ἄπειρον,

2201 3478 2551 3551 εὐδοκοῦντος
2590 3491 2647 3541 ἐν
2683 3491 2818 3560 αὐτῇ
2852 3490 3011 3555 Θεοῦ,
3045 3490 3094 3542 εἰ
3128 3488 3223 3541 καὶ
3273 3486 3497 3557 παρορᾷ
3528 3483 3763 3544 πολλάκις

2200 3583 2509 3651 γυμνασίας
2530 3582 2692 3652 χάριν
2725 3582 3087 3653 διωκομένην.
3124 3579 3282 3643 Τινὲς
3307 3580 3366 3633 δὲ
3390 3581 3472 3638 τδι
3504 3577 3601 3631 καὶ
3633 3577 3667 3642 ἦ
3696 3573 3759 3642 Τῆ

2201 3690 2319 3727 σου
2367 3674 2725 3743 οἰκουμένη,
2769 3675 2827 3726 ἐν
2867 3672 2947 3736 τῷ
2981 3672 3165 3737 καινῷ
3212 3671 3371 3725 αἰῶνι
3412 3670 3509 3739 τῆς
3550 3662 3759 3738 Χριστοῦ

2205 3765 2484 3834 βασιλείας
2527 3765 2660 3835 φασὶ
2705 3765 2831 3827 τοὺς
2870 3763 2978 3818 τῶν
3022 3762 3373 3831 ἐπαγγελιῶν
3415 3762 3592 3830 ἀξίους
3627 3756 3758 3828 οἰκή-

2201 3876 2365 3929 τορας
2386 3857 2672 3924 ligonem/*-
2695 3858 2744 3910 οἳ
2775 3857 2869 3910 καὶ
2888 3858 2942 3909 ἐν
2974 3856 3214 3927 τοσαύτῃ
3238 3853 3481 3926 θυμηδίᾳ
3494 3850 3759 3918 διάξουσιν,

2210 3951 2286 4013 ὡς
2309 3949 2568 4004 ἐοικέναι
2598 3949 2904 4012 νεανίσκῳ
2941 3949 3328 4016 συνῳκηκότι
3352 3945 3639 4015 παρθένῳ.

499 4123 706 4181 Christi
756 4132 1016 4183 saeculum
1046 4132 1376 4198 retulerunt,
1446 4134 1607 4203 712
1675 4149 1786 4205 quo
1848 4142 2096 4203 tempore
2149 4134 2359 4192 incolas
2420 4134 2884 4205 promissionibus
2929 4135 3154 4191 minime
3211 4135 3473 4206 indignos
3530 4131 3756 4187 habitura

498 4229 605 4281 est,
641 4218 735 4286 qui
769 4220 874 4273 vita
906 4222 1339 4292 etiamjucunda
1398 4226 1535 4280 adeo
1605 4235 1659 4280 et
1718 4227 2015 4296 tranquilla
2090 4227 2319 4297 petituri
2380 4236 2531 4295 sunt,
2599 4236 2659 4281 ut
2707 4226 2919 4296 juvenis
2974 4242 3093 4280 cum
3150 4226 3352 4296 virgine
3408 4224 3636 4278 habitare
3690 4218 3757 4273 vi-

500 4308 532 4360 d
558 4317 719 4360 ~atur.

574 4397 719 4476 Sunt
757 4408 962 4464 tamen,
997 4401 1091 4470 qui
1145 4418 1212 4456 ex
1264 4402 1471 4459 Judzeis
1514 4406 1753 4476 primum
1792 4408 2089 4464 Ecelesiam

2276 4406 2434 4469 Τινὲς
2479 4406 2534 4458 δέ
2568 4422 2736 4474 φασιν
2780 4405 2855 4468 ὡς
2879 4403 2938 4468 ἐξ
2994 4404 3263 4459 Ἰουδαίων
3296 4406 3523 4474 συνέστη
3564 4403 3621 4456 τὸ
3656 4399 3754 4453 κατ’

500 4474 670 4544 velint
703 4494 1058 4561 constitisse;
1096 4496 1242 4551 inter
1269 4514 1411 4567 quos
1439 4474 1655 4556 caeteris
1687 4500 1895 4557 Christi
1956 4518 2096 4572 prae-

501 4585 805 4659 stantiores
836 4588 1074 4654 apostoli
1103 4596 1253 4641 tanto
1282 4604 1408 4659 erga
1427 4606 1749 4647 eamamore
1773 4592 2095 4662 flagrarunt,

502 4683 564 4728 ut
599 4692 697 4744 pro
727 4678 807 4732 eis
843 4680 1137 4733 anathema
1173 4680 1286 4735 fieri
1318 4680 1526 4737 Paulus
1567 4686 1847 4753 exoptarit
1878 4686 1945 4739 “.
1987 4685 2095 4740 Sed

502 4776 587 4823 t-st
620 4784 803 4823 rerum
831 4770 1029 4841 ingens
1073 4772 1218 4827 facta
1246 4775 1556 4859 renovatio.
1606 4775 1772 4832 Vetus
1804 4777 1954 4832 enim
1991 4777 2094 4848 Sy-

504 4875 737 4931 nagoga,
771 4871 1049 4918 vetustate
1084 4865 1323 4934 quodam
1367 4875 1530 4937 pacto
1574 4867 1849 4936 obsoleta,
1895 4867 2099 4937 juven-

504 4953 644 5007 culie
685 4940 1060 5023 comparatur.
1095 4958 1276 5025 Ipsius
1316 4959 1521 5014 deinde
1557 4961 1674 5024 mu,
1713 4961 1965 5031 Apostoli
2014 4945 2139 5014 ni.-~

508 5044 731 5107 mirum,
757 5063 877 5099 cum
906 5063 969 5101 ea
1002 5047 1338 5116 habitarunt,
1366 5067 1490 5106 cum
1508 5052 1780 5116 eamdem,
1802 5052 1965 5106 veluti
2003 5066 2104 5104 nu-

513 5135 729 5200 tricem,
768 5153 932 5193 manu
967 5152 1260 5211 regerent;
1296 5159 1421 5199 cum
1455 5142 1601 5199 sicut
1635 5154 1866 5199 matrem
1899 5158 2099 5199 conso-

513 5225 797 5296 larentur;
823 5245 946 5285 cum
987 5232 1227 5304 denique
1281 5237 1417 5308 legis
1448 5238 1676 5293 umbras
1712 5237 1889 5292 vitare
1921 5235 2095 5291 doce-

517 5329 675 5387 rent:
715 5322 861 5377 unde
903 5339 1002 5393 pro
1034 5330 1286 5397 patribus
1317 5346 1442 5387 esse
1472 5342 1636 5387 natos
1668 5332 1747 5386 illi
1783 5330 1924 5386 filios
1957 5329 2102 5399 apud

519 5413 778 5469 Davidem
809 5416 1043 5486 legimus
1067 5422 1132 5476 ’³.
1159 5422 1296 5478 Cum
1319 5426 1465 5480 enim
1491 5425 1586 5479 filii
1609 5434 1817 5486 essent.
1843 5425 1896 5477 in
1918 5432 2103 5493 patres

518 5512 838 5558 ετντὶεῡΐιιηῑ.
889 5505 1019 5572 Quae
1058 5526 1181 5565 cum
1233 5514 1310 5566 ita
1357 5529 1416 5568 se
1469 5515 1735 5581 habeant;
1772 5513 2098 5580 ita'iuquit,

591 5618 821 5724 ἸῘΙὛ-ξι
873 5642 987 5694 ν¹¹¹ν
1046 5629 1127 5686 ηε
1172 5634 1212 5663 "
1246 5633 1391 5689 Psal.
1447 5649 1668 5699 Lxxxvt,
1835 5638 1878 5667 "
1908 5633 2055 5689 Psal.
2089 5647 2232 5696 xmv,
2268 5629 2353 5681 lt).

526 5702 672 5767 μιν,
720 5691 802 5748 17.

2204 4499 2400 4571 ἀρχὰς,
2436 4490 2511 4551 ὧν
2543 4496 2875 4567 προῦχοντες
2906 4493 3047 4568 ἦσαν
3073 4498 3123 4549 οἱ
3160 4497 3255 4550 τοῦ
3283 4495 3517 4568 Χριστοῦ
3543 4489 3754 4564 μαθηταὶ

2204 4593 2301 4653 τὴν
2342 4593 2423 4654 εἰς
2445 4590 2612 4661 ἀκρον
2636 4590 2858 4657 ἀγάπην
2880 4591 2959 4653 εἰς
2986 4588 3155 4660 αὐτὴν
3181 4587 3550 4653 διασώζοντες,
3582 4586 3651 4647 ὠς
3674 4582 3751 4635 καὶ

2202 4681 2495 4736 ὀδυνᾶσθαι
2544 4679 2637 4733 τὸν
2715 4679 2929 4732 Παῦλον
2979 4680 3119 4751 ὑπὲρ
3176 4680 3358 4734 αὐτῶν
3394 4680 3495 4732 καῖ
3528 4672 3748 4746 εὔχεσθαι

2199 4775 2450 4845 ἀνάθεμα
2476 4770 2635 4826 εἶναι.
2681 4771 2854 4835 Πολὺς
2890 4771 2946 4825 δὲ
2993 4771 3103 4825 τῶν
3149 4773 3485 4843 πραγμάτων
3528 4770 3554 4821 ὁ
3597 4780 3748 4819 καινι·

2200 4868 2360 4938 σμός.
2410 4865 2470 4919 'll
2498 4867 2607 4936 γὰρ
2637 4863 2845 4934 ἀρχαία
2878 4863 3184 4934 Συναγωγὴ
3225 4865 3428 4934 τρόπον
3451 4858 3564 4914 τινὰ
3589 4869 3745 4909 πεπα-

2198 4956 2478 5028 λαιωμένη
2513 4958 2577 5026 τῇ
2624 4956 2968 5025 παλαιότητι,
3014 4954 3219 5010 νεάνιδι
3267 4952 3658 5025 παρεικάζεται.
3690 4942 3742 4996 0i

2199 5049 2256 5103 δὲ
2286 5048 2393 5101 υἱοὶ
2415 5046 2583 5115 αὐτῆς
2608 5043 2895 5099 ἀπόστολοι
2914 5044 2985 5098 ἐν
3012 5043 3169 5127 αδύτῇ
3196 5042 3521 5109 κατῴκουν,
3545 5038 3611 5100 ὡς
3639 5050 3743 5103 τρο⁴

2203 5140 2305 5210 φὺν
2357 5135 2867 5210 χειραγωγοῦντες,
2925 5135 3374 5208 παρακαλοῦντες
3409 5135 3481 5196 ὡς
3531 5128 3736 5201 μητέρα.

2206 5231 2429 5300 φεύγειν
2458 5231 2553 5283 τοῦ
2587 5230 2754 5302 νόμου
2793 5230 2893 5297 τὰς
2950 5234 3112 5296 σκιὰς
3152 5233 3546 5304 εἰσηγούμενοι,
3573 5226 3639 5288 ὡς
3666 5222 3741 5274 τὸν

2215 5321 2380 5375 Δαϐὶδ
2408 5320 2622 5389 λέγειν·
2673 5321 2819 5375 Ἀντί
2861 5323 2971 5377 τῶν
3020 5324 3275 5395 πατέρων
3321 5339 3410 5376 σου
3446 5310 3739 5389 ἐγενήθησάν

2211 5432 2295 5468 σοι
2328 5414 2455 5466 υἱοί.
2491 5413 2608 5466 Υἱοί
2649 5413 2755 5483 γὰρ
2783 5415 2958 5481 ὄντες,
2994 5415 3075 5479 εἰς
3109 5417 3352 5485 πατέρας
3387 5411 3630 5481 ἐγένοντο.
3652 5398 3734 5454 Ὧν

2208 5506 2383 5569 οὕτως
2415 5505 2669 5574 ἑχόντων,
2697 5505 2869 5570 οὕτως
2913 5506 3390 5574 εὐφρανθήσεται
3426 5504 3615 5572 Κύριος
3651 5490 3733 5548 ἐπὶ

2454 5622 2498 5654 ³³
2535 5619 2692 5677 Jotn.
2728 5640 2778 5688 ιι,
2806 5625 2895 5682 '28.
3004 5625 3049 5656 ”
3084 5626 3244 5679 Rom.
3277 5641 3350 5690 ιι,
3379 5623 3428 5677 ’5.
3528 5618 3568 5649 ³⁸
3596 5606 3718 5668 Psal.
