  <div class='ocr_page' id='page_1' title='image "/cluster/home/n/w/nwhite01/storage/ocr_20150623/87:pt.2/coo.31924054869908/573.png"; bbox 0 0 3978 6396; ppageno 0'>
   <div class='ocr_carea' id='block_1_1' title="bbox 524 279 3775 381">
    <p class='ocr_par' dir='ltr' id='par_1_1' title="bbox 524 279 3775 381">
     <span class='ocr_line' id='line_1_1' title="bbox 524 279 3775 381; baseline -0.007 -5"><span class='ocrx_word' id='word_1_1' title='bbox 524 313 666 377; x_wconf 76' lang='lat'><strong>2659</strong></span> <span class='ocrx_word' id='word_1_2' title='bbox 1841 300 2197 365; x_wconf 78' lang='lat' dir='ltr'><strong>PROCOPII</strong></span> <span class='ocrx_word' id='word_1_3' title='bbox 2244 279 2487 365; x_wconf 65' lang='lat' dir='ltr'><strong>eum</strong></span> <span class='ocrx_word' id='word_1_4' title='bbox 3651 310 3775 381; x_wconf 65' lang='grc' dir='ltr'><strong>ροω</strong></span> 
     </span>
    </p>
   </div>
   <div class='ocr_carea' id='block_1_2' title="bbox 527 411 2127 492">
    <p class='ocr_par' dir='ltr' id='par_1_2' title="bbox 527 414 2125 492">
     <span class='ocr_line' id='line_1_2' title="bbox 527 414 2125 492; baseline -0.004 -16"><span class='ocrx_word' id='word_1_5' title='bbox 527 421 848 478; x_wconf 71' lang='lat' dir='ltr'><strong>actionibus</strong></span> <span class='ocrx_word' id='word_1_6' title='bbox 896 420 1235 492; x_wconf 86' lang='lat' dir='ltr'><strong>pascebant:</strong></span> <span class='ocrx_word' id='word_1_7' title='bbox 1284 417 1554 489; x_wconf 86' lang='lat' dir='ltr'><strong>quodiis,</strong></span> <span class='ocrx_word' id='word_1_8' title='bbox 1597 415 1689 486; x_wconf 85' lang='lat' dir='ltr'><strong>qui</strong></span> <span class='ocrx_word' id='word_1_9' title='bbox 1740 429 1882 469; x_wconf 91' lang='lat' dir='ltr'><strong>novo</strong></span> <span class='ocrx_word' id='word_1_10' title='bbox 1922 414 2125 469; x_wconf 65' lang='lat' dir='ltr'><strong>saecqu</strong></span> 
     </span>
    </p>
   </div>
   <div class='ocr_carea' id='block_1_3' title="bbox 2233 411 3779 492">
    <p class='ocr_par' dir='ltr' id='par_1_3' title="bbox 2233 411 3779 488">
     <span class='ocr_line' id='line_1_3' title="bbox 2233 411 3779 488; baseline 0.01 -21"><span class='ocrx_word' id='word_1_11' title='bbox 2233 416 2347 469; x_wconf 83' lang='grc' dir='ltr'>πῶν</span> <span class='ocrx_word' id='word_1_12' title='bbox 2394 414 2818 470; x_wconf 77' lang='grc' dir='ltr'>ἀπολαύσονται.</span> <span class='ocrx_word' id='word_1_13' title='bbox 2873 411 3047 470; x_wconf 70' lang='grc' dir='ltr'>Τοῦτο</span> <span class='ocrx_word' id='word_1_14' title='bbox 3076 416 3181 487; x_wconf 72' lang='grc' dir='ltr'><strong>γὰρ</strong></span> <span class='ocrx_word' id='word_1_15' title='bbox 3222 418 3373 473; x_wconf 80' lang='grc' dir='ltr'>κατὰ</span> <span class='ocrx_word' id='word_1_16' title='bbox 3429 418 3529 488; x_wconf 79' lang='grc' dir='ltr'>τῆς</span> <span class='ocrx_word' id='word_1_17' title='bbox 3582 423 3779 482; x_wconf 76' lang='grc' dir='ltr'>ἑαυτοῦ</span> 
     </span>
    </p>
   </div>
   <div class='ocr_carea' id='block_1_4' title="bbox 526 506 2127 587">
    <p class='ocr_par' dir='ltr' id='par_1_4' title="bbox 526 507 2115 585">
     <span class='ocr_line' id='line_1_4' title="bbox 526 507 2115 585; baseline -0.007 -15"><span class='ocrx_word' id='word_1_18' title='bbox 526 516 676 585; x_wconf 86' lang='lat' dir='ltr'><strong>digni</strong></span> <span class='ocrx_word' id='word_1_19' title='bbox 711 516 1096 577; x_wconf 85' lang='lat' dir='ltr'><strong>habebuntur,</strong></span> <span class='ocrx_word' id='word_1_20' title='bbox 1143 514 1370 567; x_wconf 91' lang='lat' dir='ltr'><strong>minime</strong></span> <span class='ocrx_word' id='word_1_21' title='bbox 1412 510 1657 565; x_wconf 83' lang='lat' dir='ltr'><strong>futurum</strong></span> <span class='ocrx_word' id='word_1_22' title='bbox 1703 514 1823 574; x_wconf 88' lang='lat' dir='ltr'><strong>est;</strong></span> <span class='ocrx_word' id='word_1_23' title='bbox 1872 507 1968 561; x_wconf 89' lang='lat' dir='ltr'><strong>sed</strong></span> <span class='ocrx_word' id='word_1_24' title='bbox 2004 507 2115 560; x_wconf 80' lang='lat' dir='ltr'><strong>vir-</strong></span> 
     </span>
    </p>
   </div>
   <div class='ocr_carea' id='block_1_5' title="bbox 2233 506 3784 587">
    <p class='ocr_par' dir='ltr' id='par_1_5' title="bbox 2233 506 3784 587">
     <span class='ocr_line' id='line_1_5' title="bbox 2233 506 3784 587; baseline 0.008 -27"><span class='ocrx_word' id='word_1_25' title='bbox 2233 506 2412 574; x_wconf 78' lang='grc' dir='ltr'>δόξης</span> <span class='ocrx_word' id='word_1_26' title='bbox 2456 507 2652 587; x_wconf 74' lang='grc' dir='ltr'>ὤμοσε</span> <span class='ocrx_word' id='word_1_27' title='bbox 2699 510 2932 578; x_wconf 80' lang='grc' dir='ltr'>Κύριος.</span> <span class='ocrx_word' id='word_1_28' title='bbox 2968 510 3042 563; x_wconf 85' lang='grc' dir='ltr'><strong>Οὐ</strong></span> <span class='ocrx_word' id='word_1_29' title='bbox 3079 510 3190 581; x_wconf 85' lang='grc' dir='ltr'>γὰρ</span> <span class='ocrx_word' id='word_1_30' title='bbox 3234 506 3352 581; x_wconf 77' lang='grc' dir='ltr'>εἶχε</span> <span class='ocrx_word' id='word_1_31' title='bbox 3394 513 3530 568; x_wconf 84' lang='grc' dir='ltr'>κατὰ</span> <span class='ocrx_word' id='word_1_32' title='bbox 3560 517 3784 587; x_wconf 79' lang='grc' dir='ltr'>μείζονος</span> 
     </span>
    </p>
   </div>
   <div class='ocr_carea' id='block_1_6' title="bbox 528 597 2464 678">
    <p class='ocr_par' dir='ltr' id='par_1_6' title="bbox 528 597 2464 678">
     <span class='ocr_line' id='line_1_6' title="bbox 528 597 2464 678; baseline -0.003 -17"><span class='ocrx_word' id='word_1_33' title='bbox 528 614 698 661; x_wconf 89' lang='lat' dir='ltr'><strong>tutem</strong></span> <span class='ocrx_word' id='word_1_34' title='bbox 743 606 955 678; x_wconf 88' lang='lat' dir='ltr'><strong>cperati</strong></span> <span class='ocrx_word' id='word_1_35' title='bbox 1007 604 1123 660; x_wconf 77' lang='lat' dir='ltr'><strong>suis</strong></span> <span class='ocrx_word' id='word_1_36' title='bbox 1162 603 1269 672; x_wconf 87' lang='lat' dir='ltr'><strong>ipsi</strong></span> <span class='ocrx_word' id='word_1_37' title='bbox 1303 602 1577 657; x_wconf 83' lang='lat' dir='ltr'><strong>fructibus</strong></span> <span class='ocrx_word' id='word_1_38' title='bbox 1623 602 1926 671; x_wconf 87' lang='lat' dir='ltr'><strong>potientur.</strong></span> <span class='ocrx_word' id='word_1_39' title='bbox 1974 597 2117 667; x_wconf 86' lang='lat' dir='ltr'><strong>Idip-</strong></span> <span class='ocrx_word' id='word_1_40' title='bbox 2227 601 2464 670; x_wconf 84' lang='grc' dir='ltr'>ὀμόσαι.</span> 
     </span>
    </p>
   </div>
   <div class='ocr_carea' id='block_1_7' title="bbox 528 689 3803 765">
    <p class='ocr_par' dir='ltr' id='par_1_7' title="bbox 528 689 3803 765">
     <span class='ocr_line' id='line_1_7' title="bbox 528 689 3803 765; baseline 0.001 -12"><span class='ocrx_word' id='word_1_41' title='bbox 528 713 649 754; x_wconf 87' lang='lat' dir='ltr'><strong>sum</strong></span> <span class='ocrx_word' id='word_1_42' title='bbox 680 697 825 751; x_wconf 90' lang='lat' dir='ltr'><strong>enim</strong></span> <span class='ocrx_word' id='word_1_43' title='bbox 851 706 956 762; x_wconf 91' lang='lat' dir='ltr'><strong>est,</strong></span> <span class='ocrx_word' id='word_1_44' title='bbox 990 693 1136 765; x_wconf 89' lang='lat' dir='ltr'><strong>quod</strong></span> <span class='ocrx_word' id='word_1_45' title='bbox 1163 692 1268 748; x_wconf 79' lang='lat' dir='ltr'><strong>Per</strong></span> <span class='ocrx_word' id='word_1_46' title='bbox 1290 693 1520 764; x_wconf 77' lang='lat' dir='ltr'><strong>gloriam</strong></span> <span class='ocrx_word' id='word_1_47' title='bbox 1547 709 1698 746; x_wconf 87' lang='lat' dir='ltr'><strong>suam</strong></span> <span class='ocrx_word' id='word_1_48' title='bbox 1717 690 1924 761; x_wconf 80' lang='lat' dir='ltr'><strong>juravit</strong></span> <span class='ocrx_word' id='word_1_49' title='bbox 1950 689 2116 762; x_wconf 63' lang='grc'><strong>714</strong></span> <span class='ocrx_word' id='word_1_50' title='bbox 2155 689 2452 747; x_wconf 75' lang='lat' dir='ltr'><strong>Dominus:</strong></span> <span class='ocrx_word' id='word_1_51' title='bbox 2477 708 2602 748; x_wconf 92' lang='lat' dir='ltr'><strong>cum</strong></span> <span class='ocrx_word' id='word_1_52' title='bbox 2632 693 2923 763; x_wconf 80' lang='lat' dir='ltr'><strong>majorem,</strong></span> <span class='ocrx_word' id='word_1_53' title='bbox 2949 709 3046 763; x_wconf 91' lang='lat' dir='ltr'><strong>per</strong></span> <span class='ocrx_word' id='word_1_54' title='bbox 3072 709 3233 764; x_wconf 82' lang='lat' dir='ltr'><strong>quem</strong></span> <span class='ocrx_word' id='word_1_55' title='bbox 3246 694 3474 764; x_wconf 85' lang='lat' dir='ltr'><strong>juraret,</strong></span> <span class='ocrx_word' id='word_1_56' title='bbox 3534 714 3639 754; x_wconf 88' lang='lat' dir='ltr'><strong>non</strong></span> <span class='ocrx_word' id='word_1_57' title='bbox 3699 700 3803 755; x_wconf 80' lang='lat' dir='ltr'><strong>ha-‘</strong></span> 
     </span>
    </p>
   </div>
   <div class='ocr_carea' id='block_1_8' title="bbox 527 794 770 852">
    <p class='ocr_par' dir='ltr' id='par_1_8' title="bbox 527 794 770 852">
     <span class='ocr_line' id='line_1_8' title="bbox 527 794 770 852; baseline -0.021 0"><span class='ocrx_word' id='word_1_58' title='bbox 527 797 684 852; x_wconf 88' lang='lat' dir='ltr'><strong>heret</strong></span> <span class='ocrx_word' id='word_1_59' title='bbox 703 794 770 847; x_wconf 66' lang='grc' dir='ltr'><strong>ι’.</strong></span> 
     </span>
    </p>
   </div>
   <div class='ocr_carea' id='block_1_9' title="bbox 524 885 2122 959">
    <p class='ocr_par' dir='ltr' id='par_1_9' title="bbox 524 885 2122 959">
     <span class='ocr_line' id='line_1_9' title="bbox 524 885 2122 959; baseline 0.002 -19"><span class='ocrx_word' id='word_1_60' title='bbox 524 953 543 959; x_wconf 80' lang='lat'>_</span> <span class='ocrx_word' id='word_1_61' title='bbox 596 885 754 953; x_wconf 84' lang='lat' dir='ltr'><strong>Quod</strong></span> <span class='ocrx_word' id='word_1_62' title='bbox 784 900 912 940; x_wconf 88' lang='lat' dir='ltr'><strong>vero</strong></span> <span class='ocrx_word' id='word_1_63' title='bbox 948 895 1276 941; x_wconf 80' lang='lat' dir='ltr'><strong>comesturos</strong></span> <span class='ocrx_word' id='word_1_64' title='bbox 1304 898 1353 941; x_wconf 87' lang='lat' dir='ltr'><strong>et</strong></span> <span class='ocrx_word' id='word_1_65' title='bbox 1381 886 1641 944; x_wconf 63' lang='lat' dir='ltr'><strong>bibitur-os</strong></span> <span class='ocrx_word' id='word_1_66' title='bbox 1682 891 1737 944; x_wconf 88' lang='lat' dir='ltr'><strong>in</strong></span> <span class='ocrx_word' id='word_1_67' title='bbox 1767 892 1922 946; x_wconf 82' lang='lat' dir='ltr'><strong>atriis</strong></span> <span class='ocrx_word' id='word_1_68' title='bbox 1992 907 2122 946; x_wconf 84' lang='lat' dir='ltr'><strong>san-</strong></span> 
     </span>
    </p>
   </div>
   <div class='ocr_carea' id='block_1_10' title="bbox 526 977 2128 1054">
    <p class='ocr_par' dir='ltr' id='par_1_10' title="bbox 526 977 2128 1054">
     <span class='ocr_line' id='line_1_10' title="bbox 526 977 2128 1054; baseline 0.002 -22"><span class='ocrx_word' id='word_1_69' title='bbox 526 980 625 1033; x_wconf 84' lang='lat' dir='ltr'><strong>ctis</strong></span> <span class='ocrx_word' id='word_1_70' title='bbox 656 978 766 1031; x_wconf 88' lang='lat' dir='ltr'><strong>suis</strong></span> <span class='ocrx_word' id='word_1_71' title='bbox 795 977 968 1044; x_wconf 78' lang='lat' dir='ltr'><strong>dixit;</strong></span> <span class='ocrx_word' id='word_1_72' title='bbox 988 978 1057 1032; x_wconf 89' lang='lat' dir='ltr'><strong>de</strong></span> <span class='ocrx_word' id='word_1_73' title='bbox 1077 978 1266 1033; x_wconf 91' lang='lat' dir='ltr'><strong>multis</strong></span> <span class='ocrx_word' id='word_1_74' title='bbox 1291 979 1400 1032; x_wconf 81' lang='lat' dir='ltr'><strong>illis</strong></span> <span class='ocrx_word' id='word_1_75' title='bbox 1426 981 1829 1046; x_wconf 84' lang='lat' dir='ltr'><strong>mansionibus,</strong></span> <span class='ocrx_word' id='word_1_76' title='bbox 1853 998 1976 1054; x_wconf 73' lang='lat' dir='ltr'><strong>qua:</strong></span> <span class='ocrx_word' id='word_1_77' title='bbox 1996 991 2128 1039; x_wconf 89' lang='lat' dir='ltr'><strong>sunt</strong></span> 
     </span>
    </p>
   </div>
   <div class='ocr_carea' id='block_1_11' title="bbox 528 1060 2122 1139">
    <p class='ocr_par' dir='ltr' id='par_1_11' title="bbox 528 1060 2122 1139">
     <span class='ocr_line' id='line_1_11' title="bbox 528 1060 2122 1139; baseline 0.004 -18"><span class='ocrx_word' id='word_1_78' title='bbox 528 1060 668 1137; x_wconf 71' lang='lat' dir='ltr'><strong>apud</strong></span> <span class='ocrx_word' id='word_1_79' title='bbox 712 1066 931 1123; x_wconf 85' lang='lat' dir='ltr'><strong>Patrem</strong></span> <span class='ocrx_word' id='word_1_80' title='bbox 958 1106 972 1131; x_wconf 90' lang='lat'><strong>,</strong></span> <span class='ocrx_word' id='word_1_81' title='bbox 1013 1068 1246 1139; x_wconf 85' lang='lat' dir='ltr'><strong>intelligi</strong></span> <span class='ocrx_word' id='word_1_82' title='bbox 1296 1080 1461 1138; x_wconf 86' lang='lat' dir='ltr'><strong>queat</strong></span> <span class='ocrx_word' id='word_1_83' title='bbox 1487 1071 1554 1124; x_wconf 73' lang='lat'><strong>&quot;‘.</strong></span> <span class='ocrx_word' id='word_1_84' title='bbox 1583 1072 1862 1127; x_wconf 78' lang='lat' dir='ltr'><strong>Atriorum</strong></span> <span class='ocrx_word' id='word_1_85' title='bbox 1903 1073 2122 1138; x_wconf 84' lang='lat' dir='ltr'><strong>deinde,</strong></span> 
     </span>
    </p>
   </div>
   <div class='ocr_carea' id='block_1_12' title="bbox 526 1161 2124 1231">
    <p class='ocr_par' dir='ltr' id='par_1_12' title="bbox 526 1161 2124 1231">
     <span class='ocr_line' id='line_1_12' title="bbox 526 1161 2124 1231; baseline 0.003 -16"><span class='ocrx_word' id='word_1_86' title='bbox 526 1161 642 1216; x_wconf 88' lang='lat' dir='ltr'><strong>sive</strong></span> <span class='ocrx_word' id='word_1_87' title='bbox 671 1177 943 1226; x_wconf 80' lang='lat' dir='ltr'><strong><em>arearum,</em></strong></span> <span class='ocrx_word' id='word_1_88' title='bbox 1012 1164 1312 1217; x_wconf 74' lang='lat' dir='ltr'><strong>ulcaeteris</strong></span> <span class='ocrx_word' id='word_1_89' title='bbox 1352 1164 1567 1231; x_wconf 75' lang='lat' dir='ltr'><strong>placet,</strong></span> <span class='ocrx_word' id='word_1_90' title='bbox 1630 1166 1771 1221; x_wconf 80' lang='lat' dir='ltr'><strong>facta</strong></span> <span class='ocrx_word' id='word_1_91' title='bbox 1824 1168 2124 1231; x_wconf 77' lang='lat' dir='ltr'><strong>mentione,</strong></span> 
     </span>
    </p>
   </div>
   <div class='ocr_carea' id='block_1_13' title="bbox 526 1254 2128 1330">
    <p class='ocr_par' dir='ltr' id='par_1_13' title="bbox 526 1254 2128 1330">
     <span class='ocr_line' id='line_1_13' title="bbox 526 1254 2128 1330; baseline 0.004 -21"><span class='ocrx_word' id='word_1_92' title='bbox 526 1254 724 1309; x_wconf 88' lang='lat' dir='ltr'><strong>ordine</strong></span> <span class='ocrx_word' id='word_1_93' title='bbox 747 1265 803 1309; x_wconf 91' lang='lat' dir='ltr'><strong>et</strong></span> <span class='ocrx_word' id='word_1_94' title='bbox 828 1255 1013 1324; x_wconf 88' lang='lat' dir='ltr'><strong>templi</strong></span> <span class='ocrx_word' id='word_1_95' title='bbox 1047 1255 1210 1309; x_wconf 82' lang='lat' dir='ltr'><strong>etiam</strong></span> <span class='ocrx_word' id='word_1_96' title='bbox 1235 1271 1343 1309; x_wconf 79' lang='lat' dir='ltr'><strong>nun</strong></span> <span class='ocrx_word' id='word_1_97' title='bbox 1375 1256 1583 1312; x_wconf 86' lang='lat' dir='ltr'><strong>oblitus</strong></span> <span class='ocrx_word' id='word_1_98' title='bbox 1615 1259 1851 1323; x_wconf 86' lang='lat' dir='ltr'><strong>videtur,</strong></span> <span class='ocrx_word' id='word_1_99' title='bbox 1882 1274 2005 1313; x_wconf 85' lang='lat' dir='ltr'><strong>cum</strong></span> <span class='ocrx_word' id='word_1_100' title='bbox 2031 1277 2128 1330; x_wconf 90' lang='lat' dir='ltr'><strong>per</strong></span> 
     </span>
    </p>
   </div>
   <div class='ocr_carea' id='block_1_14' title="bbox 524 1344 2124 1415">
    <p class='ocr_par' dir='ltr' id='par_1_14' title="bbox 524 1344 2124 1415">
     <span class='ocr_line' id='line_1_14' title="bbox 524 1344 2124 1415; baseline 0.003 -16"><span class='ocrx_word' id='word_1_101' title='bbox 524 1354 706 1415; x_wconf 88' lang='lat' dir='ltr'><strong>portas</strong></span> <span class='ocrx_word' id='word_1_102' title='bbox 741 1362 869 1399; x_wconf 85' lang='lat' dir='ltr'><strong>suas</strong></span> <span class='ocrx_word' id='word_1_103' title='bbox 917 1344 1073 1412; x_wconf 82' lang='lat' dir='ltr'><strong>jubet</strong></span> <span class='ocrx_word' id='word_1_104' title='bbox 1110 1345 1421 1412; x_wconf 82' lang='lat' dir='ltr'><strong>ambulare;</strong></span> <span class='ocrx_word' id='word_1_105' title='bbox 1475 1347 1549 1400; x_wconf 89' lang='lat' dir='ltr'><strong>ita</strong></span> <span class='ocrx_word' id='word_1_106' title='bbox 1597 1350 1881 1403; x_wconf 78' lang='lat' dir='ltr'><strong>caelestem</strong></span> <span class='ocrx_word' id='word_1_107' title='bbox 1932 1351 2124 1405; x_wconf 86' lang='lat' dir='ltr'><strong>civita-</strong></span> 
     </span>
    </p>
   </div>
   <div class='ocr_carea' id='block_1_15' title="bbox 525 1436 2127 1510">
    <p class='ocr_par' dir='ltr' id='par_1_15' title="bbox 525 1436 2127 1510">
     <span class='ocr_line' id='line_1_15' title="bbox 525 1436 2127 1510; baseline 0.006 -22"><span class='ocrx_word' id='word_1_108' title='bbox 525 1444 633 1490; x_wconf 90' lang='lat' dir='ltr'><strong>tem</strong></span> <span class='ocrx_word' id='word_1_109' title='bbox 680 1437 952 1502; x_wconf 80' lang='lat' dir='ltr'><strong>innuens;</strong></span> <span class='ocrx_word' id='word_1_110' title='bbox 990 1436 1150 1504; x_wconf 83' lang='lat' dir='ltr'><strong>cujus</strong></span> <span class='ocrx_word' id='word_1_111' title='bbox 1182 1453 1322 1491; x_wconf 76' lang='lat' dir='ltr'><strong>area:</strong></span> <span class='ocrx_word' id='word_1_112' title='bbox 1352 1446 1404 1492; x_wconf 90' lang='lat' dir='ltr'><strong>et</strong></span> <span class='ocrx_word' id='word_1_113' title='bbox 1440 1448 1608 1506; x_wconf 73' lang='lat' dir='ltr'><strong>porta:</strong></span> <span class='ocrx_word' id='word_1_114' title='bbox 1632 1455 1710 1495; x_wconf 71' lang='lat' dir='ltr'><strong>ea:</strong></span> <span class='ocrx_word' id='word_1_115' title='bbox 1750 1441 1883 1510; x_wconf 67' lang='lat' dir='ltr'><strong>ipsae</strong></span> <span class='ocrx_word' id='word_1_116' title='bbox 1920 1442 2127 1497; x_wconf 89' lang='lat' dir='ltr'><strong>intelli-</strong></span> 
     </span>
    </p>
   </div>
   <div class='ocr_carea' id='block_1_16' title="bbox 525 1524 2129 1600">
    <p class='ocr_par' dir='ltr' id='par_1_16' title="bbox 525 1524 2129 1600">
     <span class='ocr_line' id='line_1_16' title="bbox 525 1524 2129 1600; baseline 0.006 -26"><span class='ocrx_word' id='word_1_117' title='bbox 525 1530 761 1600; x_wconf 82' lang='lat' dir='ltr'><strong>guntur,</strong></span> <span class='ocrx_word' id='word_1_118' title='bbox 808 1538 930 1592; x_wconf 76' lang='lat' dir='ltr'><strong>quae</strong></span> <span class='ocrx_word' id='word_1_119' title='bbox 982 1531 1172 1592; x_wconf 84' lang='lat' dir='ltr'><strong>postea</strong></span> <span class='ocrx_word' id='word_1_120' title='bbox 1219 1524 1402 1593; x_wconf 68' lang='lat' dir='ltr'><strong>dignis</strong></span> <span class='ocrx_word' id='word_1_121' title='bbox 1457 1527 1820 1596; x_wconf 68' lang='lat' dir='ltr'><strong>aperientur:</strong></span> <span class='ocrx_word' id='word_1_122' title='bbox 1876 1530 1942 1584; x_wconf 90' lang='lat' dir='ltr'><strong>ad</strong></span> <span class='ocrx_word' id='word_1_123' title='bbox 1990 1545 2129 1600; x_wconf 86' lang='lat' dir='ltr'><strong>quas</strong></span> 
     </span>
    </p>
   </div>
   <div class='ocr_carea' id='block_1_17' title="bbox 525 1598 2131 1689">
    <p class='ocr_par' dir='ltr' id='par_1_17' title="bbox 525 1598 2131 1689">
     <span class='ocr_line' id='line_1_17' title="bbox 525 1598 2131 1689; baseline 0.006 -22"><span class='ocrx_word' id='word_1_124' title='bbox 525 1598 651 1668; x_wconf 79' lang='lat' dir='ltr'><strong>cum</strong></span> <span class='ocrx_word' id='word_1_125' title='bbox 681 1626 950 1669; x_wconf 88' lang='lat' dir='ltr'><strong>vocantur</strong></span> <span class='ocrx_word' id='word_1_126' title='bbox 974 1654 988 1679; x_wconf 95' lang='lat'><strong>,</strong></span> <span class='ocrx_word' id='word_1_127' title='bbox 1017 1624 1076 1671; x_wconf 89' lang='lat' dir='ltr'><strong>ut</strong></span> <span class='ocrx_word' id='word_1_128' title='bbox 1109 1615 1246 1669; x_wconf 87' lang='lat' dir='ltr'><strong>nihil</strong></span> <span class='ocrx_word' id='word_1_129' title='bbox 1287 1618 1634 1674; x_wconf 84' lang='lat' dir='ltr'><strong>introeuntes</strong></span> <span class='ocrx_word' id='word_1_130' title='bbox 1665 1629 1970 1677; x_wconf 82' lang='lat' dir='ltr'><strong>remoretur</strong></span> <span class='ocrx_word' id='word_1_131' title='bbox 1994 1623 2131 1689; x_wconf 79' lang='lat' dir='ltr'><strong>invi-</strong></span> 
     </span>
    </p>
   </div>
   <div class='ocr_carea' id='block_1_18' title="bbox 527 1705 2201 1800">
    <p class='ocr_par' dir='ltr' id='par_1_18' title="bbox 527 1705 2201 1800">
     <span class='ocr_line' id='line_1_18' title="bbox 527 1705 2201 1800; baseline 0.007 -43"><span class='ocrx_word' id='word_1_132' title='bbox 527 1705 635 1765; x_wconf 88' lang='lat' dir='ltr'><strong>dia,</strong></span> <span class='ocrx_word' id='word_1_133' title='bbox 665 1706 748 1760; x_wconf 91' lang='lat' dir='ltr'><strong>vel</strong></span> <span class='ocrx_word' id='word_1_134' title='bbox 774 1707 1080 1770; x_wconf 81' lang='lat' dir='ltr'><strong>excusatio,</strong></span> <span class='ocrx_word' id='word_1_135' title='bbox 1120 1706 1203 1761; x_wconf 92' lang='lat' dir='ltr'><strong>vel</strong></span> <span class='ocrx_word' id='word_1_136' title='bbox 1242 1707 1457 1761; x_wconf 60' lang='lat' dir='ltr'><strong>daemon</strong></span> <span class='ocrx_word' id='word_1_137' title='bbox 1482 1708 1629 1780; x_wconf 71' lang='lat' dir='ltr'><strong>(quae</strong></span> <span class='ocrx_word' id='word_1_138' title='bbox 1667 1712 1844 1766; x_wconf 91' lang='lat' dir='ltr'><strong>solent</strong></span> <span class='ocrx_word' id='word_1_139' title='bbox 1887 1727 1915 1765; x_wconf 89' lang='lat' dir='ltr'><strong>a</strong></span> <span class='ocrx_word' id='word_1_140' title='bbox 1957 1728 2127 1784; x_wconf 84' lang='lat' dir='ltr'><strong>regno</strong></span> <span class='ocrx_word' id='word_1_141' title='bbox 2158 1745 2201 1800; x_wconf 71' lang='grc' dir='ltr'><strong><em>Β</em></strong></span> 
     </span>
    </p>
   </div>
   <div class='ocr_carea' id='block_1_19' title="bbox 526 1797 2127 1872">
    <p class='ocr_par' dir='ltr' id='par_1_19' title="bbox 526 1797 2127 1872">
     <span class='ocr_line' id='line_1_19' title="bbox 526 1797 2127 1872; baseline 0.006 -24"><span class='ocrx_word' id='word_1_142' title='bbox 526 1798 798 1865; x_wconf 89' lang='lat' dir='ltr'><strong>avertere)</strong></span> <span class='ocrx_word' id='word_1_143' title='bbox 827 1798 1096 1865; x_wconf 85' lang='lat' dir='ltr'><strong>angelicis</strong></span> <span class='ocrx_word' id='word_1_144' title='bbox 1112 1797 1591 1863; x_wconf 81' lang='lat' dir='ltr'><strong>virtutibus,viam</strong></span> <span class='ocrx_word' id='word_1_145' title='bbox 1620 1802 1813 1871; x_wconf 87' lang='lat' dir='ltr'><strong>popqu</strong></span> <span class='ocrx_word' id='word_1_146' title='bbox 1837 1819 1932 1856; x_wconf 87' lang='lat' dir='ltr'><strong>suo</strong></span> <span class='ocrx_word' id='word_1_147' title='bbox 1954 1803 2127 1872; x_wconf 76' lang='lat' dir='ltr'><strong>facere</strong></span> 
     </span>
    </p>
   </div>
   <div class='ocr_carea' id='block_1_20' title="bbox 525 1885 2126 1960">
    <p class='ocr_par' dir='ltr' id='par_1_20' title="bbox 525 1885 2126 1960">
     <span class='ocr_line' id='line_1_20' title="bbox 525 1885 2126 1960; baseline 0.006 -21"><span class='ocrx_word' id='word_1_148' title='bbox 525 1886 801 1957; x_wconf 64' lang='lat' dir='ltr'><strong>praecipit.</strong></span> <span class='ocrx_word' id='word_1_149' title='bbox 837 1885 979 1941; x_wconf 88' lang='lat' dir='ltr'><strong>Sunt</strong></span> <span class='ocrx_word' id='word_1_150' title='bbox 1010 1895 1216 1952; x_wconf 87' lang='lat' dir='ltr'><strong>tamen,</strong></span> <span class='ocrx_word' id='word_1_151' title='bbox 1251 1887 1345 1957; x_wconf 90' lang='lat' dir='ltr'><strong>qui</strong></span> <span class='ocrx_word' id='word_1_152' title='bbox 1371 1889 1475 1943; x_wconf 90' lang='lat' dir='ltr'><strong>ista</strong></span> <span class='ocrx_word' id='word_1_153' title='bbox 1500 1890 1667 1944; x_wconf 90' lang='lat' dir='ltr'><strong>etiam</strong></span> <span class='ocrx_word' id='word_1_154' title='bbox 1705 1891 1772 1944; x_wconf 91' lang='lat' dir='ltr'><strong>ad</strong></span> <span class='ocrx_word' id='word_1_155' title='bbox 1802 1892 2126 1960; x_wconf 83' lang='lat' dir='ltr'><strong>Ecclesiam,</strong></span> 
     </span>
    </p>
   </div>
   <div class='ocr_carea' id='block_1_21' title="bbox 526 1976 2128 2053">
    <p class='ocr_par' dir='ltr' id='par_1_21' title="bbox 526 1976 2128 2053">
     <span class='ocr_line' id='line_1_21' title="bbox 526 1976 2128 2053; baseline 0.006 -24"><span class='ocrx_word' id='word_1_156' title='bbox 526 1991 649 2047; x_wconf 69' lang='lat' dir='ltr'><strong>quae</strong></span> <span class='ocrx_word' id='word_1_157' title='bbox 674 1977 732 2032; x_wconf 91' lang='lat' dir='ltr'><strong>in</strong></span> <span class='ocrx_word' id='word_1_158' title='bbox 772 1977 936 2034; x_wconf 90' lang='lat' dir='ltr'><strong>terris</strong></span> <span class='ocrx_word' id='word_1_159' title='bbox 973 1986 1059 2032; x_wconf 87' lang='lat' dir='ltr'><strong>est</strong></span> <span class='ocrx_word' id='word_1_160' title='bbox 1088 2017 1104 2044; x_wconf 90' lang='lat'><strong>,</strong></span> <span class='ocrx_word' id='word_1_161' title='bbox 1144 1976 1341 2032; x_wconf 80' lang='lat' dir='ltr'><strong>referri</strong></span> <span class='ocrx_word' id='word_1_162' title='bbox 1387 1986 1618 2048; x_wconf 89' lang='lat' dir='ltr'><strong>putent;</strong></span> <span class='ocrx_word' id='word_1_163' title='bbox 1657 1981 1994 2053; x_wconf 83' lang='lat' dir='ltr'><strong>lapidumque</strong></span> <span class='ocrx_word' id='word_1_164' title='bbox 2028 2001 2128 2039; x_wconf 88' lang='lat' dir='ltr'><strong>no-</strong></span> 
     </span>
    </p>
   </div>
   <div class='ocr_carea' id='block_1_22' title="bbox 526 2070 2127 2141">
    <p class='ocr_par' dir='ltr' id='par_1_22' title="bbox 526 2070 2127 2141">
     <span class='ocr_line' id='line_1_22' title="bbox 526 2070 2127 2141; baseline 0.006 -19"><span class='ocrx_word' id='word_1_165' title='bbox 526 2071 677 2125; x_wconf 84' lang='lat' dir='ltr'><strong>mine</strong></span> <span class='ocrx_word' id='word_1_166' title='bbox 708 2070 970 2126; x_wconf 83' lang='lat' dir='ltr'><strong>scandala</strong></span> <span class='ocrx_word' id='word_1_167' title='bbox 991 2070 1292 2141; x_wconf 84' lang='lat' dir='ltr'><strong>signiﬁcari</strong></span> <span class='ocrx_word' id='word_1_168' title='bbox 1317 2087 1331 2126; x_wconf 89' lang='lat'><strong>:</strong></span> <span class='ocrx_word' id='word_1_169' title='bbox 1360 2072 1584 2141; x_wconf 67' lang='lat' dir='ltr'><strong>praecipi</strong></span> <span class='ocrx_word' id='word_1_170' title='bbox 1616 2080 1798 2128; x_wconf 88' lang='lat' dir='ltr'><strong>autem</strong></span> <span class='ocrx_word' id='word_1_171' title='bbox 1820 2077 2127 2131; x_wconf 76' lang='lat' dir='ltr'><strong>custodibus</strong></span> 
     </span>
    </p>
   </div>
   <div class='ocr_carea' id='block_1_23' title="bbox 440 2161 2127 2237">
    <p class='ocr_par' dir='ltr' id='par_1_23' title="bbox 440 2161 2127 2237">
     <span class='ocr_line' id='line_1_23' title="bbox 440 2161 2127 2237; baseline 0.002 -18"><span class='ocrx_word' id='word_1_172' title='bbox 440 2214 443 2219; x_wconf 94' lang='lat'><strong>.</strong></span> <span class='ocrx_word' id='word_1_173' title='bbox 530 2162 706 2232; x_wconf 88' lang='lat' dir='ltr'><strong>ipsius</strong></span> <span class='ocrx_word' id='word_1_174' title='bbox 733 2170 789 2216; x_wconf 90' lang='lat' dir='ltr'><strong>et</strong></span> <span class='ocrx_word' id='word_1_175' title='bbox 832 2161 1292 2232; x_wconf 77' lang='lat' dir='ltr'><strong>magistratibus,</strong></span> <span class='ocrx_word' id='word_1_176' title='bbox 1342 2171 1403 2215; x_wconf 92' lang='lat' dir='ltr'><strong>ut</strong></span> <span class='ocrx_word' id='word_1_177' title='bbox 1446 2162 1585 2216; x_wconf 83' lang='lat' dir='ltr'><strong>uiam</strong></span> <span class='ocrx_word' id='word_1_178' title='bbox 1620 2162 1837 2233; x_wconf 85' lang='lat' dir='ltr'><strong>planam</strong></span> <span class='ocrx_word' id='word_1_179' title='bbox 1883 2175 1937 2221; x_wconf 86' lang='lat' dir='ltr'><strong>et</strong></span> <span class='ocrx_word' id='word_1_180' title='bbox 1961 2183 2127 2237; x_wconf 79' lang='lat' dir='ltr'><strong>expe-</strong></span> 
     </span>
    </p>
   </div>
   <div class='ocr_carea' id='block_1_24' title="bbox 526 2253 2126 2329">
    <p class='ocr_par' dir='ltr' id='par_1_24' title="bbox 526 2253 2126 2329">
     <span class='ocr_line' id='line_1_24' title="bbox 526 2253 2126 2329; baseline 0.003 -20"><span class='ocrx_word' id='word_1_181' title='bbox 526 2255 696 2310; x_wconf 89' lang='lat' dir='ltr'><strong>dilam</strong></span> <span class='ocrx_word' id='word_1_182' title='bbox 725 2255 1000 2324; x_wconf 68' lang='lat' dir='ltr'><strong>praebeant</strong></span> <span class='ocrx_word' id='word_1_183' title='bbox 1021 2253 1440 2329; x_wconf 84' lang='lat' dir='ltr'><strong>accedentibus.</strong></span> <span class='ocrx_word' id='word_1_184' title='bbox 1489 2254 1591 2321; x_wconf 85' lang='lat' dir='ltr'><strong>Qui</strong></span> <span class='ocrx_word' id='word_1_185' title='bbox 1610 2256 1753 2311; x_wconf 92' lang='lat' dir='ltr'><strong>enim</strong></span> <span class='ocrx_word' id='word_1_186' title='bbox 1775 2256 1998 2313; x_wconf 68' lang='lat' dir='ltr'><strong>Judmus</strong></span> <span class='ocrx_word' id='word_1_187' title='bbox 2021 2270 2126 2328; x_wconf 75' lang='lat' dir='ltr'><strong>est,</strong></span> 
     </span>
    </p>
   </div>
   <div class='ocr_carea' id='block_1_25' title="bbox 540 2340 2123 2416">
    <p class='ocr_par' dir='ltr' id='par_1_25' title="bbox 540 2340 2123 2416">
     <span class='ocr_line' id='line_1_25' title="bbox 540 2340 2123 2416; baseline 0.003 -16"><span class='ocrx_word' id='word_1_188' title='bbox 540 2346 595 2400; x_wconf 91' lang='lat' dir='ltr'><strong>in</strong></span> <span class='ocrx_word' id='word_1_189' title='bbox 670 2345 859 2416; x_wconf 78' lang='lat' dir='ltr'><strong>ﬁguris</strong></span> <span class='ocrx_word' id='word_1_190' title='bbox 936 2345 1104 2400; x_wconf 66' lang='lat' dir='ltr'><strong>hatret</strong></span> <span class='ocrx_word' id='word_1_191' title='bbox 1176 2340 1473 2415; x_wconf 51' lang='lat' dir='ltr'><strong>legalibus;</strong></span> <span class='ocrx_word' id='word_1_192' title='bbox 1540 2345 1642 2415; x_wconf 85' lang='lat' dir='ltr'><strong>Qui</strong></span> <span class='ocrx_word' id='word_1_193' title='bbox 1708 2358 1888 2402; x_wconf 90' lang='lat' dir='ltr'><strong>autem</strong></span> <span class='ocrx_word' id='word_1_194' title='bbox 1957 2348 2123 2404; x_wconf 70' lang='lat' dir='ltr'><strong>Grae-</strong></span> 
     </span>
    </p>
   </div>
   <div class='ocr_carea' id='block_1_26' title="bbox 528 2437 2129 2509">
    <p class='ocr_par' dir='ltr' id='par_1_26' title="bbox 528 2437 2129 2509">
     <span class='ocr_line' id='line_1_26' title="bbox 528 2437 2129 2509; baseline 0.002 -17"><span class='ocrx_word' id='word_1_195' title='bbox 528 2453 650 2502; x_wconf 85' lang='lat' dir='ltr'><strong>cus,</strong></span> <span class='ocrx_word' id='word_1_196' title='bbox 721 2437 778 2493; x_wconf 92' lang='lat' dir='ltr'><strong>in</strong></span> <span class='ocrx_word' id='word_1_197' title='bbox 839 2437 1102 2493; x_wconf 77' lang='lat' dir='ltr'><strong>doctrina:</strong></span> <span class='ocrx_word' id='word_1_198' title='bbox 1138 2438 1437 2492; x_wconf 85' lang='lat' dir='ltr'><strong>novitatem</strong></span> <span class='ocrx_word' id='word_1_199' title='bbox 1495 2438 1769 2509; x_wconf 77' lang='lat' dir='ltr'><strong>impingit.</strong></span> <span class='ocrx_word' id='word_1_200' title='bbox 1814 2440 1868 2494; x_wconf 91' lang='lat' dir='ltr'><strong>In</strong></span> <span class='ocrx_word' id='word_1_201' title='bbox 1920 2456 2129 2495; x_wconf 81' lang='lat' dir='ltr'><strong>memo-</strong></span> 
     </span>
    </p>
   </div>
   <div class='ocr_carea' id='block_1_27' title="bbox 529 2528 2126 2604">
    <p class='ocr_par' dir='ltr' id='par_1_27' title="bbox 529 2528 2126 2604">
     <span class='ocr_line' id='line_1_27' title="bbox 529 2528 2126 2604; baseline 0.003 -21"><span class='ocrx_word' id='word_1_202' title='bbox 529 2529 670 2584; x_wconf 87' lang='lat' dir='ltr'><strong>riam</strong></span> <span class='ocrx_word' id='word_1_203' title='bbox 730 2528 930 2585; x_wconf 88' lang='lat' dir='ltr'><strong>deinde</strong></span> <span class='ocrx_word' id='word_1_204' title='bbox 973 2542 1166 2585; x_wconf 86' lang='lat' dir='ltr'><strong>eorum</strong></span> <span class='ocrx_word' id='word_1_205' title='bbox 1233 2531 1437 2602; x_wconf 88' lang='lat' dir='ltr'><strong>scripta</strong></span> <span class='ocrx_word' id='word_1_206' title='bbox 1498 2543 1720 2587; x_wconf 81' lang='lat' dir='ltr'><strong>revocat</strong></span> <span class='ocrx_word' id='word_1_207' title='bbox 1756 2576 1770 2599; x_wconf 89' lang='lat'><strong>,</strong></span> <span class='ocrx_word' id='word_1_208' title='bbox 1835 2534 1929 2603; x_wconf 88' lang='lat' dir='ltr'><strong>qui</strong></span> <span class='ocrx_word' id='word_1_209' title='bbox 1986 2534 2126 2604; x_wconf 87' lang='lat' dir='ltr'><strong>apud</strong></span> 
     </span>
    </p>
   </div>
   <div class='ocr_carea' id='block_1_28' title="bbox 530 2621 2126 2696">
    <p class='ocr_par' dir='ltr' id='par_1_28' title="bbox 530 2621 2126 2696">
     <span class='ocr_line' id='line_1_28' title="bbox 530 2621 2126 2696; baseline 0.004 -20"><span class='ocrx_word' id='word_1_210' title='bbox 530 2636 664 2677; x_wconf 86' lang='lat' dir='ltr'><strong>suos</strong></span> <span class='ocrx_word' id='word_1_211' title='bbox 691 2621 881 2678; x_wconf 79' lang='lat' dir='ltr'><strong>eximii</strong></span> <span class='ocrx_word' id='word_1_212' title='bbox 930 2622 1227 2679; x_wconf 90' lang='lat' dir='ltr'><strong>habentur.</strong></span> <span class='ocrx_word' id='word_1_213' title='bbox 1284 2626 1491 2680; x_wconf 82' lang='lat' dir='ltr'><strong>Contra</strong></span> <span class='ocrx_word' id='word_1_214' title='bbox 1541 2635 1761 2689; x_wconf 88' lang='lat' dir='ltr'><strong>autem,</strong></span> <span class='ocrx_word' id='word_1_215' title='bbox 1809 2628 1901 2696; x_wconf 92' lang='lat' dir='ltr'><strong>qui</strong></span> <span class='ocrx_word' id='word_1_216' title='bbox 1949 2628 2126 2683; x_wconf 84' lang='lat' dir='ltr'><strong>sacris</strong></span> 
     </span>
    </p>
   </div>
   <div class='ocr_carea' id='block_1_29' title="bbox 539 2712 2127 2789">
    <p class='ocr_par' dir='ltr' id='par_1_29' title="bbox 539 2712 2127 2789">
     <span class='ocr_line' id='line_1_29' title="bbox 539 2712 2127 2789; baseline 0.003 -22"><span class='ocrx_word' id='word_1_217' title='bbox 539 2712 804 2777; x_wconf 90' lang='lat' dir='ltr'><strong>initiant,</strong></span> <span class='ocrx_word' id='word_1_218' title='bbox 839 2712 1297 2769; x_wconf 78' lang='lat' dir='ltr'><strong>oﬁ&#39;endiculorum</strong></span> <span class='ocrx_word' id='word_1_219' title='bbox 1340 2715 1569 2770; x_wconf 87' lang='lat' dir='ltr'><strong>remotis</strong></span> <span class='ocrx_word' id='word_1_220' title='bbox 1598 2716 2009 2779; x_wconf 84' lang='lat' dir='ltr'><strong>occasionibus,</strong></span> <span class='ocrx_word' id='word_1_221' title='bbox 2045 2717 2127 2789; x_wconf 86' lang='lat' dir='ltr'><strong>ip-</strong></span> 
     </span>
    </p>
   </div>
   <div class='ocr_carea' id='block_1_30' title="bbox 535 2802 2129 2877">
    <p class='ocr_par' dir='ltr' id='par_1_30' title="bbox 535 2802 2129 2877">
     <span class='ocr_line' id='line_1_30' title="bbox 535 2802 2129 2877; baseline 0.003 -18"><span class='ocrx_word' id='word_1_222' title='bbox 535 2817 633 2859; x_wconf 55' lang='lat' dir='ltr'><strong>sos</strong></span> <span class='ocrx_word' id='word_1_223' title='bbox 657 2802 830 2856; x_wconf 89' lang='lat' dir='ltr'><strong>animi</strong></span> <span class='ocrx_word' id='word_1_224' title='bbox 855 2816 1081 2868; x_wconf 81' lang='lat' dir='ltr'><strong>sensus,</strong></span> <span class='ocrx_word' id='word_1_225' title='bbox 1122 2804 1325 2859; x_wconf 81' lang='lat' dir='ltr'><strong>refecta</strong></span> <span class='ocrx_word' id='word_1_226' title='bbox 1379 2804 1555 2874; x_wconf 86' lang='lat' dir='ltr'><strong>ipsius</strong></span> <span class='ocrx_word' id='word_1_227' title='bbox 1589 2806 1642 2860; x_wconf 92' lang='lat' dir='ltr'><strong>in</strong></span> <span class='ocrx_word' id='word_1_228' title='bbox 1684 2805 1851 2861; x_wconf 83' lang='lat' dir='ltr'><strong>Deum</strong></span> <span class='ocrx_word' id='word_1_229' title='bbox 1886 2808 2129 2877; x_wconf 83' lang='lat' dir='ltr'><strong>qualibet</strong></span> 
     </span>
    </p>
   </div>
   <div class='ocr_carea' id='block_1_31' title="bbox 541 2893 2130 2967">
    <p class='ocr_par' dir='ltr' id='par_1_31' title="bbox 541 2893 2130 2967">
     <span class='ocr_line' id='line_1_31' title="bbox 541 2893 2130 2967; baseline 0.004 -20"><span class='ocrx_word' id='word_1_230' title='bbox 541 2893 804 2960; x_wconf 88' lang='lat' dir='ltr'><strong>elatione,</strong></span> <span class='ocrx_word' id='word_1_231' title='bbox 839 2903 1170 2964; x_wconf 80' lang='lat' dir='ltr'><strong>expurgant.</strong></span> <span class='ocrx_word' id='word_1_232' title='bbox 1201 2895 1384 2965; x_wconf 79' lang='lat' dir='ltr'><strong>Atque</strong></span> <span class='ocrx_word' id='word_1_233' title='bbox 1417 2896 1546 2951; x_wconf 88' lang='lat' dir='ltr'><strong>inde</strong></span> <span class='ocrx_word' id='word_1_234' title='bbox 1566 2906 1653 2952; x_wconf 87' lang='lat' dir='ltr'><strong>est</strong></span> <span class='ocrx_word' id='word_1_235' title='bbox 1674 2938 1688 2963; x_wconf 91' lang='lat'><strong>,</strong></span> <span class='ocrx_word' id='word_1_236' title='bbox 1715 2899 1861 2967; x_wconf 86' lang='lat' dir='ltr'><strong>quod</strong></span> <span class='ocrx_word' id='word_1_237' title='bbox 1888 2900 2130 2954; x_wconf 86' lang='lat' dir='ltr'><strong>circum-</strong></span> 
     </span>
    </p>
   </div>
   <div class='ocr_carea' id='block_1_32' title="bbox 531 2984 2130 3059">
    <p class='ocr_par' dir='ltr' id='par_1_32' title="bbox 531 2984 2130 3059">
     <span class='ocr_line' id='line_1_32' title="bbox 531 2984 2130 3059; baseline 0.005 -19"><span class='ocrx_word' id='word_1_238' title='bbox 531 2985 683 3041; x_wconf 91' lang='lat' dir='ltr'><strong>cisos</strong></span> <span class='ocrx_word' id='word_1_239' title='bbox 747 2984 955 3043; x_wconf 85' lang='lat' dir='ltr'><strong>Paulus</strong></span> <span class='ocrx_word' id='word_1_240' title='bbox 1021 2986 1342 3059; x_wconf 88' lang='lat' dir='ltr'><strong>alloquens,</strong></span> <span class='ocrx_word' id='word_1_241' title='bbox 1391 2989 1528 3043; x_wconf 90' lang='lat' dir='ltr'><strong>nihil</strong></span> <span class='ocrx_word' id='word_1_242' title='bbox 1580 3006 1706 3046; x_wconf 89' lang='lat' dir='ltr'><strong>esse</strong></span> <span class='ocrx_word' id='word_1_243' title='bbox 1744 2992 2130 3048; x_wconf 84' lang='lat' dir='ltr'><strong>circumcisio-</strong></span> 
     </span>
    </p>
   </div>
   <div class='ocr_carea' id='block_1_33' title="bbox 2298 878 3796 953">
    <p class='ocr_par' dir='ltr' id='par_1_33' title="bbox 2298 878 3796 953">
     <span class='ocr_line' id='line_1_33' title="bbox 2298 878 3796 953; baseline -0.001 -16"><span class='ocrx_word' id='word_1_244' title='bbox 2298 882 2594 953; x_wconf 76' lang='grc' dir='ltr'>Φάγονται</span> <span class='ocrx_word' id='word_1_245' title='bbox 2616 879 2672 933; x_wconf 80' lang='grc' dir='ltr'>δὲ</span> <span class='ocrx_word' id='word_1_246' title='bbox 2699 879 2794 934; x_wconf 74' lang='grc' dir='ltr'>καὶ</span> <span class='ocrx_word' id='word_1_247' title='bbox 2822 880 3059 934; x_wconf 81' lang='grc' dir='ltr'>πίονται</span> <span class='ocrx_word' id='word_1_248' title='bbox 3097 879 3167 932; x_wconf 80' lang='grc' dir='ltr'><strong>ἐν</strong></span> <span class='ocrx_word' id='word_1_249' title='bbox 3206 878 3337 944; x_wconf 83' lang='grc' dir='ltr'>ταῖς</span> <span class='ocrx_word' id='word_1_250' title='bbox 3366 879 3651 935; x_wconf 73' lang='grc' dir='ltr'>ὲπαύλεσι</span> <span class='ocrx_word' id='word_1_251' title='bbox 3677 882 3796 948; x_wconf 83' lang='grc' dir='ltr'>ταῖς</span> 
     </span>
    </p>
   </div>
   <div class='ocr_carea' id='block_1_34' title="bbox 2227 967 3796 1046">
    <p class='ocr_par' dir='ltr' id='par_1_34' title="bbox 2227 967 3796 1046">
     <span class='ocr_line' id='line_1_34' title="bbox 2227 967 3796 1046; baseline -0.001 -17"><span class='ocrx_word' id='word_1_252' title='bbox 2227 977 2420 1045; x_wconf 79' lang='grc' dir='ltr'><strong>ἁγίαις</strong></span> <span class='ocrx_word' id='word_1_253' title='bbox 2447 992 2591 1045; x_wconf 85' lang='grc' dir='ltr'>μου,</span> <span class='ocrx_word' id='word_1_254' title='bbox 2622 974 2685 1027; x_wconf 83' lang='grc' dir='ltr'><strong>αἴ</strong></span> <span class='ocrx_word' id='word_1_255' title='bbox 2726 990 2873 1035; x_wconf 82' lang='grc' dir='ltr'>τινες</span> <span class='ocrx_word' id='word_1_256' title='bbox 2905 967 3017 1025; x_wconf 76' lang='grc' dir='ltr'>εἶεν</span> <span class='ocrx_word' id='word_1_257' title='bbox 3057 973 3114 1025; x_wconf 81' lang='grc' dir='ltr'>αἱ</span> <span class='ocrx_word' id='word_1_258' title='bbox 3148 972 3344 1026; x_wconf 76' lang='grc' dir='ltr'>πολλαὶ</span> <span class='ocrx_word' id='word_1_259' title='bbox 3375 973 3530 1044; x_wconf 85' lang='grc' dir='ltr'>μόναι</span> <span class='ocrx_word' id='word_1_260' title='bbox 3552 976 3698 1044; x_wconf 72' lang='grc' dir='ltr'>παρὰ</span> <span class='ocrx_word' id='word_1_261' title='bbox 3725 976 3796 1046; x_wconf 83' lang='grc' dir='ltr'><strong>τῷ</strong></span> 
     </span>
    </p>
   </div>
   <div class='ocr_carea' id='block_1_35' title="bbox 2227 1063 3798 1139">
    <p class='ocr_par' dir='ltr' id='par_1_35' title="bbox 2227 1063 3798 1139">
     <span class='ocr_line' id='line_1_35' title="bbox 2227 1063 3798 1139; baseline -0.001 -18"><span class='ocrx_word' id='word_1_262' title='bbox 2227 1067 2458 1139; x_wconf 84' lang='grc' dir='ltr'>Πατέρι.</span> <span class='ocrx_word' id='word_1_263' title='bbox 2508 1066 2853 1122; x_wconf 71' lang='grc' dir='ltr'>Ἐπαύλεων</span> <span class='ocrx_word' id='word_1_264' title='bbox 2901 1063 2957 1117; x_wconf 75' lang='grc' dir='ltr'>δὲ</span> <span class='ocrx_word' id='word_1_265' title='bbox 3003 1065 3288 1133; x_wconf 70' lang='grc' dir='ltr'>μνησθεὶς,</span> <span class='ocrx_word' id='word_1_266' title='bbox 3326 1063 3359 1135; x_wconf 75' lang='grc' dir='ltr'><strong>ἢ</strong></span> <span class='ocrx_word' id='word_1_267' title='bbox 3399 1063 3623 1130; x_wconf 74' lang='grc' dir='ltr'><strong>αὐλῶν,</strong></span> <span class='ocrx_word' id='word_1_268' title='bbox 3668 1068 3798 1121; x_wconf 69' lang='grc' dir='ltr'>κατὰ</span> 
     </span>
    </p>
   </div>
   <div class='ocr_carea' id='block_1_36' title="bbox 2226 1155 3792 1227">
    <p class='ocr_par' dir='ltr' id='par_1_36' title="bbox 2226 1155 3792 1227">
     <span class='ocr_line' id='line_1_36' title="bbox 2226 1155 3792 1227; baseline 0.001 -15"><span class='ocrx_word' id='word_1_269' title='bbox 2226 1160 2351 1222; x_wconf 79' lang='grc' dir='ltr'>τοὺς</span> <span class='ocrx_word' id='word_1_270' title='bbox 2385 1158 2628 1221; x_wconf 81' lang='grc' dir='ltr'>λοιποὺς,</span> <span class='ocrx_word' id='word_1_271' title='bbox 2656 1155 2970 1220; x_wconf 76' lang='grc' dir='ltr'><strong>ἀκολούθως</strong></span> <span class='ocrx_word' id='word_1_272' title='bbox 3000 1157 3095 1211; x_wconf 71' lang='grc' dir='ltr'>καὶ</span> <span class='ocrx_word' id='word_1_273' title='bbox 3124 1155 3223 1209; x_wconf 83' lang='grc' dir='ltr'>τοῦ</span> <span class='ocrx_word' id='word_1_274' title='bbox 3275 1156 3422 1225; x_wconf 80' lang='grc' dir='ltr'>ἱεροῦ</span> <span class='ocrx_word' id='word_1_275' title='bbox 3462 1159 3792 1227; x_wconf 72' lang='grc' dir='ltr'>μνημονεύει,</span> 
     </span>
    </p>
   </div>
   <div class='ocr_carea' id='block_1_37' title="bbox 2228 1247 3799 1319">
    <p class='ocr_par' dir='ltr' id='par_1_37' title="bbox 2228 1247 3799 1319">
     <span class='ocr_line' id='line_1_37' title="bbox 2228 1247 3799 1319; baseline -0.001 -12"><span class='ocrx_word' id='word_1_276' title='bbox 2228 1254 2591 1319; x_wconf 77' lang='grc' dir='ltr'><strong>Πορεύεσθε,</strong></span> <span class='ocrx_word' id='word_1_277' title='bbox 2634 1250 2834 1319; x_wconf 80' lang='grc' dir='ltr'>λέγων,</span> <span class='ocrx_word' id='word_1_278' title='bbox 2865 1249 2953 1303; x_wconf 75' lang='grc' dir='ltr'><strong>διὰ</strong></span> <span class='ocrx_word' id='word_1_279' title='bbox 2982 1249 3090 1303; x_wconf 82' lang='grc' dir='ltr'><strong>τῶν</strong></span> <span class='ocrx_word' id='word_1_280' title='bbox 3122 1247 3338 1303; x_wconf 74' lang='grc' dir='ltr'>πυλῶν</span> <span class='ocrx_word' id='word_1_281' title='bbox 3364 1267 3501 1318; x_wconf 83' lang='grc' dir='ltr'>μου,</span> <span class='ocrx_word' id='word_1_282' title='bbox 3529 1250 3625 1318; x_wconf 76' lang='grc' dir='ltr'>τὴν</span> <span class='ocrx_word' id='word_1_283' title='bbox 3655 1252 3799 1305; x_wconf 76' lang='grc' dir='ltr'>ἐπου-</span> 
     </span>
    </p>
   </div>
   <div class='ocr_carea' id='block_1_38' title="bbox 2231 1338 3796 1414">
    <p class='ocr_par' dir='ltr' id='par_1_38' title="bbox 2231 1338 3796 1414">
     <span class='ocr_line' id='line_1_38' title="bbox 2231 1338 3796 1414; baseline -0.001 -18"><span class='ocrx_word' id='word_1_284' title='bbox 2231 1343 2414 1414; x_wconf 88' lang='grc' dir='ltr'>ράνιον</span> <span class='ocrx_word' id='word_1_285' title='bbox 2443 1342 2598 1395; x_wconf 85' lang='grc' dir='ltr'>πόλιν</span> <span class='ocrx_word' id='word_1_286' title='bbox 2625 1341 2823 1410; x_wconf 81' lang='grc' dir='ltr'>δηλῶν,</span> <span class='ocrx_word' id='word_1_287' title='bbox 2872 1338 3069 1405; x_wconf 74' lang='grc' dir='ltr'>αὐλάς</span> <span class='ocrx_word' id='word_1_288' title='bbox 3111 1357 3171 1393; x_wconf 87' lang='grc' dir='ltr'><strong>τε</strong></span> <span class='ocrx_word' id='word_1_289' title='bbox 3216 1339 3422 1408; x_wconf 74' lang='grc' dir='ltr'>ταύτης</span> <span class='ocrx_word' id='word_1_290' title='bbox 3459 1339 3560 1393; x_wconf 73' lang='grc' dir='ltr'>καὶ</span> <span class='ocrx_word' id='word_1_291' title='bbox 3593 1343 3796 1407; x_wconf 67' lang='grc' dir='ltr'>πύλας,</span> 
     </span>
    </p>
   </div>
   <div class='ocr_carea' id='block_1_39' title="bbox 2228 1431 3798 1503">
    <p class='ocr_par' dir='ltr' id='par_1_39' title="bbox 2228 1431 3798 1503">
     <span class='ocr_line' id='line_1_39' title="bbox 2228 1431 3798 1503; baseline -0.001 -15"><span class='ocrx_word' id='word_1_292' title='bbox 2228 1434 2286 1488; x_wconf 82' lang='grc' dir='ltr'>αἳ</span> <span class='ocrx_word' id='word_1_293' title='bbox 2320 1432 2463 1487; x_wconf 79' lang='grc' dir='ltr'>κατὰ</span> <span class='ocrx_word' id='word_1_294' title='bbox 2506 1433 2569 1486; x_wconf 78' lang='grc' dir='ltr'>τὸ</span> <span class='ocrx_word' id='word_1_295' title='bbox 2618 1432 2810 1503; x_wconf 81' lang='grc' dir='ltr'>μέλλον</span> <span class='ocrx_word' id='word_1_296' title='bbox 2850 1434 2963 1495; x_wconf 81' lang='grc' dir='ltr'>τοῖς</span> <span class='ocrx_word' id='word_1_297' title='bbox 3003 1431 3173 1496; x_wconf 76' lang='grc' dir='ltr'>ἀξίοις</span> <span class='ocrx_word' id='word_1_298' title='bbox 3220 1433 3702 1497; x_wconf 83' lang='grc' dir='ltr'>ἀναπετάννυνται,</span> <span class='ocrx_word' id='word_1_299' title='bbox 3730 1436 3798 1497; x_wconf 75' lang='grc' dir='ltr'><strong>εἰς</strong></span> 
     </span>
    </p>
   </div>
   <div class='ocr_carea' id='block_1_40' title="bbox 2229 1520 3799 1594">
    <p class='ocr_par' dir='ltr' id='par_1_40' title="bbox 2229 1520 3799 1594">
     <span class='ocr_line' id='line_1_40' title="bbox 2229 1520 3799 1594; baseline 0.001 -18"><span class='ocrx_word' id='word_1_300' title='bbox 2229 1523 2296 1586; x_wconf 80' lang='grc' dir='ltr'>ἃς</span> <span class='ocrx_word' id='word_1_301' title='bbox 2326 1524 2701 1594; x_wconf 79' lang='grc' dir='ltr'><strong>καλουμένων,</strong></span> <span class='ocrx_word' id='word_1_302' title='bbox 2736 1522 2812 1586; x_wconf 84' lang='grc' dir='ltr'><strong>ὡς</strong></span> <span class='ocrx_word' id='word_1_303' title='bbox 2839 1521 2905 1575; x_wconf 86' lang='grc' dir='ltr'>ἂν</span> <span class='ocrx_word' id='word_1_304' title='bbox 2943 1523 3112 1594; x_wconf 82' lang='grc' dir='ltr'>μηδὲν</span> <span class='ocrx_word' id='word_1_305' title='bbox 3136 1520 3368 1576; x_wconf 77' lang='grc' dir='ltr'>εἰσιοῦσι</span> <span class='ocrx_word' id='word_1_306' title='bbox 3417 1523 3799 1593; x_wconf 83' lang='grc' dir='ltr'>παρεμποδίζοι</span> 
     </span>
    </p>
   </div>
   <div class='ocr_carea' id='block_1_41' title="bbox 2234 1611 3800 1683">
    <p class='ocr_par' dir='ltr' id='par_1_41' title="bbox 2234 1611 3800 1683">
     <span class='ocr_line' id='line_1_41' title="bbox 2234 1611 3800 1683; baseline 0.003 -21"><span class='ocrx_word' id='word_1_307' title='bbox 2234 1611 2453 1679; x_wconf 72' lang='grc' dir='ltr'>φθόνος,</span> <span class='ocrx_word' id='word_1_308' title='bbox 2491 1611 2523 1681; x_wconf 82' lang='grc' dir='ltr'><strong>ἧ</strong></span> <span class='ocrx_word' id='word_1_309' title='bbox 2582 1611 2944 1682; x_wconf 64' lang='grc' dir='ltr'>πρόφασις,ῆ</span> <span class='ocrx_word' id='word_1_310' title='bbox 2993 1613 3227 1682; x_wconf 86' lang='grc' dir='ltr'>δαίμων,</span> <span class='ocrx_word' id='word_1_311' title='bbox 3271 1612 3504 1683; x_wconf 83' lang='grc' dir='ltr'><strong>κώλυμα</strong></span> <span class='ocrx_word' id='word_1_312' title='bbox 3532 1613 3633 1683; x_wconf 78' lang='grc' dir='ltr'>τῆς</span> <span class='ocrx_word' id='word_1_313' title='bbox 3664 1612 3800 1683; x_wconf 81' lang='grc' dir='ltr'>βασι·</span> 
     </span>
    </p>
   </div>
   <div class='ocr_carea' id='block_1_42' title="bbox 2232 1701 3796 1775">
    <p class='ocr_par' dir='ltr' id='par_1_42' title="bbox 2232 1701 3796 1775">
     <span class='ocr_line' id='line_1_42' title="bbox 2232 1701 3796 1775; baseline 0.004 -21"><span class='ocrx_word' id='word_1_314' title='bbox 2232 1702 2383 1767; x_wconf 82' lang='grc' dir='ltr'>λείας</span> <span class='ocrx_word' id='word_1_315' title='bbox 2406 1702 2706 1773; x_wconf 82' lang='grc' dir='ltr'><strong>γινόμενοι,</strong></span> <span class='ocrx_word' id='word_1_316' title='bbox 2755 1703 3212 1771; x_wconf 20' lang='grc' dir='ltr'>Ὀδοποιλήσατε,</span> <span class='ocrx_word' id='word_1_317' title='bbox 3230 1704 3388 1775; x_wconf 75' lang='grc' dir='ltr'>φησὶ,</span> <span class='ocrx_word' id='word_1_318' title='bbox 3419 1701 3500 1770; x_wconf 83' lang='grc' dir='ltr'>τῷ</span> <span class='ocrx_word' id='word_1_319' title='bbox 3531 1704 3656 1770; x_wconf 72' lang='grc' dir='ltr'><strong>,ιαῷ</strong></span> <span class='ocrx_word' id='word_1_320' title='bbox 3675 1722 3796 1775; x_wconf 86' lang='grc' dir='ltr'>μου,</span> 
     </span>
    </p>
   </div>
   <div class='ocr_carea' id='block_1_43' title="bbox 2229 1796 3799 1868">
    <p class='ocr_par' dir='ltr' id='par_1_43' title="bbox 2229 1796 3799 1868">
     <span class='ocr_line' id='line_1_43' title="bbox 2229 1796 3799 1868; baseline 0.003 -19"><span class='ocrx_word' id='word_1_321' title='bbox 2229 1798 2349 1859; x_wconf 78' lang='grc' dir='ltr'>ταῖς</span> <span class='ocrx_word' id='word_1_322' title='bbox 2373 1797 2694 1864; x_wconf 84' lang='grc' dir='ltr'>ἀγγελικαῖς</span> <span class='ocrx_word' id='word_1_323' title='bbox 2727 1796 2902 1865; x_wconf 76' lang='grc' dir='ltr'>λὲγων</span> <span class='ocrx_word' id='word_1_324' title='bbox 2936 1798 3223 1868; x_wconf 79' lang='grc' dir='ltr'>δυνάμεσι.</span> <span class='ocrx_word' id='word_1_325' title='bbox 3251 1798 3410 1861; x_wconf 83' lang='grc' dir='ltr'>Τινὲς</span> <span class='ocrx_word' id='word_1_326' title='bbox 3437 1799 3494 1851; x_wconf 83' lang='grc' dir='ltr'>δὲ</span> <span class='ocrx_word' id='word_1_327' title='bbox 3524 1798 3692 1852; x_wconf 79' lang='grc' dir='ltr'>ταῦτα</span> <span class='ocrx_word' id='word_1_328' title='bbox 3717 1802 3799 1854; x_wconf 75' lang='grc' dir='ltr'>καὶ</span> 
     </span>
    </p>
   </div>
   <div class='ocr_carea' id='block_1_44' title="bbox 2231 1886 3800 1957">
    <p class='ocr_par' dir='ltr' id='par_1_44' title="bbox 2231 1886 3800 1957">
     <span class='ocr_line' id='line_1_44' title="bbox 2231 1886 3800 1957; baseline 0.004 -20"><span class='ocrx_word' id='word_1_329' title='bbox 2231 1886 2360 1956; x_wconf 78' lang='grc' dir='ltr'>περὶ</span> <span class='ocrx_word' id='word_1_330' title='bbox 2404 1886 2504 1954; x_wconf 85' lang='grc' dir='ltr'>τῆς</span> <span class='ocrx_word' id='word_1_331' title='bbox 2538 1886 2685 1939; x_wconf 82' lang='grc' dir='ltr'>κατὰ</span> <span class='ocrx_word' id='word_1_332' title='bbox 2730 1886 2835 1955; x_wconf 80' lang='grc' dir='ltr'>γῆν</span> <span class='ocrx_word' id='word_1_333' title='bbox 2878 1887 3208 1957; x_wconf 85' lang='grc' dir='ltr'>Ἐκκλησίας</span> <span class='ocrx_word' id='word_1_334' title='bbox 3257 1889 3416 1956; x_wconf 76' lang='grc' dir='ltr'>φασὶ,</span> <span class='ocrx_word' id='word_1_335' title='bbox 3470 1890 3565 1941; x_wconf 85' lang='grc' dir='ltr'>καὶ</span> <span class='ocrx_word' id='word_1_336' title='bbox 3609 1889 3800 1957; x_wconf 76' lang='grc' dir='ltr'>λίθους</span> 
     </span>
    </p>
   </div>
   <div class='ocr_carea' id='block_1_45' title="bbox 2230 1975 3800 2051">
    <p class='ocr_par' dir='ltr' id='par_1_45' title="bbox 2230 1975 3800 2051">
     <span class='ocr_line' id='line_1_45' title="bbox 2230 1975 3800 2051; baseline 0.003 -20"><span class='ocrx_word' id='word_1_337' title='bbox 2230 1975 2373 2033; x_wconf 77' lang='grc' dir='ltr'>εἶναι</span> <span class='ocrx_word' id='word_1_338' title='bbox 2407 1979 2475 2032; x_wconf 79' lang='grc' dir='ltr'><strong>τὰ</strong></span> <span class='ocrx_word' id='word_1_339' title='bbox 2496 1978 2788 2033; x_wconf 84' lang='grc' dir='ltr'><strong>σκάνδαλα.</strong></span> <span class='ocrx_word' id='word_1_340' title='bbox 2822 1979 3093 2046; x_wconf 78' lang='grc' dir='ltr'>Λέγεσθαι</span> <span class='ocrx_word' id='word_1_341' title='bbox 3129 1979 3186 2033; x_wconf 72' lang='grc' dir='ltr'>δὲ</span> <span class='ocrx_word' id='word_1_342' title='bbox 3216 1979 3427 2051; x_wconf 82' lang='grc' dir='ltr'><strong>ταύτης</strong></span> <span class='ocrx_word' id='word_1_343' title='bbox 3456 1982 3568 2043; x_wconf 74' lang='grc' dir='ltr'>τοῖς</span> <span class='ocrx_word' id='word_1_344' title='bbox 3594 1981 3800 2049; x_wconf 64' lang='grc' dir='ltr'>φύλαξί</span> 
     </span>
    </p>
   </div>
   <div class='ocr_carea' id='block_1_46' title="bbox 2229 2067 3800 2139">
    <p class='ocr_par' dir='ltr' id='par_1_46' title="bbox 2229 2067 3800 2139">
     <span class='ocr_line' id='line_1_46' title="bbox 2229 2067 3800 2139; baseline -0.001 -17"><span class='ocrx_word' id='word_1_345' title='bbox 2229 2086 2288 2122; x_wconf 86' lang='grc' dir='ltr'><strong>τε</strong></span> <span class='ocrx_word' id='word_1_346' title='bbox 2329 2072 2423 2123; x_wconf 73' lang='grc' dir='ltr'>καὶ</span> <span class='ocrx_word' id='word_1_347' title='bbox 2455 2068 2796 2132; x_wconf 79' lang='grc' dir='ltr'><strong>διδασκάλοις</strong></span> <span class='ocrx_word' id='word_1_348' title='bbox 2831 2068 3586 2139; x_wconf 78' lang='grc' dir='ltr'>ἁπρόσκοπονὶ-ιδιδόναιτοῖς</span> <span class='ocrx_word' id='word_1_349' title='bbox 3615 2067 3800 2121; x_wconf 80' lang='grc' dir='ltr'>εἰσιοῦ-</span> 
     </span>
    </p>
   </div>
   <div class='ocr_carea' id='block_1_47' title="bbox 2233 2160 3801 2233">
    <p class='ocr_par' dir='ltr' id='par_1_47' title="bbox 2233 2160 3801 2233">
     <span class='ocr_line' id='line_1_47' title="bbox 2233 2160 3801 2233; baseline -0.001 -18"><span class='ocrx_word' id='word_1_350' title='bbox 2233 2179 2317 2215; x_wconf 83' lang='grc' dir='ltr'><strong>σιν</strong></span> <span class='ocrx_word' id='word_1_351' title='bbox 2347 2162 2511 2217; x_wconf 81' lang='grc' dir='ltr'>ὀδόν.</span> <span class='ocrx_word' id='word_1_352' title='bbox 2558 2162 2618 2217; x_wconf 88' lang='grc' dir='ltr'><em>Ὃ</em></span> <span class='ocrx_word' id='word_1_353' title='bbox 2662 2162 2761 2233; x_wconf 76' lang='grc' dir='ltr'>μὲν</span> <span class='ocrx_word' id='word_1_354' title='bbox 2794 2161 2904 2233; x_wconf 80' lang='grc' dir='ltr'><strong>γὰρ</strong></span> <span class='ocrx_word' id='word_1_355' title='bbox 2948 2163 3008 2229; x_wconf 69' lang='grc' dir='ltr'><strong>ἐξ</strong></span> <span class='ocrx_word' id='word_1_356' title='bbox 3053 2161 3345 2225; x_wconf 82' lang='grc' dir='ltr'>Ἰουδαίων,</span> <span class='ocrx_word' id='word_1_357' title='bbox 3387 2161 3576 2223; x_wconf 81' lang='grc' dir='ltr'>τύποις</span> <span class='ocrx_word' id='word_1_358' title='bbox 3602 2160 3801 2230; x_wconf 67' lang='grc' dir='ltr'>ἐμφιλο-</span> 
     </span>
    </p>
   </div>
   <div class='ocr_carea' id='block_1_48' title="bbox 2230 2240 3799 2333">
    <p class='ocr_par' dir='ltr' id='par_1_48' title="bbox 2230 2240 3799 2333">
     <span class='ocr_line' id='line_1_48' title="bbox 2230 2240 3799 2333; baseline 0 -27"><span class='ocrx_word' id='word_1_359' title='bbox 2230 2240 2399 2325; x_wconf 86' lang='grc' dir='ltr'>χωρεῖ</span> <span class='ocrx_word' id='word_1_360' title='bbox 2423 2258 2689 2333; x_wconf 74' lang='grc' dir='ltr'>νομικοῖς,</span> <span class='ocrx_word' id='word_1_361' title='bbox 2719 2257 2747 2308; x_wconf 80' lang='grc' dir='ltr'>ὁ</span> <span class='ocrx_word' id='word_1_362' title='bbox 2787 2255 2845 2308; x_wconf 75' lang='grc' dir='ltr'>δὲ</span> <span class='ocrx_word' id='word_1_363' title='bbox 2883 2253 2942 2320; x_wconf 73' lang='grc' dir='ltr'><strong>ἐξ</strong></span> <span class='ocrx_word' id='word_1_364' title='bbox 2980 2253 3274 2326; x_wconf 77' lang='grc' dir='ltr'>Ἑλλήνων,</span> <span class='ocrx_word' id='word_1_365' title='bbox 3306 2252 3385 2325; x_wconf 74' lang='grc' dir='ltr'>τῷ</span> <span class='ocrx_word' id='word_1_366' title='bbox 3420 2254 3522 2323; x_wconf 85' lang='grc' dir='ltr'>τῆς</span> <span class='ocrx_word' id='word_1_367' title='bbox 3564 2253 3799 2307; x_wconf 84' lang='grc' dir='ltr'>διδασκα-</span> 
     </span>
    </p>
   </div>
   <div class='ocr_carea' id='block_1_49' title="bbox 2230 2343 3798 2419">
    <p class='ocr_par' dir='ltr' id='par_1_49' title="bbox 2230 2343 3798 2419">
     <span class='ocr_line' id='line_1_49' title="bbox 2230 2343 3798 2419; baseline -0.001 -19"><span class='ocrx_word' id='word_1_368' title='bbox 2230 2347 2350 2410; x_wconf 77' lang='grc' dir='ltr'>λίας</span> <span class='ocrx_word' id='word_1_369' title='bbox 2379 2347 2515 2419; x_wconf 75' lang='grc' dir='ltr'>ξένῳ</span> <span class='ocrx_word' id='word_1_370' title='bbox 2541 2346 2872 2419; x_wconf 85' lang='grc' dir='ltr'>προσπταίει</span> <span class='ocrx_word' id='word_1_371' title='bbox 2902 2362 2920 2380; x_wconf 77' lang='grc' dir='ltr'><strong>ο</strong></span> <span class='ocrx_word' id='word_1_372' title='bbox 2959 2347 3239 2418; x_wconf 84' lang='grc' dir='ltr'>μέμνηται</span> <span class='ocrx_word' id='word_1_373' title='bbox 3269 2345 3326 2399; x_wconf 80' lang='grc' dir='ltr'>δὲ</span> <span class='ocrx_word' id='word_1_374' title='bbox 3373 2346 3470 2398; x_wconf 80' lang='grc' dir='ltr'>καὶ</span> <span class='ocrx_word' id='word_1_375' title='bbox 3503 2344 3693 2413; x_wconf 84' lang='grc' dir='ltr'>λόγων,</span> <span class='ocrx_word' id='word_1_376' title='bbox 3718 2343 3798 2408; x_wconf 81' lang='grc' dir='ltr'>οὓς</span> 
     </span>
    </p>
   </div>
   <div class='ocr_carea' id='block_1_50' title="bbox 2231 2436 3799 2512">
    <p class='ocr_par' dir='ltr' id='par_1_50' title="bbox 2231 2436 3799 2512">
     <span class='ocr_line' id='line_1_50' title="bbox 2231 2436 3799 2512; baseline -0.003 -19"><span class='ocrx_word' id='word_1_377' title='bbox 2231 2441 2281 2494; x_wconf 80' lang='grc' dir='ltr'>οἱ</span> <span class='ocrx_word' id='word_1_378' title='bbox 2309 2440 2439 2512; x_wconf 84' lang='grc' dir='ltr'>παρ’</span> <span class='ocrx_word' id='word_1_379' title='bbox 2472 2441 2657 2503; x_wconf 82' lang='grc' dir='ltr'>αὐτοῖς</span> <span class='ocrx_word' id='word_1_380' title='bbox 2685 2439 2913 2506; x_wconf 69' lang='grc' dir='ltr'>κογάδες</span> <span class='ocrx_word' id='word_1_381' title='bbox 2953 2439 3325 2510; x_wconf 65' lang='grc' dir='ltr'>γεγράφασιν.</span> <span class='ocrx_word' id='word_1_382' title='bbox 3377 2436 3523 2491; x_wconf 79' lang='grc' dir='ltr'>Ἀλλ’</span> <span class='ocrx_word' id='word_1_383' title='bbox 3569 2438 3618 2491; x_wconf 76' lang='grc' dir='ltr'>οἱ</span> <span class='ocrx_word' id='word_1_384' title='bbox 3654 2450 3799 2508; x_wconf 63' lang='grc' dir='ltr'>μυστ-</span> 
     </span>
    </p>
   </div>
   <div class='ocr_carea' id='block_1_51' title="bbox 2231 2530 3796 2603">
    <p class='ocr_par' dir='ltr' id='par_1_51' title="bbox 2231 2530 3796 2603">
     <span class='ocr_line' id='line_1_51' title="bbox 2231 2530 3796 2603; baseline -0.003 -16"><span class='ocrx_word' id='word_1_385' title='bbox 2231 2534 2441 2602; x_wconf 74' lang='grc' dir='ltr'>αγωγοὶ</span> <span class='ocrx_word' id='word_1_386' title='bbox 2462 2535 2562 2597; x_wconf 84' lang='grc' dir='ltr'>τὰς</span> <span class='ocrx_word' id='word_1_387' title='bbox 2594 2532 2703 2586; x_wconf 84' lang='grc' dir='ltr'><strong>τῶν</strong></span> <span class='ocrx_word' id='word_1_388' title='bbox 2750 2532 3062 2587; x_wconf 81' lang='grc' dir='ltr'>σκανδάλων</span> <span class='ocrx_word' id='word_1_389' title='bbox 3082 2532 3512 2603; x_wconf 80' lang='grc' dir='ltr'>περικόπτουσιν</span> <span class='ocrx_word' id='word_1_390' title='bbox 3542 2530 3796 2601; x_wconf 72' lang='grc' dir='ltr'>ἀφορμὰς,</span> 
     </span>
    </p>
   </div>
   <div class='ocr_carea' id='block_1_52' title="bbox 2230 2621 3800 2696">
    <p class='ocr_par' dir='ltr' id='par_1_52' title="bbox 2230 2621 3800 2696">
     <span class='ocr_line' id='line_1_52' title="bbox 2230 2621 3800 2696; baseline -0.003 -17"><span class='ocrx_word' id='word_1_391' title='bbox 2230 2626 2529 2696; x_wconf 76' lang='grc' dir='ltr'>λογισμοὺς</span> <span class='ocrx_word' id='word_1_392' title='bbox 2563 2624 2978 2696; x_wconf 72' lang='grc' dir='ltr'>καθαιροῦντες,</span> <span class='ocrx_word' id='word_1_393' title='bbox 3021 2624 3118 2677; x_wconf 75' lang='grc' dir='ltr'>καὶ</span> <span class='ocrx_word' id='word_1_394' title='bbox 3153 2624 3261 2677; x_wconf 81' lang='grc' dir='ltr'><strong>πᾶν</strong></span> <span class='ocrx_word' id='word_1_395' title='bbox 3287 2622 3494 2693; x_wconf 74' lang='grc' dir='ltr'>ὕψωμα</span> <span class='ocrx_word' id='word_1_396' title='bbox 3524 2621 3800 2693; x_wconf 73' lang='grc' dir='ltr'>ἐπαιρόμε-</span> 
     </span>
    </p>
   </div>
   <div class='ocr_carea' id='block_1_53' title="bbox 2230 2711 3800 2786">
    <p class='ocr_par' dir='ltr' id='par_1_53' title="bbox 2230 2711 3800 2786">
     <span class='ocr_line' id='line_1_53' title="bbox 2230 2711 3800 2786; baseline -0.004 -14"><span class='ocrx_word' id='word_1_397' title='bbox 2230 2734 2323 2772; x_wconf 85' lang='grc' dir='ltr'><strong>νον</strong></span> <span class='ocrx_word' id='word_1_398' title='bbox 2368 2718 2514 2772; x_wconf 79' lang='grc' dir='ltr'>κατὰ</span> <span class='ocrx_word' id='word_1_399' title='bbox 2566 2718 2669 2786; x_wconf 79' lang='grc' dir='ltr'>τῆς</span> <span class='ocrx_word' id='word_1_400' title='bbox 2698 2715 2959 2786; x_wconf 83' lang='grc' dir='ltr'>γνώσεως</span> <span class='ocrx_word' id='word_1_401' title='bbox 3009 2714 3106 2768; x_wconf 80' lang='grc' dir='ltr'><strong>τοῦ</strong></span> <span class='ocrx_word' id='word_1_402' title='bbox 3154 2715 3314 2772; x_wconf 80' lang='grc' dir='ltr'>Θεοῦ.</span> <span class='ocrx_word' id='word_1_403' title='bbox 3347 2713 3517 2768; x_wconf 80' lang='grc' dir='ltr'>Ὅθεν</span> <span class='ocrx_word' id='word_1_404' title='bbox 3560 2717 3588 2769; x_wconf 89' lang='grc' dir='ltr'>ὁ</span> <span class='ocrx_word' id='word_1_405' title='bbox 3613 2711 3800 2779; x_wconf 81' lang='grc' dir='ltr'>Παῦλος</span> 
     </span>
    </p>
   </div>
   <div class='ocr_carea' id='block_1_54' title="bbox 2229 2806 3802 2882">
    <p class='ocr_par' dir='ltr' id='par_1_54' title="bbox 2229 2806 3802 2882">
     <span class='ocr_line' id='line_1_54' title="bbox 2229 2806 3802 2882; baseline -0.001 -19"><span class='ocrx_word' id='word_1_406' title='bbox 2229 2813 2344 2874; x_wconf 84' lang='grc' dir='ltr'>τοῖς</span> <span class='ocrx_word' id='word_1_407' title='bbox 2381 2809 2479 2881; x_wconf 84' lang='grc' dir='ltr'>μὲν</span> <span class='ocrx_word' id='word_1_408' title='bbox 2523 2808 2588 2863; x_wconf 75' lang='grc' dir='ltr'>ἐκ</span> <span class='ocrx_word' id='word_1_409' title='bbox 2627 2811 2934 2880; x_wconf 81' lang='grc' dir='ltr'>περιτομῆς</span> <span class='ocrx_word' id='word_1_410' title='bbox 2982 2825 3188 2879; x_wconf 78' lang='grc' dir='ltr'>φησιν·</span> <span class='ocrx_word' id='word_1_411' title='bbox 3237 2806 3305 2862; x_wconf 86' lang='grc' dir='ltr'><strong><em>Ἥ</em></strong></span> <span class='ocrx_word' id='word_1_412' title='bbox 3349 2809 3625 2882; x_wconf 72' lang='grc' dir='ltr'>περιτομὴ</span> <span class='ocrx_word' id='word_1_413' title='bbox 3666 2806 3802 2862; x_wconf 73' lang='grc' dir='ltr'>οὐδέν</span> 
     </span>
    </p>
   </div>
   <div class='ocr_carea' id='block_1_55' title="bbox 2230 2898 3800 2974">
    <p class='ocr_par' dir='ltr' id='par_1_55' title="bbox 2230 2898 3800 2974">
     <span class='ocr_line' id='line_1_55' title="bbox 2230 2898 3800 2974; baseline -0.003 -19"><span class='ocrx_word' id='word_1_414' title='bbox 2230 2902 2368 2969; x_wconf 75' lang='grc' dir='ltr'>ἐστι,</span> <span class='ocrx_word' id='word_1_415' title='bbox 2405 2902 2503 2956; x_wconf 72' lang='grc' dir='ltr'><strong>καὶ</strong></span> <span class='ocrx_word' id='word_1_416' title='bbox 2557 2903 2591 2972; x_wconf 83' lang='grc' dir='ltr'><strong>ἡ</strong></span> <span class='ocrx_word' id='word_1_417' title='bbox 2622 2901 2966 2974; x_wconf 76' lang='grc' dir='ltr'>ἀκροϐυστία</span> <span class='ocrx_word' id='word_1_418' title='bbox 3003 2900 3158 2955; x_wconf 76' lang='grc' dir='ltr'>οὐδέν</span> <span class='ocrx_word' id='word_1_419' title='bbox 3207 2902 3378 2963; x_wconf 73' lang='grc' dir='ltr'>ἐστιν,</span> <span class='ocrx_word' id='word_1_420' title='bbox 3420 2900 3560 2954; x_wconf 78' lang='grc' dir='ltr'>ἀλλὰ</span> <span class='ocrx_word' id='word_1_421' title='bbox 3593 2898 3800 2971; x_wconf 79' lang='grc' dir='ltr'>τήρησις</span> 
     </span>
    </p>
   </div>
   <div class='ocr_carea' id='block_1_56' title="bbox 2232 2984 3799 3063">
    <p class='ocr_par' dir='ltr' id='par_1_56' title="bbox 2232 2984 3799 3063">
     <span class='ocr_line' id='line_1_56' title="bbox 2232 2984 3799 3063; baseline -0.003 -17"><span class='ocrx_word' id='word_1_422' title='bbox 2232 2984 2468 3046; x_wconf 74' lang='grc' dir='ltr'>ἐντολῶν</span> <span class='ocrx_word' id='word_1_423' title='bbox 2515 2992 2674 3045; x_wconf 80' lang='grc' dir='ltr'>Θεοῦ.</span> <span class='ocrx_word' id='word_1_424' title='bbox 2714 2992 2825 3045; x_wconf 73' lang='grc' dir='ltr'><strong>Καὶ</strong></span> <span class='ocrx_word' id='word_1_425' title='bbox 2860 2991 3023 3047; x_wconf 78' lang='grc' dir='ltr'>πάλιν</span> <span class='ocrx_word' id='word_1_426' title='bbox 3051 3008 3066 3023; x_wconf 74' lang='grc'><strong>⁸</strong></span> <span class='ocrx_word' id='word_1_427' title='bbox 3112 2992 3176 3045; x_wconf 79' lang='grc' dir='ltr'><strong>Εἰ</strong></span> <span class='ocrx_word' id='word_1_428' title='bbox 3224 2991 3642 3063; x_wconf 82' lang='grc' dir='ltr'>περιτέμνεσθε,</span> <span class='ocrx_word' id='word_1_429' title='bbox 3683 2991 3799 3062; x_wconf 80' lang='grc' dir='ltr'>Χρι-</span> 
     </span>
    </p>
   </div>
   <div class='ocr_carea' id='block_1_57' title="bbox 532 3077 2127 3156">
    <p class='ocr_par' dir='ltr' id='par_1_57' title="bbox 532 3077 2119 3149">
     <span class='ocr_line' id='line_1_57' title="bbox 532 3077 2119 3149; baseline 0.006 -17"><span class='ocrx_word' id='word_1_430' title='bbox 532 3092 680 3140; x_wconf 86' lang='lat' dir='ltr'><strong>nem.</strong></span> <span class='ocrx_word' id='word_1_431' title='bbox 711 3077 848 3132; x_wconf 87' lang='lat' dir='ltr'><strong>nihil</strong></span> <span class='ocrx_word' id='word_1_432' title='bbox 882 3078 1235 3149; x_wconf 62' lang='lat' dir='ltr'><strong>praeputium,</strong></span> <span class='ocrx_word' id='word_1_433' title='bbox 1260 3082 1355 3135; x_wconf 87' lang='lat' dir='ltr'><strong>sed</strong></span> <span class='ocrx_word' id='word_1_434' title='bbox 1390 3081 1772 3140; x_wconf 87' lang='lat' dir='ltr'><strong>mandatorum</strong></span> <span class='ocrx_word' id='word_1_435' title='bbox 1807 3083 1899 3138; x_wconf 85' lang='lat' dir='ltr'><strong>Dei</strong></span> <span class='ocrx_word' id='word_1_436' title='bbox 1934 3087 2119 3141; x_wconf 80' lang='lat' dir='ltr'><strong>obser—</strong></span> 
     </span>
    </p>
   </div>
   <div class='ocr_carea' id='block_1_58' title="bbox 2233 3077 3799 3156">
    <p class='ocr_par' dir='ltr' id='par_1_58' title="bbox 2233 3081 3799 3156">
     <span class='ocr_line' id='line_1_58' title="bbox 2233 3081 3799 3156; baseline -0.003 -18"><span class='ocrx_word' id='word_1_437' title='bbox 2233 3085 2352 3148; x_wconf 74' lang='grc' dir='ltr'>στος</span> <span class='ocrx_word' id='word_1_438' title='bbox 2397 3085 2545 3156; x_wconf 78' lang='grc' dir='ltr'>ὑμᾶς</span> <span class='ocrx_word' id='word_1_439' title='bbox 2592 3082 2749 3136; x_wconf 82' lang='grc' dir='ltr'>οὐδὲν</span> <span class='ocrx_word' id='word_1_440' title='bbox 2808 3083 3103 3153; x_wconf 70' lang='grc' dir='ltr'>ὠφελήσει.</span> <span class='ocrx_word' id='word_1_441' title='bbox 3168 3084 3294 3148; x_wconf 73' lang='grc' dir='ltr'>Τοῖς</span> <span class='ocrx_word' id='word_1_442' title='bbox 3347 3082 3410 3136; x_wconf 81' lang='grc' dir='ltr'>δὲ</span> <span class='ocrx_word' id='word_1_443' title='bbox 3455 3081 3515 3150; x_wconf 79' lang='grc' dir='ltr'>ἐξ</span> <span class='ocrx_word' id='word_1_444' title='bbox 3560 3081 3799 3152; x_wconf 83' lang='grc' dir='ltr'>Ἑλλήνων</span> 
     </span>
    </p>
   </div>
   <div class='ocr_carea' id='block_1_59' title="bbox 532 3168 2118 3241">
    <p class='ocr_par' dir='ltr' id='par_1_59' title="bbox 532 3168 2118 3241">
     <span class='ocr_line' id='line_1_59' title="bbox 532 3168 2118 3241; baseline 0.007 -21"><span class='ocrx_word' id='word_1_445' title='bbox 532 3169 806 3223; x_wconf 84' lang='lat' dir='ltr'><strong>vationem</strong></span> <span class='ocrx_word' id='word_1_446' title='bbox 838 3169 1117 3238; x_wconf 81' lang='lat' dir='ltr'><strong>signiﬁcat</strong></span> <span class='ocrx_word' id='word_1_447' title='bbox 1137 3170 1205 3223; x_wconf 73' lang='lat'><strong>&quot;.</strong></span> <span class='ocrx_word' id='word_1_448' title='bbox 1248 3168 1314 3224; x_wconf 89' lang='lat' dir='ltr'><strong>Et</strong></span> <span class='ocrx_word' id='word_1_449' title='bbox 1344 3172 1510 3235; x_wconf 89' lang='lat' dir='ltr'><strong>alibi,</strong></span> <span class='ocrx_word' id='word_1_450' title='bbox 1562 3189 1687 3227; x_wconf 92' lang='lat' dir='ltr'><strong>eum</strong></span> <span class='ocrx_word' id='word_1_451' title='bbox 1724 3175 1858 3230; x_wconf 89' lang='lat' dir='ltr'><strong>nihil</strong></span> <span class='ocrx_word' id='word_1_452' title='bbox 1886 3174 2118 3241; x_wconf 78' lang='lat' dir='ltr'><strong>Calatis,</strong></span> 
     </span>
    </p>
   </div>
   <div class='ocr_carea' id='block_1_60' title="bbox 531 3258 2124 3334">
    <p class='ocr_par' dir='ltr' id='par_1_60' title="bbox 531 3258 2124 3334">
     <span class='ocr_line' id='line_1_60' title="bbox 531 3258 2124 3334; baseline 0.008 -23"><span class='ocrx_word' id='word_1_453' title='bbox 531 3259 583 3312; x_wconf 93' lang='lat' dir='ltr'><strong>si</strong></span> <span class='ocrx_word' id='word_1_454' title='bbox 614 3258 1112 3326; x_wconf 90' lang='lat' dir='ltr'><strong>circumcidantur,</strong></span> <span class='ocrx_word' id='word_1_455' title='bbox 1136 3258 1264 3317; x_wconf 81' lang='lat' dir='ltr'><strong>esse</strong></span> <span class='ocrx_word' id='word_1_456' title='bbox 1282 3262 1562 3318; x_wconf 83' lang='lat' dir='ltr'><strong>Christum</strong></span> <span class='ocrx_word' id='word_1_457' title='bbox 1588 3264 1938 3334; x_wconf 83' lang='lat' dir='ltr'><strong>profuturum</strong></span> <span class='ocrx_word' id='word_1_458' title='bbox 1970 3283 2124 3324; x_wconf 87' lang='lat' dir='ltr'><strong>asse-</strong></span> 
     </span>
    </p>
   </div>
   <div class='ocr_carea' id='block_1_61' title="bbox 534 3349 2125 3424">
    <p class='ocr_par' dir='ltr' id='par_1_61' title="bbox 534 3349 2125 3424">
     <span class='ocr_line' id='line_1_61' title="bbox 534 3349 2125 3424; baseline 0.008 -22"><span class='ocrx_word' id='word_1_459' title='bbox 534 3350 609 3403; x_wconf 88' lang='lat' dir='ltr'><strong>rit</strong></span> <span class='ocrx_word' id='word_1_460' title='bbox 632 3349 701 3404; x_wconf 74' lang='lat'><strong>“.</strong></span> <span class='ocrx_word' id='word_1_461' title='bbox 734 3349 868 3406; x_wconf 85' lang='lat' dir='ltr'><strong>Inde</strong></span> <span class='ocrx_word' id='word_1_462' title='bbox 902 3367 1150 3417; x_wconf 89' lang='lat' dir='ltr'><strong>rursum,</strong></span> <span class='ocrx_word' id='word_1_463' title='bbox 1180 3354 1325 3424; x_wconf 86' lang='lat' dir='ltr'><strong>quod</strong></span> <span class='ocrx_word' id='word_1_464' title='bbox 1358 3355 1584 3412; x_wconf 67' lang='lat' dir='ltr'><strong>Graecos</strong></span> <span class='ocrx_word' id='word_1_465' title='bbox 1617 3357 1760 3413; x_wconf 89' lang='lat' dir='ltr'><strong>idem</strong></span> <span class='ocrx_word' id='word_1_466' title='bbox 1790 3359 1909 3414; x_wconf 84' lang='lat' dir='ltr'><strong>dies</strong></span> <span class='ocrx_word' id='word_1_467' title='bbox 1935 3361 2125 3417; x_wconf 86' lang='lat' dir='ltr'><strong>obser-</strong></span> 
     </span>
    </p>
   </div>
   <div class='ocr_carea' id='block_1_62' title="bbox 536 3450 2126 3519">
    <p class='ocr_par' dir='ltr' id='par_1_62' title="bbox 536 3450 2126 3519">
     <span class='ocr_line' id='line_1_62' title="bbox 536 3450 2126 3519; baseline 0.008 -22"><span class='ocrx_word' id='word_1_468' title='bbox 536 3458 700 3507; x_wconf 87' lang='lat' dir='ltr'><strong>vare,</strong></span> <span class='ocrx_word' id='word_1_469' title='bbox 750 3452 805 3499; x_wconf 89' lang='lat' dir='ltr'><strong>et</strong></span> <span class='ocrx_word' id='word_1_470' title='bbox 847 3453 1129 3513; x_wconf 90' lang='lat' dir='ltr'><strong>tempora,</strong></span> <span class='ocrx_word' id='word_1_471' title='bbox 1175 3455 1230 3500; x_wconf 86' lang='lat' dir='ltr'><strong>et</strong></span> <span class='ocrx_word' id='word_1_472' title='bbox 1277 3462 1451 3503; x_wconf 89' lang='lat' dir='ltr'><strong>annos</strong></span> <span class='ocrx_word' id='word_1_473' title='bbox 1498 3450 1839 3519; x_wconf 82' lang='lat' dir='ltr'><strong>exprobrat;</strong></span> <span class='ocrx_word' id='word_1_474' title='bbox 1885 3461 2126 3510; x_wconf 88' lang='lat' dir='ltr'><strong>metuere</strong></span> 
     </span>
    </p>
   </div>
   <div class='ocr_carea' id='block_1_63' title="bbox 536 3536 2123 3608">
    <p class='ocr_par' dir='ltr' id='par_1_63' title="bbox 536 3536 2123 3608">
     <span class='ocr_line' id='line_1_63' title="bbox 536 3536 2123 3608; baseline 0.009 -21"><span class='ocrx_word' id='word_1_475' title='bbox 536 3541 720 3589; x_wconf 90' lang='lat' dir='ltr'><strong>autem</strong></span> <span class='ocrx_word' id='word_1_476' title='bbox 749 3550 808 3590; x_wconf 87' lang='lat' dir='ltr'><strong>se</strong></span> <span class='ocrx_word' id='word_1_477' title='bbox 845 3551 915 3591; x_wconf 90' lang='lat' dir='ltr'><strong>ne</strong></span> <span class='ocrx_word' id='word_1_478' title='bbox 941 3536 996 3590; x_wconf 91' lang='lat' dir='ltr'><strong>in</strong></span> <span class='ocrx_word' id='word_1_479' title='bbox 1026 3552 1121 3592; x_wconf 90' lang='lat' dir='ltr'><strong>eos</strong></span> <span class='ocrx_word' id='word_1_480' title='bbox 1153 3554 1377 3608; x_wconf 89' lang='lat' dir='ltr'><strong>operam</strong></span> <span class='ocrx_word' id='word_1_481' title='bbox 1403 3556 1560 3595; x_wconf 86' lang='lat' dir='ltr'><strong>suam</strong></span> <span class='ocrx_word' id='word_1_482' title='bbox 1584 3542 1791 3599; x_wconf 81' lang='lat' dir='ltr'><strong>frustra</strong></span> <span class='ocrx_word' id='word_1_483' title='bbox 1817 3546 2123 3602; x_wconf 85' lang='lat' dir='ltr'><strong>collocarit.</strong></span> 
     </span>
    </p>
   </div>
   <div class='ocr_carea' id='block_1_64' title="bbox 536 3623 2151 3705">
    <p class='ocr_par' dir='ltr' id='par_1_64' title="bbox 536 3623 2151 3705">
     <span class='ocr_line' id='line_1_64' title="bbox 536 3623 2151 3705; baseline 0.009 -24"><span class='ocrx_word' id='word_1_484' title='bbox 536 3627 761 3682; x_wconf 85' lang='lat' dir='ltr'><strong>Tollunt</strong></span> <span class='ocrx_word' id='word_1_485' title='bbox 790 3644 957 3699; x_wconf 90' lang='lat' dir='ltr'><strong>porro</strong></span> <span class='ocrx_word' id='word_1_486' title='bbox 989 3630 1155 3685; x_wconf 87' lang='lat' dir='ltr'><strong>etiam</strong></span> <span class='ocrx_word' id='word_1_487' title='bbox 1195 3633 1443 3687; x_wconf 73' lang='lat' dir='ltr'><strong>custodes</strong></span> <span class='ocrx_word' id='word_1_488' title='bbox 1483 3635 1585 3705; x_wconf 89' lang='lat' dir='ltr'><strong>ipsi</strong></span> <span class='ocrx_word' id='word_1_489' title='bbox 1626 3637 2013 3694; x_wconf 78' lang='lat' dir='ltr'><strong>luereticorum</strong></span> <span class='ocrx_word' id='word_1_490' title='bbox 2041 3623 2151 3695; x_wconf 35' lang='lat' dir='ltr'><strong>of:</strong></span> 
     </span>
    </p>
   </div>
   <div class='ocr_carea' id='block_1_65' title="bbox 2230 3170 3799 3247">
    <p class='ocr_par' dir='ltr' id='par_1_65' title="bbox 2230 3170 3799 3247">
     <span class='ocr_line' id='line_1_65' title="bbox 2230 3170 3799 3247; baseline -0.003 -20"><span class='ocrx_word' id='word_1_491' title='bbox 2230 3177 2435 3247; x_wconf 60' lang='grc' dir='ltr'>φησίνε</span> <span class='ocrx_word' id='word_1_492' title='bbox 2489 3174 2737 3245; x_wconf 82' lang='grc' dir='ltr'>Ἡμέρας</span> <span class='ocrx_word' id='word_1_493' title='bbox 2787 3173 3223 3245; x_wconf 81' lang='grc' dir='ltr'>παρατηρεῖσθε,</span> <span class='ocrx_word' id='word_1_494' title='bbox 3269 3172 3371 3226; x_wconf 81' lang='grc' dir='ltr'>καὶ</span> <span class='ocrx_word' id='word_1_495' title='bbox 3423 3173 3664 3243; x_wconf 78' lang='grc' dir='ltr'>καιροὺς,</span> <span class='ocrx_word' id='word_1_496' title='bbox 3720 3170 3799 3222; x_wconf 78' lang='grc' dir='ltr'>καὶ</span> 
     </span>
    </p>
   </div>
   <div class='ocr_carea' id='block_1_66' title="bbox 2229 3261 3799 3336">
    <p class='ocr_par' dir='ltr' id='par_1_66' title="bbox 2229 3261 3799 3336">
     <span class='ocr_line' id='line_1_66' title="bbox 2229 3261 3799 3336; baseline -0.004 -17"><span class='ocrx_word' id='word_1_497' title='bbox 2229 3266 2534 3330; x_wconf 78' lang='grc' dir='ltr'>ἐνιαυτούς.</span> <span class='ocrx_word' id='word_1_498' title='bbox 2593 3263 2875 3336; x_wconf 81' lang='grc' dir='ltr'>Φοόοὖμαι</span> <span class='ocrx_word' id='word_1_499' title='bbox 2929 3266 3143 3335; x_wconf 87' lang='grc' dir='ltr'>μήποτε</span> <span class='ocrx_word' id='word_1_500' title='bbox 3189 3262 3314 3329; x_wconf 86' lang='grc' dir='ltr'><strong>εἰκῆ</strong></span> <span class='ocrx_word' id='word_1_501' title='bbox 3385 3261 3687 3316; x_wconf 79' lang='grc' dir='ltr'>κεκοπίακα</span> <span class='ocrx_word' id='word_1_502' title='bbox 3731 3261 3799 3322; x_wconf 75' lang='grc' dir='ltr'><strong>είς</strong></span> 
     </span>
    </p>
   </div>
   <div class='ocr_carea' id='block_1_67' title="bbox 2232 3353 3801 3432">
    <p class='ocr_par' dir='ltr' id='par_1_67' title="bbox 2232 3353 3801 3432">
     <span class='ocr_line' id='line_1_67' title="bbox 2232 3353 3801 3432; baseline -0.006 -16"><span class='ocrx_word' id='word_1_503' title='bbox 2232 3363 2400 3432; x_wconf 83' lang='grc' dir='ltr'>ὑμᾶς.</span> <span class='ocrx_word' id='word_1_504' title='bbox 2435 3362 2546 3415; x_wconf 76' lang='grc' dir='ltr'><strong>Καὶ</strong></span> <span class='ocrx_word' id='word_1_505' title='bbox 2584 3360 2652 3413; x_wconf 83' lang='grc' dir='ltr'><strong>τά</strong></span> <span class='ocrx_word' id='word_1_506' title='bbox 2681 3358 2741 3425; x_wconf 74' lang='grc' dir='ltr'><strong>ἐξ</strong></span> <span class='ocrx_word' id='word_1_507' title='bbox 2780 3359 3076 3429; x_wconf 78' lang='grc' dir='ltr'>αἱρετικῶν</span> <span class='ocrx_word' id='word_1_508' title='bbox 3104 3358 3160 3411; x_wconf 86' lang='grc' dir='ltr'>δὲ</span> <span class='ocrx_word' id='word_1_509' title='bbox 3191 3358 3616 3428; x_wconf 81' lang='grc' dir='ltr'>περικόπτουσιν</span> <span class='ocrx_word' id='word_1_510' title='bbox 3642 3355 3688 3407; x_wconf 79' lang='grc' dir='ltr'>οἰ</span> <span class='ocrx_word' id='word_1_511' title='bbox 3711 3353 3801 3423; x_wconf 62' lang='grc' dir='ltr'>φύε</span> 
     </span>
    </p>
   </div>
   <div class='ocr_carea' id='block_1_68' title="bbox 2231 3446 3795 3522">
    <p class='ocr_par' dir='ltr' id='par_1_68' title="bbox 2231 3446 3795 3522">
     <span class='ocr_line' id='line_1_68' title="bbox 2231 3446 3795 3522; baseline -0.007 -12"><span class='ocrx_word' id='word_1_512' title='bbox 2231 3458 2421 3522; x_wconf 66' lang='grc' dir='ltr'>λακες</span> <span class='ocrx_word' id='word_1_513' title='bbox 2472 3452 2764 3508; x_wconf 84' lang='grc' dir='ltr'>σκάνδαλα.</span> <span class='ocrx_word' id='word_1_514' title='bbox 2820 3452 3011 3514; x_wconf 79' lang='grc' dir='ltr'>Εἵποις</span> <span class='ocrx_word' id='word_1_515' title='bbox 3054 3450 3101 3503; x_wconf 85' lang='grc' dir='ltr'>δ’</span> <span class='ocrx_word' id='word_1_516' title='bbox 3146 3449 3213 3504; x_wconf 84' lang='grc' dir='ltr'>ἂν</span> <span class='ocrx_word' id='word_1_517' title='bbox 3261 3449 3434 3517; x_wconf 74' lang='grc' dir='ltr'>τείχη</span> <span class='ocrx_word' id='word_1_518' title='bbox 3480 3446 3795 3517; x_wconf 78' lang='grc' dir='ltr'>Ἐκκλησίας,</span> 
     </span>
    </p>
   </div>
   <div class='ocr_carea' id='block_1_69' title="bbox 2232 3529 3799 3616">
    <p class='ocr_par' dir='ltr' id='par_1_69' title="bbox 2232 3529 3799 3616">
     <span class='ocr_line' id='line_1_69' title="bbox 2232 3529 3799 3616; baseline -0.006 -17"><span class='ocrx_word' id='word_1_519' title='bbox 2232 3546 2342 3599; x_wconf 84' lang='grc' dir='ltr'><strong>τῶν</strong></span> <span class='ocrx_word' id='word_1_520' title='bbox 2398 3546 2499 3616; x_wconf 83' lang='grc' dir='ltr'>τῆς</span> <span class='ocrx_word' id='word_1_521' title='bbox 2553 3544 2811 3613; x_wconf 73' lang='grc' dir='ltr'>ἀληθείας</span> <span class='ocrx_word' id='word_1_522' title='bbox 2866 3543 3154 3612; x_wconf 83' lang='grc' dir='ltr'>δογμάτων</span> <span class='ocrx_word' id='word_1_523' title='bbox 3207 3540 3308 3610; x_wconf 83' lang='grc' dir='ltr'><strong>τὴν</strong></span> <span class='ocrx_word' id='word_1_524' title='bbox 3365 3539 3699 3611; x_wconf 83' lang='grc' dir='ltr'>ἑδραιότητα.</span> <span class='ocrx_word' id='word_1_525' title='bbox 3736 3529 3799 3589; x_wconf 84' lang='grc' dir='ltr'>ὧν</span> 
     </span>
    </p>
   </div>
   <div class='ocr_carea' id='block_1_70' title="bbox 2236 3632 3799 3709">
    <p class='ocr_par' dir='ltr' id='par_1_70' title="bbox 2236 3632 3799 3709">
     <span class='ocr_line' id='line_1_70' title="bbox 2236 3632 3799 3709; baseline -0.006 -18"><span class='ocrx_word' id='word_1_526' title='bbox 2236 3637 2364 3709; x_wconf 80' lang='grc' dir='ltr'>ᾇδου</span> <span class='ocrx_word' id='word_1_527' title='bbox 2398 3637 2565 3692; x_wconf 84' lang='grc' dir='ltr'>πύλαι</span> <span class='ocrx_word' id='word_1_528' title='bbox 2592 3637 2653 3690; x_wconf 86' lang='grc' dir='ltr'><strong>ού</strong></span> <span class='ocrx_word' id='word_1_529' title='bbox 2679 3636 3129 3706; x_wconf 86' lang='grc' dir='ltr'>κατισχύσουσιν.</span> <span class='ocrx_word' id='word_1_530' title='bbox 3177 3632 3332 3703; x_wconf 77' lang='grc' dir='ltr'>Ἑξῆς</span> <span class='ocrx_word' id='word_1_531' title='bbox 3367 3633 3629 3702; x_wconf 73' lang='grc' dir='ltr'>ἐπιλέγει,</span> <span class='ocrx_word' id='word_1_532' title='bbox 3654 3632 3799 3697; x_wconf 81' lang='lat' dir='ltr'><strong>&#39;Apa-</strong></span> 
     </span>
    </p>
   </div>
   <div class='ocr_carea' id='block_1_71' title="bbox 537 3720 2127 3799">
    <p class='ocr_par' dir='ltr' id='par_1_71' title="bbox 537 3720 2127 3789">
     <span class='ocr_line' id='line_1_71' title="bbox 537 3720 2127 3789; baseline 0.008 -14"><span class='ocrx_word' id='word_1_533' title='bbox 537 3720 835 3776; x_wconf 82' lang='lat' dir='ltr'><strong>fendieula.</strong></span> <span class='ocrx_word' id='word_1_534' title='bbox 908 3721 1070 3778; x_wconf 87' lang='lat' dir='ltr'><strong>Dicas</strong></span> <span class='ocrx_word' id='word_1_535' title='bbox 1108 3723 1308 3780; x_wconf 78' lang='lat' dir='ltr'><strong>deinde</strong></span> <span class='ocrx_word' id='word_1_536' title='bbox 1360 3733 1412 3781; x_wconf 91' lang='lat' dir='ltr'><strong>et</strong></span> <span class='ocrx_word' id='word_1_537' title='bbox 1463 3726 1722 3783; x_wconf 63' lang='lat' dir='ltr'><strong>Ecclesiae</strong></span> <span class='ocrx_word' id='word_1_538' title='bbox 1765 3746 1954 3788; x_wconf 90' lang='lat' dir='ltr'><strong>muros</strong></span> <span class='ocrx_word' id='word_1_539' title='bbox 2002 3749 2127 3789; x_wconf 86' lang='lat' dir='ltr'><strong>esse</strong></span> 
     </span>
    </p>
   </div>
   <div class='ocr_carea' id='block_1_72' title="bbox 2233 3720 3797 3799">
    <p class='ocr_par' dir='ltr' id='par_1_72' title="bbox 2235 3721 3797 3799">
     <span class='ocr_line' id='line_1_72' title="bbox 2235 3721 3797 3799; baseline -0.006 -16"><span class='ocrx_word' id='word_1_540' title='bbox 2235 3746 2300 3783; x_wconf 85' lang='grc' dir='ltr'><strong>τε</strong></span> <span class='ocrx_word' id='word_1_541' title='bbox 2340 3731 2673 3799; x_wconf 82' lang='grc' dir='ltr'>σύσσημον</span> <span class='ocrx_word' id='word_1_542' title='bbox 2700 3731 2788 3794; x_wconf 81' lang='grc' dir='ltr'>εὶς</span> <span class='ocrx_word' id='word_1_543' title='bbox 2832 3730 2905 3782; x_wconf 83' lang='grc' dir='ltr'>τὰ</span> <span class='ocrx_word' id='word_1_544' title='bbox 2953 3727 3118 3795; x_wconf 78' lang='grc' dir='ltr'>ἔθνη.</span> <span class='ocrx_word' id='word_1_545' title='bbox 3174 3724 3385 3797; x_wconf 80' lang='grc' dir='ltr'>Κύριος</span> <span class='ocrx_word' id='word_1_546' title='bbox 3425 3724 3534 3795; x_wconf 79' lang='grc' dir='ltr'><strong>γὰρ</strong></span> <span class='ocrx_word' id='word_1_547' title='bbox 3569 3721 3797 3792; x_wconf 76' lang='grc' dir='ltr'>ἐποίησεν</span> 
     </span>
    </p>
   </div>
   <div class='ocr_carea' id='block_1_73' title="bbox 535 3813 2127 3891">
    <p class='ocr_par' dir='ltr' id='par_1_73' title="bbox 535 3815 2127 3888">
     <span class='ocr_line' id='line_1_73' title="bbox 535 3815 2127 3888; baseline 0.006 -19"><span class='ocrx_word' id='word_1_548' title='bbox 535 3816 711 3885; x_wconf 87' lang='lat' dir='ltr'><strong>ipsam</strong></span> <span class='ocrx_word' id='word_1_549' title='bbox 744 3815 997 3870; x_wconf 84' lang='lat' dir='ltr'><strong>veritatis</strong></span> <span class='ocrx_word' id='word_1_550' title='bbox 1030 3816 1346 3888; x_wconf 85' lang='lat' dir='ltr'><strong>dogmatum</strong></span> <span class='ocrx_word' id='word_1_551' title='bbox 1384 3823 1752 3876; x_wconf 87' lang='lat' dir='ltr'><strong>constantiam</strong></span> <span class='ocrx_word' id='word_1_552' title='bbox 1804 3832 1861 3879; x_wconf 88' lang='lat' dir='ltr'><strong>et</strong></span> <span class='ocrx_word' id='word_1_553' title='bbox 1896 3822 2127 3878; x_wconf 85' lang='lat' dir='ltr'><strong>ﬁrmitu-</strong></span> 
     </span>
    </p>
   </div>
   <div class='ocr_carea' id='block_1_74' title="bbox 2233 3813 3795 3891">
    <p class='ocr_par' dir='ltr' id='par_1_74' title="bbox 2233 3813 3795 3891">
     <span class='ocr_line' id='line_1_74' title="bbox 2233 3813 3795 3891; baseline -0.001 -16"><span class='ocrx_word' id='word_1_554' title='bbox 2233 3822 2506 3877; x_wconf 66' lang='grc' dir='ltr'>ἀκουστὸν.</span> <span class='ocrx_word' id='word_1_555' title='bbox 2524 3822 2637 3888; x_wconf 73' lang='grc' dir='ltr'>ἕως</span> <span class='ocrx_word' id='word_1_556' title='bbox 2661 3820 2929 3891; x_wconf 77' lang='grc' dir='ltr'>ἐσχάτου</span> <span class='ocrx_word' id='word_1_557' title='bbox 2956 3818 3069 3888; x_wconf 82' lang='grc' dir='ltr'>τῆς</span> <span class='ocrx_word' id='word_1_558' title='bbox 3099 3816 3234 3890; x_wconf 78' lang='grc' dir='ltr'>γῆς.</span> <span class='ocrx_word' id='word_1_559' title='bbox 3263 3818 3358 3888; x_wconf 79' lang='grc' dir='ltr'><strong>Μὴ</strong></span> <span class='ocrx_word' id='word_1_560' title='bbox 3387 3817 3496 3886; x_wconf 83' lang='grc' dir='ltr'>γὰρ</span> <span class='ocrx_word' id='word_1_561' title='bbox 3524 3813 3707 3885; x_wconf 75' lang='grc' dir='ltr'>νομίσῃ</span> <span class='ocrx_word' id='word_1_562' title='bbox 3727 3827 3795 3874; x_wconf 82' lang='grc' dir='ltr'><strong>τις</strong></span> 
     </span>
    </p>
   </div>
   <div class='ocr_carea' id='block_1_75' title="bbox 535 3902 2127 3986">
    <p class='ocr_par' dir='ltr' id='par_1_75' title="bbox 535 3908 2127 3984">
     <span class='ocr_line' id='line_1_75' title="bbox 535 3908 2127 3984; baseline 0.005 -21"><span class='ocrx_word' id='word_1_563' title='bbox 535 3908 756 3974; x_wconf 90' lang='lat' dir='ltr'><strong>dinem;</strong></span> <span class='ocrx_word' id='word_1_564' title='bbox 799 3910 1062 3965; x_wconf 85' lang='lat' dir='ltr'><strong>adversus</strong></span> <span class='ocrx_word' id='word_1_565' title='bbox 1101 3927 1225 3981; x_wconf 73' lang='lat' dir='ltr'><strong>qua:</strong></span> <span class='ocrx_word' id='word_1_566' title='bbox 1260 3927 1329 3966; x_wconf 92' lang='lat' dir='ltr'><strong>ne</strong></span> <span class='ocrx_word' id='word_1_567' title='bbox 1357 3921 1528 3981; x_wconf 76' lang='lat' dir='ltr'><strong>porta:</strong></span> <span class='ocrx_word' id='word_1_568' title='bbox 1558 3914 1779 3984; x_wconf 82' lang='lat' dir='ltr'><strong>quidem</strong></span> <span class='ocrx_word' id='word_1_569' title='bbox 1827 3916 2127 3973; x_wconf 81' lang='lat' dir='ltr'><strong>inferorum</strong></span> 
     </span>
    </p>
   </div>
   <div class='ocr_carea' id='block_1_76' title="bbox 2233 3902 3792 3986">
    <p class='ocr_par' dir='ltr' id='par_1_76' title="bbox 2233 3902 3792 3986">
     <span class='ocr_line' id='line_1_76' title="bbox 2233 3902 3792 3986; baseline -0.008 -17"><span class='ocrx_word' id='word_1_570' title='bbox 2233 3915 2431 3981; x_wconf 64' lang='grc' dir='ltr'>ταῦτα,</span> <span class='ocrx_word' id='word_1_571' title='bbox 2463 3916 2653 3985; x_wconf 74' lang='grc' dir='ltr'>φησὶν,</span> <span class='ocrx_word' id='word_1_572' title='bbox 2682 3913 2937 3986; x_wconf 77' lang='grc' dir='ltr'>εἰρῆσθαι</span> <span class='ocrx_word' id='word_1_573' title='bbox 2959 3913 3088 3983; x_wconf 75' lang='grc' dir='ltr'>περὶ</span> <span class='ocrx_word' id='word_1_574' title='bbox 3117 3910 3213 3965; x_wconf 81' lang='grc' dir='ltr'>τοῦ</span> <span class='ocrx_word' id='word_1_575' title='bbox 3236 3909 3349 3963; x_wconf 84' lang='grc' dir='ltr'><strong>τῶν</strong></span> <span class='ocrx_word' id='word_1_576' title='bbox 3385 3908 3646 3964; x_wconf 83' lang='grc' dir='ltr'>Ἰουδαίων</span> <span class='ocrx_word' id='word_1_577' title='bbox 3666 3902 3792 3958; x_wconf 81' lang='grc' dir='ltr'>λαοῦ.</span> 
     </span>
    </p>
   </div>
   <div class='ocr_carea' id='block_1_77' title="bbox 535 3994 2127 4076">
    <p class='ocr_par' dir='ltr' id='par_1_77' title="bbox 535 4001 2127 4075">
     <span class='ocr_line' id='line_1_77' title="bbox 535 4001 2127 4075; baseline 0.006 -21"><span class='ocrx_word' id='word_1_578' title='bbox 535 4001 835 4070; x_wconf 86' lang='lat' dir='ltr'><strong>quidquam</strong></span> <span class='ocrx_word' id='word_1_579' title='bbox 862 4009 1121 4071; x_wconf 81' lang='lat' dir='ltr'><strong>poterunt</strong></span> <span class='ocrx_word' id='word_1_580' title='bbox 1144 4002 1210 4057; x_wconf 71' lang='grc'><strong>⁸⁷.</strong></span> <span class='ocrx_word' id='word_1_581' title='bbox 1239 4003 1509 4074; x_wconf 89' lang='lat' dir='ltr'><strong>Deinceps</strong></span> <span class='ocrx_word' id='word_1_582' title='bbox 1550 4007 1758 4075; x_wconf 77' lang='lat' dir='ltr'><strong>colligit</strong></span> <span class='ocrx_word' id='word_1_583' title='bbox 1791 4008 1876 4064; x_wconf 88' lang='lat' dir='ltr'><strong>his</strong></span> <span class='ocrx_word' id='word_1_584' title='bbox 1910 4009 2127 4064; x_wconf 85' lang='lat' dir='ltr'><strong>verbis:</strong></span> 
     </span>
    </p>
   </div>
   <div class='ocr_carea' id='block_1_78' title="bbox 2233 3994 3796 4076">
    <p class='ocr_par' dir='ltr' id='par_1_78' title="bbox 2234 3994 3796 4076">
     <span class='ocr_line' id='line_1_78' title="bbox 2234 3994 3796 4076; baseline -0.015 -8"><span class='ocrx_word' id='word_1_585' title='bbox 2234 4006 2309 4060; x_wconf 79' lang='grc' dir='ltr'>Τὸ</span> <span class='ocrx_word' id='word_1_586' title='bbox 2370 4006 2482 4075; x_wconf 81' lang='grc' dir='ltr'>γὰρ</span> <span class='ocrx_word' id='word_1_587' title='bbox 2507 4003 2767 4076; x_wconf 81' lang='grc' dir='ltr'>σημεῖον</span> <span class='ocrx_word' id='word_1_588' title='bbox 2815 4001 3142 4072; x_wconf 80' lang='grc' dir='ltr'>ἀρθήσεται</span> <span class='ocrx_word' id='word_1_589' title='bbox 3180 3999 3364 4072; x_wconf 76' lang='grc' dir='ltr'>μέχρι</span> <span class='ocrx_word' id='word_1_590' title='bbox 3409 3996 3526 4053; x_wconf 82' lang='grc' dir='ltr'><strong>τῶν</strong></span> <span class='ocrx_word' id='word_1_591' title='bbox 3550 3994 3796 4065; x_wconf 72' lang='grc' dir='ltr'>ἐσχάτων</span> 
     </span>
    </p>
   </div>
   <div class='ocr_carea' id='block_1_79' title="bbox 538 4089 2520 4171">
    <p class='ocr_par' dir='ltr' id='par_1_79' title="bbox 538 4089 2520 4171">
     <span class='ocr_line' id='line_1_79' title="bbox 538 4089 2520 4171; baseline 0.005 -27"><span class='ocrx_word' id='word_1_592' title='bbox 538 4089 757 4145; x_wconf 80' lang='lat' dir='ltr'><strong>Elevate</strong></span> <span class='ocrx_word' id='word_1_593' title='bbox 777 4092 987 4159; x_wconf 75' lang='lat' dir='ltr'><strong>signant</strong></span> <span class='ocrx_word' id='word_1_594' title='bbox 1021 4092 1075 4145; x_wconf 83' lang='lat' dir='ltr'><strong>in</strong></span> <span class='ocrx_word' id='word_1_595' title='bbox 1104 4103 1284 4162; x_wconf 81' lang='lat' dir='ltr'><strong>gentes</strong></span> <span class='ocrx_word' id='word_1_596' title='bbox 1313 4093 1384 4145; x_wconf 81' lang='lat' dir='ltr'><strong>ad</strong></span> <span class='ocrx_word' id='word_1_597' title='bbox 1403 4103 1669 4149; x_wconf 70' lang='lat' dir='ltr'><strong>extremos</strong></span> <span class='ocrx_word' id='word_1_598' title='bbox 1697 4112 1860 4167; x_wconf 74' lang='lat' dir='ltr'><strong>usque</strong></span> <span class='ocrx_word' id='word_1_599' title='bbox 1890 4099 2138 4152; x_wconf 80' lang='lat' dir='ltr'><strong>terminos</strong></span> <span class='ocrx_word' id='word_1_600' title='bbox 2235 4098 2344 4167; x_wconf 84' lang='grc' dir='ltr'>τῆς</span> <span class='ocrx_word' id='word_1_601' title='bbox 2385 4099 2520 4171; x_wconf 74' lang='grc' dir='ltr'>γῆς.</span> 
     </span>
    </p>
   </div>
   <div class='ocr_carea' id='block_1_80' title="bbox 538 4184 3793 4267">
    <p class='ocr_par' dir='ltr' id='par_1_80' title="bbox 538 4184 3793 4267">
     <span class='ocr_line' id='line_1_80' title="bbox 538 4184 3793 4267; baseline -0.002 -27"><span class='ocrx_word' id='word_1_602' title='bbox 538 4199 713 4247; x_wconf 76' lang='lat' dir='ltr'><strong>terrm.</strong></span> <span class='ocrx_word' id='word_1_603' title='bbox 741 4184 930 4255; x_wconf 86' lang='lat' dir='ltr'><strong>Neque</strong></span> <span class='ocrx_word' id='word_1_604' title='bbox 957 4187 1103 4242; x_wconf 91' lang='lat' dir='ltr'><strong>enim</strong></span> <span class='ocrx_word' id='word_1_605' title='bbox 1133 4203 1464 4258; x_wconf 82' lang='lat' dir='ltr'><strong>quemquam</strong></span> <span class='ocrx_word' id='word_1_606' title='bbox 1509 4190 1670 4246; x_wconf 90' lang='lat' dir='ltr'><strong>deect</strong></span> <span class='ocrx_word' id='word_1_607' title='bbox 1706 4193 2027 4249; x_wconf 76' lang='lat' dir='ltr'><strong>existimare</strong></span> <span class='ocrx_word' id='word_1_608' title='bbox 2050 4193 2120 4251; x_wconf 88' lang='lat' dir='ltr'><strong>de</strong></span> <span class='ocrx_word' id='word_1_609' title='bbox 2155 4193 2474 4252; x_wconf 76' lang='lat' dir='ltr'><strong>Judteorum</strong></span> <span class='ocrx_word' id='word_1_610' title='bbox 2497 4196 2909 4267; x_wconf 68' lang='lat' dir='ltr'><strong>populoisthzizc</strong></span> <span class='ocrx_word' id='word_1_611' title='bbox 2933 4191 3207 4262; x_wconf 77' lang='lat' dir='ltr'><strong>intelligi;</strong></span> <span class='ocrx_word' id='word_1_612' title='bbox 3241 4203 3373 4246; x_wconf 79' lang='lat' dir='ltr'><strong>cum</strong></span> <span class='ocrx_word' id='word_1_613' title='bbox 3435 4188 3503 4245; x_wconf 83' lang='lat' dir='ltr'><strong>ad</strong></span> <span class='ocrx_word' id='word_1_614' title='bbox 3564 4195 3793 4242; x_wconf 68' lang='lat' dir='ltr'><strong>extremos</strong></span> 
     </span>
    </p>
   </div>
   <div class='ocr_carea' id='block_1_81' title="bbox 537 4279 3361 4355">
    <p class='ocr_par' dir='ltr' id='par_1_81' title="bbox 537 4279 3361 4355">
     <span class='ocr_line' id='line_1_81' title="bbox 537 4279 3361 4355; baseline 0.007 -24"><span class='ocrx_word' id='word_1_615' title='bbox 537 4294 702 4350; x_wconf 80' lang='lat' dir='ltr'><strong>usque</strong></span> <span class='ocrx_word' id='word_1_616' title='bbox 730 4279 874 4333; x_wconf 80' lang='lat' dir='ltr'><strong>orbis</strong></span> <span class='ocrx_word' id='word_1_617' title='bbox 900 4280 1094 4335; x_wconf 83' lang='lat' dir='ltr'><strong>limites</strong></span> <span class='ocrx_word' id='word_1_618' title='bbox 1117 4280 1277 4351; x_wconf 79' lang='lat'><strong>715</strong></span> <span class='ocrx_word' id='word_1_619' title='bbox 1309 4281 1511 4336; x_wconf 83' lang='lat' dir='ltr'><strong>elevare</strong></span> <span class='ocrx_word' id='word_1_620' title='bbox 1540 4285 1744 4354; x_wconf 84' lang='lat' dir='ltr'><strong>signum</strong></span> <span class='ocrx_word' id='word_1_621' title='bbox 1773 4285 1985 4355; x_wconf 89' lang='lat' dir='ltr'><strong>jubeat.</strong></span> <span class='ocrx_word' id='word_1_622' title='bbox 3352 4290 3361 4295; x_wconf 53' lang='grc'><strong><em>“</em></strong></span> 
     </span>
    </p>
   </div>
   <div class='ocr_carea' id='block_1_82' title="bbox 611 4366 2127 4452">
    <p class='ocr_par' dir='ltr' id='par_1_82' title="bbox 611 4377 2124 4452">
     <span class='ocr_line' id='line_1_82' title="bbox 611 4377 2124 4452; baseline 0.005 -21"><span class='ocrx_word' id='word_1_623' title='bbox 611 4377 883 4432; x_wconf 59' lang='lat' dir='ltr'><strong>Craterum</strong></span> <span class='ocrx_word' id='word_1_624' title='bbox 924 4377 1185 4446; x_wconf 89' lang='lat' dir='ltr'><strong>quidnam</strong></span> <span class='ocrx_word' id='word_1_625' title='bbox 1230 4393 1297 4433; x_wconf 90' lang='lat' dir='ltr'><strong>co</strong></span> <span class='ocrx_word' id='word_1_626' title='bbox 1348 4378 1642 4451; x_wconf 70' lang='lat' dir='ltr'><strong>intelligit,</strong></span> <span class='ocrx_word' id='word_1_627' title='bbox 1696 4382 1840 4452; x_wconf 81' lang='lat' dir='ltr'><strong>quod</strong></span> <span class='ocrx_word' id='word_1_628' title='bbox 1879 4384 2124 4438; x_wconf 89' lang='lat' dir='ltr'><strong>auditum</strong></span> 
     </span>
    </p>
   </div>
   <div class='ocr_carea' id='block_1_83' title="bbox 2233 4366 3790 4452">
    <p class='ocr_par' dir='ltr' id='par_1_83' title="bbox 2300 4366 3790 4444">
     <span class='ocr_line' id='line_1_83' title="bbox 2300 4366 3790 4444; baseline -0.013 -6"><span class='ocrx_word' id='word_1_629' title='bbox 2300 4383 2367 4437; x_wconf 86' lang='grc' dir='ltr'>Τί</span> <span class='ocrx_word' id='word_1_630' title='bbox 2397 4382 2455 4438; x_wconf 85' lang='grc' dir='ltr'>δὲ</span> <span class='ocrx_word' id='word_1_631' title='bbox 2481 4380 2544 4435; x_wconf 82' lang='grc' dir='ltr'>τὸ</span> <span class='ocrx_word' id='word_1_632' title='bbox 2574 4375 2884 4435; x_wconf 76' lang='grc' dir='ltr'>ἀκουστὸν</span> <span class='ocrx_word' id='word_1_633' title='bbox 2928 4376 3261 4444; x_wconf 79' lang='grc' dir='ltr'>σύσσημον</span> <span class='ocrx_word' id='word_1_634' title='bbox 3307 4372 3450 4443; x_wconf 83' lang='grc' dir='ltr'>ὅπερ</span> <span class='ocrx_word' id='word_1_635' title='bbox 3494 4366 3621 4442; x_wconf 77' lang='grc' dir='ltr'>ἆραι</span> <span class='ocrx_word' id='word_1_636' title='bbox 3648 4383 3790 4439; x_wconf 83' lang='grc' dir='ltr'>φησι,</span> 
     </span>
    </p>
   </div>
   <div class='ocr_carea' id='block_1_84' title="bbox 541 4468 2127 4546">
    <p class='ocr_par' dir='ltr' id='par_1_84' title="bbox 541 4468 2127 4546">
     <span class='ocr_line' id='line_1_84' title="bbox 541 4468 2127 4546; baseline 0.004 -22"><span class='ocrx_word' id='word_1_637' title='bbox 541 4470 749 4540; x_wconf 80' lang='lat' dir='ltr'><strong>signum</strong></span> <span class='ocrx_word' id='word_1_638' title='bbox 774 4468 977 4523; x_wconf 85' lang='lat' dir='ltr'><strong>elevare</strong></span> <span class='ocrx_word' id='word_1_639' title='bbox 1001 4471 1283 4540; x_wconf 68' lang='lat' dir='ltr'><strong>praecipit?</strong></span> <span class='ocrx_word' id='word_1_640' title='bbox 1316 4470 1555 4529; x_wconf 85' lang='lat' dir='ltr'><strong>Verbum</strong></span> <span class='ocrx_word' id='word_1_641' title='bbox 1588 4472 1715 4529; x_wconf 90' lang='lat' dir='ltr'><strong>ﬁdei</strong></span> <span class='ocrx_word' id='word_1_642' title='bbox 1746 4476 1893 4544; x_wconf 85' lang='lat' dir='ltr'><strong>quod</strong></span> <span class='ocrx_word' id='word_1_643' title='bbox 1932 4478 2127 4546; x_wconf 74' lang='lat' dir='ltr'><strong>prtedi-</strong></span> 
     </span>
    </p>
   </div>
   <div class='ocr_carea' id='block_1_85' title="bbox 539 4561 2127 4632">
    <p class='ocr_par' dir='ltr' id='par_1_85' title="bbox 539 4561 2127 4632">
     <span class='ocr_line' id='line_1_85' title="bbox 539 4561 2127 4632; baseline 0.003 -16"><span class='ocrx_word' id='word_1_644' title='bbox 539 4576 752 4626; x_wconf 85' lang='lat' dir='ltr'><strong>eamus,</strong></span> <span class='ocrx_word' id='word_1_645' title='bbox 781 4570 972 4615; x_wconf 87' lang='lat' dir='ltr'><strong>notum</strong></span> <span class='ocrx_word' id='word_1_646' title='bbox 1028 4561 1141 4616; x_wconf 90' lang='lat' dir='ltr'><strong>ﬁeri</strong></span> <span class='ocrx_word' id='word_1_647' title='bbox 1178 4565 1440 4632; x_wconf 87' lang='lat' dir='ltr'><strong>postulat.</strong></span> <span class='ocrx_word' id='word_1_648' title='bbox 1481 4562 1579 4619; x_wconf 85' lang='lat' dir='ltr'><strong>Vel</strong></span> <span class='ocrx_word' id='word_1_649' title='bbox 1613 4563 1848 4622; x_wconf 79' lang='lat' dir='ltr'><strong>fortasse</strong></span> <span class='ocrx_word' id='word_1_650' title='bbox 1878 4568 1947 4623; x_wconf 83' lang='lat' dir='ltr'><strong>ad</strong></span> <span class='ocrx_word' id='word_1_651' title='bbox 1978 4569 2127 4623; x_wconf 85' lang='lat' dir='ltr'><strong>salu-</strong></span> 
     </span>
    </p>
   </div>
   <div class='ocr_carea' id='block_1_86' title="bbox 541 4646 2129 4724">
    <p class='ocr_par' dir='ltr' id='par_1_86' title="bbox 541 4646 2129 4724">
     <span class='ocr_line' id='line_1_86' title="bbox 541 4646 2129 4724; baseline 0.005 -17"><span class='ocrx_word' id='word_1_652' title='bbox 541 4653 714 4709; x_wconf 69' lang='lat' dir='ltr'><strong>tifera:</strong></span> <span class='ocrx_word' id='word_1_653' title='bbox 751 4653 1027 4723; x_wconf 84' lang='lat' dir='ltr'><strong>passionis</strong></span> <span class='ocrx_word' id='word_1_654' title='bbox 1075 4654 1388 4724; x_wconf 88' lang='lat' dir='ltr'><strong>symbolum</strong></span> <span class='ocrx_word' id='word_1_655' title='bbox 1438 4646 1647 4711; x_wconf 69' lang='lat' dir='ltr'><strong>retulit.</strong></span> <span class='ocrx_word' id='word_1_656' title='bbox 1706 4654 1881 4713; x_wconf 82' lang='lat' dir='ltr'><strong>Habet</strong></span> <span class='ocrx_word' id='word_1_657' title='bbox 1914 4674 2044 4714; x_wconf 89' lang='lat' dir='ltr'><strong>vero</strong></span> <span class='ocrx_word' id='word_1_658' title='bbox 2073 4667 2129 4715; x_wconf 91' lang='lat' dir='ltr'><strong>et</strong></span> 
     </span>
    </p>
   </div>
   <div class='ocr_carea' id='block_1_87' title="bbox 541 4744 2129 4806">
    <p class='ocr_par' dir='ltr' id='par_1_87' title="bbox 541 4744 2129 4806">
     <span class='ocr_line' id='line_1_87' title="bbox 541 4744 2129 4806; baseline 0.004 -7"><span class='ocrx_word' id='word_1_659' title='bbox 541 4745 691 4799; x_wconf 79' lang='lat' dir='ltr'><strong>istud</strong></span> <span class='ocrx_word' id='word_1_660' title='bbox 726 4744 849 4799; x_wconf 84' lang='lat' dir='ltr'><strong>ﬁdei</strong></span> <span class='ocrx_word' id='word_1_661' title='bbox 882 4744 1182 4800; x_wconf 83' lang='lat' dir='ltr'><strong>confessio.</strong></span> <span class='ocrx_word' id='word_1_662' title='bbox 1223 4745 1385 4801; x_wconf 86' lang='lat' dir='ltr'><strong>Decet</strong></span> <span class='ocrx_word' id='word_1_663' title='bbox 1434 4745 1582 4800; x_wconf 91' lang='lat' dir='ltr'><strong>enim</strong></span> <span class='ocrx_word' id='word_1_664' title='bbox 1624 4747 1918 4803; x_wconf 89' lang='lat' dir='ltr'><strong>Dominum</strong></span> <span class='ocrx_word' id='word_1_665' title='bbox 1939 4748 2129 4806; x_wconf 70' lang='lat' dir='ltr'><strong>Iesum</strong></span> 
     </span>
    </p>
   </div>
   <div class='ocr_carea' id='block_1_88' title="bbox 539 4836 2132 4909">
    <p class='ocr_par' dir='ltr' id='par_1_88' title="bbox 539 4836 2132 4909">
     <span class='ocr_line' id='line_1_88' title="bbox 539 4836 2132 4909; baseline 0.004 -18"><span class='ocrx_word' id='word_1_666' title='bbox 539 4853 637 4893; x_wconf 89' lang='lat' dir='ltr'><strong>ore</strong></span> <span class='ocrx_word' id='word_1_667' title='bbox 668 4839 788 4908; x_wconf 82' lang='lat' dir='ltr'><strong>ipso</strong></span> <span class='ocrx_word' id='word_1_668' title='bbox 817 4836 1083 4906; x_wconf 77' lang='lat' dir='ltr'><strong>profiteri,</strong></span> <span class='ocrx_word' id='word_1_669' title='bbox 1127 4837 1407 4908; x_wconf 88' lang='lat' dir='ltr'><strong>Deumque</strong></span> <span class='ocrx_word' id='word_1_670' title='bbox 1437 4838 1667 4909; x_wconf 87' lang='lat' dir='ltr'><strong>ipsuma</strong></span> <span class='ocrx_word' id='word_1_671' title='bbox 1696 4841 1927 4897; x_wconf 92' lang='lat' dir='ltr'><strong>mortuis</strong></span> <span class='ocrx_word' id='word_1_672' title='bbox 1954 4844 2132 4898; x_wconf 86' lang='lat' dir='ltr'><strong>susci-</strong></span> 
     </span>
    </p>
   </div>
   <div class='ocr_carea' id='block_1_89' title="bbox 541 4927 2131 5004">
    <p class='ocr_par' dir='ltr' id='par_1_89' title="bbox 541 4927 2131 5004">
     <span class='ocr_line' id='line_1_89' title="bbox 541 4927 2131 5004; baseline 0.003 -20"><span class='ocrx_word' id='word_1_673' title='bbox 541 4938 709 4993; x_wconf 84' lang='lat' dir='ltr'><strong>tasse.</strong></span> <span class='ocrx_word' id='word_1_674' title='bbox 745 4931 971 4986; x_wconf 90' lang='lat' dir='ltr'><strong>credere</strong></span> <span class='ocrx_word' id='word_1_675' title='bbox 995 4929 1062 4983; x_wconf 65' lang='grc' dir='ltr'>η.</span> <span class='ocrx_word' id='word_1_676' title='bbox 1093 4927 1302 4984; x_wconf 84' lang='lat' dir='ltr'><strong>Filiam</strong></span> <span class='ocrx_word' id='word_1_677' title='bbox 1332 4927 1461 4986; x_wconf 83' lang='lat' dir='ltr'><strong>Sion</strong></span> <span class='ocrx_word' id='word_1_678' title='bbox 1491 4930 1778 5001; x_wconf 88' lang='lat' dir='ltr'><strong>deinceps,</strong></span> <span class='ocrx_word' id='word_1_679' title='bbox 1812 4948 1917 5004; x_wconf 91' lang='lat' dir='ltr'><strong>qua</strong></span> <span class='ocrx_word' id='word_1_680' title='bbox 1953 4935 2131 4989; x_wconf 83' lang='lat' dir='ltr'><strong>mani-</strong></span> 
     </span>
    </p>
   </div>
   <div class='ocr_carea' id='block_1_90' title="bbox 544 5016 2135 5089">
    <p class='ocr_par' dir='ltr' id='par_1_90' title="bbox 544 5016 2135 5089">
     <span class='ocr_line' id='line_1_90' title="bbox 544 5016 2135 5089; baseline 0.003 -17"><span class='ocrx_word' id='word_1_681' title='bbox 544 5016 682 5073; x_wconf 81' lang='lat' dir='ltr'><strong>feste</strong></span> <span class='ocrx_word' id='word_1_682' title='bbox 707 5017 955 5073; x_wconf 84' lang='lat' dir='ltr'><strong>Ecclesia</strong></span> <span class='ocrx_word' id='word_1_683' title='bbox 998 5017 1344 5089; x_wconf 78' lang='lat' dir='ltr'><strong>signiﬁcatur</strong></span> <span class='ocrx_word' id='word_1_684' title='bbox 1368 5055 1383 5082; x_wconf 87' lang='lat'><strong>,</strong></span> <span class='ocrx_word' id='word_1_685' title='bbox 1418 5016 1754 5073; x_wconf 72' lang='lat' dir='ltr'><strong>Salvatore&#39;m</strong></span> <span class='ocrx_word' id='word_1_686' title='bbox 1786 5036 1943 5074; x_wconf 86' lang='lat' dir='ltr'><strong>suum</strong></span> <span class='ocrx_word' id='word_1_687' title='bbox 1973 5020 2135 5077; x_wconf 90' lang='lat' dir='ltr'><strong>docet</strong></span> 
     </span>
    </p>
   </div>
   <div class='ocr_carea' id='block_1_91' title="bbox 542 5108 2127 5182">
    <p class='ocr_par' dir='ltr' id='par_1_91' title="bbox 542 5108 2127 5182">
     <span class='ocr_line' id='line_1_91' title="bbox 542 5108 2127 5182; baseline 0.002 -19"><span class='ocrx_word' id='word_1_688' title='bbox 542 5119 887 5181; x_wconf 78' lang='lat' dir='ltr'><strong>exspectare.</strong></span> <span class='ocrx_word' id='word_1_689' title='bbox 925 5109 1021 5165; x_wconf 87' lang='lat' dir='ltr'><strong>Est</strong></span> <span class='ocrx_word' id='word_1_690' title='bbox 1058 5109 1204 5165; x_wconf 93' lang='lat' dir='ltr'><strong>enim</strong></span> <span class='ocrx_word' id='word_1_691' title='bbox 1237 5108 1448 5165; x_wconf 86' lang='lat' dir='ltr'><strong>veteris</strong></span> <span class='ocrx_word' id='word_1_692' title='bbox 1475 5108 1626 5166; x_wconf 87' lang='lat' dir='ltr'><strong>illius</strong></span> <span class='ocrx_word' id='word_1_693' title='bbox 1664 5111 1953 5182; x_wconf 83' lang='lat' dir='ltr'><strong>regiminis</strong></span> <span class='ocrx_word' id='word_1_694' title='bbox 1989 5113 2127 5182; x_wconf 83' lang='lat' dir='ltr'><strong>ﬁlia,</strong></span> 
     </span>
    </p>
   </div>
   <div class='ocr_carea' id='block_1_92' title="bbox 545 5198 2134 5272">
    <p class='ocr_par' dir='ltr' id='par_1_92' title="bbox 545 5198 2134 5272">
     <span class='ocr_line' id='line_1_92' title="bbox 545 5198 2134 5272; baseline 0.004 -20"><span class='ocrx_word' id='word_1_695' title='bbox 545 5198 691 5269; x_wconf 89' lang='lat' dir='ltr'><strong>quod</strong></span> <span class='ocrx_word' id='word_1_696' title='bbox 729 5200 984 5270; x_wconf 86' lang='lat' dir='ltr'><strong>pietatem</strong></span> <span class='ocrx_word' id='word_1_697' title='bbox 1026 5201 1170 5271; x_wconf 89' lang='lat' dir='ltr'><strong>apud</strong></span> <span class='ocrx_word' id='word_1_698' title='bbox 1199 5198 1421 5256; x_wconf 64' lang='lat' dir='ltr'><strong>Iudaeos</strong></span> <span class='ocrx_word' id='word_1_699' title='bbox 1467 5216 1770 5272; x_wconf 89' lang='lat' dir='ltr'><strong>verumque</strong></span> <span class='ocrx_word' id='word_1_700' title='bbox 1806 5205 2014 5259; x_wconf 91' lang='lat' dir='ltr'><strong>cultum</strong></span> <span class='ocrx_word' id='word_1_701' title='bbox 2046 5220 2134 5259; x_wconf 83' lang='lat' dir='ltr'><strong>re-</strong></span> 
     </span>
    </p>
   </div>
   <div class='ocr_carea' id='block_1_93' title="bbox 544 5295 2128 5366">
    <p class='ocr_par' dir='ltr' id='par_1_93' title="bbox 544 5295 2128 5366">
     <span class='ocr_line' id='line_1_93' title="bbox 544 5295 2128 5366; baseline 0.003 -17"><span class='ocrx_word' id='word_1_702' title='bbox 544 5295 730 5350; x_wconf 89' lang='lat' dir='ltr'><strong>tinuit.</strong></span> <span class='ocrx_word' id='word_1_703' title='bbox 764 5295 847 5349; x_wconf 85' lang='lat' dir='ltr'><strong>Ad</strong></span> <span class='ocrx_word' id='word_1_704' title='bbox 874 5296 1107 5349; x_wconf 85' lang='lat' dir='ltr'><strong>alterum</strong></span> <span class='ocrx_word' id='word_1_705' title='bbox 1135 5295 1300 5366; x_wconf 84' lang='lat' dir='ltr'><strong>igitur</strong></span> <span class='ocrx_word' id='word_1_706' title='bbox 1331 5296 1627 5351; x_wconf 90' lang='lat' dir='ltr'><strong>adventum</strong></span> <span class='ocrx_word' id='word_1_707' title='bbox 1661 5298 1767 5353; x_wconf 86' lang='lat' dir='ltr'><strong>ista</strong></span> <span class='ocrx_word' id='word_1_708' title='bbox 1798 5314 1948 5354; x_wconf 89' lang='lat' dir='ltr'><strong>nunc</strong></span> <span class='ocrx_word' id='word_1_709' title='bbox 1979 5309 2128 5353; x_wconf 84' lang='lat' dir='ltr'><strong>retu-</strong></span> 
     </span>
    </p>
   </div>
   <div class='ocr_carea' id='block_1_94' title="bbox 546 5388 2130 5464">
    <p class='ocr_par' dir='ltr' id='par_1_94' title="bbox 546 5388 2130 5464">
     <span class='ocr_line' id='line_1_94' title="bbox 546 5388 2130 5464; baseline -0.001 -19"><span class='ocrx_word' id='word_1_710' title='bbox 546 5388 637 5457; x_wconf 90' lang='lat' dir='ltr'><strong>lit,</strong></span> <span class='ocrx_word' id='word_1_711' title='bbox 668 5404 732 5445; x_wconf 91' lang='lat' dir='ltr'><strong>ea</strong></span> <span class='ocrx_word' id='word_1_712' title='bbox 767 5389 822 5445; x_wconf 91' lang='lat' dir='ltr'><strong>in</strong></span> <span class='ocrx_word' id='word_1_713' title='bbox 856 5392 1179 5444; x_wconf 81' lang='lat' dir='ltr'><strong>memoriam</strong></span> <span class='ocrx_word' id='word_1_714' title='bbox 1223 5406 1524 5457; x_wconf 87' lang='lat' dir='ltr'><strong>revocans,</strong></span> <span class='ocrx_word' id='word_1_715' title='bbox 1572 5407 1695 5463; x_wconf 70' lang='lat' dir='ltr'><strong>quae</strong></span> <span class='ocrx_word' id='word_1_716' title='bbox 1729 5409 1788 5449; x_wconf 91' lang='lat' dir='ltr'><strong>se</strong></span> <span class='ocrx_word' id='word_1_717' title='bbox 1814 5407 2027 5464; x_wconf 86' lang='lat' dir='ltr'><strong>gerere,</strong></span> <span class='ocrx_word' id='word_1_718' title='bbox 2070 5399 2130 5445; x_wconf 92' lang='lat' dir='ltr'><strong>ut</strong></span> 
     </span>
    </p>
   </div>
   <div class='ocr_carea' id='block_1_95' title="bbox 615 5527 1627 5600">
    <p class='ocr_par' dir='ltr' id='par_1_95' title="bbox 615 5527 1627 5600">
     <span class='ocr_line' id='line_1_95' title="bbox 615 5527 1627 5600; baseline 0.007 -18"><span class='ocrx_word' id='word_1_719' title='bbox 615 5528 662 5561; x_wconf 76' lang='lat'>&quot;</span> <span class='ocrx_word' id='word_1_720' title='bbox 686 5528 851 5587; x_wconf 82' lang='lat' dir='ltr'><strong>Hebr.</strong></span> <span class='ocrx_word' id='word_1_721' title='bbox 895 5545 973 5597; x_wconf 88' lang='lat' dir='ltr'><strong>vt,</strong></span> <span class='ocrx_word' id='word_1_722' title='bbox 1009 5527 1097 5586; x_wconf 59' lang='lat'><strong>1‘5.</strong></span> <span class='ocrx_word' id='word_1_723' title='bbox 1171 5529 1217 5563; x_wconf 76' lang='lat'><strong>“</strong></span> <span class='ocrx_word' id='word_1_724' title='bbox 1247 5531 1405 5588; x_wconf 80' lang='lat' dir='ltr'><strong>Joan.</strong></span> <span class='ocrx_word' id='word_1_725' title='bbox 1440 5548 1553 5600; x_wconf 82' lang='lat' dir='ltr'><strong>xiv,</strong></span> <span class='ocrx_word' id='word_1_726' title='bbox 1577 5532 1627 5588; x_wconf 71' lang='lat'><strong>2.</strong></span> 
     </span>
    </p>
   </div>
   <div class='ocr_carea' id='block_1_96' title="bbox 1743 5534 2174 5599">
    <p class='ocr_par' dir='ltr' id='par_1_96' title="bbox 1743 5534 2174 5599">
     <span class='ocr_line' id='line_1_96' title="bbox 1743 5534 2174 5599; baseline 0.002 -10"><span class='ocrx_word' id='word_1_727' title='bbox 1743 5534 1786 5568; x_wconf 79' lang='lat'><strong>&quot;</strong></span> <span class='ocrx_word' id='word_1_728' title='bbox 1817 5534 1996 5589; x_wconf 79' lang='lat' dir='ltr'><strong>Galal.</strong></span> <span class='ocrx_word' id='word_1_729' title='bbox 2032 5551 2086 5599; x_wconf 82' lang='grc' dir='ltr'><strong>ν,</strong></span> <span class='ocrx_word' id='word_1_730' title='bbox 2120 5534 2174 5590; x_wconf 82' lang='lat'><strong>6.</strong></span> 
     </span>
    </p>
   </div>
   <div class='ocr_carea' id='block_1_97' title="bbox 2232 4462 3790 4545">
    <p class='ocr_par' dir='ltr' id='par_1_97' title="bbox 2232 4462 3790 4545">
     <span class='ocr_line' id='line_1_97' title="bbox 2232 4462 3790 4545; baseline -0.012 -14"><span class='ocrx_word' id='word_1_731' title='bbox 2232 4475 2378 4530; x_wconf 80' lang='grc' dir='ltr'>τοῦτ’</span> <span class='ocrx_word' id='word_1_732' title='bbox 2414 4474 2530 4529; x_wconf 78' lang='grc' dir='ltr'>ἔστι</span> <span class='ocrx_word' id='word_1_733' title='bbox 2567 4473 2848 4545; x_wconf 81' lang='grc' dir='ltr'>γνώριμον</span> <span class='ocrx_word' id='word_1_734' title='bbox 2896 4470 3125 4540; x_wconf 81' lang='grc' dir='ltr'>ποιῆσαι</span> <span class='ocrx_word' id='word_1_735' title='bbox 3150 4467 3212 4520; x_wconf 84' lang='grc' dir='ltr'>τὸ</span> <span class='ocrx_word' id='word_1_736' title='bbox 3246 4467 3401 4537; x_wconf 78' lang='grc' dir='ltr'>ῥῆμα</span> <span class='ocrx_word' id='word_1_737' title='bbox 3433 4466 3533 4534; x_wconf 81' lang='grc' dir='ltr'><strong>τῆς</strong></span> <span class='ocrx_word' id='word_1_738' title='bbox 3567 4462 3790 4520; x_wconf 86' lang='grc' dir='ltr'>πίστεως,</span> 
     </span>
    </p>
   </div>
   <div class='ocr_carea' id='block_1_98' title="bbox 2233 4549 3793 4639">
    <p class='ocr_par' dir='ltr' id='par_1_98' title="bbox 2233 4549 3793 4639">
     <span class='ocr_line' id='line_1_98' title="bbox 2233 4549 3793 4639; baseline -0.013 -18"><span class='ocrx_word' id='word_1_739' title='bbox 2233 4568 2261 4622; x_wconf 83' lang='grc' dir='ltr'>ὃ</span> <span class='ocrx_word' id='word_1_740' title='bbox 2287 4566 2640 4639; x_wconf 85' lang='grc' dir='ltr'>κηρύσσομεν</span> <span class='ocrx_word' id='word_1_741' title='bbox 2665 4605 2681 4629; x_wconf 90' lang='grc'><strong>,</strong></span> <span class='ocrx_word' id='word_1_742' title='bbox 2715 4564 2748 4635; x_wconf 81' lang='grc' dir='ltr'>ἢ</span> <span class='ocrx_word' id='word_1_743' title='bbox 2795 4565 2939 4634; x_wconf 89' lang='grc' dir='ltr'>τάχα</span> <span class='ocrx_word' id='word_1_744' title='bbox 2965 4578 3069 4615; x_wconf 88' lang='grc' dir='ltr'><strong>που</strong></span> <span class='ocrx_word' id='word_1_745' title='bbox 3098 4557 3193 4614; x_wconf 84' lang='grc' dir='ltr'><strong>τοῦ</strong></span> <span class='ocrx_word' id='word_1_746' title='bbox 3239 4557 3510 4630; x_wconf 80' lang='grc' dir='ltr'>σωτηρίου</span> <span class='ocrx_word' id='word_1_747' title='bbox 3539 4555 3725 4614; x_wconf 78' lang='grc' dir='ltr'>πάθους</span> <span class='ocrx_word' id='word_1_748' title='bbox 3743 4549 3793 4601; x_wconf 76' lang='grc' dir='ltr'>τὸ</span> 
     </span>
    </p>
   </div>
   <div class='ocr_carea' id='block_1_99' title="bbox 2237 4642 3792 4729">
    <p class='ocr_par' dir='ltr' id='par_1_99' title="bbox 2237 4642 3792 4729">
     <span class='ocr_line' id='line_1_99' title="bbox 2237 4642 3792 4729; baseline -0.013 -17"><span class='ocrx_word' id='word_1_749' title='bbox 2237 4657 2526 4729; x_wconf 78' lang='grc' dir='ltr'>σύμϐολον.</span> <span class='ocrx_word' id='word_1_750' title='bbox 2565 4656 2787 4709; x_wconf 83' lang='grc' dir='ltr'>Ἔνεστι</span> <span class='ocrx_word' id='word_1_751' title='bbox 2820 4654 2877 4708; x_wconf 80' lang='grc' dir='ltr'>δὲ</span> <span class='ocrx_word' id='word_1_752' title='bbox 2906 4653 2999 4708; x_wconf 73' lang='grc' dir='ltr'>καὶ</span> <span class='ocrx_word' id='word_1_753' title='bbox 3023 4650 3185 4706; x_wconf 76' lang='grc' dir='ltr'>τοῦτο</span> <span class='ocrx_word' id='word_1_754' title='bbox 3208 4651 3275 4720; x_wconf 75' lang='grc' dir='ltr'>τῇ</span> <span class='ocrx_word' id='word_1_755' title='bbox 3300 4649 3403 4719; x_wconf 80' lang='grc' dir='ltr'>τῆς</span> <span class='ocrx_word' id='word_1_756' title='bbox 3437 4648 3660 4707; x_wconf 81' lang='grc' dir='ltr'>πίστεως</span> <span class='ocrx_word' id='word_1_757' title='bbox 3683 4642 3792 4710; x_wconf 83' lang='grc' dir='ltr'>ὁμο-</span> 
     </span>
    </p>
   </div>
   <div class='ocr_carea' id='block_1_100' title="bbox 2238 4730 3793 4821">
    <p class='ocr_par' dir='ltr' id='par_1_100' title="bbox 2238 4730 3793 4821">
     <span class='ocr_line' id='line_1_100' title="bbox 2238 4730 3793 4821; baseline -0.014 -16"><span class='ocrx_word' id='word_1_758' title='bbox 2238 4751 2419 4821; x_wconf 78' lang='grc' dir='ltr'>λογίᾳ.</span> <span class='ocrx_word' id='word_1_759' title='bbox 2469 4751 2562 4803; x_wconf 88' lang='grc' dir='ltr'><strong>Δεῖ</strong></span> <span class='ocrx_word' id='word_1_760' title='bbox 2604 4749 2712 4819; x_wconf 79' lang='grc' dir='ltr'>γὰρ</span> <span class='ocrx_word' id='word_1_761' title='bbox 2767 4749 2965 4812; x_wconf 69' lang='grc' dir='ltr'>εἰπεῖν,</span> <span class='ocrx_word' id='word_1_762' title='bbox 2993 4746 3076 4799; x_wconf 85' lang='grc' dir='ltr'>ὅτι</span> <span class='ocrx_word' id='word_1_763' title='bbox 3102 4743 3307 4817; x_wconf 85' lang='grc' dir='ltr'>Κύριος</span> <span class='ocrx_word' id='word_1_764' title='bbox 3352 4737 3574 4810; x_wconf 85' lang='grc' dir='ltr'>Ἰησοῦς,</span> <span class='ocrx_word' id='word_1_765' title='bbox 3602 4730 3793 4788; x_wconf 80' lang='grc' dir='ltr'>πιστεῦ-</span> 
     </span>
    </p>
   </div>
   <div class='ocr_carea' id='block_1_101' title="bbox 2226 4822 3792 4909">
    <p class='ocr_par' dir='ltr' id='par_1_101' title="bbox 2226 4822 3792 4909">
     <span class='ocr_line' id='line_1_101' title="bbox 2226 4822 3792 4909; baseline -0.013 -12"><span class='ocrx_word' id='word_1_766' title='bbox 2226 4843 2332 4897; x_wconf 84' lang='grc' dir='ltr'><strong>σαί</strong></span> <span class='ocrx_word' id='word_1_767' title='bbox 2356 4860 2419 4896; x_wconf 90' lang='grc' dir='ltr'><strong>τε</strong></span> <span class='ocrx_word' id='word_1_768' title='bbox 2450 4842 2535 4896; x_wconf 81' lang='grc' dir='ltr'>ὅτι</span> <span class='ocrx_word' id='word_1_769' title='bbox 2573 4843 2601 4895; x_wconf 88' lang='grc' dir='ltr'><strong>ὁ</strong></span> <span class='ocrx_word' id='word_1_770' title='bbox 2631 4840 2766 4904; x_wconf 80' lang='grc' dir='ltr'>Θεὸς</span> <span class='ocrx_word' id='word_1_771' title='bbox 2795 4838 2960 4892; x_wconf 79' lang='grc' dir='ltr'>αὐτὸν</span> <span class='ocrx_word' id='word_1_772' title='bbox 2989 4839 3209 4909; x_wconf 73' lang='grc' dir='ltr'>ἤγειρεν</span> <span class='ocrx_word' id='word_1_773' title='bbox 3234 4837 3301 4888; x_wconf 83' lang='grc' dir='ltr'>ὲκ</span> <span class='ocrx_word' id='word_1_774' title='bbox 3326 4831 3552 4904; x_wconf 84' lang='grc' dir='ltr'>νεκρῶν.</span> <span class='ocrx_word' id='word_1_775' title='bbox 3576 4823 3697 4881; x_wconf 78' lang='grc' dir='ltr'>Εἶτα</span> <span class='ocrx_word' id='word_1_776' title='bbox 3712 4822 3792 4889; x_wconf 81' lang='grc' dir='ltr'>τὴν</span> 
     </span>
    </p>
   </div>
   <div class='ocr_carea' id='block_1_102' title="bbox 2245 4913 3793 5005">
    <p class='ocr_par' dir='ltr' id='par_1_102' title="bbox 2245 4913 3793 5005">
     <span class='ocr_line' id='line_1_102' title="bbox 2245 4913 3793 5005; baseline -0.016 -13"><span class='ocrx_word' id='word_1_777' title='bbox 2245 4928 2542 5005; x_wconf 74' lang='grc' dir='ltr'>θυγατέρα</span> <span class='ocrx_word' id='word_1_778' title='bbox 2594 4933 2749 4988; x_wconf 71' lang='grc' dir='ltr'><strong>Σιὼν</strong></span> <span class='ocrx_word' id='word_1_779' title='bbox 2791 4931 2979 5000; x_wconf 82' lang='grc' dir='ltr'>σαφῶς</span> <span class='ocrx_word' id='word_1_780' title='bbox 3018 4928 3117 5000; x_wconf 80' lang='grc' dir='ltr'>τὴν</span> <span class='ocrx_word' id='word_1_781' title='bbox 3155 4924 3482 4995; x_wconf 80' lang='grc' dir='ltr'>Ἐκκλησίαν</span> <span class='ocrx_word' id='word_1_782' title='bbox 3514 4919 3600 4974; x_wconf 76' lang='grc' dir='ltr'><strong>τὸν</strong></span> <span class='ocrx_word' id='word_1_783' title='bbox 3628 4913 3793 4980; x_wconf 76' lang='grc' dir='ltr'>ἑαυτῆς</span> 
     </span>
    </p>
   </div>
   <div class='ocr_carea' id='block_1_103' title="bbox 2241 5005 3792 5098">
    <p class='ocr_par' dir='ltr' id='par_1_103' title="bbox 2241 5005 3792 5098">
     <span class='ocr_line' id='line_1_103' title="bbox 2241 5005 3792 5098; baseline -0.006 -19"><span class='ocrx_word' id='word_1_784' title='bbox 2241 5026 2616 5098; x_wconf 76' lang='grc' dir='ltr'>προσδοκῆσαι</span> <span class='ocrx_word' id='word_1_785' title='bbox 2647 5016 2892 5090; x_wconf 73' lang='grc' dir='ltr'>σωτῆρα</span> <span class='ocrx_word' id='word_1_786' title='bbox 2946 5019 3209 5074; x_wconf 87' lang='grc' dir='ltr'>διδάσκει.</span> <span class='ocrx_word' id='word_1_787' title='bbox 3244 5016 3404 5071; x_wconf 84' lang='grc' dir='ltr'>Ἔστι</span> <span class='ocrx_word' id='word_1_788' title='bbox 3434 5011 3539 5082; x_wconf 84' lang='grc' dir='ltr'>γὰρ</span> <span class='ocrx_word' id='word_1_789' title='bbox 3566 5005 3792 5075; x_wconf 78' lang='grc' dir='ltr'>θυγάτηρ</span> 
     </span>
    </p>
   </div>
   <div class='ocr_carea' id='block_1_104' title="bbox 2238 5100 3789 5184">
    <p class='ocr_par' dir='ltr' id='par_1_104' title="bbox 2238 5100 3789 5184">
     <span class='ocr_line' id='line_1_104' title="bbox 2238 5100 3789 5184; baseline -0.012 -13"><span class='ocrx_word' id='word_1_790' title='bbox 2238 5115 2333 5171; x_wconf 75' lang='grc' dir='ltr'><strong>τοῦ</strong></span> <span class='ocrx_word' id='word_1_791' title='bbox 2370 5117 2539 5169; x_wconf 83' lang='grc' dir='ltr'>πάλαι</span> <span class='ocrx_word' id='word_1_792' title='bbox 2579 5113 2711 5184; x_wconf 79' lang='grc' dir='ltr'>παρ’</span> <span class='ocrx_word' id='word_1_793' title='bbox 2752 5112 3032 5176; x_wconf 80' lang='grc' dir='ltr'>Ἰουδαίοις</span> <span class='ocrx_word' id='word_1_794' title='bbox 3081 5107 3367 5171; x_wconf 75' lang='grc' dir='ltr'>Θεοσεόοὖς</span> <span class='ocrx_word' id='word_1_795' title='bbox 3418 5100 3789 5169; x_wconf 78' lang='grc' dir='ltr'>πολιτεύματοςο</span> 
     </span>
    </p>
   </div>
   <div class='ocr_carea' id='block_1_105' title="bbox 2240 5192 3789 5277">
    <p class='ocr_par' dir='ltr' id='par_1_105' title="bbox 2240 5192 3789 5277">
     <span class='ocr_line' id='line_1_105' title="bbox 2240 5192 3789 5277; baseline -0.023 -1"><span class='ocrx_word' id='word_1_796' title='bbox 2240 5210 2405 5274; x_wconf 79' lang='grc' dir='ltr'>Λέγει</span> <span class='ocrx_word' id='word_1_797' title='bbox 2438 5208 2493 5261; x_wconf 80' lang='grc' dir='ltr'>δὲ</span> <span class='ocrx_word' id='word_1_798' title='bbox 2538 5208 2634 5261; x_wconf 83' lang='grc' dir='ltr'>νῦν</span> <span class='ocrx_word' id='word_1_799' title='bbox 2662 5207 2791 5277; x_wconf 74' lang='grc' dir='ltr'>περὶ</span> <span class='ocrx_word' id='word_1_800' title='bbox 2823 5205 2921 5275; x_wconf 82' lang='grc' dir='ltr'><strong>τῆς</strong></span> <span class='ocrx_word' id='word_1_801' title='bbox 2975 5201 3236 5273; x_wconf 83' lang='grc' dir='ltr'>δευτέρας</span> <span class='ocrx_word' id='word_1_802' title='bbox 3267 5196 3584 5270; x_wconf 72' lang='grc' dir='ltr'>παρουσίας,</span> <span class='ocrx_word' id='word_1_803' title='bbox 3620 5192 3789 5277; x_wconf 52' lang='grc' dir='ltr'>ἀναμίξ</span> 
     </span>
    </p>
   </div>
   <div class='ocr_carea' id='block_1_106' title="bbox 2239 5275 3789 5374">
    <p class='ocr_par' dir='ltr' id='par_1_106' title="bbox 2239 5275 3789 5374">
     <span class='ocr_line' id='line_1_106' title="bbox 2239 5275 3789 5374; baseline -0.019 -16"><span class='ocrx_word' id='word_1_804' title='bbox 2239 5302 2498 5374; x_wconf 80' lang='grc' dir='ltr'>μνήσκων</span> <span class='ocrx_word' id='word_1_805' title='bbox 2525 5300 2599 5364; x_wconf 83' lang='grc' dir='ltr'><strong>ὡς</strong></span> <span class='ocrx_word' id='word_1_806' title='bbox 2626 5301 2656 5352; x_wconf 84' lang='grc' dir='ltr'>ὁ</span> <span class='ocrx_word' id='word_1_807' title='bbox 2680 5275 2851 5353; x_wconf 81' lang='grc' dir='ltr'>πάλαι</span> <span class='ocrx_word' id='word_1_808' title='bbox 2878 5314 2937 5352; x_wconf 88' lang='grc' dir='ltr'><strong>σε</strong></span> <span class='ocrx_word' id='word_1_809' title='bbox 2956 5295 3159 5359; x_wconf 81' lang='grc' dir='ltr'>σώσας,</span> <span class='ocrx_word' id='word_1_810' title='bbox 3195 5292 3257 5347; x_wconf 84' lang='grc' dir='ltr'>δι’</span> <span class='ocrx_word' id='word_1_811' title='bbox 3281 5284 3360 5346; x_wconf 84' lang='grc' dir='ltr'>ὧν</span> <span class='ocrx_word' id='word_1_812' title='bbox 3383 5284 3605 5361; x_wconf 70' lang='grc' dir='ltr'>ἔπραξέν</span> <span class='ocrx_word' id='word_1_813' title='bbox 3631 5297 3681 5337; x_wconf 81' lang='grc' dir='ltr'><strong>τε</strong></span> <span class='ocrx_word' id='word_1_814' title='bbox 3714 5275 3789 5374; x_wconf 74' lang='grc' dir='ltr'>καὶ</span> 
     </span>
    </p>
   </div>
   <div class='ocr_carea' id='block_1_107' title="bbox 2240 5370 3787 5459">
    <p class='ocr_par' dir='ltr' id='par_1_107' title="bbox 2240 5370 3787 5459">
     <span class='ocr_line' id='line_1_107' title="bbox 2240 5370 3787 5459; baseline -0.014 -9"><span class='ocrx_word' id='word_1_815' title='bbox 2240 5370 2535 5454; x_wconf 75' lang='grc' dir='ltr'>πέπονθεν.</span> <span class='ocrx_word' id='word_1_816' title='bbox 2588 5395 2682 5448; x_wconf 84' lang='grc' dir='ltr'><strong>Διὸ</strong></span> <span class='ocrx_word' id='word_1_817' title='bbox 2728 5392 2826 5448; x_wconf 75' lang='grc' dir='ltr'>καὶ</span> <span class='ocrx_word' id='word_1_818' title='bbox 2868 5389 3116 5459; x_wconf 83' lang='grc' dir='ltr'>Ἰησοῦς</span> <span class='ocrx_word' id='word_1_819' title='bbox 3173 5385 3516 5458; x_wconf 79' lang='grc' dir='ltr'>ὀνομάζεται,</span> <span class='ocrx_word' id='word_1_820' title='bbox 3564 5374 3692 5432; x_wconf 74' lang='grc' dir='ltr'>κατὰ</span> <span class='ocrx_word' id='word_1_821' title='bbox 3712 5370 3787 5425; x_wconf 69' lang='grc' dir='ltr'><strong>τὸν</strong></span> 
     </span>
    </p>
   </div>
   <div class='ocr_carea' id='block_1_108' title="bbox 2253 5515 3648 5609">
    <p class='ocr_par' dir='ltr' id='par_1_108' title="bbox 2253 5515 3648 5609">
     <span class='ocr_line' id='line_1_108' title="bbox 2253 5515 3648 5609; baseline -0.011 -20"><span class='ocrx_word' id='word_1_822' title='bbox 2253 5535 2298 5567; x_wconf 70' lang='grc'>⁸⁸</span> <span class='ocrx_word' id='word_1_823' title='bbox 2330 5534 2464 5590; x_wconf 85' lang='lat' dir='ltr'><strong>ibid.</strong></span> <span class='ocrx_word' id='word_1_824' title='bbox 2499 5534 2555 5590; x_wconf 78' lang='grc'>2.</span> <span class='ocrx_word' id='word_1_825' title='bbox 2592 5536 2635 5567; x_wconf 67' lang='grc'>⁸⁷</span> <span class='ocrx_word' id='word_1_826' title='bbox 2671 5531 2861 5588; x_wconf 76' lang='lat' dir='ltr'><strong>Matth.</strong></span> <span class='ocrx_word' id='word_1_827' title='bbox 2893 5545 3012 5599; x_wconf 75' lang='lat' dir='ltr'><strong>va,</strong></span> <span class='ocrx_word' id='word_1_828' title='bbox 3060 5528 3159 5609; x_wconf 33' lang='lat'><strong>‘18.</strong></span> <span class='ocrx_word' id='word_1_829' title='bbox 3236 5526 3282 5561; x_wconf 75' lang='lat'>“</span> <span class='ocrx_word' id='word_1_830' title='bbox 3311 5520 3468 5581; x_wconf 72' lang='lat' dir='ltr'><strong>Rom.</strong></span> <span class='ocrx_word' id='word_1_831' title='bbox 3493 5537 3544 5587; x_wconf 76' lang='grc' dir='ltr'>ι,</span> <span class='ocrx_word' id='word_1_832' title='bbox 3597 5515 3648 5573; x_wconf 82' lang='grc'>9.</span> 
     </span>
    </p>
   </div>
   <div class='ocr_carea' id='block_1_109' title="bbox 1873 5668 2546 5726">
    <p class='ocr_par' dir='ltr' id='par_1_109' title="bbox 1873 5668 2546 5726">
     <span class='ocr_line' id='line_1_109' title="bbox 1873 5668 2546 5726; baseline 0.001 -2"><span class='ocrx_word' id='word_1_833' title='bbox 1873 5668 2106 5724; x_wconf 64' lang='grc' dir='ltr'><strong>νΑΗΙᾹΣ</strong></span> <span class='ocrx_word' id='word_1_834' title='bbox 2135 5668 2546 5726; x_wconf 76' lang='lat' dir='ltr'><strong>LECTIONES.</strong></span> 
     </span>
    </p>
   </div>
   <div class='ocr_carea' id='block_1_110' title="bbox 612 5755 1214 5843">
    <p class='ocr_par' dir='ltr' id='par_1_110' title="bbox 612 5755 1214 5843">
     <span class='ocr_line' id='line_1_110' title="bbox 612 5755 1214 5843; baseline 0.005 -31"><span class='ocrx_word' id='word_1_835' title='bbox 612 5758 628 5796; x_wconf 77' lang='grc' dir='ltr'>ι</span> <span class='ocrx_word' id='word_1_836' title='bbox 678 5772 772 5843; x_wconf 60' lang='grc' dir='ltr'>τρ.</span> <span class='ocrx_word' id='word_1_837' title='bbox 808 5755 1214 5831; x_wconf 63' lang='grc' dir='ltr'>ἀπρόσκοπον.</span> 
     </span>
    </p>
   </div>
  </div>
