3978 6410
222 325 343 393 2661

1334 320 1749 383 COMMENTA
1762 320 1842 378 BI
1850 320 1876 378 Ι
1926 320 2010 379 IN
2068 321 2359 380 ISAIAM.

3332 321 3477 384 2669.

218 441 357 506 λόγον
382 436 472 490 τοῦ
493 433 728 508 Γαϐριὴλ
747 451 760 465 ·
778 436 956 501 ,Αὐτὸς
985 436 1093 507 γὰρ
1122 436 1285 489 σώσει
1315 434 1408 488 τὸν
1436 434 1566 486 λαὸν
1593 432 1780 485 αὐτοῦ.

1888 432 2120 487 salutem
2154 433 2314 489 nobis
2353 442 2594 504 pararet,
2626 442 2680 489 et
2709 434 2815 504 pati
2840 432 3090 505 contigit.
3122 432 3242 500 Quo
3266 432 3468 488 factum

219 530 368 583 Πάλιν
398 527 547 594 ἣξει,
580 527 775 598 κριτὴς
807 527 944 598 ὁμοῦ
981 528 1078 581 καὶ
1106 524 1562 597 μισθαποδότης
1588 522 1782 592 ὲσόμευ

215 638 309 683 νος.
340 620 441 674 Καὶ
469 618 579 672 ἄνω
606 618 662 672 δὲ
688 618 873 688 ἔλεγεν
897 637 910 650 '
949 619 1119 673 Εἰπὸν
1159 621 1279 682 ταῖς
1310 618 1534 671 πόλεσιν
1587 615 1780 678 Ἰούδα,

217 712 333 766 Ἰδοὺ
360 713 387 764 ὁ
422 709 610 780 μισθὸς
656 710 824 765 αὐτοῦ
871 712 989 781 μετ’
1038 710 1225 778 αὐτοῦ,
1269 709 1365 764 καὶ
1398 710 1466 762 τὰ
1506 707 1591 777 ἐφ’
1630 706 1779 776 ἑξῆς.

226 804 354 855 Ἀντὶ
382 802 435 854 δὲ
462 799 553 855 τοῦ
574 842 588 864 ,
626 803 725 856 καὶ
766 802 1015 857 καλεσει
1059 803 1274 855 αὐτόν’
1332 799 1554 865 αὐτοὺς
1587 797 1781 862 ἐξέδω-

215 913 303 949 καν
331 872 381 947 οἱ.
402 894 595 959 λοιποὶ,
621 893 822 964 δηλαδὴ
843 895 968 958 τοὺς
996 891 1519 962 σωθησομένους.Ἦ
1552 891 1653 962 μὲν
1687 886 1782 944 οὖν

214 984 434 1053 ἐπίγειος
472 983 863 1053 Ἰερουσαλὴμ
903 980 1492 1053 ἐπι-καταλελειμμένῃ
1533 981 1776 1049 λέγεται,

214 1076 336 1147 αὕτη
365 1075 418 1129 δὲ
438 1076 896 1146 ἐπιζητουμένη.
944 1076 1004 1131 Ὀ
1050 1076 1159 1147 γὰρ
1205 1074 1375 1129 ἐλθὼν
1405 1072 1654 1143 ζητῆσαι
1686 1073 1781 1128 καὶ

214 1169 364 1222 σῶσαι
412 1169 470 1221 τὸ
500 1168 795 1235 ἀπολωλὸς,
836 1161 994 1232 οὗτος
1050 1167 1230 1245 εὑρὼν
1271 1168 1403 1222 αὐτὸ
1454 1169 1547 1222 καὶ
1576 1166 1778 1232 σώσας,

209 1262 295 1314 οὐκ
318 1259 393 1313 ἔτι
417 1253 714 1314 ἀπολέσθαι
746 1260 879 1313 αὐτὸ
930 1261 1303 1330 συγχωρήσει.
1358 1259 1515 1322 Τινὲς
1553 1260 1611 1312 δὲ
1653 1259 1783 1330 περὶ

210 1354 295 1421 τῆς
337 1351 559 1423 πρώτης
600 1354 911 1424 παρουσίας
946 1353 1037 1406 τὸν
1076 1352 1235 1421 λόγον
1286 1351 1563 1419 ἐξέλαϐον.
1607 1336 1783 1418 Εὐαί-

210 1445 506 1513 γελίσασθαι
555 1446 614 1499 δὲ
664 1445 880 1499 κελεύει
934 1446 1109 1511 Σιὼν,
1163 1441 1243 1509 οἷς
1285 1445 1382 1498 καὶ
1435 1445 1532 1508 τὰς
1581 1446 1783 1511 πύλας

208 1536 496 1605 ἀνοιγνύναι
537 1538 962 1608 παρεκελεύετο.
1005 1538 1248 1610 Πάρεστι
1295 1536 1351 1590 δὲ
1410 1537 1624 1605 μαθεῖν,
1658 1537 1783 1591 ὅσον

207 1627 289 1681 τοῦ
322 1628 574 1699 Σωτῆρος
617 1630 712 1682 καὶ
750 1630 858 1683 τῶν
890 1628 1150 1700 μαθητῶν
1190 1630 1249 1683 τὸ
1279 1630 1556 1701 διάφορον.
1588 1630 1651 1680 0i
1686 1629 1785 1698 μὲν

208 1719 301 1789 γὰρ
335 1719 625 1780 καλοῦντες
661 1722 743 1784 είς
774 1721 1026 1786 εὐζωῖαν,
1075 1722 1174 1784 τὰς
1206 1722 1269 1775 ὲκ
1302 1720 1440 1775 Θεοῦ
1486 1720 1781 1791 διεκήρυτ-

207 1829 283 1864 τον
324 1810 555 1881 ἀμοιϐάς
580 1828 594 1842 ·
628 1813 743 1866 ἀλλ’
792 1815 893 1868 οὐκ
942 1814 1098 1867 αὐτοὶ
1127 1792 1486 1884 χαρισμάτων
1536 1809 1676 1885 ἦσαν
1699 1813 1785 1867 δο-

205 1906 351 1976 τῆρες
383 1907 779 1976 πνευματικῶν
799 1924 813 1938 ·
844 1909 872 1960 ὀ
898 1907 954 1961 δὲ
995 1908 1221 1976 Σωτὴρ,
1252 1909 1327 1971 ὼς
1358 1908 1511 1972 Θεξς,
1541 1907 1786 1978 διανέμει

209 1998 433 2069 μισθούς.
474 1998 692 2054 Οὐκοῦν
724 2001 819 2054 καὶ
865 2000 958 2054 τὸν
1006 2000 1241 2054 ἑκάστου
1271 2002 1474 2072 τρόπον
1516 2002 1639 2072 ὁρᾷ.
1678 1988 1788 2054 Keil

204 2089 342 2144 τοῦτο
368 2089 422 2144 δὲ
464 2091 631 2161 μόνου
684 2091 843 2145 Θεοῦ.
890 2092 1205 2163 Γέγραπται
1246 2091 1379 2163 γὰρ,
1429 2093 1513 2145 ὅτι
1551 2090 1787 2145 ἐνώπιόν

205 2181 296 2233 εἰσι
323 2180 423 2233 τῶν
444 2181 545 2235 τοῦ
579 2181 714 2236 Θεοῦ
761 2181 1054 2254 ὀφθαλμῶν
1082 2184 1195 2237 ὁδοὶ
1242 2184 1457 2256 ἀνδρὸς,
1486 2186 1567 2249 εις
1592 2184 1649 2237 δὲ
1680 2186 1788 2239 πά-

206 2283 290 2331 σας
326 2268 419 2332 τὰς
449 2270 707 2340 τροχείας
747 2271 913 2325 αὑτοῦ
950 2273 1237 2327 σκοπεύει.
1273 2272 1580 2344 Τοιγαροῦν
1616 2274 1782 2345 ούρα-

205 2358 285 2412 νοῦ
310 2361 404 2425 τάς
426 2361 579 2425 κλεῖς
608 2363 801 2434 Πέτρῳ
826 2366 1068 2435 παρέσχε
1098 2366 1281 2429 καλῶς
1306 2366 1407 2439 τὴν
1439 2367 1624 2418 πίστιν
1650 2367 1783 2435 ὁμο-

205 2448 498 2518 λογήσαντι,
553 2453 647 2507 καὶ
688 2455 749 2506 τὸ
790 2453 1052 2508 δύνασθαι
1111 2455 1330 2526 δεσμεῖν
1373 2473 1433 2507 τε
1460 2456 1582 2509 ’καὶ
1610 2455 1780 2512 λύειν.

216 2540 526 2612 Ἐχαρίσατο
576 2543 636 2597 δὲ
694 2545 789 2599 καὶ
839 2548 973 2599 πᾶσι
1025 2550 1138 2610 τοῖς
1193 2547 1464 2616 μαθηταῖς
1508 2546 1570 2599 τὸ
1606 2549 1785 2601 πᾶσαν

205 2631 342 2684 νόσον
376 2633 469 2686 κοιλ⁵
490 2634 773 2704 μαλακίαν
803 2635 1131 2708 θεραπεύειν
1158 2636 1316 2707 ἐντῷ
1347 2638 1515 2708 λόγῳ.
1546 2640 1786 2692 Μισθόν

205 2740 255 2777 τε
283 2724 571 2795 ὁμολογίας
593 2728 775 2782 δίδωσι
803 2730 880 2802 τῷ
902 2730 1073 2802 λῃστῇ
1098 2731 1163 2785 τό
1185 2748 1198 2762 ⁸
1229 2732 1480 2801 Σήμερον
1510 2732 1629 2803 μετ’
1650 2733 1785 2803 ἐμοῦ

205 2816 293 2887 ἔσῃ
317 2819 370 2872 ὲν
396 2819 472 2890 τῷ
514 2820 848 2893 παραδείσῳ.
878 2822 1101 2878 Ἐλθὼν
1122 2822 1203 2889 δὲ,
1236 2824 1390 2894 φησὶ,
1419 2825 1541 2888 τοὺς
1568 2824 1787 2879 πιστεύ-

207 2924 384 2972 σαντας
407 2912 665 2966 καλέσει
704 2914 861 2966 λαὸν
887 2914 1349 2984 λελυτρωμένον
1379 2913 1498 2970 ὑπὸ
1531 2918 1781 2984 Κυρίου.

206 3002 270 3055 Οὐ
304 3003 408 3075 γὰρ
440 3003 712 3075 πρέσϐυς,
759 3006 858 3058 οὐκ
906 3004 1140 3073 ἄγγελος
1166 3042 1181 3068 ,
1225 3005 1341 3059 ἀλλ’
1376 3007 1542 3070 αὐτὸς
1576 3007 1785 3077 Κύριος

1884 534 1992 588 est,
2021 535 2080 579 ut
2104 525 2271 590 idem,
2300 527 2604 581 secundum
2626 526 2903 583 Gabrielis
2941 542 3153 590 vocem,
3177 526 3329 580 Jeeus
3349 526 3472 581 ideo

1885 613 2219 680 nominetur,
2251 618 2395 686 quod
2432 617 2694 687 populum
2721 633 2882 672 suum
2907 618 3224 673 salvaturus
3239 627 3385 672 esset
3399 617 3469 672 δ’.

1895 708 2076 763 Veniet
2105 726 2323 767 rursum
2350 712 2521 781 judex
2555 713 2696 768 idem
2729 714 3087 784 mercedisque
3118 713 3356 768 tributor
3388 713 3473 767 fu-

1886 807 2067 869 turus,
2092 801 2248 872 juxta
2275 804 2421 874 quod
2454 812 2583 860 ante
2609 806 2895 876 usurpavit
2927 790 3260 861 his‘verbis:
3301 823 3318 855 ι
3350 805 3469 859 Dixi

1885 892 2203 950 civitatibus
2232 894 2429 951 Judte:
2468 896 2609 952 Ecce
2648 911 2864 953 merces
2915 898 3036 966 ejus
3082 912 3205 952 cum
3245 912 3311 951 eo
3338 897 3406 961 ⁸⁵,
3443 915 3463 948 ι

1883 992 1938 1039 et
1966 1000 2086 1055 quae
2124 987 2409 1058 deinceps.
2472 988 2672 1044 Verum
2700 1005 2810 1058 quo
2841 990 2961 1043 loco
2993 988 3060 1041 Et
3104 987 3310 1042 uocabit
3349 1004 3468 1042 eum
3522 1042 3525 1045 .

1885 1076 2169 1143 habemus,
2199 1096 2284 1133 eos
2312 1083 2570 1137 dixerunt
2589 1083 2770 1137 caeteri
2795 1102 2821 1156 :'
2844 1091 2902 1136 ut
2931 1082 2997 1136 de
3028 1082 3094 1135 iis
3118 1081 3209 1151 qui
3237 1082 3468 1135 salutem

1884 1172 2239 1225 consecuturi
2275 1183 2429 1238 sunt,
2469 1174 2697 1245 intelligi
2722 1173 3113 1243 significarent.
3150 1174 3281 1238 Qua:
3304 1173 3471 1242 igitur

1884 1261 2167 1315 terrestris
2199 1269 2285 1316 est
2305 1261 2611 1317 Jerusalem
2632 1304 2647 1331 ,
2689 1264 2941 1318 derelicta
2964 1265 3196 1325 dicitur;
3229 1263 3342 1318 haec
3374 1279 3472 1318 au-

1884 1357 1992 1404 tem
2036 1340 2310 1420 requisita.
2357 1353 2631 1420 Quienim
2668 1357 2854 1421 venit,
2898 1364 2957 1409 ut
3006 1357 3152 1425 quod
3197 1357 3468 1425 perierat,

1884 1451 2144 1510 quwreret
2188 1452 2235 1498 et
2262 1444 2539 1500 salvaret:
2584 1448 2724 1500 idem
2759 1446 2904 1514 quod
2935 1447 3143 1501 invenit
3201 1456 3254 1499 et
3286 1449 3469 1499 salva-

1886 1536 1984 1599 vit,
2017 1537 2197 1606 perire
2225 1538 2464 1608 amplius
2514 1555 2624 1594 non
2656 1540 2822 1596 sinet.
2872 1538 2990 1593 Non
3022 1540 3222 1595 desunt
3265 1548 3467 1605 tamen,

1885 1628 1976 1695 qui
2014 1628 2078 1681 ad
2116 1629 2353 1699 priorem
2408 1631 2704 1685 adventum
2756 1634 3085 1685 retulerunt.
3121 1631 3282 1685 Jubet
3305 1646 3471 1700 porro

1888 1717 2044 1777 δῖοιιὶ
2069 1734 2165 1774 eos
2197 1722 2602 1791 evangelizare,
2634 1722 2838 1792 quibus
2863 1724 3026 1777 etiam
3052 1734 3237 1793 portas
3262 1725 3474 1792 aperite

1891 1810 2260 1879 praecipiebat.
2310 1811 2367 1865 in
2414 1828 2523 1881 quo
2566 1813 2781 1867 discere
2829 1827 2941 1877 cst,
2971 1825 3179 1883 quanta
3230 1814 3300 1868 sit
3332 1814 3474 1867 inter

1892 1900 2234 1958 Salvatorem
2265 1913 2318 1958 et
2341 1905 2648 1976 discipulos
2683 1906 3016 1961 differentia.
3056 1905 3310 1967 lli-enim,
3345 1922 3470 1959 cum

1891 1994 1959 2049 ad
1986 1996 2111 2050 vita:
2159 1996 2486 2066 probitatem
2518 1998 2895 2061 hortarentur,
2945 2013 3040 2053 eas
3075 2005 3318 2062 tantum,
3352 2011 3475 2067 qua:

1890 2104 1921 2143 a
1953 2088 2063 2143 Deo
2093 2098 2271 2154 erant,
2306 2090 2702 2144 retributiones
2735 2091 3125 2159 praedicabant,
3158 2103 3281 2153 cum
3311 2090 3474 2157 spiri-

1892 2180 2071 2235 tuales
2104 2180 2179 2233 illi
2215 2181 2423 2250 gratias
2453 2181 2677 2235 minime
2713 2181 3065 2251 largirentur,
3102 2184 3195 2234 sed
3224 2178 3476 2234 Salvator

1890 2271 2336 2340 ipse,tanqnam
2388 2270 2565 2335 Deus,
2600 2270 2761 2339 cujus
2816 2280 2902 2325 est
2956 2271 3261 2325 mercedem
3312 2273 3473 2325 retri-

1890 2361 2077 2416 buere.
2122 2360 2283 2415 Videt
2316 2362 2484 2432 igitur
2508 2372 2561 2415 et
2594 2361 2937 2430 singulorum
2969 2374 3182 2426 mores;
3212 2361 3357 2430 quod
3385 2367 3473 2414 est

1891 2453 2053 2507 unius
2081 2460 2292 2508 tantum
2331 2452 2420 2507 Dei
2452 2455 2754 2523 proprium.
2796 2452 3072 2506 Scribitur
3098 2453 3268 2516 enim,
3294 2451 3474 2507 oculis

1891 2542 1985 2598 Dei
2018 2543 2133 2599 vias
2167 2543 2408 2598 hominis
2446 2552 2656 2613 patere,
2691 2558 2993 2614 (inittesque
3029 2544 3194 2612 hujus
3244 2545 3474 2598 semitas

1887 2636 2137 2690 emndem
2170 2636 2377 2690 intueri
2398 2636 2665 2707 ".Atqne
2692 2637 2820 2692 inde
2854 2645 2960 2700 est,
2986 2637 3130 2706 quod
3160 2635 3322 2692 Petro
3345 2637 3472 2693 cmli

1834 2724 1841 2731 ’
1887 2727 2069 2783 claves
2102 2728 2367 2792 tradidit,
2423 2728 2689 2798 adjuncta
2725 2728 2931 2801 ligandi
2981 2729 3339 2799 solvendique
3372 2744 3474 2797 po-

1890 2826 2104 2884 testate,
2144 2835 2269 2875 cum
2308 2821 2599 2890 pulchram
2646 2821 2771 2876 ﬁdei
2822 2820 3232 2877 confessionem
3268 2820 3475 2874 edidiso

1888 2912 2056 2967 set".
2097 2913 2228 2967 Eam
2258 2930 2390 2969 vero
2415 2914 2734 2968 facultatem
2777 2915 2945 2985 716
2970 2895 3275 2969 tradidit-et
3301 2914 3473 2970 disci-

1890 3004 2033 3073 pulis
2091 3006 2387 3069 omnibus,
2441 3015 2503 3060 ut
2547 3006 2800 3060 morbum
2846 3021 3095 3069 omnem,
3148 3020 3476 3073 onmemqne

205 3094 388 3150 ἔσωσεν
417 3098 590 3167 ἡμᾶς.
628 3094 1137 3165 Ἐπιζτητουμένην
1170 3097 1227 3150 δὲ
1287 3097 1591 3166 κληθῆναι
1630 3118 1783 3170 φησι,

1894 3096 2267 3150 infirmitatem
2301 3098 2469 3153 verbo
2518 3096 2971 3167 persultarent".
3022 3095 3241 3152 Tribnit
3278 3108 3329 3150 et
3367 3095 3477 3151 La-

203 3185 334 3242 τοῦτ’
378 3189 498 3243 ἔστι
555 3189 777 3260 μνήμης
819 3188 1166 3261 ἀξιουμένην.
1203 3188 1428 3243 Τοιοῦτο
1469 3192 1580 3263 γὰρ
1604 3193 1665 3246 τὸ
1689 3193 1783 3263 ζη-

1897 3188 2042 3242 troni
2071 3187 2441 3245 confessionis
2471 3190 2787 3255 mercedem,
2833 3205 2958 3245 cum
2991 3204 3059 3244 eo
3097 3189 3185 3243 die
3207 3206 3394 3244 secum
3421 3190 3475 3242 in

203 3280 502 3351 τούμενον.
553 3280 619 3334 Ἦ
663 3282 720 3335 δὲ
745 3280 935 3352 πρώτη
961 3282 1187 3349 γέγονεν
1215 3282 1784 3356 ἐγκαταλελειμμένη,

1896 3279 2149 3348 paradiso
2175 3278 2417 3335 futurum
2438 3296 2562 3335 eum
2586 3281 2868 3351 pollicitus
2892 3289 2975 3336 est
2992 3281 3060 3333 ⁵⁵.
3082 3282 3186 3337 Ubi
3202 3295 3368 3354 porro
3392 3297 3478 3336 ve-

201 3371 290 3425 Διά
335 3372 440 3444 γὰρ
500 3372 773 3443 Ἰερεμίου
838 3373 1038 3443 φησίνο
1105 3393 1123 3425 ι
1162 3371 1631 3441 Ἐγκαταλέλοιπα
1695 3381 1783 3433 τὸν

1893 3370 2050 3436 uerit,
2084 3372 2282 3443 inquit,
2334 3388 2429 3429 eos
2458 3374 2551 3443 qui
2590 3374 2969 3437 crediderunt.
2999 3376 3251 3443 populum
3281 3373 3481 3428 redem-

203 3454 336 3514 οἶκόν
382 3479 511 3531 μου,
562 3461 753 3531 ἀφῆκα
799 3460 896 3531 τὴν
949 3460 1336 3530 κληρονομίαν.
1378 3479 1396 3512 ι
1447 3463 1558 3517 Καὶ
1609 3466 1636 3518 ὁ
1675 3466 1783 3519 Σω-

1891 3477 2043 3534 ptum
2065 3483 2098 3519 a
2118 3465 2344 3519 Domino
2362 3465 2586 3523 vocabit.
2610 3463 2728 3519 Non
2752 3466 2896 3520 enim
2916 3467 3158 3535 legatus,
3178 3481 3286 3519 non
3312 3480 3481 3536 ange-

202 3553 295 3623 τὴρ
341 3554 396 3607 δέ
431 3569 641 3626 φησιν’
690 3572 709 3606 ι
749 3552 884 3607 ’ἰδοὺ
930 3554 1152 3624 ἀφίεται
1186 3553 1314 3624 ὑμῖν
1363 3556 1391 3607 ὀ
1428 3550 1579 3622 οἶκος
1629 3558 1783 3629 ὑμῶν

1890 3558 2001 3621 lus,
2028 3559 2125 3613 sed
2169 3559 2288 3629 ipse
2325 3558 2595 3615 Dominus
2617 3559 2849 3614 salvavit
2870 3575 2972 3614 nos
2993 3558 3061 3614 ".
3093 3557 3182 3611 Ait
3218 3567 3479 3627 praaterea

204 3643 413 3715 ἔρημος-
450 3664 469 3697 ³
1889 3652 2200 3719 requisitam
2237 3667 2351 3705 esse
2400 3661 2664 3718 vocatam,
2721 3651 2774 3703 id
2816 3660 2901 3705 est
2959 3650 3223 3705 memoria
3257 3648 3478 3719 dignam

205 3731 467 3790 habitam:
507 3734 819 3807 cuiusmodi
841 3741 950 3801 est,
970 3735 1115 3806 quod
1146 3736 1427 3807 quwritur.
1459 3735 1552 3793 Est
1577 3754 1779 3810 porro,
1803 3760 1924 3816 qua:
1945 3746 2119 3814 prima
2148 3744 2273 3809 fuit,
2298 3743 2514 3797 relicta.
2537 3741 2627 3795 Sic
2652 3740 2794 3797 enim
2827 3739 3116 3796 Jercmias:
3157 3758 3175 3790 ι
3203 3738 3478 3808 Dereliqui

205 3825 409 3882 domum
445 3843 652 3894 meam.
681 3829 867 3885 dimisi
901 3829 1271 3885 hmreditntem
1304 3844 1481 3884 meam
1502 3832 1572 3885 ⁸⁸.
1603 3853 1622 3885 ι
1652 3834 1719 3889 Et
1766 3836 2055 3894 Salvator:
2088 3857 2108 3890 ι
2146 3835 2287 3893 Ecce
2317 3838 2664 3906 relinquetur
2687 3836 2881 3891 domus
2904 3842 3087 3891 vestra
3118 3835 3336 3890 deserta
3356 3832 3422 3885 ⁸⁷.
3450 3847 3470 3877 θ

267 3919 419 3983 Τινὲς
451 3920 515 3974 δὲ
546 3920 609 3973 τὸ
636 3921 744 3974 πᾶν
784 3919 958 3984 οὕτως
999 3920 1206 3976 ἄνωθεν
1236 3922 1595 3995 ἐξηγήσαντο.
1630 3927 1783 3992 Ἔθος

1965 3930 2107 3985 Sunt
2131 3945 2261 3985 vero
2291 3930 2567 3996 nonnulli,
2603 3930 2696 3999 qui
2733 3937 2909 3984 totum
2932 3930 3037 3983 hoc
3059 3929 3128 3984 ab
3147 3928 3305 3982 initio
3331 3929 3478 3982 hunc

209 4010 307 4074 τοῖς
330 4013 644 4083 προφήταις
687 4012 773 4080 ἐφ’
822 4008 904 4076 οἷς
939 4014 1350 4084 προθεωροῦσιν
1398 4018 1646 4089 ἀνιαροῖς
1693 4020 1783 4091 μὲν

1893 4018 1949 4071 ἰιι
1983 4019 2205 4074 modum
2239 4019 2535 4087 explicent.
2576 4015 2852 4073 Usitatnm
2884 4025 2969 4072 est
2991 4016 3274 4087 prophetis
3304 4016 3375 4071 ob
3413 4032 3477 4070 ea

208 4102 430 4168 πενθεῖν,
469 4104 701 4172 ἀγαθοῖς
732 4105 789 4158 δὲ
825 4103 946 4159 λίαν
965 4107 1418 4176 εὐφραίνεσθαι·
1452 4109 1480 4162 ὃ
1515 4112 1609 4164 καὶ
1640 4109 1735 4164 νῦν
1765 4110 1783 4164 ἐ

1891 4123 2013 4177 qua:
2064 4108 2281 4171 vident,
2324 4108 2371 4162 si
2420 4107 2647 4161 molesta
2715 4113 2865 4171 sunt,
2917 4104 3132 4176 lugere;
3183 4105 3227 4159 si
3274 4103 3476 4170 fausta,

214 4197 479 4270 προφήτης
515 4200 677 4251 ποιεῖ.
711 4197 1222 4271 Εὐαγγελισάμενος
1268 4202 1378 4271 γὰρ
1411 4201 1506 4255 τοῦ
1538 4203 1783 4276 Σωτῆρος

1894 4200 2073 4255 lwtari
2097 4215 2264 4270 quam
2300 4202 2573 4255 maxime:
2602 4199 2749 4269 quod
2780 4210 2833 4255 et
2859 4199 3101 4254 hocloco
3131 4196 3260 4252 facit
3283 4198 3475 4254 Isaias.

207 4286 297 4358 τὴν
321 4289 529 4358 ἄφιξιν,
552 4293 648 4344 καὶ
677 4290 775 4361 τὴν
799 4289 1056 4345 ἁπάντων
1096 4284 1395 4363 σωτηρίαν,
1426 4292 1588 4346 αὐτόν
1614 4311 1671 4348 τε
1698 4294 1783 4347 τὸν

1896 4292 2032 4347 Cum
2065 4293 2211 4347 enim
2246 4292 2551 4346 Salvatoris
2574 4292 2888 4355 adventum,
2917 4291 3203 4360 ipsamque
3229 4288 3475 4343 onmium

206 4379 431 4448 Χριστὸν
480 4381 901 4451 ἐνδυσάμενος
948 4376 1034 4453 (ᾧ
1083 4383 1436 4454 κοσμεῖται,
1484 4384 1578 4437 καὶ
1633 4402 1783 4456 περι-

1896 4384 2133 4440 salutem
2166 4383 2586 4448 annuntiasset;
2613 4396 2736 4435 cum
2764 4380 3046 4434 Christum
3072 4379 3330 4447 denique,
3364 4392 3476 4447 quo

208 4470 500 4544 δάλλεται),
531 4472 897 4544 πανηγυρίξει
925 4473 1004 4545 τῷ
1038 4473 1312 4544 πνεύματι
1350 4472 1589 4528 διάθεσιν
1621 4472 1781 4545 ἔχων,

204 4558 264 4631 ῆν
311 4562 378 4617 ἂν
406 4562 534 4635 ἔσχε
588 4565 917 4630 νεανίσκος
956 4563 1097 4636 πρὸς
1129 4563 1454 4633 παρθένον,
1503 4566 1595 4619 καὶ
1623 4565 1785 4629 αὐτὸς

208 4652 374 4708 συνὼν
400 4654 480 4725 τῷ
519 4654 763 4726 Χριστῷ.
797 4655 870 4708 Τὸ
914 4655 1012 4721 δὲ,
1048 4655 1128 4721 ὡς
1166 4654 1244 4725 γῆ
1294 4655 1570 4721 αὔξουσα
1599 4656 1782 4723 ἄνθος

204 4742 408 4813 αὐτῆς,
435 4745 591 4816 δηλοῖ
623 4746 751 4810 τοὺς
784 4748 905 4811 ταῖς
950 4746 1151 4818 ψυχαῖς
1189 4747 1644 4819 ἐναποκειμένους
1696 4747 1788 4800 λό-

1892 4482 2117 4528 ornatur
2159 4480 2216 4529 et
2262 4473 2540 4544 cingitur,
2583 4466 2895 4525 induisset:
2943 4470 3322 4526 vehementius
3359 4468 3473 4538 jam

1894 4565 2094 4636 spiritu
2126 4566 2409 4634 exsultat,
2458 4565 2549 4635 qui
2583 4566 2834 4620 eumdem
2872 4562 3115 4618 animum
3148 4569 3325 4632 gerat,
3362 4577 3475 4631 quo

1895 4659 1964 4712 sit
1997 4672 2125 4729 erga
2157 4658 2411 4728 virginem
2434 4658 2645 4727 juvenis
2676 4672 2800 4711 cum
2830 4655 3052 4711 Christo
3116 4654 3280 4711 etiam
3322 4655 3475 4709 exsi-

1895 4760 2070 4808 stens.
2129 4751 2286 4818 Quod
2342 4752 2544 4807 deinde
2608 4761 2862 4821 tanquam
2894 4759 3070 4812 terra,
3102 4764 3218 4818 qua:
3272 4748 3474 4815 profert

206 4852 329 4905 γους
357 4837 830 4908 σπερματικοὺς,
854 4837 1237 4903 ὁδοποιοῦντας
1277 4839 1519 4909 Χριστῷ.
1564 4839 1653 4902 Ὠς
1680 4838 1783 4909 γὰρ

1890 4861 2062 4900 semen
2085 4861 2263 4911 suum,
2296 4844 2519 4914 adjicit;
2559 4841 2847 4899 recondita
2872 4842 2927 4896 in
2960 4841 3162 4896 animis
3195 4839 3472 4893 rationum

207 4927 471 4999 ὀφθαλμοὶ
522 4928 849 4997 συγγένειαν
890 4928 1105 5000 ἔχοντες
1148 4929 1288 5002 πρὸς
1340 4929 1407 4983 τὸ
1441 4928 1587 4999 φῶς,
1619 4930 1789 4984 ὲπειδ’

206 5017 269 5072 ἀν
309 5022 484 5091 παρῇ,
523 5020 841 5091 βλέπουσιν,
884 5020 1059 5086 οὕτως
1106 5021 1488 5087 ἀνατείλαντος
1523 5024 1785 5094 Χριστοῦ,

208 5112 270 5182 τῇ
294 5113 352 5166 ὲν
383 5114 518 5185 ἡμῖν
564 5113 962 5183 ἐπιτηδειότητι
1019 5112 1336 5186 λάμπομεν,
1371 5114 1535 5178 εὐθὺς
1564 5115 1625 5168 τὸ
1655 5132 1785 5168 σκοο

1898 4939 2128 5002 semina,
2162 4937 2695 5007 quae-ad‘Christum
2733 4936 2876 4989 viam
2919 4934 3149 4999 faciant,
3192 4933 3471 5003 intelligit.

1889 5029 1960 5086 Ut
1990 5031 2135 5085 enim
2168 5031 2315 5086 oculi
2354 5045 2481 5086 cum
2519 5029 2632 5083 luce
2673 5028 3059 5099 cognationem
3102 5026 3393 5091 habentes,
3426 5026 3473 5080 si

1892 5123 1983 5178 illa
2016 5138 2124 5177 non
2152 5123 2319 5187 desit,
2352 5134 2624 5178 cernunt:
2685 5122 2767 5176 sic
2812 5121 3037 5175 Christo
3063 5119 3381 5181 exoriente,
3425 5119 3473 5174 si

209 5210 374 5267 τεινδν
404 5211 761 5284 ἀποθέμενοι.
801 5211 888 5275 Ὧς
917 5214 981 5265 ὲκ
1009 5210 1164 5283 ῥίζης
1206 5212 1266 5265 δὲ
1304 5209 1400 5264 τοῦ
1448 5210 1664 5282 Ἰσραὴλ
1691 5211 1783 5265 καὶ

1893 5212 2052 5267 nobis
2088 5211 2233 5267 adsit
2269 5211 2551 5282 aptitudo,
2588 5209 2790 5279 fugatis
2831 5224 2993 5278 quam
3042 5208 3281 5278 primum
3322 5216 3474 5261 tene-

209 5301 331 5369 τοῖς
350 5303 555 5360 ἔθνεσι
570 5303 892 5375 φανεῖσθαι
914 5303 1064 5373 λέγει
1093 5304 1208 5374 τὴν
1237 5303 1629 5374 ἀταλλίασιν.
1652 5299 1783 5358 Εἶτα

1891 5303 2006 5358 bris
2031 5304 2425 5359 illuminamur.
2451 5301 2714 5359 Utautem
2733 5318 2799 5359 ex
2828 5302 3048 5358 Israelis
3073 5305 3244 5373 Stirpe
3277 5316 3475 5371 propa-

206 5395 293 5447 ἵνα
329 5394 405 5467 μὴ
437 5395 566 5471 δόξῃ
596 5395 711 5465 τὴν
746 5395 1149 5466 Ἰερουσαλὴμ
1193 5397 1497 5468 ἀφηκέναι,
1537 5397 1651 5449 Οὐκ
1689 5396 1786 5449 ἀν-

212 5484 345 5552 ήσω,
369 5487 527 5560 φησὶ,
548 5488 646 5561 τὴν
666 5487 874 5544 ἀνωθεν
905 5488 1112 5559 σχέσιν,
1144 5489 1239 5542 καὶ
1254 5488 1323 5541 τά
1352 5486 1557 5559 ταύτης
1580 5504 1636 5540 σε
1646 5486 1775 5557 μνά.

1893 5396 2071 5465 satis;
2101 5396 2181 5451 sic
2207 5396 2521 5467 etgentibus
2564 5397 2730 5450 etiam
2783 5395 3030 5449 ltetitiam
3075 5395 3236 5449 istam
3261 5393 3472 5462 conspi-

1885 5503 2039 5541 cuam
2074 5488 2188 5557 fore
2228 5488 2482 5544 aﬂirmat.
2524 5487 2730 5543 Deinde
2777 5505 2846 5543 ne
2890 5486 3194 5542 Jerusalem
3219 5486 3474 5541 deserere

280 5664 326 5700 δ’
354 5663 873 5734 Μοιιιι.ι,21;[.ιιο.
906 5684 946 5729 ι.
978 5668 1068 5723 5i.
1144 5667 1190 5699 ⁸ο
1224 5668 1328 5721 lsa.
1358 5681 1446 5729 ιιι,
1483 5664 1578 5731 1ος
1609 5678 1742 5728 un,
1775 5668 1783 5717 4

1940 5666 1982 5698 ⁸⁸
2022 5665 2309 5725 Prmnxvr,
2341 5662 2398 5734 2.
2474 5664 2519 5696 ³³
2551 5662 2742 5717 Matth.
2777 5679 2863 5717 xvi
2886 5701 2899 5726 ,
2942 5661 3126 5718 l6-l9.
3207 5660 3254 5694 ⁵³
3278 5658 3471 5716 Matth.

215 5746 278 5798 ι,
326 5741 377 5796 8.

487 5737 532 5770 ⁸⁸
560 5738 692 5794 Luc.
721 5754 877 5807 uin,
917 5740 1006 5795 45.
1082 5737 1128 5771 ⁵⁸
1169 5736 1270 5793 Isa.
1315 5750 1480 5802 um,
1510 5735 1563 5789 9.
1648 5734 1693 5765 ⁸⁸
1729 5734 1931 5791 .lerem.
1969 5752 2068 5800 an,
2102 5734 2158 5792 τ.

2229 5737 2273 5770 ⁸⁷
2306 5733 2498 5788 Matth.
2533 5750 2690 5796 χχιιι,
2721 5735 2815 5789 58.
