3978 6442
275 322 399 386 2665

1416 307 1952 373 COMMENTARII
1992 307 2074 366 IN
2114 307 2393 367 ISAIAM.

3388 308 3529 374 2666

207 464 212 469 -
274 428 395 500 πρὸς
423 420 505 490 ’δν
537 420 594 473 ἐν
628 417 845 491 ἑκάστῳ
891 419 1036 486 νοῦν,
1075 420 1150 485 ὡς
1183 419 1249 474 ἂν
1293 421 1528 491 ἡνιοχεῖν
1566 419 1824 487 τεταγμέ-

1937 412 2299 481 cogitationes
2354 414 2683 485 impingant.
2729 414 2944 470 Referri
2996 416 3162 472 etiam
3226 423 3394 488 queat
3454 420 3523 473 ad

274 537 351 581 νος
377 516 468 586 τὴν
494 514 712 567 ἃπασαν
732 512 1043 582 ἐξομαλίζοι
1071 512 1270 583 ψυχήν.
1298 509 1431 565 Εἶτα
1458 510 1827 579 παρακελεύε-

272 630 351 666 ται
380 612 485 670 τοῖς
518 605 576 670 ἐξ
614 605 855 677 Ἰσραηλ,
893 605 1097 675 ἀρετ-ἧς
1145 607 1237 658 καὶ
1273 606 1527 673 γνώσεως
1558 602 1694 656 Θεοῦ
1727 620 1830 656 πα-

274 702 522 775 ράδειγμα
548 697 805 765 γενέσθαι
833 697 956 762 τοῖς
997 696 1260 751 ἔθνεσιν.
1301 696 1507 767 ’Λνῆψα
1543 696 1653 765 γὰρ
1683 696 1829 764 ὑμᾶς

1930 505 2271 574 singulorum
2332 513 2601 571 mentem;

1931 604 2035 657 cat,
2072 602 2240 648 totam
2280 596 2516 649 animam
2556 598 2879 667 aequabilem
2909 598 3099 653 faciat.
3132 598 3399 671 Deinceps
3439 600 3521 665 ls-,

2674 516 2734 561 ut
2814 523 2937 578 qum.
2981 510 3214 566 habenis
3262 509 3519 579 praetecta

1934 689 2154 743 raelitas
2195 688 2554 756 adhortatur,
2601 699 2657 744 ut
2703 692 2922 745 virtutis
2963 702 3018 746 ct
3052 693 3393 760 cognitionis
3427 692 3519 747 Dei

270 792 457 848 ἄνωθεν
485 790 557 852 ὼς
584 790 866 858 λαμπάδα,
909 790 985 853 ὡς
1013 790 1079 844 ἂν
1101 789 1256 859 ὑμῶν
1284 789 1360 860 τῷ
1404 791 1543 859 φωτὶ
1575 788 1648 842 τὰ
1683 788 1824 857 ἔθνη

1933 792 2055 832 sese
2095 781 2335 848 gentibus
2369 781 2681 852 exemplum
2725 784 3026 851 praebeant.
3084 784 3207 839 Ideo
3257 786 3403 839 enim
3462 801 3522 840 se

277 883 572 953 πορεύηται.
648 870 1081 952 κατεπτηχότας
1142 883 1198 936 δὲ
1260 883 1359 944 τὰς
1420 882 1666 952 συνεχεῖς
1723 880 1831 933 τῶν

271 976 509 1030 ἐπιόντων
536 973 755 1043 ἐφόδους
788 974 1229 1045 παραθαρῤύνει,
1262 974 1358 1042 τὴν
1389 974 1581 1027 ἑαυτοῦ
1607 989 1834 1040 παροιν-

267 1068 398 1119 ο-(ἰιν
423 1063 909 1133 ἐπαγγελλόμενος.
944 1063 1100 1117 Οῦτω
1149 1064 1204 1116 δὲ
1232 1064 1330 1134 τὴν
1362 1063 1558 1117 ἑαυτοῦ
1606 1063 1833 1132 κηδεμο·

266 1151 563 1207 κίανκαλεῖ.
606 1153 911 1222 Τοιγαροῦν
951 1154 1173 1221 ἔλεγον⁹
1224 1156 1296 1207 Οὐ
1333 1155 1405 1224 μὴ
1446 1154 1705 1222 τελέσητε
1732 1152 1832 1215 τὰς

265 1247 452 1307 πόλεις,
491 1245 597 1307 ἕως
628 1245 693 1299 ἂν
726 1246 857 1318 ἔλθῃ
886 1248 913 1299 ὁ
940 1245 1069 1309 Υἱὸς
1093 1246 1186 1299 τοῦ
1216 1246 1505 1316 ἀνθρώπου
1532 1262 1546 1275 ·
1578 1245 1638 1298 οὐ
1659 1246 1829 1315 δήπου

263 1338 414 1405 ἄλλην
448 1337 754 1407 παρουσίαν
778 1337 977 1408 δηλῶν,
1007 1337 1145 1391 ἀλλὰ
1184 1337 1282 1409 τὴν
1316 1338 1509 1391 ἑαυτοῦ
1534 1337 1670 1407 πρὸς
1701 1353 1833 1408 καρ-

263 1427 430 1498 τερίαν
479 1427 850 1498 παράκλησιν.
903 1429 978 1482 Οὐ
1029 1427 1140 1499 γὰρ
1187 1428 1253 1482 ἂν
1304 1429 1568 1499 ἤνεγκαν,
1620 1428 1695 1499 μὴ
1730 1428 1832 1496 τὴν

262 1520 404 1586 ἰσχὺν
458 1516 560 1587 τὴν
610 1517 818 1572 ἄνωθεν
862 1519 1097 1589 ἔχοντες.
1159 1517 1243 1572 Τὰ
1290 1518 1511 1589 κρυπτὰ
1550 1518 1608 1572 δὲ
1652 1516 1829 1580 εἰδὼς,

262 1609 384 1677 πρὸς
414 1607 512 1678 τὴν
552 1607 712 1673 ἀξίαν
752 1609 969 1679 ἑκάστῳ
1009 1611 1365 1678 παρίσταται,
1409 1611 1635 1680 μισθὸν
1655 1609 1832 1675 διδοὺς

260 1700 338 1752 τὸν
379 1701 751 1771 προσήκοντα.
794 1700 957 1756 Οὕτω
1002 1704 1099 1756 καὶ
1155 1703 1223 1756 δι’
1267 1703 1532 1774 ’ῐεζεκιὴλ
1560 1703 1832 1772 λεγόντων

1936 869 2058 923 illos
2090 868 2157 923 ab
2209 872 2372 926 initio
2408 872 2573 926 veluti
2621 874 2932 944 lampadem
2970 875 3316 941 accendisse,
3354 888 3416 932 ut
3468 879 3522 932 in

1934 976 2126 1031 eprum
2155 963 2362 1017 lumine
2399 975 2575 1032 gentes
2608 967 2979 1022 ambularent.
3013 967 3152 1033 Quia
3179 968 3381 1024 deinde
3413 968 3524 1024 l're—

1934 1062 2168 1123 quentes
2213 1055 2617 1127 insurgentium
2649 1073 2910 1114 accessus
2941 1061 3296 1127 metuebant;
3349 1062 3522 1117 conli-

1935 1146 2067 1202 dere
2099 1148 2369 1217 prazcipit,
2413 1165 2575 1204 suum
2634 1151 2749 1221 ipse
2807 1152 3088 1207 adventum
3133 1140 3469 1211 denuntians
3505 1171 3520 1209 :

1935 1252 2044 1308 qua
2088 1238 2303 1293 ratione
2330 1254 2523 1293 curam
2556 1256 2713 1295 suam
2746 1257 2809 1298 ac
2856 1243 3197 1315 diligentiam
3251 1248 3525 1317 signiﬁca-

1934 1331 2035 1384 vit.
2071 1328 2212 1386 Hinc
2245 1331 2412 1403 igitur
2441 1331 2603 1397 illud,
2633 1334 2777 1404 quod
2812 1335 3108 1392 dicebant:
3144 1339 3264 1394 Non
3303 1339 3523 1396 faciatis

1936 1422 2102 1478 urbes
2132 1406 2311 1479 donec
2333 1424 2521 1480 veniat
2552 1424 2727 1481 Filius
2763 1428 3042 1496 hominis;
3075 1432 3166 1486 ubi
3203 1449 3316 1487 non
3350 1434 3521 1488 alium

1938 1518 2094 1568 certe
2128 1511 2431 1568 adirentum
2462 1513 2768 1582 intellexit;
2802 1516 2897 1571 sed
2938 1532 3099 1588 quam
3133 1519 3251 1589 ipse
3275 1521 3525 1590 suggerit

1938 1606 1993 1659 in
2020 1604 2283 1675 patiendo
2320 1607 2778 1664 consolationem.
2817 1609 3076 1680 Alioquin
3119 1612 3266 1665 enim
3305 1600 3522 1667 ferenda

1938 1710 2049 1749 non
2082 1692 2347 1763 fuissent,
2396 1696 2490 1767 qui
2532 1711 2773 1768 superne
2800 1700 3065 1757 omissum
3096 1701 3266 1757 robur
3291 1715 3400 1754 non
3429 1701 3529 1755 ba-

258 1794 456 1847 αὺτῶν·
510 1812 530 1845 ι
566 1792 871 1847 Ἀπόλιειλεν
899 1796 950 1876 ’ἡ
999 1795 1155 1865 ἰσχὺς
1205 1795 1381 1866 ἡμῶν,
1440 1794 1714 1868 ἐξηράνθη
1760 1794 1824 1848 τὰ

1935 1786 2160 1845 hebant.
2229 1790 2431 1847 Verum
2478 1793 2575 1864 qui
2624 1796 2776 1850 novit
2821 1792 3167 1863 abscondita,
3202 1797 3522 1868 unicuique,

256 1882 375 1938 ὀστᾶ
397 1883 579 1954 ἡμῶν,
612 1903 630 1936 ο
662 1885 1099 1958 παραθαρρύνων
1153 1886 1319 1956 φησίν
1342 1901 1357 1917 ⁸
1405 1885 1500 1950 Ὧς
1553 1887 1698 1958 ὑγρὰ
1735 1885 1829 1957 ξη-

256 1959 403 2045 ρᾶναι
424 1975 687 2048 δύναμαι,
724 1977 868 2031 οὕτω
890 1980 985 2032 καὶ
1012 1978 1343 2031 τούναντίον.
1381 1980 1447 2031 Ὃ
1478 1978 1573 2032 καὶ
1607 1978 1700 2030 ἐπὶ
1729 1978 1829 2048 τῆς

257 2066 441 2135 ῥάϐδου
478 2068 783 2139 πεποίηκεν
824 2068 1057 2141 Ἀαρών.
1095 2070 1205 2123 Καὶ
1241 2068 1335 2122 νῦν
1366 2064 1460 2123 οὖν
1489 2067 1830 2138 παρέσεσθαι

255 2174 428 2226 φησιν,
473 2157 575 2212 ἐὰν
594 2157 735 2225 ἄξιοι
784 2158 1072 2229 γένωνται.
1114 2161 1193 2213 Δι’
1237 2159 1370 2213 αὐτὸ
1401 2157 1511 2229 γὰρ
1557 2156 1831 2227 παρέσχον

256 2249 337 2301 καί
363 2248 570 2320 πλῆθος
594 2250 725 2320 ὑμῖν
774 2251 1032 2315 ὲντολῶν,
1068 2252 1166 2323 οὐχ
1206 2252 1292 2305 ἵνα
1322 2250 1524 2312 πολλὰς
1553 2249 1829 2320 παραϐαί-

253 2357 441 2404 νοντες,
477 2341 657 2396 πολλὰ
686 2345 779 2397 καὶ
810 2342 1278 2414 καταδικάζησθε·
1319 2342 1436 2396 ἀλλ’
1483 2341 1569 2395 ἵνα
1600 2340 1705 2395 κᾶν
1732 2341 1831 2404 τὰς

184 2476 189 2481 .
256 2432 489 2502 μεγάλας
517 2434 831 2507 ὑπερϐἦτε,
860 2435 967 2488 τῶν
999 2435 1348 2505 ὲλαττόνωνὴ
1377 2432 1592 2513 φυλακὴ
1614 2433 1830 2504 πρόφα-

217 2524 221 2528 ’
254 2542 330 2578 σιν
354 2525 480 2595 ὑμῖν
508 2528 792 2599 σωτηρίας
840 2529 1118 2600 παράσχῃ.
1152 2526 1542 2594 Φιλάνθρωπος
1588 2526 1718 2596 γὰρ,
1766 2525 1826 2578 οὐ

252 2621 626 2686 καταδικάζων
675 2622 735 2688 ἐξ
770 2617 846 2675 ὧν
892 2621 1293 2694 παραϐαίνετε,
1346 2620 1483 2674 ἀλλὰ
1533 2616 1737 2678 σώζων
1770 2616 1829 2682 ὲξ

249 2708 432 2775 ὀλίγων
487 2703 570 2763 ὧν
623 2709 975 2780 κατορθοῦτε.
1037 2709 1145 2765 Τοῦ
1199 2712 1310 2781 γὰρ
1361 2706 1688 2779 ἁμαρτωλοῦ
1731 2705 1829 2778 τὴν

249 2796 393 2867 ζωὴν
447 2801 705 2871 βούλεται
766 2803 988 2873 μᾶλλον,
1042 2800 1186 2874 ἥπερ
1236 2802 1328 2855 τὸν
1390 2801 1643 2854 θάνατον.
1695 2792 1830 2851 Τότε

248 2888 493 2960 ζητήσω,
522 2896 714 2966 φησὶν,
750 2895 927 2966 ὑμᾶς,
953 2897 1164 2966 ἁγίους
1183 2892 1406 2949 κακῶν.
1426 2892 1611 2946 Ταῦτα
1644 2891 1704 2945 δὲ
1736 2890 1831 2944 καὶ

252 2986 322 3047 εἰς
380 2985 477 3057 τὴν
535 2987 770 3041 ἑκάστου
832 2988 1068 3059 ληπτέον
1125 2988 1341 3058 ψυχὴν,
1407 2985 1483 3056 μὴ
1530 2985 1608 3048 ὡς
1668 2983 1830 3054 ψιλὰς

250 3076 480 3148 ἱστορίας
563 3080 1062 3149 ἀναγινώσκοντας.
1134 3079 1383 3148 Ἑκάστῳ
1442 3078 1550 3148 γὰρ
1633 3092 1831 3147 κατορ-

247 3167 414 3225 θοῦντι
441 3190 524 3227 πα
536 3174 723 3244 ρέσται
751 3174 1049 3247 συγχωρῶν
1075 3173 1143 3228 τὰ
1170 3173 1557 3245 ἡμαρτημένα.

1939 1892 2102 1950 prout
2132 1883 2334 1954 dignus
2360 1893 2469 1952 est,
2525 1887 2667 1941 solet
2698 1887 2931 1955 adesse,
2981 1888 3248 1960 justaque
3290 1895 3527 1945 mercede

1945 1972 2161 2043 singula
2194 1988 2576 2043 compensare.
2616 1974 2712 2031 Sic
2739 1984 2793 2031 et
2821 1977 2962 2047 ame
3015 1977 3358 2034 Ezechielem
3399 1996 3525 2034 cum

1938 2072 2147 2135 essent,
2177 2066 2274 2136 qui
2298 2064 2548 2123 dicerent
2579 2087 2592 2123 :
2630 2087 2649 2120 ι
2688 2068 2855 2124 Periit
2884 2071 3061 2125 virtus
3090 2078 3316 2138 nostra;
3348 2073 3531 2128 exsic-

1938 2165 2059 2210 cata
2104 2166 2236 2211 sunt
2270 2172 2399 2214 ossa
2435 2168 2623 2215 nostra
2659 2161 2738 2223 ⁸⁸,
2786 2179 2805 2213 ι
2848 2161 3072 2217 eosdem
3119 2161 3399 2218 conﬁdei'e
3437 2162 3531 2231 ju-

1941 2248 2099 2311 bens,
2152 2256 2213 2303 ut
2242 2247 2469 2304 humida
2521 2251 2756 2316 siccare,
2811 2250 2891 2308 sic
2936 2259 2991 2307 et
3039 2259 3231 2307 contra
3274 2267 3332 2307 se
3361 2267 3530 2321 posse

1939 2340 2244 2410 respondit.
2290 2340 2449 2409 Quod
2504 2344 2556 2398 in
2605 2344 2844 2399 Aaronis
2893 2344 3058 2400 etiam
3095 2345 3248 2416 virga
3309 2347 3527 2415 praesti-

1938 2433 2006 2486 tit
2042 2434 2110 2488 3‘.
2146 2433 2211 2487 Et
2243 2435 2348 2490 hoc
2378 2436 2502 2490 ioco
2529 2437 2719 2507 igitur,
2756 2437 2799 2492 si
2827 2437 2979 2507 digni
3016 2446 3166 2504 sunt,
3202 2437 3526 2493 adfuturum

1938 2540 2000 2581 se
2042 2526 2337 2596 signiﬁcat.
2371 2528 2455 2584 0b
2484 2529 2537 2583 id
2574 2529 2719 2584 enim
2751 2536 2804 2583 et
2834 2545 2955 2601 ego,
3000 2531 3204 2602 inquit,
3246 2530 3525 2602 ingentem

1937 2615 2061 2672 dedi
2097 2619 2483 2673 mandatorum
2521 2634 2814 2676 numerum
2849 2637 2861 2672 :
2897 2630 3011 2676 non
3047 2629 3128 2687 ut,
3165 2636 3288 2679 cum
3321 2636 3352 2676 a
3383 2623 3528 2677 mul-

1938 2708 2009 2762 tis
2039 2709 2394 2775 aberraretis,
2442 2711 2632 2766 multis
2679 2712 2845 2766 etiam
2879 2713 2932 2767 in
2967 2728 3067 2768 vos
3108 2713 3526 2768 animadverte-

1938 2814 2053 2855 rem
2103 2817 2116 2852 :
2145 2798 2242 2856 sed
2273 2811 2354 2865 ut,
2392 2814 2519 2856 cum
2547 2816 2668 2866 vos,
2709 2808 2834 2871 quae
2865 2816 3063 2876 magna
3092 2811 3302 2868 essent,
3334 2813 3524 2860 trans-

1938 2891 2092 2962 gredi
2120 2893 2503 2963 contingeret,
2537 2894 2801 2949 leviorum
2825 2896 3141 2954 observatio
3172 2899 3333 2954 vobis
3365 2913 3397 2953 a
3430 2913 3522 2952 me

1938 2984 2173 3040 salutem
2210 2968 2589 3054 extorqueret.
2624 2983 2757 3040 Sum
2804 2987 2950 3041 enim
2993 2987 3149 3045 mitis
3177 2998 3231 3044 et
3257 2990 3525 3056 clemens,

1939 3091 2048 3130 non
2076 3092 2143 3131 ex
2170 3077 2258 3140 iis,
2296 3091 2418 3147 quae
2450 3092 2738 3149 perperam
2782 3079 2971 3150 agitis,
3002 3081 3391 3144 condemnare,
3426 3082 3525 3138 scd

1849 3165 1893 3221 (Ζ
1939 3185 2004 3226 ex
2027 3184 2327 3241 paucormn
2353 3171 2568 3227 ratione
2594 3187 2719 3242 qua:
2745 3172 2848 3242 ipsi
2872 3185 2999 3227 cum
3025 3175 3239 3229 virtute
3273 3184 3330 3230 et
3359 3174 3525 3230 laude

243 3260 413 3320 facitis
458 3268 675 3322 salvare
724 3268 940 3332 solitus,
989 3266 1083 3336 qui
1138 3266 1417 3336 peccantis
1468 3263 1582 3318 vita
1630 3261 1816 3332 potius
1855 3274 2021 3331 quam
2068 3269 2248 3316 morte
2289 3260 2554 3317 delector.
2618 3260 2779 3328 Tum,
2844 3263 3057 3334 inquit,
3130 3282 3367 3336 quaeram
3410 3284 3525 3334 vos,

242 3371 357 3410 cum
415 3370 640 3416 sanctos
676 3362 890 3418 vocabo.
928 3359 1094 3432 719
1125 3359 1290 3413 Decet.
1322 3372 1451 3412 vero
1479 3364 1533 3411 et
1573 3356 1682 3412 ista
1713 3370 1823 3409 non
1862 3354 2130 3410 historias
2181 3353 2362 3408 nudas
2386 3364 2605 3424 putare,
2659 3356 2755 3411 sed
2821 3357 2890 3412 ad
2937 3358 3213 3429 cujusque
3279 3361 3521 3416 animam

241 3453 455 3509 referre.
509 3454 720 3510 Aderit’
759 3456 905 3510 enim
966 3455 1200 3525 singulis
1257 3451 1405 3523 quod
1460 3458 1673 3505 rectum
1728 3458 1815 3505 est
1852 3448 2205 3514 facientibus,
2264 3456 2326 3502 ut
2380 3450 2587 3505 eisdem
2641 3450 2919 3507 condonet
2956 3470 3080 3525 quae
3129 3465 3451 3526 peccarunt.

825 3548 1076 3601 ΚΕΦΑΛ.
1137 3544 1256 3601 ΞΓν.

300 3650 438 3707 α-ς’.
483 3645 587 3709 Τίς
642 3637 822 3708 οὗτος
877 3644 911 3696 ό
962 3641 1449 3711 παραγενόμενος
1484 3638 1555 3703 ἐξ
1594 3636 1821 3705 Ἐδώμξ

237 3730 492 3801 ἐρύθημα
529 3734 775 3802 ἱματίων
797 3733 866 3786 ἐκ
888 3734 1112 3801 Βόσορ,
1135 3731 1324 3795 οὕτως
1346 3728 1559 3798 ὡραῖος
1585 3728 1656 3781 ἐν
1682 3743 1822 3780 στο-

235 3822 331 3892 λῇ,
351 3826 462 3890 ,ϐία
494 3824 651 3894 μετὰ
684 3824 918 3891 ίσχύος.
957 3823 1101 3893 Ἐγὼ
1135 3821 1482 3891 διαλέγομαι
1510 3818 1821 3872 δικαιοσύ-

235 3933 344 3983 νην
374 3918 473 3971 καὶ
499 3917 711 3984 κρίσιν
733 3916 1051 3984 σωτηρίου.
1094 3913 1197 3968 Διὰ
1231 3916 1289 3968 τί
1335 3928 1452 3968 σου
1492 3913 1710 3982 ἐρυθρὰ
1750 3911 1823 3964 τὰ

234 4010 448 4077 (naria,
478 4008 587 4063 καὶ
623 4009 695 4062 τὰ
725 4007 1027 4077 ἐνδύματά
1049 4022 1167 4062 σου
1210 4009 1289 4074 ὡς
1323 4008 1440 4062 ἀπὸ
1475 4005 1823 4074 πατήματος

243 4101 431 4168 ληνοῦ
474 4099 777 4169 πλήρους,
810 4100 1411 4169 καταπεπατημένης,
1441 4116 1497 4152 κ.
1524 4115 1572 4151 τ.
1604 4098 1651 4149 λ.

301 4191 520 4264 Ὠσπερ
558 4190 752 4263 μισθὸν
805 4193 833 4244 ὁ
872 4192 1064 4263 Σωτὴρ
1115 4190 1330 4258 ἐλέγετο
1362 4191 1473 4253 τοῖς
1508 4186 1821 4242 εὐσεϐοῦσιν

234 4282 546 4337 ἀποδιδόναι
578 4282 704 4353 (ἔφη
737 4283 846 4354 γάρ
869 4298 885 4314 ο
917 4284 1026 4336 Καὶ
1063 4282 1092 4335 ὁ
1114 4280 1304 4351 μισθὸς
1336 4279 1504 4333 αὐτοῦ
1561 4278 1678 4349 μετ’
1726 4278 1820 4331 αὒ-

233 4372 345 4439 τοῦ)
373 4393 387 4405 '
426 4373 608 4438 οὕτως
637 4377 750 4437 τοῖς
779 4373 1001 4428 ἀσεϐέσι
1040 4373 1267 4444 φοϐερὸς
1298 4372 1448 4442 ἥξειν
1481 4368 1819 4433 θεσπίζεται,

231 4462 337 4527 ὅτε,
374 4465 522 4517 κατὰ
561 4464 652 4517 τὸν
694 4463 1034 4526 Ἀπόστολον,
1071 4463 1392 4534 καταργήσῃ
1428 4461 1606 4514 πᾶσαν
1645 4460 1821 4528 ἀρχὴν

232 4553 323 4605 καὶ
357 4554 633 4618 ἐξουσίαν.
683 4553 772 4606 Ἐν
792 4547 874 4616 οἷς
903 4556 1020 4606 ἐστι
1050 4555 1146 4607 καὶ
1175 4554 1235 4607 τὸ
1268 4553 1496 4623 ἔσχατον
1522 4553 1819 4622 καταργεῖ-

235 4644 354 4698 σθαι
378 4645 472 4699 τὸν
498 4645 753 4699 θάνατον.
783 4644 1052 4716 Ὀρῶντες
1073 4646 1130 4698 δὲ
1153 4645 1315 4699 αὐτόν
1336 4660 1477 4708 τινες
1501 4645 1558 4696 ἐν
1581 4644 1821 4714 σχήματι

232 4735 668 4809 καθῃμαγμένον
722 4737 1025 4809 πολεμικῷ,
1083 4737 1219 4809 πρὸς
1264 4724 1325 4790 τὸ
1373 4734 1522 4800 ξένον
1557 4732 1655 4805 τῆς
1690 4733 1819 4796 θέας

2536 3543 2689 3599 CAP.
2734 3543 2918 3600 LXIII.

1997 3633 2165 3690 Vens.
2188 3636 2305 3689 1-6.
2324 3637 2456 3701 Quis
2486 3648 2562 3690 est
2599 3638 2718 3700 iste,
2752 3640 2844 3706 qui
2866 3640 3003 3694 venit
3025 3640 3088 3695 de
3103 3642 3275 3695 Edam
3297 3644 3323 3697 9
3342 3640 3523 3695 Rubor

1925 3726 2145 3779 vestium
2167 3725 2232 3779 de
2255 3725 2449 3781 Bosar.
2476 3726 2561 3781 Sic
2585 3726 2853 3796 formosus
2881 3731 2936 3783 in
2964 3732 3104 3785 stola
3132 3748 3253 3786 sua.
3300 3732 3518 3788 Violen~

1926 3817 2003 3869 tia
2040 3831 2161 3869 cum
2199 3816 2534 3885 fortitudine.
2576 3816 2690 3888 Ego
2738 3819 2929 3889 loquar
2964 3821 3241 3890 justitiam
3279 3833 3329 3878 et
3364 3825 3517 3894 judi-

1924 3910 2064 3962 cium
2117 3910 2394 3964 ταινίαι-εδ.
2455 3909 2635 3976 Quare
2678 3913 2843 3967 rubra
2900 3924 3023 3968 sunt
3069 3917 3381 3971 vestimenta
3422 3928 3516 3972 tua

1923 4010 1974 4055 et
2005 4002 2317 4057 indumenta
2350 4012 2463 4067 tua,
2501 4012 2754 4075 tanquam
2808 4023 2842 4060 a
2882 4008 3279 4064 conculcatione
3328 4022 3513 4066 torcu-

1925 4094 2057 4149 lari:
2097 4095 2258 4164 pleni,
2299 4096 2615 4163 ronculcati,
2654 4105 2761 4154 etc.

1998 4190 2075 4248 Ut
2125 4190 2436 4246 mercedem
2490 4190 2741 4248 Salvator
2790 4195 2859 4250 iis
2914 4196 3071 4267 ipsis,
3112 4198 3208 4268 qui
3254 4199 3511 4269 pietatem

1925 4283 2187 4348 colerent,
2209 4282 2580 4338 retribnturus
2602 4283 2891 4341 dicebatur
2908 4287 3049 4360 (cam
3074 4290 3221 4345 enim
3244 4291 3359 4346 fore
3386 4308 3511 4347 cum

1926 4377 2046 4443 ipso
2085 4373 2420 4443 atlirmavit),
2454 4374 2534 4430 sic
2564 4374 2748 4448 impiis
2780 4379 3110 4436 metuendus
3139 4381 3344 4438 instare
3375 4400 3513 4454 pra:-

1923 4466 2147 4528 dicitur,
2192 4479 2317 4520 cum
2362 4466 2521 4535 juxta
2559 4467 2905 4538 Apostolum,
2954 4486 3177 4529 omnem
3230 4474 3507 4545 principa-

1924 4562 2039 4611 tum
2091 4564 2147 4611 et
2179 4559 2484 4626 potentiam
2516 4558 2782 4616 delererit
2805 4562 2873 4615 ".
2902 4562 3024 4630 Quo
3056 4564 3177 4620 loco
3210 4567 3511 4623 novissime

1923 4646 2261 4702 destructam
2299 4645 2365 4700 iri
2402 4656 2636 4704 mortem
2684 4650 2960 4719 adiunxit.
2995 4653 3130 4709 Cum
3169 4661 3349 4711 autem
3382 4673 3507 4712 eum

1925 4737 2177 4795 nonnulli
2210 4738 2439 4794 militari
2476 4740 2664 4796 habitu
2698 4743 2966 4818 sanguine
3001 4761 3288 4817 aspersum
3325 4748 3511 4806 intue-

228 4827 509 4897 ἐρωτῶσιν
560 4829 843 4899 ἀλλήλους.
909 4827 1130 4899 Ἐπειδὴ
1158 4828 1213 4881 δὲ
1238 4827 1437 4893 Βόσορ
1463 4823 1562 4878 καὶ
1603 4823 1813 4892 Ἐ’δὼμ,

1933 4840 2134 4895 rentur,
2166 4831 2247 4887 rei
2283 4832 2523 4888 novitate
2570 4836 2832 4891 commoti
2879 4838 2948 4894 ad
2997 4849 3220 4896 mutuas
3268 4841 3509 4897 interro-

227 4917 327 4989 τῆς
351 4921 464 4976 τῶν
492 4922 807 4991 ἀλλοφύλων
834 4921 1018 4991 χώρας
1036 4922 1130 4974 καὶ
1159 4918 1436 4989 πολεμίων
1455 4916 1550 4971 τοῦ
1572 4916 1809 4986 Ἰσραὴλ,

227 5013 452 5076 εἰκότως
473 5014 562 5067 διὰ
587 5012 793 5066 τούτων
820 5012 918 5075 τὰς
948 5009 1331 5080 ἀντικειμένας
1360 5009 1616 5079 δυνάμεις
1638 5008 1813 5061 αἰνίτ-

224 5120 394 5169 τεται,
422 5099 501 5159 ὧν
530 5106 626 5177 τὴν
653 5106 933 5177 ἀναίρεσιν
967 5104 1246 5176 τροπικῶς
1271 5103 1472 5170 αἵματι
1511 5100 1814 5175 παρείκατε

225 5195 450 5266 φονικῷ.
491 5196 709 5257 Είδὸτες
744 5194 800 5247 δὲ
851 5194 1015 5248 αὐτὸν
1042 5194 1272 5265 ἥμερον,
1303 5188 1403 5245 εἷθ’
1435 5189 1625 5260 ὥσπερ
1643 5193 1814 5245 τεθυ-

219 5286 500 5354 μωμένον
520 5287 776 5359 ὁρῶντες,
810 5287 1052 5341 ἐοίκασιν
1079 5285 1242 5339 αὐτὸν
1273 5285 1355 5356 ’μὴ
1385 5281 1695 5352 γινώσκειν.
1723 5281 1815 5334 Διὸ

222 5378 315 5430 καὶ
365 5378 758 5435 πυνθάνονται.
803 5380 860 5433 '0
916 5380 974 5433 δὲ
1017 5378 1155 5449 πρὸς
1182 5378 1380 5440 αὐτοὺς
1432 5376 1809 5446 ἀποκρίνεταιο

233 5466 383 5535 Ἐγὼ
418 5469 771 5540 διαλέγομαι
805 5471 1225 5538 δικαιοσύνην,
1250 5470 1351 5523 καί
1378 5470 1581 5536 κρίσιν
1614 5482 1808 5529 σωτη-

216 5560 373 5628 Plov,
406 5564 551 5618 κατὰ
571 5567 628 5621 δὲ
660 5566 956 5637 Σύμμαχον
984 5582 998 5597 ·
1035 5565 1184 5635 Ἐγὼ
1213 5562 1383 5618 λαλῶ
1410 5563 1479 5615 ἐν
1500 5560 1808 5615 δικαιοσύ-

290 5746 338 5778 ⁶³
373 5746 574 5804 Ezecir.
604 5766 813 5808 xxxv".
845 5748 928 5802 II.

509 5841 782 5905 Ριιτιιοι..
823 5848 931 5907 lin.
976 5840 1352 5905 LXXXVII.

1921 4927 2171 4995 gationcs
2221 4924 2614 4996 confugerunt.
2671 4925 2945 4992 Quoniam
2996 4940 3179 4987 autem
3232 4933 3405 4989 Bosor
3456 4945 3507 4990 et

1924 5016 2120 5081 Edam,
2166 5024 2546 5081 externorum,
2599 5025 2654 5071 et
2710 5018 2953 5076 hostium
3013 5022 3202 5087 Israel,
3252 5027 3506 5095 regiones

1922 5106 2092 5177 720
2122 5114 2279 5161 erant
2328 5124 2342 5160 :
2390 5121 2487 5177 per
2531 5122 2624 5162 eas
2669 5123 2779 5163 non
2824 5109 3122 5176 immerito,
3158 5113 3505 5171 adversarius

1892 5204 2224 5266 potestates
2294 5195 2590 5261 indicavit,
2654 5212 2889 5267 quarum
2953 5202 3226 5258 excidium
3295 5209 3504 5276 tropice

1921 5288 2170 5358 sanguini
2208 5288 2357 5343 cmde
2390 5288 2565 5344 elittso
2598 5301 2967 5362 compararet.
3015 5293 3119 5360 Qui
3166 5305 3347 5351 autem
3398 5297 3502 5349 mi-

1914 5389 2024 5435 tem
2067 5396 2191 5436 eum
2227 5389 2282 5437 et.
2312 5381 2594 5451 placidum
2629 5394 2753 5439 esse
2785 5382 3113 5455 didicerant,
3149 5403 3272 5444 cum
3313 5397 3501 5459 postea

1914 5473 2082 5528 veluti
2131 5473 2314 5542 furore
2364 5473 2623 5542 percitum
2659 5473 3032 5542 intuerentur,
3086 5479 3335 5533 eumdem
3390 5494 3502 5533 non

1917 5578 2217 5634 agnoscere
2247 5564 2347 5619 visi
2380 5572 2533 5631 sunt,
2566 5580 2675 5637 quo
2718 5564 2924 5624 factum
2960 5578 3065 5634 est,
3100 5578 3162 5635 ut
3198 5570 3323 5641 quis
3356 5580 3503 5625 esset

1005 5748 1049 5779 °"
1090 5746 1251 5802 Num.
1297 5763 1428 5808 XV“,
1459 5745 1511 5799 8.
1584 5743 1626 5773 ⁸⁷
1656 5742 1673 5795 I
1706 5743 1831 5799 Cor.
1863 5761 1954 5810 xv,
1985 5744 2073 5801 ἳᾷ.

3072 5842 3151 5930 δι’
