3978 6414
501 263 651 326 ξ”.ΐϐἸ

1830 256 2187 317 PROCOPII
2221 259 2465 320 GAZEI

3613 278 3736 349 2668

500 370 922 436 interrogarent.
976 362 1127 430 Quos
1183 362 1373 419 istlizec
1426 360 1674 432 ejusdem
1729 363 1945 431 excepit
2006 377 2091 417 re-

2199 383 2291 434 νῃ,
2359 366 2685 459 ὐςτερμαχῶ
2718 371 2800 434 είς
2853 369 2919 422 τὸ
2971 370 3186 426 ctiam.
3245 372 3614 449 ’Υπερμαχῶν
3646 392 3739 459 γὰρ
3800 430 3803 435 ,

472 452 728 531 ‘sponsio
752 475 765 513 :
796 456 906 529 Ego
931 456 1116 528 loquor
1139 454 1411 525 justitiam
1431 465 1478 509 et
1497 454 1764 524 judicium
1787 455 2081 520 salutaris;

503 551 607 610 vel,
643 558 699 602 ut
734 546 1067 620 Symmacho
1100 547 1278 618 placet
1317 563 1330 600 :
1363 544 1474 616 Ego
1518 545 1707 617 loquor
1746 546 1801 600 in
1824 545 2046 616 justitia
2068 587 2083 610 ,

495 624 711 696 .decerto
760 649 816 694 ut
869 639 1066 695 salvem
1128 637 1264 693 Cum
1302 638 1446 692 enim
1489 652 1679 692 eorum
1721 638 1943 693 nomine
1989 638 2084 692 de—

502 741 749 794 certaret,
789 731 880 799 qui
943 728 1147 799 injuste
1206 728 1275 781 ab
1332 728 1667 783 adversariis
1724 728 2088 798 potestatibus

502 821 986 878 conculcabantur:
1012 822 1148 876 istas
1170 819 1389 889 quidem
1416 820 1818 886 ulciscebatur;
1844 820 1965 875 illos
1987 835 2087 874 au-

501 928 607 969 tem
640 917 692 968 in
727 915 1034 968 libertatem
1071 913 1375 968 asserebat.
1421 910 1684 981 Sequitur
1714 910 1824 981 jam
1854 912 2087 980 quaestio

502 1012 669 1061 altera
722 1023 737 1060 :
789 1006 967 1073 Quare
1016 1006 1180 1059 rubra
1226 1014 1351 1059 sunt
1400 1006 1708 1059 vestimenta
1749 1004 1885 1057 tua?
1922 1019 2084 1074 quam

499 1100 663 1154 etiam
704 1100 824 1153 sine
866 1096 1223 1167 responsione
1263 1079 1415 1150 abire
1449 1111 1559 1150 non
1601 1096 1826 1164 patitur.
1868 1094 1972 1151 Sed
2003 1104 2088 1150 est

500 1191 896 1246 advertendum
947 1206 1056 1261 quo
1114 1190 1260 1253 loco,
1309 1187 1375 1243 de
1420 1187 1663 1260 gentibus
1710 1188 1974 1260 legimus,
2023 1192 2087 1242 de

498 1286 710 1355 populis
744 1283 1096 1354 interpretari
1132 1282 1548 1354 Symmachum.
1582 1281 1702 1348 Quo
1736 1282 1857 1335 luco
1879 1282 2083 1335 etiam:

505 1377 706 1431 Deduxi
750 1377 1062 1444 sanguinem
1108 1392 1293 1432 eorum
1331 1376 1388 1429 in
1426 1384 1646 1443 terram,
1686 1373 1937 1430 eumdem
1969 1394 1982 1428 :
2018 1373 2085 1427 Et

498 1486 716 1539 aspersa
763 1478 839 1525 est
884 1469 1107 1523 victoria
1152 1484 1336 1522 eorum
1386 1483 1542 1538 super
1591 1466 1897 1521 vestimenta
1946 1482 2083 1522 mea.

499 1564 786 1632 Tanquam
824 1569 1007 1617 autem
1050 1561 1318 1632 judicium
1347 1561 1500 1615 solus
1532 1575 1561 1613 a
1592 1559 1756 1615 Patre
1787 1558 2083 1628 acceperit,

506 1654 746 1710 torcular
792 1668 852 1709 se
897 1654 1076 1709 solum
1122 1652 1465 1707 conculcans
1502 1650 1658 1716 dicit,
1706 1650 1781 1703 ita
1825 1659 2085 1720 peccato-

2189 460 2296 510 τῶν
2349 458 2576 526 ἀδίκως
2622 460 2728 513 ὑπὸ
2774 461 2884 514 τῶν
2915 462 3314 534 ἀντικειμένων
3342 466 3610 541 δυνάμεων
3648 458 3741 532 κα..
3827 481 3834 488 ’

2187 552 2675 621 ταπατουμένων,
2711 552 2809 616 τὰς
2843 555 2942 622 μὲν
2981 554 3352 626 μετῄει,’τοῦς
3374 560 3424 612 δὲ
3454 563 3743 640 ἠλευθέρου,

2188 637 2322 693 Εἶτα
2350 641 2576 713 δευτέρα
2605 643 2833 708 πεῦσιςο
2872 647 2977 700 Διά
3021 648 3080 701 τί
3111 663 3230 702 σου
3278 650 3493 720 ἐρυθρά
3528 657 3595 711 τὰ
3627 637 3747 729 1μά-

2188 745 2318 794 τια;
2346 732 2484 801 πρὸς
2504 732 2533 784 ὃ
2565 733 2725 786 πάλιν
2748 735 3127 807 ἀποκρίνεται.
3147 737 3295 791 Ἀντὶ
3325 739 3381 792 δὲ
3398 742 3509 805 τοῦ,
3536 748 3623 800 καὶ
3643 750 3749 802 τῶν

2186 821 2400 888 ἐθνῶν,
2429 826 2457 877 ὁ
2508 823 2826 897 Σύμμαχος,
2852 829 2947 880 καὶ
2986 829 3094 881 ἀπὸ
3124 829 3242 883 τῶν
3288 833 3454 887 λαῶν
3478 836 3745 907 ἐξέδωκεν,

2188 914 2281 967 καὶ
2318 916 2438 968 ἀντὶ
2464 916 2584 980 τοῦ,
2622 917 2979 988 Κατήταγον
3022 922 3090 976 τὸ
3112 918 3257 991 αἷμα
3285 926 3481 979 αὐτῶν
3509 932 3592 995 εἰς
3629 933 3753 999 γῆν,

2186 1006 2294 1060 Kal
2325 1006 2685 1077 ἐρῤαντίσθη
2713 1010 2778 1064 τὸ
2808 1010 3108 1068 ἐπινίκιον
3130 1015 3330 1070 αὐτῶν
3350 1019 3447 1072 ἐπὶ
3483 1021 3551 1075 τὰ
3577 1024 3757 1091 1μὰταὶ

2181 1117 2323 1168 μου.
2367 1100 2454 1164 Ὧς
2485 1100 2541 1154 δὲ
2572 1101 2732 1172 μόνος
2760 1102 2878 1171 τὴν
2906 1106 3113 1173 κρίσιν
3140 1106 3319 1161 λαϐὼν
3355 1112 3505 1181 παρέι
3535 1114 3623 1168 τοῦ
3658 1120 3758 1171 Πα-

2185 1191 2362 1261 τέρος,
2424 1193 2585 1262 μόνος
2627 1196 3039 1264 πεπατηκέναι
3091 1200 3227 1270 φησὶ
3276 1203 3494 1269 ληνὸν,
3542 1204 3680 1261 οὕτω
3707 1210 3757 1263 δὲ

2188 1284 2343 1338 καλεῖ
2393 1286 2503 1339 τῶν
2528 1288 2950 1359 ἁμαρτημάτων
2974 1290 3075 1362 τὴν
3125 1292 3414 1365 ἔκπραξιν.
3456 1298 3564 1351 Καὶ
3620 1297 3764 1371 Ἰερε-

2190 1375 2318 1446 μίας
2340 1378 2480 1433 δὲνὲν
2504 1381 2737 1451 Θρήνοις
2762 1383 2917 1451 φησί·
2939 1382 3116 1452 Ληνδν
3138 1386 3610 1463 ἐπάτησεΚὺριος
3638 1409 3761 1463 παρ-

2188 1468 2325 1539 θένῳ
2355 1468 2589 1541 θυγατρὶ⁸
2633 1472 2824 1530 Ἰούδα.
2878 1477 2999 1530 Ἐπὶ
3028 1478 3242 1542 τούτοις
3271 1460 3397 1547 ἐγω
3419 1481 3604 1536 κλαίω.
3642 1460 3760 1539 κοξ-

2187 1577 2294 1632 περ
2317 1560 2372 1615 δὲ
2401 1562 2592 1631 ληνὸς
2618 1566 2651 1638 ἡ
2677 1565 2770 1618 ἐπὶ
2808 1567 2868 1620 τὸ
2899 1568 3033 1622 αὐτὸ
3065 1570 3174 1623 τῶν
3221 1571 3637 1643 ἁμαρτημάτων
3680 1573 3761 1629 εὖ·

2189 1650 2322 1706 θυνα
2340 1667 2357 1684 ο
2388 1652 2531 1707 οὕτω
2557 1656 2667 1709 τῶν
2696 1656 2804 1711 ἀπὸ
2832 1660 2932 1729 τῆς
2964 1660 3179 1730 ἀγαθῆς
3207 1662 3458 1733 ἀμπέλου
3504 1667 3762 1737 τρυγομὲ·

501 1764 620 1802 rum
683 1761 874 1816 ptenas
925 1745 1267 1815 significans.
1304 1743 1380 1797 Ita
1419 1757 1553 1798 vero
1598 1751 1653 1798 et
1698 1740 1966 1798 Jeremias
2001 1743 2084 1797 lo-

2199 1761 2294 1797 νων
2337 1746 2569 1817 καρπῶν
2603 1749 2782 1816 ληνοὶ
2844 1751 2962 1823 Θεῷ
3020 1754 3358 1826 ἁρέσκουσαι
3392 1756 3654 1827 γίνονται,
3688 1759 3765 1828 ἐφ’

499 1841 686 1910 quitur
714 1839 768 1893 in
789 1836 1298 1891 Lamentatiouibus
1316 1834 1388 1901 ⁸⁸,
1418 1850 1541 1890 cum
1570 1836 1815 1891 torcular
1841 1836 2088 1891 calcasse

500 1930 792 1985 Dominum
819 1929 1018 2000 virgini
1055 1926 1178 1983 tilia:
1218 1925 1394 1989 Judae,
1427 1925 1572 1995 unde
1602 1940 1663 1981 se
1704 1927 1922 1996 piorare
1954 1940 2088 1979 con-

502 2025 758 2092 tingeret,
810 2020 1134 2076 aﬂirmavit.
1194 2019 1264 2075 Ut
1317 2027 1497 2073 autem
1553 2018 1743 2073 eodem
1800 2019 2086 2072 torcularis

502 2115 752 2180 nomine,
785 2128 908 2184 quae
954 2113 1195 2184 peccatis
1241 2112 1535 2177 debentur,
1565 2126 1741 2181 poenae
1768 2111 2087 2180 signiﬁcan-

501 2219 614 2273 tur,
651 2208 731 2263 sic
781 2207 877 2277 qui
934 2210 998 2261 de
1053 2205 1199 2261 bona
1254 2204 1362 2260 vile
1417 2204 1633 2271 fructus
1689 2204 2083 2273 decerpantur,

500 2302 795 2355 torcularia
825 2315 948 2356 esse
1000 2298 1110 2353 Deo
1156 2298 1431 2369 placentia
1476 2297 1779 2360 credimus,
1807 2297 1901 2366 qui
1943 2297 2087 2366 psal-

499 2408 619 2448 mos
649 2392 716 2446 de
746 2390 1122 2447 torcularibus
1151 2389 1385 2446 inscribi
1429 2389 1701 2445 videmus.
1734 2388 1870 2442 Cum
1904 2396 2085 2441 autem

500 2484 766 2541 malitiam
792 2499 1036 2548 omnem,
1059 2482 1450 2552 daemonasque
1477 2481 1627 2549 ipsos
1658 2480 1782 2551 ejus
1811 2489 2083 2541 auctores.

498 2591 717 2633 cessare
755 2575 946 2631 iecerit
983 2592 998 2631 :
1031 2588 1152 2640 eos,
1196 2573 1398 2643 quibus
1438 2573 1751 2644 imperavit,
1787 2573 1841 2627 in
1884 2573 2088 2628 saeculo

501 2668 709 2724 recenti
759 2667 827 2721 ad
860 2664 1091 2721 Patrem
1142 2664 1400 2728 adducet,
1442 2678 1555 2732 quo
1602 2665 1768 2717 etiam
1821 2670 2084 2732 tempore,

501 2761 583 2813 ait
620 2759 920 2829 Aposwlus
960 2758 1026 2821 ⁸³,
1084 2771 1313 2828 regnum
1357 2756 1467 2811 Deo
1505 2762 1559 2809 et
1600 2755 1750 2809 Patri
1784 2754 2088 2809 traditurus

500 2862 605 2908 est.
640 2852 935 2917 Caeterum,
962 2859 1021 2905 ut
1053 2856 1327 2921 perstaret
1353 2849 1404 2901 in
1434 2840 1709 2919 sanguinis
1742 2846 2085 2917 metaphora,

502 2944 814 2998 restituente
856 2959 968 2998 esse
1014 2942 1297 3012 inquinata
1332 2940 1554 3011 adjecit.
1588 2938 1815 3005 Qualem
1850 2940 1995 2994 enim
2030 2940 2086 2993 in

502 3037 877 3106 potestatibus
968 3033 1314 3102 incorporeis
1404 3033 1726 3103 sanguinem
1803 3032 2090 3102 reperias?

2191 1832 2280 1902 αἷς
2300 1837 2459 1929 ὕμνοι
2491 1842 2547 1895 ὲν
2577 1842 2833 1913 Ψαλμοῖς
2861 1845 3131 1918 ὲπιλήνιοι
3165 1846 3439 1917 λέγονται.
3488 1850 3765 1923 Καταργήο

2193 1946 2292 1994 σας
2311 1931 2368 1985 δὲ
2400 1935 2581 1987 πᾶσαν
2613 1936 2833 1997 κακίαν,
2866 1938 2963 1991 καὶ
3010 1938 3136 2002 τοὺς
3180 1939 3356 2011 αὐτὴν
3411 1942 3764 2011 γεννήσαντας

2189 2022 2471 2092 δαίμονας,
2499 2027 2625 2091 τοὺς
2648 2028 2741 2081 ὑπ’
2764 2028 2913 2098 αὐτῷ
2940 2028 3402 2102 βασιλευομένους
3429 2032 3488 2084 ὲν
3511 2030 3588 2101 τῷ
3604 2033 3767 2102 ,καινῷ

2189 2113 2348 2167 αἰῶνι
2407 2116 2668 2187 προσάξει
2689 2119 2766 2189 τῷ
2804 2119 3034 2192 Πατέρι,
3085 2122 3174 2175 ὅτε
3206 2121 3303 2176 καὶ
3337 2125 3650 2196 παραδώσει
3679 2128 3767 2197 τὴν

2192 2203 2473 2274 βασιλείαν
2502 2207 2579 2279 τῷ
2614 2208 2737 2280 Θεῷ
2767 2210 3119 2283 καὶοῐῐατέρι,
3140 2212 3284 2267 κατὰ
3309 2215 3407 2269 τὸν
3439 2216 3763 2272 ’Δπόστολον.

2203 2298 2489 2368 Ἐμμένων
2515 2300 2572 2353 δὲ
2601 2303 2667 2371 τῇ
2704 2304 2989 2374 μεταφορᾷ
3019 2303 3126 2359 τοῦ
3153 2306 3429 2375 αἵματος,
3477 2309 3551 2363 τὰ
3587 2309 3767 2380 Ιμάτιιι

2184 2392 2561 2459 μεμολύνθαι
2592 2392 2834 2462 λέγεται.
2864 2396 3024 2449 Ποῖον
3062 2396 3173 2468 γάρ
3207 2398 3302 2452 ἐπὶ
3346 2399 3655 2470 ἀσωμάτων
3688 2402 3767 2455 δυ-

2192 2484 2411 2551 νάμεων
2438 2478 2610 2553 alita;
2668 2482 2801 2539 Εἶτα
2849 2486 3015 2542 πάλιν
3054 2488 3279 2561 ἡμέρας
3309 2492 3767 2560 ἁνταποδώσεως

2190 2574 2292 2629 καὶ
2349 2576 2632 2633 ἐνιαυτοῦ
2664 2580 3025 2647 λυτρώσεως
3084 2583 3387 2654 μέμνηται,
3420 2586 3496 2650 ὡς
3542 2586 3632 2639 ἐπὶ
3669 2585 3767 2657 τῶν

2190 2668 2573 2739 χρηστοτέρων
2612 2669 2852 2738 ἐλέγετο,
2890 2671 3143 2743 Κηρύξαι
3171 2675 3424 2729 ἐνιαυτὸν
3464 2676 3668 2746 Κυρίου
3690 2676 3767 2729 δε-

2191 2757 2342 2824 κτδν,
2377 2758 2472 2812 καὶ
2495 2758 2710 2830 ἡμέραν
2747 2761 3179 2825 ἀνταποδόσεως.
3214 2765 3307 2817 Διὸ
3350 2764 3445 2818 νῦν
3476 2764 3766 2836 προσέθηκε

2191 2849 2285 2902 καὶ
2309 2849 2589 2916 ἐνιαυτὸς
2611 2849 2986 2917 λυτρώσεως,
3006 2851 3143 2922 ὁμοῦ
3168 2852 3276 2924 γὰρ
3299 2855 3432 2918 τοὺς
3471 2854 3570 2923 μὲν
3596 2854 3765 2917 σώσει,

2190 2943 2298 3006 τοῖς
2323 2941 2379 2995 δὲ
2399 2941 2833 3009 ἀνταποδώσει,
2861 2943 3007 3021 καθά
3024 2961 3158 3015 φησι
3185 2946 3425 3017 Μωσῆς·
3459 2966 3479 2999 ι
3518 2946 3628 2999 Καὶ
3652 2945 3768 2999 ἀντ-

2192 3033 2462 3087 αποδώσει
2529 3033 2685 3105 δίκην
2713 3037 2827 3099 τοῖς
2857 3035 3096 3108 ἐχθροῖς,
3126 3038 3222 3092 καὶ
3254 3041 3373 3103 τοῖς
3417 3037 3666 3111 μισοῦσιν
3686 3037 3771 3093 αὐ·

508 3128 776 3198 Deinceps
819 3142 1038 3182 rursum
1065 3126 1172 3180 diei
1201 3125 1587 3189 retributionis,
1612 3124 1842 3193 annique
1882 3123 2088 3178 redem—

2199 3126 2285 3179 τὸν
2313 3124 2714 3180 ἀνταποδὼσει.
2754 3146 2773 3177 ι

506 3218 703 3288 ptiom‘s
743 3218 1014 3279 meminit,
1050 3216 1214 3286 quale
1265 3216 1398 3271 illud
1432 3214 1558 3279 fuit,
1598 3217 1743 3286 quod
1774 3216 1841 3271 de
1872 3216 2229 3287 probioribus
2268 3218 2524 3289 loquens,
2564 3230 2625 3273 ut
2653 3220 2813 3290 721
2848 3234 3052 3275 annum
3089 3219 3324 3293 Domino
3374 3223 3771 3294 acceptabilem.

508 3316 763 3382 diemque
809 3310 1194 3366 retributionis
1244 3310 1622 3376 annuntiaret,
1675 3311 1814 3364 mitti
1864 3326 1924 3367 se
1961 3311 2179 3369 dicebat
2209 3312 2279 3366 ⁷ο.
2310 3313 2431 3379 Quo
2467 3313 2673 3369 factum
2713 3324 2818 3381 est,
2858 3322 2920 3369 ut
2986 3315 3077 3371 hic
3142 3319 3525 3388 redemptionis
3593 3334 3772 3373 annum

509 3407 809 3476 adiiceret;
861 3402 985 3458 istis
1022 3401 1244 3472 quidem
1282 3402 1542 3468 salutem,
1599 3402 1709 3458 illis
1754 3411 1945 3458 autem
2011 3402 2412 3459 retributionem
2455 3404 2621 3462 simul
2670 3405 3012 3477 signiﬁcans.
3085 3406 3259 3475 Quale
3303 3419 3393 3467 est.
3441 3410 3577 3466 illud
3649 3410 3775 3482 apud

510 3498 693 3553 Mosen
728 3514 740 3548 :
789 3511 806 3545 ι
848 3492 912 3548 Ει
947 3493 1219 3548 retribuet
1267 3493 1534 3549 ultionem
1595 3493 1861 3559 inimicis,
1900 3501 1954 3549 et
2002 3493 2096 3563 qui
2134 3495 2371 3550 oderunt
2402 3511 2550 3562 eum,
2581 3496 2847 3552 retribuet
2879 3500 2957 3565 '".
2989 3517 3009 3551 ι
3478 3534 3481 3537 -

584 3587 843 3657 Sequitur
876 3584 1078 3640 deinde
1114 3602 1126 3638 :
1160 3585 1376 3654 Aspexi,
1399 3594 1449 3639 ct
1482 3601 1585 3639 non
1612 3595 1726 3639 erat
1760 3584 2099 3647 auxiliator;

507 3679 861 3743 considerari,
895 3686 944 3732 et
986 3675 1168 3731 nullus
1217 3686 1358 3743 erat,
1395 3677 1489 3748 qui
1540 3677 1839 3747 adjuvaret,
1873 3686 1923 3731 et
1959 3679 2135 3731 eruit.

509 3792 598 3828 eos
633 3771 908 3825 brachium
946 3785 1141 3824 meum.
1188 3768 1348 3824 Solus
1377 3772 1522 3824 enim
1559 3770 1866 3825 exinanivit
1898 3777 2100 3827 semet-

512 3866 716 3934 ipsum,
766 3861 997 3915 t‘ormam
1036 3860 1183 3915 servi
1218 3860 1496 3931 accipiens
1530 3862 1595 3915 τ’.
1628 3862 1823 3918 Crucis
1865 3871 2096 3917 mortem

515 3961 779 4022 praetr-rea
813 3960 1017 4006 nostra:
1045 3951 1245 4006 salutis
1280 3967 1449 4007 causa
1480 3953 1739 4021 pertulit;
1770 3967 1934 4022 quam
1971 3953 2096 4007 nul-

515 4049 600 4099 lus
640 4044 721 4098 vel
761 4045 1015 4114 angelus,
1047 4043 1129 4096 vel
1162 4051 1424 4113 potestas,
1466 4045 1549 4099 vel
1595 4045 1759 4100 homo
1789 4044 1967 4099 fuerat
2000 4059 2099 4099 su-

516 4141 753 4193 biturus.
794 4123 915 4202 Quo
951 4134 1159 4190 factum
1194 4143 1301 4202 est,
1334 4144 1395 4190 ut
1427 4152 1570 4191 unus
1611 4152 1809 4193 nomen
1844 4152 1875 4192 a
1914 4135 2096 4199 Patre,

514 4226 662 4300 quod
706 4234 790 4282 est
824 4240 989 4294 super
1038 4239 1201 4280 omne
1256 4241 1456 4281 nomen
1500 4226 1568 4291 ⁷³,
1618 4225 1999 4296 iudiciumque
2044 4227 2100 4280 in

516 4334 710 4374 omnes
740 4316 1096 4386 acceperit".
1125 4315 1328 4372 Verum
1356 4318 1501 4388 quod
1532 4319 1641 4373 ait:
1662 4316 1735 4373 Et
1755 4317 1951 4372 deduxi
1977 4334 2104 4371 sau-

506 4407 722 4483 guineut
758 4421 937 4459 eorum
969 4404 1023 4457 iu
1051 4413 1246 4457 terram
1268 4444 1282 4468 ,
1323 4404 1391 4459 de
1433 4404 1629 4475 adepta
1662 4406 1886 4459 victoria
1917 4405 2101 4459 caeteri

519 4501 953 4567 interpretantur
984 4515 996 4548 :
1031 4504 1291 4564 tanquam
1321 4495 1495 4552 victos
1524 4512 1555 4551 a
1585 4511 1645 4552 sc
1670 4496 1806 4568 jam,
1832 4498 1925 4567 qui
1958 4496 2102 4551 vinci

520 4607 628 4644 non
669 4596 943 4659 poterant,
981 4586 1273 4657 signiﬁcet.
1311 4587 1416 4642 Alii
1463 4603 1775 4643 sermonem
1819 4589 1984 4643 istum
2032 4587 2101 4642 ad

2277 3582 2414 3639 Εἷτά
2454 3603 2619 3657 φησιν
2643 3603 2656 3617 ·
2698 3585 3065 3663 Ἶίῖπέϐλεψα,
3091 3590 3320 3645 καὶούκ
3349 3585 3433 3661 ἦν
3470 3592 3504 3645 ὁ
3528 3589 3773 3658 βοηθῶν.

2207 3680 2317 3735 Καὶ
2349 3681 2763 3749 προσενόησα,
2797 3679 3118 3757 καὶοὺδεὶς
3143 3681 3648 3749 ἀντελαμϐάνετο.
3683 3681 3774 3735 Kal

2205 3769 2502 3841 ἑῤῥύσατο
2527 3770 2752 3835 αὐτοὺς
2784 3773 2816 3824 ό
2843 3770 3120 3840 βραχίων
3158 3788 3299 3840 μου.
3331 3772 3510 3836 Μόνος
3548 3771 3653 3845 γὰρ
3674 3770 3775 3824 έκέ‹

2206 3875 2377 3912 νωσεν
2415 3858 2636 3923 ἑαυτὸν,
2673 3860 2890 3929 μορφὴν
2921 3860 3113 3913 δούλου
3141 3860 3346 3915 λαϐών.
3381 3863 3489 3916 Καὶ
3511 3865 3599 3915 τὶν
3631 3864 3774 3931 μέχρι

2205 3946 2442 4018 σταυροῦ
2467 3945 2694 4002 θάνατον
2717 3948 3010 4018 ὑπέμεινεν
3035 3948 3176 4019 ὑπὲρ
3194 3950 3292 4019 τῆς
3316 3951 3477 4021 ἡμῶν
3504 3951 3772 4020 σωτηρίας,

2205 4040 2234 4094 δ
2266 4039 2457 4111 μηδεὶς
2485 4039 2757 4108 ἀγγέλων,
2784 4040 2817 4110 ἢ
2854 4039 3174 4110 δυναμένων
3205 4049 3251 4101 ο,
3284 4041 3319 4111 ἢ
3357 4040 3658 4113 ἀνθρώπων
3685 4042 3773 4093 ὑπ-

2208 4134 2338 4203 έστη
2357 4151 2372 4165 ο
2409 4133 2489 4186 διὸ
2516 4133 2612 4187 καὶ
2646 4132 2793 4203 μόνῳ
2818 4132 2846 4183 ὁ
2876 4132 3066 4204 Πατὴρ
3092 4131 3393 4203 ἐχαρίσατο
3416 4134 3478 4185 τὸ
3511 4131 3773 4202 δνομσ,⁹τὸ

2213 4224 2359 4295 ὑπὲρ
2402 4224 2507 4277 πᾶν
2540 4222 2719 4293 ὄνομα
2768 4223 2862 4276 καὶ
2907 4222 3006 4294 τὴν
3049 4224 3191 4278 κατὰ
3225 4223 3449 4278 πάντων
3496 4226 3772 4294 ἐνεχείρισε

2214 4316 2419 4383 κρίσιν.
2435 4313 2586 4368 Ἀντὶ
2611 4313 2669 4366 δὲ
2695 4313 2808 4366 τοῖν
2841 4314 2949 4367 Καὶ
2978 4314 3320 4383 κατήγαγον
3342 4314 3410 4368 τὸ
3429 4309 3571 4383 alga
3598 4308 3774 4367 αὐτῶν

2210 4408 2298 4470 εἰς
2325 4404 2462 4474 γῆν,
2516 4405 2569 4456 οἱ
2606 4402 2795 4456 λοιποὶ
2825 4404 2886 4455 τὸ
2915 4403 3089 4468 νικος
3130 4403 3425 4466 ἐξέδωκαν.
3472 4403 3773 4470 Νενίκηνται

2212 4495 2321 4567 γὰρ
2349 4496 2442 4548 ὑπ’
2476 4494 2635 4565 ἐμοῦ,
2672 4496 2862 4564 φησὶν,
2896 4496 2945 4547 οἱ
2983 4493 3267 4556 δοκοῦντες
3316 4494 3582 4562 ἀνίκητοι.
3612 4492 3773 4545 Ἀλλοι

2210 4589 2267 4642 δὲ
2300 4587 2428 4659 περ).
2458 4588 2556 4656 τῆς
2591 4585 2913 4656 ἀναλήψεως
2944 4583 3036 4637 τοῦ
3060 4586 3311 4658 Σωτῆρος
3343 4586 3442 4656 τὴν
3477 4587 3629 4657 ῥῆσιν
3647 4584 3773 4646 δεξά·

520 4681 830 4735 Βειῑιέιιονίς
875 4679 1253 4734 ascensionem
1300 4678 1627 4743 referentes,
1655 4681 1869 4751 expleta
1916 4679 2094 4735 carnis

2212 4682 2361 4754 μενοι
2397 4697 2581 4750 φασιν,
2615 4679 2691 4743 ὡς
2724 4678 3021 4750 πληρώσας
3055 4678 3154 4749 τὴν
3186 4678 3326 4756 μετᾲ
3354 4679 3557 4746 σαρκὸς
3588 4679 3770 4731 οἰκονοο

522 4789 588 4828 oe-
610 4772 832 4826 ouoniia
866 4770 930 4825 ad
968 4770 1184 4825 Patrem
1220 4773 1477 4842 supernis
1510 4773 1879 4843 potestatibus
1911 4787 2107 4827 ascen-

522 4867 653 4918 dere
702 4863 881 4917 visum
932 4875 1091 4923 esse,
1137 4875 1260 4916 cum
1314 4862 1591 4932 passionis
1639 4862 1793 4932 signa
1841 4869 2105 4932 gestaret,

524 4957 901 5019 arbitrantur;
943 4968 1053 5008 non
1089 4955 1235 5023 quod
1283 4969 1408 5009 cum
1465 4955 1574 5010 illis
1621 4956 1930 5010 surrexerit
1964 4973 1976 5008 :
2014 4954 2107 5008 sed

526 5044 803 5115 quomodo
850 5043 1125 5097 dubitanti
1177 5043 1400 5102 Thoma:
1453 5063 1515 5101 ea
1568 5047 1852 5112 ostendit;
1902 5046 1985 5102 sic
2032 5047 2113 5117 (ut.

524 5147 634 5211 jam
666 5137 1072 5205 Principatibus
1102 5145 1155 5191 et
1187 5135 1562 5195 Potestatibus
1594 5140 1646 5193 in
1680 5138 1837 5195 cmlis
1878 5147 2106 5209 propter

528 5230 837 5288 Erclesiam
870 5228 1243 5284 innotesceret
1277 5231 1563 5300 multiplex
1602 5231 1694 5285 Dei
1739 5229 2008 5299 sapientia
2038 5229 2110 5297 ⁷³)

529 5340 653 5378 rum
679 5319 953 5391 passionis
975 5319 1149 5391 signis
1168 5328 1489 5389 remeasse;
1520 5338 1695 5394 eoque
1724 5320 1927 5375 factum
1961 5334 2107 5383 esse,

601 5442 646 5471 ἰι
676 5437 881 5492 Thrcn.
916 5451 955 5498 ι,
991 5435 1078 5504 15.
1158 5438 1200 5471 ⁸⁸
1235 5437 1252 5490 I
1282 5438 1411 5496 Cor.
1440 5458 1530 5504 xv,
1565 5440 1656 5496 24.
1732 5439 1779 5471 ⁷ο
1806 5438 1913 5495 lsa.
1938 5453 2047 5500 ut,
2083 5435 2147 5502 l;

531 5512 576 5545 ⁷³
610 5510 739 5566 ibid.
765 5508 817 5563 9.
893 5506 940 5537 7"
974 5503 1135 5563 Joau.
1167 5524 1220 5573 ν,
1252 5508 1344 5564 22.
1423 5512 1468 5544 ⁷⁵
1492 5503 1689 5581 Ephes.
1723 5525 1808 5574 ιιι,
1842 5509 1926 5561 10.

2213 4773 2362 4843 μίαν,
2395 4770 2603 4833 ἀναϐὰς
2634 4770 2891 4841 πρὺςητδν
2911 4770 3131 4840 Πατέρα
3159 4768 3316 4839 ὤφθη
3355 4773 3477 4834 ταῖς
3499 4770 3608 4823 ἄνω
3631 4767 3768 4820 δυνά-

2215 4881 2364 4933 μεσι,
2405 4863 2499 4929 τοῦ
2531 4861 2737 4925 πάθους
2761 4862 2946 4932 φέρων
2980 4861 3050 4915 τὰ
3098 4860 3364 4932 σύμϐολα,
3397 4862 3496 4931 οὐχ
3532 4862 3610 4913 ὅτι
3650 4857 3768 4928 μετᾶ

2214 4954 2417 5008 τούτων
2452 4955 2673 5024 ἀνέστη,
2724 4946 2768 5018 ᾧ
2797 4952 2854 5004 δὲ
2894 4952 3082 5022 τρόπῳ
3125 4953 3442 5007 διστάσαντι
3485 4951 3674 5018 δὲδειχε
3702 4946 3770 5018 τῷ

2216 5046 2405 5115 Θωμᾷ.
2452 5045 2638 5108 Οὕτως
2681 5045 2804 5114 (ἵνα
2856 5044 3135 5114 γνωρισθῇ
3174 5043 3270 5096 νῦν
3312 5048 3431 5107 ταῖς
3461 5045 3647 5114 ἀρχαῖς
3687 5038 3769 5092 καὶ

2220 5140 2339 5200 ταῖς
2370 5137 2641 5201 ἐξουσίαις
2671 5139 2729 5189 ἐν
2760 5138 2871 5198 τοῖς
2902 5134 3266 5205 ἐπουρανίοις,
3298 5133 3388 5188 διὰ
3421 5135 3521 5203 τῆς
3566 5130 3769 5197 Ἐκκλη-

2222 5231 2338 5292 σίας
2371 5231 2404 5299 ἡ
2437 5228 2819 5290 πολυποίκιλος
2851 5226 3012 5295 σοφία
3041 5224 3136 5278 τοῦ
3168 5225 3326 5294 Θεοῦ)
3373 5224 3514 5296 μετὰ
3539 5224 3639 5277 τῶν
3687 5218 3766 5271 τοῦ

2220 5320 2424 5380 πάθους
2486 5319 2729 5389 σημείων
2781 5318 3101 5389 ἀνέδραμεν.
3163 5315 3487 5387 Θαυμάζουςι
3508 5334 3546 5367 ιι
3613 5313 3766 5364 τοίνυν

2180 5434 2312 5487 Luc.
2344 5449 2417 5494 tv,
2455 5432 2541 5486 18.
2618 5431 2661 5462 ⁷¹
2695 5431 2852 5485 Deut.
2913 5444 3083 5492 xxx",
3137 5427 3227 5481 ιι.
3303 5429 3349 5459 ⁷⁸
3383 5427 3609 5496 Philipp.
3638 5439 3692 5489 ιι,
3719 5420 3761 5475 Ἰ.

1807 5597 2043 5653 ἾΑἱὶΙίΕ
2086 5593 2493 5654 LECTIONES.

536 5730 543 5744 ,
618 5698 642 5725 ο
684 5706 774 5760 π).
803 5687 1113 5760 δυνάμεων.
