3978 6442
304 264 436 328 2669

1482 261 2019 323 COMMENTARII
2052 261 2134 322 IN
2158 262 2443 325 ISAIAM-

3438 253 3579 319 2670

306 381 536 441 ἀνιόντος
589 374 973 429 πυνθάνονται.
1031 375 1106 429 Τὸ
1152 374 1209 428 δὲ
1274 375 1481 446 Ἐεὼμ,
1519 375 1886 446 ἑρμηνεύεται

2003 385 2052 431 ut
2087 378 2411 434 redeuntem
2463 375 2595 446 ipsa:
2643 372 2930 430 demiratus
2978 372 3340 443 interrogent.
3393 372 3579 441 Signi-

307 471 545 542 :n'pjit‘q.
576 469 606 540 ἥ
645 468 875 538 γήϊνος.
911 467 986 539 Τὸ
1012 469 1068 522 δὲ
1103 468 1324 537 Βόσορ,
1356 471 1389 540 ἦ
1443 469 1600 535 σὰρξ
1620 509 1635 532 ,
1674 469 1707 538 ἢ
1738 468 1885 537 adp-

308 585 483 629 κινος.
514 562 676 630 Δηλοῖ
703 561 882 612 τοίνυν
904 559 966 613 τὸ
989 559 1362 629 πεφοινῖχθαι,
1393 561 1468 623 ὡς
1503 560 1613 617 ἀπὸ
1658 559 1887 627 σαρκός

272 640 279 646 ”
305 674 359 711 τε
389 655 487 709 καὶ
526 654 795 722 αἵματος.
850 652 938 714 Ὠς
967 652 1025 704 δὲ
1055 652 1427 723 γνωρίζουσαι
1458 652 1623 705 αὐτὸν
1647 652 1804 711 Θεὸν,
1840 654 1887 703 εξ

306 750 395 805 καὶ⁵
422 746 485 816 ἦν
512 748 569 800 ἐν
597 744 783 816 σαρκὶ,
812 744 1031 811 ὡραῖον
1053 745 1216 798 αὐτόν
1243 762 1409 812 φασιν
1438 745 1510 799 ἐν
1535 742 1756 812 στολῇ,
1788 742 1888 796 καὶ

306 842 481 913 ἰσχὺν
532 837 682 908 αὑτῷ
742 835 1111 909 μαρτυροῦσι.
1146 835 1320 890 Τοῦτο
1349 835 1459 906 γὰρ
1507 836 1546 904 ἡ
1570 835 1685 900 ,βία
1715 834 1883 905 δηλοῖ.

309 936 483 989 Ἔοικε
520 930 666 984 δὲτὸ
698 930 874 999 παρὸν
920 928 999 998 τῷ
1033 929 1091 982 ὲν
1144 934 1229 997 κγ’
1262 927 1501 999 ψαλμιῖν
1546 944 1566 979 ι
1603 926 1701 989 Τίς
1739 926 1889 978 ἐστιν

302 1018 498 1088 οὗτοςό
524 1020 781 1090 βασιλεὺς
838 1020 939 1089 τῆς
976 1020 1167 1089 δόξηςς
1210 1038 1228 1071 t
1280 1019 1661 1091 Ἀποκρίνεται
1694 1017 1775 1080 δὲ,
1802 1017 1884 1069 ὅτι

315 1114 456 1183 Ἐγὼ
483 1113 829 1183 διαλέγομαι
866 1110 1286 1179 δικαιοσύνην,
1340 1110 1374 1181 ἥ
1418 1112 1481 1164 τὸ
1535 1108 1890 1178 εὐαγγελικδν

303 1205 579 1272 κήρυγμα,
609 1199 667 1273 ἢ,
720 1201 804 1253 ὅτι
830 1199 966 1253 Θεοῦ
997 1203 1105 1263 πᾶς
1126 1200 1282 1275 λόγος
1305 1199 1558 1266 δίκαιος.
1585 1200 1799 1267 Κρίσιν
1824 1198 1883 1252 δὲ

304 1278 643 1360 σωτηρίους
672 1291 737 1345 τὺ
794 1290 880 1360 ἐφ’
919 1293 1052 1363 ἡμῖν
1080 1291 1339 1362 ὀνομάζει
1375 1293 1573 1364 κρῖμα.
1622 1289 1888 1343 Δεδίκακε

304 1383 408 1456 γὰρ
424 1386 489 1455 τῇ
511 1383 893 1456 ἀνθρωπότητι
923 1384 1017 1437 καὶ
1042 1383 1123 1455 τῷ
1148 1382 1353 1453 ταύτην
1402 1384 1749 1453 ἀπατήσαντι
1781 1383 1889 1435 Σα-

301 1481 452 1551 τανᾷ.
492 1479 690 1548 Ἔλεγε
735 1481 874 1552 γάρ’
931 1499 950 1532 ι
999 1479 1114 1533 Νῦν
1141 1479 1327 1552 κρίσις
1374 1479 1492 1532 ἐστὶ
1540 1477 1636 1532 τοῦ
1683 1480 1889 1549 κόσμου

1991 467 2114 523 ficat
2146 484 2275 523 vero
2310 466 2507 528 Edam.
2540 465 2587 519 si
2619 463 3028 533 interpreteris,
3058 461 3202 516 idem
3234 465 3397 532 plane
3430 465 3575 532 quod

1990 554 2163 624 fulvus
2205 566 2301 610 aut
2352 566 2614 609 terrenus.
2665 552 2838 607 Bosor
2874 561 3082 617 autem,
3127 560 3390 623 tanquam
3428 571 3577 617 caro,

1989 648 2074 700 vel
2104 662 2327 700 carneus
2361 647 2536 701 dicas.
2591 644 2774 699 lnnuit
2821 644 2991 714 igitur
3036 652 3388 698 cruentatum
3432 661 3577 709 esse,

1991 745 2249 807 tanquam
2291 753 2322 793 a
2370 755 2552 800 carne,
2592 738 2676 792 vel
2716 738 2994 807 sanguine.
3038 735 3324 807 Tanquam
3382 738 3582 792 deinde

1994 827 2162 884 Deum
2191 845 2316 886 esse
2349 838 2740 901 agnoscerent,
2768 829 3124 899 quantumvis
3148 843 3370 884 carnem
3399 840 3584 898 gesta-

1991 929 2095 985 ret,
2126 918 2445 975 Formosum
2480 921 2535 974 in
2567 922 2705 974 stola
2730 937 2850 985 sua,
2882 929 2929 974 ct
2965 921 3180 988 fortem,
3213 921 3358 991 qunti
3387 920 3585 975 uiolen-

1995 1016 2084 1068 tiw
2111 1014 2335 1069 nomine
2365 1014 2720 1085 significavit,
2745 1029 2869 1069 esse
2904 1023 3200 1068 testantur.
3233 1015 3422 1084 Neque
3452 1030 3584 1070 vero

1993 1106 2085 1160 isti
2131 1105 2407 1161 dissimile
2456 1105 2641 1172 fuerit,
2669 1106 2817 1177 quod
2867 1108 3083 1177 psalmo
3125 1109 3290 1161 tertio
3334 1118 3387 1164 et
3433 1110 3583 1163 vice-

1994 1200 2136 1252 sitno
2168 1198 2421 1267 legimus,
2464 1200 2554 1252 ubi
2584 1217 2596 1252 :
2634 1217 2652 1249 ι
2693 1198 2827 1266 Quis
2861 1207 2946 1254 est
2973 1200 3078 1253 iste
3113 1214 3204 1253 rex
3239 1201 3426 1269 gloria:
3451 1201 3516 1262 ⁷⁸,
3560 1220 3579 1251 ι

1994 1292 2166 1360 quaeri
2229 1290 2717 1360 deprehendimus.
2780 1291 3093 1361 Respondet
3166 1304 3346 1347 autem
3403 1311 3417 1348 :
3475 1291 3586 1364 Ego
3622 1269 3645 1282 ’

1997 1384 2183 1451 loquor
2214 1383 2513 1452 justitiam.
2547 1382 2669 1449 Quo
2714 1384 2881 1438 verbo
2918 1384 2999 1437 vel
3042 1385 3411 1453 evangelicam
3455 1400 3585 1453 pro-

1997 1476 2395 1546 mulgationem
2452 1476 2669 1537 innuit,
2727 1476 2811 1529 vel
2858 1473 2956 1528 Dei
3009 1490 3317 1543 sermonem
3366 1491 3585 1531 omnem

301 1570 507 1625 τούτου.
544 1569 661 1625 Νῦν
681 1574 710 1625 ὁ
735 1573 921 1644 ἄρχων
944 1571 1041 1626 τοῦ
1089 1571 1299 1642 κόσμου
1341 1569 1670 1643 ἐκϐέϐληται
1699 1570 1826 1637 ἐξω.
1865 1588 1885 1620 ι

2003 1568 2197 1629 iustum
2240 1583 2366 1622 esse
2407 1568 2829 1624 demonstravit.
2876 1566 3035 1632 Quod
3087 1567 3286 1621 deinde
3324 1562 3587 1637 judicium

303 1662 535 1735 Δευτέρα
585 1662 749 1718 πάλιν
797 1663 1089 1737 ἐρώτησις,
1126 1668 1183 1721 ἒν
1288 1665 1540 1737 μέμνησο
1571 1664 1667 1718 106
1699 1681 1891 1735 πατρι-

2003 1660 2160 1730 722
2217 1660 2483 1746 salutaris
2535 1658 2781 1722 addidit,
2838 1658 2974 1713 illud
3039 1658 3243 1729 ipsum,
3294 1662 3438 1729 quod
3489 1679 3591 1731 pro

304 1753 466 1825 ἀρχου
514 1754 711 1810 Ἰακὼϐ
733 1754 984 1825 λέγοντος
1007 1773 1021 1788 ο
1055 1776 1072 1807 ι
1104 1758 1304 1812 Πλυνεῖ
1331 1758 1387 1811 ὲν
1414 1757 1543 1827 οἴνῳ
1569 1755 1671 1825 τὴν
1695 1753 1890 1825 στολὴν

2003 1755 2155 1808 nobis
2189 1760 2311 1814 est,
2367 1750 2654 1807 intellexit.
2715 1750 2886 1805 Litetn
2936 1752 3084 1806 enim
3146 1751 3293 1807 inter
3339 1754 3591 1809 homines

304 1845 485 1911 a6106,
508 1849 605 1902 καὶ
622 1850 682 1902 ὲν
702 1848 902 1919 αἵματι
925 1850 1203 1922 σταφυλῆς
1224 1851 1323 1921 τὴν
1346 1867 1411 1903 πε
1421 1849 1640 1921 ρι6ολὴν
1661 1846 1848 1902 αὐτοῦ.
1868 1865 1886 1897 t

2003 1853 2057 1899 et
2093 1844 2378 1909 Satanam,
2411 1859 2441 1898 a
2473 1858 2583 1913 quo
2613 1842 2792 1897 delusi
2841 1842 3081 1909 fuerant,
3111 1843 3398 1911 judicavit.
3434 1842 3592 1901 Dice-

304 1942 392 1995 bal.
420 1942 567 1996 enim
605 1960 620 1998 :
665 1962 683 1995 ‹
718 1940 877 1998 Nunc
913 1943 1188 2008 judicium
1232 1952 1318 1997 est
1350 1944 1518 2011 hujus
1550 1942 1776 2019 mundi;
1816 1954 1965 1995 nunc
2002 1939 2257 2010 princeps
2290 1938 2480 1993 mundi
2513 1937 2764 2008 ejicietur
2796 1936 2947 1993 foras
2975 1937 3042 1993 ⁷⁷.
3076 1957 3094 1990 ι
3131 1939 3392 2009 Sequitur
3420 1941 3593 1996 altera

304 2049 492 2089 rursus
532 2034 917 2106 interrogatio,
951 2037 1004 2090 in
1036 2052 1142 2107 qua
1194 2045 1248 2092 te
1291 2036 1484 2092 Jacobi
1538 2037 1870 2105 patriarchae
1902 2037 2066 2091 velim
2120 2033 2437 2089 meminisse
2464 2032 2700 2089 dicentis
2741 2051 2753 2087 :
2793 2051 2811 2083 ι
2851 2031 3080 2086 Lavabit
3112 2033 3166 2086 in
3223 2033 3346 2088 vino
3385 2035 3587 2089 stolam

306 2143 452 2183 suam
488 2138 542 2184 et
576 2129 631 2182 in
658 2128 928 2199 sanguine
959 2144 1076 2183 uvte
1108 2129 1498 2185 vestimentum
1535 2145 1696 2185 suum
1728 2128 1796 2183 ⁷³.
1833 2149 1855 2180 r

371 2214 502 2273 Εἷτά
523 2235 662 2289 φησι
688 2230 701 2247 ⁵
733 2218 841 2272 Καὶ
871 2216 991 2272 τῶν
1019 2217 1213 2273 ἐθνῶν
1240 2221 1352 2273 οὐκ
1378 2218 1552 2273 ἐστιν
1579 2218 1738 2287 ἀνὴρ
1760 2220 1892 2289 μετ’

305 2312 464 2381 ἐμοῦ.
510 2312 579 2365 '0
611 2310 913 2365 συναπτέον
939 2310 1019 2383 τῷ
1043 2326 1059 2342 ·
1095 2310 1241 2380 Ἐγὼ
1272 2310 1624 2381 διαλέγομαι
1673 2312 1899 2366 δικαιο-

306 2405 500 2470 σύνην
524 2403 626 2457 καὶ
650 2404 857 2471 κρίσιν
893 2402 1218 2471 σωτηρίου.
1250 2402 1464 2469 Οὐδεὶς
1490 2404 1596 2475 γάρ
1620 2422 1724 2474 μοι
1750 2421 1896 2475 παρ-

308 2496 456 2565 έστη,
494 2495 685 2566 φησὶν,
718 2494 753 2565 ἢ
789 2494 1098 2565 συνήλγησε
1137 2494 1423 2566 πάσχοντι.
1471 2496 1561 2560 Ὠς
1591 2496 1701 2568 γάρ
1733 2514 1900 2567 φησιν

308 2589 334 2640 ὁ
365 2588 765 2658 εὐαγγελιστής
785 2605 799 2619 ο
831 2588 968 2642 Τότε
1000 2587 1203 2652 πάντες
1234 2589 1469 2658 ἀφέντες
1506 2588 1669 2644 αὐτὸν
1696 2591 1747 2644 0i
1799 2607 1904 2661 μα-

309 2680 722 2751 θηταὶΐφυγον.
760 2682 826 2735 Ὀ
861 2682 955 2736 καὶ
986 2680 1288 2753 προῦλεγεν
1330 2683 1359 2735 ὁ
1394 2682 1633 2753 Χριστός
1655 2697 1668 2712 ·
1701 2683 1902 2754 Ἔρχε-

304 2785 388 2824 ται
409 2769 558 2840 ὥρα,
595 2770 689 2824 καὶ
722 2770 1004 2841 ἐλήλυθεν,
1031 2770 1121 2824 ἴνα
1156 2770 1387 2835 ἕκαστος
1419 2771 1791 2843 σκορπισθῆτε
1821 2775 1903 2835 τίς

303 2860 368 2915 τὰ
388 2861 528 2927 (δια,
561 2861 705 2932 κάμὲ
738 2861 899 2931 μόνον
919 2861 1121 2933 ἀφῆτε.
1167 2861 1280 2915 Καὶ
1318 2863 1376 2917 ὲν
1404 2863 1659 2933 Ψαλμοῖς
1690 2864 1750 2918 δέ
1793 2881 1901 2933 φηδ

307 2971 414 3008 σιν·
454 2974 473 3006 ι
546 2953 882 3025 Ὀνειδισμὸν
919 2952 1323 3026 προσεδόκησεν
1368 2955 1403 3025 ἡ
1444 2954 1592 3026 ψυχή
1649 2973 1774 3027 μου,
1806 2956 1901 3009 καὶ

304 3048 708 3118 ταλαιπωρίαν,
737 3049 832 3100 καὶ
869 3046 1144 3118 ὑπέμεινα
1187 3046 1649 3118 συλλυπούμενον,
1682 3050 1776 3102 καὶ
1800 3049 1899 3119 οὐχ

306 3139 558 3211 ὑπῆρχε·
588 3140 685 3192 καὶ
703 3136 1264 3209 παρακαλοῦντα,καὶ
1285 3138 1384 3210 οὐχ
1414 3135 1593 3210 εὖρον.
1628 3158 1647 3190 t
1680 3139 1899 3211 Καίπερ

303 3231 356 3286 δὲ
374 3234 573 3302 μόνος
596 3227 681 3284 ὢν
714 3230 1103 3299 κατεπάτηστι
1154 3230 1379 3298 αὐτοὺς
1408 3232 1478 3285 ἑν
1526 3231 1711 3302 θυμῷ.
1745 3232 1899 3287 Μετά

308 3319 407 3390 γὰρ
432 3319 499 3390 τὴ
518 3335 543 3371 ν
586 3318 855 3389 ἀνάληψιν
882 3319 977 3373 τοῦ
1032 3320 1264 3388 Κυρίου,
1302 3322 1411 3375 πᾶν
1448 3316 1589 3386 εἶδος
1612 3324 1902 3394 συμφορᾶς

317 3411 600 3476 Ἰουδαίοις
631 3413 971 3484 ἀπήντηκεν.
1013 3412 1154 3467 Ἀλλ’
1200 3415 1229 3467 ὁ
1253 3413 1355 3483 τῆς
1388 3415 1615 3468 ἐκείνων
1642 3417 1903 3471 ἀνταπο-

304 3504 539 3570 δόσεως
566 3505 778 3576 καιρὸς,
801 3504 1126 3576 λυτρώσεως
1168 3501 1239 3577 ἦν
1264 3507 1380 3571 τοῖς
1415 3507 1754 3574 ἐπεγνωκόσι
1803 3508 1902 3579 τὴν

304 3597 636 3665 ἐπιφάνειαν
667 3594 854 3649 αὑτοῦ.
890 3596 1112 3667 Καί-περ
1136 3595 1192 3649 δὲ
1216 3595 1479 3665 μηδενὸς
1500 3596 1899 3665 βοηθοῦντος,

306 3688 340 3760 ἦ
367 3688 977 3759 ἀντιλαμϐανομένου
1000 3690 1047 3761 (ὃ
1067 3693 1241 3744 ποιεῖν
1256 3689 1364 3742 ἔδει
1380 3690 1507 3753 τοὺς
1528 3689 1901 3762 Γραμματέας

311 3783 401 3834 καὶ
450 3782 810 3851 Φαρισαίους.
867 3781 919 3836 οἳ
952 3791 980 3832 Ρ
1021 3782 1083 3835 τὸ
1128 3782 1372 3836 ἐναντίον
1429 3782 1729 3854 ἀνέτρεπον
1771 3784 1898 3847 τοὺς

308 3872 682 3944 λαοὺς),ὅμως
707 3873 914 3927 ἔσωσεν
940 3875 1140 3939 αὐτοὺς
1168 3876 1202 3945 ἡ
1238 3874 1346 3946 ἐμὴ
1371 3874 1624 3945 δύναμις.
1651 3876 1900 3930 Πλεῖστοι

310 3962 415 4034 γὰρ
446 3965 781 4017 ἐπίστευσαν
812 3964 871 4031 ἐξ
910 3964 1206 4019 Ἰουδαίων.
1225 3965 1351 4029 Τοῖς
1380 3964 1438 4019 δὲ
1469 3961 1808 4037 ἀπειθήσασι
1832 3966 1902 4021 τὰ

309 4057 406 4126 τῆς
434 4055 622 4128 ὀργῆς
656 4058 940 4129 ἀπήντηκε
990 4058 1195 4113 δίκαια.
1224 4058 1386 4123 Τινὲς
1434 4059 1491 4113 δὲ
1524 4060 1831 4131 συμφώνως
1872 4069 1900 4110 σι

309 4148 581 4215 εἰπόντες,
602 4148 678 4213 ὡς
711 4149 1009 4222 πληρωτὴς
1047 4150 1341 4220 γενόμενος
1365 4150 1474 4204 τῶν
1501 4152 1785 4222 πατρικῶν
1815 4155 1900 4206 ἐν·

307 4240 499 4303 τολῶν,
532 4243 630 4296 καὶ
654 4242 913 4314 χωρήσας
944 4244 1025 4306 εἰς
1052 4242 1145 4296 τὸν
1174 4242 1317 4313 ὑπὲρ
1342 4242 1500 4313 ἡμῶν
1525 4242 1775 4311 θάνατον,
1807 4248 1904 4300 καὶ

308 4332 592 4401 πατήσας
620 4333 860 4398 τοῦτον,
909 4332 990 4397 ὡς
1022 4333 1092 4387 ἐν
1117 4330 1308 4401 ληνῷ,
1344 4336 1439 4387 καὶ
1452 4336 1800 4403 μολυνθεὶς,
1826 4337 1902 4401 ὼς

308 4423 416 4477 ἀπὸ
431 4424 706 4492 arat-11106
728 4424 941 4495 καρπὸς
965 4425 1148 4489 αὐτοῖς
1173 4425 1484 4493 γενόμενος,
1522 4426 1715 4479 ἑαυτὸν
1738 4443 1903 4497 προσ-

2067 2217 2252 2288 Pergit
2278 2233 2411 2273 vero
2441 2218 2525 2274 his
2549 2218 2731 2275 verbis
2758 2236 2771 2272 :
2803 2216 2875 2272 Et
2900 2216 2964 2271 de
2995 2217 3240 2288 gentibus
3272 2233 3376 2271 non
3402 2228 3484 2272 est
3517 2233 3596 2273 t‘tt'

2000 2326 2201 2363 mecum
2232 2326 2250 2363 :
2281 2319 2477 2380 estque
2540 2310 2641 2375 illi,
2689 2310 2833 2380 quod
2888 2307 3056 2379 paulo
3107 2316 3237 2362 ante
3281 2312 3593 2378 usurpavit,

1999 2416 2124 2455 cum
2154 2403 2363 2457 diceret
2392 2421 2405 2457 :
2434 2402 2547 2473 Ego
2577 2403 2765 2472 loquor
2779 2401 3055 2471 justitiam
3082 2410 3131 2455 et
3153 2400 3420 2471 judicium
3442 2402 3595 2456 salu-

2004 2495 2160 2558 taris,
2194 2482 2699 2566 coniungendum}
2741 2500 3008 2566 tanquam
3061 2495 3265 2548 nuflum
3316 2493 3417 2548 sibi
3467 2509 3595 2550 cum

2002 2597 2308 2658 pateretur,
2357 2588 2632 2654 adfuisse,
2690 2587 2778 2643 vel
2828 2587 3184 2644 condoluisse
3234 2586 3593 2659 significaret.

2003 2680 2142 2735 Tum
2174 2682 2324 2736 enim
2348 2679 2655 2751 discipulos
2675 2693 2891 2747 omnes,
2926 2688 2989 2734 ιιι
3018 2687 3102 2735 est
3135 2679 3281 2750 apud
3316 2678 3599 2749 Evangelii

2003 2775 2358 2844 scriptorem,
2388 2786 2456 2830 eo
2483 2773 2683 2829 relicto
2716 2772 2929 2844 fugisse
2959 2791 2973 2827 :
3003 2772 3151 2845 quod
3184 2780 3241 2827 et
3270 2773 3388 2844 ipse
3433 2781 3600 2829 antea

2007 2876 2297 2922 monuerat
2326 2866 2606 2932 Christus,
2634 2880 2759 2921 cum
2794 2864 2989 2919 horam
3029 2864 3349 2930 adventare,
3395 2865 3507 2920 imo
3543 2872 3600 2919 et

2006 2958 2287 3035 appulisse
2329 2957 2464 3025 jam,
2519 2957 2730 3012 diceret
2773 2956 2844 3021 ",
2879 2971 2988 3026 qua
3032 2956 3239 3026 singuli
3277 2956 3343 3011 ad
3383 2971 3483 3012 sua
3515 2955 3601 3011 di-

2005 3047 2184 3117 spersi
2216 3045 2459 3110 abirent,
2485 3061 2657 3115 seque
2687 3045 2869 3102 solum
2908 3044 3304 3115 relinquerent.
3335 3043 3428 3100 Sic
3463 3060 3601 3116 pra:-

2005 3150 2156 3198 terea
2184 3140 2421 3213 legimus
2452 3140 2508 3196 in
2539 3139 2813 3195 Psalmis:
2851 3158 2869 3192 ι
2895 3137 3291 3209 lmproperinm
3312 3147 3601 3210 exspecta-

2004 3234 2082 3287 vit
2113 3233 2297 3289 anima
2327 3246 2475 3299 mea,
2507 3239 2561 3291 et
2591 3232 2898 3289 miseriam.
2947 3229 3276 3301 Exspectavi
3323 3234 3416 3301 qui
3465 3248 3601 3287 con-

2004 3327 2234 3393 doleret,
2265 3335 2322 3383 et
2366 3340 2479 3383 non
2528 3325 2665 3393 fuit;
2706 3335 2763 3382 et
2802 3326 2898 3397 qui
2939 3325 3351 3390 consolaretur,
3401 3334 3455 3382 et
3487 3341 3602 3381 non

2012 3418 2195 3473 inveni
2224 3418 2293 3473 '°.
2332 3436 2351 3471 ο
2394 3419 2465 3472 At
2496 3432 2628 3473 vero
2671 3418 3034 3489 quantumvis
3080 3434 3174 3487 ego
3223 3420 3370 3472 solus
3412 3434 3599 3478 essent,

2005 3509 2314 3563 conculcari
2365 3516 2552 3563 tamen
2591 3524 2679 3563 eos
2725 3508 2782 3562 in
2827 3506 3030 3578 lurore.
3079 3507 3158 3562 Ex
3200 3521 3310 3578 quo
3359 3507 3507 3562 enim
3548 3507 3605 3562 iu

2004 3602 2178 3656 c‘mlos
2219 3601 2470 3656 ascendit
2516 3598 2807 3666 Dominus,
2840 3600 3055 3655 nullum
3091 3614 3196 3652 non
3238 3615 3412 3670 genus
3448 3601 3605 3654 cala-

2004 3692 2215 3748 mitatis
2262 3692 2506 3762 esperiri
2540 3690 2764 3747 Julia-os
2814 3692 3070 3761 contigit.
3112 3691 3220 3746 Sed
3256 3691 3433 3746 fuerat
3475 3692 3602 3747 illo-

2006 3798 2125 3838 rum
2155 3782 2526 3839 retributionis
2570 3789 2791 3853 tempus
2835 3782 3006 3845 idem,
3037 3783 3131 3851 qui
3166 3792 3222 3838 et
3270 3783 3604 3853 redemptio-
3670 3834 3677 3841 .

2005 3878 2124 3943 nis,
2174 3878 2223 3934 si
2269 3876 2392 3947 ejus
2439 3877 2738 3932 adventum
2787 3874 3206 3946 cognovissent.
3245 3874 3360 3930 Etsi
3396 3888 3601 3940 autem,

2006 3969 2206 4040 inquit,
2223 3968 2403 4023 nullus
2425 3974 2582 4032 esset,
2604 3966 2802 4042 quivel
2826 3966 3199 4022 consolaretur
3214 3967 3297 4031 vel
3324 3966 3604 4036 adjuvant

2007 4061 2177 4132 (quod
2219 4058 2445 4115 Scribas
2496 4067 2552 4114 et
2585 4057 2899 4114 Pharisaeos
2936 4056 3122 4112 facere
3164 4058 3432 4127 Oportuit,
3463 4072 3605 4127 ques

2010 4154 2273 4223 populum
2320 4152 2377 4207 in
2412 4151 2758 4207 contrarium
2806 4157 3059 4205 avertere
3112 4150 3448 4218 constabat),
3502 4150 3606 4204 sal-

2006 4247 2154 4298 vavit
2186 4254 2371 4299 tamen
2419 4259 2516 4299 eos
2559 4243 2740 4298 virtus
2771 4256 2913 4297 mea.
2948 4236 3089 4296 Sunt
3120 4242 3266 4296 enim
3295 4240 3456 4295 fidem
3487 4255 3608 4294 am-

2006 4333 2153 4408 plexi
2182 4330 2356 4391 Judaei
2405 4336 2663 4407 permulti
2700 4352 2713 4389 :
2748 4334 2932 4390 caeteri
2976 4343 3187 4395 autem,
3216 4333 3309 4402 qui
3353 4331 3604 4387 eamdem

2010 4413 2363 4489 recusat-unt,
2409 4428 2499 4481 ira
2538 4425 2687 4496 justa
2716 4425 2950 4494 accepti,
2995 4429 3050 4478 et
3098 4424 3335 4477 multati.
3388 4420 3606 4475 Conve-

308 4516 518 4585 ⁴ίςγαγεν
557 4517 698 4583 ὑπὲρ
730 4516 892 4588 ὴμῶν
925 4516 1002 4588 τῷ
1043 4518 1250 4589 Πατέρι
1310 4516 1620 4588 δυσώπημα
1664 4520 1766 4602 κα)ἶ
1817 4519 1895 4573 λυ·

2013 4524 2175 4577 niunt
2225 4534 2357 4576 vero
2414 4521 2709 4602 nonnulli,
2762 4533 2887 4574 cum
2938 4532 3066 4573 eum
3110 4514 3297 4571 Patris
3345 4514 3605 4568 mandato

306 4608 454 4679 τρὸν,
486 4607 675 4662 ἄνοδον
705 4610 786 4670 είς
816 4608 1079 4679 οὐρανοὺς
1111 4608 1316 4673 διδοὺς,
1342 4607 1438 4673 οὓς
1468 4608 1579 4663 ἔδει
1624 4611 1778 4664 κάτω
1808 4611 1902 4683 μέ-

309 4714 420 4751 νειν
449 4700 514 4751 ὲκ
535 4683 1016 4769 τῆςάποφάσεως,
1051 4701 1143 4754 καὶ
1180 4701 1421 4770 συνάψας
1461 4704 1577 4765 τοῖς
1616 4701 1730 4757 ἂνω
1775 4706 1901 4768 τοὺς

310 4789 481 4843 κάτω.
526 4790 803 4859 Ἀγγὲλων
830 4791 889 4845 δὲ
909 4792 1261 4863 ἀπορούντων
1285 4793 1524 4855 ἁκούων,
1559 4793 1636 4866 μὴ
1674 4794 1898 4860 ἐκείνοις

310 4880 534 4947 ἄγνοιαν
564 4879 850 4952 προσάψῃς
880 4879 1102 4952 (ᾔδεσαν
1125 4881 1235 4953 γὰρ
1259 4881 1329 4934 τὰ
1371 4881 1478 4935 ὑπὸ
1508 4879 1605 4934 τοῦ
1645 4882 1902 4953 Σωτῆρος

309 4971 765 5042 οἰκονομούμενα,
797 4972 892 5041 ἀφ’
932 4967 993 5026 06
1023 4971 1121 5025 καὶ
1172 4972 1567 5041 σεσάρκωται),
1602 4975 1717 5027 ἀλλ’
1765 4976 1902 5045 ἡγοῦ

310 5061 663 5116 διδασκαλίαν
684 5064 746 5118 τὸ
784 5066 1038 5134 πρᾶγμα,
1088 5064 1172 5117 ὅτι
1219 5066 1312 5119 καὶ
1349 5065 1568 5134 ἄγγελοι
1616 5067 1903 5138 χαίρουσιν

312 5155 402 5207 ἐπὶ
425 5158 493 5226 τῇ
514 5155 624 5209 τῶν
644 5155 951 5228 ἀνθρώπων
978 5156 1245 5229 σωτηρίᾳ,
1270 5157 1367 5211 καὶ
1386 5158 1577 5210 τοῦτον
1601 5160 1902 5231 ἀειυμνοῦσι

312 5245 709 5317 θαυμάζοντες,
735 5248 855 5312 πῶς
883 5248 975 5301 τὸν
1001 5249 1136 5319 ἡμῖν
1165 5248 1521 5320 ὀφειλόμενον
1551 5252 1771 5318 ἐδέξατο
1797 5254 1893 5307 Θά-

311 5354 491 5393 νατον.
520 5338 653 5393 Οὐδὲ
676 5339 788 5410 γὰρ
808 5339 875 5393 ἂν
903 5339 1080 5404 εἴποις
1104 5339 1320 5408 ἀγνοεῖν
1346 5342 1475 5405 τοὺς
1509 5343 1797 5412 ἀγγέλους,
1820 5345 1894 5406 ὡς

411 5497 459 5531 ’⁸
490 5498 632 5554 Psal.
672 5504 825 5564 mu,
858 5500 911 5556 8.
1018 5496 1060 5532 ⁷⁷
1091 5496 1252 5555 Joan.
1302 5515 1404 5565 ιιι,
1446 5501 1535 5556 3f.

386 5719 413 5758 P
439 5712 501 5764 λ.
533 5711 631 5775 εἰς.
706 5720 735 5759 q
764 5726 854 5777 γρ.
876 5705 1254 5780 συμφωνοῦσι.

1646 5502 1695 5535 ⁷⁸
1730 5500 1869 5557 Gen.
1913 5517 2063 5566 ηις,
2105 5502 2193 5557 Η.

1590 5614 1821 5675 VARUE
1880 5616 2281 5675 LECTIONFS.

2006 4615 2285 4686 paruisse,
2320 4628 2445 4668 cum
2482 4594 2725 4668 ihertem
2768 4626 2870 4681 pro
2897 4604 3059 4665 nobis
3089 4607 3422 4677 amplexum,
3452 4620 3606 4661 eam-

2005 4707 2163 4771 detn,’
2197 4718 2455 4784 tanquam
2511 4706 2568 4759 in
2613 4698 2895 4768 torculari,
2930 4701 3311 4763 conculcasse;
3356 4713 3482 4752 cum
3516 4698 3606 4751 in-

2002 4803 2308 4871 quinatam,
2354 4802 2620 4868 tanquam
2681 4797 2825 4853 solet
2876 4794 3176 4849 calcatione
3234 4790 3474 4856 fructus,
3518 4806 3607 4847 sc-

2009 4894 2192 4962 ipsum
2224 4890 2375 4946 Patri
2417 4906 2519 4961 pro
2552 4890 2710 4945 nobis
2738 4888 3103 4959 placationetu
3135 4884 3608 4956 redemptionem-

2006 5000 2115 5056 que
2147 4985 2476 5053 praebuisse;
2509 4999 2634 5038 cum
2687 4980 2852 5037 etiam
2903 4979 3141 5035 reditum
3172 4978 3227 5033 in
3258 4977 3459 5033 cmlum
3494 4977 3607 5032 illis

2006 5076 2377 5138 concessisse,
2419 5088 2562 5144 quos
2599 5070 2861 5126 deorsum
2908 5068 3161 5139 oportuit
3205 5080 3431 5121 manere
3470 5079 3607 5119 con-

2004 5167 2319 5231 demnatos,
2346 5181 2473 5219 cum
2502 5163 2710 5218 inferos
2743 5161 2978 5233 denique
2998 5158 3220 5230 superis
3245 5157 3604 5225 eonjunxisse

2004 5254 2283 5310 dixerunt.
2320 5252 2440 5308 iam
2471 5268 2602 5307 vero
2627 5267 2753 5306 cum
2784 5249 3009 5321 angelos
3043 5248 3387 5315 interrogare
3418 5246 3599 5305 audis.

2006 5361 2075 5401 ne
2100 5345 2235 5415 ipsis
2261 5340 2427 5417 723
2462 5343 2863 5417 ignorationem
2897 5341 3174 5396 attribuas
3205 5341 3425 5412 (norant
3457 5338 3601 5387 enim

2304 5504 2349 5536 "’
2387 5503 2582 5559 Matth.
2619 5518 2772 5567 xxvr,
2809 5503 2897 5560 45.
3014 5498 3060 5532 ⁸ο
3089 5496 3240 5554 Psal.
3282 5509 3474 5562 Lm“,
3508 5495 3603 5550 2i.
