3978 6402
422 236 526 300 267
540 236 559 299 l

1748 233 2099 294 PROCOPII
2144 233 2388 293 (ἓΑΖίΕΙ

3520 242 3648 306 2572

422 365 543 418 qutc
577 363 604 400 a
639 345 919 400 Salvaltlrc
961 345 1171 410 ﬁetent,
1198 360 1259 399 cx
1290 360 1397 413 quo
1424 360 1643 400 carnem
1675 362 1992 416 assumpse-

2100 346 2216 399 οὐδὲ
2245 345 2567 415 ὁπλοφορεῖν
2593 384 2607 409 ,
2642 343 2691 397 εί
2736 343 2831 397 καὶ
2875 344 3045 408 οὕτως
3099 346 3371 416 ἐφάνησαν
3408 349 3482 421 τῷ
3512 352 3645 418 Γιέζι

423 442 561 511 rat),
593 441 684 496 sed
717 456 781 495 ea
817 454 876 493 re
905 438 1088 494 doceri
1122 452 1222 492 nos
1252 437 1529 503 existima,
1565 438 1789 508 angelos
1828 438 1990 492 etiam

425 535 711 590 hominum
743 533 921 588 salute
952 530 1232 590 delectari,
1262 543 1499 597 eumque
1528 530 1706 598 ipsum
1741 528 1996 584 laudibus

424 625 637 680 allicere
668 635 720 679 et
748 621 956 686 mirari,
987 620 1079 689 qui
1124 628 1356 673 mortem
1399 619 1558 673 nobis
1592 620 1719 689 jure
1753 620 1995 674 debitam

424 719 748 780 exsolvere,
798 715 1022 785 patique
1077 712 1331 767 voluerit.
1388 710 1576 782 Neque
1632 713 1778 767 enim
1842 713 1996 768 dicas

424 811 673 878 ignorare
731 809 999 894 angelos:
1046 812 1104 858 ut
1154 820 1256 858 nec
1312 818 1464 858 arma
1521 804 1699 868 ferre,
1751 805 1874 859 licet
1922 807 1994 858 ita

421 901 569 953 Giesi
614 898 715 952 visi
763 893 893 950 sunt
920 893 990 962 δι,
1024 911 1146 949 cum
1177 894 1448 964 dejectum
1478 896 1723 949 timentis
1752 896 1995 948 animum

419 992 710 1055 erigerent.
742 986 846 1052 Qui
881 987 1047 1057 igitur
1082 987 1185 1041 ista
1217 988 1498 1050 dixerunt,
1535 987 1700 1040 etiam
1735 990 1802 1040 ad
1835 988 1998 1041 histo-

424 1084 554 1134 riam
587 1078 911 1140 retulerunt,
948 1094 1070 1133 cum
1115 1078 1207 1148 qui
1248 1078 1353 1131 illis
1394 1088 1554 1132 antea
1588 1078 1679 1132 Dei
1712 1094 1869 1148 opem
1911 1079 1999 1133 ad-

422 1186 612 1227 versus
650 1170 887 1225 hostium
930 1169 1162 1225 insidias
1187 1169 1590 1233 denuntiasset,
1616 1171 1996 1226 dubitantibus

417 1264 667 1333 quisnam
699 1270 868 1326 esset,
893 1263 989 1331 qui
1015 1271 1239 1326 erueret,
1265 1278 1388 1316 eum
1413 1264 1747 1332 respondere
1770 1263 1997 1316 aﬂirma-

419 1364 562 1414 ttlnl,
605 1352 697 1422 qui
744 1351 1020 1405 Edomitas
1061 1351 1218 1406 vobis
1263 1352 1627 1419 insurgentes,
1665 1367 1790 1405 cum
1834 1351 1998 1406 hosti-

418 1445 513 1495 bus
559 1441 777 1504 vestris,
809 1451 862 1493 et
915 1439 984 1493 iis
1029 1438 1217 1505 etiam,
1252 1453 1279 1491 a
1316 1439 1518 1508 quibus
1561 1437 1852 1507 ellugiendi
1898 1438 1997 1490 viae

2096 436 2194 507 τὴν
2225 436 2428 490 δειλίαν
2458 435 2624 488 αὑτοῦ
2645 434 3039 505 διορθούμενοι.
3072 436 3255 491 Ταῦτα
3278 442 3453 493 τοίνυν
3479 445 3649 499 είπόνο

2095 544 2208 590 τες,
2247 528 2339 581 καὶ
2375 527 2495 580 καθ’
2527 527 2769 598 ἱστορίαν
2799 527 3077 595 ἐξέλαϐον,
3115 527 3362 597 λέγοντες
3386 546 3400 561 ⁸
3438 533 3510 598 ὡς
3529 552 3651 608 προ.

2096 621 2462 689 αναφωνήσας
2491 620 2674 682 αὐτοῖς
2701 619 2795 672 τοῦ
2825 619 2962 673 θεοῦ
2988 620 3087 691 τὴν
3108 620 3391 691 ἀντίληψιν
3415 628 3542 696 πρὸς
3563 633 3655 699 τὴν

2096 710 2205 762 τῶν
2235 712 2498 763 ἐπιόντων
2534 710 2849 780 ἐπιϐουλὴν,
2880 712 3289 783 ἀμφισϐητοῦσι
3315 713 3398 776 τίς
3422 719 3453 768 ό
3475 718 3655 784 pec-4.

2091 818 2296 871 μενος,
2326 801 2492 870 φησίν
2514 818 2552 877 χ
2581 802 2637 854 '0
2668 802 2794 864 τοὺς
2825 802 2893 866 ἐξ
2922 802 3115 871 ῙΕδὼμ
3152 805 3277 869 τοὺς
3316 806 3658 875 ἐπιθεμένους

2100 894 2237 964 μετὰ
2260 893 2370 947 τῶν
2396 893 2607 963 ἐχθρῶν
2655 893 2808 962 ὑμῶν
2850 894 3001 963 ὑμῖν,
3040 896 3136 948 καὶ
3185 896 3285 960 τὰς
3339 899 3436 968 τῆς
3490 901 3660 971 φυγῆς

2095 985 2420 1054 διεκδρομὰς
2470 984 2895 1053 ἀποφράξαντας
2951 986 3155 1050 ἀνελεῖ,
3204 989 3279 1048 ὡς
3305 992 3663 1058 μεμολύνθαι

2095 1077 2272 1129 δοκεῖν
2293 1077 2371 1144 τῷ
2394 1075 2615 1129 ἐκείνων
2635 1078 2856 1145 αἵματι.
2901 1078 3088 1147 Ἐδὼμ
3114 1079 3173 1132 δὲ
3194 1079 3339 1147 λέγει
3375 1082 3500 1144 τοὺς
3521 1075 3663 1147 υίοὺς

2108 1167 2300 1231 Ἡσαῦ,
2336 1169 2532 1236 Βόσορ
2559 1168 2614 1221 δὲ
2644 1170 2743 1237 τὴν
2769 1168 3002 1238 βόστραν
3037 1179 3082 1223 ι’.
3135 1172 3341 1242 Δικαία
3361 1172 3538 1225 τοίνυν
3566 1175 3662 1227 ai)-

2096 1259 2222 1321 τοὺς
2249 1258 2459 1325 μέτεισι
2475 1256 2660 1327 ψήφῳ.
2714 1258 2846 1320 Θεὸς
2884 1259 2992 1329 γὰρ
3024 1259 3350 1328 ἀνθρώπους
3381 1263 3462 1324 είς
3491 1262 3665 1333 κρίσιν

2096 1349 2272 1410 καλεῖ,
2308 1348 2368 1401 τὸ
2399 1347 2607 1400 δίκαιον
2628 1348 2726 1417 τῆς
2748 1348 3024 1419 τιμωρίας
3067 1347 3535 1421 ὲπιδεικνᾶμενος,
3577 1352 3665 1404 καὶ

2094 1436 2169 1499 ὡς
2195 1436 2253 1503 ἐξ
2277 1436 2484 1489 ἑαυτῶν
2515 1436 2902 1507 ὑπομένουσιν.
2930 1439 3104 1501 Αὐτὸς
3130 1441 3240 1509 γὰρ
3265 1440 3425 1511 δίκην
3453 1442 3666 1510 ἐπάγων

412 1533 827 1595 obsiderentur,
850 1517 933 1585 ita
958 1531 1243 1586 delcturus
1274 1530 1366 1595 sit,
1395 1537 1454 1584 ut
1484 1530 1702 1584 illorum
1733 1530 1992 1600 sanguine

2100 1528 2237 1599 ὑπὲρ
2261 1527 2538 1598 σωτηρίας
2565 1530 2730 1591 ποιεῖ,
2753 1529 2786 1598 ἢ
2816 1529 2902 1583 ἵνα
2923 1529 3188 1599 σωθῶμεν
3213 1532 3665 1603 μετανοήσαντες,

414 1625 686 1693 inquinari
720 1623 986 1679 videatur.
1013 1622 1269 1693 lntelligit
1293 1630 1474 1678 autem
1507 1638 1601 1691 per
1630 1620 1822 1687 Edam,
1851 1620 1991 1675 Esau

2100 1619 2128 1690 ἧ
2162 1620 2553 1690 περιπέσωμεν
2579 1620 2891 1692 κουφοτέρα
2919 1624 2985 1692 τῇ
3012 1624 3193 1693 κρίσει
3231 1623 3328 1676 τοῦ
3368 1624 3665 1693 μέλλοντος.

414 1726 663 1784 posteros
694 1733 707 1768 :
739 1730 833 1785 per
859 1714 1029 1768 Bosor
1053 1729 1202 1780 vero,
1238 1715 1485 1770 Bosram.
1520 1714 1634 1769 Non
1665 1724 1750 1770 est
1782 1714 1987 1782 iniusta

2100 1684 2519 1782 ⁷ί¹ιμωρούμενος
2548 1713 2605 1766 δὲ
2624 1684 2753 1776 τοῦς
2778 1684 2848 1777 ἐξ
3095 1715 3259 1785 ἤρκει
3290 1684 3471 1784 ἑαυτῷ
3516 1684 3670 1787 μηδε-

415 1807 581 1875 igitur
614 1807 787 1875 ipsius
831 1805 887 1859 in
922 1805 1046 1860 illos
1080 1805 1299 1861 decreta
1337 1804 1764 1860 animadversio.
1818 1803 1988 1859 Vocat

412 1896 556 1948 enim
612 1893 753 1949 Deus
802 1894 870 1948 ad
923 1894 1195 1964 judicium
1245 1895 1529 1957 homines,
1584 1902 1642 1947 ut
1698 1909 1985 1964 poenarum

411 1986 720 2054 :eqnitatem
748 1988 1027 2050 ostendat,
1057 2000 1156 2040 nec
1180 2000 1275 2041 eas
1301 1985 1369 2040 ab
1401 1985 1531 2051 alio,
1561 2002 1726 2055 quam
1757 1988 1823 2056 ab
1852 1987 1986 2056 ipsis

416 2077 710 2144 proﬁcisci.
746 2079 880 2131 (lum
915 2078 1059 2131 enim
1094 2078 1401 2141 ulciscitur,
1436 2079 1674 2147 idipsum
1723 2054 1853 2133 fa‘cit
1899 2092 1988 2133 sa-

413 2170 545 2224 lutis
576 2173 747 2238 gratia
782 2169 926 2235 :vel,
957 2176 1015 2223 ttt
1055 2171 1386 2239 pmnitcntes
1432 2172 1744 2235 salvemur,
1788 2171 1891 2236 vel,
1928 2181 1988 2223 ut

2095 1803 2182 1866 νὸς
2220 1803 2684 1873 συμμαχοῦντος
2739 1803 3019 1872 δεόμενος.
3073 1807 3247 1875 Λόγῳ
3299 1807 3411 1876 γὰρ
3440 1807 3664 1876 ἀναιρεῖ,

2095 1899 2190 1950 καὶ
2212 1897 2395 1951 ἱκανὸν
2422 1898 2588 1951 αὑτοῦ
2616 1897 2778 1967 μόνον
2813 1897 2874 1951 τὸ
2905 1899 3141 1969 θέλημα,
3176 1899 3457 1967 ἐξαλεῖψαι
3491 1900 3546 1952 δὲ
3574 1899 3666 1953 αύι

2093 1990 2219 2049 τοὺς
2263 1986 2585 2056 βουλομένου
2636 1988 2794 2052 Θεοῦ,
2849 1988 2950 2041 οὐκ
2976 1985 3045 2059 ἦν
3083 2006 3137 2042 τι
3160 1989 3438 2057 βοηθοῦν
3469 1990 3664 2052 αὐτοῖς.

2095 2080 2206 2132 Οὐκ
2230 2075 2296 2148 ἦν
2323 2079 2431 2148 γὰρ
2463 2081 2522 2133 ὲν
2562 2080 2747 2142 αὐτοῖς
2775 2078 2985 2142 δίκαιος
3021 2080 3346 2152 δυσωπῆσαι
3378 2079 3668 2151 δυνάμενος

2095 2172 2185 2223 τὸν
2212 2170 2364 2225 Θεόν.

426 2264 599 2316 levius
639 2262 929 2331 judicium,
976 2277 1141 2333 quam
1183 2264 1330 2333 quod
1374 2264 1619 2317 futurum
1663 2272 1769 2327 est,
1814 2264 2130 2317 subeamus.
2165 2262 2350 2332 Neque
2387 2277 2517 2318 vero
2597 2276 2724 2319 cum
2766 2261 3044 2317 Edomitas
3112 2262 3311 2317 ulcisci
3397 2262 3666 2324 statuerit,

412 2357 737 2427 cujusquam
792 2356 997 2410 auxilio
1049 2357 1342 2427 indigebit,
1393 2358 1486 2426 qui
1543 2358 1647 2413 sibi
1703 2357 1836 2413 satis
1892 2357 1984 2412 sit.
2025 2356 2195 2411 Necat
2232 2358 2377 2411 enim
2416 2358 2567 2413 verba
2615 2358 2765 2426 ipso,
2817 2359 3091 2428 habetque
3158 2358 3333 2413 solam
3395 2358 3463 2413 ad
3492 2357 3669 2412 omnia

414 2453 665 2505 idoneam
706 2458 759 2504 et
830 2448 1191 2505 sumcientem
1241 2454 1603 2504 voluntatem.
1649 2448 1784 2504 Cum
1839 2460 2020 2502 autem
2096 2448 2280 2503 delere
2328 2448 2479 2518 ipsos
2530 2448 2674 2503 Deus
2725 2448 3035 2515 statuisset,
3078 2448 3214 2503 nihil
3257 2463 3491 2520 prorsus
3532 2458 3664 2509 erat.

412 2543 548 2613 quod
580 2542 953 2596 auxiliaretur.
1005 2542 1143 2609 Quia
1186 2542 1401 2598 scilicet
1446 2541 1587 2595 inter
1628 2554 1725 2594 eos
1767 2539 1986 2610 justitia
2064 2539 2504 2604 commendatus,
2552 2539 2645 2608 qui
2695 2538 2862 2595 Demn
2918 2539 3137 2609 placare
3188 2550 3407 2609 posset,
3494 2540 3668 2596 nullus

420 2635 819 2704 reperiebatur.
1352 2676 1357 2685 .

485 2728 847 2800 724-725
907 2729 1075 2786 Vens.
1127 2730 1272 2786 7-19.
1328 2728 1719 2784 Misericordia:
1773 2728 1990 2783 Domini

2165 2728 2317 2792 ζ-ιθ’.
2365 2727 2477 2781 Τὸν
2499 2726 2677 2782 ἔλεον
2705 2728 2929 2796 Κυρίου
2958 2724 3274 2796 ἐμνήσθην
3294 2741 3308 2757 ·
3335 2729 3441 2794 τὰς
3467 2728 3671 2797 ἀρετὰς

416 2826 723 2877 recordatus
792 2838 944 2884 sum;
1007 2823 1260 2875 virtutum
1319 2820 1533 2875 Domini
1592 2821 1877 2878 meminero
1937 2823 1991 2876 in

2100 2820 2334 2887 Kvplov,
2359 2820 2429 2872 ἐν
2456 2816 2647 2873 πᾶσιν
2672 2814 2765 2883 οἷς
2795 2818 3007 2885 Κύριος
3030 2816 3174 2899 ἡμῖν
3209 2817 3667 2873 ἀνταποδίδωσι.

413 2916 681 2977 omnibus,
709 2931 824 2984 qua:
859 2914 1101 2967 retribuit
1135 2914 1310 2969 nobis.
1345 2912 1601 2967 Dominus
1631 2913 1800 2982 judex
1828 2913 1992 2968 bonus

2100 2911 2308 2979 Κύριος
2351 2909 2564 2978 κριτὴς
2615 2908 2837 2979 ἀγαθὸς
2872 2907 2954 2973 τῷ
2986 2909 3132 2974 οἴκῳ
3196 2908 3449 2977 Ἰσραὴλ
3472 2909 3670 2977 ἐπάτει

415 3009 595 3059 domui
628 3005 798 3059 Israel
827 3005 1044 3059 adducit
1075 3005 1225 3059 nobis
1254 3004 1539 3058 secundum
1568 3004 1993 3058 misericordiam

2100 3002 2241 3071 ἡμῖν
2271 3003 2423 3057 κατὰ
2465 3002 2526 3054 τὸ
2563 3000 2735 3066 ἕλεος
2766 2999 2978 3061 αὑτοῦ,
3033 3000 3131 3053 καὶ
3164 2999 3318 3054 κατὰ
3352 3001 3421 3054 τὸ
3447 2999 3671 3066 πλῆθος

415 3114 590 3159 suam,
634 3107 681 3150 et
718 3094 1007 3149 secundum
1062 3094 1453 3149 multitudinem
1495 3094 1726 3162 justitite
1759 3109 1889 3147 suae.
1928 3091 1995 3145 Et

2100 3092 2205 3161 τῆς
2244 3092 2633 3159 δικαιοσύνης
2674 3090 2884 3145 αὐτοῦ.
2918 3088 3043 3145 Καϊ
3072 3091 3274 3153 εἶπεν.
3312 3094 3436 3160 Οὐχ
3474 3093 3506 3144 ό
3529 3093 3670 3154 λαός

416 3189 551 3240 dixit
582 3204 599 3242 .·
636 3185 758 3239 Νοη
806 3186 1027 3255 populus
1074 3202 1219 3239 meus
1264 3186 1405 3253 ﬁlii?
1453 3184 2000 3254 Nequaquam'repu-

413 3283 659 3333 (liantur.
698 3278 762 3331 Et
795 3278 970 3346 [actus
1007 3287 1084 3331 est
1129 3277 1239 3331 illis
1282 3279 1337 3330 in
1382 3278 1605 3329 salutem
1642 3290 1706 3329 ea:
1734 3275 1875 3327 omni
1908 3273 1995 3325 tri-

418 3371 689 3424 bulatione
718 3384 924 3423 eorum.
956 3366 1074 3422 Non
1103 3367 1330 3438 legatus,
1360 3383 1460 3420 non
1499 3366 1741 3436 angelus,
1765 3363 1855 3419 sed
1890 3365 1999 3432 ipse

422 3461 674 3521 salvat-it,
703 3469 811 3513 etc.

487 3549 650 3619 726
678 3547 939 3602 Absoluta
979 3546 1046 3602 de
1080 3545 1324 3602 secundo
1358 3544 1451 3601 Dei
1487 3545 1719 3600 adventu
1751 3545 2000 3616 disputa-

418 3642 586 3700 tione.
612 3640 678 3692 ad
711 3637 857 3692 aliud
893 3637 1088 3692 transit
1113 3646 1521 3707 argumentum,
1543 3637 1595 3691 in
1617 3652 1726 3706 quo
1754 3637 1995 3707 seipsum

421 3730 678 3800 populus,
721 3728 865 3799 quod
919 3731 1033 3785 suis
1081 3729 1134 3782 in
1183 3729 1353 3784 Deum
1408 3744 1625 3798 semper
1662 3729 1729 3784 de
1769 3744 1827 3784 se
1860 3728 1999 3782 bene

347 3826 357 3834 '
420 3824 673 3874 meritum
700 3820 1025 3875 criminibus
1046 3821 1286 3891 rejectus
1307 3821 1398 3885 sit,
1416 3818 1664 3876 accusat.
1689 3821 1792 3873 Alii
1817 3828 1998 3873 tamen

417 3912 761 3974 exiStimant,
799 3911 891 3965 ubi
923 3910 991 3965 de
1035 3927 1132 3967 sua
1160 3912 1243 3982 ira
1271 3911 1416 3969 Deus
1447 3912 1710 3967 adversus
1750 3926 1856 3967 non
1888 3927 2000 3967 ere-

418 4003 609 4058 dentes
649 4003 808 4069 dixit,
843 4015 871 4054 a
933 4001 1320 4072 desperatione
1353 4017 1448 4059 eos
1484 4003 1807 4074 prophetam
1849 4017 1999 4057 revo-

421 4109 568 4159 care,
602 4091 698 4162 qui
744 4091 913 4147 Deum
960 4092 1280 4148 clementem
1309 4100 1366 4149 et
1406 4094 1704 4147 lmmanum
1743 4107 1864 4147 esse
1895 4093 1997 4147 do-

421 4193 561 4239 ceat.
592 4184 695 4237 Alii
735 4184 901 4238 etiam
933 4184 1206 4248 eumdem,
1236 4182 1329 4237 ubi
1376 4182 1767 4238 beneﬁciorum
1800 4178 2023 4236 multi?

421 4276 668 4330 tudinem
713 4273 1152 4329 demonstrasset
1184 4272 1263 4346 (in
1294 4274 1495 4344 quibus
1537 4273 1655 4344 ipsa
1691 4273 1854 4328 etiam
1895 4273 1996 4327 ad-

2091 3203 2210 3254 μου
2233 3183 2451 3250 τέκνω
2475 3185 2557 3238 Οὐ
2580 3183 2660 3253 μὴ
2684 3183 3039 3249 ἁθετηθῶσι.
3074 3183 3181 3237 Καὶ
3211 3182 3451 3252 ἐγένετο
3477 3181 3669 3245 αὐτοῖς

2096 3279 2183 3343 εἰς
2232 3276 2533 3345 σωτηρίαν
2590 3275 2658 3329 ἐκ
2734 3273 2938 3342 πάσης
3005 3275 3270 3342 θλίψεως
3320 3272 3536 3329 αὐτῶν.
3591 3275 3668 3327 Οὐ

2097 3366 2385 3434 πρέσϐυς,
2441 3364 2583 3419 οὐδὲ
2640 3363 2923 3434 ἅγγελος,
2996 3365 3137 3419 ἀλλ’
3209 3366 3396 3430 αὐτὸς
3445 3365 3671 3419 ἔσωσεν

2100 3457 2341 3524 αὐτοὺς,
2381 3473 2435 3511 κ.
2468 3475 2520 3510 τ.
2551 3457 2599 3511 λ.

2170 3547 2252 3603 Τὰ
2278 3549 2402 3619 περὶ
2438 3548 2537 3616 τῆς
2568 3548 2827 3619 δευτέρας
2857 3546 2951 3601 τοῦ
2979 3546 3222 3618 Χριστοῦ
3247 3547 3550 3618 παρουσίας
3576 3563 3668 3600 πε-

2099 3639 2404 3711 πλήρωται,
2437 3639 2533 3691 καὶ
2568 3639 2811 3709 μέτεισιν
2859 3640 2947 3703 ⁴εἰς
2989 3638 3188 3709 ἑτέραν
3242 3639 3525 3703 ὑπόθεσιν,
3556 3630 3666 3710 ὲνῇ

2098 3732 2399 3801 κατηγορεῖ
2429 3727 2625 3782 ἑαυτοῦ
2677 3730 2706 3782 ὁ
2734 3729 2883 3795 λαὸς,
2915 3731 2992 3794 ὡς
3042 3732 3121 3793 είς
3150 3729 3362 3784 ἄνωθεν
3384 3729 3666 3800 εὐεργέτην

2098 3820 2190 3872 τὸν
2222 3820 2353 3875 Θεὸν
2378 3819 2718 3890 ἡμαρτηκὼς
2758 3818 3153 3890 ἁποϐέϐληται.
3177 3822 3320 3875 Καθ’
3349 3821 3567 3892 ἑτέρους
3592 3819 3663 3881 δὲ,

2099 3909 2234 3963 Θεοῦ
2286 3910 2384 3979 τὴν
2435 3910 2576 3964 κατὰ
2629 3909 2737 3964 τῶν
2760 3911 3110 3981 ὴπιοηκότων
3155 3912 3405 3975 εἰπόντος
3433 3912 3611 3982 ὀργὴν,
3638 3911 3665 3962 ὁ

2100 4001 2384 4073 προφήτης
2413 4001 2513 4054 οὐκ
2532 4002 2599 4073 ὲᾷ
2632 4004 2830 4073 χωρεῖν
2855 4002 3052 4066 αὐτοὺς
3077 4004 3158 4065 εἰς
3195 4003 3527 4071 ἀπόγνωσιν,
3556 4001 3664 4069 φιλ-

2098 4093 2388 4162 ανθρώπου
2423 4093 2783 4163 τυγχάνοντος
2839 4092 2935 4147 τοῦ
2989 4093 3148 4149 Θεοῦ.
3183 4095 3322 4148 Κατ’
3357 4093 3545 4156 ἄλλους
3590 4093 3658 4159 δὲ,

2100 4182 2234 4253 πρὸς
2253 4182 2314 4235 τὸ
2341 4182 2540 4253 πλῆθος
2563 4182 2671 4236 τῶν
2698 4182 3022 4252 δειχθέντων
3047 4183 3270 4252 ἀγαθῶν
3291 4184 3371 4254 τῷ
3402 4185 3658 4255 προφήτῃ,

2100 4275 2157 4326 ὲν
2188 4268 2270 4338 οἷς
2296 4268 2363 4344 ἦν
2416 4273 2511 4326 καὶ
2542 4275 2573 4341 ἡ
2611 4274 2753 4327 κατὰ
2804 4273 2915 4327 τῶν
2974 4274 3290 4344 ἀλλοφύλων
3323 4275 3478 4348 ὀργὴ,
3513 4274 3659 4344 μὴτὸ

421 4382 615 4421 versus
667 4365 1009 4435 alienigenas
1054 4367 1133 4418 ira
1177 4364 1398 4430 fuerat,
1444 4365 1539 4435 qui
1595 4364 1799 4418 nullam
1853 4364 1994 4434 grati

2102 4364 2238 4434 πρὸς
2263 4363 2397 4416 Θεὸν
2428 4362 2856 4434 ἐπιδειξαμένων
2887 4365 3233 4436 εὐχάριστον,
3281 4365 3443 4427 αὐτὸς
3468 4363 3657 4432 διηγεῖ-

420 4458 587 4511 animi
633 4455 1095 4526 signiﬁcationem
1129 4454 1240 4511 Deo
1271 4454 1636 4526 praebuerant)
1676 4463 1993 4525 perpetuam

2100 4473 2185 4509 ται
2219 4454 2312 4507 τοῦ
2340 4453 2477 4508 Θεοῦ
2501 4453 2592 4506 τὸν
2622 4453 2829 4507 ἄνωθεν
2851 4454 3046 4509 ἔλεον.
3082 4455 3157 4508 Οὐ
3181 4456 3294 4526 γὰρ
3322 4456 3654 4527 ἐπιλήσομαι,

421 4546 512 4602 Dei
549 4545 970 4601 misericordiam
1010 4561 1319 4601 recensere.
1355 4544 1649 4607 Noncum
1680 4546 1998 4610 obliviscar,

420 4640 617 4714 inquit,
656 4638 1062 4708 quantumlibet
1106 4638 1333 4693 molesta
1362 4647 1413 4692 et
1442 4638 1577 4692 dura
1604 4653 1704 4693 nos
1744 4637 1796 4690 in
1832 4638 1993 4691 linem

418 4732 551 4797 pati,
578 4740 634 4784 et
668 4728 826 4798 rejici
871 4729 1188 4801 contigerit.
1240 4729 1348 4784 Sed
1389 4736 1475 4785 est
1516 4729 1838 4793 notandum,
1880 4727 1994 4791 ubi,

425 4820 483 4873 In
534 4822 811 4886 omnibus,
865 4837 983 4891 qua:
1040 4820 1285 4874 retribuit
1340 4820 1526 4886 nobis,
1582 4819 1878 4885 habemus,
1924 4819 1997 4873 De

419 4907 679 4970 omnibus,
702 4926 820 4978 qua:
859 4908 1107 4977 benefecit
1137 4908 1311 4971 nobis,
1341 4907 1730 4980 Symmachum
1758 4907 1995 4973 dixisse,

420 5000 509 5051 ubi
538 4981 754 5052 rursum
786 4997 973 5053 Bonus
993 4999 1184 5068 judex,
1219 5000 1382 5054 etiam
1410 4999 1473 5052 de
1497 4997 1824 5068 plenitudine
1846 4999 1997 5051 boni-

423 5076 547 5143 tatis
590 5088 961 5157 interpretari.
1005 5087 1277 5144 Cteterum
1326 5103 1433 5143 non
1477 5097 1733 5156 tanquam
1776 5101 1999 5144 severus

420 5180 583 5252 iudex
633 5179 769 5232 iram
818 5194 969 5232 suam
1019 5180 1072 5233 in
1120 5194 1221 5235 nos
1267 5180 1505 5249 peCCatis
1553 5178 1869 5243 admolitur,
1904 5183 1997 5236 sed

421 5271 706 5326 clementia
755 5277 1041 5339 temperat.
1083 5269 1201 5325 Non
1245 5272 1389 5327 enim
1436 5279 1699 5325 nocentes
1752 5271 1989 5341 relinqui

487 5443 531 5476 ³⁸
563 5441 624 5495 ιν
663 5443 795 5513 licg.
830 5459 903 5509 Vl,
938 5443 1024 5498 17.

2099 4557 2120 4584 ⁸
2159 4545 2207 4598 εἰ
2241 4544 2336 4597 καὶ
2367 4542 2668 4614 σκυθρωπὰ
2701 4543 2966 4614 μετῆλθεν
2991 4545 3136 4612 ἡμᾶς
3160 4546 3218 4596 ὲν
3247 4544 3414 4605 τέλει,
3445 4544 3532 4597 καὶ
3562 4545 3656 4595 ἀπο

2098 4636 2422 4706 εϐλήθημεν.
2453 4634 2595 4688 Ἀντί
2626 4635 2682 4688 δὲ
2712 4634 2828 4699 τοῦ,
2874 4636 2944 4687 ἐν
2976 4634 3209 4688 ἅπασιν
3237 4632 3330 4701 οἷς
3356 4633 3648 4689 ἀνταποδί·

2098 4728 2285 4781 δωσιν
2307 4726 2473 4797 ἡμῖν,
2518 4729 2546 4780 ὁ
2580 4726 2894 4798 Σύμμαχος,
2935 4726 3068 4795 περὶ
3100 4727 3345 4782 πάντων
3377 4722 3460 4781 ὧν
3495 4729 3651 4793 εὐηρ-

2106 4820 2361 4889 γέτησεν
2385 4817 2562 4889 ἡμᾶς,
2616 4821 2827 4889 εἴρηκε,
2859 4821 2952 4872 καὶ
2984 4820 3106 4871 ἀντὶ
3132 4819 3245 4885 τοῦ,
3282 4819 3497 4889 Κριτὴς
3522 4819 3650 4886 ἀπι-
3680 4819 3685 4825 ’

2102 4913 2206 4977 θός
2228 4927 2241 4943 ’
2270 4912 2339 4965 ἐκ
2377 4911 2651 4981 πλήθους
2686 4911 3099 4982 ἀγαθωσύνης.
3130 4910 3279 4980 Πλὴν
3305 4912 3400 4981 οὐχ
3439 4909 3510 4970 ὡς
3544 4924 3653 4971 κρι-

2106 5005 2214 5073 τὴς
2261 5006 2496 5076 ἀκριϐὴς
2551 5006 2894 5075 πτραμετρεί
2938 5005 3037 5075 τὴν
3074 5005 3161 5074 ἐφ’
3183 5007 3335 5075 ἡμᾶς
3365 5004 3528 5074 ὀργὴν
3553 5001 3651 5059 τοῖς

2106 5097 2594 5168 πλημμελήμασιν,
2626 5096 2922 5164 ἀγαθὸτητι
2962 5097 3169 5167 ταύτην
3203 5097 3424 5168 κιρνῶν.
3479 5092 3650 5159 Ἀκρό-

2106 5205 2208 5257 της
2245 5186 2344 5256 μὲν
2374 5185 2478 5258 γὰρ
2509 5185 2584 5240 ῶν
2619 5186 2964 5255 δικαιοσύνης
2994 5187 3096 5240 οὐκ
3142 5186 3351 5251 assos;
3407 5186 3489 5255 ἐᾷ,
3522 5182 3651 5248 ἀγα-

2105 5278 2303 5343 θότητι
2334 5276 2390 5330 δὲ
2413 5278 2504 5332 τὸν
2526 5276 2696 5348 θυμὸν
2724 5278 2939 5357 ἡμεροί.
2973 5276 3258 5332 Σέσωσται
3288 5277 3394 5350 γὰρ
3416 5274 3472 5329 τὸ
3495 5270 3646 5325 κατὰ·

1692 5534 1926 5593 VARIA‘I
1970 5535 2376 5597 LECTIONES.

493 5640 520 5677 τ’
572 5635 906 5706 τρ.βὸσραν.
986 5647 1008 5675 9
1038 5638 1097 5689 λ.
1129 5634 1310 5702 φησίν.
