3978 6434
315 331 447 396 2673

1459 322 1988 384 COMMENTARII
2019 324 2095 384 IN
2138 322 2420 383 lSAIAM.

3405 308 3551 374 267!

314 442 530 510 λειμμα.
593 435 800 503 Δῖῖγμα
852 434 906 485 δὲ
964 434 1219 501 μέγιστον
1246 434 1354 498 τῆς
1392 435 1795 499 ἀςξίιιίὶότητος,
1826 433 1885 486 τὸ

2005 435 2211 497 tatitur,
2236 433 2329 502 qui
2358 427 2583 499 justitim
2617 426 2891 487 {istigium
2923 423 3164 487 obtinet,
3194 422 3286 477 sed
3317 422 3554 475 bonitate

314 530 536 597 ἀξιῶσαι
564 528 743 579 τέκνα
778 528 963 578 καλεῖν
983 526 1091 579 τὸν
1118 528 1293 589 λαὸν,
1325 528 1375 577 εἰ
1404 527 1476 595 μὴ
1501 526 1745 579 ἀθετοίεν
1781 526 1879 595 τὴν

316 624 487 693 χάριν.
518 623 607 672 Διὸ
628 618 766 680 κατᾲ
791 616 1088 687 Σᾶμμαχον
1116 618 1331 686 εἴρηται
1355 634 1368 647 ·
1402 616 1573 681 Πλὴν
1596 616 1746 682 λαός
1764 616 1880 684 μού

314 716 466 768 εισιν
496 710 610 766 υιοὶ
647 712 756 763 οὐκ
786 709 1299 774 ἀσιινίὶηκοὺντες.
1332 706 1439 764 Οὓς
1484 708 1796 777 ἀπήλεγχεν
1824 708 1881 760 ἐν

316 806 450 875 ἀρχῇ
485 803 677 870 λέγων’
704 801 867 863 Υίοὺς
897 800 1183 867 ἐγέννησα,
1218 799 1315 852 καὶ
1358 798 1550 868 ῦψωσα
1580 816 1592 828 ·
1632 797 1789 852 αὐτοὶ
1825 798 1881 851 δέ

319 913 385 966 με
410 893 702 963 ἠθέτησαν.
766 892 964 963 Ἐχρῆν
998 892 1107 962 γὰρ
1140 892 1214 952 ὼς
1252 890 1433 943 τέκνα
1493 889 1776 943 πείθεσθαι
1806 888 1884 958 τῷ

317 984 530 1054 πατέρι,
548 982 641 1036 καὶ
663 981 999 1049 αὐτάγγελον
1039 983 1131 1033 ἐπὶ
1161 980 1409 1051 σωτηρίᾳ
1458 981 1703 1049 παρόντα
1728 978 1884 1043 δέξαι

1983 528 2120 581 iram
2163 525 2477 579 moderatur
2514 530 2567 574 ct
2607 519 2755 572 lenit.
2810 517 2945 569 Sunt
2977 516 3120 567 enim
3161 515 3390 570 salutem
3423 528 3554 569 con-

1984 622 2187 671 secutae
2233 613 2499 683 rciiquiw.
2542 608 2635 664 Est
2680 624 2812 661 vero
2866 606 3118 658 bonitatis
3172 612 3553 671 argumentum

1987 705 2309 769 maximum,
2343 699 2490 771 quod
2544 697 2789 768 populant
2837 695 3073 762 ﬁliorum
3110 693 3271 763 727
3313 693 3553 761 appella-

1986 797 2136 850 tione
2170 793 2456 865 dignatur,
2490 790 2536 846 si
2577 789 2963 859 gratiam‘nou
3006 792 3387 853 aspernentur.
3434 781 3555 846 Quo

1988 886 2192 941 factum
2223 894 2327 950 est,
2364 894 2423 937 ut
2471 884 2546 938 ita
2591 887 2828 936 verteret
2869 876 3232 948 Symmachus
3270 889 3284 927 :
3332 872 3550 926 Verum.

1990 985 2164 1029 tamen
2208 974 2426 1043 populus
2477 988 2621 1026 meus
2668 979 2787 1025 sunt
2817 968 2915 1037 ﬁlii
2965 982 3067 1020 non
3113 965 3557 1033 prwvaricanles;

1988 1084 2128 1139 quos
2149 1069 2305 1123 initio
2329 1066 2699 1137 reprehendit,
2720 1078 2844 1117 cum
2872 1062 3010 1115 ﬁlios
3033 1060 3314 1131 genuisse,
3334 1069 3386 1113 ct
3417 1058 3563 1113 exal-

1990 1167 2163 1225 tasse,
2195 1159 2263 1213 ab
2297 1158 2430 1226 ipsis
2478 1163 2659 1208 autem
2691 1152 3010 1207 derelictum
3060 1163 3119 1203 se
3160 1162 3285 1204 esse
3318 1162 3561 1216 conque-

320 1072 438 1127 σθαι
472 1071 577 1125 τὸν
616 1072 774 1133 Υἰὸν,
803 1072 902 1140 οὐχ
936 1071 1106 1140 ἑτέρῳ
1126 1072 1231 1123 τινὶ
1259 1069 1490 1140 διακόνῳ
1516 1069 1883 1139 χρησάμενον·

317 1165 373 1218 οὐ
393 1164 499 1232 γὰρ
521 1158 590 1232 ἦν
617 1162 907 1230 πρέσϐυς,
933 1161 1112 1235 [φησι]
1141 1163 1448 1231 προφήτης,
1471 1163 1582 1215 οὐκ
1608 1160 1883 1229 ἄγγελος.

319 1260 455 1313 ritur
478 1258 545 1312 ⁸⁸.
578 1256 812 1313 Dccebat
851 1258 993 1311 enim
1018 1254 1287 1325 tanquam
1321 1255 1462 1324 ﬁlios
1503 1253 1650 1308 Patri
1684 1268 1888 1308 morem
1927 1267 2138 1324 gerere,
2166 1260 2221 1307 et
2250 1250 2471 1315 Filium,
2516 1250 2609 1317 qui
2644 1264 2672 1300 a
2706 1247 2882 1311 Patre,
2914 1244 3110 1301 salutis
3140 1257 3327 1298 eorum
3367 1255 3577 1304 causa,

319 1351 469 1404 nullo
533 1348 763 1403 alterius
822 1348 1162 1413 ministerio,
1221 1346 1495 1412 venisset,
1563 1354 1886 1419 praesentem
1958 1345 2231 1416 amplecti.
2307 1343 2433 1399 Non
2480 1344 2626 1399 enim
2682 1340 2881 1411 legatus
2937 1347 3057 1393 erat
3088 1337 3189 1405 (ait
3242 1334 3556 1407 propheta),

319 1456 418 1494 non
451 1438 692 1508 angelus.
3150 1432 3155 1437 ·

386 1531 493 1584 Καὶ
525 1533 584 1584 ἐν
599 1529 860 1599 Αἰγύπτῳ
877 1529 955 1596 δὲ,
980 1531 1165 1598 φασιν,
1194 1531 1244 1584 εί
1267 1531 1360 1585 καὶ
1386 1530 1548 1602 μέσος
1563 1525 1630 1603 ἦν
1652 1530 1879 1599 Μωσῆς,

2056 1528 2114 1583 In
2145 1525 2380 1598 Egypto
2404 1523 2621 1589 deinde,
2649 1524 2823 1586 aiunt,
2850 1533 3164 1592 quanquam
3199 1516 3410 1571 medius
3445 1514 3564 1568 ΜΟ·

318 1619 428 1675 ἀλλ’
466 1620 629 1683 αὐτὸς
650 1621 869 1690 ἐνήργει
896 1619 962 1673 δι’
987 1620 1195 1673 ἐιιείνου
1224 1620 1293 1673 τὰ
1339 1622 1591 1691 μέγιστα.
1646 1621 1763 1674 Καὶ
1789 1637 1883 1691 μο-

2005 1639 2075 1678 ses
2103 1621 2286 1681 fuerit,
2311 1634 2414 1688 per
2444 1632 2569 1671 eum
2603 1616 2719 1685 ipse
2740 1629 2863 1685 qua:
2894 1612 3130 1665 maxima
3182 1615 3341 1662 erant
3367 1621 3565 1673 opera-

320 1710 704 1780 σχοποιήσασιν
730 1703 1024 1779 ήπεὶλησεν
1060 1709 1291 1777 ἄγγελον
1322 1709 1559 1779 πέμψειν
1610 1709 1702 1763 τὸν
1743 1712 1884 1780 ἡγη-

2005 1721 2168 1769 tatur.
2202 1710 2482 1765 Miuitatus
2512 1716 2596 1764 est
2630 1714 2913 1777 praeterea,
2961 1718 3084 1757 cum
3115 1700 3348 1754 vitulum
3382 1697 3569 1750 coiitc-

321 1801 569 1870 σάμενον.
612 1800 721 1852 Καὶ
749 1797 1139 1869 δυσφοροῦντος
1162 1800 1425 1863 Μωσέως,
1451 1800 1615 1863 αὐτὸς
1636 1798 1887 1869 ἡγεῖσθαι

2005 1807 2216 1868 :issent,
2248 1804 2501 1873 angelum
2544 1816 2605 1856 se
2656 1799 2979 1859 missurum,
3028 1793 3122 1863 qui
3176 1791 3257 1846 eis
3286 1795 3564 1859 praeesset.

320 1891 811 1960 κατεπηγγείλατο.
842 1892 951 1944 Καὶ
987 1891 1156 1960 αὐτὴν
1178 1890 1234 1943 δὲ
1267 1891 1365 1960 τὴν
1420 1892 1744 1960 παρουσίαν,
1787 1891 1887 1960 οὐχ

2005 1896 2147 1964 Quod
2184 1910 2307 1950 cum
2336 1908 2478 1963 :rgre
2506 1891 2647 1946 ferre
2674 1888 2860 1945 Mosen
2887 1886 3119 1949 videret,
3146 1885 3341 1938 ducem
3367 1896 3427 1935 se
3456 1878 3569 1933 fore

321 1985 403 2035 ἵνα
460 1940 650 2052 κρίνῃ,
686 1982 1001 2052 πεποίηται,
1054 1940 1229 2037 καίτοι
1285 1940 1621 2052 κριτὴς-Γὼγ,
1649 1940 1762 2037 ἀλλ’
1804 1940 1890 2037 ἵνα

2005 1940 2147 1964 rvun-
2186 1940 2307 1950 -η--σ-
2336 1940 2478 1963 -ο--σ
2507 1940 2646 1946 -ν--τ
2674 1940 2855 1945 --ν-νη
3104 1940 3118 1949 ι

2005 1987 2216 2057 adjecit.
2263 1984 2450 2055 Neque
2485 1998 2614 2039 vero
2644 1982 2938 2036 adventum
2964 1992 3151 2042 suum,
3185 1982 3244 2028 ut
3274 1973 3568 2041 iudicaret,

319 2073 413 2137 τὰς
441 2072 716 2144 ἁμαρτίας
745 2074 1137 2145 ὁμολογήσουσι
1168 2075 1188 2111 ί
1245 2076 1508 2149 παράσχῃ
1574 2076 1674 2146 τὴν
1699 2074 1893 2145 ἄφεσιν

2005 2076 2156 2136 iudex
2181 2074 2450 2145 alioquin,
2481 2081 2702 2127 exstare
2730 2069 2928 2133 voluit,
2966 2068 3061 2123 sed
3097 2074 3157 2119 ut
3179 2060 3573 2119 conﬁtentibus

318 2163 405 2215 διὰ
454 2162 713 2226 πίστεως.
761 2162 914 2216 Θέλει
968 2163 1079 2235 γὰρ
1103 2164 1197 2217 καὶ
1233 2166 1375 2234 ήμᾶς
1426 2165 1640 2229 ἑαυτοῖς
1672 2163 1895 2233 ἀγαθῶν

2005 2175 2222 2238 peccata
2255 2182 2351 2235 per
2381 2164 2538 2219 ﬁdem
2581 2163 2899 2237 remitteret.
2935 2157 3065 2212 Vult
3090 2158 3235 2213 enim
3272 2156 3438 2210 etiam
3469 2165 3571 2207 nos

320 2253 543 2318 αἰτίους,
574 2253 670 2306 καὶ
702 2252 776 2323 μή
802 2247 911 2307 τῶν
940 2255 1196 2309 ἐναντίων
1228 2256 1610 2311 καθίστασθαι.
1654 2257 1894 2326 Τοιγαρ-

318 2344 407 2396 οῦν
434 2342 536 2412 τῆς
558 2342 959 2415 αίμορῤοούσης
1013 2343 1113 2415 τήν
1137 2343 1319 2399 πίστιν
1370 2344 1547 2400 αίτίαν
1579 2345 1748 2415 ἔφησε
1798 2346 1897 2415 τῆς

323 2435 535 2498 ἰάσεως.
597 2435 763 2489 Ὅσον
817 2435 927 2506 γὰρ
980 2430 1118 2507 ἧκεν
1146 2436 1225 2501 είς
1263 2437 1447 2503 αὐτὸν,
1496 2436 1572 2502 ὡς
1593 2436 1788 2505 πατὴρ
1810 2438 1899 2493 τέ-

321 2544 485 2594 κνοις
511 2526 596 2590 είς
616 2526 841 2595 ἀγαθῶν
875 2526 1159 2598 πρόκειται
1196 2528 1480 2598 χορηγίαν.
1517 2528 1739 2597 διηνεκῆ
1768 2545 1899 2599 προ-

320 2618 507 2672 τείνων
561 2618 657 2672 τδν
710 2616 907 2683 ἔλεον,
951 2617 1091 2688 πλὴν
1122 2618 1170 2670 εί
1214 2619 1287 2689 μή
1317 2636 1401 2681 τις
1424 2618 1684 2689 ἀμαρτῶν
1710 2618 1895 2673 διακό-

321 2709 489 2779 ψειεν.
518 2708 604 2763 Τὰ
640 2708 740 2780 μὲν
766 2704 859 2762 οῦν
885 2710 985 2779 τῆς
1016 2708 1187 2763 αὑτοῦ
1223 2709 1631 2779 φιλανθρωπίας
1652 2710 1896 2763 τοιαῦτα.

323 2798 412 2869 Μὴ
436 2797 820 2869 παρασχόντες
846 2797 902 2851 δὲ
919 2796 1194 2868 πρόφασιν
1222 2797 1373 2867 αὐτῷ
1400 2796 1501 2866 τῆς
1547 2796 1756 2850 ἑαυτῶν
1793 2815 1897 2851 σω-

329 2892 547 2961 τηρίας,
609 2892 697 2956 εἰς
754 2890 1024 2957 πόλεμον
1081 2889 1484 2942 ἐπεσπάσαντο.
1530 2888 1616 2951 Ὠς
1636 2890 1746 2959 γάρ
1769 2905 1899 2957 φησι

323 2985 413 3036 καὶ
434 2981 644 3036 Δαόίδ⁸
674 2999 694 3034 ι
754 2980 992 3044 Ποσάκις
1034 2982 1455 3051 παρεπίκραναν
1503 2979 1666 3034 αὐτὸν
1722 2982 1780 3032 ἐν
1832 2981 1898 3051 τῇ

321 3073 546 3142 ἐρήμῳ;
579 3068 935 3142 παρώργισαν
960 3072 1126 3124 αὐτὸν
1147 3072 1206 3125 ἐν
1233 3074 1303 3142 γῇ
1329 3070 1564 3141 ἀνύδρῳ.
1606 3088 1624 3122 ι
1652 3069 1893 3138 Παρώρ-

325 3178 502 3231 γισαν
554 3162 614 3214 δὲ
669 3161 764 3214 καὶ
785 3160 846 3213 τὸ
875 3161 1111 3229 πνεῦμα
1157 3160 1439 3228 Χριστοῦ,
1473 3160 1573 3230 τὴν
1605 3160 1893 3214 ἀπείθειαν

2000 2259 2153 2314 nobis
2180 2258 2470 2322 bonorum,
2492 2267 2546 2313 et
2576 2272 2684 2312 non
2711 2264 2926 2316 contra,
2944 2259 3198 2306 auctores
3226 2264 3348 2304 esse
3374 2265 3387 2302 :
3420 2246 3571 2301 inde-

1999 2366 2102 2421 quc
2144 2350 2287 2419 ejus,
2348 2363 2468 2418 quae
2517 2344 2842 2415 proﬂuvium
2907 2340 3192 2410 sanguinis
3239 2337 3570 2407 patiebatur,

2000 2441 2343 2498 sanationem
2392 2438 2458 2493 ad
2489 2438 2650 2492 fidem
2696 2432 2971 2488 retulit”.
3007 2432 3282 2496 Quantum
3317 2428 3461 2481 enim
3516 2428 3570 2481 in

1999 2533 2121 2602 ipso
2147 2531 2312 2587 situm
2344 2538 2451 2596 est,
2477 2527 2645 2584 veluti
2685 2536 2833 2594 pater
2871 2524 3000 2593 ﬁliis
3052 2523 3120 2577 ad
3156 2524 3422 2575 bonorum
3463 2521 3575 2571 lar-

1999 2620 2260 2694 gitioriem
2292 2635 2624 2691 propensus,
2650 2617 2945 2694 assiduam
2984 2612 3413 2668 misericordiam
3450 2627 3579 2682 pro-

2001 2692 2210 2779 tendit;
2271 2711 2380 2766 nisi
2440 2711 2565 2781 quis
2624 2692 2743 2764 e’am
2811 2709 3054 2779 peccatis
3124 2706 3336 2759 irritam
3390 2703 3575 2758 faciat.

2000 2803 2155 2858 Talia
2198 2803 2364 2872 igitur
2407 2801 2765 2857 humanitatis
2818 2800 2995 2870 ipsius
3028 2807 3084 2853 et
3136 2795 3578 2852 mansuetudinis

2003 2894 2165 2963 signa
2194 2893 2544 2948 exstiterunt.
2591 2889 2697 2946 Sed
2739 2905 2862 2945 cum
2924 2906 3038 2944 suze
3087 2889 3282 2944 salutis
3334 2887 3580 2942 occasio—

2004 3000 2127 3041 nem
2177 2985 2227 3040 ei
2261 3000 2367 3039 non
2402 2985 2728 3055 praeberent,
2782 2983 2850 3036 ad
2901 2982 3093 3037 bellum
3138 2998 3261 3037 eum
3295 2981 3579 3049 compule-

2002 3087 2154 3132 runt.
2176 3075 2244 3130 Ut
2267 3076 2412 3129 enim
2429 3074 2511 3130 vel
2533 3072 2788 3129 Davidem
2818 3073 2871 3127 in
2892 3072 3266 3129 testimonium
3287 3084 3542 3126 vocemus
3567 3086 3580 3122 :

2013 3185 2031 3216 ι
2066 3164 2291 3231 Quoties
2326 3164 2796 3219 exacerbaverunt
2826 3178 2950 3217 eum
2987 3163 3040 3216 in
3081 3159 3336 3215 deserto?
3369 3159 3435 3213 ad
3471 3160 3583 3212 ira-

324 3256 674 3325 νοσήσαντες.
707 3254 807 3307 Διό
839 3254 1098 3323 κατέστη
1141 3254 1451 3322 πολέμιος.
1478 3254 1613 3306 Ἵνα
1647 3252 1760 3325 γὰρ
1827 3253 1900 3323 μὴ

2006 3256 2264 3311 cundiam
2316 3264 2685 3326 provocarunt
2715 3255 2768 3309 in
2801 3263 2944 3309 terra
2998 3261 3219 3308 carenle
3252 3252 3410 3322 aquis
3444 3251 3512 3305 ⁸³.
3557 3269 3575 3303 ι

324 3347 541 3416 δαίμοσι
563 3346 662 3417 τὴν
689 3345 1040 3417 ἐπαγομένην
1088 3346 1271 3408 αὐτοῖς
1314 3345 1676 3415 ἐπιγράφοιεν
1718 3345 1900 3416 δίκην,

326 3438 485 3502 αὐτὸς
503 3438 692 3501 αὐτοῖς
733 3437 956 3506 λέγεται
982 3437 1448 3507 πεπολεμηκέναι.
1476 3437 1587 3490 Καὶ
1622 3437 1732 3508 γὰρ
1749 3436 1903 3500 Ἰὼϐ,

328 3531 525 3600 καίπερ
594 3527 751 3592 εἰδὼς
779 3530 844 3583 ἐκ
877 3528 972 3582 τοῦ
1005 3529 1251 3583 διαϐόλου
1281 3529 1529 3598 γίνεσθαι
1560 3530 1660 3593 τὰς
1689 3532 1910 3599 ἐπαγω-

328 3621 448 3689 γὰς,
521 3618 686 3676 αὐτοῦ
731 3620 830 3691 μὲν
887 3620 951 3675 οὐ
1010 3620 1302 3692 μέμνηται,
1340 3619 1499 3690 τῷδέ
1533 3620 1906 3691 συγχωροῦντι

329 3714 623 3783 ἐπιγράφει
682 3711 821 3782 Θεῷ.
848 3712 1238 3781 Πεπολέμηκε
1300 3711 1357 3764 δὲ
1388 3711 1477 3765 τὸν
1502 3710 1632 3766 λαὸν
1665 3713 1744 3775 είς
1786 3712 1911 3766 νοῦν

330 3806 397 3859 τὰ
427 3803 624 3874 πρῶτα
652 3802 860 3866 λαϐὼν,
890 3802 987 3855 καὶ
1006 3802 1080 3865 ὡς
1108 3803 1170 3855 οὐ
1212 3801 1309 3855 νῦν
1328 3801 1533 3874 πρῶτοι
1562 3802 1793 3856 τοιοῦτοι
1821 3819 1912 3871 γε-

329 3895 574 3961 γόνασιν.
608 3892 838 3958 Αὐτίκα,
870 3893 965 3945 καὶ
984 3892 1083 3945 διὰ
1110 3892 1371 3959 Μωσέως
1419 3894 1685 3966 τοσαύτης
1714 3912 1911 3966 πειρα-

334 3984 516 4047 θέντες
561 3983 651 4037 διὰ
704 3982 1004 4051 θαυμάτων
1063 3983 1405 4055 εὐεργεσίας,
1455 3986 1547 4040 τὸν
1575 3985 1745 4040 αἴτιον
1777 3986 1914 4040 ἁπο-

336 4076 664 4146 στραφέντες
692 4074 1157 4146 ἐμοσχοποίησαν,
1190 4076 1264 4145 μή
1293 4077 1671 4146 σκοπήσαντες
1694 4077 1770 4141 ὡς
1819 4078 1913 4132 θά-

332 4167 532 4223 λατταν
548 4166 728 4238 τεμὼν
750 4166 1041 4238 Ἐρυθρὰν,
1060 4167 1140 4233 ὡς
1156 4168 1367 4231 ἵππον,
1384 4170 1579 4234 αὐτοὺς
1601 4169 1691 4224 διὰ
1709 4170 1914 4242 ταύτης

332 4256 614 4325 διήγαγεν,
644 4255 945 4325 ἐπιστήσας
969 4255 1151 4317 αὐτοῖς
1184 4256 1433 4325 Μωσῆν,
1472 4252 1557 4311 οἷα
1593 4259 1915 4326 προϐάτοις

334 4345 607 4417 ποιμένα,
670 4345 759 4399 διὰ
807 4346 916 4399 τῶν
946 4346 1186 4416 σημείων
1232 4347 1461 4416 oetam;
1488 4349 1675 4404 αὐτόν.
1744 4350 1915 4404 Τοῦτο

333 4438 440 4510 γὰρ
469 4438 535 4492 τὸ
563 4437 905 4507 ἀναγαγεῖν,
937 4437 1104 4506 ἤγουν
1126 4438 1353 4508 ἐμφανῆ
1409 4428 1759 4510 καταστήσας
1788 4442 1916 4495 λαν-

337 4530 569 4591 θάνοντα
620 4528 717 4583 καὶ
781 4527 1178 4599 κρυπτόμενον,
1231 4526 1290 4580 δν
1329 4527 1423 4580 καὶ
1478 4530 1768 4602 προφήτην
1807 4534 1912 4585 ἀπ.

342 4616 552 4683 ἔδειξεν
572 4617 668 4670 τοῦ
696 4616 826 4671 ἰδίου
850 4615 1145 4687 πληρώσας
1160 4616 1515 4685 πνεύματος.

2012 3347 2470 3403 Exacerbaverunt
2520 3361 2649 3402 vero
2686 3355 2741 3403 et
2795 3347 2993 3401 Christi
3044 3346 3313 3414 spiritum,
3347 3344 3440 3415 qui
3495 3343 3599 3397 ili--

2012 3440 2357 3495 credulitatis
2385 3440 2576 3495 morbo
2612 3439 2948 3495 laborarent.
2994 3436 3115 3504 Quo
3150 3437 3355 3491 factum
3390 3443 3495 3501 est,
3527 3445 3586 3488 ut

2010 3531 2115 3584 sint
2158 3531 2221 3584 ab
2271 3531 2387 3600 ipso
2418 3531 2725 3599 oppugnati.
2764 3530 2839 3584 lla
2888 3529 3035 3584 enim
3090 3528 3192 3583 sibi
3252 3524 3586 3593 loquendum

2010 3638 2132 3677 esse
2161 3621 2533 3685 existimavit:
2569 3636 2636 3674 ne
2669 3636 2808 3689 quas
2841 3620 2942 3687 ipsi
2999 3634 3189 3690 pmnas
3219 3617 3585 3687 pertulerunt,

2012 3714 2356 3769 daemonibus
2404 3714 2790 3767 attribuerent.
2851 3710 3131 3780 Siquidem
3179 3719 3235 3764 et
3285 3707 3388 3762 Job
3450 3707 3585 3774 ipse,

2014 3806 2140 3859 licet
2189 3820 2312 3876 qua:
2358 3804 2685 3874 patiebatur,
2739 3803 2841 3858 sibi
2886 3819 2914 3855 ιι
2951 3799 3175 3855 diabolo
3229 3798 3420 3853 inferri
3478 3811 3589 3851 non

2017 3895 2319 3965 ignoraret,
2378 3894 2445 3947 de
2474 3909 2539 3948 eo
2574 3903 2753 3946 tamen
2784 3909 2906 3946 esse
2957 3891 3060 3946 sibi
3117 3889 3410 3947 tacendum
3443 3887 3585 3941 arbi-

2016 3994 2218 4049 tratus,
2257 4001 2320 4039 ea
2375 3984 2486 4039 Deo
2547 3983 2674 4053 ipsi,
2719 3984 2811 4053 qui
2866 3982 2983 4036 lieri
3017 3984 3379 4050 permitteret,
3416 3978 3590 4032 περι-ί-

2016 4078 2099 4133 bit
2157 4079 2221 4130 ⁸⁵.
2259 4077 2586 4147 Oppugnavit
2633 4090 2761 4129 vero
2816 4074 3114 4145 populum,
3174 4074 3357 4143 priora
3411 4080 3592 4124 mente

2019 4172 2253 4241 agitans,
2279 4186 2403 4223 cum
2429 4169 2565 4224 tales
2592 4169 2661 4221 ab
2694 4168 2794 4221 hoc
2820 4176 3067 4235 tempore
3098 4165 3333 4232 primum
3370 4164 3590 4216 minime

2020 4261 2137 4316 ﬁeri
2185 4261 2418 4331 cmpisse
2440 4259 2845 4314 recordaretur.
2878 4256 2956 4311 Ac
3006 4271 3073 4307 ne
3110 4255 3269 4323 longe
3302 4254 3585 4314 abeamus,

2018 4354 2182 4407 etiam
2234 4367 2360 4406 cum
2397 4350 2537 4404 duce
2592 4348 2737 4402 Mose
2793 4361 3045 4419 magnam
3090 4345 3233 4399 adeo
3274 4344 3440 4414 728
3496 4357 3591 4411 per

2018 4441 2283 4501 miranda.
2315 4456 2478 4511 opera
2530 4441 2873 4510 largitionem
2928 4439 3134 4509 experti
3184 4445 3410 4503 essent;
3468 4434 3590 4503 ejus

2018 4540 2294 4586 auctorem
2317 4539 2501 4611 tamen
2522 4529 2779 4590 aversati,
2816 4528 3046 4581 vitulum
3080 4526 3181 4580 sibi
3206 4524 3450 4579 conﬂare
3478 4538 3585 4578 non

1943 4613 1994 4672 D
2020 4619 2442 4676 dubitarunt-3‘.
2476 4614 2587 4676 Nec
2643 4620 2955 4690 cogitarunt
3006 4632 3116 4686 quo
3146 4627 3303 4685 pacto
3352 4615 3588 4669 divisum

337 4721 487 4760 mare
535 4703 805 4770 Rubrum,
845 4717 1097 4775 tanquam
1147 4722 1333 4776 equus,
1387 4707 1737 4775 trajecerint;
1783 4723 1907 4763 cum
1945 4710 2058 4766 illis
2093 4714 2289 4767 ducem
2321 4711 2559 4783 Moysen,
2593 4713 2760 4768 veluti
2794 4720 3063 4779 pastorem
3141 4710 3344 4770 ovibus,
3418 4707 3589 4774 signis

335 4801 776 4857 commendatum
837 4798 1233 4870 praefecissem.
1286 4800 1530 4870 ldipsum
1586 4801 1732 4855 enim
1784 4796 2092 4874 est,'quod
2140 4804 2395 4859 educendi
2427 4807 2592 4859 verba
2642 4804 2963 4873 signiﬁcare
3033 4798 3255 4852 voiuit:
3330 4807 3589 4865 tanquam

334 4907 459 4946 eum
493 4909 552 4948 se
594 4895 887 4960 illustrem,
936 4894 1029 4964 qui
1078 4894 1132 4947 in
1185 4894 1405 4950 occulto
1451 4895 1674 4961 latebat,
1718 4897 2065 4963 reddidisse;
2127 4902 2235 4955 imo
2285 4909 2338 4955 et
2412 4903 2730 4971 pmphetam
2784 4901 2970 4961 etiam,
3051 4912 3173 4948 cum
3240 4892 3442 4957 Spiritu
3495 4906 3594 4946 sim

338 4985 696 5054 implevisset,
725 4985 979 5041 ell‘ecisse
1011 4983 1243 5041 diceret.

414 5077 562 5139 Τινὲς
590 5076 648 5130 δὲ
680 5075 931 5145 ποιμένα
947 5077 1038 5129 τδν
1075 5076 1274 5146 Ἰωσὴφ
1334 5076 1563 5146 ἔφασαν,
1609 5074 1781 5151 οὗπερ
1805 5082 1910 5137 ἁν-

337 5165 573 5236 αγαγὼν
596 5167 667 5220 τὰ
695 5168 849 5234 ὀστᾶ,
898 5165 1039 5236 μετὰ
1060 5166 1169 5219 τῶν
1199 5168 1327 5238 πρὶν
1372 5170 1702 5241 ὑποχειρίων
1727 5171 1913 5243 διήγα-

338 5273 458 5323 γεν,
482 5256 693 5321 δεικνὺς
719 5257 795 5321 ὼς
817 5257 938 5310 οὐδὲ
977 5256 1189 5327 νεκρῶν
1211 5258 1319 5311 τῶν
1340 5258 1509 5327 ἁγίων
1559 5261 1909 5316 ἐπιλανθάνε-

340 5363 447 5410 ται,
474 5347 754 5412 ζωοποιεῖν
777 5348 915 5401 αὐτὰ
961 5349 1411 5419 προαιρούμενος.
1450 5352 1635 5406 Ἀλλοι
1658 5353 1746 5407 τὸν
1772 5355 1816 5406 Χ
1825 5372 1908 5424 ρι-

410 5461 583 5539 ⁸115³.
628 5463 760 5539 μβ.
827 5464 884 5539 1’
927 5463 1110 5539 Matth.
1154 5482 1238 5539 ut,
1280 5465 1349 5519 ‘20
1388 5484 1537 5539 St‘qq.
1615 5470 1660 5501 δ”
1698 5469 1843 5523 Psul.
1895 5487 1900 5522 I

2005 5482 2095 5529 vit,
2153 5464 2241 5519 40.

343 5531 384 5564 ³⁷
423 5532 556 5588 Gen.
590 5551 649 5599 1.,
674 5533 772 5597 24;
827 5532 994 5587 Exod.
1030 5550 1145 5599 xm,
1182 5535 1263 5588 ll).

2088 5079 2206 5136 Non
2260 5079 2457 5135 desunt
2507 5088 2707 5137 tamen,
2741 5073 2832 5141 qui
2886 5068 3117 5140 pastoris
3162 5063 3488 5117 vocabulum
3524 5060 3591 5111 ad

2016 5172 2313 5243 Josephum
2349 5169 2625 5233 referant;
2659 5166 2821 5233 cujus
2865 5179 2989 5218 cum
3020 5175 3147 5214 ossa
3178 5157 3326 5211 educi
3371 5161 3595 5207 intraret

2018 5262 2304 5326 Dominus,
2329 5269 2383 5315 ct
2414 5275 2474 5313 ca
2515 5275 2637 5311 eum
2675 5258 2803 5321 illis,
2832 5254 2924 5323 qui
2958 5263 3085 5306 ante
3114 5254 3315 5323 captivi
3342 5255 3585 5311 funeram,

2017 5349 2236 5405 reduxit
2266 5349 2333 5414 ⁸⁷,
2374 5355 2430 5399 ιιι
2480 5353 2820 5406 sanctorum,
2852 5342 2941 5410 qui
2984 5342 3275 5403 obierunt,
3311 5356 3415 5393 tmn
3452 5339 3594 5393 ubli-

2366 5463 2407 5491 ⁸⁵
2449 5461 2549 5514 .lob
2591 5476 2626 5521 ι,
2667 5458 2752 5509 21.
2862 5455 2907 5483 ⁸⁸
2949 5453 3116 5507 ίῖιυςί.
3151 5471 3332 5518 χχιιι,
3372 5455 3390 5507 l
3434 5468 3590 5522 seqq.

1644 5626 1875 5681 ΥΛΜᾹΞ
1918 5623 2322 5679 LICCTIONES.

417 5724 435 5757 ¹
472 5723 554 5774 ἴίν.
577 5726 958 5793 ὁμολογήσασι.
