3978 6420
451 300 589 364 ,⁵2675

1791 321 2143 420 ΡΙὶΟΕΟΡίέ
2181 312 2427 384 (ἓΑΖιΕΙ

3576 335 3699 433 25ῖὸ

455 419 591 473 visci
643 436 701 475 se
733 421 1179 497 demonstraret;
1211 433 1304 503 qui
1352 435 1445 489 illa
1491 436 1546 490 in
1587 437 1756 492 vitam
1790 452 2034 494 revocari

2154 440 2275 492 στὸν
2310 439 2520 509 ἔφασαν
2548 443 2616 497 ἐκ
2651 444 2763 511 γῆς
2797 446 3159 517 ἀναχθέντα,
3187 447 3218 518 ἢ
3260 448 3350 502 διὰ
3376 448 3469 518 τὴν
3491 428 3701 505 ἀνάστα-

453 515 683 562 statuat.
714 509 817 566 Alii
848 512 915 567 ad
942 512 1225 573 Christum
1253 519 1319 576 de
1352 531 1497 578 terra
1535 526 1788 580 eductum
1833 530 2040 583 retule-

453 608 587 654 runt
616 617 631 654 :
669 602 786 659 sive
816 603 938 674 ejus
970 607 1048 663 illi
1081 614 1567 684 resurrectionem,
1593 618 1715 674 sive
1746 619 1910 673 etiam
1945 636 2041 674 or-

454 703 567 747 tum
624 696 692 751 de
748 707 897 753 terra
948 710 1286 773 spectarent.
1343 704 1574 773 Deinde,
1636 714 1782 781 quod
1831 714 2041 768 dierum

454 797 773 843 retentorum
811 793 1080 873 tiu-.niinit,
1112 797 1197 852 vel
1226 798 1489 868 antiquos
1512 803 1803 869 intellexit,
1838 807 1921 861 vel
1945 824 2041 863 eos

452 878 646 945 etiam,
702 896 942 950 quorum
1000 885 1161 942 debet
1218 905 1342 946 esse
1377 897 1642 950 memoria
1677 900 2039 967 sempiterna.

451 971 607 1034 Quod
642 981 905 1041 pra-terea
935 977 1027 1031 ubi
1064 988 1172 1043 est,
1221 984 1440 1050 quaerit,
1477 999 1669 1041 eorum
1703 988 2038 1044 oblivionem

451 1073 697 1118 accusat.
740 1066 1063 1135 Cujusmodi
1104 1081 1193 1127 est
1243 1073 1377 1129 illud
1417 1095 1429 1132 :
1477 1098 1496 1131 ι
1545 1078 1843 1135 Descendit
1888 1084 2037 1137 enim

457 1153 697 1222 Spiritus
733 1167 963 1216 sanctus
992 1176 1021 1216 a
1057 1161 1311 1232 Domino,
1341 1176 1397 1224 et
1426 1170 1532 1225 dux
1592 1172 1704 1227 illis
1737 1172 1839 1228 fuit
1885 1174 1953 1229 ⁸⁸.
2014 1196 2031 1227 ι

449 1245 517 1300 lit
544 1248 685 1315 apud
720 1248 976 1308 Davidem
1004 1272 1016 1307 :
1056 1274 1074 1308 ι
1118 1256 1259 1313 Misit
1293 1260 1550 1330 spiritum
1579 1279 1767 1327 suum,
1799 1263 2038 1322 étsana-

448 1338 646 1395 viteos
679 1341 745 1396 ⁸³.
792 1362 811 1395 ι
872 1343 970 1400 Est
1003 1361 1132 1401 vero
1180 1349 1323 1405 Deus
1381 1352 1500 1422 ipse
1551 1357 1795 1424 spiritus.
1832 1356 2034 1413 Verum

449 1447 558 1498 quo
593 1433 736 1499 loco,
763 1433 1051 1505 priet-aluit
1078 1457 1221 1510 aqua
1245 1460 1278 1496 a
1306 1443 1445 1513 [acie
1477 1447 1615 1515 ejus,
1645 1448 1911 1505 habemus
1944 1453 2035 1519 qui

448 1524 605 1595 fregit
668 1543 836 1598 aquas
883 1540 1011 1584 ante
1055 1550 1166 1598 eos,
1228 1538 1586 1595 transtulisse
1636 1540 2032 1611 Symmachum

447 1619 713 1688 reperias.
771 1622 1045 1695 Intelligas
1089 1627 1287 1684 deinde
1326 1630 1474 1698 quod
1521 1634 1864 1699 prtevaluisse
1895 1636 2036 1691 dixit

446 1726 636 1764 earum
674 1713 825 1767 illum
852 1726 1062 1772 natura?
1079 1717 1187 1772 vim
1206 1720 1479 1787 attulisse,
1505 1738 1631 1777 cum
1649 1724 2030 1783 condensavit.

2153 544 2258 594 σιν,
2284 530 2318 599 ἢ
2341 532 2435 585 καὶ
2463 532 2551 586 διὰ
2572 534 2673 605 τὴν
2700 534 2809 588 ἀπὸ
2834 536 2939 607 γῆς
2971 538 3037 589 αἱ.
3052 538 3139 591 τοῦ
3171 540 3442 608 γέννησιν.
3481 540 3703 611 Ἡμέρας

2148 622 2217 675 δὲ
2241 624 2541 691 αἰωνίους,
2560 624 2595 695 ἢ
2616 625 2714 690 τὰς
2742 627 2999 697 ἀρχαίας,
3026 630 3058 700 ἢ
3090 631 3189 694 τὰς
3217 631 3301 683 ἀεὶ
3335 637 3706 702 μνημονευτοὺς

2150 730 2337 781 φησιν.
2358 714 2432 767 Τὸ
2460 715 2537 779 δὲ,
2566 715 2670 769 ποῦ
2701 720 2819 772 ἐστι
2843 734 2860 787 ;
2886 718 2986 789 τῆς
3014 720 3193 773 αὐτῶν
3208 720 3380 791 λήθης
3408 728 3705 795 κατηγορεῖ.

2148 807 2451 877 Σύμφωνον
2479 808 2536 863 δὲ
2568 809 2650 875 τὸ,
2676 829 2695 862 ι
2744 812 2970 882 Κατέϐη
3031 813 3141 882 γὰρ
3171 813 3388 883 πνεῦμα
3414 816 3559 885 παρᾶ
3605 817 3709 870 Κυ-

2150 901 2288 971 ρίου,
2310 902 2407 954 καὶ
2462 901 2749 971 ὡδήγησεν
2792 904 3012 968 αὐτούς.
3045 925 3063 956 ι
3107 904 3403 959 Kal-A1618
3433 905 3489 960 δέ
3515 923 3668 976 φησιν
3692 926 3705 940 ·

2157 1012 2175 1043 ι
2215 992 2633 1059 Ἐξαπὲστειλεν
2659 994 2723 1047 τὺ
2769 996 2992 1066 πνεῦμα
3040 996 3229 1062 αὑτοῦ,
3286 999 3378 1051 καὶ
3411 998 3593 1051 ἰάσατο
3626 1000 3713 1053 αὖ·

2147 1083 2295 1146 τούς.
2334 1103 2353 1135 ι
2396 1084 2454 1137 '0
2486 1083 2543 1137 δὲ
2575 1086 2708 1149 Θεὸς
2730 1085 2794 1138 τὸ
2818 1087 3059 1155 πνεῦμά
3110 1090 3287 1143 ἐστιν.
3323 1088 3468 1141 Ἀντὶ
3493 1088 3671 1143 δὲ’τοῦ
3697 1134 3708 1156 ,

2146 1175 2533 1244 Κατίσχυσεν
2568 1174 2725 1245 ὕδωρ
2750 1176 2872 1231 ἀπὸ
2897 1176 3225 1245 προσώπου
3247 1178 3467 1242 αὐτοῦ,
3514 1179 3542 1232 ὁ
3578 1181 3712 1250 Σύμ-

2149 1284 2338 1338 μαχος,
2374 1266 2436 1320 '0
2456 1267 2657 1334 ῥήξας
2699 1268 2890 1325 ὕδατα
2944 1268 3289 1339 ἔμπροσθεν
3324 1269 3540 1336 αὐτῶν,
3575 1274 3713 1342 εἴρη-

2145 1375 2261 1412 κεν.
2305 1358 2414 1416 Καὶ
2441 1360 2782 1429 κατίσχυσε
2818 1361 2875 1413 δὲ
2911 1363 3155 1431 νοήσεις.
3201 1363 3285 1417 ὅτι
3307 1362 3588 1432 νενίκηκεν
3629 1364 3715 1415 αὺ-

2143 1450 2251 1509 τῶν
2308 1452 2410 1521 τὴν
2482 1451 2642 1521 φύσιν
2670 1451 2845 1523 πήξας
2899 1455 3060 1510 αὐτὰ.
3125 1455 3341 1527 Ἐπάγη
3364 1455 3495 1526 γὰρ,
3536 1455 3711 1526 φησὶν,

2142 1540 2277 1594 ὡσεὶ
2314 1545 2489 1613 τεῖχος
2520 1544 2588 1597 τὰ
2610 1542 2783 1598 ὕδατα
2831 1545 3035 1616 ῥευστὰ
3078 1548 3143 1617 τῇ
3180 1545 3341 1614 φύσει
3370 1545 3712 1615 τυγχάνοντα·

2142 1634 2314 1704 ἧγουν
2380 1635 2517 1705 πρὸς
2547 1635 2607 1689 τὸ
2632 1636 2883 1708 παγῆναι
2909 1637 3111 1692 ἔδωκεν
3134 1638 3318 1699 αὐτοῖς
3352 1638 3558 1707 ισχύικ
3618 1638 3715 1690 Καὶ

2138 1724 2219 1795 τῷ
2241 1724 2382 1795 μετὰ
2410 1726 2604 1790 ταῦτα,
2636 1728 2792 1797 φασὶ,
2830 1728 3121 1799 Διήγαγεν
3160 1727 3407 1793 αὐτοὺς,
3436 1728 3516 1802 ὡς
3542 1727 3717 1781 ἵππον

449 1803 728 1859 Scribitur
760 1809 906 1862 enim
938 1819 1197 1879 tanquam
1231 1828 1449 1868 murum
1469 1817 1695 1873 stetisse
1718 1831 2033 1889 concretas,

2144 1816 2206 1870 ἐν
2248 1816 2455 1882 πεδίῳ,
2487 1818 2627 1887 μετὰ
2666 1820 2847 1890 πάσης
2888 1821 3149 1883 ἀνέσεως,
3190 1819 3505 1887 ίσοδυναμεί
3565 1819 3622 1871 τὸ
3663 1818 3716 1871 ὲν

446 1913 570 1964 quae
601 1896 771 1954 ﬂuere
801 1912 997 1958 natura
1032 1908 1518 1973 consueverant“.
1547 1907 1644 1963 Vel
1673 1909 1728 1965 id
1756 1910 1877 1967 ideo
1907 1927 2036 1983 pro-

446 1992 609 2060 pheta
651 1996 961 2067 usurpavit,
999 2010 1058 2054 ut
1091 2000 1437 2057 consistendi
1472 2005 1606 2058 uires
1628 2018 1661 2058 a
1703 2019 1763 2059 se
1795 2005 2034 2073 tributas

445 2086 621 2141 fuisse
653 2087 1086 2145 demonstraret.
1114 2088 1272 2156 Quod
1306 2088 1511 2146 factum
1544 2101 1649 2156 est,
1693 2104 1755 2148 ut
1783 2110 1871 2163 eos
1907 2109 2035 2164 pos-

445 2187 554 2241 tea,
583 2178 756 2244 aiunt,
783 2181 920 2233 velut
951 2197 1144 2250 equum
1174 2181 1230 2234 in
1259 2197 1446 2252 campo
1472 2182 1619 2237 nulla
1646 2198 1877 2253 prorsus
1902 2199 2028 2239 cum

440 2270 697 2324 molestia
752 2271 1021 2327 educeret.
1078 2270 1253 2337 Quale
1302 2280 1389 2328 est
1438 2271 1575 2327 illud
1630 2272 1686 2327 in
1740 2271 2028 2329 Psalmis:

448 2381 466 2410 ι
508 2358 732 2426 Eduxit,
794 2373 1058 2433 tanquam
1111 2379 1264 2427 oves,
1305 2363 1569 2433 populum
1609 2379 1792 2430 suum,
1835 2373 1890 2420 et
1922 2364 2032 2421 dux

441 2448 556 2505 illis
590 2451 712 2516 fuit,
748 2461 1009 2524 tanquam
1042 2455 1170 2511 ovili
1205 2454 1258 2508 in
1290 2455 1511 2510 deserto
1530 2457 1600 2509 ⁸³.
1638 2475 1656 2509 ι
1699 2454 1876 2511 Simul
1904 2472 2034 2512 vero

440 2562 455 2593 ι
477 2550 494 2595 ι
517 2544 776 2613 populum
815 2562 973 2599 suum
1007 2547 1265 2611 servavit,
1297 2557 1351 2601 et
1384 2547 1526 2617 facto
1550 2547 1652 2602 sibi
1678 2548 1889 2603 nomine
1918 2549 2034 2621 gia-

440 2638 580 2689 riam
643 2637 874 2708 adeptus
922 2648 1028 2693 est.
1080 2638 1236 2703 Quod
1293 2647 1500 2705 tanien,
1561 2647 1621 2693 ut
1668 2639 1735 2695 ad
1780 2642 2035 2709 populum

442 2744 603 2782 suum
660 2730 922 2785 retulisse
968 2729 1268 2793 videretur,
1304 2746 1412 2784 non
1456 2730 1584 2794 sibi,
1614 2732 1708 2785 sed
1738 2733 1843 2794 eis,
1881 2732 2033 2804 Sym-

2135 1908 2407 1979 Ψαλμοῖςο
2445 1928 2463 1961 ι
2525 1910 2830 1982 Ἀνήγαγεν
2856 1911 2933 1975 ὡς
2981 1910 3239 1983 πρόϐατα
3267 1912 3359 1964 τὸν
3386 1910 3516 1963 λαὸν
3538 1909 3712 1976 αὐτοῦ,

2136 2003 2234 2057 καί
2288 2002 2577 2073 ὡδήγησεν
2628 2004 2857 2068 αὐτοὺς,
2918 2004 2997 2068 ὡς
3054 2003 3311 2074 ποίμνιον
3368 2006 3426 2057 ὲν
3449 2003 3654 2072 ἐρήμῳ.
3693 2007 3716 2051 ιΔ

2149 2094 2318 2166 Ὁμοῦ
2338 2095 2395 2149 δὲ
2429 2097 2525 2151 καὶ
2548 2096 2655 2152 τὸν
2676 2097 2831 2152 λαὸν
2853 2097 3047 2164 ἔσωζε,
3108 2098 3204 2151 καὶ
3227 2096 3392 2160 αὐτὸς
3419 2093 3716 2159 ἐδοξάζετο

2139 2187 2328 2243 ποιῶν
2356 2188 2549 2256 ἐαυτῷ
2577 2190 2785 2260 ὄνομα.
2820 2188 2884 2245 Ὃ
2906 2190 2963 2244 δὲ
3004 2190 3304 2262 Σύμμαχος
3337 2188 3542 2243 αὐτῶν
3568 2187 3713 2256 ἔφη·

2137 2278 2286 2332 τοῦτ’
2340 2278 2477 2344 ἔστι,
2519 2279 2611 2334 τὸν
2666 2279 2798 2334 τδιον
2850 2279 3090 2345 δοξάζων
3133 2281 3310 2337 λαόν.
3342 2276 3718 2347 Ἀναισθήτους

2141 2369 2320 2422 τοίνυν
2372 2368 2571 2440 εὑρὼν,
2603 2370 2798 2439 γέγονε
2851 2369 3148 2439 δυσμενής.
3202 2368 3277 2421 Οὐ
3310 2367 3419 2438 μὴν
3478 2367 3717 2433 ἀπογνω-

2143 2461 2297 2513 στέον
2321 2477 2335 2490 ’
2363 2460 2479 2514 ἀλλ’
2510 2463 2885 2532 ὲπιμείνωμεν
2910 2461 3022 2530 ἐγώ
3082 2478 3143 2514 τε
3188 2460 3285 2512 καὶ
3326 2459 3444 2511 ὅσοι
3468 2456 3721 2524 θεοφιλεῖς

2138 2555 2257 2615 ταῖς
2297 2553 2433 2624 πρὸς
2461 2553 2623 2607 αὑτὸν
2665 2554 2945 2617 ἱκετείαις,
2977 2553 3228 2621 λέγοντες
3260 2568 3277 2584 ·
3324 2550 3720 2627 Ἐπίστρεψον

2147 2642 2216 2696 ἐκ
2259 2643 2368 2699 τοῦ
2396 2643 2661 2712 οὐρανοῦ
2690 2661 2703 2674 ·
2742 2646 2858 2713 εἴγε
2902 2645 3191 2717 κρείττους
3244 2640 3574 2713 γενοίμεθα,
3633 2640 3722 2704 καὶ

2139 2735 2282 2802 ἄξιοι
2299 2734 2391 2787 τοῦ
2423 2735 2629 2805 λέγειν,
2663 2727 2799 2791 Ἴδε.

440 2820 673 2877 machus
698 2822 898 2877 reddit.
926 2821 1021 2876 Est
1057 2822 1224 2891 igitur
1255 2822 1325 2876 ob
1363 2821 1413 2876 id
1450 2820 1629 2878 factus
1655 2822 1854 2891 hostis,
1882 2827 2028 2896 quod
2070 2843 2168 2883 eos
2196 2828 2363 2899 729
2385 2828 2535 2885 nullo
2565 2843 2733 2886 sensu
2769 2826 2978 2884 moveri
3005 2829 3230 2899 reperit.
3293 2827 3489 2898 Neque
3551 2836 3721 2879 tamen

439 2927 526 2974 est
577 2918 1001 2989 desperandum,
1028 2920 1122 2975 sed
1173 2920 1333 2986 mihi,
1385 2922 1713 2993 cmterisque
1741 2925 2021 2991 omnibus,
2062 2926 2156 2997 qui
2196 2925 2292 2981 Dei
2328 2941 2517 2982 amore
2562 2936 2841 2990 tenentur,
2923 2927 3178 2999 precibus
3216 2926 3288 2980 ab
3330 2926 3527 2980 eodem
3598 2938 3723 2978 con-

394 3011 809 3085 ‘tendcndum,
863 3023 922 3067 ut
974 3013 1039 3067 de
1069 3013 1202 3068 cwlo
1258 3024 1619 3082 convertatur,
1675 3016 1720 3071 si
1774 3017 1933 3088 probi
1982 3008 2050 3074 et‘
2113 3020 2286 3093 digiti,
2351 3021 2445 3093 qui
2496 3036 2620 3076 cum
2683 3019 2753 3076 ad
2810 3020 3093 3077 videndum
3181 3035 3577 3091 provocemus,
3623 3014 3724 3070 eﬂi'

442 3104 642 3158 timur.

515 3199 655 3253 Sunt
680 3214 811 3255 vero
846 3199 938 3269 qui
977 3200 1045 3255 ad
1079 3212 1293 3270 gentem
1331 3202 1645 3257 universam
1674 3203 1865 3258 rel‘erri
1916 3220 2034 3273 pre-

2214 3201 2372 3266 Τινὲς
2417 3200 2473 3255 δὲ
2499 3200 2607 3255 ἀπὸ
2637 3199 2839 3265 παντὸς
2872 3198 2968 3253 τοῦ
3036 3196 3225 3262 ἔθνους
3255 3197 3397 3268 φασὶ
3420 3194 3518 3259 τὰς
3538 3193 3681 3256 λιτάς
3706 3208 3720 3223 ο

441 3306 536 3344 res
564 3290 903 3356 existiment,
951 3291 1044 3346 alii
1093 3293 1258 3346 etiam
1309 3292 1375 3347 ad
1434 3293 1754 3362 prophetam
1792 3301 2032 3348 tantum.

441 3380 711 3452 Proponit
737 3398 906 3452 porro
942 3383 1114 3437 Deum
1156 3384 1221 3437 de
1258 3387 1389 3438 cwlo
1428 3384 1899 3454 cognoscendum,
1925 3401 2035 3440 non

442 3486 708 3545 tanquam
741 3475 861 3531 loco
898 3476 1288 3542 concludatur,
1341 3476 1437 3533 sed
1470 3488 1731 3548 tanquam
1769 3479 1823 3533 in
1854 3478 2036 3549 dignis

443 3584 667 3621 sursum
691 3568 983 3622 virtutibus
1013 3570 1342 3638 requiescat.
1375 3569 1612 3638 Ideoque
1630 3584 1725 3639 per
1748 3571 1963 3624 domum
1984 3582 2037 3625 et

442 3661 718 3726 thronum,
753 3660 944 3715 cretum
983 3661 1164 3730 ipsum
1201 3661 1559 3731 significavit,
1617 3673 1678 3716 ut
1717 3661 2033 3716 auditorum

440 3760 815 3821 tuentes,quze
841 3752 893 3816 in
916 3761 1118 3804 terram
1140 3752 1489 3817 deciderant,
1524 3768 1749 3827 sursum
1780 3753 2033 3820 erigeret,

442 3859 553 3913 quo
606 3846 742 3898 nihil
793 3844 1001 3899 humile
1048 3843 1116 3898 de
1149 3843 1260 3898 Deo
1308 3844 1640 3914 cogitarent.
1677 3840 1813 3898 Eum
1862 3844 2033 3909 cnim,

440 3938 537 4007 qui
582 3937 842 3992 universa
892 3937 1141 3992 continet
1188 3945 1238 3990 ιιι
1296 3938 1453 4007 regit,
1484 3953 1515 3989 a
1547 3936 1676 3991 cwlo
1723 3950 1833 3990 non
1894 3935 2037 3990 male

447 4030 689 4098 spectari
716 4040 770 4085 et
798 4032 1080 4100 cognosci.
1114 4030 1357 4085 llevocat
1385 4022 1565 4086 autem
1597 4028 1710 4084 Deo
1747 4029 1801 4083 in
1827 4044 2037 4085 memo-

438 4126 602 4189 riam,
634 4132 693 4177 ut
727 4140 870 4192 saepe
902 4140 1007 4176 tmtt
1037 4133 1261 4196 pi-Opter
1286 4124 1458 4192 ipsos,
1490 4123 1583 4177 sed
1611 4134 1834 4197 propter
1866 4121 2036 4176 zelum

441 4232 622 4277 suum,
652 4218 705 4269 in
760 4215 1014 4285 indignos
1055 4216 1131 4273 ita
1175 4232 1234 4271 se
1262 4215 1589 4270 clementem
1627 4216 1945 4287 praebuerit,
1979 4223 2038 4269 ut

440 4308 661 4383 populi,
720 4307 1060 4377 ﬁliorumque
1116 4307 1443 4363 nominibus
1490 4306 1714 4361 eosdem
1774 4306 2037 4376 dignatus

441 4410 563 4455 st:
612 4400 666 4453 in
699 4414 864 4469 quos,
901 4407 1165 4468 tauquam
1214 4397 1316 4452 zeli
1372 4397 1546 4468 ipsius
1591 4406 1646 4452 ct
1695 4395 2035 4467 fortitudinis

441 4490 741 4561 participes
798 4489 1034 4561 amplius
1090 4504 1199 4543 non
1231 4488 1365 4554 sint,
1417 4504 1525 4543 non
1558 4497 1819 4558 tanquam
1851 4488 2033 4557 ipsum

2138 3295 2291 3350 ἄλλοι
2328 3294 2425 3347 τοῦ
2494 3292 2780 3365 προφήτου
2813 3291 3001 3364 μόνου.
3032 3292 3163 3347 Ἀπ’
3212 3289 3485 3358 οὐρανοῦ
3510 3288 3567 3341 δὲ
3594 3305 3724 3356 γνω-

2144 3384 2281 3455 ρίζει
2305 3384 2396 3437 τὸν
2422 3383 2577 3448 Θεὸν,
2611 3383 2710 3453 οὐχ
2747 3382 2825 3447 ὼς
2853 3383 3007 3456 τόπῳ
3061 3381 3538 3453 περικλειόμενον,
3602 3377 3711 3434 ἀλλ’

2138 3477 2215 3540 ὠς
2241 3478 2297 3529 ὲν
2322 3474 2500 3541 ἀξίαις
2541 3476 2964 3546 ἀναπαυόμενον
2999 3476 3119 3541 ταῖς
3159 3476 3272 3530 ἄνω
3300 3475 3617 3545 δυνάμεσιν.
3640 3472 3723 3529 Διὸ

2140 3570 2233 3623 καὶ
2261 3565 2431 3623 οἷκον
2459 3568 2553 3622 καὶ
2583 3570 2802 3637 θρόνον
2852 3568 3004 3638 λέγει
3036 3569 3147 3623 τὸν
3187 3569 3463 3638 οὐρανόν
3491 3583 3505 3596 ·
3566 3568 3722 3637 ἤγουν

2138 3662 2429 3732 ἀναφέρων
2451 3663 2517 3714 ὲκ
2536 3662 2644 3714 τῶν
2671 3661 2875 3731 γηΐνων
2906 3662 3250 3733 πραγμάτων
3271 3662 3341 3713 τὰ
3373 3660 3486 3713 τῶν
3511 3658 3722 3712 ἀκουὸνο

2137 3771 2247 3807 των
2307 3754 2634 3824 φρονήματα
2692 3752 3167 3806 καταπεπτωκότα
3206 3751 3363 3822 ιπρὸς
3397 3752 3524 3820 γῆν,
3549 3749 3620 3812 ὡς
3663 3748 3723 3801 ἂν

2142 3844 2313 3916 μηδὲν
2346 3847 2598 3915 φρονοῖεν
2644 3845 2772 3916 περὶ
2798 3844 2936 3898 Θεοῦ
2981 3843 3265 3899 ταπεινόν.
3298 3842 3382 3897 Τὰ
3416 3842 3525 3912 γὰρ
3558 3842 3723 3899 πάντα

2141 3939 2408 4009 συνέχων,
2441 3937 2536 3992 κοιλ⁵
2559 3938 2862 4010 κυϐερνῶν,
2910 3937 3239 4010 γνωρισθείη
3276 3938 3345 3991 ἂν
3392 3937 3616 3997 εἰκότως
3659 3932 3722 3997 ἐξ

2138 4029 2423 4098 οὐρανοῦ.
2485 4026 3005 4101 ’Ῡπομιμνήσκουσι
3029 4029 3086 4081 δὲ
3113 4029 3204 4083 τὸν
3235 4028 3392 4095 Θεὸν,
3426 4027 3502 4090 ὡς
3535 4025 3722 4079 πολλά-

2139 4138 2227 4185 κις
2257 4121 2318 4175 οὐ
2338 4121 2407 4175 δι’
2442 4122 2662 4187 αὐτοὺς,
2685 4122 2773 4175 διὰ
2792 4122 2851 4176 δὲ
2875 4121 2966 4175 τὸν
2987 4121 3120 4175 ἴδιον
3148 4120 3356 4189 ζῆλον,
3393 4121 3585 4190 γέγονε
3603 4115 3722 4188 περὶ

2137 4214 2361 4280 τούτους
2401 4214 2788 4287 φιλάνθρωπος
2815 4214 3067 4280 ἀναξίους
3115 4214 3490 4284 ὑπάρχοντας.
3514 4212 3589 4275 ὡς
3636 4209 3721 4264 γαί

2139 4307 2487 4373 καταξιώσας
2526 4308 2725 4372 εἰπεῖν,
2769 4306 2824 4359 '0
2861 4293 3015 4373 λαός
3043 4323 3146 4376 μου
3180 4304 3385 4360 τέκνα.
3431 4304 3520 4368 Ὣς
3544 4302 3599 4356 δὲ
3624 4316 3720 4372 μη-

2140 4402 2258 4455 κέτι
2281 4402 2602 4472 μετέχοντες
2638 4400 2744 4456 τοῦ
2776 4399 2980 4468 ζήλου,
3014 4398 3109 4452 καὶ
3156 4390 3271 4467 τῆς
3296 4397 3516 4467 ἰσχύος
3544 4393 3718 4456 αὑτοῦ,

2138 4492 2314 4546 ταῦτά
2355 4509 2543 4561 φασιν,
2601 4493 2703 4562 οὐχ
2726 4491 2802 4556 ὡς
2832 4491 3060 4545 ἐκείνων
3105 4490 3529 4544 ἐκλελοιπότων.
3565 4485 3712 4550 Ἐξη-

440 4584 534 4638 ila
572 4583 928 4647 defecissent,
979 4585 1087 4639 ista
1142 4583 1451 4652 usurpavit.
1512 4580 1828 4667 Zelo.enim
1881 4581 2034 4645 olim,

2144 4586 2258 4637 λου
2291 4584 2399 4654 γὰρ
2450 4584 2620 4638 πάλαι
2651 4583 3006 4645 δουλεύοντας
3059 4582 3407 4651 Αἰγυπτίοις,
3445 4576 3719 4651 αἰχμαλώ-

442 4694 568 4731 cum
629 4676 1014 4748 .‘Egyptiornm
1064 4679 1329 4732 servitute
1364 4685 1769 4747 premerentur,
1813 4683 1900 4729 est
1939 4690 2036 4728 eos

440 4779 809 4840 prosecutus;
838 4771 931 4839 qui
956 4770 1066 4825 illis
1085 4770 1327 4831 etiamin
1356 4770 1731 4839 captivitatem
1754 4769 2037 4837 abductis,

444 4854 563 4915 icio
598 4878 796 4932 magno
826 4862 1007 4918 zeiare
1046 4877 1106 4918 se
1145 4859 1391 4919 Iudaeam
1437 4871 1493 4915 et
1523 4854 1750 4928 Sioném.
1801 4857 2033 4913 allirma-

442 4953 523 5005 vit
575 4955 641 5006 ⁹¹.
706 4952 927 5021 Postea,
981 4969 1107 5008 cum
1169 4953 1238 5008 iis
1290 4967 1370 5015 se,
1415 4951 1510 5021 qui
1544 4966 1665 5005 eam
1720 4951 2024 5017 cepissent,

2144 4694 2252 4730 των
2281 4692 2342 4730 τε
2363 4678 2668 4746 γεγονότων
2695 4675 2956 4747 ἔφασκεν*
3006 4673 3293 4745 Ἐζήλωκα
3319 4674 3423 4744 τὴν
3466 4672 3721 4741 Ἰερουσα-

2142 4768 2255 4840 λὴμ
2312 4772 2407 4823 καὶ
2450 4770 2551 4839 τὴν
2609 4768 2747 4823 Σιὼν
2771 4768 2933 4839 ζῆλον
2959 4769 3157 4838 μέγαν.
3225 4763 3361 4820 Εἶτα
3408 4767 3522 4827 τοῖς
3548 4760 3716 4817 ἑλοῦσι

2143 4862 2322 4930 φήσας
2343 4860 2684 4930 ὀργίζεσθαι,
2717 4861 2916 4929 ἐπάγει
2943 4866 2959 4883 ⁸
2989 4860 3135 4913 Ἀνθ’
3168 4855 3246 4913 ὦν
3273 4855 3388 4925 ἐγὼ
3422 4855 3523 4926 μὲν
3552 4850 3710 4923 ὠργί-

2140 4951 2274 5022 σοην
2304 4953 2485 5021 ὀλίγα,
2520 4953 2675 5006 αὐτοὶ
2706 4952 2763 5005 δὲ
2785 4950 3145 5006 συνεπέθεντο
3172 4952 3251 5014 εἰς
3274 4948 3447 5003 κακά.

444 5044 605 5099 iras.-i
638 5052 868 5103 testatus
947 5057 1113 5112 esset,
1146 5046 1198 5099 id
1219 5045 1341 5100 ideo
1363 5044 1541 5103 facere
1573 5042 1863 5122 se‘adjecit,
1896 5041 2045 5111 quod
2086 5058 2213 5104 cum
2263 5061 2455 5113 parum
2506 5045 2562 5100 in
2598 5061 2696 5103 eos
2732 5048 2904 5098 iratus
2938 5054 3109 5112 esset,
3176 5043 3244 5097 ad
3274 5041 3420 5096 mala
3490 5040 3591 5111 ipsi
3627 5042 3717 5095 ad-

444 5139 729 5206 jecissent.

517 5233 659 5288 Sunt
704 5242 908 5296 tamen,
934 5234 1025 5303 qui
1060 5234 1161 5289 zeli
1194 5235 1439 5297 nomine,
1475 5249 1596 5288 eam
1627 5231 2033 5303 providentiam

446 5335 643 5396 putent
698 5325 951 5393 intelligi,
1012 5341 1178 5394 quam
1238 5342 1368 5395 erga
1435 5328 1586 5396 ipsos
1635 5326 2026 5379 tnanifestavit.

447 5421 638 5488 itaque
666 5416 792 5471 inde
820 5431 964 5479 csse,
1010 5417 1159 5484 quod
1214 5419 1268 5470 in
1304 5418 1567 5487 p0pulum
1595 5417 1791 5475 iratus.
1824 5417 2027 5477 zelum,

2217 5228 2373 5292 Τινὲς
2398 5227 2451 5279 δὲ
2479 5226 2662 5294 ζῆλον
2697 5227 2794 5295 τὴν
2821 5227 2901 5287 εἰς
2935 5223 3135 5285 αὐτοὺς
3159 5219 3421 5285 ὶδέξαντο
3446 5218 3710 5289 πρόνοιαν.

2140 5319 2445 5390 Τοιγαροῦν
2505 5318 2860 5387 ὀργιζόμενος
2907 5314 2985 5384 τῷ
3036 5312 3154 5383 λαῷ
3208 5312 3380 5378 λέγει⁹
3436 5308 3579 5382 Ἀρῶ
3632 5307 3714 5360 τὸν

2137 5410 2299 5479 ζῆλόν
2329 5428 2432 5479 μου
2474 5411 2582 5464 ἀπὸ
2602 5408 2721 5472 σοῦ,
2750 5407 2895 5460 τοῦτ’
2919 5405 3055 5467 ἔστι,
3082 5405 3183 5473 τὴν
3204 5402 3557 5473 κηδεμονίαν.
3592 5397 3712 5454 Οὐδὲ

449 5511 505 5569 id
534 5518 617 5563 cst
648 5523 842 5563 curant
873 5515 927 5563 et
954 5508 1413 5574 sollicitudinem,
1444 5508 1514 5562 ab
1543 5522 1608 5561 eo
1638 5524 1698 5563 se
1726 5508 2034 5561 ablatui'um

2144 5504 2238 5573 ι’ὰρ
2266 5502 2517 5571 Ἀϐραὰμ
2552 5497 2632 5571 ἦν
2696 5499 2894 5569 πατὴρ
2933 5495 3125 5568 ἡμῶν,
3162 5496 3210 5549 εἰ
3269 5494 3361 5548 καὶ
3389 5496 3454 5565 τῇ
3501 5507 3700 5559 γενεσει

449 5600 609 5656 dixit.
648 5597 837 5668 Neque
874 5597 1022 5651 enittt
1059 5597 1355 5663 Abraham,
1392 5599 1644 5668 quamvis
1670 5597 2034 5668 generationis

2144 5595 2217 5665 Βιη
2233 5595 2525 5665 κονήσατο.
2563 5593 2635 5646 Σὺ
2663 5592 2719 5646 δὲ
2745 5594 2774 5645 ὁ
2800 5593 2862 5645 ὲκ
2886 5590 2962 5662 μὴ
3002 5589 3172 5644 ὄντων
3226 5584 3587 5657 παραγαγὼν,
3621 5580 3705 5635 καὶ

544 5779 587 5815 α’
628 5781 783 5835 Doni.
820 5796 989 5852 xxx”,
1026 5777 1107 5833 l2.
1186 5777 1232 5807 ⁸³
1267 5772 1412 5830 Psal.
1455 5788 1562 5839 CVI,
1618 5773 1709 5827 20.
1766 5775 1809 5806 ³ο
1846 5772 2022 5829 Exod.
2052 5788 2159 5837 τιν,
2206 5772 2292 5826 22.

2375 5772 2413 5801 οι
2464 5770 2606 5824 ῐιδλε.
2655 5778 2859 5834 mni,
2898 5768 2984 5821 δε.
3028 5770 3071 5798 οε
3116 5765 3345 5823 Zachar.
3383 5779 3420 5829 ι,
3457 5763 3535 5815 ιι.
