3978 6412
272 295 396 362 Em
864 300 914 354 ρ
1377 292 1912 354 crumenam!

270 403 463 473 Πατὴρ
492 399 707 454 πάντων
734 397 1084 470 πνευμάτων,
1121 402 1214 456 καὶ
1238 401 1348 455 τῶν
1375 403 1496 456 κατ’
1524 403 1709 456 εἰκόνα
1739 391 1908 472 τὴνἏ

273 498 363 570 σὴν
406 492 790 563 πεποιημένων
832 490 1040 561 ψυχῶν.
1085 492 1324 556 Ἐκεῖνος
1380 494 1491 564 γὰρ
1521 496 1569 546 εἰ
1598 495 1691 546 καὶ
1736 495 1835 563 τὴν

272 585 589 657 ἐπαγγελίαν
616 585 857 655 εἴληφεν,
898 583 1012 637 ἀλλ’
1037 586 1189 655 ἡμᾶς
1243 586 1304 638 οὐ
1355 585 1631 639 τεθέαται.
1662 585 1832 651 ,Ὅθεν

273 680 481 750 ἐλέησον
535 676 706 746 ἡμᾶς,
740 674 833 739 οὓς
864 673 933 727 τὸ
974 675 1094 729 σὺν
1140 675 1329 746 ὄνομα
1360 678 1577 746 κοσμεῖ.
1601 674 1837 745 κλῆρος

270 772 368 840 γάρ
388 785 503 823 σου
541 764 877 837 κεκλήμεθα.
896 764 987 834 Τῷ
1017 764 1095 837 σῷ
1118 766 1299 819 τοίνυν
1320 768 1565 837 ὀνόματι
1589 767 1834 837 χάρισαι,

270 864 339 925 ὼς
361 862 424 916 ἂν
449 859 523 931 μὴ
548 858 939 930 βλασφημῆται
966 856 1118 927 παρὰ
1148 861 1260 921 τοῖς
1297 857 1529 913 ἔθνεσιν.
1571 857 1758 912 Ταῦτα
1780 858 1840 921 ἐξ

268 953 457 1008 οἰκείου
496 949 808 1022 προσώπου,
855 950 952 1003 καὶ
995 950 1106 1002 τῶν
1149 948 1556 1020 εὐλαϐεστέρων
1590 947 1762 1003 εἰπὼν
1810 950 1840 1001 ὁ

270 1043 566 1115 προφήτης,
598 1042 809 1109 εἰσάγει
855 1042 983 1103 τοὺς
1018 1041 1076 1093 ἐν
1101 1038 1178 1111 τῷ
1206 1039 1327 1110 »λαῷ
1379 1040 1681 1110 φιλαιτίους
1738 1041 1840 1093 οὐκ

269 1132 546 1197 ὀκνοῦντας
602 1133 753 1202 αὐτῷ
793 1131 1057 1196 πολλάκις
1104 1131 1565 1203 καταμέμφεσθαι
1613 1131 1693 1202 τῷ
1721 1130 1840 1201 Θεῷ

269 1226 517 1294 λέγοντας
552 1239 566 1253 ’
607 1222 668 1276 Τί
694 1219 1053 1288 ὲπλάνησας
1095 1219 1275 1288 ἡμᾶς,
1335 1220 1536 1287 Κύριε,
1567 1218 1687 1273 ἀπὸ
1728 1217 1842 1286 τῆς

269 1314 405 1371 ὁδοῦ
457 1327 617 1377 σου;
669 1312 746 1375 ὡς
795 1311 861 1365 ἂν
903 1309 1066 1363 αὐτὸν
1118 1308 1218 1379 τῆς
1265 1308 1614 1375 ἐκπτώσεως,
1648 1309 1715 1380 ἥν
1754 1308 1842 1363 διὰ

270 1406 493 1479 Χριστὸν
526 1405 853 1473 ὑπέμειναν,
877 1400 1217 1470 αἰτιώμενοι,
1248 1399 1398 1454 κατὰ
1425 1401 1552 1464 τοὺς
1584 1399 1844 1468 λέγοντας

269 1498 369 1554 ἀπὸ
412 1497 506 1551 τοῦ
569 1495 701 1551 λαοῦ
743 1493 947 1557 παντὸς
974 1494 1068 1546 τὸν
1093 1486 1269 1561 λόγον
1325 1492 1605 1565 εἰρῆσθαι·
1675 1486 1843 1563 ἤγουν

268 1591 367 1647 ἀπὸ
425 1588 519 1644 τοῦ
569 1588 875 1659 προφήτου,
920 1586 980 1650 ὃς
1012 1588 1212 1652 πάντα,
1240 1586 1539 1655 φασὶν,ἐπ“ι
1566 1584 1658 1639 τὸν
1709 1584 1844 1638 Θεὸν

269 1684 546 1754 ἀναφέρει,
600 1682 699 1750 οὐχ
764 1679 841 1743 ὡς
880 1680 975 1732 τοῦ
1008 1679 1348 1751 ἁμαρτάνειν
1377 1670 1572 1742 αἴτιον,
1599 1676 1716 1730 ἁλλ’
1767 1676 1844 1740 ὡς

270 1772 645 1847 συγχωροῦντα
679 1790 694 1805 ·
725 1771 794 1826 δι’
818 1765 895 1826 ὧν
910 1773 971 1825 οὐ
1012 1771 1362 1842 παραχρῆμα
1389 1771 1546 1840 δίκην
1579 1769 1844 1841 εἰσπράτν

267 1883 428 1920 τεται.
490 1863 681 1929 Οὕτως
725 1863 1138 1936 ἁμαρτάνοντες
1196 1861 1517 1931 πεπρᾶσθαι
1573 1861 1847 1932 λεγόμεθα

1877 1744 1919 1799 Β

170 2016 174 2018 Ἴ
270 1956 388 2026 παρ’
427 1953 617 2018 αὐτοῦ,
666 1953 743 2017 ὡς
763 1955 888 2017 ταῖς
930 1951 1087 2015 ἰδίαις
1129 1950 1429 2021 ἁμαρτίαις
1485 1949 1846 2019 ἐκδεδομένοι.

269 2046 352 2099 Διὸ
376 2045 470 2100 καὶ
496 2044 592 2098 τοῦ
610 2043 813 2116 Φαραὼ
848 2043 1152 2114 σκληρῦναι
1209 2042 1432 2111 λέγεται
1474 2042 1574 2111 τὴν
1597 2042 1848 2114 καρδίαν,

267 2138 393 2192 διότι
449 2136 847 2208 μακροθυμῶν,
896 2136 997 2190 οὐκ
1039 2135 1147 2190 ἀπὸ
1198 2133 1426 2207 πρώτης
1477 2134 1643 2189 αὑτὸν
1674 2134 1851 2188 ἀνεῖλε

270 2227 500 2300 πληγῆς,
530 2228 609 2291 ὡς
634 2227 700 2281 ἂν
723 2227 985 2290 πολλάκις
1003 2226 1330 2297 παιομένου,
1363 2226 1458 2278 καὶ
1491 2224 1854 2296 μὴέπιστρέ-

271 2335 472 2388 φοντος,
507 2316 758 2381 ἀναίτιος
796 2315 983 2385 δειχθῇ
1012 2313 1114 2385 τὴν
1149 2313 1390 2385 ἐσχάτην
1429 2314 1653 2382 ἐπάγων
1712 2313 1852 2383 πλη-

270 2415 384 2483 τήν.
407 2413 476 2467 Σὺ
497 2411 542 2465 δ’
577 2408 693 2477 οὖν,
715 2414 743 2465 ὁ
760 2411 913 2475 Θεὸς,
934 2418 965 2447 ιι
986 2409 1088 2463 διὰ
1111 2408 1256 2475 τοὺς
1276 2408 1544 2473 δούλους
1568 2424 1713 2463 σου’
1754 2407 1851 2461 καὶ

270 2505 369 2576 γὰρ
417 2505 568 2569 εἰκὸς
621 2500 762 2558 εἷναί
822 2520 977 2566 τινας
1040 2503 1100 2555 ἐν
1157 2500 1237 2571 τῷ
1296 2500 1491 2572 πλήθει
1553 2499 1847 2563 τοιούτους·

269 2599 424 2666 ήγουν
456 2596 561 2652 διὰ
596 2597 723 2659 τοὺς
791 2593 938 2649 κατὰ
965 2593 1161 2662 γενεὰν
1213 2591 1689 2663 εὐαρεστήσαντάς
1741 2578 1874 2644 σοι·Δ

270 2692 426 2760 ἤγουν
455 2688 652 2760 ἐπειδὴ
682 2686 833 2752 ἅπαξ
892 2687 1223 2757 ,ἐφθάσαμεν
1250 2682 1473 2752 κλῆρος
1492 2682 1852 2753 ὀνομάζεσθαι

273 2784 377 2848 σὸς,
406 2784 455 2837 εἰ
506 2780 607 2836 καὶ
658 2779 734 2851 μὴ
762 2780 830 2834 δι’
854 2779 1166 2842 εὐπειθείας
1192 2777 1590 2846 δουλεύομεν.
1631 2776 1752 2829 Ἔτι
1796 2775 1854 2828 δὲ

273 2875 360 2928 καὶ
379 2874 475 2928 διὰ
510 2872 624 2938 τὰς
661 2870 862 2941 φυλὰς
892 2869 1002 2939 τῆς
1028 2870 1436 2939 κληρονομίας
1455 2857 1854 2936 σου,’ὄπερείς

272 2965 459 3019 ταύτὸν
480 2964 673 3018 τείνει.
707 2964 914 3031 Ἥγουν
940 2963 1068 3025 τοὺς
1096 2963 1219 3015 κατ’
1261 2956 1403 3023 εἶδος
1423 2956 1855 3029 εὐαρεστοῦντάς

1940 290 2020 352 1N
2056 285 2340 349 IS‘AIAM.
3375 270 3531 335 €673-

1942 400 2214 465 minister,
2272 409 2424 467 pater
2474 401 2654 448 uoster
2704 383 3195 459 fuit,se¢tu;.qui
3246 382 3313 436 de
3345 382 3521 435 nihilo

1941 492 2278 563 producens,
2315 502 2425 543 non
2449 486 2611 541 modo
2648 483 2941 554 spirituum
2975 479 3219 534 omnium
3254 474 3414 530 Pater
3438 492 3519 538 cs,

1940 591 2034 640 sed
2072 585 2384 637 animarum
2417 579 2609 641 etiam,
2640 592 2761 645 qua:
2792 583 2922 629 sunt
2952 572 3019 626 ad
3050 571 3345 638 imaginem
3371 576 3522 623 tuam

1939 687 2265 748 procreatae.
2293 673 2380 728 llli
2421 671 2569 728 enim
2620 667 2722 723 etsi
2760 663 3075 743 promissio
3110 662 3254 716 facta
3287 667 3391 726 est,
3423 675 3527 715 nos

1938 775 2119 820 tamen
2148 763 2295 819 haud
2323 763 2476 818 vidit.
2518 760 2698 815 Nostri
2729 759 2918 830 igitur,
2955 755 3209 819 obsecro,
3243 752 3527 811 miserere.

1941 870 2081 927 quos
2134 870 2321 908 nomen
2371 862 2518 906 tuum
2576 855 2832 905 exornat.
2897 843 3217 927 llwredilas:
3248 840 3394 895 enim
3435 849 3529 893 tua

1942 962 2348 1017 nuncupamur.
2389 943 2443 999 Id
2499 958 2632 1011 ergo
2692 938 2898 994 nomini
2935 945 3027 991 tuo
3061 912 3266 1005 largi‘ie
3296 940 3356 987 ut
3385 931 3525 1001 apud

1946 1050 2139 1109 gentes
2183 1054 2291 1093 non
2321 1035 2758 1105 blasphemelnr.
2801 1031 2935 1096 Quae
2965 1043 3090 1083 cum
3124 1032 3282 1083 ar'sua
3315 1034 3369 1079 et
3400 1024 3530 1079 reli-

1944 1128 2221 1198 giosorum
2254 1140 2490 1199 persona
2539 1129 2865 1191 usurpasset
2902 1119 3066 1190 730
3100 1116 3389 1187 propheta,
3434 1128 3532 1168 eus

1940 1221 2075 1289 jam,
2105 1218 2200 1287 qui
2227 1218 2294 1271 de
2333 1217 2536 1287 populo
2564 1211 3021 1268 accusationibus
3053 1210 3359 1279 gaudentes
3388 1221 3532 1272 Stl‘p:

1945 1308 2118 1362 Deum
2151 1320 2384 1377 arguere
2416 1320 2526 1360 non
2557 1303 2901 1363 dubitarent,
2934 1316 2966 1352 a
3005 1299 3228 1352 Domino
3256 1294 3532 1366 postulare

1948 1399 2101 1463 facit,
2133 1414 2296 1468 quare
2321 1413 2376 1451 se
2407 1413 2438 1450 a
2461 1398 2549 1449 via
2579 1394 2694 1464 ejus
2723 1407 2902 1447 errare
2928 1389 3155 1459 fecisset,
3182 1395 3243 1441 ut
3273 1385 3339 1440 ad
3378 1385 3530 1438 illum

1947 1491 2277 1547 calamitatis
2328 1489 2475 1557 ejus,
2530 1501 2697 1556 quam
2754 1491 2979 1555 propter
3036 1481 3322 1537 Christum
3385 1477 3531 1545 passi

1947 1592 2115 1647 sunt,
2159 1582 2567 1639 accusationem
2613 1596 2683 1635 ex
2719 1592 2911 1634 eorum
2953 1573 3224 1631 sententia
3271 1570 3530 1634 referant,

1947 1680 2040 1750 qui
2073 1680 2257 1751 populi
2296 1679 2465 1733 totius
2495 1691 2804 1733 sermonem
2841 1690 2966 1730 esse
2998 1672 3224 1737 volunt;
3256 1680 3350 1725 aut
3383 1678 3533 1725 certe

1950 1772 2256 1844 prophetae,
2316 1785 2346 1823 a
2402 1785 2519 1840 quo
2560 1769 2652 1822 ad
2682 1769 2851 1823 Deum
2886 1768 3095 1829 omnia,
3130 1779 3240 1818 non
3276 1771 3538 1833 tanquam

1949 1866 2215 1935 peccandi
2250 1872 2442 1919 auctor
2469 1863 2561 1927 sit,
2616 1861 2710 1918 sed
2746 1870 3008 1930 tanquam
3043 1872 3275 1930 peccare
3309 1855 3541 1925 permit-

1951 1965 2048 2022 tat,
2082 1956 2276 2025 rel‘erri
2313 1956 2487 2021 aiunt,
2521 1954 2724 2025 quibus
2749 1952 3006 2015 emcitur,
3049 1958 3110 2005 ut
3147 1963 3339 2020 poenas
3356 1946 3541 2003 statim

1951 2063 2062 2102 non
2088 2055 2370 2117 exposcat.
2407 2046 2530 2100 Non
2561 2043 2664 2099 alia
2696 2043 2911 2100 ratione
2943 2057 3069 2097 cum
3123 2054 3439 2110 peccamus,
3479 2041 3548 2092 ab

1951 2140 2142 2195 eodem
2178 2139 2481 2195 venundati
2508 2139 2782 2204 dicimur;
2815 2145 3076 2205 tanquam
3113 2133 3357 2204 peccatis
3413 2146 3546 2185 nus-

1952 2235 2055 2288 tris
2104 2231 2397 2287 dedamur.
2458 2231 2592 2287 Inde
2650 2224 2707 2286 et
2767 2245 2865 2286 cor
2908 2227 3217 2283 Pharaonis
3258 2225 3548 2279 imlurasse

1953 2325 2156 2396 legitur
2187 2324 2256 2391 ⁸³,
2284 2323 2546 2394 quoniam
2593 2322 2792 2377 leniter
2822 2321 2877 2375 in
2911 2334 3036 2376 eum
3075 2333 3134 2374 se
3182 2331 3401 2387 gerens,
3437 2330 3546 2367 non

1953 2418 2128 2487 prima
2176 2419 2363 2473 statim
2423 2417 2603 2486 ipsum
2656 2415 2816 2485 plaga
2848 2411 3112 2477 sustulit;
3147 2420 3207 2464 ut
3234 2424 3360 2463 cum
3403 2422 3548 2475 saepe

1954 2510 2126 2579 tangi,
2151 2525 2256 2564 nec
2289 2509 2625 2578 resipiscere
2657 2505 3012 2561 manifestum
3044 2512 3215 2567 esset,
3243 2509 3546 2555 extremam

1952 2599 2169 2670 plagam
2202 2615 2309 2654 non
2341 2599 2545 2668 injuria
2595 2606 2882 2653 constaret
2922 2594 3196 2667 inﬂigere.
3231 2591 3550 2648 Convertere

1953 2689 2141 2759 igitur,
2171 2706 2206 2744 o
2234 2688 2397 2754 Deus,
2428 2698 2640 2758 propter
2661 2704 2839 2742 servos
2878 2696 3039 2751 tuos;
3079 2682 3393 2754 cuiusmodi
3426 2698 3552 2737 esse

1953 2781 2172 2850 aliquos
2204 2780 2258 2834 in
2299 2779 2404 2834 hac
2436 2778 2743 2848 frequentia
2784 2795 2893 2835 non
2938 2786 3024 2833 est
3081 2777 3498 2832 dissentaneum
3536 2792 3548 2827 :

1954 2873 2038 2927 vel
2069 2881 2283 2941 propter
2308 2887 2429 2938 eos,
2457 2873 2551 2944 qui
2598 2871 2904 2927 secundum
2937 2876 3153 2925 aetatem
3198 2868 3294 2922 tibi
3334 2868 3554 2938 placue-

1955 2971 2122 3031 runt;
2154 2963 2237 3019 vel
2267 2964 2435 3019 etiam
2461 3004 2477 3030 ,
2515 2964 2645 3034 quia
2692 2962 2805 3033 jam
2855 2961 2950 3018 diu
2986 2972 3137 3017 certe
3189 2959 3553 3015 hrrredilalem

276 3067 350 3105 σοι
392 3050 774 3125 ἐπίστρεψον
834 3050 1004 3121 ἡμᾶς,
1071 3048 1159 3102 ἵνα
1207 3048 1481 3119 προφάσει
1523 3046 1636 3101 τῶν
1686 3046 1854 3114 ἀξίων

1963 3068 2108 3109 tuam
2136 3056 2324 3110 vocari
2360 3071 2462 3113 nos
2507 3056 2759 3127 contigit,
2801 3054 3055 3126 quamvis
3105 3053 3555 3122 obtemperantes

272 3141 583 3214 δυνηθῶμεν
607 3141 703 3193 καὶ
723 3142 890 3211 ἡμεῖς
911 3137 1132 3210 μικρᾶς
1191 3139 1411 3210 μερίδος
1456 3140 1641 3210 τυχεῖν
1674 3139 1734 3191 ἐν
1774 3137 1856 3208 τῷ

274 3233 667 3305 ἐπηγγελμένῳ
689 3233 793 3286 ὑπὸ
821 3231 917 3286 σοῦ
957 3234 1081 3301 ὄρει
1101 3232 1266 3303 ἁγίῳ.
1302 3231 1458 3285 Φίλον
1481 3231 1538 3285 δέ
1571 3233 1637 3302 τῇ
1663 3231 1858 3303 Γραφῇ

276 3324 406 3393 ὄρος
462 3325 641 3395 ἅγιον
672 3323 772 3396 τὴν
831 3323 1162 3394 Ἐκκλησίαν
1220 3324 1432 3389 καλεῖν,
1470 3318 1539 3396 ἦς
1587 3323 1858 3392 γεγόνασι

269 3419 466 3492 ,βραχύ
495 3437 555 3474 τι
589 3418 758 3491 μέρος
782 3419 832 3472 οἱ
865 3417 927 3483 ἐξ
993 3416 1231 3489 Ἰσραὴλ,
1280 3417 1368 3470 διὰ
1395 3417 1457 3470 τὺ
1490 3417 1862 3488 κατάλειτιμα,

275 3510 363 3564 τοῦ
389 3510 447 3577 ἐξ
473 3510 648 3565 ἐθνῶν
693 3511 924 3581 ἀπείρου
968 3508 1210 3580 πλήθους
1257 3508 1860 3573 πιστεύσαντος.Είκὸς

276 3601 331 3655 δὲ
363 3603 566 3666 αὐτοὺς
590 3604 764 3657 αἰτεῖν
814 3602 908 3655 καὶ¹
950 3604 1007 3655 ἐν
1037 3603 1104 3671 τῇ
1129 3600 1242 3655 ἄνω
1267 3600 1423 3654 πόλει
1468 3598 1642 3672 βραχύ
1682 3617 1736 3652 τι
1768 3598 1867 3669 μὲ-

281 3710 368 3763 ρος
398 3693 827 3764 κληρονομεῖν.

1967 3150 2101 3205 servi
2131 3166 2241 3205 non
2269 3152 2468 3207 simus.
2502 3151 2581 3205 Ad
2612 3152 2717 3205 hoc
2749 3156 2802 3204 et
2832 3157 3049 3219 propter
3076 3146 3243 3201 tribus
3274 3144 3558 3202 haeredita-

1968 3247 2037 3300 tis
2086 3257 2228 3311 tute;
2267 3244 2413 3316 quod
2447 3242 2648 3298 codem
2704 3229 2959 3312 spectare
2990 3238 3292 3310 putandum
3324 3246 3437 3292 est.
3464 3233 3556 3289 Vel

1970 3351 2073 3391 nos
2102 3337 2359 3406 denique,
2394 3334 2486 3405 qui
2540 3331 2638 3387 tibi
2667 3331 2852 3402 specie
2884 3338 3044 3385 lenus
3095 3329 3401 3400 piacemus,
3441 3326 3560 3393 ipse

1973 3441 2248 3493 converte;
2278 3436 2337 3483 ut
2358 3434 2413 3482 et
2434 3440 2628 3481 eorum
2661 3424 2752 3494 qui
2784 3422 2934 3494 digni
2961 3429 3110 3487 sunt,
3137 3420 3323 3475 habita
3347 3418 3564 3472 ratione

1973 3516 2225 3586 exiguam
2260 3524 2471 3585 partem
2536 3512 2729 3567 montis
2785 3527 2814 3565 a
2867 3520 2922 3566 te
2980 3509 3241 3580 promissi
3281 3504 3565 3578 possidere

1975 3608 2281 3663 valeamus.
2349 3607 2445 3662 Est
2507 3621 2640 3660 vero
2703 3604 3002 3673 Scripturze
3062 3603 3326 3658 usitatum
3389 3597 3566 3651 sancti

1979 3698 2173 3751 montis
2227 3697 2598 3767 appellatione
2638 3694 2945 3749 Ecclesiam
3004 3693 3349 3762 signiﬁcare;
3402 3689 3564 3757 cujus

278 3786 468 3857 exigua
518 3801 671 3856 pars,
703 3792 930 3856 propter
975 3782 1261 3853 reliquias,
1292 3776 1390 3852 ipsi
1439 3780 1663 3837 luerunt
1694 3781 2005 3841 Israelita:
2075 3803 2200 3842 eum
2231 3787 2497 3859 gentium,
2523 3787 2616 3858 qui
2673 3784 3054 3848 crediderunt,
3112 3783 3359 3838 infinitus
3415 3788 3567 3836 esset

282 3894 568 3934 numerus.
619 3877 716 3934 Est
749 3888 1013 3949 μετείω-ρει
1059 3892 1167 3931 nou
1204 3874 1529 3939 absurdum,
1566 3890 1683 3940 eos,
1714 3884 1774 3928 ut
1851 3876 1908 3931 in

281 3975 586 4045 postulare.

347 4067 505 4131 Τινές
537 4064 598 4118 δέ
629 4080 815 4133 φασιν,
852 4064 964 4117 τῶν
1003 4063 1348 4132 Ἀσσυρίων
1394 4063 1492 4133 τὴν
1558 4064 1660 4134 γῆν
1687 4063 1872 4118 αὐτῶν

282 4160 615 4232 ἐσχηκότων,
648 4157 1078 4211 ἁντοικισάντων
1100 4174 1160 4209 τε
1191 4157 1322 4220 τοὺς
1357 4157 1698 4222 Γοθοαίους
1731 4165 1782 4220 ν,
1820 4158 1870 4211 οἳ

284 4255 374 4308 καὶ
403 4254 749 4324 Σαμαρεῖται
770 4250 847 4321 τῷ
872 4252 1024 4321 τόπῳ
1056 4250 1594 4322 παρωνομάσθησαν,
1631 4251 1871 4323 περιλει-

285 4346 483 4417 φθῆναι
512 4346 608 4400 δύο
626 4345 799 4415 ἥμισυ
834 4343 997 4414 μόνον
1026 4341 1252 4412 φυλὰς,
1288 4344 1345 4396 αἳ
1368 4342 1573 4411 βραχύ
1606 4360 1663 4396 τι
1689 4344 1875 4411 μέρος

246 4484 254 4491 .
286 4438 560 4507 κατεῖχον.
612 4434 671 4488 '0
694 4434 984 4506 προφήτης
1014 4442 1039 4469 ι
1080 4435 1223 4486 αἰτεῖ
1273 4434 1410 4505 ὅπερ
1443 4434 1587 4502 ἐχειν
1631 4433 1873 4500 ἐδόκουν,

286 4526 467 4591 αὐτοῖς
500 4524 844 4595 φυλαχθῆναι
875 4524 1009 4594 πρὸς
1042 4525 1267 4596 μνήμην
1292 4525 1393 4594 τῆς
1445 4523 1515 4589 ἐξ
1571 4522 1766 4593 ἀρχῆς
1796 4525 1876 4589 εἰς

286 4619 346 4672 τὸ
370 4619 530 4688 γένος
555 4616 737 4671 αὐτῶν
761 4616 1075 4686 εὐμενείας,
1127 4613 1310 4690 ἧσπερ
1362 4617 1646 4688 ἀρθείσης,
1673 4617 1748 4679 ὡς
1802 4616 1878 4688 μὴ

289 4709 413 4774 λαὸς
465 4709 707 4781 ἐσόμεθα
755 4708 868 4775 σὸς,
896 4708 1033 4779 μηδὲ
1075 4709 1233 4779 μερίς
1288 4727 1383 4763 σου
1410 4709 1876 4779 χρηματίσαντες,

290 4801 456 4872 ήγουν
490 4802 573 4866 ὡς
601 4800 670 4854 τὸ
701 4799 802 4854 ἀπ’
861 4800 1083 4870 ἀρχῆς,
1136 4801 1226 4854 ὅτε
1253 4799 1353 4871 τὴν
1386 4800 1444 4852 ἐν
1469 4798 1735 4870 Αίγύπτῳ
1761 4800 1879 4853 δια-

291 4895 481 4965 τριϐὴν
525 4892 880 4964 ἐποιούμεθα,
946 4895 1006 4946 οὐ
1056 4894 1364 4965 προφήτας,
1402 4892 1502 4962 οὐχ
1557 4892 1760 4962 ἱερέας,
1821 4894 1881 4945 οὐ

296 4986 533 5055 βασιλεῖς
553 4989 874 5060 ἐσχηκότες,
918 4990 1039 5043 οὐδὲ
1098 4990 1208 5044 τῶν
1248 4989 1357 5043 σῶν
1411 4989 1771 5060 χαρισμάτων
1787 4990 1882 5042 οὺ·-

295 5076 400 5143 δὲν,
431 5080 565 5150 πρὶν
633 5082 765 5152 ἡμῖν
793 5083 1167 5153 ἀποσταλῆναι
1199 5083 1290 5135 τὸν
1340 5082 1727 5136 ΜωσέανΤότε
1775 5082 1883 5153 γὰρ

298 5171 396 5226 οὐκ
427 5171 734 5244 ἐλεγόμεθα
762 5173 867 5228 σοί.
898 5176 1010 5228 Καὶ
1039 5173 1135 5229 νῦν
1157 5175 1214 5229 δὲ
1247 5176 1328 5238 είς
1386 5175 1450 5228 τὸ
1508 5175 1641 5231 αὐτὸ
1693 5174 1883 5247 περιέ-

303 5280 504 5336 στημεν
532 5267 709 5333 τέλος,
735 5267 839 5321 ὑπὸ
880 5268 1047 5334 πόδας
1070 5267 1327 5330 πεσόντες
1356 5267 1482 5330 τοὺς
1523 5246 1882 5332 διαϐολῖκοὺς,

304 5358 392 5411 καὶ
421 5363 716 5430 κοσμικαῖς
778 5361 1092 5426 ἐκδοθέντες
1140 5359 1477 5430 ἐπιθυμίαις.
1540 5359 1754 5423 Ταύτας
1780 5359 1887 5431 γὰρ

371 5535 417 5567 ’³
453 5534 626 5591 Exod.
662 5554 734 5603 tv,
764 5538 854 5592 2i.

377 5731 400 5759 υ
429 5724 485 5776 .1.
523 5725 867 5797 ἐπίστρμζον.
924 5734 945 5759 τ
977 5743 1064 5794 γρ.
1098 5723 1415 5787 Χουθαίους.
1497 5737 1524 5766 ι
1556 5725 1700 5778 ,ίείπε
1747 5720 1859 5779 οὖν.

1981 3893 2222 3950 superna
2277 3880 2503 3936 civitate
2560 3878 2887 3951 particulam
2937 3878 3175 3951 aliqgnn
3230 3870 3562 3946 possideant,

2052 4065 2240 4122 Placet
2266 4082 2485 4137 quoque
2512 4067 2819 4132 nonnullis,
2854 4082 2976 4121 cum
3013 4081 3200 4121 corum
3236 4074 3435 4121 terram
3461 4067 3566 4122 As-

1978 4160 2113 4231 syrii
2150 4169 2541 4230 occupassent,
2572 4161 2954 4230 Chuthwisque
2993 4158 3109 4229 (qui
3144 4160 3308 4213 etiam
3357 4159 3425 4213 de
3462 4159 3569 4213 loci

1976 4250 2205 4308 nomine
2250 4252 2584 4308 Samaritani
2646 4252 2948 4323 nuncupati
3016 4250 3169 4321 sunt)
3215 4252 3568 4306 habitandam

1980 4343 2300 4411 dedissent;
2337 4345 2479 4400 duas
2515 4351 2732 4399 tantum
2782 4342 2953 4397 tribus
2983 4352 3039 4398 et
3086 4343 3371 4398 dimidiam
3403 4343 3570 4397 relic-

1980 4443 2066 4492 tas
2102 4436 2297 4505 fuisse,
2334 4452 2457 4508 quae
2489 4436 2758 4492 modicam
2802 4437 2925 4505 ejus
2968 4445 3174 4504 partem
3211 4445 3569 4506 occuparent.

1984 4530 2233 4599 Postulat
2264 4530 2436 4601 igitur
2460 4531 2750 4601 propheta,
2788 4537 2846 4584 ut
2893 4544 3060 4600 quam
3106 4529 3208 4599 ipsi
3248 4528 3448 4584 habere
3488 4530 3574 4582 vi-

1985 4623 2204 4687 dentur,
2238 4637 2300 4676 ea
2335 4622 2495 4692 ipsis,
2539 4622 2594 4675 in
2627 4621 2749 4691 ejus
2797 4620 3197 4676 benevolentiae
3231 4618 3575 4676 recordatio-

1987 4731 2136 4783 nem,
2172 4730 2276 4786 qua
2317 4715 2383 4768 ab
2415 4715 2570 4768 initio
2600 4714 2755 4785 73]
2791 4729 2966 4784 genus
3009 4728 3201 4768 eorum
3246 4720 3575 4783 prosecutus

1986 4818 2092 4876 est,
2125 4815 2406 4875 servetur;
2438 4823 2582 4877 quae,
2626 4807 2672 4861 si
2716 4806 2962 4871 tollatur,
3003 4814 3264 4876 tanquam
3314 4820 3425 4860 non
3479 4803 3574 4859 Dei

1993 4902 2252 4971 populus,
2286 4914 2388 4954 nec
2417 4915 2546 4970 pars
2583 4898 2728 4970 ejus,
2791 4897 2961 4953 futuri
3006 4912 3223 4952 sumus.
3283 4896 3394 4951 Aut
3426 4906 3577 4951 certe

1991 4989 2130 5045 velut
2171 4990 2236 5043 ab
2284 4988 2473 5054 initio,
2506 5003 2629 5044 cum
2679 4989 2733 5042 in
2785 4986 3027 5059 Egypto
3058 5002 3428 5051 moraremur,
3465 5001 3575 5041 non

1993 5083 2310 5153 prophetas,
2346 5096 2458 5135 non
2490 5080 2837 5146 sacerdotes,
2881 5096 2991 5135 non
3046 5094 3206 5149 reges
3244 5079 3511 5133 habentes
3558 5094 3571 5130 :

1990 5174 2103 5227 into
2166 5187 2267 5228 ncc
2327 5172 2396 5227 dc
2448 5171 2559 5227 tuis
2630 5171 2795 5226 donis
2851 5179 2906 5226 et
2965 5169 3291 5224 muneribus
3326 5167 3573 5237 aliquod,

1990 5268 2315 5337 priusquam
2366 5267 2432 5319 ad
2489 5280 2588 5319 nos
2648 5263 2889 5336 Moysem
2932 5265 3206 5321 mitteres.
3247 5262 3386 5316 Tum
3424 5261 3573 5316 enim

1991 5356 2071 5410 tui
2112 5371 2221 5409 non
2251 5355 2593 5410 dit-chainnr.
2633 5352 2696 5406 Et
2732 5369 2878 5408 nunc
2903 5354 3070 5409 etiam
3104 5354 3159 5409 in
3192 5352 3335 5408 idem
3359 5349 3577 5406 tandem

1615 5624 1851 5679 VAIHA’I
1895 5625 2303 5685 Li‘Xi'l’IONES.
