  <div class='ocr_page' id='page_1' title='image "/cluster/home/n/w/nwhite01/storage/ocr_20150623/87:pt.2/coo.31924054869908/584.png"; bbox 0 0 3978 6436; ppageno 0'>
   <div class='ocr_carea' id='block_1_1' title="bbox 232 292 353 359">
    <p class='ocr_par' dir='ltr' id='par_1_1' title="bbox 232 292 353 359">
     <span class='ocr_line' id='line_1_1' title="bbox 232 292 353 359; baseline -0.05 0"><span class='ocrx_word' id='word_1_1' title='bbox 232 292 353 359; x_wconf 71' lang='lat' dir='ltr'><strong>268i</strong></span> 
     </span>
    </p>
   </div>
   <div class='ocr_carea' id='block_1_2' title="bbox 1341 283 2342 351">
    <p class='ocr_par' dir='ltr' id='par_1_2' title="bbox 1341 283 2342 351">
     <span class='ocr_line' id='line_1_2' title="bbox 1341 283 2342 351; baseline -0.001 -3"><span class='ocrx_word' id='word_1_2' title='bbox 1341 285 1881 351; x_wconf 72' lang='lat' dir='ltr'><strong>COMMENTARH</strong></span> <span class='ocrx_word' id='word_1_3' title='bbox 1929 283 2007 344; x_wconf 81' lang='lat' dir='ltr'><strong>IN</strong></span> <span class='ocrx_word' id='word_1_4' title='bbox 2052 284 2342 347; x_wconf 83' lang='lat' dir='ltr'><strong>ISAIAM.</strong></span> 
     </span>
    </p>
   </div>
   <div class='ocr_carea' id='block_1_3' title="bbox 3342 288 3490 352">
    <p class='ocr_par' dir='ltr' id='par_1_3' title="bbox 3342 288 3490 352">
     <span class='ocr_line' id='line_1_3' title="bbox 3342 288 3490 352; baseline 0.007 -1"><span class='ocrx_word' id='word_1_5' title='bbox 3342 288 3490 352; x_wconf 76' lang='lat'><strong>2682</strong></span> 
     </span>
    </p>
   </div>
   <div class='ocr_carea' id='block_1_4' title="bbox 279 384 1781 472">
    <p class='ocr_par' dir='ltr' id='par_1_4' title="bbox 279 395 1781 472">
     <span class='ocr_line' id='line_1_4' title="bbox 279 395 1781 472; baseline -0.004 -18"><span class='ocrx_word' id='word_1_6' title='bbox 279 405 363 472; x_wconf 78' lang='grc' dir='ltr'><strong>ξαν</strong></span> <span class='ocrx_word' id='word_1_7' title='bbox 408 395 624 469; x_wconf 81' lang='grc' dir='ltr'>Κυρίου.</span> <span class='ocrx_word' id='word_1_8' title='bbox 661 395 785 459; x_wconf 80' lang='grc' dir='ltr'>Τοῖς</span> <span class='ocrx_word' id='word_1_9' title='bbox 833 396 892 450; x_wconf 75' lang='grc' dir='ltr'><strong>δὲ</strong></span> <span class='ocrx_word' id='word_1_10' title='bbox 939 397 1314 465; x_wconf 69' lang='grc' dir='ltr'>ὑπομένουσί</span> <span class='ocrx_word' id='word_1_11' title='bbox 1351 415 1446 459; x_wconf 85' lang='grc' dir='ltr'><strong>σε,</strong></span> <span class='ocrx_word' id='word_1_12' title='bbox 1499 397 1646 450; x_wconf 77' lang='grc' dir='ltr'>τοῦτ’</span> <span class='ocrx_word' id='word_1_13' title='bbox 1669 397 1781 449; x_wconf 74' lang='grc' dir='ltr'>ἐστι</span> 
     </span>
    </p>
   </div>
   <div class='ocr_carea' id='block_1_5' title="bbox 1888 384 3484 472">
    <p class='ocr_par' dir='ltr' id='par_1_5' title="bbox 1888 384 3484 467">
     <span class='ocr_line' id='line_1_5' title="bbox 1888 384 3484 467; baseline 0.004 -17"><span class='ocrx_word' id='word_1_14' title='bbox 1888 409 2046 450; x_wconf 84' lang='lat' dir='ltr'><strong>cnam</strong></span> <span class='ocrx_word' id='word_1_15' title='bbox 2080 395 2339 450; x_wconf 84' lang='lat' dir='ltr'><strong>omnibus</strong></span> <span class='ocrx_word' id='word_1_16' title='bbox 2388 384 2613 465; x_wconf 67' lang='lat' dir='ltr'><strong>gloriari:</strong></span> <span class='ocrx_word' id='word_1_17' title='bbox 2667 398 2945 467; x_wconf 77' lang='lat' dir='ltr'><strong>apparuit,</strong></span> <span class='ocrx_word' id='word_1_18' title='bbox 2987 398 3222 454; x_wconf 84' lang='lat' dir='ltr'><strong>obscure</strong></span> <span class='ocrx_word' id='word_1_19' title='bbox 3266 398 3484 456; x_wconf 90' lang='lat' dir='ltr'><strong>innuit:</strong></span> 
     </span>
    </p>
   </div>
   <div class='ocr_carea' id='block_1_6' title="bbox 227 487 1786 558">
    <p class='ocr_par' dir='ltr' id='par_1_6' title="bbox 227 487 1786 558">
     <span class='ocr_line' id='line_1_6' title="bbox 227 487 1786 558; baseline -0.005 -7"><span class='ocrx_word' id='word_1_20' title='bbox 227 499 327 558; x_wconf 83' lang='grc' dir='ltr'>τοῖς</span> <span class='ocrx_word' id='word_1_21' title='bbox 371 490 672 552; x_wconf 73' lang='grc' dir='ltr'>ἐλπίζουσιν</span> <span class='ocrx_word' id='word_1_22' title='bbox 728 489 823 541; x_wconf 73' lang='grc' dir='ltr'>ἐπὶ</span> <span class='ocrx_word' id='word_1_23' title='bbox 870 489 961 552; x_wconf 84' lang='grc' dir='ltr'>σὲ,</span> <span class='ocrx_word' id='word_1_24' title='bbox 1007 487 1381 557; x_wconf 60' lang='grc' dir='ltr'>ἐπιδαψιλεύει</span> <span class='ocrx_word' id='word_1_25' title='bbox 1439 490 1530 543; x_wconf 80' lang='grc' dir='ltr'><strong>τὸν</strong></span> <span class='ocrx_word' id='word_1_26' title='bbox 1588 490 1786 543; x_wconf 69' lang='grc' dir='ltr'>ἐνιεοιο.</span> 
     </span>
    </p>
   </div>
   <div class='ocr_carea' id='block_1_7' title="bbox 233 580 1789 657">
    <p class='ocr_par' dir='ltr' id='par_1_7' title="bbox 233 580 1789 657">
     <span class='ocr_line' id='line_1_7' title="bbox 233 580 1789 657; baseline -0.004 -15"><span class='ocrx_word' id='word_1_27' title='bbox 233 587 438 657; x_wconf 76' lang='grc' dir='ltr'>Ἔψεται</span> <span class='ocrx_word' id='word_1_28' title='bbox 472 583 574 651; x_wconf 77' lang='grc' dir='ltr'>γὰρ</span> <span class='ocrx_word' id='word_1_29' title='bbox 602 582 816 644; x_wconf 80' lang='grc' dir='ltr'>πάντως</span> <span class='ocrx_word' id='word_1_30' title='bbox 851 581 975 646; x_wconf 78' lang='grc' dir='ltr'>τοῖς</span> <span class='ocrx_word' id='word_1_31' title='bbox 1016 580 1126 648; x_wconf 80' lang='grc' dir='ltr'>τῆς</span> <span class='ocrx_word' id='word_1_32' title='bbox 1174 582 1571 649; x_wconf 76' lang='grc' dir='ltr'><strong>δικαιοσύνης</strong></span> <span class='ocrx_word' id='word_1_33' title='bbox 1618 581 1789 652; x_wconf 64' lang='grc' dir='ltr'><strong>ἐργά-</strong></span> 
     </span>
    </p>
   </div>
   <div class='ocr_carea' id='block_1_8' title="bbox 228 672 1790 748">
    <p class='ocr_par' dir='ltr' id='par_1_8' title="bbox 228 672 1790 748">
     <span class='ocr_line' id='line_1_8' title="bbox 228 672 1790 748; baseline -0.007 -13"><span class='ocrx_word' id='word_1_34' title='bbox 228 698 353 743; x_wconf 82' lang='grc' dir='ltr'>ταις.</span> <span class='ocrx_word' id='word_1_35' title='bbox 374 674 576 738; x_wconf 82' lang='grc' dir='ltr'><strong>Ὁδοὺς</strong></span> <span class='ocrx_word' id='word_1_36' title='bbox 601 672 708 743; x_wconf 77' lang='grc' dir='ltr'><strong>γὰρ</strong></span> <span class='ocrx_word' id='word_1_37' title='bbox 741 674 964 739; x_wconf 78' lang='grc' dir='ltr'><strong>Κυρίου</strong></span> <span class='ocrx_word' id='word_1_38' title='bbox 1006 672 1155 741; x_wconf 76' lang='grc' dir='ltr'>λέγει</span> <span class='ocrx_word' id='word_1_39' title='bbox 1200 676 1297 748; x_wconf 71' lang='grc' dir='ltr'>τὰς</span> <span class='ocrx_word' id='word_1_40' title='bbox 1332 674 1571 740; x_wconf 78' lang='grc' dir='ltr'>ἐντολὰς,</span> <span class='ocrx_word' id='word_1_41' title='bbox 1600 674 1790 744; x_wconf 80' lang='grc' dir='ltr'>ὥσπερ</span> 
     </span>
    </p>
   </div>
   <div class='ocr_carea' id='block_1_9' title="bbox 228 766 1785 837">
    <p class='ocr_par' dir='ltr' id='par_1_9' title="bbox 228 766 1785 837">
     <span class='ocr_line' id='line_1_9' title="bbox 228 766 1785 837; baseline -0.003 -14"><span class='ocrx_word' id='word_1_42' title='bbox 228 768 309 827; x_wconf 68' lang='grc' dir='ltr'><strong>οὖν</strong></span> <span class='ocrx_word' id='word_1_43' title='bbox 355 770 381 823; x_wconf 88' lang='grc' dir='ltr'><strong>ό</strong></span> <span class='ocrx_word' id='word_1_44' title='bbox 426 766 619 819; x_wconf 76' lang='grc' dir='ltr'>Δαϐίδο</span> <span class='ocrx_word' id='word_1_45' title='bbox 665 766 751 818; x_wconf 84' lang='grc' dir='ltr'>Ἐν</span> <span class='ocrx_word' id='word_1_46' title='bbox 780 769 847 836; x_wconf 80' lang='grc' dir='ltr'>τῇ</span> <span class='ocrx_word' id='word_1_47' title='bbox 881 767 983 836; x_wconf 78' lang='grc' dir='ltr'><strong>ὀδῷ</strong></span> <span class='ocrx_word' id='word_1_48' title='bbox 1020 784 1113 819; x_wconf 87' lang='grc' dir='ltr'><strong>σου</strong></span> <span class='ocrx_word' id='word_1_49' title='bbox 1147 766 1407 837; x_wconf 76' lang='grc' dir='ltr'><strong>ζήσομαι,</strong></span> <span class='ocrx_word' id='word_1_50' title='bbox 1443 767 1539 820; x_wconf 76' lang='grc' dir='ltr'><strong>καὶ</strong></span> <span class='ocrx_word' id='word_1_51' title='bbox 1581 766 1743 820; x_wconf 80' lang='grc' dir='ltr'>πάλιν</span> <span class='ocrx_word' id='word_1_52' title='bbox 1772 783 1785 798; x_wconf 85' lang='grc'><strong>·</strong></span> 
     </span>
    </p>
   </div>
   <div class='ocr_carea' id='block_1_10' title="bbox 237 858 1789 928">
    <p class='ocr_par' dir='ltr' id='par_1_10' title="bbox 237 858 1789 928">
     <span class='ocr_line' id='line_1_10' title="bbox 237 858 1789 928; baseline -0.005 -10"><span class='ocrx_word' id='word_1_53' title='bbox 237 864 368 918; x_wconf 84' lang='grc' dir='ltr'>Ὀδὸν</span> <span class='ocrx_word' id='word_1_54' title='bbox 407 858 633 912; x_wconf 76' lang='grc' dir='ltr'><strong>ἐντολῶν</strong></span> <span class='ocrx_word' id='word_1_55' title='bbox 677 876 772 912; x_wconf 86' lang='grc' dir='ltr'><strong>σου</strong></span> <span class='ocrx_word' id='word_1_56' title='bbox 815 859 1087 928; x_wconf 78' lang='grc' dir='ltr'>ἔδραμον,</span> <span class='ocrx_word' id='word_1_57' title='bbox 1117 858 1195 913; x_wconf 76' lang='grc' dir='ltr'><strong>ὅτ’</strong></span> <span class='ocrx_word' id='word_1_58' title='bbox 1221 859 1286 913; x_wconf 83' lang='grc' dir='ltr'>ἂν</span> <span class='ocrx_word' id='word_1_59' title='bbox 1338 861 1645 921; x_wconf 75' lang='grc' dir='ltr'>ὲπλάτυνας</span> <span class='ocrx_word' id='word_1_60' title='bbox 1689 858 1789 928; x_wconf 83' lang='grc' dir='ltr'>τὴν</span> 
     </span>
    </p>
   </div>
   <div class='ocr_carea' id='block_1_11' title="bbox 225 951 1786 1026">
    <p class='ocr_par' dir='ltr' id='par_1_11' title="bbox 225 951 1786 1026">
     <span class='ocr_line' id='line_1_11' title="bbox 225 951 1786 1026; baseline -0.003 -17"><span class='ocrx_word' id='word_1_61' title='bbox 225 955 431 1026; x_wconf 68' lang='grc' dir='ltr'>καρδίαν</span> <span class='ocrx_word' id='word_1_62' title='bbox 482 951 820 1022; x_wconf 79' lang='grc' dir='ltr'>μου.’1στέον</span> <span class='ocrx_word' id='word_1_63' title='bbox 868 952 926 1004; x_wconf 85' lang='grc' dir='ltr'><strong>δὲ</strong></span> <span class='ocrx_word' id='word_1_64' title='bbox 974 952 1050 1015; x_wconf 83' lang='grc' dir='ltr'>ὡς</span> <span class='ocrx_word' id='word_1_65' title='bbox 1100 953 1194 1018; x_wconf 84' lang='grc' dir='ltr'><strong>τὸ,</strong></span> <span class='ocrx_word' id='word_1_66' title='bbox 1241 955 1364 1007; x_wconf 73' lang='grc' dir='ltr'><strong>Οὐκ</strong></span> <span class='ocrx_word' id='word_1_67' title='bbox 1408 954 1786 1022; x_wconf 72' lang='grc' dir='ltr'>ἠκούσαμεν,</span> 
     </span>
    </p>
   </div>
   <div class='ocr_carea' id='block_1_12' title="bbox 222 1040 1788 1114">
    <p class='ocr_par' dir='ltr' id='par_1_12' title="bbox 222 1040 1788 1114">
     <span class='ocr_line' id='line_1_12' title="bbox 222 1040 1788 1114; baseline -0.004 -11"><span class='ocrx_word' id='word_1_68' title='bbox 222 1046 349 1104; x_wconf 78' lang='grc' dir='ltr'>οὐδὲ</span> <span class='ocrx_word' id='word_1_69' title='bbox 386 1047 439 1098; x_wconf 83' lang='grc' dir='ltr'>οἱ</span> <span class='ocrx_word' id='word_1_70' title='bbox 485 1042 776 1112; x_wconf 62' lang='grc' dir='ltr'>ὀφθαλμοί</span> <span class='ocrx_word' id='word_1_71' title='bbox 821 1041 995 1112; x_wconf 78' lang='grc' dir='ltr'><strong>ἡμῶν</strong></span> <span class='ocrx_word' id='word_1_72' title='bbox 1027 1040 1212 1106; x_wconf 74' lang='grc' dir='ltr'>εἶδον,</span> <span class='ocrx_word' id='word_1_73' title='bbox 1249 1044 1463 1114; x_wconf 78' lang='grc' dir='ltr'>εἴρηται</span> <span class='ocrx_word' id='word_1_74' title='bbox 1496 1046 1594 1114; x_wconf 69' lang='grc' dir='ltr'>μὲν</span> <span class='ocrx_word' id='word_1_75' title='bbox 1621 1046 1699 1106; x_wconf 76' lang='grc' dir='ltr'><strong>είς</strong></span> <span class='ocrx_word' id='word_1_76' title='bbox 1728 1045 1788 1097; x_wconf 86' lang='grc' dir='ltr'><strong>τὸ</strong></span> 
     </span>
    </p>
   </div>
   <div class='ocr_carea' id='block_1_13' title="bbox 221 1132 1789 1205">
    <p class='ocr_par' dir='ltr' id='par_1_13' title="bbox 221 1132 1789 1205">
     <span class='ocr_line' id='line_1_13' title="bbox 221 1132 1789 1205; baseline -0.002 -16"><span class='ocrx_word' id='word_1_77' title='bbox 221 1138 306 1205; x_wconf 77' lang='grc' dir='ltr'>τῆς</span> <span class='ocrx_word' id='word_1_78' title='bbox 345 1133 489 1196; x_wconf 77' lang='grc' dir='ltr'>θείας</span> <span class='ocrx_word' id='word_1_79' title='bbox 521 1132 803 1205; x_wconf 73' lang='grc' dir='ltr'>δυνάμεως</span> <span class='ocrx_word' id='word_1_80' title='bbox 834 1134 1245 1204; x_wconf 72' lang='grc' dir='ltr'>ἀπαράὸλητον.</span> <span class='ocrx_word' id='word_1_81' title='bbox 1266 1134 1325 1187; x_wconf 82' lang='grc' dir='ltr'><strong>Ὀ</strong></span> <span class='ocrx_word' id='word_1_82' title='bbox 1348 1134 1407 1187; x_wconf 75' lang='grc' dir='ltr'>δὲ</span> <span class='ocrx_word' id='word_1_83' title='bbox 1440 1133 1650 1198; x_wconf 78' lang='grc' dir='ltr'>Παῦλος</span> <span class='ocrx_word' id='word_1_84' title='bbox 1684 1152 1789 1204; x_wconf 79' lang='grc' dir='ltr'><strong>μη-</strong></span> 
     </span>
    </p>
   </div>
   <div class='ocr_carea' id='block_1_14' title="bbox 220 1224 1788 1294">
    <p class='ocr_par' dir='ltr' id='par_1_14' title="bbox 220 1224 1788 1294">
     <span class='ocr_line' id='line_1_14' title="bbox 220 1224 1788 1294; baseline -0.003 -12"><span class='ocrx_word' id='word_1_85' title='bbox 220 1230 296 1282; x_wconf 79' lang='grc' dir='ltr'>δὲν</span> <span class='ocrx_word' id='word_1_86' title='bbox 322 1224 490 1294; x_wconf 79' lang='grc' dir='ltr'>τούτῳ</span> <span class='ocrx_word' id='word_1_87' title='bbox 533 1224 951 1294; x_wconf 63' lang='grc' dir='ltr'><strong>λυμαινόμενος,</strong></span> <span class='ocrx_word' id='word_1_88' title='bbox 997 1226 1078 1286; x_wconf 83' lang='grc' dir='ltr'><strong>είς</strong></span> <span class='ocrx_word' id='word_1_89' title='bbox 1126 1225 1196 1279; x_wconf 76' lang='grc' dir='ltr'>τὰ</span> <span class='ocrx_word' id='word_1_90' title='bbox 1240 1226 1649 1293; x_wconf 77' lang='grc' dir='ltr'>ἐπαγγελϐἑντα</span> <span class='ocrx_word' id='word_1_91' title='bbox 1676 1230 1788 1289; x_wconf 80' lang='grc' dir='ltr'>τοῖς</span> 
     </span>
    </p>
   </div>
   <div class='ocr_carea' id='block_1_15' title="bbox 221 1310 1788 1392">
    <p class='ocr_par' dir='ltr' id='par_1_15' title="bbox 221 1310 1788 1392">
     <span class='ocr_line' id='line_1_15' title="bbox 221 1310 1788 1392; baseline -0.001 -15"><span class='ocrx_word' id='word_1_92' title='bbox 221 1320 453 1388; x_wconf 72' lang='grc' dir='ltr'>ἀγαπῶσι</span> <span class='ocrx_word' id='word_1_93' title='bbox 484 1321 574 1373; x_wconf 89' lang='grc' dir='ltr'><strong>τὸν</strong></span> <span class='ocrx_word' id='word_1_94' title='bbox 602 1320 735 1373; x_wconf 79' lang='grc' dir='ltr'>Θεὸν</span> <span class='ocrx_word' id='word_1_95' title='bbox 765 1320 1048 1392; x_wconf 76' lang='grc' dir='ltr'>ἑξείληιρεν</span> <span class='ocrx_word' id='word_1_96' title='bbox 1085 1322 1287 1387; x_wconf 74' lang='grc' dir='ltr'>ἀγαθὰ,</span> <span class='ocrx_word' id='word_1_97' title='bbox 1316 1320 1352 1374; x_wconf 80' lang='grc' dir='ltr'>ἃ</span> <span class='ocrx_word' id='word_1_98' title='bbox 1375 1320 1654 1390; x_wconf 68' lang='grc' dir='ltr'>ὀφθαλμὸς</span> <span class='ocrx_word' id='word_1_99' title='bbox 1687 1310 1788 1375; x_wconf 71' lang='grc' dir='ltr'><strong>οὐκ</strong></span> 
     </span>
    </p>
   </div>
   <div class='ocr_carea' id='block_1_16' title="bbox 219 1404 1784 1480">
    <p class='ocr_par' dir='ltr' id='par_1_16' title="bbox 219 1404 1784 1480">
     <span class='ocr_line' id='line_1_16' title="bbox 219 1404 1784 1480; baseline -0.001 -17"><span class='ocrx_word' id='word_1_100' title='bbox 219 1410 360 1471; x_wconf 75' lang='grc' dir='ltr'>εἶδεν,</span> <span class='ocrx_word' id='word_1_101' title='bbox 392 1409 481 1462; x_wconf 79' lang='grc' dir='ltr'><strong>καὶ</strong></span> <span class='ocrx_word' id='word_1_102' title='bbox 522 1404 615 1473; x_wconf 78' lang='grc' dir='ltr'><strong>οὖς</strong></span> <span class='ocrx_word' id='word_1_103' title='bbox 661 1409 762 1462; x_wconf 73' lang='grc' dir='ltr'><strong>οὐκ</strong></span> <span class='ocrx_word' id='word_1_104' title='bbox 808 1410 1063 1480; x_wconf 74' lang='grc' dir='ltr'>ἦκουσεν.</span> <span class='ocrx_word' id='word_1_105' title='bbox 1099 1408 1265 1463; x_wconf 75' lang='grc' dir='ltr'>Οὐδὲν</span> <span class='ocrx_word' id='word_1_106' title='bbox 1298 1409 1408 1480; x_wconf 76' lang='grc' dir='ltr'><strong>γὰρ</strong></span> <span class='ocrx_word' id='word_1_107' title='bbox 1438 1409 1677 1461; x_wconf 70' lang='grc' dir='ltr'>τοιοῦτον</span> <span class='ocrx_word' id='word_1_108' title='bbox 1723 1410 1784 1461; x_wconf 82' lang='grc' dir='ltr'><strong>οὐ</strong></span> 
     </span>
    </p>
   </div>
   <div class='ocr_carea' id='block_1_17' title="bbox 218 1497 1784 1569">
    <p class='ocr_par' dir='ltr' id='par_1_17' title="bbox 218 1497 1784 1569">
     <span class='ocr_line' id='line_1_17' title="bbox 218 1497 1784 1569; baseline -0.003 -15"><span class='ocrx_word' id='word_1_109' title='bbox 218 1499 406 1562; x_wconf 77' lang='grc' dir='ltr'>θεατὸν,</span> <span class='ocrx_word' id='word_1_110' title='bbox 432 1497 556 1551; x_wconf 73' lang='grc' dir='ltr'>οὔτε</span> <span class='ocrx_word' id='word_1_111' title='bbox 603 1499 710 1569; x_wconf 75' lang='grc' dir='ltr'><strong>μὴν</strong></span> <span class='ocrx_word' id='word_1_112' title='bbox 759 1500 1044 1557; x_wconf 70' lang='grc' dir='ltr'>ἀκουστὸν.</span> <span class='ocrx_word' id='word_1_113' title='bbox 1081 1498 1189 1551; x_wconf 73' lang='grc' dir='ltr'>Καὶ</span> <span class='ocrx_word' id='word_1_114' title='bbox 1220 1497 1455 1568; x_wconf 75' lang='grc' dir='ltr'><strong>ἀλλαχοῦ</strong></span> <span class='ocrx_word' id='word_1_115' title='bbox 1492 1498 1547 1552; x_wconf 87' lang='grc' dir='ltr'><em>δέ</em></span> <span class='ocrx_word' id='word_1_116' title='bbox 1580 1515 1743 1568; x_wconf 77' lang='grc' dir='ltr'>φησιν</span> <span class='ocrx_word' id='word_1_117' title='bbox 1772 1516 1784 1530; x_wconf 88' lang='grc'><strong>·</strong></span> 
     </span>
    </p>
   </div>
   <div class='ocr_carea' id='block_1_18' title="bbox 226 1574 1782 1660">
    <p class='ocr_par' dir='ltr' id='par_1_18' title="bbox 226 1574 1782 1660">
     <span class='ocr_line' id='line_1_18' title="bbox 226 1574 1782 1660; baseline 0.001 -20"><span class='ocrx_word' id='word_1_118' title='bbox 226 1590 421 1658; x_wconf 52' lang='lat' dir='ltr'><strong>“potri;</strong></span> <span class='ocrx_word' id='word_1_119' title='bbox 442 1588 547 1648; x_wconf 74' lang='grc' dir='ltr'><strong>ἕως</strong></span> <span class='ocrx_word' id='word_1_120' title='bbox 577 1590 765 1659; x_wconf 83' lang='grc' dir='ltr'>τρίτου</span> <span class='ocrx_word' id='word_1_121' title='bbox 790 1588 1023 1659; x_wconf 73' lang='grc' dir='ltr'>οὐρανοῦ</span> <span class='ocrx_word' id='word_1_122' title='bbox 1057 1589 1263 1660; x_wconf 70' lang='grc' dir='ltr'>ἤκουσα</span> <span class='ocrx_word' id='word_1_123' title='bbox 1290 1589 1507 1660; x_wconf 67' lang='grc' dir='ltr'>ἄρρητα</span> <span class='ocrx_word' id='word_1_124' title='bbox 1538 1574 1782 1660; x_wconf 74' lang='grc' dir='ltr'>ῥήματα,</span> 
     </span>
    </p>
   </div>
   <div class='ocr_carea' id='block_1_19' title="bbox 215 1679 1782 1754">
    <p class='ocr_par' dir='ltr' id='par_1_19' title="bbox 215 1679 1782 1754">
     <span class='ocr_line' id='line_1_19' title="bbox 215 1679 1782 1754; baseline -0.001 -17"><span class='ocrx_word' id='word_1_125' title='bbox 215 1682 244 1737; x_wconf 80' lang='grc' dir='ltr'><strong>ἃ</strong></span> <span class='ocrx_word' id='word_1_126' title='bbox 273 1682 365 1734; x_wconf 82' lang='grc' dir='ltr'><strong>οὐκ</strong></span> <span class='ocrx_word' id='word_1_127' title='bbox 388 1680 506 1745; x_wconf 72' lang='grc' dir='ltr'>ἐξὸν</span> <span class='ocrx_word' id='word_1_128' title='bbox 534 1679 809 1751; x_wconf 81' lang='grc' dir='ltr'><strong>ἀνθρώπῳ</strong></span> <span class='ocrx_word' id='word_1_129' title='bbox 846 1680 1099 1749; x_wconf 68' lang='grc' dir='ltr'>λαλῆσαν</span> <span class='ocrx_word' id='word_1_130' title='bbox 1133 1681 1232 1751; x_wconf 79' lang='grc' dir='ltr'>οὐχ</span> <span class='ocrx_word' id='word_1_131' title='bbox 1274 1682 1347 1743; x_wconf 80' lang='grc' dir='ltr'>ὡς</span> <span class='ocrx_word' id='word_1_132' title='bbox 1392 1681 1671 1744; x_wconf 70' lang='grc' dir='ltr'>ἐπαλθεὶς</span> <span class='ocrx_word' id='word_1_133' title='bbox 1709 1684 1782 1754; x_wconf 82' lang='grc' dir='ltr'>μὴ</span> 
     </span>
    </p>
   </div>
   <div class='ocr_carea' id='block_1_20' title="bbox 1893 487 3485 561">
    <p class='ocr_par' dir='ltr' id='par_1_20' title="bbox 1893 487 3485 561">
     <span class='ocr_line' id='line_1_20' title="bbox 1893 487 3485 561; baseline 0.003 -19"><span class='ocrx_word' id='word_1_134' title='bbox 1893 504 2016 542; x_wconf 87' lang='lat' dir='ltr'><strong>cum</strong></span> <span class='ocrx_word' id='word_1_135' title='bbox 2050 487 2351 557; x_wconf 72' lang='lat' dir='ltr'><strong>Scriptum</strong></span> <span class='ocrx_word' id='word_1_136' title='bbox 2382 489 2701 543; x_wconf 87' lang='lat' dir='ltr'><strong>testimonio</strong></span> <span class='ocrx_word' id='word_1_137' title='bbox 2730 492 2990 561; x_wconf 88' lang='lat' dir='ltr'><strong>populum</strong></span> <span class='ocrx_word' id='word_1_138' title='bbox 3023 506 3239 546; x_wconf 86' lang='lat' dir='ltr'><strong>omnem</strong></span> <span class='ocrx_word' id='word_1_139' title='bbox 3270 491 3485 547; x_wconf 80' lang='lat' dir='ltr'><strong>Domini</strong></span> 
     </span>
    </p>
   </div>
   <div class='ocr_carea' id='block_1_21' title="bbox 1892 578 3489 648">
    <p class='ocr_par' dir='ltr' id='par_1_21' title="bbox 1892 578 3489 648">
     <span class='ocr_line' id='line_1_21' title="bbox 1892 578 3489 648; baseline 0.004 -17"><span class='ocrx_word' id='word_1_140' title='bbox 1892 579 2122 648; x_wconf 75' lang='lat' dir='ltr'><strong>gloriam</strong></span> <span class='ocrx_word' id='word_1_141' title='bbox 2169 578 2426 633; x_wconf 88' lang='lat' dir='ltr'><strong>intuitum</strong></span> <span class='ocrx_word' id='word_1_142' title='bbox 2477 594 2605 634; x_wconf 88' lang='lat' dir='ltr'><strong>esse</strong></span> <span class='ocrx_word' id='word_1_143' title='bbox 2649 578 3014 635; x_wconf 70' lang='lat' dir='ltr'><strong>didicerimus</strong></span> <span class='ocrx_word' id='word_1_144' title='bbox 3033 581 3100 637; x_wconf 73' lang='grc'><strong>’⁸.</strong></span> <span class='ocrx_word' id='word_1_145' title='bbox 3149 580 3306 647; x_wconf 83' lang='lat' dir='ltr'><strong>Quod</strong></span> <span class='ocrx_word' id='word_1_146' title='bbox 3358 599 3489 638; x_wconf 85' lang='lat' dir='ltr'><strong>vero</strong></span> 
     </span>
    </p>
   </div>
   <div class='ocr_carea' id='block_1_22' title="bbox 1891 669 3490 741">
    <p class='ocr_par' dir='ltr' id='par_1_22' title="bbox 1891 669 3490 741">
     <span class='ocr_line' id='line_1_22' title="bbox 1891 669 3490 741; baseline 0.003 -19"><span class='ocrx_word' id='word_1_147' title='bbox 1891 669 2317 739; x_wconf 74' lang='lat' dir='ltr'><strong>exspectantibus</strong></span> <span class='ocrx_word' id='word_1_148' title='bbox 2350 680 2399 725; x_wconf 83' lang='lat' dir='ltr'><strong>te</strong></span> <span class='ocrx_word' id='word_1_149' title='bbox 2423 671 2726 736; x_wconf 88' lang='lat' dir='ltr'><strong>addidit,ad</strong></span> <span class='ocrx_word' id='word_1_150' title='bbox 2750 681 3036 741; x_wconf 82' lang='lat' dir='ltr'><strong>sperantes</strong></span> <span class='ocrx_word' id='word_1_151' title='bbox 3068 673 3119 727; x_wconf 89' lang='lat' dir='ltr'><strong>in</strong></span> <span class='ocrx_word' id='word_1_152' title='bbox 3145 672 3316 727; x_wconf 89' lang='lat' dir='ltr'><strong>Deum</strong></span> <span class='ocrx_word' id='word_1_153' title='bbox 3339 682 3490 727; x_wconf 89' lang='lat' dir='ltr'><strong>retu-</strong></span> 
     </span>
    </p>
   </div>
   <div class='ocr_carea' id='block_1_23' title="bbox 1892 761 3487 833">
    <p class='ocr_par' dir='ltr' id='par_1_23' title="bbox 1892 761 3487 833">
     <span class='ocr_line' id='line_1_23' title="bbox 1892 761 3487 833; baseline 0.003 -19"><span class='ocrx_word' id='word_1_154' title='bbox 1892 761 1992 824; x_wconf 84' lang='lat' dir='ltr'><strong>lit;</strong></span> <span class='ocrx_word' id='word_1_155' title='bbox 2023 762 2223 831; x_wconf 83' lang='lat' dir='ltr'><strong>quibus</strong></span> <span class='ocrx_word' id='word_1_156' title='bbox 2253 772 2338 817; x_wconf 88' lang='lat' dir='ltr'><strong>est</strong></span> <span class='ocrx_word' id='word_1_157' title='bbox 2373 762 2591 818; x_wconf 84' lang='lat' dir='ltr'><strong>abunde</strong></span> <span class='ocrx_word' id='word_1_158' title='bbox 2626 763 3055 816; x_wconf 72' lang='lat' dir='ltr'><strong>misericordiam</strong></span> <span class='ocrx_word' id='word_1_159' title='bbox 3101 778 3257 816; x_wconf 89' lang='lat' dir='ltr'><strong>suam</strong></span> <span class='ocrx_word' id='word_1_160' title='bbox 3300 764 3487 833; x_wconf 83' lang='lat' dir='ltr'><strong>largiri</strong></span> 
     </span>
    </p>
   </div>
   <div class='ocr_carea' id='block_1_24' title="bbox 1893 854 3488 925">
    <p class='ocr_par' dir='ltr' id='par_1_24' title="bbox 1893 854 3488 925">
     <span class='ocr_line' id='line_1_24' title="bbox 1893 854 3488 925; baseline 0 -16"><span class='ocrx_word' id='word_1_161' title='bbox 1893 855 2109 909; x_wconf 80' lang='lat' dir='ltr'><strong>Solitus.</strong></span> <span class='ocrx_word' id='word_1_162' title='bbox 2152 854 2427 923; x_wconf 77' lang='lat' dir='ltr'><strong>Sequetur</strong></span> <span class='ocrx_word' id='word_1_163' title='bbox 2463 856 2608 911; x_wconf 88' lang='lat' dir='ltr'><strong>enim</strong></span> <span class='ocrx_word' id='word_1_164' title='bbox 2635 872 2722 909; x_wconf 84' lang='lat' dir='ltr'><strong>eos</strong></span> <span class='ocrx_word' id='word_1_165' title='bbox 2753 856 2946 924; x_wconf 80' lang='lat' dir='ltr'><strong>procul</strong></span> <span class='ocrx_word' id='word_1_166' title='bbox 2979 856 3168 918; x_wconf 88' lang='lat' dir='ltr'><strong>dubio,</strong></span> <span class='ocrx_word' id='word_1_167' title='bbox 3202 857 3294 925; x_wconf 84' lang='lat' dir='ltr'><strong>qui</strong></span> <span class='ocrx_word' id='word_1_168' title='bbox 3321 858 3488 925; x_wconf 86' lang='lat' dir='ltr'><strong>justi-</strong></span> 
     </span>
    </p>
   </div>
   <div class='ocr_carea' id='block_1_25' title="bbox 1895 946 3485 1017">
    <p class='ocr_par' dir='ltr' id='par_1_25' title="bbox 1895 946 3485 1017">
     <span class='ocr_line' id='line_1_25' title="bbox 1895 946 3485 1017; baseline 0 -17"><span class='ocrx_word' id='word_1_169' title='bbox 1895 947 2022 1000; x_wconf 80' lang='lat' dir='ltr'><strong>timu</strong></span> <span class='ocrx_word' id='word_1_170' title='bbox 2057 949 2281 1017; x_wconf 67' lang='lat' dir='ltr'><strong>faciunt.</strong></span> <span class='ocrx_word' id='word_1_171' title='bbox 2316 946 2502 1017; x_wconf 75' lang='lat' dir='ltr'><strong>Neque</strong></span> <span class='ocrx_word' id='word_1_172' title='bbox 2534 963 2667 1001; x_wconf 88' lang='lat' dir='ltr'><strong>sane</strong></span> <span class='ocrx_word' id='word_1_173' title='bbox 2707 948 2912 1001; x_wconf 80' lang='lat' dir='ltr'><strong>viarum</strong></span> <span class='ocrx_word' id='word_1_174' title='bbox 2943 946 3042 1000; x_wconf 85' lang='lat' dir='ltr'><strong>Dei</strong></span> <span class='ocrx_word' id='word_1_175' title='bbox 3079 949 3301 1001; x_wconf 83' lang='lat' dir='ltr'><strong>nomine</strong></span> <span class='ocrx_word' id='word_1_176' title='bbox 3332 947 3485 1015; x_wconf 70' lang='lat' dir='ltr'><strong>qui-l-</strong></span> 
     </span>
    </p>
   </div>
   <div class='ocr_carea' id='block_1_26' title="bbox 1891 1040 3486 1111">
    <p class='ocr_par' dir='ltr' id='par_1_26' title="bbox 1891 1040 3486 1111">
     <span class='ocr_line' id='line_1_26' title="bbox 1891 1040 3486 1111; baseline 0.001 -20"><span class='ocrx_word' id='word_1_177' title='bbox 1891 1055 2057 1109; x_wconf 88' lang='lat' dir='ltr'><strong>qnam</strong></span> <span class='ocrx_word' id='word_1_178' title='bbox 2088 1041 2255 1105; x_wconf 91' lang='lat' dir='ltr'><strong>aliud,</strong></span> <span class='ocrx_word' id='word_1_179' title='bbox 2286 1057 2451 1111; x_wconf 86' lang='lat' dir='ltr'><strong>quam</strong></span> <span class='ocrx_word' id='word_1_180' title='bbox 2483 1041 2603 1110; x_wconf 78' lang='lat' dir='ltr'><strong>ejus</strong></span> <span class='ocrx_word' id='word_1_181' title='bbox 2660 1049 2928 1110; x_wconf 71' lang='lat' dir='ltr'><strong>przccepta</strong></span> <span class='ocrx_word' id='word_1_182' title='bbox 2984 1040 3275 1110; x_wconf 77' lang='lat' dir='ltr'><strong>intelligit:</strong></span> <span class='ocrx_word' id='word_1_183' title='bbox 3321 1040 3486 1109; x_wconf 85' lang='lat' dir='ltr'><strong>quale</strong></span> 
     </span>
    </p>
   </div>
   <div class='ocr_carea' id='block_1_27' title="bbox 1891 1131 3484 1202">
    <p class='ocr_par' dir='ltr' id='par_1_27' title="bbox 1891 1131 3484 1202">
     <span class='ocr_line' id='line_1_27' title="bbox 1891 1131 3484 1202; baseline 0.001 -17"><span class='ocrx_word' id='word_1_184' title='bbox 1891 1140 1975 1185; x_wconf 86' lang='lat' dir='ltr'><strong>est</strong></span> <span class='ocrx_word' id='word_1_185' title='bbox 2010 1131 2153 1201; x_wconf 89' lang='lat' dir='ltr'><strong>apud</strong></span> <span class='ocrx_word' id='word_1_186' title='bbox 2194 1131 2475 1197; x_wconf 78' lang='lat' dir='ltr'><strong>Davitlcm,</strong></span> <span class='ocrx_word' id='word_1_187' title='bbox 2504 1134 2596 1185; x_wconf 85' lang='lat' dir='ltr'><strong>ubi</strong></span> <span class='ocrx_word' id='word_1_188' title='bbox 2641 1149 2699 1187; x_wconf 91' lang='lat' dir='ltr'><strong>se</strong></span> <span class='ocrx_word' id='word_1_189' title='bbox 2726 1133 2780 1186; x_wconf 92' lang='lat' dir='ltr'><strong>in</strong></span> <span class='ocrx_word' id='word_1_190' title='bbox 2825 1133 2907 1186; x_wconf 95' lang='lat' dir='ltr'><strong>via</strong></span> <span class='ocrx_word' id='word_1_191' title='bbox 2939 1134 3059 1202; x_wconf 83' lang='lat' dir='ltr'><strong>ejus</strong></span> <span class='ocrx_word' id='word_1_192' title='bbox 3090 1133 3360 1188; x_wconf 84' lang='lat' dir='ltr'><strong>victurum</strong></span> <span class='ocrx_word' id='word_1_193' title='bbox 3398 1133 3484 1187; x_wconf 89' lang='lat' dir='ltr'><strong>di-</strong></span> 
     </span>
    </p>
   </div>
   <div class='ocr_carea' id='block_1_28' title="bbox 1890 1222 3476 1292">
    <p class='ocr_par' dir='ltr' id='par_1_28' title="bbox 1890 1222 3476 1292">
     <span class='ocr_line' id='line_1_28' title="bbox 1890 1222 3476 1292; baseline 0 -15"><span class='ocrx_word' id='word_1_194' title='bbox 1890 1222 2064 1277; x_wconf 79' lang='lat' dir='ltr'><strong>cit”:</strong></span> <span class='ocrx_word' id='word_1_195' title='bbox 2098 1222 2186 1275; x_wconf 89' lang='lat' dir='ltr'><strong>ubi</strong></span> <span class='ocrx_word' id='word_1_196' title='bbox 2222 1223 2349 1277; x_wconf 89' lang='lat' dir='ltr'><strong>item</strong></span> <span class='ocrx_word' id='word_1_197' title='bbox 2381 1225 2435 1278; x_wconf 91' lang='lat' dir='ltr'><strong>in</strong></span> <span class='ocrx_word' id='word_1_198' title='bbox 2468 1224 2552 1276; x_wconf 92' lang='lat' dir='ltr'><strong>via</strong></span> <span class='ocrx_word' id='word_1_199' title='bbox 2589 1225 2969 1277; x_wconf 87' lang='lat' dir='ltr'><strong>mandatorum</strong></span> <span class='ocrx_word' id='word_1_200' title='bbox 3004 1224 3124 1292; x_wconf 86' lang='lat' dir='ltr'><strong>ejus</strong></span> <span class='ocrx_word' id='word_1_201' title='bbox 3157 1225 3476 1278; x_wconf 62' lang='lat' dir='ltr'><strong>cucurrisse</strong></span> 
     </span>
    </p>
   </div>
   <div class='ocr_carea' id='block_1_29' title="bbox 1892 1316 3475 1385">
    <p class='ocr_par' dir='ltr' id='par_1_29' title="bbox 1892 1316 3475 1385">
     <span class='ocr_line' id='line_1_29' title="bbox 1892 1316 3475 1385; baseline -0.001 -15"><span class='ocrx_word' id='word_1_202' title='bbox 1892 1330 1970 1378; x_wconf 90' lang='lat' dir='ltr'><strong>se,</strong></span> <span class='ocrx_word' id='word_1_203' title='bbox 1994 1331 2118 1368; x_wconf 89' lang='lat' dir='ltr'><strong>cum</strong></span> <span class='ocrx_word' id='word_1_204' title='bbox 2143 1326 2288 1369; x_wconf 79' lang='lat' dir='ltr'><strong>esset</strong></span> <span class='ocrx_word' id='word_1_205' title='bbox 2308 1318 2376 1371; x_wconf 85' lang='lat' dir='ltr'><strong>ab</strong></span> <span class='ocrx_word' id='word_1_206' title='bbox 2399 1318 2589 1370; x_wconf 84' lang='lat' dir='ltr'><strong>eodem</strong></span> <span class='ocrx_word' id='word_1_207' title='bbox 2624 1332 2716 1371; x_wconf 85' lang='lat' dir='ltr'><strong>cor</strong></span> <span class='ocrx_word' id='word_1_208' title='bbox 2739 1317 2859 1385; x_wconf 84' lang='lat' dir='ltr'><strong>ejus</strong></span> <span class='ocrx_word' id='word_1_209' title='bbox 2883 1316 3189 1370; x_wconf 80' lang='lat' dir='ltr'><strong>dilatatam.</strong></span> <span class='ocrx_word' id='word_1_210' title='bbox 3226 1316 3320 1371; x_wconf 75' lang='lat' dir='ltr'><strong>Est</strong></span> <span class='ocrx_word' id='word_1_211' title='bbox 3344 1331 3475 1371; x_wconf 86' lang='lat' dir='ltr'><strong>vero</strong></span> 
     </span>
    </p>
   </div>
   <div class='ocr_carea' id='block_1_30' title="bbox 1893 1407 3481 1476">
    <p class='ocr_par' dir='ltr' id='par_1_30' title="bbox 1893 1407 3481 1476">
     <span class='ocr_line' id='line_1_30' title="bbox 1893 1407 3481 1476; baseline 0.002 -17"><span class='ocrx_word' id='word_1_212' title='bbox 1893 1407 2321 1476; x_wconf 82' lang='lat' dir='ltr'><strong>haudquaquam</strong></span> <span class='ocrx_word' id='word_1_213' title='bbox 2348 1409 2734 1475; x_wconf 79' lang='lat' dir='ltr'><strong>ignoraudum,</strong></span> <span class='ocrx_word' id='word_1_214' title='bbox 2784 1408 2929 1476; x_wconf 89' lang='lat' dir='ltr'><strong>quod</strong></span> <span class='ocrx_word' id='word_1_215' title='bbox 2976 1423 3034 1462; x_wconf 91' lang='lat' dir='ltr'><strong>se</strong></span> <span class='ocrx_word' id='word_1_216' title='bbox 3056 1425 3147 1461; x_wconf 77' lang='lat' dir='ltr'><strong>nec</strong></span> <span class='ocrx_word' id='word_1_217' title='bbox 3191 1408 3481 1470; x_wconf 74' lang='lat' dir='ltr'><strong>audivisse,</strong></span> 
     </span>
    </p>
   </div>
   <div class='ocr_carea' id='block_1_31' title="bbox 1890 1498 3484 1569">
    <p class='ocr_par' dir='ltr' id='par_1_31' title="bbox 1890 1498 3484 1569">
     <span class='ocr_line' id='line_1_31' title="bbox 1890 1498 3484 1569; baseline 0.001 -19"><span class='ocrx_word' id='word_1_218' title='bbox 1890 1515 1983 1551; x_wconf 83' lang='lat' dir='ltr'><strong>nec</strong></span> <span class='ocrx_word' id='word_1_219' title='bbox 2022 1500 2189 1552; x_wconf 79' lang='lat' dir='ltr'><strong>oculis</strong></span> <span class='ocrx_word' id='word_1_220' title='bbox 2225 1499 2336 1552; x_wconf 81' lang='lat' dir='ltr'><strong>suis</strong></span> <span class='ocrx_word' id='word_1_221' title='bbox 2383 1499 2579 1553; x_wconf 72' lang='lat' dir='ltr'><strong>vidisse</strong></span> <span class='ocrx_word' id='word_1_222' title='bbox 2618 1499 2840 1569; x_wconf 72' lang='lat' dir='ltr'><strong>adjecit,</strong></span> <span class='ocrx_word' id='word_1_223' title='bbox 2872 1515 2936 1554; x_wconf 85' lang='lat' dir='ltr'><strong>eo</strong></span> <span class='ocrx_word' id='word_1_224' title='bbox 2978 1499 3083 1554; x_wconf 83' lang='lat' dir='ltr'><strong>ﬁne</strong></span> <span class='ocrx_word' id='word_1_225' title='bbox 3124 1498 3332 1553; x_wconf 82' lang='lat' dir='ltr'><strong>dixisse</strong></span> <span class='ocrx_word' id='word_1_226' title='bbox 3356 1542 3370 1565; x_wconf 94' lang='lat'><strong>,</strong></span> <span class='ocrx_word' id='word_1_227' title='bbox 3425 1508 3484 1554; x_wconf 90' lang='lat' dir='ltr'><strong>ut</strong></span> 
     </span>
    </p>
   </div>
   <div class='ocr_carea' id='block_1_32' title="bbox 1892 1589 3481 1660">
    <p class='ocr_par' dir='ltr' id='par_1_32' title="bbox 1892 1589 3481 1660">
     <span class='ocr_line' id='line_1_32' title="bbox 1892 1589 3481 1660; baseline 0.001 -16"><span class='ocrx_word' id='word_1_228' title='bbox 1892 1589 1985 1644; x_wconf 85' lang='lat' dir='ltr'><strong>Dei</strong></span> <span class='ocrx_word' id='word_1_229' title='bbox 2023 1591 2168 1643; x_wconf 87' lang='lat' dir='ltr'><strong>vires</strong></span> <span class='ocrx_word' id='word_1_230' title='bbox 2187 1606 2311 1643; x_wconf 90' lang='lat' dir='ltr'><strong>cum</strong></span> <span class='ocrx_word' id='word_1_231' title='bbox 2342 1591 2509 1644; x_wconf 88' lang='lat' dir='ltr'><strong>nullis</strong></span> <span class='ocrx_word' id='word_1_232' title='bbox 2540 1605 2702 1658; x_wconf 83' lang='lat' dir='ltr'><strong>posse</strong></span> <span class='ocrx_word' id='word_1_233' title='bbox 2729 1589 3481 1660; x_wconf 87' lang='lat' dir='ltr'><strong>compararidemonstraret.</strong></span> 
     </span>
    </p>
   </div>
   <div class='ocr_carea' id='block_1_33' title="bbox 1889 1680 3482 1763">
    <p class='ocr_par' dir='ltr' id='par_1_33' title="bbox 1889 1680 3482 1763">
     <span class='ocr_line' id='line_1_33' title="bbox 1889 1680 3482 1763; baseline 0.003 -30"><span class='ocrx_word' id='word_1_234' title='bbox 1889 1680 2045 1747; x_wconf 85' lang='lat' dir='ltr'><strong>Quod</strong></span> <span class='ocrx_word' id='word_1_235' title='bbox 2074 1681 2276 1736; x_wconf 81' lang='lat' dir='ltr'><strong>Paulus</strong></span> <span class='ocrx_word' id='word_1_236' title='bbox 2312 1692 2515 1763; x_wconf 74' lang='lat' dir='ltr'><strong>tzuuen,</strong></span> <span class='ocrx_word' id='word_1_237' title='bbox 2544 1686 2703 1739; x_wconf 87' lang='lat' dir='ltr'><strong>nulla</strong></span> <span class='ocrx_word' id='word_1_238' title='bbox 2741 1685 2841 1739; x_wconf 90' lang='lat' dir='ltr'><strong>loci</strong></span> <span class='ocrx_word' id='word_1_239' title='bbox 2875 1685 3199 1751; x_wconf 78' lang='lat' dir='ltr'><strong>violatione,</strong></span> <span class='ocrx_word' id='word_1_240' title='bbox 3222 1685 3287 1739; x_wconf 90' lang='lat' dir='ltr'><strong>ad</strong></span> <span class='ocrx_word' id='word_1_241' title='bbox 3313 1688 3482 1746; x_wconf 87' lang='lat' dir='ltr'><strong>bona,</strong></span> 
     </span>
    </p>
   </div>
   <div class='ocr_carea' id='block_1_34' title="bbox 215 1762 1781 1847">
    <p class='ocr_par' dir='ltr' id='par_1_34' title="bbox 215 1770 1781 1844">
     <span class='ocr_line' id='line_1_34' title="bbox 215 1770 1781 1844; baseline 0.001 -19"><span class='ocrx_word' id='word_1_242' title='bbox 215 1774 392 1836; x_wconf 79' lang='grc' dir='ltr'>εἰπεῖν,</span> <span class='ocrx_word' id='word_1_243' title='bbox 416 1771 532 1826; x_wconf 79' lang='grc' dir='ltr'><strong>ἀλλ’</strong></span> <span class='ocrx_word' id='word_1_244' title='bbox 565 1770 644 1836; x_wconf 85' lang='grc' dir='ltr'>ὡς</span> <span class='ocrx_word' id='word_1_245' title='bbox 677 1772 754 1843; x_wconf 81' lang='grc' dir='ltr'>μὴ</span> <span class='ocrx_word' id='word_1_246' title='bbox 785 1772 995 1843; x_wconf 78' lang='grc' dir='ltr'>φρᾶσαι</span> <span class='ocrx_word' id='word_1_247' title='bbox 1025 1771 1201 1827; x_wconf 80' lang='grc' dir='ltr'>ταῦτα</span> <span class='ocrx_word' id='word_1_248' title='bbox 1239 1772 1372 1844; x_wconf 84' lang='grc' dir='ltr'>πρὸς</span> <span class='ocrx_word' id='word_1_249' title='bbox 1417 1772 1574 1837; x_wconf 75' lang='grc' dir='ltr'>ἀξίαν</span> <span class='ocrx_word' id='word_1_250' title='bbox 1623 1773 1781 1827; x_wconf 76' lang='grc' dir='ltr'>δυνά-</span> 
     </span>
    </p>
   </div>
   <div class='ocr_carea' id='block_1_35' title="bbox 1888 1762 3487 1847">
    <p class='ocr_par' dir='ltr' id='par_1_35' title="bbox 1888 1762 3487 1847">
     <span class='ocr_line' id='line_1_35' title="bbox 1888 1762 3487 1847; baseline 0.002 -21"><span class='ocrx_word' id='word_1_251' title='bbox 1888 1790 2009 1843; x_wconf 73' lang='lat' dir='ltr'><strong>qua:</strong></span> <span class='ocrx_word' id='word_1_252' title='bbox 2047 1773 2215 1827; x_wconf 82' lang='lat' dir='ltr'><strong>Deum</strong></span> <span class='ocrx_word' id='word_1_253' title='bbox 2252 1762 2611 1843; x_wconf 51' lang='lat' dir='ltr'><strong>diligentibus</strong></span> <span class='ocrx_word' id='word_1_254' title='bbox 2653 1777 3075 1846; x_wconf 85' lang='lat' dir='ltr'><strong>promittuntur,</strong></span> <span class='ocrx_word' id='word_1_255' title='bbox 3102 1792 3223 1847; x_wconf 68' lang='lat' dir='ltr'><strong>quze</strong></span> <span class='ocrx_word' id='word_1_256' title='bbox 3247 1792 3487 1830; x_wconf 78' lang='lat' dir='ltr'><strong>necnen-</strong></span> 
     </span>
    </p>
   </div>
   <div class='ocr_carea' id='block_1_36' title="bbox 216 1881 378 1933">
    <p class='ocr_par' dir='ltr' id='par_1_36' title="bbox 216 1881 378 1933">
     <span class='ocr_line' id='line_1_36' title="bbox 216 1881 378 1933; baseline 0 -18"><span class='ocrx_word' id='word_1_257' title='bbox 216 1881 378 1933; x_wconf 83' lang='grc' dir='ltr'>μενος.</span> 
     </span>
    </p>
   </div>
   <div class='ocr_carea' id='block_1_37' title="bbox 211 1954 3139 2025">
    <p class='ocr_par' dir='ltr' id='par_1_37' title="bbox 211 1954 3139 2025">
     <span class='ocr_line' id='line_1_37' title="bbox 211 1954 3139 2025; baseline 0 -12"><span class='ocrx_word' id='word_1_258' title='bbox 211 1955 457 2025; x_wconf 69' lang='lat' dir='ltr'><strong>ejusmodi</strong></span> <span class='ocrx_word' id='word_1_259' title='bbox 495 1956 548 2010; x_wconf 91' lang='lat' dir='ltr'><strong>in</strong></span> <span class='ocrx_word' id='word_1_260' title='bbox 600 1954 889 2025; x_wconf 82' lang='lat' dir='ltr'><strong>oculorum</strong></span> <span class='ocrx_word' id='word_1_261' title='bbox 920 1954 1000 2008; x_wconf 87' lang='lat' dir='ltr'><strong>vel</strong></span> <span class='ocrx_word' id='word_1_262' title='bbox 1042 1954 1261 2008; x_wconf 89' lang='lat' dir='ltr'><strong>aurimn</strong></span> <span class='ocrx_word' id='word_1_263' title='bbox 1322 1970 1519 2011; x_wconf 79' lang='lat' dir='ltr'><strong>sensus</strong></span> <span class='ocrx_word' id='word_1_264' title='bbox 1575 1957 1776 2009; x_wconf 85' lang='lat' dir='ltr'><strong>cadere</strong></span> <span class='ocrx_word' id='word_1_265' title='bbox 1818 1955 2306 2013; x_wconf 83' lang='lat' dir='ltr'><strong>animadverteret.</strong></span> <span class='ocrx_word' id='word_1_266' title='bbox 2344 1958 2407 2013; x_wconf 78' lang='lat' dir='ltr'><strong>Et</strong></span> <span class='ocrx_word' id='word_1_267' title='bbox 2436 1975 2566 2014; x_wconf 88' lang='lat' dir='ltr'><strong>vero</strong></span> <span class='ocrx_word' id='word_1_268' title='bbox 2598 1960 2753 2023; x_wconf 82' lang='lat' dir='ltr'><strong>alibi,</strong></span> <span class='ocrx_word' id='word_1_269' title='bbox 2822 1977 2946 2015; x_wconf 89' lang='lat' dir='ltr'><strong>cum</strong></span> <span class='ocrx_word' id='word_1_270' title='bbox 2990 1970 3139 2016; x_wconf 66' lang='lat' dir='ltr'><strong>esset</strong></span> 
     </span>
    </p>
   </div>
   <div class='ocr_carea' id='block_1_38' title="bbox 1890 1865 3487 1935">
    <p class='ocr_par' dir='ltr' id='par_1_38' title="bbox 1890 1865 3487 1935">
     <span class='ocr_line' id='line_1_38' title="bbox 1890 1865 3487 1935; baseline 0.002 -18"><span class='ocrx_word' id='word_1_271' title='bbox 1890 1865 1978 1918; x_wconf 91' lang='lat' dir='ltr'><strong>lus</strong></span> <span class='ocrx_word' id='word_1_272' title='bbox 2013 1865 2172 1929; x_wconf 82' lang='lat' dir='ltr'><strong>vidit,</strong></span> <span class='ocrx_word' id='word_1_273' title='bbox 2231 1882 2330 1922; x_wconf 85' lang='lat' dir='ltr'><strong>nec</strong></span> <span class='ocrx_word' id='word_1_274' title='bbox 2372 1868 2523 1921; x_wconf 88' lang='lat' dir='ltr'><strong>auris</strong></span> <span class='ocrx_word' id='word_1_275' title='bbox 2575 1869 2801 1935; x_wconf 78' lang='lat' dir='ltr'><strong>audivit,</strong></span> <span class='ocrx_word' id='word_1_276' title='bbox 2853 1871 3118 1924; x_wconf 76' lang='lat' dir='ltr'><strong>retulit’:</strong></span> <span class='ocrx_word' id='word_1_277' title='bbox 3173 1884 3298 1921; x_wconf 87' lang='lat' dir='ltr'><strong>eum</strong></span> <span class='ocrx_word' id='word_1_278' title='bbox 3349 1868 3487 1921; x_wconf 87' lang='lat' dir='ltr'><strong>nihil</strong></span> 
     </span>
    </p>
   </div>
   <div class='ocr_carea' id='block_1_39' title="bbox 3211 1960 3488 2030">
    <p class='ocr_par' dir='ltr' id='par_1_39' title="bbox 3211 1960 3488 2030">
     <span class='ocr_line' id='line_1_39' title="bbox 3211 1960 3488 2030; baseline 0 -1"><span class='ocrx_word' id='word_1_279' title='bbox 3211 1960 3372 2030; x_wconf 78' lang='lat'><strong>733</strong></span> <span class='ocrx_word' id='word_1_280' title='bbox 3417 1960 3488 2013; x_wconf 66' lang='lat' dir='ltr'><strong>ad</strong></span> 
     </span>
    </p>
   </div>
   <div class='ocr_carea' id='block_1_40' title="bbox 212 2046 3484 2120">
    <p class='ocr_par' dir='ltr' id='par_1_40' title="bbox 212 2046 3484 2120">
     <span class='ocr_line' id='line_1_40' title="bbox 212 2046 3484 2120; baseline 0.001 -17"><span class='ocrx_word' id='word_1_281' title='bbox 212 2050 414 2104; x_wconf 80' lang='lat' dir='ltr'><strong>tertium</strong></span> <span class='ocrx_word' id='word_1_282' title='bbox 453 2063 632 2119; x_wconf 88' lang='lat' dir='ltr'><strong>usque</strong></span> <span class='ocrx_word' id='word_1_283' title='bbox 657 2048 857 2104; x_wconf 79' lang='lat' dir='ltr'><strong>etelum</strong></span> <span class='ocrx_word' id='word_1_284' title='bbox 911 2058 1159 2111; x_wconf 82' lang='lat' dir='ltr'><strong>evecws,</strong></span> <span class='ocrx_word' id='word_1_285' title='bbox 1193 2061 1255 2102; x_wconf 86' lang='lat' dir='ltr'><strong>ea</strong></span> <span class='ocrx_word' id='word_1_286' title='bbox 1304 2063 1365 2102; x_wconf 86' lang='lat' dir='ltr'><strong>se</strong></span> <span class='ocrx_word' id='word_1_287' title='bbox 1430 2062 1634 2102; x_wconf 85' lang='lat' dir='ltr'><strong>arcana</strong></span> <span class='ocrx_word' id='word_1_288' title='bbox 1702 2046 1864 2101; x_wconf 71' lang='lat' dir='ltr'><strong>verba</strong></span> <span class='ocrx_word' id='word_1_289' title='bbox 1903 2049 2182 2104; x_wconf 72' lang='lat' dir='ltr'><strong>audivisse</strong></span> <span class='ocrx_word' id='word_1_290' title='bbox 2207 2051 2409 2104; x_wconf 78' lang='lat' dir='ltr'><strong>asserit</strong></span> <span class='ocrx_word' id='word_1_291' title='bbox 2453 2051 2498 2117; x_wconf 76' lang='grc'><strong>⁸,</strong></span> <span class='ocrx_word' id='word_1_292' title='bbox 2531 2068 2652 2120; x_wconf 77' lang='lat' dir='ltr'><strong>qua:</strong></span> <span class='ocrx_word' id='word_1_293' title='bbox 2693 2052 2846 2106; x_wconf 77' lang='lat' dir='ltr'><strong>elTari</strong></span> <span class='ocrx_word' id='word_1_294' title='bbox 2887 2053 3093 2106; x_wconf 83' lang='lat' dir='ltr'><strong>homini</strong></span> <span class='ocrx_word' id='word_1_295' title='bbox 3145 2071 3253 2107; x_wconf 83' lang='lat' dir='ltr'><strong>non</strong></span> <span class='ocrx_word' id='word_1_296' title='bbox 3301 2055 3484 2107; x_wconf 77' lang='lat' dir='ltr'><strong>liceat.</strong></span> 
     </span>
    </p>
   </div>
   <div class='ocr_carea' id='block_1_41' title="bbox 209 2139 2809 2213">
    <p class='ocr_par' dir='ltr' id='par_1_41' title="bbox 209 2139 2809 2213">
     <span class='ocr_line' id='line_1_41' title="bbox 209 2139 2809 2213; baseline -0.001 -15"><span class='ocrx_word' id='word_1_297' title='bbox 209 2142 315 2199; x_wconf 81' lang='lat' dir='ltr'><strong>Non</strong></span> <span class='ocrx_word' id='word_1_298' title='bbox 354 2141 497 2211; x_wconf 89' lang='lat' dir='ltr'><strong>quod</strong></span> <span class='ocrx_word' id='word_1_299' title='bbox 539 2150 726 2196; x_wconf 88' lang='lat' dir='ltr'><strong>tacere</strong></span> <span class='ocrx_word' id='word_1_300' title='bbox 770 2140 824 2194; x_wconf 90' lang='lat' dir='ltr'><strong>in</strong></span> <span class='ocrx_word' id='word_1_301' title='bbox 873 2139 1150 2195; x_wconf 83' lang='lat' dir='ltr'><strong>mandatis</strong></span> <span class='ocrx_word' id='word_1_302' title='bbox 1192 2139 1451 2206; x_wconf 85' lang='lat' dir='ltr'><strong>haberet,</strong></span> <span class='ocrx_word' id='word_1_303' title='bbox 1476 2139 1574 2194; x_wconf 89' lang='lat' dir='ltr'><strong>sed</strong></span> <span class='ocrx_word' id='word_1_304' title='bbox 1629 2141 1774 2210; x_wconf 89' lang='lat' dir='ltr'><strong>quod</strong></span> <span class='ocrx_word' id='word_1_305' title='bbox 1814 2140 2009 2196; x_wconf 72' lang='lat' dir='ltr'><strong>ell‘erre</strong></span> <span class='ocrx_word' id='word_1_306' title='bbox 2040 2157 2139 2209; x_wconf 87' lang='lat' dir='ltr'><strong>pro</strong></span> <span class='ocrx_word' id='word_1_307' title='bbox 2171 2142 2443 2213; x_wconf 81' lang='lat' dir='ltr'><strong>dignitate</strong></span> <span class='ocrx_word' id='word_1_308' title='bbox 2468 2159 2574 2197; x_wconf 90' lang='lat' dir='ltr'><strong>non</strong></span> <span class='ocrx_word' id='word_1_309' title='bbox 2606 2154 2809 2213; x_wconf 65' lang='lat' dir='ltr'><strong>possm.</strong></span> 
     </span>
    </p>
   </div>
   <div class='ocr_carea' id='block_1_42' title="bbox 280 2236 1791 2307">
    <p class='ocr_par' dir='ltr' id='par_1_42' title="bbox 280 2236 1791 2307">
     <span class='ocr_line' id='line_1_42' title="bbox 280 2236 1791 2307; baseline -0.001 -16"><span class='ocrx_word' id='word_1_310' title='bbox 280 2236 430 2291; x_wconf 85' lang='grc' dir='ltr'>Ἰδοὺ</span> <span class='ocrx_word' id='word_1_311' title='bbox 459 2237 542 2292; x_wconf 82' lang='grc' dir='ltr'>σὺ</span> <span class='ocrx_word' id='word_1_312' title='bbox 572 2237 904 2307; x_wconf 74' lang='grc' dir='ltr'>ὠργίσϐης,</span> <span class='ocrx_word' id='word_1_313' title='bbox 940 2236 1039 2290; x_wconf 79' lang='grc' dir='ltr'><strong>καί</strong></span> <span class='ocrx_word' id='word_1_314' title='bbox 1086 2236 1260 2306; x_wconf 72' lang='grc' dir='ltr'>ἡμεῖς</span> <span class='ocrx_word' id='word_1_315' title='bbox 1303 2236 1679 2306; x_wconf 50' lang='grc' dir='ltr'>ἡμάρτομεν</span> <span class='ocrx_word' id='word_1_316' title='bbox 1714 2238 1791 2300; x_wconf 84' lang='grc' dir='ltr'><strong>ὡς</strong></span> 
     </span>
    </p>
   </div>
   <div class='ocr_carea' id='block_1_43' title="bbox 209 2329 1789 2402">
    <p class='ocr_par' dir='ltr' id='par_1_43' title="bbox 209 2329 1789 2402">
     <span class='ocr_line' id='line_1_43' title="bbox 209 2329 1789 2402; baseline -0.001 -17"><span class='ocrx_word' id='word_1_317' title='bbox 209 2333 250 2385; x_wconf 83' lang='grc' dir='ltr'>εἰ</span> <span class='ocrx_word' id='word_1_318' title='bbox 276 2330 603 2402; x_wconf 75' lang='grc' dir='ltr'>σαφέστερον</span> <span class='ocrx_word' id='word_1_319' title='bbox 631 2329 842 2397; x_wconf 76' lang='grc' dir='ltr'>ἔλεγεν,</span> <span class='ocrx_word' id='word_1_320' title='bbox 878 2329 1100 2399; x_wconf 78' lang='grc' dir='ltr'>Ἐπειδὴ</span> <span class='ocrx_word' id='word_1_321' title='bbox 1126 2330 1287 2400; x_wconf 78' lang='grc' dir='ltr'>ἡμεῖς</span> <span class='ocrx_word' id='word_1_322' title='bbox 1316 2329 1681 2399; x_wconf 73' lang='grc' dir='ltr'><strong>ἡμάρτομεν,</strong></span> <span class='ocrx_word' id='word_1_323' title='bbox 1708 2329 1789 2383; x_wconf 90' lang='grc' dir='ltr'>σὺ</span> 
     </span>
    </p>
   </div>
   <div class='ocr_carea' id='block_1_44' title="bbox 208 2422 1788 2494">
    <p class='ocr_par' dir='ltr' id='par_1_44' title="bbox 208 2422 1788 2494">
     <span class='ocr_line' id='line_1_44' title="bbox 208 2422 1788 2494; baseline -0.001 -18"><span class='ocrx_word' id='word_1_324' title='bbox 208 2424 504 2494; x_wconf 78' lang='grc' dir='ltr'>ὼρτίσθης.</span> <span class='ocrx_word' id='word_1_325' title='bbox 539 2424 653 2478; x_wconf 80' lang='grc' dir='ltr'><strong>Καὶ</strong></span> <span class='ocrx_word' id='word_1_326' title='bbox 682 2424 857 2485; x_wconf 78' lang='grc' dir='ltr'>ἄλλως</span> <span class='ocrx_word' id='word_1_327' title='bbox 887 2423 966 2484; x_wconf 83' lang='grc' dir='ltr'><strong>δὲ,</strong></span> <span class='ocrx_word' id='word_1_328' title='bbox 988 2422 1125 2475; x_wconf 78' lang='grc' dir='ltr'>θεοῦ</span> <span class='ocrx_word' id='word_1_329' title='bbox 1158 2424 1305 2492; x_wconf 80' lang='grc' dir='ltr'>ἡμᾶς</span> <span class='ocrx_word' id='word_1_330' title='bbox 1340 2422 1788 2492; x_wconf 71' lang='grc' dir='ltr'><strong>ἀποστραφέντος</strong></span> 
     </span>
    </p>
   </div>
   <div class='ocr_carea' id='block_1_45' title="bbox 206 2515 1787 2588">
    <p class='ocr_par' dir='ltr' id='par_1_45' title="bbox 206 2515 1787 2588">
     <span class='ocr_line' id='line_1_45' title="bbox 206 2515 1787 2588; baseline -0.003 -17"><span class='ocrx_word' id='word_1_331' title='bbox 206 2517 270 2572; x_wconf 83' lang='grc' dir='ltr'>δι’</span> <span class='ocrx_word' id='word_1_332' title='bbox 288 2518 595 2588; x_wconf 76' lang='grc' dir='ltr'>ἁμαρτίας,</span> <span class='ocrx_word' id='word_1_333' title='bbox 620 2516 809 2587; x_wconf 76' lang='grc' dir='ltr'>μεῖζον</span> <span class='ocrx_word' id='word_1_334' title='bbox 838 2519 895 2570; x_wconf 83' lang='grc' dir='ltr'><strong>ὲν</strong></span> <span class='ocrx_word' id='word_1_335' title='bbox 919 2518 1050 2587; x_wconf 80' lang='grc' dir='ltr'>ἡμῖν</span> <span class='ocrx_word' id='word_1_336' title='bbox 1080 2516 1139 2568; x_wconf 87' lang='grc' dir='ltr'><strong>τὸ</strong></span> <span class='ocrx_word' id='word_1_337' title='bbox 1175 2517 1348 2568; x_wconf 76' lang='grc' dir='ltr'>κακὸν</span> <span class='ocrx_word' id='word_1_338' title='bbox 1376 2515 1650 2584; x_wconf 76' lang='grc' dir='ltr'><strong>ἐμφύεται</strong></span> <span class='ocrx_word' id='word_1_339' title='bbox 1674 2532 1687 2545; x_wconf 91' lang='grc'><strong>·</strong></span> <span class='ocrx_word' id='word_1_340' title='bbox 1711 2515 1787 2577; x_wconf 81' lang='grc' dir='ltr'>ὡς</span> 
     </span>
    </p>
   </div>
   <div class='ocr_carea' id='block_1_46' title="bbox 206 2607 1777 2678">
    <p class='ocr_par' dir='ltr' id='par_1_46' title="bbox 206 2607 1777 2678">
     <span class='ocr_line' id='line_1_46' title="bbox 206 2607 1777 2678; baseline -0.002 -16"><span class='ocrx_word' id='word_1_341' title='bbox 206 2608 543 2678; x_wconf 82' lang='grc' dir='ltr'>παιδαγωγοῦ</span> <span class='ocrx_word' id='word_1_342' title='bbox 591 2624 737 2672; x_wconf 83' lang='grc' dir='ltr'>τινος</span> <span class='ocrx_word' id='word_1_343' title='bbox 774 2608 1172 2678; x_wconf 80' lang='grc' dir='ltr'><strong>ἀπειλήσαντος</strong></span> <span class='ocrx_word' id='word_1_344' title='bbox 1219 2607 1319 2676; x_wconf 79' lang='grc' dir='ltr'><strong>μὲν</strong></span> <span class='ocrx_word' id='word_1_345' title='bbox 1360 2607 1644 2675; x_wconf 78' lang='grc' dir='ltr'><strong>πολλάκις,</strong></span> <span class='ocrx_word' id='word_1_346' title='bbox 1686 2608 1777 2661; x_wconf 77' lang='grc' dir='ltr'><strong>καὶ</strong></span> 
     </span>
    </p>
   </div>
   <div class='ocr_carea' id='block_1_47' title="bbox 203 2700 1779 2776">
    <p class='ocr_par' dir='ltr' id='par_1_47' title="bbox 203 2700 1779 2776">
     <span class='ocr_line' id='line_1_47' title="bbox 203 2700 1779 2776; baseline 0 -21"><span class='ocrx_word' id='word_1_347' title='bbox 203 2701 479 2774; x_wconf 70' lang='grc' dir='ltr'>τύψαντος,</span> <span class='ocrx_word' id='word_1_348' title='bbox 517 2701 677 2765; x_wconf 76' lang='grc' dir='ltr'>τέλος</span> <span class='ocrx_word' id='word_1_349' title='bbox 717 2701 776 2755; x_wconf 77' lang='grc' dir='ltr'>δὲ</span> <span class='ocrx_word' id='word_1_350' title='bbox 810 2701 1131 2776; x_wconf 80' lang='grc' dir='ltr'>παριδόντος</span> <span class='ocrx_word' id='word_1_351' title='bbox 1162 2702 1281 2756; x_wconf 85' lang='grc' dir='ltr'>νέον</span> <span class='ocrx_word' id='word_1_352' title='bbox 1317 2700 1557 2771; x_wconf 84' lang='grc' dir='ltr'>συνεχῶς</span> <span class='ocrx_word' id='word_1_353' title='bbox 1596 2702 1779 2772; x_wconf 82' lang='grc' dir='ltr'>ἁμαρ·</span> 
     </span>
    </p>
   </div>
   <div class='ocr_carea' id='block_1_48' title="bbox 205 2786 1775 2864">
    <p class='ocr_par' dir='ltr' id='par_1_48' title="bbox 205 2786 1775 2864">
     <span class='ocr_line' id='line_1_48' title="bbox 205 2786 1775 2864; baseline -0.001 -17"><span class='ocrx_word' id='word_1_354' title='bbox 205 2794 441 2848; x_wconf 78' lang='grc' dir='ltr'>τάνόντα.</span> <span class='ocrx_word' id='word_1_355' title='bbox 459 2790 654 2857; x_wconf 77' lang='grc' dir='ltr'>Μείζω</span> <span class='ocrx_word' id='word_1_356' title='bbox 676 2792 783 2864; x_wconf 85' lang='grc' dir='ltr'><strong>γὰρ</strong></span> <span class='ocrx_word' id='word_1_357' title='bbox 803 2786 958 2854; x_wconf 75' lang='grc' dir='ltr'>οὗτος</span> <span class='ocrx_word' id='word_1_358' title='bbox 982 2792 1090 2846; x_wconf 83' lang='grc' dir='ltr'>τῶν</span> <span class='ocrx_word' id='word_1_359' title='bbox 1117 2793 1301 2846; x_wconf 80' lang='grc' dir='ltr'>κακῶν</span> <span class='ocrx_word' id='word_1_360' title='bbox 1321 2793 1433 2858; x_wconf 69' lang='grc' dir='ltr'>ἕξει</span> <span class='ocrx_word' id='word_1_361' title='bbox 1452 2791 1550 2863; x_wconf 82' lang='grc' dir='ltr'>τὴν</span> <span class='ocrx_word' id='word_1_362' title='bbox 1572 2792 1775 2846; x_wconf 81' lang='grc' dir='ltr'>ἄδειαν.</span> 
     </span>
    </p>
   </div>
   <div class='ocr_carea' id='block_1_49' title="bbox 202 2882 1779 2957">
    <p class='ocr_par' dir='ltr' id='par_1_49' title="bbox 202 2882 1779 2957">
     <span class='ocr_line' id='line_1_49' title="bbox 202 2882 1779 2957; baseline -0.001 -20"><span class='ocrx_word' id='word_1_363' title='bbox 202 2884 257 2937; x_wconf 83' lang='lat' dir='ltr'><strong>Ei</strong></span> <span class='ocrx_word' id='word_1_364' title='bbox 292 2884 394 2957; x_wconf 80' lang='grc' dir='ltr'><strong>γὰρ</strong></span> <span class='ocrx_word' id='word_1_365' title='bbox 437 2883 580 2939; x_wconf 81' lang='grc' dir='ltr'>Θεοῦ</span> <span class='ocrx_word' id='word_1_366' title='bbox 615 2885 1004 2956; x_wconf 84' lang='grc' dir='ltr'>συνεργοῦντός</span> <span class='ocrx_word' id='word_1_367' title='bbox 1037 2886 1206 2956; x_wconf 76' lang='grc' dir='ltr'>ἐσμεν</span> <span class='ocrx_word' id='word_1_368' title='bbox 1237 2884 1433 2952; x_wconf 83' lang='grc' dir='ltr'>ἀγαθοί</span> <span class='ocrx_word' id='word_1_369' title='bbox 1456 2898 1469 2913; x_wconf 79' lang='grc'><strong><em>⁸</em></strong></span> <span class='ocrx_word' id='word_1_370' title='bbox 1494 2883 1676 2953; x_wconf 77' lang='grc' dir='ltr'>δῆλον,</span> <span class='ocrx_word' id='word_1_371' title='bbox 1704 2882 1779 2946; x_wconf 82' lang='grc' dir='ltr'><strong>ὡς</strong></span> 
     </span>
    </p>
   </div>
   <div class='ocr_carea' id='block_1_50' title="bbox 201 2974 1781 3048">
    <p class='ocr_par' dir='ltr' id='par_1_50' title="bbox 201 2974 1781 3048">
     <span class='ocr_line' id='line_1_50' title="bbox 201 2974 1781 3048; baseline -0.003 -21"><span class='ocrx_word' id='word_1_372' title='bbox 201 2976 649 3048; x_wconf 79' lang='grc' dir='ltr'><strong>ἀποστραφέντος,</strong></span> <span class='ocrx_word' id='word_1_373' title='bbox 667 2976 930 3047; x_wconf 76' lang='grc' dir='ltr'><strong>μειζόνως</strong></span> <span class='ocrx_word' id='word_1_374' title='bbox 958 2978 1137 3031; x_wconf 82' lang='grc' dir='ltr'>κακοί.</span> <span class='ocrx_word' id='word_1_375' title='bbox 1163 2976 1294 3039; x_wconf 86' lang='grc' dir='ltr'>Θεὸς</span> <span class='ocrx_word' id='word_1_376' title='bbox 1318 2977 1425 3046; x_wconf 84' lang='grc' dir='ltr'><strong>γάρ</strong></span> <span class='ocrx_word' id='word_1_377' title='bbox 1452 2977 1600 3029; x_wconf 76' lang='grc' dir='ltr'>ἐστιν</span> <span class='ocrx_word' id='word_1_378' title='bbox 1625 2977 1652 3028; x_wconf 82' lang='grc' dir='ltr'>ὁ</span> <span class='ocrx_word' id='word_1_379' title='bbox 1672 2974 1781 3027; x_wconf 79' lang='grc' dir='ltr'>τῶν</span> 
     </span>
    </p>
   </div>
   <div class='ocr_carea' id='block_1_51' title="bbox 198 3066 1780 3140">
    <p class='ocr_par' dir='ltr' id='par_1_51' title="bbox 198 3066 1780 3140">
     <span class='ocr_line' id='line_1_51' title="bbox 198 3066 1780 3140; baseline 0 -20"><span class='ocrx_word' id='word_1_380' title='bbox 198 3066 460 3139; x_wconf 79' lang='grc' dir='ltr'><strong>δυνάμεων</strong></span> <span class='ocrx_word' id='word_1_381' title='bbox 482 3067 715 3139; x_wconf 83' lang='grc' dir='ltr'>Κύριος.</span> <span class='ocrx_word' id='word_1_382' title='bbox 740 3069 850 3122; x_wconf 81' lang='grc' dir='ltr'>Καὶ</span> <span class='ocrx_word' id='word_1_383' title='bbox 869 3067 979 3140; x_wconf 79' lang='grc' dir='ltr'><strong>γὰρ</strong></span> <span class='ocrx_word' id='word_1_384' title='bbox 1011 3069 1116 3138; x_wconf 74' lang='grc' dir='ltr'><strong>ἔφη</strong></span> <span class='ocrx_word' id='word_1_385' title='bbox 1146 3068 1378 3139; x_wconf 83' lang='grc' dir='ltr'>Χριστός</span> <span class='ocrx_word' id='word_1_386' title='bbox 1398 3086 1414 3103; x_wconf 76' lang='grc' dir='ltr'><strong><em>ο</em></strong></span> <span class='ocrx_word' id='word_1_387' title='bbox 1443 3070 1624 3138; x_wconf 70' lang='grc' dir='ltr'>Χιιιρὶς</span> <span class='ocrx_word' id='word_1_388' title='bbox 1646 3066 1780 3136; x_wconf 75' lang='grc' dir='ltr'>ἐμοῦ</span> 
     </span>
    </p>
   </div>
   <div class='ocr_carea' id='block_1_52' title="bbox 1968 2239 3485 2311">
    <p class='ocr_par' dir='ltr' id='par_1_52' title="bbox 1968 2239 3485 2311">
     <span class='ocr_line' id='line_1_52' title="bbox 1968 2239 3485 2311; baseline 0.003 -19"><span class='ocrx_word' id='word_1_389' title='bbox 1968 2239 2239 2307; x_wconf 78' lang='lat' dir='ltr'><strong>Sequitur</strong></span> <span class='ocrx_word' id='word_1_390' title='bbox 2260 2256 2391 2295; x_wconf 83' lang='lat' dir='ltr'><strong>vero</strong></span> <span class='ocrx_word' id='word_1_391' title='bbox 2419 2259 2432 2296; x_wconf 90' lang='lat'><strong>:</strong></span> <span class='ocrx_word' id='word_1_392' title='bbox 2466 2239 2605 2295; x_wconf 82' lang='lat' dir='ltr'><strong>Ecce</strong></span> <span class='ocrx_word' id='word_1_393' title='bbox 2634 2253 2687 2295; x_wconf 87' lang='lat' dir='ltr'><strong>tu</strong></span> <span class='ocrx_word' id='word_1_394' title='bbox 2714 2244 2884 2297; x_wconf 76' lang='lat' dir='ltr'><strong>irultts</strong></span> <span class='ocrx_word' id='word_1_395' title='bbox 2924 2262 2998 2307; x_wconf 83' lang='lat' dir='ltr'><strong>es,</strong></span> <span class='ocrx_word' id='word_1_396' title='bbox 3038 2255 3085 2297; x_wconf 84' lang='lat' dir='ltr'><strong>et</strong></span> <span class='ocrx_word' id='word_1_397' title='bbox 3131 2261 3223 2296; x_wconf 83' lang='lat' dir='ltr'><strong>nos</strong></span> <span class='ocrx_word' id='word_1_398' title='bbox 3246 2245 3485 2311; x_wconf 72' lang='lat' dir='ltr'><strong>peccavi-</strong></span> 
     </span>
    </p>
   </div>
   <div class='ocr_carea' id='block_1_53' title="bbox 1891 2333 3589 2403">
    <p class='ocr_par' dir='ltr' id='par_1_53' title="bbox 1891 2333 3589 2403">
     <span class='ocr_line' id='line_1_53' title="bbox 1891 2333 3589 2403; baseline 0.004 -19"><span class='ocrx_word' id='word_1_399' title='bbox 1891 2346 2049 2385; x_wconf 81' lang='lat' dir='ltr'><strong>mus:</strong></span> <span class='ocrx_word' id='word_1_400' title='bbox 2089 2342 2350 2399; x_wconf 84' lang='lat' dir='ltr'><strong>tanquam</strong></span> <span class='ocrx_word' id='word_1_401' title='bbox 2386 2348 2451 2388; x_wconf 85' lang='lat' dir='ltr'><strong>eo</strong></span> <span class='ocrx_word' id='word_1_402' title='bbox 2485 2333 2628 2403; x_wconf 86' lang='lat' dir='ltr'><strong>ipso,</strong></span> <span class='ocrx_word' id='word_1_403' title='bbox 2665 2335 2808 2402; x_wconf 89' lang='lat' dir='ltr'><strong>quod</strong></span> <span class='ocrx_word' id='word_1_404' title='bbox 2842 2338 3196 2403; x_wconf 66' lang='lat' dir='ltr'><strong>peccaverint,</strong></span> <span class='ocrx_word' id='word_1_405' title='bbox 3230 2338 3391 2390; x_wconf 80' lang='lat' dir='ltr'><strong>irasci</strong></span> <span class='ocrx_word' id='word_1_406' title='bbox 3424 2353 3484 2390; x_wconf 78' lang='lat' dir='ltr'><strong>sc</strong></span> <span class='ocrx_word' id='word_1_407' title='bbox 3576 2340 3589 2345; x_wconf 81' lang='grc'><em>’</em></span> 
     </span>
    </p>
   </div>
   <div class='ocr_carea' id='block_1_54' title="bbox 1889 2423 3475 2493">
    <p class='ocr_par' dir='ltr' id='par_1_54' title="bbox 1889 2423 3475 2493">
     <span class='ocr_line' id='line_1_54' title="bbox 1889 2423 3475 2493; baseline 0.005 -17"><span class='ocrx_word' id='word_1_408' title='bbox 1889 2423 2133 2493; x_wconf 81' lang='lat' dir='ltr'><strong>apertius</strong></span> <span class='ocrx_word' id='word_1_409' title='bbox 2178 2425 2476 2493; x_wconf 74' lang='lat' dir='ltr'><strong>signiﬁcet.</strong></span> <span class='ocrx_word' id='word_1_410' title='bbox 2532 2426 2685 2479; x_wconf 78' lang='lat' dir='ltr'><strong>Alias</strong></span> <span class='ocrx_word' id='word_1_411' title='bbox 2729 2427 2891 2479; x_wconf 69' lang='lat' dir='ltr'><strong>etiam</strong></span> <span class='ocrx_word' id='word_1_412' title='bbox 2943 2429 2985 2480; x_wconf 75' lang='lat' dir='ltr'><strong>si</strong></span> <span class='ocrx_word' id='word_1_413' title='bbox 3031 2444 3057 2480; x_wconf 84' lang='lat' dir='ltr'><strong>a</strong></span> <span class='ocrx_word' id='word_1_414' title='bbox 3097 2429 3258 2483; x_wconf 83' lang='lat' dir='ltr'><strong>nobis</strong></span> <span class='ocrx_word' id='word_1_415' title='bbox 3310 2429 3475 2493; x_wconf 76' lang='lat' dir='ltr'><strong>Deus,</strong></span> 
     </span>
    </p>
   </div>
   <div class='ocr_carea' id='block_1_55' title="bbox 1885 2516 3478 2589">
    <p class='ocr_par' dir='ltr' id='par_1_55' title="bbox 1885 2516 3478 2589">
     <span class='ocr_line' id='line_1_55' title="bbox 1885 2516 3478 2589; baseline 0.006 -24"><span class='ocrx_word' id='word_1_416' title='bbox 1885 2526 2100 2585; x_wconf 79' lang='lat' dir='ltr'><strong>propter</strong></span> <span class='ocrx_word' id='word_1_417' title='bbox 2138 2516 2469 2585; x_wconf 77' lang='lat' dir='ltr'><strong>iniquitates,</strong></span> <span class='ocrx_word' id='word_1_418' title='bbox 2508 2527 2818 2583; x_wconf 75' lang='lat' dir='ltr'><strong>avertatur;</strong></span> <span class='ocrx_word' id='word_1_419' title='bbox 2877 2521 3053 2589; x_wconf 84' lang='lat' dir='ltr'><strong>majus</strong></span> <span class='ocrx_word' id='word_1_420' title='bbox 3085 2522 3138 2574; x_wconf 91' lang='lat' dir='ltr'><strong>in</strong></span> <span class='ocrx_word' id='word_1_421' title='bbox 3170 2523 3326 2575; x_wconf 81' lang='lat' dir='ltr'><strong>nobis</strong></span> <span class='ocrx_word' id='word_1_422' title='bbox 3364 2538 3478 2575; x_wconf 87' lang='lat' dir='ltr'><strong>ma-</strong></span> 
     </span>
    </p>
   </div>
   <div class='ocr_carea' id='block_1_56' title="bbox 1886 2607 3479 2684">
    <p class='ocr_par' dir='ltr' id='par_1_56' title="bbox 1886 2607 3479 2684">
     <span class='ocr_line' id='line_1_56' title="bbox 1886 2607 3479 2684; baseline 0.004 -23"><span class='ocrx_word' id='word_1_423' title='bbox 1886 2607 1997 2661; x_wconf 90' lang='lat' dir='ltr'><strong>lmn</strong></span> <span class='ocrx_word' id='word_1_424' title='bbox 2035 2610 2371 2663; x_wconf 83' lang='lat' dir='ltr'><strong>innascitur:</strong></span> <span class='ocrx_word' id='word_1_425' title='bbox 2403 2625 2526 2664; x_wconf 88' lang='lat' dir='ltr'><strong>cum</strong></span> <span class='ocrx_word' id='word_1_426' title='bbox 2553 2612 3129 2681; x_wconf 51' lang='lat' dir='ltr'><strong>smpeqnidemwcluti</strong></span> <span class='ocrx_word' id='word_1_427' title='bbox 3155 2614 3479 2684; x_wconf 67' lang='lat' dir='ltr'><strong>pmdagogus</strong></span> 
     </span>
    </p>
   </div>
   <div class='ocr_carea' id='block_1_57' title="bbox 1886 2700 3481 2773">
    <p class='ocr_par' dir='ltr' id='par_1_57' title="bbox 1886 2700 3481 2773">
     <span class='ocr_line' id='line_1_57' title="bbox 1886 2700 3481 2773; baseline 0.003 -22"><span class='ocrx_word' id='word_1_428' title='bbox 1886 2700 2107 2769; x_wconf 88' lang='lat' dir='ltr'><strong>aliquis,</strong></span> <span class='ocrx_word' id='word_1_429' title='bbox 2132 2701 2328 2754; x_wconf 87' lang='lat' dir='ltr'><strong>minari</strong></span> <span class='ocrx_word' id='word_1_430' title='bbox 2355 2702 2733 2771; x_wconf 78' lang='lat' dir='ltr'><strong>soleat:s:epe</strong></span> <span class='ocrx_word' id='word_1_431' title='bbox 2762 2702 2927 2757; x_wconf 88' lang='lat' dir='ltr'><strong>etiam</strong></span> <span class='ocrx_word' id='word_1_432' title='bbox 2963 2704 3162 2758; x_wconf 81' lang='lat' dir='ltr'><strong>ferire:</strong></span> <span class='ocrx_word' id='word_1_433' title='bbox 3202 2715 3481 2773; x_wconf 77' lang='lat' dir='ltr'><strong>postremo</strong></span> 
     </span>
    </p>
   </div>
   <div class='ocr_carea' id='block_1_58' title="bbox 1888 2795 3483 2866">
    <p class='ocr_par' dir='ltr' id='par_1_58' title="bbox 1888 2795 3483 2866">
     <span class='ocr_line' id='line_1_58' title="bbox 1888 2795 3483 2866; baseline 0.004 -21"><span class='ocrx_word' id='word_1_434' title='bbox 1888 2800 2073 2847; x_wconf 88' lang='lat' dir='ltr'><strong>autem</strong></span> <span class='ocrx_word' id='word_1_435' title='bbox 2107 2809 2390 2862; x_wconf 80' lang='lat' dir='ltr'><strong>spernere,</strong></span> <span class='ocrx_word' id='word_1_436' title='bbox 2427 2795 2470 2849; x_wconf 90' lang='lat' dir='ltr'><strong>si</strong></span> <span class='ocrx_word' id='word_1_437' title='bbox 2498 2810 2635 2848; x_wconf 85' lang='lat' dir='ltr'><strong>nova</strong></span> <span class='ocrx_word' id='word_1_438' title='bbox 2671 2795 2953 2864; x_wconf 72' lang='lat' dir='ltr'><strong>prioribus</strong></span> <span class='ocrx_word' id='word_1_439' title='bbox 2989 2812 3209 2865; x_wconf 85' lang='lat' dir='ltr'><strong>semper</strong></span> <span class='ocrx_word' id='word_1_440' title='bbox 3243 2798 3483 2866; x_wconf 81' lang='lat' dir='ltr'><strong>adjicere</strong></span> 
     </span>
    </p>
   </div>
   <div class='ocr_carea' id='block_1_59' title="bbox 1890 2884 3483 2958">
    <p class='ocr_par' dir='ltr' id='par_1_59' title="bbox 1890 2884 3483 2958">
     <span class='ocr_line' id='line_1_59' title="bbox 1890 2884 3483 2958; baseline 0.004 -23"><span class='ocrx_word' id='word_1_441' title='bbox 1890 2894 2210 2954; x_wconf 82' lang='lat' dir='ltr'><strong>peccantem</strong></span> <span class='ocrx_word' id='word_1_442' title='bbox 2243 2886 2447 2942; x_wconf 81' lang='lat' dir='ltr'><strong>videat.</strong></span> <span class='ocrx_word' id='word_1_443' title='bbox 2485 2884 2754 2940; x_wconf 83' lang='lat' dir='ltr'><strong>Futurum</strong></span> <span class='ocrx_word' id='word_1_444' title='bbox 2795 2897 2879 2943; x_wconf 89' lang='lat' dir='ltr'><strong>cst</strong></span> <span class='ocrx_word' id='word_1_445' title='bbox 2908 2887 3081 2954; x_wconf 87' lang='lat' dir='ltr'><strong>enim,</strong></span> <span class='ocrx_word' id='word_1_446' title='bbox 3125 2895 3185 2941; x_wconf 87' lang='lat' dir='ltr'><strong>ut</strong></span> <span class='ocrx_word' id='word_1_447' title='bbox 3218 2889 3312 2958; x_wconf 89' lang='lat' dir='ltr'><strong>qui</strong></span> <span class='ocrx_word' id='word_1_448' title='bbox 3357 2890 3483 2943; x_wconf 86' lang='lat' dir='ltr'><strong>talis</strong></span> 
     </span>
    </p>
   </div>
   <div class='ocr_carea' id='block_1_60' title="bbox 1888 2978 3483 3040">
    <p class='ocr_par' dir='ltr' id='par_1_60' title="bbox 1888 2978 3483 3040">
     <span class='ocr_line' id='line_1_60' title="bbox 1888 2978 3483 3040; baseline -0.001 -8"><span class='ocrx_word' id='word_1_449' title='bbox 1888 2980 1981 3040; x_wconf 89' lang='lat' dir='ltr'><strong>sit,</strong></span> <span class='ocrx_word' id='word_1_450' title='bbox 2017 2979 2286 3031; x_wconf 87' lang='lat' dir='ltr'><strong>malorum</strong></span> <span class='ocrx_word' id='word_1_451' title='bbox 2340 2988 2490 3032; x_wconf 85' lang='lat' dir='ltr'><strong>metu</strong></span> <span class='ocrx_word' id='word_1_452' title='bbox 2537 2979 2723 3034; x_wconf 91' lang='lat' dir='ltr'><strong>minus</strong></span> <span class='ocrx_word' id='word_1_453' title='bbox 2777 2978 3065 3033; x_wconf 82' lang='lat' dir='ltr'><strong>aﬂlciatur.</strong></span> <span class='ocrx_word' id='word_1_454' title='bbox 3107 2979 3165 3033; x_wconf 89' lang='lat' dir='ltr'><strong>Si</strong></span> <span class='ocrx_word' id='word_1_455' title='bbox 3198 2980 3344 3034; x_wconf 89' lang='lat' dir='ltr'><strong>enim</strong></span> <span class='ocrx_word' id='word_1_456' title='bbox 3374 2980 3483 3035; x_wconf 85' lang='lat' dir='ltr'><strong>Deo</strong></span> 
     </span>
    </p>
   </div>
   <div class='ocr_carea' id='block_1_61' title="bbox 1888 3067 3486 3134">
    <p class='ocr_par' dir='ltr' id='par_1_61' title="bbox 1888 3067 3486 3134">
     <span class='ocr_line' id='line_1_61' title="bbox 1888 3067 3486 3134; baseline 0.003 -13"><span class='ocrx_word' id='word_1_457' title='bbox 1888 3069 2189 3122; x_wconf 83' lang='lat' dir='ltr'><strong>accedente</strong></span> <span class='ocrx_word' id='word_1_458' title='bbox 2243 3067 2372 3121; x_wconf 90' lang='lat' dir='ltr'><strong>boni</strong></span> <span class='ocrx_word' id='word_1_459' title='bbox 2428 3067 2744 3134; x_wconf 85' lang='lat' dir='ltr'><strong>reddimur;</strong></span> <span class='ocrx_word' id='word_1_460' title='bbox 2802 3069 2996 3124; x_wconf 89' lang='lat' dir='ltr'><strong>eodem</strong></span> <span class='ocrx_word' id='word_1_461' title='bbox 3042 3068 3210 3124; x_wconf 86' lang='lat' dir='ltr'><strong>etiam</strong></span> <span class='ocrx_word' id='word_1_462' title='bbox 3251 3085 3281 3122; x_wconf 88' lang='lat' dir='ltr'><strong>a</strong></span> <span class='ocrx_word' id='word_1_463' title='bbox 3324 3070 3486 3125; x_wconf 90' lang='lat' dir='ltr'><strong>nobis</strong></span> 
     </span>
    </p>
   </div>
   <div class='ocr_carea' id='block_1_62' title="bbox 199 3160 1781 3233">
    <p class='ocr_par' dir='ltr' id='par_1_62' title="bbox 199 3161 1781 3233">
     <span class='ocr_line' id='line_1_62' title="bbox 199 3161 1781 3233; baseline -0.001 -21"><span class='ocrx_word' id='word_1_464' title='bbox 199 3162 251 3213; x_wconf 84' lang='grc' dir='ltr'><strong>οὐ</strong></span> <span class='ocrx_word' id='word_1_465' title='bbox 282 3161 500 3216; x_wconf 80' lang='grc' dir='ltr'><strong>δύνασθε</strong></span> <span class='ocrx_word' id='word_1_466' title='bbox 540 3164 718 3216; x_wconf 74' lang='grc' dir='ltr'>ποιεῖν</span> <span class='ocrx_word' id='word_1_467' title='bbox 746 3161 920 3216; x_wconf 82' lang='grc' dir='ltr'>οὐδέν.</span> <span class='ocrx_word' id='word_1_468' title='bbox 959 3162 1071 3214; x_wconf 76' lang='grc' dir='ltr'>Καὶ</span> <span class='ocrx_word' id='word_1_469' title='bbox 1117 3161 1384 3233; x_wconf 71' lang='grc' dir='ltr'>περὶτῶν</span> <span class='ocrx_word' id='word_1_470' title='bbox 1420 3162 1589 3229; x_wconf 74' lang='grc' dir='ltr'>ἁγίων</span> <span class='ocrx_word' id='word_1_471' title='bbox 1620 3162 1781 3230; x_wconf 60' lang='grc' dir='ltr'>φησιν</span> 
     </span>
    </p>
   </div>
   <div class='ocr_carea' id='block_1_63' title="bbox 1888 3160 3480 3233">
    <p class='ocr_par' dir='ltr' id='par_1_63' title="bbox 1891 3160 3480 3231">
     <span class='ocr_line' id='line_1_63' title="bbox 1891 3160 3480 3231; baseline 0.003 -18"><span class='ocrx_word' id='word_1_472' title='bbox 1891 3160 2185 3215; x_wconf 56' lang='lat' dir='ltr'><strong>recedente</strong></span> <span class='ocrx_word' id='word_1_473' title='bbox 2239 3160 2534 3229; x_wconf 88' lang='lat' dir='ltr'><strong>nequiores</strong></span> <span class='ocrx_word' id='word_1_474' title='bbox 2580 3160 2739 3231; x_wconf 83' lang='lat' dir='ltr'><strong>longe</strong></span> <span class='ocrx_word' id='word_1_475' title='bbox 2789 3161 2905 3215; x_wconf 87' lang='lat' dir='ltr'><strong>lleri</strong></span> <span class='ocrx_word' id='word_1_476' title='bbox 2949 3162 3304 3230; x_wconf 58' lang='lat' dir='ltr'><strong>manifestum</strong></span> <span class='ocrx_word' id='word_1_477' title='bbox 3353 3171 3480 3217; x_wconf 85' lang='lat' dir='ltr'><strong>est:</strong></span> 
     </span>
    </p>
   </div>
   <div class='ocr_carea' id='block_1_64' title="bbox 197 3247 1781 3325">
    <p class='ocr_par' dir='ltr' id='par_1_64' title="bbox 197 3247 1781 3325">
     <span class='ocr_line' id='line_1_64' title="bbox 197 3247 1781 3325; baseline -0.001 -21"><span class='ocrx_word' id='word_1_478' title='bbox 197 3253 222 3304; x_wconf 83' lang='grc' dir='ltr'><strong>ὁ</strong></span> <span class='ocrx_word' id='word_1_479' title='bbox 248 3253 402 3307; x_wconf 79' lang='grc' dir='ltr'>Δαϐίδ</span> <span class='ocrx_word' id='word_1_480' title='bbox 425 3268 439 3284; x_wconf 75' lang='grc' dir='ltr'><strong>ο</strong></span> <span class='ocrx_word' id='word_1_481' title='bbox 476 3252 638 3306; x_wconf 74' lang='grc' dir='ltr'>«Ὅτι</span> <span class='ocrx_word' id='word_1_482' title='bbox 667 3252 730 3305; x_wconf 84' lang='grc' dir='ltr'><strong>τὸ</strong></span> <span class='ocrx_word' id='word_1_483' title='bbox 760 3251 1027 3322; x_wconf 81' lang='grc' dir='ltr'>καύχημα</span> <span class='ocrx_word' id='word_1_484' title='bbox 1055 3250 1164 3305; x_wconf 83' lang='grc' dir='ltr'>τῶν</span> <span class='ocrx_word' id='word_1_485' title='bbox 1189 3250 1690 3325; x_wconf 43' lang='grc' dir='ltr'>δυνάμεων-αὑτῶν</span> <span class='ocrx_word' id='word_1_486' title='bbox 1732 3247 1781 3303; x_wconf 75' lang='grc' dir='ltr'>εἷ</span> 
     </span>
    </p>
   </div>
   <div class='ocr_carea' id='block_1_65' title="bbox 199 3343 1779 3415">
    <p class='ocr_par' dir='ltr' id='par_1_65' title="bbox 199 3343 1779 3415">
     <span class='ocr_line' id='line_1_65' title="bbox 199 3343 1779 3415; baseline 0 -19"><span class='ocrx_word' id='word_1_487' title='bbox 199 3344 275 3400; x_wconf 82' lang='grc' dir='ltr'>σύ.</span> <span class='ocrx_word' id='word_1_488' title='bbox 307 3365 324 3398; x_wconf 88' lang='grc' dir='ltr'><strong>ι</strong></span> <span class='ocrx_word' id='word_1_489' title='bbox 352 3346 462 3403; x_wconf 77' lang='grc' dir='ltr'><strong>Καὶ</strong></span> <span class='ocrx_word' id='word_1_490' title='bbox 492 3343 733 3415; x_wconf 74' lang='grc' dir='ltr'>ἀλλαχοῦ</span> <span class='ocrx_word' id='word_1_491' title='bbox 762 3345 820 3398; x_wconf 81' lang='grc' dir='ltr'>δέ</span> <span class='ocrx_word' id='word_1_492' title='bbox 856 3361 1053 3415; x_wconf 75' lang='grc' dir='ltr'>φησιν’</span> <span class='ocrx_word' id='word_1_493' title='bbox 1090 3363 1108 3396; x_wconf 81' lang='grc' dir='ltr'><strong>ι</strong></span> <span class='ocrx_word' id='word_1_494' title='bbox 1138 3345 1251 3398; x_wconf 84' lang='grc' dir='ltr'>Οὐκ</span> <span class='ocrx_word' id='word_1_495' title='bbox 1282 3345 1372 3398; x_wconf 70' lang='grc' dir='ltr'><strong>ἐπὶ</strong></span> <span class='ocrx_word' id='word_1_496' title='bbox 1403 3344 1480 3414; x_wconf 82' lang='grc' dir='ltr'><strong>τῷ</strong></span> <span class='ocrx_word' id='word_1_497' title='bbox 1510 3343 1649 3413; x_wconf 77' lang='grc' dir='ltr'>τόξῳ</span> <span class='ocrx_word' id='word_1_498' title='bbox 1677 3362 1779 3414; x_wconf 85' lang='grc' dir='ltr'><strong>μου</strong></span> 
     </span>
    </p>
   </div>
   <div class='ocr_carea' id='block_1_66' title="bbox 194 3436 1781 3508">
    <p class='ocr_par' dir='ltr' id='par_1_66' title="bbox 194 3436 1781 3508">
     <span class='ocr_line' id='line_1_66' title="bbox 194 3436 1781 3508; baseline 0 -21"><span class='ocrx_word' id='word_1_499' title='bbox 194 3436 370 3505; x_wconf 79' lang='grc' dir='ltr'>ἑλπιιῖι,</span> <span class='ocrx_word' id='word_1_500' title='bbox 410 3439 504 3493; x_wconf 76' lang='grc' dir='ltr'><strong>καὶ</strong></span> <span class='ocrx_word' id='word_1_501' title='bbox 530 3440 566 3508; x_wconf 81' lang='grc' dir='ltr'>ἡ</span> <span class='ocrx_word' id='word_1_502' title='bbox 600 3436 847 3507; x_wconf 78' lang='grc' dir='ltr'>ῥομφαία</span> <span class='ocrx_word' id='word_1_503' title='bbox 878 3453 979 3506; x_wconf 88' lang='grc' dir='ltr'><strong>μου</strong></span> <span class='ocrx_word' id='word_1_504' title='bbox 1005 3436 1067 3489; x_wconf 78' lang='grc' dir='ltr'><strong>οὐ</strong></span> <span class='ocrx_word' id='word_1_505' title='bbox 1100 3436 1264 3489; x_wconf 85' lang='grc' dir='ltr'>σώσει</span> <span class='ocrx_word' id='word_1_506' title='bbox 1299 3436 1651 3505; x_wconf 83' lang='grc' dir='ltr'>με.Ἕσωσας</span> <span class='ocrx_word' id='word_1_507' title='bbox 1672 3437 1781 3506; x_wconf 78' lang='grc' dir='ltr'>γὰρ</span> 
     </span>
    </p>
   </div>
   <div class='ocr_carea' id='block_1_67' title="bbox 196 3527 1780 3599">
    <p class='ocr_par' dir='ltr' id='par_1_67' title="bbox 196 3527 1780 3599">
     <span class='ocr_line' id='line_1_67' title="bbox 196 3527 1780 3599; baseline -0.001 -18"><span class='ocrx_word' id='word_1_508' title='bbox 196 3530 329 3596; x_wconf 73' lang='grc' dir='ltr'>ἡμᾶς</span> <span class='ocrx_word' id='word_1_509' title='bbox 377 3531 444 3585; x_wconf 76' lang='grc' dir='ltr'>ἐκ</span> <span class='ocrx_word' id='word_1_510' title='bbox 491 3528 606 3583; x_wconf 86' lang='grc' dir='ltr'>τῶν</span> <span class='ocrx_word' id='word_1_511' title='bbox 656 3527 949 3582; x_wconf 79' lang='grc' dir='ltr'>Θλιδόντων</span> <span class='ocrx_word' id='word_1_512' title='bbox 996 3529 1164 3599; x_wconf 78' lang='grc' dir='ltr'>ἡμᾶς.</span> <span class='ocrx_word' id='word_1_513' title='bbox 1200 3546 1219 3579; x_wconf 71' lang='grc' dir='ltr'><strong>ι</strong></span> <span class='ocrx_word' id='word_1_514' title='bbox 1258 3529 1332 3580; x_wconf 84' lang='grc' dir='ltr'><strong>Οὐ</strong></span> <span class='ocrx_word' id='word_1_515' title='bbox 1376 3527 1486 3598; x_wconf 72' lang='grc' dir='ltr'>γὰρ</span> <span class='ocrx_word' id='word_1_516' title='bbox 1532 3528 1617 3594; x_wconf 83' lang='grc' dir='ltr'><strong>ἐφ’</strong></span> <span class='ocrx_word' id='word_1_517' title='bbox 1647 3528 1780 3596; x_wconf 78' lang='grc' dir='ltr'>ἡμῖν</span> 
     </span>
    </p>
   </div>
   <div class='ocr_carea' id='block_1_68' title="bbox 193 3618 1776 3691">
    <p class='ocr_par' dir='ltr' id='par_1_68' title="bbox 193 3618 1776 3691">
     <span class='ocr_line' id='line_1_68' title="bbox 193 3618 1776 3691; baseline -0.002 -18"><span class='ocrx_word' id='word_1_518' title='bbox 193 3622 469 3690; x_wconf 83' lang='grc' dir='ltr'>τοσοῦτον,</span> <span class='ocrx_word' id='word_1_519' title='bbox 506 3624 637 3677; x_wconf 71' lang='grc' dir='ltr'>ὅσον</span> <span class='ocrx_word' id='word_1_520' title='bbox 683 3623 741 3675; x_wconf 82' lang='grc' dir='ltr'><strong>ὲν</strong></span> <span class='ocrx_word' id='word_1_521' title='bbox 784 3620 925 3691; x_wconf 75' lang='grc' dir='ltr'>Θεῷ,</span> <span class='ocrx_word' id='word_1_522' title='bbox 968 3621 1069 3690; x_wconf 80' lang='grc' dir='ltr'><strong>τῆς</strong></span> <span class='ocrx_word' id='word_1_523' title='bbox 1120 3620 1396 3691; x_wconf 81' lang='grc' dir='ltr'>σωτηρίας</span> <span class='ocrx_word' id='word_1_524' title='bbox 1444 3621 1477 3686; x_wconf 84' lang='grc' dir='ltr'>ἠ</span> <span class='ocrx_word' id='word_1_525' title='bbox 1527 3618 1776 3688; x_wconf 84' lang='grc' dir='ltr'>δύναμις.</span> 
     </span>
    </p>
   </div>
   <div class='ocr_carea' id='block_1_69' title="bbox 206 3709 1778 3782">
    <p class='ocr_par' dir='ltr' id='par_1_69' title="bbox 206 3709 1778 3782">
     <span class='ocr_line' id='line_1_69' title="bbox 206 3709 1778 3782; baseline -0.004 -15"><span class='ocrx_word' id='word_1_526' title='bbox 206 3713 356 3769; x_wconf 79' lang='grc' dir='ltr'>Ἀλλὰ</span> <span class='ocrx_word' id='word_1_527' title='bbox 381 3717 478 3769; x_wconf 69' lang='grc' dir='ltr'><strong>καὶ</strong></span> <span class='ocrx_word' id='word_1_528' title='bbox 515 3712 970 3782; x_wconf 73' lang='grc' dir='ltr'><strong>ἐπλανήθημεν,</strong></span> <span class='ocrx_word' id='word_1_529' title='bbox 999 3712 1154 3782; x_wconf 64' lang='grc' dir='ltr'>φησι,</span> <span class='ocrx_word' id='word_1_530' title='bbox 1182 3710 1281 3764; x_wconf 78' lang='grc' dir='ltr'><strong>καί</strong></span> <span class='ocrx_word' id='word_1_531' title='bbox 1309 3710 1678 3779; x_wconf 69' lang='grc' dir='ltr'><strong>ἐγενήθημεν</strong></span> <span class='ocrx_word' id='word_1_532' title='bbox 1698 3709 1778 3773; x_wconf 85' lang='grc' dir='ltr'>ὡς</span> 
     </span>
    </p>
   </div>
   <div class='ocr_carea' id='block_1_70' title="bbox 194 3802 1777 3878">
    <p class='ocr_par' dir='ltr' id='par_1_70' title="bbox 194 3802 1777 3878">
     <span class='ocr_line' id='line_1_70' title="bbox 194 3802 1777 3878; baseline -0.004 -18"><span class='ocrx_word' id='word_1_533' title='bbox 194 3807 527 3878; x_wconf 78' lang='grc' dir='ltr'>ἀκάθαρτοι.</span> <span class='ocrx_word' id='word_1_534' title='bbox 563 3809 625 3861; x_wconf 82' lang='grc' dir='ltr'><strong>Εἰ</strong></span> <span class='ocrx_word' id='word_1_535' title='bbox 654 3807 710 3861; x_wconf 85' lang='grc' dir='ltr'>δὲ</span> <span class='ocrx_word' id='word_1_536' title='bbox 743 3807 840 3860; x_wconf 81' lang='grc' dir='ltr'>καὶ</span> <span class='ocrx_word' id='word_1_537' title='bbox 865 3806 1007 3872; x_wconf 81' lang='grc' dir='ltr'>δόξει</span> <span class='ocrx_word' id='word_1_538' title='bbox 1038 3823 1121 3870; x_wconf 86' lang='grc' dir='ltr'><strong>τις</strong></span> <span class='ocrx_word' id='word_1_539' title='bbox 1160 3807 1217 3859; x_wconf 76' lang='grc' dir='ltr'><strong>ἐν</strong></span> <span class='ocrx_word' id='word_1_540' title='bbox 1249 3806 1378 3875; x_wconf 76' lang='grc' dir='ltr'>ἡμῖν</span> <span class='ocrx_word' id='word_1_541' title='bbox 1407 3802 1609 3856; x_wconf 81' lang='grc' dir='ltr'>δικαία</span> <span class='ocrx_word' id='word_1_542' title='bbox 1630 3803 1777 3873; x_wconf 77' lang='grc' dir='ltr'>πρᾶ-</span> 
     </span>
    </p>
   </div>
   <div class='ocr_carea' id='block_1_71' title="bbox 195 3896 1778 3974">
    <p class='ocr_par' dir='ltr' id='par_1_71' title="bbox 195 3896 1778 3974">
     <span class='ocr_line' id='line_1_71' title="bbox 195 3896 1778 3974; baseline -0.016 -21"><span class='ocrx_word' id='word_1_543' title='bbox 195 3901 263 3965; x_wconf 80' lang='grc' dir='ltr'><strong>ξις</strong></span> <span class='ocrx_word' id='word_1_544' title='bbox 294 3902 670 3974; x_wconf 82' lang='grc' dir='ltr'>εὑρίσκεσθαι,</span> <span class='ocrx_word' id='word_1_545' title='bbox 707 3898 1102 3969; x_wconf 76' lang='grc' dir='ltr'>ἑρῤυπωμένη</span> <span class='ocrx_word' id='word_1_546' title='bbox 1162 3898 1258 3952; x_wconf 65' lang='grc' dir='ltr'><strong>καὶ</strong></span> <span class='ocrx_word' id='word_1_547' title='bbox 1292 3896 1432 3967; x_wconf 65' lang='grc' dir='ltr'>αὕτη</span> <span class='ocrx_word' id='word_1_548' title='bbox 1459 3897 1553 3950; x_wconf 57' lang='grc' dir='ltr'><strong>καὶ</strong></span> <span class='ocrx_word' id='word_1_549' title='bbox 1582 3897 1778 3967; x_wconf 64' lang='grc' dir='ltr'><strong>ἄτιμος</strong></span> 
     </span>
    </p>
   </div>
   <div class='ocr_carea' id='block_1_72' title="bbox 192 3990 1779 4066">
    <p class='ocr_par' dir='ltr' id='par_1_72' title="bbox 192 3990 1779 4066">
     <span class='ocr_line' id='line_1_72' title="bbox 192 3990 1779 4066; baseline -0.003 -20"><span class='ocrx_word' id='word_1_550' title='bbox 192 3994 552 4066; x_wconf 76' lang='grc' dir='ltr'>ἐξελέγχεται.</span> <span class='ocrx_word' id='word_1_551' title='bbox 584 3994 693 4047; x_wconf 74' lang='grc' dir='ltr'><strong>Καὶ</strong></span> <span class='ocrx_word' id='word_1_552' title='bbox 720 3993 839 4056; x_wconf 83' lang='grc' dir='ltr'><strong>πῶς</strong></span> <span class='ocrx_word' id='word_1_553' title='bbox 868 3993 977 4063; x_wconf 79' lang='grc' dir='ltr'><strong>γὰρ</strong></span> <span class='ocrx_word' id='word_1_554' title='bbox 1009 3992 1076 4046; x_wconf 87' lang='grc' dir='ltr'>ἂν</span> <span class='ocrx_word' id='word_1_555' title='bbox 1122 3991 1208 4059; x_wconf 75' lang='grc' dir='ltr'>εἴη</span> <span class='ocrx_word' id='word_1_556' title='bbox 1255 3990 1611 4066; x_wconf 48' lang='grc' dir='ltr'>δικαιοοξύνη</span> <span class='ocrx_word' id='word_1_557' title='bbox 1638 3990 1779 4061; x_wconf 86' lang='grc' dir='ltr'>παρ’</span> 
     </span>
    </p>
   </div>
   <div class='ocr_carea' id='block_1_73' title="bbox 192 4080 1772 4153">
    <p class='ocr_par' dir='ltr' id='par_1_73' title="bbox 192 4080 1772 4153">
     <span class='ocr_line' id='line_1_73' title="bbox 192 4080 1772 4153; baseline 0.002 -20"><span class='ocrx_word' id='word_1_558' title='bbox 192 4082 365 4147; x_wconf 76' lang='grc' dir='ltr'>αὐτοῖς</span> <span class='ocrx_word' id='word_1_559' title='bbox 394 4087 477 4149; x_wconf 81' lang='grc' dir='ltr'><strong>είς</strong></span> <span class='ocrx_word' id='word_1_560' title='bbox 502 4082 741 4153; x_wconf 85' lang='grc' dir='ltr'>Χριστὸν</span> <span class='ocrx_word' id='word_1_561' title='bbox 765 4081 1065 4153; x_wconf 76' lang='grc' dir='ltr'>ἠσεϐηκόσι</span> <span class='ocrx_word' id='word_1_562' title='bbox 1085 4120 1100 4145; x_wconf 91' lang='grc'><strong>,</strong></span> <span class='ocrx_word' id='word_1_563' title='bbox 1142 4081 1242 4152; x_wconf 81' lang='grc' dir='ltr'>τὴν</span> <span class='ocrx_word' id='word_1_564' title='bbox 1268 4080 1438 4143; x_wconf 75' lang='grc' dir='ltr'>ὅντως</span> <span class='ocrx_word' id='word_1_565' title='bbox 1466 4080 1772 4136; x_wconf 81' lang='grc' dir='ltr'>δικαιοσύ-</span> 
     </span>
    </p>
   </div>
   <div class='ocr_carea' id='block_1_74' title="bbox 190 4172 1777 4244">
    <p class='ocr_par' dir='ltr' id='par_1_74' title="bbox 190 4172 1777 4244">
     <span class='ocr_line' id='line_1_74' title="bbox 190 4172 1777 4244; baseline 0.004 -24"><span class='ocrx_word' id='word_1_566' title='bbox 190 4176 697 4244; x_wconf 70' lang='grc' dir='ltr'><strong>νην;“Αχάθαρτοι</strong></span> <span class='ocrx_word' id='word_1_567' title='bbox 726 4176 930 4239; x_wconf 76' lang='grc' dir='ltr'>τοίνυν,</span> <span class='ocrx_word' id='word_1_568' title='bbox 962 4172 1068 4227; x_wconf 77' lang='grc' dir='ltr'>κᾶν</span> <span class='ocrx_word' id='word_1_569' title='bbox 1097 4173 1307 4231; x_wconf 63' lang='grc' dir='ltr'>δοκοῖεν</span> <span class='ocrx_word' id='word_1_570' title='bbox 1337 4190 1482 4236; x_wconf 86' lang='grc' dir='ltr'>τινες</span> <span class='ocrx_word' id='word_1_571' title='bbox 1514 4174 1777 4238; x_wconf 79' lang='grc' dir='ltr'>ἐπιεικεῖς</span> 
     </span>
    </p>
   </div>
   <div class='ocr_carea' id='block_1_75' title="bbox 192 4263 1780 4335">
    <p class='ocr_par' dir='ltr' id='par_1_75' title="bbox 192 4263 1780 4335">
     <span class='ocr_line' id='line_1_75' title="bbox 192 4263 1780 4335; baseline 0.001 -18"><span class='ocrx_word' id='word_1_572' title='bbox 192 4264 245 4317; x_wconf 70' lang='grc' dir='ltr'><strong>ὲν</strong></span> <span class='ocrx_word' id='word_1_573' title='bbox 276 4266 480 4328; x_wconf 72' lang='grc' dir='ltr'>αὐτοῖς.</span> <span class='ocrx_word' id='word_1_574' title='bbox 522 4265 642 4318; x_wconf 82' lang='grc' dir='ltr'>Κᾶν</span> <span class='ocrx_word' id='word_1_575' title='bbox 670 4264 779 4335; x_wconf 77' lang='grc' dir='ltr'>γὰρ</span> <span class='ocrx_word' id='word_1_576' title='bbox 814 4265 1185 4335; x_wconf 83' lang='grc' dir='ltr'>παρατηροῖεν</span> <span class='ocrx_word' id='word_1_577' title='bbox 1226 4263 1325 4326; x_wconf 80' lang='grc' dir='ltr'>τὰς</span> <span class='ocrx_word' id='word_1_578' title='bbox 1372 4263 1613 4329; x_wconf 70' lang='grc' dir='ltr'>ἐντολὰς,</span> <span class='ocrx_word' id='word_1_579' title='bbox 1643 4263 1780 4318; x_wconf 78' lang='grc' dir='ltr'><strong>ἀλλὰ</strong></span> 
     </span>
    </p>
   </div>
   <div class='ocr_carea' id='block_1_76' title="bbox 190 4352 1780 4427">
    <p class='ocr_par' dir='ltr' id='par_1_76' title="bbox 190 4352 1780 4427">
     <span class='ocr_line' id='line_1_76' title="bbox 190 4352 1780 4427; baseline -0.001 -17"><span class='ocrx_word' id='word_1_580' title='bbox 190 4356 422 4411; x_wconf 85' lang='grc' dir='ltr'>διάθεσιν</span> <span class='ocrx_word' id='word_1_581' title='bbox 445 4359 550 4411; x_wconf 78' lang='grc' dir='ltr'><strong>οὐκ</strong></span> <span class='ocrx_word' id='word_1_582' title='bbox 584 4356 771 4427; x_wconf 83' lang='grc' dir='ltr'>ἔχουσι</span> <span class='ocrx_word' id='word_1_583' title='bbox 815 4354 950 4425; x_wconf 84' lang='grc' dir='ltr'>πρὸς</span> <span class='ocrx_word' id='word_1_584' title='bbox 978 4356 1131 4408; x_wconf 75' lang='grc' dir='ltr'>Θεὸν.</span> <span class='ocrx_word' id='word_1_585' title='bbox 1166 4352 1340 4409; x_wconf 79' lang='grc' dir='ltr'>Τοῦτο</span> <span class='ocrx_word' id='word_1_586' title='bbox 1362 4355 1418 4407; x_wconf 84' lang='grc' dir='ltr'><strong>δὲ</strong></span> <span class='ocrx_word' id='word_1_587' title='bbox 1451 4356 1545 4407; x_wconf 69' lang='grc' dir='ltr'><strong>καὶ</strong></span> <span class='ocrx_word' id='word_1_588' title='bbox 1574 4355 1780 4423; x_wconf 71' lang='grc' dir='ltr'>ἔκρου-</span> 
     </span>
    </p>
   </div>
   <div class='ocr_carea' id='block_1_77' title="bbox 188 4444 1780 4517">
    <p class='ocr_par' dir='ltr' id='par_1_77' title="bbox 188 4444 1780 4517">
     <span class='ocr_line' id='line_1_77' title="bbox 188 4444 1780 4517; baseline -0.001 -18"><span class='ocrx_word' id='word_1_589' title='bbox 188 4463 287 4500; x_wconf 82' lang='grc' dir='ltr'>σιν</span> <span class='ocrx_word' id='word_1_590' title='bbox 313 4448 482 4517; x_wconf 72' lang='grc' dir='ltr'>ἡμῖν,</span> <span class='ocrx_word' id='word_1_591' title='bbox 506 4447 590 4513; x_wconf 88' lang='grc' dir='ltr'>ὠς</span> <span class='ocrx_word' id='word_1_592' title='bbox 632 4446 896 4517; x_wconf 69' lang='grc' dir='ltr'><strong>φύλλοις</strong></span> <span class='ocrx_word' id='word_1_593' title='bbox 923 4446 992 4499; x_wconf 81' lang='grc' dir='ltr'>ἐκ</span> <span class='ocrx_word' id='word_1_594' title='bbox 1014 4444 1267 4512; x_wconf 81' lang='grc' dir='ltr'><strong>δένδρου</strong></span> <span class='ocrx_word' id='word_1_595' title='bbox 1319 4444 1643 4513; x_wconf 81' lang='grc' dir='ltr'>πεποίηκεν,</span> <span class='ocrx_word' id='word_1_596' title='bbox 1679 4445 1780 4516; x_wconf 82' lang='grc' dir='ltr'>τῆς</span> 
     </span>
    </p>
   </div>
   <div class='ocr_carea' id='block_1_78' title="bbox 187 4536 1778 4613">
    <p class='ocr_par' dir='ltr' id='par_1_78' title="bbox 187 4536 1778 4613">
     <span class='ocr_line' id='line_1_78' title="bbox 187 4536 1778 4613; baseline -0.002 -20"><span class='ocrx_word' id='word_1_597' title='bbox 187 4539 394 4593; x_wconf 79' lang='grc' dir='ltr'>ἑαυτῶν</span> <span class='ocrx_word' id='word_1_598' title='bbox 444 4540 604 4611; x_wconf 71' lang='grc' dir='ltr'>ῥίζης</span> <span class='ocrx_word' id='word_1_599' title='bbox 654 4537 1063 4613; x_wconf 74' lang='grc' dir='ltr'>ἐκπεπτωκόσι.</span> <span class='ocrx_word' id='word_1_600' title='bbox 1097 4537 1207 4590; x_wconf 69' lang='grc' dir='ltr'><strong>Καὶ</strong></span> <span class='ocrx_word' id='word_1_601' title='bbox 1254 4539 1282 4591; x_wconf 88' lang='grc' dir='ltr'>ὁ</span> <span class='ocrx_word' id='word_1_602' title='bbox 1319 4536 1419 4607; x_wconf 82' lang='grc' dir='ltr'>μὲν</span> <span class='ocrx_word' id='word_1_603' title='bbox 1454 4537 1778 4601; x_wconf 78' lang='grc' dir='ltr'>Ἀπόστολος</span> 
     </span>
    </p>
   </div>
   <div class='ocr_carea' id='block_1_79' title="bbox 185 4629 1777 4703">
    <p class='ocr_par' dir='ltr' id='par_1_79' title="bbox 185 4629 1777 4703">
     <span class='ocr_line' id='line_1_79' title="bbox 185 4629 1777 4703; baseline -0.001 -18"><span class='ocrx_word' id='word_1_604' title='bbox 185 4632 275 4685; x_wconf 83' lang='grc' dir='ltr'><strong>τοῦ</strong></span> <span class='ocrx_word' id='word_1_605' title='bbox 302 4633 493 4698; x_wconf 71' lang='grc' dir='ltr'>ἔθνους</span> <span class='ocrx_word' id='word_1_606' title='bbox 524 4630 871 4703; x_wconf 84' lang='grc' dir='ltr'>κατηγορῶν,</span> <span class='ocrx_word' id='word_1_607' title='bbox 898 4631 973 4694; x_wconf 82' lang='grc' dir='ltr'><strong>ὡς</strong></span> <span class='ocrx_word' id='word_1_608' title='bbox 1008 4629 1237 4693; x_wconf 82' lang='grc' dir='ltr'>κλάδους</span> <span class='ocrx_word' id='word_1_609' title='bbox 1285 4631 1393 4684; x_wconf 83' lang='grc' dir='ltr'>ἀπὸ</span> <span class='ocrx_word' id='word_1_610' title='bbox 1432 4630 1649 4701; x_wconf 80' lang='grc' dir='ltr'>δένδρου</span> <span class='ocrx_word' id='word_1_611' title='bbox 1681 4647 1777 4683; x_wconf 58' lang='grc' dir='ltr'>κεν</span> 
     </span>
    </p>
   </div>
   <div class='ocr_carea' id='block_1_80' title="bbox 187 4721 1776 4793">
    <p class='ocr_par' dir='ltr' id='par_1_80' title="bbox 187 4721 1776 4793">
     <span class='ocr_line' id='line_1_80' title="bbox 187 4721 1776 4793; baseline -0.001 -17"><span class='ocrx_word' id='word_1_612' title='bbox 187 4722 418 4778; x_wconf 78' lang='grc' dir='ltr'>κλᾶσθαί</span> <span class='ocrx_word' id='word_1_613' title='bbox 474 4740 662 4793; x_wconf 86' lang='grc' dir='ltr'>φησιν.</span> <span class='ocrx_word' id='word_1_614' title='bbox 698 4722 758 4775; x_wconf 82' lang='grc' dir='ltr'>Ὀ</span> <span class='ocrx_word' id='word_1_615' title='bbox 810 4721 868 4775; x_wconf 74' lang='grc' dir='ltr'>δὲ</span> <span class='ocrx_word' id='word_1_616' title='bbox 921 4723 1020 4780; x_wconf 71' lang='grc' dir='ltr'>τὴν</span> <span class='ocrx_word' id='word_1_617' title='bbox 1072 4723 1411 4793; x_wconf 82' lang='grc' dir='ltr'>κατηγορίαν</span> <span class='ocrx_word' id='word_1_618' title='bbox 1466 4722 1776 4788; x_wconf 78' lang='grc' dir='ltr'>ἐπιτείνων,</span> 
     </span>
    </p>
   </div>
   <div class='ocr_carea' id='block_1_81' title="bbox 186 4816 1780 4888">
    <p class='ocr_par' dir='ltr' id='par_1_81' title="bbox 186 4816 1780 4888">
     <span class='ocr_line' id='line_1_81' title="bbox 186 4816 1780 4888; baseline -0.002 -18"><span class='ocrx_word' id='word_1_619' title='bbox 186 4819 445 4886; x_wconf 66' lang='grc' dir='ltr'>φύλλοις</span> <span class='ocrx_word' id='word_1_620' title='bbox 464 4817 773 4888; x_wconf 78' lang='grc' dir='ltr'>παρέϐαλεν</span> <span class='ocrx_word' id='word_1_621' title='bbox 794 4816 855 4883; x_wconf 78' lang='grc' dir='ltr'>ἐξ</span> <span class='ocrx_word' id='word_1_622' title='bbox 884 4816 1086 4887; x_wconf 81' lang='grc' dir='ltr'>ἀνέμου</span> <span class='ocrx_word' id='word_1_623' title='bbox 1107 4817 1362 4885; x_wconf 79' lang='grc' dir='ltr'>ῥιφείσιν.</span> <span class='ocrx_word' id='word_1_624' title='bbox 1388 4816 1780 4886; x_wconf 80' lang='grc' dir='ltr'>Εὐπαρακόμι-</span> 
     </span>
    </p>
   </div>
   <div class='ocr_carea' id='block_1_82' title="bbox 189 4901 1779 4981">
    <p class='ocr_par' dir='ltr' id='par_1_82' title="bbox 189 4901 1779 4981">
     <span class='ocr_line' id='line_1_82' title="bbox 189 4901 1779 4981; baseline -0.001 -20"><span class='ocrx_word' id='word_1_625' title='bbox 189 4925 309 4963; x_wconf 90' lang='grc' dir='ltr'>στον</span> <span class='ocrx_word' id='word_1_626' title='bbox 337 4912 452 4981; x_wconf 78' lang='grc' dir='ltr'>γὰρ</span> <span class='ocrx_word' id='word_1_627' title='bbox 486 4911 757 4981; x_wconf 73' lang='grc' dir='ltr'>ἐσχήκασι</span> <span class='ocrx_word' id='word_1_628' title='bbox 794 4906 896 4979; x_wconf 80' lang='grc' dir='ltr'>τὴν</span> <span class='ocrx_word' id='word_1_629' title='bbox 924 4906 1153 4977; x_wconf 82' lang='grc' dir='ltr'>καρδίαν</span> <span class='ocrx_word' id='word_1_630' title='bbox 1172 4946 1187 4972; x_wconf 94' lang='grc'><strong>,</strong></span> <span class='ocrx_word' id='word_1_631' title='bbox 1223 4908 1320 4961; x_wconf 80' lang='grc' dir='ltr'>καὶ</span> <span class='ocrx_word' id='word_1_632' title='bbox 1349 4901 1461 4960; x_wconf 80' lang='grc' dir='ltr'>οἷον</span> <span class='ocrx_word' id='word_1_633' title='bbox 1488 4910 1651 4961; x_wconf 78' lang='grc' dir='ltr'>παντὶ</span> <span class='ocrx_word' id='word_1_634' title='bbox 1682 4924 1779 4960; x_wconf 87' lang='grc' dir='ltr'>πε-</span> 
     </span>
    </p>
   </div>
   <div class='ocr_carea' id='block_1_83' title="bbox 188 4994 1776 5072">
    <p class='ocr_par' dir='ltr' id='par_1_83' title="bbox 188 4994 1776 5072">
     <span class='ocr_line' id='line_1_83' title="bbox 188 4994 1776 5072; baseline 0 -19"><span class='ocrx_word' id='word_1_635' title='bbox 188 5002 560 5072; x_wconf 76' lang='grc' dir='ltr'>ριφερομένην</span> <span class='ocrx_word' id='word_1_636' title='bbox 612 5000 911 5072; x_wconf 85' lang='grc' dir='ltr'>πνεύματι.</span> <span class='ocrx_word' id='word_1_637' title='bbox 944 4999 1057 5053; x_wconf 73' lang='grc' dir='ltr'><strong>Καὶ</strong></span> <span class='ocrx_word' id='word_1_638' title='bbox 1113 5000 1229 5063; x_wconf 83' lang='grc' dir='ltr'>πῶς</span> <span class='ocrx_word' id='word_1_639' title='bbox 1278 5000 1389 5070; x_wconf 74' lang='grc' dir='ltr'>γὰρ</span> <span class='ocrx_word' id='word_1_640' title='bbox 1423 4994 1495 5070; x_wconf 79' lang='grc' dir='ltr'><strong>ἦν</strong></span> <span class='ocrx_word' id='word_1_641' title='bbox 1526 5001 1672 5071; x_wconf 82' lang='grc' dir='ltr'>ἡμᾶς</span> <span class='ocrx_word' id='word_1_642' title='bbox 1717 4995 1776 5053; x_wconf 79' lang='grc' dir='ltr'><strong>εὖ</strong></span> 
     </span>
    </p>
   </div>
   <div class='ocr_carea' id='block_1_84' title="bbox 186 5092 1777 5165">
    <p class='ocr_par' dir='ltr' id='par_1_84' title="bbox 186 5092 1777 5165">
     <span class='ocr_line' id='line_1_84' title="bbox 186 5092 1777 5165; baseline 0 -20"><span class='ocrx_word' id='word_1_643' title='bbox 186 5094 390 5163; x_wconf 79' lang='grc' dir='ltr'>πρᾶξαι</span> <span class='ocrx_word' id='word_1_644' title='bbox 420 5095 522 5165; x_wconf 84' lang='grc' dir='ltr'>τὴν</span> <span class='ocrx_word' id='word_1_645' title='bbox 545 5093 948 5163; x_wconf 62' lang='grc' dir='ltr'>ἀποστροφὴν</span> <span class='ocrx_word' id='word_1_646' title='bbox 977 5093 1077 5164; x_wconf 82' lang='grc' dir='ltr'>τὴν</span> <span class='ocrx_word' id='word_1_647' title='bbox 1102 5092 1254 5164; x_wconf 79' lang='grc' dir='ltr'>παρὰ</span> <span class='ocrx_word' id='word_1_648' title='bbox 1279 5093 1399 5156; x_wconf 88' lang='grc' dir='ltr'>σοῦ,</span> <span class='ocrx_word' id='word_1_649' title='bbox 1425 5094 1612 5163; x_wconf 63' lang='grc' dir='ltr'>φησιν,</span> <span class='ocrx_word' id='word_1_650' title='bbox 1642 5094 1777 5147; x_wconf 81' lang='grc' dir='ltr'>ὑπο-</span> 
     </span>
    </p>
   </div>
   <div class='ocr_carea' id='block_1_85' title="bbox 146 5171 1777 5257">
    <p class='ocr_par' dir='ltr' id='par_1_85' title="bbox 146 5171 1777 5257">
     <span class='ocr_line' id='line_1_85' title="bbox 146 5171 1777 5257; baseline 0.001 -20"><span class='ocrx_word' id='word_1_651' title='bbox 146 5246 153 5257; x_wconf 38' lang='grc'><strong>,</strong></span> <span class='ocrx_word' id='word_1_652' title='bbox 189 5186 515 5255; x_wconf 71' lang='grc' dir='ltr'>μείνανταςς</span> <span class='ocrx_word' id='word_1_653' title='bbox 550 5186 688 5240; x_wconf 76' lang='grc' dir='ltr'><strong>Οὐδὲ</strong></span> <span class='ocrx_word' id='word_1_654' title='bbox 718 5186 828 5257; x_wconf 86' lang='grc' dir='ltr'><strong>γὰρ</strong></span> <span class='ocrx_word' id='word_1_655' title='bbox 856 5186 1060 5257; x_wconf 81' lang='grc' dir='ltr'>εὑρέθη</span> <span class='ocrx_word' id='word_1_656' title='bbox 1094 5203 1181 5248; x_wconf 84' lang='grc' dir='ltr'><strong>τις</strong></span> <span class='ocrx_word' id='word_1_657' title='bbox 1208 5187 1267 5240; x_wconf 82' lang='grc' dir='ltr'><strong>ὲν</strong></span> <span class='ocrx_word' id='word_1_658' title='bbox 1291 5171 1425 5256; x_wconf 63' lang='grc' dir='ltr'>ἡμῖν</span> <span class='ocrx_word' id='word_1_659' title='bbox 1451 5186 1480 5237; x_wconf 84' lang='grc' dir='ltr'><strong>ὁ</strong></span> <span class='ocrx_word' id='word_1_660' title='bbox 1520 5185 1777 5256; x_wconf 76' lang='grc' dir='ltr'>δυσωπῆ-</span> 
     </span>
    </p>
   </div>
   <div class='ocr_carea' id='block_1_86' title="bbox 186 5279 1599 5350">
    <p class='ocr_par' dir='ltr' id='par_1_86' title="bbox 186 5279 1599 5350">
     <span class='ocr_line' id='line_1_86' title="bbox 186 5279 1599 5350; baseline 0.001 -19"><span class='ocrx_word' id='word_1_661' title='bbox 186 5294 273 5331; x_wconf 91' lang='grc' dir='ltr'><strong>σαι</strong></span> <span class='ocrx_word' id='word_1_662' title='bbox 300 5279 603 5350; x_wconf 83' lang='grc' dir='ltr'>δυνάμενός</span> <span class='ocrx_word' id='word_1_663' title='bbox 634 5296 692 5332; x_wconf 89' lang='grc' dir='ltr'><strong>σε</strong></span> <span class='ocrx_word' id='word_1_664' title='bbox 724 5279 1086 5347; x_wconf 79' lang='grc' dir='ltr'>δικαιοσύνῃ</span> <span class='ocrx_word' id='word_1_665' title='bbox 1120 5279 1216 5333; x_wconf 69' lang='grc' dir='ltr'>καὶ</span> <span class='ocrx_word' id='word_1_666' title='bbox 1246 5280 1599 5349; x_wconf 78' lang='grc' dir='ltr'>προσευχαῖς.</span> 
     </span>
    </p>
   </div>
   <div class='ocr_carea' id='block_1_87' title="bbox 1883 3249 3480 3320">
    <p class='ocr_par' dir='ltr' id='par_1_87' title="bbox 1883 3249 3480 3320">
     <span class='ocr_line' id='line_1_87' title="bbox 1883 3249 3480 3320; baseline 0.001 -17"><span class='ocrx_word' id='word_1_667' title='bbox 1883 3266 2009 3303; x_wconf 87' lang='lat' dir='ltr'><strong>cum</strong></span> <span class='ocrx_word' id='word_1_668' title='bbox 2045 3249 2216 3305; x_wconf 78' lang='lat' dir='ltr'><strong>Deum</strong></span> <span class='ocrx_word' id='word_1_669' title='bbox 2242 3265 2367 3306; x_wconf 86' lang='lat' dir='ltr'><strong>esse</strong></span> <span class='ocrx_word' id='word_1_670' title='bbox 2390 3250 2662 3305; x_wconf 91' lang='lat' dir='ltr'><strong>virtutum</strong></span> <span class='ocrx_word' id='word_1_671' title='bbox 2698 3251 2989 3306; x_wconf 89' lang='lat' dir='ltr'><strong>Dominum</strong></span> <span class='ocrx_word' id='word_1_672' title='bbox 3022 3267 3184 3307; x_wconf 90' lang='lat' dir='ltr'><strong>nemo</strong></span> <span class='ocrx_word' id='word_1_673' title='bbox 3220 3253 3480 3320; x_wconf 79' lang='lat' dir='ltr'><strong>ambigat:</strong></span> 
     </span>
    </p>
   </div>
   <div class='ocr_carea' id='block_1_88' title="bbox 1881 3320 3513 3415">
    <p class='ocr_par' dir='ltr' id='par_1_88' title="bbox 1881 3320 3513 3415">
     <span class='ocr_line' id='line_1_88' title="bbox 1881 3320 3513 3415; baseline 0.003 -22"><span class='ocrx_word' id='word_1_674' title='bbox 1881 3357 2009 3394; x_wconf 90' lang='lat' dir='ltr'><strong>cum</strong></span> <span class='ocrx_word' id='word_1_675' title='bbox 2062 3340 2343 3395; x_wconf 78' lang='lat' dir='ltr'><strong>Christum</strong></span> <span class='ocrx_word' id='word_1_676' title='bbox 2394 3342 2561 3395; x_wconf 88' lang='lat' dir='ltr'><strong>etiam</strong></span> <span class='ocrx_word' id='word_1_677' title='bbox 2640 3342 2853 3410; x_wconf 88' lang='lat' dir='ltr'><strong>absque</strong></span> <span class='ocrx_word' id='word_1_678' title='bbox 2925 3360 2984 3399; x_wconf 93' lang='lat' dir='ltr'><strong>se</strong></span> <span class='ocrx_word' id='word_1_679' title='bbox 3050 3344 3189 3398; x_wconf 89' lang='lat' dir='ltr'><strong>nihil</strong></span> <span class='ocrx_word' id='word_1_680' title='bbox 3237 3320 3513 3415; x_wconf 45' lang='lat' dir='ltr'><strong>przcstari’</strong></span> 
     </span>
    </p>
   </div>
   <div class='ocr_carea' id='block_1_89' title="bbox 1882 3432 3488 3506">
    <p class='ocr_par' dir='ltr' id='par_1_89' title="bbox 1882 3432 3488 3506">
     <span class='ocr_line' id='line_1_89' title="bbox 1882 3432 3488 3506; baseline 0.002 -20"><span class='ocrx_word' id='word_1_681' title='bbox 1882 3446 2067 3503; x_wconf 85' lang='lat' dir='ltr'><strong>posse,</strong></span> <span class='ocrx_word' id='word_1_682' title='bbox 2097 3432 2399 3489; x_wconf 80' lang='lat' dir='ltr'><strong>aﬂlrmasse</strong></span> <span class='ocrx_word' id='word_1_683' title='bbox 2429 3443 2640 3488; x_wconf 90' lang='lat' dir='ltr'><strong>certum</strong></span> <span class='ocrx_word' id='word_1_684' title='bbox 2667 3434 2741 3490; x_wconf 89' lang='lat' dir='ltr'><strong>sit</strong></span> <span class='ocrx_word' id='word_1_685' title='bbox 2766 3434 2810 3489; x_wconf 87' lang='grc'><strong>³.</strong></span> <span class='ocrx_word' id='word_1_686' title='bbox 2846 3433 3050 3490; x_wconf 88' lang='lat' dir='ltr'><strong>Scribit</strong></span> <span class='ocrx_word' id='word_1_687' title='bbox 3082 3451 3247 3506; x_wconf 88' lang='lat' dir='ltr'><strong>porro</strong></span> <span class='ocrx_word' id='word_1_688' title='bbox 3267 3436 3334 3490; x_wconf 89' lang='lat' dir='ltr'><strong>de</strong></span> <span class='ocrx_word' id='word_1_689' title='bbox 3362 3452 3488 3491; x_wconf 86' lang='lat' dir='ltr'><strong>san-</strong></span> 
     </span>
    </p>
   </div>
   <div class='ocr_carea' id='block_1_90' title="bbox 1881 3524 3488 3597">
    <p class='ocr_par' dir='ltr' id='par_1_90' title="bbox 1881 3524 3488 3597">
     <span class='ocr_line' id='line_1_90' title="bbox 1881 3524 3488 3597; baseline 0.001 -18"><span class='ocrx_word' id='word_1_690' title='bbox 1881 3527 1988 3581; x_wconf 88' lang='lat' dir='ltr'><strong>ctis</strong></span> <span class='ocrx_word' id='word_1_691' title='bbox 2010 3526 2063 3580; x_wconf 78' lang='lat' dir='ltr'><strong>et</strong></span> <span class='ocrx_word' id='word_1_692' title='bbox 2088 3524 2258 3580; x_wconf 80' lang='lat' dir='ltr'><strong>David</strong></span> <span class='ocrx_word' id='word_1_693' title='bbox 2278 3526 2425 3580; x_wconf 90' lang='lat' dir='ltr'><strong>hunc</strong></span> <span class='ocrx_word' id='word_1_694' title='bbox 2442 3527 2496 3580; x_wconf 91' lang='lat' dir='ltr'><strong>in</strong></span> <span class='ocrx_word' id='word_1_695' title='bbox 2517 3527 2740 3581; x_wconf 89' lang='lat' dir='ltr'><strong>modum</strong></span> <span class='ocrx_word' id='word_1_696' title='bbox 2764 3545 2776 3580; x_wconf 92' lang='lat'><strong>:</strong></span> <span class='ocrx_word' id='word_1_697' title='bbox 2802 3526 3074 3593; x_wconf 85' lang='lat' dir='ltr'><strong>Quoniam</strong></span> <span class='ocrx_word' id='word_1_698' title='bbox 3101 3528 3356 3597; x_wconf 83' lang='lat' dir='ltr'><strong>gloriatio</strong></span> <span class='ocrx_word' id='word_1_699' title='bbox 3377 3528 3488 3582; x_wconf 80' lang='lat' dir='ltr'><strong>vir-</strong></span> 
     </span>
    </p>
   </div>
   <div class='ocr_carea' id='block_1_91' title="bbox 1882 3615 3487 3688">
    <p class='ocr_par' dir='ltr' id='par_1_91' title="bbox 1882 3615 3487 3688">
     <span class='ocr_line' id='line_1_91' title="bbox 1882 3615 3487 3688; baseline 0.002 -18"><span class='ocrx_word' id='word_1_700' title='bbox 1882 3625 2059 3671; x_wconf 89' lang='lat' dir='ltr'><strong>tutmn</strong></span> <span class='ocrx_word' id='word_1_701' title='bbox 2088 3618 2207 3687; x_wconf 89' lang='lat' dir='ltr'><strong>ipse</strong></span> <span class='ocrx_word' id='word_1_702' title='bbox 2239 3632 2300 3672; x_wconf 90' lang='lat' dir='ltr'><strong>es</strong></span> <span class='ocrx_word' id='word_1_703' title='bbox 2318 3616 2362 3670; x_wconf 73' lang='grc'><strong>⁸.</strong></span> <span class='ocrx_word' id='word_1_704' title='bbox 2401 3637 2419 3668; x_wconf 83' lang='grc' dir='ltr'><strong>ι</strong></span> <span class='ocrx_word' id='word_1_705' title='bbox 2465 3615 2532 3669; x_wconf 86' lang='lat' dir='ltr'><strong>Et</strong></span> <span class='ocrx_word' id='word_1_706' title='bbox 2567 3619 2697 3672; x_wconf 87' lang='lat' dir='ltr'><strong>alibi</strong></span> <span class='ocrx_word' id='word_1_707' title='bbox 2729 3637 2741 3672; x_wconf 89' lang='lat'><strong>:</strong></span> <span class='ocrx_word' id='word_1_708' title='bbox 2780 3618 2927 3673; x_wconf 70' lang='lat' dir='ltr'><strong>«Non</strong></span> <span class='ocrx_word' id='word_1_709' title='bbox 2964 3622 3017 3672; x_wconf 91' lang='lat' dir='ltr'><strong>in</strong></span> <span class='ocrx_word' id='word_1_710' title='bbox 3041 3635 3169 3673; x_wconf 82' lang='lat' dir='ltr'><strong>aicu</strong></span> <span class='ocrx_word' id='word_1_711' title='bbox 3210 3635 3332 3673; x_wconf 90' lang='lat' dir='ltr'><strong>meo</strong></span> <span class='ocrx_word' id='word_1_712' title='bbox 3362 3634 3487 3688; x_wconf 83' lang='lat' dir='ltr'><strong>spc-</strong></span> 
     </span>
    </p>
   </div>
   <div class='ocr_carea' id='block_1_92' title="bbox 1881 3708 3483 3781">
    <p class='ocr_par' dir='ltr' id='par_1_92' title="bbox 1881 3708 3483 3781">
     <span class='ocr_line' id='line_1_92' title="bbox 1881 3708 3483 3781; baseline -0.002 -16"><span class='ocrx_word' id='word_1_713' title='bbox 1881 3711 2047 3777; x_wconf 84' lang='lat' dir='ltr'><strong>rabo;</strong></span> <span class='ocrx_word' id='word_1_714' title='bbox 2088 3725 2267 3779; x_wconf 87' lang='lat' dir='ltr'><strong>neque</strong></span> <span class='ocrx_word' id='word_1_715' title='bbox 2304 3708 2519 3781; x_wconf 69' lang='lat' dir='ltr'><strong>gladius</strong></span> <span class='ocrx_word' id='word_1_716' title='bbox 2561 3725 2719 3764; x_wconf 90' lang='lat' dir='ltr'><strong>meus</strong></span> <span class='ocrx_word' id='word_1_717' title='bbox 2783 3710 3024 3764; x_wconf 88' lang='lat' dir='ltr'><strong>salvabit</strong></span> <span class='ocrx_word' id='word_1_718' title='bbox 3085 3725 3193 3764; x_wconf 91' lang='lat' dir='ltr'><strong>me.</strong></span> <span class='ocrx_word' id='word_1_719' title='bbox 3248 3708 3483 3763; x_wconf 77' lang='lat' dir='ltr'><strong>Salva~ti</strong></span> 
     </span>
    </p>
   </div>
   <div class='ocr_carea' id='block_1_93' title="bbox 1881 3800 3482 3871">
    <p class='ocr_par' dir='ltr' id='par_1_93' title="bbox 1881 3800 3482 3871">
     <span class='ocr_line' id='line_1_93' title="bbox 1881 3800 3482 3871; baseline -0.002 -14"><span class='ocrx_word' id='word_1_720' title='bbox 1881 3804 2027 3857; x_wconf 86' lang='lat' dir='ltr'><strong>enim</strong></span> <span class='ocrx_word' id='word_1_721' title='bbox 2056 3818 2159 3858; x_wconf 90' lang='lat' dir='ltr'><strong>nos</strong></span> <span class='ocrx_word' id='word_1_722' title='bbox 2195 3817 2223 3855; x_wconf 88' lang='lat' dir='ltr'><strong>a</strong></span> <span class='ocrx_word' id='word_1_723' title='bbox 2255 3801 2711 3856; x_wconf 78' lang='lat' dir='ltr'><strong>tribulatioaibus</strong></span> <span class='ocrx_word' id='word_1_724' title='bbox 2744 3802 2783 3854; x_wconf 81' lang='grc'><strong>³.</strong></span> <span class='ocrx_word' id='word_1_725' title='bbox 2826 3821 2842 3851; x_wconf 85' lang='grc' dir='ltr'><strong>ι</strong></span> <span class='ocrx_word' id='word_1_726' title='bbox 2905 3800 3093 3871; x_wconf 83' lang='lat' dir='ltr'><strong>Neque</strong></span> <span class='ocrx_word' id='word_1_727' title='bbox 3141 3802 3289 3855; x_wconf 88' lang='lat' dir='ltr'><strong>enim</strong></span> <span class='ocrx_word' id='word_1_728' title='bbox 3330 3811 3482 3856; x_wconf 82' lang='lat' dir='ltr'><strong>tanta</strong></span> 
     </span>
    </p>
   </div>
   <div class='ocr_carea' id='block_1_94' title="bbox 1880 3893 3480 3964">
    <p class='ocr_par' dir='ltr' id='par_1_94' title="bbox 1880 3893 3480 3964">
     <span class='ocr_line' id='line_1_94' title="bbox 1880 3893 3480 3964; baseline -0.002 -13"><span class='ocrx_word' id='word_1_729' title='bbox 1880 3906 1964 3951; x_wconf 82' lang='lat' dir='ltr'><strong>est</strong></span> <span class='ocrx_word' id='word_1_730' title='bbox 2009 3895 2063 3949; x_wconf 90' lang='lat' dir='ltr'><strong>in</strong></span> <span class='ocrx_word' id='word_1_731' title='bbox 2110 3895 2272 3949; x_wconf 88' lang='lat' dir='ltr'><strong>nobis</strong></span> <span class='ocrx_word' id='word_1_732' title='bbox 2327 3894 2504 3957; x_wconf 79' lang='lat' dir='ltr'><strong>virtus</strong></span> <span class='ocrx_word' id='word_1_733' title='bbox 2548 3895 2614 3946; x_wconf 87' lang='lat' dir='ltr'><strong>ad</strong></span> <span class='ocrx_word' id='word_1_734' title='bbox 2667 3894 2928 3958; x_wconf 88' lang='lat' dir='ltr'><strong>salutem,</strong></span> <span class='ocrx_word' id='word_1_735' title='bbox 2996 3904 3202 3964; x_wconf 88' lang='lat' dir='ltr'><strong>quanta</strong></span> <span class='ocrx_word' id='word_1_736' title='bbox 3253 3896 3309 3948; x_wconf 89' lang='lat' dir='ltr'><strong>in</strong></span> <span class='ocrx_word' id='word_1_737' title='bbox 3347 3893 3480 3948; x_wconf 85' lang='lat' dir='ltr'><strong>Deo.</strong></span> 
     </span>
    </p>
   </div>
   <div class='ocr_carea' id='block_1_95' title="bbox 1881 3986 3486 4057">
    <p class='ocr_par' dir='ltr' id='par_1_95' title="bbox 1881 3986 3486 4057">
     <span class='ocr_line' id='line_1_95' title="bbox 1881 3986 3486 4057; baseline 0 -18"><span class='ocrx_word' id='word_1_738' title='bbox 1881 3986 2193 4054; x_wconf 84' lang='lat' dir='ltr'><strong>Quinetiam</strong></span> <span class='ocrx_word' id='word_1_739' title='bbox 2225 3988 2543 4051; x_wconf 82' lang='lat' dir='ltr'><strong>erravimus,</strong></span> <span class='ocrx_word' id='word_1_740' title='bbox 2596 3987 2781 4051; x_wconf 89' lang='lat' dir='ltr'><strong>addit,</strong></span> <span class='ocrx_word' id='word_1_741' title='bbox 2818 4000 2866 4041; x_wconf 85' lang='lat' dir='ltr'><strong>et</strong></span> <span class='ocrx_word' id='word_1_742' title='bbox 2921 3988 3053 4057; x_wconf 77' lang='lat' dir='ltr'><strong>facti</strong></span> <span class='ocrx_word' id='word_1_743' title='bbox 3098 4004 3284 4042; x_wconf 82' lang='lat' dir='ltr'><strong>sumus</strong></span> <span class='ocrx_word' id='word_1_744' title='bbox 3328 3987 3486 4055; x_wconf 62' lang='lat' dir='ltr'><strong>quasi</strong></span> 
     </span>
    </p>
   </div>
   <div class='ocr_carea' id='block_1_96' title="bbox 1882 4077 3484 4147">
    <p class='ocr_par' dir='ltr' id='par_1_96' title="bbox 1882 4077 3484 4147">
     <span class='ocr_line' id='line_1_96' title="bbox 1882 4077 3484 4147; baseline -0.002 -15"><span class='ocrx_word' id='word_1_745' title='bbox 1882 4077 2162 4132; x_wconf 83' lang='lat' dir='ltr'><strong>immundi.</strong></span> <span class='ocrx_word' id='word_1_746' title='bbox 2213 4077 2326 4130; x_wconf 91' lang='lat' dir='ltr'><strong>lmo</strong></span> <span class='ocrx_word' id='word_1_747' title='bbox 2359 4091 2509 4141; x_wconf 84' lang='lat' dir='ltr'><strong>vero,</strong></span> <span class='ocrx_word' id='word_1_748' title='bbox 2557 4077 2602 4130; x_wconf 89' lang='lat' dir='ltr'><strong>si</strong></span> <span class='ocrx_word' id='word_1_749' title='bbox 2640 4078 2902 4130; x_wconf 86' lang='lat' dir='ltr'><strong>nonnulla</strong></span> <span class='ocrx_word' id='word_1_750' title='bbox 2960 4078 3012 4130; x_wconf 92' lang='lat' dir='ltr'><strong>in</strong></span> <span class='ocrx_word' id='word_1_751' title='bbox 3054 4077 3215 4133; x_wconf 86' lang='lat' dir='ltr'><strong>nobis</strong></span> <span class='ocrx_word' id='word_1_752' title='bbox 3260 4086 3484 4147; x_wconf 85' lang='lat' dir='ltr'><strong>apparet</strong></span> 
     </span>
    </p>
   </div>
   <div class='ocr_carea' id='block_1_97' title="bbox 1874 4167 3485 4239">
    <p class='ocr_par' dir='ltr' id='par_1_97' title="bbox 1874 4167 3485 4239">
     <span class='ocr_line' id='line_1_97' title="bbox 1874 4167 3485 4239; baseline -0.001 -17"><span class='ocrx_word' id='word_1_753' title='bbox 1874 4169 2028 4237; x_wconf 85' lang='lat' dir='ltr'><strong>justa</strong></span> <span class='ocrx_word' id='word_1_754' title='bbox 2061 4169 2241 4232; x_wconf 89' lang='lat' dir='ltr'><strong>actio;</strong></span> <span class='ocrx_word' id='word_1_755' title='bbox 2275 4169 2590 4236; x_wconf 85' lang='lat' dir='ltr'><strong>reperietur</strong></span> <span class='ocrx_word' id='word_1_756' title='bbox 2617 4167 2895 4220; x_wconf 82' lang='lat' dir='ltr'><strong>immunda</strong></span> <span class='ocrx_word' id='word_1_757' title='bbox 2923 4175 2978 4222; x_wconf 87' lang='lat' dir='ltr'><strong>et</strong></span> <span class='ocrx_word' id='word_1_758' title='bbox 3012 4167 3155 4236; x_wconf 85' lang='lat' dir='ltr'><strong>ipsa,</strong></span> <span class='ocrx_word' id='word_1_759' title='bbox 3196 4169 3485 4239; x_wconf 74' lang='lat' dir='ltr'><strong>gloriaque</strong></span> 
     </span>
    </p>
   </div>
   <div class='ocr_carea' id='block_1_98' title="bbox 1884 4258 3477 4329">
    <p class='ocr_par' dir='ltr' id='par_1_98' title="bbox 1884 4258 3477 4329">
     <span class='ocr_line' id='line_1_98' title="bbox 1884 4258 3477 4329; baseline -0.001 -16"><span class='ocrx_word' id='word_1_760' title='bbox 1884 4260 2171 4315; x_wconf 87' lang='lat' dir='ltr'><strong>destituta.</strong></span> <span class='ocrx_word' id='word_1_761' title='bbox 2206 4259 2389 4329; x_wconf 88' lang='lat' dir='ltr'><strong>Ecqua</strong></span> <span class='ocrx_word' id='word_1_762' title='bbox 2403 4259 2549 4313; x_wconf 84' lang='lat' dir='ltr'><strong>enim</strong></span> <span class='ocrx_word' id='word_1_763' title='bbox 2585 4258 2731 4328; x_wconf 88' lang='lat' dir='ltr'><strong>apud</strong></span> <span class='ocrx_word' id='word_1_764' title='bbox 2757 4273 2853 4314; x_wconf 87' lang='lat' dir='ltr'><strong>eos</strong></span> <span class='ocrx_word' id='word_1_765' title='bbox 2884 4258 3245 4329; x_wconf 85' lang='lat' dir='ltr'><strong>cssejustitia</strong></span> <span class='ocrx_word' id='word_1_766' title='bbox 3272 4262 3477 4326; x_wconf 84' lang='lat' dir='ltr'><strong>valeat,</strong></span> 
     </span>
    </p>
   </div>
   <div class='ocr_carea' id='block_1_99' title="bbox 1884 4351 3486 4423">
    <p class='ocr_par' dir='ltr' id='par_1_99' title="bbox 1884 4351 3486 4423">
     <span class='ocr_line' id='line_1_99' title="bbox 1884 4351 3486 4423; baseline 0 -17"><span class='ocrx_word' id='word_1_767' title='bbox 1884 4354 1978 4423; x_wconf 91' lang='lat' dir='ltr'><strong>qui</strong></span> <span class='ocrx_word' id='word_1_768' title='bbox 2002 4353 2056 4407; x_wconf 92' lang='lat' dir='ltr'><strong>in</strong></span> <span class='ocrx_word' id='word_1_769' title='bbox 2085 4351 2387 4416; x_wconf 88' lang='lat' dir='ltr'><strong>Christum,</strong></span> <span class='ocrx_word' id='word_1_770' title='bbox 2419 4351 2757 4421; x_wconf 83' lang='lat' dir='ltr'><strong>quijustitia</strong></span> <span class='ocrx_word' id='word_1_771' title='bbox 2797 4366 2924 4405; x_wconf 89' lang='lat' dir='ltr'><strong>vere</strong></span> <span class='ocrx_word' id='word_1_772' title='bbox 2971 4366 3051 4414; x_wconf 87' lang='lat' dir='ltr'><strong>es,</strong></span> <span class='ocrx_word' id='word_1_773' title='bbox 3083 4352 3250 4420; x_wconf 91' lang='lat' dir='ltr'><strong>impie</strong></span> <span class='ocrx_word' id='word_1_774' title='bbox 3292 4354 3486 4406; x_wconf 78' lang='lat' dir='ltr'><strong>saevie-</strong></span> 
     </span>
    </p>
   </div>
   <div class='ocr_carea' id='block_1_100' title="bbox 1884 4440 3484 4528">
    <p class='ocr_par' dir='ltr' id='par_1_100' title="bbox 1884 4440 3484 4528">
     <span class='ocr_line' id='line_1_100' title="bbox 1884 4440 3484 4528; baseline -0.001 -27"><span class='ocrx_word' id='word_1_775' title='bbox 1884 4455 2016 4501; x_wconf 91' lang='lat' dir='ltr'><strong>runt</strong></span> <span class='ocrx_word' id='word_1_776' title='bbox 2042 4446 2223 4500; x_wconf 85' lang='lat' dir='ltr'><strong>?Sunt</strong></span> <span class='ocrx_word' id='word_1_777' title='bbox 2272 4445 2765 4528; x_wconf 54' lang='lat' dir='ltr'><strong>igiturJ&#39;mmundi,</strong></span> <span class='ocrx_word' id='word_1_778' title='bbox 2810 4445 3170 4513; x_wconf 76' lang='lat' dir='ltr'><strong>quantumvis</strong></span> <span class='ocrx_word' id='word_1_779' title='bbox 3200 4440 3365 4498; x_wconf 73' lang='lat' dir='ltr'><strong>&#39;inter</strong></span> <span class='ocrx_word' id='word_1_780' title='bbox 3386 4461 3484 4500; x_wconf 86' lang='lat' dir='ltr'><strong>eos</strong></span> 
     </span>
    </p>
   </div>
   <div class='ocr_carea' id='block_1_101' title="bbox 1885 4535 3482 4596">
    <p class='ocr_par' dir='ltr' id='par_1_101' title="bbox 1885 4535 3482 4596">
     <span class='ocr_line' id='line_1_101' title="bbox 1885 4535 3482 4596; baseline -0.004 0"><span class='ocrx_word' id='word_1_781' title='bbox 1885 4554 2008 4596; x_wconf 84' lang='lat' dir='ltr'><strong>esse</strong></span> <span class='ocrx_word' id='word_1_782' title='bbox 2040 4540 2343 4593; x_wconf 88' lang='lat' dir='ltr'><strong>clementes</strong></span> <span class='ocrx_word' id='word_1_783' title='bbox 2379 4537 2632 4592; x_wconf 88' lang='lat' dir='ltr'><strong>nonnulli</strong></span> <span class='ocrx_word' id='word_1_784' title='bbox 2670 4537 2985 4591; x_wconf 86' lang='lat' dir='ltr'><strong>videantur.</strong></span> <span class='ocrx_word' id='word_1_785' title='bbox 3019 4535 3133 4591; x_wconf 78' lang='lat' dir='ltr'><strong>Etsi</strong></span> <span class='ocrx_word' id='word_1_786' title='bbox 3161 4539 3308 4590; x_wconf 89' lang='lat' dir='ltr'><strong>enim</strong></span> <span class='ocrx_word' id='word_1_787' title='bbox 3330 4553 3482 4590; x_wconf 83' lang='lat' dir='ltr'><strong>man-</strong></span> 
     </span>
    </p>
   </div>
   <div class='ocr_carea' id='block_1_102' title="bbox 1884 4630 3485 4693">
    <p class='ocr_par' dir='ltr' id='par_1_102' title="bbox 1884 4630 3485 4693">
     <span class='ocr_line' id='line_1_102' title="bbox 1884 4630 3485 4693; baseline -0.002 -6"><span class='ocrx_word' id='word_1_788' title='bbox 1884 4632 2011 4687; x_wconf 90' lang='lat' dir='ltr'><strong>data</strong></span> <span class='ocrx_word' id='word_1_789' title='bbox 2041 4632 2368 4693; x_wconf 85' lang='lat' dir='ltr'><strong>observent,</strong></span> <span class='ocrx_word' id='word_1_790' title='bbox 2414 4630 2667 4686; x_wconf 89' lang='lat' dir='ltr'><strong>instituto</strong></span> <span class='ocrx_word' id='word_1_791' title='bbox 2696 4638 2879 4685; x_wconf 89' lang='lat' dir='ltr'><strong>tamen</strong></span> <span class='ocrx_word' id='word_1_792' title='bbox 2918 4640 2976 4685; x_wconf 88' lang='lat' dir='ltr'><strong>et</strong></span> <span class='ocrx_word' id='word_1_793' title='bbox 3021 4630 3305 4685; x_wconf 87' lang='lat' dir='ltr'><strong>voluntate</strong></span> <span class='ocrx_word' id='word_1_794' title='bbox 3352 4638 3485 4684; x_wconf 88' lang='lat' dir='ltr'><strong>sunt</strong></span> 
     </span>
    </p>
   </div>
   <div class='ocr_carea' id='block_1_103' title="bbox 1885 4721 3483 4791">
    <p class='ocr_par' dir='ltr' id='par_1_103' title="bbox 1885 4721 3483 4791">
     <span class='ocr_line' id='line_1_103' title="bbox 1885 4721 3483 4791; baseline -0.002 -15"><span class='ocrx_word' id='word_1_795' title='bbox 1885 4739 1914 4776; x_wconf 91' lang='lat' dir='ltr'><strong>a</strong></span> <span class='ocrx_word' id='word_1_796' title='bbox 1946 4722 2058 4777; x_wconf 87' lang='lat' dir='ltr'><strong>Deo</strong></span> <span class='ocrx_word' id='word_1_797' title='bbox 2082 4723 2270 4777; x_wconf 87' lang='lat' dir='ltr'><strong>alieni.</strong></span> <span class='ocrx_word' id='word_1_798' title='bbox 2316 4721 2651 4791; x_wconf 88' lang='lat' dir='ltr'><strong>Atqueillud</strong></span> <span class='ocrx_word' id='word_1_799' title='bbox 2699 4721 2922 4791; x_wconf 88' lang='lat' dir='ltr'><strong>quidem</strong></span> <span class='ocrx_word' id='word_1_800' title='bbox 2967 4733 3071 4787; x_wconf 90' lang='lat' dir='ltr'><strong>est,</strong></span> <span class='ocrx_word' id='word_1_801' title='bbox 3118 4722 3262 4791; x_wconf 89' lang='lat' dir='ltr'><strong>quod</strong></span> <span class='ocrx_word' id='word_1_802' title='bbox 3306 4721 3483 4788; x_wconf 72' lang='lat' dir='ltr'><strong>deﬂu~</strong></span> 
     </span>
    </p>
   </div>
   <div class='ocr_carea' id='block_1_104' title="bbox 1885 4814 3484 4884">
    <p class='ocr_par' dir='ltr' id='par_1_104' title="bbox 1885 4814 3484 4884">
     <span class='ocr_line' id='line_1_104' title="bbox 1885 4814 3484 4884; baseline -0.001 -15"><span class='ocrx_word' id='word_1_803' title='bbox 1885 4816 2026 4869; x_wconf 78' lang='lat' dir='ltr'><strong>rium</strong></span> <span class='ocrx_word' id='word_1_804' title='bbox 2064 4815 2273 4884; x_wconf 81' lang='lat' dir='ltr'><strong>peperit</strong></span> <span class='ocrx_word' id='word_1_805' title='bbox 2305 4814 2478 4879; x_wconf 83' lang='lat' dir='ltr'><strong>nobis,</strong></span> <span class='ocrx_word' id='word_1_806' title='bbox 2516 4814 2847 4884; x_wconf 76' lang='lat' dir='ltr'><strong>velutifoliis</strong></span> <span class='ocrx_word' id='word_1_807' title='bbox 2889 4816 2952 4869; x_wconf 87' lang='lat' dir='ltr'><strong>ab</strong></span> <span class='ocrx_word' id='word_1_808' title='bbox 2989 4815 3198 4880; x_wconf 82' lang='lat' dir='ltr'><strong>arbore,</strong></span> <span class='ocrx_word' id='word_1_809' title='bbox 3232 4830 3354 4867; x_wconf 68' lang='lat' dir='ltr'><strong>cum</strong></span> <span class='ocrx_word' id='word_1_810' title='bbox 3391 4817 3484 4868; x_wconf 79' lang='lat' dir='ltr'><strong>illa</strong></span> 
     </span>
    </p>
   </div>
   <div class='ocr_carea' id='block_1_105' title="bbox 1887 4908 3481 4991">
    <p class='ocr_par' dir='ltr' id='par_1_105' title="bbox 1887 4908 3481 4991">
     <span class='ocr_line' id='line_1_105' title="bbox 1887 4908 3481 4991; baseline 0.001 -29"><span class='ocrx_word' id='word_1_811' title='bbox 1887 4925 1918 4962; x_wconf 87' lang='lat' dir='ltr'><strong>a</strong></span> <span class='ocrx_word' id='word_1_812' title='bbox 1957 4910 2146 4963; x_wconf 78' lang='lat' dir='ltr'><strong>radice.</strong></span> <span class='ocrx_word' id='word_1_813' title='bbox 2195 4925 2293 4962; x_wconf 77' lang='lat' dir='ltr'><strong>sua</strong></span> <span class='ocrx_word' id='word_1_814' title='bbox 2334 4908 2624 4963; x_wconf 81' lang='lat' dir='ltr'><strong>decidunt.</strong></span> <span class='ocrx_word' id='word_1_815' title='bbox 2676 4908 2825 4991; x_wconf 66' lang='lat' dir='ltr'><strong>Quin</strong></span> <span class='ocrx_word' id='word_1_816' title='bbox 2872 4920 2925 4962; x_wconf 89' lang='lat' dir='ltr'><strong>et</strong></span> <span class='ocrx_word' id='word_1_817' title='bbox 2976 4910 3279 4978; x_wconf 79' lang='lat' dir='ltr'><strong>Apostolus</strong></span> <span class='ocrx_word' id='word_1_818' title='bbox 3343 4911 3481 4972; x_wconf 79' lang='lat' dir='ltr'><strong>ipse,</strong></span> 
     </span>
    </p>
   </div>
   <div class='ocr_carea' id='block_1_106' title="bbox 1888 5004 3483 5074">
    <p class='ocr_par' dir='ltr' id='par_1_106' title="bbox 1888 5004 3483 5074">
     <span class='ocr_line' id='line_1_106' title="bbox 1888 5004 3483 5074; baseline 0.002 -19"><span class='ocrx_word' id='word_1_819' title='bbox 1888 5017 2013 5055; x_wconf 88' lang='lat' dir='ltr'><strong>cum</strong></span> <span class='ocrx_word' id='word_1_820' title='bbox 2046 5009 2259 5069; x_wconf 73' lang='lat' dir='ltr'><strong>gentem</strong></span> <span class='ocrx_word' id='word_1_821' title='bbox 2286 5012 2597 5068; x_wconf 87' lang='lat' dir='ltr'><strong>accusaret,</strong></span> <span class='ocrx_word' id='word_1_822' title='bbox 2622 5011 2883 5074; x_wconf 88' lang='lat' dir='ltr'><strong>tanquam</strong></span> <span class='ocrx_word' id='word_1_823' title='bbox 2924 5019 3139 5057; x_wconf 87' lang='lat' dir='ltr'><strong>ramum</strong></span> <span class='ocrx_word' id='word_1_824' title='bbox 3173 5004 3483 5069; x_wconf 65' lang='lat' dir='ltr'><strong>alim-bore,</strong></span> 
     </span>
    </p>
   </div>
   <div class='ocr_carea' id='block_1_107' title="bbox 1896 5094 3485 5164">
    <p class='ocr_par' dir='ltr' id='par_1_107' title="bbox 1896 5094 3485 5164">
     <span class='ocr_line' id='line_1_107' title="bbox 1896 5094 3485 5164; baseline 0 -17"><span class='ocrx_word' id='word_1_825' title='bbox 1896 5095 2141 5149; x_wconf 83' lang='lat' dir='ltr'><strong>avulsam</strong></span> <span class='ocrx_word' id='word_1_826' title='bbox 2175 5110 2298 5149; x_wconf 86' lang='lat' dir='ltr'><strong>esse</strong></span> <span class='ocrx_word' id='word_1_827' title='bbox 2329 5094 2708 5164; x_wconf 88' lang='lat' dir='ltr'><strong>pronuntiavit</strong></span> <span class='ocrx_word' id='word_1_828' title='bbox 2735 5096 2778 5149; x_wconf 83' lang='grc'><strong>⁸.</strong></span> <span class='ocrx_word' id='word_1_829' title='bbox 2804 5095 2904 5149; x_wconf 88' lang='lat' dir='ltr'><strong>llic</strong></span> <span class='ocrx_word' id='word_1_830' title='bbox 2932 5105 3139 5159; x_wconf 87' lang='lat' dir='ltr'><strong>autem,</strong></span> <span class='ocrx_word' id='word_1_831' title='bbox 3173 5106 3230 5149; x_wconf 89' lang='lat' dir='ltr'><strong>ut</strong></span> <span class='ocrx_word' id='word_1_832' title='bbox 3251 5110 3485 5149; x_wconf 82' lang='lat' dir='ltr'><strong>accusa-</strong></span> 
     </span>
    </p>
   </div>
   <div class='ocr_carea' id='block_1_108' title="bbox 1891 5186 3482 5257">
    <p class='ocr_par' dir='ltr' id='par_1_108' title="bbox 1891 5186 3482 5257">
     <span class='ocr_line' id='line_1_108' title="bbox 1891 5186 3482 5257; baseline -0.001 -18"><span class='ocrx_word' id='word_1_833' title='bbox 1891 5187 2099 5241; x_wconf 87' lang='lat' dir='ltr'><strong>tionem</strong></span> <span class='ocrx_word' id='word_1_834' title='bbox 2138 5197 2385 5257; x_wconf 75' lang='lat' dir='ltr'><strong>augeret,</strong></span> <span class='ocrx_word' id='word_1_835' title='bbox 2413 5186 2559 5256; x_wconf 78' lang='lat' dir='ltr'><strong>foliis</strong></span> <span class='ocrx_word' id='word_1_836' title='bbox 2598 5188 2983 5257; x_wconf 72' lang='lat' dir='ltr'><strong>comparavit;</strong></span> <span class='ocrx_word' id='word_1_837' title='bbox 3027 5204 3151 5257; x_wconf 78' lang='lat' dir='ltr'><strong>qua:</strong></span> <span class='ocrx_word' id='word_1_838' title='bbox 3193 5197 3482 5241; x_wconf 88' lang='lat' dir='ltr'><strong>ventorum</strong></span> 
     </span>
    </p>
   </div>
   <div class='ocr_carea' id='block_1_109' title="bbox 1893 5277 3480 5349">
    <p class='ocr_par' dir='ltr' id='par_1_109' title="bbox 1893 5277 3480 5349">
     <span class='ocr_line' id='line_1_109' title="bbox 1893 5277 3480 5349; baseline -0.003 -16"><span class='ocrx_word' id='word_1_839' title='bbox 1893 5279 2099 5349; x_wconf 84' lang='lat' dir='ltr'><strong>impetu</strong></span> <span class='ocrx_word' id='word_1_840' title='bbox 2152 5281 2463 5348; x_wconf 83' lang='lat' dir='ltr'><strong>rapiuntur.</strong></span> <span class='ocrx_word' id='word_1_841' title='bbox 2502 5278 2642 5332; x_wconf 88' lang='lat' dir='ltr'><strong>Sunt</strong></span> <span class='ocrx_word' id='word_1_842' title='bbox 2667 5277 2813 5334; x_wconf 84' lang='lat' dir='ltr'><strong>enim</strong></span> <span class='ocrx_word' id='word_1_843' title='bbox 2850 5279 3019 5333; x_wconf 88' lang='lat' dir='ltr'><strong>corde</strong></span> <span class='ocrx_word' id='word_1_844' title='bbox 3049 5278 3151 5333; x_wconf 90' lang='lat' dir='ltr'><strong>levi</strong></span> <span class='ocrx_word' id='word_1_845' title='bbox 3181 5290 3234 5333; x_wconf 88' lang='lat' dir='ltr'><strong>et</strong></span> <span class='ocrx_word' id='word_1_846' title='bbox 3270 5277 3480 5340; x_wconf 85' lang='lat' dir='ltr'><strong>mobili;</strong></span> 
     </span>
    </p>
   </div>
   <div class='ocr_carea' id='block_1_110' title="bbox 183 5362 3479 5443">
    <p class='ocr_par' dir='ltr' id='par_1_110' title="bbox 183 5362 3479 5443">
     <span class='ocr_line' id='line_1_110' title="bbox 183 5362 3479 5443; baseline -0.002 -18"><span class='ocrx_word' id='word_1_847' title='bbox 183 5372 274 5442; x_wconf 91' lang='lat' dir='ltr'><strong>qui</strong></span> <span class='ocrx_word' id='word_1_848' title='bbox 305 5373 461 5427; x_wconf 86' lang='lat' dir='ltr'><strong>nullo</strong></span> <span class='ocrx_word' id='word_1_849' title='bbox 495 5372 607 5429; x_wconf 71' lang='lat' dir='ltr'><strong>n&#39;on</strong></span> <span class='ocrx_word' id='word_1_850' title='bbox 643 5372 809 5427; x_wconf 87' lang='lat' dir='ltr'><strong>veluti</strong></span> <span class='ocrx_word' id='word_1_851' title='bbox 849 5379 1014 5427; x_wconf 86' lang='lat' dir='ltr'><strong>vento</strong></span> <span class='ocrx_word' id='word_1_852' title='bbox 1031 5372 1507 5441; x_wconf 83' lang='lat' dir='ltr'><strong>circumaguntur.</strong></span> <span class='ocrx_word' id='word_1_853' title='bbox 1532 5372 1652 5438; x_wconf 92' lang='lat' dir='ltr'><strong>Quo</strong></span> <span class='ocrx_word' id='word_1_854' title='bbox 1691 5383 1852 5443; x_wconf 89' lang='lat' dir='ltr'><strong>pacto</strong></span> <span class='ocrx_word' id='word_1_855' title='bbox 1877 5373 2021 5427; x_wconf 86' lang='lat' dir='ltr'><strong>enim</strong></span> <span class='ocrx_word' id='word_1_856' title='bbox 2058 5362 2289 5427; x_wconf 77' lang='lat' dir='ltr'><strong>feliciter</strong></span> <span class='ocrx_word' id='word_1_857' title='bbox 2320 5386 2483 5441; x_wconf 81' lang='lat' dir='ltr'><strong>agere</strong></span> <span class='ocrx_word' id='word_1_858' title='bbox 2509 5373 2812 5433; x_wconf 87' lang='lat' dir='ltr'><strong>valeamus,</strong></span> <span class='ocrx_word' id='word_1_859' title='bbox 2884 5371 3081 5440; x_wconf 88' lang='lat' dir='ltr'><strong>inquit,</strong></span> <span class='ocrx_word' id='word_1_860' title='bbox 3151 5373 3243 5439; x_wconf 87' lang='lat' dir='ltr'><strong>qui</strong></span> <span class='ocrx_word' id='word_1_861' title='bbox 3318 5385 3479 5421; x_wconf 77' lang='lat' dir='ltr'><strong>aver-</strong></span> 
     </span>
    </p>
   </div>
   <div class='ocr_carea' id='block_1_111' title="bbox 183 5464 3479 5539">
    <p class='ocr_par' dir='ltr' id='par_1_111' title="bbox 183 5464 3479 5539">
     <span class='ocr_line' id='line_1_111' title="bbox 183 5464 3479 5539; baseline 0.002 -21"><span class='ocrx_word' id='word_1_862' title='bbox 183 5467 383 5520; x_wconf 79' lang='lat' dir='ltr'><strong>sionem</strong></span> <span class='ocrx_word' id='word_1_863' title='bbox 428 5481 460 5520; x_wconf 87' lang='lat' dir='ltr'><strong>a</strong></span> <span class='ocrx_word' id='word_1_864' title='bbox 495 5476 549 5523; x_wconf 89' lang='lat' dir='ltr'><strong>te</strong></span> <span class='ocrx_word' id='word_1_865' title='bbox 594 5467 872 5538; x_wconf 84' lang='lat' dir='ltr'><strong>patimur?</strong></span> <span class='ocrx_word' id='word_1_866' title='bbox 925 5465 1047 5524; x_wconf 87' lang='lat' dir='ltr'><strong>Non</strong></span> <span class='ocrx_word' id='word_1_867' title='bbox 1086 5465 1251 5539; x_wconf 64' lang='grc'><strong>734.</strong></span> <span class='ocrx_word' id='word_1_868' title='bbox 1294 5469 1441 5524; x_wconf 90' lang='lat' dir='ltr'><strong>enim</strong></span> <span class='ocrx_word' id='word_1_869' title='bbox 1483 5470 1776 5539; x_wconf 91' lang='lat' dir='ltr'><strong>quisquam</strong></span> <span class='ocrx_word' id='word_1_870' title='bbox 1819 5471 1961 5525; x_wconf 87' lang='lat' dir='ltr'><strong>inter</strong></span> <span class='ocrx_word' id='word_1_871' title='bbox 1995 5484 2095 5524; x_wconf 90' lang='lat' dir='ltr'><strong>nos</strong></span> <span class='ocrx_word' id='word_1_872' title='bbox 2130 5476 2379 5538; x_wconf 87' lang='lat' dir='ltr'><strong>repertus</strong></span> <span class='ocrx_word' id='word_1_873' title='bbox 2407 5478 2514 5535; x_wconf 90' lang='lat' dir='ltr'><strong>est,</strong></span> <span class='ocrx_word' id='word_1_874' title='bbox 2539 5478 2843 5538; x_wconf 82' lang='lat' dir='ltr'><strong>qmpossct</strong></span> <span class='ocrx_word' id='word_1_875' title='bbox 2885 5478 2936 5521; x_wconf 90' lang='lat' dir='ltr'><strong>te</strong></span> <span class='ocrx_word' id='word_1_876' title='bbox 2967 5468 3220 5536; x_wconf 87' lang='lat' dir='ltr'><strong>precibus</strong></span> <span class='ocrx_word' id='word_1_877' title='bbox 3275 5473 3327 5517; x_wconf 76' lang='lat' dir='ltr'><strong>cl</strong></span> <span class='ocrx_word' id='word_1_878' title='bbox 3355 5464 3479 5531; x_wconf 73' lang='lat' dir='ltr'><strong>jus—</strong></span> 
     </span>
    </p>
   </div>
   <div class='ocr_carea' id='block_1_112' title="bbox 185 5561 569 5620">
    <p class='ocr_par' dir='ltr' id='par_1_112' title="bbox 185 5561 569 5620">
     <span class='ocr_line' id='line_1_112' title="bbox 185 5561 569 5620; baseline 0.013 -8"><span class='ocrx_word' id='word_1_879' title='bbox 185 5561 307 5617; x_wconf 84' lang='lat' dir='ltr'><strong>titia</strong></span> <span class='ocrx_word' id='word_1_880' title='bbox 325 5561 569 5620; x_wconf 81' lang='lat' dir='ltr'><strong>ﬂectere.</strong></span> 
     </span>
    </p>
   </div>
   <div class='ocr_carea' id='block_1_113' title="bbox 214 5677 1781 5755">
    <p class='ocr_par' dir='ltr' id='par_1_113' title="bbox 214 5680 1774 5755">
     <span class='ocr_line' id='line_1_113' title="bbox 214 5680 1774 5755; baseline 0.003 -21"><span class='ocrx_word' id='word_1_881' title='bbox 214 5680 304 5755; x_wconf 76' lang='lat'><strong>-_&quot;’</strong></span> <span class='ocrx_word' id='word_1_882' title='bbox 332 5680 651 5755; x_wconf 13' lang='lat' dir='ltr'><strong>ErXptileX,</strong></span> <span class='ocrx_word' id='word_1_883' title='bbox 690 5684 711 5737; x_wconf 81' lang='lat' dir='ltr'><strong>l</strong></span> <span class='ocrx_word' id='word_1_884' title='bbox 750 5700 900 5755; x_wconf 86' lang='lat' dir='ltr'><strong>seqq.</strong></span> <span class='ocrx_word' id='word_1_885' title='bbox 950 5687 994 5718; x_wconf 71' lang='grc' dir='ltr'><strong>θ’</strong></span> <span class='ocrx_word' id='word_1_886' title='bbox 1023 5685 1163 5740; x_wconf 84' lang='lat' dir='ltr'><strong>Psal.</strong></span> <span class='ocrx_word' id='word_1_887' title='bbox 1190 5702 1379 5747; x_wconf 73' lang='lat' dir='ltr'><strong>cxvm,</strong></span> <span class='ocrx_word' id='word_1_888' title='bbox 1428 5686 1510 5741; x_wconf 83' lang='lat' dir='ltr'><strong>li.</strong></span> <span class='ocrx_word' id='word_1_889' title='bbox 1578 5687 1590 5716; x_wconf 90' lang='grc'>¹</span> <span class='ocrx_word' id='word_1_890' title='bbox 1627 5687 1641 5740; x_wconf 89' lang='grc' dir='ltr'><strong>Ι</strong></span> <span class='ocrx_word' id='word_1_891' title='bbox 1675 5690 1774 5743; x_wconf 80' lang='lat' dir='ltr'><strong>Cor</strong></span> 
     </span>
    </p>
   </div>
   <div class='ocr_carea' id='block_1_114' title="bbox 1888 5677 3465 5755">
    <p class='ocr_par' dir='ltr' id='par_1_114' title="bbox 1915 5677 3465 5749">
     <span class='ocr_line' id='line_1_114' title="bbox 1915 5677 3465 5749; baseline -0.01 -10"><span class='ocrx_word' id='word_1_892' title='bbox 1915 5689 1966 5739; x_wconf 69' lang='grc' dir='ltr'><strong>ε).</strong></span> <span class='ocrx_word' id='word_1_893' title='bbox 2031 5690 2047 5715; x_wconf 84' lang='grc'><strong>¹</strong></span> <span class='ocrx_word' id='word_1_894' title='bbox 2081 5685 2260 5740; x_wconf 70' lang='grc' dir='ltr'>Ηίῖοι.</span> <span class='ocrx_word' id='word_1_895' title='bbox 2300 5699 2392 5749; x_wconf 71' lang='lat' dir='ltr'><strong>xu,</strong></span> <span class='ocrx_word' id='word_1_896' title='bbox 2434 5683 2484 5737; x_wconf 75' lang='grc' dir='ltr'>ιί.</span> <span class='ocrx_word' id='word_1_897' title='bbox 2540 5682 2557 5712; x_wconf 82' lang='grc'><strong>³</strong></span> <span class='ocrx_word' id='word_1_898' title='bbox 2586 5679 2745 5736; x_wconf 75' lang='lat' dir='ltr'><strong>Joan.</strong></span> <span class='ocrx_word' id='word_1_899' title='bbox 2778 5696 2829 5744; x_wconf 67' lang='grc' dir='ltr'>ι’,</span> <span class='ocrx_word' id='word_1_900' title='bbox 2869 5678 2953 5735; x_wconf 73' lang='grc'><strong>19.</strong></span> <span class='ocrx_word' id='word_1_901' title='bbox 2990 5679 3007 5708; x_wconf 70' lang='grc'><strong><em>³</em></strong></span> <span class='ocrx_word' id='word_1_902' title='bbox 3035 5677 3173 5730; x_wconf 68' lang='lat' dir='ltr'><strong>l‘sal.</strong></span> <span class='ocrx_word' id='word_1_903' title='bbox 3203 5685 3465 5739; x_wconf 60' lang='lat' dir='ltr'><strong>Lusum,</strong></span> 
     </span>
    </p>
   </div>
   <div class='ocr_carea' id='block_1_115' title="bbox 196 5749 1363 5833">
    <p class='ocr_par' dir='ltr' id='par_1_115' title="bbox 196 5749 1363 5833">
     <span class='ocr_line' id='line_1_115' title="bbox 196 5749 1363 5833; baseline 0.009 -32"><span class='ocrx_word' id='word_1_904' title='bbox 196 5749 278 5803; x_wconf 86' lang='grc'><strong>18.</strong></span> <span class='ocrx_word' id='word_1_905' title='bbox 319 5753 379 5783; x_wconf 67' lang='grc'><strong>’⁸</strong></span> <span class='ocrx_word' id='word_1_906' title='bbox 401 5752 547 5811; x_wconf 81' lang='lat' dir='ltr'><strong>Psal.</strong></span> <span class='ocrx_word' id='word_1_907' title='bbox 575 5769 730 5822; x_wconf 82' lang='lat' dir='ltr'><strong>xutt,</strong></span> <span class='ocrx_word' id='word_1_908' title='bbox 754 5749 876 5825; x_wconf 58' lang='lat'><strong>7,8;</strong></span> <span class='ocrx_word' id='word_1_909' title='bbox 912 5757 953 5833; x_wconf 62' lang='lat' dir='ltr'><em>f</em></span> <span class='ocrx_word' id='word_1_910' title='bbox 985 5756 1142 5812; x_wconf 70' lang='lat' dir='ltr'><strong>llam.</strong></span> <span class='ocrx_word' id='word_1_911' title='bbox 1174 5772 1242 5820; x_wconf 80' lang='lat' dir='ltr'><strong>xi,</strong></span> <span class='ocrx_word' id='word_1_912' title='bbox 1283 5757 1363 5811; x_wconf 81' lang='lat'><strong>17.</strong></span> 
     </span>
    </p>
   </div>
  </div>
