3978 6430
563 259 704 324 2683

1864 279 2207 344 PROCOPU
2235 278 2481 349 GAZEI

3662 306 3776 372 968i

634 373 767 439 Quae
788 383 968 431 tamen
992 391 1116 432 cum
1164 377 1236 433 ita
1266 378 1396 440 sint.
1437 392 1486 436 et
1533 394 1736 452 patrem
1781 398 1829 443 te
1874 401 2131 455 nostrum,

3663 347 3776 372 ιυυι

2311 397 2457 468 Πλὴν
2504 396 2642 451 ἀλλὰ
2694 399 2785 453 καὶ
2829 400 2999 466 οὕτως
3042 406 3274 476 Πατέρα
3332 411 3669 486 γινώσκομεν,
3695 426 3779 480 και

562 473 611 516 ιιι
638 466 876 527 ﬁctorem
899 470 1284 537 agnoscimus;
1325 478 1682 542 quantumvis
1726 480 1888 536 fracti
1916 492 1964 538 et
2004 499 2141 539 con-

566 553 703 617 triti,
732 554 980 611 fictilium
1030 573 1292 614 vasorum
1349 578 1526 620 more.
1558 564 1681 631 Qun
1729 570 1807 636 fit,
1871 584 1930 627 ut
1982 583 2148 630 tanta:

563 645 932 702 imbecillitati
984 652 1199 707 veniam
1272 654 1461 726 largiri
1505 666 1558 713 te
1604 676 1917 730 poscamus.
1969 665 2145 732 Quem

562 736 712 799 enim
740 740 1002 808 operibus
1042 743 1262 810 placare
1300 762 1410 801 non
1440 761 1693 818 possunt,
1724 764 1780 807 ιιι
1804 755 2146 811 conditorem

562 824 737 881 lenire
766 831 1133 899 contendunt,
1157 837 1364 891 servari
1411 854 1506 895 eos
1538 844 1904 911 postulantes,
1935 849 2027 919 qui
2077 850 2148 905 ab

560 914 681 984 ipso
708 920 887 986 primo
916 921 1019 975 hoc
1041 923 1221 992 ipsum
1256 928 1402 995 quod
1431 940 1584 997 sunt,
1608 914 1968 1004 acceperunt:
1996 939 2144 993 Tan-

560 1022 725 1076 quam
759 1018 939 1065 autem
967 1029 1088 1083 quae
1125 1016 1198 1069 ita
1227 1019 1393 1089 digna
1420 1024 1552 1087 sint,
1586 1031 1991 1098 perpetrat-int;
2022 1048 2143 1087 ser-

560 1093 1064 1154 tnonislibertatem
1088 1101 1194 1157 sibi
1223 1120 1332 1160 non
1364 1093 1608 1173 sumunt,
1640 1114 1780 1169 bene
1823 1134 2008 1174 secum
2052 1121 2140 1191 agi

559 1183 964 1256 existimantes,
1001 1192 1051 1246 si
1090 1193 1172 1248 ira
1202 1210 1312 1250 non
1337 1210 1621 1268 augeatur.
1657 1204 1856 1262 Notum
1884 1221 1969 1265 est
1993 1216 2138 1268 enim

561 1274 698 1329 iram
737 1288 883 1333 tuam
914 1297 1025 1337 non
1046 1300 1238 1354 parum
1259 1291 1511 1347 utilitatis
1538 1295 1763 1366 afferre,
1797 1301 1892 1356 sed
1915 1304 2035 1373 ejus
2062 1308 2139 1361 ir.-

560 1367 867 1423 tensionem
912 1382 1116 1441 tamen,
1166 1393 1388 1451 propter
1432 1385 1625 1440 virium
1682 1391 2132 1466 imbecillitatem,

559 1459 708 1513 ferre
741 1476 850 1516 non
880 1479 1200 1533 possumus.
1258 1471 1449 1544 Itaque
1482 1487 1537 1532 et
1592 1478 1758 1536 David
1814 1486 1929 1554 ipse
1977 1493 2132 1560 argui

560 1550 783 1617 quidem
817 1570 877 1609 se
909 1559 1176 1624 postulat,
1205 1563 1300 1617 sed
1335 1580 1445 1620 non
1480 1569 1536 1621 in
1569 1569 1793 1628 furore:
1822 1585 1876 1631 et
1903 1582 2127 1651 corripi,

558 1640 653 1695 sed
696 1658 804 1698 non
850 1647 904 1700 in
955 1649 1037 1703 ira
1064 1650 1107 1706 ⁷.
1164 1652 1426 1724 Sequitur
1480 1677 1646 1718 vero:
1685 1663 1770 1719 Ne
1817 1669 1871 1721 in
1900 1679 2131 1740 tempore

560 1735 860 1791 incutiueris
886 1738 1230 1807 iniquitatum
1259 1757 1598 1806 nostrarum:
1638 1770 1761 1823 quze
1792 1768 1922 1813 sunt
1948 1777 1977 1814 a
2007 1778 2133 1832 pro-
2162 1749 2206 1805 Β

560 1826 727 1893 pheta
763 1829 884 1884 ideo
916 1847 1203 1903 usurpata,
1234 1841 1380 1910 quod
1426 1858 1522 1900 eos
1552 1861 1765 1903 morum
1811 1840 2133 1921 pravitatem

560 1918 796 1975 retinere
825 1938 935 1978 non
967 1925 1283 1995 ignoraret:
1319 1934 1522 2003 quibus
1550 1937 1808 1996 eﬂ‘ectum
1835 1956 1938 2009 est,
1972 1956 2032 1999 ut
2079 1950 2134 2003 in

560 2008 825 2066 ultionem
869 2021 925 2068 et
955 2016 1044 2072 illa
1097 2020 1288 2088 etiam,
1340 2040 1463 2095 qua:
1503 2043 1928 2099 praecesserunt,
1976 2040 2136 2094 colli-

554 2112 774 2167 gantur.
822 2103 982 2170 Quod
1048 2098 1098 2165 'si
1138 2124 1494 2181 paternarum
1567 2123 1732 2176 etiam
1794 2126 2175 2197 iuiquitatum-

557 2190 805 2248 hasredes
830 2194 1056 2265 fuerint,
1072 2209 1126 2255 et
1169 2203 1386 2261 illorum
1405 2223 1621 2280 quoque
1636 2228 1833 2282 pmnas
1849 2190 1899 2271 in
1922 2222 1997 2274 sei
2007 2238 2136 2292 psos

556 2285 845 2352 attracturi
877 2297 1025 2343 sunt.
1060 2293 1245 2363 Itaque
1267 2305 1321 2351 et
1337 2300 1551 2368 psalmo
1581 2307 1884 2364 centesimo
1937 2285 2134 2371 oriavo

552 2388 679 2428 cum
724 2374 790 2432 de
824 2375 961 2434 Juda
997 2382 1341 2453 loqueretur,
1393 2391 1446 2446 in
1508 2400 1832 2455 memoriam
1886 2410 2132 2463 revocari

554 2476 837 2533 peccatum
858 2473 1050 2530 matris
1067 2476 1185 2546 ejus
1205 2485 1509 2552 exaptavit.
1538 2485 1727 2559 Neque
1744 2508 1873 2548 vero
1887 2507 1970 2551 est
1986 2501 2133 2567 quod

555 2557 800 2625 mireris,
836 2562 883 2617 si
929 2579 1039 2621 non
1086 2570 1272 2625 omnia
1307 2590 1430 2644 quae
1474 2578 1543 2634 ab
1589 2580 1711 2651 ipso
1741 2587 2132 2648 maledictlouis

555 2648 729 2706 forma
782 2653 929 2711 dicta
973 2670 1124 2730 sunt,
1167 2667 1471 2737 contigisse
1535 2648 1808 2745 reperias.
1875 2679 2133 2743 Praedicit

549 2743 695 2797 enim
730 2743 893 2816 Deus,
920 2751 1201 2822 timorem,
1233 2771 1341 2812 non
1366 2775 1581 2831 poenas,
1602 2743 1852 2839 inﬂigere
1879 2776 2130 2845 cupiens.

548 2834 706 2892 Alias
725 2839 891 2894 etiam
912 2856 975 2896 ea
1002 2858 1404 2920 recenset,qua=.
1431 2863 1563 2910 sunt
1594 2834 1865 2930 iniquitati
1887 2834 2130 2932 debitam

548 2940 784 2992 quorum
817 2930 1002 3002 aliquo
1035 2948 1162 2989 cum
1197 2938 1462 3010 abstinet,
1490 2954 1577 3000 est
1613 2947 1665 3002 id
1689 2950 1810 3020 ejus
1826 2930 2132 3015 clementiae

547 3016 991 3093 humanitatique
1063 3028 1448 3090 tribuendum.

549 3108 747 3164 deinde
795 3114 1063 3183 propheta
1114 3117 1286 3176 Deum
1324 3136 1507 3193 pcrtra

547 3199 702 3269 signa
741 3202 969 3263 foederis
999 3211 1237 3280 populus
1273 3215 1488 3283 habuit,
1517 3219 1572 3274 in
1601 3228 1924 3283 memoriam
1972 3248 2128 3289 revo-

547 3304 637 3347 cat
661 3311 786 3351 cum
817 3304 1068 3370 populum
1093 3323 1273 3375 suum,
1312 3325 1439 3366 cum
1458 3314 1725 3371 civitatem
1760 3321 1959 3379 intueri
2001 3343 2130 3397 pos-

549 3385 724 3453 tulat;
755 3388 937 3462 inqua
967 3406 1096 3451 sunt
1123 3408 1177 3452 et
1215 3410 1404 3454 sancta
1428 3404 1569 3473 ipsa,
1614 3416 1670 3462 et
1712 3385 2124 3473 tabernaculum

547 3486 602 3531 et
627 3493 777 3547 arca,
818 3491 873 3536 et
907 3485 1168 3553 templum
1198 3488 1362 3551 etiam
1398 3493 1506 3570 Deo
1533 3507 1947 3572 constructum;
2004 3524 2127 3579 qua:

548 3572 691 3638 apud
727 3590 918 3630 onmes
978 3580 1274 3647 conspicua
1324 3583 1562 3653 fuerant,
1627 3601 1682 3645 ct
1723 3599 2125 3658 commendata.

547 3665 681 3718 Cum
715 3675 900 3735 patres
935 3670 1001 3725 de
1052 3673 1257 3742 templo
1284 3675 1403 3732 fore
1458 3681 1864 3755 praedixissent,
1902 3701 1962 3746 ut
2003 3693 2129 3764 igne

545 3755 950 3828 conﬂagraret:
984 3762 1215 3835 ideoque
1267 3768 1658 3839 ntaledictionis
1701 3779 1824 3836 vice
1891 3798 2124 3857 usurpa-

2251 486 2536 554 πλάστην
2554 488 2860 559 ἡμέτερον,
2886 493 2935 545 εί
2969 495 3065 547 καὶ
3083 498 3292 551 σκευῶν
3308 500 3627 572 ὁστρακίνων
3650 508 3782 584 δίκην

2252 577 2568 647 ρηγνύμεθα
2597 581 3028 653 συντριϐόμενοι.
3055 587 3146 639 Διὸ
3193 589 3339 643 δίδου
3386 596 3692 666 συγγνώμην
3728 577 3784 674 τῇ

2247 667 2473 739 τοιαύτῃ
2524 669 2835 741 σαθρότητι.
2862 674 2958 726 Ὃν
3012 676 3121 748 γὰρ
3169 674 3246 744 ἐξ
3277 679 3449 753 ἔργων
3492 686 3590 739 οὐκ
3630 667 3787 759 ἔχουσί

2246 755 2538 825 δυσωπεῖν,
2566 759 2641 825 ὡς
2685 762 3017 834 δημιουργὸν
3064 767 3463 839 εὐμενίζονται,
3500 774 3679 840 σώζειν
3718 785 3788 833 αἰ-

2245 847 2485 914 τοῦντες,
2515 849 2609 915 οὒς
2634 853 2734 922 τὴν
2765 854 2939 926 ἀρχὴν
2972 858 3051 920 είς
3083 858 3144 910 τὸ
3190 856 3331 915 εἶναι
3379 867 3788 935 παρήγαγεν.Ὠς

2244 941 2300 995 δὲ
2331 942 2427 1012 τῆς
2454 944 2626 1016 ὀργῆς
2657 946 2785 1010 ἄξια
2820 947 3129 1016 πράξαντες
3149 991 3164 1014 ,
3193 952 3481 1025 ἐλευθέραν
3508 958 3603 1011 οὐκ
3633 960 3788 1030 ἔχουσι

2245 1036 2582 1106 παρρησίαν,
2618 1038 2899 1109 ἀγαπητὸν
2929 1041 3207 1112 κρίνοντες
3245 1044 3306 1098 τὸ
3352 1046 3426 1117 μὴ
3463 1050 3658 1122 ταύτην
3688 1055 3787 1108 ἐπι-

2242 1126 2492 1196 ταθῆναι.
2519 1130 2638 1181 Ὅτι
2674 1129 2772 1197 μὲν
2803 1131 2913 1201 γάρ
2944 1149 3038 1185 σου
3088 1134 3207 1188 λίαν
3249 1137 3536 1210 ὲπωτρελὴς
3579 1144 3609 1211 ή
3655 1143 3787 1217 ὀργὴ,

2240 1216 2427 1287 δῆλον·
2479 1218 2621 1289 πλὴν
2668 1220 2735 1274 δι’
2774 1222 3066 1279 ἀσθένειαν
3111 1227 3173 1280 οὐ
3224 1228 3462 1299 φέρομεν
3507 1233 3667 1304 αὐτῆς
3709 1238 3789 1304 τὴν

2239 1310 2510 1364 ἐπίτασιν.
2541 1312 2631 1365 Διὸ
2674 1315 2770 1367 καὶ
2819 1316 2983 1369 Δαόὶδ
3031 1320 3173 1373 αἰτεῖ
3198 1320 3298 1390 μὲν
3325 1321 3659 1395 ἐλεγχθῆναι,
3685 1328 3792 1382 ἀλλ’

2237 1401 2296 1452 οὐ
2327 1400 2504 1471 θυμῷ,
2555 1406 2648 1456 καὶ
2678 1406 3069 1477 παιδευθῆναι,
3099 1410 3213 1464 ἀλλ’
3243 1412 3344 1466 οὐκ
3375 1413 3537 1486 ὀργῇ.
3561 1418 3688 1487 Φησὶ
3711 1421 3758 1473 δέ
3777 1438 3789 1451 ·

2237 1492 2335 1560 Μὴ
2379 1495 2449 1547 ἐν
2490 1496 2674 1563 καιρῷ
2714 1498 2999 1567 μνησθῇς
3020 1500 3322 1571 ἁμαρτιῶν
3347 1505 3538 1574 ἡμῶν.
3566 1506 3724 1563 Τοῦτο
3748 1511 3791 1565 δέ

2235 1602 2402 1655 φησιν
2425 1586 2453 1638 ὁ
2479 1589 2784 1657 προφήτης,
2818 1587 2976 1654 εἰδὼς
3002 1592 3203 1657 αὐτοὺς
3247 1597 3315 1667 τῇ
3360 1595 3459 1648 τοῦ
3493 1597 3654 1667 ῆθους
3691 1601 3792 1654 ἐπι-

2240 1678 2502 1747 μένοντας
2535 1679 2789 1749 πονηρίᾳ,
2822 1680 2907 1750 ἐφ’
2940 1674 3016 1735 ὧν
3063 1684 3144 1747 εἰς
3187 1684 3346 1756 δίκην
3393 1686 3488 1740 καὶ
3530 1688 3596 1742 τὰ
3623 1692 3798 1762 προλα-

2239 1766 2403 1821 ϐόντα
2438 1770 2752 1836 συνάγεται.
2783 1772 2846 1824 Et
2900 1771 2958 1826 δὲ
3005 1774 3103 1827 καὶ
3145 1778 3423 1848 πατρικῆς
3464 1779 3689 1847 ἀδικίας
3714 1786 3791 1849 γέ-

2238 1875 2414 1912 νοιντο
2444 1859 2793 1931 κληρονόμοι,
2828 1865 2920 1916 καὶ
2968 1864 3067 1929 τὰς
3114 1866 3344 1922 ἐκείνων
3371 1870 3458 1938 ἐφ’
3483 1873 3697 1935 ἑαυτοὺς
3723 1874 3794 1927 ἐλ-

2238 1968 2393 2005 κουσι
2442 1951 2617 2016 δίκας.
2650 1956 2954 2025 Τοιγαροῦν
2992 1960 3051 2013 ἐν
3095 1960 3377 2033 ἑκατοστῷ
3411 1963 3581 2033 ὀγδόῳ
3621 1964 3794 2036 ψαλμῷ

2195 2078 2199 2082 ι
2236 2042 2326 2096 διὰ
2353 2043 2443 2096 τὸν
2474 2045 2676 2099 Ἰούδαν
2705 2047 2897 2115 λέγων,
2919 2051 3342 2123 Ἀναμνησθείη,
3371 2055 3614 2125 φησὶν,ἡ
3645 2056 3796 2128 ἁμαρ-

2235 2135 2328 2186 τία
2360 2135 2462 2205 τῆς
2493 2138 2702 2208 μητρὸς
2729 2140 2918 2196 αὑτοῦ.
2952 2143 3014 2195 Et
3041 2142 3100 2196 δὲ
3146 2144 3221 2214 μὴ
3260 2145 3444 2199 πάντα
3475 2148 3687 2215 γέγονεν
3716 2151 3796 2202 ἐπ’

2237 2226 2402 2281 αὑτοῦ
2433 2228 2502 2281 τὰ
2532 2231 2590 2282 ἐν
2621 2230 2884 2300 κατάρας
2911 2233 3185 2305 λεγόμενα
3213 2238 3479 2307 σχήματι,
3509 2238 3583 2310 μὴ
3612 2240 3795 2310 θαυμά-

2239 2335 2340 2392 σῃς
2362 2319 2673 2393 ’προλέγει
2722 2323 2832 2394 γὰρ
2876 2324 3029 2388 θεὸς,
3063 2328 3270 2396 φοὸεῖν,
3298 2331 3400 2383 οὐκ
3434 2333 3659 2401 ἐπάγειν
3688 2333 3793 2404 βου-

2235 2409 2704 2479 λόμενο;.¹’Δλλως
2725 2413 2785 2469 τε
2807 2415 2957 2483 λέγει
2986 2418 3054 2472 τὰ
3079 2423 3547 2494 κεχρεωστημένα
3568 2427 3631 2496 τῇ
3657 2443 3796 2498 πονη-

2240 2503 2430 2573 ρίᾳ.⁶’0
2462 2503 2520 2556 δὲ
2552 2503 2627 2576 μὴ
2660 2506 2870 2560 τούτων
2904 2510 3192 2579 ἐπάγεται,
3224 2515 3289 2583 τῇ
3321 2514 3696 2586 φιλανθρωπίᾳ
3725 2518 3796 2571 λο-

2234 2597 2414 2664 γίζου.
2442 2598 2613 2651 Πάλιν
2646 2599 2703 2652 δὲ
2729 2601 2810 2664 είς
2839 2596 3021 2656 οἶκτον
3047 2604 3075 2656 ὁ
3106 2609 3396 2676 προφήτης
3424 2608 3519 2661 τὸν
3549 2609 3676 2662 Θεὸν
3697 2611 3795 2663 ἐπι-

2236 2688 2547 2760 σπώμενος,
2577 2692 2646 2745 τὰ
2688 2693 2747 2759 ἐξ
2778 2694 2954 2766 ἀρχῆς
2990 2696 3313 2767 ὑπάρξαντα
3345 2700 3429 2772 τῷ
3457 2701 3571 2770 λαῷ
3612 2720 3796 2775 μνημοε

2233 2781 2379 2834 νεύει
2420 2782 2761 2855 συνθήματα,
2792 2788 2957 2840 Λαόν
2978 2803 3123 2851 σου,
3161 2789 3356 2859 λέγων,
3395 2794 3492 2847 καὶ
3520 2795 3793 2882 πόλιν-,μὴ

2233 2875 2513 2944 παρίδῃς,
2537 2878 2597 2928 ἐν
2621 2870 2655 2950 ᾖ
2685 2877 2758 2931 τὰ
2780 2877 2937 2946 ἅγια,
2964 2881 3059 2933 καὶ
3087 2882 3120 2952 ή
3153 2883 3348 2955 σκηνὴ,
3375 2884 3475 2938 καὶ
3505 2887 3539 2957 ὴ
3569 2873 3793 2951 κιϐωτὸς,

2232 2967 2260 3019 ὃ
2281 2983 2340 3019 τε
2372 2966 2588 3030 σταθείς
2621 2983 2703 3020 σοι
2720 2968 2875 3034 νεὼς,
2912 2968 2948 3022 ἃ
2981 2971 3076 3023 καὶ
3110 2972 3455 3042 περίϐλεπτα
3486 2978 3646 3029 πᾶσιν
3666 2976 3797 3044 ἐτύγ-

1537 3037 1623 3093 Ad
1688 3043 2126 3105 misericordiam

2232 3077 2422 3130 χανεν⁶
2452 3060 2614 3114 τοῦτο
2659 3060 2772 3113 τῶν
2802 3061 3060 3132 πατέριον
3107 3065 3527 3142 προειρηκὸτων
3569 3072 3689 3139 περί
3714 3068 3793 3121 τοῦ

1513 3126 1671 3195 benso
1703 3147 1824 3202 (Ιυω
1854 3136 1922 3192 ab
1970 3140 2128 3197 ίηίῑίο
2156 3126 2198 3141 ν
2227 3126 2357 3209 ναοῦ
2378 3194 2391 3219 ,
2421 3153 2496 3215 ὡς
2524 3153 2619 3205 καὶ
2650 3153 3026 3223 πυρίκαυστος
3050 3155 3298 3225 γέγονεν,
3325 3158 3408 3222 ὡς

3457 3161 3518 3212 ἐν
3563 3159 3795 3229 κατάρας

2231 3246 2385 3317 μέρει
2434 3245 2670 3307 κεῖσθαι,
2701 3243 2773 3310 ὡς
2816 3246 2894 3298 ὅτ’
2928 3246 2994 3301 ἄν
3025 3264 3109 3311 τις
3141 3248 3323 3318 λέγοιο
3362 3251 3622 3323 Πὰϐοιμι,
3652 3254 3682 3325 ἢ
3715 3271 3796 3306 κα-

2224 3337 2633 3407 ταστραφείην,
2667 3335 2743 3399 ὡς
2796 3337 3172 3411 Ἰερουσαλὴμ,
3222 3342 3251 3395 ὅ
3301 3360 3362 3397 τε
3416 3345 3623 3416 ταύτης
3669 3347 3791 3409 ναός.

2227 3428 2414 3482 Ταῦτα
2456 3427 2512 3480 δὲ
2548 3427 2769 3495 γέγονεν
2807 3431 2866 3481 ού
2907 3429 2994 3484 διὰ
3031 3432 3131 3503 σὴν
3175 3434 3488 3500 ἀσθένειαν,
3521 3438 3632 3491 ἀλλ’
3664 3439 3792 3508 ἡμῶν

2234 3518 2588 3589 ἡσεὸηκότων
2646 3520 2727 3582 είς
2777 3520 2869 3574 τὸν
2918 3522 3177 3594 Χριστόν.
3231 3526 3392 3591 Τινὲς
3446 3528 3505 3582 δὲ
3555 3529 3795 3598 κατάραν

2234 3610 2445 3678 ἔφασαν
2469 3610 2578 3681 ,τὴν
2608 3610 2973 3681 κατάρρησιν.
3007 3614 3071 3666 Οἱ
3109 3613 3219 3684 γὰρ
3247 3616 3468 3680 ἑλόντες
3496 3619 3594 3689 τὴν
3626 3619 3796 3690 Ἰερου-

2238 3699 2419 3771 σαλὴμ
2449 3700 2605 3761 θεοὺς
2633 3701 2733 3770 μὲν
2760 3702 2885 3764 τοὺς
2921 3702 3085 3769 ἰδίους
3112 3705 3423 3787 ἐδόξαζον,
3460 3709 3793 3775 ἀσθενείαςδέ

2230 3791 2323 3845 τὸν
2348 3790 2552 3862 ταύτης
2576 3792 2808 3863 ᾐτιῶντο
2833 3794 2987 3853 Θεόν.
3068 3825 3075 3831 ·

544 3845 728 3913 batur,
778 3866 904 3906 cum
953 3868 1013 3909 se
1055 3856 1256 3926 aliquis
1297 3860 1373 3915 ita
1407 3863 1493 3917 vel
1534 3867 1671 3949 pati,
1709 3872 1793 3926 vel
1844 3845 2047 3943 ruere,-
2098 3890 2160 3936 ut
2199 3880 2713 3955 Hierosolymorum
2743 3885 3140 3957 urbcm,735
3164 3899 3258 3943 aut
3325 3893 3593 3963 templum
3622 3893 3789 3963 ipsius.

542 3942 963 4010 imlH‘ccal‘clur.
990 3950 1171 4021 Atque
1205 3953 1323 4009 haec
1350 3957 1571 4026 quidem
1614 3942 1987 4038 contigerunt,
2019 3991 2128 4030 non
2167 3979 2237 4032 ob
2278 3986 2449 4042 tuam,
2483 3978 2576 4035 sed
2607 3979 2679 4032 ob
2703 3988 2953 4035 nostram
3022 3982 3494 4048 imbecillitatem;
3553 3985 3647 4057 qui
3704 3987 3791 4040 im-

2314 4032 2317 4033 ν
2436 4032 2449 4042 ,
2493 4032 2533 4035 ο.
3022 4032 3492 4048 ,_-___-___--_-----,
3555 4032 3643 4057 η...

540 4032 798 4099 pietatem
841 4037 895 4091 in
923 4038 1206 4096 Christum
1276 4049 1651 4107 exercuimus.
1711 4055 1829 4113 Non
1863 4062 2067 4120 desunt
2114 4075 2317 4133 tamen,
2390 4070 2484 4140 qui
2544 4070 2935 4126 maledictionis
2996 4075 3216 4130 nomine
3296 4078 3789 4134 condemnationem

541 4125 871 4197 intelligant.
903 4128 1008 4196 Qui
1035 4133 1180 4188 enim
1210 4135 1515 4196 Jerusalem
1547 4159 1947 4219 expugnarant,
1986 4158 2122 4216 deos
2162 4162 2381 4232 quidem
2408 4125 2547 4218 suos
2587 4162 2763 4233 gloria
2815 4165 3146 4231 adiciebant,
3229 4167 3571 4238 impotentiae
3630 4182 3789 4228 autem

542 4221 1049 4298 imbecillitatisque
1069 4229 1238 4286 Deum
1260 4234 1379 4303 ejus
1408 4243 1765 4300 accusabant.

1168 4325 1319 4387 CAP.
1345 4327 1503 4385 LXV.

610 4405 774 4477 736
789 4407 951 4467 Vens.
974 4413 1127 4468 1-12.
1144 4418 1383 4487 Apparui
1407 4441 1509 4477 non
1530 4431 1885 4501 querentibus
1909 4452 2016 4501 me;
2042 4442 2105 4493 iu-

539 4509 724 4553 ventus
744 4518 857 4555 sunt
878 4510 942 4557 ab
964 4505 1067 4573 his,
1088 4510 1180 4579 qui
1208 4529 1287 4565 me
1313 4530 1413 4568 non
1432 4508 1783 4589 interrogant.
1810 4524 1938 4581 Dixi
1954 4528 2120 4585 :Ecre

2810 4354 3064 4409 ΚΕΦΑΛ.
3101 4353 3223 4410 ΞΕ’.

2291 4441 2450 4512 α-ιβ’.
2507 4443 2815 4512 Ἐμςρανὴς
2855 4446 3153 4515 ἐγενήθην
3179 4447 3304 4514 τοῖς
3338 4448 3450 4517 ἐμὲ
3485 4450 3573 4518 μὴ
3615 4448 3791 4517 ζητοῦ-

2218 4547 2344 4586 σιν.
2374 4533 2646 4602 Εὑρέθην
2675 4536 2797 4601 τοῖς
2825 4534 2930 4604 ἐμὲ
2975 4536 3061 4606 μὴ
3112 4538 3515 4606 ἐπερωτῶσιν.
3551 4537 3699 4595 Εἷπα
3722 4539 3789 4604 τῷ

537 4604 629 4658 ego
660 4590 847 4644 adsum
874 4596 1039 4663 genti,
1073 4599 1164 4666 qui
1191 4615 1291 4653 non
1322 4602 1637 4660 invoCaruut
1678 4626 1863 4664 nomen
1924 4632 2114 4683 meum,

538 4680 766 4711 οταν-..Αἱ
797 4699 983 4711 ...ηιηη
1013 4703 1155 4711 ...---
1191 4699 1297 4711 .-.μ
1330 4693 1401 4711 με
1521 4700 1529 4711 .
1712 4699 1721 4711 ι
1877 4704 1885 4711 .
2037 4706 2046 4711 -

2232 4624 2399 4686 ἔθνει,
2417 4590 2474 4678 oi
2500 4590 2612 4679 οὐκ
2642 4590 2951 4681 ἐκάλεσῖάν
2970 4590 3091 4696 ξιον
3115 4629 3183 4682 τὸ
3211 4590 3423 4699 grana.
3445 4631 3788 4696 Ἐξεπέτασα

536 4680 767 4745 erpandi
797 4699 984 4738 atauus
1012 4703 1155 4742 meas
1187 4699 1298 4743 tota
1321 4693 1403 4746 die
1462 4700 1529 4747 ad
1562 4699 1813 4766 populum
1869 4704 2114 4758 incredu-

537 4771 668 4838 lam,
700 4785 748 4827 et
782 4777 1248 4847 contradicentem,
1276 4785 1365 4852 qui
1396 4802 1497 4839 non
1522 4789 1925 4847 ambulaverunt
1953 4797 2005 4849 iu
2033 4800 2115 4852 ria

536 4878 677 4928 uera,
711 4865 801 4918 sed
827 4876 943 4931 post
989 4883 1208 4936 peccata
1268 4891 1390 4930 sua.
1427 4877 1664 4948 Populus
1690 4882 1793 4945 hic,
1844 4886 1934 4952 qui
1978 4904 2104 4941 exa-

537 4955 713 5008 cerbat
752 4975 829 5011 me
861 4959 911 5012 in
935 4976 1214 5029 conspectu
1240 4983 1350 5021 meo
1387 4987 1610 5038 πωρον,
1673 4975 1776 5043 ipsi
1830 4981 2107 5036 immolant

538 5048 590 5100 in
615 5047 805 5113 hortis,
838 5062 886 5105 et
939 5055 1151 5111 adolent
1188 5059 1455 5117 inermum
1494 5055 1671 5130 super"
1700 5068 1894 5126 lateres
1917 5074 2116 5128 diruto-

538 5135 660 5200 uiis,
694 5156 805 5207 qua!
838 5159 937 5195 Non
963 5159 1105 5212 stult,
1141 5158 1247 5203 etc.

606 5309 1057 5383 Qttanquuitlrnt
1086 5338 1180 5392 per
1206 5342 1395 5395 preces
1424 5333 1512 5384 alii
1548 5338 1950 5395 conﬁtebantur
1973 5387 1984 5409 ,
2021 5347 2111 5399 alii

538 5410 715 5455 autem
748 5406 952 5461 erroris
987 5399 1070 5465 sui
1123 5428 1402 5473 aUl'UN'CIII
1452 5423 1618 5479 Deum
1661 5446 1783 5483 esse
1814 5436 2114 5501 exprobra-

542 5492 697 5547 bant:
733 5502 1024 5567 respondet
1051 5507 1151 5560 hoc
1182 5527 1382 5567 sensu;
1415 5518 1515 5579 Qui
1537 5537 1634 5589 ego
1666 5536 1955 5592 precantes
1986 5544 2111 5583 con-

605 5675 625 5706 τ
662 5674 804 5732 l’sal.
836 5696 909 5743 τι,
946 5684 1011 5748 ‘2;
1049 5699 1252 5748 xxxvi,
1296 5689 1346 5743 :2.

2222 4714 2329 4780 τὰς
2367 4714 2571 4784 χεζοάς
2593 4734 2715 4784 μου
2770 4717 2927 4786 ὅλην
2953 4718 3068 4787 τὴν
3105 4720 3335 4788 ἡμέραν
3366 4721 3521 4791 πρὸς
3558 4724 3704 4776 λαὸν
3734 4721 3787 4774 d-

2218 4807 2536 4861 πειθοῦντα
2559 4809 2656 4863 καὶ
2690 4810 3103 4878 ἀντιλέγοντα,
3136 4811 3195 4865 οἳ
3235 4814 3347 4866 οὐκ
3394 4814 3786 4881 ἐπορεύθησαν

2217 4897 2335 4962 ὀδῷ
2379 4898 2642 4968 ἀληθινῇ
2665 4941 2679 4963 ,
2710 4901 2848 4955 ἀλλ’
2870 4901 3063 4956 ὀπίσω
3098 4902 3214 4956 τῶν
3246 4903 3547 4973 ἁμαρτιῶν
3588 4901 3781 4958 αὐτῶν.

2226 4991 2279 5042 '0
2309 4990 2458 5056 λαὸς
2486 4987 2666 5059 οὗτος
2720 4997 2753 5047 ό
2799 4994 3160 5061 παροξύνων
3199 5013 3277 5065 με
3298 5034 3313 5057 ,
3336 4996 3615 5050 ἐναντίον
3655 4992 3783 5062 ἐμοῦ

2216 5083 2567 5150 διαπαντὸς,
2596 5087 2768 5139 αὐτοὶ
2800 5084 3218 5145 ’θυσιάζουσιν
3269 5087 3340 5139 ἐν
3387 5086 3515 5153 τοῖς
3568 5085 3778 5150 κήποις,

2130 5171 2139 5180 ’
2216 5175 2313 5229 καὶ
2365 5174 2660 5244 θυμιῶσιν
2698 5176 2795 5230 ἐπὶ
2838 5175 2967 5242 ταῖς
2996 5177 3271 5243 πλίνθοις
3302 5176 3426 5241 τοῖς
3457 5177 3777 5245 δαιμονίοις,

2222 5266 2261 5319 ἃ
2285 5270 2396 5320 οὐκ
2427 5268 2617 5333 ἔστιν,
2644 5285 2698 5323 κ.
2728 5285 2778 5322 τ.
2811 5268 2841 5320 λ
3506 5360 3527 5366 _
3593 5357 3630 5366 υ
3676 5356 3687 5366 .

2290 5360 2410 5412 Τῶν
2443 5360 2542 5430 μὲν
2573 5360 3129 5431 ἐξομολογησαμένιον
3156 5360 3224 5414 δι’
3248 5360 3433 5429 εὐχῆς,
3458 5360 3567 5411 τῶν
3588 5357 3641 5410 δὲ
3665 5372 3776 5407 ova:-

2218 5451 2480 5505 δισὸιντων
2505 5452 2580 5514 ὡς
2612 5451 2943 5523 πλανήσαντι
2967 5452 3045 5522 τῷ
3075 5452 3222 5522 Θεῷ,
3256 5451 3610 5522 ἀποκρίνεται
3636 5447 3773 5540 ﬂuvii

2224 5559 2313 5610 μει
2356 5542 2556 5610 λέγων’
2590 5542 2712 5606 Πῶς
2764 5544 2830 5597 ἂν
2877 5543 3131 5614 παρεῖδον
3164 5542 3513 5615 εὐχομένους,
3545 5542 3572 5594 ὁ
3601 5542 3670 5611 μὴ
3697 5536 3769 5587 τὸν
