3978 6396
155 319 286 386 2685

1261 275 1263 279 ’
1323 320 1862 382 connexum
1907 320 1992 381 1N
2029 319 2321 382 15mm.

3277 308 3420 373 2086

153 438 367 493 θάνατον
403 432 502 491 τοῦ
542 434 870 506 ἁμαρτωλοῦ
914 434 1112 506 ζητῶν,
1147 435 1224 500 ὼς
1253 438 1352 508 τὴν
1389 438 1683 507 μετάνοιαν
1712 456 1723 504 ;

1835 437 2175 508 tempsi,qui
2208 451 2317 490 non
2361 430 2670 502 peccatoris
2702 435 2898 493 morte,
2943 423 3040 482 sed
3099 423 3418 506 paenitentia

151 527 263 590 Πῶς
291 526 336 580 δ’
362 525 428 580 ἂν
469 525 772 594 ἐπλάνησα,
819 528 1174 598 ἐπιστρέφειν
1217 529 1427 591 πάντας
1479 544 1734 598 παρακαο

151 618 266 679 λῶν.
283 619 373 672 καὶ
398 619 723 673 ἀνίστασθαι
747 619 1047 683 πίπτοντας
1069 636 1082 684 ;
1103 620 1220 684 πῶς
1246 619 1290 674 δ’
1313 619 1380 674 ἃν
1405 621 1735 691 ἐσκλήρυνον

112 782 122 795 κ
153 711 305 780 ὑμᾶς,
329 711 358 762 ὁ
391 711 486 764 καὶ
513 713 624 774 τοῖς
655 711 874 781 μακρὰν
905 711 1216 780 ᾁφεστῶσιν
1253 711 1390 781 ἐμοῦ
1419 711 1506 766 διὰ
1539 713 1734 780 φιλαν-

153 801 388 872 θρωπίαν
417 803 730 873 ἐπιτρέχων
757 805 1088 873 αὐτόματος,
1117 803 1192 866 ὡς
1229 804 1324 858 καὶ
1349 805 1476 868 τοὺς
1500 803 1734 874 ἀλλοφύ-

151 893 264 956 λους
311 892 602 959 γινώσκειν
638 895 760 962 ἐμὲ,
795 895 961 964 μηδὲν
1007 895 1090 964 είς
1129 893 1289 965 τοῦτο
1323 897 1730 967 μοχθήσαντας,

1838 529 2161 586 delector“?
2199 527 2301 595 Qui
2339 527 2392 581 in
2424 538 2667 579 errorem
2699 519 2925 587 induxi,
2980 518 3097 590 qui,
3137 530 3192 572 ut
3243 501 3310 572 ad
3359 534 3421 573 se

1839 623 2084 678 redirent
2112 636 2328 684 omnes,
2355 628 2524 688 utque
2549 617 2799 688 jacentes
2841 613 3240 674 excitarentur,
3289 609 3420 663 bor-

1839 724 1986 770 tatus
2007 713 2175 770 sum?
2205 712 2308 780 Qui
2339 727 2436 766 vos
2459 724 2658 766 rursus
2688 703 2940 762 induravi
2964 747 2979 771 ,
3011 703 3106 773 qui
3141 701 3210 756 ad
3260 700 3422 768 longe

1839 817 2100 869 remotos,
2133 821 2242 876 qua
2273 820 2393 860 sum
2421 797 2476 856 in
2507 799 2761 856 homines
2795 793 3199 856 benevolentia,
3225 798 3422 862 sponte

1841 897 2122 963 advolavi,
2152 900 2208 950 tit
2244 893 2398 949 nullo
2432 907 2519 948 me
2545 889 2770 962 negotio
2797 887 2963 942 etiam
2995 881 3317 953 alienigenis
3337 881 3421 934 in-

149 985 369 1060 ἐμαυτὸν
402 985 588 1048 αὐτοῖς
621 985 1028 1053 ἐπιδείξαντοςς
1075 986 1134 1040 'U
1162 986 1221 1040 δὲ
1253 990 1384 1058 περὶ
1415 987 1544 1052 τοὺς
1573 988 1723 1042 ἀλλο-

1836 988 2098 1044 tuendum
2125 997 2180 1044 et
2207 983 2652 1056 cognoscendum
2685 977 3026 1051 praeberem?
3049 976 3152 1042 Qui
3184 975 3422 1043 denique

145 1074 315 1146 τρίους
341 1075 606 1142 τοιοῦτος,
634 1077 754 1141 πῶς
779 1077 909 1148 περὶ
935 1078 1081 1149 ὑμᾶς
1107 1078 1359 1150 ἀπηνής;
1391 1080 1500 1134 Καὶ
1533 1081 1640 1152 μὴν
1671 1081 1730 1148 ἐξ

147 1167 287 1236 ὑμῶν
314 1169 653 1240 ἀπηρξάμην
685 1171 784 1241 τῆς
815 1171 1076 1242 χάριτος,
1109 1171 1293 1225 καλῶν
1337 1171 1602 1242 εὐμενῶς,
1636 1173 1730 1227 καὶ

146 1252 226 1311 οἷα
267 1259 482 1326 χερσὶν
523 1259 945 1330 ἐκτεταμέναις
969 1261 1232 1331 γνησίους
1263 1263 1457 1327 παῖδας
1502 1263 1728 1335 περιλα-

148 1351 248 1404 ϐεῖν
276 1350 660 1424 ἐπειγόμενος,
689 1353 784 1408 καὶ
817 1351 1116 1425 μισοῦντας
1147 1355 1294 1426 ὑμᾶς
1328 1357 1584 1426 ἀγαπῶν.

209 1528 359 1610 Τινὲς
381 1529 438 1584 δέ
466 1529 745 1600 λέγουσιν,
791 1531 868 1597 ὡς
910 1531 1110 1598 αύτούς
1141 1551 1274 1603 φησι
1315 1534 1391 1606 μὴ
1431 1534 1727 1605 ἐπερωτή-

149 1638 379 1688 σοντας.
405 1623 528 1694 Ἀφ’
560 1625 757 1685 ἐαυτοῦ
779 1625 886 1700 γὰρ
906 1628 992 1692 εἰς
1009 1627 1110 1690 τὰς
1137 1628 1470 1697 συναγωγὰς
1493 1629 1728 1700 εἰσέτρε-

149 1715 595 1801 χεν,¹κηρύσσων
627 1719 723 1773 καὶ
761 1719 1102 1788 θεραπεύων,
1149 1718 1339 1788 ἔλεγέν
1386 1737 1446 1772 τε
1496 1721 1682 1786 αὐτοῖς
1707 1739 1722 1754 ·

148 1804 274 1876 Ἐγώ
305 1808 422 1877 ειμι
456 1809 523 1862 τδ
553 1809 668 1879 φῶς
697 1809 792 1862 τοῦ
823 1811 1052 1880 κόσμου.
1093 1811 1228 1877 Καὶ,
1261 1812 1410 1874 Εῖτις
1443 1811 1592 1884 διψᾷ,
1625 1813 1720 1884 ἐρ-

148 1899 310 1972 χέσθω
335 1900 474 1970 πρός
503 1918 595 1972 με.
629 1901 771 1956 Ἀλλ’
795 1901 1126 1973 ἠκολούθουν
1141 1905 1262 1967 ταῖς
1292 1903 1504 1957 ἑαυτῶν
1534 1905 1719 1976 ἁμαρ-

148 1989 294 2052 τεαις.
317 1989 426 2044 Καί
449 2007 534 2044 τοι
559 1991 864 2060 γεγωνότος
892 1991 1029 2064 ἐμοῦ
1053 2009 1068 2022 ·
1111 1993 1239 2046 Ἐὰν
1264 1993 1340 2065 μὴ
1366 1993 1718 2064 πιστεύσητε,

150 2080 222 2133 ὅτι
243 2081 349 2150 ἐγώ
385 2083 528 2152 εἰμι,
561 2083 621 2136 ἐν
649 2087 770 2148 ταῖς
805 2083 1109 2156 ἁμαρτίαις
1138 2085 1292 2157 ὑμῶν
1331 2085 1716 2142 ἀποθανεῖσθε.

151 2173 291 2237 Τινές
313 2175 372 2227 δέ
401 2173 547 2246 πρὸς
576 2174 648 2229 τὰ
669 2177 727 2230 ἐν
750 2175 1036 2249 Αἰγύπτῳ,
1069 2177 1162 2232 καὶ
1199 2179 1344 2232 κατά
1371 2179 1597 2250 καιροὺς
1628 2179 1724 2232 λυ-

152 2265 304 2336 πηρὰ,
334 2267 424 2321 τὸν
474 2268 637 2337 λόγον
683 2269 954 2336 ἐδέξαντο,
1002 2271 1086 2325 ὅτι
1138 2271 1214 2342 μὴ
1261 2271 1486 2344 κληθεὶς
1528 2274 1721 2336 αὐτοῖς

152 2359 364 2430 ἐδοήθει.
395 2361 545 2432 Ἐγὼ
571 2363 704 2435 γὰρ,
721 2367 754 2419 ὁ
779 2363 881 2420 καὶ
905 2363 1004 2419 διὰ
1026 2362 1289 2431 Μωσέως
1316 2363 1521 2435 χεῷας
1549 2365 1724 2420 ἐκπε-

153 2454 372 2521 ταννὺς,
409 2454 553 2525 πρὸς
587 2454 649 2509 τὸ
683 2456 812 2519 τοὺς
857 2456 957 2527 μὲν
989 2453 1382 2510 οἰκειώσασθαι
1413 2455 1504 2510 διὰ
1541 2456 1720 2526 νίκης,

149 2543 295 2597 τὸνδέ
321 2543 578 2617 Ἀμαλὴκ
610 2545 906 2611 ἀπολέσαι,
950 2545 1042 2600 καί
1081 2562 1164 2598 τοι
1215 2545 1530 2616 κεχηνὸτων
1581 2545 1724 2617 πρὸς

149 2635 335 2704 εἴδωλα,
372 2637 482 2692 καὶ
512 2639 635 2701 ταῖς
668 2637 877 2692 ἑαυτῶν
916 2637 1238 2708 ἐπιθυμίαις
1257 2633 1720 2704 ἀκολουθούντων,

148 2730 316 2784 ἀλλὀὐ
345 2729 438 2784 νῦν
481 2729 718 2802 πρῶτον.
749 2729 943 2801 Ὑμεῖς
971 2727 1162 2800 γὰρ,οἰ
1191 2730 1258 2782 ἐκ
1302 2729 1504 2791 παντὸς
1525 2729 1722 2793 αἰῶνός

150 2837 208 2890 με
245 2821 705 2892 παροξύνοντες
731 2864 746 2888 ,
815 2822 1069 2887 θύοντες
1114 2819 1374 2875 ἐνώπιον
1416 2819 1564 2890 ἐμοῦ
1625 2821 1722 2874 τοῦ

152 2909 304 2964 πάντα
345 2911 666 2982 ἐφορῶντος
697 2911 856 2976 Θεοῦ,
889 2914 984 2966 καὶ
1011 2913 1288 2976 εἰπόντος’
1329 2912 1424 2979 Μὴ
1463 2911 1561 2966 ἀπ’
1588 2911 1723 2983 ἐμοῦ

151 2999 476 3072 κρυϐήσεταί
527 3018 582 3056 τι
660 2999 680 3074 [
725 3001 1008 3056 ἐναντίον
1066 2999 1256 3072 ἐμοῦ]
1305 3000 1476 3070 ἤγουν
1533 3000 1594 3052 ἐν
1647 2997 1725 3070 τῷ

1835 1082 1891 1136 in
1918 1097 2013 1136 vos
2045 1096 2156 1134 non
2185 1081 2427 1134 clemens
2447 1093 2573 1132 esse
2602 1075 2756 1146 potui
2782 1092 2796 1140 ;
2825 1071 2922 1143 qui
2950 1070 3005 1125 in
3052 1069 3265 1124 alienos
3295 1065 3420 1119 talis

1832 1172 2060 1230 exstiti?
2106 1171 2219 1226 lmo
2252 1187 2285 1226 a
2321 1170 2475 1224 vobis
2526 1183 2630 1238 ego
2682 1167 2876 1238 gratiae
2913 1161 3189 1234 principia
3243 1157 3373 1213 duxi
3400 1197 3416 1222 ,

1832 1264 1926 1332 qui
1964 1263 2196 1332 benigne
2224 1259 2450 1325 vocavi;
2477 1259 2705 1329 quique,
2737 1255 2910 1311 veluti
2939 1251 3181 1307 manibus
3217 1266 3419 1318 expan-

1832 1357 1927 1420 sis,
1952 1356 2019 1410 ad
2061 1354 2222 1425 737
2253 1368 2548 1423 germanos
2573 1350 2716 1404 filios
2749 1362 3072 1419 properans,
3102 1360 3198 1400 vos
3225 1345 3414 1404 etiam.

1835 1451 1930 1521 qni
1982 1466 2066 1504 me
2101 1448 2323 1512 odistis,
2356 1446 2676 1516 complexus
2705 1429 2852 1498 sum.

1905 1539 2108 1593 Volunt
2155 1547 2340 1592 tamen
2398 1535 2672 1600 nonnulli,
2703 1548 2800 1589 eos
2860 1533 3246 1600 interrogantes
3309 1545 3417 1582 non

1829 1630 2036 1694 induci.
2076 1627 2155 1682 Ex
2195 1643 2254 1682 se
2283 1626 2428 1681 enim
2475 1625 2542 1678 ad
2583 1637 2892 1695 synagogas
2913 1619 3302 1686 conciona‘ndi,
3327 1635 3420 1676 sa-

1829 1721 2110 1791 namlique
2139 1719 2335 1791 gratia,
2361 1699 2698 1780 cucurrisse,
2725 1725 2780 1770 et
2810 1714 3094 1770 monuisse
3131 1712 3310 1768 lucem
3360 1727 3420 1766 se

1829 1830 1954 1872 esse
1984 1812 2174 1869 mundi
2203 1813 2245 1866 ⁹.
2279 1811 2364 1876 Ει,
2398 1812 2444 1866 si
2475 1811 2602 1881 quis
2635 1809 2838 1874 sitiret,
2875 1807 2941 1863 ad
2967 1823 3027 1863 se
3045 1821 3169 1863 esse
3199 1805 3422 1860 venien-

1828 1911 1957 1966 dum
1995 1911 2061 1966 ιο.
2089 1909 2193 1965 Sed
2231 1923 2331 1963 sua
2383 1921 2508 1962 esse
2561 1911 2784 1974 peccata
2834 1909 3053 1959 secutos
3085 1917 3100 1966 ;
3128 1907 3424 1974 quantum-

1831 2005 1913 2059 vis
1943 2001 2053 2057 nisi
2087 2001 2378 2056 crederent
2409 1999 2539 2070 quia
2599 1997 2716 2067 ipse
2772 2002 2876 2060 est,
2912 1994 2968 2048 in
3011 1990 3256 2063 peccatis
3303 1989 3422 2043 suis

1829 2114 1955 2154 esse
2013 2096 2314 2151 morituros
2356 2092 2682 2148 inclamaret
2722 2089 2789 2144 ”.
2825 2086 2964 2143 Sunt
2997 2084 3186 2150 etiam,
3219 2083 3314 2150 qui
3353 2081 3420 2135 ad

1831 2185 2653 2260 Egyptiacamservitutem,et
2687 2177 2758 2233 ad
2793 2175 3098 2241 molestias,
3125 2187 3266 2244 quas
3299 2185 3422 2224 cer-

1831 2283 1904 2338 tis
1935 2279 2275 2348 temporibus
2319 2275 2646 2338 tolerarunt,
2674 2272 2798 2328 ideo
2823 2267 3108 2332 referant;
3157 2261 3302 2336 quod
3350 2262 3421 2315 ab

1829 2387 1918 2438 eo,
1936 2387 2099 2442 quem
2115 2369 2337 2423 minime
2355 2367 2706 2428 invocabant,
2727 2361 2991 2418 auxilium
3011 2358 3296 2414 sentirent.
3325 2355 3420 2410 Ille

1830 2465 2002 2526 enim,
2022 2460 2136 2531 Ego
2167 2476 2312 2524 sum,
2339 2457 2540 2529 inquit,
2571 2457 2666 2527 qui
2696 2470 2884 2510 manus
2910 2469 3052 2507 mea;
3078 2455 3132 2505 in
3155 2447 3306 2504 Hose
3321 2463 3408 2502 ea:-

1829 2553 2041 2626 pandi;
2085 2562 2144 2607 ut
2220 2567 2316 2622 per
2359 2551 2644 2606 victoriam
2696 2563 2796 2604 vos
2854 2545 2985 2600 milii
3041 2543 3417 2605 conciliarem,

1830 2647 2168 2703 Amalecitas
2199 2653 2380 2698 autem
2435 2641 2723 2712 perderem
2754 2657 2769 2693 :
2800 2636 3210 2708 quantumlibet
3257 2633 3420 2688 idolis

1831 2739 2110 2796 inhiantes
2129 2735 2328 2792 vestris
2346 2732 2748 2804 cupiditatibus
2773 2727 3120 2784 inserviretis
3143 2743 3159 2792 ;
3179 2741 3250 2780 ne
3273 2741 3422 2780 nunc

1833 2831 1888 2887 id
1921 2829 2156 2901 primum
2188 2825 2306 2881 lieri
2339 2823 2605 2880 alieratis.
2637 2820 2750 2876 Vos
2777 2820 2926 2876 eiiim
2982 2818 3052 2873 ab
3106 2817 3256 2871 omni
3303 2831 3420 2870 aevo

1833 2938 1922 2978 me
1955 2918 2354 2983 exaret-bustis;
2390 2917 2482 2986 qui
2515 2915 2573 2969 in
2599 2925 2881 2982 conspectu
2904 2927 3017 2965 meo
3042 2907 3418 2976 sacriﬁcastis,

1834 3015 1932 3086 qui
1961 3015 2106 3070 Dens
2132 3025 2258 3066 sum
2287 3008 2504 3074 videns,
2529 3006 2736 3076 quique
2763 3020 2852 3059 me
2880 3003 3018 3058 nihil
3044 3001 3227 3056 celare
3258 3015 3423 3070 posse

147 3107 224 3171 μοι
259 3091 624 3162 ἀφιερωθέντι
669 3091 822 3162 vati);
864 3093 973 3145 Kal.
1012 3091 1102 3146 διὰ
1140 3090 1407 3163 Ἱερεμίου
1445 3088 1556 3160 γὰρ
1593 3088 1721 3162 ἔφη’

1835 3100 2046 3156 monui.
2075 3099 2218 3166 Quid
2245 3097 2412 3168 igitur
2449 3104 2547 3166 p‘er
2579 3101 2920 3164 conspectum
2950 3107 3128 3153 suum,
3155 3091 3259 3145 nisi
3287 3101 3425 3145 tem-

151 3184 248 3244 ιΤί
279 3187 312 3260 ἡ
343 3186 448 3256 ina
469 3185 692 3256 πημένη
721 3186 780 3237 ἐν
821 3184 896 3254 τῷ
922 3185 1056 3255 οἴκῳ
1094 3201 1196 3255 μου
1240 3182 1464 3254 ἐποίησε
1491 3181 1724 3254 βδέλυγ·

147 3293 246 3348 μα;
298 3297 316 3332 ι
359 3276 518 3330 οὕτω
561 3277 663 3347 τῆς
693 3275 916 3348 Γραφῆς
955 3273 1228 3346 καλούσης
1259 3276 1321 3328 τὺ
1349 3274 1594 3330 εἴδωλον.
1647 3275 1722 3328 Τὸ

141 3367 190 3420 δὲ
219 3369 305 3423 καὶ
339 3370 462 3433 οὐκ
488 3367 632 3432 εἰσὶ,
665 3367 794 3438 περὶ
820 3367 927 3420 τῶν
945 3367 1247 3437 δαιμόνων
1269 3367 1459 3438 φησὶν,
1497 3367 1575 3430 ὡς
1609 3367 1724 3422 οὐκ

142 3458 310 3513 ὄντων
355 3461 520 3526 θεῶν
545 3499 560 3523 ,
597 3455 680 3532 οἷς
718 3459 874 3512 ἔθυον
920 3460 980 3512 ἐν
1013 3461 1129 3522 τοῖς
1175 3459 1243 3512 ἐκ
1280 3437 1566 3514 πλίνθων.
1589 3476 1723 3513 κατα

139 3555 554 3624 εςκευασμέυοις
583 3551 808 3627 βωμοῖς.
833 3553 1040 3621 ’Ἡγουν
1076 3550 1332 3622 ἐπείπερ,
1399 3550 1562 3622 ἡνίκα
1607 3552 1722 3613 τοῖς

139 3633 458 3712 «Samnitici;-
533 3642 793 3714 εῦχοντο,
864 3644 1066 3705 τόπους
1123 3645 1406 3710 πλίνθοις
1472 3644 1721 3708 ἐοικότας

143 3732 434 3815 διέγραφον,
487 3734 574 3804 ἐφ’
615 3729 690 3790 ὧν
739 3735 980 3790 ἵσταντο.
1011 3735 1104 3788 Ἐν
1139 3735 1388 3805 μνήμασι
1434 3734 1492 3787 δὲ
1545 3734 1716 3805 λέχει,

138 3825 212 3892 διὰ
244 3827 340 3892 τὰς
383 3827 890 3898 νεκυομαντείας,
945 3829 1002 3881 ἐν
1053 3825 1110 3880 δέ
1175 3827 1528 3894 σπηλαίοις,
1585 3825 1715 3879 ἔνθα.

139 3918 312 3985 ἴστων,
345 3921 450 3980 ἐπ’
500 3919 680 3991 ὄρους
708 3917 1023 3990 ἀγάλματα,
1065 3917 1098 3990 ἢ
1145 3918 1242 3972 καὶ
1276 3916 1500 3982 τελετὰς
1525 3917 1714 3971 ἐπετέ-

139 4008 250 4074 λουν
268 4013 450 4079 τινὰς,
484 4011 591 4069 ὑπὸ
621 4011 862 4082 δένδρεσι
901 4009 1165 4082 μεγάλοις
1191 4009 1384 4074 θυσίας
1411 4009 1716 4081 προσάγον-

143 4120 240 4167 τες.
270 4106 381 4160 Καὶ
412 4107 533 4168 τοῖς
563 4103 774 4157 ἔθνεσιν
819 4099 1038 4176 [φησιν]
1073 4100 1423 4172 ὁμοιούμενοι
1445 4100 1717 4172 χοιρείων

143 4197 466 4268 ἐνεφορείσθε
498 4194 707 4267 κρεῶν,
737 4195 834 4248 καὶ
861 4195 931 4247 ἐκ
969 4191 1089 4246 τῶν
1127 4190 1380 4254 θυσιῶν,
1423 4185 1500 4244 ὧν
1545 4207 1714 4262 προσ-

143 4289 346 4358 εφέρετε
389 4290 664 4359 δαίμοσιν,
711 4286 932 4357 ἕψοντες
965 4283 1036 4338 τὰ
1061 4281 1308 4356 περιττὰ,
1342 4281 1466 4338 πᾶν
1487 4282 1715 4350 σκεῦος

141 4382 435 4457 ἑμολύνετε.
493 4384 604 4435 Kal.
653 4379 882 4434 τοιαῦτα
931 4377 1168 4451 δρῶντες
1227 4377 1370 4445 πυρὶ
1411 4377 1506 4431 καὶ
1557 4375 1713 4430 ὕδατι

1829 3193 2004 3266 plum,
2037 3190 2183 3260 quod
2207 3189 2310 3246 sibi
2347 3195 2734 3244 consecratum
2766 3194 2874 3248 est,
2909 3184 3174 3240 intellexit
3199 3183 3222 3236 ?
3243 3181 3422 3237 Etiam

1823 3285 1974 3342 enim
2003 3299 2101 3354 per
2129 3281 2447 3342 Jeremiam,
2491 3299 2510 3332 ι
2547 3279 2722 3345 Quam
2779 3277 2982 3332 dilecta
3017 3277 3070 3330 in
3125 3274 3291 3328 domo
3321 3289 3422 3329 sua

1825 3376 1958 3434 fecit
1990 3361 2837 3441 abominationem“;postulare
2871 3367 3060 3423 videas
3109 3365 3154 3398 “
3181 3385 3196 3432 ;
3221 3364 3424 3434 quibus

1823 3467 2012 3524 verbis
2043 3467 2253 3523 idolum
2282 3463 2569 3535 Scriptura
2611 3461 2915 3534 signiﬁcat;
2947 3457 3104 3526 Quod
3131 3466 3317 3512 autem
3368 3471 3423 3512 et

1823 3579 1928 3616 non
1949 3575 2074 3615 sunt
2110 3559 2336 3630 adjecit,
2359 3557 2428 3613 de
2457 3556 2786 3612 dwmonibus
2821 3553 3091 3609 intellexit
3121 3559 3423 3620 ;tanquam

1820 3654 1946 3710 deos
2005 3669 2108 3707 non
2135 3667 2248 3707 esse
2277 3659 2511 3712 asserat,
2544 3649 2749 3718 quibus
2797 3661 2963 3716 super
3011 3643 3204 3698 altaria
3238 3643 3424 3696 lateri-

1821 3745 1918 3801 bus
1941 3754 2262 3800 constructa
2281 3740 2692 3798 sacriﬁcabant.
2709 3736 2808 3794 Vel
2827 3738 2978 3807 quia,
2993 3751 3118 3791 cum
3143 3735 3414 3790 dwmom’a

1818 3837 2210 3909 precabantur,
2263 3835 2390 3890 loca
2455 3831 2802 3904 quaedamin
2861 3829 3086 3883 laterum
3155 3826 3424 3882 similitu-

1819 3929 2100 3996 dinem,in
2125 3927 2329 3998 quibus
2370 3941 2435 3982 ea
2471 3924 2779 3995 erigebant,
2812 3921 3186 3984 dclineabant,
3244 3917 3424 3984 sepul-

1819 4036 2033 4074 crorum
2055 4015 2256 4073 deinde
2285 4003 2536 4072 meminit
2565 4031 2580 4080 ;
2615 4022 2674 4069 ut
2709 4013 3108 4067 divinationem
3145 4026 3244 4079 per
3273 4024 3423 4064 mor-

1819 4123 1947 4168 tuos
2004 4113 2284 4168 innueret.
2319 4109 2565 4165 Meminit
2595 4119 2650 4164 et
2677 4107 3076 4176 speluncarum,
3123 4103 3214 4157 ubi
3251 4090 3425 4158 simu-
3461 4092 3469 4098 ’

1817 4209 1966 4262 Iaera
1987 4207 2040 4260 in
2057 4213 2230 4258 monte
2250 4202 2630 4266 collocabant;
2649 4199 2924 4253 autetiam
2967 4212 3125 4252 sacra
3148 4195 3422 4264 quaedam.

1819 4299 2080 4354 mactatis
2111 4296 2214 4352 sub
2245 4293 2494 4364 proceris
2527 4276 2828 4346 arboribus
2853 4286 3080 4352 hostiis,
3116 4285 3420 4344 faciebant,

1819 4384 1965 4452 Quin
1999 4393 2054 4440 et
2107 4390 2321 4452 gentes,
2359 4381 2458 4445 ait,
2494 4377 2718 4444 imitati,
2751 4375 2984 4432 anilibus
3028 4373 3278 4428 carnibus
3320 4373 3425 4426 im-

141 4471 608 4541 περιαγνιζόμενοι
647 4467 950 4537 καθαροὺς
979 4465 1238 4533 ἑαυτοὺς
1275 4466 1612 4536 ὠνομάζετε.
1646 4467 1710 4520 Ἀ

1831 4475 2128 4548 plebamini
2157 4491 2172 4542 ;
2210 4490 2440 4544 vasaque
2464 4471 2646 4526 omnia
2686 4469 2984 4526 elixatione
3013 4466 3422 4537 superﬂuorum

137 4559 188 4612 δὲ
226 4564 400 4641 πάντα
448 4563 682 4628 καπνός
729 4563 850 4614 εἱσι
885 4559 992 4614 τοῦ
1026 4557 1219 4628 θυμοῦ
1267 4575 1410 4630 μου.
1448 4558 1564 4630 Πρὸ
1605 4559 1714 4630 γὰρ
1775 4557 1780 4562 ’

137 4652 226 4721 τῆς
259 4655 559 4726 ἐπιδημίας
607 4653 750 4724 ἀρχή
786 4669 905 4716 πως
943 4647 1013 4721 ἦν
1039 4651 1138 4721 τῆς
1180 4649 1334 4713 θείας
1371 4648 1566 4724 ὀργῆς.
1611 4647 1716 4702 Τὸν

136 4746 187 4799 δὲ
203 4749 389 4818 θυμὸν
411 4749 618 4820 ἐξῆψαν
647 4748 717 4802 τὰ
737 4745 883 4802 κατὰ
911 4747 1006 4800 τοῦ
1033 4747 1290 4816 Σωτῆρος
1315 4745 1713 4817 τολμήσαντες.

147 4839 204 4890 'U
265 4841 321 4894 δέ
375 4842 610 4907 καπνὸς
659 4843 747 4907 εὶς
792 4840 912 4908 πῦρ
975 4838 1360 4910 μετεϐάλλετο,
1398 4837 1622 4908 Ἐπειδὴ
1661 4836 1720 4890 δέ

137 4938 241 5000 τοῖς
269 4939 578 5007 ἀνθρώποις
623 4938 846 5010 βοήθεια
894 4938 1031 5009 πρὸς
1071 4937 1246 5007 λήθην
1279 4937 1351 4990 τὰ
1384 4935 1717 5006 γράμματα,

137 5031 402 5097 τροπικῶς
451 5035 514 5086 ἐκ
566 5032 774 5087 τούτων
819 5031 1062 5085 δείκνυσι
1108 5031 1169 5083 τὸ
1203 5031 1566 5101 ἀνεπίληστον
1619 5030 1715 5082 τοῦ

137 5120 262 5174 Θεοῦ
287 5136 303 5152 ο
334 5125 518 5178 ὁποῖον
557 5127 652 5180 καὶ
682 5125 834 5196 παρὰ
858 5123 1068 5193 Δανιὴλ
1099 5123 1182 5190 τὸ,
1218 5123 1405 5176 Βίϐλοι
1436 5121 1712 5192 ἀνεῴχθη-

141 5224 250 5274 σαν,
285 5217 548 5283 σημαῖνον
601 5215 701 5287 τὴν
729 5216 906 5269 πάντα
946 5213 1149 5282 γνῶσιν
1199 5213 1718 5284 περιλαμϐάνουσαν

137 5300 225 5353 τοῦ
263 5303 424 5360 Θεοῦ.
494 5351 502 5357 .
772 5299 776 5302 ’

1826 4568 1890 4623 de
1931 4567 2142 4632 hostiis,
2176 4583 2318 4636 quas
2385 4565 2486 4636 ipsi
2545 4562 2826 4627 feceratis,
2879 4557 3414 4630 coinquinaveratis.

1825 4663 1956 4728 Quae
2013 4672 2194 4715 tamen
2243 4675 2369 4714 cum
2433 4657 2688 4730 ageretis,
2717 4663 3008 4726 postquam
3049 4654 3168 4724 igne
3211 4666 3310 4706 vos
3367 4660 3423 4706 et

1829 4769 1972 4824 aqua
2029 4753 2396 4814 lustrassetis,
2444 4751 2669 4804 mundos
2716 4766 2806 4804 vos
2863 4745 3244 4817 appellabatis.
3290 4743 3426 4809 Qua:

1831 4855 1980 4902 certe
1999 4846 2186 4901 omnia
2217 4845 2417 4914 furoris
2437 4844 2541 4898 mei
2572 4843 2752 4910 furnus
2784 4851 2931 4894 sunt.
2950 4835 3091 4893 'Erat
3114 4837 3260 4892 enim
3298 4845 3426 4890 ante

1829 4939 2129 4994 adventum
2175 4937 2342 4992 veluti
2373 4935 2652 5006 quoddam
2678 4933 2880 4988 divina:
2907 4933 3002 4986 irae
3039 4929 3375 5000 principium
3408 4943 3422 4993 ;

1825 5029 1920 5085 sed
2152 5028 2389 5098 furorem
2431 5025 2682 5082 accendit
2721 5031 2998 5094 patratum
3047 5021 3102 5076 in
3160 5019 3424 5075 Salvato-

1827 5136 1942 5176 rcm
1975 5122 2193 5176 lacinus
2221 5138 2236 5175 :
2269 5121 2498 5190 ipseque
2549 5117 2726 5186 [uinus
2761 5119 2815 5171 in
2845 5115 2962 5185 igne
3019 5121 3263 5169 mutatus
3319 5121 3424 5168 est.

1831 5211 2107 5279 Quoniam
2145 5222 2330 5267 autem
2393 5211 2648 5265 homines
2684 5209 2749 5264 ad
2787 5208 3066 5264 memoria:
3112 5202 3424 5262 subsidium
3479 5269 3490 5278 θ

1826 5305 2040 5372 scriptis
2067 5304 2143 5358 nti
2176 5307 2426 5358 videmus
2463 5321 2476 5369 ;
2521 5303 2588 5356 ab
2623 5302 2730 5356 illis
2784 5301 2995 5370 tropice
3055 5299 3208 5354 nulla
3255 5298 3424 5352 Deum

139 5387 408 5450 oblivione
429 5383 1421 5466 laborat-edcmonstrat.Cujusmodi
1455 5396 1586 5449 illud
1608 5405 1712 5456 est,
1749 5397 1896 5466 quod
1947 5397 2091 5465 apud
2167 5396 2440 5450 Dmieleni
2505 5403 2726 5462 apertos
2803 5409 2926 5447 esse
3000 5393 3172 5446 libros
3219 5389 3427 5457 reperi-

141 5494 257 5540 mus
291 5488 366 5555 ¹³;
413 5497 469 5544 ιιι
497 5495 680 5546 omnia
725 5490 820 5546 Dei
866 5490 1234 5560 cognitionem
1285 5492 1573 5560 toriiplccu
1637 5492 1928 5557 signiticet.

216 5579 346 5638 Ἐπὶ
386 5585 442 5640 δέ
488 5587 606 5642 τῶν
627 5587 878 5653 ,Βουνῶν
917 5587 1242 5648 ὼνείδισὰν
1293 5605 1390 5657 με,
1441 5589 1595 5659 φησί.
1632 5587 1706 5639 υζι

209 5695 730 5771 ⁸ὶῖῑεῡ1ι.κι·ιιι,ίῖε5.
786 5709 804 5738 ⁹
842 5704 1003 5761 Joan.
1027 5721 1144 5769 \‘lll,
1179 5706 1254 5758 l2.
1307 5706 1346 5734 ”’
1385 5705 1514 5759 ibii.
1547 5722 1638 5769 \‘ll,
1673 5705 1760 5759 57-.

142 5762 300 5836 Apoc.
334 5787 423 5838 xx,
465 5775 548 5828 i2.

1896 5587 2160 5666 $eqnilur
2179 5583 2376 5639 deinde
2411 5602 2423 5637 :
2456 5581 2522 5636 Et
2560 5580 2716 5650 super
2767 5580 2929 5634 colles
2975 5579 3425 5646 exprobrarerunt

1845 5706 1879 5735 ¹¹
1924 5706 2056 5758 ibid.
2086 5721 2204 5770 \‘lll,
2246 5703 2336 5759 2i.
2421 5705 2461 5734 "
2493 5700 2792 5768 Jcrem..\t,
2831 5699 2913 5754 15.
2994 5697 3035 5728 ⁸³
3057 5697 3193 5752 Dan.
3227 5691 3425 5757 Yth”);
