3978 6408
567 262 708 330 2687
1885 273 2138 339 RR'OCOI

2272 277 2514 337 GAZ/El
3687 284 3812 351 2688

567 374 721 428 mihi.
752 373 939 446 Neque
971 375 1115 431 enim
1149 375 1268 429 aliis
1304 389 1547 445 unquam
1593 377 1870 442 litassent,
1910 380 2013 434 nisi
2062 395 2138 434 me

2252 382 2360 451 γὰρ
2393 384 2455 436 ἂν
2497 382 2651 435 ἔθυον
2693 384 2919 456 ἑτέροις,
2958 385 3033 457 μὴ
3076 384 3541 458 καταφρονοῦντες
3576 390 3645 452 ὡς
3677 394 3811 448 εὖτε-

569 465 1060 534 contempsissent,
1114 474 1367 535 tanquam
1421 465 1562 523 Deus
1613 468 1732 537 ipse
1790 485 1899 523 non
1942 485 2140 525 essem.

2259 472 2402 538 λοῦς,
2436 474 2529 527 καὶ
2567 476 2699 545 μηδὲ
2731 476 2881 541 ὄντος
2908 478 3066 534 Θεοῦ.
3098 479 3174 533 Τὸ
3204 480 3282 545 δὲ,
3303 484 3386 536 Οὐ
3413 482 3501 550 μὴ
3528 485 3814 552 σιωπήσω,

558 553 727 621 Quod
762 566 943 609 autem
1002 572 1105 609 non
1151 556 1438 610 taciturum
1471 573 1531 612 se
1568 559 1811 629 adjecit;
1846 560 1913 616 ad
1952 576 2124 632 exspe

2261 566 2627 633 ἐπιμενόντων
2661 569 2840 622 αὐτῶν
2880 569 3143 640 δηλονότι.
3172 571 3473 644 Τοιγαροῦν
3504 576 3554 627 εἱ
3585 577 3815 651 εὑρεθείη

570 653 786 702 ctantes
826 662 885 702 se
943 647 1153 704 retulit.
1186 646 1377 718 Itaque
1413 651 1458 704 si
1494 651 1810 707 Inveniatur
1852 652 2053 723 aliquis
2086 670 2141 709 eI

2258 671 2342 716 τις
2370 656 2428 707 ἐν
2460 654 2537 725 τῷ
2575 655 2769 727 πλήθει
2802 660 3079 730 σωτηρίας
3098 659 3237 731 ἔχων
3259 661 3473 727 ἐλπίδα,
3501 646 3705 718 τούτων
3731 646 3818 732 ἔξω

570 755 631 790 ra
675 739 1043 807 multitudine,
1073 741 1166 811 qui
1205 741 1402 797 salutis
1470 759 1622 814 spem
1686 744 1906 813 habeat,
1955 748 2141 802 horum

2260 745 2569 814 γενήσεται.
2612 747 2672 799 Ei
2706 747 2816 820 γὰρ
2845 749 2942 802 καὶ
2976 752 3003 803 ὁ
3031 751 3290 822 ἀμπελὼν
3320 756 3532 825 Κυρίου
3567 758 3687 811 ἀντὶ
3719 776 3819 814 στα-

570 831 664 885 ille
697 829 749 884 in
784 847 1016 887 numero
1063 848 1172 887 non
1226 834 1539 890 habebitur.
1583 835 1643 891 Si
1676 838 1822 892 enim
1890 840 1973 893 vel
2028 841 2141 896 vitis

2259 833 2432 905 φυλῆς
2454 836 2698 900 ἀκάνθας
2724 840 2959 909 ποιήσας
2982 849 3033 903 7,
3054 840 3520 914 ἀφανισθήσεταιο
3544 846 3658 899 ἀλλ’
3685 849 3818 902 εἵπου

569 922 689 990 ipsa
726 921 968 987 Domini,
996 939 1097 995 pro
1128 925 1274 989 uvis,
1311 927 1500 996 spinas
1526 928 1817 997 producat,
1847 930 2140 985 eradicabi-

2257 941 2341 987 τις
2371 924 2726 997 εὑρεθήσεται
2757 928 2984 991 σπάνιος
3022 929 3102 996 ὡς
3133 932 3204 984 ἐν
3246 932 3408 1001 ξηρῷ
3450 934 3675 1003 βότρυι·
3714 940 3819 1004 ρὼξ

569 1023 685 1069 tur.
723 1014 821 1070 Sin
874 1029 1058 1072 autem
1110 1020 1192 1073 vel
1243 1033 1475 1090 pauens,
1507 1021 1666 1075 veluti
1730 1021 1786 1075 in
1826 1024 1965 1076 sicco
2006 1021 2140 1078 botrt

2257 1014 2455 1083 ὑγιὴς,
2477 1014 2553 1079 ὡς
2579 1018 2868 1087 εὐλογίας
2888 1020 3155 1092 μετέχων,
3190 1022 3539 1093 σωθήσεται·
3570 1024 3644 1089 ὡς
3676 1029 3721 1080 εἰ
3743 1033 3821 1083 καὶ

466 1133 477 1145 -
572 1109 756 1162 acinus
791 1109 1078 1165 incolumis
1110 1111 1444 1177 inveniatur;
1474 1123 1735 1184 tanquam
1769 1114 2035 1168 benedicti

2259 1104 2533 1177 δεσπότης
2571 1108 2744 1179 ἀγροῦ
2789 1110 2991 1165 κωλύοι
3050 1113 3328 1185 τμηθῆναι
3375 1117 3619 1185 ,ϐότρυν
3654 1120 3820 1190 ἔχοντα

571 1200 871 1270 particeps,
902 1202 1237 1258 servabitur.
1288 1201 1410 1258 Non
1457 1204 1616 1259 aliter
1650 1219 1715 1259 ac
1748 1205 1793 1260 si
1822 1205 1938 1277 agri
1969 1204 2142 1259 Domi-

2258 1198 2348 1251 τὸν
2392 1198 2488 1251 ἕνα
2528 1198 2712 1281 ρᾧα,
2768 1203 3055 1273 εὐλογίαν
3085 1204 3229 1275 ἔχειν
3270 1207 3463 1273 εἰπὼν,
3502 1207 3646 1262 οὕτω
3685 1213 3820 1283 μέχρι

572 1305 679 1346 nus
711 1307 978 1346 racemum
1023 1294 1297 1363 amputari
1348 1294 1658 1364 prohibeat,
1694 1294 1747 1348 in
1781 1311 1890 1366 quo
1913 1300 2143 1366 supersit

2259 1288 2419 1341 πέντε
2448 1289 2675 1345 δικαίων
2699 1292 2729 1343 ὁ
2757 1289 2892 1355 Θεὸς
2921 1292 3192 1365 ὑπέσχετο
3239 1295 3439 1362 σώζειν
3495 1298 3567 1351 τὰ
3613 1300 3817 1371 Σόδομα.

573 1380 782 1446 acinus,
812 1397 976 1452 quem
1006 1382 1212 1439 habere
1254 1383 1670 1437 benedictionem
1702 1392 1943 1437 moneat.
1970 1381 2062 1437 Sic
2102 1391 2144 1438 et

2332 1380 2372 1432 iv
2393 1377 2450 1431 δέ
2481 1381 2603 1447 κατ’
2632 1382 2886 1436 ἐπίτασιν
2908 1384 3265 1457 ἀγαθότητος,
3296 1387 3366 1440 δι’
3400 1388 3501 1442 ἕνα
3530 1389 3723 1464 [ῥῶγα]
3747 1392 3822 1446 λέ·
3900 1426 3903 1431 ι

572 1472 813 1526 Sodoma
857 1483 1213 1528 servaturum
1254 1488 1314 1530 se
1370 1474 1731 1543 pollicebatur
1787 1474 2074 1537 Dominus,
2106 1476 2143 1529 si

2257 1486 2343 1537 γει
2366 1469 2458 1523 τὸν
2477 1471 2712 1539 βότρυν
2743 1472 3113 1544 σωθήσεσθαι,
3133 1476 3337 1550 δηλαδὴ
3360 1479 3545 1545 πόλιν,
3574 1481 3607 1552 ἢ
3633 1481 3819 1554 κώμην.

570 1566 657 1620 vel
691 1564 1135 1634 qninquejnstos
1169 1565 1535 1620 habuisset“.
1564 1567 1666 1621 Hie
1697 1575 1880 1620 autem
1911 1566 1978 1619 ad
1998 1566 2141 1621 boni-

2258 1562 2369 1615 Καὶ
2418 1563 2520 1633 τὴν
2579 1563 2839 1617 ἐπάνοδον
2898 1566 3006 1638 γὰρ
3070 1569 3342 1640 πεποίηκε
3381 1571 3476 1625 διὰ
3523 1574 3819 1643 Ζοροϐἀὸελ,

570 1656 703 1710 tatis
752 1656 1132 1712 extensionem
1178 1664 1404 1727 propter
1446 1658 1657 1711 acinum
1706 1672 1900 1724 unum,
1945 1657 2141 1711 botrum

2271 1654 2478 1724 Ἰησοῦν
2522 1672 2582 1709 τε
2622 1656 2717 1709 καὶ
2784 1658 3043 1730 Ἔσδραν,
3092 1660 3188 1714 καὶ
3226 1662 3279 1714 ετ
3308 1679 3396 1726 τις
3430 1663 3687 1730 τοιοῦτος.
3732 1668 3819 1721 Καὶ

570 1746 751 1814 ipsum
787 1763 802 1813 ;
829 1747 884 1801 id
909 1753 995 1801 est
1028 1726 1332 1811 civitatem,
1366 1747 1450 1801 vel
1482 1762 1701 1817 pagum,
1732 1750 2077 1803 servaturum
2097 1765 2141 1803 se

2261 1745 2358 1799 νῦν
2406 1746 2463 1799 δὲ
2513 1747 2857 1819 ἐξελοῦμαι,
2902 1726 3071 1819 ἤγουν
3132 1753 3335 1825 ὑψηλὸν
3386 1726 3667 1822 6111:0556ng
3685 1758 3738 1810 τὸ
3776 1760 3822 1823 ἐξ

571 1837 864 1906 signiﬁcat.
895 1833 1036 1892 Olim
1070 1837 1216 1893 enim
1234 1840 1396 1893 etiam
1417 1839 1725 1893 revertendi
1754 1840 1973 1909 copiam
2003 1838 2142 1904 fecit,

2276 1835 2471 1891 Ἰούδα
2493 1837 2734 1909 σπέρμα
2768 1840 2867 1893 καὶ
2905 1841 3127 1897 Ἰακώϐ.
3167 1845 3240 1896 Τὸ
3260 1844 3318 1899 δέ
3347 1845 3595 1913 σπέρμα
3622 1847 3759 1918 δηλοῖ
3775 1850 3821 1902 τδ

567 1937 795 2000 propter
853 1928 1274 1997 Zorobahelem,
1297 1941 1351 1985 et
1404 1930 1616 1996 Jesum,
1647 1940 1701 1987 et
1732 1932 1988 1995 Esdram,
2023 1941 2078 1987 et
2108 1948 2132 1985 s

2262 1930 2340 1992 εἰς
2418 1928 2623 1999 ἐτέρων
2689 1928 3064 1999 καρποφορίαν
3140 1932 3464 1984 συντελέσαι
3534 1932 3818 2003 δυνάμενον·

567 2022 695 2090 quis
725 2023 1018 2093 ejusmodi.
1048 2024 1113 2079 Et
1137 2040 1285 2081 nunc
1301 2041 1525 2098 quoque
1546 2025 1862 2081 educturum
1887 2041 1961 2088 se,
1994 2027 2045 2079 id
2069 2035 2138 2080 est

2258 2023 2442 2074 ὁποῖον
2503 2021 2596 2082 τὸ,
2650 2038 2669 2071 ι
2709 2021 2772 2073 Εἰ
2810 2021 2886 2093 μὴ
2936 2020 3142 2094 Κύριος
3186 2022 3421 2078 Σαϐαὼθ
3495 2026 3821 2093 ἐγκατέλιπεν

567 2115 849 2170 excelsum
888 2115 1161 2172 facturum
1176 2117 1337 2173 Iuda:
1359 2135 1533 2173 semen
1561 2128 1609 2172 et
1635 2116 1831 2171 Jacobi
1859 2117 2131 2187 signiﬁcat

2266 2113 2400 2181 ἡμῖν
2433 2112 2673 2181 σπέρμα,
2716 2130 2734 2162 ι
2792 2111 2822 2164 δ
2867 2112 2959 2166 τὸν
2988 2113 3349 2168 ἀποστολικὸν
3375 2119 3637 2189 σημαίνει
3662 2120 3816 2190 χ⁰9ό”’

567 2201 831 2273 lntclligit
880 2222 1009 2260 vero
1069 2209 1287 2263 seminis
1341 2208 1706 2279 appellatione
1766 2208 1898 2261 illud
1954 2208 2129 2276 ipsum

2264 2203 2312 2269 ὅ,
2349 2203 2458 2257 τῶν
2505 2203 2682 2257 ἄλλων
2732 2204 3197 2274 ἀπολλυμένων,
3231 2208 3297 2262 τὸ
3323 2207 3507 2275 ἅγιον
3535 2210 3823 2279 summ.

565 2296 716 2365 quod
762 2298 979 2353 caeteris
1019 2298 1086 2353 ad
1117 2296 1395 2355 fructuum
1453 2300 1749 2355 editionem
1780 2299 2032 2355 conferre
2063 2315 2136 2354 ra-

2259 2311 2462 2364 μησεν
2504 2295 2643 2364 ὄρος
2687 2312 2700 2325 ”
2758 2298 3081 2367 φάσκοντες,
3151 2299 3657 2372 Προσεληλύθαμεν
3712 2301 3826 2355 Σιὼν

566 2387 881 2460 leat:quale
911 2398 998 2447 est
1022 2376 1200 2446 illud:
1237 2412 1254 2443 I
1291 2391 1409 2448 Nisi
1443 2392 1711 2463 Dominus
1746 2393 1988 2447 Sabaoth
2022 2393 2137 2447 reli4

2264 2389 2402 2458 ὄρει,
2430 2390 2551 2442 καὶ
2584 2390 2738 2443 πόλει
2771 2391 2905 2444 Θεοῦ
2942 2390 3146 2456 ζῶντος
3198 2392 3581 2469 Ἰερουσαλὴμ
3622 2394 3826 2465 ἐπουρα-

565 2479 778 2549 quisset
795 2482 953 2537 nobis
986 2496 1172 2538 semen
1195 2483 1271 2551 ¹⁸;
1300 2503 1319 2536 ι
1346 2484 1551 2554 quibus
1569 2484 1753 2539 verbis
1774 2484 2136 2553 apostolorun

2263 2480 2381 2549 νίῳ,
2419 2480 2585 2551 ἤγουν
2616 2480 2714 2550 τὴν
2756 2481 3081 2551 Ἐκκλησίαν
3111 2482 3254 2537 κατὰ
3283 2483 3364 2549 τὸ,
3406 2480 3630 2538 Πίονται
3661 2485 3823 2553 εὐφροι

566 2572 774 2628 chorus
808 2573 1155 2644 signiﬁcatur
1180 2591 1195 2641 ;
1225 2576 1341 2647 qui,
1370 2576 1584 2632 caeteris
1611 2576 1970 2644 pereuntibus,
1998 2590 2137 2629 ιιιοηι

2266 2573 2453 2643 σύνην,
2502 2575 2716 2628 πξονται
2757 2569 2920 2642 οἶνον,
2962 2576 3244 2647 χρίσονται
3293 2575 3472 2648 μύρον
3510 2576 3580 2630 ἐν
3618 2573 3693 2640 τῷ
3729 2574 3825 2644 ὄρει

569 2674 672 2718 tem
695 2676 939 2720 sanctum
967 2668 1265 2735 possidens,
1298 2669 1364 2721 ad
1397 2677 1638 2723 montem
1683 2666 1837 2734 Sion,
1859 2677 1914 2722 et
1967 2666 2033 2721 ad
2070 2667 2140 2719 οἱς

2262 2666 2457 2736 τούτῳ,
2497 2666 2564 2719 δι’
2602 2662 2678 2719 ὧν
2706 2667 3019 2738 ’ἐπληροῦτο
3069 2668 3162 2720 καὶ
3206 2667 3290 2733 τὸ,
3326 2667 3623 2722 Ἔσονται
3668 2666 3731 2720 ἐν
3763 2662 3824 2730 τῷ

567 2756 798 2811 vitalem
834 2755 927 2812 Dei
952 2759 1209 2823 viventis,
1230 2760 1512 2815 caelestem
1538 2757 1845 2814 Jerusalem
1879 2758 1943 2822 '°,
1975 2758 2027 2811 id
2064 2766 2138 2813 est

1359 2767 1512 2815 :stem
1538 2757 1845 2814 Jerusalem
1879 2758 1943 2822 '°,
1975 2758 2027 2811 id
2064 2766 2148 2813 est
2258 2756 2463 2826 δρυμῲ
2514 2759 2823 2825 ἐπαύλεις.
2922 2792 2930 2800 ς

568 2849 894 2916 Ecclesiam,
917 2851 1218 2907 accessisse
1251 2868 1309 2908 se
1342 2851 1531 2907 dicunt
1559 2868 1573 2905 :
1595 2852 1749 2922 juxta
1782 2851 1928 2922 quod
1954 2851 2228 2906 bibituros
2251 2851 2519 2916 laetitiam,
2568 2851 2840 2906 bibituros
2874 2852 3062 2906 vinum
3087 2869 3102 2918 ;
3124 2860 3408 2922 unguento
3433 2845 3665 2923 denique
3688 2851 3825 2905 eosin

567 2950 746 2994 monte
775 2953 1002 2997 unctum
1027 2945 1095 2999 iri
1130 2944 1404 3016 legimus;
1437 2944 1642 3015 quibus
1673 2942 1923 2999 eﬁ'ectum
1948 2951 2053 3009 est,
2094 2953 2153 2998 ut
2192 2941 2338 3013 quod
2375 2943 2590 3012 futuras
2618 2944 2673 2998 in
2701 2944 2847 2998 saltu
2886 2944 3075 2999 cautas
3111 2943 3277 3017 739
3355 2943 3589 3014 adjecit,
3653 2942 3826 2995 factum

570 3036 898 3103 reperiatur.
1420 3098 1431 3104 _
1486 3100 1491 3103 _

646 3128 741 3184 Est
780 3145 908 3185 vero
940 3138 1228 3197 uSItatum,
1263 3137 1323 3185 ut
1346 3130 1518 3185 saltus
1543 3131 1787 3198 nomine,
1837 3138 2151 3186 exterarum
2180 3134 2217 3192 c

2329 3127 2564 3199 Δρυμὸν
2599 3126 2843 3198 συνήθως
2898 3126 3075 3195 λέγων
3109 3124 3220 3178 τῶν
3252 3123 3579 3195 ἀλλοφύλων
3624 3124 3680 3176 τὸ
3714 3123 3825 3193 πλῆ-

571 3221 822 3291 gemium
856 3221 1158 3277 multitudo
1185 3222 1531 3294 signiﬁcetur
1553 3239 1569 3288 ;
1593 3222 1736 3292 apud
1762 3237 1901 3291 quas
1935 3222 2142 3276 institu.

2270 3220 2382 3284 θος,
2430 3218 2561 3290 παρ’
2610 3211 2693 3280 οἷς
2760 3217 3080 3287 Ἐκκλησῑαι
3144 3217 3520 3287 κατέστησαν,
3576 3216 3823 3280 ἐπαύλεις

573 3318 660 3363 tas
689 3324 814 3365 esse
879 3320 1100 3367 constat
1162 3311 1438 3367 Ecelesias
1466 3327 1481 3378 ;
1508 3326 1630 3379 qua:
1675 3311 1866 3375 conice,
1900 3321 1955 3365 et
2000 3311 2144 3365 valli:

2269 3312 2625 3382 καλούμεναι,
2661 3310 2757 3363 καὶ¹
2775 3308 3012 3380 φάραγξ
3053 3307 3250 3377 Ἀχώρ.
3277 3308 3440 3362 Τοῦτ’
3471 3307 3639 3372 ἔστιν,
3669 3306 3821 3375 ὥσπερ

572 3407 752 3481 ΑοΙροι·
782 3406 1146 3475 appellantur.
1173 3406 1251 3462 Ae
1283 3407 1328 3462 si
1375 3406 1586 3461 diceret
1615 3424 1629 3462 :
1656 3406 1775 3461 Non
1809 3407 1970 3461 aliter
1994 3422 2141 3476 quan

2270 3404 2409 3474 αὑτὴ
2445 3404 2667 3472 γέγονεν
2717 3398 3271 3471 ἀνατεθηματισμένη
3320 3397 3609 3467 παγγενεὶ,
3643 3395 3780 3449 τοῦτο
3803 3404 3818 3429 ι

574 3494 772 3548 vallem
826 3496 1016 3550 Achor
1083 3505 1250 3552 totam
1315 3497 1750 3553 exsecrationem
1816 3498 1927 3568 pati
1982 3498 2145 3551 conti-

2270 3495 2528 3565 ἀνάθημα
2561 3490 2863 3561 κλέψαντος
2903 3489 3271 3562 ἐμϐληθέντος
3305 3489 3448 3559 αὐτῇ
3472 3505 3486 3520 ·
3520 3487 3729 3556 τοιαύτη
3757 3500 3822 3545 τις

574 3587 652 3653 git
684 3587 725 3617 ”
751 3602 767 3652 ;
798 3601 922 3641 cum
954 3602 1021 3642 eo
1060 3588 1342 3658 conjectus
1369 3588 1553 3644 Achor
1606 3597 1710 3655 est,
1754 3593 1846 3660 qui
1888 3606 2010 3659 quae
2050 3588 2145 3643 Det

2271 3585 2339 3661 ἦν
2382 3590 2414 3659 ἡ
2445 3585 2598 3657 χώρα
2640 3584 2749 3638 τῶν
2789 3583 2965 3637 ἀθέων
2991 3581 3184 3646 ἐθνῶν,
3234 3582 3362 3653 ἥτις
3394 3584 3485 3648 εἰς
3512 3580 3822 3636 ἀνάπαυσιν

576 3676 796 3731 fuerant
845 3690 1168 3733 consecrata
1212 3679 1427 3735 furatus
1485 3682 1825 3736 essctztalis
1872 3680 2050 3736 fuerat
2110 3691 2147 3735 el

2273 3682 2427 3735 ἔσται
2471 3677 2823 3743 ,ϐουκολίων
2853 3677 2934 3742 τῷ
2964 3674 3370 3745 ἐκζητήσαντί
3410 3692 3489 3745 με
3515 3673 3660 3740 λαῷ,
3689 3672 3742 3735 ὅς
3768 3667 3821 3741 ἦν

574 3771 694 3837 ipsa
723 3771 967 3839 gentium
1013 3772 1332 3841 impiarum,
1380 3772 1603 3844 Deoque
1626 3775 1933 3829 carentium
1968 3775 2117 3843 regio
2144 3796 2145 3823 :

2272 3776 2300 3828 ὁ
2335 3772 2465 3842 ῥὼξ
2508 3772 2601 3826 καὶ
2630 3771 2692 3824 τὸ
2712 3769 2971 3839 ’σπέρμα
2995 3769 3054 3821 τὸ
3093 3769 3410 3838 εἰρημένον,
3441 3767 3491 3820 oi
3525 3765 3751 3821 ἐκλεκτοί
3775 3778 3820 3816 τε

573 3876 698 3931 qua:
718 3861 771 3915 in
797 3873 1159 3917 armentorum
1197 3865 1451 3935 requiem,
1482 3867 1697 3934 populo,
1722 3866 1813 3936 qui
1839 3882 1921 3920 me
1967 3868 2144 3936 quwsi-

2272 3865 2472 3919 δοῦλοι.
2531 3864 2901 3932 Συστήσονται
2951 3859 3062 3930 γὰρ
3113 3853 3262 3914 οὗτοι
3305 3858 3606 3923 ,βουκόλιὰ
3650 3873 3704 3909 τε
3750 3855 3820 3908 καὶ

576 3962 783 4017 uerunt,
829 3950 1012 4006 futura
1041 3962 1127 4007 est
1158 3970 1172 4006 :
1210 3969 1373 4023 quem
1393 3961 1448 4009 et
1472 3957 1694 4021 racemi,
1715 3964 1769 4009 et
1801 3956 2147 4020 seminis,ele

2276 3958 2545 4027 ποίμνια,
2574 3955 2674 4009 οὐκ
2707 3956 2764 4008 ἐν
2796 3955 2873 4023 τῷ
2904 3951 3307 4037 nmmum"
3351 3953 3411 4004 ἐν
3442 3951 3519 4021 τῷ
3564 3947 3818 4019 δηλωθέντι

576 4054 793 4098 I-torum
828 4045 1074 4112 insuper,
1102 4053 1156 4100 et
1204 4060 1490 4100 servormn
1530 4047 1846 4102 nominibus
1878 4047 2143 4101 indicavit

2275 4049 2496 4120 δρυμῷ,
2515 4046 2703 4116 καὶτῇ
2728 4044 2984 4116 φάραγγι
3013 4044 3121 4099 τοῦ
3157 4044 3211 4098 Ἀ
3221 4043 3444 4115 χὼρ,ὃς
3476 4039 3817 4114 ἑρμηνεύεται.

575 4137 791 4208 Cogent
817 4140 961 4193 enim
1005 4148 1249 4192 armenta
1286 4148 1340 4194 et
1361 4156 1564 4210 greges,
1600 4154 1709 4194 non
1743 4141 1797 4194 in
1832 4139 2037 4208 Israel;
2071 4156 2146 4195 set

2278 4143 2474 4211 φασὶν,
2507 4137 2841 4211 εὐρυχωρία.
2879 4135 3065 4191 Ταῦτα
3117 4136 3217 4206 μὲν
3262 4135 3511 4199 τούτοις·
3551 4136 3656 4196 τοῖς
3706 4127 3820 4184 δὲτὸ

578 4227 633 4281 in
657 4227 801 4281 saltu
851 4228 1137 4298 praedicto,
1168 4236 1222 4283 et
1282 4231 1418 4285 valle
1465 4231 1689 4285 Achoris
1714 4248 1734 4297 ;
1764 4231 1818 4285 id
1849 4241 1952 4297 est,
1990 4232 2045 4286 in
2081 4247 2149 4288 rc-

2276 4231 2448 4302 ἅγιον
2490 4225 3002 4300 ἑγκαταλιποῦσιν
3041 4224 3199 4293 ὅρος,
3256 4226 3351 4279 καὶ
3408 4222 3711 4293 συναφθεῖσι
3732 4219 3820 4278 τοῖς

581 4320 759 4388 gionis
805 4320 1192 4389 amplitudine,
1244 4321 1291 4376 si
1339 4321 1582 4378 nominis
1643 4321 2152 4392 interpretationem

2278 4324 2533 4385 ἐθνικοῖς,
2566 4321 2641 4384 ὡς
2699 4314 3177 4387 παρασκευάζειν
3207 4314 3285 4382 τῷ
3299 4316 3420 4386 μὲν
3439 4313 3718 4383 ἀγάλματι
3736 4313 3819 4374 τῆς

584 4391 851 4479 postulas.
877 4413 1060 4481 Atque
1108 4414 1223 4467 hare
1269 4414 1492 4483 quidem
1536 4415 1663 4470 istis
1715 4423 1979 4469 eventura
2014 4422 2155 4469 sunt.

2278 4415 2467 4483 τύχης
2496 4408 2809 4480 τράπεζαν,
2863 4407 2943 4474 τῷ
2981 4406 3050 4461 δὲ
3080 4404 3319 4477 δαίμονίι
3348 4406 3618 4473 κέρασμα
3659 4398 3729 4468 τῷ
3773 4397 3818 4447 ἐν

583 4499 638 4553 In
682 4509 911 4555 (ueteres
951 4511 1158 4569 autem,
1193 4503 1285 4572 qui
1320 4513 1548 4558 montem
1578 4517 1824 4558 sanctum
1875 4503 2154 4574 derelique-

2242 4504 2248 4542 '
2276 4503 2446 4573 αὐτῷ,
2494 4492 2864 4573 ἐπαχθήσεται
2893 4497 3174 4568 μάχαιρα.
3208 4497 3328 4551 Κᾶν
3353 4496 3661 4589 ἐρωτήσῃς,
3693 4485 3813 4589 'Ale'

583 4603 726 4658 runt,
764 4610 935 4665 seque
973 4597 1234 4664 gentibus
1263 4598 1337 4650 ita
1367 4597 1767 4667 adiunxerunt,
1805 4604 1864 4651 ut
1898 4612 2021 4651 mox
2055 4597 2154 4666 [or-

2274 4597 2398 4649 ὅτου
2464 4593 2634 4648 τᾶλλα
2696 4593 2920 4660 παρεῖς;
2977 4590 3088 4660 ἐρῶ
3140 4592 3222 4644 ὅτι
3253 4590 3322 4642 δι’
3364 4584 3603 4657 ἐμαυτοῦ
3651 4582 3820 4636 καλῶν

583 4696 727 4738 tuna:
787 4685 1078 4739 simulacro
1137 4702 1375 4741 mensam
1427 4696 1700 4756 pararent,
1759 4703 1884 4741 mox
1940 4687 2148 4765 dwtnon

2279 4686 2665 4757 παρεγενόμην
2682 4684 3035 4754 ὑμᾶς,.ὑμεῖς
3059 4683 3115 4736 δὲ
3137 4684 3246 4746 οὐχ
3267 4679 3671 4748 ὑπηκούσατε.
3691 4667 3817 4765 lia“

579 4781 864 4849 potionem,
890 4792 938 4835 et
973 4781 1187 4852 gladius
1237 4784 1403 4837 etiam
1451 4782 1765 4838 inducetur.
1798 4780 1955 4849 Quod
2005 4763 2053 4837 si
2090 4783 2145 4836 in

2278 4782 2559 4853 προεῖπεν,
2586 4775 2814 4841 Ἶιλθον,
2848 4776 2942 4828 καὶ
2978 4775 3077 4828 οὐκ
3132 4769 3200 4843 ἦν
3258 4771 3568 4843 ἅνθρωπος·
3597 4763 3813 4863 ἐκάλεσα.

580 4872 851 4942 terroges,
884 4887 986 4926 cur
1022 4888 1050 4925 a
1107 4888 1194 4926 me
1254 4881 1452 4926 caetera
1512 4871 2009 4941 prteterInittantur
2041 4884 2055 4932 ;
2090 4885 2151 4921 nn

2279 4873 2374 4927 καὶ
2407 4872 2507 4925 οὐκ
2529 4865 2596 4941 ἦν
2617 4869 2646 4922 ὁ
2676 4867 2988 4921 ὑπακούων.
3017 4866 3175 4929 Τινὲς
3200 4865 3256 4917 δὲ
3277 4865 3346 4919 τὰ
3378 4861 3656 4915 τελευταῖα
3679 4861 3816 4909 ταῦτα

2621 4960 2642 4963 .-
2666 4961 2672 4963 Α
2696 4959 2712 4963 -
2765 4960 2788 4963 μ
2860 4960 2870 4963 -
2989 4959 3006 4963 -
3032 4959 3043 4963 -
3318 4957 3330 4963 -
3374 4956 3399 4963 ρ
3450 4954 3470 4963 Α
3525 4954 3537 4963 ι
3746 4943 3816 4963 In-

583 4980 686 5019 vos
716 4974 940 5035 propter
972 4965 1244 5036 meipsum
1274 4981 1487 5019 vocasse
1542 4962 1914 5034 respondebo,
1947 4977 2046 5017 vos
2074 4977 2154 5015 au-

2283 4965 2419 5034 πρδς
2439 4963 2565 5021 τοὺς
2584 4960 2645 5025 ἐξ
2661 4959 2831 5013 ἐθνῶν
2849 4959 3260 5029 ἀπειθήσαντας
3284 4954 3537 5028 εἰρῆσθαί
3553 4966 3717 5044 φασιν.

585 5060 691 5107 tem
722 5034 823 5107 non
855 5034 1119 5109 audirisse
1147 5070 1165 5121 ;
1201 5056 1362 5125 quale
1392 5056 1525 5110 illud
1553 5055 1676 5119 luit,
1710 5053 1856 5123 quod
1889 5063 2071 5118 antea,
2093 5068 2156 5105 Im

2281 5056 2387 5127 γὰρ
2418 5055 2477 5107 οὐ
2514 5053 2740 5123 γέγονεν
2780 5051 3017 5120 ἀζήμιον
3046 5052 3160 5114 τοῖς
3187 5048 3247 5113 ἐξ
3289 5044 3510 5138 Ἰσραὴλ
3539 5034 3813 5138 τὸᾼάπιξιθῆ·

585 5146 804 5200 venisse
838 5147 1084 5216 quidem,
1107 5150 1202 5204 sed
1240 5149 1518 5203 hominem
1569 5164 1679 5203 non
1736 5147 1952 5213 fuisse;
1991 5156 2046 5202 et
2082 5161 2156 5199 vo

2282 5167 2370 5202 σαι
2402 5143 2625 5216 Χριστῷ
2649 5144 2877 5216 (δέδοται
2907 5143 3016 5214 γὰρ
3044 5142 3124 5205 εις
3159 5138 3392 5210 σφαγὴν,
3426 5135 3558 5205 ἐλέῳ
3584 5131 3812 5236 θεῗδλσῗῗ

588 5255 747 5294 casse
781 5241 968 5310 etiam,
1009 5243 1105 5298 sed
1149 5244 1357 5299 nullum
1410 5243 1747 5311 obedivissc,
1791 5245 2004 5298 monui.
2049 5239 2159 5296 Non

2281 5242 2465 5302 θέντος
2500 5240 2596 5291 τοῦ
2640 5234 3127 5307 καταλείμματος),
3161 5233 3333 5295 οὕτως
3365 5231 3423 5283 ὲν
3453 5229 3518 5297 τῇ
3545 5223 3644 5315 τῶν
3669 5217 3807 5315 Et)va

587 5331 789 5384 desunt
840 5349 1027 5404 porro,
1055 5336 1149 5404 qui
1211 5344 1486 5405 postrema
1519 5337 1648 5401 ista,
1682 5338 1747 5392 ad
1800 5346 2014 5407 gentes,
2047 5350 2158 5405 qua

2276 5331 2467 5402 κλήσει
2489 5330 2537 5381 οἱ
2562 5326 2636 5399 μὴ
2658 5325 2973 5389 πεισθέντες
2996 5319 3461 5393 παραδοθήσονται
3486 5313 3611 5382 πρὸς
3635 5313 3808 5376 σφαγὴν

671 5486 713 5516 ⁸⁵
746 5486 883 5542 Gen.
928 5505 1082 5553 XVIII,
1117 5489 1209 5544 52.
1289 5493 1455 5547 “’lsa.
1495 5510 1531 5558 I,
1564 5492 1619 5548 9.
1703 5493 1932 5550 “Hebr.
1963 5510 2060 5556 xu,
2174 5489 2242 5543 ‘22

1311 5493 1455 5547 l’lsa.
1495 5510 1531 5558 I,
1564 5492 1619 5548 9.
1703 5493 1932 5550 “Hebr.
1963 5510 2060 5556 XII,
2174 5489 2263 5547 ἓξ..
2402 5487 2633 5544 "Josue
2673 5484 2882 5552 vn,26.

1911 5606 2146 5662 VARI/13
2188 5603 2589 5662 LECTIONES.

672 5712 695 5749 δ’
722 5721 808 5769 Π).
840 5703 1055 5773 ποιήσῃ.
1138 5711 1253 5769 τγρ.
1289 5703 1378 5755 τοῦ
1412 5707 1496 5757 τό.
