3978 6456
156 315 276 378 ‘2l‘89

1127 265 1149 272 ’
1248 303 1727 363 ΕΟΜΜΕΝΤΑΗῚ

1827 304 1905 378 tu
1935 305 2220 367 lSAIAM.
3241 311 3383 372 2690

156 426 404 485 κατιόντες
449 419 527 482 είς
561 419 712 490 ᾅδου,
745 419 840 472 καὶ
893 417 984 487 τὴν
1025 416 1112 469 διὰ
1147 416 1318 485 πυρὸς
1344 415 1706 485 ὑπομένοντες

1825 417 1964 470 idem
2022 429 2370 486 respui-runt,
2437 418 2628 474 referri
2677 419 2884 474 dicant.
2924 418 2993 473 lit
3061 421 3205 473 cnim
3273 437 3382 474 non

156 520 372 578 κόλασιν,
414 511 503 574 οὒς
561 513 656 564 καὶ
707 510 871 580 τιμᾷν
911 525 1044 578 φησι
1085 508 1182 576 τὴν
1222 510 1446 576 τύχην,
1491 507 1588 559 καὶ
1641 507 1702 558 τὸ

151 611 450 681 δαιμόνιον.

1813 509 2034 577 impune
2064 511 2232 564 cessit
2289 510 2576 574 Israeiiis,
2609 511 2754 580 quod
2787 511 3008 568 Christo
3041 528 3148 564 non
3184 528 3382 580 parue-

1813 608 1944 654 runt
1969 601 2226 670 (servatis
2257 603 2402 655 enim
2426 601 2518 656 Dei
2547 603 2903 656 miseratione
2936 603 3186 671 reliquiis
3212 603 3388 654 inter-

153 705 344 763 ucrioni
377 701 485 755 dati
507 699 658 770 sunt)
678 719 690 754 :
713 701 792 756 sic
815 707 869 754 et
898 702 951 754 in
972 699 1088 768 ipsa
1119 699 1362 768 gentium
1393 697 1703 752 vocatione.
1746 696 2137 764 quilidemuon
2161 696 2579 765 amplectentur,
2606 696 2661 748 in
2691 695 2892 749 caedem
2956 695 3182 750 demissi
3241 699 3384 768 apud

151 802 340 857 inferos
403 797 716 858 tradentur,
774 797 1012 865 igneque
1065 795 1496 855 rruriabuntur;
1550 809 1693 862 quos
1726 793 1895 846 etiam
1931 791 2199 860 fortunam
2227 789 2818 846 etdwmoninmcolere
2849 791 3144 860 signiﬁcat.

213 898 373 960 ιγ-κε’.
422 891 523 943 Διά
565 887 742 942 τοῦτο
781 886 924 962 τάδε
955 886 1118 957 λέγει
1151 885 1366 953 Κύριος
1391 903 1404 916 ·
1453 883 1610 940 Ἰδοὺ
1647 887 1704 938 οι

147 980 520 1046 δουλεύοντές
551 997 652 1048 μοι
689 971 1022 1048 φάγωσίν-ταν
1051 977 1220 1047 ὑμεῖς
1259 976 1326 1030 δὲ
1365 976 1701 1030 πεινάσετε.

158 1073 298 1129 Ἰδοὺ
321 1074 373 1123 οΙ
394 1067 793 1134 δουλεύοντές
810 1085 914 1136 μοι
940 1067 1190 1120 «(ton-at
1205 1082 1220 1096 '
1241 1065 1412 1135 ὑμεῖς
1435 1065 1502 1118 δὲ
1523 1065 1702 1134 διψή-

147 1181 287 1218 σετε.
341 1159 484 1212 Ἰδοὺ
517 1161 572 1212 οι
601 1157 999 1226 δουλεύονςές
1016 1175 1116 1225 μοι
1143 1156 1666 1226 εὐφρανθήσονται
1689 1173 1702 1186 ·

146 1255 297 1322 ὑμεῖς
331 1251 397 1302 δὲ
437 1249 952 1318 αἱσχυνθήσεσθε.
1005 1248 1162 1302 Ἰδοὺ
1204 1251 1258 1300 οὶ
1304 1247 1695 1315 δουλεύοντές

141 1363 227 1413 μοι
257 1341 727 1410 ἀγίιεΐλιάσονται
752 1341 822 1394 ἐν
850 1343 1226 1408 εὐφροσύνῃ,
1271 1359 1323 1396 κ.
1354 1357 1404 1392 τ.
1437 1340 1487 1393 λ.

207 1435 382 1488 Εἰπὼν
431 1431 492 1485 τὸ
517 1431 640 1486 κατ’
676 1433 907 1502 ἐκλογὴν
939 1421 1162 1502 σπέρμα.
1195 1431 1288 1486 τοῦ
1335 1430 1572 1502 Ἰσραὴλ,
1609 1431 1704 1482 καὶ

146 1525 228 1583 τὰς
247 1523 311 1574 δι’
338 1521 520 1574 αὐτῶν
559 1521 834 1582 συστάσας
873 1520 1202 1590 Ἐκκλησίας
1223 1531 1248 1560 α
1267 1535 1282 1551 ⁸
1317 1521 1431 1582 τοῖς
1458 1519 1514 1571 δὲ
1540 1517 1706 1573 ἀπολ-

145 1614 407 1684 λυμένοις,
457 1613 602 1666 κατὰ
656 1613 756 1681 μέν
798 1629 952 1674 τινας
984 1612 1370 1682 Ἰσραηλίταις,
1428 1610 1550 1664 καθ’
1589 1609 1706 1662 ἐτέ-

1855 879 2260 954 4740-75,]
2333 881 2498 938 Vens.
2536 881 2733 936 15-25.
2777 879 3062 950 Propterea
3104 882 3216 939 Iure
3255 887 3388 940 dicr'

1812 973 2067 1028 Dominus
2092 990 2110 1027 :
2143 973 2276 1028 Ecce
2308 975 2446 1028 serui
2469 979 2572 1028 mei
2602 975 2894 1040 comedent,
2923 993 3010 1030 vos
3046 987 3222 1031 autem
3261 995 3385 1033 esu-

1808 1065 1978 1118 rielis.
2033 1063 2167 1118 Ecce
2214 1067 2351 1120 servi
2397 1065 2498 1119 mei
2545 1065 2750 1129 bibent,
2794 1081 2882 1120 vos
2942 1077 3119 1122 autem
3163 1069 3376 1123 sitietis.

1814 1156 1946 1211 Ecce
1970 1159 2106 1211 servi
2134 1158 2234 1210 mei
2261 1157 2586 1227 gaudebunt,
2617 1174 2704 1212 vos
2745 1169 2919 1213 autem
2954 1161 3384 1220 confundemiui.

1807 1249 1946 1304 Ecce
1981 1251 2117 1304 servi
2149 1251 2250 1303 mei
2287 1249 2631 1321 exsultabant
2657 1253 2713 1305 in
2741 1251 2956 1319 gaudio,
2985 1265 3093 1307 etc.

1797 1492 1813 1502 ἢ
1882 1428 2044 1500 7ιῖ2
2079 1427 2443 1496 Posteaquam
2477 1425 2698 1482 lsraelis
2732 1443 2917 1482 semen
2951 1425 3178 1485 electum
3201 1440 3254 1486 et.
3282 1430 3387 1486 Ec-

1811 1525 2030 1586 clesiae,
2058 1535 2179 1590 qua:
2204 1535 2269 1574 ex
2307 1520 2428 1590 ipso
2459 1517 2706 1573 conﬂata:
2736 1528 2888 1583 sunt,
2948 1513 3126 1574 sancti
3178 1524 3388 1578 montis

1817 1611 2193 1667 lucreditatem
2223 1626 2347 1666 esse
2381 1609 2708 1678 audituras;
2773 1613 3131 1682 pereuntibus
3183 1622 3389 1677 autem,

147 1717 253 1772 pou;
279 1698 332 1752 δέ
355 1698 610 1761 ἐθνικαῖς,
632 1697 731 1759 τὰς
763 1697 1134 1768 καταλλήλους
1161 1698 1188 1737 b
1212 1697 1382 1750 εἰπὼν
1410 1695 1702 1766 τιμωρίαςο

1822 1706 1926 1758 sive
1957 1701 2248 1764 lsraelilis,
2300 1701 2420 1756 sive
2451 1701 2733 1772 gentibus,
2781 1709 2842 1755 ut
2886 1701 3012 1756 aliis
3055 1712 3220 1777 atque
3267 1703 3394 1777 aliis

144 1791 266 1862 πρὸς
297 1791 421 1852 τοὺς
447 1790 648 1852 αὐτοὺς
671 1789 821 1857 λέγει
843 1789 938 1842 καὶ
960 1791 1029 1842 τὰ
1058 1789 1416 1860 προκείμενα,
1441 1787 1705 1841 διδάσκων

145 1882 208 1944 ὡς
241 1880 446 1944 δίκαιος
478 1878 555 1932 ὢν
590 1880 620 1932 ὁ
644 1878 799 1944 Θεὸς,
847 1879 974 1943 τοὺς
1014 1878 1353 1949 πανταχόθεν
1379 1877 1530 1948 αὐτῷ
1565 1879 1708 1932 δου-

143 1975 443 2039 λεύοντας,
481 1971 596 2025 ἀλλ’
625 1971 685 2024 οὐ
734 1973 951 2034 πάντως
1001 1972 1060 2039 ἐξ
1095 1971 1315 2042 Ἰσραὴλ
1369 1969 1710 2040 ὑποδεξαμὲ⁹

145 2084 252 2128 vos;
276 2077 298 2104 ε
329 2065 495 2118 δώσει
527 2065 716 2127 αὐτοῖς
755 2067 836 2128 είς
873 2065 1080 2137 τροφὴν
1129 2065 1219 2118 τὸν
1253 2065 1500 2129 εἰπόντα,
1571 2061 1712 2128 Ἐγώ

142 2161 244 2228 εἰμι
271 2161 298 2212 ὁ
323 2158 494 2229 ἄρτος
523 2160 550 2210 ό
583 2158 650 2210 ἐκ
671 2155 764 2210 τοῦ
791 2156 1022 2226 οὐρανοῦ
1047 2155 1316 2219 καταϐὰς,
1343 2147 1515 2224 οὗπερ
1548 2153 1597 2206 oi
1637 2152 1713 2224 μὴ

141 2249 531 2316 δουλεύοντες
577 2247 1004 2320 στερηθήσονται
1031 2263 1047 2280 ο
1088 2248 1186 2301 καὶ
1231 2247 1283 2301 οἱ
1328 2247 1428 2316 μὲν
1467 2244 1556 2299 τὸν
1609 2260 1714 2313 μυ-

145 2343 313 2396 στικδν
342 2343 590 2396 πίονται
621 2337 786 2405 οῐνον,
807 2341 976 2410 ἤγουν
1002 2339 1064 2393 τὸ
1087 2337 1256 2410 ὕδωρ,
1285 2338 1417 2410 περὶ
1439 2329 1502 2390 οὗ
1525 2353 1711 2408 φησιν’

149 2438 231 2500 Ὃς
259 2434 324 2488 ἂν
356 2432 460 2506 πίῃ
490 2434 556 2488 ἐκ
585 2432 677 2486 τοῦ
709 2431 921 2497 ὕδατος,
955 2425 1018 2486 οὗ
1046 2429 1158 2500 ἐγὼ
1176 2429 1333 2484 δώσω
1365 2427 1537 2498 αὐτῷ,
1570 2447 1588 2480 ι
1621 2428 1716 2481 καὶ

147 2526 206 2577 τὰ
231 2523 380 2593 ἑξῆς,
423 2525 478 2576 οἱ
520 2521 578 2575 δὲ
610 2521 786 2592 τούτῳ
845 2519 1240 2590 διψήσουσιν.
1292 2519 1402 2571 Καὶ
1437 2517 1716 2585 ἀναλόγως

142 2622 183 2672 οι
224 2620 320 2689 μὲν
369 2616 846 2687 εὐφρανοῦνται.
891 2613 1164 2684 Καθαιρεῖ
1194 2612 1305 2682 γὰρ
1343 2609 1619 2682 ἁμαρτίας
1649 2609 1718 2663 τὰ

143 2711 406 2782 μυστικὰ,
457 2709 564 2764 καὶ
608 2709 698 2762 τὸν
733 2709 826 2761 ἐπὶ¹
862 2711 976 2770 τοῖς
1015 2690 1426 2778 ἡμαρτημένοις
1476 2701 1716 2773 ἐξίστησι

140 2805 310 2871 φόϐον,
346 2805 443 2857 καὶ
475 2802 660 2871 ἀγαθὰ
685 2801 902 2854 δίδωσιν
931 2798 1173 2862 ἐλπίζειν
1217 2797 1286 2850 τὰ
1327 2795 1592 2866 μέλλοντα
1617 2810 1630 2824 ο
1666 2793 1718 2846 οἱ

137 2895 186 2948 δὲ
207 2893 783 2966 αἰσχυνθήσονται·
831 2890 926 2945 καὶ
962 2890 1012 2944 οἱ
1077 2888 1174 2960 μὲν
1222 2885 1716 2956 ἀγαλλιὰσονται,

136 2987 332 3041 τούτων
384 2986 680 3057 τυχόντες,
733 2985 781 3037 οἱ
825 2984 883 3036 δὲ
918 2981 1144 3044 τούτους
1183 2979 1419 3050 ὁρῶντες
1453 2979 1514 3031 οὐ
1562 2977 1720 3047 σῶμα

1813 1793 2012 1862 placet,
2047 1805 2240 1862 poenas
2269 1806 2330 1846 se
2362 1804 2646 1861 congruas
2679 1773 3300 1859 immissurumdocuit,
3333 1773 3388 1848 iit

1811 1885 2029 1938 eosdem
2060 1891 2116 1937 et
2145 1898 2268 1952 quae
2316 1883 2408 1937 hic
2457 1882 2751 1948 habentur,
2797 1885 3072 1949 assumit;
3121 1884 3395 1954 docetque

1817 1977 2006 2040 Deum,
2035 1976 2128 2046 qui
2159 1975 2347 2046 justus
2383 1975 2476 2041 sit,
2507 1991 2650 2046 quos
2683 1977 2886 2046 ttbiqtte
2909 1993 3084 2032 servos
3109 1979 3391 2042 habuerit,

1808 2083 1923 2124 non
1959 2068 2243 2122 lsraelitas
2274 2082 2470 2122 omnes
2531 2083 2660 2123 esse
2704 2067 3109 2140 amplexurum,
3155 2085 3394 2140 eumque

1815 2163 1870 2214 in
1906 2160 2092 2214 cibum
2129 2159 2240 2214 illis
2264 2158 2631 2226 traditurum,
2661 2159 2753 2228 qui
2794 2174 2854 2214 se
2883 2173 3077 2229 panem
3122 2160 3263 2215 cmlo
3303 2163 3398 2215 tle-

1819 2252 2050 2308 ntissum
2079 2265 2203 2307 esse
2241 2249 2533 2306 affirmavit
2559 2251 2636 2317 ¹⁸;
2675 2265 2787 2321 quo
2818 2251 2905 2314 iis,
2952 2250 3044 2319 qui
3101 2252 3236 2305 servi
3285 2267 3398 2306 non

1819 2341 2372 2409 l'uerint,carendum
2414 2343 2509 2398 sit.
2540 2342 2606 2396 Et
2645 2343 2700 2396 Ιιί
2735 2343 2954 2411 quidem
2985 2343 3279 2412 mysticum
3315 2343 3398 2396 vi-

1815 2452 1970 2499 nunt,
2001 2445 2095 2490 aut
2117 2451 2342 2506 aqttam,
2372 2435 2589 2490 ὑὶὺίιωὶ
2615 2443 2776 2498 sunt;
2813 2450 2977 2505 quam
3012 2443 3072 2490 ut
3102 2435 3392 2502 iudicaret,

1819 2528 1986 2583 verba
2010 2529 2154 2582 ista:
2191 2544 2211 2578 ι
2239 2526 2346 2592 Qui
2393 2541 2594 2597 aquam
2643 2527 2866 2594 biberit,
2916 2543 3080 2598 quant
3141 2543 3245 2599 ego
3297 2529 3399 2582 da-

1819 2620 1890 2674 bo
1913 2619 1979 2683 ¹⁹,
2025 2637 2044 2671 ι
2094 2625 2149 2672 et
2191 2633 2314 2687 quae
2357 2617 2642 2688 deinceps,
2695 2623 3024 2689 usurpavit:
3084 2619 3158 2673 illi
3211 2630 3398 2675 autem

1821 2711 2054 2766 istorum
2079 2711 2172 2764 siti
2194 2710 2514 2765 luboraturi.
2555 2711 2684 2766 Pari
2715 2713 2880 2766 modo
2905 2720 3038 2766 sunt
3070 2724 3124 2768 et
3167 2713 3222 2767 Iri
3263 2731 3399 2786 gau-

1819 2804 1970 2857 dium
1998 2801 2234 2857 Itabituri
2269 2819 2288 2858 :
2323 2817 2452 2858 cum
2489 2801 2685 2856 tollant
2720 2810 2942 2873 peccata
2967 2805 3228 2875 mysteria
3259 2805 3400 2874 ipsa,

1823 2903 2083 2964 metuque
2140 2894 2396 2961 liberent,
2454 2893 2552 2962 qui
2607 2891 2690 2948 eis
2741 2893 3028 2960 incutitur,
3081 2909 3293 2965 nosque
3345 2897 3402 2950 in

1829 2987 2136 3042 futurorum
2169 2987 2438 3042 bonorum
2471 3002 2622 3058 spem
2671 2987 2918 3056 erigant;
2948 2986 3026 3041 illi
3055 2996 3236 3042 autem
3279 3005 3405 3042 con-

135 3076 507 3144 πονήσουσι,
537 3075 735 3146 μικρὸν
759 3073 869 3144 γὰρ
895 3072 1077 3136 τοῦτο,
1099 3071 1198 3140 τὴν
1225 3070 1280 3124 δὲ
1303 3069 1554 3138 καρδίαν
1582 3067 1714 3122 ὀδυ-

1822 3077 2084 3148 fusionem
2125 3079 2370 3148 passuri.
2404 3078 2548 3134 Sunt
2580 3087 2634 3134 et
2665 3079 2718 3132 hi
2755 3086 3020 3148 praeterea
3050 3079 3400 3142 exsttlmturi,

132 3167 532 3234 νηθήσοντιιι,
557 3163 652 3218 τοῦ
694 3163 884 3234 κριτοῦ
915 3162 984 3216 τὰ
1013 3159 1150 3232 πρὸς
1187 3159 1343 3224 ἀξίαν
1373 3160 1556 3221 αὐτοῖς
1587 3159 1720 3210 ἁπο-

133 3259 398 3328 νέμοντος.
441 3257 616 3317 Τινὲς
656 3255 710 3308 δὲ
763 3271 949 3325 φασιν,
1004 3253 1078 3317 ὡς
1124 3251 1571 3320 συγκαταϐαίνων
1609 3252 1722 3312 τοῖς

144 3352 455 3416 Ἰουδαίοις,
528 3349 589 3415 ἐξ
623 3344 698 3402 ὧν
737 3348 1002 3414 ὡρίζοντο
1039 3347 1140 3418 τὴν
1184 3345 1584 3418 μακαριότητα,
1629 3343 1725 3395 καὶ

139 3447 230 3518 τὴν
257 3445 418 3516 δίκην
452 3442 724 3516 ὁρίζεται.
758 3442 849 3494 Ἐν
878 3441 1078 3512 γαστρὶ
1108 3440 1217 3510 γὰρ
1246 3439 1306 3491 τὸ
1331 3437 1440 3491 πᾶν
1482 3437 1727 3489 ἐτίθεντο

139 3531 229 3600 τῆς
258 3533 654 3593 ἀπολαύσεως.
702 3527 865 3582 Ὅθεν
893 3529 1224 3600 ἐπιστρέψαι
1253 3527 1598 3598 βουλόμενος,
1626 3525 1726 3596 τὴν

139 3623 337 3678 τούτων
366 3623 641 3695 στέρησιν
669 3620 860 3692 ἐπῄνει
884 3619 935 3686 ἀ,
967 3619 1138 3674 καὶτὸ
1163 3620 1296 3691 μηδὲ
1312 3619 1500 3688 ὄνομα
1520 3619 1726 3672 τούτων

139 3715 424 3787 φέρεσθαι,
447 3713 930 3784 ἀντεισαγομὲνων
952 3715 1030 3775 εις
1048 3712 1140 3764 τὸν
1161 3713 1360 3783 κλῆρον
1387 3709 1587 3776 αὐτῶν,
1614 3709 1724 3763 τῶν

138 3807 377 3875 δικαίων,
411 3805 515 3869 οὒς
544 3797 640 3858 καὶ
683 3805 904 3876 κλῆρος,
936 3802 1037 3858 καί
1060 3804 1248 3872 ὄνομα
1281 3801 1534 3870 πατέρων
1563 3817 1726 3869 nept-

135 3903 507 3974 λελείψεται.
541 3899 616 3954 Τὸ
637 3899 692 3954 δέ
713 3901 800 3966 εὶς
828 3896 1224 3968 πλησμονὴν,
1261 3897 1339 3958 εἰς
1369 3895 1526 3965 μῖσος
1553 3891 1722 3962 δηλοῖ,

118 3997 269 4056 ,κατὰ
302 3996 614 4066 συνήθειαν
637 3991 935 4065 γραφικὴν,
966 3991 1040 4054 ὠς
1064 3991 1146 4056 τὸ,
1173 3986 1505 4059 Ἐγενήθητέ
1535 4003 1624 4055 μοι
1647 3986 1728 4048 είς

133 4088 484 4160 πλησμονήν.
533 4087 595 4140 '0
635 4086 744 4158 γὰρ
797 4085 955 4156 κόρος
1011 4083 1364 4153 ἀποστροφὴν
1412 4076 1727 4149 ἀπεργάζε-

133 4195 241 4234 ται.
278 4180 587 4250 Βδέλυγμα
625 4177 804 4232 τοίνυν
856 4174 1068 4238 ἐσεσθε,
1109 4175 1266 4244 φησι,
1309 4171 1406 4227 καὶ
1445 4170 1726 4239 λεγόμενοι

132 4268 303 4342 [uici],
337 4273 391 4324 oi
421 4271 483 4323 δὲ
512 4268 734 4330 δίκαιοι,
785 4265 912 4330 λαὸς
946 4267 1122 4334 ἅγιος,
1146 4265 1297 4327 ἔθνος
1323 4261 1599 4326 ἐκλεκτὸν,
1629 4259 1729 4330 βα·-

133 4363 330 4416 σίλειον
385 4361 724 4436 ἱεράτευμα,
775 4349 927 4412 Χκατὰ
981 4357 1082 4426 τὴν
1137 4355 1344 4426 Πέτρου
1375 4353 1581 4422 φωνήν.
1617 4349 1726 4402 Καὶ

128 4455 319 4520 ταῦτα,
353 4458 406 4510 εἰ
456 4453 602 4524 πρὸς
628 4451 877 4515 ἐθνικοὺς
924 4449 1016 4503 καὶ
1046 4446 1436 4516 είδωλολάτρας
1478 4445 1507 4497 ὁ
1543 4443 1722 4511 λόγος·

127 4547 172 4598 εἰ
233 4547 294 4599 δὲ
351 4547 504 4617 πρὸς
563 4543 690 4606 τοὺς
739 4540 799 4606 ἐξ
851 4539 1068 4612 Ἰσραὴλ
1115 4537 1540 4605 ἀπειθήσαντας,
1593 4533 1726 4587 ὅτιο

123 4638 262 4710 ὅπερ
294 4634 454 4710 ἦσαν
501 4634 682 4702 αὐτοὶ,
713 4636 900 4701 τέκνα,
934 4634 1030 4686 καὶ
1061 4631 1210 4696 λαὸς,
1237 4630 1330 4682 καὶ
1357 4626 1558 4698 κλῆρος
1591 4623 1726 4678 Θεοῦ

121 4732 604 4802 χρηματίζοντες,
633 4726 783 4780 τοῦτο
805 4726 854 4778 οἱ
883 4724 943 4792 ἐξ
974 4722 1145 4778 ἐθνῶν
1177 4720 1604 4781 πεπιστευκότες
1633 4733 1729 4786 γε-

118 4823 385 4893 νήσονται
408 4836 424 4850 ⁵
476 4821 579 4874 καὶ
617 4817 774 4872 τοῦτο
805 4817 866 4870 τὺ
899 4816 988 4870 διὰ
1018 4815 1204 4884 φωνῆς
1229 4813 1388 4883 Ὠσηέ
1413 4827 1428 4840 ·
1477 4813 1586 4866 Καὶ
1627 4827 1728 4865 κα-

119 4912 264 4967 λέσω
294 4913 395 4969 τὸν
423 4910 565 4966 λαόν
589 4926 689 4980 μου
715 4909 776 4962 οὐ
797 4907 924 4961 λαόν
953 4923 1074 4978 μου.

1824 3185 1950 3224 cum
1985 3172 2098 3224 haec
2131 3185 2228 3224 eos
2255 3169 2490 3239 adipisci
2521 3169 2826 3239 contigerit
2862 3187 2875 3224 :
2908 3170 2986 3224 illi
3023 3180 3204 3226 autem
3263 3173 3404 3228 istos

1827 3261 2107 3315 intuentes
2137 3275 2246 3314 non
2283 3273 2519 3326 corpore
2545 3259 2847 3312 labat-amri
2891 3259 3029 3330 (hoc
3077 3261 3226 3315 enim
3275 3277 3408 3331 par-

1826 3369 1952 3406 vutn
1981 3361 2068 3407 est
2087 3349 2132 3416 ),
2177 3351 2270 3406 sed
2298 3350 2456 3405 corde
2479 3349 2718 3404 dolorem
2747 3351 3021 3419 erperturi
3039 3366 3058 3412 ;
3085 3366 3209 3405 cum
3232 3351 3406 3421 judex

1825 3456 1922 3495 eos
1955 3455 2056 3510 pro
2089 3441 2414 3496 meritorum
2465 3441 2682 3496 ratione
2738 3442 3146 3512 compensabit.
3202 3440 3412 3497 Volunt

1828 3541 2009 3587 tamen
2051 3531 2300 3586 nonnulli
2343 3545 2470 3585 eum
2524 3545 2586 3586 se
2636 3529 2706 3584 ad
2757 3529 3075 3585 Judzeorum
3128 3532 3408 3602 ingenium

1826 3626 2142 3688 demittere;
2177 3633 2233 3677 et
2257 3637 2332 3678 ex
2360 3621 2429 3677 iis
2453 3621 2733 3692 justitiam
2767 3622 3023 3688 definire,
3055 3623 3261 3693 quibus
3309 3639 3410 3676 ens

1828 3713 2222 3770 beatitudinem
2287 3727 2526 3770 censere
2585 3715 3110 3768 animadvertebat.
3175 3713 3407 3769 Omnem

1827 3809 1972 3862 enim
2004 3805 2424 3860 delectationem
2493 3811 2686 3860 ventre
2731 3805 3121 3860 metiebantur.
3160 3805 3280 3872 Quo
3329 3808 3408 3861 fa-

1827 3905 1976 3950 ctum
2000 3903 2105 3961 est,
2147 3903 2208 3950 ut
2231 3901 2478 3950 avertere
2498 3901 2768 3959 statuens,
2793 3893 3023 3949 istorum
3048 3895 3410 3966 privationem

1830 3995 2122 4058 proponat,
2165 4001 2402 4042 monens
2431 4001 2498 4041 ne
2529 4001 2718 4041 nomen
2745 3985 2968 4054 quidem
3004 3987 3234 4042 istorum
3281 3990 3414 4043 reti«

1830 4079 1980 4145 neri;
2011 4091 2139 4134 cum
2179 4077 2293 4133 sint
2336 4077 2396 4133 in
2433 4085 2641 4132 sortem
2694 4077 2918 4131 illorum
2972 4077 3109 4148 justi
3155 4078 3409 4141 admissi,

1830 4170 2034 4240 quibus
2071 4165 2128 4224 et
2171 4182 2297 4225 sors
2339 4167 2480 4238 ipsa,
2514 4175 2572 4224 et
2622 4167 2862 4239 patrium
2917 4183 3105 4222 nomen
3153 4167 3416 4238 relinque-

1833 4270 1939 4315 tur.
1972 4259 2131 4326 Quod
2161 4259 2442 4315 deindein
2490 4259 2830 4313 saturitatem
2862 4258 3106 4326 addidit;
3135 4258 3189 4312 in
3223 4259 3414 4312 odium

1833 4349 2190 4421 signiﬁcavit,
2226 4348 2387 4422 753
2424 4350 2630 4406 usitato
2667 4348 2972 4419 Scripturis
3017 4349 3274 4421 loquendi
3324 4366 3417 4420 ge-

1835 4459 1966 4498 nere
1995 4460 2010 4497 :
2041 4443 2210 4512 quale
2241 4443 2376 4498 illud
2413 4441 2537 4505 fuit,
2575 4457 2702 4498 cum
2743 4441 2922 4498 factos
2951 4457 3077 4498 esse
3111 4443 3215 4497 sibi
3249 4443 3302 4496 in
3327 4457 3418 4496 sa-

1835 4535 2120 4590 turitatem
2181 4535 2437 4604 praedixit
2485 4533 2554 4588 ".
2621 4533 2768 4589 Parit
2821 4534 2969 4588 enim
3019 4533 3297 4590 fastidium
3362 4541 3418 4589 et

1834 4627 2175 4682 aversionem
2209 4627 2460 4682 satietas.
2507 4626 2676 4682 Eritis
2721 4627 2913 4696 igitur,
2963 4627 3164 4698 inquit,
3203 4627 3418 4682 abomi-

1836 4718 2007 4780 natio,
2041 4718 2207 4774 etiam
2235 4717 2342 4772 ﬁlii
2375 4717 2677 4787 nuncupati
2714 4733 2732 4772 ι
2760 4717 2898 4787 justi
2928 4724 3134 4780 autem,
3180 4717 3418 4787 populus

1835 4815 2092 4877 sanctus,
2149 4824 2283 4880 gens
2341 4809 2542 4876 electa,
2584 4808 2769 4877 regale
2816 4808 3215 4874 sacerdotium,
3271 4806 3420 4862 sicut

1838 4899 1981 4970 apud
2011 4898 2238 4956 Petrum
2273 4901 2516 4971 legimus
2541 4901 2607 4957 “.
2645 4903 2821 4971 Atque
2856 4899 2972 4954 haec
3003 4900 3247 4970 quidem,
3277 4899 3322 4954 si
3349 4898 3419 4952 ad

118 5020 340 5080 gentes,
379 5017 442 5062 et
470 5003 796 5060 idololatras
820 5013 1002 5056 sermo
1037 4999 1143 5063 sit;
1188 4996 1273 5051 sin
1304 5003 1489 5050 autem
1521 4993 1590 5048 ad
1617 5007 1738 5057 eos,
1777 4993 1872 5062 qui
1905 5007 1968 5048 ex
1997 4991 2202 5048 lsraele
2254 5005 2366 5047 non
2416 5000 2745 5067 paruerunt;
2817 4992 2966 5060 quod
3011 4991 3089 5046 illi
3178 4991 3419 5054 inerant,

119 5114 250 5154 cum
283 5098 418 5164 lilii,
446 5108 508 5152 et
545 5093 802 5166 populus,
829 5101 884 5146 et
925 5105 1048 5146 sors
1080 5089 1174 5145 Dei
1201 5083 1882 5154 vocabantur“,idipsum
1901 5093 2118 5155 gentes,
2171 5085 2266 5158 qtti
2314 5085 2706 5151 crediderunt,

2811 5085 2980 5140 futuri
3049 5094 3198 5139 sunt.
3263 5084 3420 5151 Quod

116 5195 285 5251 nobis
316 5191 494 5249 Oscae
528 5189 711 5244 verbis
735 5184 1107 5258 significatum
1135 5195 1220 5239 est
1241 5183 1308 5250 ³³,
1340 5184 1430 5238 ubi
1449 5181 1732 5254 populum,
1768 5181 1861 5250 qui
1899 5197 2038 5238 suus
2068 5196 2177 5236 non
2207 5182 2301 5249 sit,
2337 5197 2498 5238 suum
2527 5198 2586 5238 se
2614 5192 2936 5238 vocaturum
3005 5181 3274 5251 propheta
3333 5181 3410 5234 si-

117 5288 435 5357 gnificavit.

183 5449 228 5484 ¹⁸
247 5449 430 5504 Joan.
460 5460 550 5507 Vl,
580 5441 670 5498 5i.
733 5443 774 5473 "
805 5441 938 5495 ibid.
971 5455 1045 5501 tv,
1071 5439 1168 5507 l5;
1201 5451 1293 5499 vn,
1324 5434 1412 5486 57.
1491 5433 1536 5465 ²⁰
1563 5433 1724 5496 lsa.t,

1828 5471 1840 5484 .
1917 5429 1960 5460 "
1991 5429 2010 5481 l
2046 5427 2189 5482 Pclr.
2225 5443 2286 5490 ιι,
2307 5427 2362 5480 9.
2439 5428 2483 5458 "
2508 5424 2666 5481 Deut.
2692 5440 2861 5486 xntt,
2889 5424 2944 5478 9.
3022 5425 3067 5456 ’³
3090 5423 3420 5506 Οεεοιιβί.

630 5525 639 5532 “
703 5565 722 5583 α
1061 5502 1078 5526 ί
1465 5554 1693 5608 τιιιιιΑς
1732 5549 2144 5627 LtLCTtoutcs.

189 5692 210 5714 '
243 5687 308 5738 λ.
342 5683 438 5738 τσ.
477 5677 919 5752 κληρονομήσειν
950 5678 1010 5732 τὺ
1039 5675 1176 5747 ὅρος.
1290 5675 1315 5713 ¹¹
1345 5692 1434 5742 rp.
1465 5672 1674 5726 δώσειν.

115 5754 346 5821 ἐπάγει.
440 5763 466 5792 ο
495 5749 607 5819 ἀθά.
636 5751 741 5804 ὅτι.

1777 5683 1797 5707 υ
1831 5687 1916 5738 τιος
1954 5666 2160 5728 sirm;
2207 5667 2332 5730 τοὺς
2390 5665 2450 5730 ἐξ
2478 5665 2697 5738 Ἰσραὴλ
2751 5663 3168 5730 ὑποδεξάμενος.
3271 5661 3296 5700 ιι
3329 5679 3416 5729 η».
