3978 6408
607 243 745 307 2691
1903 239 2178 303 PROCOI

2256 242 2259 299 :
2313 238 2556 300 GAZASI
3245 225 3264 236 '
3710 234 3827 299 me

677 363 774 415 Est
806 375 933 415 vero
973 359 1271 415 notandum
1295 374 1403 427 quo
1424 359 1542 412 loco
1567 359 1621 412 in
1651 358 1991 412 saturitatem
2023 358 2191 411 habe-
2220 358 2248 417 ,Δ

2257 389 2273 416 ι
2367 354 2442 409 Τὸ
2464 355 2542 415 δὲ,
2576 356 2664 418 εις
2715 350 3109 420 πλησμονὴν,
3164 351 3251 414 είς
3296 348 3471 417 ὅρκον
3518 347 3760 415 ἐξέδωκαν
3780 338 3828 410 ὀξ

605 470 750 520 mus,
796 455 848 506 in
870 452 1237 520 juramentum
1262 457 1487 511 caeteros
1511 449 1899 513 transtulisse;
1933 459 2176 518 lanquan

2297 449 2499 506 λοιποὶ,
2532 445 2805 499 εἰωθότων
2846 444 3007 513 ἡμῶν
3040 444 3203 511 ὅρκον
3240 441 3527 504 ποιεῖσθαι,
3557 442 3614 495 τὸ
3646 445 3712 515 μὴ
3744 464 3832 500 πα-

605 546 891 617 tleprccari
943 544 1262 613 iuramento
1310 543 1611 608 soleamus,
1670 558 1739 597 ne
1792 558 1857 598 ea
1898 542 2172 612 patiamur

2299 539 2432 599 θεῖν,
2465 540 2611 609 ἆπερ
2637 538 2686 590 οἱ
2734 538 3011 606 ἀνήκεστα
3040 536 3363 605 πάσχοντες,
3391 528 3463 587 ὧν
3495 552 3574 597 τις
3608 538 3695 589 καὶ
3726 542 3836 593 τοῦ-

605 649 729 704 quae
793 630 1106 685 inmaniter
1148 629 1286 683 alios
1335 643 1596 684 exercere
1645 628 1917 693 videmus,
1958 644 2176 698 quorun

2297 648 2453 699 νομιι
2505 631 2802 700 λεγόμενον
2871 628 3273 698 ἀποτρέπεται.
3338 625 3509 697 ’Υμᾶς
3554 629 3607 681 δὲ
3668 631 3842 686 ἀνελεῖ

607 728 810 798 aliquis
849 726 1013 781 etiam
1048 740 1239 779 nomen
1273 723 1367 793 qui
1415 722 1642 788 dicitur,
1681 733 1987 779 aversatur.
2038 722 2175 789 Quot

2300 725 2518 789 Κύριος
2540 738 2554 750 ⁸
2590 723 2620 776 ὃ
2649 722 2714 792 δὴ
2748 722 2858 773 τῶν
2890 720 3078 773 κακῶν
3126 720 3373 788 ἔσχατον,
3409 719 3471 772 ού
3503 721 3739 775 τοσοῦτον
3763 741 3837 795 aq.

608 829 790 875 autem
818 833 916 874 eos
947 834 1058 873 esse
1087 816 1498 883 interfecturum
1528 817 1817 872 Dominum
1840 816 2054 888 adjicit,
2077 827 2179 871 tan

2303 817 2493 884 μαίνον
2524 814 2709 885 ψυχῆς
2736 814 2843 867 ἀπὸ
2866 812 3123 882 σώματος
3146 811 3445 882 χωρισμὸν,
3480 813 3599 864 ὅσον
3624 814 3838 883 στέρησ;ν

605 927 771 983 quam
814 910 884 967 de
941 918 1189 965 extremo
1234 908 1503 963 malorum
1567 912 1814 964 omnium
1872 909 2157 979 usurpavit

2301 906 2461 969 Θεοῦ,
2493 907 2588 960 καὶ
2617 907 2716 976 τῆς
2742 904 3018 959 ἀθανάτου
3055 905 3224 975 ζωῆς.
3257 904 3443 958 Ταῦτα
3478 904 3571 973 μὲν
3600 900 3688 958 οὖν
3718 906 3839 975 ὑμῖν,

608 1015 710 1055 nec
769 1007 881 1053 tam
923 999 1121 1054 anima:
1163 998 1568 1067 separationcm
1616 1013 1649 1051 a
1711 1014 1968 1069 corpore,
2029 1012 2177 1068 quan

2302 1002 2413 1061 τοῖς
2457 998 2501 1050 δ’
2547 998 2677 1066 ἐμοὶ
2714 997 3145 1061 δουλεύουσιν,
3181 994 3241 1060 ἐξ
3273 996 3382 1049 οἴου
3415 996 3647 1065 τύχωσιν
3673 997 3841 1062 ἔθνους,

609 1088 727 1154 Dei,
758 1088 995 1157 vitaeque
1029 1086 1364 1141 immortalis
1417 1085 1786 1156 privationem
1845 1086 2175 1157 signiﬁcavit

2301 1087 2369 1139 τὰ
2415 1085 2829 1157 ἐπηγγελμένα.
2867 1086 2988 1139 Κάν
3047 1085 3239 1155 μαθεῖν
3283 1085 3429 1147 τίνες
3485 1080 3594 1137 εἶεν
3647 1086 3841 1151 ἐθέλετε,

504 1216 507 1217 ν
608 1184 788 1253 Atque
829 1191 945 1235 haec
975 1178 1198 1251 quidem
1247 1177 1428 1240 vobis,
1480 1178 1683 1247 inquit,
1740 1187 2005 1232 eventura
2033 1192 2075 1232 su

2304 1180 2567 1246 τοῦνομα
2598 1179 2694 1248 μὲν
2718 1177 2873 1232 οὔπω
2908 1177 3207 1242 λελέξεται,
3259 1178 3417 1248 ἀρκεῖ
3456 1176 3515 1229 δὲ
3562 1176 3747 1245 γνῶναι
3772 1181 3847 1246 μό-

609 1273 825 1328 caeteris
865 1281 1045 1326 autem
1082 1290 1097 1326 :
1137 1270 1244 1338 Qui
1279 1270 1413 1351 mihi
1435 1271 1691 1333 serviunt,
1714 1270 1957 1340 qual'rbet
1981 1285 2011 1324 e
2041 1279 2180 1340 genti

2306 1289 2417 1333 νον,
2445 1272 2527 1323 ὅτι
2563 1270 2716 1324 ἔσται
2764 1272 3000 1334 καινὸν,
3031 1269 3223 1340 μηδενί
3266 1283 3353 1322 πω
3389 1267 3545 1321 τεθέν
3569 1282 3582 1295 ·
3629 1268 3660 1321 ὃ
3706 1271 3847 1323 εὐλο-

610 1368 744 1428 sint.
768 1381 832 1421 ea
862 1380 984 1436 quae
1015 1365 1287 1436 promissa
1319 1373 1471 1420 sunt.
1501 1364 1655 1431 Quod
1696 1364 1743 1419 si
1776 1364 1943 1419 etiam
1972 1365 2181 1434 quinau

2304 1363 2641 1433 γηθήσεται
2719 1362 3089 1432 αὐξανόμενον
3145 1361 3243 1414 καὶ
3292 1359 3690 1430 πληθυνόμενον
3736 1360 3848 1432 ὑπὲρ

610 1460 648 1513 ii
692 1459 824 1519 sint,
861 1458 1007 1513 scire
1040 1457 1251 1522 vultis;
1288 1472 1475 1511 nomen
1511 1456 1733 1527 quidem
1775 1455 1951 1526 ipsum
1978 1470 2089 1509 non
2120 1470 2177 1510 es

2306 1458 2490 1510 πᾶσαν
2544 1456 2871 1526 σωματικὴν
2911 1454 3189 1522 εὐλογίαν.
3240 1451 3768 1522 Ἆντευλογήσουσι
3808 1455 3849 1508 δὲ

610 1550 757 1621 quod
801 1550 995 1605 adhuc
1024 1550 1261 1603 nuntiari
1284 1549 1440 1604 vobis
1470 1548 1847 1618 exspectetis:
1897 1547 1994 1603 sed
2038 1563 2181 1603 ηοω

2306 1550 2402 1602 καὶ
2439 1550 2594 1602 αὐτοὶ
2622 1548 2715 1602 τὸν
2739 1548 2940 1610 αὐτοὺς
2983 1546 3137 1601 Θεὸν
3166 1544 3613 1615 εὐλογήσαντα,
3639 1545 3692 1596 ἐν
3715 1536 3754 1612 ᾧ
3778 1544 3851 1612 γέδ

613 1641 750 1695 satis
781 1638 963 1702 luerit,
1022 1637 1139 1691 fore
1195 1652 1393 1691 nomen
1425 1651 1639 1700 novum,
1675 1648 1778 1689 nec
1806 1633 1903 1687 ulli
1958 1648 2184 1703 unquan

2309 1658 2437 1709 γονε
2469 1641 2649 1708 πάντα
2675 1643 2876 1703 καινὰ,
2903 1639 3149 1709 λατρεία,
3191 1640 3287 1692 καὶ
3318 1636 3455 1707 ζωὴ,
3483 1637 3580 1689 καὶ
3608 1636 3848 1705 ὀνομασία.

613 1731 876 1794 inditum,
907 1701 994 1783 cui
1022 1737 1185 1783 aucto
1208 1738 1260 1783 et
1291 1727 1658 1797 multiplicato
1678 1724 2014 1780 benedicatur
2033 1701 2184 1793 suprt

2313 1701 2591 1802 'l‘sloﬁpsv
2620 1701 2731 1802 γὰρ
2764 1701 2914 1802 αὐτῷ
2942 1701 3043 1801 τὴν
3071 1701 3143 1783 ὲν
3161 1701 3436 1800 πνεύματί
3464 1747 3524 1782 τε
3554 1729 3645 1782 καὶ
3666 1701 3852 1799 ἀληθείᾳ

615 1822 919 1893 quamlibet
979 1818 1419 1875 benedictionem
1501 1830 1849 1886 corpoream.
1917 1814 2186 1884 lleponem

2312 1824 2708 1897 προσκύνησιν,
2746 1825 2843 1878 καὶ
2863 1824 3141 1895 λατρείαν,
3183 1824 3280 1876 καὶ
3321 1824 3379 1875 ὲν
3410 1820 3706 1888 καινότητι
3740 1819 3853 1890 ζωῆς

616 1929 748 1969 vero
775 1923 828 1968 et
862 1913 968 1984 ipsi
1012 1911 1118 1966 Deo
1169 1909 1600 1974 benedictionem,
1635 1923 1665 1963 a
1724 1923 1835 1977 quo
1884 1908 1989 1963 sibi
2039 1906 2187 1963 fuerit

2311 1918 2676 1986 εὐαγγελικῆς
2707 1919 2980 1987 πρόσιμεν
3010 1916 3087 1986 τῷ
3112 1915 3356 1987 Χριστῷ,
3386 1916 3487 1968 καὶ
3527 1915 3625 1985 τὴν
3664 1914 3749 1968 ἀπ’
3780 1915 3854 1968 αὑ-

615 2007 968 2063 benedictum
1000 2023 1017 2074 ;
1044 2006 1101 2059 in
1131 2019 1242 2075 quo
1280 2002 1423 2058 facta
1453 2010 1584 2059 sunt
1612 2019 1747 2057 nova
1769 2003 1977 2066 omnia,
1997 2003 2186 2056 cultus.

2308 2007 2404 2062 τοῦ
2434 2007 2651 2078 κλῆσιν,
2679 2006 2871 2078 ὥσπερ
2901 2007 3025 2061 τινὰ
3057 2007 3320 2074 στέφανον
3343 2004 3717 2075 ἀναδούμενοι,
3748 2004 3854 2075 Χρι-

616 2100 746 2162 vita,
778 2106 835 2152 et
891 2112 1114 2152 nomen.
1147 2096 1285 2149 Eum
1338 2109 1579 2164 namque
1633 2094 1832 2164 spiritu
1881 2102 1937 2148 et
1979 2093 2187 2148 veritatt

2314 2100 2523 2154 στιανοὶ
2574 2098 3011 2171 χρηματιζομεν.
3076 2099 3219 2152 Ἀνθ’
3272 2091 3348 2151 ὧν
3410 2097 3626 2165 καρπὸν
3670 2096 3853 2166 χειλέων

615 2194 928 2257 adoramus
966 2197 1020 2244 et
1051 2189 1327 2254 colimus;
1374 2186 1433 2241 in
1460 2188 1584 2241 vitte
1634 2201 1831 2241 rursus
1878 2185 2186 2255 evangelica

2310 2188 2405 2241 καὶ
2432 2187 2680 2259 γλώττης
2704 2188 2860 2257 αύτῷ
2896 2187 3347 2258 προσκομίζομεν
3369 2188 3478 2252 τὰς
3504 2186 3821 2254 δοξολοτίας
3841 2201 3853 2215 ·

614 2284 868 2346 novitate,
909 2282 977 2335 ad
1018 2279 1298 2334 Christum
1334 2276 1676 2341 accedimus,
1728 2283 1785 2330 et
1822 2275 1892 2329 ab
1920 2289 1986 2330 eo
2017 2273 2180 2330 Chris

2311 2280 2417 2335 κᾶν
2444 2283 2500 2352 εί
2522 2282 2733 2349 γένοιτό
2784 2299 2902 2343 πως
2937 2282 3174 2352 ἀνάγκη.
3200 2281 3301 2350 τῆς
3342 2279 3411 2333 δι’
3440 2279 3635 2347 ὅρκων
3663 2280 3856 2340 πίστεως

615 2378 753 2434 tianl
784 2374 1029 2432 nominis
1064 2371 1453 2444 appellatione,
1510 2368 1682 2423 veluti
1744 2382 1952 2423 corona
1983 2366 2186 2422 redimi

2310 2374 2475 2428 αὐτὸν
2496 2350 2922 2446 προϐαλλόμεθα
2960 2374 3102 2427 κατά
3141 2350 3223 2435 τὸ,
3258 2371 3469 2443 Κύριον
3506 2372 3598 2425 τὸν
3634 2371 3754 2425 Θεόν
3786 2389 3856 2425 σου

614 2485 773 2536 ιιιιιι·;
814 2469 870 2523 in
895 2481 1132 2538 quorum
1174 2465 1345 2519 vicem
1387 2461 1632 2517 fructum
1655 2460 1732 2515 illi
1764 2459 2060 2524 labiorum,
2098 2458 2185 2513 lin.

2314 2467 2739 2537 προσκυνήσεις.
2791 2464 2888 2520 καὶ
2932 2465 3084 2535 αὑτῷ
3138 2464 3288 2536 μόνῳ
3316 2463 3657 2536 λατρεύσεις,
3695 2464 3777 2517 καὶ
3802 2466 3858 2534 τῷ

615 2578 845 2636 guaeque
902 2561 1289 2617 benedictiones
1343 2557 1691 2630 reponimus.
1748 2554 1863 2610 lmo
1926 2556 1992 2610 ad
2043 2554 2186 2611 ﬁden

2312 2558 2540 2629 ὀνόματι
2568 2558 2734 2612 αὐτοῦ
2766 2558 2900 2629 ὁμῇ.
2944 2559 3102 2623 Τινὲς
3137 2559 3193 2613 δέ
3224 2575 3397 2628 φασιν
3443 2558 3527 2612 ὅτι
3556 2557 3734 2627 ὄνομα
3768 2572 3860 2610 καις

615 2653 806 2715 etiam,
842 2666 965 2721 quae
988 2650 1302 2720 juramento
1333 2646 1588 2711 elﬁcitur,
1637 2645 1684 2700 si
1730 2644 1976 2715 postulat
2012 2658 2186 2699 neces

2316 2653 2448 2715 νον,
2485 2651 2559 2714 ὡς
2589 2654 2700 2713 τοῖς
2730 2651 3102 2722 πατριάρχαις
3145 2651 3330 2714 αὐτοῖς
3368 2648 3783 2726 ἐπαγγέλλεται,
3808 2648 3863 2718 μὴ

616 2744 777 2806 sitas,
808 2742 1062 2798 eumdem
1102 2741 1473 2805 adhibemus;
1510 2738 1671 2808 juxta
1704 2738 1875 2808 quod,
1914 2735 2187 2791 Dominun

2320 2744 2657 2799 πεισθέντων
2698 2746 2778 2807 δὲ.
2823 2748 2941 2808 τοῖς
2985 2744 3163 2798 ἔθνεσι
3196 2745 3263 2797 τὸ
3304 2742 3528 2797 καινὸν
3569 2741 3862 2814 Χριστιανῶν

619 2836 788 2892 Deum
815 2844 1064 2890 nostrum
1089 2826 1363 2893 adorare,
1392 2845 1632 2901 eumque
1691 2844 1866 2884 unum
1898 2829 2101 2892 colere.
2149 2840 2190 2885 el

1280 2826 1363 2893 ιε.
1392 2845 1632 2901 eumque
1691 2844 1866 2884 unum
1898 2829 2101 2892 colere.
2149 2839 2205 2885 et
2327 2836 2613 2889 ἀπέδωκεν
2643 2836 2851 2906 ὄνομα.

618 2928 677 2983 in
710 2927 931 2982 nomine
960 2926 1138 2996 ipsius
1161 2925 1373 2994 jurare,
1420 2922 1670 2993 praecipit
1704 2920 1770 2974 ".
1806 2919 2008 2975 Putant
2052 2922 2218 2996 7“
2257 2928 2501 2981 nonnulli
2529 2929 2757 2982 nominis
2790 2927 3100 2991 novitatem,
3133 2943 3240 2996 qua
3301 2926 3526 2981 ratione
3586 2922 3866 2994 patriarcbis

620 3021 758 3093 ipsis
792 3022 1067 3091 promissa
1103 3026 1209 3083 est,
1256 3020 1365 3073 hoe
1404 3019 1527 3072 loco
1577 3016 1882 3087 signiﬁcari
1934 3034 1946 3069 :
1991 3018 2085 3072 sed
2131 3022 2255 3086 quia
2335 3038 2440 3075 nou
2513 3023 2888 3089 crediderunt,
2956 3023 3150 3076 recenti
3201 3020 3653 3078 ChriStianorum
3699 3020 3868 3074 nomine

620 3124 812 3189 gentes
846 3126 968 3166 esse
1000 3112 1322 3181 appellatas.

691 3204 922 3259 Notabis
956 3217 1124 3273 porro
1179 3204 1357 3257 locum
1388 3203 1555 3258 istum
1583 3218 1762 3273 usque
1800 3204 1890 3270 ad,
1920 3204 2024 3259 Deo
2057 3221 2202 3268 vero,
2234 3212 2262 3268 ί

2379 3206 2454 3258 Τὸ
2491 3204 2548 3257 ἑὲ
2583 3204 2765 3275 ῥητὸν,
2813 3203 2975 3274 μέχρι
3010 3201 3105 3257 τοῦ
3136 3218 3149 3234 ·
3184 3203 3340 3257 Θεὸν
3386 3203 3501 3258 τὸν
3528 3200 3866 3273 ξάληθινὸν,6

625 3298 698 3351 ita
725 3295 979 3366 Aquilam
1013 3293 1404 3364 interpretari:
1436 3293 1504 3348 Et
1533 3310 1711 3350 servos
1761 3298 1971 3351 vocabit
2002 3300 2196 3352 nomim

2321 3298 2420 3365 μὲν
2474 3296 2707 3358 Ἀκύλας
2748 3294 2920 3359 οὓτως
2960 3296 3300 3366 έρμήνευσεο
3341 3297 3452 3350 Καὶ
3494 3296 3620 3363 τοῖς
3666 3296 3864 3362 δούλοις

625 3389 757 3453 alio,
788 3403 891 3456 quo
919 3387 1008 3457 qui
1041 3396 1119 3441 est
1146 3385 1446 3441 benedictus
1468 3389 1522 3441 in
1548 3396 1716 3455 terra,
1734 3388 2067 3443 benedicetur
2086 3407 2196 3444 con-

2317 3388 2565 3443 καλέσει
2608 3389 2798 3456 ὄνομα
2843 3387 3072 3455 ἕτερον,
3097 3380 3147 3455 ᾦ
3173 3388 3594 3458 εὐλογημένος
3633 3388 3701 3443 ὲν
3721 3388 3787 3458 τῇ
3809 3387 3864 3458 γῇ

624 3478 898 3546 ﬁrmatus.
960 3476 1350 3546 Symmachum
1389 3486 1572 3531 autem
1627 3480 1711 3532 sic
1748 3495 1763 3531 :
1797 3478 1985 3534 Servos
2031 3490 2194 3535 auten

2317 3481 2795 3550 εὐλογηθήσεται
2856 3480 3332 3549 πεπιστωμένος.
3377 3481 3442 3535 '0
3487 3481 3549 3535 δι
3584 3480 3861 3551 Σύμμαχος·

530 3614 539 3621 .
624 3584 750 3622 suos
775 3567 1060 3636 appellabit
1089 3567 1299 3621 nomine
1321 3567 1452 3632 alio,
1478 3570 1533 3622 in
1561 3586 1663 3639 quo
1684 3572 1774 3640 qui
1807 3571 2101 3626 benedictus

2323 3574 2455 3640 τοῖς
2486 3574 2544 3625 δὲ
2579 3572 2828 3637 δούλοις
2855 3572 3048 3627 αὑτοῦ
3088 3572 3339 3625 καλέσει
3372 3569 3569 3641 ὄνομα
3594 3570 3863 3641 ἕτερον,ὲν

624 3659 681 3711 in
715 3666 879 3722 terra,
907 3657 1241 3711 benedicatur
1273 3660 1329 3711 in
1374 3657 1499 3714 Deo.
1532 3661 1719 3714 Amen.
1771 3661 1907 3716 Cum
1952 3663 1987 3715 ii
2029 3664 2193 3733 igitur

2317 3660 2366 3733 ᾧ
2394 3668 2425 3718 ό
2454 3664 2870 3733 εὐλογημένος
2896 3664 2995 3717 ἐπὶ
3045 3663 3153 3731 τῆς
3193 3662 3307 3733 γῆς
3331 3663 3798 3734 εὐλογηθήσεται
3818 3663 3865 3715 ἐι·

622 3750 717 3819 qui
762 3749 900 3803 falso
926 3749 1002 3804 dii
1053 3760 1470 3819 nuncupantur,
1502 3751 1722 3808 liberati
1787 3754 2014 3819 fuerint,
2051 3755 2193 3809 Denn

2317 3756 2398 3822 τῷ
2435 3756 2580 3821 Θεῷ.
2636 3756 2835 3825 Ἀμήν.
2881 3755 3318 3824 Ἀπαλλαγέντες
3356 3752 3454 3811 οὖν
3501 3758 3611 3811 τῶν
3640 3754 3866 3827 ψευδωνύ-

626 3856 803 3895 rerum
833 3841 919 3894 sui
942 3839 1250 3894 Salvaturis
1295 3855 1464 3910 opera
1500 3842 1735 3912 agnituri
1767 3852 1921 3908 sunt,
1960 3853 2015 3899 et
2049 3861 2197 3915 quen

2323 3866 2439 3917 μων
2473 3847 2635 3911 θεῶν,
2672 3848 2978 3915 γνώσονται
3005 3849 3159 3919 παρά
3185 3848 3277 3901 τοῦ
3305 3849 3570 3921 Σωτῆρος
3591 3848 3754 3903 αὐτῶν
3785 3846 3864 3901 τόν

625 3931 776 3985 misit
812 3929 1103 3984 Dominum
1127 3929 1315 3985 Jesum
1343 3929 1643 3987 Christum.
1679 3932 1834 4000 Quod
1861 3935 1953 3989 ubi
1975 3944 2196 4005 cont'ge

2318 3941 2615 4006 ἀληθινὸν
2648 3940 2820 4002 Θεὸν,
2864 3940 2960 3992 καὶ
2997 3939 3055 3992 ὃν
3091 3939 3416 3997 ἀπέστειλεν
3453 3941 3658 4012 Κύριον
3698 3936 3863 4008 Ἰησοῦν

624 4021 718 4086 rit,
764 4022 1140 4076 obliviscentur
1174 4023 1559 4092 tribulationis,
1625 4042 1790 4096 quam
1849 4028 2193 4094 patiebantur

2321 4031 2579 4101 Χριστόν.
2636 4025 2823 4101 Οὗπερ
2852 4030 3142 4100 γεγονότος
3165 4070 3179 4094 ,
3246 4031 3721 4099 ἐπιληθιὶσονται
3777 4026 3865 4092 τὴν

624 4128 752 4166 eum
790 4115 1073 4168 daemonas
1094 4117 1268 4170 malos
1296 4116 1577 4184 colerent;
1602 4118 1807 4188 quibus
1845 4127 2042 4189 praeter
2080 4123 2195 4174 alia:

2320 4123 2554 4189 θλίψιν,
2581 4122 2647 4191 ἣν
2681 4122 2953 4190 ὑπέμενον
2977 4123 3089 4185 τοῖς
3125 4124 3387 4192 πονηροῖς
3417 4122 3765 4193 λατρεύοντες
3783 4117 3867 4172 δαί-

628 4203 857 4268 hostias,
898 4219 1030 4260 suos
1059 4205 1223 4260 etiam
1253 4207 1456 4263 liberos
1502 4218 1744 4265 mactare
1784 4209 2123 4279 jubebantur
2144 4214 2189 4245 "

2324 4229 2503 4282 μοσιν,
2540 4211 2688 4265 θύειν
2725 4214 2819 4266 καὶ
2841 4212 2910 4265 τὰ
2933 4213 3103 4266 τέκνα
3145 4214 3282 4283 πρὸς
3308 4217 3431 4279 ταῖς
3470 4215 3658 4276 ἄλλαις
3697 4212 3866 4271 θυσίαις

625 4292 937 4348 Accedebat
996 4309 1162 4363 porro
1193 4306 1246 4349 et
1298 4295 1454 4362 illud,
1512 4297 1682 4366 quod,
1727 4308 1786 4353 ut
1842 4301 2193 4371 neglectorun

2322 4306 2761 4375 ἐπιταττόμενοι.
2790 4306 3007 4376 Προσῆν
3031 4308 3087 4361 δὲ
3115 4311 3209 4360 καὶ
3230 4308 3289 4361 τὸ
3314 4308 3707 4378 ἀναριθμήτοις
3732 4296 3864 4363 θύειν.

627 4385 865 4439 vitarent
924 4385 1183 4450 insidias,
1246 4388 1450 4457 quibus
1515 4389 1607 4444 Dei
1666 4391 1874 4470 auxilio
1921 4392 2198 4448 destitutos

2320 4399 2409 4453 διὰ
2442 4400 2543 4468 τὴν
2582 4402 2647 4454 ὲκ
2693 4399 2803 4451 τῶν
2835 4400 3199 4470 ἠμελημένων
3235 4401 3536 4470 ἐπιϐουλὴν
3588 4395 3866 4469 ἐνεργοῦσαν

624 4476 992 4539 exercebant,
1038 4477 1347 4534 innumeris
1400 4468 1780 4537 immolabant.
1843 4482 1964 4538 Non
2020 4486 2190 4540 desuu

2324 4489 2464 4543 κατά
2490 4489 2599 4542 τῶν
2630 4490 2839 4561 σκέπην
2865 4490 2965 4543 οὐκ
2998 4490 3235 4559 ἐχόντων
3266 4491 3366 4561 τὴν
3394 4491 3460 4543 ὲκ
3493 4468 3646 4543 Θεοῦ.
3676 4468 3808 4547 Τινὲς
3826 4481 3865 4534 δὲ

594 4583 601 4591 ’
625 4580 832 4631 tamen.
861 4568 955 4638 qui
979 4567 1261 4625 lsraelitas
1289 4587 1396 4625 non
1420 4586 1485 4627 ea
1511 4586 1773 4642 passuros
1797 4591 1922 4631 esse
1952 4578 2165 4646 ampliu:

2319 4583 2434 4642 τοῖς
2460 4581 2520 4644 ἐξ
2553 4581 2772 4651 Ἰσραὴλ
2800 4581 3057 4653 εἰρῆσθαί
3097 4600 3235 4650 φασι
3265 4582 3328 4635 τὸ
3360 4583 3563 4652 μηκέτι
3602 4575 3862 4635 πείσεσθαι,

624 4673 746 4730 quae
781 4673 906 4712 cum
949 4659 1286 4729 impietatem
1318 4661 1585 4729 colerent,
1627 4665 1928 4736 signiﬁcari
1984 4678 2174 4738 putent

2323 4675 2469 4743 ἆπερ
2519 4674 2847 4738 ἀσεϐοῦντες
2890 4675 3183 4745 ὑπέμενον.
3218 4673 3470 4744 Τοσαύτη
3515 4673 3571 4726 δὲ
3616 4665 3865 4743 ἡπρὸςτδ

624 4751 720 4811 sed
757 4765 1010 4821 magnam
1042 4752 1179 4807 adeo
1205 4751 1322 4807 fore
1347 4753 1401 4807 in
1433 4756 1632 4811 melius
1659 4759 2102 4823 conversionem,
2152 4776 2195 4815 ui

2327 4767 2571 4835 κρεῖττον
2595 4765 2752 4819 ἔσται
2800 4766 3097 4837 μεταϐολὴ,
3128 4766 3208 4828 ὡς
3237 4766 3333 4820 καὶ
3372 4766 3442 4821 τά
3475 4765 3705 4835 στοιχεῖα
3736 4773 3866 4831 μετα·

625 4840 895 4895 elemeuta
934 4841 1099 4895 etiam
1156 4843 1358 4896 mutari
1415 4843 1728 4901 videantur.
1756 4848 2036 4919 Appareut
2064 4851 2196 4905 enin

2324 4856 2620 4927 ϐεϐλῆσθαι
2649 4857 2851 4912 δοκεῖν.
2880 4859 3006 4921 Τοῖς
3046 4859 3157 4930 γὰρ
3186 4858 3440 4929 χαίρουσι
3491 4857 3661 4909 πάντα
3689 4848 3866 4923 φαιδρό-

628 4930 767 4986 laetis
802 4932 1121 5001 pulchriora
1168 4941 1225 4987 et
1259 4933 1525 4990 lucidiora
1570 4937 1778 5006 omnia,
1826 4940 1950 4994 aliis
1992 4942 2046 4996 in
2089 4947 2191 4999 cae!

2323 4963 2459 5015 τερα
2506 4948 2776 5015 φαίνεται,
2803 4952 2913 5003 τῶν
2942 4953 3000 5002 ὲν
3035 4966 3099 5003 συ
3132 4949 3152 4988 τ
3183 4950 3280 5002 καὶ
3323 4949 3381 5001 ὲν
3429 4948 3662 5017 σταθερᾷ
3690 4957 3863 5013 μεσημ-

628 5024 750 5079 Iuee
781 5026 945 5081 etiam
984 5026 1288 5082 meridiana
1344 5030 1781 5087 caecutieutihus.
1832 5032 1930 5089 Vel
1986 5036 2037 5090 id
2095 5038 2197 5091 idet

2324 5037 2455 5109 ϐρίᾳ
2479 5039 2961 5100 σκοτοδινιώντων.
2992 5042 3063 5093 Ἢ
3080 5041 3161 5094 ὅτι
3187 5040 3364 5103 ἄλλως
3393 5040 3560 5110 πρότε
3568 5055 3655 5109 ρον
3672 5033 3864 5105 ὁρῶντες

626 5117 781 5183 dicit,
806 5119 949 5187 quod
979 5134 1105 5174 cum
1136 5120 1274 5174 alias
1299 5130 1485 5184 antea,
1514 5121 1704 5176 cretum
1757 5124 1934 5193 ipsum
1990 5136 2197 5180 terram

2326 5130 2436 5182 τὸν
2476 5131 2764 5198 οὐρανὸν,
2801 5132 2899 5186 καὶ
2944 5132 3063 5199 τὴν
3102 5129 3242 5200 γῆν,
3299 5130 3556 5183 ἐσέϐοντο
3602 5126 3694 5196 τὴν
3726 5121 3864 5176 κτίσιν

625 5225 722 5276 que
754 5210 1123 5277 intuerentur,
1170 5222 1483 5268 creaturam
1518 5215 1707 5284 potius
1767 5232 1932 5286 quam
1983 5217 2196 5273 Creato‘

2325 5222 2479 5291 παρά
2508 5223 2600 5274 τὸν
2639 5223 2903 5277 κτίσαντα
2924 5241 2937 5255 ·
2967 5223 3063 5276 νῦν
3089 5224 3146 5277 δὲ
3192 5223 3372 5277 καινὰ
3404 5222 3581 5275 ταῦτα
3605 5216 3860 5289 βλέψονται.

627 5315 739 5355 rem
770 5302 1024 5358 colebant
1049 5303 1094 5336 "
1130 5323 1144 5360 :
1176 5320 1299 5375 quae
1338 5305 1454 5375 jam
1511 5323 1645 5363 nova
1667 5308 2032 5379 cortSpicient,
2088 5326 2194 5365 cun

2322 5313 2490 5384 ἡνίκα
2523 5314 2661 5368 Θεοῦ
2705 5315 3012 5384 γνώσονται
3054 5316 3541 5387 δημιουργήματα.
3572 5310 3662 5364 Διό
3705 5316 3859 5376 φησιν·

694 5458 742 5491 ’δ
773 5457 1028 5527 Βοιιι.νι,
1064 5461 1173 5526 15;
1221 5460 1414 5517 Matth.
1445 5480 1519 5531 tv,
1562 5465 1647 5519 10.
1727 5466 1771 5497 ⁸⁸
1828 5464 1971 5520 Psal.
2014 5480 2102 5530 cv,
2139 5465 2225 5518 57.

1160 5478 1173 5526 ;
1221 5460 1414 5517 Matth.
1445 5480 1519 5531 tv,
1562 5465 1647 5519 10.
1727 5466 1771 5497 ⁸⁸
1828 5464 1971 5520 Psal.
2014 5480 2102 5530 cv,
2139 5465 2225 5518 57.
2311 5467 2356 5497 ³⁵
2391 5467 2544 5520 Rom.
2577 5470 2731 5529 t,?.;‘i.

1959 5583 2191 5638 νΛΒΙᾹΞ
2238 5585 2644 5642 LECTIONES.

700 5670 719 5710 ί
760 5688 849 5739 rp.
878 5671 965 5727 ίσ.
994 5673 1229 5744 οὐρανῷ.
