3978 6416
182 300 305 365 ἓίὶτξῖὶ

1321 280 1465 338 (ΣΟΜ
1480 280 1530 337 .\I
1544 278 1728 337 ENTA
1743 278 1853 335 ΒΗ
1903 266 1983 337 IN
2020 278 2302 337 ISAIAM.

3304 277 3447 341 26M

179 409 361 465 Οὒκέτι
404 395 817 472 μεμνήσονται
844 393 960 447 τῶν
995 390 1321 459 προτέρων,
1355 388 1453 451 τὰς
1483 388 1661 451 δόξεις,
1690 387 1754 448 ἂς

1864 387 1955 440 Dei
1989 404 2151 456 opera
2212 395 2531 458 agnoseen',
2569 402 2673 455 qua
2729 386 2794 439 de
2849 402 3012 440 causa
3068 390 3308 455 priorum
3344 408 3447 445 non

181 499 332 570 εἶχον,
356 471 427 556 ὡς
457 490 586 561 περὶ
624 487 763 542 θεῶν
804 471 1224 543 ἀποϐάλλοντες.
1268 481 1638 545 Ἀῖηλλίαμίι
1666 479 1747 540 δὲ,

182 569 354 661 φησιν,
374 583 748 653 εὑρήσουσιν
771 577 840 630 ὲν
855 574 1031 641 αὐτῇ,
1052 572 1245 639 enim?
1255 571 1288 639 ἡ
1315 569 1387 638 τῇ
1409 570 1520 637 νέᾳ·
1541 569 1759 637 Ἰερου·

180 660 392 745 eam”,
446 669 765 740 Ἐκκλησία,
803 668 936 736 περὶ
972 663 1041 737 ἧς
1072 663 1356 733 ἐπιφέρει·
1398 662 1527 714 αὐτὸ
1556 661 1665 731 γὰρ
1696 660 1756 712 τὸ

181 769 527 843 (nautam,
564 762 660 817 καὶ
704 763 737 832 ἡ
783 758 1001 828 καθαρὰ
1034 755 1323 809 θεοσέϐεια
1381 755 1532 807 ἔσται
1570 755 1755 817 αὐτοῖς

193 856 596 932 Ἰερουσαλήμ.
627 857 697 908 Ἦ
723 856 804 907 ὅτι
847 851 1141 921 Ἐμαυτοῦ
1170 850 1559 918 εὐφροσύνην
1589 847 1756 915 θήσω

180 956 285 1019 τὴν
326 946 745 1017 Ἰερουσαλὴμ,
787 942 1281 1015 ὲνευςρραινὸμενος
1321 940 1400 1003 τῷ
1433 940 1580 1005 λαῷ,
1610 933 1659 1007 ᾧ
1688 938 1755 991 τὸ

180 1045 379 1099 καινίν
406 1042 594 1109 ὄνομα
626 1036 1110 1107 κατεπήγγελμαι.

241 1298 476 1354 Τοιαῦτα
495 1298 607 1368 γὰρ
632 1295 834 1367 πράξει
860 1293 1120 1363 τούτωνή
1152 1290 1419 1354 πολιτεία,
1445 1291 1525 1357 ὡς
1541 1289 1753 1358 μηκέτι

181 1393 411 1462 λῬάξεις
460 1392 531 1443 ἐν
591 1387 798 1455 αὐτοῖς
849 1387 1179 1441 ἀκούεσθαι
1247 1379 1560 1453 κλαυθμοῦ
1658 1383 1757 1437 καὶ

181 1482 431 1553 κραυγῆς
485 1482 663 1546 ἀξίας.
714 1481 800 1543 Ὠς
847 1482 912 1532 ἐκ
948 1477 1202 1547 διαϐολῆς
1234 1477 1290 1529 δὲ
1336 1476 1435 1546 τῆς
1484 1475 1753 1546 αἰσθητῆς

191 1562 572 1645 Ἰερουσαλὴμ
618 1572 834 1640 ὑφαίνει
875 1570 966 1623 τὸν
1023 1570 1203 1637 λόγον,
1247 1564 1315 1641 ἦς
1363 1570 1412 1621 oi
1456 1567 1754 1639 ἡγούμενοι

185 1666 309 1737 μετὰ
336 1663 523 1733 δώρων
554 1660 832 1730 κρίνοντες
862 1657 1078 1723 ,άθώων
1109 1657 1567 1729 κατεψηφίζοντο,
1604 1656 1756 1726 μετὰ

183 1756 435 1827 κραυγῆς
460 1755 661 1817 αὐτοὺς
687 1753 907 1823 θρηνεῖν
936 1752 1363 1819 ἀναγκάζοντες,
1396 1751 1526 1823 περὶ
1560 1745 1628 1821 ἦς
1662 1748 1758 1802 Ὶε-
1788 1743 1830 1800 Β

185 1849 365 1921 ρεμίαᾷ
386 1848 553 1918 φησίν
572 1863 585 1875 ·
624 1865 642 1898 ι
672 1844 744 1897 Ὦ
769 1845 923 1909 πόλις
945 1844 1170 1917 ψευδὴς,
1193 1845 1288 1916 ὅλη
1318 1844 1752 1898 καταδυναστεία

186 1947 235 1994 ὲν
262 1942 414 2011 αὐτῇ,
454 1959 472 1991 ι
508 1939 605 1993 καὶ
633 1938 702 1992 τὰ
733 1940 997 2008 ἑπόμενα,
1030 1938 1140 1992 Καὶ
1182 1937 1343 2002 ἄλλος
1371 1937 1428 1990 δέ
1456 1954 1590 2006 φησι
1618 1952 1755 2005 προ-

186 2034 368 2102 φήτηςο
393 2050 412 2083 ι
450 2029 828 2094 Ἐκονδύλιζον
845 2031 929 2092 εἰς
959 2030 1202 2097 κεφαλὰς
1227 2027 1481 2099 πτωχῶν,
1506 2028 1603 2081 καὶ
1634 2027 1754 2081 ὁδὸν

185 2124 437 2176 ταπεινῶν
463 2122 770 2188 ἐξέκλιναν.
810 2139 828 2172 ι
875 2121 937 2173 Ἡ
962 2120 1016 2173 δὲ
1037 2119 1279 2191 Χριστοῦ
1310 2117 1610 2188 Ἐκκλησία
1626 2116 1754 2195 τοῦ·

186 2229 281 2264 των
306 2210 678 2283 ἀπήλλακται,
707 2213 764 2264 ὲν
866 2213 979 2264 οὐκ
1015 2209 1187 2264 ἔσται
1220 2208 1431 2277 ἄωρος,
1467 2207 1567 2263 καὶ
1613 2221 1757 2276 πρε-

187 2305 414 2370 σόύτης,
467 2302 540 2370 ὃς
590 2305 702 2358 οὐκ
750 2302 1053 2373 ἐμπλήσει
1108 2301 1217 2355 τὸν
1271 2303 1501 2370 χρόνον
1544 2300 1755 2355 αὐτοῦ.

188 2398 395 2465 ’Λωρον
426 2396 538 2466 μὲν
570 2397 661 2450 τὸν
692 2396 751 2463 ἐξ
787 2395 958 2449 ὲθνῶν
985 2395 1135 2463 λέγει
1177 2394 1329 2459 λαὸν,
1360 2393 1489 2465 περὶ
1531 2388 1592 2448 οῦ
1622 2410 1757 2464 φησι

184 2484 263 2536 καὶ
285 2484 441 2537 Δαϐίδ
476 2500 490 2512 ·
532 2503 551 2536 ι
601 2486 659 2536 '0
691 2484 820 2546 λαὸς
856 2485 885 2537 ὁ
932 2483 1251 2553 κτιζομενος
1282 2483 1487 2536 αἰνέσει
1515 2483 1605 2536 τὸν
1644 2482 1757 2536 Κύ-

186 2592 302 2643 ριον.
348 2595 365 2626 ι
419 2571 526 2638 Οἷς
558 2575 653 2629 καὶ
704 2574 917 2638 Παῦλός
955 2576 980 2615 8
1014 2590 1210 2645 φησιν·
1259 2574 1346 2637 Ὠς
1391 2574 1758 2644 ἀρτιγέννητα

186 2668 341 2740 βρέφη
386 2668 446 2722 τὸ
510 2666 732 2736 λογικὸν
793 2667 891 2720 καὶ
938 2668 1122 2722 ἄδολον
1168 2667 1310 2734 γάλα
1357 2665 1756 2737 ἐπιποθήσατε.

184 2761 525 2828 Πρεσϐύτην
558 2760 636 2824 δὲ,
659 2758 749 2812 τὸν
774 2760 837 2811 ὲκ
856 2756 1178 2830 περιτομῆς,
1207 2758 1279 2822 ὡς
1306 2758 1382 2827 τῷ
1403 2760 1601 2828 χρόνῳ
1621 2758 1760 2811 κατὰ

183 2852 266 2921 τὴν
306 2851 644 2921 Ἐκκλησίαν
669 2849 1063 2921 πρεσϐύτερον,
1096 2852 1154 2901 ἐν
1194 2844 1357 2922 ᾖοὺκ
1401 2849 1555 2902 ἔσται
1596 2851 1761 2918 φησιν

183 2942 439 3014 οὐδετέρου
501 2942 758 3011 διαφορά.
792 2942 998 3004 Πάντες
1041 2943 1151 3012 γὰρ
1189 2940 1404 2995 ἔσονται
1434 2942 1654 3008 τέλειοι,
1682 2944 1762 3005 είς

187 3036 361 3105 μέτρον
399 3034 633 3106 ἡλικίας
676 3032 1061 3097 ἀναϐαίνοντες
1110 3032 1204 3087 τοῦ
1259 3031 1627 3104 πληρώματος
1667 3033 1760 3086 τοῦ

183 3127 419 3199 Χριστοῦ.
443 3126 631 3179 ’Τοῦτο
653 3126 763 3197 γὰρ
780 3126 807 3179 ὁ
828 3125 1119 3188 ὲκατοστὸς
1146 3125 1478 3209 παρίστησιν
1501 3124 1758 3197 ἀριθμδξ,
1787 3108 1831 3166 c

184 3221 261 3274 ὅτε
287 3221 377 3274 καὶ
411 3224 442 3292 ὴ
485 3219 625 3274 κατὰ
654 3219 820 3288 νόμον
848 3217 1133 3281 τελείωσις
1188 3218 1448 3289 ἀνόνητος
1477 3216 1630 3270 ἔσται
1652 3221 1763 3283 τοῖς

185 3312 400 3381 ἔχουσιν,
434 3314 499 3364 ει
553 3310 628 3381 μὴ
668 3310 892 3381 Χριστῷ
927 3309 1300 3380 προσέλθωσιν
1356 3310 1446 3364 διὰ
1504 3310 1762 3377 πίστεως,

186 3405 236 3456 ὲν
321 3405 719 3475 βαπτισθέντες
759 3404 883 3465 τοὺς
914 3404 980 3456 ἐκ
1023 3403 1121 3473 τῆς
1151 3401 1432 3473 ἁμαρτίας
1476 3401 1767 3472 ἀποτριϐο-

189 3494 313 3562 μεθα
369 3493 719 3566 μολυσμούς.
749 3492 959 3546 Οὐκοῦν
996 3493 1099 3546 κᾶν
1149 3492 1203 3545 εἴ
1240 3510 1325 3556 τις
1368 3492 1587 3545 ἑκατὸν
1616 3490 1768 3545 ἐτῶν

187 3583 426 3655 ὑπάρχων
446 3583 560 3656 -τὴν
585 3586 642 3637 ἐν
667 3584 817 3653 νόμῳ
845 3581 1027 3635 λαϐὼν
1054 3582 1395 3652 τελειότητα,
1432 3584 1526 3636 καὶ
1555 3586 1765 3637 τελευ-

185 3675 413 3741 τήσειεν
472 3676 842 3745 ἁμαρτωλὸς,
867 3675 967 3746 τὴν
1012 3678 1070 3729 ὲν
1105 3674 1329 3745 Χριστῷ
1369 3675 1445 3745 μὴ
1480 3673 1765 3744 προσηκά-

190 3784 332 3836 μενος
366 3770 584 3831 πίστιν,
615 3769 787 3822 ἔσται
824 3764 1279 3834 ἐπικατιὶρατος,
1309 3768 1431 3828 ταῖς
1464 3764 1557 3816 τοῦ
1597 3764 1764 3834 νόμου

188 3858 565 3929 παραϐάσεσιν
608 3859 789 3929 ἔνοχος
818 3857 915 3920 ὢν,
958 3859 1017 3909 ὲν
1054 3851 1097 3925 ᾧ
1128 3856 1317 3927 μηδεὶς
1355 3855 1606 3908 τοσοῦτον
1636 3871 1766 3908 κατ·

189 3947 451 4021 ὤρθωσεν,
508 3951 584 4015 ὡς
635 3952 740 4005 ὑπὸ
783 3951 1098 4021 παράϐασιν
1140 3950 1214 4020 μὴ
1260 3952 1469 4003 πεσεῖν.
1502 3966 1519 4000 ι
1556 3949 1768 4012 Πάντες

186 4043 307 4113 γὰρ,
328 4046 526 4114 φησὶν,
552 4045 821 4114 ἥμαρτον,
848 4044 942 4096 καὶ
968 4041 1324 4111 ὑστεροῦνται
1354 4041 1451 4112 τῆς
1483 4039 1641 4110 δόξης
1672 4038 1765 4093 τοῦ

194 4135 338 4199 θεοῦ,
359 4133 733 4202 δικαιούμενοι
756 4134 1046 4206 δωρεὰντῇ
1072 4133 1238 4188 αὑτοῦ
1257 4134 1461 4205 χάριτι.
1492 4151 1510 4184 ι
1534 4132 1769 4203 Τοιγαρ-

195 4225 279 4277 οῦν
307 4228 363 4279 ἐν
406 4227 485 4297 τῷ
529 4226 681 4298 νόμῳ
713 4226 921 4289 Παῦλος
962 4224 1294 4299 τελειωθεὶς,
1330 4224 1577 4279 σκύϐαλα
1624 4225 1766 4295 ἡγή-

199 4333 319 4372 σατο
354 4321 425 4373 τὰ
466 4321 525 4372 ὲν
554 4319 723 4390 νόμῳ,
754 4319 841 4372 ἵνα
878 4320 1113 4390 Χριστὸν
1142 4319 1399 4390 κερδάνῃ,
1428 4318 1521 4371 καὶ
1561 4316 1764 4388 εὗρεθῇ

1854 496 1966 532 egre
1988 480 2360 534 reret-(laturos
2388 479 2616 547 amplius
2643 479 2883 548 adjecit;
2938 488 2996 532 ut
3028 498 3166 546 quas
3214 485 3280 535 de
3313 485 3444 541 illis.

1857 580 2118 639 tanquam
2156 571 2262 623 iliis
2298 571 2594 631 habebant.
2642 572 2935 639 opiniones
2975 573 3299 625 ah‘ieerent.
3334 573 3441 625 Λιι-

1853 658 1986 727 jet-it
2047 660 2211 711 etiam
2249 657 2629 710 exultationem
2660 674 2773 710 esse
2820 660 2874 710 in
2931 674 2991 710 ea
3030 661 3359 720 inventurus,
3392 668 3449 711 ut

1857 760 2114 820 regentem
2145 750 2468 812 Jerusalem,
2515 752 2564 804 id
2595 760 2703 811 est,
2737 750 3060 808 Eccl-siam,
3086 752 3444 819 signiﬁcaret;

1857 844 1925 897 de
1958 859 2062 912 qua
2128 844 2462 912 intelligens,
2498 843 2672 912 ipsam
2728 843 2832 895 illis
2870 844 3301 906 c.1‘s‘tltatt'oni‘m,
3339 853 3446 912 pn—

1858 947 2093 1001 rumque
2120 935 2327 987 cultum
2371 932 2672 986 Jerusalem
2732 932 2846 985 l‘ore
2876 933 3229 999 signiﬁcavit.
3277 932 3364 984 l’el
3393 948 3448 985 se

1857 1023 2130 1093 [acturum
2185 1024 2421 1077 laztitiam
2478 1040 2631 1076 suam
2680 1022 2981 1075 Jerusalem
3045 1023 3298 1089 allii-mat,
3334 1008 3446 1091 qui

1855 1116 2048 1184 populo
2070 1116 2394 1176 delectetur,
2427 1114 2514 1168 cui
2557 1113 2716 1184 745
2751 1130 2927 1166 recens
2961 1129 3146 1164 uotnett
3180 1128 3208 1165 a
3234 1128 3293 1166 se
3330 1129 3449 1182 pro-

1860 1211 2093 1263 missum
2126 1207 2218 1261 sit.

1933 1301 2172 1356 Tantum
2198 1298 2344 1354 enim
2376 1298 2698 1351 elI‘ecturam
2740 1298 2970 1352 istorum
3001 1300 3124 1351 vita:
3148 1299 3442 1355 rationem.

1859 1404 1915 1446 ut
1947 1393 2110 1447 nulla:
2142 1391 2375 1462 amplius
2407 1391 2461 1444 in
2492 1391 2568 1444 eis
2604 1391 2759 1459 ﬂetus
2820 1399 2867 1442 et
2897 1389 3143 1442 clatttoris
3200 1389 3447 1442 actiones

1819 1508 1823 1512 '
1860 1486 2177 1540 audiantur.
2205 1483 2491 1553 Tanquam
2510 1498 2644 1535 vero
2667 1481 2974 1550 subjectum
3000 1481 3258 1535 sensibus
3287 1479 3447 1534 Jeru-

1858 1576 2027 1630 salem
2065 1580 2308 1637 accuset,
2343 1586 2658 1627 sermonem
2696 1570 3097 1632 acconnnodat,
3120 1574 3175 1622 in
3212 1585 3317 1639 qua
3342 1570 3441 1639 qui

1854 1667 1967 1738 juri
2028 1666 2269 1721 dicundo
2311 1664 2776 1735 praeﬁciebantur,
2831 1663 3156 1717 muneribus
3196 1662 3444 1730 corrupti

1859 1761 2183 1814 innocentes
2219 1755 2685 1816 conden‘tnabant,
2739 1756 2807 1808 ad
2841 1757 3024 1825 fletum
3053 1767 3102 1809 et
3157 1755 3444 1809 clamorem

1857 1853 2139 1922 adigentes
2165 1868 2180 1915 ;
2214 1849 2283 1904 de
2311 1863 2417 1919 qua
2444 1855 2572 1904 sunt
2602 1855 2655 1900 et
2683 1847 2786 1900 ista
2826 1845 3076 1901 Jeremize
3106 1862 3119 1899 :
3151 1845 3195 1901 Ο
3245 1849 3444 1902 civitas

1858 1943 2115 2005 mendax,
2140 1941 2288 1994 nulla
2330 1954 2436 1992 non
2473 1937 2765 2006 oppressio
2799 1939 2854 1990 in
2897 1952 2957 1989 ea
2984 1938 3052 1999 ’7,
3085 1956 3103 1985 ι
3138 1947 3447 2007 ctetcraque

1857 2032 2141 2100 deinceps.
2200 2030 2269 2084 Et
2325 2028 2591 2098 propheta
2625 2028 2805 2083 alius:
2838 2047 2855 2078 ι
2919 2026 3209 2083 Feriehant
3267 2032 3446 2099 capita

1858 2139 2185 2197 pauperum,
2204 2132 2258 2179 et
2274 2123 2415 2176 viam
2438 2121 2727 2175 humilium
2746 2118 3093 2175 declinabant
3113 2122 3176 2171 ’³.
3194 2141 3213 2173 ι
3235 2122 3301 2176 At
3326 2124 3448 2177 istis

1859 2218 2064 2272 Christi
2100 2216 2334 2271 liberata
2370 2225 2453 2268 est
2483 2212 2774 2269 Ecclesia:
2823 2212 2876 2266 in
2910 2227 3016 2282 qua
3070 2229 3173 2265 non
3202 2213 3451 2265 immatu-

1859 2326 2004 2372 rum,
2063 2325 2167 2363 non
2221 2322 2419 2369 senem,
2454 2305 2546 2375 qui
2604 2315 2805 2373 tempus
2841 2321 2994 2359 suum
3049 2322 3151 2358 non
3204 2307 3442 2372 imp'cat,

1857 2397 2102 2467 futurum
2140 2397 2237 2450 ait.
2265 2393 2387 2460 Quo
2423 2394 2565 2455 loco,
2594 2393 2872 2447 immaturi
2907 2394 3151 2456 nomine,
3201 2397 3444 2463 gentium

1860 2488 2120 2558 populum
2157 2485 2454 2554 intelligit;
2481 2496 2540 2537 ut
2567 2491 2622 2538 et
2663 2482 2831 2537 David
2863 2485 3122 2553 populum
3163 2486 3254 2554 qui
3289 2500 3448 2539 crea-

1858 2587 1951 2631 tur
1973 2618 1987 2640 ,
2019 2576 2364 2631 laudaturum
2402 2573 2697 2627 Dominum
2743 2572 2970 2626 allirnvat
3001 2573 3044 2604 "
3070 2613 3085 2627 .
3142 2574 3205 2626 Et
3255 2572 3448 2627 Petrus

1859 2672 2049 2738 etiam,
2085 2668 2178 2723 ubi
2211 2670 2356 2723 sicut
2387 2667 2548 2721 modo
2604 2666 2821 2736 genitos
2852 2665 3091 2720 infantes
3123 2668 3450 2720 rationabile

1862 2762 1967 2825 lac,
1999 2772 2055 2817 et
2085 2762 2208 2816 sine
2240 2761 2369 2815 dolo
2394 2759 2795 2829 concupiscere
2846 2760 3092 2828 prtecipil.
3124 2759 3188 2812 ³ο.
3239 2758 3450 2814 Intelli-

1864 2855 1945 2926 git
1984 2869 2151 2925 porro
2205 2853 2346 2907 senis
2369 2852 2762 2923 appellatione,
2793 2848 3067 2912 Judaeum,
3099 2852 3266 2903 relati
3320 2862 3451 2903 tem-

1863 2964 1993 3017 pore
2022 2946 2389 3017 superiorem,
2440 2945 2628 2998 habita
2658 2944 2725 2998 ad
2761 2942 3061 2996 Ecclesium
3111 2945 3348 3004 ratione,
3394 2946 3449 2998 in

1864 3054 1971 3110 qua
2028 3038 2281 3093 neutrius
2336 3036 2633 3091 discrimen
2689 3035 2910 3105 aliquod
2973 3036 3089 3088 fore
3157 3035 3450 3105 signiﬁcat.

1866 3130 2043 3186 Erunt
2080 3130 2226 3185 enim
2282 3127 2513 3200 perfecti
2554 3142 2768 3187 omnes,
2805 3126 2870 3179 ad
2926 3141 3239 3182 mensuram
3272 3130 3454 3182 aetatis

1867 3225 2229 3296 plenitudinis
2258 3223 2460 3278 Christi
2505 3222 2745 3293 provecti
2770 3221 2836 3280 ³¹,
2900 3222 3135 3289 illipsum
3179 3225 3451 3292 siquidem

1869 3324 2099 3385 uterque
2134 3312 2410 3383 signiﬁcat
2445 3325 2750 3373 numerus;
2781 3324 2891 3378 quo
2932 3318 3177 3378 tempore
3224 3319 3278 3363 et
3331 3310 3454 3378 ipsa

1868 3406 2174 3461 secundum
2204 3406 2381 3475 legem
2404 3403 2669 3473 perfectio
2692 3402 3108 3472 possessoribus
3129 3402 3247 3455 suis
3272 3403 3454 3455 latura

1867 3501 1954 3549 cst
1988 3492 2220 3557 inutilis,
2242 3492 2287 3545 si
2319 3508 2427 3545 non
2455 3492 2521 3544 ad
2546 3490 2825 3546 Christum
2855 3506 2948 3559 per
2978 3490 3139 3544 (idem
3164 3491 3455 3554 accedant;

1867 3592 1921 3647 in
1960 3606 2070 3662 qua
2100 3591 2387 3661 baptizati,
2428 3589 2621 3643 sordes
2645 3605 2762 3651 eas,
2818 3590 3021 3659 quibus
3079 3591 3456 3660 inquinamur.

1866 3681 2127 3736 aluimus.
2161 3679 2216 3735 Si
2252 3680 2375 3749 quis
2408 3679 2576 3749 igitur
2597 3690 2803 3731 centum
2856 3696 3119 3731 annorum
3165 3678 3458 3747 perfectio-

1866 3790 1992 3829 nem
2027 3775 2161 3844 legis
2189 3772 2447 3841 atleptus,
2474 3780 2722 3834 peccator
2759 3770 2924 3823 etiam
2975 3772 3239 3822 moriatur
3266 3771 3370 3825 llde
3402 3771 3455 3825 in

1867 3865 2152 3922 Christum
2208 3865 2550 3929 destiturus;
2603 3861 2704 3915 erit
2759 3859 3095 3920 maledictum
3169 3862 3262 3932 qui
3322 3862 3459 3931 legis

1870 3955 2413 4027 transgressionibns
2446 3953 2858 4021 obstringatur;
2893 3952 2947 4006 in
3004 3967 3111 4021 qua
3133 3968 3307 4007 meum
3347 3961 3458 4007 tam

1870 4055 2096 4104 strenue
2121 4060 2362 4116 unquam
2397 4045 2608 4099 versari
2645 4044 2838 4112 potuit.
2876 4052 2933 4096 ut
2962 4043 3014 4097 in
3058 4059 3177 4095 eam
3208 4057 3315 4097 non
3353 4044 3459 4096 im-

1869 4139 2143 4209 pingeret.
2186 4156 2204 4189 ι
2237 4135 2443 4191 Omnes
2482 4135 2653 4199 enim,
2697 4134 2889 4189 scribit
2926 4134 3245 4202 Apostolus,
3273 4148 3461 4202 pecea-

1870 4239 2092 4296 verunt,
2133 4240 2186 4285 et
2220 4238 2385 4299 egent
2420 4228 2599 4299 gloria
2645 4227 2759 4290 Dei,
2816 4215 3102 4295 instituenti
3142 4228 3315 4295 gratis
3362 4242 3461 4296 per

1871 4323 2101 4395 gratiam
2152 4322 2326 4392 ipsius
2374 4321 2438 4374 ³¹.
2485 4339 2504 4371 ι
2548 4319 2788 4388 Indeque
2840 4318 3045 4373 factum
3087 4328 3192 4384 est,
3232 4329 3290 4374 ut
3325 4322 3371 4376 is
3404 4321 3460 4375 in

196 4411 248 4461 ἐν
271 4411 419 4483 αὐτῷ
452 4413 530 4483 μὴ
554 4411 694 4483 ἔχων
725 4411 817 4481 τὴν
846 4412 1039 4466 ἑαυτοῦ
1070 4410 1437 4481 δικαιοσύνην,
1468 4410 1610 4463 τοῦτ’
1651 4409 1765 4462 ἔστι

1874 4416 1994 4486 lege
2026 4415 2330 4486 perfectus,
2354 4427 2441 4478 ea,
2468 4427 2591 4481 qua:
2614 4412 2673 4465 in
2705 4412 2819 4481 lege
2849 4419 3055 4476 essent,
3083 4420 3326 4466 stercora
3356 4428 3460 4480 pu-

194 4502 285 4572 τὴν
317 4506 375 4557 ὲν
410 4504 752 4576 νόμῳ,.ἁλλὰ
778 4505 879 4577 τὴν
908 4505 997 4557 διὰ
1029 4505 1263 4566 πίστεως
1302 4503 1479 4576 Ἰησοῦ
1509 4503 1768 4574 Χριστοῦ.

196 4594 299 4647 Καὶ
327 4595 456 4660 τοὺς
498 4594 787 4659 Ἰουδαίους
821 4596 1173 4666 μεμφόμενος
1208 4595 1396 4663 λέγει’
1429 4612 1448 4646 ι
1492 4594 1774 4663 Ἀγνοοῦν-

195 4701 281 4747 τες
324 4687 435 4756 γὰρ
489 4686 589 4758 τὴν
628 4687 724 4740 τοῦ
763 4686 898 4739 Θεοῦ
949 4686 1323 4758 δικαιοσύνην,
1361 4685 1456 4740 καὶ
1500 4686 1601 4755 τὴν
1638 4685 1776 4739 ἰδίαν

198 4773 513 4848 βουλόμενοι
556 4778 773 4848 στῆσαι,
804 4780 871 4849 τῇ
909 4777 1225 4853 δικαιοσύνῃ
1268 4777 1360 4831 τοῦ
1391 4777 1526 4831 Θεοῦ
1556 4776 1655 4848 οὐχ
1676 4777 1778 4830 ῦπ-

196 4869 491 4939 ετὰγησαν.
520 4871 685 4933 Τέλος
714 4872 823 4941 γὰρ
853 4872 1021 4941 νόμου
1054 4872 1291 4942 Χριστὸς
1324 4872 1403 4934 εἰς
1433 4870 1778 4938 δικαιοσύνην

198 4962 357 5016 παντὶ
400 4963 481 5033 τῷ
528 4963 861 5018 πιστεύοντι.
901 4982 919 5012 ι
965 4963 1078 5017 Καὶ
1127 4962 1328 5016 πάλιν’
1379 4980 1398 5014 ι
1448 4962 1660 5022 Εἱδὸτες
1697 4962 1775 5025 δὲ,

198 5053 277 5105 ὅτι
313 5056 376 5107 οὐ
408 5055 714 5108 δικαιοῦται
748 5054 1033 5126 ἄνθρωπος
1061 5052 1122 5119 ἐξ
1148 5054 1327 5126 ἔργων
1354 5055 1544 5125 νόμου,
1577 5052 1672 5105 ἐὰν
1704 5052 1777 5123 μὴ

196 5143 283 5198 διὰ
326 5147 562 5211 πίστεως
609 5147 781 5218 Ἰησοῦ
809 5145 1071 5218 Χριστοῦ,
1103 5146 1197 5198 καὶ
1239 5148 1398 5215 ἡμεῖς
1444 5149 1523 5207 εἰς
1545 5143 1778 5214 Χριστὸν

200 5240 669 5312 πεπιστεύκαμεν.
708 5260 727 5293 ι
760 5241 849 5293 Διὸ
894 5238 1120 5307 κατάρα
1166 5238 1399 5310 Χριστὸς
1433 5236 1628 5307 ἐλέχθη
1675 5235 1777 5305 τῆς

199 5326 289 5381 τοῦ
322 5330 494 5399 νόμου
522 5330 785 5398 κατάρας
814 5331 1095 5404 ῥυόμενος,
1128 5332 1185 5383 ὲν
1216 5324 1260 5399 ᾧ
1287 5331 1403 5383 ἐστι
1447 5331 1526 5391 τὸ,
1560 5348 1579 5381 ι
1622 5328 1772 5383 Ἐπι-

273 5440 318 5469 ¹⁷
345 5438 550 5495 Jeretn.
603 5459 717 5505 χιιι,
756 5444 843 5496 Η.
921 5443 967 5475 ⁸⁸
998 5441 1165 5498 Amos
1196 5460 1247 5505 ν,
1284 5443 1370 5498 Η.

1450 5443 1495 5473 ⁸ο
1521 5441 1667 5495 Psal.
1694 5458 1769 5504 Cl,
1802 5444 1891 5511 l9,
1969 5446 2013 5477 ³ο
2044 5446 2061 5498 1
2090 5444 2240 5500 Petr.
2273 5460 2334 5511 ιι,
2357 5444 2417 5499 2.

1870 4517 2033 4573 taret,
2079 4515 2137 4560 ut
2166 4506 2445 4574 Christum
2477 4505 2847 4570 lucrifaceret,
2894 4513 2945 4558 et
2974 4519 3080 4559 non
3125 4505 3464 4559 inveniretur

1872 4615 2028 4656 suam
2065 4599 2117 4654 id
2153 4607 2261 4661 est.
2298 4598 2550 4669 legalem,
2585 4598 2794 4653 habens
2817 4597 3128 4664 justitiam;
3165 4597 3258 4651 sed
3288 4597 3459 4663 illam,

1874 4708 1997 4763 qua:
2033 4707 2096 4747 et
2124 4691 2230 4746 ﬁde
2269 4703 2377 4754 est,
2414 4706 2510 4761 per
2535 4689 2723 4746 Jesum
2778 4690 3057 4745 Christum
3103 4691 3149 4723 ³³
3179 4730 3193 4745 .
3221 4690 3463 4745 Accusat

1876 4801 2008 4840 vero
2036 4794 2089 4839 et
2115 4783 2339 4840 Judteos
2374 4784 2463 4838 his
2492 4783 2707 4837 verbis:
2752 4802 2770 4835 ι
2821 4781 3147 4853 lgnorantes
3201 4782 3346 4835 enim
3371 4780 3465 4848 ju-

1878 4878 2083 4937 Stitiam
2116 4877 2233 4941 Dei,
2276 4885 2329 4930 et
2354 4891 2508 4932 suam
2546 4883 2852 4946 qumrentes
2885 4882 3148 4935 statuere,
3207 4874 3299 4929 Dei
3352 4889 3461 4928 non

1880 4976 2016 5025 sunt
2041 4967 2208 5040 746
2233 4968 2490 5038 subjecti.
2534 4967 2688 5023 Finis
2714 4969 2859 5023 enim
2890 4967 3049 5037 legis,
3076 4967 3331 5021 Christus
3358 4968 3462 5032 ;ad

1872 5060 2141 5130 justitiam
2162 5060 2311 5112 omni
2337 5058 2583 5113 credenti
2616 5057 2681 5111 ".
2720 5077 2740 5110 ι
2781 5057 2844 5111 Et
2866 5073 3120 5111 rursum:
3154 5076 3173 5109 ι
3212 5057 3464 5113 Seientes

1877 5161 2082 5214 autem,
2113 5151 2370 5221 quoniam
2408 5165 2518 5203 non
2554 5148 2890 5217 justiﬁeatur
2918 5149 3084 5202 homo
3110 5166 3175 5202 ex
3203 5150 3466 5217 operibus

1880 5243 2038 5313 legis.
2064 5244 2168 5297 nisi
2190 5258 2288 5313 per
2307 5240 2463 5295 [idem
2484 5237 2612 5295 Jesu
2625 5239 2832 5295 Christi
2854 5258 2872 5307 ;
2893 5246 2946 5296 et
2972 5256 3075 5295 nos
3106 5241 3158 5294 in
3180 5240 3462 5295 Christum

1881 5334 2221 5389 credidimus
2269 5334 2356 5387 ³⁵.
2400 5350 2417 5383 ι
2470 5330 2592 5398 Quo
2649 5330 2854 5386 factum
2910 5341 3012 5396 est,
3066 5341 3119 5386 ut
3160 5332 3464 5385 maledictio

2493 5444 2537 5475 ³⁸
2580 5444 2782 5515 Ephes.
2829 5460 2906 5507 tv,
2947 5446 3029 5498 l5.
3107 5445 3151 5475 ⁸⁴
3187 5444 3347 5500 Rom.
3380 5459 3461 5499 ιιι.

203 5505 290 5560 ‘23.
368 5510 415 5541 ³³
448 5510 678 5582 Philipp.
713 5529 793 5577 ιιι,
826 5512 937 5582 8,9.
1017 5513 1062 5544 ³⁸
1100 5511 1261 5567 Rom.
1297 5514 1429 5579 x,5,
1470 5513 1528 5565 4.
1605 5513 1649 5543 ³⁵
1686 5513 1761 5567 Ga

1864 5505 1953 5579 ίιι,
1992 5516 2081 5569 16.

1479 5602 1711 5658 VAle
1753 5604 2159 5661 LECTIONES.

276 5693 302 5732 ⁸
333 5712 423 5763 γρ.
454 5695 675 5768 Πέτρος.
