3978 6424
533 278 678 345 2695

1836 286 2195 348 PROCOPII
2242 289 2483 350 (ἶΛΖῆἷῐ

3641 280 3771 347 2096

535 383 792 448 Christus
820 394 1133 464 appellatus
1156 396 1249 462 sit,
1286 398 1379 466 qui
1419 398 1557 469 legis
1594 400 1963 455 ntaledirlione
1989 402 2124 454 lihe-

2239 404 2540 473 κατάρατος
2571 406 2699 467 πᾶς,
2745 404 2803 466 ὃς
2834 404 2933 457 οὐκ
2973 402 3200 473 ἐμμένει
3254 403 3387 456 πᾶσι
3419 401 3525 466 τοίς
3550 418 3770 475 γεγραμ-

536 485 711 547 rarit;
746 483 799 537 in
836 500 942 553 qua
988 487 1243 557 leguntur
1269 495 1322 541 et
1358 488 1501 547 ista:
1538 508 1556 540 ι
1585 489 1909 546 Maledictns
1947 493 2128 546 omnis

537 576 631 643 qui
670 590 776 627 non
807 577 1173 644 permanserit
1206 576 1259 630 in
1291 579 1571 643 omnibus,
1615 595 1737 651 quae
1764 582 1969 650 scripta
2001 591 2131 635 sunt

545 666 600 721 in
641 668 779 721 libro
814 669 967 738 legis,
1000 676 1060 721 ut
1095 667 1259 723 faciat
1288 684 1350 723 ea
1388 669 1453 723 ³⁸.
1501 689 1520 722 ι

617 760 729 811 Non
760 761 959 813 desunt
1023 770 1229 826 tamen,
1268 761 1385 830 qui,
1445 763 1591 835 quod
1627 774 1756 818 non'
1786 764 2022 834 futurum
2062 765 2134 819 ibi

539 850 924 913 immutarunt,
978 861 1029 904 et
1092 867 1288 918 senem,
1327 852 1490 919 dixit,
1556 855 1630 909 ita
1692 858 2008 927 explicent,
2075 867 2136 912 ut

542 949 740 1009 putent
795 943 1224 999 resurrectionis
1266 945 1568 1017 participes
1634 948 1751 1002 fore
1808 948 2132 1019 perfectos,

542 1031 855 1101 animisque
887 1032 1137 1099 validos;
1172 1042 1435 1106 tanquam
1493 1037 1628 1091 nihil
1687 1040 2023 1106 inchoatum,
2052 1045 2137 1096 ni-

540 1122 615 1177 hil
636 1124 867 1193 puerile,
889 1125 1027 1179 nihil
1047 1127 1248 1200 vietum
1276 1128 1518 1183 habituri
1545 1132 1656 1185 sint
1681 1148 1694 1184 :
1734 1132 1827 1186 sed
1853 1135 1966 1188 sint
1992 1135 2134 1188 inte-

539 1231 651 1286 gra:
682 1219 858 1272 aetatis
880 1233 1097 1282 omnes,
1118 1226 1379 1290 tanquam
1406 1219 1594 1275 eodem
1623 1229 1868 1294 tempore
1888 1240 2138 1280 resurre-

542 1307 784 1361 ctionem
823 1310 1412 1380 regenerationemque
1435 1326 1598 1366 unatn
1622 1312 1823 1384 adepti.
1854 1312 2136 1371 Perfectus

543 1397 729 1467 igitur,
774 1400 867 1467 qui
930 1402 1165 1456 salutem
1223 1403 1457 1473 adeptus
1518 1414 1625 1467 cst,
1666 1406 1888 1473 juvenis
1948 1406 2135 1469 fuerit,

540 1491 906 1563 ejusdemque
933 1510 1061 1569 eum
1093 1497 1275 1550 aetatis
1300 1496 1580 1560 habuerit,
1613 1498 1708 1567 qui
1741 1498 1929 1568 periit.
1963 1498 2135 1553 Simul

540 1587 687 1638 enim
719 1594 885 1655 atque
914 1602 1110 1643 omnes
1151 1590 1373 1645 excitati
1415 1590 1645 1657 fuerint,
1671 1590 1867 1657 salute,
1891 1592 1974 1648 vel
2019 1606 2137 1662 pte-

542 1679 653 1741 nis,
698 1678 1135 1749 distinguentur,
1169 1683 1325 1746 aliis,
1368 1685 1461 1753 qui
1514 1684 1569 1738 in
1624 1686 1870 1754 nequitia
1906 1686 2136 1757 perfecti

542 1777 694 1829 sunt,
728 1769 1050 1836 maledictis,
1084 1773 1318 1843 suisque
1345 1776 1575 1843 peccatis
1606 1776 1977 1831 morientibus.
2017 1775 2137 1843 Quo

545 1867 794 1929 tempore
833 1869 887 1916 et
915 1877 1131 1927 omnes,
1167 1881 1309 1935 quas
1347 1868 1451 1922 sibi
1479 1869 1685 1938 quique
1718 1871 1837 1927 suis
1892 1871 2136 1937 operibus

548 1953 868 2007 mansiones
928 1968 1331 2024 praepararant,
1381 1960 1626 2015 habituri
1698 1970 1851 2027 sunt,
1910 1965 2139 2034 suisque

546 2042 829 2099 laboribus
865 2044 1114 2125 l'ruitu_ri,
1143 2051 1386 2121 propriis
1434 2054 1688 2109 videlicet
1713 2052 1975 2124 fructibus
2032 2073 2136 2111 nu-

547 2133 687 2196 triti,
719 2149 898 2204 neque
933 2149 1188 2194 verentes
1214 2142 1475 2212 amplius,
1518 2160 1587 2198 nc
1632 2145 1789 2199 alteri
1823 2161 1958 2202 suos
1992 2147 2137 2201 labo-

543 2233 625 2270 res
665 2218 773 2271 illis
819 2219 1093 2274 auferant.
1149 2223 1529 2294 Degentenim
1588 2228 1641 2282 in
1699 2239 1961 2300 perpetua
2012 2234 2138 2286 vita:

544 2308 828 2374 felicitate,
858 2312 1140 2366 secundum
1188 2315 1299 2369 dies
1344 2317 1476 2389 ligni
1506 2320 1663 2386 vitaz;
1715 2322 1918 2391 quibus
1959 2324 2139 2381 verbis

542 2397 944 2473 promissiones
981 2399 1157 2455 laetas
1188 2402 1243 2458 in
1272 2406 1532 2474 paradiso
1564 2408 1947 2480 adimplendas
1990 2427 2134 2477 esse,

541 2504 802 2559 eumque,
841 2492 934 2561 qui
970 2493 1185 2548 illarum
1224 2499 1501 2569 particeps
1544 2500 1731 2563 fuerit,
1767 2503 2043 2559 facturum
2080 2522 2137 2561 se

544 2576 938 2642 immortalem,
982 2596 1083 2636 nec
1116 2592 1394 2640 vetustate
1427 2587 1769 2643 deiicientem
1809 2593 2087 2660 significat
2121 2611 2134 2647 :

544 2677 641 2723 aut
678 2670 784 2724 alia
818 2685 1038 2726 rursum
1082 2675 1411 2746 migratione
1442 2679 1652 2735 labores
1709 2697 1833 2737 suos
1871 2684 1996 2739 aliis
2026 2700 2137 2739 non

541 2773 668 2813 esse
706 2760 1021 2819 relicturos.
1084 2763 1223 2820 Sunt
1278 2777 1461 2825 tamen
1493 2773 1589 2841 qui
1643 2773 1746 2828 ista
1810 2775 1875 2828 ad
1936 2777 2139 2846 prioris

542 2851 810 2908 adventus
860 2861 1107 2924 tempora
1171 2860 1480 2928 retulerint,
1526 2864 1728 2933 quibus
1763 2881 1898 2934 pace
1947 2883 2140 2922 omnes

540 2951 595 2995 et
629 2943 969 3015 indulgentia
1000 2947 1106 3002 l'rui
1134 2949 1259 3006 illos
1293 2955 1548 3025 contigit,
1573 2957 1667 3026 qui
1705 2959 1756 3011 in
1784 2959 2009 3013 Christo
2043 2977 2139 3031 per

545 3036 707 3091 tidem
734 3039 1027 3105 maledicti,
1056 3059 1166 3097 non
1198 3055 1328 3100 sunt
1356 3049 1617 3105 hostibus
1648 3050 1885 3121 amplius
1908 3063 1962 3107 et
1985 3057 2133 3108 cala-

547 3127 837 3185 mitatibus
881 3142 1105 3202 propter
1162 3136 1522 3207 impietatem,
1560 3151 1619 3195 ut
1675 3144 1864 3212 prisci,
1916 3145 2127 3209 traditi,

541 3236 720 3290 neque
755 3222 997 3278 laborant
1042 3243 1262 3283 suorum
1299 3231 1501 3285 damna
1541 3234 1648 3288 ulla
1685 3236 1857 3304 passi,
1916 3238 2009 3293 sed
2040 3242 2130 3308 qui

539 3310 922 3377 spiritualibus
957 3321 1107 3367 recte
1141 3314 1407 3371 factorum
1437 3328 1666 3374 suorum
1701 3323 1917 3388 deliciis
1949 3325 2133 3379 indul-

540 3412 756 3469 serunt,
791 3420 934 3475 quos
987 3408 1182 3464 nullus
1211 3425 1472 3468 concessa
1531 3418 1673 3485 apud
1716 3416 1933 3475 Patrem
1985 3437 2138 3475 man-

541 3490 700 3546 sione
751 3496 828 3548 sit
872 3496 1192 3563 abacturus,
1223 3502 1429 3573 quippe
1467 3507 1561 3575 qui
1610 3507 1739 3562 vita:
1799 3509 2163 3577 beatitudine,

539 3598 763 3643 Ilallllll'.

616 3682 884 3754 Sequitur
933 3687 1169 3745 deinde:
1208 3690 1276 3746 Et
1327 3693 1490 3767 74⁸1
1536 3712 1697 3766 opera
1752 3701 1997 3757 laborum
2032 3720 2135 3758 non

540 3785 863 3830 veterascent
889 3794 908 3841 ;
944 3779 1149 3848 quibus
1171 3786 1355 3839 verbis
1383 3787 1782 3847 immutabilem
1810 3795 1937 3849 vitae
1988 3795 2132 3849 viam

543 3867 831 3923 habituros
865 3884 989 3925 esse
1018 3872 1318 3942 significat.
1348 3877 1483 3942 Qua:
1513 3882 1659 3935 enim
1688 3883 1824 3954 legis
1849 3884 1974 3952 fuit,
2003 3889 2133 3958 quia

541 3960 791 4014 umbram
845 3962 1062 4030 habuit,
1095 3980 1125 4018 a
1165 3967 1357 4037 ﬁguris
1399 3970 1466 4025 ad
1514 3976 1801 4032 veritatem
1860 3982 2081 4035 transiit
2116 3999 2130 4047 ;

539 4063 662 4116 qua:
686 4058 868 4106 autem
895 4067 926 4108 a
982 4057 1202 4111 Christo
1249 4071 1354 4126 est,
1387 4065 1514 4133 quia
1566 4084 1694 4123 vera
1736 4082 1840 4137 est,
1885 4075 2142 4129 mutatio-

540 4155 663 4194 nem
682 4157 800 4196 non
834 4146 1045 4200 sentit:
1097 4165 1184 4209 ea.
1221 4169 1343 4222 qua:
1377 4171 1483 4211 non
1542 4164 1838 4229 veterascit,
1872 4165 1975 4220 hoc
2022 4167 2142 4220 loco

541 4235 948 4301 perennitatem
984 4240 1358 4310 signiﬁcante,
1386 4250 1533 4317 quod
1568 4252 1644 4306 illi
1679 4255 1905 4310 minime
1935 4258 2143 4313 habue-

541 4334 688 4379 runt.
726 4326 868 4381 Sunt
893 4329 1041 4384 enim
1064 4333 1168 4388 ista
1191 4337 1254 4389 ad
1279 4338 1595 4395 Christum:
1632 4363 1650 4394 ι
1676 4343 1899 4401 Justitia
1920 4350 2141 4420 tua,ju-

542 4419 692 4474 stitia
724 4420 778 4474 in
812 4432 1100 4490 aeternum,
1127 4440 1179 4482 et
1206 4430 1288 4484 lex
1323 4439 1414 4486 tua
1442 4437 1643 4493 veritas
1669 4439 1713 4470 "
1747 4480 1759 4491 .
1797 4458 1815 4491 ι
1845 4440 1951 4497 Ista
1977 4419 2141 4512 porro

542 4509 688 4566 Dens
729 4514 1023 4581 promittit,
1064 4533 1173 4571 non
1216 4522 1596 4590 quibuslibet;
1648 4529 1756 4582 imo
1795 4546 1894 4585 nec
1927 4509 2017 4597 iis,
2051 4537 2140 4602 qui

541 4616 842 4669 vocantur;
887 4616 1019 4661 sunt
1072 4611 1220 4663 enim
1300 4618 1479 4671 vocati
1532 4620 1741 4685 multi,
1796 4624 1954 4692 pauci
2009 4640 2138 4677 vero

538 4695 699 4749 electi
727 4695 793 4748 ".
817 4695 939 4761 Quo
972 4701 1050 4760 lit,
1086 4710 1146 4753 ut
1174 4702 1368 4758 electos
1407 4722 1530 4761 suos
1571 4709 1624 4763 in
1652 4726 1843 4765 vanum
1880 4731 1985 4767 non
2025 4730 2139 4769 esse

539 4781 880 4841 laboratura:
910 4788 1270 4858 adjiciat.Qui
1294 4797 1439 4850 enim
1457 4796 1666 4855 Juda'is
1688 4802 1817 4859 olim
1836 4816 2133 4874 praeerant,

538 4894 666 4933 cum
727 4881 987 4935 mandata
1046 4883 1334 4940 hominum
1396 4889 1659 4947 docerent
1702 4894 1766 4960 ³³,
1836 4904 2019 4965 patres
2059 4898 2139 4952 illi

538 4968 760 5036 quidem
792 4970 1061 5026 doctrinas
1111 4976 1330 5032 ratione
1385 4994 1508 5035 sese
1561 4986 1924 5053 praestabant,
1959 4988 2054 5042 sed
2086 4989 2139 5042 in

540 5071 732 5110 vanum
778 5072 827 5113 et
854 5063 1309 5122 maledictionem.
1343 5069 1557 5135 Quibus
1576 5072 1832 5129 effectum
1866 5080 2141 5132 estratio-

542 5148 727 5212 uibus,
769 5160 826 5203 ιιι
861 5154 1096 5212 miseros
1123 5173 1249 5213 esse
1279 5175 1373 5215 eos
1424 5162 1690 5219 Salvator
1753 5166 2041 5223 allirmarit
2072 5170 2139 5234 “’,

538 5240 631 5308 qui
663 5255 813 5295 mare
855 5252 908 5296 et
948 5256 1151 5301 terram
1196 5251 1499 5309 circumire
1552 5270 1664 5310 non
1707 5254 2047 5320 dubitarent,
2083 5267 2142 5313 ut

584 5416 1073 5491 "llt‘ttlelefZG;
1102 5425 1282 5482 Gal-at.
1327 5446 1407 5493 ιιι,
1446 5433 1527 5484 l0.

1684 5436 1725 5467 ³⁹
1758 5435 1900 5490 i‘sal.
1964 5452 2155 5502 cxvnt,

540 5500 696 5551 nm,
748 5492 833 5544 iii.

2236 496 2417 565 μένοις
2443 497 2499 547 ἐν
2526 496 2601 565 τῷ
2625 497 2812 567 βιϐλῖῳ
2836 495 3029 565 τούτῳ,
3057 492 3151 548 τοῦ
3188 494 3410 565 ποιῆσαι
3439 490 3590 547 αὐτὰ.
3629 511 3647 543 ι

2305 756 2349 808 Τ
2358 755 2465 818 ινὲς
2484 754 2542 807 δὲ
2562 754 2645 815 τὸ,
2682 756 2766 808 Οὐ
2785 754 2871 823 μὴ
2902 753 3146 822 γένηται
3168 751 3301 804 ἐκεῖ
3318 749 3521 819 ἄωρος,
3545 751 3638 805 καί
3665 765 3787 821 πρε-

2234 850 2484 915 σϐύτης,
2511 846 2685 911 οὕτως
2732 849 3093 916 ἐξηγήσαντο·
3135 844 3345 906 Πάντες
3404 844 3512 915 γὰρ
3555 844 3786 913 τυχόντες

2233 942 2334 1012 τῆς
2360 942 2501 1011 ἐμῆς
2528 940 2899 1001 ἀναστάσεως,
2920 938 3133 991 ἔσονται
3152 938 3372 999 τέλειοι,
3401 935 3605 998 καὶτὰς
3629 935 3786 1007 ψυχὰς

2235 1034 2484 1102 ἀκμαῖοι,
2519 1033 2595 1095 ὡς
2633 1032 2801 1102 μηδὲν
2846 1030 3037 1089 ἀτελές
3089 1047 3149 1081 τε
3192 1030 3287 1081 καὶ
3325 1030 3535 1097 νήπιον,
3582 1028 3708 1098 μήτε
3738 1029 3787 1081 δὲ

2236 1125 2547 1194 γεγηρακὸς
2574 1119 2739 1185 εἶναι,
2788 1121 3080 1192 ἡλικιῶται
3122 1120 3180 1173 δὲ
3215 1120 3435 1183 πάντες,
3475 1119 3550 1181 ὡς
3592 1116 3676 1186 ὑφ’
3708 1117 3789 1171 ἕνα

2237 1216 2427 1286 καιρὸν
2456 1214 2772 1285 τευξόμενοι
2808 1213 2906 1283 τῆς
2936 1213 3307 1274 ἀναστάσεως,
3340 1211 3433 1265 καὶ
3474 1212 3598 1280 μιᾶς
3624 1210 3791 1279 παλιγ-

2237 1308 2490 1376 γενεσίας
2521 1305 2861 1378 μεθέξοντες.
2889 1304 3109 1371 Τέλειος
3139 1302 3232 1359 οὖν
3272 1305 3301 1356 ό
3332 1303 3631 1374 σωζόμενος
3660 1302 3790 1356 ἔσται

2239 1397 2382 1461 νέος,
2415 1397 2513 1451 καὶ
2541 1396 2640 1468 τῆς
2674 1397 2847 1466 αὐτῆς
2875 1397 3093 1468 ἡλικίας
3140 1395 3255 1461 ἕξει
3295 1395 3387 1448 τὸν
3426 1392 3792 1464 ἀπολλύμενον.

2241 1491 2393 1561 Ἅμα
2418 1490 2528 1560 γὰρ
2559 1490 2761 1553 πάντες
2792 1491 3150 1552 ἀναστάντες,
3182 1487 3431 1560 σωτηρίᾳ
3470 1488 3565 1540 καὶ
3601 1486 3793 1541 κολάσει

2239 1581 2695 1654 διαιρεθήσονται,
2745 1581 2856 1634 τῶν
2884 1582 2967 1635 ἐν
3019 1581 3190 1652 κακίᾳ
3231 1580 3451 1633 τελείων
3479 1579 3796 1649 καταράτων

2242 1674 2537 1745 ἐσομένων,
2568 1675 2665 1727 καὶ
2687 1677 2752 1744 τῇ
2793 1674 2901 1745 ἰδίᾳ
2932 1672 3354 1728 τελευτώντων
3381 1670 3653 1743 ἁμαρτίᾳ.
3685 1672 3795 1726 ὀτε

2172 1756 2209 1811 8
2241 1768 2336 1821 καὶ
2364 1767 2589 1832 πάντες,
2615 1765 2681 1830 ἃς
2711 1767 2799 1820 διὶ
2830 1766 2939 1819 τῶν
2966 1766 3159 1836 ἔργων
3189 1767 3406 1829 ἑαυτοῖς
3430 1765 3796 1836 προεξένησαν,

2240 1856 2557 1928 κομιοῦνται
2593 1856 2782 1926 μονὰς,
2818 1859 2913 1912 καὶ
2944 1857 3055 1912 τῶν
3089 1857 3237 1912 ἰδίων
3281 1856 3680 1911 ἀπολαύσονται
3718 1856 3798 1910 πό-

2238 1966 2367 2013 νων,
2396 1949 2668 2019 καρποὺς
2698 1949 2863 2014 ἰδίους
2889 1950 2918 1991 ¹ι
2951 1951 3305 2023 τρεφόμενοι,
3345 1950 3546 2022 μηκέτι
3595 1950 3799 2016 δεδιότες

2243 2042 2443 2114 μήπως
2480 2044 2793 2113 ἀλλότριοι
2812 2042 2956 2108 τοὺς
2979 2044 3209 2110 πόνους
3243 2042 3426 2097 αὐτῶν
3453 2043 3798 2116 ἀφαρπάσων-

2239 2153 2350 2190 ται.
2399 2136 2488 2190 Ἐν
2518 2137 2866 2209 ἀτελευτήτῳ
2894 2138 2951 2192 δὲ
2974 2136 3249 2203 διάξουσιν
3282 2136 3511 2209 εύζωῒᾳ,
3543 2136 3687 2191 κατὰ
3710 2136 3801 2203 τὰς

2242 2229 2465 2299 ἡμέρας
2482 2231 2590 2285 τοῦ
2622 2230 2812 2295 ξύλου
2835 2229 2944 2299 τῆς
2975 2228 3124 2300 ζωῆς
3145 2247 3159 2261 ·
3182 2230 3210 2284 ὂ
3227 2230 3319 2285 καὶ
3347 2230 3503 2301 δηλοί
3537 2229 3635 2294 τὰς
3662 2230 3802 2299 ἔπαγε

2241 2323 2428 2391 γελίας
2453 2323 2510 2375 ὲν
2538 2322 2617 2395 τῷ
2648 2324 2963 2396 παραδείσῳ
2986 2322 3335 2395 γενήσεσθαι,
3366 2325 3465 2379 καὶ
3481 2323 3575 2378 τὸν
3597 2324 3802 2395 τυχόντα

2239 2414 2446 2468 τούτων
2480 2416 2747 2490 ὑπάρξειν
2778 2416 3075 2481 ἀθάνατον,
3111 2416 3187 2489 μὴ
3225 2414 3633 2487 παλαιούμενον
3654 2432 3667 2447 ·
3690 2414 3720 2487 ἢ
3747 2415 3802 2467 δι’

2242 2508 2438 2579 ἑτέραν
2461 2503 2617 2572 αὖθις
2650 2509 2984 2579 μετάστασιν
3010 2509 3219 2580 ἑτέροις
3261 2509 3395 2568 τοὺς
3426 2508 3634 2562 ἑαυτῶν
3664 2525 3805 2561 κατα-

2243 2600 2494 2663 λιπόντες
2532 2601 2548 2641 ί
2609 2602 2861 2667 πόνους.
2893 2600 3051 2665 Τινὲς
3080 2599 3137 2654 δὲ
3182 2600 3277 2654 καὶ
3321 2599 3504 2655 ταῦτα
3546 2600 3624 2672 τῷ
3653 2598 3803 2672 καιρῷ

2242 2693 2338 2761 τῆς
2368 2690 2593 2762 πρώτης
2639 2692 2936 2762 ἐπιδημίας
2964 2693 3277 2760 ἀπέδωκαν,
3315 2694 3412 2747 ὅτε
3442 2693 3643 2757 πάντες
3673 2693 3804 2765 εἰρή-

2241 2803 2340 2851 νης
2371 2786 2729 2851 ἀπολαύουσι,
2761 2790 2857 2841 καὶ
2887 2788 3277 2859 χρηστότητος,
3313 2789 3362 2842 oi
3398 2789 3459 2842 ὲν
3498 2786 3712 2859 Χριστῷ
3731 2786 3804 2840 διὰ

2244 2877 2483 2941 πίστεως
2543 2879 2965 2950 κατηραμένοι,
3010 2881 3209 2951 μηκέτι
3250 2880 3516 2953 πολέμοις
3558 2883 3651 2936 καὶ
3691 2880 3803 2951 σύμ-

2248 2971 2445 3037 φοραῖς
2469 2970 2537 3021 δι’
2562 2969 2928 3035 ἀσέϐειαν,ὡς
2944 2973 2993 3024 oi
3012 2972 3205 3038 πάλαι,
3227 2972 3668 3045 παραδιδόμενοι,
3691 2969 3807 3043 μηδὲ

2246 3060 2451 3131 ζημίαν
2475 3062 2842 3132 ὑπομένοντες
2859 3062 2969 3116 τῶν
2982 3064 3164 3129 αὐτοῖς
3198 3065 3809 3134 πεπονημένων,πνευ·

2246 3152 2490 3221 ματικῶς
2516 3153 2893 3223 ἐντρυφῶντες
2919 3155 2976 3209 δὲ
3006 3157 3119 3221 τοῖς
3148 3155 3359 3211 ἑαυτῶν
3387 3156 3805 3228 κατορθώμασιν.

2242 3242 2348 3306 Οὓς
2373 3244 2549 3308 οὐδεὶς
2579 3246 2844 3301 ἀπελάσει
2875 3249 2974 3318 τῆς
3012 3249 3162 3320 παρὰ
3198 3248 3276 3321 τῷ
3304 3249 3518 3323 Πατέρι
3549 3251 3808 3322 δεδομένης

2246 3336 2415 3404 μονῆς
2447 3336 2593 3407 ζωὴν
2617 3338 2840 3410 ἔχοντας
2864 3341 3049 3409 ἁγίαν,
3072 3341 3214 3397 κατὰ
3235 3341 3333 3415 τὴν
3377 3343 3490 3416 πρὸ
3533 3345 3627 3415 τῆς
3664 3342 3807 3414 Ἀδὰμ

2247 3428 2636 3498 παραϐάσεως.

2246 3519 2426 3587 qualis
2490 3529 2617 3577 ante
2691 3523 2886 3579 Adami
2951 3528 3458 3596 transgressionem
3513 3528 3662 3596 fuit,
3722 3541 3807 3602 p0-

2317 3704 2427 3758 Kal
2448 3703 2520 3757 τὰ
2542 3705 2709 3773 ἔργα,
2731 3704 2887 3776 φησὶ,
2909 3704 3026 3760 τῶν
3045 3707 3251 3761 πόνων
3266 3709 3479 3764 αὐτῶν
3491 3711 3564 3764 οὐ
3579 3711 3809 3766 παλαιῶ-

2244 3808 2511 3848 σουσινο
2556 3793 2704 3847 τοῦτ’
2742 3794 2923 3866 ἔστιν,
2954 3796 3329 3868 ἀμετάϐλητον
3379 3798 3565 3865 ἕξουσι
3606 3798 3696 3870 τὴν
3722 3799 3808 3853 τῶν

2243 3886 2534 3958 πρακτέων
2554 3885 2694 3939 ὁδόν.
2737 3886 2800 3939 Ἣ
2825 3886 2935 3960 γὰρ
2961 3889 3185 3957 νομικὴ,
3219 3888 3466 3962 σκιώδης
3487 3886 3639 3955 οὖσα,
3671 3906 3808 3961 μετα-

2243 3975 2406 4048 ϐολὴν
2436 3978 2502 4031 ὲκ
2535 3977 2721 4031 τύπων
2750 3981 2831 4041 εἰς
2859 3979 3117 4051 ἀλήθειαν
3152 3981 3475 4050 ὑπεδέξατο.
3509 3982 3574 4036 Ἣ
3607 3983 3660 4035 δὲ
3689 3982 3807 4035 κατὰ

2243 4069 2481 4140 Χριστὸν
2511 4070 2651 4134 ὁδὸς,
2679 4071 2757 4135 ὡς
2790 4071 3020 4143 ἀληθὴς,
3054 4072 3438 4146 ἀμετάϐλητος
3458 4092 3472 4106 ·
3500 4076 3599 4146 τῆς
3627 4074 3695 4146 μὴ
3714 4088 3807 4125 ποτ

2242 4160 2561 4228 λαιότητος
2593 4158 2606 4211 i
2641 4160 2878 4215 ἐνταῦθα
2899 4162 2960 4215 τὸ
2986 4162 3234 4233 διηνεκὲς
3259 4164 3556 4236 δηλούσης,
3578 4165 3704 4234 ὅπερ
3727 4162 3807 4215 οὒκ

2243 4249 2401 4322 ἔσχον
2447 4252 2667 4306 ὲκεῖνοι.
2713 4251 2860 4322 Πιρὸς
2898 4251 3009 4324 γὰρ
3049 4252 3283 4327 Χριστὸν
3313 4252 3539 4325 εἴρηται
3583 4254 3660 4314 τὸ,
3695 4270 3713 4303 ι
3756 4248 3807 4300 'll

2244 4336 2565 4411 δικαιοσύνη
2598 4357 2716 4409 σου,
2747 4342 3063 4414 δικαιοσύνη
3094 4345 3173 4407 είς
3202 4345 3293 4396 τὸν
3323 4345 3521 4410 αἰῶνα,
3559 4344 3650 4398 καὶ
3678 4344 3704 4397 ὁ
3730 4340 3806 4394 v6-

2179 4422 2219 4477 D
2249 4446 2350 4499 μος
2375 4446 2471 4483 σου
2504 4429 2754 4503 ἀλήθεια.
2805 4451 2823 4484 ι
2854 4429 3045 4485 Ταῦτα
3087 4433 3144 4486 δὲ
3174 4433 3308 4498 θεὸς
3337 4435 3399 4487 οὐ
3444 4437 3556 4498 τοῖς
3583 4431 3807 4502 τυχοῦσιν

2244 4523 2669 4593 ἐπαγγέλλεται,
2698 4525 2760 4578 οὐ
2791 4524 2847 4578 δὲ
2880 4524 3007 4592 τοῖς
3033 4525 3303 4593 κλητοῖς.
3332 4526 3528 4580 Πολλοὶ
3558 4526 3661 4595 γὰρ
3693 4523 3798 4592 κλη-

2242 4615 2347 4675 τοὶ,
2377 4614 2553 4683 ὀλίγοι
2582 4616 2639 4670 δὲ
2671 4617 2943 4669 ἐκλεκτοί·
2975 4617 3042 4669 δι’
3072 4618 3242 4689 ὅνπερ
3276 4618 3302 4657 ιι
3327 4619 3525 4689 φησίνο
3559 4620 3626 4670 Ol
3662 4617 3805 4669 ἐκλε-

2243 4706 2373 4759 κτοί
2391 4723 2512 4775 μου
2537 4710 2609 4761 οὐ
2639 4707 3051 4762 κοπιάσουσιν
3076 4711 3164 4774 εις
3202 4712 3404 4763 κενόν.
3440 4711 3504 4763 Οἱ
3537 4710 3641 4779 γὰρ
3666 4704 3804 4758 παλαι

2242 4796 2352 4850 τῶν
2422 4795 2696 4852 Ἰουδαίων
2746 4799 3080 4870 καθηγηταὶ,
3120 4799 3469 4865 διδάσκοντες
3523 4800 3804 4870 ἐντάλματα

2250 4886 2579 4956 ἀνθρώπων,
2632 4891 2871 4960 πατέρες
2926 4892 3026 4961 μὲν
3063 4892 3314 4959 ἐγένοντο
3377 4892 3520 4947 κατὰ
3575 4891 3802 4963 μάθησιν,

2249 4979 2367 5032 ἀλλ’
2397 4982 2484 5045 εἰς
2510 4980 2691 5034 κενὸν
2719 4984 2817 5035 καὶ
2850 4982 3136 5053 κατάραν.
3171 4985 3261 5037 Διὸ
3299 4985 3598 5050 ταλανίζων
3633 4980 3802 5039 αὐτοὺς

2250 5071 2437 5139 ἔλεγεν
2475 5076 2503 5125 ό
2549 5073 2742 5146 Σωτήρ
2768 5090 2781 5105 °
2827 5077 2909 5129 ὅτι
2954 5076 3257 5150 ῐῐεριάγετε
3310 5078 3409 5148 τὴν
3437 5078 3696 5132 θάλασσαν
3727 5072 3802 5124 καὶ

2249 5164 2347 5229 τὴν
2378 5165 2574 5235 ξηρὰν,
2610 5167 2836 5237 ποιῆσαι
2873 5169 2970 5223 ἕνα
3007 5171 3367 5245 προσήλυτον.
3406 5173 3514 5225 Καὶ
3544 5172 3634 5223 ἐὰν
3661 5168 3799 5236 γένη·

2252 5272 2363 5317 ται,
2393 5259 2603 5310 ποιεῖτε
2653 5259 2819 5313 αὐτὸν
2857 5261 2975 5314 υἱὸν
3003 5262 3251 5334 γεέννης.
3286 5264 3401 5333 Οὐχ
3448 5261 3615 5325 οὕτως
3640 5259 3685 5311 ol
3722 5252 3798 5308 τοῦ

2186 5439 2309 5491 H2.
2385 5438 2429 5470 ³⁸
2454 5437 2643 5493 Matth.
2686 5456 2779 5505 xx,
2830 5442 2910 5498 16.
2992 5443 3162 5500 "lsa.
3210 5460 3363 5511 nix,
3416 5442 3499 5497 15.
3573 5434 3793 5493 "Matth.

1846 5591 2079 5646 VARle
2123 5593 2531 5654 LECTlONES.

612 5673 637 5710 ιι
682 5692 771 5739 rp.
804 5679 1030 5745 καρποῖς
1052 5678 1231 5740 ἰδίους.
1317 5682 1331 5721 ί
1367 5700 1452 5749 λγ).
1485 5681 1906 5748 καταλιπόντας.
1987 5685 2003 5735 i
2046 5704 2137 5756 γρ.
2171 5688 2535 5763 παλαιούσης.
2613 5693 2636 5733 ll
2667 5711 2757 5763 πρ.
2786 5694 3001 5766 διόπερ,
