3978 6458
251 410 377 474 2697

1361 401 1892 462 COMMENTARII
1929 401 2011 461 ΙΝ
2049 399 2338 462 ISAIAM.

3345 398 3486 462 2698

253 524 490 598 Χριστοῦ.
553 522 790 590 Σπέρμα
852 523 958 593 γὰρ
1025 511 1434 588 εὐλογημένον
1503 516 1674 570 ἔσται
1742 514 1804 566 τὸ

1914 529 2081 566 imum
2113 513 2449 584 proselytum
2511 509 2774 574 iacerent,
2823 511 2916 564 ubi
2959 520 3137 562 autem
3178 509 3490 566 eﬁc-cissent

251 617 472 685 σπέρμα
502 612 717 668 αὐτῶν.

316 794 459 856 Τινὲς
501 792 554 845 δὲ
586 792 678 846 καὶ
712 792 870 846 τοῦτο
902 790 1042 848 κατὰ
1088 792 1184 861 τὴν
1229 789 1652 858 παλιγγενεσίαν
1694 787 1810 840 ὲδὲ-

247 886 413 951 Εσντο.
444 885 505 937 Ei
535 883 644 954 γάρ
679 900 824 947 τινες
863 883 1078 936 ἔσονται
1126 883 1248 936 τότε
1279 881 1475 948 κόποι,
1523 881 1804 950 σωτήριοι,

245 977 329 1029 καὶ
357 974 472 1028 λίαν
520 975 688 1044 ἡδεῖς,
737 975 881 1036 οἵους
926 973 1290 1039 ὑπομένουσιν
1345 971 1586 1039 ἄγγελοι.
1649 969 1808 1024 Ἃ).λά

245 1057 424 1136 μισθὸς
474 1065 657 1128 αὐτοῖς
707 1063 1120 1134 θησαυρίζεται.
1157 1063 1292 1117 Οὐδὲ
1343 1063 1417 1117 τὰ
1462 1061 1808 1132 γεννήματα

242 1153 408 1206 αὐτῶν
429 1153 516 1218 είς
544 1151 832 1220 κατάραν,
863 1151 1009 1206 τοῦτ’
1039 1151 1186 1205 ἔστιν
1211 1155 1262 1207 οἱ
1287 1151 1562 1224 λογισμοὶ,
1585 1147 1687 1206 κᾶν
1715 1151 1808 1204 ἐπὶ

239 1243 340 1298 τῶν
371 1243 687 1298 ἀποστόλων
704 1234 763 1296 δὲ
791 1245 1098 1314 νοήσωμεν,
1127 1238 1202 1302 ὧν
1237 1245 1470 1314 καρπός
1502 1247 1534 1316 ἡ
1577 1240 1805 1300 καθόλου

239 1335 330 1405 τῆς
361 1337 460 1406 γῆς
511 1330 830 1407 Ἐκκλησία,
872 1337 968 1392 καὶ¹
1002 1339 1168 1392 τέκνα
1215 1341 1285 1392 τὰ
1313 1337 1400 1394 διὰ
1428 1337 1524 1410 τῆς
1554 1338 1649 1392 τοῦ
1685 1339 1808 1392 λου-

237 1431 358 1498 τροῦ
375 1430 794 1499 παλιγγενεσίας
817 1431 1119 1502 παράθεσιν
1142 1432 1414 1503 ἔχειπρδς
1429 1431 1498 1484 τά
1523 1432 1582 1496 ἐξ
1611 1431 1806 1500 Ἀδὰμ,

236 1515 292 1576 οὗ
313 1521 443 1592 πρὸς
459 1521 558 1590 τὴν
591 1525 825 1590 γυναῖκα
852 1523 1102 1578 λέλεκται
1136 1524 1216 1589 τὸ,
1255 1543 1274 1576 ι
1309 1524 1400 1578 Ἐν
1433 1523 1634 1585 λύπαις
1676 1521 1808 1594 τέξῃ

235 1615 411 1667 τέκναο
436 1633 454 1664 ι
478 1614 628 1668 κατὰ
651 1613 850 1684 σάρκα
866 1617 975 1688 γὰρ
992 1616 1270 1685 ἐγέννων·
1289 1617 1354 1672 τὸ
1371 1617 1426 1671 δὲ
1445 1616 1685 1686 σπέρμα
1699 1616 1806 1668 τῶν

235 1705 539 1768 ἀποστόλων
569 1707 1002 1776 etiarn/terer,
1032 1709 1060 1760 ὃ
1091 1709 1490 1776 κατέσπειραν
1514 1709 1572 1760 ὲν
1607 1709 1808 1770 πάσαις

234 1797 341 1858 ταῖς
394 1795 773 1866 Ἐκκλησίαις,
802 1793 883 1862 οἷς
914 1798 980 1867 δὴ
1010 1800 1103 1851 καὶ
1127 1799 1398 1854 λέλεκται·
1429 1798 1579 1868 Πρὶν
1598 1797 1809 1868 κεκρά-

1912 604 2171 670 gehennae
2208 602 2381 656 ﬁlium
2409 601 2656 655 reddere.
2682 601 2753 655 At
2788 609 2874 655 est
2920 601 3026 652 alia
3053 599 3260 656 Christi
3302 600 3487 656 futura

1907 695 2154 750 conditio
2189 734 2202 748 .
2239 693 2356 748 Erit
2389 695 2526 748 enim
2547 710 2722 747 semen
2751 708 2933 747 eorum
2965 691 3317 746 benedictum.

1981 784 2120 839 Sunt
2151 785 2398 841 nonnulli
2433 793 2636 846 tamen,
2671 784 2763 852 qui
2800 783 2905 838 ista
2952 783 3117 837 etiam
3163 783 3232 838 ad
3265 797 3492 850 regene-

1912 879 2181 934 rationem
2229 880 2423 934 referri
2479 879 2793 934 voluerunt.
2851 877 2908 932 Si
2964 877 3143 940 enim,
3205 877 3488 947 inquiunt.

1913 977 2044 1024 tunc
2098 971 2362 1040 temporis
2416 969 2620 1024 labores
2655 969 2820 1039 aliqui
2858 969 3028 1023 futuri
3073 953 3240 1034 sunt,
3275 969 3488 1024 saluta-

1912 1077 2000 1116 res
2069 1063 2103 1116 ii
2131 1062 2431 1131 ctjucundi
2465 1063 2646 1127 valde,
2697 1063 2890 1132 quales
2942 1063 3123 1133 angeli
3177 1061 3487 1132 perierunt,

1913 1155 2080 1209 futuri
2109 1162 2274 1210 sunt:
2309 1155 2510 1224 quibus
2545 1169 2644 1211 sua
2681 1167 2892 1209 merces
2930 1153 3270 1209 reconditur.
3307 1153 3490 1222 Neque

1913 1263 2042 1304 vero
2069 1263 2190 1317 quae
2221 1247 2321 1318 ipsi
2350 1247 2690 1318 generabant,
2733 1247 2784 1301 id
2826 1254 2911 1302 est
2936 1261 3054 1315 qua:
3081 1246 3267 1300 animo
3313 1253 3491 1314 partu-

1910 1341 2077 1407 rient,
2105 1339 2526 1395 maledictionem
2557 1353 2790 1410 passura
2823 1349 2952 1395 sunt
2977 1357 2992 1393 :
3021 1339 3234 1394 etiamsi
3261 1339 3327 1391 de
3357 1355 3490 1409 apo—

1909 1436 2068 1490 Stolis
2098 1435 2468 1504 intelligamus
2502 1451 2518 1498 ;
2549 1447 2782 1503 quorum
2830 1433 3034 1500 fructus
3055 1433 3194 1500 ipsa
3229 1441 3313 1485 est
3339 1432 3491 1486 orbis

1910 1525 2155 1580 universi
2182 1523 2447 1586 Ecclesia,
2468 1531 2520 1578 et
2553 1523 2671 1584 ﬁlii,
2705 1522 2797 1592 qui
2839 1537 2936 1591 per
2969 1521 3170 1575 lavacri
3197 1535 3490 1592 regenera-

1910 1613 2116 1668 tionem
2149 1612 2302 1677 editi,
2347 1611 2816 1681 comparationem
2868 1609 3075 1664 habent
3123 1623 3248 1662 rum
3282 1611 3492 1662 Adamn

1909 1704 2217 1774 prognatis,
2273 1703 2435 1772 cujus
2463 1702 2624 1756 uxori
2692 1717 2803 1756 non
2863 1687 2986 1756 sine
3047 1700 3240 1755 dolore
3287 1699 3494 1754 liberos

1913 1811 2041 1850 suos
2065 1810 2189 1851 esse
2237 1795 2540 1864 parituram
2575 1795 2892 1848 nuntiatum
2943 1801 3026 1847 est
3053 1791 3123 1845 “.
3162 1789 3492 1846 Generabant

236 1883 324 1951 ξαι
375 1887 598 1950 αὐτοὺς,
649 1888 1068 1959 ἑπακούσομαι
1117 1890 1322 1944 αὐτῶν.
1375 1891 1554 1962 Ὅπερ
1601 1890 1804 1958 ἐγίνετο

1913 1887 2056 1941 cnim
2095 1885 2381 1940 secundum
2437 1903 2676 1940 carnem.
2718 1887 2786 1938 At
2829 1893 2916 1940 est
2958 1883 3292 1938 benedictum
3321 1899 3495 1936 semen

235 1974 798 2048 θαυματουργούντων
831 1981 1014 2034 αὐτῶν
1039 1983 1096 2036 ὲν
1115 1983 1236 2046 ταῖς
1275 1983 1546 2053 Πράξεσιν
1575 1982 1654 2046 είς
1679 1983 1806 2036 επι-

235 2067 463 2138 στροφὴν
493 2069 605 2130 τῶν
653 2070 1008 2138 καλουμένων
1038 2073 1118 2135 εἰς
1158 2073 1360 2136 πίστιν,
1395 2073 1482 2126 ὅτε
1525 2071 1728 2136 πάντες
1757 2073 1806 2124 οἱ

233 2157 354 2227 πρὶν
377 2159 719 2230 ἀρπακτικοί
745 2179 805 2215 τε
833 2162 929 2216 καὶ
954 2161 1241 2233 θηριώδεις
1262 2163 1358 2234 τὴν
1381 2162 1551 2234 αὐτὴν
1571 2159 1718 2232 εἰχον
1748 2163 1807 2216 ἐν

244 2247 534 2320 Ἐκκλησία
563 2253 678 2315 τοῖς
715 2252 942 2323 ἡμέροις
973 2253 1223 2323 τροφὴν,
1252 2254 1478 2326 Γραφὴν
1524 2254 1623 2324 τὴν
1655 2255 1807 2310 θείαν

231 2342 534 2412 νεμόμενοι.
569 2345 678 2398 Καί
707 2363 792 2409 τις
841 2345 969 2417 ίὼδη
997 2347 1200 2418 τρόπον
1239 2348 1400 2420 ἔχων,
1430 2348 1624 2402 τούτου
1670 2366 1806 2402 παυ-

230 2433 451 2504 σάμενος
475 2437 692 2508 τροφὴν
715 2439 976 2510 ἐτρέφετο
1011 2439 1257 2512 λογικὴν,
1292 2441 1415 2495 ἀντὶ
1457 2441 1581 2511 γῆς.
1615 2439 1804 2494 Τοιοῦ-

225 2541 300 2578 τοι
319 2526 372 2578 δὲ
401 2528 718 2596 γεγονότες,
753 2529 870 2592 πῶς
915 2530 996 2582 ἔτι
1047 2531 1305 2600 βλάπτειν
1338 2532 1628 2602 ήδύναντος
1650 2533 1806 2585 Ἔστι

227 2613 274 2666 δὲ
306 2613 390 2668 διὰ
411 2616 631 2670 τοῦτων
666 2617 760 2670 καὶ
805 2617 914 2670 τῶν
947 2619 1038 2672 δύο
1065 2619 1210 2672 λαῶν
1233 2621 1470 2674 νοεῖσθαι
1500 2620 1598 2692 τὴν
1642 2622 1720 2682 εἰς
1747 2621 1805 2673 ἓν

228 2707 552 2780 συνδρομήν.
585 2709 664 2762 Τὰ
707 2709 806 2780 μὲν
839 2711 944 2782 γὰρ
971 2713 1092 2781 ἱερὰ
1125 2713 1258 2777 ζῶα,
1301 2714 1394 2764 καὶ
1427 2713 1639 2777 Θυσίαις
1665 2713 1806 2766 κατά

225 2795 305 2848 τὸν
347 2799 526 2870 νόμον
581 2802 854 2872 ἁρμόδια,
908 2804 1164 2874 σημαίνει
1203 2805 1295 2858 τὸν
1335 2805 1572 2876 Ἰσραήλ.
1624 2806 1705 2859 Τὰ
1747 2804 1804 2858 δὲ

223 2887 416 2960 ἀνίερα,
441 2891 552 2945 καὶ
573 2891 756 2964 θηρία,
792 2895 917 2958 τοὺς
956 2895 1202 2960 ὲθνικοὺς
1233 2895 1382 2966 ὁμοῦ
1405 2896 1803 2968 τρεφομένους

222 2979 285 3032 τά
312 2999 368 3034 τε
409 2980 545 3036 θεῖα
582 2984 903 3061 μαθήματα,
939 2987 1031 3039 καὶ
1062 2987 1154 3041 τὸν
1191 2987 1444 3058 οὐράνιον
1478 2988 1663 3058 ἄρτον.
1697 2985 1806 3058 Τή-

223 3088 298 3142 ρει
334 3073 409 3140 δὲ,
437 3074 530 3139 ὡς
566 3076 668 3129 οὐκ
702 3076 940 3148 εἴρηται,
982 3079 1050 3132 τὰ
1077 3077 1260 3150 ἥμερα
1297 3083 1398 3152 τῆς
1443 3081 1553 3135 τῶν
1600 3080 1824 3154 θηρίων

223 3163 460 3230 μεθέξειν
511 3165 743 3235 τροφῆς,
787 3166 922 3220 ἀλλὰ
953 3169 1287 3223 τούναντίον.
1325 3167 1666 3222 Ἀκολουθεῖν
1703 3169 1807 3238 γὰρ

1913 1977 2312 2045 apostolorum,
2345 1979 2490 2048 quod
2523 1977 2575 2030 in
2616 1975 2882 2031 Ecclesiis
2903 1975 3164 2030 omnibus
3195 1973 3231 2027 ii
3263 1975 3495 2028 semina-

1913 2078 2071 2128 runt;
2107 2069 2308 2143 quibus
2354 2079 2632 2138 antequam
2695 2068 2988 2122 clamarent
3024 2084 3056 2119 τι
3104 2083 3160 2121 se
3187 2065 3497 2120 extrudimur

1913 2163 1982 2214 iri
2017 2161 2296 2231 pollicitus
2328 2168 2413 2216 est
2446 2160 2734 2216 Dominus.
2769 2159 2928 2226 Quod
2967 2173 3034 2214 eo
3075 2166 3324 2226 tempore
3357 2173 3496 2226 prae-

1915 2251 2078 2316 stitit,
2111 2265 2220 2320 quo
2257 2251 2510 2322 patratis,
2541 2260 2599 2304 ut
2629 2251 2890 2306 Actorum
2931 2246 3118 2304 narrat
3171 2248 3401 2304 historia
3426 2249 3494 2310 δ’,

1915 2347 1968 2400 in
2003 2361 2195 2402 eorum
2249 2346 2630 2412 conversione,
2683 2345 2776 2414 qui
2823 2342 2890 2397 ad
2923 2343 3082 2397 ﬁdem
3131 2342 3494 2400 vocabantur.

1913 2437 2223 2504 miraculis,
2252 2437 2346 2508 qui
2377 2437 2532 2506 prius
2591 2437 2775 2505 rapaci
2807 2443 2860 2490 et
2899 2433 3065 2506 ’148
3111 2431 3292 2490 ferino
3341 2448 3499 2488 more

1914 2528 2191 2594 vivebant,
2209 2527 2400 2583 eodem
2420 2541 2613 2582 omnes
2637 2525 2773 2591 cibo,
2809 2524 2864 2578 id
2891 2533 3000 2588 est,
3026 2523 3314 2594 Scriptura
3339 2541 3497 2580 sacra

1913 2634 2038 2674 cum
2069 2619 2353 2674 cicuribus
2371 2629 2424 2674 et
2462 2617 2791 2684 mansuetis,
2820 2618 2874 2670 in
2903 2615 3162 2684 Ecclesia,
3191 2617 3343 2686 pasci
3365 2631 3501 2670 con-

1912 2711 2054 2778 tigit.
2095 2707 2210 2766 [mo
2239 2720 2294 2766 et
2323 2711 2418 2781 qui
2447 2709 2697 2764 moribus
2755 2719 2913 2764 erant
2945 2711 3255 2772 venenatis,
3301 2709 3494 2765 iisdem

1913 2801 2179 2872 depositis
2211 2817 2320 2856 non
2352 2811 2500 2858 terra
2529 2801 2785 2873 amplius,
2812 2804 2908 2857 sed
2932 2803 3192 2858 rationali
3221 2803 3346 2859 cibo
3396 2821 3498 2858 nu-

1915 2894 2240 2950 triebantur.
2275 2893 2555 2964 Ejusmodi
2599 2903 2781 2950 autem
2815 2909 2939 2950 cum
2976 2895 3213 2952 abierint
3271 2899 3365 2969 qui
3395 2914 3498 2952 no~

1913 2997 2039 3040 cere
2061 2983 2176 3054 jam
2205 2985 2460 3039 valeant?
2495 2984 2591 3040 Est
2617 2999 2750 3039 vero
2785 2999 2880 3054 per
2909 2984 3098 3040 istlttec
3148 2987 3314 3040 etiam
3359 2987 3499 3042 duo.

1914 3089 2036 3128 runt
2092 3076 2420 3146 populorum
2471 3090 2778 3132 concursus
2815 3075 2872 3129 in
2900 3090 3069 3130 unum
3125 3077 3492 3148 signiﬁcatus.
3535 3124 3542 3130 .

1915 3165 2100 3221 Sacris
2131 3167 2276 3220 enim
2311 3167 2664 3232 animalibus,
2701 3173 2756 3221 et
2781 3165 2848 3220 ad
2897 3167 3296 3222 sacriﬁciorum
3335 3183 3495 3223 usum

215 3249 317 3305 ἔδει
337 3252 406 3307 τά
430 3253 618 3326 χείρω
651 3258 764 3318 τοῖς
793 3249 1122 3326 κρέίττοσίν,
1149 3256 1224 3322 ὡς
1253 3259 1368 3322 τοῖς
1391 3241 1712 3322 ἀποστόλοις
1737 3261 1804 3314 τὰ

1913 3257 2216 3312 secundum
2258 3258 2430 3328 legem
2481 3257 2942 3327 congruentibus,
2977 3257 3234 3313 lsraelem
3287 3261 3498 3330 signiﬁ-

215 3338 356 3412 Ιθνη.
388 3344 552 3415 Πρδς
583 3341 640 3398 δὲ
660 3346 788 3410 τοὺς
819 3345 1102 3416 οἰομένους
1145 3348 1213 3402 τὰ
1243 3347 1374 3420 ἔθνη
1396 3347 1600 3402 τούτων
1622 3351 1806 3420 τυχεῖν

225 3433 524 3502 Ἰουδαίους
569 3438 626 3490 ἐν
671 3439 738 3511 τῇ
781 3439 990 3510 παλαιᾷ
1035 3439 1416 3514 Ἰερουσαλὴμ,
1458 3441 1695 3514 ἐροῦμεν
1731 3443 1808 3506 ὡς

212 3528 439 3599 οὐδαμοῦ
491 3530 688 3585 αὐτῶν
717 3533 776 3586 ἐν
809 3533 1022 3597 τούτοις
1051 3533 1139 3586 ἐπ’
1185 3533 1412 3603 ἀγαθοῖς
1443 3537 1654 3607 μνήμη,
1689 3535 1804 3588 ἀλλ’

210 3619 590 3692 ἀσεὸημάτων
633 3622 949 3694 όνειδισμοί.
980 3624 1046 3676 Τί
1098 3624 1155 3678 δὲ
1201 3626 1264 3678 τὸ
1302 3626 1600 3694 ἀναγκαῖον
1627 3625 1698 3681 ἑν
1723 3624 1805 3691 τῷ

209 3709 348 3779 ἁγίῳ
389 3713 532 3782 ὄρει
585 3712 749 3784 θηρία
775 3715 1128 3786 τυγχάνεινς,
1164 3713 1235 3768 "H
1270 3715 1386 3779 πῶς
1437 3713 1594 3770 τοῦτο
1654 3716 1803 3782 θείας

213 3801 352 3869 ἀξιον
377 3807 490 3860 ἐπα
507 3805 767 3878 γγελίας;
798 3795 974 3876 ὅρους
1004 3808 1060 3862 δὲ
1091 3807 1355 3880 μνησθεὶς
1381 3808 1554 3878 ἁγίου
1603 3809 1766 3880 φησίν
1786 3825 1801 3840 ·

221 3893 278 3950 '0
317 3899 596 3969 οὐρανός
633 3917 736 3970 μοι
779 3902 1014 3970 θρόνος,
1049 3901 1143 3956 καὶ
1175 3901 1244 3955 τά
1288 3903 1375 3955 ἐπ’
1415 3901 1584 3972 αὐτῷ.
1629 3903 1704 3954 Δι’
1729 3892 1804 3956 ὧν

211 3989 490 4061 προδήλως
533 3995 879 4064 παραινεῖται
909 3995 1012 4066 τὴν
1032 3993 1125 4047 ἐπὶ
1149 3994 1252 4066 γῆς
1281 3993 1660 4066 Ἰερουσαλὴμ,
1689 3989 1802 4066 [ἣν]

209 4079 514 4134 ἀκόλουθον
565 4083 828 4154 τοιαύτην
873 4079 1014 4138 εἶναι
1065 4085 1460 4154 φαντάζεσθαι.
1492 4087 1604 4140 Καὶ
1649 4087 1804 4141 λαὸν

211 4171 318 4244 γὰρ
344 4174 570 4228 καινὸν
601 4175 726 4248 ἔφη,
753 4177 852 4230 καὶ
883 4175 1074 4248 ὄνομα
1113 4178 1341 4235 καινόν.
1380 4177 1590 4244 ’Λλλως
1621 4197 1678 4232 τε
1709 4181 1804 4234 καὶ

209 4260 360 4318 εἶπεν
384 4268 463 4320 οὐ
503 4266 592 4336 μὴ
632 4267 952 4336 μνησθῶσι
986 4269 1106 4324 τῶν
1129 4269 1433 4338 προτέρων
1472 4270 1580 4326 ἔτι.
1615 4271 1713 4325 Διά
1745 4270 1802 4326 δὲ

209 4354 312 4409 τῶν
342 4357 501 4427 ἑξῆς,
526 4359 624 4412 καὶ
648 4359 718 4414 τά
755 4358 774 4398 1
809 4360 1000 4426 θυσίας
1045 4361 1226 4415 αὐτῶν
1265 4363 1692 4436 ἀποστρέφεται,
1733 4365 1802 4418 δι’

203 4439 277 4500 ὧν
321 4449 590 4522 ἐνόμιζον
647 4451 914 4516 εὐσεϐεῖν,
974 4455 1068 4508 τὸν
1112 4457 1385 4522 ταπεινὸν,
1443 4459 1540 4510 καὶ
1579 4458 1802 4528 ἡσύχιον

209 4541 373 4608 μόνον
406 4543 839 4614 ἀποδεχόμενος.
874 4545 1018 4616 Πρὸς
1045 4545 1102 4598 δὲ
1132 4547 1193 4598 τὸ
1240 4545 1414 4616 παρὸν
1459 4546 1624 4617 ῥητὸν
1662 4547 1797 4616 ἔφα-

202 4631 302 4686 σάν
333 4650 515 4702 τινες,
543 4634 620 4698 ὡς
657 4634 856 4699 ἱκανῶς
891 4638 1333 4706 μυσταγωγήσας
1364 4638 1488 4702 τοὺς
1528 4637 1795 4703 ὲθνικοὺς,

202 4723 543 4788 μεθίσταται
574 4725 762 4780 λοιπὸν
789 4727 878 4780 ἐπ’
906 4726 1068 4780 αὐτὸν
1101 4727 1204 4799 ἠδη
1229 4727 1322 4781 τὸν
1360 4727 1598 4800 Ἰσραὴλ,
1641 4731 1798 4784 ἀποί-

195 4828 308 4866 σων
345 4815 526 4869 αὐτὸν
549 4815 648 4885 τῆς
675 4818 850 4880 σκιᾶς.

1913 3347 2051 3400 cavit
2085 3363 2102 3416 ;
2157 3360 2218 3403 ut
2245 3363 2339 3417 per
2401 3347 2634 3418 profana
2665 3357 2718 3402 e-t
2783 3347 2917 3413 fera,
2941 3357 3132 3419 gentes
3174 3350 3347 3420 ipsas,
3375 3367 3498 3420 quae

1911 3441 1965 3494 in
1995 3441 2170 3497 sacris
2188 3441 2350 3493 simul
2367 3440 2696 3510 disciplinis,
2722 3441 3051 3510 caelestique
3080 3458 3219 3511 pane
3245 3445 3496 3498 nutriun-

1912 3540 2019 3587 tur.
2040 3531 2292 3588 Observa
2327 3539 2534 3597 autem,
2577 3543 2638 3588 ut
2671 3549 2794 3604 qua:
2823 3544 3109 3590 mansueta
3157 3546 3305 3600 sunt,
3350 3536 3498 3592 fero-

1909 3641 2030 3678 rum
2067 3625 2313 3680 alimenti
2345 3625 2638 3694 participia
2678 3623 2796 3679 fore
2858 3641 2966 3680 non
3013 3626 3184 3694 dixit;
3221 3628 3316 3682 sed
3363 3644 3496 3682 cou-

1909 3725 2012 3772 tra.
2071 3717 2264 3772 Decuit
2308 3716 2454 3771 enim
2503 3732 2626 3786 qum
2675 3716 2951 3772 deteriora
2999 3729 3150 3784 sunt,
3200 3735 3264 3774 ea
3311 3724 3492 3790 sequi,

1906 3823 2030 3878 quae
2051 3807 2449 3878 praestantioris
2463 3816 2645 3864 essent
2672 3807 3036 3876 conditionis;
3069 3821 3126 3864 ut
3155 3819 3346 3880 gentes
3363 3830 3498 3884 apo-

1906 3899 2100 3955 stolos.
2132 3897 2396 3954 lJtautem
2425 3901 2494 3956 iis
2518 3901 3074 3972 respondeanius,qui
3093 3903 3161 3958 de
3177 3902 3492 3961 Judazorum

1909 4009 2167 4061 numero,
2197 3994 2456 4066 gentibus
2499 3995 2604 4051 ista
2637 3997 2692 4049 in
2728 4003 2912 4051 vetere
2963 3994 3262 4052 JeruSaIem
3319 4001 3492 4052 conti-

1905 4087 2050 4158 gisse
2099 4087 2472 4142 arbitrantur:
2523 4088 2770 4145 dicemus
2799 4102 2992 4144 eorum
3024 4089 3113 4144 hic
3146 4089 3298 4144 nullo
3331 4092 3498 4146 modo

1907 4181 1958 4234 in
1980 4181 2251 4236 bonorum
2287 4181 2504 4238 ratione
2530 4183 2864 4238 mentionem
2897 4179 3032 4246 ﬁeri,
3053 4182 3148 4238 sed
3177 4183 3490 4252 impietatt-s

1904 4266 2482 4342 exprobrari.Deinde,
2519 4271 2614 4342 qui
2641 4281 2762 4326 erat
2781 4287 3007 4327 necesse
3036 4273 3093 4326 in
3113 4282 3289 4340 monte
3305 4287 3492 4326 sancto

1908 4364 2052 4418 feras
2075 4363 2239 4421 esse?
2267 4371 2362 4418 aut
2414 4380 2526 4434 quo
2554 4374 2718 4436 pacto
2753 4363 2918 4420 fuerit
2959 4365 3102 4420 istud
3138 4364 3324 4418 divina
3363 4381 3490 4434 pro-

1906 4456 2173 4512 missione
2197 4473 2306 4513 non
2330 4458 2660 4529 indignum?
2709 4458 2854 4513 facta
2886 4474 3050 4530 porro
3073 4458 3248 4514 sancti
3291 4471 3489 4512 manus

1907 4551 2210 4616 mentione,
2241 4551 2429 4604 caelum
2459 4551 2661 4620 ipsum,
2713 4560 2765 4604 et
2795 4567 2916 4621 quae
2947 4551 3003 4604 in
3034 4565 3100 4606 eo
3129 4561 3281 4615 sunt,
3312 4549 3490 4604 sedem

1907 4638 2010 4692 sibi
2034 4657 2148 4694 esse
2177 4641 2402 4709 adjicit:
2435 4641 2638 4710 quibus
2683 4642 2865 4696 verbis
2893 4639 3224 4706 Jerusalem,
3276 4656 3396 4711 qua:
3433 4642 3488 4694 in

1905 4731 2070 4786 terris
2099 4738 2204 4796 est,
2235 4742 2423 4801 aperte
2457 4732 2698 4801 respuit;
2731 4746 2896 4802 quam
2933 4732 3057 4787 ideo
3093 4733 3252 4786 talem
3300 4731 3488 4787 haberi

1907 4839 2016 4880 non
2051 4825 2216 4880 fuerit
2264 4828 2654 4896 incongruum,
2707 4826 2852 4894 quod
2899 4825 3150 4894 populum
3207 4834 3484 4888 recentem,

195 4921 504 4976 nomenque
529 4923 714 4961 novum
757 4908 1062 4964 habituram
1100 4909 1345 4978 monuit;
1375 4911 1632 4982 quodque
1659 4915 1794 4970 alias
1868 4917 2107 4982 priorum
2141 4933 2246 4971 non
2309 4933 2422 4971 esse
2477 4915 2848 4970 recordatur-os
2893 4918 3122 4985 amplius
3175 4914 3484 4970 allirrnavit.

194 4997 298 5054 Per
324 5015 395 5054 ea
439 5015 631 5071 porro,
693 5018 814 5072 quae
889 5012 1220 5074 sequuntur,
1271 5014 1326 5060 et
1364 5021 1558 5062 eorum
1595 5010 1868 5066 sacriﬁcia
1907 5021 2232 5080 aversatur;
2267 5029 2365 5083 per
2390 5029 2512 5085 quae
2537 5029 2596 5068 se
2619 5013 3016 5084 piosexsistere
3045 5013 3334 5082 putabant,
3359 5029 3485 5068 cum

193 5097 474 5152 humilem
507 5105 719 5151 tantum
764 5109 817 5154 et
843 5099 1092 5170 quietum
1135 5105 1522 5175 amplectatur.
1559 5106 1638 5162 Ad
1691 5107 1806 5164 haec
1841 5121 2024 5165 autem
2055 5112 2218 5166 verba
2239 5128 2346 5165 non
2381 5112 2600 5178 desunt,
2629 5113 2724 5182 qui
2748 5121 3026 5174 moneant,
3087 5110 3180 5164 ubi
3231 5111 3486 5167 ethnicos

189 5188 334 5244 satis
358 5190 639 5261 mysteria
669 5190 968 5254 docuisset,
1006 5192 1268 5266 deinceps
1301 5196 1371 5250 ad
1403 5197 1583 5267 ipsqu
1615 5201 1880 5256 continuo
1918 5202 2174 5258 lsraelem
2217 5205 2503 5269 transisse,
2576 5212 2634 5258 ut
2669 5219 2795 5258 eum
2848 5203 3040 5258 umbra
3099 5203 3376 5257 liberaret.

795 5284 1046 5340 ΚΕΦΛΛ.
1067 5284 1202 5354 squ

211 5372 367 5428 σι’-δ’.
402 5373 612 5440 Οὕτως
641 5373 806 5444 λέγει
855 5377 1105 5445 Κύριοςο
1149 5378 1212 5432 Ὀ
1241 5383 1499 5448 οὐρανός
1541 5400 1636 5452 μοι
1661 5382 1794 5450 θρό-

184 5475 314 5530 νος,
351 5465 463 5518 καὶ
511 5465 549 5538 ἡ
580 5467 654 5535 γῆ
697 5468 1034 5522 ὑποπόδιον
1068 5470 1186 5524 τῶν
1213 5473 1414 5526 πεδῶν
1445 5492 1584 5542 μου.
1617 5473 1793 5528 Ποῖον

254 5645 481 5699 “Geni.
536 5661 618 5711 ιιι,
679 5648 758 5702 l6.
837 5650 882 5682 θ’
911 5649 1032 5704 Act.
1077 5651 1252 5715 n.45.

261 5831 280 5870 ¹
325 5853 422 5892 γρ.
461 5835 582 5892 τὰς.

331 5855 362 5903 ;·
410 5877 422 5888 .
461 5853 582 5896 τας.

354 5853 400 5902 ρ
547 5933 816 5994 ΙδΑΤιιΟΙ..
851 5933 963 5996 Gtt.
1007 5931 1386 5994 LXXXVII.

2497 5295 2649 5351 CAP.
2690 5293 2878 5352 LXVI.

1976 5388 2142 5444 Vens.
2177 5389 2288 5443 1-4,
2325 5387 2414 5443 Sic
2443 5389 2574 5442 dicit
2609 5387 2868 5443 Dominus
2893 5405 2911 5442 :
2936 5388 3136 5442 Caelum
3164 5391 3309 5442 sedes
3345 5404 3476 5446 mm,

1899 5489 1946 5531 et
1980 5489 2124 5550 terra
2155 5481 2444 5535 scabellunt
2499 5479 2688 5548 pedum
2739 5498 2996 5535 meorum.
3063 5481 3192 5544 Quit:
3250 5489 3327 5532 est
3377 5478 3480 5529 i:..':t

1501 5743 1733 5796 V.\li|;l‘.
1777 5741 2177 5796 LECTIONES.
