3978 6414
534 377 675 444 2699

1813 375 2160 437 PROCOPII
2195 375 2434 436 GAZIEI

3647 384 3769 450 2700

530 497 744 556 domus,
777 505 936 560 quam
965 488 1302 560 tediﬁcrrbitis
1340 489 1512 544 mihi?
1545 496 1594 542 et
1626 488 1743 558 quis
1793 499 1871 543 est
1905 493 2002 542 iste
2041 488 2121 543 lo-

2238 484 2396 544 οἶκον
2421 490 2850 560 οἰκοδομήσετέ
2871 510 2974 562 μοι
3001 509 3020 557 ;
3048 494 3144 548 καί
3174 492 3345 558 ποῖος
3368 493 3539 559 τόπος
3564 494 3661 564 τῆς
3684 515 3772 553 κα.

535 599 626 639 rus
650 581 990 652 requietiouis
1012 581 1188 635 metu?
1217 590 1320 636 etc.

603 673 702 730 Est
729 688 860 728 vero
892 673 1132 728 lntmano
1165 691 1315 731 more
1339 677 1582 743 loculus,
1614 690 1736 732 cum
1762 674 1904 730 sedis
1932 684 1983 728 et
2005 689 2125 727 sca-

535 767 658 820 belli
687 765 913 821 nomina
941 767 1252 837 usurpavit.
1283 769 1358 825 De
1378 771 1660 840 sacriﬁciis
1685 783 1819 824 vero
1855 767 1992 838 ipsis
2015 781 2125 822 non

537 859 888 915 dissimiliter
921 861 1144 918 locutus
1173 872 1346 919 est-et
1397 863 1594 930 David,
1633 863 1724 918 ubi
1752 863 1805 918 in
1843 861 1959 916 haec
2003 875 2129 916 ver—

539 954 604 1008 ba
667 953 744 1008 ait
784 969 800 1010 :
852 971 871 1005 ι
919 953 977 1009 Si
1032 957 1319 1022 esuriem,
1364 973 1547 1013 nonne
1590 958 1768 1012 dicam
1813 954 1958 1012 tibi?
1994 967 2129 1008 mea:

538 1047 812 1118 siquidem
846 1055 978 1103 sunt
997 1063 1191 1105 omnes
1224 1047 1356 1105 ferae
1391 1051 1571 1122 agri“
1599 1069 1647 1115 ,ι
1709 1057 1764 1105 ει
1800 1063 1924 1120 quae
1969 1047 2129 1103 dein-

535 1155 688 1210 ceps.
717 1140 787 1193 At
817 1138 1106 1210 propheta,
1161 1139 1382 1210 rejectis
1447 1141 1864 1214 repudiatisqne
1916 1136 2130 1194 sacriﬁ-

535 1229 660 1290 eiis,
703 1229 1078 1298 evangelicam
1122 1230 1298 1301 legem
1331 1229 1498 1304 749
1551 1231 1901 1304 (humilitate,
1933 1239 1980 1285 et
2015 1239 2126 1284 tre-

535 1336 699 1384 more,
725 1321 889 1374 etiam
945 1321 1281 1392 praepositis)
1311 1323 1639 1379 introducit.
1671 1321 1771 1378 Est
1797 1327 1979 1376 autem
2006 1319 2130 1374 ani-

533 1410 1014 1480 madvertendum,
1033 1412 1203 1468 scribi
1229 1428 1362 1480 non,
1382 1413 1595 1484 iniquus
1614 1422 1812 1481 autem,
1836 1419 1898 1470 ut
1914 1412 2130 1468 caeteris

535 1502 734 1572 placet,
758 1501 878 1568 sed,
910 1503 1002 1573 qui
1035 1505 1278 1558 immolat
1310 1505 1510 1560 bouem.

600 1595 808 1666 Adjicit
836 1595 1036 1652 deinde
1067 1580 1308 1663 Israelis,
1339 1597 1701 1668 quantumvis
1727 1597 2130 1669 primogenitus

533 1691 628 1756 sit,
665 1689 954 1758 rejiciendi
988 1704 1256 1758 causam;
1288 1705 1414 1746 cum
1443 1693 1557 1746 vias
1600 1707 1731 1746 suas
1774 1706 1870 1748 eos
1915 1693 2130 1764 elegisse

533 1784 692 1848 dicit,
726 1783 822 1854 qui
859 1784 913 1837 in
958 1783 1125 1840 rebus
1162 1786 1499 1842 necessariis
1539 1785 1780 1857 iniustos
1821 1800 1882 1842 se
1915 1786 2130 1856 iudices

2232 582 2588 649 ταπαύσεώς
2605 600 2765 652 μους
2796 601 2850 638 κ.
2875 602 2930 639 τ.
2957 585 3008 640 λ.

2250 664 2256 669 ’
2319 674 2702 745 Ἀνθρωπίνως
2735 675 2793 730 δὲ
2835 677 2896 730 τὸ
2939 677 3176 746 θρόνος,
3213 678 3308 732 καὶ
3366 679 3430 733 τὸ
3478 681 3782 738 ὑποπόδιον

2235 767 2472 839 εἴρηται.
2497 768 2642 839 Περὶ
2661 768 2720 822 δὲ
2748 769 2858 824 τῶν
2883 771 3107 839 θηρίων
3146 771 3452 840 συμφώνως
3485 770 3667 842 ψάλλει
3693 777 3783 828 Δα-

2235 859 2320 914 ϐίδ
2343 874 2358 890 ·
2395 877 2414 914 ι
2459 860 2586 916 Ἐὰν
2619 863 2883 926 πεινάσω,
2915 864 2976 916 οὐ
3015 863 3090 934 μή
3117 863 3395 929 aetatum;
3426 864 3532 930 ἐμὰ
3567 866 3668 936 γάρ
3688 869 3784 922 ἐστι

2235 953 2413 1008 πάντα
2437 955 2508 1010 τὰ
2551 953 2718 1027 θηρία
2756 952 2854 1008 τοῦ
2887 954 3082 1024 ἀγροῦ,
3131 972 3150 1006 ›
3198 954 3295 1009 καὶ
3323 955 3395 1008 τὰ
3431 956 3683 1026 ἑπόμενα.
3737 957 3786 1012 '0

2232 1045 2290 1100 δὲ
2318 1046 2608 1120 προφήτης
2637 1047 2737 1112 τὰς
2763 1045 2954 1110 θυσίας
2983 1045 3299 1112 ἀποϐαλὼν,
3327 1046 3436 1119 τὴν,
3454 1048 3787 1119 εὐαγγελικὴν

2232 1141 2527 1212 εἰσήγαγεν
2577 1138 2872 1205 πολιτείαν,
2905 1139 2972 1194 τὸ
3003 1139 3312 1205 ταπεινὸν,
3355 1138 3686 1208 καί-πρᾶον,
3711 1143 3790 1195 καὶ

2230 1231 2460 1296 εὐλαϐὲς
2501 1233 2805 1304 προτίμων.
2829 1231 2906 1286 Οὐ
2945 1235 3124 1287 κεῖται
3150 1232 3208 1287 δὲ
3241 1231 3386 1286 κατὰ
3419 1231 3545 1295 τοὺς
3572 1231 3786 1300 λοιποὺς,

2231 1327 2264 1380 ὁ
2292 1323 2363 1378 δὲ
2399 1324 2647 1397 ἄνομος,
2686 1325 2801 1379 ἀλλ’
2828 1327 2864 1380 ό
2887 1323 2956 1380 δὲ
2977 1321 3301 1396 σφαδάζων
3327 1324 3588 1394 μόσχον.

2303 1588 2418 1660 Τὴν
2444 1587 2502 1642 δὲ
2522 1589 2624 1661 τῆς
2656 1590 2931 1663 ἀποϐολῆς
2962 1589 3057 1646 τοῦ
3091 1590 3314 1664 Ἰσραὴλ
3365 1591 3548 1647 αἰτίαν
3585 1594 3672 1646 καί
3723 1611 3791 1647 τοι

2231 1684 2585 1753 πρωτοτόκου
2635 1683 2944 1753 γεγονότος,
2998 1684 3196 1753 ἐπάγει
3248 1683 3429 1750 λέγων
3464 1700 3480 1716 ·
3539 1685 3644 1738 Kal
3667 1678 3793 1740 οὗτοι

2230 1774 2595 1841 ἐξελέξαντο
2620 1776 2728 1843 τὰς
2754 1775 2937 1844 ὀδοὺς
2964 1776 3187 1843 αὐτῶν,
3212 1779 3311 1830 οὐκ
3359 1777 3514 1850 ὀρθοὶ
3539 1779 3794 1847 γεγονότες

534 1852 914 1945 praebuerunt,
967 1890 1108 1946 quos
1155 1877 1286 1932 duci
1337 1877 1563 1933 Christo
1595 1852 1810 1948 vparere
1861 1852 2126 1948 oportuit.

2238 1877 2291 1930 ὲν
2345 1872 2671 1942 ἀναγκαίοις
2731 1872 3024 1944 πράγμασι
3067 1872 3346 1938 δικασταὶ,
3404 1873 3524 1926 δέον
3574 1873 3795 1941 εἰσηγου-

537 1965 836 2035 Deinceps,
881 1965 1013 2036 quia
1063 1967 1131 2020 ad
1175 1973 1418 2021 veterem
1450 1966 1616 2021 etiam
1662 1966 2029 2037 impietatem,
2075 1976 2132 2022 et

533 2055 963 2110 abominationes
996 2056 1232 2112 rediisse
1257 2056 1375 2122 ait;
1411 2064 1467 2111 et
1496 2072 1570 2111 se
1595 2072 1821 2128 quoque
1851 2057 2130 2114 illusiones

531 2165 740 2215 eorum,
775 2150 828 2203 id
862 2158 968 2216 est,
996 2151 1294 2207 illudentes
1328 2151 1464 2221 ipsis
1493 2160 1548 2204 et
1571 2151 1905 2209 insultantes
1928 2151 2133 2208 Roma-

532 2255 658 2305 nos,
699 2239 998 2295 electurum
1047 2257 1110 2297 ea
1163 2243 1231 2299 de
1280 2257 1452 2299 causa
1503 2243 1816 2314 signiﬁcat;
1871 2247 2043 2315 quod,
2072 2255 2132 2301 ut

532 2332 701 2386 etiam
751 2342 914 2389 antea
965 2334 1180 2409 dictum
1232 2342 1341 2400 est,
1403 2337 1577 2406 uocati
1626 2354 1732 2392 non
1783 2340 2128 2396 attenderint.

546 2423 771 2480 Vocatos
803 2433 991 2480 autem
1023 2425 1200 2483 fuisse
1227 2428 1310 2482 vel
1355 2428 1483 2483 istis
1512 2431 1850 2500 constiterit,
1888 2431 1983 2486 ubi
2019 2432 2129 2488 ait:

537 2538 556 2569 ι
604 2517 868 2574 Accedite
909 2519 973 2571 ad
1007 2534 1114 2585 me,
1158 2534 1354 2576 onmes
1385 2524 1478 2591 qui
1509 2522 1777 2580 laboratis
1820 2531 1875 2579 et
1915 2525 2130 2580 onerati

532 2609 698 2674 estis;
732 2617 789 2664 et
842 2625 946 2681 ego
997 2609 1243 2666 reﬁciam
1277 2627 1376 2667 vos
1408 2611 1478 2668 “.
1513 2631 1534 2666 θ
1573 2614 1843 2670 Caeterum
1893 2629 2016 2686 qua:
2065 2616 2134 2672 de

534 2703 696 2758 anulis
727 2702 871 2758 dicta
899 2712 1048 2770 sunt,
1079 2703 1148 2758 ad
1179 2703 1457 2761 diuturnae
1482 2707 1609 2762 vita:
1657 2717 1908 2777 tempora
1939 2707 2133 2765 referri

535 2795 867 2864 simpliciter
901 2797 1255 2853 arbitrantur
1298 2799 1582 2867 nonnulli;
1628 2800 1675 2856 si
1713 2801 1862 2871 leges
1891 2815 1987 2858 eos
2029 2801 2133 2857 ob-

537 2901 764 2944 servare
800 2889 1113 2958 contingat.
1144 2889 1222 2945 lta
1249 2892 1393 2947 enim
1437 2902 1492 2947 et
1523 2894 1807 2964 regionem
1843 2893 2133 2952 habituros

533 2995 658 3036 esse
681 2981 1186 3053 inexpugnabilem,
1208 2993 1260 3038 et
1283 2983 1526 3051 fructus,
1551 2995 1812 3056 tanquam
1843 2987 1897 3041 in
1935 2988 2132 3055 hortis,

537 3079 804 3143 perpetuo
825 3073 1076 3145 vigentes
1102 3093 1115 3129 :
1157 3091 1279 3146 qua:
1314 3092 1439 3131 cum
1467 3087 1657 3134 essent
1685 3079 1970 3149 praedicta,
2003 3095 2135 3152 pro-

2237 1969 2388 2042 μένῳ
2415 1965 3048 2040 πειθαρχῆσαιΧριστῷ.
3075 1963 3210 2020 Εἶτα
3257 1968 3354 2020 καὶ
3403 1965 3542 2035 πρὸς
3571 1966 3664 2036 τὴν
3710 1966 3794 2036 ἀρ-

2234 2061 2394 2133 χαίαν
2424 2059 2739 2131 ἀνατρέχων
2765 2069 2806 2098 ιιι
2835 2057 3115 2124 ἀσέϐειαν,
3146 2057 3242 2110 κιιί⁸
3299 2057 3370 2110 τὰ
3412 2057 3794 2126 βδελὺγματα,

2233 2145 2369 2219 φησι
2397 2162 2411 2177 ⁸
2443 2146 2534 2200 Διδ
2570 2145 2726 2215 κάγὼ
2759 2146 3082 2215 έκλέξομαι
3110 2145 3182 2200 τὰ
3200 2145 3580 2217 ἐμπαίγματα
3603 2146 3795 2201 αὐτῶν·

2233 2240 2380 2294 τοῦτ’
2409 2239 2548 2305 ἐστι,
2590 2240 2719 2303 τοὺς
2760 2239 3129 2310 ὲμπαίζοντάς
3163 2257 3223 2293 τε
3273 2241 3370 2294 καὶ
3426 2237 3798 2310 ἐμπαροινοῦν·

2233 2350 2330 2398 τας
2362 2334 2568 2399 αὐτοῖς,
2603 2333 2850 2405 δηλονότι
2899 2332 3229 2403 Ῥωμαίους.
3281 2331 3347 2386 Ἦ
3377 2331 3439 2385 δὲ
3479 2333 3648 2396 αἰτία,
3683 2332 3798 2386 διότι

2233 2424 2506 2479 ἐκάλεσα
2560 2425 2781 2492 αὐτοὺς,
2834 2424 2932 2478 καί
2962 2425 3075 2478 οὐκ
3113 2423 3478 2491 ἐπήκουσαν
3503 2439 3626 2495 μου,
3653 2422 3679 2475 δ
3724 2425 3801 2478 καὶ

2235 2521 2342 2593 πρὸ
2363 2518 2571 2575 τούτων
2602 2519 2842 2589 ἐλέγετο.
2882 2519 2946 2573 Ἠ
2970 2520 3029 2574 δὲ
3106 2518 3333 2588 κλῆσις
3363 2535 3378 2550 ο
3424 2537 3445 2571 ι
3487 2516 3652 2572 Δεῦτε
3683 2518 3799 2589 πρός

2239 2631 2305 2686 με
2337 2614 2540 2677 πάντες
2573 2613 2623 2666 οἰ
2671 2611 2999 2677 κοπιῶντες,
3055 2613 3151 2666 κιιλ⁸
3190 2611 3643 2683 πεφορτισμένοι,
3671 2608 3804 2679 κάγὼ

2234 2704 2538 2761 ἀναπαύσω
2569 2705 2734 2775 ὑμᾶς.
2767 2723 2787 2756 s
2827 2702 2911 2757 Τὰ
2937 2703 2994 2756 δὲ
3025 2706 3155 2776 περὶ
3205 2703 3317 2757 τῶν
3370 2703 3516 2756 ὲτῶν
3542 2702 3800 2774 εἰρημένα,

2233 2799 2381 2862 τινὲς
2403 2797 2595 2861 ἁπλῶς
2627 2796 2881 2870 εἰρῆσθαί
2920 2813 3085 2865 φασιν
3114 2796 3208 2850 ἐπὶ
3261 2794 3623 2866 πολυχρονίου
3648 2795 3795 2864 ζωῆς,

2235 2890 2352 2960 εῐγε
2404 2892 2519 2954 τοῖς
2566 2889 2732 2944 αὑτοῦ
2757 2888 2943 2960 νόμοις
2978 2888 3322 2960 ὲμμέννοιεν.
3377 2888 3495 2941 Καὶ
3527 2887 3624 2959 τὴν
3643 2885 3803 2958 χώραν

2234 2983 2345 3055 γὰρ
2371 2983 2681 3053 ἀπόρθητον
2707 2980 2944 3048 ἕξουσιν,
2983 2983 3079 3035 καὶ
3113 2981 3387 3054 καρποὺς,
3449 2981 3526 3046 ὼς
3558 2983 3614 3035 ὲν
3644 2996 3801 3051 παρα-

2235 3076 2434 3140 δείσοις
2494 3074 2788 3138 ἀειθαλείς,
2837 3073 3287 3146 ᾱπρορρηθέντα
3338 3074 3435 3128 διὰ
3475 3075 3578 3147 τὴν
3645 3071 3806 3128 αὐτῶν

537 3175 657 3236 pter
686 3180 876 3222 eorum
921 3168 1396 3236 incredulitatem,
1440 3170 1564 3226 ideo
1602 3187 1720 3227 .non
1754 3174 2131 3244 contigerunt,

2239 3167 2526 3223 ἀπειθείαν
2553 3167 2616 3220 οὐ
2645 3166 2888 3236 γέγονεν.
2918 3164 3260 3229 Μετανοοῦσι
3310 3164 3426 3236 γὰρ
3474 3164 3803 3235 ἐπήγγελται.

535 3258 681 3328 quod
712 3259 1112 3329 paenitentibus
1140 3261 1627 3330 promitterentur.
1671 3261 1944 3318 Futurum
1985 3267 2132 3320 enim

2238 3261 2586 3330 Πειθομένων
2633 3259 2764 3328 γὰρ,
2823 3259 3010 3331 φησὶν,
3059 3256 3480 3328 εὐλογημένον
3529 3256 3695 3311 ἔσται
3751 3254 3806 3327 τι)

534 3358 642 3418 est,
669 3351 874 3422 inquit,
909 3359 968 3405 ut.
998 3367 1218 3417 eorum,
1251 3353 1350 3423 qui
1380 3352 1759 3422 crediderunt,
1783 3372 1958 3411 semen
1987 3359 2138 3412 bene-

536 3445 784 3499 dicatur:
820 3445 933 3499 imo
971 3452 1026 3500 et
1050 3459 1239 3515 pacem
1271 3446 1458 3501 colant
1487 3447 1798 3516 vobiscum,
1825 3459 1880 3504 et
1925 3465 2134 3519 secum,

539 3538 669 3591 l'eraa
735 3537 885 3607 ipsae.
948 3534 1250 3604 Praeterea,
1311 3537 1460 3608 quod
1517 3538 1707 3594 calum
1767 3541 1942 3595 sedem
1981 3559 2136 3598 suam

536 3645 659 3685 esse
695 3629 856 3697 dixit,
891 3631 946 3685 in
975 3631 1184 3687 sanctis
1222 3633 1576 3702 requiescere
1623 3649 1684 3690 se
1712 3632 2130 3693 demonstravit.

535 3721 692 3789 Quod
729 3721 930 3777 deinde
963 3733 1164 3776 terram
1186 3738 1304 3778 esse
1337 3723 1840 3794 scabeltumpedum
1871 3743 2095 3782 suorum
2115 3770 2131 3797 ,

537 3817 617 3869 sic
647 3827 732 3880 ea,
775 3827 898 3884 quae
934 3812 1163 3868 minime
1193 3821 1385 3869 sancta
1413 3823 1566 3882 sunt,
1593 3815 1649 3870 in
1694 3831 1794 3872 sua
1838 3833 1898 3874 se
1932 3819 2135 3875 habere

539 3914 817 3977 potestate
844 3905 1196 3976 signiﬁcavit.
1228 3904 1371 3974 Quia
1417 3917 1604 3964 autem
1637 3909 1818 3965 tribus
1848 3910 1971 3966 dua:
2005 3926 2132 3966 cum

537 3999 792 4066 dimidia,
829 4013 940 4054 non
974 4013 1206 4070 operum
1237 4013 1467 4055 suorum
1497 4008 1555 4054 et
1585 4000 1837 4070 pietatis,
1861 4002 1958 4059 sed
1992 4012 2132 4058 tem-

539 4092 612 4162 pli
660 4091 754 4145 Dei
801 4090 1028 4156 virtute,
1079 4091 1549 4162 expugnationem
1583 4107 1646 4148 se
1689 4107 1814 4148 esse
1863 4095 2134 4152 vitaturus

539 4184 989 4249 arbitrabantur,
1023 4185 1127 4239 ista
1176 4199 1283 4238 non
1343 4184 1473 4251 sibi,
1509 4184 1607 4241 sed
1665 4185 1775 4242 illis
1824 4187 2137 4244 conducere

539 4276 927 4342 demonstrat,
959 4284 1018 4329 ut
1057 4291 1183 4331 cum
1220 4277 1492 4348 legalibus
1526 4277 1870 4349 inhaeserint,
1900 4298 2009 4338 non
2049 4284 2134 4338 in-

541 4370 738 4442 dignos
764 4385 823 4425 se
850 4377 1136 4440 praestent,
1172 4371 1265 4441 qui
1302 4371 1357 4426 in
1409 4372 1545 4442 ipsis
1600 4374 1830 4454 habitet.
1870 4377 2133 4434 Aversari

543 4479 602 4516 se
633 4470 900 4534 pra-terea
941 4462 1155 4517 hostias
1185 4461 1482 4532 significat,
1515 4478 1639 4533 quae
1669 4465 1738 4518 ab
1765 4466 1935 4521 animi
1963 4472 2134 4526 recti-

2240 3353 2498 3422 σπέρμα.
2527 3350 2850 3423 Εἰρηιιεύσει
2878 3367 2937 3403 τε
2967 3351 3103 3422 πρὸς
3131 3350 3276 3421 ὑμᾶς
3305 3349 3377 3402 τὰ
3393 3347 3564 3420 θηρία
3589 3347 3807 3400 καὶαὺτὶι

2243 3439 2380 3518 πρὸς
2419 3445 2612 3500 ἑαυτά.
2669 3445 2744 3498 Τὸ
2789 3443 2846 3497 δὲ
2878 3446 2912 3498 ὁ
2945 3443 3204 3512 οὐρανός
3249 3460 3354 3512 μοι
3387 3442 3625 3510 θρόνος,
3684 3438 3808 3493 τοῦτ’

2243 3541 2411 3608 ἐστιν,
2440 3541 2748 3603 ἀνάπαυσις
2779 3538 2850 3592 τὰ
2869 3538 3024 3608 ἅγια.
3083 3537 3157 3590 Τὸ
3185 3537 3244 3590 δὲ
3285 3535 3332 3604 ,ἡ
3363 3534 3444 3604 τῆ
3478 3531 3808 3594 ὑποπόδιον,

2245 3634 2572 3702 ὑπεξουσίαν
2600 3643 2626 3671 ιι
2645 3633 2739 3687 καὶ
2768 3631 2835 3686 τὰ
2871 3631 2946 3704 μὴ
3008 3630 3159 3699 ἆγια.
3233 3627 3358 3682 Τῶν
3409 3627 3505 3681 δύο
3527 3626 3582 3680 δὲ
3611 3625 3812 3696 ἡμίσεος

2244 3727 2426 3799 φυλῶν
2455 3725 2718 3797 οἰομένων
2739 3722 3055 3793 διαφεύγειν
3082 3720 3180 3794 τὴν
3211 3721 3442 3784 ἆλωσιν,
3475 3719 3564 3773 διὰ
3589 3719 3684 3788 τὴν
3696 3715 3812 3786 πρὸς

2241 3821 2334 3875 τὸν
2355 3819 2484 3873 ναὸν
2505 3818 2601 3871 τοῦ
2621 3814 2782 3881 Θεοῦ,
2809 3815 2928 3870 ἀλλ’
2960 3815 3021 3869 οὐ
3051 3813 3140 3867 διὰ
3185 3813 3408 3886 τρόπων
3453 3813 3673 3889 ἁρετῂν,
3731 3807 3810 3862 καί

2245 3910 2553 3976 εὐσέϐειαν,
2581 3909 2855 3964 δείκνυσιν
2885 3907 2960 3971 ὡς
2987 3907 3090 3960 οὐκ
3135 3904 3286 3976 αὐτῷ
3324 3904 3525 3971 ταῦτα,
3565 3904 3631 3956 δι’
3685 3901 3808 3955 ἑκεί-

2242 4021 2367 4068 νους
2427 4003 2486 4057 δὲ
2533 4003 2804 4074 χρήσιμα,
2840 4001 2989 4065 ὅπως
3021 4001 3138 4062 τοῖς
3196 3997 3460 4068 νομίμοις
3480 3995 3808 4068 ἐμμένοντες,

2243 4095 2352 4154 εἷεν
2382 4097 2523 4165 ἄξιοι
2552 4094 2646 4150 τοῦ
2676 4093 2840 4148 αὑτὸν
2859 4095 3030 4148 οἰκεῖν
3069 4094 3130 4145 ὲν
3161 4092 3369 4155 αὐτοῖς.
3415 4091 3571 4144 Ἐπεὶ
3599 4089 3686 4142 καὶ
3729 4085 3809 4146 τὰς

2244 4190 2434 4253 θυσίας
2471 4188 2886 4260 ἀποστρέφομαι
2921 4187 2995 4257 μὴ
3027 4184 3327 4255 γινομένας
3384 4183 3484 4238 ἀπ’
3547 4178 3701 4253 ὀρθοῦ
3736 4178 3806 4230 λο-

2242 4282 2465 4354 γισμοῦ.
2519 4281 2805 4344 [Ιοιοῦντες
2854 4279 2961 4351 γὰρ
3021 4280 3201 4332 αὐτῶν
3249 4277 3317 4330 τὰ
3377 4277 3678 4348 θελήματα,
3736 4273 3812 4325 καὶ

2241 4375 2678 4450 προσκυνοῦντες
2708 4373 2976 4439 εἰδώλοις,
3011 4373 3134 4444 ἐμοὶ
3183 4372 3324 4442 μετὰ
3354 4372 3567 4425 τούτων
3602 4365 3812 4439 προσέρ-

2244 4491 2448 4545 χονται.

543 4557 734 4612 tudine
780 4570 889 4609 non
923 4556 1374 4626 proﬁciscantur.
1409 4556 1608 4612 Solent
1633 4561 1780 4613 enim
1818 4563 1911 4632 qui
1978 4566 2353 4624 voluntatibus
2383 4569 2500 4623 suis
2563 4567 2964 4636 obsequuntur,
3030 4571 3084 4618 et
3128 4563 3194 4617 ad
3229 4562 3376 4618 idola
3451 4559 3810 4632 procumbunt,

543 4653 609 4710 ad
642 4663 768 4704 eum
793 4663 919 4702 cum
951 4649 1075 4703 istis
1105 4650 1391 4716 accedere,
1415 4660 1526 4706 etc.

543 4752 708 4824 750
728 4752 896 4811 Vitas.
934 4755 1088 4811 5-14.
1118 4757 1314 4810 Audite
1343 4755 1500 4838 verba
1534 4758 1767 4824 Domini,
1805 4761 1895 4830 qui
1917 4763 2132 4817 tremitis

2318 4760 2466 4814 ε’-ιδ⁷.
2501 4757 2832 4812 Ἀκούσατε
2850 4754 3092 4823 ῥήματα
3141 4753 3367 4820 Κυρίου
3412 4755 3465 4807 οἱ
3523 4749 3812 4845 τρέμω-τες

612 4851 680 4900 ιιιί
699 4863 996 4903 sermonem
1021 4848 1157 4917 ejus.
1183 4847 1356 4902 Dicite
1383 4849 1645 4918 fratribus
1663 4852 1872 4915 vestris,
1897 4855 1986 4924 qui
2017 4856 2132 4910 ode-

2245 4855 2355 4906 τὸν
2407 4851 2595 4918 ,λόγον
2643 4846 2852 4902 αὑτοῦ.
2897 4845 3124 4898 Εἴπατε
3175 4842 3469 4912 ἀδελφοῖς
3495 4839 3662 4910 ἡμῶν
3706 4839 3813 4900 τοῖς

618 4951 740 4994 runt
770 4959 882 5007 vos,
919 4951 967 4995 et
1003 4941 1408 5004 abominantur,
1446 4951 1502 4994 ut
1543 4959 1731 4997 nomen
1773 4943 1988 5001 Domini
2025 4948 2137 5018 glo-

617 5032 878 5100 rificatur,
908 5041 965 5086 ut
992 5044 1253 5102 appareat
1280 5033 1333 5086 in
1359 5030 1553 5086 la'titia
1577 5050 1782 5100 eorum,
1814 5045 1864 5089 et
1901 5036 1984 5090 illi
2009 5055 2142 5092 econ-

619 5126 935 5194 fundentur.
988 5126 1103 5180 Vox
1132 5126 1388 5180 clamoris
1424 5125 1488 5180 de
1519 5128 1754 5191 ciuitate,
1787 5145 1886 5183 vox
1911 5130 1976 5186 de
2013 5143 2139 5186 tem-

618 5220 728 5287 p10,
753 5234 854 5272 uox
890 5218 1104 5273 Domini
1141 5219 1485 5274 retribuentis
1517 5221 1918 5277 retributionem
1954 5225 2139 5280 adt-er-

616 5312 778 5364 sariis
812 5313 947 5364 suis.

622 5488 781 5562 751
812 5487 1182 5560 Posteaquam
1225 5492 1294 5546 iis
1330 5505 1470 5544 nova
1509 5487 1625 5543 fore
1655 5494 1862 5558 omnia,
1900 5497 2138 5565 promis-

623 5674 667 5706 “
692 5673 838 5730 Psal.
864 5675 1196 5739 mx,l~2.10.
1221 5681 1262 5712 “
1281 5674 1473 5730 Matth.
1517 5693 1592 5742 χι,
1643 5677 1732 5730 28.

627 5879 663 5906 ιιι
695 5881 784 5934 γρ.
816 5865 1160 5938 ἀνατρέχειν.
1263 5873 1288 5900 η
1322 5882 1410 5934 γρ.
1443 5865 1764 5934 ὑπεξούσια.

2242 4943 2538 5014 μισοῦσιν
2605 4937 2785 5010 ὑμᾶς,
2841 4934 3549 5008 καὶαβδελυσσομένοις,
3619 4932 3712 4985 ἵνα
3757 4927 3814 4980 τὸ

2249 5037 2436 5107 ὄνομα
2467 5036 2689 5104 Κυρίου
2721 5029 3022 5098 δοξασθῇ,
3045 5029 3141 5084 καὶ
3177 5027 3335 5098 ὀφθῇ
3378 5029 3451 5082 ἐν
3512 5025 3583 5094 τῇ
3618 5025 3812 5091 εὐφρο-

2247 5131 2409 5197 σύνῃ
2442 5125 2665 5193 αὐτῶν,
2699 5126 2797 5178 καὶ
2823 5123 3046 5179 ἐκεῖνοι
3081 5121 3624 5191 ιιῖσχυνθήσοντιιι.
3661 5109 3810 5177 Φωνὴ

2248 5220 2518 5290 κραυγῆς
2543 5219 2610 5272 ἐκ
2633 5219 2887 5282 πόλεως,
2915 5214 3083 5285 φωνὴ
3115 5214 3184 5266 ἐκ
3206 5212 3380 5274 ναοῦ,
3415 5209 3585 5280 φωνὴ
3611 5205 3809 5273 Κυρίου

2247 5311 2762 5377 ἀνταποδίδοντος
2809 5307 3286 5365 ἀνταποδίδοσιν
3337 5305 3466 5370 τοῖς
3507 5294 3808 5367 ἀντικειμέ-

2247 5422 2397 5470 νοις,
2426 5423 2480 5462 κ.
2513 5421 2564 5458 τ.
2593 5404 2644 5456 λ.

2323 5500 2506 5554 Πάντα
2532 5501 2694 5553 καινᾶ
2728 5498 2869 5553 κατὰ
2904 5498 2994 5552 τὸν
3027 5495 3217 5568 καιρὸν
3261 5493 3434 5550 εἰπὼν
3468 5486 3674 5546 ἔσεσθαι
3715 5480 3806 5534 τῶν

1850 5773 2087 5829 ΥΑΒΙᾸΞ
2119 5772 2532 5840 LECTIONES.
2589 5857 2614 5868 ’δ
