3978 6458
252 419 370 487 9.701

1393 422 1925 484 COMMENTARII
1970 423 2050 483 ΙΝ
2088 421 2371 487 ISAIAM.

3363 422 3511 489 2702

253 536 574 608 ἐπαγγελιῶν
631 539 740 603 τοῖς
791 539 962 593 ταῦτα
1013 538 1356 611 προμαθοῦσι
1395 540 1537 595 κατὰ
1592 541 1686 594 τὸν
1730 543 1815 594 ὲν-

1928 539 2136 595 sionum
2165 550 2411 611 tempore
2443 537 2605 608 dixit,
2639 543 2736 614 qui
2768 540 2899 597 dum
2925 544 3201 607 viverent,
3230 542 3335 599 ista
3367 544 3512 599 didi-

250 631 445 686 εςτῶτα
477 629 609 700 βίον,
636 630 945 696 ἀκολούθως
974 631 1148 689 ταῦτά
1173 651 1340 706 φησιν
1363 650 1375 661 ·
1415 635 1743 689 Ἀκούσατε
1766 639 1820 689 οι

253 723 550 794 τρέμοντες
574 722 716 790 τοὺς
742 724 968 794 λόγους
994 727 1214 794 αὐτοῦ,
1259 728 1388 799 περὶ
1419 721 1495 782 ὧν
1519 727 1760 797 ἔφασκεν
1801 744 1817 760 ·

258 837 276 869 ι
298 817 409 870 Ἐπὶ
435 816 553 870 τίνα
568 815 627 870 δὲ
648 816 947 889 ὲπιΰλέψω,
977 819 1089 873 ἀλλ’
1119 820 1153 892 ἦ
1182 819 1278 873 ἐπὶ
1310 819 1402 874 τὸν
1422 819 1701 886 ταπεινθν,
1724 823 1822 876 καὶ

252 906 480 979 ἡσύχιον,
503 910 595 963 καὶ
608 910 878 982 τρέμοντά
899 929 1000 982 μου
1012 912 1137 976 τοὺς
1150 912 1368 982 λόγους;
1392 932 1410 965 ι
1433 912 1516 978 οἷς
1537 914 1822 984 εὐαγγελι-

250 999 337 1051 κὸν
350 998 854 1074 παράγγελμαέδίδ]
872 1020 1006 1056 ωσιν
1024 1002 1174 1057 οὐδὲν
1189 1004 1447 1074 διαφέρον
1463 1003 1576 1058 τοῦ’
1606 1025 1625 1057 ι
1652 1005 1819 1075 ’Δγα-

126 1158 136 1170 .
248 1091 376 1143 πᾶτε
400 1090 525 1154 τοὺς
556 1089 783 1162 ἐχθροὺς
809 1092 963 1162 ὑμῶν
993 1110 1007 1125 ·
1044 1093 1225 1160 καλῶς
1256 1098 1457 1149 ποιεῖτε
1487 1099 1600 1161 τοῖς
1632 1096 1821 1167 μισοῦ-

248 1199 327 1235 σιν
356 1182 516 1251 ὑμᾶς.
551 1183 927 1254 Προσεύχεσθε
956 1185 1099 1258 ὑπὲρ
1121 1187 1231 1241 τῶν
1264 1188 1820 1260 ὲπηρεαζόντων,καὶ

244 1275 540 1330 διωκόντων
565 1277 731 1346 ὑμᾶς,
761 1278 849 1332 ἶνα
874 1279 1109 1350 γένησθε
1147 1281 1254 1335 υἱοὶ
1281 1282 1374 1336 τοῦ
1402 1283 1647 1356 Πατὲρος
1663 1287 1818 1357 ὑμῶν

242 1367 332 1421 τοῦ
366 1370 423 1423 ὲν
450 1371 564 1433 τοῖς
595 1370 866 1442 οὐρανοῖς.
900 1392 918 1424 ι
955 1374 1030 1428 Οὐ
1071 1373 1179 1446 γὰρ
1206 1374 1267 1429 τὸ
1298 1375 1534 1448 τρέμειν
1556 1378 1652 1433 τοῦ
1676 1379 1819 1442 Θεοῦ

242 1460 377 1526 τοὺς
410 1463 655 1532 λόγους,
675 1464 813 1536 πρὸς
850 1464 1155 1538 τελειότητα
1181 1468 1341 1538 μόνον
1381 1470 1547 1541 ἀρκεῖ
1573 1487 1587 1502 ο
1616 1473 1821 1545 ἀρετῆς

241 1553 293 1606 δὲ
320 1555 405 1605 ἐπ’
434 1555 605 1627 ἄκρον
631 1557 900 1629 ἀνάληψις
931 1559 1251 1631 ἁγαπητικὴ
1282 1562 1419 1633 πρὸς
1447 1563 1574 1627 τοὺς
1604 1562 1820 1619 θλίϐον·

238 1665 334 1712 τας
359 1647 578 1721 γνώμη,
640 1651 776 1705 Ἵνα
806 1653 873 1706 τὸ
916 1653 1106 1724 ὄνομα
1134 1655 1357 1724 Κυρίου
1391 1654 1688 1726 δοξασθῇ.
1720 1659 1821 1714 καὶ

239 1743 393 1815 ὀρθῇ
409 1745 481 1799 ἐν
508 1743 586 1816 τῇ
613 1747 965 1818 εὐφροσύνῃ
1000 1746 1219 1814 αὐτῶν,
1242 1749 1320 1802 Δι’
1345 1741 1421 1804 ὧν
1440 1750 1550 1819 γὰρ
1570 1752 1659 1806 ἐπ’
1717 1752 1819 1805 αὺ-

236 1839 344 1902 τοῖς
396 1839 524 1893 ἀντὶ
565 1838 767 1909 ’μίσους
824 1840 1242 1910 εὐφραίνεσθε,
1292 1842 1439 1909 Θεὸς
1487 1842 1815 1912 δοξάζεται,

236 1928 373 1983 κατὰ
398 1929 462 1983 τό
493 1945 510 1961 ·
550 1949 569 1982 ι
603 1930 721 1985 Ἵνα
757 1931 907 1986 ἴδωσι
932 1932 1001 1987 τὰ
1029 1933 1171 1988 καλὰ
1199 1934 1353 2006 ὑμῶν
1378 1935 1537 2005 ἔργα,
1557 1937 1652 1990 καὶ
1666 1935 1820 2002 δοξά-

226 2035 365 2073 σωσι
395 2021 489 2076 τὸν
515 2023 742 2094 Πατέρα
773 2024 928 2095 ὑμῶν
956 2025 1047 2080 τὸν
1069 2028 1129 2081 ὲν
1156 2029 1270 2091 τοῖς
1301 2028 1573 2097 οὐρανοῖς.
1619 2048 1639 2082 ι
1709 2031 1821 2084 Καὶ

234 2113 381 2166 αὐτοὶ
409 2114 467 2167 δὲ
495 2115 658 2186 τυχὸν
679 2114 772 2173 ⁴τοῦ
799 2116 936 2171 Θεοῦ
973 2117 1128 2188 ὑμῶν
1158 2117 1501 2183 δοξάσουσι
1529 2120 1820 2191 τοῦνομα,

229 2202 367 2258 οὕτω
413 2205 556 2276 πρὸς
608 2207 811 2273 αὐτοὺς
864 2209 1246 2280 διακειμένους
1294 2210 1551 2283 ὁρῶντες,
1602 2215 1701 2268 καὶ
1751 2216 1820 2287 τῇ

229 2296 559 2368 χρηστότητι
589 2299 655 2369 τῇ
689 2298 820 2370 περὶ
872 2300 1073 2363 αὐτοὺς
1116 2298 1559 2373 εὐφραινόμενοι.
1586 2301 1821 2375 Σύμμα-

226 2405 317 2459 χος
347 2389 425 2456 δὲ,
465 2390 575 2444 Καὶ
614 2392 884 2460 ἀψόμεθα
931 2393 1002 2447 ἐν
1031 2392 1108 2463 τῇ
1135 2396 1485 2464 εὐφροσύνῃ
1516 2396 1686 2467 ὑμῶν
1728 2399 1821 2467 ἐξ·

225 2479 442 2550 ἐδωκεν,
470 2483 551 2548 ὡς
573 2484 640 2539 ἂν
658 2487 717 2539 ἐν
746 2485 825 2557 τῷ
843 2485 988 2540 τέλει
1004 2490 1102 2558 τῆς
1125 2488 1457 2560 ἐκδικήσεως
1481 2490 1692 2546 τούτων
1720 2494 1821 2562 μὲν

225 2574 466 2648 ἐκδήλως
510 2580 1046 2649 εὐφραινουμένων
1072 2597 1087 2613 °
1133 2582 1357 2636 ἐκείνων
1383 2582 1440 2636 δὲ
1476 2583 1599 2639 λίαν
1624 2586 1714 2655 ἐφ’
1735 2580 1818 2649 οἷς

225 2666 424 2739 ὁρῶσιν
450 2670 984 2741 αἱσχυνουμένων.
1030 2674 1419 2745 Ἐπιστήσεται
1455 2674 1565 2748 γὰρ
1620 2678 1650 2730 6
1713 2677 1815 2747 τῆς

222 2758 640 2825 ἁνταποδόσεως
686 2762 812 2815 ὅσον
853 2761 1009 2816 οὔπω
1066 2765 1279 2836 καιρὸς,
1319 2767 1409 2819 ὅτε
1463 2767 1644 2837 φωναὶ
1708 2768 1818 2822 τῶν

223 2849 721 2922 κολασθησομένων
750 2854 1206 2924 ἀκουσθήσονται,
1246 2855 1359 2910 τῶν
1385 2858 1484 2926 μὲν
1510 2859 1819 2931 οἰκητόρων

216 2938 507 3002 βοώντων
528 2941 599 2995 ἐκ
617 2942 722 3011 τῆς
751 2944 1005 3011 πόλεως,
1030 2944 1139 2997 τῶν
1166 2945 1223 2998 δὲ
1242 2945 1705 3019 λειτουργούντων
1750 2950 1820 3003 ἐκ

222 3031 324 3087 τοῦ
355 3034 540 3090 ναοῦ.
581 3034 882 3101 Βοήσεται
910 3036 966 3092 δὲ
995 3039 1089 3093 καὶ
1107 3039 1198 3094 διὰ
1243 3040 1354 3094 τῶν
1396 3041 1740 3112 πραγμάτιον
1789 3044 1855 3097 ό.

219 3126 455 3192 Κύριος,
492 3126 577 3191 ὠς
602 3129 769 3183 αὐτοῦ
796 3130 973 3201 κρίσει
1004 3132 1218 3198 γίνεται
1271 3134 1340 3188 τὰ
1380 3134 1553 3190 δεινά.
1605 3136 1820 3192 Εἱδὲναι

1922 631 2151 697 cissent,
2193 647 2303 688 non
2336 633 2643 704 incongrue
2686 631 2799 703 iam
2826 647 2946 699 eos,
2995 633 3088 704 qui
3118 637 3188 687 ad
3232 648 3524 688 sermonem

1921 722 2092 791 ipsius
2137 723 2570 791 contremiscunt,
2610 722 2801 787 audire
2847 723 3132 795 praecipit;
3182 723 3251 778 de
3307 723 3511 795 quibus

1923 821 2088 869 antea
2119 815 2410 879 intellexit,
2456 829 2583 869 cum
2633 815 2688 869 in
2740 830 2903 886 quem
2947 814 3116 869 alium
3158 814 3512 884 inspecturus

1923 912 2090 972 esset,
2121 907 2229 962 nisi
2261 907 2318 962 in
2343 906 2607 963 humilem
2648 914 2704 962 et
2749 908 3025 980 quietum,
3057 907 3266 979 quique
3293 904 3511 961 Domini

1924 998 2093 1055 verba
2139 1007 2430 1065 metueret,
2479 999 2778 1070 postulavit
2806 1000 2890 1054 ηε
2933 1001 3139 1072 quibus
3172 1006 3511 1070 praeceptum

1923 1091 2301 1163 evangelicum
2335 1092 2406 1148 ab
2434 1106 2501 1149 eo
2547 1094 2687 1148 nihil
2716 1094 3046 1163 discrepans
3090 1092 3369 1164 proponit,
3398 1104 3511 1161 quo

1923 1184 2180 1240 inimicos
2210 1184 2473 1254 iubemur
2524 1184 2788 1257 diligere,
2827 1200 2939 1257 quo
2966 1185 3056 1253 iis,
3103 1186 3198 1257 qui
3245 1199 3345 1240 nos
3378 1182 3511 1239 ode-

1923 1284 2075 1341 runt,
2112 1274 2468 1345 benefacere;
2513 1292 2628 1347 quo
2656 1278 2893 1349 denique
2920 1294 3019 1350 pro
3044 1278 3133 1346 iis,
3163 1279 3258 1349 qui
3292 1277 3511 1332 calum.

1924 1364 2173 1430 niantur,
2209 1371 2265 1420 et
2293 1375 2704 1436 persequuntur
2756 1383 2891 1434 nos,
2932 1382 3116 1435 orare,
3145 1375 3203 1423 ut
3229 1365 3381 1422 Patri
3414 1381 3514 1422 no-

1923 1467 2068 1523 stro,
2112 1457 2211 1528 qui
2255 1457 2312 1512 in
2358 1456 2518 1514 coelis
2552 1468 2658 1527 est,
2690 1457 2902 1515 similes
2948 1457 3247 1515 ciliciamur
3271 1459 3337 1514 ⁸⁸.
3390 1456 3512 1513 Νοιι

1922 1549 2069 1604 enim
2121 1550 2299 1605 solum
2355 1558 2418 1605 ut
2462 1550 2694 1620 perfecti
2745 1551 2941 1617 simus,
2984 1552 3054 1606 ad
3090 1550 3183 1607 Dei
3218 1567 3513 1606 sermonem

1924 1651 2145 1697 tremere
2176 1645 2313 1699 satis
2340 1643 2534 1712 fuerit;
2563 1644 2659 1701 sed
2693 1659 2909 1701 summa
2951 1660 3091 1716 opus
3129 1644 3293 1701 etiam
3336 1645 3514 1700 virtu-

1922 1736 1997 1792 tis
2040 1738 2441 1808 resumptione,
2483 1754 2606 1810 quae
2650 1739 2968 1796 dilectionis
3019 1748 3075 1795 et
3120 1739 3516 1795 benevolentia:

1925 1828 2260 1885 voluntatem
2295 1831 2349 1884 in
2380 1829 2682 1902 aﬂligentes
2711 1831 2908 1887 habeat
2933 1850 2945 1885 :
2977 1828 3047 1885 Ut
3088 1846 3277 1885 nomen
3299 1830 3515 1885 Domini

1922 1916 2272 1989 gloriﬁcatur,
2323 1929 2374 1974 et
2428 1929 2688 1990 appareat
2718 1921 2777 1975 in
2824 1914 3258 1975 la'titia'eorum.
3298 1919 3513 1985 Quibus

1925 2012 2070 2067 enim
2100 2012 2156 2067 in
2185 2011 2290 2079 eis,
2319 2012 2520 2084 inquit,
2561 2012 2675 2069 odii
2723 2014 2865 2078 loco,
2915 2011 3199 2075 (tutamini,
3237 2011 3377 2066 Deus
3406 2011 3516 2081 ipse

1922 2104 2264 2175 glorificatur
2286 2121 2304 2168 ;
2324 2104 2483 2176 juxta
2511 2105 2644 2160 illud
2670 2124 2683 2161 :
2720 2124 2740 2158 ι
2767 2102 2840 2161 Ut
2870 2105 3096 2161 videant
3124 2120 3291 2175 opera
3311 2102 3517 2159 vestra

1926 2196 2093 2262 bona,
2132 2207 2187 2253 et
2240 2198 2466 2253 laudent
2518 2198 2739 2253 Patrem
2804 2206 3074 2263 vestrum,
3125 2197 3219 2268 qui
3259 2196 3321 2251 in
3357 2195 3515 2251 caelis

1924 2296 2010 2344 est
2033 2287 2101 2344 ‘7.
2140 2308 2160 2341 ι
2196 2288 2459 2346 Fortasse
2490 2304 2620 2345 vero
2645 2297 2699 2344 et
2730 2289 2807 2343 illi
2847 2288 2943 2344 Dei
2975 2288 3143 2344 vestri
3173 2304 3361 2343 nomen
3393 2286 3516 2358 glo-

1924 2380 2235 2449 riﬁeabunt,
2269 2396 2394 2439 cum
2419 2396 2485 2437 eo
2513 2396 2610 2437 vos
2638 2395 2768 2452 erga
2793 2395 2854 2437 se
2878 2379 3065 2435 animo
3096 2393 3223 2435 esse
3248 2378 3513 2443 viderint,

1922 2472 2039 2541 ipsa
2085 2474 2252 2527 etiam
2283 2472 2338 2526 in
2375 2488 2436 2527 se
2465 2472 2810 2527 humanitate
2864 2481 2917 2526 et
2948 2468 3328 2526 benevolentia
3362 2469 3515 2525 dele-

1922 2562 2076 2621 ctati.
2099 2565 2169 2620 At
2191 2562 2595 2636 Symmachus:
2617 2562 2689 2617 Et
2713 2562 3000 2618 videbimus
3031 2563 3084 2616 in
3108 2562 3297 2616 la’titia
3316 2574 3513 2625 vestra.

1923 2656 2242 2720 transtulit;
2264 2653 2597 2725 tanquamin
2623 2653 2727 2710 [ine
2755 2654 2979 2711 ultionis
3008 2653 3148 2710 istos
3170 2654 3395 2724 quidem
3429 2655 3523 2737 (rc:-

1925 2756 2027 2811 tas,
2045 2747 2169 2803 illos
2198 2755 2381 2802 autem
2410 2746 2497 2814 iis,
2518 2762 2640 2817 qua:
2657 2747 2899 2815 videant,
2926 2747 3105 2818 palam
3131 2747 3385 2818 confusos
3403 2748 3518 2816 fore

1924 2840 2218 2913 signiﬁcet.
2261 2840 2643 2912 Cognoscetur
2684 2842 2853 2908 enim,
2879 2851 3145 2909 quantum
3178 2856 3286 2895 non
3323 2849 3513 2901 antea.

1925 2933 2303 2989 retributionis
2333 2942 2579 3003 tempus;
2625 2949 2749 2989 cum
2802 2948 2992 2989 eorum
3028 2947 3216 2997 voces,
3261 2933 3354 3003 qui
3413 2948 3514 3002 pu-

1926 3023 2173 3091 nientur,
2222 3023 2581 3078 clamantibus
2642 3024 2707 3078 ab
2740 3023 2869 3078 urbe
2913 3023 3134 3088 incolis,
3185 3024 3431 3095 ipsisque
3453 3024 3519 3079 de

1928 3117 2120 3186 templo
2162 3117 2455 3181 ministris,
2492 3118 2674 3173 audiri
2721 3119 3027 3189 continget.
3069 3114 3341 3173 Clamabit
3383 3133 3518 3173 vero

217 3217 397 3292 δὲχρὴ
424 3220 506 3285 ὡς
548 3220 926 3291 εύαγγελικῶς
965 3227 1345 3298 παραγγείλας
1391 3228 1702 3299 ἀδελφοὺς
1726 3243 1821 3284 νος

1928 3220 1982 3266 et
2033 3210 2296 3281 operibus
2346 3211 2482 3281 ipsis
2535 3210 2816 3275 Dominus,
2852 3225 2962 3265 non
3015 3211 3146 3277 alio,
3199 3227 3363 3282 quam
3414 3228 3519 3268 suo

220 3309 400 3378 μίζειν
420 3317 561 3379 τοὺς
589 3315 859 3380 ὲθνικοὺς.
886 3319 1122 3388 νομικὴν
1172 3319 1366 3374 ἔλυσεν
1404 3322 1651 3393 ἐντολήν.
1681 3324 1824 3404 φησι
1885 3302 1892 3304 ἡ
1928 3304 2104 3374 ἱρείυε
2128 3302 2344 3374 ίυάίοίο
2374 3303 2536 3375 752
2566 3305 2912 3404 “lamna”?
2944 3303 3081 3360 ίεῐθε
3114 3304 3357 3360 ίιηηιίιῑῖο
3405 3304 3520 3404 βο·

216 3403 326 3475 γὰρ
354 3408 383 3459 6
412 3407 594 3479 νόμος
619 3422 632 3437 ·
664 3409 740 3461 Οὐ
770 3410 1023 3480 λαλήσεις
1046 3411 1231 3476 αὐτοῖς
1274 3413 1547 3485 εἰρηνικά.
1584 3403 1828 3472 Καὶίπᾶρ

215 3513 316 3550 σαν
346 3499 668 3571 ἐπιγαμίαν
698 3501 969 3574 ἀπείρηκε
997 3504 1134 3575 πρὸς
1156 3505 1377 3571 αὐτοὺς,
1399 3506 1476 3570 ὡς
1508 3507 1576 3561 ἂν
1602 3508 1677 3579 μὴ
1695 3509 1825 3582 παρ’

215 3588 401 3644 αὐτῶν
464 3591 788 3657 πεισθέντες
832 3597 914 3658 εἰς
952 3595 1399 3669 εἰδωλολατρείαν
1462 3601 1776 3658 ἐκπέσωσιν
1809 3621 1822 3636 ’

212 3681 329 3735 ἀλλ’
367 3683 431 3736 ἐν
462 3683 701 3756 Χριστῷ
727 3685 920 3754 γέγονε
956 3685 1023 3740 τὰ
1042 3687 1329 3759 ἀμφότερα
1351 3687 1433 3751 ἒν,
1465 3691 1561 3742 καὶ
1605 3690 1826 3745 λέλυται

212 3775 271 3827 τὸ
304 3776 643 3847 μεσότοιχον
674 3776 767 3830 τοῦ
795 3777 1075 3849 φραγμοῦ,
1121 3779 1473 3851 κατήργηται
1521 3782 1581 3836 δὲ
1644 3786 1741 3839 καὶ
1794 3786 1824 3838 6

213 3864 378 3937 νόμος
417 3866 541 3922 τῶν
561 3867 794 3924 ἐντολῶν
823 3872 882 3924 ἐν
912 3870 1196 3939 δόγμασιν.
1226 3872 1401 3936 Αὐτὸς
1437 3874 1548 3946 γάρ
1592 3874 1743 3931 ἐστιν
1786 3880 1820 3948 ἠ

212 3957 413 4029 εἰρήνη
450 3956 646 4030 ἡμῶν.

279 4223 451 4287 Τινὲς
471 4222 535 4277 δὲ
561 4223 698 4292 πρὸς
723 4223 852 4287 τοὺς
873 4223 1206 4289 ἀποστόλους
1255 4225 1506 4299 εἰρῆσθαί
1529 4246 1715 4300 φασιν,
1748 4232 1825 4299 ὼς

211 4312 528 4383 μέλλοντας
559 4313 665 4367 ὑπὸ
700 4314 969 4369 Ἰουδαίων
995 4315 1318 4383 κακοῦσθαι,
1341 4319 1438 4373 καὶ
1467 4320 1826 4390 μάλιστατῶν

204 4408 271 4461 ἐν
303 4406 711 4480 Ἰερουσαλὴμ,
740 4400 814 4462 ὧν
832 4409 880 4460 οἱ
917 4407 1179 4480 ἄρχοντες
1199 4412 1325 4474 τοὺς
1345 4414 1679 4491 ᾁποστόλους
1702 4419 1826 4487 ᾐκί-

206 4514 400 4566 σαντο,
438 4497 685 4551 θάνατον
717 4497 1138 4568 ἀπειλήσαντες,
1173 4502 1222 4552 εἰ
1248 4499 1341 4553 τὸν
1361 4504 1632 4579 σωτήριον
1664 4505 1827 4575 λόγον

1927 3397 2152 3451 tandum
2206 3410 2392 3467 porro,
2445 3410 2513 3451 co
2563 3397 2706 3466 ipso,
2755 3395 2903 3465 quod
2952 3403 3145 3467 gentes
3196 3397 3520 3469 evangelico

1929 3504 2082 3545 more
2111 3488 2310 3559 fratres
2366 3503 2490 3546 esse
2547 3487 2860 3545 censendos
2915 3495 3125 3549 monet,
3177 3488 3352 3558 legem
3389 3504 3519 3545 eum

1929 3580 2221 3649 abrogare,
2256 3595 2379 3651 quae
2413 3579 2640 3650 paciﬁca
2677 3578 2744 3633 ad
2789 3579 2918 3635 illos
2969 3580 3121 3650 loqui
3169 3579 3518 3651 prohibebat.

1928 3674 2163 3729 (laverat
2188 3681 2244 3730 et
2290 3674 2431 3743 ipsa,
2462 3687 2532 3728 ne
2564 3672 2916 3727 matrimonia
2957 3687 3085 3727 cum
3125 3674 3207 3728 eis
3236 3673 3531 3728 contrahe-

1926 3775 2086 3834 rent;
2120 3783 2192 3823 ne
2224 3767 2294 3821 ab
2328 3766 2464 3835 ipsis
2495 3765 2749 3835 persuasi
2810 3764 3181 3819 idololatriam
3216 3778 3524 3833 sequeren-

1926 3867 2016 3914 tur
2042 3857 2127 3913 ⁵⁸ι
2163 3856 2260 3914 sed
2311 3857 2367 3913 in
2415 3855 2644 3912 Christo
2678 3856 2793 3925 jam
2837 3865 3071 3926 utraque
3096 3871 3267 3911 unum
3317 3855 3517 3911 eﬂ‘ecta

1927 3963 2076 4015 sunt,
2112 3950 2538 4019 disturbatoque
2573 3949 2754 4004 medio
2793 3949 3053 4004 maceriae
3084 3950 3317 4020 pariete.
3352 3949 3517 4004 etiam

1929 4043 2016 4096 lex
2044 4042 2186 4113 ipsa,
2217 4057 2341 4112 quae
2370 4041 2757 4096 mandatorum
2787 4041 3006 4111 placitis
3037 4041 3351 4107 constabat,
3371 4041 3521 4114 jacet

1929 4135 2214 4206 abrogata.
2248 4133 2341 4190 Est
2367 4136 2514 4190 enim
2550 4134 2668 4205 ipse
2703 4148 2808 4205 pax
2841 4142 3032 4189 nostra
3066 4134 3133 4189 δ’.

1997 4227 2233 4296 Quidam
2289 4236 2477 4283 tamen
2529 4227 2598 4282 ad
2647 4227 2931 4297 apostolos
2975 4225 3087 4283 dici
3136 4226 3520 4292 arbitrantur,

1930 4330 2192 4394 tanquam
2228 4336 2259 4377 a
2287 4319 2493 4377 Judzcis
2526 4320 2727 4375 danma
2757 4328 2946 4376 essent
2983 4321 3305 4391 accepturi;
3334 4321 3429 4378 sed
3454 4323 3524 4377 ab

1929 4415 1997 4471 iis
2019 4414 2317 4486 praecipue,
2360 4412 2458 4483 qui
2502 4412 3014 4484 Hierosolymorum
3067 4413 3260 4467 urbem
3318 4413 3526 4468 incole-

1928 4500 2088 4563 rent:
2130 4520 2363 4578 quorum
2401 4505 2495 4574 qui
2523 4505 2804 4575 principes
2832 4504 3201 4569 habebantur,
3238 4496 3522 4574 apostolos

203 4591 580 4664 κηρύττοιεν.
616 4591 727 4643 Καὶ
748 4589 899 4643 τίδεί
929 4589 1133 4658 λέγειν,
1163 4591 1240 4655 ὡς
1283 4595 1315 4662 ὴ
1351 4601 1372 4623 °
1413 4593 1513 4664 μὲν
1574 4593 1684 4663 τῆς
1730 4601 1822 4652 εὐ-

1938 4599 2124 4670 tlagris
2157 4603 2508 4667 acceperant,
2541 4604 2774 4651 mortem
2810 4595 2890 4652 eis
2918 4595 3263 4684 minitantes,
3285 4595 3331 4650 si
3371 4596 3526 4651 salu-

199 4687 550 4755 φροσύνης
569 4683 873 4753 ἐπαγγελία
896 4687 1009 4748 τοῖς
1041 4685 1281 4756 Χριστοῦ
1311 4686 1505 4755 γέγονε
1532 4687 1825 4760 μαθηταῖς,

199 4776 271 4829 δι’
336 4775 545 4831 αὐτῶν
568 4775 850 4847 πανταχοῦ
901 4776 1311 4845 συνισταμένων
1345 4777 1713 4848 Ἐκκλησιῶν.
1761 4781 1826 4835 Ἠ

196 4866 257 4920 δὲ
274 4868 382 4921 τοῦ
406 4866 561 4921 Θεοῦ
593 4867 719 4930 τοὺς
744 4867 1104 4929 κακώσαντας
1132 4867 1331 4931 αὐτοὺς
1384 4868 1650 4939 μετῆλθεν
1663 4872 1825 4942 ὀργὴ,

199 4961 614 5034 περιστάντων
684 4960 882 5023 αὐτοὺς
937 4959 1231 5031 πολεμίων.
1291 4961 1406 5015 Καὶ
1489 4961 1667 5017 ταῦτα
1725 4966 1824 5033 μὲν

196 5054 478 5116 ἐκείνοις.
505 5051 582 5105 Τὸ
602 5051 659 5105 δὲ
684 5050 935 5114 θεοσεϐὲς
960 5050 1281 5122 πολίτευμα,
1306 5054 1402 5105 καὶ
1420 5054 1455 5125 ή
1471 5054 1570 5109 νέα
1593 5056 1766 5123 Σιὼν,
1792 5061 1827 5130 ή

210 5144 549 5214 Ἐκκλησία
597 5143 666 5197 δι’
688 5142 844 5215 ὑμῶν
871 5145 1275 5216 συστησομένη,
1331 5146 1589 5202 τοσοῦτον
1611 5149 1828 5221 ἁθρόως

102 5263 107 5269 ’
193 5240 524 5311 γεννήσει
551 5238 756 5309 πλῆθος
783 5238 951 5305 λαῶν,
983 5239 1059 5302 ὼς
1095 5239 1441 5310 ἐκπλαγῆναι
1472 5242 1564 5296 τὸν
1601 5244 1831 5299 ἀκούον-

195 5352 291 5390 τα.
335 5335 436 5397 Ὠς
465 5331 586 5402 γὰρ
616 5331 683 5386 ἂν
704 5331 969 5401 αἰφνίδιον
997 5330 1138 5386 κατὰ
1160 5332 1399 5403 γαστρὸς
1434 5332 1636 5404 ἔχουσα
1687 5353 1824 5407 γεν-

190 5427 396 5494 wider
424 5424 604 5496 γυνὴ,
646 5424 918 5495 μηδεμιᾶς
956 5423 1147 5487 ὠδῖνος
1194 5425 1556 5498 ήγησαμένης
1587 5443 1604 5460 ο
1678 5430 1743 5483 τό
1769 5430 1829 5484 δὲ

1936 4693 2006 4746 tis
2035 4689 2394 4760 Evangelium
2440 4690 2855 4759 promulgarent
2890 4688 2961 4743 ⁸ο.
2992 4688 3323 4759 Quanquam
3356 4689 3523 4744 etiam

1937 4799 2047 4838 non
2089 4782 2230 4836 male
2275 4781 2571 4837 conveniat
2621 4780 2797 4850 ipsam
2849 4772 3058 4835 latitia}
3103 4781 3523 4850 promissionem

1936 4873 2141 4930 Christi
2186 4872 2476 4943 discipulis
2527 4872 2731 4928 factam
2767 4888 2889 4928 esse
2938 4871 3238 4938 aliirmare;
3285 4888 3523 4943 quorum

1937 4982 2103 5037 opera
2147 4966 2347 5035 ubique
2380 4974 2509 5020 sunt
2547 4977 2893 5037 congregatae
2934 4962 3218 5019 Ecclesiae.
3264 4963 3361 5019 Est
3395 4980 3525 5022 vero

1937 5075 2032 5114 eos
2057 5057 2151 5114 Dei
2180 5059 2282 5119 ira,
2324 5073 2353 5111 a
2382 5057 2583 5127 quibus
2626 5058 2827 5127 injuria
2862 5057 3046 5112 affecti
3082 5066 3234 5123 sunt,
3266 5060 3380 5114 ulta
3403 5075 3526 5117 esse

1939 5151 2344 5216 existimanda;
2400 5165 2526 5205 cum
2575 5150 2643 5204 ab
2690 5151 2942 5205 hostibus
2980 5151 3221 5208 obsideri
3268 5155 3523 5225 contigit.

1942 5244 2123 5311 Atque
2162 5240 2276 5294 lucc
2309 5241 2531 5308 quidem
2563 5238 2692 5294 illis.
2727 5237 2834 5305 Qui
2870 5246 3052 5294 autem
3087 5239 3234 5311 piam
3270 5241 3394 5295 vitae
3433 5255 3525 5295 ra-

1946 5336 2150 5391 tionem
2187 5341 2510 5405 sequuntur,
2546 5331 2777 5403 ipsaque
2808 5332 2947 5388 adeo
2988 5346 3132 5387 nova
3172 5330 3327 5399 Sion,
3359 5333 3412 5390 id
3442 5343 3528 5390 est

1939 5429 2211 5494 Ecclesia,
2236 5443 2360 5499 quae
2397 5434 2580 5502 vestra
2631 5426 2802 5481 coibit
2828 5441 3019 5497 opera,
3052 5433 3263 5481 tantam
3297 5436 3528 5497 repente

190 5518 463 5591 τεχθὲν,
534 5515 744 5585 ἄρσεν.
791 5504 981 5578 Οὕτως
1037 5513 1329 5588 ὁλόκληρον
1383 5516 1598 5589 ἁθρόως
1649 5520 1683 5590 ἡ
1734 5520 1822 5574 νέα

1942 5524 2116 5595 pariet
2150 5521 2479 5592 populorqu
2517 5517 2924 5573 multitudinem
2946 5557 2962 5583 ,
3005 5528 3065 5573 ut
3098 5518 3168 5574 iis
3202 5518 3392 5594 etiam,
3429 5519 3525 5589 qui

270 5637 324 5669 ⁸⁸
354 5635 477 5691 lsa.
522 5649 674 5705 cui,
704 5634 761 5690 2.
850 5633 897 5668 ⁸⁸
928 5634 1117 5690 Matth.
1145 5650 1196 5703 v,
1231 5635 1318 5703 M,
1350 5634 1439 5691 £5.
1463 5638 1511 5670 "
1550 5638 1746 5696 Matth.
1782 5658 1814 5696 v
1837 5680 1854 5705 ,
1891 5637 1981 5694 '16.

191 5723 262 5776 ιι,
292 5708 393 5764 14.
488 5703 543 5736 ³⁸
575 5707 697 5761 Act.
724 5722 785 5761 ιιι
808 5715 864 5763 et
898 5724 972 5765 tv.

2086 5635 2132 5668 ⁴⁸
2174 5633 2351 5690 Exod.
2399 5647 2562 5698 χχιιι,
2611 5630 2713 5700 32;
2769 5630 2924 5688 Dcut.
2953 5647 3050 5700 vit,
3079 5631 3133 5687 2.
3249 5630 3295 5667 "
3322 5631 3525 5702 Ephes.

1555 5800 1794 5858 VABIE
1833 5795 2245 5858 LECTIONES.

272 5904 303 5934 ο
336 5913 450 5968 γρ.
488 5893 596 5950 καί
620 5909 736 5949 τοι.
