3978 6458
223 390 351 454 2705

281 500 426 565 Τινὲς
456 495 513 551 δὲ
540 495 697 549 τοῦτο
730 496 863 566 api);
894 496 989 561 τὰς
1023 495 1116 547 δύο
1172 494 1437 567 διαθήκας
1497 495 1771 562 ἐδέξαντο,

219 591 506 654 ἀκολούθως
535 599 563 639 P
603 583 741 642 εἶναι
771 587 1025 656 λέγοντες
1044 589 1141 660 τὴν
1175 588 1383 660 ἁθρόως
1414 588 1542 641 λαὸν
1560 589 1773 659 γεννή-

216 701 405 743 (τασαν
436 684 664 751 ἄρσενα
690 682 769 753 τῷ
798 680 939 752 Θεῷ,
978 683 1075 736 κοιλ¹
1141 680 1436 752 γάλακτος
1464 683 1544 745 εἰς
1596 684 1777 751 ἐκτρο-

218 781 311 850 φὴν
357 777 460 830 τῶν
505 776 674 843 αὐτῆς
743 774 1083 844 πληροῦσθαι
1134 774 1365 843 νηπίων,
1398 774 1427 826 ὃ
1454 775 1519 845 δὴ
1551 775 1775 842 λογικὸν

213 870 370 926 Γάλα
391 868 454 920 ἐκ
486 866 593 919 τῶν
617 864 711 918 δύο
737 865 918 935 ρεύσει
945 864 1242 930 διαθηκῶν.
1268 865 1436 917 Λύταὶ
1463 866 1571 937 γὰρ
1603 865 1777 932 αὐτῆς

213 969 256 1020 οἱ
274 964 360 1016 δύο
399 962 593 1030 μαστοὶ
616 960 808 1028 ἁγαθοὶ
844 958 996 1022 ὄντες
1046 959 1185 1030 ὑπὲρ
1242 955 1404 1011 οἶνον.
1461 958 1775 1027 Παρακλή-

209 1068 352 1117 σεως
380 1052 436 1104 δέ
460 1068 645 1121 φησιν,
681 1052 978 1121 ἐπειδήπερ
1043 1054 1096 1104 οἱ
1148 1051 1580 1119 παρακλητικίή
1627 1051 1776 1118 λόγοι

208 1146 304 1200 τῶν
325 1138 688 1212 ἀτελεστέρων
715 1142 908 1212 ψυχῶν
966 1142 1125 1212 γάλα
1186 1143 1395 1213 κυρίως
1449 1130 1775 1213 ὠνομάσθη-

207 1252 317 1300 σαν,
361 1234 459 1305 τῆς
518 1234 748 1302 στερεᾶς
776 1233 986 1303 τροφῆς
1047 1235 1105 1287 ὲν
1156 1232 1421 1300 δόγμασιν
1493 1233 1776 1301 μυστικοῖς

205 1323 509 1395 νοουμένης,
567 1324 690 1393 ἥτις
753 1323 953 1393 πρέπει
976 1325 1089 1388 τοῖς
1154 1324 1234 1386 εἰς
1276 1321 1445 1391 ἄνδρα
1472 1321 1774 1391 προήκουσι

200 1416 415 1482 τέλειον,
437 1414 513 1485 μὴ
544 1406 947 1484 ὲναπομείνασι
972 1414 1048 1485 τῷ
1089 1414 1267 1485 νηπίῳ
1300 1430 1313 1444 ο
1362 1412 1441 1465 διὸ
1498 1411 1775 1483 προσέθη-

200 1528 306 1574 κεν,
348 1510 447 1562 ἵνα
471 1508 925 1576 ἐκθηλάσαντες
989 1507 1337 1576 τρυφήσητε
1379 1506 1499 1561 ἀπὸ
1532 1505 1775 1560 εἰσόδου

196 1599 373 1667 δόξης
399 1597 591 1666 αὐτῆς
619 1614 635 1628 ·
671 1599 816 1652 τοῦτ’
842 1598 988 1653 ἔστιν
1023 1599 1128 1663 ἔξω
1146 1599 1320 1671 θήλης
1352 1599 1658 1667 γεγονότες,
1683 1598 1775 1652 καὶ

196 1690 816 1760 ἅπογεγαλακτισμένοι.
843 1690 954 1743 Καὶ
987 1689 1178 1754 δόξαν
1248 1691 1347 1761 μὲν
1368 1690 1538 1759 αὐτῆς
1568 1690 1770 1761 ὀνομά-

193 1777 269 1846 ζει
298 1780 556 1849 Χριστὶν,
576 1779 649 1843 ὼς
668 1781 761 1832 καὶ
780 1779 963 1846 Δαϐὶδ,
1001 1798 1019 1830 ‹
1054 1780 1158 1832 Τοῦ
1180 1780 1601 1851 κατασκηνῶσαι
1616 1779 1774 1845 δόξαν

193 1873 322 1942 ἐντῇ
353 1873 425 1941 γῇ
457 1870 640 1941 ήμῶν.
683 1888 701 1920 ι
731 1869 992 1923 Ετσοδον
1012 1869 1067 1922 δὲ
1095 1870 1194 1939 τῆς
1222 1871 1361 1940 μετὰ
1392 1869 1595 1939 σαρκὸς
1622 1872 1769 1922 οἰκο-

190 1961 371 2032 νομίας
416 1961 479 2014 τὸ
539 1962 860 2032 μυστήριον.
922 1963 1099 2015 Οἱονεὶ
1137 1961 1246 2033 γὰρ
1302 1961 1391 2015 διὰ
1432 1963 1635 2034 σαρκὸς
1692 1965 1771 2027 εἰς

188 2052 365 2106 τοῦτον
392 2053 487 2105 τὸν
524 2052 731 2123 κόσμον
770 2052 1116 2124 εἰσϐέόηκεν.
1178 2053 1453 2122 Τρυφῶσι
1484 2053 1663 2108 τοίνυν
1722 2054 1773 2106 οἱ

185 2145 271 2200 τὸν
296 2148 387 2200 ἐπὶ
417 2139 602 2218 τούτῳ
642 2146 802 2216 λόγον
834 2146 1242 2218 μεμαθηκότες.
1306 2146 1397 2200 Διὸ
1433 2149 1524 2200 καὶ
1550 2148 1578 2200 ὁ
1642 2164 1775 2218 προ-

187 2239 356 2310 φήτης
421 2237 894 2310 παρεζευγμένως
946 2238 1045 2311 τὴν
1100 2238 1408 2309 ἐμφάνειαν
1462 2238 1628 2293 αὐτοῦ
1674 2241 1773 2309 τὴν

186 2331 316 2401 μετὰ
335 2330 546 2402 σαρκὸς
597 2331 802 2401 ἐναργῆ
833 2341 861 2381 (Ι
882 2330 954 2393 ὡς
979 2330 1045 2383 ἂν
1073 2330 1237 2384 αὑτοῦ
1289 2331 1544 2399 λέγοντος
1571 2347 1584 2362 ·
1614 2316 1773 2401 Ἰδοὺ

184 2418 580 2488 sermo-ca
616 2420 708 2473 ἐπ’
782 2419 1027 2485 αὐτοὺς,
1063 2420 1143 2485 ὡς
1177 2421 1446 2490 ποταμὸς
1502 2422 1771 2491 εἰρήνης,

182 2511 271 2564 καὶ
333 2512 415 2577 ὡς
440 2512 806 2580 χειμάρρους
834 2509 1169 2571 ἐπικλύζων
1199 2512 1391 2577 δόξαν
1421 2511 1632 2581 ἐθνῶν,
1664 2514 1778 2569 πάρ

183 2598 256 2653 λιν
285 2601 584 2657 κάνταῦθα
652 2603 767 2670 τὴν
799 2601 916 2655 τῶν
945 2600 1137 2657 ἐθνῶν
1164 2601 1354 2667 δόξαν
1392 2604 1680 2657 συνάπτων
1703 2606 1769 2676 τῇ

185 2693 548 2766 προλεχθείσῃ
594 2694 692 2766 νέᾳ
741 2694 931 2761 Σιὼν,
994 2696 1088 2749 καὶ
1122 2694 1367 2764 ποταμῷ
1419 2696 1772 2767 παρεικάζων

178 2786 267 2854 τὴν
331 2786 636 2857 δεδομένην
670 2786 882 2851 τούτοις
949 2786 1223 2856 εἰρήνην,
1280 2788 1391 2843 Καὶ
1427 2787 1661 2859 ἀλλαχοῦ
1716 2788 1772 2842 δέ

180 2893 356 2948 φησιν’
386 2896 407 2931 t
426 2879 492 2931 Ὀ
515 2879 760 2948 ποταμὸς
772 2877 863 2933 τοῦ
883 2878 1017 2932 Θεοῦ
1032 2878 1325 2949 ἐπληρώθη
1344 2879 1571 2933 ὑδάτων.
1596 2900 1613 2930 ι
1641 2880 1770 2933 Kal-

183 2989 199 3021 t
234 2969 338 3022 Τοῦ
367 2969 626 3040 ποταμοῦ
674 2969 742 3023 τὰ
774 2970 1074 3041 ὁρμήματα
1100 2971 1454 3041 εὐφραίνουσι
1487 2971 1585 3042 τὴν
1620 2972 1774 3028 πόλιν

179 3060 264 3115 τοῦ
280 3061 481 3117 Θεοῦ.»
505 3063 620 3117 Καὶ
651 3063 833 3117 πάλινο
870 3083 887 3115 ι
918 3063 1028 3117 Καὶ
1055 3064 1144 3117 τὸν
1172 3065 1509 3135 χειμάρρουν
1526 3065 1626 3136 τῆς
1641 3083 1774 3137 τρυ-

1335 382 1877 442 ΟΟΜΜΕΝΤΑΒΙΙ
1918 383 2000 442 ΙΝ
2043 384 2330 444 ISAIAM.

3310 391 3371 450 Ξῖ
3380 388 3455 453 05

1808 502 1849 554 A
1951 498 2087 551 Sunt
2118 508 2319 559 tamen,
2352 501 2441 568 qui
2471 500 2613 555 istud
2644 503 2708 555 ad
2750 503 2858 557 duo
2902 510 3228 559 testamenta
3261 507 3461 561 retule—

1878 592 2010 657 rint,
2062 602 2487 647 consentaneum
2536 610 2660 650 esse
2695 596 2978 663 arbitrati,
3018 605 3078 651 ut
3104 613 3225 666 quae
3259 614 3458 653 marem

1878 682 2139 751 populum
2176 681 2288 735 Deo
2319 681 2607 737 confertim
2652 686 2963 753 peperisset,
2998 688 3135 739 lacte
3180 689 3345 741 etiam
3392 688 3459 740 ad

1874 770 2164 825 infantium
2212 772 2566 828 nutritionem
2612 774 2972 843 impleretur:
3009 775 3323 845 cujusmodi
3372 787 3464 826 ra-

1879 864 2081 918 tionale
2131 862 2286 917 lactis
2321 880 2492 934 genus
2539 867 2610 921 ab
2640 876 2876 936 utroque
2912 873 3242 923 testamento
3282 866 3461 923 ﬂuxu-

1879 968 1999 1007 rum
2050 969 2172 1008 esse
2208 941 2510 1010 constaret.
2572 955 2712 1010 Sunt
2749 958 2894 1011 enim
2945 957 3000 1012 hi
3052 958 3230 1014 fontes
3286 958 3461 1029 ipsius

1878 1044 2102 1112 gemini,
2130 1046 2255 1098 vino
2278 1045 2396 1116 ipso
2422 1048 2864 1116 praestantiores.
2897 1047 3301 1103 Consolationis
3329 1065 3464 1104 voce

1878 1141 2139 1204 prmterea
2170 1135 2291 1189 ideo
2333 1151 2467 1190 usus
2499 1143 2602 1201 est,
2632 1137 2779 1206 quod
2813 1137 2988 1192 vicem
3038 1139 3191 1193 lactis
3224 1139 3463 1195 habeant

1878 1224 2021 1295 apud
2044 1225 2475 1295 imperfectinrcs
2506 1228 2719 1283 animas
2755 1245 3038 1287 sermones
3071 1232 3463 1286 consolatorii:

1878 1317 2089 1373 solidus
2125 1328 2307 1371 autem
2353 1319 2509 1373 cibus
2545 1319 2601 1373 in
2635 1320 3019 1376 ahstrusorum
3072 1323 3462 1394 mysteriorum

1879 1410 2092 1466 ratione
2124 1418 2423 1480 Spectetur,
2454 1411 2548 1480 qui
2601 1412 2748 1466 viros
2781 1414 2939 1468 decet
2981 1414 3275 1483 perfectos.
3320 1430 3463 1483 quos

1877 1506 2034 1571 nihil,
2072 1506 2215 1575 quod
2255 1507 2465 1576 puerile
2499 1507 2594 1569 sit,
2618 1516 2951 1563 remoretur.
2987 1506 3125 1562 llinc
3154 1518 3237 1563 est
3269 1508 3461 1577 igitur,

1877 1598 2023 1666 quod
2067 1599 2294 1662 addidit,
2325 1606 2382 1650 ut
2412 1607 2690 1669 postquam
2721 1600 3002 1665 suxeritis,
3036 1598 3365 1653 delectemini
3397 1602 3461 1653 ab

1877 1691 2103 1744 introitu
2140 1690 2325 1760 gloriae
2352 1691 2466 1760 ejus
2492 1707 2512 1755 ,°
2548 1692 2739 1747 eodem
2772 1692 2929 1762 plane
2956 1708 3145 1757 sensu,
3182 1707 3247 1747 ac
3273 1693 3317 1746 si
3346 1694 3466 1747 sine

1879 1784 2068 1850 ubere,
2100 1794 2157 1838 et
2185 1800 2214 1838 a
2245 1785 2386 1839 laete
2402 1784 2756 1855 depellendos
2785 1800 2908 1842 esse
2938 1786 3235 1856 signiﬁcet.
3267 1786 3464 1842 Gloria:

1879 1882 2142 1944 praeterea
2175 1874 2400 1930 nomine
2428 1875 2717 1931 Christum
2751 1876 2936 1945 ipsum
2973 1876 3290 1948 signiﬁcat:
3324 1884 3383 1930 ut
3413 1883 3466 1929 ct

1877 1966 2070 2033 David,
2104 1967 2195 2021 ubi
2240 1966 2294 2020 in
2335 1975 2486 2021 terra
2530 1981 2723 2020 eorum
2777 1967 3155 2023 habitaturam
3190 1984 3317 2023 esse
3353 1967 3467 2037 glo-

1876 2057 2012 2111 riam
2048 2056 2253 2129 cecinit
2277 2056 2346 2109 ⁸⁸.
2383 2055 2539 2122 Quod
2575 2055 2773 2110 deinde
2800 2056 3061 2110 introitus
3094 2057 3369 2122 meminit,
3399 2054 3466 2131 ad

1874 2132 2272 2206 incarnationis
2305 2148 2669 2205 oeconomiam
2706 2147 2828 2203 ideo
2858 2149 3066 2213 retulit,
3108 2148 3256 2217 quod
3296 2147 3467 2202 veluti

1876 2256 1973 2311 per
2003 2254 2225 2295 carnem
2254 2239 2308 2294 in
2348 2240 2498 2294 hunc
2528 2239 2801 2293 mundum
2837 2239 3087 2294 intravit.
3118 2238 3467 2293 Delectantur

1876 2347 2005 2402 ergo
2038 2330 2132 2401 qui
2166 2346 2480 2387 sermonem
2515 2329 2584 2385 de
2618 2330 2722 2385 hac
2771 2330 2887 2400 ipsa
2930 2345 2989 2385 re
3027 2329 3362 2384 didicerunt.
3400 2327 3469 2381 Et

1874 2423 2002 2478 hinc
2040 2423 2203 2493 igitur
2233 2421 2486 2477 effectum
2517 2430 2600 2477 est
2626 2462 2641 2482 ,
2674 2432 2734 2476 ut
2785 2422 2903 2491 ejus
2941 2422 2996 2475 in
3031 2436 3195 2475 carne
3234 2420 3466 2475 manife-

1874 2514 2168 2568 stationem
2225 2513 2493 2582 propheta
2549 2512 2736 2566 statim
2777 2522 3020 2582 apertam
3076 2512 3302 2576 faceret,
3343 2520 3468 2566 tati-

1874 2618 2035 2675 quam
2074 2604 2194 2672 ipso
2228 2605 2293 2657 ad
2330 2604 2476 2659 hunc
2512 2604 2735 2659 modum
2771 2606 3065 2675 loquente:
3097 2604 3231 2659 Ecce
3258 2623 3353 2676 ego
3376 2607 3468 2661 de-

1806 1840 1847 1895 Β

1873 2692 2008 2748 clina
2039 2694 2109 2747 ad
2139 2711 2251 2759 eos,
2287 2695 2444 2765 quasi
2472 2695 2667 2764 ﬂuvius
2700 2697 2870 2762 pacis,
2891 2705 2939 2749 et
2966 2698 3121 2766 quasi
3149 2706 3357 2751 torrens
3387 2698 3491 2754 in-.

1873 2784 2084 2841 undans
2119 2786 2348 2857 gloriam
2396 2789 2669 2858 gentium:
2715 2789 2768 2841 in
2802 2803 2910 2859 quo
2950 2790 3180 2858 gloriam
3226 2789 3466 2858 gentium

1875 2897 2001 2937 cum
2037 2881 2200 2937 Sione
2227 2883 2338 2949 illa,
2373 2898 2494 2953 quae
2532 2897 2727 2937 recens
2750 2891 2875 2937 ante
2900 2883 3181 2937 nominata
3206 2891 3311 2945 est,
3336 2896 3470 2936 con-
3552 2935 3554 2938 ,

1870 2975 2088 3045 jungit,
2147 2981 2203 3029 et
2265 2991 2448 3045 pacem
2508 2990 2633 3045 quae
2685 2974 2806 3029 istis
2865 2974 3066 3027 tradita
3126 2981 3246 3037 est,
3304 2974 3471 3042 ﬂuvio

1876 3068 2007 3122 facit
2041 3083 2151 3122 non
2190 3067 2538 3122 dissimilem.
2578 3065 2643 3120 Et
2696 3066 2898 3121 alicubi
2952 3067 3098 3122 enim
3152 3067 3413 3147 scribitur
3459 3081 3472 3119 '.

174 3157 274 3225 φῆς
305 3174 402 3211 σου
424 3159 646 3221 ποτιεῖς
679 3155 895 3220 αὐτούς.
920 3174 938 3207 ›
974 3156 1172 3219 Δόξαν
1200 3156 1255 3207 δὲ
1284 3154 1402 3209 τῶν
1440 3156 1634 3210 ἐθνῶν
1648 3158 1771 3222 τοὺς

1884 3178 1902 3213 ι
1935 3159 2167 3216 Flumen
2202 3160 2314 3231 Dei.
2344 3160 2613 3230 repletum
2653 3167 2738 3216 est
2780 3159 2942 3229 aquis
2967 3160 3034 3215 ⁸⁸.
3078 3179 3096 3210 ι
3139 3160 3243 3235 Et:
3291 3180 3308 3210 ι
3343 3159 3473 3213 Flu-

170 3247 236 3314 ἐξ
250 3249 456 3305 αὐτῶν
475 3248 916 3311 πεπιστευκότας
940 3248 1113 3315 καλεῖ,
1139 3246 1280 3301 κατὰ
1303 3247 1384 3313 τὸ,
1406 3265 1424 3299 t
1452 3246 1558 3312 Οὓς
1575 3248 1633 3302 δὲ
1656 3249 1779 3304 ἐκά-

172 3341 346 3408 λεσεν,
382 3341 620 3404 τούτους
652 3341 747 3393 καὶ
780 3339 1047 3404 ἐδόξασεν.
1077 3358 1096 3391 ι

1885 3251 2049 3306 minis
2096 3251 2336 3321 impetus
2393 3251 2632 3306 laetiﬁcat
2677 3251 2952 3308 civitatem
3000 3249 3092 3306 Dei
3121 3251 3191 3305 ⁵⁸.
3228 3269 3247 3302 ι
3308 3248 3471 3321 755

1884 3343 2163 3416 Itemque:
2205 3344 2314 3400 «De
2343 3351 2590 3400 torrente
2617 3344 2945 3400 deliciarum
2978 3344 3194 3415 potabis
3219 3359 3316 3398 eos
3341 3342 3410 3395 ".
3446 3361 3468 3395 ι

168 3433 428 3506 lntelligit
474 3450 615 3491 vero
656 3450 754 3506 per
784 3436 1020 3506 gloriam
1058 3436 1327 3504 gentium,
1363 3451 1461 3492 eos
1488 3436 1669 3507 ipsos,
1729 3437 1821 3508 qui
1855 3439 1923 3495 de
1954 3441 2188 3509 gentium
2235 3454 2465 3494 numero
2513 3437 2673 3493 fidem
2720 3436 2956 3506 amplexi
3011 3444 3168 3502 sunt;
3203 3434 3363 3507 quale
3405 3432 3474 3488 il-

168 3525 253 3577 lud
294 3532 404 3589 cst,
438 3523 605 3593 quod
648 3523 791 3592 apud
828 3523 1175 3593 Apostolum,
1240 3524 1462 3579 eosdem
1495 3525 1658 3579 etiam
1689 3526 2049 3596 glorificasse,
2091 3542 2228 3597 quos
2256 3527 2490 3592 vocavit,
2521 3527 2824 3598 reperimus
2855 3526 2924 3580 ⁵⁸.

241 3617 614 3681 Ἐξέκλινεν
638 3616 694 3668 δὲ
725 3618 810 3682 εἰς
840 3617 912 3669 τὰ
958 3617 1127 3683 ἔθνη,
1163 3615 1273 3669 τῶν
1314 3617 1373 3682 ἐξ
1436 3617 1657 3687 Ἰσραὴλ
1690 3617 1767 3690 μὴ

160 3708 482 3779 δεξαμένων
511 3708 700 3772 αὐτὸν,
730 3708 866 3778 πρὸς
892 3707 984 3770 οὓς
1021 3703 1154 3780 ἦλθε
1188 3709 1646 3780 προηγουμένως.¹
1669 3711 1769 3764 El-

158 3801 311 3871 ρήνη
346 3802 407 3855 δὲ
438 3800 729 3871 βαθυτάτη
759 3801 940 3872 πολλῷ
973 3801 1054 3865 τῷ
1077 3801 1331 3870 ῥεύματι
1378 3801 1478 3872 τὴν
1535 3792 1770 3872 Ἐκκληέ

164 3894 274 3947 σίαν
304 3892 695 3959 ἐπέκλυσεν,
738 3896 1132 3964 πνευματικοῖς
1172 3893 1377 3963 νάμασι
1412 3892 1540 3957 τοὺς
1564 3892 1769 3966 ταύτης

157 3985 417 4057 ἐπάρδων
445 3984 630 4047 υἱούς.
678 3985 778 4038 Δίὰ
808 3985 917 4057 γὰρ
944 3986 1038 4038 τοῦ
1078 3983 1351 4055 σωτηρίου
1386 3982 1768 4056 κηρύγματος,

152 4077 266 4146 τὴν
302 4078 581 4149 εῑρήνην
598 4076 696 4147 τὴν
731 4078 866 4149 πρὸς
894 4077 987 4133 τὸν
1011 4078 1253 4149 Πατέρα,
1280 4077 1347 4130 δι’
1380 4076 1546 4130 αὐτοῦ
1578 4094 1770 4148 κεκερ-

153 4168 455 4238 δάγκασιν,
485 4170 583 4222 ὅτε
613 4167 821 4231 τιθηνοί
843 4185 989 4232 τινες
1021 4169 1150 4232 τοὺς
1178 4168 1354 4240 αὐτῆς
1375 4168 1607 4239 νηπίους
1637 4170 1771 4222 ὑπο-

148 4262 528 4331 ϐαστάξουσι,
558 4261 870 4316 διδάσκαλοί
896 4279 1043 4326 τινες
1073 4260 1427 4332 Ἐκκλησίας,
1458 4262 1492 4333 ἢ
1521 4261 1766 4331 ἄγγελοι,

149 4354 295 4410 κατὰ
327 4356 420 4419 τὸ,
462 4372 485 4405 ι
526 4352 621 4424 Μὴ
650 4354 1104 4425 καταφρονήσητε
1135 4351 1254 4416 ὲνὺς
1273 4351 1382 4405 τῶν
1405 4352 1619 4423 μικρῶν
1646 4351 1770 4406 τού-

52 4430 57 4441 '
143 4463 272 4501 των.
314 4447 387 4502 Οἱ
419 4445 547 4516 γὰρ
575 4444 797 4512 ἄγγελοι
825 4444 1004 4499 αὐτῶν
1045 4445 1134 4498 διὰ
1184 4445 1385 4507 παντὸς
1422 4442 1679 4513 βλέπουσι
1704 4443 1767 4498 τὸ

1942 3618 2241 3674 Declinavit
2269 3635 2397 3675 vero
2427 3618 2497 3673 ad
2525 3627 2727 3686 gentes,
2748 3608 2876 3674 cum.
2925 3620 2997 3675 ab
3026 3618 3309 3680 lsraelitis,
3338 3632 3477 3688 quo-

1874 3724 1996 3764 rum
2020 3708 2245 3764 nomine
2270 3709 2546 3778 praecipue
2568 3716 2819 3771 venerat,
2859 3715 3133 3777 exceptus
3166 3723 3275 3761 non
3301 3716 3471 3761 esset.

1870 3796 2108 3868 Copioso
2144 3797 2339 3854 deinde
2367 3798 2593 3868 ﬂumine
2628 3797 3090 3869 tranquillissima
3145 3812 3253 3865 pax
3281 3796 3473 3852 Eccle-

1871 3891 2008 3947 siam
2036 3891 2342 3958 inundavit,
2377 3907 2503 3945 cum
2543 3891 2931 3962 spiritualihus
2957 3890 3119 3946 undis
3149 3889 3312 3959 hujus
3332 3888 3472 3944 lilies

1872 3982 2146 4051 irrigaret.
2178 3980 2281 4036 Per
2315 3982 2619 4057 salutarem
2659 3982 2807 4037 enim
2838 3981 3337 4051 promulgationem
3373 3995 3474 4049 pa-
3528 3996 3541 4011 κ

1878 4086 1989 4127 cem
2023 4071 2127 4127 sibi
2165 4087 2288 4127 cum
2330 4071 2493 4128 Patre
2534 4070 2656 4141 ejus
2701 4086 2867 4142 opera
2918 4079 3291 4143 pepererunt;
3320 4084 3469 4134 cum,

1877 4164 2047 4220 veluti
2083 4164 2299 4219 nutritii
2345 4164 2593 4235 quidam,
2633 4164 2874 4219 infantes
2927 4164 3105 4234 ipsius
3162 4172 3471 4234 gestarant,

1877 4257 2170 4331 doctorum
2198 4257 2373 4312 vicem
2404 4256 2456 4309 in
2502 4255 2775 4321 Ecclesia,
2801 4254 2887 4310 vel
2925 4256 3246 4326 angelorum
3278 4269 3471 4339 g’eren-

1876 4358 1978 4416 tes,
2003 4348 2163 4420 juxta
2195 4347 2329 4403 illud
2360 4366 2374 4403 :
2418 4366 2437 4399 (
2473 4347 2551 4402 Ne
2577 4346 3027 4417 contempseritis
3051 4361 3219 4401 unum
3253 4362 3319 4400 ex
3344 4360 3470 4415 par-

1872 4439 2016 4496 vulis
2070 4439 2212 4495 istis.
2259 4438 2453 4509 Angeli
2519 4441 2669 4494 enim
2723 4439 2968 4508 ipsorum
3022 4452 3242 4508 semper
3284 4437 3473 4491 vident

144 4538 459 4606 πρόσωπον
494 4536 593 4590 τοῦ
621 4537 867 4607 Πατὲρος
900 4554 1003 4606 μου
1053 4533 1148 4590 τοῦ
1179 4536 1237 4589 ὲν
1273 4540 1386 4600 τοῖς
1430 4537 1700 4607 οὐρανοῖς.
1738 4555 1757 4585 ι

1876 4532 2071 4588 faciem
2102 4532 2285 4593 Patris
2317 4531 2447 4598 mei,
2478 4532 2568 4602 qui
2614 4533 2671 4587 in
2703 4531 2860 4586 caelis
2891 4537 2977 4587 est
3003 4531 3075 4584 ".
3116 4549 3134 4582 ι
3172 4528 3278 4597 Qui
3308 4529 3474 4600 igitur

136 4627 204 4682 Ol
225 4628 334 4699 μὲν
367 4624 474 4681 οὖν
508 4623 730 4690 τέλειοι,
761 4624 887 4687 τοὺς
921 4623 1313 4695 εἰσαγομένους
1344 4623 1436 4676 ἐπ’
1464 4623 1639 4689 ὤμων
1665 4621 1764 4675 καὶ

139 4721 453 4789 γονάτων,
491 4718 654 4788 δίκην
678 4716 1028 4788 τιθηνοῦνται
1058 4716 1334 4786 μητέρος.
1396 4714 1539 4784 Ἐγὼ
1565 4715 1643 4779 δὲ,
1690 4714 1768 4777 ὡς

134 4813 374 4868 πάντων
413 4809 644 4881 Πατὴρ,
676 4809 1084 4878 παρακαλέσω
1111 4810 1238 4872 τοὺς
1287 4807 1400 4862 τῶν
1446 4806 1767 4861 ὑποδεεστέ-

137 4917 251 4969 ρων
286 4897 810 4973 παρακλήτορας.
836 4897 927 4950 Διό
959 4914 1124 4968 φησιν
1159 4897 1187 4948 ὁ
1226 4897 1545 4961 Ἀπόστολος
1569 4913 1582 4926 ·
1611 4914 1630 4947 ι
1660 4897 1769 4949 Εὑ-

130 4989 384 5062 λογητὸς
421 4992 455 5043 ὁ
506 4987 662 5053 Θεὸς,
718 4988 747 5040 ὁ
797 4985 991 5059 Πατὴρ
1023 4987 1131 5040 τῶν
1159 4986 1481 5058 οἰκτιρμῶν,
1511 4985 1603 5040 καὶ
1633 4986 1768 5048 Θεὸς

132 5081 328 5151 πάσης
369 5078 821 5148 παρακλήσεως,
856 5080 884 5130 ὁ
914 5075 1252 5148 παρακαλῶν
1304 5079 1455 5148 ἡμᾶς
1498 5078 1592 5130 ἐπὶ
1618 5077 1767 5146 πάσῃ

126 5173 197 5242 τῇ
229 5170 434 5243 θλίψει
464 5170 506 5239 ἡ
517 5169 659 5238 μῶν,
694 5168 836 5240 πρὸς
862 5168 926 5221 τὸ
955 5166 1219 5221 δύνασθαι
1250 5169 1403 5237 ἡμᾶς
1425 5166 1765 5238 παρακαλεῖν

125 5263 263 5326 τοὺς
296 5266 364 5317 ὲν
399 5261 573 5331 πάσῃ
592 5258 791 5329 θλίψει,
810 5257 901 5313 διὰ
919 5259 1020 5328 τῆς
1043 5259 1467 5330 παρακλήσεως,
1495 5254 1564 5331 ἧς
1590 5274 1767 5326 παρα-

126 5354 489 5426 καλούμεθα
522 5352 680 5406 αὐτυὶ
711 5353 816 5406 ὑπὸ
850 5352 943 5405 τοῦ
973 5351 1129 5406 Θεοῦ.
1180 5372 1199 5405 ι
1235 5345 1336 5406 Ὧν
1369 5352 1513 5406 οὕτω
1549 5352 1768 5422 γινομέ-

123 5465 263 5513 νων,
295 5447 585 5517 ὄψεσθε,
611 5445 764 5516 φησι,
794 5444 893 5516 τὴν
921 5444 1247 5516 ἐπουράνιον
1286 5443 1696 5513 Ἰερουσαλὴμ,
1727 5444 1761 5515 ἢ

1874 4619 2100 4691 perfecti
2132 4630 2281 4683 sunt,
2312 4635 2430 4685 eos,
2484 4620 2579 4690 qui
2619 4619 2935 4686 initiantur,
2987 4620 3223 4675 humeris
3276 4629 3326 4673 et
3384 4636 3473 4690 ge-

1872 4713 2043 4767 ntibus
2071 4713 2207 4782 ipsis
2238 4713 2600 4779 sustinentes,
2631 4713 2801 4768 veluti
2841 4722 3041 4766 matres
3081 4711 3469 4767 nutricantnr.

1871 4804 1984 4876 Ego
2009 4819 2141 4860 vero
2171 4812 2434 4874 tanquam
2460 4819 2661 4874 parens
2693 4805 2963 4870 omnium,
2992 4820 3110 4869 eos,
3137 4804 3231 4874 qui
3254 4804 3470 4859 tenuio-

1872 4912 1960 4953 res
2015 4897 2440 4967 egentioresque
2494 4897 2882 4962 consolantur,
2934 4898 3053 4968 ipse
3093 4897 3471 4952 consolaturus

1870 5005 2012 5043 sum.
2050 4988 2172 5055 Quo
2213 4988 2294 5055 ﬁt,
2329 4997 2391 5042 ut
2430 4990 2577 5043 hunc
2618 4989 2676 5044 in
2726 4989 2950 5044 modum
2989 4989 3199 5044 scribat
3234 4988 3470 5058 Aposto—

1871 5080 2003 5136 lus:
2039 5100 2057 5133 ‹
2100 5080 2429 5137 Benedictus
2485 5081 2652 5145 Deus,
2711 5081 2875 5137 Pater
2935 5081 3464 5146 misericordiarum,

1871 5181 1924 5226 et
1958 5170 2103 5227 Deus
2132 5171 2303 5227 totius
2332 5173 2758 5233 consolationis.
2787 5172 2883 5243 qui
2914 5173 3240 5227 consolatur
3283 5187 3385 5229 nos
3417 5174 3471 5227 in

1870 5262 2021 5316 omni
2053 5261 2407 5318 tribulatione
2437 5270 2650 5328 nostra,
2684 5272 2744 5317 ut
2796 5263 3080 5332 possimus
3115 5270 3170 5318 et
3204 5264 3310 5333 ipsi
3338 5279 3471 5319 con-

1872 5354 2038 5408 solari
2068 5368 2185 5419 eos,
2218 5354 2313 5424 qui
2345 5354 2400 5408 in
2448 5355 2595 5411 omni
2641 5370 2909 5424 pressura
2943 5365 3109 5420 sunt;
3143 5371 3239 5426 per
3270 5372 3471 5412 conso-

1868 5444 2149 5509 lationem,
2183 5461 2289 5515 qua
2321 5446 2673 5500 consolamur
2696 5445 2797 5515 ipsi
2848 5461 2878 5499 a
2916 5445 3025 5501 Deo
3066 5445 3133 5501 ‘°.
3169 5464 3187 5498 ι
3235 5442 3368 5511 Quae
3411 5448 3459 5500 si

196 5566 252 5599 ”
278 5564 454 5621 Psal.
488 5578 715 5633 Lxxxw,
751 5562 836 5617 10.
912 5563 960 5595 ⁵⁸
983 5563 1132 5618 Psal.
1156 5578 1303 5632 LXIV,
1332 5562 1420 5621 10.
1496 5562 1545 5595 ⁵³
1573 5562 1723 5618 Psal.
1761 5578 1771 5616 ι

1876 5604 1883 5621 .
2045 5563 2090 5595 ⁸⁷
2117 5562 2262 5617 Psal.
2297 5578 2461 5628 xxxv,
2494 5540 2546 5616 9.
2621 5562 2670 5594 ⁸⁸
2701 5562 2862 5618 Rom.
2888 5575 3008 5628 Vttl,
3042 5560 3134 5616 50.
3201 5562 3243 5595 ”
3264 5559 3453 5617 Matth.

123 5654 269 5693 xrm
299 5677 316 5702 ,
358 5636 465 5692 10.
555 5632 600 5665 ⁸ο
634 5633 674 5686 ll
703 5634 830 5689 Cor.
858 5648 902 5699 ι,
945 5633 999 5698 5,
1032 5635 1087 5687 4.

1528 5724 1760 5783 VARle

212 5831 243 5871 ιι
275 5838 378 5893 γρ.
423 5814 754 5887 ἁκρλουθον.
846 5829 873 5867 ει
902 5819 1053 5874 ἴσκλ.
1078 5820 1246 5871 ποιεῖ.

1804 5725 2206 5783 LECTIONES.

3662 3482 3693 3505 κ
