3978 6422
524 369 666 434 2707

1867 374 2222 438 PROCOPII
2261 378 2504 438 GAZ/EI

3649 375 3772 443 2703

524 486 598 538 ita
632 483 748 539 fieri
801 483 1107 555 contingat,
1155 484 1422 550 videbitis,
1462 481 1662 554 inquit,
1699 485 1981 542 caelestem
2012 487 2104 542 Je-

2233 490 2309 543 ιαὶ
2335 491 2499 544 αὐτὸν
2525 488 2616 542 τὸν
2638 487 2793 552 Θεὸν,
2819 486 2880 540 τδ
2913 485 3126 556 ἐφετὸν,
3148 483 3246 538 καὶ
3279 483 3464 554 χαρᾶς
3493 483 3772 555 ἀνάμεστον

525 577 795 644 rusalem;
834 585 929 633 aut
966 579 1131 632 etiam
1164 575 1332 632 Deum
1367 578 1570 647 ipsum,
1611 578 1706 647 qui
1756 577 1879 632 finis
1909 588 1994 634 est
2018 595 2115 649 op-

526 681 694 736 tatus,
725 679 781 727 et
809 671 999 726 laetitia
1038 669 1255 739 plenus.
1303 669 1595 723 Enimvero
1624 677 1680 725 et
1712 668 1970 725 Salvator
1998 672 2118 741 ipse

526 761 651 818 ideo
668 764 876 817 'beatos
901 760 1186 830 praedicat,
1216 759 1310 829 qui
1349 759 1557 814 mundo
1585 769 1716 816 sunt
1741 759 1930 827 corde,
1969 761 2117 830 quod

529 855 695 910 Deum
733 854 902 908 visuri
939 852 1051 908 sint
1095 853 1160 905 θ’.
1193 850 1458 920 Sequitur
1491 870 1504 906 :
1537 850 1606 905 Et
1653 870 1776 910 ossa
1811 864 1982 908 vestra
2011 855 2118 909 sic-

527 955 584 999 ut
643 944 804 999 herba
861 943 1256 1014 germinabunt.
1297 941 1538 1014 Surgent
1594 946 1742 1000 enim
1789 947 2025 1011 mortui,
2065 957 2120 1002 et

526 1035 920 1091 excitabuntur
985 1035 1080 1106 qui
1127 1034 1321 1104 jacent
1369 1036 1422 1089 in
1471 1039 1847 1093 monumentis
1893 1038 1972 1098 ".
2023 1039 2117 1094 ubi

530 1144 655 1186 rore
689 1129 806 1196 illo,
843 1131 936 1201 qui
963 1141 1150 1186 manat
1175 1146 1204 1184 a
1236 1129 1495 1196 Christo,
1517 1131 1726 1202 Spiritu
1754 1133 2015 1189 nimirum
2037 1134 2120 1188 vi-

529 1221 692 1276 viﬂco
722 1221 881 1276 ditati
914 1221 1144 1290 fuerint,
1191 1223 1260 1278 de
1306 1239 1418 1295 quo
1461 1227 1543 1280 sic
1573 1224 1718 1295 apud
1750 1223 1990 1280 Psaltcm
2041 1225 2120 1279 le-

531 1309 710 1380 gimus
739 1326 752 1364 :
787 1329 806 1363 ι
844 1309 1047 1366 Emitte
1077 1311 1334 1382 spiritum
1378 1322 1532 1367 tuum
1578 1321 1632 1368 et
1665 1314 2026 1379 creahuntur,
2066 1321 2122 1369 ct

532 1399 823 1457 renovabis
852 1401 1048 1458 faciem
1077 1413 1239 1459 terra;
1266 1403 1340 1468 ⁶³;
1380 1423 1398 1455 ι
1447 1419 1554 1458 non
1602 1405 1762 1459 aliter
1795 1420 1958 1474 quam
1997 1421 2122 1476 qum

531 1494 588 1548 in
623 1495 771 1564 agris
809 1493 1137 1559 floruerunt,
1193 1497 1484 1563 occidere,
1519 1512 1649 1552 vere
1697 1505 1878 1553 autem
1927 1514 2124 1555 rursus

531 1585 665 1640 oriri
695 1585 967 1642 videmus.
1003 1588 1085 1642 Ad
1131 1590 1276 1643 hune
1316 1605 1449 1645 vero
1487 1590 1711 1644 modum
1761 1591 1929 1645 etiam
1966 1593 2124 1648 inno-

535 1688 692 1732 tescet
737 1680 1000 1736 omnibus
1026 1681 1128 1736 ista
1167 1682 1282 1737 fieri
1321 1696 1431 1736 non
1488 1681 1731 1737 humana
1771 1682 1848 1749 vi,
1894 1683 1989 1739 sed
2027 1683 2123 1739 Dei
2160 1703 2186 1722 κ

536 1783 734 1834 manu;
773 1769 824 1824 id
865 1781 947 1825 est
983 1770 1285 1843 Unigeniti,
1319 1787 1418 1843 per
1451 1787 1612 1843 quem
1639 1782 1694 1828 et
1731 1773 1854 1844 ipsa
1903 1776 2124 1832 exsistit

2219 581 2391 645 τέλος.
2427 580 2537 634 Καὶ
2569 579 2597 632 ὁ
2631 577 2820 650 Σωτὴρ
2841 577 2900 633 δὲ
2933 577 3230 650 μακαρίζει
3261 576 3386 640 τοὺς
3434 573 3699 648 καθαροὺς
3719 582 3776 650 τῇ

2221 675 2442 745 καρδίᾳ,
2470 675 2553 728 ὅτι
2606 674 2764 727 αὐτοὶ⁸
2806 673 2898 726 τὸν
2931 672 3064 726 Θεὸν
3095 670 3339 741 ὄψονται.
3401 670 3512 726 Kal
3547 670 3617 725 τὰ
3648 674 3781 728 ὀστᾶ

2219 763 2409 834 ὑμῶν,
2443 764 2598 835 φησὶ,
2631 764 2786 829 πόας
2830 762 3011 829 δίκην
3052 760 3330 829 ἀνθήσει.
3384 759 3782 832 Ἐγερθὴσονται

2221 853 2330 924 γὰρ
2348 855 2398 908 oi.
2427 854 2635 926 νεκροὶ,
2655 854 2750 906 καὶ
2773 853 3175 922 ἀναστήσονται
3197 853 3246 903 οἱ
3277 851 3334 902 ἐν
3357 851 3472 912 τοῖς
3501 852 3780 920 μνημείοις,

2220 944 2319 1016 τὴν
2353 945 2506 1015 παρά
2541 942 2781 1015 Χριστοῦ
2819 943 3226 1011 πλουτήσαντες
3255 939 3468 1012 δρόσον,
3505 939 3564 992 τὸ
3591 941 3784 1009 πνεῦμα

2221 1037 2425 1110 δηλαδὴ
2477 1037 2538 1091 τὸ
2609 1035 2899 1102 ζωοποιόν.
2970 1035 3106 1106 Περὶ
3136 1029 3210 1091 ὧν
3265 1037 3293 1088 ὁ
3344 1029 3577 1090 Ψάλλων
3610 1038 3782 1107 φησίν·

2229 1149 2248 1182 ι
2291 1129 2704 1194 Ἐξαποστελεϊς
2739 1129 2798 1182 τὸ
2857 1127 3077 1198 πνεῦμά
3127 1145 3220 1181 σου
3267 1129 3361 1180 καὶ
3396 1127 3783 1198 κτισθήσονται,

2225 1220 2318 1274 καὶ
2369 1222 2707 1283 ἀνακαινιεῖς
2767 1218 2829 1272 τὸ
2881 1219 3173 1290 πρόσωπον
3230 1217 3330 1287 τῆς
3375 1219 3514 1288 γῆς·
3553 1219 3626 1281 ὡς
3653 1221 3713 1273 τά
3741 1224 3788 1274 ἐν

2225 1313 2415 1382 ἀγροῖς
2477 1313 2789 1383 ἀνθήσαντα
2850 1312 3062 1375 πίπτει,
3113 1310 3209 1362 καὶ
3260 1309 3423 1364 πάλιν
3479 1310 3684 1380 ἀνίσχει
3709 1312 3788 1365 τοῦ

2226 1405 2406 1474 ἔαρος.
2442 1405 2599 1459 Οὕτω
2651 1403 2709 1457 δὲ
2742 1403 2838 1457 καὶ
2873 1402 3292 1474 γνωσθήσεται
3350 1404 3542 1467 πᾶσιν,
3588 1402 3660 1467 ὡς
3707 1405 3790 1458 οὐκ

2225 1496 2543 1569 ἀνθρωπίνη
2575 1495 2754 1551 ταῦτα
2789 1493 3060 1579 πεποίηκε
3093 1493 3348 1564 δύναμις,
3379 1492 3518 1547 Θεοῦ
3556 1492 3610 1546 δὲ
3651 1495 3788 1563 χείρ,

2225 1591 2255 1644 ὁ
2276 1589 2610 1660 Μονογενὴς,
2637 1589 2705 1642 δι’
2733 1583 2794 1642 οῦ
2826 1589 2919 1641 καὶ
2952 1589 2984 1658 ἡ
3018 1587 3127 1640 τῶν
3156 1587 3369 1658 νεκρῶν
3394 1588 3704 1650 ἀνάστασις·
3737 1590 3793 1642 Ἦ

2228 1682 2325 1736 καὶ
2359 1681 2778 1752 γνωσθήσεται
2801 1679 2924 1745 τοῖς
2953 1678 3349 1748 φοϐουμένοις
3377 1679 3584 1732 αὐτόν.
3628 1679 3793 1734 Φόϐον

2228 1776 2339 1848 γάρ
2365 1775 2720 1844 ἀνειληφότες
2754 1772 2890 1827 Θεοῦ
2921 1774 3012 1826 τὸν
3043 1774 3107 1826 ἐκ
3143 1772 3336 1842 σοφίας
3366 1772 3572 1845 (Ἃρχὴ
3595 1772 3698 1844 γὰρ
3722 1789 3794 1825 σου

537 1867 884 1916 mortuorum
930 1861 1095 1934 756
1157 1864 1447 1920 suscitatio
1487 1884 1500 1917 :
1557 1863 1693 1929 Quae
1737 1867 1901 1920 etiam
1953 1866 2125 1922 Deum

2233 1869 2363 1938 φίας
2394 1867 2559 1938 φόϐος
2580 1865 2810 1938 Κυρίου)
2843 1867 3152 1936 νοήσουσιν,
3197 1865 3273 1929 ῶς
3307 1866 3411 1919 οὐκ
3453 1867 3580 1921 ἄνευ
3625 1865 3794 1934 χειρὸς

536 1954 889 2010 metuentibus
939 1972 1043 2010 non
1076 1956 1302 2011 obscura
1341 1957 1527 2026 futura
1556 1970 1655 2013 est.
1714 1956 1817 2014 Ubi
1875 1975 2118 2031 namque

535 2041 630 2098 Dei
666 2055 884 2110 metum,
941 2047 1034 2118 qui
1095 2063 1161 2103 ex
1217 2049 1487 2118 sapientia
1539 2057 1646 2115 est,
1718 2053 2119 2122 resumpserint

2229 1959 2390 2024 Θεοῦ,
2427 1958 2664 2029 τοσαύτη
2695 1957 2858 2028 χάρις
2883 1959 2964 2021 είς
2996 1955 3320 2028 ἀνθρώπους
3350 1959 3671 2028 ἐνήργησεν.
3692 1957 3794 2019 Τοῖς

2225 2051 2284 2104 δὲ
2315 2049 2391 2122 μὴ
2425 2048 2692 2112 τοιούτοις
2722 2046 3048 2115 ἀπειλήσει
3069 2048 3135 2103 τὰ
3158 2048 3506 2119 ἐπαγόμενα.

533 2135 794 2201 (Initium
834 2136 980 2194 enim
1035 2141 1320 2210 sapientiai
1365 2143 1529 2197 timor
1582 2142 1796 2199 Domini
1832 2146 1915 2215 “)
1949 2189 1963 2212 ,
1999 2163 2109 2204 non
2150 2146 2360 2216 absque
2387 2161 2550 2198 manu
2581 2143 2696 2209 Dei,
2741 2150 2952 2196 tantam
3007 2143 3240 2213 gratiam
3326 2143 3479 2198 inter
3559 2142 3797 2196 mortales

533 2231 678 2289 Vires
722 2246 855 2288 suas
917 2247 1175 2290 exercere
1236 2235 1502 2306 potuisse,
1578 2235 1906 2312 intelligent.
1955 2241 2072 2298 Illis
2121 2250 2326 2304 autem,
2377 2237 2468 2308 qui
2521 2236 2661 2291 tales
2729 2249 2838 2291 non
2893 2233 3124 2302 fuerint,
3176 2249 3262 2301 ea,
3319 2250 3446 2306 quae
3496 2243 3797 2304 sequuntur,

533 2323 852 2382 minabitur.

603 2417 744 2474 Sunt
787 2435 941 2487 vero,
981 2423 1074 2493 qui
1107 2439 1136 2479 a
1177 2425 1361 2482 verbis
1411 2429 1554 2494 istis,
1614 2447 1714 2486 vox
1753 2432 1988 2498 Domini,
2047 2433 2121 2488 ita

531 2513 826 2582 explicent,
853 2525 913 2570 ut
947 2518 1132 2573 omnia
1167 2521 1409 2592 undique
1440 2523 1655 2594 justum
1707 2526 1801 2583 Dei
1843 2528 2120 2598 judicium

532 2607 703 2664 velint
761 2625 1055 2679 resonare,
1116 2613 1368 2672 hostibus
1415 2618 1636 2689 quidem
1698 2619 2013 2692 subiugatis
2069 2630 2123 2677 et

533 2703 735 2770 victis;
785 2702 1055 2761 Ezechias
1098 2715 1282 2764 autem
1333 2709 1401 2767 de
1439 2712 1644 2783 templo
1679 2713 1962 2781 redeunte,
1998 2713 2124 2770 Dei-

531 2809 640 2862 que
683 2794 1024 2865 majestatem
1058 2799 1393 2868 pradicante
1442 2801 1518 2870 ⁶²⁵;
1558 2802 1694 2873 ipsis
1725 2803 1983 2876 denique,
2029 2806 2122 2876 qui

533 2885 648 2941 Deo
678 2885 1138 2956 adversabantur,
1189 2891 1383 2947 ultioni
1443 2893 1684 2950 traditis.
1746 2894 1888 2950 Sunt
1939 2904 2121 2951 tamen

535 2992 728 3048 prunas
755 2983 1000 3046 vitaturi,
1053 2984 1098 3039 si
1150 2985 1420 3054 paenitere
1472 2987 1781 3057 contingat,
1817 3003 1930 3042 non
1965 2988 2126 3044 aliter

536 3087 701 3141 quam
754 3090 879 3143 quae
917 3077 1213 3130 masculum
1273 3080 1490 3148 peperit.
1550 3079 1912 3136 Obliviscitur
1975 3083 2124 3137 enim

536 3161 808 3228 dolorum,
835 3178 901 3218 eo
927 3164 1052 3234 ipso
1078 3165 1223 3235 quod
1257 3169 1495 3238 peperit,
1528 3170 1965 3225 consolationem
1995 3169 2125 3225 ade-

2301 2427 2460 2490 Τινές
2495 2427 2553 2480 δέ
2599 2426 2708 2480 ἀπὸ
2739 2424 2855 2487 τοῦ,
2908 2425 3080 2494 φωνὴ
3123 2425 3368 2494 Κυρίου,
3420 2424 3594 2488 οὕτως
3620 2425 3798 2495 ἐξηγή.

2233 2539 2413 2576 σαντο.
2451 2521 2636 2574 Πάντα
2668 2517 2780 2587 γὰρ
2802 2517 3145 2587 πανταχόθεν
3172 2517 3297 2584 ,ϐοᾷ
3326 2517 3431 2590 τὴν
3466 2517 3672 2571 δικαίαν
3701 2521 3800 2589 κρίο
3869 2531 3872 2535 ·

2233 2631 2317 2666 σιν
2345 2611 2439 2665 τοῦ
2469 2610 2628 2676 Θεοῦ,
2665 2610 2943 2682 πολεμίων
2969 2611 3067 2682 μὲν
3093 2609 3654 2681 καταστρεφομένων,
3672 2608 3798 2673 Ἐζεο

2231 2707 2354 2760 κίου
2383 2705 2440 2758 δὲ
2471 2705 2535 2759 ὲκ
2559 2704 2654 2758 τοῦ
2685 2703 2816 2757 ναοῦ
2853 2703 3196 2767 ἐπανιόντος,
3227 2701 3302 2771 μὴ
3325 2701 3698 2776 κηρύττοντος
3723 2699 3798 2752 τοῦ

2231 2797 2368 2851 Θεοῦ
2397 2797 2497 2868 τὴν
2527 2795 2950 2866 μεγαλειότητα,
2974 2797 3070 2849 καὶ
3111 2794 3222 2848 τῶν
3267 2793 3665 2864 ἀντικειμένων
3703 2791 3800 2861 Θεῷ

2231 2888 2686 2960 τιμωρουμένων.
2733 2886 3159 2956 Ἐκφεύεονται
3180 2885 3354 2957 δὲτὴν
3376 2885 3540 2956 δίκην
3565 2886 3797 2955 μετανοή-

2235 3002 2426 3047 σαντες
2461 2984 2607 3038 καθά
2631 2983 2726 3037 καὶ
2761 2983 2900 3054 γυνὴ
2933 2983 3198 3037 τεκοῦσα
3237 2980 3454 3050 ἄρσε-π
3508 2977 3799 3032 Ἐπιλανθά-

2233 3092 2384 3129 νεται
2420 3073 2528 3145 γὰρ
2561 3074 2681 3128 τῶν
2704 3073 2969 3137 ὠδίνων,
3003 3070 3355 3144 παραμύθιον
3409 3069 3609 3141 ἔχουσα
3641 3069 3695 3122 τὸ
3727 3085 3799 3120 τε·

2236 3163 2381 3234 χθέν,
2419 3164 2561 3217 κατὰ
2608 3163 2690 3229 τὸ,
2742 3164 2859 3218 ⁶Ὀτ’
2913 3164 2978 3218 ἂν
3014 3163 3072 3216 δὲ
3117 3165 3378 3236 γεννήσῃ,
3417 3163 3564 3234 χαρᾷ
3626 3161 3799 3233 χαίρει.

539 3255 672 3317 pta;
703 3251 868 3320 quale
893 3260 978 3308 est
1011 3253 1167 3321 illud,
1193 3257 1337 3325 quod
1371 3257 1657 3313 mulierem
1686 3274 1812 3313 cum
1843 3261 2121 3330 genuerit,

2233 3257 2310 3309 ὅτι
2341 3256 2610 3327 ἐγεννήθη
2645 3255 2933 3326 ἄνθρωπος
2973 3255 3066 3308 ἐπὶ
3095 3255 3194 3325 τῆς
3218 3255 3325 3324 γῆς
3365 3256 3450 3319 είς
3487 3255 3580 3308 τὸν
3605 3254 3797 3324 κόσμον.

540 3341 666 3396 ideo
703 3343 874 3398 laetari
908 3342 1166 3411 afﬁrmat,
1208 3347 1354 3417 quod
1392 3349 1559 3404 homo
1609 3351 1665 3404 in
1713 3351 1976 3406 mundum
2013 3352 2132 3406 edi-

538 3442 631 3488 tus
667 3434 740 3488 sit
786 3435 852 3490 °°.
896 3435 995 3491 Est
1041 3437 1209 3508 igitur
1241 3439 1446 3510 inquit,
1483 3441 1732 3497 dolorum
1767 3450 1983 3514 tempus
2014 3459 2132 3516 pm-

2235 3349 2588 3420 Προληπτέον
2621 3343 2736 3414 οὖν,
2787 3348 2944 3418 φησὶ,
2973 3351 3038 3420 τῇ
3069 3347 3332 3418 μετανοίᾳ
3361 3348 3456 3402 τὸν
3499 3349 3682 3418 καιρὸν
3707 3345 3801 3401 τῶν

2236 3438 2491 3494 ὠδίνων.
2540 3440 2654 3494 Καὶ
2711 3438 2918 3511 ὥσπερ
2957 3438 3146 3505 παῖδα,
3174 3438 3274 3508 τὴν
3312 3439 3529 3493 ἑαυτῶν
3561 3439 3802 3509 σωτηρίαν

542 3524 772 3579 nitentia
817 3527 1374 3595 praevertendumwt
1433 3539 1696 3602 tanquam
1745 3549 2000 3604 puerum,
2041 3553 2135 3592 ve-

543 3625 712 3672 stram
745 3619 852 3689 ipsi
875 3620 1108 3676 salutem
1137 3631 1294 3691 partu
1325 3624 1641 3681 enitamiui.
1694 3626 1897 3682 Volunt
1949 3637 2132 3684 autem

543 3707 942 3782 Hierosolymis
998 3713 1103 3768 ista
1153 3716 1477 3787 contigisse,
1515 3733 1638 3788 quae
1675 3718 1829 3784 brevi
1883 3728 2135 3790 tempore

542 3809 720 3872 gentes
765 3805 1060 3871 quaslibet,
1122 3821 1367 3876 suosque
1422 3809 1763 3867 habitatores
1819 3827 2136 3884 resumpse-

545 3893 676 3946 rint.
719 3891 817 3949 Est
850 3895 1000 3950 enim
1038 3895 1184 3953 Deus
1227 3897 1368 3968 ipse,
1416 3900 1509 3969 qui
1568 3903 1906 3958 sterilitatem
1951 3903 2137 3971 fecun-

544 3984 869 4057 ditatemque
922 3988 1175 4060 largitur.
1236 3990 1380 4059 Quia
1431 3995 1888 4050 autem'animam
1931 3996 2136 4052 futuris

545 4078 708 4134 bonis
731 4087 893 4136 antea.
924 4093 1229 4146 recrearat,
1257 4085 1432 4154 ipsam
1453 4084 1760 4142 Jerusalem
1791 4087 1971 4142 uetari
1996 4105 2137 4159 pra:-

544 4169 700 4240 cipit,
737 4188 848 4228 non
875 4176 1218 4232 eversionem
1251 4193 1408 4234 suam
1449 4179 1625 4250 lugere
1649 4223 1665 4246 ,
1697 4181 1793 4236 sed
1826 4197 1948 4252 quae
1980 4193 2136 4253 post~

541 4278 607 4318 ea
647 4273 904 4322 secutura
935 4277 1054 4332 est,
1103 4272 1334 4341 gloriam
1367 4273 1724 4330 considerare
1749 4315 1764 4339 ,
1813 4291 2128 4346 puerosque

543 4372 678 4414 suos
716 4367 981 4431 tanquam
1013 4362 1080 4418 ab
1110 4364 1358 4418 uberibus
1396 4380 1625 4436 pascere
1667 4387 1680 4422 :
1733 4369 1866 4438 quia
1897 4384 1997 4425 eos
2046 4370 2137 4424 iu-

549 4449 792 4508 uiiturus
817 4453 893 4508 sit
925 4453 1212 4521 Dominus,
1247 4440 1536 4528 pacemque
1585 4457 1816 4513 multam
1870 4460 2131 4527 daturus,

542 4539 829 4610 ﬂuviorum
871 4559 1024 4602 more
1060 4550 1529 4605 concurrentibus
1565 4549 1636 4604 ad
1667 4565 1793 4605 eum
1839 4551 2128 4608 omnibus.
2169 4599 2215 4639 η
2242 4543 2392 4608 υἱοὺς
2425 4543 2601 4613 αὐτῆς
2636 4552 2683 4612 τ,
2721 4543 2817 4598 καὶ
2844 4541 3159 4639 θυγατέρας
3189 4543 3284 4596 ἐπ’
3306 4544 3498 4639 -ῶμων
3525 4542 3716 4639 φέρειν
3734 4540 3800 4639 εἰς

541 4633 684 4704 Ipsis
710 4637 856 4692 enim
888 4641 1124 4710 gentium
1151 4642 1383 4712 gloriam
1414 4643 1697 4714 largietur,
1731 4653 1793 4698 ut
1822 4631 1967 4700 illius
2001 4645 2125 4716 ipsa

2257 4635 2674 4706 Ἰερουσαλὴμ,
2735 4635 2893 4700 Θεοῦ,
2955 4635 3115 4706 δίκην
3166 4635 3448 4705 μητέρος,
3488 4637 3585 4706 τὴν
3641 4631 3802 4686 ἑαυτοῦ

541 4729 598 4776 et
627 4722 770 4780 tilias
797 4726 1033 4782 humeris
1087 4729 1142 4784 in
1197 4731 1478 4786 civitatem
1525 4731 1829 4789 Jerusalem
1888 4746 2125 4805 portent,

2243 4729 2575 4801 κηδεμονίαν
2599 4727 2955 4799 παρέχοντος,
2991 4728 3088 4781 ἐπὶ
3121 4730 3185 4798 τῇ
3239 4727 3593 4799 προλαῦούσῃ
3643 4737 3800 4791 παρα-

469 4839 480 4846 ·
544 4811 658 4869 Deo
685 4814 828 4886 ipso,
856 4819 1048 4875 matris
1082 4820 1283 4889 instar,
1319 4823 1588 4878 auxilium
1640 4839 1944 4897 curamque
1980 4840 2125 4881 suan:

2243 4821 2583 4889 καλοῦντος
2613 4821 2812 4884 αὐτοὺς
2850 4821 3132 4892 συμφορᾷ,
3164 4819 3262 4873 καλ⁵
3285 4820 3490 4892 τρόπον
3514 4817 3631 4872 τινὰ
3667 4814 3800 4868 πάλιν

543 4904 897 4979 adjungente,
938 4913 1033 4982 qui
1072 4927 1169 4969 eos
1200 4929 1366 4986 super
1409 4915 1600 4970 futura
1651 4917 1968 4974 calamitate
1993 4919 2125 4988 leon-

2243 4913 2542 4968 ἀναϐιῶναι
2577 4912 2933 4984 ποιήσαντος,
2989 4913 3130 4966 κατά
3160 4912 3229 4965 τά
3258 4913 3411 4983 παρά
3460 4909 3535 4982 τῷ
3580 4902 3801 4975 Ἰεζεκιὴλ

545 4996 767 5069 soletur,
801 5017 1057 5076 novaque
1077 5005 1320 5075 quadam
1351 5008 1594 5074 ratione,
1626 5016 1686 5063 ut
1718 5025 1867 5077 ossa,
1908 5007 1976 5064 de
2005 5011 2125 5080 qui-

2246 5005 2420 5064 ὀστᾶ.
2461 5006 2845 5076 Βαστάγματα
2869 5005 2926 5058 δὲ
2956 5004 3140 5059 αὐτῶν
3174 5004 3272 5075 τὴν
3303 5004 3422 5059 ἀπὸ
3478 5002 3595 5057 τῶν
3639 4996 3801 5054 ἐθνῶν

547 5089 652 5146 bus
698 5101 784 5149 est
841 5097 989 5166 apud
1041 5095 1389 5156 Eeechielem
1442 5101 1524 5168 ⁸⁷,
1565 5103 1622 5156 in
1677 5103 1846 5157 vitam
1896 5112 2117 5160 revocet

2244 5100 2355 5154 νόει
2408 5099 2615 5170 τιμὴν,
2684 5099 2827 5152 κατά
2881 5097 3146 5169 πρόταξιν
3202 5096 3432 5166 Κυρίου,
3473 5095 3564 5149 καὶ
3603 5087 3799 5162 Δαρείου

545 5177 870 5240 Gestamina
918 5201 1109 5256 porro,
1153 5189 1274 5245 sive
1322 5205 1493 5247 onera
1541 5193 1814 5263 ipsorum,
1869 5194 2125 5250 honoret:

2249 5192 2388 5264 μετά
2421 5191 2748 5262 δορυφορίας
2781 5190 3254 5260 παραπέμψαντος
3305 5191 3506 5251 αὐτοὺς
3529 5189 3584 5240 ἐν
3626 5179 3797 5250 εὐωχίᾳ
3830 5257 3834 5263 _

546 5288 675 5330 eum
731 5275 1004 5348 intellige,
1037 5295 1200 5352 quem
1234 5281 1300 5337 de
1345 5283 1589 5353 gentibus
1619 5286 1730 5342 sibi
1781 5295 2125 5358 pepererunt,

2253 5304 2312 5340 τε
2342 5287 2438 5339 καὶ
2469 5285 2686 5356 εἰρήνῃ,
2719 5284 2830 5338 τῶν
2863 5283 3025 5353 ἱερῶν
3059 5284 3246 5346 αὐτοῖς
3275 5281 3487 5336 σκευῶν
3513 5269 3795 5342 ἀποδεδομέδ

549 5383 664 5438 quo
722 5379 990 5442 tempore,
1028 5375 1338 5431 secundum
1399 5379 1924 5446 praeordinationem
1972 5380 2125 5452 757

2255 5394 2382 5440 νων,
2410 5375 2506 5430 καὶ
2535 5373 2676 5446 μετά
2702 5373 2795 5429 τοῦ
2839 5373 2970 5429 ναοῦ
3023 5373 3429 5444 ἀνοικισθείσης
3457 5373 3555 5442 τῆς
3602 5367 3790 5424 πόλεως-

552 5461 790 5527 Domini,
831 5479 960 5520 cum
997 5466 1142 5541 Darii
1190 5469 1450 5538 praesidio
1480 5470 1746 5528 adhibitis
1792 5471 1974 5542 epulis
2024 5477 2125 5526 tut:

2259 5470 2323 5522 Ὃ
2352 5468 2444 5522 καὶ
2480 5467 2616 5540 μετά
2660 5467 2759 5539 τὴν
2793 5465 2888 5522 τοῦ
2933 5467 3187 5538 Σωτῆρος
3213 5467 3461 5536 φαίνεται
3509 5456 3789 5534 παρουσίαν.

621 5578 664 5611 ⁸⁸
702 5577 898 5641 Matth.
930 5598 980 5648 ν,
1004 5583 1060 5636 8.
1139 5583 1183 5616 ⁸³
1221 5583 1354 5639 Dan.
1390 5603 1498 5651 xu,
1532 5588 1590 5654 ‘2,
1616 5588 1680 5650 ὃς
1713 5585 1872 5642 Joan.
1902 5605 1956 5650 v,
1981 5587 2076 5652 28,
2111 5586 2125 5640 ε

589 5650 722 5704 ll.‘
762 5666 917 5704 seno.
1024 5654 1069 5686 ⁸⁸
1089 5651 1247 5704 Joan.
1280 5672 1404 5704 ινι-
1439 5659 1531 5704 Ql-
1605 5659 1649 5698 ⁸7
1683 5658 1882 5704 Ezech-
1913 5675 2108 5704 xxxv",

2300 5586 2347 5617 ”
2373 5584 2520 5640 Psal.
2558 5600 2689 5652 cm,
2731 5584 2823 5641 50.
2938 5583 2986 5616 ⁸⁵
3014 5582 3161 5640 Psal.
3208 5595 3298 5649 cx,
3338 5580 3423 5636 l0.
3525 5579 3567 5610 “
3594 5573 3654 5630 W
3681 5571 3788 5636 “98-

2233 5670 2388 5704 SPﬂﬂ.

467 5713 472 5717 _
549 5664 670 5713 xu,
697 5664 722 5704 ι
762 5666 917 5722 seqq.

2237 3531 2614 3602 ἀποκυήσατε.
2662 3531 2788 3585 Ἐπὶ
2808 3531 2866 3584 δὲ
2892 3529 2993 3599 τῆς
3019 3531 3390 3601 Ἰερουσαλὴμ
3414 3520 3588 3584 ταῦτα
3613 3529 3804 3596 γεγενῆο

2239 3625 2364 3679 σθαί
2399 3641 2563 3694 φασιν
2611 3625 2670 3677 ἐν
2720 3623 2918 3694 βραχεῖ
2962 3623 3142 3694 χρόνῳ
3177 3623 3342 3676 ’ἅπαν
3396 3623 3465 3677 τὸ
3511 3624 3698 3689 ἔθνος.
3730 3624 3804 3675 καὶ

2236 3719 2363 3782 τοὺς
2398 3717 2563 3781 ἰδίους
2590 3715 3095 3788 ἀπολαμϐανούσης
3135 3715 3460 3786 οἰκήτορας.
3491 3715 3620 3779 Θεὸς
3648 3714 3744 3783 γὰρ
3783 3713 3804 3763 ὁ

2237 3809 2562 3878 στείρωσιν
2585 3807 2783 3871 διδοὺς,
2810 3806 2909 3860 καί
2943 3805 3158 3877 γονήν.
3201 3806 3601 3878 Προεστιαθείς
3647 3805 3698 3858 δὲ
3725 3805 3803 3872 τὴν

2237 3897 2415 3969 ψυχὴν
2441 3898 2535 3951 ἐπὶ⁵
2557 3900 2669 3962 τοῖς
2695 3897 2986 3969 μέλλουσιν
3012 3896 3260 3966 ἀγαθοῖς,
3293 3900 3362 3968 τῇ
3399 3897 3555 3950 πόλει
3582 3895 3802 3966 εὐφρὰνο

2239 3991 2390 4056 θ-ητι,
2427 3990 2612 4059 φησὶν,
2654 3988 3062 4058 Ἰερουσαλὴμ
3095 3991 3170 4059 μὴ
3199 3989 3519 4045 πενθοῦσα
3540 3989 3633 4060 τὴν
3659 4003 3800 4042 κατα-

2241 4083 2505 4154 στροφὴν,
2535 4083 2634 4154 τὴν
2666 4082 2806 4154 μετά
2837 4082 3013 4138 ταῦτα
3042 4083 3100 4137 δὲ
3130 4083 3325 4148 δόξαν
3353 4083 3694 4153 λογιζομένη.
3715 4080 3803 4133 Καὶ

2240 4177 2316 4239 ὡς
2343 4176 2463 4230 ἀπὸ
2493 4175 2747 4246 μαστῶν
2772 4176 2943 4247 τρέφε
2993 4177 3123 4240 τοὺς
3147 4175 3349 4239 παῖδας
3384 4193 3504 4240 σου,
3537 4174 3666 4228 διότι
3709 4173 3804 4225 ἐπι-

2241 4267 2500 4337 σκέψεται
2530 4266 2736 4338 Κύριος
2763 4260 2965 4332 αὐτοὺς
2986 4309 3002 4334 ,
3042 4267 3311 4338 πλείστην
3345 4269 3596 4337 εἰρήνην
3634 4267 3801 4326 διδοὺς,

2241 4359 2337 4413 καὶ
2365 4360 2582 4414 πάντων
2615 4357 2969 4428 ποταμηδόν
2998 4361 3077 4422 εἰς
3104 4359 3276 4428 αὐτὴν
3305 4360 3660 4430 συρρεόντων.
3703 4355 3805 4410 Τῶν

2239 4452 2346 4523 γὰρ
2372 4448 2567 4506 ἐθνῶν
2621 4452 2808 4514 αὐτοῖς
2867 4451 3146 4521 χαριεῖται
3181 4452 3298 4518 τὴν
3351 4452 3564 4518 δόξαν,
3591 4451 3658 4514 ὡς
3699 4447 3804 4508 τοὺς

2242 4543 2392 4608 υἱοὺς
2425 4543 2601 4613 αὐτῆς
2636 4552 2683 4612 τ,
2721 4543 2817 4598 καὶ
2845 4541 3159 4614 θυγατέρας
3189 4543 3284 4596 ἐπ’
3320 4544 3498 4614 ὤμων
3525 4542 3716 4612 φέρειν
3734 4540 3803 4602 είς

2300 5586 2347 5617 ⁸³
2373 5584 2520 5640 Psal.
2558 5600 2689 5652 cm,
2731 5584 2823 5641 50.

1024 5654 1069 5686 ⁸⁸
1089 5651 1247 5710 Joan.
1279 5672 1404 5726 xw,
1439 5659 1532 5714 Ἥ.
1577 5651 1649 5698 ’⁸⁷
1681 5658 1882 5715 Ezceh.
1913 5675 2111 5725 xxxv",
2171 5658 2194 5711 ί
2231 5670 2388 5726 ερίιίιο

1848 5748 2081 5808 VARUE
2119 5746 2533 5807 LECTIONES.

597 5846 621 5880 τ
652 5857 741 5911 rp.
777 5839 940 5894 αὐτά.
