3978 6440
236 336 359 405 27οῦ

1349 319 1883 380 COMMENTARII
1934 319 2014 378 IN
2056 319 2340 378 ISAIAM.

3331 320 3472 384 2710

235 453 331 524 Τὴν
355 442 521 515 ἀληθῆ
547 438 652 510 γὰρ
685 435 886 497 πάντες
933 431 1344 504 μεταδιώκομεν
1400 429 1794 524 Ἰερουσαλὴμ

1903 445 2030 500 pace
2069 430 2286 487 dimissi
2331 436 2495 498 sunt;
2541 446 2664 486 cum
2720 430 2860 502 ipsis
2920 432 3084 489 etiam
3132 433 3343 490 reddita
3384 446 3470 492 est

232 521 490 614 φέροντες
529 532 654 594 τοὺς
699 525 922 598 ἀληθεῖς
976 524 1265 588 Ἰουδαίους
1309 525 1403 577 ἐπ’
1449 521 1645 592 ὤμων,
1686 525 1784 575 καὶ

233 631 495 705 γονάτων,
529 625 618 678 ὅτε
663 619 816 691 μετὰ
862 616 1066 686 χεῖρας
1110 617 1309 687 ἔχομεν
1331 616 1458 678 τοὺς
1485 614 1789 686 μακαρίους

234 721 517 794 προφήτας,
539 713 632 768 ἐπὶ
653 711 746 766 τὸν
773 710 907 764 Θεὸν
940 708 1251 773 ἐλπίζοντες
1296 707 1548 779 Ἀϐραάμ
1573 724 1588 742 ι
1623 707 1705 762 ἔτι
1731 708 1788 760 δὲ

232 809 446 868 καὶτῶν
481 803 798 859 ἀποστόλων
853 798 993 871 μετά
1045 797 1140 852 τοῦ
1193 798 1446 868 Σωτῆρος
1499 796 1570 850 τὰ
1609 797 1792 867 βιϐλία

232 901 346 968 ταῖς
380 897 550 970 χερσὶ
599 892 1007 963 περιφέρομεν·
1043 890 1136 943 διαὶ
1185 889 1278 942 ἐπὶ
1333 889 1432 958 τῆς
1478 886 1712 940 ἐνταῦθα
1733 886 1790 940 δὲ

240 987 607 1062 Ἰερουσαλὴμ
629 984 838 1054 ἀληθὴς
859 984 889 1035 6
913 983 1093 1050 λόγος,
1121 983 1202 1046 είς
1222 980 1291 1053 ἢν
1315 978 1606 1033 σπεύδουσι
1637 975 1793 1049 βασις

229 1086 326 1146 λείς
353 1081 442 1134 καὶ
474 1077 602 1147 ἔθνη
625 1074 716 1128 διὰ
740 1074 832 1127 τὸν
865 1073 1115 1142 Σωτῆρα.

1895 523 2161 593 Supellex,
2197 537 2320 577 cum
2374 523 2636 593 templum
2685 523 2943 595 denique,
2995 525 3224 596 ipsaque
3271 527 3465 582 civitas

1897 615 2204 670 instaurata
2235 624 2367 669 sunt
2414 615 2501 670 εει
2556 615 2701 685 quod
2759 616 2924 670 etiam
2985 625 3111 687 post
3165 617 3469 673 Salvatoris

1897 705 2190 758 adventum
2223 704 2526 776 contigisse
2557 707 2794 762 videtur.
2841 707 2922 762 Ad
2957 724 3139 762 veram
3165 710 3310 764 enim
3357 725 3474 763 om-

1898 811 1996 851 nes
2025 794 2324 852 Jerusalem
2357 798 2653 863 tendimus,
2688 814 2848 854 veros
2887 798 3105 856 Iudaeos
3149 801 3206 856 in
3245 801 3475 856 humeris

1899 898 1949 944 et
1977 889 2218 960 gentibus
2248 901 2541 960 portantes,
2587 906 2710 946 cum
2754 891 2943 947 beatos
2974 893 3027 946 in
3062 893 3303 947 manibus
3346 910 3477 964 pro-

1897 982 2098 1052 phetas
2123 993 2424 1053 gestamus,
2457 983 2552 1053 qui
2585 983 2638 1036 in
2694 983 2862 1039 Deum
2893 985 3189 1040 Abrahami
3229 999 3358 1056 spes
3385 1003 3478 1041 no-

1902 1079 2048 1127 stras
2079 1072 2439 1145 collocamus.
2471 1072 2858 1143 Apostolorum
2887 1090 3101 1141 rursus,
3146 1073 3480 1132 Salvatoris-
3537 1129 3542 1134 .

229 1193 324 1250 que
350 1175 518 1230 libros
565 1168 814 1224 manibus
850 1167 1326 1223 circumlerimus.
1355 1166 1454 1223 Est
1485 1174 1753 1238 praeterea
1780 1165 1848 1220 de
1881 1165 2208 1232 Jerusalem,
2241 1184 2364 1238 quae
2392 1168 2483 1222 hic
2507 1167 2756 1233 habetur,
2797 1170 3021 1226 minime
3051 1172 3287 1228 mendax
3353 1188 3481 1228 ora-

228 1273 314 1336 tio,
352 1269 415 1324 ad
445 1281 608 1337 quam
638 1274 692 1320 et
715 1278 874 1334 reges
903 1262 1074 1332 ipsos,
1114 1271 1168 1317 et
1212 1272 1401 1331 gentes
1444 1262 1607 1317 etiam
1653 1269 1877 1332 propter
1907 1258 2246 1316 Salvatorem
2272 1276 2568 1332 properare
2597 1271 2806 1317 certum
2840 1275 2944 1318 est.

289 1362 477 1418 ιε’-κδ’.
510 1356 658 1412 Ἰδοὺ
686 1356 797 1426 γὰρ
824 1355 1042 1422 Κύριος
1071 1354 1152 1418 ὡς
1203 1353 1324 1420 πῦρ
1373 1353 1529 1420 ἣξει,
1583 1352 1682 1406 καὶ
1712 1352 1793 1416 ὡς

227 1449 473 1518 natat-{le
525 1447 598 1502 τὰ
657 1445 891 1515 ἅρματα
937 1442 1126 1496 αὑτοῦ
1157 1440 1492 1496 ἀποδοῦναι
1533 1441 1602 1495 ἐν
1630 1438 1794 1510 θυμῷ

224 1544 562 1611 ἐκδίκησιν-μ
577 1539 678 1594 καί
715 1534 1256 1604 ἀποσκορακισμὸν
1293 1534 1482 1589 αὐτοῦ
1509 1535 1579 1588 ὲν
1613 1532 1794 1604 φλογί

225 1635 419 1706 πυρός.
458 1633 554 1685 Ἐν
580 1629 690 1700 γὰρ
718 1627 796 1694 τῷ
819 1627 962 1696 πυρὶ
985 1626 1209 1696 Κυρίου
1242 1625 1586 1695 κριθήσεται
1624 1623 1794 1680 πᾶσα

224 1716 263 1798 ἦ
289 1725 382 1794 τῆ,
431 1723 529 1778 καὶ
565 1723 634 1774 ἐν
677 1718 753 1790 τῇ
796 1719 1068 1789 ῥομφαίᾳ.
1119 1717 1328 1798 αὐτοῦ,
1383 1715 1555 1773 πᾶσα
1609 1716 1789 1786 σάρξ.

225 1781 432 1873 bellum
469 1781 824 1883 τραυματίαι
850 1781 1094 1864 sacenae
1122 1792 1242 1865 ὑπό
1285 1781 1533 1876 Κυρίου,
1569 1781 1796 1880 ἁγνιζό-
1827 1781 1868 1836 Β

220 1927 396 1981 μενοι,
423 1908 522 1961 καὶ
543 1903 994 1973 καθαριζόμενοι
1025 1905 1114 1967 εὶς
1148 1901 1294 1966 τοὺς
1317 1900 1576 1968 κήπους,
1609 1899 1707 1955 καί
1727 1901 1797 1954 ἐν

224 2003 335 2068 τοῖς
354 1999 672 2070 προθύροις
691 1997 978 2062 ἔσθοντες
998 1995 1178 2064 κρέας
1203 1995 1396 2059 ὕειον,
1427 1993 1527 2048 καὶ
1554 1995 1627 2049 τὰ
1651 1994 1796 2060 βδε-

224 2095 497 2163 Jay-pata,
531 2091 634 2144 καί
662 2089 772 2143 τὸν
799 2089 943 2160 μῦν,
975 2087 1075 2141 ἐπὶ
1094 2089 1162 2141 τὸ
1185 2088 1331 2141 αὐτὸ
1361 2085 1794 2154 ἀναλωθήσον-

224 2201 326 2249 τοι,
350 2179 476 2237 εἷπε
506 2183 749 2248 Κύριος.
785 2178 962 2248 Κάγὼ
1005 2179 1082 2231 τὰ
1110 2177 1256 2248 ἔργα
1299 2175 1522 2242 αὐτῶν,
1558 2175 1660 2231 καὶ
1689 2179 1798 2230 τὸν

223 2274 502 2345 λογισμὸν
537 2271 741 2326 αὐτῶν
758 2271 1106 2339 ἐπίσταμαι,
1143 2287 1200 2325 κ.
1231 2287 1285 2324 τ.
1315 2269 1368 2325 λ.

284 2365 386 2429 re;
415 2364 525 2419 τῶν
555 2363 965 2418 πιστευσάντων
991 2362 1331 2430 ἐπαγγελίας
1366 2360 1558 2429 εἰπὼν,
1592 2363 1689 2415 καὶ
1719 2362 1794 2427 ὡς

224 2456 493 2528 ἀπειλήσει
527 2457 644 2518 τοίς
678 2454 1014 2524 ἀπειθήσασι
1064 2453 1166 2525 τὴν
1209 2452 1464 2525 ἀπειλὴν,
1515 2452 1794 2506 ἐκτίθεται

227 2549 308 2603 νῦν
333 2548 427 2619 τὴν
479 2546 694 2611 ἔνδοξον
741 2545 906 2600 αὐτοῦ
961 2544 1271 2616 παρουσίαν
1291 2586 1307 2610 ,
1339 2543 1517 2615 δηλῶν
1546 2545 1638 2598 ὅτε
1662 2543 1798 2612 ἣξει

232 2639 354 2710 μετά
379 2642 478 2710 τῆς
501 2638 666 2709 δόξης
701 2636 797 2690 τοῦ
829 2637 1098 2708 Πατέρος,
1139 2637 1236 2691 καὶ
1267 2638 1377 2690 τῶν
1404 2636 1655 2705 ἀγγέλων
1702 2638 1797 2688 αὑ-

223 2731 322 2796 τοῦ,
349 2732 532 2800 κρῖναι
564 2728 776 2794 ζῶντας
803 2729 898 2782 καὶ
929 2728 1177 2798 νεκρούς.
1211 2728 1285 2781 Τὸ
1336 2728 1395 2781 δὲ
1444 2728 1524 2793 ὡς
1551 2727 1695 2796 πῦρ,
1726 2728 1797 2781 ἐν

223 2822 348 2889 πυρί
375 2823 726 2894 ἐρμήνευσαν
747 2821 798 2873 ol
832 2820 1034 2874 λοιποί.
1070 2820 1330 2889 Ἀρματα
1353 2819 1412 2874 δὲ
1445 2821 1638 2888 λέγων,
1667 2821 1796 2885 τοὺς

221 2913 487 2982 ἀγγέλους,
524 2914 625 2967 καὶ
652 2911 753 2976 τὰς
784 2912 916 2985 περὶ
943 2911 1108 2967 αὐτὸν
1139 2911 1400 2981 δυνάμεις
1437 2912 1623 2981 δηλοῖ,
1651 2898 1804 2967 κατά

220 3004 273 3056 τὸ
297 3005 349 3056 ἐν
373 3004 660 3074 Ψαλμοῖς·
697 3021 716 3053 ι
755 3002 829 3056 Τὸ
856 3001 1009 3073 ἆρμα
1047 3001 1142 3054 τοῦ
1179 3000 1314 3055 Θεοῦ
1363 3001 1792 3073 μυριοπλάσιον,

1971 1349 2136 1406 Vens.
2175 1351 2367 1407 15-24.
2408 1350 2541 1406 Ecce
2564 1355 2701 1407 enim
2740 1354 3014 1420 Dominus,
3047 1359 3200 1426 quasi
3235 1359 3372 1428 ignis
3395 1376 3478 1414 ve—

1899 1442 2029 1504 niet,
2056 1441 2225 1513 758
2244 1455 2298 1497 et
2328 1443 2484 1512 quasi
2515 1452 2793 1512 tempestas
2816 1460 3004 1498 currus
3034 1447 3168 1515 ejus,
3194 1459 3252 1501 ut
3291 1449 3479 1505 reddat

1897 1534 1953 1588 in
1973 1535 2153 1610 furore
2179 1535 2458 1599 ultionem,
2483 1546 2532 1591 et
2557 1537 2966 1602 increpationem
2990 1554 3145 1593 suam
3182 1540 3237 1594 in
3257 1543 3480 1610 ﬂamma

1898 1624 2057 1691 ignis.
2095 1623 2160 1678 In
2189 1625 2305 1695 igne
2332 1627 2472 1679 enim
2496 1625 2715 1680 Domini
2738 1625 3073 1695 iudicabitur
3098 1631 3270 1684 omnis
3313 1641 3477 1693 terra,

1897 1727 1948 1772 et
1975 1719 2030 1771 in
2057 1717 2242 1788 gladio
2279 1717 2395 1787 ejus
2435 1719 2588 1773 cadet
2620 1720 2867 1773 universa
2916 1737 3066 1776 caro.
3103 1719 3266 1775 Multi
3303 1725 3480 1778 uulne-

1898 1810 2006 1863 rati
2044 1819 2200 1864 erunt
2237 1811 2292 1863 in
2323 1809 2571 1866 Domino.
2611 1811 2718 1878 Qui
2750 1813 3183 1882 sanctiﬁcanlur,
3215 1824 3265 1869 et
3293 1816 3484 1884 puri/i-

1898 1914 2092 1957 cantur
2131 1905 2186 1958 in
2210 1906 2411 1969 hortis,
2451 1914 2503 1960 et
2543 1907 2598 1960 in
2639 1905 2933 1972 liminibus,
2979 1907 3307 1963 comedentes
3361 1925 3483 1963 car-

1899 2013 2016 2053 nem
2060 1999 2359 2066 porcinam,
2395 2010 2443 2054 et
2483 2000 2930 2068 abominationes,
2963 2010 3015 2055 et
3046 2018 3272 2068 murem,
3322 2003 3485 2058 simul

1897 2099 2296 2156 consumentur,
2336 2091 2467 2144 dicit
2503 2090 2788 2146 Dominus.
2823 2089 2892 2145 Et
2938 2108 3032 2161 ego
3084 2109 3247 2162 opera
3277 2110 3482 2160 eorum,

1898 2189 1948 2234 et
1983 2180 2333 2250 cogitationes
2366 2198 2549 2236 eorum
2595 2183 2736 2250 novi,
2774 2190 2882 2239 etc.

1969 2360 2272 2432 Postquam
2329 2377 2521 2418 eorum
2574 2358 3012 2442 promissiones',
3054 2366 3148 2435 qui
3212 2365 3484 2423 credituri

1898 2460 2104 2518 essent,
2154 2462 2210 2507 et
2239 2466 2324 2518 ea,
2356 2468 2478 2523 quae
2521 2467 2581 2508 se
2614 2453 2995 2523 pertinacibus
3029 2457 3484 2514 minaturum~di-

1900 2542 2004 2608 xit,
2050 2544 2356 2609 enarravit,
2387 2543 2612 2614 exponit
2638 2542 2751 2613 jam
2783 2544 3087 2614 gloriosum
3126 2546 3247 2617 ejus
3279 2548 3486 2604 adven—

1898 2641 2038 2698 tum,
2090 2633 2480 2690 demonstrans
2528 2648 2640 2704 quo
2688 2645 2937 2704 tempore
2982 2636 3162 2692 Patris
3197 2639 3398 2707 gloria,
3433 2651 3487 2696 et

1897 2729 2109 2800 angelis
2147 2728 2272 2799 ejus
2322 2731 2646 2795 comitatus,
2699 2731 2851 2786 vivos
2897 2741 2950 2787 et
2997 2742 3242 2788 mortuos
3269 2734 3488 2804 judica-

1896 2829 2011 2876 tum
2062 2828 2316 2875 uenturus
2338 2821 2409 2875 sit
2455 2821 2522 2874 ⁸³.
2556 2819 2712 2888 Quod
2732 2816 2927 2882 autem
2967 2821 3106 2876 sicut
3131 2823 3269 2892 ignis
3321 2824 3489 2881 habe-

1898 2926 2059 2975 mus,
2093 2912 2151 2966 in
2178 2913 2300 2982 igne
2354 2913 2537 2969 centeri
2598 2912 2860 2968 dixerunt
2919 2913 3272 2986 interpretes.
3325 2917 3491 2989 759

1898 3000 2174 3057 Curruum
2219 3004 2419 3060 deinde
2445 3005 2690 3069 nomine,
2743 3005 2994 3076 angelos,
3029 3014 3104 3075 et,
3152 3023 3275 3078 quae
3306 3008 3488 3079 ipsum

219 3092 443 3163 χιλιάδες.
468 3091 871 3163 εὐθηνούντων.
911 3111 931 3144 ι
976 3092 1070 3158 Ὡς
1107 3091 1378 3162 καταιγὶς
1409 3092 1468 3144 δέ
1510 3091 1640 3157 ἡξει
1665 3091 1791 3157 τοῖς

1903 3094 2172 3161 ambiunt,
2232 3103 2550 3179 potestates.
2595 3095 2910 3152 intellexit:
2971 3097 3138 3166 quale
3187 3098 3325 3154 illud
3381 3109 3489 3165 est,

223 3184 478 3252 τιμωρίας
506 3183 705 3250 ἀξίοις.
754 3185 812 3236 '0
839 3183 894 3236 δὲ
926 3183 1460 3253 ἁποσκορακισμὸς
1505 3183 1656 3254 δηλοῖ
1701 3183 1797 3254 τὴν

218 3274 406 3328 τούτων
428 3274 733 3346 ἀποϐολὴν,
768 3275 1039 3346 ἐροῦντοςσ
1067 3293 1085 3325 ι
1108 3274 1416 3346 Πορεύεσθε
1458 3277 1554 3331 ἀπ’
1576 3275 1710 3346 ἐμοῦ
1744 3276 1798 3329 οί

219 3366 582 3438 κατηραμένοι
602 3367 682 3428 είς
703 3365 764 3418 τὸ
778 3365 886 3436 πῦρ
906 3365 968 3418 τδ
989 3364 1227 3419 αἰώνιον·
1255 3384 1274 3416 ι
1297 3366 1672 3435 ἠδὲρομφαία
1693 3366 1795 3437 τὴν

217 3459 474 3530 τιμωρίαν
506 3457 792 3530 σημαίνει,
831 3457 1080 3529 συνήθως
1126 3457 1244 3528 ἆμα
1269 3459 1365 3511 καὶ
1415 3458 1662 3530 φοϐερῶς
1687 3461 1800 3523 τοῖς

219 3550 601 3622 ἀκροωμένοις.
619 3549 873 3604 Τοιοῦτον
901 3550 962 3604 τὸ
987 3550 1365 3616 ἀποστολικόν·
1386 3571 1404 3603 ι
1427 3550 1588 3606 Κατά
1614 3551 1672 3605 δὲ
1696 3551 1798 3621 τὴν

220 3642 558 3716 σκληρότητά
595 3659 688 3696 σου
720 3641 814 3695 καὶ
835 3642 1253 3713 ἀμεταμέλητον
1275 3643 1502 3715 καρδίαν
1531 3643 1795 3715 θησαυρί-

220 3731 318 3796 ζεις
335 3733 552 3805 σεαυτῷ
574 3732 764 3804 ὀργὴν,
787 3751 806 3785 ι
842 3733 936 3788 καὶ
957 3732 1029 3787 τὰ
1055 3734 1150 3787 ἐπὶ
1179 3733 1413 3797 τούτοις.
1432 3735 1714 3807 Ἐπιφέρει
1735 3735 1793 3789 δὲ

220 3827 343 3882 τίσιν
379 3827 720 3898 ἡτοίμασται
771 3824 973 3895 μᾶλλον
1025 3824 1092 3878 τὸ
1131 3823 1274 3894 πῦρ,
1329 3826 1425 3880 καὶ
1464 3827 1514 3878 εί
1556 3827 1657 3897 μέν
1689 3828 1796 3899 πρὸ

218 3919 306 3987 τῆς
350 3917 656 3990 ἐπιδημίας
681 3959 696 3985 ,
751 3919 864 3982 τοῖς
918 3917 995 3989 μὴ
1029 3917 1174 3971 κατὰ
1221 3918 1384 3988 νόμον
1416 3919 1794 3990 ἀγνιζομένοις

218 4010 340 4077 φησὶ
374 4009 563 4082 σποδῷ
616 4026 678 4062 τε
740 4009 1051 4080 δαμάλεως,
1079 4010 1178 4065 καὶ
1220 4009 1455 4076 θυσίαις,
1490 4013 1539 4064 εί
1565 4012 1623 4064 δὲ
1657 4011 1796 4081 μετὰ

216 4098 430 4171 ταύτην,
487 4102 608 4163 τοῖς
664 4099 787 4152 ἀντὶ
843 4100 937 4154 τοῦ
993 4099 1140 4154 θείου
1190 4099 1599 4172 βαπτίσματος,
1640 4101 1795 4157 ὕδατι

216 4189 368 4260 κήπο
399 4191 582 4264 ὑψιλῷ
612 4202 659 4258 ³,
697 4191 852 4262 ἣκαὶ
904 4193 1306 4264 μεμαγευμένῳ
1355 4193 1792 4265 καθαιρομένοις,

181 4270 270 4334 ’ἐν
298 4282 527 4356 δρυμοῖς
569 4301 630 4337 τε
674 4285 770 4337 καὶ
802 4285 1027 4340 ἄλσεσιν
1075 4284 1204 4339 ἔνθα
1246 4285 1342 4339 καὶ
1391 4285 1489 4348 τὰς
1539 4286 1796 4354 λατρείας

217 4377 576 4450 προσέφερον.
607 4377 1032 4450 Περιηγνίζοντο
1070 4377 1178 4449 γὰρ
1210 4377 1356 4446 πυρί
1377 4394 1435 4430 τε
1465 4377 1562 4432 καὶ
1598 4377 1792 4445 ὕδατι,

1899 3185 2046 3254 quod
2072 3187 2218 3257 apud
2249 3185 2490 3243 Psaltem
2534 3188 2589 3242 in
2625 3187 2740 3242 haec
2780 3187 2946 3244 verba
2981 3189 3221 3261 legimus
3251 3207 3264 3245 :
3301 3209 3320 3242 ι
3350 3191 3491 3246 Cur-

1897 3292 1995 3332 rus
2030 3276 2124 3332 Dei
2156 3278 2347 3334 decem
2384 3279 2632 3335 millibus
2684 3278 2998 3350 multiplex,
3053 3281 3229 3338 millia
3281 3283 3490 3339 exube-

1897 3367 2140 3422 rantium
2175 3368 2244 3422 π’.
2285 3385 2306 3420 ι
2371 3366 2667 3424 Venturum
2727 3377 3018 3440 praeterea,
3074 3373 3231 3442 quasi
3294 3382 3493 3442 tempe-

1897 3471 2114 3531 statem,
2139 3462 2367 3532 adjicit;
2405 3471 2467 3518 ut
2496 3479 2616 3530 eos,
2647 3464 2742 3535 qui
2773 3464 2930 3534 digni
2976 3473 3129 3531 sunt,
3169 3464 3489 3521 ulciscatur.

1895 3552 2056 3620 Quod
2092 3567 2312 3607 rursum
2355 3553 2732 3622 increpationis
2767 3552 2936 3608 verbo
2977 3568 3115 3611 usus
3139 3563 3258 3619 est,
3299 3569 3491 3609 eorum

1897 3655 1928 3698 a
1971 3656 2032 3698 se
2060 3643 2418 3712 rejectionem
2470 3643 2827 3714 significavit,
2865 3642 2960 3713 qui
3002 3657 3036 3697 a
3073 3657 3134 3699 se
3181 3657 3281 3699 eos
3311 3643 3494 3698 disce-

1895 3731 2150 3803 dere,qui
2177 3731 2520 3800 sempiterno
2548 3731 2660 3802 igni
2683 3729 2872 3786 devoti
2903 3741 3092 3786 essent
3116 3731 3159 3764 τ’
3185 3771 3201 3797 ,
3226 3730 3490 3800 jussurus

1895 3823 2097 3880 fuerat.
2135 3823 2423 3895 Signiﬁcat
2454 3838 2620 3894 porro
2649 3823 2912 3880 ultionem
2947 3823 3164 3894 gladius
3185 3860 3202 3887 ,
3245 3823 3340 3894 qni
3370 3839 3490 3880 mos

1896 3915 2063 3972 simul
2091 3923 2145 3970 et
2186 3915 2422 3970 usitatus
2457 3922 2563 3981 est,
2598 3921 2654 3970 et
2682 3921 2891 3968 metum
2938 3913 3295 3968 audientibus
3330 3913 3489 3968 incu-

1896 4008 1981 4074 tit,
2023 4005 2184 4078 quale
2229 4013 2314 4060 est
2369 4004 2516 4076 apud
2538 4004 2865 4075 Apostolum
2895 4004 3029 4060 illud
3066 4019 3080 4057 :
3113 4024 3134 4057 ι
3172 4001 3486 4060 Secundum

1896 4107 2080 4156 autem
2118 4097 2378 4154 duritiem
2406 4107 2556 4154 tuam
2589 4106 2646 4153 et
2686 4097 3043 4168 impmnitens
3082 4111 3218 4162 cor,
3257 4096 3486 4152 thesau-

1896 4193 2044 4250 rizas
2063 4191 2160 4247 tibi
2185 4191 2408 4256 iram",
2429 4209 2448 4243 ι
2480 4197 2536 4246 et
2566 4204 2688 4262 qua
2709 4189 2991 4260 deinceps.
3023 4189 3229 4260 Adjicit
3259 4204 3479 4246 rursum

1898 4283 2105 4356 quibus
2146 4281 2420 4353 praecipue
2450 4283 2523 4337 sit
2551 4283 2690 4354 ignis
2735 4283 2840 4338 iste
2876 4281 3241 4353 praeparatus.
3274 4281 3408 4349 Quae
3432 4283 3477 4338 si

1899 4377 1968 4432 ad
2005 4385 2275 4446 tempora,
2322 4389 2446 4446 quae
2485 4374 2778 4430 adventum
2830 4383 3254 4445 praecesserunt,
3288 4374 3488 4428 retule-

215 4462 383 4536 ψυχῆς
415 4467 736 4539 μολυσμοὺς
772 4468 863 4521 διὰ
883 4467 1088 4522 τούτων
1117 4468 1403 4522 ἐκπλύνειν
1429 4468 1688 4540 οἰόμενοι,
1712 4469 1797 4534 οὒς

1912 4468 2028 4534 ris;
2060 4468 2129 4522 de
2164 4466 2273 4532 his,
2307 4466 2404 4537 qui
2451 4467 2678 4520 minime
2737 4466 3042 4522 secundum
3095 4465 3269 4536 legem
3303 4464 3489 4520 vitula:

214 4553 268 4619 ἐξ
299 4555 601 4626 ἀσελγείας
625 4556 724 4610 καὶ
753 4558 930 4627 φόνων
964 4558 1399 4629 ἐναπεμάξαντο.

1905 4561 2114 4624 cinere,
2151 4567 2207 4614 et
2240 4557 2532 4616 sacrificiis
2559 4557 2836 4629 puriﬁcati
2867 4557 3097 4626 fuerint,
3128 4557 3483 4614 intellexerit.

213 4642 304 4702 Sin
349 4659 562 4716 autem,
594 4651 660 4706 ad
691 4666 776 4717 ea,
807 4667 930 4722 quae
959 4653 1210 4708 eumdem
1244 4662 1432 4708 secuta
1471 4662 1621 4720 sunt,
1662 4654 1899 4726 respicis
1921 4694 1938 4722 ,
1965 4669 2062 4711 eos
2099 4654 2251 4724 ipsos
2281 4653 2484 4718 innuit,
2553 4653 2645 4722 qui
2709 4667 2810 4723 pro
2875 4653 3064 4708 divino
3130 4651 3483 4722 baptismate,

210 4754 357 4796 mera
384 4741 628 4798 hortensi
659 4758 828 4814 aqua,
863 4749 958 4798 aut
997 4743 1162 4798 etiam
1195 4745 1427 4815 magica,
1471 4744 1528 4798 in
1561 4744 1792 4801 saltibus
1829 4752 1884 4801 et
1911 4744 2003 4799 ubi
2029 4742 2207 4800 sacris
2235 4743 2625 4812 operabantur,
2656 4741 3056 4798 lustrabantur.
3127 4739 3259 4814 Igne
3315 4741 3491 4812 siqui-

212 4832 331 4887 dem
362 4843 414 4889 et
444 4851 592 4907 aqua
622 4834 1024 4899 lustrabantur,
1066 4835 1140 4890 ita
1211 4835 1406 4893 sordes
1447 4837 1666 4903 animae,
1735 4852 1877 4909 quas
1915 4835 2064 4894 caede
2122 4843 2178 4892 et
2215 4835 2441 4892 libidine
2493 4843 2907 4902 contraxerant,
2952 4836 3138 4892 eluere
3184 4849 3250 4890 se
3292 4835 3487 4891 existi-

209 4934 445 4980 mantes.

290 5017 440 5072 Ἀντὶ
467 5016 528 5069 δέ
555 5014 650 5070 τοῦ
676 5033 689 5046 ·
718 5017 832 5071 Kal
869 5017 940 5072 ἐν
975 5017 1102 5085 τοῖς
1138 5021 1458 5089 προθύροις
1488 5021 1738 5088 ἐσοντες
1777 5021 1794 5056 ί

211 5109 390 5178 κρέας
418 5110 610 5176 ὕειον,
643 5109 673 5162 ὁ
701 5110 1001 5182 Σύμμαχός
1027 5128 1193 5183 φησιν
1216 5130 1230 5144 ·
1265 5113 1491 5169 Ὀπίσω
1511 5112 1804 5180 ἀλλήλων

207 5203 470 5274 ἐνμέσῳ
496 5203 828 5258 ἐσθιόντων
844 5203 912 5256 τὸ
933 5202 1114 5272 κρέας
1145 5202 1212 5258 τὸ
1250 5206 1531 5276 χοίρειον,
1566 5205 1667 5259 οὐκ
1702 5205 1804 5258 αὑ-

208 5295 334 5359 τοὺς
362 5294 548 5364 λέγων
579 5295 832 5358 ἐσθίειν,
865 5297 1070 5364 μεταξὺ
1101 5297 1157 5349 δὲ
1194 5297 1295 5368 ζῇν
1339 5297 1448 5351 τῶν
1499 5296 1693 5363 ἐθνῶν,
1723 5297 1806 5350 διὸ

209 5383 306 5436 σὺν
331 5383 525 5446 αὐτοῖς
549 5383 898 5451 ἀπολοῦνται,
931 5385 1027 5440 τοῦ
1075 5385 1212 5439 Θεοῦ
1255 5387 1332 5458 μὴ
1380 5388 1540 5458 μόνον
1574 5387 1804 5458 πράξεις

209 5575 223 5613 1
277 5490 417 5614 “slll
443 5490 606 5547 Esdr.
643 5509 694 5558 ν,
733 5494 755 5548 l
793 5508 950 5564 seqq.

233 5577 285 5614 Ι.
367 5600 377 5614 ι

233 5577 377 5626 I,o.

1047 5495 1090 5528 ⁸³
1120 5493 1312 5551 Matth.
1342 5513 1468 5565 xxv,
1519 5498 1582 5552 ’51
1625 5512 1786 5569 seqq.
1861 5498 1905 5530 "°
1927 5496 2076 5553 Psal.
2105 5513 2249 5553 van
2283 5539 2295 5563 ,
2354 5498 2442 5554 18.

1978 5017 2180 5075 Verum
2232 5033 2343 5088 quo
2381 5018 2538 5083 loco,
2609 5015 2680 5072 Et
2731 5018 2785 5071 in
2841 5006 3111 5072 liminibus
3159 5016 3502 5074 comeslentes~

1903 5126 2118 5165 carnem
2140 5110 2437 5179 porcinam,
2470 5109 2758 5176 habemus,
2785 5110 2860 5163 ita
2890 5109 3055 5164 vertit
3079 5109 3478 5181 Symmachus:

1904 5199 2068 5256 Retro
2093 5218 2151 5257 se
2190 5211 2376 5256 mutuo
2427 5201 2484 5254 in
2513 5200 2687 5257 medio
2737 5201 3067 5258 comedentes
3116 5219 3304 5259 carnes
3354 5207 3485 5262 suil-

1907 5293 1990 5347 las
2020 5309 2040 5364 ξ
2069 5307 2177 5348 non
2216 5301 2275 5348 ut
2310 5307 2408 5350 eos
2447 5293 2715 5349 comedere
2747 5294 3042 5366 signiﬁcet,
3074 5298 3166 5352 sed
3191 5297 3336 5351 inter
3354 5312 3482 5366 gen-

1906 5395 1991 5442 tes
2027 5387 2229 5452 vivere,
2263 5386 2496 5457 ideoque
2530 5403 2658 5442 cum
2712 5387 2823 5443 illis
2851 5402 2979 5444 esse
3011 5387 3326 5457 perituros;
3360 5403 3483 5442 cum

2550 5501 2590 5532 '“
2626 5498 2818 5557 Matth.
2881 5517 3008 5567 xxv,
3049 5500 3136 5556 M-
3251 5502 3482 5558 "Rom.

1527 5659 1766 5726 VARL‘E
1799 5658 2203 5716 LECTIONES.

285 5763 312 5802 ε
342 5766 435 5818 γρ.
469 5750 651 5818 κήπου
693 5749 855 5818 φιλῶ.
941 5748 957 5783 ¹
993 5744 1262 5811 ἅσθοντες.
