3978 6402
308 288 448 356 9.713
542 237 553 242 ’

1464 269 2003 337 COMMENTARII
2041 268 2122 329 ΙΝ
2164 266 2448 327 ISMAM.

3342 245 3349 251 “
3450 258 3597 327 2m

309 403 422 471 γὰρ
447 397 549 453 καὶ
575 397 689 469 γῆς
713 400 747 451 ὁ
767 392 1207 462 ἁνακαινισμὸς
1232 392 1403 464 πέρας
1434 392 1535 462 οὐχ
1556 391 1691 456 ἕξει.
1727 388 1915 451 υῦτως

2040 388 2083 440 is
2118 394 2451 454 sumpturum
2485 399 2540 436 sc
2570 381 2868 436 sacerdotes
2925 388 2974 435 et
3011 380 3195 434 levitas
3231 381 3339 446 ait;
3391 382 3459 436 de
3506 396 3599 437 sc-

310 495 468 549 εσται
492 494 564 548 τὰ
588 492 714 546 καθ’
736 493 910 562 ἡμᾶς.
943 487 1368 559 Ἀμεταμέλητα
1393 485 1503 556 γὰρ
1531 484 1602 538 τὰ
1627 484 1905 555 χαρίσμα-

307 602 379 639 τα
412 589 555 656 καὶή
584 584 781 653 κλῆσις
809 581 904 635 τοῦ
957 577 1117 633 Θεοῦ.
1158 579 1232 630 Τὸ
1269 577 1493 646 συνεχὲς
1546 576 1603 630 δὲ
1633 576 1732 646 τῆς
1761 575 1910 627 εὐσε-

310 675 441 738 ϐοῦς
472 674 732 746 λατρείας
751 672 842 726 διὰ
868 671 979 726 τῶν
1000 673 1058 725 ἐν
1095 670 1247 740 νόμῳ
1272 670 1574 739 παρίστησι
1602 664 1872 718 τοπικῶν.

2016 479 2165 533 mine
2192 475 2592 546 apostolorum,
2637 483 2692 527 et
2720 471 2968 542 gentium
3001 472 3190 537 etiam,
3238 472 3386 542 quod
3419 470 3604 524 verius

2019 572 2113 639 sit,
2142 567 2433 624 intellexit.
2472 566 2674 621 Eorum
2712 565 2997 636 deinceps,
3025 565 3119 634 qui
3152 564 3332 619 vocati
3377 549 3604 625 sunt",

2019 662 2411 718 inconcussam
2468 660 2588 728 spei
2629 658 3013 713 fortitudinem
3075 672 3299 712 manere
3356 655 3606 725 exemplo

311 768 615 839 signiﬁcat.
654 764 728 822 Ut
759 770 930 831 enim,
984 765 1082 830 ait,
1116 763 1233 817 creti
1267 770 1319 817 et
1357 770 1514 816 terra:
1558 759 1833 814 renovatio
1875 756 2039 812 tinem
2070 755 2328 810 habitura
2372 768 2483 809 non
2553 760 2677 820 est;
2732 754 2813 808 sic
2861 760 3011 819 sunt,
3048 767 3171 823 quae
3234 767 3264 806 a
3352 769 3438 810 me
3479 765 3609 823 pro-

309 861 488 916 deunt
514 867 718 916 aeterna
762 858 967 912 futura.
1021 856 1192 911 Deum
1257 855 1405 910 enim
1477 867 1762 923 nunquam
1839 850 2110 904 donorum
2191 862 2418 903 suorum
2473 846 2889 916 voeationisque
2967 848 3214 916 pteuitet.
3273 847 3354 904 Pii
3409 851 3610 908 deinde,

307 951 497 1005 cultus
532 947 953 1019 perpetuitatem
986 961 1083 1016 per
1106 961 1193 1012 ea,
1233 961 1356 1016 quae
1395 952 1525 1000 sunt
1554 944 1612 998 in
1638 944 1777 1013 lege,
1806 942 2163 1008 demonstrat.

382 1045 544 1108 Ttvi;
584 1043 643 1097 δὲ
688 1044 752 1096 τὺ
803 1042 1029 1107 ἄξουσι
1070 1043 1214 1109 τοὺς
1259 1041 1588 1111 ἀδελφοὺς,
1634 1039 1781 1094 κατὰ
1828 1040 1920 1093 τὸν

309 1136 511 1208 καιρὸν
535 1136 636 1205 τῆς
670 1134 987 1197 συντελείας
1020 1135 1187 1203 φασὶν
1216 1134 1309 1186 ἐπὶ
1334 1132 1435 1204 τὴν
1461 1133 1789 1202 ἐπουράνιον
1825 1133 1923 1185 ἰε-

312 1227 627 1300 ρουσαλὴμ,
667 1226 869 1296 ὅτεπερ
911 1226 970 1279 ὲν
1015 1224 1329 1296 ἀγγελικῷ,
1385 1226 1530 1280 κατὰ
1583 1225 1676 1278 τὸν
1707 1224 1919 1291 Ἠλίαν,

309 1320 801 1390 ἁναληφθήσονται
840 1318 1074 1390 ἅρματι,
1106 1318 1248 1387 φωτὶ
1264 1318 1394 1388 Θείῳ
1426 1317 1919 1389 περιλαμπόμενοι.

306 1412 427 1466 Καὶ
477 1411 640 1482 δῆλον
683 1412 747 1463 ὲκ
793 1411 892 1481 τῆς
931 1411 1209 1481 Ζαχαρίου
1254 1410 1616 1481 προφητείας.
1670 1410 1922 1475 Ἵππους

307 1504 428 1574 γὰρ
462 1502 776 1573 διαγράψας
806 1503 909 1556 καὶ
939 1501 1193 1572 ἅρματα,
1229 1545 1242 1569 ,
1275 1503 1536 1574 δυνάμεις
1562 1503 1719 1567 τινὰς
1749 1504 1921 1571 ἀγγε-

307 1594 479 1657 λικὰς
542 1593 913 1665 συνῃνίττετο.
969 1593 1295 1661 Λαμπηναί
1337 1593 1394 1647 δὲ
1420 1593 1693 1662 ἡμιόνων
1723 1595 1793 1646 τὰ
1818 1593 1921 1662 τῆς

310 1684 675 1746 ἀναστάσεως
706 1682 1036 1752 σημαίνουσι
1076 1683 1330 1754 σώματα,
1359 1686 1448 1739 διὰ
1492 1686 1590 1758 τὴν
1628 1689 1689 1740 ὲν
1738 1688 1919 1752 αὐτοῖς

310 1775 710 1846 ἑκλὰμπουσαν
756 1773 968 1839 δόξαν.
1013 1775 1161 1828 Ἀντὶ
1204 1775 1262 1829 δὲ
1301 1776 1419 1844 τοῦ,
1460 1778 1532 1832 ἐν
1572 1779 1923 1847 λαμπηναῒς

2095 1039 2203 1095 Sed
2255 1041 2501 1111 reperias
2558 1038 2876 1104 nonnullos,
2929 1039 3023 1107 qui
3078 1038 3225 1107 quod
3280 1038 3609 1099 adducturos

2026 1132 2222 1201 fratres
2246 1130 2407 1196 dixit,
2435 1132 2554 1201 ipso
2583 1130 3081 1185 consummationis
3114 1140 3362 1199 tempore
3386 1133 3451 1186 ad
3492 1148 3608 1188 eoe-
3650 1154 3671 1172 ι

2026 1226 2219 1280 lestem
2275 1221 2579 1279 Jerusalem
2631 1222 2827 1277 referri
2890 1221 3097 1286 velint;
3150 1235 3277 1275 cum
3334 1223 3390 1276 in
3442 1239 3608 1281 curru

2027 1317 2299 1388 angelico,
2337 1324 2397 1370 ut
2429 1314 2598 1379 Elias,
2630 1293 2838 1370 lumine
2883 1313 3071 1369 divino
3123 1312 3395 1384 fulgentes
3443 1332 3611 1373 assu-

2027 1421 2250 1469 mentur
2279 1413 2369 1466 ⁸ος
2412 1415 2559 1482 quod
2613 1411 2732 1481 ipsa
2790 1410 2958 1466 etiam
3011 1397 3292 1465 zachariae
3325 1411 3610 1481 prophetia

2024 1503 2379 1560 manifestum
2409 1512 2496 1560 est
2538 1503 2610 1557 δι.
2641 1503 2779 1557 Cum
2813 1502 2959 1558 enim
3011 1517 3168 1572 equos
3197 1512 3248 1557 et
3302 1519 3490 1557 currus
3519 1502 3614 1557 de—

2024 1597 2242 1661 scribit,
2269 1596 2505 1653 virtutes
2541 1599 2810 1669 quasdam
2861 1601 3138 1671 angelicas
3183 1601 3387 1656 innuit.
3426 1600 3612 1674 Signi-

2025 1690 2193 1745 ﬁcant
2231 1705 2399 1761 porro
2457 1691 2719 1761 lampena:
2766 1694 3036 1749 mulorum
3085 1709 3318 1766 corpora
3370 1710 3456 1762 ea,
3493 1710 3615 1765 qua:

2026 1783 2485 1838 resurrectionem
2529 1784 2725 1855 adepta
2769 1793 2923 1849 sunt,
2979 1794 3208 1858 propter
3266 1787 3606 1842 relucentem

310 1867 590 1937 ἡμιόνων
612 1864 766 1935 μετὰ
794 1864 1110 1929 σκιαδίων,
1141 1868 1169 1919 ὁ
1196 1867 1533 1938 Σύμμαχος,
1562 1869 1656 1939 ἐφ’
1689 1870 1921 1937 ἵπποις,

2037 1875 2085 1929 in
2120 1876 2201 1929 eis
2232 1873 2484 1944 gloriam.
2543 1875 2651 1931 Sed
2700 1891 2802 1947 pro
2863 1877 3121 1944 lampenis
3174 1878 3442 1930 mulorum
3494 1893 3614 1931 cum

312 1960 422 2013 καί
455 1958 527 2012 ἐν
546 1956 791 2026 ἅρμασι,
822 1957 923 2010 καὶ
955 1956 1026 2010 ὲν
1047 1958 1313 2026 λεκτίσι,
1345 1960 1446 2013 καὶ
1476 1958 1547 2012 ἐν
1567 1959 1917 2028 καρούκαις,

312 2054 421 2110 καί
453 2054 526 2107 ἐν
549 2054 835 2123 φορείοις,
866 2053 1230 2122 ἑρμήνευσεν,
1265 2051 1334 2104 δι’
1367 2044 1443 2103 ὧν
1479 2049 1811 2121 σωματικῶς
1839 2051 1920 2103 el-

316 2146 582 2220 ρημένων
620 2145 711 2199 διὰ
750 2146 877 2208 τοὺς
920 2143 1244 2207 ἀκούοντας,
1286 2145 1319 2215 ἡ
1357 2142 1599 2214 δι’ἀέρος
1628 2142 1922 2212 μετάρσιος

317 2242 401 2303 είς
431 2236 696 2309 οὐρανοὺς
717 2235 915 2306 πορεία
938 2235 1288 2307 σημαίνεται,
1311 2234 1452 2289 κατὰ
1475 2233 1557 2300 τὸ,
1595 2253 1614 2285 ι
1636 2234 1922 2304 Ἃρπαγη-

316 2329 531 2402 σόμεθα
547 2333 607 2383 ὲν
632 2328 910 2400 νεφέλαις,
935 2348 955 2381 ι
983 2327 1053 2382 τὰ
1071 2327 1169 2381 νῦν
1200 2327 1436 2398 ρηθέντα
1466 2326 1765 2398 σαφηνίζον
1792 2327 1923 2396 ὀχή-

322 2442 496 2498 ματα.
530 2424 638 2490 Εὶς
664 2412 783 2491 τὴν
809 2423 994 2492 ἁγίαν
1017 2422 1075 2475 δὲ
1099 2422 1285 2475 πόλιν
1307 2421 1668 2491 κομίζονται,
1693 2421 1824 2491 περὶ
1855 2415 1924 2492 ἧς

320 2534 530 2591 φησιν’
571 2539 590 2572 ι
628 2518 695 2573 Ἦ
726 2518 784 2571 δὲ
831 2518 945 2573 ἄνω
985 2516 1345 2589 Ἰερουσαλὴμ
1395 2515 1661 2586 ἐλευθέρα
1698 2514 1866 2567 ἐστίν.
1898 2533 1917 2565 ι

320 2610 471 2663 Καί’
511 2628 532 2663 ι
564 2607 1017 2680 Προσεληλύθατε
1064 2605 1203 2659 Σιὼν
1254 2606 1395 2676 ὄρει,
1444 2605 1541 2660 καὶ
1578 2605 1732 2658 πόλει
1786 2603 1923 2657 Θεοῦ

320 2703 531 2768 ζῶντος
591 2699 956 2772 Ἰερουσαλὴμ
1014 2699 1350 2771 ἐπουρανίῳ.
1415 2718 1435 2752 ο
1503 2697 1652 2751 Ἀντὶ
1707 2697 1766 2751 δὲ
1825 2696 1922 2750 τοῦ

315 2795 477 2867 μετὰ
511 2794 798 2865 ψαλμῶν,
830 2794 901 2848 ἐν
927 2793 1136 2847 σκεύει
1164 2790 1402 2861 καθαρῷ
1434 2792 1740 2863 ἑρμηνευσε
1774 2790 1925 2860 Σύμ-

326 2904 528 2960 μαχος.
570 2886 660 2950 Ὣς
688 2883 799 2955 γὰρ
830 2887 880 2938 οί
912 2885 1101 2950 πάλαι,
1132 2884 1287 2954 φησὶ,
1319 2884 1419 2946 τὰς
1460 2883 1688 2953 νομικὰς
1710 2882 1927 2947 θυσίας

322 2981 476 3035 κατὰ
498 2978 667 3048 νόμον
694 2978 788 3030 ἐπὶ
816 2977 918 3045 τῆς
947 2974 1195 3043 ἐπιγείου
1234 2973 1614 3043 προσέφερον
1640 2972 1927 3039 Ἰερουσα-

321 3072 457 3141 λήμ
482 3087 494 3100 ⁸
526 3069 699 3133 οὕτως
724 3069 949 3138 ἥξουσιν
978 3070 1178 3121 ἐκεῖνοι
1210 3068 1350 3137 μετὰ
1372 3066 1482 3120 τῶν
1518 3066 1666 3119 ἰδίων
1695 3065 1927 3137 καρπῶν

322 3168 484 3239 δῶρα
504 3163 845 3235 κομίζοντες,
878 3161 1026 3233 ἅπερ
1051 3160 1284 3224 ἕκαστος
1311 3163 1370 3213 ἐν
1404 3157 1552 3230 ψυχῇ
1584 3152 1956 3229 παρεσκεύα-“

1954 3244 2001 3304 C
2047 3254 2246 3323 legales
2281 3255 2523 3308 victimas
2564 3270 2631 3310 ex
2667 3256 2803 3325 legis
2834 3255 3088 3311 instituto
3115 3256 3276 3327 762
3319 3256 3371 3308 iu
3406 3263 3625 3311 terrena

327 3256 449 3315 σεν.

2026 1963 2381 2027 umbraculis,
2421 1966 2584 2019 vertit
2616 1965 3009 2036 Symmachus,
3050 1969 3108 2021 iu
3135 1969 3307 2037 equis,
3337 1976 3385 2021 et
3416 1968 3471 2021 in
3502 1985 3617 2022 cur-

2028 2055 2195 2122 ribus,
2225 2065 2275 2109 et
2312 2056 2368 2110 in
2394 2057 2591 2110 lecticis
2619 2066 2669 2110 et
2693 2058 2745 2110 in
2770 2058 3031 2122 carrucis,
3062 2067 3111 2112 et
3142 2058 3193 2111 in
3212 2058 3466 2126 ferculis:
3491 2059 3617 2129 qui-

2030 2148 2132 2203 bus
2161 2147 2382 2217 quidem
2416 2157 2641 2216 propter
2675 2148 2958 2205 auditores
2988 2150 3352 2221 corporaliter
3382 2163 3620 2219 usurpa-

2031 2238 2123 2301 tis,
2166 2237 2281 2308 ipsa
2320 2236 2578 2292 sublimis
2620 2238 2688 2292 ad
2732 2240 2935 2293 caelum
2980 2254 3078 2310 per
3123 2255 3306 2295 aerem
3343 2239 3615 2309 profectio

2029 2328 2443 2384 demonstratur
2473 2346 2486 2384 :
2519 2330 2683 2399 quale
2707 2338 2791 2385 est
2821 2330 2977 2396 illud,
3009 2346 3117 2400 quo
3154 2345 3256 2386 nos
3297 2332 3353 2386 in
3377 2331 3616 2388 nubibus

2031 2419 2325 2490 rapiendos
2363 2435 2483 2475 esse
2530 2421 2763 2490 legimus
2809 2422 2894 2486 3',
2937 2421 3031 2477 ubi
3085 2438 3209 2492 quae
3244 2426 3349 2478 hoc
3382 2424 3503 2480 loco
3548 2424 3618 2479 de

2029 2512 2287 2567 curribus
2315 2510 2608 2586 dicuntur,
2640 2521 2829 2583 aperte
2856 2514 3228 2584 explicantur.
3255 2514 3411 2582 Quod
3434 2524 3616 2571 autem

2031 2606 2084 2657 in
2113 2614 2356 2659 sanctam
2394 2607 2659 2659 civitatem
2686 2604 2821 2675 ferri
2850 2623 2940 2661 eos
2985 2607 3135 2672 dicit,
3169 2623 3290 2663 eam
3328 2609 3502 2679 ipsam
3534 2610 3620 2665 in-

2033 2699 2245 2767 telligit,
2295 2698 2361 2753 de
2398 2714 2506 2769 qua
2561 2699 2751 2754 iSlllil‘C
2805 2708 2966 2755 antea
3032 2702 3357 2771 usurpavit:
3411 2720 3431 2754 ι
3488 2701 3622 2768 Quae

2034 2800 2215 2846 autem
2255 2806 2476 2847 sursum
2522 2803 2606 2848 est
2634 2791 2975 2860 Jerusalem,
3025 2793 3198 2848 lihera
3242 2801 3328 2849 est
3355 2794 3422 2849 ⁸³.
3461 2813 3480 2846 ι
3515 2793 3620 2850 Et:

2038 2904 2056 2937 ι
2097 2885 2352 2940 Accedite
2383 2886 2449 2940 ad
2479 2893 2721 2941 montem
2758 2885 2912 2941 .Sion
2964 2895 3019 2942 et
3078 2887 3357 2942 civitatem
3412 2887 3506 2943 Dei
3539 2889 3623 2942 vi—

2037 2978 2234 3043 ventis,
2272 2979 2554 3033 cuelestem
2586 2979 2893 3034 Jerusalem
2934 2979 3004 3034 ⁸⁵.
3047 2998 3065 3030 ι
3103 2981 3225 3046 Quo
3255 2980 3454 3035 deinde
3500 2980 3624 3036 loco

2035 3086 2154 3123 cum
2184 3070 2410 3139 psalmis
2444 3071 2735 3137 habemus,
2783 3073 2839 3125 in
2874 3089 2995 3126 vase
3040 3073 3235 3126 mtme
3274 3071 3626 3142 interpretari

2039 3160 2435 3231 Symmachum
2488 3163 2756 3232 reperias.
2810 3161 2885 3218 Ut
2943 3162 3090 3217 enim
3137 3172 3373 3230 veteres,
3422 3164 3624 3233 inquit,

326 3352 627 3424 offerebant
649 3348 978 3414 Jerusalem,
1023 3348 1105 3404 sic
1140 3346 1367 3403 venient
1394 3343 1474 3399 illi
1502 3358 1627 3400 eum
1656 3342 1932 3400 fructibus
1973 3345 2093 3401 suis
2158 3344 2303 3400 dona
2353 3345 2615 3414 ferentes,
2663 3363 2788 3418 quae
2831 3348 3066 3419 quisque
3115 3350 3171 3403 iu
3245 3350 3448 3412 anima,
3502 3356 3627 3403 tan-

325 3463 500 3520 quam
528 3461 680 3510 vase,
717 3460 899 3516 praapa
910 3445 1070 3498 ravit.

409 3540 547 3596 Εἶτά
572 3557 737 3612 φησιν
754 3557 767 3570 ο
793 3537 906 3593 Καὶ
934 3537 1036 3591 ἀπ’
1057 3533 1261 3591 αὐτῶν
1280 3534 1556 3603 λήψομαι
1582 3532 1796 3605 (ποίων,
1823 3534 1936 3587 ἀλλ’

325 3638 365 3707 ἢ
395 3635 505 3691 τῶν
535 3629 1179 3700 κατειλεγμένωνὲθνῶν
1193 3628 1235 3699 ;)
1268 3627 1445 3695 ἱερεῖς
1461 3626 1850 3691 καὶΛευΐτας.
1873 3627 1938 3680 Et

326 3729 447 3799 γὰρ
487 3725 697 3790 καινὸς
730 3721 1193 3792 οὐρανὸς-ἐσται,
1239 3720 1338 3775 καὶ
1376 3719 1455 3789 γῆ
1494 3717 1596 3774 καί
1641 3722 1940 3786 Ἰερουσα-

326 3823 483 3892 λὴμ,
517 3818 813 3874 ἀκόλουθον
845 3811 985 3868 εἶναι
1023 3814 1122 3868 καὶ
1153 3810 1404 3877 καινοὺς
1434 3810 1810 3882 λειτουργούς.
1852 3812 1932 3864 Δι’

328 3917 476 3985 ὅπερ
498 3913 734 3982 ἔφασκεν
753 3927 767 3942 ο
802 3927 821 3960 ι
850 3910 927 3962 Οὐ
960 3907 1037 3979 μὴ
1068 3905 1350 3977 μνησθῶσι
1374 3904 1485 3958 τῶν
1506 3904 1809 3974 προτέρων,
1844 3904 1938 3958 καὶ

330 4008 440 4063 οὐκ
487 4004 823 4075 ἀναϐήσεται
856 4000 1038 4056 αὐτῶν
1077 3999 1172 4052 ἐπὶ
1196 3997 1296 4070 τὴν
1323 3995 1571 4066 καρδίαν.
1607 4014 1626 4047 ι
1649 3994 1938 4050 Ἀπίθανον

332 4100 450 4170 γὰρ
513 4097 574 4165 ἐξ
613 4077 889 4149 Ἰουδαίων
938 4093 1135 4157 εἰπεῖν,
1189 4089 1292 4160 ἤδη
1337 4089 1468 4159 παρ’
1502 4089 1684 4152 αὐτοῖς
1729 4087 1936 4141 τούτων

336 4189 805 4264 προῦφεστώτων.
862 4185 986 4250 Πῶς
1029 4184 1076 4238 δ’
1106 4183 1174 4239 ἂν
1219 4182 1289 4248 ἐξ
1349 4182 1556 4251 ἱερέων
1589 4181 1804 4251 ἱερέας,
1840 4181 1939 4235 καὶ

335 4286 408 4340 ἐκ
440 4279 711 4338 Λε-υῑτῶν
743 4277 981 4345 εἰλήφει
1014 4276 1288 4340 Λευΐτας,
1322 4273 1504 4343 πάσης
1534 4273 1634 4342 τῆς
1660 4272 1807 4326 Λευῒ
1832 4289 1939 4342 φυ-

336 4381 442 4448 λῆς
491 4375 587 4430 ἰπὶ
613 4374 838 4435 τούτους
861 4368 1220 4443 διῃρημένης,
1247 4364 1343 4429 οὒς
1371 4364 1663 4428 ἀπεικάζει
1701 4362 1938 4432 οὐρανῷ

336 4490 407 4527 τε
450 4467 660 4535 καινῷ,
696 4465 798 4521 καί
830 4463 946 4535 in};
982 4463 1113 4533 mp".
1143 4461 1254 4531 γὰρ
1280 4458 1393 4512 τῶν
1426 4457 1660 4527 πρώτων
1700 4456 1935 4529 taeter,-

347 4586 366 4615 ι
404 4565 461 4619 ’0
493 4560 740 4635 οὐρανὸς,
778 4560 874 4613 καὶ
904 4558 938 4626 ἡ
980 4558 1052 4626 γῆ
1091 4552 1510 4626 παρελεύσεται.
1548 4569 1566 4603 ι
1603 4550 1715 4604 Καὶ
1738 4549 1934 4605 πάλιν·

348 4676 367 4708 ι
393 4654 741 4723 Ἐλιγήσεται
769 4658 820 4716 Υ,
859 4648 935 4712 ὡς
978 4643 1204 4717 βιϐλίον,
1252 4645 1281 4697 ὁ
1334 4641 1584 4713 οὐρανὸς,
1621 4640 1716 4694 καὶ
1762 4639 1940 4711 φθορᾷ

343 4748 695 4818 φθαρήσεται
724 4743 758 4813 ἡ
785 4740 877 4811 γῆ.
912 4757 931 4790 ι
964 4736 1072 4790 Τοῦ
1098 4735 1155 4789 δὲ
1184 4733 1473 4805 μέλλοντος
1496 4731 1692 4794 αἰῶνος
1714 4731 1938 4818 ἀπαρχὴ

2114 3540 2379 3611 Sequitur
2414 3543 2636 3607 deinde,
2674 3552 2725 3597 et
2773 3543 2839 3597 ab
2886 3546 2962 3599 eis
3004 3542 3120 3613 (sed
3150 3542 3375 3611 quibus,
3413 3540 3518 3595 uisi
3561 3541 3631 3597 ab

2038 3635 2377 3688 enumeratis
2404 3634 2648 3704 gentibus
2683 3636 2744 3708 ?)
2774 3653 2983 3690 sumam
3012 3636 3313 3690 sacerdotes
3346 3644 3397 3688 et
3420 3634 3625 3689 levitas.

2041 3725 2098 3780 Si
2128 3727 2268 3783 enim
2311 3727 2501 3780 coelum
2537 3727 2739 3798 ipsum,
2793 3737 3038 3798 terraque
3072 3737 3121 3781 et
3161 3726 3465 3780 Jerusalem
3494 3742 3631 3779 nova

2038 3817 2224 3873 futura
2259 3829 2408 3885 sunt,
2443 3821 2694 3889 sequitur
2716 3828 2764 3873 et
2795 3836 2953 3874 novos
2978 3821 3141 3876 etiam
3176 3819 3630 3873 habituramesse

2038 3910 2373 3967 ministros:
2411 3912 2649 3981 indeque
2678 3919 2787 3977 est,
2836 3913 2982 3981 quod
3036 3912 3280 3981 priorum
3344 3925 3453 3965 non
3505 3926 3627 3963 esse

2038 4002 2452 4068 recordaturos,
2486 4017 2662 4071 neque
2691 4015 2753 4055 ea
2784 4001 2839 4056 in
2879 4016 2978 4056 cor
3016 4001 3261 4071 ipsorum
3293 4015 3589 4054 ascensura
3611 4040 3626 4063 ,

2038 4092 2387 4163 signiﬁcavit.
2441 4091 2600 4148 Esset
2650 4094 2797 4147 enim
2844 4093 3085 4163 ineptum
3148 4109 3213 4146 ex
3246 4090 3450 4147 Iudaeis
3483 4092 3627 4148 sumi

2038 4183 2333 4249 allirmare,
2371 4183 2465 4254 qui
2490 4183 2611 4239 istis
2638 4181 2963 4252 jamdudum
2986 4182 3130 4253 apud
3158 4198 3254 4237 eos
3286 4180 3624 4252 przefueriut.

2041 4276 2144 4341 Qui
2183 4290 2354 4346 porro
2387 4290 2451 4329 ea:
2484 4274 2849 4330 sacerdotibus
2900 4272 3226 4342 sacerdotes,
3255 4290 3321 4327 ea:
3352 4272 3522 4327 levitis
3551 4272 3629 4326 le-

2039 4371 2163 4423 vita:
2194 4370 2335 4424 sumi
2373 4369 2706 4439 potuissent,
2735 4384 2861 4422 eum
2894 4367 2949 4421 in
2988 4367 3088 4421 hos
3114 4366 3290 4421 divisa
3334 4373 3482 4420 esset
3514 4373 3628 4418 tota

2040 4463 2220 4518 tribus
2251 4461 2481 4527 levitica,
2515 4477 2656 4532 quos
2674 4459 2802 4515 cazlo
2825 4477 2955 4515 novo
2985 4470 3033 4514 et
3067 4468 3221 4513 terra:
3252 4474 3398 4511 nova:
3422 4456 3631 4511 similes

2040 4569 2164 4611 esse
2197 4554 2364 4609 dicit?
2394 4553 2469 4609 De
2501 4553 2695 4624 primis
2730 4552 2877 4607 enim
2923 4552 3130 4607 dictum
3178 4558 3263 4605 est
3292 4567 3305 4603 :
3356 4568 3373 4599 ι
3413 4547 3628 4602 C(elum

2041 4656 2095 4702 et
2132 4654 2282 4702 terra
2319 4645 2641 4700 transibunt
2679 4643 2745 4698 ⁸⁵.
2793 4664 2812 4697 ›
2861 4643 2927 4697 Et
2962 4666 2972 4698 :
3010 4662 3031 4696 (
3084 4640 3449 4711 Corruptione
3502 4655 3629 4693 cor-

2042 4745 2333 4808 rumpctur
2368 4748 2513 4792 terra
2533 4736 2600 4793 ⁸⁸.
2642 4756 2661 4789 ι
2694 4735 2765 4790 At
2805 4746 2935 4791 sunt
2964 4735 3134 4790 luturi
3161 4734 3343 4789 saeculi
3372 4732 3629 4803 primitiae

345 4810 618 4910 ἀριστος
670 4810 885 4895 ἔπειτα,
925 4831 975 4882 οἱ
1024 4826 1119 4882 τοῦ
1168 4824 1445 4896 Χριστοῦ’
1495 4820 1635 4890 εἷτα,
1685 4810 1927 4892 οὐρανὸς

2047 4829 2303 4884 Christus
2339 4830 2485 4899 ipse;
2521 4837 2706 4897 postea
2736 4843 2884 4893 vero,
2914 4829 3004 4897 qui
3040 4826 3241 4882 Christi
3277 4832 3427 4881 sunt.
3463 4824 3627 4879 Dein-

346 4932 448 4987 καὶ
478 4927 556 5001 γῆ
582 4926 782 4982 καινά.
813 4922 1035 4978 Τούτων
1067 4919 1177 4974 τῶν
1198 4928 1221 4956 ι
1255 4915 1502 4989 οὐρανῶν
1530 4917 1630 4988 τὴν
1658 4916 1940 4987 βασιλείαν

346 5021 512 5077 τινῶν
544 5020 648 5089 ἔφη
685 5011 1147 5087 μακαριζομένων
1168 5005 1333 5076 εἶναι,
1367 5009 1460 5061 καὶ
1482 5007 1629 5061 ἄλλω
1645 5020 1670 5048 ει
1691 5008 1790 5078 τὴν
1811 5006 1943 5078 κλη-

353 5113 611 5189 ρονομίαν
638 5110 751 5179 τῆς
788 5107 921 5178 γῆς.
960 5104 1081 5157 Τῶν
1118 5103 1228 5175 γὰρ
1268 5101 1421 5172 παρὰ
1452 5100 1531 5172 τῷ
1560 5101 1735 5170 Πατρὶ
1763 5100 1943 5171 μονῶν

347 5208 462 5261 τῶν
510 5207 608 5277 μὲν
654 5202 831 5256 οὐσῶν
871 5196 1194 5260 ἐλαττόνων,
1239 5193 1348 5247 τῶν
1390 5193 1450 5247 δὲ
1484 5195 1832 5263 κρειττόνων,
1873 5196 1940 5264 τῇ

350 5300 491 5374 πρὸς
539 5297 775 5367 ἀλλήλας
805 5293 1017 5357 δόξουσι
1053 5289 1235 5359 σχέσει
1275 5288 1331 5340 αἱ
1367 5286 1466 5355 μὲν
1510 5286 1619 5339 τῶν
1649 5286 1742 5339 ὑπ’
1774 5285 1945 5349 αὑτὰς

426 5440 475 5472 τ’
505 5438 667 5491 Rom.
696 5450 776 5497 χι,
802 5435 858 5489 5.
961 5432 1008 5467 ⁸ο
1042 5427 1108 5482 lV
1141 5426 1274 5496 Reg.
1310 5442 1369 5483 ιι.
1402 5428 1424 5480 l
1462 5441 1617 5497 seqq.

347 5598 475 5648 ην,
502 5582 558 5636 ‘2.

1695 5428 1738 5458 ⁸¹
1776 5427 2006 5480 Zachar.
2035 5443 2122 5480 γι.
2166 5425 2188 5478 1
2223 5441 2378 5494 seqq.

355 5518 403 5548 ⁸³
435 5511 602 5565 llebr.
638 5522 733 5573 xu,
764 5493 859 5560 9.2.
935 5503 982 5539 ⁸⁵
1006 5501 1144 5556 Luc.
1176 5493 1286 5564 xit,
1316 5497 1405 5551 5‘5.
1481 5493 1765 5552 “‘Jerem.
1801 5514 1872 5552 vn
1901 5537 1914 5561 ,

2108 5497 2153 5528 ⁸⁷
2212 5493 2379 5574 Apoc,
2422 5515 2531 5562 xxi,
2575 5498 2625 5561 1,
2669 5496 2715 5525 ⁸⁸
2754 5493 2947 5552 Matth.
2989 5511 3050 5562 ν,
3083 5495 3102 5549 l
3136 5509 3290 5563 seqq.

2045 4923 2112 4978 de
2146 4940 2159 4975 :
2191 4919 2393 4975 Caelum
2427 4928 2475 4974 et
2509 4930 2652 4974 terra
2681 4935 2813 4973 nova
2834 4916 2902 4973 ⁸⁷.
2929 4918 3142 4972 Talium
3170 4918 3334 4987 igitur
3365 4930 3629 4986 quorum-

2047 5011 2196 5075 dam,
2226 5010 2321 5080 qui
2355 5010 2501 5064 beati
2526 5008 2808 5076 dieuntur,
2842 5024 2967 5064 esse
2998 5010 3175 5063 innuit
3215 5023 3443 5078 regnum
3472 5005 3631 5060 caelo-

2048 5120 2166 5156 rum
2225 5112 2479 5173 ternaque
2532 5102 2671 5156 adeo
2721 5102 3129 5171 possessionem
3180 5100 3247 5154 ⁸⁸.
3295 5100 3431 5154 Cum
3485 5102 3633 5153 enim

2049 5195 2424 5262 mansionum,
2450 5210 2571 5265 quze
2598 5194 2740 5265 apud
2764 5192 2983 5247 Patrem
3018 5201 3147 5247 sunt
3168 5191 3249 5255 ⁸9,
3267 5191 3387 5245 aliae
3411 5189 3636 5260 quidem

2055 5291 2357 5354 minorum,
2389 5286 2510 5342 alia:
2540 5296 2722 5342 autem
2751 5286 3197 5357 priestautiorum
3235 5285 3387 5351 siut;
3416 5284 3463 5338 si
3497 5284 3643 5337 inter

2470 5425 2517 5456 ⁸³
2546 5423 2562 5478 l
2587 5422 2782 5478 Thess.
2840 5440 2915 5489 ιν,
2955 5424 3037 5479 16.
3140 5421 3186 5456 ⁸³
3219 5421 3396 5477 Galat.
3439 5436 3511 5479 tv,
3546 5416 3636 5475 ‘26.

2470 5515 2530 5546 ιι-
2575 5498 2598 5546 1
2669 5496 2715 5525 ⁸⁸
2754 5493 2947 5546 Matth-
2989 5511 3050 5546 ν.
3083 5495 3102 5546 l
3136 5509 3290 5546 seua.
3392 5490 3441 5523 ⁸⁵
3473 5487 3636 5546 Juatt.

3509 5506 3640 5546 uau.

1655 5661 1892 5721 VARIE
1931 5658 2336 5718 LECTIONES.

439 5776 459 5816 1
489 5782 577 5838 γρ.
608 5762 980 5837 ἐλιχθήσεται.
1060 5772 1081 5800 ³
1112 5764 1197 5815 ῖσ.
1224 5778 1504 5818 τοιουτων.
1585 5773 1605 5799 ιι
1636 5778 1728 5839 γρ.
1756 5758 1948 5821 ἄλλως.
