3978 6458
444 259 584 327 9715

1749 255 2106 318 PROCOPII
2139 249 2402 316 GAZ'JEI’

3597 247 3735 317 2116

441 386 504 426 se
537 367 921 437 conferantur,
955 369 1073 424 caeli
1119 366 1340 438 quidem
1390 367 1534 435 aliae,
1578 334 1764 422 habita
1797 367 1862 421 ad
1897 366 2029 423 infe-

2141 365 2400 435 οὐράνιοι
2425 363 2474 430 δ,
2513 365 2569 416 αἱ
2601 363 2656 416 δέ
2691 361 2802 418 τῶν
2835 360 2980 432 ὑπὲρ
3020 359 3192 424 αὐτὰς
3217 352 3320 429 γῆ.
3356 357 3650 430 Διηνεκεϊς
3680 363 3736 417 δὲ

439 463 619 519 riores
662 463 900 528 ratione,
933 476 1056 518 esse
1095 459 1463 528 videbuntur;
1513 467 1670 515 terrae
1709 465 1895 514 autem
1928 475 2032 515 cae-

439 564 596 619 terae,
623 555 670 612 si
700 571 826 612 cum
847 555 947 617 iis,
1001 569 1123 624 quae
1167 554 1481 624 superiores
1512 560 1665 616 sunt,
1703 566 2033 622 comparen-

441 657 554 702 tur.
589 647 929 714 Qum.tamen
957 656 1089 704 sunt
1118 662 1313 703 omnes
1340 648 1619 702 continuae
1648 655 1702 702 et
1733 654 2031 718 perpetuae;

2135 459 2330 511 πᾶσαι.
2375 455 2458 510 Τὰ
2491 455 2599 526 γὰρ
2649 453 2982 526 βλεπόμενα,
3021 452 3376 524 πρόσκαιρα·
3442 449 3518 504 τά
3556 449 3616 505 δέ
3665 453 3737 523 μὴ

2134 551 2472 621 βλεπόμενα,
2498 549 2716 604 αἰώνια.
2747 548 2812 602 El
2841 548 2900 601 δέ
2926 546 3174 618 σύμϐολα
3199 546 3294 600 καὶ
3321 544 3546 609 εἰκόνες
3572 545 3642 600 τὰ
3662 564 3745 599 νο-

2136 644 2294 715 μικά,
2311 643 2456 698 κατὰ
2485 643 2570 709 τὸ,
2595 661 2614 696 ι
2641 642 2808 695 Σκιάν
2831 641 2942 713 γὰρ
2957 640 3096 712 ἔχων
3119 641 3148 694 ὁ
3171 639 3339 708 νόμος
3359 638 3476 691 τῶν
3513 638 3734 708 μελλόν-

447 739 593 794 Sunt
616 741 760 794 enim
796 739 1160 809 temporaria,
1191 753 1314 808 quae
1340 738 1394 792 in
1430 738 1717 793 oculorum
1749 744 2032 807 aSpectum

2141 755 2240 792 των
2269 736 2492 805 ἀγαθῶν
2516 753 2528 766 ·
2568 755 2588 789 ι
2607 733 2904 790 ἀκόλουθον
2954 732 3278 802 οὐρανίους
3310 733 3486 797 νοεῖν,
3521 731 3730 800 ἐορτάς,

443 831 690 897 cadunt;
723 838 988 902 perpetua
1009 840 1218 896 autem,
1243 845 1367 902 qua:
1399 829 1549 886 cerni
1580 845 1691 886 non
1715 829 2031 899 possunt".

444 919 602 985 Quod
637 921 684 976 si
715 921 874 991 signa
925 930 1056 977 sunt
1088 931 1144 978 et
1183 921 1480 992 imagines,
1529 936 1652 992 quae
1701 921 1820 992 lege
1850 919 2034 975 contia

444 1021 667 1077 nentur,
699 1013 860 1081 juxta
910 1013 1058 1085 quod
1107 1013 1361 1068 umbram
1414 1011 1727 1068 futurorum
1762 1013 2057 1067 bonorum-

443 1106 694 1160 eamdem
729 1107 933 1162 habere
961 1107 1102 1161 dixit
1136 1106 1434 1176 Apostolus
1466 1105 1511 1138 ⁹¹
1542 1123 1556 1160 :
1597 1113 2032 1160 consentaneum

443 1205 551 1265 est,
583 1206 643 1253 ut
681 1201 974 1254 cwlestium
1003 1201 1247 1267 nomine,
1286 1206 1340 1255 et
1371 1198 1510 1256 festa
1545 1199 1688 1270 ipsa,
1729 1207 1779 1253 et
1808 1214 2031 1263 menses,

440 1299 493 1343 et
541 1288 783 1344 Sabbala
857 1291 1264 1360 intelligamus,
1321 1292 1388 1346 de
1437 1290 1638 1360 quibus
1700 1304 1812 1344 non
1868 1288 2034 1358 hujus

355 1405 362 1416 -
443 1383 711 1452 temporis
736 1383 902 1439 fuerit
941 1395 1132 1440 exacte
1166 1383 1472 1454 disputare.
1500 1381 1730 1449 Verum,
1763 1382 2034 1454 quemad-

441 1473 667 1528 modum
717 1473 893 1530 ,ἰυᾶωί
947 1475 1151 1530 multas
1189 1476 1434 1546 alioquin
1489 1476 1656 1530 urbes
1707 1475 2032 1541 incolentes,

444 1579 610 1620 unam
652 1565 976 1621 habitabant
1009 1565 1310 1622 Jerusalem
1347 1566 1531 1622 cultus
1558 1565 1850 1622 sanctitate.
1896 1581 2036 1634 pra:—

441 1657 689 1728 cipuam,
723 1657 777 1712 in
809 1673 919 1729 qua
951 1659 1113 1714 statis
1159 1658 1523 1730 temporibus,
1553 1657 1647 1728 qui
1688 1665 1917 1714 caeteras
1947 1657 2032 1712 in-

2134 827 2252 882 καί
2262 827 2490 897 μῆνας,
2548 825 2650 880 καὶ
2682 823 2976 886 Σάϐϐατα,
3028 824 3173 894 ἅπερ
3203 820 3498 889 ἐξετάζειν
3536 821 3606 896 ,οὐ
3643 823 3730 876 τοῦ

2135 921 2406 992 παρόντος
2458 918 2674 989 καιροῦ.
2738 916 2907 987 Πλὴν,
2962 916 3154 986 ὥσπερ
3231 914 3490 969 Ἰουδαῖοι
3553 913 3728 977 πόλεις

2135 1012 2311 1084 ᾤκουν
2342 1011 2567 1079 πολλὰς,
2601 1010 2868 1084 κρείττων
2897 1009 2954 1062 δὲ
2988 1007 3400 1078 Ἰερουσαλὴμ
3431 1008 3468 1078 ἡ
3488 1005 3553 1060 τὸ
3584 1007 3732 1074 ἁγία-

2136 1123 2252 1177 σμα
2282 1106 2542 1176 φέρουσα,
2568 1105 2650 1168 είς
2683 1103 2772 1173 ἢν,
2799 1101 2945 1156 κατά
2972 1100 3222 1172 καιροὺς,
3252 1101 3301 1152 of.
3332 1099 3443 1162 τὰς
3477 1097 3648 1162 ἄλλας
3673 1101 3734 1152 οξ-

2134 1195 2360 1258 κοῦντες
2384 1196 2665 1266 ἀπήντων,
2692 1193 2791 1264 τὴν
2825 1191 3123 1263 θρησκείαν
3150 1188 3576 1250 ἐπιτελέσοντες
3601 1204 3616 1217 ·
3655 1188 3738 1242 οῦ-

2134 1305 2212 1341 τω
2243 1287 2462 1358 νοητέον
2501 1287 2573 1340 ἐν
2610 1284 2894 1354 οὐρανοῖς
2922 1283 3176 1354 ἀγίασμα
3205 1281 3496 1354 ὑπάρχειν
3527 1277 3736 1350 ἐξαίρεε

2134 1399 2247 1447 τον,
2285 1380 2422 1451 πλὴν
2449 1379 2544 1434 τοῦ
2575 1378 2882 1451 ἀρχιερέως
2909 1376 3041 1430 Υίοῦ
3074 1375 3172 1430 τοῦ
3199 1374 3365 1440 Θεοῦ,
3399 1373 3609 1428 ἄϐατον
3640 1373 3736 1427 ὑπ·

2137 1475 2304 1545 ἀρχον
2360 1475 2472 1536 τοῖς
2527 1463 2732 1536 ἄλλοις,
2775 1464 2820 1540 ᾧ
2871 1471 3016 1542 μόνῳ
3062 1468 3222 1539 θέμις
3276 1469 3347 1537 τῇ
3396 1464 3500 1518 τοῦ
3533 1463 3737 1534 Πατρὸς

2136 1566 2392 1631 πελάζειν
2417 1566 2656 1636 θεότητι,
2683 1565 2764 1628 εἴς
2797 1581 2856 1617 τε
2880 1563 3114 1626 κόλπους
3137 1579 3150 1592 ·
3175 1561 3286 1614 τῶν
3314 1559 3504 1615 ἄλλων
3535 1559 3736 1626 καιροῖς

2135 1657 2496 1727 τεταγμένοις
2525 1655 2744 1724 (οἵτινές
2775 1671 2908 1708 ποτε
2943 1655 2992 1706 oi
3034 1652 3218 1723 καιροὶ⁸
3279 1648 3541 1705 νοοῦνται
3577 1642 3731 1715 οὗτοι,

443 1748 723 1814 colebant,
764 1764 1050 1804 sacrorum
1087 1764 1254 1804 causa
1282 1749 1726 1816 conveniebant,
1762 1749 1843 1806 sic
1866 1732 2031 1805 intel-

2141 1751 2232 1805 καὶ
2260 1751 2330 1805 τὰ
2360 1752 2419 1804 ἐν
2451 1753 2518 1821 τῇ
2552 1752 2709 1804 τακεί
2734 1759 2783 1814 ο,
2823 1741 2899 1802 ὧν
2924 1764 3013 1811 τις
3057 1745 3348 1816 προφήτης
3387 1746 3450 1799 ἐν
3496 1743 3737 1814 περινοίᾳ

443 1838 721 1907 ﬁgendum
750 1848 836 1896 est
867 1841 1124 1896 eximiam
1157 1841 1214 1894 in
1253 1841 1398 1895 caelis
1425 1841 1608 1896 inesse
1639 1842 1855 1897 caeteris
1891 1841 2036 1898 inac-

441 1945 660 1986 cessam
721 1931 817 1986 ﬁlii
879 1933 974 1987 Dei
1042 1933 1321 2002 pontiﬁcis
1370 1933 1595 1988 maximi
1647 1934 2036 2003 sanctitatem;

443 2027 604 2098 763
636 2028 726 2083 cui
772 2028 876 2084 soli
929 2028 1014 2083 fas
1054 2030 1128 2084 sit
1183 2028 1253 2082 ad
1311 2027 1494 2084 Patris
1546 2027 1892 2084 divinitatem
1954 2029 2036 2086 si-

443 2136 688 2190 numque
737 2122 1061 2177 accedere:
1126 2136 1253 2176 cum
1321 2121 1484 2177 statis
1550 2121 1643 2175 alii
1695 2121 2041 2192 temporibus

333 2229 335 2231 ·
443 2209 604 2280 (quae
666 2211 887 2281 quidem
924 2212 1032 2267 ista
1078 2227 1201 2268 esse
1246 2213 1672 2282 intelliguntur,
1709 2221 1764 2268 et
1816 2212 1911 2284 qui
1958 2212 2032 2269 ibi

441 2311 575 2357 sunt
618 2304 775 2368 anni,
822 2304 890 2360 ad
925 2319 1068 2374 quos
1120 2305 1389 2374 propheta
1429 2303 1651 2374 quidam
1703 2304 2030 2374 respiciens,

443 2408 618 2450 annos
662 2403 902 2451 aeternos
953 2395 1009 2450 in
1041 2396 1311 2450 memoria
1368 2394 1631 2450 habuisse
1660 2409 1718 2450 se
1753 2405 1808 2450 et
1859 2394 2033 2448 medi-

2140 1844 2438 1914 γενόμενος
2460 1842 2792 1910 ἔλεγεοιΚαὶ
2816 1840 2912 1911 ἐτη
2935 1838 3133 1894 αἰώνια
3148 1835 3466 1909 ἐμνήσθην,
3496 1836 3592 1890 καὶ
3613 1837 3734 1906 ἐμε-

2138 1935 2344 2006 λέτησα
2373 1935 2418 2006 ι)
2435 1933 2818 1989 διαϐαινόντων
2833 1934 2925 1987 ἐπὶ
2943 1932 3044 2004 τὴν
3061 1930 3343 2001 ἐξαίρετον
3357 1926 3733 2002 ούρανόπολιν,

2140 2029 2208 2098 τῇ
2241 2025 2338 2079 τοῦ
2365 2025 2502 2080 Θεοῦ
2541 2026 2794 2098 βασιλεία
2821 2023 3220 2096 ἀφωρισμένην
3269 2020 3472 2093 μονὴν,
3505 2020 3602 2075 καὶ
3632 2021 3734 2084 τοῖς

2141 2119 2224 2187 εἰς
2248 2117 2418 2189 ἄκρον
2451 2116 2856 2188 μακαριότητος
2885 2117 3136 2188 ἥκουσιν,
3174 2109 3245 2185 ἦς
3276 2113 3342 2166 οὐ
3377 2111 3732 2182 στερήσονται

2140 2208 2262 2262 οὐδὲ
2282 2209 2330 2262 οἱ
2355 2208 2783 2279 ὑποϐεϐηκότες,
2817 2207 2962 2262 κατὰ
2986 2205 3044 2261 δὲ
3071 2204 3365 2276 περιόδους
3395 2201 3553 2265 τινὰς
3571 2200 3632 2251 ἐν
3659 2201 3733 2254 ού-

2156 2301 2360 2373 ρανίοις
2382 2301 2598 2374 ἑορταῖς
2616 2298 3028 2370 ἀφικνούμενοι,
3081 2297 3269 2352 ἐνθέου
3293 2313 3357 2350 τε
3383 2294 3485 2350 καὶ
3507 2294 3732 2366 ἀλήκτου

2140 2376 2288 2455 τινδς
2346 2390 2692 2464 εὐφροσύνης
2726 2375 3152 2462 μεταληψονται,
3205 2387 3479 2460 ἀρρήτων
3523 2383 3733 2454 ἀγαθῶν

444 2496 618 2540 talum
693 2501 819 2543 esse
886 2486 1102 2542 dicebat
1154 2483 1242 2557 ⁸³)
1303 2484 1370 2540 ad
1423 2485 1682 2540 eximiam
1758 2484 2029 2540 caelorum

2141 2482 2562 2549 ἀπολαύσοντες,
2599 2475 2674 2537 ὧν
2705 2480 3113 2553 ἐμφορηθέντες
3150 2479 3234 2544 εἰς
3268 2478 3448 2550 μονὰς
3479 2477 3580 2539 τὰς
3609 2476 3726 2531 ἐαυο

443 2573 720 2632 civitatem
752 2584 1058 2647 transeant,
1101 2576 1194 2633 Dei
1227 2591 1418 2648 regno,
1453 2583 1508 2632 et
1535 2575 1626 2642 iis,
1655 2575 1752 2646 qui
1778 2576 1844 2631 ad
1877 2591 2030 2632 sum-

2141 2577 2248 2630 τῶν
2291 2577 2679 2646 ἐπανήξουσιν,
2725 2577 2844 2629 ἐκεῖ
2865 2573 2894 2615 ει
2938 2572 3356 2643 Σαϐϐατισμὸς
3407 2568 3620 2641 ἀληθὴς
3645 2567 3730 2623 καὶ

444 2684 594 2723 mum
656 2669 1016 2729 beatitudinis
1077 2670 1357 2742 fastigium
1406 2678 1813 2740 pervenerunt,
1865 2668 2034 2724 ascri-

2143 2669 2333 2740 ψυχῶν
2353 2670 2505 2723 ἐστιν
2536 2668 2866 2731 ἀνάπαυσις.

445 2773 592 2834 ptam
627 2768 1010 2835 mansionem;
1058 2782 1168 2839 qua
1205 2775 1386 2822 tamen
1416 2780 1526 2820 non
1561 2764 1596 2820 ii
1641 2765 2028 2837 privabuntu-r,
2063 2766 2156 2837 qui
2187 2765 2479 2822 inferiores
2527 2765 2756 2830 fuerint,
2821 2761 2921 2819 sed
2978 2760 3224 2833 periodis
3273 2757 3614 2832 quibusdam
3669 2757 3727 2811 ad

444 2858 706 2915 caelestes
739 2859 1126 2916 solemnitates
1149 2859 1510 2930 appellantes,
1535 2858 1737 2915 divinae
1765 2867 1821 2916 et
1852 2861 2184 2917 immortalis
2222 2860 2512 2931 cujusdam
2543 2859 2766 2925 laetitiae,
2796 2855 3272 2928 ineﬁ‘abiliumque
3313 2857 3589 2912 bonorum
3611 2854 3726 2908 ﬁent

443 2950 780 3020 participes:
839 2951 1042 3023 quibus
1079 2967 1203 3006 cum
1252 2951 1554 3008 exsaturati
1590 2949 1818 3018 fuerint,
1851 2952 1918 3008 ad
1949 2967 2080 3010 suas
2130 2954 2235 3025 ipsi
2273 2953 2592 3010 mansiones
2620 2951 2902 3017 redibunt,
2952 2949 3048 3006 ubi
3082 2950 3469 3007 Sabbatismus
3523 2948 3730 3018 ipsaque

443 3040 582 3097 adeo
608 3043 917 3098 animarum
963 3045 1184 3114 requies
1235 3059 1361 3098 vera
1398 3051 1548 3099 sunt.

518 3134 912 3208 Signiﬁcantnr
957 3152 1089 3193 vero
1143 3138 1323 3191 carnis
1373 3137 1781 3208 appellatione,
1847 3146 2026 3208 gentes

2201 3138 2362 3209 Σὰρξ
2393 3138 2451 3192 δὲ
2491 3093 2644 3193 πᾶσα
2686 3137 2761 3194 τὰ
2798 3137 2966 3206 ἔθνη,
3022 3135 3166 3192 κατὰ
3214 3137 3278 3190 τὸ
3324 3135 3528 3209 ῥηθέν·
3568 3152 3586 3186 ι
3624 3131 3723 3188 Καὶ

443 3227 597 3297 ipsa.
631 3226 804 3294 Quale
837 3239 924 3284 est
966 3227 1099 3282 illud
1128 3246 1141 3280 :
1181 3247 1199 3280 ι
1240 3226 1305 3280 Et
1335 3227 1543 3283 videbit
1572 3228 1755 3283 omnis
1789 3241 1918 3283 caro
1949 3243 2039 3284 sa-

443 3323 628 3377 lutare
661 3319 756 3375 Dei
806 3320 884 3375 “J
918 3337 937 3372 ι
991 3317 1058 3372 Ει
1095 3317 1230 3373 illud
1272 3336 1285 3372 :
1330 3336 1349 3370 ι
1394 3317 1687 3373 Effundam
1727 3318 1797 3374 de
1841 3320 2038 3390 spiritu

451 3427 570 3468 meo
609 3425 777 3481 super
803 3423 1023 3466 omnem
1060 3422 1306 3474 carnem,
1361 3417 1417 3464 et
1465 3409 1874 3479 prophetabunt
1903 3411 1972 3465 θδ.
2013 3429 2030 3462 ι

449 3499 543 3559 Sic
567 3511 754 3558 autem
793 3502 1063 3576 loquitur.
1117 3517 1187 3556 ne
1218 3502 1287 3556 de
1339 3515 1399 3557 se
1453 3502 1558 3557 ista
1609 3518 1733 3558 eum
1767 3518 2040 3574 usurpare

456 3601 649 3664 putent
676 3592 872 3648 Judaei.
911 3594 1032 3660 Quo
1078 3595 1158 3659 ﬁt,
1205 3594 1366 3660 utde
1398 3595 1545 3650 omni
1596 3596 1909 3664 mortalium
1945 3612 2040 3666 ge-

450 3699 587 3739 nere
625 3684 900 3756 intelligat
929 3702 942 3738 :
975 3701 1116 3755 quos
1143 3685 1366 3756 quidem
1396 3695 1642 3742 venturos
1666 3702 1792 3744 esse
1823 3687 2036 3760 signiﬁ-

449 3781 561 3828 cat.
599 3772 741 3828 Sunt
766 3789 896 3829 vero
924 3773 1226 3829 Jerusalem
1258 3775 1408 3831 illius
1447 3775 1616 3842 cives,
1649 3777 1824 3831 multa
1862 3777 2037 3832 millia

450 3865 656 3935 (inquit
681 3867 984 3937 Apostolus
1031 3867 1114 3939 ")
1149 3869 1497 3938 angelorum,
1546 3867 1791 3925 Ecclesia
1827 3870 2040 3940 primo-

449 3957 788 4028 genitorum.
822 3959 901 4013 lbi
927 3961 1171 4015 eruntin
1219 3968 1567 4032 perpetuum,
1597 3962 1690 4031 qui
1725 3960 1836 4016 Deo
1872 3961 2038 4016 mini-

451 4057 714 4114 strantes,
745 4049 849 4105 sub
887 4050 1146 4120 pontiﬁce
1193 4052 1436 4106 maximo
1493 4037 1712 4123 degerit.
1770 4053 2036 4111 Videbunt

452 4155 622 4211 porro
651 4156 847 4197 omnes
865 4141 1162 4211 impiorum
1188 4143 1500 4209 interitum,
1525 4145 1713 4200 animo
1739 4147 2036 4217 agitantes,

451 4233 677 4302 quantis
729 4233 806 4288 illi
849 4234 1008 4290 bonis
1051 4235 1251 4305 privati
1308 4236 1440 4293 sint.
1477 4235 1707 4301 Verum,
1755 4254 1867 4307 quo
1916 4239 2039 4296 loco

453 4327 693 4381 membra
723 4327 899 4395 dixit,
947 4338 1186 4382 extrema
1232 4327 1598 4399 Symmachus
1648 4329 2040 4400 interpretatus

451 4428 554 4476 est.
580 4420 687 4475 Sed
716 4437 953 4492 quorum
971 4421 1232 4485 membra,
1262 4423 1308 4477 si
1341 4438 1449 4476 non
1480 4437 1695 4488 eorum,
1727 4422 1997 4478 intellexit
2022 4463 2036 4488 ,

2141 3233 2333 3302 ὄψεται
2356 3233 2508 3286 πᾶσα
2539 3231 2677 3302 σὰρξ
2696 3229 2758 3284 τὸ
2786 3233 3056 3302 σωτήριον
3078 3229 3171 3284 τοῦ
3201 3229 3363 3284 Θεοῦ.
3391 3248 3411 3282 ι
3450 3227 3557 3282 Καὶ
3579 3226 3717 3280 ἀλλα-

2141 3325 2272 3398 χοῦο
2315 3345 2334 3378 ι
2374 3324 2582 3395 Ἐκχεῶ
2612 3324 2722 3378 ἀπὸ
2766 3323 2864 3379 τοῦ
2914 3323 3228 3394 πνεύματός
3275 3340 3382 3394 μου
3418 3321 3512 3375 ἐπὶ
3558 3321 3723 3374 πᾶσαν

2144 3418 2345 3490 σάρκα,
2373 3418 2464 3471 καὶ
2489 3417 2985 3489 προφητεύσουσιν.
3017 3434 3038 3469 ι
3071 3416 3229 3469 Οὕτω
3254 3414 3315 3468 δὲ
3345 3414 3519 3483 λέγει,
3549 3413 3631 3466 ἵνα
3659 3411 3722 3481 μὴ

2140 3509 2272 3580 περὶ
2296 3510 2478 3564 αὐτῶν
2504 3507 2681 3564 ταῦτα
2697 3508 2955 3577 λέγεσθαι
2987 3507 3288 3577 νομίσωσιν
3322 3507 3592 3562 Ἰουδαῖον
3617 3503 3680 3556 δι’
3701 3502 3724 3554 ὃ

2141 3603 2251 3656 πᾶν
2277 3601 2373 3656 ἀνθ
2382 3600 2582 3671 ρώπων
2601 3601 2756 3670 γένος
2778 3599 2948 3672 δηλοῖ.
2979 3599 3118 3654 Ἀλλ’
3145 3590 3296 3653 οὗτοι
3327 3597 3428 3670 μὲν
3454 3597 3717 3666 ἥξουσιν.

2143 3695 2206 3748 Οί
2233 3694 2291 3747 δὲ
2315 3693 2414 3763 τῆς
2454 3693 2848 3764 Ἰερουσαλὴμ
2877 3691 3096 3762 ἐκείνης
3129 3691 3352 3746 πολῖταί
3381 3693 3519 3745 εἰσιν
3549 3689 3602 3742 αἱ
3633 3704 3720 3757 μυ·

2142 3782 2347 3855 ριάδες,
2373 3783 2515 3838 κατά
2544 3781 2776 3849 Παῦλον,
2815 3781 3088 3852 ἀγγέλων,
3117 3783 3151 3853 ἡ
3192 3780 3498 3853 Ἐκκλησία
3521 3794 3714 3850 πρωτο-

2140 3875 2338 3930 τόκων.
2376 3860 2532 3930 ’Ἐκεῖ
2579 3876 2669 3930 διὰ
2709 3876 2912 3939 παντὸς
2966 3874 3186 3931 ἔσονται
3241 3875 3549 3944 λειτουργοὶ
3598 3867 3715 3925 Θεοῦ

2140 3967 2313 4032 ὄντες,
2361 3966 2454 4020 ὑπ’
2489 3967 2738 4038 ἀρχιερεῖ
2769 3966 2847 4036 τῷ
2881 3965 3108 4038 μεγάλῳ
3150 3967 3496 4038 ταττόμενοι.
3527 3962 3713 4023 Πάντες

2140 4057 2198 4112 δὲ
2236 4057 2492 4127 ὄψονται
2542 4057 2651 4111 τῶν
2685 4056 2900 4112 ἀσεϐῶν
2946 4057 3047 4130 τὴν
3091 4057 3398 4124 ἀπώλειαν,
3429 4052 3714 4114 ἐννοοῦντες

2140 4149 2268 4203 οἵων
2305 4148 2528 4219 ἀγαθῶν
2557 4148 2956 4222 ἐστερήθησαν.
3001 4149 3150 4203 ’Δντὶ
3188 4148 3247 4202 δέ
3289 4148 3412 4214 τοῦ,
3442 4145 3512 4201 τὰ
3543 4143 3706 4208 κῶλα,

2142 4239 2215 4294 τὰ
2253 4241 2484 4310 ἔσχατα
2521 4240 2819 4312 Σύμμαχος
2855 4239 3078 4313 ἔφησεν.
3122 4240 3301 4297 Τίνων
3335 4241 3394 4294 δέ
3427 4241 3499 4294 τὰ
3530 4236 3676 4291 κῶλα
3689 4250 3705 4299 ;

2141 4333 2273 4406 περὶ
2329 4327 2404 4388 ὧν
2450 4333 2606 4403 ἔλεγε
2642 4335 2764 4388 κατ’
2803 4333 3010 4406 ἀρχάς·
3049 4352 3068 4386 ι
3098 4334 3265 4399 Υίοὺς
3297 4334 3578 4404 ἐγέννησα,
3630 4325 3709 4379 καὶ

2145 4423 2337 4496 ὕψωσα
2362 4441 2378 4456 ο
2403 4425 2557 4481 αὐτοὶ
2583 4426 2642 4480 δέ
2679 4443 2747 4497 με
2775 4425 3072 4497 ἠθέτησαν.
3104 4443 3124 4495 ν)
3149 4424 3257 4490 Οὓς
3289 4425 3504 4498 μακρὰν
3527 4418 3708 4476 ἑαυτῶν

452 4515 521 4570 de
549 4517 752 4586 quibus
816 4516 975 4572 initio
1025 4517 1298 4580 scribens.
1357 4516 1502 4572 ﬁlios
1566 4512 1627 4572 se
1677 4517 1938 4589 genuisse
1990 4527 2037 4573 et

2147 4517 2306 4582 ὄντας
2343 4518 2392 4571 οἱ
2441 4519 2512 4574 ἐκ
2545 4517 2657 4588 τῆς
2701 4516 3098 4588 Ἰερουσαλὴμ
3145 4517 3383 4583 ἐξιόντες
3428 4517 3702 4571 θεάσονται.

452 4609 730 4664 exaltasse
758 4609 834 4675 ⁸⁸,
883 4623 914 4662 a
947 4609 1151 4679 quibus
1207 4608 1449 4679 seipsum
1507 4608 1717 4679 despici
1781 4609 2035 4681 contigit,

453 4699 779 4757 aﬂirmavit?
805 4717 946 4773 quos
985 4701 1145 4774 longe
1176 4717 1206 4756 a
1245 4716 1306 4757 se
1351 4709 1618 4766 remotos,
1658 4701 1751 4772 qui
1783 4701 1850 4758 de
1877 4701 2040 4757 Jeru-

452 4794 620 4848 salem
650 4794 850 4850 exituri
905 4803 1056 4861 sunt,
1086 4793 1373 4861 videbunt,
1404 4802 1459 4850 et
1484 4795 1580 4866 qui
1625 4794 1692 4851 ad
1741 4811 1874 4852 suas
1921 4796 2041 4852 sin-

453 4888 567 4956 guli
601 4889 921 4945 mansiones
955 4894 1328 4944 revertentur.
1378 4886 1667 4960 Signiﬁcat
1707 4903 1875 4959 porro
1925 4905 2040 4945 ver-

454 4980 555 5034 mis
609 4981 997 5051 appellatione,
1048 4981 1332 5038 assiduam
1387 4995 1602 5046 eorum,
1653 4996 1776 5052 quae
1837 4981 2043 5052 singuli

455 5072 828 5142 peccavimus,
855 5074 911 5129 in
944 5073 1266 5145 paenitendo
1304 5072 1741 5140 conscientiam;
1772 5087 1894 5143 quae
1920 5079 2044 5127 tan-

456 5173 637 5250 torum
697 5165 969 5223 bonorum
1003 5169 1316 5239 privatione
1389 5168 1636 5222 animam
1690 5166 2041 5232 remordens,

454 5273 684 5314 suorum
742 5277 936 5318 omnes
1009 5264 1282 5318 scelerum
1341 5261 1734 5317 recordatione
1791 5268 2041 5317 accuset.

457 5347 646 5404 Ftlcrit
674 5350 872 5408 deinde
904 5353 1039 5423 ignis
1089 5354 1208 5425 ipse
1243 5353 1716 5424 inexslinguibilis,
1754 5353 1849 5422 qui
1896 5367 2042 5406 sem-

526 5465 574 5498 ⁹⁰
611 5463 654 5518 ιι
680 5465 807 5521 Cor.
838 5482 912 5532 tv,
966 5468 1050 5522 18.
1155 5469 1197 5500 ⁹¹
1237 5468 1398 5524 llehr.
1433 5484 1487 5534 x,
1518 5469 1567 5524 l.

461 5534 508 5564 ”‘
545 5537 708 5592 Hebr.
743 5553 842 5603 xu,
875 5538 967 5592 22.
1045 5539 1090 5570 ⁸⁸
1130 5539 1229 5594 lsa.
1267 5555 1322 5603 ι,
1368 5539 1421 5591 2.

1669 5467 1716 5498 θ’
1748 5465 1892 5522 Psal.
1943 5483 2127 5530 LXXVI,
2163 5465 2216 5521 6.

2145 4609 2238 4663 καὶ
2270 4608 2365 4662 ἐπὶ
2382 4611 2480 4673 τὰς
2504 4608 2711 4674 οἰκείας
2747 4611 2916 4680 μονὰς
2953 4607 3313 4680 ἐπανήξουσι.
3350 4606 3626 4674 Σκώληκα
3655 4599 3700 4651 δέ

2144 4717 2312 4772 φησιν
2342 4701 2706 4774 ἀτελεύτητον
2745 4702 2842 4775 τὴν
2877 4705 2936 4758 ἐν
2988 4705 3068 4776 τῷ
3110 4706 3394 4775 μετανοεῖν
3435 4699 3537 4753 τῶν
3576 4693 3701 4746 ἔδίων

2148 4795 2562 4867 ἁμαρτημάτων
2609 4797 2937 4868 συνείδησιν,
2979 4801 3039 4853 ἐν
3088 4797 3169 4869 τῷ
3215 4795 3472 4850 τοιούτων
3508 4783 3701 4857 ἀγαθῶν

2146 4887 2476 4960 ἐστερῆσθαι
2518 4887 2868 4960 δακνομένων
2906 4890 2995 4944 ἀεὶ
3022 4889 3122 4962 τὴν
3147 4889 3350 4960 ψυχὴν,
3374 4885 3464 4940 καὶ
3492 4891 3698 4946 κατηγο⁴

2155 4983 2395 5054 ρούντων
2443 4981 2655 5036 ἐαυτῶν
2709 4983 2803 5036 ἐπὶ
2854 4986 2922 5055 τῇ
2969 4984 3229 5057 φθασάσῃ
3277 4980 3464 5050 κακίᾳ.
3505 4971 3618 5039 Πῦρ
3651 4965 3697 5018 δὲ

2151 5075 2478 5140 ἄσϐεστον,
2508 5075 2568 5129 τὺ
2591 5075 2757 5148 ῥηθὲν
2779 5076 2885 5130 ὑπὸ
2905 5075 3000 5129 τοῦ
3024 5077 3298 5148 Σωτῆρος,
3323 5073 3548 5129 αἰώνιον,
3575 5065 3695 5134 ἡτοι-

2155 5167 2450 5238 μασμένων
2477 5177 2500 5206 ο
2523 5166 2599 5237 τῷ
2627 5167 2856 5238 διαϐόλῳ
2878 5182 2892 5197 ο
2920 5167 3102 5238 σαρκὶ
3129 5167 3187 5221 δὲ
3213 5169 3302 5233 εὶς
3327 5166 3529 5235 ὅρασιν
3547 5154 3694 5209 ἔσον-

2150 5277 2247 5316 ται
2294 5262 2360 5332 τῇ
2393 5263 2468 5332 μὴ
2496 5259 2859 5334 κολαζομένη,
2899 5261 3032 5330 περὶ
3074 5257 3144 5332 ἧς
3187 5259 3291 5331 εφη
3315 5275 3328 5288 ·
3369 5255 3515 5319 Ἥξει
3552 5243 3692 5334 πᾶσα

2150 5353 2308 5422 σάρξ
2359 5353 2464 5406 τοῦ
2511 5333 2939 5422 προσκυνῆσαι
2977 5351 3239 5407 ἐνώπιόν
3265 5369 3403 5422 μου.
3437 5345 3501 5399 Ἢ
3519 5339 3574 5394 τὺ
3599 5333 3689 5388 τῶν

2354 5468 2398 5498 ³³
2433 5466 2536 5520 lsa.
2569 5482 2662 5531 LII,
2712 5465 2816 5534 l0;
2862 5465 2998 5524 Luc.
3032 5480 3114 5531 ll),
3156 5465 3208 5520 6.
3317 5465 3364 5496 "
3389 5459 3495 5517 Joel
3525 5472 3586 5518 II.
3611 5449 3683 5501 93-

1772 5633 2003 5688 VABL‘E
2052 5633 2457 5690 LECTIO‘NES.

531 5724 557 5765 ι’
585 5742 674 5796 γρ.
706 5727 944 5798 οὐρανοί.
1025 5737 1047 5767 ε
1119 5729 1206 5782 ἵσ.
1246 5727 1338 5798 ἔτη
1367 5727 1434 5781 τὰ
1464 5730 1597 5782 ἐκεῖ.
1667 5728 1691 5766 ἀ
1725 5747 1813 5797 γρ.
1847 5728 2000 5782 ὅπου.

2139 5747 2230 5799 Π).
2261 5730 2687 5802 ἡτοιμασμένον.
