3978 6424
330 301 468 367 2717

1777 317 2182 379 EPISTOL/E.

3459 321 3602 388 2718

326 416 707 488 κολαζομένων
753 418 966 487 ὄψεται
1017 420 1171 486 τέλος
1211 423 1350 495 αὐτὴ
1379 423 1488 478 τῶν
1523 426 1746 494 ἀγαθῶν
1779 431 1919 482 ἀπο-

2045 431 2276 485 litemus
2303 444 2332 483 a
2361 427 2647 485 Salvatore
2678 441 3034 502 nuncupatus
3065 433 3287 488 diabolo
3309 433 3606 506 praeparari

329 508 591 562 λαύουσα.
625 508 782 573 Τινὲς
828 509 886 562 δὲ
913 509 1088 565 ταῦτα
1121 511 1316 581 δηλοῦν
1347 514 1560 583 ἔφασαν
1598 515 1698 580 τὰς
1724 519 1918 571 ἐπενε-

329 600 552 670 χθείσας
592 600 868 666 Ἰουδαίοις
905 603 1194 674 συμφορὰς
1218 606 1321 658 ὑπὸ
1355 607 1452 677 τῆς
1481 606 1770 679 Ῥωμαίων
1802 628 1919 680 χει-

330 694 425 764 ρὸς
461 696 540 758 είς
579 694 794 766 σφαγὴν
818 695 1147 766 δεδομένοις.
1176 697 1242 750 Οἳ
1277 700 1370 752 καὶ
1398 699 1468 752 ἐν
1497 699 1571 768 τῇ
1601 701 1783 769 σαρκὶ
1821 719 1916 772 γε·

324 789 518 856 γόνασι
557 790 759 855 θεατοὶ,
790 793 886 845 καὶ
926 795 1212 865 μονονουχὶ
1235 795 1393 865 δίκην
1426 797 1786 866 ἀτελεύτητον
1818 799 1921 854 πά-

326 883 799 952 σχουσιν,,Ἅλλοι
831 885 888 938 δέ
936 902 1121 952 φασιν,
1153 885 1230 949 ὡς
1265 887 1354 941 διὰ
1389 889 1643 958 χρηστῶν
1677 891 1773 944 καὶ
1825 909 1919 959 φο-

324 973 506 1044 ϐερῶν
529 977 556 1027 ὁ
583 974 716 1038 Θεὸς
739 976 868 1038 τοὺς
913 975 1198 1041 Ἰουδαίους
1225 982 1617 1052 προτρέπεται,
1649 984 1708 1045 ὃς
1733 1001 1797 1052 γε
1828 986 1920 1037 καὶ

322 1063 638 1137 παρουσίαν
681 1067 819 1121 ἰδίαν
854 1070 1385 1137 κατεπαγγέλλεται.
1439 1073 1504 1126 Ἦ
1548 1075 1605 1127 δὲ
1645 1077 1919 1147 παρουσία

319 1159 385 1210 οὐ
404 1157 527 1210 καθ’
552 1157 649 1210 ἕνα
667 1158 874 1228 τρόπον
901 1155 1124 1212 νοεῖται.
1155 1178 1173 1211 ι
1203 1162 1314 1214 Καὶ
1334 1161 1444 1231 γὰρ
1472 1163 1533 1214 οὐ
1559 1161 1633 1233 μὴ
1656 1164 1917 1234 τελέσητε

317 1246 427 1310 τάς
458 1246 643 1309 πόλεις
671 1246 765 1300 τοῦ
808 1249 1048 1319 Ἰσραὴλ,
1081 1247 1186 1313 ἓως
1223 1250 1287 1303 ἂν
1321 1251 1450 1322 ἔλθῃ
1475 1294 1488 1317 ,
1527 1255 1713 1323 φησὶν,
1741 1256 1769 1307 ὁ
1793 1254 1919 1319 Υἱὸς

317 1337 418 1392 τοῦ
449 1337 766 1409 ἀνθρώπου.
799 1357 818 1389 ι
863 1337 1044 1408 Ὀπερ
1089 1336 1244 1392 εἶπεν
1272 1340 1332 1393 οὐ
1360 1343 1532 1412 δήπου
1569 1343 1668 1414 τὴν
1711 1343 1918 1409 ἔνδοξον

315 1430 496 1483 αὑτοῦ
526 1430 833 1502 παρουσίαν
864 1430 1059 1501 δηλῶν,
1091 1431 1192 1503 τὴν
1220 1431 1276 1485 δὲ
1300 1433 1422 1486 κατ’
1449 1434 1731 1506 ἐνέργειαν
1753 1435 1918 1489 αὐτοῦ

315 1523 464 1594 πρὸς
517 1524 715 1588 αὐτοὺς
765 1523 1135 1596 ὲπιφοίτησιν,
1183 1524 1259 1588 ὡς
1315 1527 1409 1578 καὶ
1456 1526 1551 1580 νῦν
1591 1527 1692 1599 τὴν
1739 1529 1919 1583 αὐτῶν

2023 517 2226 573 dicitur
2247 519 2314 572 ’⁷.
2356 517 2532 573 Erunt
2566 520 2692 573 item
2737 521 2792 574 in
2844 531 3185 591 conspectum
3236 525 3381 578 omni
3421 525 3606 588 carni,

2022 623 2326 678 quamnon
2363 608 2478 678 ipsa
2509 608 2741 678 attinget
2775 610 2933 673 ultio,
2961 611 3030 666 de
3061 628 3168 680 qua
3223 613 3386 678 dixit,
3425 612 3607 668 Veniet

2024 701 2193 754 omnis
2218 716 2363 763 curo,
2396 698 2560 772 764
2589 710 2647 753 ut
2688 701 2874 755 adoret
2898 719 3079 756 coram
3107 721 3188 758 me
3217 721 3235 758 .·
3268 713 3363 758 aut
3395 721 3606 774 eorum,

2023 793 2117 861 qui
2159 792 2479 862 punientur,
2511 793 2672 848 ﬁnem
2709 810 2832 849 esse
2863 797 3102 850 visuram
3140 797 3436 868 signiﬁcat,
3481 816 3606 855 cum

2023 888 2184 962 bonis
2215 888 2328 958 ipsa
2373 889 2635 958 potiatur.
2681 889 2798 944 Non
2833 891 3032 946 desunt
3070 903 3258 946 tamen
3291 893 3485 962 aliqui,
3513 895 3605 963 qui

2025 975 2205 1029 verbis
2245 975 2385 1038 istis,
2437 985 2694 1047 acceptas
2739 994 2768 1032 a
2815 977 3087 1034 Romanis
3126 980 3360 1047 injurias
3399 981 3611 1050 signiti-

2023 1068 2134 1121 cari
2164 1067 2369 1123 Judtcis
2405 1069 2764 1132 arbitrentur,
2826 1088 3059 1141 quorum
3097 1088 3259 1126 manu
3315 1082 3443 1127 sunt
3489 1070 3609 1126 neri

2023 1160 2231 1225 traditi,
2256 1161 2348 1230 qui
2379 1176 2596 1216 rursum
2623 1163 2674 1215 in
2708 1180 2866 1216 carne
2905 1165 3240 1233 spectabiles
3266 1164 3467 1230 effecti,
3493 1180 3612 1234 pm—

2023 1267 2124 1306 nas
2180 1253 2344 1307 etiam
2397 1253 2514 1308 fere
2575 1263 2870 1323 perpetuas
2929 1256 3237 1324 patiuntur.
3315 1255 3420 1310 Alii
3481 1269 3614 1309 vero

2025 1345 2218 1412 Deum,
2273 1355 2533 1416 tanquam
2585 1361 2768 1400 rerum
2815 1346 3031 1400 utilium
3081 1356 3135 1400 et
3192 1348 3612 1401 metuendarum

2023 1435 2534 1502 demonstratione,
2589 1435 2810 1493 Judaeos
2869 1448 3066 1507 putant
3134 1438 3460 1504 adhortari,
3519 1438 3613 1505 qui

2023 1543 2184 1582 suum
2210 1528 2374 1582 etiam
2402 1528 2698 1583 adventum
2729 1527 3044 1592 denuntiet,
3078 1529 3174 1584 sed
3210 1544 3318 1583 non
3343 1545 3454 1582 uno
3484 1543 3610 1582 eum

315 1615 614 1684 ἐπίσκεψιν
641 1614 988 1687 ὑπεδήλωσεν
1013 1617 1093 1678 εἰς
1116 1615 1285 1686 ἡμᾶς,
1312 1615 1506 1685 λέγων,
1538 1617 1614 1682 ὡς
1669 1619 1926 1673 ἐπισυν-

2049 1635 2201 1689 psum
2241 1619 2404 1674 modo
2437 1620 2693 1690 intelligi.
2730 1639 2747 1672 ι
2772 1617 2891 1673 Non
2929 1621 3099 1684 enim,
3137 1622 3338 1690 inquit,
3361 1620 3616 1674 civitates

315 1705 459 1770 ἄξει
503 1706 702 1770 αὐτοὺς
736 1707 802 1759 ὲκ
843 1706 1063 1760 πάντων
1096 1704 1214 1759 τῶν
1245 1707 1457 1774 ἐθνῶν,
1498 1710 1578 1771 εἰς
1621 1708 1657 1763 ἃ.
1689 1709 1920 1764 διασπα-

2048 1713 2188 1768 srael
2221 1711 2593 1776 confeceritis,
2629 1713 2804 1768 donec
2829 1713 3009 1768 veniat
3036 1711 3206 1769 Filius
3232 1711 3559 1775 hominis",
3592 1730 3609 1760 ι

318 1797 517 1868 ρὲντες
550 1799 648 1862 τὰς
671 1782 897 1851 ἐκείνων
929 1797 1182 1868 γλώσσας
1212 1797 1499 1870 ἐξέμαθον,
1530 1799 1919 1870 ἀθετησάντων

2045 1804 2170 1875 [uod
2198 1811 2284 1860 est
2316 1805 2384 1859 ah
2441 1819 2506 1859 eo
2541 1813 2892 1874 usurpatum,
2940 1820 3050 1859 non
3103 1803 3348 1874 quidem,
3396 1812 3458 1856 ut
3492 1803 3614 1872 glo-

315 1891 379 1945 δὲ
439 1892 622 1946 αὐτῶν
681 1892 920 1964 Χριστὸς
986 1891 1058 1946 τὰ
1116 1892 1260 1961 ἔθνη
1320 1893 1697 1964 συνήγαγεν,
1756 1893 1920 1966 οἵπερ

2045 1898 2233 1952 ’ἱοειιιιι
2260 1897 2581 1962 adventum,
2623 1897 2717 1952 sed
2758 1905 2817 1951 ut
2849 1895 3045 1951 etl'ectu
3084 1911 3246 1953 suum
3281 1895 3345 1950 ad
3384 1910 3482 1950 eos
3525 1909 3616 1948 ac-

321 1985 557 2054 ἥξουσι
619 1987 750 2048 τοὺς
815 1987 1156 2050 καλέσαντας
1213 1987 1411 2050 αὐτοὺς
1470 1987 1808 2051 ἀποστόλους
1852 1991 1920 2058 τῇ

2045 2003 2245 2044 :essum
2274 1988 2704 2054 demonstraret,
2739 1997 2798 2041 ut
2836 1996 2891 2043 et
2925 1989 3030 2042 hoc
3081 1988 3202 2042 loco
3237 2002 3396 2042 suam
3432 1987 3488 2038 in
3522 1999 3618 2039 eos

323 2077 523 2148 μνήμῃ
555 2077 836 2147 φέροντες,
871 2078 967 2130 καὶ
997 2076 1238 2148 ζηλωταὶ
1269 2077 1476 2131 τούτων
1502 2081 1798 2150 γινόμενοι.
1822 2071 1922 2132 Ὧν

2045 2079 2456 2149 )ropeusionem
2510 2089 2564 2133 et
2615 2094 2830 2144 curam,
2877 2095 2943 2133 eo
2994 2081 3134 2148 ipso,
3189 2077 3335 2148 quod
3397 2075 3523 2129 illos
3552 2089 3618 2130 ex

319 2169 428 2238 τὴν
458 2169 727 2239 εὐθυμίαν
748 2168 837 2222 διὰ
861 2168 968 2222 τῶν
997 2169 1292 2240 ὀχημάτων
1322 2170 1492 2240 δηλοῖ,
1517 2171 1639 2242 ἥτις
1669 2170 1924 2242 ἐδηλοῦτο

2045 2161 2571 2240 πεηίἱὺιιεόιηηὶὺυε,
2599 2169 2655 2223 in
2711 2185 2849 2239 quas
2875 2169 3111 2238 dispersi
3165 2169 3386 2239 linguas
3425 2179 3616 2220 eorum

325 2259 568 2332 πρώτως
601 2261 689 2315 διὰ
714 2259 810 2314 τοῦ
846 2261 1104 2332 εὐνούχου
1141 2259 1387 2334 [lateret].

2045 2262 2369 2326 lidicerunt,
2399 2270 2840 2331 congregatarum
2866 2275 2926 2314 se
2964 2258 3259 2330 signiﬁcat.
3293 2257 3450 2323 Quod
3491 2273 3615 2311 cum

327 2370 430 2410 eos
485 2357 774 2426 aspernari
822 2356 1168 2427 contigisset,
1223 2364 1353 2411 sunt
1388 2371 1418 2408 a
1478 2357 1699 2412 Christo
1743 2367 1919 2428 gentes
1959 2366 2322 2428 congregans,
2364 2372 2487 2426 quae
2547 2365 2602 2410 et
2639 2355 2770 2425 ipsae
2835 2358 3061 2420 venient,
3109 2354 3390 2423 apostolos
3439 2353 3616 2421 ipsos,

329 2465 359 2502 a
395 2448 602 2519 quibus
627 2451 806 2505 vocati
845 2459 1010 2518 sunt,
1054 2451 1109 2505 in
1155 2452 1420 2506 memoria
1453 2453 1741 2518 habentes,
1775 2453 1899 2508 illos
1938 2435 2218 2507 imitantes
2250 2470 2260 2504 :
2331 2467 2566 2521 quarum
2600 2450 2768 2504 animi
2835 2449 3175 2503 alacritatem
3210 2463 3306 2518 per
3367 2446 3621 2502 vehicula

327 2541 541 2610 innuit,
577 2527 702 2614 quae
751 2544 906 2616 prius
939 2543 1357 2615 signiﬁcabatur
1397 2561 1495 2614 per
1529 2546 1792 2600 eunuchi.
1839 2583 1855 2599 .
1898 2586 1913 2602 .

405 2701 456 2734 "
487 2698 676 2756 Matth.
715 2716 844 2763 xxv,
882 2700 974 2754 41.
1011 2701 1058 2733 ⁸⁸
1087 2700 1285 2757 Matth.
1341 2719 1398 2766 χ,
1437 2701 1528 2758 25.

985 3077 2025 3197 ΠΡΟΚΟΠΙΟΥ
2139 3063 2983 3200 ΣΟΦΙΣΤᾸΟΥ

1497 3274 2500 3414 EIIIZTOAAI;

661 3615 1399 3813 PROCOPIl
1518 3611 1928 3813 SQPH

2045 3609 2351 3813 5'UE
2453 3607 3322 3813 ΕΡΙξΈΟΕ

1031 3808 1274 3871 (Primum
1319 3808 1630 3857 editaesunt
1676 3805 1738 3857 ab
1767 3805 1900 3869 Aug.
1946 3804 2093 3866 Muo,
2136 3801 2292 3856 Class.
2347 3806 2546 3853 Auctor.
2601 3809 2636 3853 t.
2693 3803 2776 3864 IV,
2825 3802 2961 3867 202.)

368 2889 3621 2923 mw

1944 3961 2014 3976 —

1869 4049 2210 4104 MONITUM.
2262 4073 2266 4080 ·

424 4157 674 4226 Procopii
705 4153 907 4218 Gazasi,
938 4167 1098 4223 quem
1150 4152 1426 4206 rhetorem
1470 4147 1736 4218 optimum
1770 4148 1895 4202 cod.
1937 4145 2058 4202 160.
2091 4144 2324 4217 appellat
2364 4143 2610 4209 Photins,
2651 4143 2924 4198 luculenta
2961 4151 3141 4198 autem
3175 4141 3422 4196 oratione
3457 4155 3487 4192 a
3541 4138 3642 4192 Fu-

352 4253 529 4311 bricio
560 4250 704 4306 edita
753 4245 1050 4318 discipulus
1083 4244 1250 4313 ipsius
1276 4241 1564 4298 Choricius
1590 4239 1912 4306 dilaudavit,
1945 4240 2227 4310 sexaginta
2251 4237 2380 4293 olim
2408 4236 2628 4293 Graecas
2654 4236 2917 4307 epistolas
2936 4236 3104 4292 Aldus
3137 4237 3190 4290 in
3223 4235 3397 4289 lucem
3425 4232 3640 4294 extulit,

354 4361 535 4417 neque
561 4345 744 4414 plures
777 4343 834 4398 in
859 4339 1322 4410 consequentibus
1357 4337 1689 4392 editionibus
1711 4346 2096 4407 apparuerunt.
2129 4334 2342 4402 Reapse
2369 4343 2426 4390 et
2465 4334 2758 4392 Vaticanus
2794 4336 2985 4391 Suecse
3010 4335 3208 4404 reginae
3233 4333 3402 4386 codex
3431 4347 3484 4384 η.
3517 4329 3641 4385 159.

357 4449 716 4513 praenotatos,
746 4436 1032 4506 sexaginta
1063 4435 1185 4491 illas
1217 4435 1283 4490 ad
1311 4434 1571 4490 amussim
1595 4434 1860 4498 continet,
1884 4433 2104 4504 insuper
2127 4433 2349 4489 nullam.
2391 4431 2496 4488 Sed
2525 4445 2654 4486 ecce
2681 4430 2817 4484 alius
2834 4427 3130 4483 Vaticanus
3149 4428 3313 4481 codex
3343 4425 3466 4484 506,
3498 4427 3647 4494 regio

360 4535 660 4606 antiquior,
724 4533 1100 4604 bombycinus,
1153 4531 1415 4600 majorem
1470 4530 1604 4586 adeo
1639 4529 1818 4585 Gazmi
1845 4520 2101 4600 Procopii
2130 4528 2483 4600 epistolarum
2522 4541 2807 4582 numer-um
2865 4524 3104 4590 exhibet,
3181 4529 3242 4577 ut
3276 4521 3396 4591 plus
3427 4527 3644 4574 centum

365 4632 602 4688 ineditos
627 4641 749 4684 esse
773 4623 1143 4697 cognoverim.
1180 4622 1294 4692 Ego
1320 4621 1488 4693 igitur
1519 4637 1626 4676 non
1656 4631 1765 4675 tam
1816 4621 2056 4692 ipsarum
2096 4629 2418 4692 argumento
2451 4618 2776 4682 delectatus,
2806 4617 2950 4686 quod
2983 4616 3037 4670 in
3079 4613 3367 4670 levioribus
3410 4610 3648 4681 plerum-

367 4741 478 4798 que
501 4726 686 4789 rebus,
745 4728 806 4777 ut
860 4719 1202 4775 abundantes
1246 4718 1360 4773 otio
1406 4717 1578 4774 Graeci
1631 4716 1829 4784 solent,
1867 4724 2140 4785 versatur,
2184 4731 2347 4785 quam
2379 4715 2580 4770 eximia
2609 4713 2736 4786 styli
2771 4722 3056 4768 venustate
3081 4719 3295 4780 captus,
3327 4717 3383 4762 et
3411 4707 3649 4762 auctoris

365 4820 534 4876 etiam
562 4816 704 4871 fama
735 4823 790 4870 et
817 4812 1143 4883 antiquitate
1175 4819 1504 4875 commotus,
1532 4819 1796 4881 quotquot
1834 4819 1991 4866 erant
2022 4809 2312 4878 incognita:
2318 4829 2334 4874 ;
2370 4807 2672 4878 vulgandas
2705 4805 2918 4874 suscepi
2954 4823 2968 4859 :
3011 4803 3222 4867 Graece,
3252 4801 3498 4870 inquam,
3539 4812 3649 4853 non

366 4913 594 4978 Latine;
628 4909 891 4983 quoniam
928 4906 1047 4962 laus
1075 4919 1267 4960 earum
1315 4904 1440 4974 styli
1482 4903 1684 4974 potius,
1712 4909 1771 4959 ut
1791 4902 1922 4969 dixi,
1962 4901 2159 4956 merito
2183 4915 2344 4971 quam
2385 4900 2654 4972 gravitate
2689 4898 2931 4954 materia:
2961 4897 3167 4952 nititur.

1991 5040 2060 5054 u—

925 5133 1006 5186 A'.
1030 5129 1426 5212 insomne.
1991 5143 2037 5207 ρ
2607 5123 2648 5175 ι.
2687 5113 3126 5212 lllERONYMQ.

453 5231 602 5303 Ἐγὼ
631 5232 729 5302 μὲν
763 5227 924 5301 ᾤμην
960 5243 1021 5278 σε
1052 5225 1143 5277 τὸν
1191 5221 1386 5276 Νεῖλον
1431 5220 1598 5274 πάλαι
1644 5218 1970 5290 κατειληφὲ-

371 5343 500 5384 ναι·
533 5325 628 5381 καὶ
660 5323 927 5383 πολλάκις
975 5319 1054 5382 εἰς
1093 5317 1314 5388 μνήμην
1360 5314 1675 5384 λαμϐάνων,
1709 5312 1870 5364 τοῦτο
1899 5310 1966 5382 δὴ

370 5423 437 5475 τὸ
451 5416 642 5481 εἰωθὸς
665 5415 809 5486 ἐμοὶ,
829 5413 916 5476 Ὠς
931 5409 1272 5478 εὐδαίμονες,
1289 5406 1496 5476 ἔλεγον,
1515 5405 1627 5468 τοῖς
1645 5402 1969 5472 Αἰγυπτίοις

372 5516 425 5568 oi.
445 5510 660 5575 παῖδες,
683 5506 852 5561 πάλαι
888 5504 988 5574 μὲν
1011 5503 1103 5556 τὸν
1126 5500 1322 5555 Νεῖλον
1348 5498 1566 5568 ἔχοντες
1592 5496 1826 5567 χορηγὸν
1857 5495 1966 5548 τῶν

371 5607 475 5660 ὅσα
505 5602 693 5674 φέρειν
724 5595 864 5653 οἶδεν
892 5598 1098 5659 ἐκεῖνος
1120 5612 1134 5626 ο
1159 5593 1277 5648 νυνὶ
1307 5592 1363 5644 δὲ
1390 5590 1483 5644 καὶ
1511 5588 1609 5659 τὴν
1644 5588 1743 5660 σὴν
1761 5588 1966 5659 μοῦσαν

376 5692 768 5767 προειληφότες
815 5689 970 5744 οὐδὲν
1025 5685 1356 5758 ἀτιμοτέραν
1410 5681 1518 5736 τοῦ’
1563 5680 1796 5747 Νείλου,
1832 5681 1964 5751 παρ’

378 5789 502 5860 ἐμοὶ
533 5787 588 5840 δὲ
623 5787 783 5858 κριτῇ
823 5783 964 5854 τάχα
1001 5781 1089 5836 καὶ
1121 5779 1310 5850 μείζω.
1355 5777 1413 5831 '0
1458 5775 1555 5844 μὲν
1603 5773 1712 5845 γὰρ
1738 5774 1834 5844 τὴν
1857 5773 1965 5844 χώ-

2142 5219 2315 5274 Ratus
2351 5217 2603 5286 equidem
2644 5227 2696 5268 te
2729 5214 2794 5268 ad
2825 5211 3005 5266 Nilqu
3056 5209 3384 5281 jampridem
3415 5223 3654 5264 commo-

2073 5312 2204 5379 rari,
2230 5310 2430 5380 sapius
2462 5308 2592 5362 mihi
2627 5307 2678 5361 in
2701 5305 3043 5368 memoriam,
3073 5303 3216 5374 quod
3248 5301 3376 5356 mihi
3407 5300 3655 5366 solitum,

2071 5401 2396 5459 revocabam
2465 5413 2626 5470 quam
2689 5397 2876 5452 felices
2932 5396 3086 5461 olim,
3149 5395 3290 5464 apud
3347 5391 3654 5464 Egyptios.

2070 5494 2222 5564 pueri
2252 5493 2625 5562 loquerentur,
2670 5489 2868 5559 quibus
2892 5489 3050 5543 Nilus
3082 5487 3204 5542 fons
3241 5493 3363 5542 erat
3410 5486 3650 5540 omnium

2069 5605 2190 5660 qum
2224 5587 2377 5644 novit
2413 5586 2502 5642 ille
2562 5582 2775 5655 largiri,
2809 5591 2864 5637 et
2900 5595 3062 5651 quam
3116 5595 3262 5639 nunc
3319 5576 3510 5632 felices
3561 5575 3654 5647 qui

2077 5687 2164 5731 tua
2204 5677 2504 5746 gauderent
2529 5688 2682 5729 musa
2708 5687 2828 5742 qua:
2860 5670 2986 5724 Nilo
3019 5683 3124 5723 non
3146 5668 3321 5738 pejor,
3349 5666 3444 5721 sed
3468 5673 3523 5720 et
3543 5663 3655 5718 fors

2075 5786 2171 5828 san
2195 5785 2282 5826 me
2305 5769 2509 5842 judice,
2550 5765 2740 5824 melior
2765 5774 2846 5821 est
2881 5782 2892 5818 :
2925 5762 3013 5820 ille
3036 5761 3179 5818 enim
3213 5755 3653 5829 regionemillam
