3978 6458
412 293 553 366 2ης)
1751 289 2047 350 ΡΗΟΟΟΡ]

2152 288 2387 349 ΒΑΖίΕι
3621 273 3759 373 me

405 408 645 476 irrigans
673 402 899 459 divitem
947 399 1078 454 facit
1113 415 1127 464 ;
1158 407 1220 476 tu
1255 411 1404 458 vero,
1440 403 1530 447 tua
1572 394 1753 461 lingua
1822 396 2008 449 adole—
2038 436 2047 457 Α

2152 412 2214 447 αν
2238 393 2404 447 αὐτοῦ
2436 392 2733 462 ἐπιρρέων,
2764 392 3016 445 πλουτεῖν
3039 389 3378 460 ἐπιτρέπει
3404 403 3419 417 ’
3454 387 3527 439 σὺ
3554 386 3621 440 δὲ
3646 392 3762 444 ταῖς

407 475 683 552 scentium
736 502 951 548 mentes
1019 475 1263 549 movens,
1340 487 1422 540 eis
1487 484 1551 537 ad
1601 483 2001 552 comparandas

2152 486 2214 538 ὒν
2246 487 2385 538 νέων
2422 484 2621 554 ψυχαῖς
2647 486 2747 554 τὴν
2774 483 3022 552 γλῶτταν
3046 480 3369 552 ἐπαφιεὶς,
3397 478 3506 530 ἐπὶ
3527 478 3631 531 τὸν
3660 479 3762 550 τῆς

410 589 662 645 scientiae
700 587 917 641 divitias
962 585 1065 636 dux
1100 580 1269 639 fuisti,
1306 594 1410 632 non
1452 591 1617 631 secus
1651 591 1714 629 ac.
1736 575 1861 627 olim
1891 573 2002 643 Py-

2152 580 2419 648 τιστήμης
2453 577 2684 630 πλοῦτον
2737 576 2958 640 ἰθύνεις,
2999 577 3162 630 οὐδὲν
3220 572 3543 643 ἔλαττονῆ
3600 572 3763 627 πάλαι

415 684 673 752 thagoras
729 681 869 748 apud
934 675 1054 729 illos
1108 672 1512 741 peregrinatus,
1555 678 1652 722 aut
1696 668 1860 722 etiam
1919 666 2008 721 ille

2162 672 2438 741 υθαγόρας
2462 671 2646 733 αὐτοῖς
2670 668 2975 740 ἐπιδημῶν,
3013 669 3105 723 καὶ
3150 667 3287 738 μὴν
3310 667 3551 728 ἐκεῖνος
3571 666 3602 717 ὁ
3625 664 3764 720 [1λά-

414 775 590 828 I‘lato.
625 771 750 824 Haec
775 771 914 838 apud
948 783 1033 822 me
1068 765 1372 826 volvebant,
1400 770 1454 815 tu
1498 775 1759 824 vero,me
1809 758 2006 820 inscio,

2152 781 2239 816 ων.
2269 762 2452 815 Ταῦτα
2505 762 2606 832 μὲν
2659 756 2752 814 οὖν
2789 761 3151 830 ἐλογιζόμην⁸
3206 761 3286 813 σὺ
3332 757 3401 811 δὲ
3443 759 3513 811 οὐ
3548 763 3766 840 μακρὰν

418 866 562 918 haud
592 862 1016 931 proculaberas,
1068 859 1210 912 sicut
1253 856 1318 907 ab
1365 869 1430 907 co
1479 851 1663 921 accepi
1722 850 1812 919 qui
1858 862 2009 903 tuam

2156 853 2338 923 πέχων
2387 852 2702 917 ἐλάνθανες,
2738 851 2814 914 ὡς
2847 851 2912 922 δὴ
2942 851 3035 904 καὶ
3067 854 3094 905 ὁ
3125 850 3246 921 τὴν
3278 847 3613 918 ἐπιστολὴν
3649 850 3765 903 ἐπι-

419 954 553 1006 mihi
618 951 849 1005 reddidit
891 948 1203 1018 epistolam.
1239 945 1475 999 Primum
1512 944 1760 1013 quidem,
1810 941 2008 997 obstu-

2152 944 2257 1009 οὺς,
2289 945 2349 997 τὸ
2377 946 2590 1015 πρῶτον
2618 944 2914 1014 Θαυμάζων
2946 944 3176 1015 ἀπάτην
3212 940 3510 1011 ἡγούμην
3536 942 3603 993 τὸ
3633 944 3769 1013 πρᾶ-

419 1045 687 1113 pefartus,
720 1060 832 1097 rem
870 1043 1054 1096 censui
1082 1056 1203 1095 esse
1256 1053 1450 1093 vanam
1498 1036 1811 1105 imaginem,
1839 1048 2015 1104 neque

2159 1054 2255 1106 μα,
2289 1038 2383 1090 καὶ
2413 1039 2513 1090 οὐκ
2545 1037 2846 1107 ἐπειθόμην
2887 1039 3001 1099 τοῖς
3036 1035 3419 1104 ὀφθαλμοίς’
3455 1033 3539 1093 ὡς
3572 1034 3634 1087 δὲ
3664 1039 3771 1101 τοῖς

424 1137 559 1189 meis
579 1135 750 1189 oculis
784 1133 941 1185 ﬁdem
969 1132 1166 1196 habui;
1196 1130 1286 1182 sed
1310 1137 1658 1197 posteaquam
1680 1125 1875 1179 litteris
1893 1140 2016 1194 per-

2152 1129 2595 1200 γγεγραμμένοις
2642 1127 2883 1199 ἐντυχὼν
2931 1127 3209 1199 ἐπείσθην
3267 1126 3357 1197 μὴ
3389 1123 3468 1180 ἂν
3496 1126 3767 1196 ὑπάρχειν

427 1230 608 1292 lectis,
636 1227 837 1280 certior
862 1224 935 1277 fui
959 1223 1137 1277 factus
1171 1221 1369 1275 nullius
1402 1218 1759 1273 alteriusillos
1788 1231 1907 1271 esse
1938 1216 2016 1270 le-

2152 1219 2282 1271 ;i.).ou
2316 1219 2417 1282 τὰς
2463 1219 2713 1289 χάριτας,
2751 1218 2925 1290 ἥσθην
2948 1219 3066 1283 πῶς
3116 1220 3378 1281 δοκεῖςς
3422 1217 3773 1288 Ἐγγυτέρας

423 1327 878 1391 pores,quantuut
917 1313 1444 1377 fuerimdeleetatus,
1483 1310 1745 1378 c0gitas?
1789 1307 2020 1377 Propius

2152 1311 2229 1381 ’ἀρ
2284 1311 2456 1374 αὐτὲις
2508 1310 2630 1381 ἐμοὶ
2682 1311 2781 1374 τὰς
2812 1312 2905 1364 τοῦ
2964 1329 3024 1365 σε
3071 1313 3261 1367 πάλιν
3317 1309 3467 1363 ἰδεῖν
3512 1309 3769 1380 ἡγούμην

426 1414 570 1466 cnim
602 1411 743 1464 illam
778 1408 905 1462 mihi
951 1408 1145 1461 adesse
1178 1419 1328 1475 spem
1375 1413 1426 1459 te
1472 1404 1668 1457 iterum
1698 1400 2021 1456 videndiar-

2155 1400 2350 1463 λπίδας
2376 1416 2389 1428 ·
2431 1401 2527 1454 καὶ
2580 1401 2899 1471 συνέχαιρον
2937 1402 3172 1463 εἰκότως
3230 1403 3291 1453 εί
3324 1398 3439 1470 τὴν
3488 1400 3769 1467 πατρίδα,

430 1504 661 1558 bitratus
704 1517 846 1557 sum.
905 1499 1104 1553 Patria:
1150 1511 1364 1565 quoque
1417 1510 1534 1549 sum
1592 1492 1914 1558 collretatus,
1964 1500 2022 1547 ut

2152 1493 2376 1564 ζηλωτὴν
2409 1490 2543 1561 γοῦν
2591 1492 2785 1565 μικρὸν
2834 1492 3118 1564 ἀπέφηνας
3178 1492 3428 1564 χρόνον.
3484 1491 3563 1544 Σὺ
3587 1490 3646 1544 δέ
3685 1510 3769 1562 μοι

432 1610 529 1663 par
586 1604 726 1648 erat.
770 1591 1058 1660 Paulisper
1112 1591 1277 1658 igitur
1312 1599 1364 1643 te
1419 1587 1663 1641 invidum
1716 1584 2018 1655 pratbuisti-

2152 1590 2303 1654 ῑοκεῖς
2339 1587 2554 1652 παίζων
2593 1589 2777 1650 αὐτοῖς
2805 1588 3169 1657 κατηγορεῖνο
3216 1588 3317 1638 ὅτι
3368 1582 3483 1654 μὲν
3525 1584 3643 1654 γὰρ
3683 1585 3772 1637 τὸν

425 1686 544 1742 Joci
579 1686 753 1755 gratia
793 1684 1148 1738 mihivideris
1175 1681 1478 1743 criminari,
1504 1679 1645 1749 quod
1698 1692 1893 1746 nempe
1934 1691 2028 1731 su-

2152 1683 2274 1751 insp
2309 1682 2555 1752 κεφαλῆς
2592 1683 2732 1752 ἀέρα
2764 1675 2876 1735 οἷον
2908 1679 3043 1749 ἔφης
3070 1675 3223 1733 εἶναι
3276 1677 3637 1748 συμϐαίνειο
3680 1680 3769 1731 καὶ

437 1795 535 1849 pra
566 1752 993 1847 capulimminet
1013 1778 1055 1831 is
1085 1791 1182 1830 aer
1212 1774 1429 1843 qualem
1448 1773 1686 1836 dicebas,
1722 1771 1867 1842 quod
1888 1786 2024 1841 quo-

2152 1775 2201 1836 ὸς
2225 1774 2288 1827 τὸ
2323 1774 2469 1846 ὕδωρ
2499 1774 2627 1837 τοὺς
2663 1773 2919 1836 πίνοντας
2961 1774 3041 1835 είς
3083 1772 3338 1841 μνήμην
3376 1769 3533 1851 ἆγεικ
3573 1767 3769 1822 θαλάτ-

432 1888 537 1943 que
575 1888 713 1940 aqua
766 1870 1077 1925 bibentibus
1115 1870 1165 1922 in
1198 1868 1517 1922 memoriam
1572 1879 1725 1919 mare
1777 1870 2018 1927 revocat,

2152 1882 2258 1936 της·
2286 1867 2380 1920 καὶ
2406 1866 2569 1938 ἄρτος
2602 1866 2733 1937 ἡμῖν
2753 1868 2819 1919 ἐκ
2839 1863 3034 1936 κριθῆς
3061 1866 3192 1933 είκῆ
3232 1860 3636 1932 μεμιγμένος,
3667 1861 3766 1913 οὐκ

434 1974 487 2020 et
517 1964 658 2034 quod
685 1962 838 2030 panis
868 1977 934 2015 ex
992 1960 1197 2013 hordeo
1245 1958 1400 2012 nobis
1453 1966 1659 2011 temere
1710 1953 2019 2009 miscetur:

2152 1961 2196 2011 ιν
2243 1959 2576 2029 ἀρνηθείηνσ
2616 1957 2750 2011 ἀλλά
2807 1958 2900 2009 καὶ
2936 1955 3156 2008 ἔλαττον
3215 1950 3642 2023 ὲτραγῴδηταί
3689 1968 3769 2004 σοι

436 2072 541 2109 non
563 2054 845 2107 inﬁciabar
875 2069 889 2117 ;
915 2063 963 2106 at
984 2053 1214 2105 etiamet
1238 2065 1267 2103 a
1301 2061 1351 2104 te
1377 2048 1657 2103 remissius
1688 2046 2025 2101 aeerbaban-

2152 2047 2309 2101 ςαῦτα
2355 2048 2652 2117 φειδοῖγτῆς
2683 2047 2974 2118 πατρίδος’
3010 2045 3121 2099 ἀλλ’
3154 2046 3356 2115 ὅμως,
3408 2036 3460 2095 ὦ
3492 2041 3761 2112 βέλτιστε,

440 2155 527 2198 tur
556 2144 622 2198 ad
673 2144 859 2215 patriae
891 2142 1219 2210 parcendum
1251 2156 1267 2205 ;
1306 2138 1385 2192 illi
1420 2147 1619 2197 tamen,
1681 2132 2023 2201 chdrissime,

2152 2141 2294 2212 ίὰριν
2324 2142 2496 2210 ὲχρῆν
2526 2140 2723 2194 εἰδέναι
2756 2142 2931 2211 ταύτῃ
2959 2141 3097 2210 πρὸς
3120 2139 3486 2206 φιλοσοφίαν
3519 2137 3769 2209 ἀσκοὺση

439 2234 674 2303 gratiam
715 2246 765 2286 te
799 2232 1087 2302 oportebat
1110 2231 1372 2296 tribuere,
1407 2229 1607 2298 quippe
1633 2243 1756 2297 quae
1806 2230 1875 2281 ad
1906 2228 2028 2297 phi-

2152 2234 2232 2303 ςὴν
2253 2232 2501 2304 γνώμην,
2537 2234 2685 2297 ὅπως
2705 2234 2767 2286 3w
2790 2234 2990 2301 εἰδείης
3015 2233 3146 2286 ποτὲ
3166 2231 3413 2303 τρυφῆς
3444 2232 3763 2299 Αἰγυπτίας

439 2322 741 2389 lnsophiam
786 2321 856 2372 ita
915 2329 1062 2372 tuam
1130 2329 1365 2371 mentem
1401 2318 1733 2383 exercuerit,
1790 2316 2029 2371 utmodo

2152 2326 2451 2396 Βπερορᾷν·
2496 2326 2756 2378 Ὀδυσσέα
2784 2327 2839 2378 δὲ
2888 2326 2979 2378 τὸν
3012 2326 3181 2394 σοφὸν
3247 2325 3433 2393 νῆσον
3502 2324 3765 2377 οἰκοῦντα

440 2413 616 2482 possis
648 2410 863 2480 Egypti
906 2410 1129 2463 delicias
1162 2408 1466 2477 aspernari.
1504 2407 1760 2476 Recogita
1802 2408 2024 2477 sapien-

2152 2414 2343 2485 μικρὸν
2399 2414 2535 2484 ὁμοῦ
2591 2415 2686 2468 καὶ
2719 2418 2981 2483 τραχεῖαν
3006 2430 3020 2443 ⁸
3052 2416 3147 2468 καὶ
3190 2414 3253 2466 τί
3282 2414 3407 2484 γὰρ
3444 2413 3584 2466 ἄλλο
3610 2414 3638 2484 ἦ
3670 2414 3763 2485 τὴν

441 2515 548 2560 tem
570 2504 811 2574 Ulyssem
840 2510 1130 2571 parvaruet
1151 2514 1396 2569 asperam
1416 2499 1710 2554 incoluisse
1748 2500 1982 2554 insulam
2014 2518 2029 2554 :

2152 2504 2364 2574 Ἰθάκην
2378 2505 2497 2557 ἀντὶ
2518 2503 2722 2556 τούτων
2737 2503 2974 2575 ᾑρῆσθαι
2999 2522 3013 2570 ;
3037 2504 3186 2556 Ἀλλ’
3212 2504 3352 2556 οὐδὲ
3372 2505 3761 2575 Σπαρτιάτης,

440 2596 569 2665 quid
622 2596 766 2648 enim
818 2593 962 2647 aliud
1026 2590 1287 2646 lthacam'
1315 2590 1423 2645 illis
1463 2591 1875 2661 praeposuisse?
1925 2590 2034 2646 Sed

448 2702 624 2756 neque
676 2683 978 2754 Spartanus
1008 2684 1319 2752 quisquam,
1351 2693 1411 2735 ut
1431 2698 1533 2752 ego
1561 2682 1776 2751 opinor,
1804 2682 2035 2751 patriam

446 2777 660 2832 vivendi
694 2776 958 2829 rationem
995 2776 1259 2844 cogitans,
1285 2772 1535 2843 Spartam
1569 2784 1858 2843 propterea
1896 2775 2038 2827 vitu-

446 2870 682 2938 peravit.
715 2867 819 2921 Sed
850 2868 996 2921 unde
1025 2868 1091 2920 ad
1110 2865 1472 2920 accusandum
1505 2866 1622 2919 sine
1652 2865 1821 2919 dubio
1853 2864 2029 2920 fueris

451 2964 726 3026 inductus,
779 2961 893 3017 scio
924 2976 937 3014 :
968 2961 1308 3021 divitiarum,
1365 2959 1591 3024 Optime,
1629 2973 1689 3014 es
1732 2972 1940 3024 amans,
1985 2966 2043 3012 et

2136 2590 2319 2665 οἶμαι,
2350 2594 2447 2664 τὴν
2478 2595 2615 2649 οἴκοι
2644 2594 2854 2648 δίαιταν
2888 2595 3104 2661 ἐννοῶν,
3139 2594 3250 2666 τὴν
3275 2595 3561 2666 Σπάρτην
3594 2597 3759 2667 ἐμέμ-

2140 2688 2301 2756 ψατο.
2346 2686 2489 2740 Ἀλλ’
2521 2683 2639 2740 οἶδα
2685 2688 2851 2741 πόθεν
2890 2690 3021 2740 ποτε
3084 2690 3449 2758 κατηγορεῖν
3484 2688 3753 2760 ἐπήρθη,-

2142 2779 2564 2851 φιλοχρημάτως
2585 2781 2750 2850 ἔχεις,
2781 2774 3032 2851 ὧλῴπτεο
3052 2777 3174 2833 εἶτα
3206 2781 3402 2850 βραχύ
3436 2798 3489 2837 τι
3510 2781 3605 2833 τοῦ
3623 2781 3756 2852 λήμ-

2145 2890 2316 2941 ματος
2337 2874 2600 2936 ἀποστάς,
2637 2874 2760 2937 ἰοὺ,
2794 2872 2897 2935 ἰοὺ,
2924 2872 3073 2944 βοᾷς,
3103 2874 3205 2925 καὶ
3222 2874 3323 2924 τὸν
3346 2873 3554 2925 Νεῖλον
3573 2872 3759 2926 πολλὰο

2145 2983 2233 3027 κις
2265 2967 2359 3018 καὶ
2393 2966 2483 3019 τὸν
2509 2964 2718 3018 ἐκεῖθεν
2749 2965 2977 3019 πλοῦτον
3008 2966 3342 3029 ἀνακαλεῖς.
3374 2966 3421 3016 Τ
3424 2965 3556 3018 οὖτό
3578 2966 3635 3018 σέ
3662 2983 3754 3019 που

447 3052 725 3122 paululum
760 3050 1049 3105 deﬁciente
1080 3048 1255 3114 lucro,
1292 3046 1383 3102 Va:
1421 3049 1435 3102 !
1465 3050 1578 3101 var!
1611 3048 1835 3112 clamas,
1870 3054 1925 3102 et
1958 3046 2044 3101 Ni-

2152 3059 2318 3125 ξένον,
2353 3060 2431 3122 ὡς
2471 3059 2635 3125 αὐτὸς
2669 3058 2827 3128 ἔφης,
2864 3058 3166 3121 ⁴πιεῖνκαὶ
3189 3058 3257 3112 τὸ
3297 3060 3468 3129 σῶμα
3503 3058 3600 3110 τοῦ
3629 3059 3753 3109 Χαι-

446 3146 561 3198 lnm
596 3144 825 3213 ejusque
880 3142 1099 3196 divitias
1150 3140 1438 3195 celebras:
1477 3140 1529 3193 id
1588 3149 1638 3194 te
1695 3139 2039 3208 peregrinum

450 3237 601 3299 facit,
631 3247 689 3288 ut
720 3234 859 3289 dicis
884 3234 1022 3299 ipse,
1047 3243 1101 3286 et
1130 3247 1328 3299 corpus
1359 3231 1764 3301 Chcerepltonte
1791 3248 1898 3285 non
1928 3245 2046 3285 rue-

452 3326 555 3381 lius
595 3328 912 3382 habentem.
940 3325 1077 3379 Puto
1138 3335 1318 3379 autem
1356 3334 1406 3379 te
1448 3339 1634 3377 amore
1664 3339 1878 3392 quoque
1916 3339 2047 3380 con-

452 3419 598 3488 jugis
625 3419 797 3472 teneri
826 3432 999 3484 neque
1029 3416 1187 3470 facile
1221 3416 1353 3470 velle
1384 3416 1618 3483 experiri
1667 3432 1829 3485 quam
1891 3432 2046 3471 acer-

450 3512 580 3565 bum
641 3511 714 3564 sit
769 3509 1123 3564 desiderium.
1153 3509 1221 3562 At
1252 3511 1330 3564 sic
1355 3524 1416 3563 ea
1438 3512 1711 3574 eveniant,
1747 3510 2048 3579 Aplirodite

453 3603 646 3657 dilecta
682 3603 775 3657 iet
805 3603 947 3666 vale,
978 3612 1029 3657 et
1064 3604 1269 3657 utinam
1322 3611 1374 3657 te
1424 3602 1571 3657 brevi
1612 3603 1907 3659 liberorum
1948 3617 2046 3671 pa-

456 3706 591 3750 trem
626 3695 867 3750 salutare
891 3694 1052 3749 liceat
1085 3697 1097 3747 !

1105 3786 1168 3840 ll.
1202 3784 1482 3841 PYTlllO.

529 3880 587 3934 Si
617 3880 743 3950 quis
776 3894 861 3934 me
909 3879 1144 3949 primum
1186 3879 1517 3933 conveniens
1552 3891 1585 3932 a
1625 3892 1713 3933 me
1741 3877 2051 3933 sciscitare-

454 3983 543 4029 tur
574 3984 755 4027 utrum
796 3972 912 4043 lyra
940 3973 1011 4026 sit
1050 3972 1181 4026 mihi
1209 3981 1265 4026 et
1289 3972 1356 4026 de
1410 3970 1690 4026 harmonia
1716 3985 2051 4027 sermonem

457 4068 687 4128 taceret,
720 4064 832 4117 cito
860 4077 947 4117 res
975 4077 1198 4131 prorsus
1222 4072 1366 4117 esset
1392 4070 1678 4131 perspecta
1699 4071 1754 4117 et
1777 4076 1900 4116 eum
1932 4075 2053 4116 esse

460 4158 731 4212 musicum
781 4156 1137 4226 intelligerent
1169 4172 1187 4221 ;
1221 4156 1265 4210 si
1315 4165 1497 4210 autem
1525 4156 1592 4211 de
1650 4155 1820 4210 armis
1866 4162 2053 4210 essent

458 4261 768 4313 sermones,
826 4260 1145 4317 pugnasque
1176 4254 1460 4300 enarraret
1506 4254 1565 4308 et
1618 4245 1746 4301 belli
1797 4246 2052 4300 fortunas

459 4340 836 4394 indesinenter
908 4345 1258 4401 memoraret,
1318 4352 1425 4391 non
1483 4352 1617 4406 opus
1665 4347 1834 4402 esset,
1883 4339 2052 4391 credo

2150 3151 2428 3222 ρεφῶντος
2460 3150 2610 3204 οὐδὲν
2654 3152 2996 3223 ἀστειότερον
3040 3150 3211 3221 ἔχειν.
3250 3146 3435 3220 Οἶμαι
3471 3151 3530 3203 δέ
3566 3168 3623 3203 σε
3670 3151 3754 3202 καὶ

2144 3244 2250 3313 τῆς
2296 3245 2515 3313 νύμφης
2562 3243 2845 3313 ἐρωτικῶς
2890 3242 3280 3311 περιέχεσθαι,
3318 3241 3418 3295 καὶ
3464 3239 3753 3312 πειρᾶσθαι

2152 3336 2308 3406 μόλις
2354 3336 2529 3389 ὁπόσα
2570 3336 2741 3397 δεινὸς
2785 3335 2970 3397 πόθος.
3007 3335 3173 3388 Ἀλλά
3219 3336 3452 3403 γένοιτο
3486 3332 3640 3386 ταῦθ’
3667 3330 3753 3385 οὗ·

2149 3442 2276 3490 τως,
2320 3426 2607 3495 Ἀφροδίτη
2662 3425 2825 3496 φίλη·
2875 3425 2970 3478 καὶ
3014 3424 3269 3496 ἕῤῥωσο·
3318 3424 3420 3476 καί
3469 3440 3533 3477 σε
3561 3423 3747 3477 θᾶττον

2149 3522 2504 3592 προσείποιμι
2542 3521 2635 3575 καὶ
2663 3521 2867 3576 παίδων
2897 3522 3128 3593 πατέρα.

2575 3844 2583 3854 ,
2786 3787 2862 3841 B'.
2918 3788 3140 3860 urere.

2223 3879 2293 3931 Εἴ
2311 3877 2405 3948 μοί
2423 3896 2509 3942 τις
2540 3879 2857 3949 προσελθὼν
2901 3880 2961 3933 οὐ
3007 3881 3285 3951 πρότερον
3325 3878 3489 3932 τοῦτο
3523 3878 3740 3945 ποιήσας

2151 3967 2308 4037 ἠξίου
2341 3968 2631 4039 μανθάνειν
2660 3972 2709 4023 εί
2753 3970 2923 4040 λύραν
2964 3972 3167 4041 ἔχοιμι,
3194 3972 3296 4024 καὶ
3324 3970 3459 4040 περὶ
3483 3966 3736 4040 ἁρμονίας

2153 4058 2310 4126 λόγον
2341 4060 2538 4124 ἐποίει,
2566 4061 2785 4124 πάντως
2831 4061 2897 4115 ἂν
2922 4061 3174 4132 ᾐσθόμην
3226 4062 3293 4115 τὸ
3346 4063 3603 4132 πρᾶγμα,
3651 4053 3737 4111 καὶ

2152 4149 2234 4202 ὅτι
2284 4151 2545 4220 μουσικὸς
2593 4145 2748 4214 οὗτος
2795 4150 2956 4213 εὐθὺς
3014 4153 3367 4222 ἠπιστάμην.
3406 4151 3471 4203 Et
3511 4148 3567 4201 δὲ
3615 4144 3732 4212 περὶ

2154 4241 2334 4296 ὅπλων
2364 4238 2508 4313 ἦσαν
2541 4242 2591 4295 οἱ
2638 4242 2806 4311 λόγοι,
2857 4243 2952 4295 καὶ
2985 4243 3163 4313 μάχας
3202 4244 3362 4311 ἔλεγε
3384 4242 3480 4294 καὶ
3509 4237 3729 4305 πολέμου

2154 4332 2320 4403 τύχας
2346 4335 2434 4387 ἀεὶ
2453 4334 2713 4404 διηγεῖτο,
2738 4334 2840 4386 οὐκ
2873 4333 2982 4386 ἔδει
3022 4335 3312 4405 δήπουθεν
3343 4331 3464 4402 Θεῷ
3495 4331 3550 4384 δὲ
3581 4330 3724 4390 ίέναι,

461 4430 629 4484 Deum
664 4429 814 4482 adire
842 4427 908 4481 ad
931 4426 1211 4481 sciendum
1246 4442 1367 4480 eum
1400 4443 1518 4481 esse
1548 4426 1790 4482 militem.
1826 4424 1931 4481 Sed
1985 4427 2047 4481 ad

2158 4427 2253 4479 καὶ
2272 4427 2354 4478 ὅτι
2387 4425 2728 4496 στρατιώτης
2750 4420 2905 4488 οὗτος
2928 4425 3185 4490 ἀκούειν;
3233 4425 3399 4478 Ἀλλὰ
3427 4424 3481 4476 τί
3503 4438 3590 4492 μοι
3620 4417 3728 4490 βού-

460 4520 594 4590 quill
628 4519 781 4574 hate?
805 4515 1039 4572 Prorsus
1059 4518 1172 4586 jam
1207 4517 1552 4583 intellexisti;
1579 4518 1934 4572 nihilominus
1964 4528 2044 4570 ta-

463 4628 586 4667 men
625 4613 800 4667 dicam
833 4625 847 4663 :
885 4611 928 4663 is
964 4610 1094 4685 mihi
1124 4621 1176 4663 tu
1205 4609 1409 4664 videris
1466 4611 1519 4662 in
1556 4624 1665 4679 quo
1697 4626 1864 4664 musae
1893 4610 2049 4664 habi-

462 4713 580 4758 tent
640 4718 878 4773 reapse;
925 4717 1157 4770 quorum
1194 4714 1260 4753 ex
1303 4701 1578 4755 consortio
1634 4702 1844 4755 dulcem
1888 4702 2051 4756 ‘ducis

465 4798 629 4851 vitam
661 4810 836 4866 neque
868 4786 1164 4862 quidquam
1205 4794 1495 4848 demiraris
1541 4806 1738 4862 preter
1780 4793 1968 4857 libros,
1995 4800 2052 4847 et

462 4901 768 4952 sermones,
828 4896 884 4941 et
936 4885 1196 4955 quidquid
1263 4894 1495 4937 mentem
1560 4884 1841 4938 meliorem
1894 4882 2048 4938 facit.

464 4978 594 5033 Mihi
624 4994 691 5032 ex
745 4978 837 5033 illo
871 4988 1111 5047 tempore
1150 4977 1350 5046 hospes
1382 4977 1534 5031 fuisti
1557 4987 1609 5031 et
1636 4993 1848 5032 mecum
1882 4976 2051 5030 iniisti

465 5072 759 5125 amicitiam
789 5072 905 5137 tibi,
939 5081 995 5124 ut
1023 5072 1238 5139 Opinor,
1272 5080 1481 5140 gratam
1517 5087 1534 5136 ;
1567 5070 1660 5124 sed
1701 5072 1905 5125 utinam
1961 5070 2049 5124 illa

414 5175 615 5230 \spes,
653 5176 816 5229 quam
842 5162 895 5215 in
924 5162 1080 5215 nobis
1114 5160 1427 5229 reposuisti,
1454 5170 1505 5214 te
1548 5175 1825 5228 nunquam
1845 5158 2051 5215 fefelle-

470 5254 542 5305 rit
579 5253 595 5305 ί
639 5250 900 5307 Volumen
935 5261 1114 5306 autem
1171 5251 1299 5305 illud
1329 5252 1473 5321 quod
1505 5265 1537 5317 θ
1571 5267 1655 5305 me
1686 5253 1847 5320 petis,
1885 5267 2052 5321 penes

471 5357 558 5398 me
581 5342 788 5396 utinam
816 5342 1015 5397 fuerit!
1053 5342 1341 5398 habuisses
1359 5346 1504 5398 enim
1546 5352 1601 5397 tu
1636 5346 1852 5412 quidem
1903 5343 2050 5414 quod

470 5436 767 5504 exoptabas
814 5435 946 5487 mihi
995 5449 1124 5490 vero
1169 5435 1627 5505 pretiosissimum
1682 5435 1874 5491 fuisset
1922 5437 2051 5505 quid

472 5529 611 5598 grati
646 5529 737 5583 tibi
774 5529 1140 5599 praestitisse;
1189 5543 1334 5583 nunc
1362 5538 1543 5583 autem
1574 5543 1679 5581 non
1712 5543 1809 5597 per
1851 5529 2049 5583 Socra-

473 5621 544 5673 tis
583 5620 875 5689 platanum,
901 5621 996 5677 sed
1042 5636 1139 5692 per
1185 5621 1332 5689 ipsos
1384 5620 1533 5674 illius
1581 5633 1877 5687 sermones,
1925 5620 2052 5690 juro

478 5725 565 5766 me
601 5715 834 5771 nondum
861 5716 1028 5772 luisse
1062 5714 1457 5793 l'ruitumhouo
1494 5712 1607 5777 illo,
1652 5724 2051 5793 quantumcuu-y

2149 4517 2301 4572 λεται
2355 4518 2564 4583 ταῦτα;
2597 4519 2783 4572 Πάντα
2834 4518 2935 4588 μὲν
2973 4518 3075 4588 ἤδη
3141 4518 3472 4587 μανθάνειςο
3500 4513 3642 4566 οὐδὲν
3671 4509 3722 4563 δὲ

2148 4605 2311 4681 ἦττον
2340 4612 2491 4680 ὅμως
2519 4612 2801 4681 εἰρήσεται
2822 4627 2836 4641 ο
2870 4610 2997 4679 ἐμοὶ
3021 4610 3202 4674 δοκεῖς
3232 4611 3311 4674 ὡς
3342 4608 3496 4679 παρά
3521 4607 3616 4675 τὴν
3635 4604 3724 4673 σὴν

2149 4700 2328 4771 ψυχὴν
2381 4701 2552 4765 ὅντως
2579 4700 2820 4755 οἰκοῦσιν
2868 4702 2925 4753 αἱ
2963 4701 3199 4770 μοῦσαιο
3251 4697 3372 4755 εἶτα
3399 4701 3637 4758 κάτοικος
3652 4692 3718 4749 ὢν

2150 4794 2270 4855 ταῖς
2298 4792 2470 4856 θεαῖς,
2504 4791 2619 4861 βίον
2641 4790 2786 4862 ἔχεις
2819 4794 3013 4855 αὐταῖς
3034 4794 3329 4864 ἀνειμένον
3359 4792 3451 4845 καὶ
3471 4787 3617 4842 οὐδέν
3647 4799 3712 4836 σο·
3776 4816 3781 4823 ι

2152 4884 2489 4956 θαυμαστὸν,
2517 4886 2600 4938 ὅτι
2636 4885 2714 4955 μὴ
2760 4884 2942 4954 βιϐλία
2970 4886 3064 4939 καὶ
3110 4886 3264 4955 λόγοι
3312 4886 3403 4938 καὶ
3431 4885 3526 4937 ὅσα
3554 4879 3711 4949 ψυχὴν

2152 4975 2247 5027 ἐπὶ
2294 4976 2355 5028 τὸ
2382 4978 2634 5047 κρεῖττον
2678 4976 2905 5044 ἀνάγειο
2935 4977 3190 5031 ἐντεῦθεν
3231 4980 3366 5049 ἡμῖν
3402 4970 3711 5039 ἐπεξενώθης

2152 5066 2325 5138 ἀρχὴν
2342 5067 2524 5136 φιλίας
2548 5069 2922 5137 ποιησάμενος
2952 5069 3297 5140 πρέπουσαν,
3315 5065 3485 5139 οἶμαι,
3511 5058 3673 5129 σαυτῷ
3693 5074 3705 5088 ⁸

2153 5159 2289 5213 ἀλλὰ
2324 5161 2432 5231 γὰρ
2457 5160 2566 5214 είθε
2603 5161 2678 5230 μὴ
2714 5161 2839 5229 τῆς,
2882 5163 2966 5230 ἐφ’
2999 5163 3131 5233 ἡμῖν
3160 5162 3375 5224 ἐλπίδος
3403 5161 3673 5229 διήμαρτες
3692 5166 3703 5179 ⁹

2153 5254 2272 5306 ἀλλ’
2296 5254 2434 5324 ὅπερ
2466 5255 2637 5315 αἰτεῖς
2666 5253 2895 5323 βιϐλίον,
2926 5253 3085 5306 τοῦτο
3112 5254 3173 5306 δὲ
3200 5250 3270 5325 ἦν
3311 5251 3592 5323 παρ’ήμῖν.
3612 5241 3702 5296 Οὔ-

2152 5363 2231 5400 τω
2268 5345 2377 5417 γὰρ
2401 5345 2494 5400 οὖν
2524 5347 2588 5399 σὺ
2622 5346 2724 5417 μὲν
2764 5341 2909 5416 εἶχες
2947 5346 3119 5399 ἀεὶτὸ
3148 5346 3494 5415 ποθούμενον,
3524 5334 3632 5407 ἐμοὶ
3652 5331 3701 5385 δὲ

2157 5439 2412 5509 μέγιστον
2469 5434 2537 5509 ἧν
2591 5438 2651 5490 τὸ
2697 5438 2875 5493 δοκεῖν
2928 5439 3057 5509 ὑμῖν
3114 5435 3464 5509 κεχαρίσθαι·
3513 5422 3697 5482 vat/153‘

2152 5532 2357 5602 ὄμνυμι
2390 5532 2452 5585 οὐ
2487 5532 2588 5603 τὴν
2622 5530 2893 5586 πλάτανον
2925 5532 3023 5602 τὴν
3068 5531 3409 5603 Σωκράτους,
3442 5522 3564 5577 ἀλλὰ
3590 5516 3695 5576 τοὺς

2153 5625 2345 5695 λόγους
2379 5625 2577 5688 αὐτοὺς
2608 5666 2622 5692 ,
2655 5628 2824 5694 μήπω
2850 5642 2914 5694 γε
2936 5625 3296 5695 τετυχηκέναι
3320 5620 3407 5677 τοῦ
3455 5616 3693 5682 κτήματος

2157 5718 2333 5772 καίτοι
2389 5717 2638 5793 πλεῖστον
2668 5717 2769 5786 ἤδη
2800 5724 2803 5727 ’
2828 5718 3018 5788 χρόνον
3046 5719 3260 5786 ἐρῶντα
3279 5733 3293 5747 ο
3326 5699 3701 5788 μικρδνδὲῦστε-
