3978 6426
310 356 444 423 279.1

1722 345 2130 410 EPISTOL/E.

3443 357 3583 423 27232

310 501 405 557 ρον
438 480 599 550 (ἀλλὰ
631 478 728 534 σὺν
773 479 949 549 Ἑρμῇ
1015 473 1108 528 καὶ
1144 472 1373 544 μούσαις
1392 467 1654 542 εἰρήσθω)
1691 469 1755 521 ἐκ
1800 472 1882 541 τῆς

2003 483 2107 537 que
2139 482 2207 523 ex
2247 469 2416 523 multo
2448 474 2693 539 tempore
2718 468 2830 538 jam
2866 478 3124 540 exopta‘to
3159 488 3174 537 ;
3207 472 3301 526 sed
3333 489 3439 527 non
3465 488 3586 544 post

320 571 729 644 Ἀλεξανδρείας
746 566 1169 638 κομισθήσεται·
1200 562 1359 616 τοῦτο
1388 560 1497 631 γὰρ
1527 558 1740 613 ἐκεῖθεν
1762 559 1895 629 ἡμῖν

304 667 355 720 οί
378 662 813 736 προσταχθέντες
869 655 1232 711 ἀπέστειλαν·
1278 655 1415 724 ὅπερ
1450 654 1498 707 εί
1545 650 1681 723 πρὸς
1733 649 1895 720 ἔργον

304 756 531 827 ἐκϐαίη,
564 757 684 826 ὄψει
719 771 784 824 με
829 752 1048 814 πάντως
1088 748 1396 819 αὐτόματον
1443 746 1570 814 ύμῖν
1598 745 1892 815 προσιόντα

303 848 436 921 περὶ
481 847 576 902 τοῦ
627 843 951 917 μεταδοῦναι
984 841 1117 896 ὡσεὶ
1171 838 1266 894 καί⁷
1305 837 1467 900 αὐτὸς
1500 836 1685 890 λαϐεῖν
1737 838 1892 890 ἐϐου-

301 935 503 1007 λόμην.

886 1022 963 1075 ιν.
996 1020 1299 1091 ΔΙΟΔΩΡῼ.

392 1120 460 1174 Ἥ
500 1119 631 1190 περὶ
655 1117 753 1188 τῆς
786 1116 886 1185 σῆς
923 1113 1260 1176 παιδεύσεως
1307 1112 1463 1182 φήμη
1498 1110 1699 1163 ὁποίων
1728 1110 1891 1181 ηὐχό-

303 1210 449 1285 μεθα
477 1211 654 1279 λόγων
687 1208 786 1273 τὰς
834 1206 1111 1277 ἡμετέρας
1142 1203 1439 1275 ἐνέπλησεν
1474 1204 1663 1266 ἀκοάς.
1704 1203 1765 1257 '0
1791 1203 1890 1272 μὲν

297 1305 413 1375 γὰρ
446 1303 544 1374 τὴν
569 1303 668 1373 τῆς
710 1299 1039 1370 συνηγορίας
1083 1299 1350 1366 ἀφηγεῖτο
1400 1296 1661 1364 σπουδὴν,
1695 1297 1722 1348 6
1746 1294 1802 1347 δὲ
1829 1294 1890 1348 τὸ

336 1415 358 1451 .i
390 1398 502 1459 τοῖς
527 1391 899 1463 δικαστηρίοις
923 1390 1150 1443 εῡπονον
1178 1388 1593 1458 ἀπεθαύμαζεν,
1625 1389 1654 1439 6
1682 1387 1752 1456 ,δὲ
1787 1386 1889 1458 τὴν

313 1488 430 1560 τερὶ
451 1488 578 1550 τοὺς
608 1483 933 1556 προσιόντας
960 1480 1193 1546 εὔνοιαν,
1228 1480 1365 1551 πλὴν
1397 1482 1444 1532 εί
1483 1480 1557 1550 μή
1581 1497 1666 1542 τις
1692 1479 1887 1545 ἀδική-

308 1595 403 1643 τας
456 1577 792 1649 ἐτύγχανεν⁶
837 1571 955 1627 οἶδα
997 1574 1093 1627 καὶ¹
1141 1572 1264 1626 τόδε
1326 1571 1566 1635 ἀκούσας
1617 1572 1695 1635 ὡς
1744 1571 1887 1642 δρῶν

304 1688 454 1735 ,τινας
490 1669 635 1740 μέγα
683 1669 781 1740 μὲν
829 1666 1185 1736 δυναμένους,
1248 1661 1628 1734 θαυμάζοντας
1668 1663 1727 1716 δέ
1778 1662 1885 1715 τῶν

1998 561 2200 614 mullos
2222 560 2339 617 dies
2362 561 2591 631 juvante
2629 560 2900 617 Mercurio
2937 572 2991 616 et
3021 562 3211 627 Musis,
3251 564 3579 621 Alexandria

1997 651 2298 709 afferetur:
2333 654 2459 708 inde
2482 655 2627 709 enim
2672 654 2800 709 illud
2834 655 2869 708 ii
2910 657 2999 723 qui
3034 666 3160 711 sunt
3186 656 3323 725 jussi
3373 658 3439 711 ad
3498 673 3584 712 me

1997 743 2305 813 allegarunt
2333 763 2346 800 :
2393 746 2536 816 quod
2563 746 2607 800 si
2637 761 2900 816 prospere
2929 749 3210 814 succedet,
3243 765 3331 804 me
3372 749 3581 805 videbis

1996 837 2063 891 ad
2093 853 2188 893 vos
2229 854 2389 907 quam
2415 839 2650 894 maxime
2691 840 2832 894 ultro
2862 850 3200 909 pergentem,
3246 845 3311 897 ad
3336 843 3417 898 sic
3446 841 3584 897 dan-

1996 930 2121 984 dum
2154 932 2307 1000 quasi
2344 933 2454 1002 ipse
2477 933 2724 1000 accipere
2759 942 3023 1003 Optarent.
3314 917 3320 923 ’

2432 1008 2437 1014 ’
2562 1024 2650 1080 in.
2678 1025 3003 1081 Dtooono.

2066 1113 2243 1170 Aures
2306 1127 2524 1171 nostras
2549 1117 2617 1171 iis
2640 1118 2705 1171 de
2742 1127 2832 1171 tua
2875 1118 3217 1172 institutione
3258 1131 3393 1187 quos
3428 1127 3581 1186 opta-

1993 1206 2188 1261 bamus
2216 1210 2564 1263 sermonibus
2587 1208 2732 1262 fama
2759 1210 3004 1279 implevit
3033 1227 3045 1263 :
3072 1210 3212 1263 alter
3229 1209 3374 1263 enim
3432 1221 3593 1264 tuam'

1992 1297 2046 1352 in
2077 1299 2323 1354 dicendis
2352 1301 2539 1355 causis
2562 1301 2897 1372 diligentiam
2933 1301 3194 1354 narrabat
3226 1318 3240 1367 ;
3277 1300 3416 1353 alter
3448 1315 3580 1354 vero

1991 1407 2154 1462 quam
2198 1393 2433 1447 feliciter
2466 1393 2560 1447 tibi
2596 1394 2648 1447 in
2703 1393 2925 1463 judieiis
2959 1396 3195 1458 cederet,
3234 1393 3579 1459 mirabatur;

1994 1486 2189 1540 tertius
2221 1495 2402 1541 autem
2437 1496 2639 1556 quanta
2697 1500 2847 1541 esses
2886 1486 3263 1541 benevolentia
3304 1488 3356 1540 in
3390 1500 3576 1554 quem-

1991 1585 2226 1640 cumque
2251 1572 3009 1643 acccdeutem,pr:eterquam
3052 1591 3173 1630 cuni
3230 1576 3350 1644 quis
3383 1577 3582 1646 injuste

1987 1663 2210 1733 egisset.
2279 1663 2391 1719 lloe
2439 1681 2657 1735 quoque
2703 1667 2824 1721 novi
2865 1665 3113 1730 audietis,
3167 1668 3309 1736 quod
3361 1683 3577 1737 nempe,

291 1761 523 1815 δικαίων
564 1760 750 1831 μηδὲν,
781 1759 949 1821 πολὺς
973 1759 1241 1821 ἕπνευσας
1265 1756 1384 1810 κατ’
1412 1755 1614 1822 αὐτῶν,
1648 1756 1740 1807 καὶ
1771 1755 1882 1807 λοι-

1990 1753 2254 1822 quosdam
2317 1769 2441 1809 eum
2504 1756 2722 1811 videres
2758 1755 2984 1810 multum
3048 1764 3317 1826 potentes,
3357 1757 3580 1812 minime

288 1854 482 1926 δορίαν
536 1851 940 1923 ἐπαινουμένην
1014 1850 1297 1919 κατέχεες.
1372 1846 1512 1916 Ἐγὼ
1564 1846 1621 1899 δὲ
1675 1846 1884 1901 τούτων

291 1947 537 2013 ἀκούων,
566 1944 742 2000 ἄλλων
773 1944 911 1999 ἄλλα
934 1943 1329 2014 διηγουμένων,
1353 1940 1541 2013 ὥσπερ
1575 1940 1762 2004 ἔνθους
1793 1940 1883 2011 ὑφ’

288 2040 491 2113 ἡδονῆς
520 2037 813 2109 ἐγενόμην,
844 2038 941 2091 καὶ
974 2037 1118 2107 μέγα
1150 2051 1216 2104 γε
1259 2037 1372 2099 τοῖς
1407 2035 1587 2103 λόγοις
1644 2034 1883 2105 φρονῶν,

289 2133 517 2186 ἐδόκουν
556 2132 722 2195 αὐτὸς
777 2130 1158 2184 ἐπαινεῖσθαι’
1195 2129 1296 2199 ἤδη
1329 2128 1387 2183 δὲ
1424 2130 1519 2182 καὶ
1549 2129 1711 2200 χάριν
1740 2129 1888 2198 ὡμο-

289 2225 490 2293 λόγουν
513 2226 629 2288 τοῖς
676 2222 1132 2293 ἐπαγγέλλουσιν,
1166 2220 1356 2291 ὥσπερ
1400 2219 1659 2274 εἰώθασιν
1689 2222 1738 2273 οἱ
1776 2220 1888 2274 τῶν

290 2319 503 2380 αὐτοὺς
529 2315 901 2369 ἐπαινούντων
925 2312 1241 2376 ἀκούοντες.
1290 2312 1446 2367 υῦτω
1503 2312 1560 2366 δὲ
1592 2313 1769 2383 ἔχοντι
1795 2314 1888 2367 καὶ

286 2407 631 2476 λογιζομένῳ
683 2400 1004 2475 πρόσελθὼν
1067 2406 1094 2456 6
1154 2402 1319 2466 καλὸς
1361 2403 1554 2472 Ὠρίων
1605 2404 1704 2473 τὴν
1754 2402 1886 2472 παρ’

287 2501 451 2569 ὑμῶν
480 2497 631 2569 αὐτῷ
659 2498 966 2568 γραφεῖσαν
1023 2494 1317 2565 ἐπιστολὴν
1346 2493 1593 2546 ἐπεδίδου
1620 2509 1635 2525 ο
1668 2493 1762 2547 καί
1795 2511 1885 2564 μοι

284 2591 396 2660 τῆς
443 2590 628 2660 φιλίας
663 2588 1005 2657 συνέχαιρεν,
1030 2585 1223 2656 ὥσπερ
1265 2583 1438 2637 δεινὸν
1471 2585 1796 2655 ἡγούμενος,
1836 2585 1884 2636 εί

286 2681 587 2743 «λανθάνεις
642 2681 776 2751 παρ’
809 2679 934 2748 ἐμοὶ
971 2676 1213 2739 τοιοῦτος
1260 2676 1521 2746 ὑπάρχων
1544 2692 1557 2705 θ
1587 2676 1697 2745 ἐγὼ
1737 2675 1795 2728 δέ
1823 2692 1882 2730 σε

287 2771 446 2843 μετὰ
471 2770 573 2842 τὴν
589 2770 778 2840 φήμην
802 2770 868 2838 τῇ
899 2767 1068 2836 πείρᾳ
1102 2764 1311 2836 μαθὼν,
1345 2766 1439 2820 καὶ
1468 2752 1576 2827 οἶες
1599 2765 1728 2836 περὶ
1756 2765 1883 2829 τοὺς

282 2864 605 2934 δεομένους,
625 2863 729 2916 κᾶν
751 2861 826 2932 μὴ
850 2860 1095 2932 παρῶσι,
1112 2859 1477 2928 καθέστηκας,
1503 2858 1614 2912 οὐδ’
1632 2860 1697 2911 ἂν
1712 2859 1885 2910 εἰπεῖν

281 2954 441 3024 ἔχοις
470 2954 595 3007 ὅσον
616 2950 928 3021 ἐθαύμασα,
949 2948 1047 3002 καὶ
1081 2947 1246 3000 αὑτὸν
1270 2945 1571 2999 ἐπεκάλουν
1593 2944 1885 3013 εὐδαίμονα

287 3047 394 3119 τὴν
428 3046 527 3115 σὴν
557 3043 900 3114 εύτυχηκότα
925 3041 1198 3111 σπουδήν·
1233 3038 1310 3101 ὡς
1332 3038 1388 3089 δὲ
1416 3037 1510 3090 καὶ
1539 3035 1884 3107 γραμμάτων

1988 1861 2117 1900 vero
2143 1845 2407 1915 justitiam
2434 1847 2811 1916 observantes,
2854 1847 3170 1918 frequenter
3211 1850 3263 1903 in
3295 1863 3389 1904 eos
3427 1848 3579 1904 fuisti

1988 1936 2238 1993 invectus
2302 1938 2623 1994 collaudatis
2704 1940 3202 2010 objurgationibus.
3267 1940 3398 2007 Quae
3471 1957 3579 1994 au-

1988 2033 2143 2089 diens
2176 2075 2191 2100 ,
2233 2032 2337 2088 alia
2384 2033 2509 2089 aliis
2561 2036 2933 2100 narrantibus,
2968 2043 3225 2104 tanquam
3276 2047 3432 2090 extra
3469 2050 3582 2089 me-

1990 2122 2170 2193 ipsum
2203 2140 2314 2194 pm
2342 2126 2543 2192 gaudio
2599 2135 2791 2196 raptus
2823 2142 2996 2193 eram,
3018 2136 3183 2195 atque
3213 2126 3376 2181 dictis
3397 2141 3584 2196 super-

1989 2214 2167 2280 biens,
2195 2215 2306 2286 jam
2340 2217 2457 2287 ipse
2489 2217 2702 2273 laudari
2746 2219 2876 2272 milii
2904 2218 3146 2283 videbar,
3176 2218 3582 2273 nuntiantibus—

1989 2322 2095 2375 que
2119 2309 2325 2377 gratias
2377 2308 2613 2364 tribuere
2641 2309 2933 2379 profitebar
2976 2324 3083 2363 non
3127 2308 3363 2362 absimili
3413 2308 3574 2361 modo

1990 2415 2151 2468 quam
2186 2403 2276 2471 qui
2314 2411 2363 2455 te
2392 2402 2597 2457 laudari
2626 2402 2871 2458 audiunt.
2904 2401 3035 2457 Cum
3070 2411 3245 2457 autem
3300 2401 3375 2454 ita
3400 2416 3578 2456 essem

1988 2490 2231 2556 allectus,
2269 2492 2653 2562 superveniens
2684 2491 2957 2547 formosus
2976 2493 3141 2547 Orion
3160 2492 3446 2562 epistolam
3474 2501 3579 2546 ate

1990 2581 2084 2634 tibi
2117 2582 2376 2651 scriptam
2430 2583 2674 2637 ostendit
2712 2592 2764 2638 et
2799 2583 2931 2636 milii
2969 2594 3114 2637 tuam
3161 2584 3460 2638 amicitiam
3495 2594 3579 2637 est

1989 2671 2421 2740 congratulatus,
2441 2675 2597 2742 quasi
2640 2674 3041 2745 inirabilequid
3072 2670 3343 2741 iudicaret
3374 2690 3433 2730 se
3483 2691 3581 2729 ne-

1990 2764 2133 2818 scire
2167 2763 2460 2819 illiusmodi
2493 2767 2636 2835 apud
2676 2782 2762 2821 me
2817 2777 2866 2820 te
2894 2781 3037 2821 esse.
3086 2765 3195 2837 Ego
3253 2781 3402 2828 vero,
3454 2781 3577 2821 cuni

1990 2870 2094 2909 non
2130 2855 2269 2908 fama
2299 2858 2473 2910 solum
2501 2858 2595 2912 sed
2638 2868 2695 2911 et
2731 2874 2787 2912 re
2816 2857 3206 2928 ceniperisscm
3244 2858 3420 2928 qualis
3447 2875 3578 2928 erga

1991 2954 2272 3016 rogantes,
2304 2947 2436 3001 licet
2472 2963 2577 3021 nqn
2621 2956 2940 3016 praesentes,
2984 2948 3059 3003 sis
3093 2948 3287 3015 animi,
3324 2963 3429 3002 non
3462 2965 3581 3017 pos-

1991 3052 2080 3091 ses
2108 3038 2413 3106 intelligere
2442 3048 2700 3108 quantum
2730 3041 2832 3093 sim
2863 3040 3091 3094 miratus
3106 3051 3158 3095 et
3190 3041 3339 3095 illum
3364 3040 3576 3095 felicem

287 3138 447 3207 ἠξίου
493 3138 677 3206 τυχεῖν
726 3133 856 3203 παρ’
899 3131 1058 3203 ἐμοῦ,
1115 3135 1180 3201 τῇ
1208 3131 1308 3200 τῆς
1339 3131 1521 3199 φιλίας
1568 3128 1756 3198 μνήμῃ
1788 3126 1882 3197 τὴν

1991 3129 2399 3195 prmilicaverim
2433 3132 2524 3198 qui
2553 3132 2768 3185 tuamin
2807 3148 2864 3186 se
2885 3132 3221 3202 diligentiam
3247 3132 3575 3187 obtinuerit:

290 3228 394 3301 σὴν
425 3228 737 3299 προθυμίαν
776 3227 858 3278 έτι
897 3224 1099 3296 μᾶλλον
1126 3221 1651 3295 ἐγείρανταυεύήθη
1692 3220 1882 3273 τοῦτον

288 3322 552 3378 ἐκάλουν·
607 3321 681 3391 μὴ
703 3321 813 3389 γὰρ
844 3321 910 3374 ἄν
960 3335 1020 3371 σε
1072 3315 1212 3387 πρὸς
1242 3315 1444 3388 ἀρετὴν
1474 3314 1758 3384 πεφυκότα
1780 3330 1884 3365 κα-

288 3413 427 3481 λῶς,
456 3414 810 3483 γραμμάτων
845 3410 1057 3463 δεῖσθαι
1088 3409 1227 3480 πρὸς
1260 3407 1468 3479 ταύτην
1500 3405 1885 3478 παρακαλούνι

288 3523 435 3561 των⁸
487 3506 604 3558 ἀλλ’
644 3506 795 3574 ὅμως
828 3502 1024 3556 τοῦτον
1049 3503 1154 3555 οὐκ
1193 3500 1443 3555 ἔπειθον·
1467 3500 1662 3581 ,ἐδόκει
1691 3501 1799 3570 γάρ
1830 3515 1882 3551 τι

287 3601 387 3654 καὶ
406 3600 615 3654 δίκαιον
643 3597 846 3664 λέγειν,
874 3595 949 3657 ὡς
983 3597 1011 3649 ὁ
1041 3595 1163 3649 καθ’
1194 3595 1388 3648 ἐαυτὶν
1413 3592 1675 3657 τοιοῦτος,
1703 3592 1787 3654 τίς
1815 3592 1883 3645 ἂν

287 3693 502 3762 γένοιτο
523 3691 871 3761 γραμμάτων
906 3688 1086 3758 τυχὼν
1116 3687 1267 3758 παρὰ
1295 3685 1431 3753 sou;
1463 3684 1673 3739 Οὐκοῦν
1700 3684 1881 3752 γένοιο

290 3786 394 3857 μὲν
424 3782 588 3846 αὐτὸς
615 3784 796 3844 ὁποῖος
831 3780 1211 3852 καὶπρότερον
1230 3795 1244 3810 ’
1278 3778 1609 3848 ἐπαινοίμην
1641 3778 1700 3830 δὲ
1719 3777 1880 3831 πάλιν

287 3876 391 3945 τῆς
450 3873 635 3945 φιλίας
685 3871 828 3940 ἐγώ⁶
879 3871 953 3941 μὴ
993 3871 1283 3941 διαμάρτοι
1332 3869 1389 3922 δὲ
1429 3869 1529 3937 τῆς
1590 3867 1678 3936 ἐφ’
1721 3867 1879 3937 ὑμῶν

287 3966 506 4029 ἐλπίδος
541 3968 570 4019 6
596 3964 713 4027 νέος
743 3980 759 3995 υ
801 3963 938 4017 ἀλλὰ
969 3964 1265 4032 γνώτωσαν
1300 3964 1350 4014 οἱ
1383 3960 1453 4013 τὰ
1486 3960 1701 4028 μεγάλα
1721 3959 1872 4012 δύνα-

290 4061 417 4115 σθαι
439 4058 746 4123 δοκοῦντες,
777 4057 853 4120 ὠς
900 4057 1011 4126 ἄρα
1036 4055 1144 4110 τῶν
1176 4053 1407 4108 δικαίων
1453 4055 1603 4106 ἐστὶν
1651 4052 1878 4116 εἰκότως

287 4155 578 4227 ἡττᾶσθαι.

846 4250 921 4300 A'.
942 4242 1324 4313 ΙΕΡΩΝΥΜῼ.

374 4340 517 4410 Ἐγὼ
553 4341 650 4411 μὲν
675 4342 773 4411 τῆς
801 4338 1040 4406 ἀδελφῆς
1067 4335 1350 4418 λανθάνειν
1371 4331 1532 4404 ᾤμην
1562 4332 1653 4386 τὸν
1673 4331 1875 4403 γάμον,

286 4435 386 4488 καὶ
415 4434 480 4504 δὴ
523 4436 637 4496 τοῖς
674 4432 1016 4506 προσήκουσι
1055 4428 1154 4497 τὴν
1188 4429 1365 4481 οἰκίαν
1397 4424 1690 4494 ἐγνῶσθαι,
1724 4427 1798 4496 μή
1825 4443 1877 4478 τι

1990 3234 2111 3272 cum
2165 3230 2344 3272 autem
2387 3222 2547 3274 etiam
2585 3236 2613 3274 a
2659 3238 2742 3275 me
2774 3223 2985 3276 litteras
3038 3222 3359 3290 postularet,
3397 3223 3575 3287 illiini,

1987 3324 2053 3365 eo
2107 3314 2248 3381 quod
2300 3325 2443 3366 tuam
2496 3315 2933 3370 benevolentiam
3001 3317 3259 3371 amicitia:
3313 3317 3573 3371 memoria

1987 3416 2188 3471 augere
2240 3404 2427 3471 vellet,
2461 3406 2685 3459 stultum
2711 3408 2820 3461 dixi
2846 3423 2858 3461 :
2883 3422 2991 3464 non
3016 3410 3160 3462 enim
3195 3409 3317 3471 tibi,
3368 3409 3459 3479 qui
3505 3409 3577 3463 ad

1989 3494 2252 3548 virtutem
2288 3496 2695 3553 feliciternatus
2714 3513 2794 3566 es,
2830 3499 3028 3555 litteris
3060 3510 3109 3555 te
3133 3502 3199 3554 ad
3258 3515 3381 3553 eum
3447 3502 3579 3556 inei-

1989 3587 2233 3639 tantibus
2265 3602 2403 3656 Opus
2437 3599 2541 3642 est.
2570 3589 2722 3643 Illum
2763 3601 2944 3647 tamen
2978 3608 3083 3646 non
3107 3595 3356 3663 persuasi
3383 3612 3396 3647 :
3431 3606 3578 3649 recte

1983 3675 2127 3728 enini
2155 3677 2371 3744 quidem
2406 3678 2696 3733 videbatur
2740 3681 2789 3734 id
2839 3681 3048 3749 dicere,
3083 3696 3301 3749 nempe,
3350 3684 3440 3752 qui
3493 3683 3574 3737 sic

1981 3779 2064 3824 est
2091 3783 2121 3821 a
2147 3769 2347 3839 seipso,
2372 3771 2503 3841 quid
2542 3787 2647 3828 non
2676 3774 3000 3830 eritlitteras
3027 3790 3053 3827 a
3082 3785 3132 3829 te
3148 3775 3424 3843 accipietis
3448 3775 3471 3828 ?
3491 3773 3573 3830 Tu

1984 3866 2150 3935 igitur
2176 3867 2221 3921 is
2251 3868 2327 3922 sis
2372 3869 2461 3938 qui
2499 3879 2682 3933 antea,
2717 3885 2815 3939 ego
2847 3882 3027 3925 autem
3064 3885 3253 3925 rursus
3282 3871 3347 3924 de
3378 3870 3576 3925 amici-

1984 3958 2056 4011 tia
2082 3958 2269 4013 lauder
2294 3959 2540 4027 ;juvenis
2571 3970 2750 4017 autem
2777 3963 2864 4018 illa
2891 3977 3005 4032 spe,
3033 3968 3239 4034 pro‘tua
3266 3971 3441 4031 parte,
3463 3979 3571 4018 non

1981 4051 2218 4119 decidat,
2251 4056 2345 4109 sed
2370 4055 2549 4109 sriant
2595 4056 2684 4123 qui
2725 4056 2957 4110 multum
2993 4068 3151 4124 posse
3183 4052 3457 4120 videntur,
3485 4052 3575 4124 ju—

1888 4214 1901 4221 I
1981 4143 2148 4200 stitia:
2173 4160 2387 4215 quoque
2410 4161 2533 4200 esse
2564 4154 2868 4215 opportune
2904 4146 3071 4201 vinci.

2507 4236 2597 4291 IV.
2636 4236 3066 4293 lllERONYllO.

2055 4328 2169 4399 Ego
2213 4330 2431 4399 quidem
2481 4332 2763 4401 opinabar
2816 4342 2869 4388 te
2916 4333 3169 4401 ignorare
3223 4338 3430 4394 sororis
3474 4354 3577 4392 nu-

1982 4422 2363 4490 ptias,easque
2387 4423 2641 4479 omnibus
2675 4423 2927 4480 allinibus
2963 4434 3121 4482 notas
3161 4443 3305 4494 esse,
3347 4442 3575 4499 praeter-

290 4528 399 4590 σοὶ,
433 4528 492 4579 ὃν
522 4525 682 4597 ᾤμην
707 4523 788 4576 ἑτι
844 4524 997 4593 παρὰ
1028 4520 1105 4593 τῷ
1143 4522 1326 4588 Νείλῳ
1372 4518 1675 4589 καθῆσθαν
1723 4518 1782 4570 σὲ
1812 4517 1870 4570 δὲ

1990 4528 2141 4582 quain
2166 4514 2258 4567 tibi
2301 4530 2460 4581 quem
2518 4517 2694 4571 adhuc
2738 4518 2802 4571 ad
2854 4515 3035 4572 Nilum
3076 4535 3199 4575 esse
3246 4524 3573 4591 credebam;

285 4619 571 4675 λανθάνειν
606 4617 751 4670 ἔοικε
789 4615 897 4669 τῶν
928 4618 1006 4679 είς
1037 4616 1250 4686 τρυφὴν
1277 4613 1522 4685 ἡκόντων
1544 4609 1725 4664 οὐδέν·
1761 4609 1875 4662 ἀλλ’

283 4709 434 4779 ἡμᾶς
462 4705 524 4759 τέ
557 4722 611 4758 τι
652 4705 873 4775 δρᾶται,
904 4703 1001 4757 καὶ
1033 4702 1093 4754 σὲ
1142 4700 1470 4771 προσϐάλλει
1527 4691 1813 4769 πόρρωθεν
1844 4699 1876 4767 ή

283 4801 395 4855 τῶν
428 4798 867 4870 ἐπιτελουμένων
904 4797 1073 4869 ὀσμή’
1109 4796 1201 4849 καί
1233 4813 1335 4848 που
1356 4794 1499 4864 τάχα
1523 4794 1615 4847 τὸν
1649 4793 1878 4862 Ὁμηρι-

285 4892 383 4945 κὸν
422 4892 521 4943 Δία
557 4891 714 4960 νικᾷς
752 4888 941 4957 λοιϐῆς
985 4888 1079 4940 καὶ
1110 4886 1339 4956 κνίσσης
1394 4883 1538 4954 ὁρῶν
1590 4883 1878 4953 ἑλισσομέ-

285 5003 386 5055 νης
416 4985 546 5055 περὶ
586 4982 814 5053 καπνῷ*
850 4980 1027 5035 ταῦτά
1069 5000 1129 5035 σε
1176 4979 1368 5045 Νεῖλος
1413 4979 1655 5051 διέθηκε,
1680 4978 1798 5031 καὶ
1831 4980 1877 5031 οἱ

290 5078 421 5146 παρ’
470 5077 680 5128 ἐκεῖνον
737 5073 1054 5144 εὐδαίμονες
1099 5072 1402 5144 ἄνθρωποι,
1474 5071 1593 5141 μεθ’
1639 5068 1732 5132 οὓς
1779 5070 1879 5141 τὴν

285 5167 513 5221 ἑλοῦσαν
545 5166 733 5233 οἰκῶν,
762 5164 1027 5237 ὀξυτέραν
1060 5164 1205 5234 ἔχεις
1240 5163 1339 5234 τὴν
1367 5164 1643 5233 αἴσθησιν,
1676 5158 1731 5212 εί
1774 5178 1878 5212 που

285 5256 349 5325 δή
378 5272 445 5323 γε
477 5254 683 5317 καπνὸς
735 5254 1072 5307 ἀναδίδοται·
1106 5251 1197 5304 τὸν
1254 5251 1311 5303 δὲ
1362 5251 1456 5303 σὺν
1485 5250 1650 5303 παῖδα
1680 5248 1877 5319 μικροῦ

284 5348 395 5399 δεῖν
431 5345 671 5416 ὥρμησα
710 5345 974 5398 διαθεῖναι
1031 5344 1242 5407 κακῶς,
1287 5344 1369 5396 ὅτι
1398 5342 1473 5413 μὴ
1525 5342 1880 5412 μαζόγραφος

283 5449 365 5508 εἰς
393 5442 596 5506 πλάτος
623 5442 802 5512 ἀφῆκέ
836 5460 929 5494 σου
965 5441 1061 5511 τὴν
1097 5440 1411 5510 ἐπιστολὴν,
1442 5440 1578 5493 ἀλλὰ
1610 5438 1759 5508 παρὰ
1784 5436 1878 5491 σοῦ

284 5534 438 5607 δῶρα
465 5536 783 5606 προσάγων,
821 5533 1089 5603 μετέλαϐε
1141 5551 1202 5586 τε
1236 5536 1301 5605 τῇ
1350 5534 1476 5604 θέᾳ·
1525 5531 1622 5584 καὶ
1649 5533 1749 5583 οὐκ
1783 5526 1878 5583 οἶδ’

285 5632 437 5690 ὅπως
473 5645 564 5698 μοι
596 5627 807 5679 διέλυσε
833 5627 925 5679 τὸν
952 5626 1124 5696 θυμόν
1149 5643 1166 5660 ·
1202 5628 1303 5680 οὐκ
1335 5628 1416 5689 εἰς
1470 5624 1688 5696 μακρὰν
1720 5625 1776 5677 δέ
1818 5641 1878 5676 σε

289 5720 479 5774 τοῦτον
539 5718 878 5790 ἀμείψομαι·
916 5718 948 5788 ἢ
985 5720 1090 5788 γὰρ
1138 5718 1331 5788 γέγονέ
1384 5736 1466 5773 σοι
1502 5716 1876 5789 θυγάτριον,ῆ

285 5813 597 5883 γενήσεται.

1744 5917 1773 5931 Δ

1981 4610 2075 4663 sed
2112 4620 2168 4663 tit
2212 4610 2446 4673 videtur,
2476 4611 2611 4665 nihil
2655 4620 2707 4667 te
2736 4612 2867 4667 latet
2896 4630 3222 4684 eorumquaz
3254 4618 3320 4669 ad
3354 4617 3573 4672 delicias

1981 4704 2294 4771 pertinent,
2330 4714 2385 4757 at
2429 4705 2612 4775 aliquo
2668 4706 2829 4761 modo
2870 4708 2920 4761 iii
2970 4720 3020 4762 te
3059 4711 3191 4779 agit,
3218 4720 3271 4763 et
3309 4713 3375 4764 ad
3437 4723 3488 4767 te
3543 4728 3573 4766 a

1981 4793 2143 4863 longe
2169 4797 2414 4863 pervenit
2432 4798 2652 4866 quidam
2678 4812 2868 4852 eorum
2887 4816 3006 4869 qua!
3030 4801 3387 4870 perficiuntur
3402 4808 3572 4871 odor;

1983 4886 2208 4939 forsitan
2261 4903 2477 4956 quoque
2524 4887 2711 4945 Jovem
2732 4891 3349 4947 vincisllomericumiii
3396 4898 3574 4963 perci-

1979 4978 2179 5047 piendo
2212 4980 2500 5037 liliatiunes
2524 4990 2577 5035 et
2618 4983 2866 5037 nidorem
2913 4986 2965 5038 in
3013 4984 3174 5068 [unto
3236 4986 3572 5042 volutatum:

1984 5070 2126 5138 quod
2155 5069 2251 5123 lilii
2286 5071 2434 5124 dedit
2486 5071 2638 5126 Nilus
2674 5081 2720 5128 et
2758 5072 2944 5129 felices
2991 5076 3111 5145 ejus
3159 5078 3382 5145 accolae,
3438 5080 3578 5133 inter

1981 5173 2117 5228 quos
2159 5160 2457 5229 placentem
2497 5174 2697 5218 terrain
2728 5166 2969 5221 incolens
3020 5170 3361 5225 acutioribus
3395 5154 3575 5228 sensi-

1982 5251 2081 5305 bus
2115 5253 2346 5321 percipis
2405 5254 2577 5309 sicubi
2637 5257 2817 5312 fuiiius
2844 5259 3107 5314 ascendit.
3154 5258 3352 5314 Parum
3394 5273 3574 5316 autem

1984 5348 2028 5396 al
2051 5343 2154 5398 fuit
2210 5348 2341 5413 quin
2407 5363 2633 5414 puerum
2699 5360 2848 5403 tuuin
2906 5353 3049 5407 male
3100 5354 3397 5419 haberem,
3448 5357 3571 5425 quia

1985 5447 2128 5490 tuam
2178 5438 2230 5490 iii
2282 5437 2447 5491 altum
2500 5440 2783 5508 epistolam
2830 5442 3138 5509 emiserat;
3177 5446 3267 5499 sed
3322 5456 3409 5499 tua
3454 5464 3574 5498 niu-

1984 5546 2111 5582 iiera
2178 5529 2458 5598 proferens
2521 5533 2651 5586 niilii
2711 5544 2946 5590 mentem
3018 5553 3206 5591 eoriiiii
3277 5523 3573 5608 cmispei-tu

1984 5623 2211 5674 mutavit
2246 5633 2297 5674 et
2332 5640 2437 5691 quo
2474 5626 2658 5679 nescio
2689 5628 2849 5681 modo
2874 5629 3015 5683 iram
3077 5630 3288 5684 lenivit.
3323 5628 3436 5685 Non
3470 5647 3570 5683 au—

1984 5725 2089 5768 tem
2125 5715 2292 5767 inulto
2322 5729 2439 5783 post
2484 5718 2576 5771 tibi
2612 5721 2899 5787 rependam
2938 5738 2949 5774 :
2993 5722 3073 5776 vel
3128 5722 3273 5776 enim
3305 5721 3417 5792 jam
3448 5710 3572 5776 nata

1983 5817 2066 5862 est
2095 5807 2176 5861 vel
2224 5818 2478 5862 nascetur
2518 5810 2612 5864 tibi
2648 5806 2815 5864 filia.’
