3978 6460
416 312 560 378 2723

1780 312 2100 373 PROCOPI
2108 313 2134 373 Ι
2164 313 2408 372 GAZI’EI

3606 317 3761 381 2724

421 421 484 477 ν.
523 417 651 475 an
669 417 756 474 PO
790 416 877 472 ET
921 416 1656 493 STEpoottattMATmls
1690 395 1782 473 ET
1826 419 2014 476 nemo
2049 428 2088 483 Α
2122 422 2197 475 E'.
2257 421 2493 493 anno
2552 424 2669 475 KM
2739 423 2954 493 ΣΤΕΓῼ
3010 424 3568 479 ΓΡΛΜΜΔΤῘΚΟὶΣ
3636 422 3760 478 ιω

1035 488 1349 545 ROMANO.

493 603 801 675 Legislator
852 602 942 658 ille
981 602 1173 670 Solon,
1238 615 1362 657 cum
1426 575 1540 659 suis
1570 584 1801 675 legibus
1851 620 2013 675 quam

2635 494 2814 564 ΙΕΡΙῼ
2868 477 3215 566 etiamde

2193 606 2396 661 Σόλωνι
2430 607 2507 678 τῷ
2547 608 2814 681 νομοθέτῃ
2853 610 3043 678 ἐπειδὴ
3095 611 3279 681 νόμων
3328 613 3524 666 ἕνεκα.
3566 608 3762 674 καλῶς

420 700 629 768 optime
674 698 978 751 institutam
1035 708 1157 750 esse
1194 694 1424 751 vidisset
1481 696 1784 761 civitatem,
1814 697 2016 751 malum

2164 717 2268 770 (ειν
2298 700 2508 772 ἡπόλις
2564 701 2765 768 ἐδόκει,
2818 702 2994 756 δεινὸν
3040 703 3342 775 ἡγούμενος
3420 703 3613 776 μέχρι
3659 703 3761 774 τῆς

425 804 548 845 esse
576 788 875 843 arbitratus
900 796 988 843 est
1027 786 1332 842 mirabilem
1378 801 1533 842 suam
1564 787 1889 859 sapientiam
1935 789 2018 842 in-

420 891 509 937 tra
560 882 759 937 Attica:
824 883 961 938 lines
1016 879 1563 953 angustiari.ltaque
1619 882 1686 937 ad
1733 879 2022 954 Egyptios

429 973 695 1044 perrexit,
726 973 858 1029 licet
890 974 1146 1030 omnibus
1184 974 1550 1046 sapientiores
1570 988 1692 1029 esse
1722 973 2024 1045 gloriaren-

426 1078 557 1133 tur;
589 1068 687 1121 ivit
714 1082 935 1138 quoque
963 1067 1031 1122 ad
1068 1067 1323 1123 Crtesum
1362 1067 1570 1123 divitiis
1632 1077 1890 1136 tanquam
1947 1066 2025 1122 fe-

426 1160 634 1216 licitate
656 1162 1083 1231 superbientem.
1114 1158 1293 1229 Majus
1328 1175 1452 1217 esse
1498 1159 1684 1221 Soloni
1740 1159 2027 1215 videbatur

424 1252 697 1322 sapientia
738 1253 941 1322 pollere
972 1268 1136 1323 quam
1189 1253 1393 1309 divitiis
1424 1253 1531 1307 illis
1588 1266 1725 1322 quas
1765 1252 2027 1309 Pactolus

2136 792 2394 863 Ἀττικῆς
2421 793 2579 864 αὐτῷ
2610 794 2712 865 τῆς
2734 779 2927 865 σοφίας
2948 796 3172 851 ἑστάναι
3204 797 3265 850 τὺ
3292 797 3531 867 θαῦμα,
3565 799 3764 867 ἐφοίτα

2127 883 2229 955 μὲν
2254 885 2385 956 παρ’
2406 886 2742 955 Αἰγυπτίους
2782 888 2986 957 καίπερ
3034 888 3386 962 σοφωτέρους
3415 888 3547 944 τῶν
3580 888 3764 946 ἄλλων

2126 976 2465 1046 αὐχοῦνταςο
2514 976 2707 1048 ἐφοίτα
2757 977 2817 1031 δὲ
2865 979 2961 1032 καὶ
3019 978 3177 1051 παρὰ
3227 980 3484 1050 Κροῖσον
3544 980 3631 1043 ὡς
3676 981 3763 1033 ἐπ’

2127 1072 2454 1145 εὐδαιμονίᾳ
2478 1070 2558 1144 τῷ
2588 1072 2805 1145 πλούτῳ
2845 1073 3128 1146 κομῶντα.
3177 1073 3385 1141 Μεῖζον
3416 1075 3548 1146 γὰρ
3583 1074 3761 1129 ἐδόκει

2127 1160 2207 1232 τῷ
2244 1162 2446 1216 Σόλωνι
2490 1161 2654 1235 σοφίᾳ
2691 1163 2927 1234 τρυφᾷν,
2956 1163 2992 1234 ἢ
3031 1162 3221 1235 χρυσῷ
3269 1165 3423 1237 ῥέων
3460 1166 3494 1218 ὁ
3528 1164 3767 1218 Πακτω-

2127 1248 2220 1314 λὸς
2246 1250 2351 1322 γῆν
2378 1250 2477 1321 τὴν
2503 1250 2638 1321 ὅσην
2668 1250 2909 1320 ἐπῆλθεν
2935 1253 3143 1315 ἐκεῖνος
3171 1267 3185 1281 ⁸
3209 1253 3305 1306 καὶ
3342 1252 3404 1306 οἱ
3439 1251 3556 1322 μὲν
3589 1251 3769 1321 ὁρῶν-

435 1348 487 1400 in
513 1348 659 1402 omni
699 1356 844 1401 terra
874 1360 1038 1415 quam
1080 1344 1292 1416 irrigat,
1336 1342 1612 1399 diﬂundit.
1643 1342 1897 1397 Solonem
1942 1343 2026 1396 vi-

2164 1355 2221 1402 ες
2262 1337 2576 1410 ἐθαύμαζον
2596 1355 2611 1369 ·
2642 1337 2717 1403 ὡς
2765 1339 2822 1393 δὲ
2848 1338 3144 1408 άπεφοίτα,
3182 1339 3346 1394 πάλιν
3383 1339 3649 1393 ἐπόθουν
3678 1339 3767 1393 τὸν

426 1441 622 1496 dentes
683 1438 940 1493 admirati
1010 1447 1182 1503 sunt;
1228 1451 1465 1506 cumque
1520 1435 1845 1500 discederet,
1883 1434 2031 1490 illius

2164 1431 2352 1487 ἒόλωνα
2375 1446 2390 1460 ·
2438 1431 2715 1504 Ἀθηναῖοι
2743 1433 2801 1487 δὲ
2822 1433 2954 1505 παρ’
2973 1428 3057 1497 οἷς
3078 1433 3180 1505 τὴν
3213 1434 3479 1507 κρηπίδα
3506 1431 3629 1486 τῶν
3662 1450 3767 1504 μα-

431 1529 709 1585 desiderio
724 1531 873 1599 capti
903 1539 1052 1583 sunt.
1076 1528 1448 1585 Atheuienses
1482 1537 1690 1594 autem,
1726 1528 1866 1596 apud
1893 1541 2032 1597 quos

2164 1526 2317 1598 κητῶν
2348 1525 2595 1591 ἐϐάλετο,
2628 1527 2771 1598 τάχα
2818 1528 2916 1582 καὶ
2956 1527 3057 1600 τὴν
3090 1528 3325 1600 Ἀθηνᾶν
3371 1527 3662 1599 ηὔχοντο,
3685 1527 3765 1592 τὸ,

433 1608 829 1690 discipulorum
859 1621 1140 1690 crepidam
1189 1629 1441 1683 exuerat,
1479 1617 1782 1675 Minervam
1836 1618 2027 1674 forsan

2166 1617 2436 1691 ομοθέτην
2467 1617 2625 1683 αὖθις
2652 1619 2948 1674 ἀποδοῦναι
2977 1621 3046 1694 τῇ
3080 1620 3235 1675 πόλει
3258 1638 3273 1652 ·
3311 1622 3362 1675 εί
3399 1620 3468 1674 δὲ
3508 1619 3618 1674 καὶ
3644 1618 3768 1673 τού-

433 1724 767 1785 rogaveruut
793 1725 850 1769 ut
873 1730 1089 1770 rursum
1123 1713 1329 1768 civitati
1361 1712 1679 1768 redderetur
1704 1708 1985 1782 legislator
2012 1726 2028 1776 ;

2164 1729 2229 1765 ou
2268 1712 2432 1766 ἐνεκα
2470 1711 2570 1784 τὴν
2618 1710 2933 1783 ἀποδημίαν
2967 1713 3274 1785 σοφίζεται,
3318 1713 3550 1783 γνῶναι
3596 1711 3770 1780 θέλων

438 1822 545 1861 non
570 1816 748 1868 autem
780 1807 1012 1861 mirarer
1041 1820 1141 1876 ego
1193 1805 1344 1859 illum
1380 1812 1668 1874 propterea
1712 1802 1778 1857 de
1804 1816 1901 1857 sua
1930 1816 2026 1872 pe-

2167 1822 2284 1869 πως
2326 1778 2538 1877 ἔρωτος
2571 1778 2815 1876 ’ἥκουσιν⁷
2845 1807 2924 1869 είς
2947 1778 3119 1861 αὑτὸν
3148 1778 3467 1878 Ἀθηναῖοι,
3526 1805 3639 1860 οὐκ
3676 1778 3769 1870 liv,

440 1897 810 1966 regrinatione
841 1898 1130 1968 cogitasse,
1161 1895 1305 1967 quod
1340 1905 1603 1966 quantum
1636 1896 1689 1950 in
1723 1910 1783 1951 se
1825 1894 2030 1949 amoris

2164 1893 2315 1970 ἶμαι,
2365 1897 2736 1969 θαυμάσαιμι,
2783 1898 2926 1969 πλὴν
2960 1897 3081 1963 ἐνὸς
3106 1899 3302 1971 ἀνδρὸς
3335 1898 3600 1962 ἀπόντος
3639 1898 3769 1953 ἐδά-

438 1989 863 2045 Atbeniensibus
892 1999 1041 2045 esset
1085 1990 1230 2045 scire
1268 1988 1470 2044 vellet:
1515 1997 1715 2060 praeter
1746 1988 2031 2045 hominem

2164 2008 2348 2066 ιρυσαν
2382 1990 2683 2063 Ἀθηναῖοι,
2708 1992 2889 2048 καίτοι
2906 1992 3130 2063 σοφοὺς,
3154 1993 3230 2058 ὡς
3251 1993 3436 2059 είκδς,
3467 1990 3771 2063 εὐτυχοῦν-

442 2098 612 2135 ttnum
646 2082 737 2150 qui
775 2092 901 2138 tunc
933 2082 1077 2137 forte
1110 2082 1324 2154 aberat,
1356 2080 1561 2138 ﬂevere
1581 2096 1793 2150 omnes,
1817 2081 2034 2137 etiamsi

2164 2105 2229 2152 ἐς
2263 2086 2492 2158 ἐτέρους
2513 2102 2528 2117 ·
2564 2085 2711 2151 τίνες
2744 2085 2812 2140 ἂν
2835 2086 3136 2159 γενοίμεθα
3174 2086 3240 2140 τὸ
3286 2085 3616 2156 κεφάλαιον
3652 2085 3769 2140 ὅλον

442 2174 716 2243 sapientes
749 2175 907 2255 alios,
955 2183 1014 2230 ut
1066 2175 1367 2231 verisimile
1407 2187 1512 2243 est,
1568 2175 1852 2231 haberent.
1897 2175 2038 2243 Quid

2164 2181 2567 2254 ιφαιρούμενοι;
2601 2179 2697 2234 καὶ
2729 2181 2796 2250 ἢν
2826 2179 2892 2234 ἄν
2922 2198 3009 2244 τις
3040 2180 3291 2235 ἐδίστασε
3324 2179 3646 2251 πρότερον,
3698 2177 3772 2231 εί-

441 2268 509 2322 de
540 2267 696 2322 nobis
744 2278 916 2331 esset,
960 2269 1003 2323 si
1046 2269 1177 2324 illud
1213 2285 1489 2325 summum
1520 2269 1719 2324 bouum
1755 2270 2040 2326 amittere-

2164 2289 2205 2325 τε
2231 2270 2331 2344 τὴν
2374 2269 2653 2342 Ἀττικὴν,
2681 2271 2792 2325 εἴτε
2810 2270 2911 2342 τὴν
2953 2269 3186 2327 Ἰταλίαν
3227 2272 3533 2342 προσῆκεν
3568 2271 3768 2338 εἰπεῖν,

445 2374 562 2414 mus
605 2360 629 2413 ἲ
681 2360 738 2413 Si
779 2363 903 2429 quis
926 2363 1077 2431 prius
1110 2362 1463 2429 dubitaverit,
1489 2363 1606 2419 sive
1626 2364 1865 2419 Atticam
1925 2365 2042 2420 sive

2164 2363 2288 2435 ι’ύτη
2321 2365 2453 2436 σιγᾷ
2470 2364 2568 2417 νῦν
2603 2359 2865 2436 ἐξαίφνης
2910 2363 3008 2420 καὶ
3054 2363 3166 2417 τῶν
3200 2363 3635 2436 γνωρισμάτων
3670 2364 3772 2431 ἀφ-

447 2448 654 2504 Italiam
685 2442 931 2520 proferre
973 2454 1132 2507 licet:
1184 2462 1416 2524 utraque
1446 2456 1606 2511 modo
1630 2455 1755 2510 silet
1793 2457 2044 2513 etscien-

2164 2458 2379 2531 ᾕρηται·
2432 2458 2528 2512 καὶ
2556 2456 2731 2512 ταῦτα
2757 2457 2989 2529 πάσχειν
3016 2458 3161 2512 ἔοικε
3209 2457 3289 2530 τῷ
3325 2457 3653 2530 Κιθερῶνι,
3688 2457 3768 2510 ὅτι

448 2542 535 2596 tiis
569 2554 721 2598 caret
773 2554 938 2613 atque
987 2546 1178 2602 eadem
1213 2548 1325 2616 pati
1367 2547 1580 2603 videtur
1646 2562 1769 2617 qute
1795 2546 2045 2634 Citbero,

444 2635 558 2706 qui,
587 2648 939 2709 posteaquam
971 2642 1273 2712 saepissime
1296 2641 1461 2696 deum
1506 2652 1824 2713 acceperat,
1849 2643 1942 2699 illo
1969 2658 2050 2699 re-

446 2731 694 2795 cedente,
723 2732 904 2786 subito
930 2732 1182 2789 desertus
1214 2736 1392 2790 factus
1415 2743 1520 2791 est.
1548 2733 1661 2790 Nec
1690 2737 1903 2807 ttspiam
1926 2736 2050 2792 Dio-

452 2822 657 2891 nysius.
695 2822 881 2893 Itaque
936 2825 1245 2896 Apollinem
1283 2826 1578 2896 increpabo
1611 2826 1705 2898 qui
1761 2829 1829 2883 ad
1875 2844 1935 2884 se
1977 2844 2053 2884 ex

451 2924 768 2987 contemptu
803 2919 1284 2974 nostrarevocavit
1329 2929 1386 2975 et
1417 2921 1658 2975 arbitror
1686 2919 1899 2977 felicem
1944 2922 2054 2979 illis

449 3019 655 3065 sortem
698 3013 1070 3081 gratulaturas
1104 3027 1229 3069 esse
1260 3012 1460 3069 Musas.
1514 3013 1626 3069 Vos
1658 3015 1925 3070 nimirum
1959 3030 2057 3071 an-

2151 2554 2319 2609 πολὺν
2355 2549 2650 2624 δεξάμενός
2678 2568 2812 2605 ποτε
2848 2552 2994 2623 θεὸν,
3021 2549 3278 2617 ἀπιόντος
3306 2550 3487 2606 πάλιν
3505 2550 3769 2620 ἐξαίφνης

2152 2649 2360 2720 ἔρημος
2388 2641 2478 2717 ἦν·
2507 2645 2602 2699 καὶ
2635 2646 2663 2698 ὁ
2691 2644 2974 2710 Διονύσιος
2999 2645 3242 2717 οὐδαμοῦ
3266 2663 3280 2677 ·
3319 2645 3456 2700 ὅθεν
3483 2642 3765 2711 καταϐοή.

2156 2726 2322 2812 σομαι
2358 2738 2455 2793 τοῦ
2488 2737 2838 2802 Ἃπόλλωνος
2862 2781 2877 2806 ,
2911 2738 2971 2802 ὃς
3004 2740 3099 2793 καὶ
3141 2738 3273 2810 παρ’
3318 2737 3532 2793 ἑαυτὸν
3586 2735 3768 2790 ἐκάλει

2154 2834 2225 2887 τά
2257 2830 2502 2905 ἡμέτερα
2533 2829 2777 2901 παριδών
2798 2846 2810 2859 ·
2842 2830 2938 2884 καὶ
2978 2825 3133 2901 οἶμαι
3173 2829 3396 2893 τούτοις
3436 2825 3764 2899 συνήδεσθαι

2156 2926 2258 2995 τῆς
2291 2923 2550 2994 εὐτυχίας
2580 2923 2680 2986 τὰς
2716 2922 2944 2988 Μούσας
2967 2940 2980 2954 ο
3013 2924 3174 2995 ὑμεῖς
3194 2924 3374 2992 δήπου
3398 2923 3503 2976 καὶ
3521 2919 3765 2974 παλαιιῖιν

2161 3012 2635 3096 μυθολογημάτων
2675 3010 3051 3083 ἐμπίπλασθε,
3100 3011 3235 3084 παρ’
3288 3012 3474 3084 αὐτὴν
3527 3010 3634 3080 ἤδη
3669 3009 3763 3081 τὴν

456 3102 620 3171 t'qnis
649 3100 849 3157 fabulis
876 3103 1182 3173 replemiui,
1208 3106 1574 3174 recogitantes
1607 3106 1739 3176 quid
1768 3106 1906 3164 deus
1953 3123 2051 3178 per

2164 3108 2377 3177 Δάφνην
2409 3105 2749 3176 λογιζόμενοι
2786 3106 2880 3159 τοῦ
2907 3104 3029 3160 θεοῦ
3054 3105 3116 3160 τὸ
3145 3105 3321 3169 πάθος
3341 3120 3358 3135 ·
3389 3104 3497 3177 τὴν
3526 3103 3762 3174 Δάφνην,

454 3197 624 3263 ipsam
693 3196 971 3269 Daphnem
1028 3196 1194 3255 fuerit
1228 3214 1449 3269 passus,
1509 3199 1790 3270 Dapbnem
1832 3214 2050 3270 nempe,

457 3290 786 3356 castitatem,
843 3290 1377 3360 humanitatemque,
1414 3292 1668 3347 arborem
1707 3306 1828 3361 qute
1865 3307 2055 3346 aman-

461 3391 572 3436 tem
606 3383 963 3450 consolatur;
1018 3394 1185 3452 atque
1219 3384 1377 3439 vobis
1433 3383 1577 3438 inter
1623 3383 1878 3438 homines
1925 3382 2055 3437 solis

459 3477 558 3529 dea
618 3477 845 3548 pignora
908 3476 1132 3530 realiter
1185 3476 1379 3547 largita
1454 3484 1560 3531 est.
1629 3474 1728 3541 Si,
1787 3475 2051 3546 Apollinis

465 3568 657 3622 amicae
691 3568 889 3637 gratia,
932 3578 1073 3621 naue
1137 3576 1268 3623 sunt
1333 3566 1575 3639 cypressi
1625 3581 1831 3637 opaca),
1890 3577 2059 3637 atque

460 3659 627 3713 etiam
673 3658 958 3715 abundans
999 3674 1162 3729 aqua,
1192 3667 1248 3714 et
1291 3658 1496 3714 cicadae
1523 3659 1858 3724 cauuut,via
1917 3675 2056 3730 quo-

474 3767 582 3820 que
614 3749 762 3805 molli
807 3750 988 3805 herba
1049 3750 1273 3816 fruitur,
1304 3759 1361 3806 et
1394 3749 1624 3807 arbores
1672 3751 1796 3806 alia:
1831 3760 2057 3822 propter

467 3843 627 3906 alias,
680 3852 738 3899 et
792 3843 989 3897 domus
1022 3843 1283 3899 arborum
1314 3843 1638 3901 celsitudine
1667 3844 1737 3899 ad
1773 3844 2057 3900 dimidium

463 3935 768 3999 absconszc,
800 3950 865 3989 ac
894 3950 1045 3990 aura:
1074 3936 1285 4003 dulces,
1313 3937 1567 4007 variique
1598 3938 1818 4004 odores,
1849 3946 1904 3992 et
1927 3936 2061 3994 solis

466 4029 720 4081 ardorem
761 4026 1034 4097 repellens
1065 4028 1258 4082 umbra
1287 4045 1302 4082 :
1329 4038 1573 4083 vestrum
1598 4037 1685 4083 est
1733 4037 1828 4083 aut
1856 4028 1968 4084 cito
1993 4044 2059 4085 ea

466 4120 720 4173 nuntiare
743 4127 839 4172 aut
865 4118 1087 4187 scriptis
1126 4119 1464 4176 describere.
1504 4117 1714 4176 Vellem
1766 4133 1949 4176 tamen
1990 4121 2062 4177 ad

467 4211 671 4273 vosire
689 4221 744 4266 et
780 4225 877 4266 vos
908 4208 1116 4278 videre,
1165 4222 1224 4267 ut
1270 4222 1470 4283 praeter
1522 4224 1742 4277 caetera,
1800 4208 2060 4267 vaticinia

468 4317 686 4372 quoque
714 4303 930 4357 audiam
962 4321 978 4359 :
1015 4303 1145 4359 illud
1175 4305 1322 4361 enim
1355 4305 1563 4375 opinor
1597 4305 1803 4361 vobisa
1837 4302 2060 4374 Daphne

471 4398 635 4450 etiam
655 4412 781 4452 esse
812 4412 1158 4453 concessum.

1043 4486 1129 4545 Vl.
1161 4487 1525 4547 PALLADIO.

545 4582 856 4638 Potentium
884 4581 1141 4636 virtutem
1197 4584 1489 4637 maximam
1559 4595 1757 4638 censeo
1783 4595 1905 4637 esse
1935 4597 2067 4636 con-

473 4678 638 4733 solari
692 4690 1004 4748 oppressos.
1079 4674 1216 4731 Cum
1243 4675 1390 4730 enim
1425 4675 1682 4745 potentiae
1732 4674 1942 4731 accedit
1978 4690 2072 4728 vo-

479 4773 662 4826 luntas
688 4768 939 4824 servandi
977 4767 1275 4837 justitiam,
1307 4767 1435 4836 quid
1487 4767 1670 4822 obstat
1724 4767 1855 4839 quin
1906 4767 2071 4838 perli-

476 4865 694 4920 ciautur
723 4877 844 4932 quae
887 4861 1100 4930 legibus
1153 4859 1446 4915 videntur?
1476 4858 1584 4914 Sed
1629 4874 1888 4933 quorsum
1941 4859 2072 4915 illud

483 4957 804 5027 prooemium
842 4954 866 5008 ‘l
911 4953 1152 5009 Isidorus
1196 4952 1586 5021 scholasticus,
1621 4953 1713 5022 qui
1757 4952 1884 5007 dum
1920 4951 2072 5006 νίνου

485 5060 588 5116 rel,
621 5047 749 5101 tnihi
786 5046 887 5100 fuit
920 5046 1152 5111 amicus,
1204 5059 1347 5100 nunc
1406 5052 1585 5099 autem
1623 5043 1885 5098 memoria
1934 5043 2075 5098 idem

485 5155 570 5202 est
596 5158 661 5199 ac
703 5144 858 5199 vivus
890 5156 1028 5209 erat,
1061 5150 1116 5196 tu
1148 5141 1266 5197 aliis
1292 5141 1473 5196 dicere
1524 5155 1718 5210 posses
1772 5154 1935 5210 quam
1971 5140 2076 5194 mi-

489 5237 716 5292 rabilem
744 5252 802 5292 se
824 5235 1111 5305 praebuerit
1142 5253 1159 5303 ;
1191 5250 1222 5289 e
1254 5234 1392 5289 vivis
1432 5233 1720 5290 discedens
1759 5233 2079 5310 destitutam

488 5330 635 5384 omni
680 5328 952 5398 adjutorio
993 5327 1220 5383 domum
1255 5318 1476 5394 reliquit
1516 5341 1533 5380 :
1574 5340 1695 5395 quae
1718 5325 1866 5379 enim
1907 5335 2082 5379 mater

493 5423 693 5489 fuerat,
739 5420 872 5475 orba
932 5434 1096 5484 nunc,
1129 5419 1185 5473 in
1220 5427 1464 5473 extrema
1502 5425 1805 5481 senectute,
1839 5432 1940 5472 nec
1966 5417 2080 5487 jam

497 5525 670 5568 mater
700 5531 715 5579 ;
747 5527 885 5567 uxor
934 5520 1115 5564 autem
1171 5511 1450 5564 viduitatis
1478 5510 1609 5581 jugo
1659 5510 1928 5581 premitur
1967 5552 1984 5578 ,
2018 5512 2084 5565 de

497 5603 684 5659 liberis
718 5616 844 5657 vero
897 5601 1026 5670 quid
1057 5600 1343 5655 dicendum
1375 5601 1400 5655 ?
1430 5599 1674 5655 Parvula:
1724 5610 1853 5656 sunt
1894 5600 2085 5667 puella:

497 5703 554 5748 et
580 5692 695 5761 jam
725 5690 1378 5762 orphanorummiseram
1411 5702 1613 5746 sortem
1647 5699 1907 5760 expertae,
1948 5704 2084 5745 uno-

500 5799 719 5854 quoque
748 5782 938 5853 verbo,
962 5783 1214 5839 omnibus
1257 5780 1512 5852 injuriam
1547 5779 1747 5839 inferre
1776 5782 2084 5838 volentibus

2156 3200 2256 3273 τὴν
2310 3197 2673 3271 σωφροσύνην
2728 3199 2932 3272 καὶιτδ
2988 3199 3405 3272 φιλάνθρωπον,
3457 3199 3561 3254 καὶ
3603 3198 3760 3267 φυτὸν

2158 3290 2663 3365 παραμυθούμενον
2690 3292 2928 3363 ἐραστήν
2952 3306 2967 3322 ο
2998 3292 3093 3346 καὶ
3121 3291 3253 3362 παρ’
3280 3291 3417 3364 ὑμῖν
3439 3290 3632 3361 μόνοις
3662 3287 3761 3343 τῶν

2158 3384 2460 3457 ὁρωμένων
2493 3384 2528 3454 ή
2558 3381 2658 3437 θέα
2692 3382 2771 3454 τῷ
2797 3381 2943 3453 λόγῳ
2970 3383 3070 3449 τὴν
3092 3383 3414 3455 μαρτυρίαν
3449 3379 3756 3454 χαρίζεται*

2157 3477 2286 3532 εἰδὲ
2309 3477 2404 3530 καὶ
2444 3476 2776 3547 κυπάριττοι
2806 3475 3013 3530 πυκναὶ
3042 3476 3179 3546 πρὸς
3200 3476 3366 3548 χάριν
3399 3476 3651 3530 ἀνεῖνται
3670 3471 3761 3541 τῆς

2158 3569 2446 3642 ἐρωμένης
2485 3567 2847 3636 ’Δπόλλωνος,
2883 3567 2981 3621 καὶ
3018 3566 3165 3642 ὕδωρ
3203 3568 3445 3638 ἄφθονον
3477 3567 3576 3622 καὶ
3596 3566 3760 3620 τέττι-

2162 3679 2257 3732 γες
2284 3660 2497 3734 ᾅδουσι,
2527 3659 2627 3714 καὶ
2668 3658 2787 3723 ὁδὸς
2820 3662 2888 3731 τῇ
2942 3659 3053 3733 πόᾳ
3095 3660 3317 3732 μαλακῇ
3353 3659 3756 3732 παρακέχυται,

2160 3755 2257 3808 καὶ
2303 3753 2500 3825 δένδρα
2552 3750 2670 3807 ἀλλ’
2703 3751 2792 3806 ἐπ’
2836 3751 3041 3816 ἄλλοις,
3094 3752 3192 3806 καὶ
3220 3751 3393 3807 οἰκίαι
3435 3750 3521 3824 τῷ
3563 3749 3757 3805 τούτων

2161 3848 2288 3919 ὕψει
2314 3846 2461 3903 κατά
2497 3848 2664 3919 μέσον
2691 3846 3096 3918 κρυπτόμεναι,
3124 3842 3271 3918 αὗρά
3316 3863 3383 3901 τε
3424 3843 3645 3918 μετρία,
3672 3841 3755 3895 καὶ

2159 3938 2305 4010 ὀσμὴ
2329 3937 2632 4010 συμμιγὴς,
2660 3938 2765 3992 xal.’
2783 3939 2913 3992 σκιά
2941 3936 3035 3991 τοῦ
3066 3936 3220 4009 ἡλίου
3248 3935 3311 3991 τὸ
3345 3934 3602 4007 λυπηρὸν
3631 3934 3753 3987 ἀπο·

2161 4031 2441 4094 κλείουσα,
2498 4029 2825 4101 ὑμέτερονῆ
2852 4028 2929 4093 ὡς
2956 4028 3125 4101 τάχος
3158 4028 3457 4099 ἀγγέλλειν
3481 4028 3514 4099 ἢ
3558 4025 3752 4097 διηγεϊ-

2163 4122 2291 4177 σθαι
2327 4124 2441 4186 τοῖς
2464 4122 2761 4192 γράμμασι
2779 4136 2793 4151 ο
2814 4119 2958 4192 πλὴν
2982 4120 3282 4192 βουλοίμην
3311 4122 3397 4185 είς
3418 4119 3565 4191 ὑμᾶς
3579 4116 3751 4172 ἐλθόν-

2160 4230 2263 4277 τας
2298 4213 2452 4276 ἰδεῖν.
2485 4211 2573 4266 ἵνα
2607 4211 2746 4282 πρὸς
2786 4214 2899 4276 τοῖς
2944 4211 3131 4277 ἄλλοις
3186 4212 3286 4266 καὶ
3341 4207 3750 4282 μαντευομένων

2164 4303 2493 4373 ἀκούσωμαι
2511 4314 2525 4328 ·
2564 4301 2660 4355 καὶ
2682 4300 2842 4354 τοῦτο
2863 4301 2973 4374 γάρ
3003 4302 3134 4374 ὑμῖν
3168 4297 3326 4373 οἶμαι
3345 4296 3750 4366 δεδωκέναιτῂν

2164 4396 2407 4469 Δάφνην.

2184 4528 2191 4533 .
2719 4489 2812 4556 εῖν.
2854 4488 3219 4560 nummo.

2243 4581 2355 4653 Τὴν
2386 4581 2497 4635 τῶν
2534 4579 2679 4651 μέγα
2708 4577 3028 4648 δυναμένων
3084 4575 3286 4649 ἀρετὴν
3320 4574 3584 4646 μεγίστην
3603 4561 3745 4638 οἶμαι

2169 4677 2283 4741 τοῖς
2326 4673 2705 4744 ἀδικουμένοις
2749 4669 3130 4742 παραμυθίαν.
3183 4668 3482 4739 Δυνάμεως
3530 4662 3633 4733 γὰρ
3676 4661 3744 4721 εἰς

2172 4765 2371 4822 ταυτὸν
2438 4764 2703 4836 ἐλθούσης
2752 4764 2848 4818 καὶ
2899 4762 3128 4834 γνώμης
3175 4761 3429 4833 τιμώσης
3460 4757 3527 4812 τὰ
3554 4755 3739 4812 δίκαια,

2172 4858 2227 4911 τί
2255 4856 2456 4912 κωλύει
2484 4854 2621 4926 πρὸς
2649 4854 2822 4926 πέρας
2852 4853 2992 4908 ἱέναι
3013 4852 3084 4906 τά
3104 4851 3366 4906 δοκοῦντα
3396 4852 3509 4912 τοῖς
3539 4846 3739 4916 νόμοιςς

2188 4948 2352 5003 Ἀλλά
2400 4947 2453 5000 τί
2513 4963 2602 5019 μοι
2644 4943 2897 5016 βούλεται
2926 4944 2986 4997 τὸ
3035 4942 3357 5015 προοίμιον;
3409 4938 3666 5008 Ἰσίδωρος
3715 4930 3740 4983 ὅ

2178 5043 2554 5114 σχολαστικὸς,
2610 5041 2639 5093 ὁ
2689 5038 2860 5092 πάλαι
2917 5037 3016 5107 μὲν
3039 5036 3194 5106 φίλος
3226 5035 3390 5109 ἡνίκα
3438 5033 3554 5103 ἔζη,
3585 5023 3740 5114 νῦνδὶ

2184 5113 2348 5206 μέχρι
2385 5133 2484 5203 τῆς
2549 5132 2795 5203 μνήμης,
2841 5123 2952 5192 οἶος
2989 5129 3089 5197 μὲν
3131 5123 3202 5200 ἦν
3261 5127 3352 5182 τὸν
3405 5125 3535 5199 βίον,
3573 5113 3737 5176 ulti);

2182 5224 2522 5297 πανταχόθεν
2550 5224 2715 5277 αὑτὸν
2759 5223 2991 5292 παρεῖχε
3051 5218 3375 5291 θαυμάζειν,
3427 5216 3517 5272 καὶ
3555 5209 3738 5280 ἑτέροις

2182 5320 2345 5383 αὐτὸς
2374 5319 2694 5389 ἐξηγήσαιο.
2754 5314 2894 5368 Νυνὶ
2931 5313 2989 5368 δὲ
3043 5310 3294 5366 ἀπελθὼν
3339 5310 3400 5377 ἐξ
3440 5302 3729 5389 ἀνθρώπων,

2183 5413 2393 5483 ἔρημον
2418 5387 2745 5479 συμμαχίας
2774 5404 3034 5459 κατέλιπε
3068 5404 3168 5472 τὴν
3196 5404 3391 5457 οἰκίαν.
3430 5399 3494 5453 Ἥ
3522 5396 3613 5466 μὲν
3641 5387 3731 5458 γὰρ

2184 5504 2354 5560 πάλαι
2379 5502 2586 5574 μήτηρ,
2609 5499 2705 5554 νῦν
2729 5499 2896 5563 ἄπαις
2922 5498 3016 5551 ἐπὶ
3033 5499 3239 5569 γήραος
3271 5493 3430 5565 οὐδῷ,
3456 5489 3545 5546 καὶ
3573 5484 3729 5574 μήτηρ

2187 5571 2409 5652 οὐκέτι-⁸
2444 5571 2610 5665 ⁷ήμδέ
2643 5593 2892 5653 σύνοικος
2926 5591 3156 5663 χηρείας
3188 5590 3451 5661 ὑποφέρει
3472 5580 3646 5650 ζυγόν

2185 5691 2243 5746 δὲ
2277 5688 2463 5742 παιδία
2496 5662 2549 5740 τί
2595 5685 2677 5738 δεῖ
2736 5683 2950 5753 λέγειν;
2996 5681 3156 5752 κόραι
3206 5680 3316 5752 γὰρ
3369 5672 3518 5733 αὗται
3550 5662 3723 5742 μικράν

2190 5784 2422 5852 ἄγουσαι
2454 5777 2553 5850 τὴν
2581 5775 2821 5849 ἡλικίαν,
2856 5774 2950 5830 καὶ¹
3002 5771 3267 5845 ὀρφανίας
3304 5770 3468 5843 τύχης
3494 5756 3728 5834 πειρώμε·
