3978 6418
261 333 403 399 2725

1719 328 2125 390 EPISTOL/E.

3419 327 3621 403 2726.

251 462 363 506 ναν
419 444 702 499 συνελόντι
747 442 803 495 δὲ
860 443 1046 510 φάναι,
1091 441 1408 510 πρόκεινται
1439 443 1572 494 πᾶσι
1596 444 1705 506 τοῖς
1735 444 1843 495 ἀδι-

1952 442 2221 505 obnoxiae,
2255 441 2359 495 nisi
2395 449 2456 494 'tn
2484 448 2641 495 "vetes
2672 457 2685 494 :
2736 438 2883 494 illinc
2928 446 3164 509 vergunt
3197 453 3322 510 spes
3347 457 3561 497 earum-

251 541 367 596 κεῖν
402 536 782 610 βουλομένοις,
807 535 855 585 εί
880 532 955 604 μὴ
974 533 1036 584 σύ
1056 532 1341 597 κωλύσεις,
1370 534 1422 585 αί
1460 530 1666 585 τούτων
1712 534 1854 605 ὀρῶσ

253 649 335 686 σιν
378 631 621 694 ἐλπίδες.
662 630 722 683 Ὀ
774 628 923 681 δεῖνα
976 626 1086 699 γάρ
1143 625 1304 694 φύσει
1354 627 1454 696 μὲν
1489 627 1852 696 ὲπιπόνηρος·

252 724 574 796 πῳσοικῶν
599 723 709 794 γὰρ
763 724 862 793 τὴν
905 720 1112 773 τούτων
1159 718 1354 779 οἰκίαν,
1399 716 1496 771 καὶ
1542 718 1634 771 τὸν
1665 719 1728 771 ἐκ
1757 717 1853 771 τοῦ

250 815 592 884 γειτνιάζειν
645 813 840 883 φθόνον
890 809 1094 877 λαϐὼν,
1125 810 1256 881 μίαν
1285 807 1580 878 πεποίηται
1624 806 1855 877 γνώμην

250 908 537 977 ἄχρηστον
573 906 768 968 αὐταῖς
793 902 1123 971 ἀποφαίνειν
1160 900 1261 972 τὴν
1305 901 1550 967 οἴκησιν·
1581 896 1706 952 ὅθεν
1728 896 1855 951 οὐτε

248 997 358 1050 τῶν
389 993 831 1066 οίκοδομούντων
874 992 1118 1064 ἐννόμως
1165 991 1530 1062 κωλυομένων
1555 991 1851 1061 ἠνέσχετο·

250 1090 342 1143 καὶ
372 1088 519 1157 πρὸς
554 1087 817 1159 ἀλλήλους
855 1084 1254 1157 διαγράμματα
1304 1084 1640 1156 συγκείμενα
1687 1083 1855 1155 λῆρον

248 1177 582 1250 ἡγούμενος,
614 1177 952 1251 κυριώτερον
984 1177 1148 1231 αὐτὸν
1168 1176 1616 1247 ἀποφαίνειντῶν
1646 1176 1848 1247 νόμων,

247 1270 344 1343 καὶ
372 1264 452 1325 ὧν
470 1271 641 1335 αὐτὸς
655 1271 1009 1343 ὡμολόγησεν
1033 1283 1050 1303 ⁸
1072 1271 1210 1325 ἀλλά
1230 1268 1489 1325 δικαστοῦ
1514 1271 1607 1324 καὶ
1626 1268 1851 1341 μισοῦν-

247 1381 336 1427 τος
367 1363 440 1417 τὰ
457 1363 647 1434 φαῦλα
677 1363 907 1436 γνώμην
932 1363 1139 1429 λαϐὼν,
1170 1363 1334 1434 γενοῦ
1370 1366 1492 1428 ταῖς
1521 1363 1714 1434 κόραις
1742 1380 1851 1417 πα-

245 1456 373 1526 τὴρ,
410 1457 513 1511 καὶ
534 1459 603 1528 τῇ
639 1456 811 1529 μητρὶ
837 1459 990 1522 παῖς,
1049 1458 1143 1510 καὶ
1199 1459 1265 1529 τῇ
1313 1456 1537 1526 γυναικὶ
1563 1457 1729 1512 πάλιν
1755 1450 1853 1510 ἶσα

1971 535 2199 602 Quidam
2236 534 2404 598 enim,
2433 541 2624 587 natura
2655 545 2968 601 perversus,
3017 544 3206 586 earum
3247 532 3429 588 domui
3474 536 3558 590 vi-

1966 628 2146 692 einus,
2171 624 2454 681 vicinitate
2488 622 2693 678 invidia
2736 633 2929 693 capta,
2986 623 3036 677 id
3086 632 3296 678 tantum
3354 626 3562 697 cogitat

1963 733 2073 789 quo
2099 718 2205 773 illis
2230 718 2448 772 domum
2485 730 2640 770 suam
2666 715 2911 769 inutilem
2943 714 3106 770 faciat
3139 733 3155 768 :
3192 715 3273 771 sic
3293 731 3388 771 eos
3416 716 3558 787 legi-

1966 812 2094 865 time
2113 809 2384 865 aedificare
2425 822 2530 861 non
2562 821 2766 877 passus
2789 817 2871 861 est
2906 823 2921 874 ;
2949 818 3104 876 pacta
3135 822 3353 877 quoque
3368 818 3559 863 mutua

1962 919 2061 972 pro
2098 903 2269 956 nihilo
2302 904 2530 967 habens,
2573 916 2631 955 se
2656 900 2864 969 legibus
2901 910 2956 954 et
3001 900 3238 971 propriis
3283 902 3556 971 pactioni-.-

1962 997 2065 1051 bns
2104 995 2444 1066 superiorem
2474 995 2698 1064 praebet.
2729 992 2934 1048 Jndicis
2980 994 3145 1064 igitur
3185 1004 3420 1051 mentem
3470 1002 3556 1050 in-

1956 1087 2182 1158 justitiae
2240 1086 2617 1141 adversantem
2674 1100 2915 1150 sumens,
2953 1085 3145 1156 puellis
3206 1095 3323 1141 esto
3376 1095 3554 1157 pater,

1962 1179 2124 1234 matri
2163 1178 2308 1235 illius
2334 1187 2387 1231 et
2410 1179 2568 1232 uxori
2600 1176 2805 1248 pariter
2827 1178 3047 1248 coniux,
3083 1181 3392 1251 nostrisque
3423 1197 3559 1237 oru—

1963 1273 2030 1329 lis
2054 1273 2098 1327 is
2137 1287 2296 1342 quem
2330 1272 2664 1340 experientia
2694 1272 3029 1341 compluries
3068 1274 3348 1341 ostendit;
3377 1274 3558 1329 sciant

1962 1377 2068 1417 non
2090 1375 2213 1417 esse
2257 1360 2443 1416 auxilii
2471 1361 2705 1431 inopiam
2724 1362 2896 1418 donec
2934 1361 3067 1434 legis
3109 1372 3165 1419 et
3191 1363 3294 1419 viri
3329 1363 3554 1432 iustitia:

1961 1455 2200 1510 cultores
2232 1464 2376 1509 stent
2416 1455 2742 1510 inculumes.

247 1548 342 1603 καὶ
370 1547 653 1617 σύνοικος,
709 1551 845 1621 ἡμῖν
890 1548 947 1603 δὲ
983 1548 1229 1613 τοιοῦτος
1261 1543 1374 1603 οἷον
1408 1551 1443 1622 ἠ
1492 1549 1845 1623 προλαϐοῦσα
1881 1551 2047 1618 πεῖρα
2093 1537 2355 1613 πολλάκις
2408 1548 2698 1616 ἀπέδειξε·
2748 1551 2843 1604 καὶ
2863 1549 3057 1619 γνώτω
3121 1552 3197 1616 ὼς
3238 1553 3341 1607 οὐκ
3406 1554 3556 1608 ἔστιν

246 1642 457 1715 ἔρημον
497 1640 643 1698 εἶναι
661 1644 1002 1716 συμμαχίας,
1026 1644 1132 1710 ἕως
1152 1646 1220 1701 ἂν
1245 1646 1301 1700 οἵ
1325 1662 1385 1700 τε
1413 1646 1569 1717 νόμοι
1592 1646 1856 1713 σώζονται
1898 1648 1991 1702 καὶ
2017 1646 2210 1719 ἄνδρες
2237 1648 2510 1718 τιμῶντες
2537 1647 2607 1702 τὰ
2632 1647 2838 1703 δίκαια.

596 1740 672 1794 Ζ’.
702 1739 940 1810 ΓΕΣΣΙῼ
984 1739 1505 1815 ΙΑἹῬΟΣΟΦΙΣΤῌ.

314 1830 431 1900 Τὴν
460 1831 742 1904 ὑμετέραν
767 1832 1063 1905 ἐπιστολὴν
1105 1835 1188 1898 εἰς
1223 1837 1414 1906 χεῖρας
1436 1834 1640 1900 λαϐὼν,
1672 1835 1845 1900 αὐτὰς

250 1923 400 1991 ἔδοξα
431 1924 594 1996 μόλις
626 1927 992 1998 ἀπειληφέναι
1022 1929 1122 1994 τὰς
1168 1928 1416 1996 Μούσας,
1443 1929 1633 1993 ἔνθους
1667 1948 1729 1985 τε
1775 1927 1847 2004 ἦν

247 2020 335 2088 ὑφ’
361 2019 588 2090 ήδονῆς,
621 2023 719 2075 καὶ
747 2022 850 2075 οὐκ
864 2018 1012 2093 εἶχον
1036 2023 1064 2077 ὅ
1093 2040 1146 2076 τι
1197 2025 1293 2077 καὶ
1338 2024 1621 2095 γένωμαι’
1650 2023 1847 2096 ὥσπερ

204 2125 211 2130 ’
244 2118 291 2170 οί
320 2115 522 2187 Δελφοὶ
554 2116 1365 2190 ὲπειδάνώςέξὙπερϐορείων
1389 2118 1635 2183 ἐλθόντος
1650 2113 1849 2172 Ἀπόλ-

245 2209 433 2274 λωνος,
463 2207 529 2261 τὸ
551 2207 688 2278 πρὶν
712 2208 996 2279 σιγῶντες,
1030 2212 1259 2282 πλήρεις
1284 2212 1550 2283 ἐξαίφνης
1580 2213 1848 2283 γένωνται

247 2299 341 2354 τοῦ
377 2301 532 2359 θεοῦ.
564 2302 822 2367 Τοιοῦτος
853 2298 923 2374 ἦν
972 2321 1056 2367 τις
1109 2303 1244 2374 ἐγὼ,
1298 2305 1477 2358 πάντα
1523 2303 1845 2376 θαυμάζων,

246 2393 348 2447 τῶν
372 2394 670 2465 ὀνομάτων
708 2394 808 2467 τὴν
859 2395 1033 2467 ὥραν,
1061 2396 1162 2466 τὴν
1208 2397 1349 2468 πρὸς
1398 2397 1606 2468 ἀλληλα
1640 2397 1847 2451 τούτων

246 2485 537 2556 ἁρμονίαν,
573 2486 637 2540 τὸ
662 2486 751 2541 διὰ
772 2486 992 2541 πάντων
1022 2486 1220 2551 κάλλος
1251 2487 1675 2559 ἐπιφαινόμενον
1698 2507 1712 2520 ·
1751 2491 1846 2544 καὶ¹

246 2577 302 2629 τὸ
325 2575 388 2647 δὴ
420 2576 712 2647 μέγιστον,
735 2578 865 2642 τούς
896 2577 1196 2650 ὑμετέρους
1226 2576 1488 2648 τρόπους,
1521 2577 1580 2643 ὲξ
1608 2571 1683 2633 ὧν
1717 2581 1846 2652 ἡμῖν

216 2664 482 2738 ’προῆλθε
544 2669 618 2723 τὰ
661 2668 1005 2740 πράγματα’
1058 2669 1153 2723 καί
1202 2686 1285 2723 σοι
1344 2670 1607 2737 πολλάκις
1665 2672 1848 2741 ἀγαθὰ

242 2758 456 2825 γένοιτο
477 2759 744 2830 τοιαύτην
767 2762 899 2831 ἡμῖν
929 2761 1300 2815 ἀποδεδωκότι
1326 2760 1423 2832 τὴν
1446 2762 1644 2833 ἑορτήν
1665 2780 1677 2794 ·
1709 2764 1846 2819 ἀλλά

247 2851 351 2923 γὰρ
387 2854 487 2923 μία
518 2852 750 2923 χελιδὼν
780 2853 901 2925 ἔαρ,
928 2855 1116 2924 φησὶν,
1150 2856 1214 2909 οὐ
1242 2858 1411 2909 ποιεῖ·
1439 2850 1551 2910 οἷον
1592 2855 1651 2910 δὲ
1682 2856 1777 2910 καὶ
1809 2859 1859 2927 ή.

250 2945 602 3015 προλαϐοῦσα
638 2945 873 3017 χελιδὼν
930 2949 1010 3011 είς
1065 2947 1228 3020 ἔργου
1289 2948 1493 3020 ἤρκεσε
1525 2942 1747 3022 χρείανο
1798 2953 1846 3004 εἰ

244 3037 416 3094 δὲκαὶ
447 3039 721 3112 δευτέραν
772 3042 1071 3116 προσθείην
1106 3043 1202 3097 καὶ
1249 3043 1443 3114 τρίτην
1470 3039 1590 3097 εἶτα
1615 3043 1841 3109 πολλάς,

2230 1742 2342 1799 VII.
2375 1742 2622 1799 GESSlO
2660 1743 2916 1801 INSIGNI
2969 1743 3248 1815 MEDICO.

2019 1834 2190 1889 Tuam
2217 1835 2501 1906 epistolam
2535 1836 2588 1890 in
2619 1838 2872 1892 manibus
2896 1836 3195 1906 accipiens,
3238 1838 3384 1906 ipsas
3434 1837 3554 1894 Mue

1949 1942 2038 1982 sas
2064 1928 2210 1983 visus
2239 1928 2367 1982 mihi
2400 1944 2519 1983 sum
2558 1929 2811 2000 accipere
2836 1947 2849 1985 :
2871 1944 2982 2000 pra:
3028 1930 3308 1999 voluptate
3363 1944 3554 1985 amens

1949 2021 2165 2091 meique
2188 2021 2401 2077 nescius
2419 2008 2438 2076 ξ
2451 2021 2905 2091 quemadmodum
2928 2021 3160 2090 Delphii,
3181 2037 3303 2077 cum
3325 2022 3464 2077 velut
3483 2037 3551 2076 ex

1949 2113 2317 2185 Hyperboreis
2373 2113 2593 2168 advenit
2639 2113 2867 2184 Apollo,
2900 2114 3051 2183 prius
3090 2114 3247 2179 muti,
3279 2113 3423 2184 pleni
3458 2128 3545 2169 re-

1952 2216 2111 2275 pente
2145 2208 2247 2263 deo
2281 2206 2417 2262 fiunt
2449 2225 2463 2275 ;
2503 2208 2581 2262 sic
2610 2222 2732 2278 ego,
2779 2208 2959 2262 omnia
2997 2207 3221 2272 mirans,
3256 2209 3548 2261 verborum

1949 2308 2317 2364 venustatem,
2340 2314 2530 2353 eorum
2569 2301 2634 2353 ad
2665 2299 2897 2354 invicem
2932 2299 3296 2362 harmoniam,
3325 2297 3549 2353 elucen—

1953 2399 2056 2444 tem
2079 2404 2144 2444 ex
2175 2390 2427 2446 omnibus
2466 2391 2742 2455 decorem,
2770 2389 2866 2445 sed
2897 2390 3195 2459 prmsertim
3234 2400 3355 2445 tuos
3409 2386 3547 2446 affe-

1884 2487 1887 2491 '
1947 2488 2070 2536 ctus
2097 2481 2298 2550 quibus
2340 2482 2407 2536 ad
2456 2496 2543 2536 me
2593 2497 2656 2537 ea
2695 2481 3049 2551 devenerant.
3101 2481 3379 2536 Permulta
3444 2482 3540 2537 tibi

1948 2573 2265 2644 contingant
2291 2575 2451 2631 bona.
2486 2576 2578 2645 qui
2610 2581 2821 2629 tantam
2869 2573 2999 2628 mihi
3057 2572 3408 2630 festivitatem
3466 2573 3547 2630 fe—

1947 2665 2113 2720 cisti!
2162 2664 2399 2721 hirundo
2432 2682 2560 2734 una,
2597 2673 2656 2720 ut
2717 2666 2890 2731 aiunt,
2920 2682 3018 2725 ver
3071 2682 3176 2721 non
3209 2665 3358 2734 facit,
3420 2665 3548 2723 licet

1949 2760 2291 2826 prmvenieus
2314 2745 2552 2815 hirundo
2587 2760 2655 2814 ad
2676 2758 2726 2814 id
2750 2760 2886 2815 satis
2917 2760 2988 2815 sit
3022 2774 3039 2826 ;
3075 2759 3215 2830 quod
3242 2761 3285 2815 si
3316 2760 3544 2814 alteram

1954 2848 2239 2918 adderem,
2275 2860 2330 2905 et
2365 2852 2680 2920 tertiam,ct
2708 2852 2906 2906 multas
2937 2861 3149 2921 postea,
3176 2867 3273 2907 ver
3295 2853 3426 2908 mihi
3460 2864 3545 2908 ta-

1951 2956 2071 2995 men
2098 2956 2205 2995 nou
2246 2953 2411 3009 esset,
2447 2943 2541 2997 sed
2566 2958 2742 3012 neque
2783 2943 2873 3000 ille
2901 2942 3149 3009 Croesus,
3190 2960 3370 3014 neque
3410 2960 3547 2999 auro

1953 3031 2126 3088 fluens
2159 3031 2436 3088 Pactolus.
2470 3032 2699 3090 Liberos
2728 3044 2852 3091 tuos
2877 3050 2999 3090 cum
3031 3034 3376 3103 jneunditate
3410 3038 3543 3103 vidi,

247 3131 391 3185 οὐδὲν
420 3132 489 3186 ἀν
531 3133 621 3204 είη
685 3133 786 3204 ἔαρ
821 3115 970 3205 νήμίν
992 3151 1004 3164 ·
1052 3133 1176 3188 οὐτε
1218 3136 1454 3205 Κροῖσος
1480 3136 1687 3200 ἐκεῖνος
1716 3133 1842 3189 οὐτε

1952 3133 2000 3180 et
2026 3125 2181 3194 quasi
2204 3140 2300 3195 per
2328 3125 2621 3195 imaginem
2640 3127 2736 3181 tibi
2762 3128 2939 3182 denuo
2957 3128 3330 3198 conjungebar
3359 3145 3374 3197 ;
3402 3133 3547 3185 unde

249 3221 430 3292 χρυσῷ
462 3223 610 3294 ῥέων
649 3224 679 3275 ὁ
733 3222 1051 3287 Πακτωλός.
1074 3223 1216 3286 Τοὺς
1245 3223 1304 3277 δὲ
1336 3223 1632 3296 ὑμετέρους
1650 3223 1842 3288 παῖδας

249 3309 379 3367 εἶδον
400 3314 602 3387 ἡδέως,
632 3317 730 3370 καὶ
787 3314 977 3388 ὥσπερ
1011 3315 1079 3369 δι’
1107 3315 1321 3379 εἰκόνος
1380 3315 1668 3387 ἀνηγόμην
1703 3317 1844 3388 πρὸς

250 3404 306 3455 σέ
325 3405 477 3459 ·ὅθεν
512 3404 779 3476 ηὐξάμην
835 3405 931 3458 καὶ
981 3404 1204 3468 πλείους
1234 3403 1363 3458 ἰδεῖν
1382 3420 1397 3433 ο
1423 3404 1518 3459 καὶ
1549 3406 1596 3456 εί
1627 3404 1843 3475 μεγάλα

248 3494 445 3565 λέγειν,
475 3495 579 3551 τοῦ
610 3498 816 3569 πατρὸς
839 3496 1101 3566 ἀμείνους
1123 3509 1137 3523 ⁴
1159 3479 1287 3552 an,
1311 3493 1407 3551 οὖν
1434 3495 1717 3568 εὐχομένφ
1742 3497 1842 3571 ῥᾴ’

249 3588 352 3641 διον
377 3589 567 3660 λέγειν
588 3590 690 3644 ὅσα
714 3605 779 3659 γε
803 3588 1076 3661 βούλεται,
1100 3590 1194 3643 καὶ
1216 3587 1505 3659 μιμεῖσθαι
1526 3587 1619 3643 τὸν
1643 3587 1842 3642 Ἕκτο-

252 3695 334 3750 pa'
382 3681 478 3736 τὸν
519 3682 739 3752 ἑταῖρον
785 3681 1064 3753 Δωρόθεον
1103 3680 1265 3735 αὐτόν
1303 3697 1371 3751 με
1418 3679 1569 3737 δοκεῖ
1591 3680 1843 3751 παρόντα

251 3776 549 3844 προσάγειν
572 3774 703 3845 ὑμῖν
722 3791 737 3806 ⁸
756 3774 852 3828 καὶ
871 3773 1051 3843 λέγειν
1077 3773 1206 3827 ἄλλο
1232 3773 1331 3843 μὲν
1351 3772 1522 3837 οὐδὲν,
1553 3772 1658 3842 πλη
1667 3771 1839 3844 ρῶσαι

251 3865 306 3919 δὲ
328 3868 484 3922 τοῦτο
512 3868 618 3931 τὰς
647 3866 871 3931 ἐλπίδας
896 3865 1047 3937 αὐτῷ
1101 3866 1345 3938 παρέσχε
1385 3865 1456 3919 τὰ
1479 3865 1722 3936 ὑμέτερα
1753 3865 1837 3919 δι-

253 3962 584 4031 ηγούμενος·
616 3960 665 4013 εί
690 3960 748 4014 δὲ
768 3960 863 4014 καὶ
883 3960 949 4014 δι’
981 3960 1083 4031 ἐμέ
1125 3977 1179 4014 τι
1240 3960 1401 4014 πλέον
1423 3959 1565 4027 ἕξειν
1602 3960 1834 4028 ἐλπίζει,

259 4052 514 4125 ὑμέτερον
545 4052 613 4107 ἂν
640 4052 727 4120 είη
750 4052 940 4107 τοῦτον
984 4055 1061 4124 μὴ
1099 4052 1407 4123 ψευσθῆναι
1443 4052 1544 4122 τῆς
1593 4050 1837 4123 συγγνώ-

258 4160 356 4214 μης
376 4162 391 4178 ·
425 4147 694 4217 ουστήσει
724 4145 782 4199 δὲ
807 4145 900 4199 τὸν
949 4146 1069 4200 νέον
1118 4145 1248 4217 ὑμῖν
1279 4146 1374 4200 καὶ
1418 4145 1623 4217 τρόπος
1642 4145 1844 4218 ὁμοίως

254 4236 342 4286 καὶ
367 4236 598 4304 σπουδὴ,
627 4235 773 4309 ειπερ
794 4238 843 4290 εί
868 4231 936 4309 ἦν
953 4237 1116 4291 αὐτὸν
1143 4236 1262 4307 ἅμα
1280 4240 1345 4307 τῇ
1370 4236 1469 4309 θέᾳ
1486 4239 1844 4308 παραστῆσαι

254 4331 417 4399 σαφῆ,
443 4329 603 4384 οὐδὲν
634 4330 701 4384 ἂν
720 4331 850 4393 ἴσως
883 4329 993 4383 ἔδει
1014 4329 1124 4383 τῶν
1143 4328 1429 4402 ἡμετέρων
1460 4330 1844 4401 γραμμάτων⁹

252 4416 341 4471 νῦν
363 4420 419 4473 δὲ
452 4421 522 4475 δι’
584 4422 685 4491 ἐμὲ
750 4421 821 4475 τὰ
868 4421 1065 4490 πρῶτα
1114 4423 1378 4493 τιμήσας,
1436 4422 1665 4492 ὕστερον
1686 4416 1842 4493 οἶμαι

1945 3220 2196 3288 exoptavi
2233 3227 2289 3274 et
2337 3218 2524 3288 plures
2560 3219 2747 3275 videre
2781 3228 2835 3276 et
2864 3221 2909 3276 si
2953 3236 3145 3292 magna
3179 3223 3362 3278 dicere
3393 3224 3546 3289 licet,

1948 3320 2102 3381 patre
2127 3311 2379 3366 meliores
2414 3329 2428 3378 ;
2466 3314 2563 3367 sed
2599 3312 2806 3381 optanti
2856 3311 3019 3369 facile
3058 3323 3144 3369 est
3203 3329 3546 3385 quascunque

1945 3402 2076 3458 velit
2093 3403 2293 3470 dicere,
2316 3414 2370 3458 et
2389 3402 2675 3459 Hectorem
2697 3403 2921 3459 imitari.
2947 3403 3277 3461 Dorotbeum
3310 3406 3548 3461 amicum

1945 3495 2079 3561 mihi
2105 3496 2290 3550 videor
2320 3504 2642 3566 praesentem
2679 3497 2775 3552 tibi
2809 3497 3030 3563 sistere,
3052 3511 3151 3554 nec
3172 3497 3377 3568 aliquid
3403 3498 3549 3553 aliud

1943 3589 2151 3653 dicere,
2167 3590 2261 3643 sed
2293 3604 2413 3644 eam
2446 3587 2590 3644 illius
2616 3604 2770 3659 spem
2804 3590 3034 3661 implere
3092 3605 3257 3661 quam
3290 3600 3381 3645 tua
3417 3608 3547 3645 nar-
3578 3646 3583 3651 ,

1942 3694 2071 3734 rans
2100 3679 2233 3734 oriri
2254 3678 2404 3735 fecit.
2426 3678 2484 3734 Si
2513 3690 2696 3734 autem
2720 3696 2817 3751 per
2845 3696 2930 3736 me
2958 3683 3265 3752 quidquam
3308 3685 3548 3755 amplius

1944 3771 2153 3826 habere
2175 3780 2385 3841 sperat,
2411 3782 2561 3827 tuum
2586 3772 2695 3827 erit
2718 3772 2863 3828 illius
2886 3773 3220 3829 desiderium
3280 3790 3387 3831 non
3441 3775 3548 3831 fal-

1943 3862 2079 3919 lere.
2103 3861 2373 3919 Juvenem
2403 3864 2500 3921 tibi
2525 3864 2765 3921 vincient
2796 3881 2983 3921 mores
3025 3867 3191 3922 sinml
3221 3876 3279 3923 et
3316 3868 3549 3939 diligen-

1945 3955 2061 4012 tia:
2117 3970 2240 4026 qnae
2298 3956 2347 4011 si
2390 3957 2653 4028 possibile
2695 3970 2885 4025 esset,
2928 3974 3043 4014 una
3102 3976 3226 4015 cum
3294 3963 3542 4032 corporis

1946 4046 2135 4103 habitu
2167 4046 2459 4104 manifeste
2491 4051 2799 4119 ostendere,
2832 4066 2940 4106 non
2974 4052 3160 4109 forsan
3193 4054 3330 4110 meis
3350 4055 3542 4115 litteris

1948 4153 2087 4209 opus
2113 4150 2262 4196 esset
2286 4158 2302 4207 ;
2332 4140 2481 4196 illum
2514 4154 2740 4214 propter
2769 4158 2855 4198 me
2884 4143 3063 4214 primo
3101 4143 3543 4210 cohonestatum,

1947 4243 2155 4303 postea,
2184 4234 2371 4300 credo,
2398 4245 2624 4306 propter
2660 4238 2838 4307 ipsum
2897 4236 3189 4292 mirabere.
3221 4237 3364 4293 Puto
3409 4252 3547 4307 quo-

1949 4340 2056 4397 que
2088 4328 2323 4383 amicum
2353 4329 2710 4385 Anastasium
2738 4329 2991 4401 benignis
3022 4340 3075 4386 te
3091 4331 3263 4386 oculis
3318 4332 3538 4401 conspi-

1948 4434 2096 4487 cere,
2135 4421 2303 4476 veluti
2333 4437 2508 4493 genus
2539 4433 2787 4480 nostrum
2816 4416 3004 4479 omne.
3032 4425 3171 4491 Quid
3192 4424 3424 4495 amplius
3455 4426 3537 4481 di-

255 4508 555 4582 θαυμάσεις
571 4515 667 4568 καὶ
694 4514 761 4568 δι’
794 4514 960 4589 αὐτόν
979 4530 995 4545 ·
1027 4511 1181 4585 οἶμαι
1211 4513 1270 4567 δὲ
1290 4515 1387 4569 καὶ
1416 4516 1632 4587 ἑταῖρον
1675 4516 1834 4569 Ἀνα-

1952 4517 2174 4571 nendum
2198 4516 2742 4588 bominijampridem
2772 4518 2951 4574 amico
2972 4528 3027 4574 et
3068 4519 3166 4590 qui
3220 4521 3382 4576 modo
3432 4536 3540 4575 non

254 4603 466 4661 στάσιον
495 4605 787 4678 εὐμενέσιν
817 4606 964 4677 ὑμᾶς
1005 4605 1137 4660 ίδεῖν
1172 4604 1474 4677 ὁφθαλμοϊς
1526 4605 1602 4671 ὡς
1640 4606 1736 4660 καὶ
1765 4605 1829 4660 τὸ

1939 4608 2138 4663 minori
2178 4609 2554 4666 benevolentia
2581 4610 2720 4666 allici
2744 4610 2987 4665 dicitur?

253 4698 517 4774 ἡμέτερον
546 4704 736 4773 γένος’
766 4702 822 4757 τί
853 4702 1069 4774 γάρδεῖ
1101 4702 1279 4758 πλέον
1304 4703 1480 4757 είπεῐν
1529 4704 1665 4775 πρὸς
1700 4702 1873 4774 ἄνδρα
1910 4704 2080 4759 πάλαι
2128 4722 2189 4760 τε
2233 4706 2332 4760 καὶ
2368 4706 2523 4777 φίλον
2554 4707 2651 4763 καὶ
2676 4705 2771 4761 νῦν
2794 4686 2949 4761 οὐδὲν
2968 4701 3134 4781 ἧττον
3163 4707 3367 4762 εὐνοεῖν
3398 4709 3538 4780 ᾑρη..

212 4852 215 4857 ,
257 4792 440 4863 tum:

655 4890 737 4944 ιιι.
777 4888 1079 4962 ΖΑΧΑΡΙᾼ
1120 4888 1408 4961 nemo.

333 4978 419 5046 Ὠς
450 4980 650 5048 ἔοικεν,
686 4974 733 5036 ὦ
760 4981 958 5053 λῷστε,
986 4982 1095 5036 τῶν
1125 4983 1205 5046 εἰς
1228 4983 1377 5053 ἡμᾶς
1400 4982 1753 5054 σκωμμάτων
1772 4984 1832 5038 οὐ

258 5088 385 5127 ποτε
411 5079 563 5148 παύῃ
581 5092 596 5108 ο
622 5075 761 5148 μηδέ
790 5092 856 5145 γε
878 5074 1117 5130 παύσαιο
1136 5074 1363 5141 τούτων,
1382 5068 1427 5128 ὧ
1449 5074 1652 5139 πάντες
1680 5074 1795 5131 θεοί
1819 5092 1832 5106 ·

170 5164 173 5165 ⁷
256 5163 325 5228 ὠς
351 5166 462 5236 ἐγὼ
484 5168 794 5240 λεγομένων
810 5167 1095 5237 προσγελῶ
1106 5184 1167 5221 τε
1184 5166 1393 5232 τούτοις
1407 5168 1723 5240 γράμμασι,
1740 5173 1837 5225 καὶ

258 5255 389 5325 πρὸς
440 5260 585 5330 ὑμᾶς
629 5260 969 5333 ἀφικνοῦμαι
1015 5263 1084 5333 τῇ
1144 5260 1375 5333 διανοίᾳ,
1427 5262 1522 5316 καὶ
1556 5260 1736 5330 λέγειν
1782 5280 1835 5316 τι

259 5345 391 5403 δοκῶ
422 5352 560 5423 πρὸς
589 5354 741 5426 ἡμᾶς
769 5354 867 5409 καὶ
916 5352 1185 5423 λεγόντων
1214 5353 1459 5425 ἀκούειν.
1489 5354 1641 5408 ’Ὧστ’
1671 5358 1722 5410 et
1753 5373 1837 5410 σοι

263 5441 405 5506 μέλει
432 5445 531 5516 τῆς
559 5447 618 5499 ὲν
646 5449 759 5510 τοῖς
803 5447 1101 5519 γράμμασι
1139 5447 1387 5519 χάριτος,
1419 5446 1575 5516 μέλει
1611 5447 1669 5500 δὲ
1693 5448 1834 5501 πάν-

260 5544 381 5595 τως.
408 5533 559 5605 βάλλ’
590 5537 791 5604 οὕτως,
825 5539 921 5592 καὶ
952 5538 1179 5607 μείζονα
1217 5539 1543 5610 χαρίζεσθαι
1569 5539 1764 5607 δόξεις,
1796 5540 1829 5613 ἢ

259 5619 308 5672 εῐ
328 5640 414 5694 μοι
440 5633 702 5704 παρεῖχες
754 5631 976 5703 Κροίσῳ
1031 5631 1319 5701 γενέσθαι·
1375 5631 1533 5685 κάλει
1575 5630 1635 5686 δὲ
1668 5632 1831 5686 πάλιν

263 5717 528 5790 σοφιστὴν,
556 5722 647 5776 καὶ
672 5721 796 5792 λέγε
820 5723 1031 5791 κρότων
1058 5726 1193 5796 ὲρᾷν
1211 5743 1225 5757 ·
1246 5723 1420 5798 ὀφρύν
1448 5743 1509 5779 τε
1542 5727 1828 5798 προστίθει

261 5805 347 5859 καὶ
362 5808 548 5893 τῦφον,
583 5814 677 5869 καὶ
705 5816 813 5870 πᾶν
841 5817 869 5871 ό
904 5816 954 5871 τί
990 5833 1070 5870 σοι
1117 5816 1306 5887 φίλονο
1351 5817 1611 5884 πολλάκις
1645 5818 1700 5873 δὲ
1731 5820 1827 5873 καὶ

2304 4886 2438 4942 Vlll.
2478 4885 2703 4941 ZACllA
2715 4884 2852 4940 RIIE
2900 4885 3182 4945 FRATRI.

2016 4980 2087 5036 Ut
2114 4978 2302 5037 videre
2326 4989 2430 5043 est,
2462 4976 2811 5045 charissime,
2842 4980 2949 5034 tuis
2996 4980 3049 5034 in
3111 4994 3211 5036 nos
3268 4982 3538 5039 conviciis

1944 5090 2049 5132 non
2074 5074 2332 5131 desistis:
2365 5072 2459 5129 sed
2519 5087 2588 5129 ne
2621 5072 2879 5135 desistas.
2931 5072 3068 5142 proh
3107 5072 3247 5131 Deos
3299 5077 3534 5133 omnes!

1944 5168 2073 5240 quia
2105 5170 2279 5224 risum
2320 5169 2452 5225 mihi
2484 5179 2706 5227 movent
2732 5186 2855 5241 quae
2884 5189 2937 5227 in
2974 5172 3084 5229 nlis
3118 5173 3319 5231 litteris
3342 5176 3534 5231 dicun-

1947 5271 2056 5328 tur,
2080 5272 2137 5317 et
2169 5264 2236 5318 ad
2272 5277 2370 5318 vos
2387 5264 2720 5335 cogitatione
2744 5265 2909 5321 venio
2934 5275 2991 5321 et
3041 5267 3174 5322 mihi
3218 5270 3406 5324 videor
3439 5286 3536 5326 vos

1942 5354 2143 5425 alloqui
2177 5365 2229 5409 et
2261 5354 2472 5410 audire.
2503 5353 2738 5426 Ideoque
2781 5356 2827 5411 si
2875 5357 2970 5412 tibi
3023 5373 3173 5414 cura:
3209 5367 3291 5414 est
3319 5358 3532 5415 littera-

1937 5464 2059 5505 rum
2094 5448 2271 5520 gratia
2303 5449 2402 5520 (et
2454 5450 2689 5506 maxime
2727 5450 2859 5522 est),
2888 5449 2990 5507 feri
3039 5450 3242 5517 denuo,
3291 5451 3536 5521 mihique

1938 5542 2111 5613 magis
2133 5552 2349 5614 gratum
2376 5542 2649 5598 videbitur
2676 5557 2840 5614 quam
2859 5544 2903 5599 si
2924 5558 3008 5598 me
3023 5543 3271 5600 Crarsum
3288 5544 3531 5611 faceres;

1938 5652 2154 5692 rursum
2216 5637 2518 5706 sopltistam
2580 5651 2713 5691 voca
2768 5646 2823 5691 et
2861 5636 3153 5705 plausuum
3199 5646 3529 5702 amatorem,

1936 5729 2291 5800 supercilium
2324 5730 2464 5787 adde
2495 5740 2550 5785 et
2609 5728 2922 5800 superbiam
2985 5738 3041 5785 et
3098 5729 3362 5800 quidquid
3427 5730 3524 5786 tibi

1937 5821 2221 5891 placuerit.
2261 5823 2436 5895 Saepe,
2501 5836 2624 5899 cum
2684 5820 2981 5893 Sophistam
3019 5820 3250 5888 diceres,
3279 5822 3535 5878 intende-7
