3978 6414
452 297 590 365 279'?

1761 292 2110 355 PROCOPII
2149 289 2386 353 GAZAEI

3569 287 3698 352 2728

452 409 546 463 has
582 407 718 461 Idem
759 419 882 461 esse
915 405 962 458 id
1009 406 1189 458 dicere
1225 420 1288 460 ac
1331 405 1622 474 superbum
1656 417 1854 458 vocare
1887 417 2024 470 ;cgo

2147 401 2392 471 τοφιστὴν
2446 397 2625 462 ,εἰπὼν
2682 396 3027 466 ἀπηλλάγης,
3053 396 3128 458 ὡς
3158 394 3352 450 ταυτὸν
3376 395 3436 446 ὃν
3455 395 3617 450 τοῦτο
3636 401 3708 451 εἱ-

463 517 592 552 vero
625 511 805 582 artem
831 513 1003 551 meam
1035 513 1143 551 non
1169 497 1414 566 ejurahu.
1462 495 1612 562 Quod
1641 495 1686 550 si
1721 497 1865 549 illius
1903 511 2026 563 pro-

452 591 631 660 prium
665 598 749 645 est
780 592 833 643 in
893 589 1202 657 superbiam
1241 587 1527 650 extollere,
1595 586 1662 640 ad
1715 596 1786 650 te,
1842 585 2027 650 credo,

449 684 690 753 "pertinet
715 697 929 752 quoque
952 681 1084 734 artis
1105 680 1425 735 exercitium
1463 695 1478 744 ;
1513 679 1606 733 sed
1664 692 1764 746 pro
1816 685 1906 730 tua
1949 691 2029 729 re-

457 777 696 831 verentia
731 775 938 828 tacebo.
994 770 1158 826 Forte
1195 773 1390 825 mirum
1424 771 1476 824 in
1513 775 1729 824 modum
1756 784 1816 824 es
1849 767 2034 834 sophi—

455 879 560 930 sta,
585 877 638 920 ct
664 882 775 920 rem
799 864 1126 934 experientia
1153 873 1333 916 notam
1351 864 1531 917 verbis
1559 860 2031 917 decetcelebrare.

455 957 723 1012 Pra-terea
781 956 999 1010 silentio
1058 954 1240 1008 forsan
1277 953 1328 1007 in
1386 954 1585 1008 litteris
1637 951 1913 1005 transmisi
1978 959 2034 1003 ct

453 1047 652 1117 quaeris
688 1045 848 1100 ﬂores
885 1055 938 1100 et
968 1046 1314 1106 hirundines,
1343 1055 1398 1096 et
1428 1044 1666 1112 placidas
1691 1042 1858 1095 maris
1910 1055 2030 1094 mu—

455 1141 706 1204 tatiOncs,
736 1148 786 1192 et
839 1137 1135 1191 formosum
1191 1135 1461 1200 Adonida,
1493 1143 1545 1187 et
1583 1133 1914 1202 Aphroditen
1973 1131 2034 1184 il-

457 1232 560 1286 lam
586 1229 908 1285 mirabiliter
950 1237 1247 1291 amantem,
1277 1237 1332 1280 et
1359 1229 1512 1284 doles
1541 1229 1684 1296 quod
1733 1241 1913 1281 rosam
1929 1239 2032 1278 non

353 1361 364 1370 ι
455 1325 612 1377 audis
649 1322 804 1390 cujus
866 1323 1092 1391 gratiam
1123 1321 1441 1389 jamdudum
1506 1319 1762 1384 miraris;
1796 1332 1892 1388 ego
1937 1331 2034 1368 au-

459 1427 564 1468 tem
600 1416 731 1468 nihil
783 1414 890 1466 tale
930 1415 1128 1476 dicam,
1155 1420 1210 1466 et
1238 1412 1538 1482 prwsertim
1574 1411 1685 1473 tibi,
1722 1425 1786 1462 ne
1844 1422 2036 1461 rursus

457 1507 710 1562 deridens
741 1522 824 1560 me
847 1505 1057 1575 pulchri
1085 1507 1329 1574 ignarum
1358 1513 1410 1556 et
1440 1503 1735 1570 sephistam
1769 1517 1949 1554 voces.

971 1771 1060 1826 IX.
1095 1767 1485 1824 El‘lPHA’SlO.

526 1859 726 1914 Potens
771 1865 916 1915 certe
955 1874 1079 1914 eras
1118 1873 1494 1928 quemcunque
1537 1857 1799 1912 voluisses
1847 1855 1910 1909 ad
1957 1854 2034 1907 lo-

437 1954 726 2022 ‘quendum
757 1952 918 2006 velad
949 1955 1236 2007 tacendum
1307 1953 1502 2017 ciendi,
1548 1951 1789 2018 mihique
1836 1948 2037 2001 videris

458 2046 662 2116 aliquid
695 2045 940 2114 ejusdem
975 2043 1117 2098 modi
1156 2043 1335 2099 facere
1367 2061 1430 2098 ac
1471 2045 1513 2098 si
1558 2045 1679 2114 quis
1723 2043 1837 2113 lyra
1874 2056 2034 2111 quam

459 2140 646 2205 habet,
692 2141 820 2206 quia
853 2153 913 2190 ea
947 2139 1024 2192 uti
1067 2138 1337 2205 didicerit,
1387 2149 1477 2191 aut
1505 2153 1668 2193 sonos
1696 2137 1916 2192 eliceret
1947 2141 2038 2188 aut

458 2247 485 2282 a
514 2231 797 2300 pulsandis
832 2229 1051 2283 chordis
1089 2231 1410 2293 abstineret,
1459 2231 1524 2283 ad
1569 2231 1622 2284 id
1663 2229 1802 2298 quod
1847 2227 2038 2281 melius

455 2331 737 2389 putaretur
767 2321 877 2374 cito
907 2330 1156 2388 paratus,
1191 2337 1288 2374 nec
1315 2323 1612 2392 quidquam
1647 2320 1912 2374 musicutn
1955 2320 2038 2373 di-

453 2422 627 2477 ceret,
661 2427 836 2482 neque
865 2412 980 2480 ipse
1023 2428 1197 2480 neque
1236 2413 1355 2481 ejus
1407 2413 1546 2483 lyra.
1605 2411 1696 2467 Sic
1734 2423 1786 2466 te
1830 2421 2038 2465 tacente

453 2515 507 2554 et
531 2503 596 2556 ad
645 2519 783 2556 nova
835 2503 1220 2572 prospiciente,
1256 2504 1478 2558 tristitia
1523 2492 1704 2559 statim
1739 2501 2037 2572 premimur

453 2607 508 2649 et
543 2596 768 2650 silemus
803 2610 901 2650 nos
958 2594 1086 2648 olim
1123 2595 1473 2665 amicissimi,
1511 2611 1654 2649 nunc
1689 2605 1866 2648 autem
1899 2593 2037 2645 forte

454 2687 638 2740 amici.
683 2685 790 2740 Sed
823 2687 966 2740 unde
1010 2685 1111 2740 hoc
1146 2686 1301 2741 dulce
1329 2687 1353 2740 ?
1382 2685 1552 2756 Leges
1591 2696 1642 2739 te
1671 2695 1867 2755 cogunt
1896 2684 2038 2736 elato

455 2779 747 2847 supercilio
773 2793 914 2832 esse.
950 2777 1152 2832 Deinde
1171 2793 1236 2832 co
1271 2781 1414 2846 quod
1443 2777 1770 2848 lcgislatoris
1804 2787 2036 2828 inmitem

456 2871 759 2940 sumpseris
781 2870 966 2939 etjam
995 2870 1361 2924 Romanorum
1403 2869 1617 2946 res_til.i
1665 2867 1900 2921 videaris
1951 2877 2039 2918 tua

455 2963 724 3016 sententia
758 2976 969 3030 gerere,
995 2962 1114 3015 ideo
1141 2969 1346 3014 tantum
1380 2961 1431 3014 in
1463 2960 1681 3013 modum
1739 2972 1902 3026 supra
1945 2971 2041 3009 nos

457 3051 755 3105 extollcris.
781 3050 886 3105 Sed
922 3051 965 3105 si
1001 3051 1086 3103 vix
1117 3050 1210 3104 tibi
1239 3057 1487 3118 superest
1525 3049 1764 3118 pristina:
1789 3046 2040 3100 amicitim

2133 495 2254 546 πεῖν
2284 491 2378 544 καὶ
2402 489 2635 553 ἀλαζόνα
2662 486 2916 542 καλέσαι.
2962 485 3101 553 Ἐγὼ
3134 484 3191 537 δὲ
3220 486 3317 556 τὴν
3353 485 3493 557 ἐμὴν
3523 488 3708 558 τέχνην

2132 585 2232 638 οὐκ
2267 581 2620 654 ἀρνησαίμην
2639 595 2654 609 ⁸
2680 580 2728 632 εί
2761 579 2820 632 δὲ
2859 578 3068 644 ταύτης
3095 576 3226 629 ἴδιον
3259 576 3321 630 τὸ
3349 579 3488 648 πρὸς
3519 577 3705 639 ἀλαξοο

2133 677 2282 731 νείαν
2311 675 2578 743 ἐπαίρειν,
2606 673 2701 725 καὶ
2763 671 2846 723 σοί
2893 686 2996 722 που
3032 668 3286 740 μέτεστιν
3320 666 3475 734 ἄγων
3502 668 3598 736 τῆς
3626 670 3708 721 τέ.

2132 786 2268 840 χνης
2299 783 2314 796 ·
2347 766 2488 820 ὥστε
2521 765 2734 818 δέδοικα
2770 761 2846 832 μὴ
2874 763 3007 831 ὅσης
3040 759 3244 830 ταύτης
3267 759 3523 829 μετέχεις
3544 775 3558 790 ·
3585 761 3708 814 ἀλλὰ

2131 861 2240 931 γὰρ
2263 859 2399 915 αἰδοῖ
2421 860 2488 928 τῇ
2523 857 2660 927 πρὸς
2706 855 2766 908 σὲ
2815 853 3204 923 σιωπήσομαι·
3243 850 3375 914 ἴσως
3408 848 3468 902 δὲ
3506 848 3707 920 θαυμα-

2137 959 2261 1018 ore;
2292 946 2372 1014 εἷς
2407 948 2666 1018 σοφιστὴς
2727 946 2803 999 ὥν
2823 962 2837 977 ο
2870 947 2966 1000 καὶ
3007 944 3068 998 τὸ
3101 945 3262 1015 ἔργον
3288 945 3392 1014 ἤδη
3451 941 3709 1011 θεώμενος

2135 1045 2250 1096 δέον
2273 1040 2661 1112 ἐκπομπεῦσαι
2692 1039 2768 1108 τῷ
2799 1039 2942 1108 λόγῳ
2963 1054 2976 1068 ·
3008 1033 3128 1090 εἶτα
3166 1035 3450 1106 παρῆλθον
3477 1037 3602 1104 σιγῇ
3628 1036 3710 1088 καί

2137 1154 2238 1189 που
2263 1136 2446 1204 ζητεῖς
2473 1135 2529 1186 ὲν
2557 1135 2669 1196 τοῖς
2713 1133 3005 1202 γράμμασι
3049 1129 3185 1200 ἄνθη
3215 1130 3308 1183 καὶ
3339 1127 3612 1199 χελιδόνος
3631 1129 3714 1181 καὶ

2137 1228 2406 1298 θαλάττης
2461 1224 2764 1297 μεταϐολὴν
2823 1225 3054 1294 ἥμερον,
3096 1221 3189 1276 τόν
3235 1238 3295 1274 τε
3348 1219 3582 1272 Ἀδωνιν
3632 1219 3714 1271 τὸν

2136 1319 2323 1384 καλὸν,
2355 1317 2448 1371 καὶ
2481 1317 2581 1385 τὴν
2633 1315 2952 1386 Ἀφροδίτην
2986 1313 3201 1380 ἐκείνην
3243 1309 3342 1382 τὴν
3404 1308 3714 1379 παραδόξως

2137 1412 2376 1482 ἐρῶσαν,
2405 1411 2499 1463 καὶ
2521 1410 2602 1462 ὅτι
2649 1407 2724 1478 μὴ
2771 1407 2832 1460 τὸ
2875 1407 3026 1479 ῥόδον
3069 1404 3313 1465 ἀκούεις,
3356 1403 3454 1454 καὶ
3507 1400 3606 1470 τὴν
3636 1401 3713 1452 ἐπ’

2138 1502 2288 1571 αὐτῷ
2318 1500 2478 1571 χάριν
2519 1488 2685 1552 πάλαι
2714 1495 3016 1567 θαυμάζεις
3041 1512 3056 1526 ⁸
3083 1494 3196 1562 ἐγὼ
3221 1493 3278 1546 δὲ
3307 1491 3552 1546 τοιοῦτον
3573 1487 3712 1543 οὐδὲν

2139 1598 2204 1648 ἂν
2228 1596 2440 1662 εἴποιμι
2489 1593 2584 1644 καὶ
2616 1589 2854 1659 μάλιστά
2906 1604 2970 1656 γε
3004 1587 3140 1657 πρὸς
3185 1587 3244 1639 σέ
3275 1603 3287 1616 ⁸
3321 1584 3537 1654 μήποτε
3566 1581 3716 1634 πάλιν

2139 1687 2398 1756 γελάσας,
2425 1681 2790 1755 ἀπειρόκαλόν
2827 1697 2896 1751 με
2932 1679 3027 1732 καὶ
3057 1677 3321 1746 σοφιστὴν
3352 1674 3651 1746 ὀνομάσῃς.

2705 1777 2776 1827 e.
2804 1772 3151 1842 ΕΠΙΦΑΝΙῼ.

2209 1872 2390 1935 Aemo;
2427 1871 2534 1940 ἄρα
2555 1887 2637 1932 τις
2663 1863 2808 1937 ἦσθα
2839 1867 3008 1918 κινεῖν
3051 1861 3108 1916 ὃν
3137 1863 3204 1916 ἂν
3243 1859 3438 1932 ἐθέλῃς
3478 1859 3613 1930 πρὸς
3641 1857 3717 1910 λύ-

2139 1985 2233 2036 γον
2246 1966 2338 2019 καὶ
2356 1963 2566 2032 σιωπήν
2586 1978 2600 1991 ·
2627 1959 2720 2012 καί
2744 1975 2836 2029 μοι
2861 1958 3034 2020 δοκεῖς
3051 1954 3436 2026 παραπλήσιόν
3459 1969 3512 2005 τι
3534 1953 3714 2014 ποιεῖν,

2139 2055 2328 2122 ὥσπερ
2357 2053 2410 2105 εἴ
2446 2069 2530 2114 τις
2567 2049 2738 2120 λύραν
2763 2048 2922 2118 ἔχων,
2959 2044 3264 2116 κεχρῆσθαι
3316 2043 3492 2114 ταύτῃ
3519 2040 3715 2112 μαθὼν,

2141 2148 2235 2202 νῦν
2259 2145 2358 2216 μὲν
2391 2142 2605 2212 ὑφαίνοι
2641 2140 2826 2212 μέλος,
2877 2137 2974 2191 νῦν
3013 2137 3067 2190 δὲ
3099 2135 3205 2190 τῶν
3231 2134 3568 2205 κρουμάτων
3599 2133 3720 2184 ἀπό·

2144 2253 2356 2308 σχοιτο·
2415 2237 2466 2288 εί
2519 2234 2628 2303 γάρ
2675 2249 2727 2284 τι
2771 2231 2900 2302 περί
2939 2229 3113 2283 ταῦτα
3145 2230 3398 2298 κρεῖττον
3419 2223 3714 2295 νομισθείη,

2142 2332 2302 2392 εὐθὺς
2338 2327 2472 2398 πρὸς
2505 2324 2682 2380 ἐκεῖνό
2711 2324 2774 2392 γέ
2805 2325 2945 2385 ἐστι,
2987 2323 3080 2375 καὶ
3109 2321 3264 2374 οὐδὲν
3309 2319 3374 2373 ἂν
3409 2319 3553 2371 εἴποι
3594 2333 3717 2386 μ⁰υ⁶

2145 2421 2317 2484 ϐικδν,
2351 2419 2473 2470 οὔτε
2511 2417 2670 2480 αὐτὸς
2704 2415 2827 2470 οὔτε
2857 2417 2891 2484 ἡ
2923 2413 3094 2484 λύραο
3144 2412 3238 2466 καὶ
3274 2409 3370 2464 σοῦ
3416 2407 3716 2472 σιωπῶντος

2141 2515 2295 2584 ἡμῖν,
2328 2511 2461 2582 πρὸς
2493 2509 2560 2562 τὰ
2594 2509 2880 2577 καινότερα
2907 2501 3436 2575 μεταϐεϐλημμένου
3467 2499 3716 2570 κατηφεῖς

2143 2605 2307 2666 εὐθὺς
2331 2620 2342 2635 ·
2395 2601 2491 2654 καὶ
2549 2597 2868 2658 σιωπῶντες
2911 2597 2960 2648 οἱ
3002 2595 3170 2646 πάλαι
3206 2592 3308 2662 μὲν
3333 2589 3601 2658 φίλτατοι,
3634 2586 3716 2640 νῦν

2143 2698 2198 2749 δὲ
2227 2697 2355 2758 ἴσως
2387 2693 2530 2763 φίλοι
2555 2707 2569 2722 ο
2597 2688 2711 2744 ἀλλ’
2749 2688 2847 2759 ἡδύ
2907 2686 3071 2740 ποθεν
3103 2685 3162 2738 τὸ
3191 2685 3466 2754 πρᾶγμα·
3499 2679 3550 2734 οῖ
3576 2681 3715 2748 νόμοι

2145 2807 2203 2842 σε
2226 2783 2670 2859 παρασκευάζειν
2727 2781 3046 2852 ἠνάγκασαν
3097 2776 3295 2847 σεμνὸν
3343 2777 3468 2838 ταῖς
3503 2773 3717 2842 ὀφρύσιν

2143 2880 2418 2935 ἀνέλκειν*
2452 2871 2573 2929 εἶτα
2613 2873 2870 2944 φρόνημα
2897 2870 3188 2942 νομοθέτου
3213 2867 3424 2930 λαῦὼν,
3455 2866 3548 2919 καὶ
3574 2863 3713 2930 δόξας

2144 2971 2244 3042 ἤδη
2268 2971 2334 3024 τὰ
2375 2968 2666 3039 Ῥωμαίων
2729 2967 2882 3033 ἄγειν
2932 2965 2998 3034 τῇ
3045 2962 3234 3030 ψήφῳ,
3283 2957 3540 3012 τοσοῦτον
3576 2955 3716 3026 ἡμῶν

2146 3060 2518 3132 κατεπὴρθης.
2587 3057 2728 3110 Ἀλλ’
2789 3055 2976 3124 ἐπειδή
3015 3070 3076 3106 σε
3109 3053 3266 3122 μόλις
3303 3048 3600 3120 ὑπεισῆλθε
3627 3045 3714 3114 τῆς

459 3142 598 3196 ratio
618 3151 710 3196 aut
739 3142 1024 3205 memoria,
1050 3143 1252 3194 utinam
1274 3143 1400 3195 olim
1432 3141 1484 3194 id
1513 3139 1790 3195 evenerit!
1821 3139 1931 3206 Ego
1950 3159 2038 3188 au-

2148 3119 2382 3212 παλαιᾶς
2425 3119 2712 3218 συνηθείας
2741 3143 2898 3212 λόγος
2953 3119 3048 3194 καὶ
3081 3119 3294 3211 μνήμη,
3353 3139 3464 3218 εῖθε
3498 3119 3595 3207 μὲν
3635 3134 3716 3188 καὶ

459 3247 562 3288 tem
581 3235 671 3304 qui
702 3245 805 3287 tua:
833 3233 1026 3302 lingua:
1051 3237 1377 3288 suavitatem
1396 3249 1500 3286 una
1528 3233 2044 3286 cumhirundinibns

455 3329 660 3392 audivi,
700 3335 878 3382 mente
903 3327 1155 3393 extollor,
1178 3325 1622 3394 splendidiorque
1678 3323 1758 3378 sol
1791 3324 1920 3376 mihi
1963 3327 2044 3374 lu-

459 3433 588 3474 cere
620 3420 854 3480 viletur,
882 3431 931 3472 et
959 3434 1104 3472 nunc
1133 3420 1406 3471 mihivere
1437 3421 1590 3470 adest
1618 3429 1712 3469 ver
1743 3433 1757 3482 ;
1793 3417 1885 3468 sed
1912 3416 2041 3468 mitti

458 3509 536 3562 sis
567 3522 783 3576 semper
815 3508 1103 3576 benignus,
1135 3521 1234 3560 nec
1275 3506 1507 3576 amplius
1538 3509 1602 3562 ad
1644 3523 1729 3561 me
1791 3507 2044 3569 infesaus,

459 3599 752 3656 obliviosos
781 3586 1053 3666 amorum,
1093 3599 1298 3654 venias.

1073 3773 1115 3826 X
1135 3815 1147 3828 .
1183 3772 1495 3830 SOSIALVO.

529 3865 631 3932 Qui
673 3865 986 3922 divitiarum
1026 3879 1109 3922 est
1141 3885 1351 3933 amans,
1387 3870 1519 3924 nihil
1563 3869 1786 3938 jucundi
1823 3869 1926 3923 nisi
1969 3870 2034 3924 de

460 3959 567 4017 illis
629 3956 880 4030 loquitur'
946 3969 1040 4014 aut
1097 3962 1231 4015 alios
1260 3962 1411 4016 audit
1449 3963 1734 4034 loquentes
1776 3981 1790 4018 :
1826 3963 1972 4032 quod
2000 3964 2042 4016 si

460 4053 536 4106 illi
583 4068 774 4106 aurum
827 4051 1044 4116 oﬂ'eras,
1081 4055 1302 4109 honoris
1334 4053 1506 4110 cilicia
1558 4058 1606 4110 ei
1655 4065 1875 4126 praestat
1916 4073 1931 4110 :
1967 4056 2047 4110 sic

459 4158 681 4214 quoque
725 4145 777 4197 in
818 4146 988 4197 armis
1039 4145 1132 4212 qui
1179 4146 1458 4214 egregium
1517 4157 1730 4201 scutum
1803 4147 2044 4216 accepit,

459 4234 511 4287 id
542 4233 725 4304 magni
761 4244 970 4302 pensat,
1008 4244 1063 4288 et
1103 4235 1208 4289 huc
1257 4235 1384 4290 illuc
1421 4236 1837 4299 circumferens,
1873 4237 2044 4304 magis

455 4323 630 4385 Marte
664 4325 938 4395 impletur.
967 4326 1111 4396 Viro,
1138 4335 1317 4381 autem
1353 4326 1495 4382 bono
1520 4329 1647 4396 quid
1677 4325 1886 4382 faciens
1920 4343 2046 4396 gra-

2145 3243 2313 3295 πάλαι
2351 3217 2723 3310 γέγονεντοῦτο
2745 3253 2756 3265 ·
2790 3239 2818 3288 ὁ
2853 3236 2951 3305 μέν
2968 3249 3032 3302 γε
3051 3233 3146 3304 τῆς
3182 3232 3282 3302 σῆς
3310 3217 3555 3301 γλώττης
3591 3227 3714 3298 μετὰ

2143 3336 2252 3388 τῶν
2275 3333 2556 3404 χελιδόνων
2585 3331 2680 3400 ἡδύ
2722 3347 2772 3397 τι
2829 3327 3212 3398 φθεγγομένης
3256 3323 3523 3386 ἀκούσας,
3578 3321 3714 3374 διαν-

2149 3428 2372 3495 ίσταμαι
2405 3425 2468 3493 τῇ
2486 3423 2639 3492 ,ψυχῇ
2667 3438 2680 3450 ·
2722 3421 2816 3473 καὶ
2871 3414 3252 3488 λαμπρότερόν
3299 3431 3392 3484 μοι
3454 3413 3542 3466 τὸν
3577 3411 3714 3481 ἥλιον

2146 3515 2505 3588 προσϐάλλειν
2531 3513 2674 3566 δοκῶ
2698 3529 2710 3542 ·
2751 3513 2847 3564 καὶ
2885 3508 2982 3564 νῦν
3019 3507 3189 3570 ὅντως
3243 3505 3346 3576 ἔαρ
3377 3505 3520 3576 ἐμοί.
3566 3501 3716 3554 Ἀλλὰ

2147 3613 2326 3679 γένοιο
2351 3608 2536 3661 λοιπὸν
2556 3609 2689 3676 ἡμῖν
2711 3603 2966 3673 εὐμενὴς,
2991 3602 3087 3656 καὶ
3128 3599 3328 3672 μηκέτ’
3363 3599 3535 3670 ,ἔλθῃς
3569 3596 3715 3650 πολε-

2150 3703 2308 3774 μιῶν,
2342 3700 2559 3774 ἐρώτων
2591 3701 2669 3762 εἰς
2686 3697 2877 3767 λήθην.

2740 3791 2794 3842 ιν.
2832 3785 3144 3858 romana.

2220 3887 2290 3942 Εἴ
2311 3905 2394 3949 τις
2414 3884 2714 3957 χρημάτων
2741 3882 2889 3936 ἐστὶν
2914 3879 3173 3951 ἐραστὴς,
3213 3879 3372 3932 οὐδὲν
3401 3879 3468 3930 ἂν
3493 3873 3655 3946 ἡδέως
3681 3871 3710 3940 ἦ

2148 3981 2321 4035 ταῦτα
2357 3981 2526 4048 λέγοι,
2559 3977 2655 4032 καὶ
2701 3975 2970 4044 λεγόντων
3021 3971 3198 4027 ἄλλων
3239 3971 3558 4026 ἀκούσειεν·
3597 3968 3640 4020 ει
3666 3963 3714 4018 δὲ

2151 4074 2244 4128 καὶ
2283 4070 2480 4142 χρυσὸν
2530 4068 2678 4136 ἄγων
2721 4064 3050 4136 παράσχοις,
3093 4061 3207 4132 ἔχει
3245 4063 3314 4116 τὰ
3373 4061 3503 4129 παρ’
3540 4056 3714 4124 ἐκείνῳ

2147 4160 2314 4230 τιμῆς
2335 4176 2347 4188 ·
2377 4157 2549 4219 οὕτως
2562 4155 2619 4209 δὲ
2635 4155 2692 4209 ὲν
2716 4154 2902 4217 ὅπλοις
2928 4151 2997 4206 τὰ
3027 4151 3334 4222 πράγματα
3364 4144 3712 4219 καλὴνόΰτως

2149 4250 2352 4304 ἀσπίδα
2379 4247 2563 4302 λαϐὼν
2602 4245 2873 4318 ἐφρόνησέ
2927 4261 2982 4298 τι
3018 4244 3183 4314 μέγα,
3213 4245 3308 4295 καὶ
3354 4241 3477 4312 τῇδε
3507 4240 3711 4292 κάκεῖσε

2150 4339 2464 4410 περιφέρων
2495 4337 2556 4391 τὸ
2585 4337 2770 4409 κτῆμα
2807 4335 3109 4406 πληροῦται
3143 4333 3348 4405 μᾶλλον
3376 4331 3470 4386 τοῦ
3500 4331 3709 4400 Ἀρεως.

460 4430 546 4472 tus
609 4418 721 4472 eris
751 4418 924 4486 magis
960 4419 1064 4470 nisi
1123 4418 1331 4492 similes
1389 4419 1491 4473 sibi
1557 4418 1708 4472 viros
1767 4419 2038 4472 videndos

2162 4433 2345 4504 Ἀνδρὶ
2374 4433 2428 4486 δὲ
2466 4431 2658 4502 ἁγαθῷ
2721 4431 2776 4484 τί
2817 4431 3072 4501 πράττων
3123 4427 3192 4482 ἄν
3236 4445 3324 4492 τις
3386 4417 3709 4495 χαρίσαιτοῆ

459 4509 728 4567 offerens?
778 4509 984 4579 Itaque,
1013 4518 1067 4566 te
1117 4512 1299 4565 sciens
1337 4509 1646 4578 hujusmodi
1676 4519 1733 4565 et
1773 4525 1894 4566 esse
1947 4526 2046 4564 na-

463 4617 575 4658 tum
629 4612 686 4658 et
749 4603 866 4657 ﬁeri
925 4604 1100 4666 vclle,
1134 4618 1239 4658 non
1297 4614 1504 4658 rectum
1567 4604 1870 4658 arbitratus
1918 4603 2045 4658 sum

463 4697 555 4750 tibi
635 4709 758 4750 esse
811 4696 1050 4765 ignotum
1120 4694 1506 4749 scholasticum
1571 4694 1890 4760 Diodorum,
1950 4696 2047 4750 sed

459 4805 584 4842 cum
625 4790 690 4842 ad
729 4797 780 4842 te
811 4789 969 4841 mitto
997 4797 1052 4842 et
1077 4787 1172 4842 tibi
1203 4788 1267 4842 de
1332 4785 1412 4860 (tu
1444 4789 1615 4853 illum,
1657 4789 1747 4844 ille
1779 4787 1876 4859 te),
1905 4790 2045 4843 utri-

461 4896 567 4948 que
599 4891 839 4935 vestrum
865 4891 1076 4950 gratum
1137 4880 1316 4935 facere
1363 4883 1711 4947 existimans,
1742 4881 1784 4934 si
1822 4883 2054 4935 invicem

469 4971 804 5040 experientia
856 4987 954 5027 vos
1027 4973 1422 5042 cognoveritis;
1480 4984 1707 5042 uterque
1754 4977 1917 5030 etiam
1973 4989 2061 5027 me

468 5064 705 5119 laudabit
729 5066 906 5120 sciens
957 5065 1139 5136 qualia
1206 5065 1400 5120 amicis
1434 5068 1671 5134 praebeo.

1057 5247 1149 5304 Xl.
1189 5245 1464 5303 JOANNI.

537 5337 1026 5407 Eloquentisshnus
1101 5339 1368 5396 Diodorus
1419 5341 1696 5396 silentium
1765 5342 1908 5395 inter
1958 5357 2056 5396 nos

465 5429 659 5495 solvet,
696 5438 751 5484 et
779 5445 808 5482 a
862 5440 914 5484 te
946 5431 1223 5498 postulans
1271 5443 1329 5487 ut
1375 5435 1586 5488 scribas
1628 5445 1684 5489 et
1712 5448 1861 5488 meas
1889 5434 1955 5486 ad
2009 5445 2060 5487 te

467 5522 694 5577 reddens
749 5513 986 5577 littét-as:
1023 5523 1114 5576 ille
1145 5525 1288 5577 enim
1319 5535 1402 5579 est
1429 5525 1563 5580 mihi
1595 5527 1806 5580 amicus
1836 5567 1852 5592 ,
1879 5535 1957 5591 et,
1997 5536 2048 5580 te

465 5624 752 5686 antequam
806 5617 1026 5682 viderit,
1097 5617 1350 5674 amabat:
1411 5620 1583 5674 nostri
1634 5620 1832 5674 etenim
1892 5619 1962 5674 de
2007 5632 2056 5674 te

467 5723 746 5771 sermones
777 5712 841 5765 ad
905 5723 956 5766 tc
1020 5712 1307 5769 videndum
1355 5711 1596 5769 ert-itaut
1634 5729 1896 5769 antorem.
1957 5711 2051 5767 Vir

2157 4527 2578 4600 παραπλησίους
2610 4525 2810 4595 ἄνδρας
2837 4522 3094 4593 παρέχων
3141 4519 3302 4584 ίδεῖνς
3343 4519 3504 4574 Ὅθεν
3530 4532 3585 4568 σε
3615 4529 3710 4566 τοι·

2157 4621 2314 4676 οὖτον
2348 4619 2506 4682 εἰδὼς
2541 4617 2636 4671 καὶ
2683 4615 2948 4684 γεγονότα
2973 4613 3067 4666 καὶ
3107 4608 3251 4666 εἶναι
3284 4611 3616 4682 βουλόμενον,
3633 4604 3713 4656 τὶν

2161 4709 2513 4782 σχολαστικὸν
2539 4705 2804 4777 Διόδωρον
2857 4705 3073 4774 ἀγνοεῖν
3102 4702 3164 4756 οὔ
3221 4719 3314 4772 μοι
3341 4701 3546 4770 πρέπον
3572 4691 3709 4764 ἐφαί-

2159 4821 2301 4869 νετο,
2329 4801 2445 4854 ἀλλ’
2482 4801 2600 4864 ἄγω
2638 4798 2735 4852 καλ⁷
2761 4797 2978 4866 δίδωμι,
3012 4797 3077 4848 σὺ
3124 4795 3226 4865 μὲν
3261 4794 3489 4856 ἐκεῖνον,
3527 4789 3712 4845 ἐκεῖνος

2159 4896 2217 4948 δὲ
2253 4878 2312 4946 σέ
2340 4910 2355 4924 ο
2377 4893 2714 4961 ἀμφότερονο
2749 4890 2879 4957 ὑμῖν
2928 4887 3164 4958 νομίζων
3199 4875 3528 4958 χαριεῖσθαι,
3559 4881 3604 4932 εἰ
3633 4875 3712 4930 ἀλ·

2160 4990 2338 5060 λήλων
2392 4987 2451 5038 ἐν
2508 4985 2677 5054 πείρᾳ
2728 4983 3027 5054 γενήσεσθε
3050 4997 3064 5012 ·
3113 4981 3395 5034 ἐπαινέσει
3423 4978 3476 5032 δέ
3503 4992 3568 5046 με
3593 4969 3711 5023 πάνυ

2161 5096 2269 5140 τως
2313 5077 2598 5146 ἑκάτερος,
2649 5071 2738 5128 οἷα
2784 5075 2896 5136 τοῖς
2945 5075 3118 5142 φίλοις
3177 5072 3456 5142 προξενεῖν
3505 5062 3708 5120 ἐπιστάο

2167 5180 2348 5232 μενος.

2733 5253 2838 5306 ιΑν.
2887 5253 3174 5326 mantva.

2249 5347 2305 5399 '0
2335 5343 2664 5414 λογιώτατος
2681 5345 2946 5416 Διόδωρος
2959 5335 3118 5408 λύσις
3146 5332 3446 5417 ἡμῖν’έστω
3473 5342 3564 5412 τῆς
3589 5336 3706 5408 πρὸς

2164 5439 2431 5510 ἀλλήλους
2463 5438 2623 5508 σιγῆς
2649 5453 2662 5470 ·
2701 5439 2796 5492 καὶ
2836 5442 2895 5492 σὲ
2935 5440 3176 5510 γράφειν
3239 5440 3494 5500 ἐπαιτῶν,
3529 5431 3612 5487 καὶ
3646 5431 3702 5482 τὲ

2163 5533 2291 5600 παρ’
2323 5530 2480 5601 ἡμῶν
2511 5547 2594 5582 σοι
2621 5529 2796 5594 διδούς
2817 5547 2829 5560 ο
2874 5531 3028 5598 φίλος
3072 5531 3172 5601 μὲν
3220 5533 3326 5602 γὰρ
3375 5523 3522 5591 οὗτος
3554 5522 3665 5593 ἐμάς
3686 5534 3698 5548 ’

2162 5625 2262 5694 ἤδη
2294 5623 2348 5674 δὲ
2373 5625 2503 5692 πρὶν
2540 5621 2668 5675 ίδεῖν
2702 5623 2797 5688 καὶ
2827 5625 2918 5687 σὸς
2945 5623 3184 5696 ἐραστὴς
3213 5623 3524 5694 ἐτύγχανεν
3557 5614 3701 5682 οεγάρ

2165 5715 2224 5780 ἐξ
2255 5715 2415 5786 ἡμῶν
2461 5715 2611 5784 λόγοι
2659 5717 2727 5768 τὰ
2778 5716 2906 5785 περὶ
2948 5718 3043 5768 σοῦ
3095 5716 3439 5788 διηγούμενοι
3472 5711 3593 5782 πρὸς
3619 5708 3700 5773 τὴν
