3978 6454
346 312 492 380 2729
1793 311 2200 375 EPISTOLIE.
3487 309 3630 374 2730

350 426 486 480 θέαν
511 424 727 478 ἐπιοῦσι
750 422 842 476 τὸν
870 422 1050 495 ἔρωτα
1071 439 1082 456 ο
1138 423 1166 476 ό
1202 423 1312 491 γὰρ
1347 421 1485 493 ἀνὴρ
1533 423 1794 494 ἐρωτικός
1824 426 1939 476 ὲστι

2056 422 2135 476 ille
2179 423 2520 493 egregiorum
2561 436 2754 476 amans
2789 432 2842 476 et
2889 422 3061 476 bonos
3109 420 3300 475 sedulo
3347 422 3627 490 inquirens

351 514 464 567 tth
513 513 729 579 καλῶν,
781 514 874 565 καὶ
931 512 1386 583 πολυπραγμονεῖ
1438 513 1566 576 τοὺς
1623 513 1896 583 χρηστούς
1924 532 1935 545 ·

2056 530 2113 569 ne
2144 516 2270 584 quis
2318 517 2488 570 bonus
2521 516 2612 568 tibi
2669 516 2741 568 sit
2784 516 2997 583 ignotus
3020 552 3035 568 .
3090 512 3196 569 Sed
3238 529 3406 583 quare
3441 518 3507 570 de
3538 516 3628 568 iiiu

352 606 547 675 ὥσπερ
574 602 764 666 δεδιὼς
795 605 869 674 μή
886 604 1021 658 ποτέ
1054 620 1137 667 τις
1173 602 1413 666 τοιοῦτος
1439 603 1514 657 ὢν
1536 604 1779 659 διαλάθοι
1803 620 1816 635 ο
1850 605 1944 657 καὶ

2056 606 2143 659 tibi
2216 605 2501 660 dicerem?
2536 621 2661 659 nam
2714 607 3048 675 experientia
3111 605 3312 660 doctus
3385 605 3623 674 pejor-mn

354 698 408 751 τί
434 712 517 748 σοι
541 695 611 747 τὰ
641 697 773 763 περὶ
810 693 1003 746 τούτου
1024 693 1205 760 λέγειν
1240 711 1308 763 με
1341 694 1454 757 δεῖς
1492 695 1713 759 Πάντως
1742 695 1852 765 γὰρ
1876 696 1942 764 τῇ

2056 698 2316 752 1udicares
2339 699 2552 753 laudem
2595 710 2648 753 et
2682 713 2769 751 me
2796 698 3073 752 inﬁrmum
3101 712 3326 753 vocares
3355 708 3627 753 oratorem

356 786 525 857 πείρᾳ
550 784 713 838 τοῦτο
743 782 955 854 μαθὼν,
1008 782 1220 839 ἐλάττω
1276 784 1525 854 νομίσεις
1552 784 1646 838 τὸν
1680 785 1902 837 ἔπαινον
1927 801 1939 813 ·

356 879 453 932 καὶ
480 876 685 946 ἀσθενῆ
717 876 819 944 μὲν
842 874 1132 939 καλέσειας
1166 875 1397 947 ῥήτορα,
1426 875 1503 939 ὼς
1536 876 1661 930 οὐδὲ
1686 877 1754 929 τὰ
1782 892 1947 945 προσ-

355 968 486 1023 όντα
512 967 693 1035 λέγειν
711 965 1038 1036 δυνάμενον.

939 1058 1037 1112 lB'.
1061 1059 1367 1130 ΔΙΟΔΩΡῼ.

430 1151 604 1206 Τοῦτο
650 1152 828 1204 ἐκεῖνο
870 1149 899 1203 ὃ
954 1150 1053 1205 καὶ
1110 1151 1482 1223 προσδοκῶντι
1540 1170 1632 1223 μοι
1681 1152 1941 1221 γέγονεν’

355 1247 517 1318 ᾣμην
551 1247 661 1317 γὰρ
694 1246 856 1307 εὐθὺς
881 1244 956 1306 ὡς
983 1244 1165 1297 ἐκεῖσε
1195 1246 1488 1313 γενόμενος
1511 1244 1788 1316 ἀρχόντων
1810 1246 1945 1317 όρᾷν

360 1340 534 1410 βῆμα.
568 1340 661 1393 καὶ
686 1337 933 1408 ρητόρων
961 1337 1141 1408 χορὸν,
1173 1338 1267 1390 καὶ
1305 1336 1642 1406 προσφύγων
1684 1337 1781 1407 οὐχ
1814 1337 1946 1391 ἐπό-

361 1448 547 1500 μενον,
570 1430 832 1502 πληθήσῃ
863 1429 964 1501 μὲν
990 1430 1188 1484 αὐτίκα
1222 1430 1568 1500 φρονήματος
1590 1446 1603 1460 ·
1633 1430 1737 1485 κᾶν
1764 1430 1946 1485 λαλεῖν

355 1538 445 1583 τις
475 1521 658 1594 ἐθέλῃ,
715 1521 876 1592 μόνον
896 1522 1000 1575 οὐκ
1043 1521 1209 1595 ἀνέξῃ
1243 1521 1339 1575 τοῦ
1368 1523 1648 1591 λέγοντοςο
1673 1522 1832 1594 ήμῶν
1888 1523 1945 1577 δὲ
1974 1519 1982 1527 ’

356 1613 517 1683 λόγος
546 1612 699 1667 ἔσται
728 1612 970 1685 βραχύςο
1028 1616 1125 1669 καὶ
1173 1614 1228 1668 τί
1259 1633 1354 1684 μοι
1389 1617 1517 1679 τοὺς
1551 1617 1610 1670 ὲν
1643 1617 1820 1687 σκότῳ
1854 1633 1946 1671 κε-

359 1704 716 1776 κρυμμένους
781 1707 1025 1770 ἐκείνους
1084 1706 1260 1774 λέξεις
1315 1708 1489 1779 δήπου
1554 1708 1773 1772 πάντως
1816 1709 1946 1780 περὶ

357 1794 555 1868 ήμῶν;
581 1797 643 1850 Εἰ
669 1796 727 1850 δὲ
754 1798 932 1868 χαμαὶ
955 1797 1273 1868 ἐρχομένοις
1284 1797 1626 1870 προσείποις,
1646 1798 1770 1853 οὐδὲ
1785 1799 1947 1852 τοῦτο

358 1890 747 1960 θαυμάσαιμι·
789 1891 852 1942 τὸ
903 1888 1039 1944 αὐτὸ
1088 1891 1184 1945 καί⁵
1235 1890 1583 1962 προσεδόκων
1608 1892 1702 1946 καὶ
1750 1891 1945 1960 γέγονε

355 1981 522 2034 τοῦτο
555 1979 666 2034 τῶν
682 1980 804 2034 καθ’
826 1980 970 2053 ὑμᾶς
1003 1980 1251 2053 ρητόρων
1299 1982 1362 2036 τὸ
1394 1983 1650 2055 φρόνημα
1670 2000 1686 2017 ο
1716 1983 1788 2049 οἳ,
1820 1984 1948 2050 τοὺς

357 2071 554 2135 ἄλλους
593 2073 919 2144 πρόσφυγας
941 2072 1171 2127 καλοῦσι
1202 2074 1386 2129 καὶτὰ
1410 2075 1532 2129 καθ’
1558 2075 1787 2138 ἑαυτοὺς
1810 2074 1948 2130 ἀπο-

357 2167 765 2236 μιμνήσκοντες
821 2165 1163 2237 πράγματα·
1225 2168 1321 2221 καὶ
1374 2166 1472 2221 νῦν
1522 2168 1702 2230 δοκεῖς
1760 2166 1948 2236 φίλους

356 2261 509 2329 ἡμᾶς
538 2259 809 2330 εἰρῆσθαι,
840 2260 903 2312 τὸ
932 2260 1200 2330 πρότερον
1231 2261 1331 2315 οὑκ
1356 2261 1483 2328 ἄξια
1505 2262 1719 2333 κρίνας,
1753 2259 1946 2333 ὥσπερ

355 2350 528 2415 εἰκὸς,
561 2348 680 2404 ἀλλ’
716 2352 798 2405 ὅτι
842 2351 1170 2423 κρειττόνων
1232 2353 1460 2424 ἀπορίᾳ,
1514 2356 1628 2417 τοῖς
1678 2353 1949 2426 παροῦσιν

356 2444 582 2515 ἐχρήσω
612 2456 626 2473 ·
656 2442 753 2497 καὶ
803 2444 1104 2514 μεταμέλει
1154 2459 1238 2498 σοι
1288 2445 1491 2509 παντὸς
1523 2445 1618 2499 τοῦ
1649 2447 1865 2517 χρόνου,
1888 2445 1949 2499 ὃν

357 2535 494 2606 παρ’
533 2536 667 2607 ἡμῖν
695 2530 931 2601 ἀναξίως
951 2536 1225 2605 διέτριϐες
1249 2551 1262 2565 ⁸
1297 2539 1392 2591 καὶ
1434 2536 1532 2591 νῦν
1566 2536 1782 2592 δέδοικα
1811 2539 1948 2609 γρά-

358 2638 478 2694 φων
516 2628 590 2696 μὴ
621 2626 759 2696 πρὸς
780 2624 880 2699 τὴν
906 2630 1038 2698 παρ’
1071 2626 1230 2697 ήμῶν
1262 2628 1601 2701 δυσχεράνῃς
1630 2630 1945 2703 ἐπιστολήν·

358 2717 474 2787 ἐγὼ
519 2718 577 2771 δέ
616 2735 678 2771 σε
707 2718 889 2781 καλῶς
934 2720 1200 2791 πράττειν
1260 2721 1528 2791 εὐξαίμην
1553 2737 1567 2751 ·
1599 2720 1702 2776 κᾶν
1718 2721 1814 2794 δὲῃ
1841 2723 1948 2778 πά-

357 2811 446 2864 λιν
475 2806 958 2882 καταφρονείσθαι,
980 2812 1227 2885 λυπηρὸν
1250 2813 1372 2885 μὲν,
1389 2814 1608 2884 οίσομεν
1620 2813 1667 2866 δ’
1685 2810 1779 2867 οὖν
1798 2814 1948 2886 ὅμως

357 2907 430 2977 τῇ
465 2907 531 2977 σῇ
566 2904 704 2975 τύχῃ
739 2905 1259 2978 παραμυθούμενοι.

682 2999 782 3054 Il".
825 2999 1131 3072 ΖΑΧΑΡΙᾼ
1167 3000 1291 3053 ΚΑΙ
1319 2997 1627 3072 ΦΙΛΙΠΠῼ.

433 3092 549 3162 Τῆς
580 3093 679 3164 μὲν
698 3092 1081 3164 προλαϐούσης
1115 3095 1329 3165 σιωπῆς
1353 3094 1451 3166 τὴν
1475 3094 1656 3148 αἰτίαν
1681 3097 1709 3147 ὁ
1739 3093 1947 3165 χειμὼν
1978 3132 2020 3191 c

2045 790 2137 856 qui
2178 798 2237 842 et
2265 793 2499 858 amplius
2564 800 2773 855 essent,
2806 791 2990 846 dicere
3047 805 3153 846 non
3182 790 3483 859 potuissem
3509 832 3523 844 .

2598 1050 2711 1109 XII.
2774 1050 3102 1106 DIODORO.

2119 1147 2253 1201 illud
2277 1145 2409 1200 mihi
2471 1146 2615 1214 quod
2657 1145 3010 1212 praevidet-am
3065 1145 3297 1200 accidit:
3350 1144 3632 1199 existima-

2048 1241 2172 1295 bam
2229 1238 2397 1304 enim,
2463 1235 2625 1290 simul
2677 1250 2741 1289 ac
2819 1236 2946 1290 illnc
2998 1236 3283 1292 deveneris
3323 1238 3635 1304 vidi-risque

2050 1331 2359 1400 principum
2402 1328 2656 1393 tribunal,
2710 1329 2988 1383 rheturntu
3032 1329 3256 1382 chorum
3326 1328 3632 1382 clientium-

2046 1439 2155 1495 que
2190 1439 2298 1481 non
2348 1428 2691 1492 sequentem,
2724 1430 2778 1476 te
2798 1422 2985 1476 statim
3046 1420 3300 1490 superbia
3367 1436 3489 1476 esse
3548 1435 3636 1472 re-

2050 1516 2325 1582 plendum,
2356 1524 2435 1579 et,
2468 1514 2513 1568 si
2539 1514 2665 1583 quis
2692 1513 2760 1567 ad
2788 1522 2843 1569 te
2871 1512 3015 1582 loqui
3041 1512 3293 1576 voluerit,
3324 1511 3634 1581 loquentem

2049 1618 2156 1659 non
2177 1618 2299 1660 esse
2320 1616 2610 1673 passurum
2640 1636 2658 1653 .
2692 1598 2886 1657 Sermo
2900 1611 3079 1656 autem
3110 1614 3266 1653 meus
3284 1601 3463 1655 brevis
3486 1600 3589 1654 erit
3617 1618 3631 1653 :

2051 1703 2107 1749 et
2145 1694 2273 1762 quid
2328 1693 2459 1747 mihi
2515 1692 2654 1749 dicis
2706 1691 2827 1745 illos
2874 1690 2927 1745 in
2969 1692 3209 1746 tenebris
3238 1689 3636 1745 absconditos?

1978 1782 2021 1838 Β
2050 1785 2093 1839 si
2142 1793 2322 1839 autem
2357 1784 2507 1839 humi
2536 1783 2878 1839 ambulantes
2914 1784 3118 1839 salutes
3140 1821 3155 1847 ,
3184 1784 3234 1837 id
3295 1799 3398 1837 non
3437 1783 3631 1837 mirer:

2051 1876 2104 1932 id
2137 1875 2280 1943 quod
2326 1875 2685 1946 praeviderat!)
2751 1876 2969 1940 evenit,
3018 1876 3214 1945 loquor
3253 1879 3321 1932 de
3356 1878 3635 1932 rhetorum

2050 1966 2345 2024 secundum
2390 1983 2487 2025 vos
2533 1968 2746 2024 illorum
2798 1970 3092 2039 superbia;
3133 1972 3333 2039 quippe
3383 1970 3474 2039 qui
3502 1972 3639 2026 alios

2050 2062 2276 2118 clientes
2324 2071 2527 2117 vocant
2585 2071 2643 2121 et
2702 2064 2918 2133 negotia
2973 2078 3069 2132 per
3119 2072 3171 2117 te
3208 2064 3454 2118 absoluta
3523 2078 3638 2117 me-

2053 2164 2305 2210 merant.
2336 2154 2408 2209 Et
2467 2168 2612 2210 nunc
2654 2154 2861 2211 videris
2917 2170 3019 2210 nos
3051 2154 3255 2210 dixisse
3293 2156 3445 2225 prius
3500 2157 3641 2210 ami-

2050 2262 2169 2311 eos,
2196 2249 2340 2317 quod
2389 2256 2540 2304 recte
2577 2262 2684 2303 non
2735 2246 3090 2317 iudicaveris,
3145 2249 3300 2317 quasi
3350 2249 3636 2304 meliorum

2053 2342 2235 2410 inopia
2294 2341 2658 2411 praesulibus
2719 2356 2855 2398 usus
2911 2341 3123 2397 lueris:
3185 2342 3447 2410 praeteriti
3497 2356 3639 2412 quo-

2051 2447 2158 2502 que
2185 2435 2443 2504 temporis
2481 2444 2532 2490 te
2563 2435 2858 2505 pmniteat,
2884 2436 3027 2505 quod
3078 2435 3361 2490 nobiscum
3421 2437 3639 2505 indigne

2049 2528 2471 2599 consumpsisti;
2532 2534 2587 2584 el
2640 2543 2788 2583 nunc
2848 2529 3096 2584 scribens
3141 2541 3335 2582 vereor
3377 2544 3446 2584 ne
3511 2542 3640 2582 nos-

2053 2631 2189 2676 tram
2219 2620 2511 2691 epistolam
2552 2622 2782 2677 moleste
2833 2622 3017 2678 feras:
3048 2632 3148 2693 ego
3173 2633 3353 2677 tamen
3379 2637 3638 2692 prospera

2052 2715 2149 2769 tibi
2199 2728 2412 2783 precor,
2442 2714 2656 2770 etiamsi
2704 2725 2985 2786 oporteret
3015 2729 3100 2769 me
3154 2717 3349 2770 iterum
3402 2716 3636 2782 despici.

2050 2809 2194 2879 quod
2251 2822 2496 2863 amarum
2551 2818 2716 2875 esset,
2779 2818 2883 2863 tua:
2939 2817 3121 2866 autem
3170 2810 3398 2865 fortuna:
3459 2798 3635 2880 gratia

2052 2900 2262 2956 ferreus
2287 2942 2302 2956 .

2334 2992 2469 3050 Xlll.
2494 2992 2868 3050 ΖΔΟΗΑΗΙΕ
2897 2994 2984 3050 ΕΤ
3018 2994 3356 3053 PIIILIPPO.

2124 3085 2395 3144 Praeteriti
2459 3089 2662 3144 silentii
2719 3091 2928 3144 crimen
2987 3088 3128 3144 {erat
3203 3090 3419 3153 hiems,
3491 3106 3641 3146 more

359 3185 725 3256 ἀποφερὲσθω
746 3185 816 3239 τὰ
842 3184 1070 3239 εἰωθότα
1110 3185 1329 3240 λυπῶν·
1390 3187 1490 3272 τῆς
1518 3184 1564 3241 δ’
1591 3186 1867 3252 ἐντεῦθεν,
1897 3186 1949 3239 εἰ

2056 3181 2199 3236 soliti
2221 3182 2591 3249 contristans;
2625 3183 2834 3237 silentii
2905 3182 3085 3237 autem
3125 3183 3268 3238 illius
3294 3185 3441 3253 quod
3498 3200 3641 3240 nunc

359 3295 447 3342 τις
470 3278 579 3349 ἄρα
606 3279 701 3331 καὶ
726 3277 962 3347 γένοιτο,
994 3278 1153 3347 ὑμεῖς
1183 3277 1248 3332 ἂν
1286 3278 1516 3343 εἰκότως
1564 3280 1821 3350 ὑπέχοιτε
1847 3279 1949 3344 τὰς

361 3369 633 3433 εὐθύνας·
692 3368 872 3423 καίτοι
923 3385 988 3437 γε
1018 3369 1203 3440 ήλίκον
1246 3370 1360 3433 τοῖς
1405 3369 1672 3425 παθοῦσιν
1713 3371 1950 3441 πρᾶγμα

360 3459 473 3513 τῶν
497 3458 704 3513 παίδων
735 3458 935 3531 ήσιγὴ,
965 3460 1084 3521 πῶς
1111 3458 1178 3513 ἄν
1233 3475 1319 3523 τις
1358 3461 1717 3532 παραστήσαι
1738 3463 1851 3524 τοῖς
1871 3461 1946 3534 μὴ

362 3552 503 3623 πρὸς
561 3553 759 3622 πεῖραν
802 3548 1053 3604 ἐλθοῦσιν
1103 3550 1198 3604 τοῦ
1250 3552 1608 3622 πράγματος
1655 3552 1848 3623 Ὑμεῖς
1899 3553 1948 3606 δ’

364 3644 431 3697 ἂν
453 3643 682 3713 εἰδείητε
735 3643 958 3708 πάντως
997 3660 1115 3708 πως
1166 3644 1312 3712 φίλοι
1370 3645 1711 3709 διατεθέντες
1753 3649 1947 3717 ἐρωτι-

360 3735 475 3798 κῶς
502 3752 517 3766 ⁸
548 3738 611 3787 οὐ
635 3735 744 3807 γὰρ
762 3734 827 3790 ἂν
850 3735 1107 3789 τοσοῦτον
1153 3736 1513 3807 φρονήσαιμι,
1556 3736 1632 3799 ὡς
1664 3740 1756 3791 καὶ
1785 3737 1947 3802 αὐτὸς

359 3825 570 3881 οἴεσθαι
601 3829 732 3899 παρ’
764 3826 920 3898 ὑμῶν
953 3826 1318 3896 ἀντερᾶσθαι·
1360 3826 1538 3879 καίτοι
1566 3826 1832 3898 εὐξαίμην
1853 3827 1948 3883 οὖν

366 3936 459 3990 μοι
491 3916 654 3973 τοῦτο
681 3917 940 3986 γενέσθαι
963 3918 1208 3989 μᾶλλονῆ
1238 3916 1418 3987 πολλῷ
1448 3919 1625 3990 κομᾷν
1654 3920 1734 3988 τῷ
1761 3920 1948 3993 χρυσῷ

361 4012 458 4065 καὶ
485 4010 802 4082 ἡστινοσοῦν
828 4010 997 4083 τύχης
1054 4012 1135 4075 εἰς
1184 4011 1352 4082 ἄκρον
1392 4009 1620 4082 ἀφίχθαι
1641 4029 1655 4043 ·
1679 4011 1805 4066 οὔτε
1837 4013 1948 4085 γὰρ

360 4105 428 4159 ἂν
455 4105 686 4168 ἕκαστος
742 4104 1010 4177 ῥᾳθυμεῖν
1061 4104 1162 4157 οὐκ
1192 4104 1334 4174 ἔχων
1381 4103 1472 4157 διὰ
1495 4105 1588 4159 τὸν
1609 4104 1776 4159 πόθον
1811 4106 1947 4177 ἐμοῦ

363 4200 583 4260 πάντως
636 4197 703 4253 ἂν
758 4197 1158 4270 παραμυθείτω
1212 4196 1305 4249 τὸν
1337 4196 1546 4267 ἔρωτα-ο
1579 4197 1710 4251 εἰδὲ
1737 4198 1950 4254 τοιοῦτο

364 4288 464 4359 μὲν
487 4286 662 4353 οὐδὲν,
680 4288 760 4342 ἔτι
779 4287 835 4341 δὲ
859 4286 1229 4359 σιωπήσεσθε,
1283 4288 1652 4358 κατηγορήσω
1685 4287 1807 4357 μὲν,
1831 4304 1947 4341 τοι·

360 4380 501 4435 αῦτα
556 4381 784 4436 παθὼνο
831 4383 1008 4453 κρινεῖ
1036 4380 1095 4434 δέ
1141 4397 1195 4433 τι
1227 4378 1494 4452 ἐρωτικὸς
1520 4378 1806 4450 δικαστὴς,
1852 4381 1951 4435 καὶ

2051 3273 2231 3337 foret,
2266 3289 2363 3329 vos
2394 3276 2661 3330 rationem
2719 3276 3043 3331 redderetis.
3112 3276 3394 3343 Quantum
3454 3286 3640 3330 autem

2051 3368 2252 3423 malum
2309 3368 2377 3423 sil
2423 3367 2717 3424 liberorum
2761 3368 3065 3435 silentium,
3119 3370 3244 3439 quis
3280 3369 3347 3424 iis
3392 3372 3643 3425 ostendet

2049 3467 2141 3536 qui
2206 3465 2453 3521 nondum
2528 3475 2656 3521 sunt
2708 3462 2959 3535 experti?
2999 3461 3115 3518 Vos
3165 3477 3389 3531 prorsus
3450 3463 3641 3519 scietis

2049 3572 2173 3613 cum
2239 3559 2447 3613 ardenti
2525 3570 2713 3614 amore
2805 3557 3132 3621 capiemini.
3181 3554 3297 3611 Non
3374 3571 3476 3627 ego
3520 3558 3643 3625 qui-

2049 3650 2170 3704 dem
2232 3649 2312 3703 sic
2369 3648 2625 3718 superbio
2680 3656 2737 3703 ut
2792 3660 2823 3703 a
2856 3650 3006 3703 vobis
3066 3648 3333 3701 redamari
3413 3657 3638 3714 putem,

2051 3743 2191 3814 quod
2250 3749 2429 3796 tamen
2458 3741 2592 3796 mihi
2623 3742 2792 3812 magis
2831 3752 3147 3811 exoptarem
3204 3755 3368 3809 quam
3410 3740 3641 3809 plurimo

2051 3849 2187 3889 auro
2232 3835 2510 3890 abundare
2537 3845 2592 3889 et
2645 3834 2713 3890 ad
2756 3848 3029 3889 summum
3090 3832 3313 3886 honoris
3364 3832 3637 3903 fastigium

2053 3925 2346 3992 devenire;
2390 3924 2482 3994 qui
2543 3924 2689 3980 enim
2742 3925 3025 3994 quiescere
3083 3938 3186 3977 non
3253 3923 3480 3979 haberet
3542 3941 3641 3994 per

2052 4017 2379 4073 desiderium
2430 4030 2608 4072 meum
2648 4032 2753 4072 non
2802 4024 2987 4087 posset
3036 4016 3310 4071 consolari
3365 4033 3633 4073 amorem.

2051 4109 2108 4164 Si
2149 4107 2283 4163 nihil
2334 4106 2643 4177 hujusntodi
2683 4111 2742 4163 lit
2779 4117 2835 4161 et
2886 4109 3065 4164 adhuc
3124 4108 3378 4175 silebitis,
3415 4124 3638 4178 arguam

2051 4199 2177 4255 talia
2210 4200 2452 4271 patiens;
2501 4198 2769 4269 iudicabit
2826 4209 3008 4255 autem
3039 4215 3231 4254 amans
3256 4211 3311 4254 et
3341 4199 3641 4255 declarabit

2050 4292 2179 4362 quid
2211 4294 2284 4348 sit
2316 4292 2470 4347 vobis
2512 4292 2829 4361 patiendum
2879 4302 2935 4347 et
2997 4293 3469 4348 exsolvendum...
3530 4291 3642 4348 feli-

2051 4385 2188 4441 citer
2219 4385 2434 4455 quidem
2471 4385 2669 4455 pati
2705 4400 2772 4439 ne
2817 4399 2901 4439 me
2941 4400 3132 4440 rursus
3175 4401 3394 4441 amor...
3427 4386 3641 4456 judica-

358 4474 643 4544 ψηφιεῖται
661 4473 691 4526 ὅ
714 4489 767 4526 τι
788 4474 895 4544 χρὴ
923 4471 1118 4525 παθεῖν
1148 4471 1295 4543 ὑμᾶς
1308 4470 1732 4525 καὶάποτίσαι...
1760 4470 1819 4524 εὖ
1850 4472 1949 4542 μὲν

2056 4473 2137 4530 bit
2195 4484 2373 4531 autem
2434 4490 2532 4528 vos
2592 4483 2669 4529 tot
2699 4474 3008 4530 redditurus
3052 4476 3309 4544 epistolas
3358 4491 3523 4546 quam
3582 4485 3642 4531 ut

362 4566 556 4620 παθεῖν
585 4568 760 4621 ἀπο...
790 4583 881 4621 ται
913 4567 1002 4620 ἴνα
1052 4565 1127 4637 μὴ
1149 4565 1239 4618 τὸν
1265 4565 1476 4635 ἐρῶντά
1513 4581 1579 4635 με
1611 4565 1845 4619 πάλιν...
1871 4566 1945 4638 (1)

2057 4565 2316 4634 prmteriti
2377 4568 2637 4632 temporis
2695 4564 2971 4620 silentium
3020 4566 3403 4621 consulamini.

357 4662 645 4732 ψηφιεῖται
690 4662 747 4715 δὲ
808 4660 955 4732 ὑμᾶς
994 4658 1252 4713 άποτίσαι
1310 4658 1565 4725 τοιαύτας
1617 4658 1943 4725 ἐπιστολὰς,
1980 4656 2123 4711 ὥστε
2168 4657 2247 4728 τῷ
2316 4656 2513 4727 πλήθει
2550 4657 2646 4712 τοῦ
2679 4657 3046 4728 προλαϐόντος
3113 4660 3310 4731 χρόνου
3375 4676 3647 4732 παραμυ·

361 4757 571 4812 θεῖσθαι
608 4758 710 4826 τὴν
750 4757 983 4826 σιωπήν.

788 4848 887 4902 ω’.
921 4846 1202 4902 BIKTOPI
1232 4844 1518 4918 ΑΔΕΔΦῼ.

432 4943 701 5012 Δέδεγμαι
720 4940 782 4994 τὸ
818 4939 1027 5012 βιϐλίον
1048 4940 1110 4994 τὸ
1163 4939 1271 5011 πρὸ
1324 4940 1423 5010 τῆς
1453 4937 1647 5009 πείρας
1671 4936 1942 5009 ποθούμε-

359 5054 451 5091 νον
473 5053 487 5068 ο
518 5036 642 5106 ἥκει
679 5033 788 5106 γὰρ
821 5036 889 5106 τῇ
919 5034 1017 5104 μὲν
1067 5030 1326 5103 ἐπιστολῇ
1377 5028 1695 5100 θαυμαστὸν
1734 5028 1942 5100 ήλίκον,

358 5129 440 5199 τῷ
471 5129 527 5181 δὲ
552 5128 838 5200 πράγματι
874 5126 1023 5193 ξένον
1062 5124 1226 5197 φέρον
1255 5124 1429 5187 οὐδὲν,
1460 5123 1576 5177 ἀλλ’
1620 5122 1648 5174 ὃ
1692 5122 1787 5176 καὶ
1812 5121 1945 5174 πολ-

358 5219 471 5273 λοῖς
497 5219 593 5272 καὶ
622 5216 889 5280 ποικίλοις
915 5216 1283 5270 ὲσπούδασται
1305 5230 1319 5244 ·
1353 5213 1448 5267 σοῦ
1492 5213 1551 5267 δὲ
1585 5213 1747 5285 χάριν
1788 5213 1884 5266 καὶ
1918 5210 1946 5263 ὃ

353 5311 420 5364 τὸ
446 5309 656 5381 βέλτιον
676 5309 857 5362 εἰπεῖν
888 5305 1221 5379 εσεσιγήσθω
1240 5323 1254 5337 ο
1302 5305 1420 5360 ἀλλ’
1452 5304 1548 5359 οῦν
1590 5304 1834 5359 κείσεταί
1862 5321 1945 5358 σοι

356 5403 519 5475 χάρις
555 5404 638 5466 εἰς
664 5392 818 5475 ’ἐμὴν
861 5404 1087 5475 μνήμην
1126 5400 1479 5472 ἀνάγραπτος
1502 5414 1516 5428 ·
1555 5398 1698 5470 πλὴν
1725 5398 1824 5468 οὐχ
1857 5393 1945 5451 οἷα

354 5495 511 5568 παρὰ
538 5496 916 5569 τῷΙΙαυσανίᾳ
929 5494 1006 5566 τῷ
1039 5495 1116 5568 μὴ
1141 5493 1304 5566 μέχρι
1329 5492 1531 5557 παντὸς
1559 5493 1947 5562 σωφρονοῦντι.

377 5589 430 5645 ὀ
457 5591 557 5661 μὲν
584 5590 694 5659 γὰρ
713 5590 833 5644 οὐδὲ
887 5589 1168 5653 Πλαταιὰς
1215 5586 1507 5651 αἰδεσθεὶς,
1546 5585 1670 5639 οὐδὲ
1712 5586 1951 5658 τρόπαια

2432 4838 2571 4895 XIV.
2626 4838 2902 4897 VICTORI
2952 4838 3245 4895 FRATRI.

2123 4934 2388 4991 Volumeu
2426 4943 2553 4989 ante
2603 4933 2997 5004 experientiam
3042 4916 3160 5004 iam
3206 4943 3522 5005 exoptatum
3549 4950 3639 4991 re-

2054 5031 2196 5099 cepi.
2244 5027 2492 5085 Mirabile
2541 5026 2686 5083 enim
2732 5037 2996 5098 quantum
3033 5041 3101 5081 ex
3132 5037 3220 5082 tua
3259 5029 3489 5100 epistola
3544 5045 3640 5085 ve-

2056 5120 2175 5185 nit,
2224 5119 2357 5174 nihil
2428 5128 2606 5174 tamen
2675 5117 2837 5172 alieni
2906 5117 3081 5185 reipsa
3144 5118 3487 5189 adjunctum,
3546 5122 3638 5175 sed

2052 5212 2196 5280 quod
2245 5209 2426 5266 multis
2463 5217 2518 5265 et
2576 5208 2807 5265 diversis
2838 5216 3147 5278 exoptatur;
3182 5211 3258 5265 tui
3288 5217 3469 5265 autem
3518 5226 3642 5279 gra-

2054 5305 2127 5358 tia
2158 5311 2404 5358 taceatur
2455 5310 2510 5358 et
2561 5305 2719 5373 'quod
2785 5301 2967 5359 dicere
2998 5300 3193 5358 melius
3220 5344 3234 5358 .
3308 5301 3423 5356 Tua
3464 5303 3639 5372 gratia

2053 5398 2108 5450 iu
2137 5411 2255 5452 mea
2279 5394 2543 5451 memoria
2562 5395 2771 5467 absque
2797 5392 2993 5450 litteris
3018 5395 3365 5467 pertint-abit;
3393 5407 3550 5449 secus
3576 5408 3641 5448 ac

2054 5490 2198 5558 quod
2228 5489 2296 5544 de
2327 5485 2596 5544 Pausania
2626 5488 2718 5558 qui
2756 5488 2809 5544 iu
2842 5489 3008 5544 tinem
3069 5489 3289 5558 sapiens
3348 5501 3452 5543 non
3515 5485 3639 5540 fuit:

2062 5597 2238 5654 neque
2266 5581 2410 5638 enim
2440 5578 2673 5637 Plataeas
2703 5582 2976 5640 reveritus
3005 5597 3183 5652 neque
3215 5579 3497 5651 splendido
3530 5592 3639 5632 tm-

1866 5677 2102 5739 ΝΟΤᾹΞ.

428 5780 510 5858 (1)
528 5781 585 5839 in
605 5779 694 5837 bis
726 5777 934 5835 lacunis
947 5789 1219 5850 perpauca
1253 5773 1420 5829 verba
1459 5772 1562 5845 legi
1586 5781 1889 5845 nequeant.

658 5874 931 5935 PATROL.
960 5871 1076 5932 Gn.
1129 5866 1501 5931 LXXXVII.

3120 5856 3206 5919 86
