3978 6424
561 293 697 364 ’ἐτ’ὶῖῖ

1892 289 2249 351 PROCOPII
2289 289 2536 351 GAZzEl

3657 295 3771 361 2232

561 416 734 481 pth,
783 408 1025 464 Barbaro
1089 406 1366 462 tradidita
1401 421 1459 461 se
1516 405 1779 460 salvatam
1838 405 2144 470 Graeciam,

2254 408 2406 476 φίλαι
2469 406 2753 478 προεδίδου
2807 405 3080 475 Βαρόἀρῳ
3125 407 3221 474 τὴν
3265 407 3329 460 δι’
3365 407 3521 461 αὑτοῦ
3549 411 3775 472 σωθεῖσαν

560 503 716 572 quasi
753 517 859 555 non
915 507 1192 570 pateretur
1218 499 1271 553 in
1342 497 1503 553 linem
1593 512 1652 553 se
1697 497 1905 553 felicem
1972 514 2139 556 esse.

563 594 642 649 Tu
671 608 802 648 vero
824 592 1038 663 propria
1058 606 1388 656 memorans,
1410 606 1515 644 non
1543 590 1790 659 estquod
1815 604 1921 645 non
1951 592 2142 659 facias;

566 686 867 742 remanebit
896 696 984 739 tua
1037 685 1234 752 gratia,
1266 699 1371 738 non
1421 682 1637 752 quidem
1681 682 1880 752 prima,
1915 684 2009 738 sed
2050 698 2148 751 per

560 772 776 836 Jovem,
804 771 916 841 pati
964 773 1162 827 multas
1195 774 1405 842 priores
1425 810 1441 836 ,
1491 780 1546 826 et
1575 772 1782 838 altera;
1827 787 1934 826 una
1964 783 2143 827 autem

564 864 737 934 gratia
791 864 950 919 abiis
995 865 1084 932 qui
1119 863 1382 920 beneficia
1423 863 1769 933 acceperint,
1800 863 1960 919 bonis
2010 863 2145 919 satis

561 957 708 1024 erit,
750 958 803 1012 id
840 966 1020 1013 autem
1071 964 1173 1022 est,
1238 958 1551 1013 meminisse
1575 973 1636 1013 se
1662 957 1924 1013 beneﬁcia
1985 973 2143 1013 acce-

565 1053 731 1118 pisse.
788 1049 919 1105 Mihi
982 1065 1116 1105 vero
1170 1050 1450 1120 contingat
1492 1064 1600 1105 non
1657 1065 1846 1105 eorum
1900 1050 2144 1106 oblivisci

561 1145 758 1212 quibus
830 1143 1076 1198 voluntas
1109 1152 1194 1198 est
1233 1143 1364 1198 mihi
1415 1139 1834 1208 benefaciendi,
1870 1142 2001 1197 licet
2039 1157 2147 1198 non

561 1238 629 1292 ad
659 1250 774 1290 rem
804 1234 1079 1290 deveniat.

1101 1323 1217 1379 XV.
1250 1320 1574 1380 DIODORO.

630 1418 824 1473 Adhuc
847 1415 1030 1471 taces?
1059 1416 1235 1469 adhuc
1264 1427 1364 1468 nos
1377 1412 1718 1482 aspernaris?
1735 1410 1814 1468 Te
1839 1412 2149 1468 arbitrabar

564 1512 616 1566 in
647 1511 985 1565 saturitatem
1025 1508 1237 1562 venisse
1267 1507 1568 1575 superbiae,
1606 1506 1694 1560 cui
1725 1520 1975 1574 magnum
2003 1501 2146 1559 videi

544 1612 651 1655 -tur
676 1600 870 1666 silere;
928 1614 1026 1655 nos
1078 1607 1258 1653 autem
1292 1612 1352 1651 re
1387 1596 1729 1652 ambitiosius
1768 1607 2006 1657 utemur,
2039 1609 2147 1664 quo

562 1689 908 1759 supercilium
958 1691 1179 1757 promer
1210 1688 1483 1743 silentium
1533 1687 1736 1740 elatum
1773 1683 2146 1740 demittamns.

2262 499 2512 567 Ἐλλάδα,
2543 500 2735 570 ὥσπερ
2772 498 2877 552 οὐκ
2898 499 3109 569 ἀνέχων
3134 500 3215 561 εἰς
3244 499 3390 563 τέλος
3422 501 3638 573 εὐτυχὴς
3679 508 3778 560 km.

2251 595 2435 663 μεῖναι
2456 609 2470 622 ο
2506 593 2570 644 σὺ
2593 591 2651 645 δὲ
2682 592 2751 643 τὰ
2782 593 2960 644 οἰκεῖα
2991 591 3314 661 πειριέπων,
3335 591 3454 645 οὐδὲ
3477 593 3505 645 ὅ
3526 611 3574 648 τι
3590 596 3657 665 μὴ
3677 597 3777 668 δρα.

2251 701 2385 748 σεις.
2413 684 2673 738 Κείσεταί
2710 700 2793 737 σοι
2822 684 3004 737 τοίνυν
3028 685 3059 753 ἡ
3082 682 3242 754 χάρις
3264 683 3324 736 οὐ
3360 683 3565 755 πρώτη,
3602 687 3670 756 μὰ
3685 689 3779 754 Δία,

2250 774 2386 842 πρὸς
2409 773 2630 836 πολλαῖς
2653 772 2711 826 δὲ
2739 772 2987 845 πρώταις
3015 774 3208 841 ἐτέραο
3262 772 3359 842 μία
3398 772 3456 825 δὲ
3487 774 3635 845 χάρις
3659 780 3786 848 παρὰ

2247 864 2357 919 τῶν
2386 860 2448 918 εὖ
2479 863 2764 917 παθόντων
2810 864 3044 936 ἀρκέσει
3085 867 3200 926 τοῖς
3235 863 3479 931 ἀγαθοῖς,
3518 867 3785 937 μεμνῆσθαι

2251 955 2412 1027 μόνον
2438 956 2523 1009 ὅτι
2551 955 2889 1009 πεπόνθασιν
2909 972 2923 988 ·
2960 956 3084 1026 ἐμοὶ
3129 955 3188 1009 δὲ
3222 954 3433 1023 γένοιτο
3460 956 3521 1011 τὸ
3551 958 3674 1027 μηδὲ
3699 961 3785 1014 τῶν

2251 1049 2416 1120 μέχρι
2441 1048 2639 1119 βουλῆς
2661 1049 2904 1103 εὐποιεῖν
2936 1048 3232 1102 ἐθελόντων
3263 1049 3618 1119 ἀμνημονεῖν·
3642 1052 3686 1104 εἰ
3711 1055 3785 1106 καὶ

2254 1140 2332 1211 μὴ
2358 1139 2533 1211 πέρας
2559 1137 2718 1193 ἔσται
2748 1141 2861 1203 τοῖς
2892 1138 3159 1206 δόξουσιν.

2814 1315 2917 1372 IE'.
2965 1317 3264 1389 ΔΙΟΔΩΡῼ.

2323 1414 2443 1466 Ἔτι
2469 1414 2658 1481 σιγᾷςς
2683 1411 2764 1465 ἔτι
2799 1412 3151 1480 περιφρονεῖς
3184 1411 3254 1463 τὰ
3279 1407 3556 1480 ἡμετερας
3585 1409 3686 1462 Καὶ
3708 1412 3790 1481 μὴν

2250 1502 2492 1576 ᾧμηνσε
2520 1504 2656 1575 πρὸς
2694 1503 2857 1574 κόρον
2910 1500 3139 1571 ἀφίχθαι
3193 1501 3577 1571 φρονήματοςο
3629 1501 3790 1566 σεμνὸν

2253 1596 2353 1667 μὲν
2375 1594 2509 1666 ἡγού
2518 1612 2679 1662 μενον
2704 1594 2766 1648 τὸ
2789 1594 2969 1664 σιγᾷν,
3011 1592 3170 1663 ἡμῶν
3185 1592 3242 1646 δὲ
3264 1591 3666 1662 φιλοτιμότερον
3683 1608 3793 1661 χρη-

2254 1689 2499 1757 σομένων
2546 1687 2628 1756 τῷ
2688 1686 2998 1757 πράγματι,
3051 1683 3141 1737 ῖνα
3169 1682 3266 1738 καὶ
3306 1683 3614 1753 νικήσωμεν
3655 1681 3794 1753 ὀφρὺν

562 1785 618 1837 Id
642 1785 784 1838 enim
810 1783 1047 1837 Solitum.
1074 1781 1272 1836 Statim
1298 1790 1354 1833 ut
1377 1778 1646 1834 Caesarem
1676 1777 2003 1846 vitlerisalte
2026 1790 2144 1847 pro-

2251 1781 2340 1835 διὰ
2367 1781 2528 1851 σιγὴν
2565 1779 2889 1850 ἐπηρμένην
2907 1796 2922 1811 υ
2947 1778 3097 1831 τουτί¹
3120 1777 3229 1849 γὰρ
3256 1778 3438 1830 έκεῖνο
3476 1775 3538 1829 τὸ
3579 1774 3795 1843 σύνηθες.

563 1877 808 1942 gredcris
831 1884 883 1929 et
907 1874 1050 1944 quod
1088 1874 1142 1927 in
1170 1871 1407 1927 sublime
1445 1869 1628 1925 Persei
1654 1870 1763 1925 alis
1787 1883 1891 1923 non
1919 1869 2140 1933 levaris,

564 1966 841 2030 irasceris;
866 1973 1051 2018 nostra
1084 1973 1264 2018 autem
1291 1961 1659 2016 consideranti
1684 1974 1912 2031 parvum
1945 1960 2147 2029 quidet

559 2058 719 2126 quasi
758 2056 892 2111 nihil
932 2055 1208 2110 videntur.
1238 2054 1429 2125 Itaque
1451 2053 1621 2122 legem
1645 2051 1926 2121 antiquam
1942 2059 1997 2107 et
2024 2052 2145 2105 ubi-

558 2160 669 2215 que
693 2154 965 2213 potentem
994 2159 1053 2199 es
1078 2152 1466 2213 transgressus:
1494 2149 1711 2210 oportet
1736 2143 1905 2203 enim,
1928 2140 2145 2210 quando

558 2239 699 2306 quis,
726 2237 915 2291 solitos
954 2237 1289 2305 relinquens,
1325 2235 1392 2289 ad
1424 2233 1561 2288 alios
1590 2232 1947 2300 transcurrit,
1994 2231 2143 2285 illum

559 2330 735 2399 primo
771 2329 969 2383 litteris
1001 2326 1312 2382 describere
1357 2325 1632 2395 quomodo
1673 2338 1827 2379 mare
1852 2333 2008 2378 actus
2052 2324 2142 2390 sit,

556 2435 679 2488 quae
701 2429 846 2473 terra
866 2434 989 2473 eum
1012 2414 1394 2481 transmiserit,
1420 2424 1600 2470 utrum
1632 2414 1769 2470 bene
1797 2416 2143 2480 successerit,

557 2525 747 2564 utrum
771 2508 1145 2565 benevolentia
1170 2506 1335 2562 fuerit
1361 2516 1652 2578 acceptus:
1680 2520 1911 2576 quorum
1936 2506 2069 2561 nihil
2089 2515 2144 2559 tu

561 2603 749 2657 dixisti
803 2616 902 2657 nec
937 2600 1273 2655 narrandum
1317 2599 1671 2663 habebamus,
1705 2598 1801 2653 sed
1833 2612 1919 2652 me
1939 2597 2147 2667 judice,

556 2694 798 2759 piscibus
830 2692 999 2759 tnagis
1034 2689 1183 2746 fuisti
1206 2701 1407 2754 mutus,
1438 2703 1505 2743 ne
1535 2686 1719 2743 autem
1745 2687 1970 2743 silentio
2001 2687 2145 2741 ami-

560 2785 685 2839 ι-ῖιίει
710 2782 967 2852 paulatim
994 2781 1047 2836 in
1076 2780 1402 2836 oblivionem
1428 2779 1664 2842 decidat,
1692 2793 1805 2833 rem
1839 2791 2040 2832 renovo
2090 2784 2146 2831 et

562 2877 660 2930 tibi
706 2876 775 2929 fio
818 2875 1070 2942 amicior;
1110 2883 1165 2927 tu
1217 2889 1368 2938 vero,
1408 2881 1468 2927 ut
1495 2871 1732 2936 solebas.
1765 2870 1815 2924 in
1845 2869 2143 2924 amicitiam

563 2968 701 3037 apud
733 2982 854 3033 nos,
904 2977 992 3020 tua
1023 2965 1198 3036 gratia
1255 2964 1400 3035 digni
1429 3004 1446 3031 ,
1480 2962 1699 3031 jocare.
1753 2960 1906 3028 Quod
1937 2960 1981 3014 si
2016 2959 2145 3029 quid

560 3057 759 3111 accidit
801 3056 1049 3121 molesti,
1107 3053 1284 3108 ventis
1323 3053 1671 3123 permittatur
1696 3060 1751 3106 et
1781 3051 2143 3105 humanarum

563 3162 743 3203 rerum
785 3150 1015 3201 fortunae
1043 3161 1163 3216 quae
1209 3155 1393 3200 nostra
1426 3144 1589 3213 inque
1615 3142 1794 3211 deque
1825 3144 2147 3211 perturbare

560 3240 860 3296 delectatur
904 3248 957 3295 ct
1002 3239 1190 3308 rapida
1222 3237 1555 3291 volutatione
1586 3237 1736 3305 agit,
1769 3235 1904 3290 nihil
1964 3235 2149 3291 volens

561 3333 898 3399 stabilesttt
931 3332 1207 3388 immobile
1237 3332 1451 3386 videre.
1496 3328 1695 3384 Malum
1727 3328 1975 3399 equidem
2026 3344 2123 3383 cen

562 3438 656 3479 seo
681 3438 802 3479 esse
828 3422 1092 3489 dolorem,
1137 3421 1308 3475 multo
1334 3433 1515 3475 autem
1556 3419 1707 3489 pejus
1744 3420 1812 3475 iis
1841 3419 1936 3488 qui
1981 3432 2144 3488 spec-

562 3517 743 3572 taculo
817 3516 1140 3571 adfuerunt.
1216 3513 1422 3578 Puella,
1519 3513 1759 3567 nondum
1830 3512 2151 3583 propinquis

561 3608 815 3663 onmihus
841 3616 992 3669 nota,
1025 3622 1125 3678 pro
1170 3604 1411 3661 thalamo
1434 3605 1501 3660 ad
1532 3604 1844 3675 sepulcrum
1905 3602 2146 3668 ducitur;

560 3702 744 3768 sponsi
778 3700 968 3755 inanes
995 3712 1141 3767 spes;
1171 3699 1354 3767 pactio
1382 3696 1801 3754 matrimonialis
1846 3696 2143 3764 discerpta.

564 3793 839 3858 Miserum,
885 3800 944 3845 ut
992 3791 1250 3857 arbitror,
1284 3798 1341 3846 et
1379 3791 1522 3859 quod
1552 3788 1669 3844 fieri
1714 3805 1820 3843 non
1853 3787 2100 3843 debuerit
2130 3800 2144 3839 :

569 3902 674 3938 non
706 3895 886 3939 autem
918 3885 971 3939 in
1002 3900 1099 3939 nos
1124 3885 1358 3955 primum
1387 3884 1566 3940 saeviit
1595 3883 1836 3950 fortuna,
1856 3883 1949 3938 sed
1978 3881 2148 3951 pluri—

565 3991 683 4030 mas
710 3977 816 4045 jam
880 3976 1016 4031 alias
1064 3976 1264 4045 patria:
1309 3978 1530 4045 eripuit,
1561 3975 1859 4029 thalamum
1900 3974 1953 4028 in
1987 3972 2148 4026 funus

558 4080 910 4124 convertens.
947 4069 1090 4137 Quot
1156 4070 1425 4135 homines,
1482 4083 1580 4138 spe
1615 4068 1741 4123 elati
1768 4081 1866 4138 per
1905 4080 2024 4121 eam
2068 4066 2149 4119 fa-

564 4162 686 4215 bula
742 4160 868 4216 facti
911 4162 1075 4215 sunt!
1131 4158 1237 4217 Sed
1277 4174 1377 4216 nec
1419 4161 1689 4216 sententia
1743 4159 1943 4224 vineit;
1987 4158 2148 4212 simul

559 4269 629 4308 ac
684 4254 826 4319 vult,
877 4254 967 4319 fit;
1015 4253 1173 4308 cedat
1223 4252 1566 4324 philowphia
1612 4262 1669 4306 et
1718 4250 2025 4315 voluntas;
2058 4248 2148 4301 ali-

2249 1873 2402 1942 Ἂμα
2433 1874 2530 1926 καὶ
2560 1873 2659 1942 τὴν
2684 1869 2964 1940 Καίσαρος
2999 1865 3160 1933 εἶδες,
3216 1867 3312 1921 καὶ
3341 1867 3548 1937 βαίνεις
3581 1866 3705 1936 ὑψοῦ
3722 1868 3798 1918 καὶ

2246 1965 2599 2031 ἀγανακτεῖς,
2626 1963 2712 2016 ὅτι
2742 1961 2817 2033 μὴ
2843 1962 3104 2032 Περσέως
3118 1962 3338 2031 πτεροῖς
3368 1959 3499 2031 αἴρῃ
3529 1959 3795 2028 μετέωρος·

2250 2057 2318 2109 τὰ
2340 2056 2398 2109 δὲ
2432 2054 2681 2125 ἡμέτερά
2706 2070 2795 2107 σοι
2829 2052 3187 2123 λογιζομένῳ,
3242 2051 3420 2123 μικρά
3453 2068 3513 2103 τε
3552 2048 3629 2102 ἑτι
3654 2049 3800 2102 δοκεῖν

2246 2147 2340 2201 καὶ
2376 2146 2563 2199 οὐδέν’
2612 2145 2734 2199 ὅθεν
2777 2160 2859 2198 σοι
2916 2144 3083 2212 νόμος
3137 2141 3369 2205 παλαιὸς
3423 2141 3520 2194 καὶ
3559 2138 3798 2209 πανταχοῦ

2248 2237 2471 2309 κρατῶν
2505 2236 2891 2308 παρεϐαίνετο.
2917 2234 3038 2305 Χρὴ
3066 2233 3176 2304 γὰρ
3192 2232 3416 2288 ἐπειδάν
3434 2249 3519 2295 τις
3548 2231 3665 2294 τοὺς
3693 2246 3798 2283 συν-

2248 2328 2401 2401 ήθεις
2426 2326 2748 2382 καταλιπὼν
2781 2327 2870 2380 ἐπ’
2903 2325 3225 2387 ἀλλοδαποῖς
3262 2321 3438 2376 ἰθύνοι
3488 2321 3580 2376 τὸν
3610 2321 3799 2392 δρόμον,

2247 2422 2412 2476 αὐτὸν
2438 2418 2578 2476 εῖναι
2600 2421 2818 2492 πρῶτον
2855 2419 2947 2473 τὸν
2989 2416 3399 2481 ἐπιστέλλοντα,
3445 2416 3624 2468 ὁποῖον
3664 2414 3801 2467 αὑτὸν

2245 2510 2381 2586 ἦγεν
2397 2516 2433 2584 ἡ
2456 2513 2717 2580 θάλαττα,
2755 2513 2903 2574 ὅπως
2926 2510 2960 2581 ἠ
2986 2510 3058 2579 γῆ
3087 2508 3252 2563 τοῦτο
3281 2505 3662 2579 ὁδοιποροῦντα
3687 2521 3802 2575 παρ-

2249 2606 2516 2676 έπεμπεν,
2547 2607 2596 2658 εἰ
2621 2603 2870 2677 χρηστῆς
2919 2602 3174 2673 ἀπήλαυε
3233 2600 3429 2672 τύχης,
3465 2601 3514 2652 εἰ
3557 2600 3642 2651 τὸν
3665 2598 3800 2650 αὐτὸν

2249 2696 2495 2767 εὐμενῶς
2552 2695 2848 2767 ὑπεδέχετο
2867 2710 2882 2725 °
2915 2694 3121 2747 τούτων
3169 2692 3269 2764 μὲν
3302 2692 3467 2756 αὐτὸς
3497 2691 3629 2761 ἔφης
3654 2691 3800 2751 οὐδὲν,

2249 2788 2364 2844 οὐθ’
2387 2791 2551 2860 ἡμεῖς
2576 2787 2781 2859 ἔχομεν
2816 2784 3214 2858 διηγήσασθαι·
3236 2783 3378 2838 ἀλλὰ
3418 2783 3616 2853 τούμὸν
3644 2783 3799 2852 μέρος,

2252 2879 2434 2933 αὐτῶν
2466 2876 2669 2949 ἰχθύων
2695 2876 2927 2946 γέγονας
2978 2874 3324 2945 ἀφωνότερος
3347 2890 3362 2903 ·
3412 2872 3529 2926 ἀλλ’
3557 2873 3640 2925 ῖνα
3664 2870 3729 2942 μὴ
3749 2869 3803 2922 τὰ

2250 2969 2356 3039 τῆς
2388 2967 2570 3036 φιλίας
2599 2968 2667 3037 τῇ
2702 2968 2828 3036 σιγῇ
2856 2964 2993 3035 πρὸς
3023 2962 3193 3035 λήθην
3228 2961 3456 3017 ἐλθόντα
3478 2962 3615 3016 κατὰ
3642 2960 3804 3031 μικρδν

2253 3060 2523 3132 ὑπορρέῃ,
2560 3056 2903 3129 άνανεοῦμαι“
2927 3056 3090 3111 πάλιν
3129 3056 3189 3109 τὸ
3223 3057 3460 3126 πρᾶγμα
3491 3054 3585 3108 καὶ
3616 3051 3803 3123 γίνομαί

2254 3169 2337 3206 σοι
2391 3149 2941 3223 φιλανθρωπότεροςο
2987 3147 3083 3202 καὶ
3142 3148 3209 3202 σὺ
3255 3147 3398 3211 πρὸς
3446 3145 3625 3215 φιλίαν
3670 3140 3803 3204 παῖζε

2254 3245 2389 3315 πρὸς
2417 3244 2565 3315 ήμᾶς
2593 3243 2664 3297 τὰ
2687 3242 2895 3314 συνήθη
2941 3242 3036 3295 καὶ
3088 3239 3190 3310 τῆς
3226 3239 3329 3309 σῆς
3359 3239 3582 3309 χάριτος
3610 3235 3737 3300 ἄξια.
3757 3235 3804 3286 Εἰ

2251 3337 2310 3391 δέ
2337 3354 2391 3389 τι
2412 3336 2606 3404 γέγονε
2649 3333 2764 3387 τῶν
2817 3332 3117 3396 ἁνιὼντων,
3167 3328 3372 3400 αὔραις
3410 3329 3569 3383 τοῦτο
3594 3325 3803 3384 διδόσθω.

2253 3431 2349 3482 καὶ
2372 3432 2439 3499 τῇ
2473 3428 2617 3499 τύχῃ
2647 3425 2757 3480 τῶν
2794 3424 3151 3495 ἀνθρωπίνων
3189 3422 3562 3492 πραγμάτων,
3607 3420 3718 3490 ἡτις
3742 3419 3806 3471 ὲνι

2251 3520 2516 3591 τρυφῶσα
2543 3520 2658 3582 τοῖς
2681 3516 2972 3589 ἡμετέροις
3020 3516 3132 3570 ἄνω
3164 3514 3263 3568 καὶ
3286 3514 3444 3567 κάτω
3497 3511 3710 3581 μεταθεῖ
3736 3509 3807 3561 καὶ

2253 3611 2484 3683 βραχείᾳ
2544 3612 2687 3681 ῥοπῇ
2742 3607 3162 3679 μεταϐάλλεται,
3213 3607 3387 3677 μηδὲν
3428 3605 3677 3659 ἐθέλουσα
3710 3599 3785 3670 βλέ

2253 3722 2374 3759 πειν
2409 3703 2645 3774 ἑστηκὸς
2676 3702 2772 3755 καὶ
2816 3701 3105 3771 ἀκίνητον’
3146 3700 3241 3753 καὶ
3269 3697 3451 3752 δεινὸν
3478 3698 3574 3769 μὲν
3597 3692 3735 3765 οἶμαι
3761 3694 3807 3744 ﬁ

2250 3796 2445 3859 πάθος,
2466 3793 2770 3861 δεινότερον
2802 3792 2862 3846 δὲ
2890 3793 3005 3856 τοῖς
3031 3791 3200 3845 εἰδόσι
3226 3790 3288 3843 τὸ
3326 3790 3541 3859 θέαμα·
3576 3787 3701 3858 κόρη
3725 3799 3816 3856 μη-

2248 3885 2306 3937 δὲ
2337 3886 2450 3946 τοῖς
2471 3882 2694 3945 οἰκείοις
2718 3881 2926 3937 ἅπασιν
2958 3881 3305 3951 ἐγνωσμένη,
3331 3879 3396 3932 ὲν
3417 3878 3632 3932 πάντων
3653 3876 3804 3945 ὕψεσιν

2254 3977 2378 4030 ἀντί
2402 3974 2677 4038 παστάδος
2726 3974 2970 4045 ἀγομένη
3003 3972 3141 4044 πρὸς
3170 3970 3363 4041 τάφον,
3420 3970 3533 4025 Καὶ
3561 3970 3703 4023 κεναί
3727 3965 3805 4035 μὲν

2249 4066 2497 4121 ἐντεῦθεν
2523 4067 2839 4136 μνηστῆρος
2877 4065 3115 4128 ἐλπίδες,
3145 4063 3448 4136 συγγραφὴ
3483 4063 3542 4117 δὲ
3571 4059 3806 4133 γαμήλιος

2249 4160 2337 4213 ἐπ’
2360 4159 2500 4231 αὐτῇ
2543 4159 2905 4230 διερρήγνυτο
2930 4172 2943 4187 ‘
2981 4156 3132 4211 δεινὰ
3183 4156 3283 4228 μὲν
3334 4150 3495 4227 οἶμαι
3523 4153 3702 4217 ταῦτα,
3730 4149 3806 4204 καὶ

2246 4252 2349 4313 οὐκ
2377 4249 2557 4320 ὤφελε
2577 4249 2830 4320 γενέσθαι
2858 4266 2871 4280 ·
2938 4244 3077 4321 πλὴν
3125 4249 3229 4303 οὐκ
3256 4248 3341 4318 ἐφ’
3385 4247 3545 4319 ἡμῶν
3577 4242 3806 4316 πρῶτονή

563 4341 697 4412 quid
743 4345 813 4397 sit
855 4343 1086 4411 amplius
1133 4343 1199 4397 iis
1237 4342 1328 4411 qui
1380 4340 1784 4396 incumbunt...
1826 4339 1970 4394 scire
2005 4337 2144 4392 ferre

2250 4342 2389 4413 τύχη
2422 4342 2807 4413 στρατεύεται,
2832 4341 3033 4407 πολλὰς
3048 4342 3148 4414 ήδη
3174 4358 3279 4395 που
3307 4342 3407 4394 καὶ
3432 4339 3595 4402 ἄλλας
3617 4339 3804 4410 ἥρπασε

561 4430 784 4484 vulnera
815 4430 1085 4483 furtunae:
1133 4430 1303 4486 miror
1330 4429 1475 4482 enim
1524 4442 1624 4497 ego
1677 4424 1827 4482 illunt
1872 4425 1963 4495 qui
2008 4424 2144 4479 dixit

2252 4434 2354 4505 τῆς
2419 4433 2700 4505 πατρίδος,
2758 4436 2855 4488 καὶ
2910 4435 3184 4505 νυμφικδν
3236 4434 3485 4505 θάλαμον
3531 4435 3610 4497 εἰς
3640 4433 3807 4504 θρῆνον

556 4522 877 4589 sapienter:
907 4520 1041 4575 Cum
1086 4535 1189 4574 non
1230 4521 1486 4574 eveniant
1528 4535 1650 4590 quae
1696 4519 1967 4583 volumus.
2023 4533 2144 4588 quae

2252 4526 2567 4597 μετέϐαλεν.
2604 4529 2670 4580 Ὢ
2697 4529 2853 4581 πόσοι
2910 4532 3034 4592 ταῖς
3062 4527 3246 4580 ἐλπίσι
3285 4527 3626 4599 τρυφῶντες,
3664 4508 3804 4594 μῦθος

562 4614 824 4667 eveniunt
850 4612 1263 4669 velimus.Abit
1315 4622 1515 4666 terram
1566 4610 1878 4681 relinquens
1922 4619 2142 4666 utcon-

2250 4617 2337 4672 διὰ
2386 4618 2589 4688 ταύτην
2651 4620 2933 4688 ὲγένοντο’
2965 4620 3082 4673 ἀλλ’
3113 4620 3235 4674 οὐδὲ
3264 4624 3330 4691 τῇ
3370 4621 3539 4694 ψήφῳ
3559 4619 3702 4688 νικᾷ⁵
3729 4615 3803 4667 καί

555 4706 691 4776 jugii
752 4704 892 4758 mala
924 4716 978 4759 et
1014 4704 1310 4760 liberorum
1362 4712 1569 4773 partus,
1631 4703 1677 4758 si
1713 4701 1879 4757 futuri
1920 4713 2144 4770 essent;

2251 4708 2367 4778 ἅμα
2389 4726 2441 4762 τι
2465 4708 2607 4762 θέλει
2652 4711 2747 4763 καὶ
2777 4710 3025 4779 γίνεται·
3090 4711 3338 4764 νικάσθω
3395 4708 3679 4781 φιλοσοφία
3727 4704 3802 4756 καὶ

559 4798 918 4866 praetermitto
968 4807 1148 4850 autem
1185 4796 1492 4850 nutricialia
1530 4795 1771 4865 pericula
1801 4803 1855 4848 et
1887 4795 2027 4849 inter
2072 4794 2144 4848 fe-

2256 4798 2449 4870 γνὼμη
2480 4816 2492 4829 ·
2546 4801 2640 4855 καὶ
2669 4803 2813 4855 ἔστω
2863 4819 2915 4853 τι
2964 4802 3127 4857 πλέον
3160 4805 3272 4865 τοῖς
3307 4801 3679 4872 ἀνακειμένοις
3704 4798 3801 4856 τῖς

556 4887 820 4942 licitatem
884 4891 1129 4952 timores,
1192 4903 1260 4942 ne
1316 4888 1527 4943 scilicet
1583 4887 1944 4958 praesentibus
1982 4888 2144 4943 .bonis

2258 4891 2493 4962 μούσαις
2531 4892 2593 4944 τὸ
2628 4892 2816 4963 φέρειν
2846 4894 3045 4948 εἰδέναι
3074 4896 3169 4957 τὰς
3198 4895 3390 4964 τύχας.
3425 4890 3688 4964 Θαυμάζω
3716 4888 3802 4955 γὰρ

557 4981 875 5046 excidatur;
916 4982 1072 5036 malis
1103 4981 1227 5035 vitae
1268 4982 1438 5035 libera
1467 4982 1602 5044 abit,
1636 4982 1780 5035 viam
1810 4995 1937 5034 vere
1978 4979 2143 5033 latam

2255 4982 2432 5051 ἔγωγε
2478 4982 2572 5036 καί
2598 4983 2686 5036 τὸν
2724 4967 2985 5055 εἰρηκότα
3018 4986 3197 5055 σοφῶς
3230 5001 3243 5015 ·
3292 4984 3433 5038 Ἀλλ’
3455 4982 3637 5052 ἐπειδὴ
3650 4983 3716 5053 μὴ
3736 4982 3801 5045 γί-

556 5071 871 5141 lngrediens
900 5086 959 5129 et
991 5089 1154 5143 quam
1212 5087 1404 5127 omnes
1464 5090 1562 5126 nos
1594 5072 1805 5143 ingredi
1835 5078 2052 5141 oportet
2078 5085 2144 5125 eo

2256 5093 2405 5128 νεται
2451 5075 2487 5129 ἃ.
2533 5076 2780 5147 θέλομεν,
2815 5076 3137 5148 θελήσωμεν
3184 5078 3252 5131 τὰ
3300 5078 3594 5147 γινόμεναο
3624 5076 3800 5143 οτχετσλι

561 5164 702 5230 quod
737 5167 848 5218 nati
883 5180 1073 5220 sumus
1096 5203 1113 5219 .

2255 5167 2355 5236 τὴν
2399 5168 2503 5237 γῆν
2562 5168 2928 5234 ἀπολιποῦσα,
2972 5172 3069 5224 καὶ
3109 5170 3291 5240 γάμου
3331 5169 3477 5223 κακὰ
3514 5169 3602 5221 καὶ
3626 5164 3800 5217 παὲδων

558 5258 779 5325 ὠδῖνας,
814 5260 996 5315 εἴποτε
1029 5264 1123 5317 καὶ
1178 5262 1464 5330 ἐγένοντο⁹
1501 5265 1596 5319 καὶ
1644 5262 1837 5317 σιωπῶ
1887 5263 2014 5327 τοὺς
2044 5263 2144 5335 τῆς
2184 5266 2577 5336 παιδοτροφίας
2607 5267 2910 5332 κινδύνουξ,
2949 5268 3046 5322 καὶ
3097 5269 3188 5322 τὸν
3219 5269 3278 5321 ὲν
3343 5267 3567 5337 εὐτυχία
3641 5260 3794 5330 φόϐον.

561 5364 638 5432 μή
668 5376 801 5412 ποτε
836 5359 1045 5425 γένοιτο
1075 5360 1182 5412 τῶν
1214 5360 1502 5431 παρόντων
1533 5361 1860 5432 διαμαρτεῖν
1885 5377 1898 5390 ·
1936 5361 2048 5414 τῶν
2123 5361 2180 5414 δὲ
2224 5364 2541 5431 συντρόφων
2573 5364 2653 5434 τῷ
2684 5364 2784 5435 βίῳ
2806 5364 2993 5418 κακῶν
3032 5364 3301 5434 γενομένη
3343 5363 3556 5415 πάντων
3613 5353 3798 5411 ἐλεύθε-

562 5471 656 5527 ρος
683 5452 891 5525 οἰχεται
921 5450 1195 5522 λεωφόρον
1229 5453 1400 5516 ὅντως
1426 5452 1567 5520 ὁδὸν,
1595 5455 1690 5508 καί
1712 5448 1778 5518 ἢν
1817 5451 2035 5507 ὁδεῦσαι
2058 5455 2140 5506 δεῖ
2179 5455 2409 5519 πάντας,
2435 5455 2624 5526 ἐπειδὴ
2650 5456 2743 5507 καὶ
2766 5456 3094 5527 γεγόναμεν.

1120 5546 1235 5602 XVl
1262 5588 1277 5602 .
1323 5547 1532 5604 EIDEM
1561 5588 1575 5603 .

2470 5618 2475 5625 ,
2811 5552 2930 5621 ις’.
2976 5554 3064 5624 Te
3087 5552 3289 5625 ΛΥΤῼ.

631 5640 791 5695 Nunc
833 5637 1059 5707 cegnovi
1122 5647 1323 5707 quanta
1380 5655 1468 5693 me
1522 5640 1672 5707 prius
1715 5639 1916 5710 injuria
1951 5650 2042 5693 tuo
2072 5642 2144 5694 si-

2330 5641 2442 5694 Νὗν
2465 5642 2638 5712 ἔγνων
2668 5643 2792 5697 ὅσον
2819 5644 3027 5714 ἠδίκεις
3059 5644 3329 5716 πρότερον
3385 5641 3628 5695 dtur-43w
3663 5639 3714 5702 ἐξ
3733 5630 3795 5688 ὧν

561 5732 729 5791 lentio
761 5728 1041 5787 aﬂ‘eceris:
1099 5737 1359 5800 quantum
1409 5732 1555 5785 cnim
1591 5745 1675 5787 me
1701 5732 1949 5791 scribens
2000 5733 2144 5786 cxhi-

2257 5734 2365 5805 γὰρ
2399 5733 2687 5807 ηὔφρανας
2741 5735 2990 5807 γράφων,
3036 5736 3102 5791 ἐκ
3152 5734 3356 5791 τούτων
3406 5734 3540 5799 ὅλως
3594 5729 3789 5801 σιγήσας
