3978 6464
322 330 467 402 1738

1772 325 2178 388 EPISTOL/E.

3458 313 3522 377 27
3534 311 3598 374 34

320 443 540 505 λυπεῖς·
572 439 677 511 τήν
728 436 839 511 γὰρ
883 435 1179 509 ἐπιστολὴν
1223 436 1305 500 είς
1356 436 1545 507 χεῖρας
1575 432 1779 497 λαϐὼν,
1808 450 1911 488 πα-

2037 429 2228 498 arasti,
2260 437 2466 484 tantum
2501 436 2686 483 Iacens
2717 424 2929 493 aﬂligis.
2981 424 3151 480 Tuam
3201 438 3437 497 namque
3485 433 3602 496 epi-

322 529 797 606 λαιᾶεέμνήσθην
845 528 1192 598 εὐδαιμονίας
1213 542 1226 557 ⁸
1270 528 1331 579 σὲ
1351 528 1610 595 παρεῖναι
1638 524 1813 580 δοκῶν
1852 525 1910 577 ἐν

2036 524 2210 578 stolam
2246 523 2298 575 in
2348 520 2598 574 manibus
2649 518 2946 586 accipiens,
3005 518 3249 586 pristinae
3283 520 3603 575 recordatus

323 628 438 690 τοῖς
463 624 780 697 γράμμασι,
809 621 905 676 καί
933 637 988 675 τι
1011 621 1192 687 λέγειν
1214 620 1289 682 ὡς
1334 620 1566 691 παρόντι
1588 617 1872 695 προήχθην
1894 631 1909 647 ⁸

324 715 425 770 καὶ
452 715 522 767 τὰ
553 715 653 785 μὲν
678 709 855 775 εἷπον,
887 712 955 765 τὰ
976 711 1034 763 δέ
1098 710 1355 777 λέγοντος
1393 708 1615 763 ἀκούειν
1647 708 1867 760 ἐδόκουν
1896 722 1909 735 ·

325 805 422 861 καὶ
453 805 608 876 μόλις
627 801 961 872 ἀνενεγκὼν,
998 801 1174 869 ἐγνων
1203 803 1278 862 ὼς
1307 800 1442 871 ὄναρ
1485 795 1555 871 ἦν
1583 799 1788 861 ἐκεῖνα,
1818 798 1914 851 καὶ

326 896 683 968 ἠπατήμεθα.
727 894 940 950 Οὐκοῦν
983 894 1163 965 γράφε
1211 892 1494 956 πολλάκις,
1535 892 1626 946 ῖνα
1655 892 1754 962 τῆς
1784 891 1915 957 θέας

324 989 684 1061 ἀποροῦντες,
711 987 989 1057 ὀνείρασιν
1009 985 1433 1057 εὐφραινώμεθα
1452 1001 1468 1016 ο
1495 985 1800 1056 ἐπειδήπερ
1820 983 1915 1039 καὶ

324 1082 502 1145 δεινὸς
532 1080 769 1153 ἐραστὴς
788 1078 901 1132 τῶν
931 1078 1203 1132 παιδικῶν
1234 1078 1473 1148 ἀτυχῶν,
1514 1079 1753 1150 χρηστὸν
1780 1077 1915 1147 ὄναρ
1939 1130 1945 1135 ,

325 1169 441 1229 είδε
468 1174 567 1227 καὶ
626 1170 1049 1242 μεταϐάλλεται·
1083 1170 1219 1224 ἀλλὰ
1255 1170 1469 1223 δέδοικα
1512 1171 1677 1222 ταυτὶ
1706 1169 1913 1237 λέγειν,

332 1265 413 1338 μὴ
448 1265 545 1320 καὶ
572 1264 804 1335 νομίσας
824 1262 1025 1332 ἀληθῆ,
1054 1264 1406 1334 φρονήματος
1433 1261 1792 1332 ἐμπλησθεὶς,
1822 1262 1918 1315 καὶ

328 1361 545 1431 γένοιτο
580 1358 743 1412 πάλιν
767 1359 958 1429 σιγᾷνο
1014 1357 1207 1427 νόμιζε
1258 1356 1440 1410 τοίνυν
1495 1350 1636 1409 εἶναι
1702 1356 1915 1426 ψευδῆ⁸

329 1451 428 1505 καὶ
463 1449 623 1520 μόνον
653 1447 944 1510 λαλοῦντος
967 1448 1297 1519 ἀκούσομαι.
1348 1448 1452 1500 Τὸν
1480 1446 1537 1500 δὲ
1567 1446 1804 1518 φέροντα
1818 1448 1918 1515 τὴν

328 1542 625 1612 ἐπιστολὴν
649 1540 872 1611 ἀνεψιὸν
894 1540 1024 1594 ὅντα
1060 1540 1159 1594 καὶ
1202 1540 1488 1611 κηδεστὴν,
1541 1541 1596 1594 εί
1611 1556 1675 1608 γε
1730 1539 1810 1592 δεῖ
1858 1538 1919 1592 τὸ

335 1635 538 1705 μᾶλλον
566 1635 765 1698 εἰπεῖν,
787 1632 1077 1704 εὐμενέσιν
1125 1632 1248 1686 ίδὼν
1290 1632 1594 1704 ὀφθαλμοῖς
1619 1673 1636 1697 ,
1669 1634 1774 1686 κᾶν
1801 1631 1917 1705 δέῃ,

2016 629 2136 670 sum
2179 611 2490 674 felicitatis;
2526 619 2579 664 te
2624 610 2676 664 in
2718 610 2828 664 tuis
2871 608 3069 662 litteris
3099 610 3290 664 adesse
3337 610 3604 678 opinabar

2015 718 2071 762 et
2117 708 2183 760 ad
2226 704 2606 775 alloquendum
2652 712 2708 757 te
2745 703 2891 757 velut
2921 713 3241 773 praesentem
3289 703 3601 768 excitabar;

2021 800 2178 855 modo
2243 799 2411 868 loqui,
2461 799 2620 853 modo
2659 796 2850 850 audire
2910 795 3037 848 mihi
3101 794 3362 860 videbar;
3426 802 3481 847 et
3516 796 3603 846 vix

2019 892 2165 947 ferre
2190 892 2357 962 potui,
2431 905 2553 944 cum
2609 888 2803 958 agnovi
2847 888 2897 941 id
2929 899 3049 941 esse
3103 886 3373 940 somnium
3431 892 3484 937 et
3519 899 3605 937 me

2020 982 2131 1037 falli
2155 1023 2169 1037 .
2204 982 2411 1049 Saepius
2440 995 2569 1051 ergo
2592 979 2791 1044 scribe,
2844 988 2921 1042 ut,
2967 987 3060 1032 tuo
3090 988 3380 1046 censpectn
3433 978 3607 1030 desti-

2021 1083 2192 1138 tutns,
2228 1072 2454 1125 somniis
2510 1070 2702 1124 saltem
2756 1069 3055 1137 gaudeant.
3089 1068 3368 1135 Siquidem
3406 1068 3604 1119 ardens

2019 1175 2254 1226 amator,
2337 1163 2451 1218 suis
2514 1162 2756 1231 privatus
2819 1160 3030 1222 amicis,
3105 1158 3262 1213 dulce
3325 1159 3600 1212 somnium

2020 1259 2168 1313 videt
2199 1270 2252 1314 et
2303 1261 2538 1328 seipsnm
2587 1256 2742 1311 fallit.
2801 1256 2905 1311 Sed
2956 1257 3071 1309 haec
3093 1255 3303 1321 dicens,
3339 1256 3502 1309 timeo
3540 1271 3607 1307 ne

2022 1365 2148 1403 vera
2181 1364 2303 1405 esse
2337 1359 2494 1419 putes
2541 1357 2596 1403 et
2646 1347 2897 1416 superbia
2936 1346 3128 1416 plenus
3167 1346 3345 1402 denm)
3390 1358 3603 1402 taceas:

2022 1443 2196 1511 cogita
2254 1455 2383 1511 ergo
2436 1441 2569 1494 falsa
2625 1453 2767 1505 esse,
2820 1452 2928 1508 quo
2981 1448 3033 1492 tc
3070 1452 3288 1508 Semper
3361 1441 3602 1495 audiam.

2023 1534 2122 1601 Qui
2161 1543 2340 1587 autem
2398 1548 2574 1587 meam
2615 1531 2900 1601 epistolam
2958 1532 3023 1583 ad
3073 1540 3126 1585 te
3178 1531 3407 1593 deferet,
3473 1547 3609 1602 quo-

2026 1627 2168 1679 niam
2197 1624 2557 1679 consobrinus
2573 1624 2687 1678 etsi
2720 1622 2848 1693 qnid
2873 1623 3104 1692 amplius
3130 1625 3415 1678 dicendum
3444 1642 3612 1692 gener

330 1723 633 1797 παρασχὼν
653 1723 803 1793 αὑτῷ
835 1722 1232 1794 συμμαχοῦσαν
1264 1722 1363 1795 τὴν
1403 1723 1672 1792 γλῶτταν,
1698 1723 1821 1794 ἐμοί
1859 1739 1920 1776 τε

2036 1732 2179 1772 mens
2245 1726 2356 1780 est,
2415 1733 2536 1772 cum
2589 1716 2761 1785 gratis
2810 1715 3048 1783 accipias
3096 1717 3290 1783 oculis,
3333 1727 3406 1784 et,
3436 1718 3481 1772 si
3515 1734 3609 1772 ne-

332 1820 445 1872 πᾶν
472 1816 677 1870 διδόναι
704 1814 854 1870 δόκει
888 1816 989 1887 τῆς
1005 1815 1247 1885 χάριτος.

902 1998 1111 2069 ιΖητο
1145 1997 1353 2068 arm.

408 2093 579 2164 Ὅσης
603 2090 889 2161 ἀπήλαυσε
928 2090 1060 2161 παρ’
1096 2089 1250 2160 ὑμῶν
1270 2091 1370 2161 τῆς
1398 2089 1649 2153 εὐποιίας
1693 2091 1722 2143 ὁ
1760 2089 1924 2143 καλδς

333 2186 636 2256 Ζαχαρίας,
678 2183 844 2245 αὐτός
884 2199 945 2235 τε
974 2182 1267 2254 διηγεῖται,
1319 2181 1585 2246 πολλάκις
1622 2182 1720 2236 καὶ⁹
1762 2182 1925 2253 ἡμεῖς

333 2277 695 2346 ἀκηκόαμεν·
741 2275 929 2346 ἐδήλου
969 2273 1028 2327 δὲ
1057 2274 1149 2327 καὶ
1191 2272 1277 2348 τὰς
1306 2273 1551 2344 ὑμέτερα
1593 2272 1922 2344 γράμματα,

335 2370 480 2441 πλὴν
520 2367 660 2421 ἀλλὰ
691 2365 791 2434 τῆς
819 2364 1077 2435 ἀληθείας
1112 2364 1372 2419 ἐλάττονα
1399 2378 1415 2393 ⁶
1447 2365 1598 2429 ὅπως
1629 2365 1716 2431 ἂν,
1743 2360 1920 2434 οἶμαι,

329 2449 495 2530 δόξῃς
551 2457 621 2510 τὰ
664 2455 878 2526 χρηστὰ
926 2456 1099 2507 ποιεῖν
1127 2454 1328 2508 εἰδέναι
1368 2453 1568 2524 μᾶλλον
1616 2455 1649 2525 ἢ
1692 2454 1873 2522 λέγειν
1909 2472 1923 2487 ο

336 2552 477 2619 ὅπερ
515 2549 618 2602 οὐκ
669 2546 875 2618 ἀπορία
899 2547 992 2600 τοῦ
1030 2546 1300 2615 λέγοντος,
1338 2545 1476 2599 ἀλλὰ
1502 2547 1737 2617 σώφρων
1762 2544 1927 2609 αίδὼς

331 2637 436 2708 τὴν
478 2635 683 2705 ἑαυτῆς
720 2635 921 2706 ἀρετὴν
966 2634 1400 2707 ἐπικρύπτουσα.
1456 2635 1571 2707 Τὴν
1607 2636 1665 2689 δέ
1715 2634 1816 2708 σὴν
1847 2636 1928 2699 είς

332 2732 489 2800 ἡμᾶς
544 2728 784 2800 σπουδὴν
830 2730 927 2781 καὶ
966 2728 1098 2798 πρὶν
1154 2728 1409 2797 γενέσθαι
1450 2730 1585 2782 πᾶσι
1634 2728 1740 2800 βοῶ
1763 2745 1778 2760 θ
1832 2731 1928 2783 καὶ

337 2821 493 2886 ξένον
517 2820 668 2874 οὐδὲν
702 2820 835 2889 ἡμῖν
871 2819 1086 2873 ἅπαντα
1125 2818 1162 2874 ἃ.
1191 2819 1288 2890 μέν
1329 2818 1396 2875 ἂν
1423 2819 1735 2890 ἐλπίσωμεν
1768 2818 1927 2888 γενέ-

340 2914 504 2967 σθαιο
561 2915 656 2967 καὶ
723 2913 965 2985 μεγάλης
1025 2912 1192 2984 οὔσης
1244 2913 1334 2967 ἀεὶ
1379 2913 1480 2982 τῆς
1535 2912 1770 2981 ἐλπίδος,
1826 2913 1929 2967 οὐκ

337 3007 559 3077 ἐλέγχει
584 3006 791 3074 ταύτην
823 3008 860 3071 ἡ
900 3007 1062 3085 πεῖρα
1084 3020 1101 3037 ο
1132 3003 1244 3074 ἐγὼ
1279 3005 1380 3077 μὲν
1400 3004 1495 3059 οὖν
1523 3007 1619 3059 καὶ
1655 3006 1827 3059 πλείω
1852 3004 1931 3059 λέ-

1957 1782 2202 1874 Bcesse,
2256 1819 2521 1879 praestans
2581 1782 2636 1865 et
2667 1819 2772 1863 tua:
2826 1782 3026 1876 lingua:
3073 1782 3423 1877 adiutorium,
3456 1826 3606 1866 sum-

2025 1917 2168 1954 mam
2201 1902 2330 1955 mihi
2355 1901 2585 1971 gratiam
2621 1910 2848 1970 praestes
2878 1944 2893 1961 .

2606 1993 2768 2049 XVII.
2816 1996 2875 2050 ΕΙ
2887 1996 3043 2052 DEM.

2096 2088 2308 2157 Quanta
2339 2089 2481 2158 apud
2511 2098 2562 2142 te
2592 2087 2855 2146 felicitate
2882 2092 3101 2161 gavisus
3139 2090 3303 2144 fuerit
3345 2087 3614 2144 formosus

2027 2176 2342 2242 Zacharias,
2378 2179 2493 2247 ipse
2527 2178 2682 2233 nobis
2712 2181 2956 2234 narravit
2994 2189 3050 2235 et
3077 2178 3404 2249 compluries
3444 2180 3613 2233 audi-

2025 2271 2239 2339 vimus;
2304 2279 2426 2325 tuas
2472 2284 2692 2340 qttoque
2736 2271 2946 2327 litteras
2989 2273 3345 2338 monstrabat,
3382 2271 3615 2327 veritate

2030 2370 2210 2416 tamen
2253 2363 2514 2426 minores,
2549 2362 2824 2431 quoniam,
2865 2373 2921 2416 nt
2970 2362 3187 2434 epiner,
3223 2362 3415 2417 melius
3457 2377 3616 2432 egre-

2027 2453 2099 2522 gii
2132 2452 2314 2510 facere
2344 2455 2452 2510 scis
2483 2469 2645 2524 quam
2685 2455 2896 2520 dicere,
2931 2470 3034 2509 nun
3065 2470 3132 2510 ex
3163 2457 3430 2510 sermonis
3475 2454 3616 2510 indi-

2028 2547 2236 2617 gentia,
2264 2548 2361 2601 sed
2403 2561 2471 2601 ex
2521 2548 2786 2602 modestia
2830 2563 2950 2617 qua:
2991 2563 3146 2603 suam
3186 2550 3441 2604 virtutem
3483 2566 3614 2619 pru-

2029 2643 2221 2696 denter
2266 2639 2520 2694 occultat.
2574 2639 2745 2694 Tuam
2800 2649 2981 2695 autem
3035 2640 3088 2695 in
3136 2656 3233 2695 nos
3277 2641 3608 2713 diligentiam

2021 2732 2344 2803 jampridem
2377 2733 2724 2787 exsistentem
2752 2734 3003 2788 omnibus
3042 2734 3236 2799 clamo,
3267 2743 3321 2789 et
3352 2735 3465 2790 haec
3494 2736 3614 2791 ont-

2031 2826 2117 2879 nia
2155 2839 2278 2895 qua
2304 2839 2590 2894 speramus
2635 2824 2771 2879 nihil
2820 2823 2934 2880 fuit:
2983 2841 3220 2893 novum;
3275 2838 3610 2891 quantacun-

2030 2931 2136 2985 que
2167 2915 2312 2970 enim
2348 2928 2534 2972 nostra
2580 2931 2726 2984 spes,
2758 2931 2874 2971 eam
2903 2934 3009 2972 non
3039 2917 3187 2973 fallet
3217 2926 3465 2974 eventus.
3505 2919 3619 2990 Ego

2032 3006 2250 3075 quidem
2303 3006 2461 3077 plura
2519 3008 2700 3062 dicere
2751 3009 2934 3074 velim,
2985 3010 3081 3064 sed
3115 3024 3224 3074 me,
3257 3011 3443 3065 nescio
3498 3026 3616 3075 cur,

343 3116 468 3169 γειν
492 3088 662 3153 ἐθέλω
683 3115 696 3128 ·
720 3100 785 3152 σὺ
818 3099 875 3153 δέ
894 3116 960 3167 με
983 3097 1219 3164 παίζειν,
1237 3099 1338 3152 οὐκ
1368 3094 1462 3153 οἷδ’
1488 3099 1658 3164 ὅπως,
1679 3100 1811 3170 ἡγῇ,
1834 3098 1928 3153 καὶ

2036 3099 2211 3170 iocari
2255 3099 2469 3170 putabis
2514 3107 2569 3154 et
2612 3100 2847 3156 tacebo:
2881 3110 3026 3155 tanta
3077 3103 3222 3157 enim
3256 3112 3340 3158 cst
3374 3115 3461 3158 tua
3500 3119 3621 3159 me-

345 3192 676 3260 σιγήσομαι·
708 3189 963 3245 τοσοῦτον
991 3191 1100 3262 γάρ
1128 3206 1211 3243 σοι
1238 3190 1299 3243 τὸ
1336 3190 1580 3260 μέτριον,
1608 3189 1684 3253 ὡς
1716 3190 1810 3243 καὶ
1839 3188 1931 3244 τὸν

342 3283 567 3353 ἀληθῶς
599 3284 925 3337 ἐπαινοῦντα
939 3284 1155 3348 παίζειν
1176 3285 1287 3355 ἡγῇ
1314 3300 1328 3315 ο
1364 3282 1482 3353 ἐγὼ
1499 3283 1558 3336 δέ
1574 3280 1699 3335 οὔτε
1722 3281 1934 3347 παίζων

353 3377 450 3443 τῆς
480 3375 739 3446 ἀληθείας
758 3376 1066 3445 ἐξίσταμαι,
1099 3376 1224 3429 οὔτε
1260 3373 1540 3446 ἀληθεύων
1570 3372 1665 3427 τοῦ
1693 3372 1933 3439 παίζειν,

348 3467 516 3539 ἡνίκα
543 3467 608 3539 δή
650 3485 742 3538 μοι
789 3468 926 3537 πρὸς
972 3468 1097 3531 τοὺς
1146 3466 1436 3537 φιλοῦντας
1478 3469 1507 3519 ὁ
1569 3464 1754 3533 λόγος’
1795 3463 1937 3518 ὥστε

343 3558 558 3631 Ιδᾶχου]
599 3548 724 3622 toi);
783 3560 951 3630 ἐμοὺς
1000 3558 1256 3623 ἐπαίνους
1288 3574 1300 3588 ·
1337 3556 1463 3611 οὔτε
1509 3556 1619 3627 γὰρ
1655 3555 1938 3619 παντελῶς

346 3652 458 3708 τῶν
485 3652 921 3725 ἀπερριμμένων
948 3647 999 3705 εί
1024 3651 1156 3723 παρ’
1187 3649 1330 3721 ἐμοί.

910 3744 1020 3799 nr.
1050 3743 1374 3815 ΔΩΡΟΘΕῼ.

423 3838 610 3901 Δεινός
631 3836 741 3907 ἄρα
768 3855 851 3900 τις
894 3832 1041 3905 ἦσθα
1086 3836 1153 3889 τὰ
1203 3834 1416 3909 σμικρὰ
1464 3833 1680 3905 μεγάλα
1736 3835 1934 3896 ποιεῖν,

364 3930 449 3984 sai.
476 3922 557 3989 οἷς
588 3929 656 3983 ἂν
681 3928 875 3999 ἐθέλῃς
903 3928 999 3981 καὶ
1026 3926 1230 3998 μοῦσαν
1266 3922 1499 3981 διδόναι·
1550 3925 1728 3979 καίτοι
1777 3924 1940 3978 ἐπαί-

353 4039 464 4083 νοις
502 4023 603 4091 οὐχ
646 4015 756 4084 οἷος
787 4019 900 4090 ἐγὼ
922 4019 1125 4089 λέγειν,
1169 4019 1281 4073 ἀλλ’
1329 4013 1440 4072 οἷον
1475 4017 1744 4089 προςήκει
1784 4016 1938 4085 γενέ-

350 4113 478 4168 σθαι
497 4128 512 4143 ⁶
549 4113 684 4166 ἀλλὰ
716 4111 893 4181 καὶιδϋ
912 4106 988 4164 ὧν
1016 4128 1104 4182 μοι
1127 4112 1251 4173 τοὺς
1267 4110 1459 4178 λόγους
1487 4108 1674 4169 αἰτῶν,
1693 4107 1939 4160 Ἀττικόν

347 4222 403 4258 τι
446 4204 660 4276 φθέγγῃ
700 4205 797 4258 καὶ
826 4205 945 4266 ταῖς
992 4204 1212 4274 χάρισιν
1246 4201 1532 4271 ἀνειμένον
1580 4196 1813 4263 πείθεις,
1861 4198 1939 4262 ὡς

355 4297 494 4367 μήτε
529 4295 671 4350 ἑκὼν
698 4294 837 4348 εἶναι
872 4294 1099 4357 τούτους
1138 4292 1518 4363 ἐκπέμψομεν,
1551 4290 1704 4362 φόϐῳ
1724 4288 1818 4343 τοῦ
1852 4290 1928 4360 μὴ

350 4388 508 4459 παρὰ
543 4388 626 4441 σοὶ
657 4390 820 4459 κριτῇ
874 4389 1001 4450 τοὺς
1036 4387 1205 4457 ἐμοὺς
1246 4384 1566 4455 ἐλέγχεσθαι
1598 4383 1817 4446 παῖδας.
1865 4380 1940 4435 Τὸ

2036 3193 2210 3248 destia
2244 3202 2302 3245 ut
2331 3193 2598 3246 veraciter
2632 3191 2941 3247 laudantem
2972 3194 3143 3264 iocari
3177 3194 3489 3261 exisdmcs;
3524 3197 3619 3250 sed

2038 3301 2213 3357 neque
2247 3285 2372 3356 joco
2406 3302 2437 3340 a
2465 3287 2692 3342 veritate
2724 3288 3023 3352 discedam,
3051 3303 3230 3358 neque
3273 3303 3397 3343 vera
3437 3290 3627 3345 dicens

2037 3379 2236 3448 ajoco,
2271 3377 2491 3448 quando
2521 3380 2587 3434 ad
2618 3380 2824 3435 amicos
2868 3380 2997 3434 mihi
3042 3382 3147 3437 erit
3196 3396 3413 3445 sermo;
3461 3397 3491 3435 a
3541 3400 3626 3435 me

2039 3473 2204 3540 igitur
2233 3469 2423 3525 laudes
2455 3469 2673 3541 suscipe
2712 3489 2727 3525 :
2763 3470 3040 3542 numquam
3085 3474 3229 3527 enim
3288 3486 3320 3527 e
3365 3472 3625 3528 memoria

2039 3568 2225 3613 nostra
2265 3559 2501 3614 decides.

2448 3766 2455 3771 -
2523 3736 2708 3793 XVIII.
2746 3734 3141 3793 DOROTHEO.

2110 3831 2312 3888 Potens
2335 3845 2471 3886 sane
2501 3846 2560 3887 es
2588 3830 2658 3886 de
2689 3831 2869 3900 parvis
2907 3846 3098 3899 magna
3127 3830 3306 3885 facere
3336 3838 3390 3884 et
3425 3831 3627 3901 quibus

2040 3925 2121 3979 vis
2157 3939 2341 3980 musas
2371 3924 2577 3993 largiri.
2611 3923 2718 3977 Sed
2753 3938 2858 3976 non
2888 3923 3063 3989 ipsum
3096 3923 3187 3991 qui
3236 3922 3461 3977 laudare
3503 3940 3629 3993 pos-

2039 4019 2166 4082 sim,
2222 4019 2319 4072 sed
2359 4017 2612 4086 quoniam
2657 4016 2770 4069 lieri
2841 4023 3018 4082 potest
3053 4014 3254 4069 dicam.
3326 4017 3381 4069 in
3428 4018 3628 4085 quibus

2042 4110 2236 4165 litteris
2257 4124 2536 4166 sermones
2566 4124 2597 4162 a
2622 4124 2707 4162 me
2733 4106 2966 4178 expetis.
2993 4108 3175 4162 Attice
3192 4108 3325 4162 dicis
3356 4118 3408 4162 et
3439 4110 3651 4179 gratiis

2040 4203 2354 4275 persuades,
2378 4203 2453 4255 ita
2471 4207 2678 4256 utadte
2695 4216 2800 4255 non
2829 4199 2999 4253 libens
3026 4214 3121 4255 eos
3149 4200 3631 4262 miserimm-ritus

2043 4308 2238 4363 nempe
2265 4307 2353 4360 ne,
2395 4303 2446 4348 te
2470 4291 2676 4362 judice,
2696 4294 2805 4346 nati
2834 4293 2936 4345 mei
2963 4292 3313 4346 damnentur.
3344 4294 3501 4362 Apud
3537 4293 3629 4365 ju-

2042 4390 2191 4443 dices
2219 4387 2362 4441 enim
2411 4385 2680 4451 faventes,
2710 4385 2911 4454 aliquid
2967 4384 3109 4439 forte
3152 4394 3367 4448 essent;
3404 4388 3499 4440 sed
3532 4403 3631 4441 vo-

349 4480 463 4550 γὰρ
514 4480 783 4549 ἡμέτερον
830 4480 964 4549 παρ’
997 4478 1247 4531 εὐνοοῦσι
1294 4476 1393 4545 μὲν
1446 4476 1730 4538 δικασταῖς
1777 4473 1928 4545 τυχὸκ

2047 4479 2279 4535 Ientibus
2314 4479 2545 4534 strictim
2577 4478 2877 4542 examinor,
2896 4476 3050 4531 nihil.
3079 4476 3183 4532 Sed
3208 4478 3339 4530 mihi
3372 4478 3416 4530 is
3442 4481 3517 4532 sis
3539 4479 3630 4549 qui

353 4572 487 4634 ἴσως
533 4572 675 4641 μέγα
707 4585 719 4598 ⁸
772 4567 1165 4640 παρεξετάζειν
1202 4568 1259 4621 δὲ
1295 4566 1647 4639 βουλομένοις
1697 4565 1940 4635 ἐναντίον

345 4663 538 4729 δόξει·
584 4663 722 4718 ἀλλά
757 4679 847 4733 μοι
901 4662 1080 4730 γένοιο
1120 4661 1184 4714 τὸ
1216 4661 1480 4730 πρότερον
1505 4674 1519 4689 °
1569 4659 1645 4735 ὡς
1694 4656 1792 4728 τὴν
1837 4658 1938 4728 σὴν

352 4754 642 4825 ἐπιστολὴν
655 4752 886 4816 δεδιότες
915 4755 964 4806 οἱ
996 4752 1166 4820 λόγοι,
1204 4752 1309 4804 Ἔα
1334 4750 1639 4815 λανθάνειν,
1667 4741 1712 4802 ὦ
1738 4748 1935 4818 πάτερ,

350 4847 618 4909 πολλάκις
658 4846 829 4898 ἐϐόων
854 4858 870 4873 ⁶
924 4842 1035 4912 ἐγὼ
1080 4843 1138 4896 δέ
1181 4842 1443 4905 πολλάκις
1496 4840 1937 4913 παρεμυθούμην

345 4936 562 4992 οἴκοθεν
589 4936 773 4990 οἴκαδε
803 4935 1082 5007 φοιτήσειν
1112 4934 1587 5003 ἐπαγγελλόμενος
1615 4950 1629 4963 ·
1666 4932 1937 5000 ἐπάγεται

345 5030 408 5084 δὲ
443 5028 620 5097 τούτῳ
662 5027 890 5097 πολίτης
922 5026 1188 5097 ὑμέτερος
1209 5063 1225 5088 ,
1278 5018 1323 5094 ᾧ
1349 5024 1421 5078 τὰ
1473 5024 1692 5093 μουσῶν
1748 5022 1899 5087 μέλει
1922 5039 1934 5053 ·

349 5120 629 5190 Δωρόθεος
656 5114 828 5190 ὄνομα
864 5115 1041 5189 αὐτῷ,
1080 5119 1178 5170 καὶ
1217 5116 1486 5185 Πελαγίου
1524 5115 1712 5170 τοῦτον
1746 5116 1908 5168 ἐπονο

283 5262 315 5281 κ
350 5212 641 5282 μάζουσιν.
1048 5212 1051 5215 “

504 5305 607 5358 ΙΘ¹.
634 5300 936 5374 ΖΑΧΑΡΙᾼ
969 5302 1091 5356 ΚΑΙ
1119 5301 1402 5372 ΦΙΛΙΙΙΠῼ
1426 5298 1778 5355 ΔΔΕΛΦΟΙΣ.

427 5392 500 5450 Εὖ
540 5412 605 5464 γε
636 5396 746 5449 τῶν
772 5396 1053 5466 ὑμετέρων
1082 5394 1432 5471 γραμμάτων
1461 5409 1472 5421 ·
1505 5391 1577 5451 ὡς
1614 5392 1750 5462 πρὸς
1780 5389 1940 5443 εὐθυ-

355 5487 489 5560 μίαν
514 5480 662 5556 ’ὅσην
690 5487 847 5557 ημῶν
873 5481 1017 5539 οἶδεν
1052 5484 1301 5555 ἐπαίρειν
1331 5485 1431 5554 τὴν
1457 5483 1709 5555 γνώμην.
1742 5484 1807 5538 Τί
1832 5484 1940 5554 γὰρ

347 5580 504 5653 ἥδιον
537 5578 572 5650 ἢ
614 5577 1007 5649 φθεγγομένων
1039 5576 1265 5630 ἀκούειν
1305 5576 1395 5628 ὅτε
1427 5576 1686 5660 παρεῖναί
1739 5592 1820 5638 τις
1874 5574 1941 5628 ἂν

350 5671 505 5745 αὐτῴ
539 5671 802 5743 φθόγγοις
836 5669 1184 5743 προσηύξατο
1209 5685 1223 5735 ;
1250 5668 1326 5732 ὡς
1355 5668 1466 5721 ἔδει
1511 5669 1610 5739 μὲν
1640 5669 1735 5721 καὶ
1773 5667 1940 5721 πάλαι

302 5839 319 5856 ,
351 5763 532 5838 τούτῳ
557 5765 658 5836 τὴν
693 5763 865 5837 τύχην
906 5764 1222 5817 ἐπινεῦααι·
1274 5762 1485 5830 γένοιτ)
1511 5761 1557 5813 δ’
1584 5762 1648 5815 ἄν
1680 5778 1807 5814 ποτε
1845 5761 1939 5815 καί

2050 4583 2230 4626 antea.
2280 4569 2451 4624 Tuam
2507 4572 2760 4623 timentes
2805 4570 3117 4639 epistolam,
3186 4569 3291 4624 mei
3351 4586 3633 4647 sermones

2048 4664 2246 4733 satpius
2291 4662 2599 4716 clamabant
2638 4679 2653 4714 :
2687 4661 2839 4725 Sine,
2871 4676 2906 4715 o
2952 4672 3127 4729 pater,
3158 4661 3487 4729 nosIaterc;
3534 4680 3636 4732 ego

2048 4764 2228 4808 autem
2262 4769 2357 4808 eos
2403 4754 2726 4808 consolabar
2772 4753 3093 4823 promittens
3139 4753 3206 4807 de
3248 4754 3409 4808 domn
3447 4770 3543 4808 sua
3578 4756 3632 4807 in

2049 4848 2267 4899 dmnum
2304 4858 2455 4898 suam
2482 4858 2577 4897 eos
2612 4858 2736 4898 esse
2784 4845 2977 4898 ituros.
3013 4843 3207 4897 Incitat
3262 4859 3480 4915 quoque
3533 4863 3633 4901 nos

2050 4952 2188 4991 unus
2218 4951 2282 4990 ex
2313 4936 2525 4991 civibus
2553 4950 2830 4991 musarum
2865 4937 3158 5006 plurimum
3193 4952 3408 5005 amans,
3435 4939 3520 4993 cui
3546 4956 3638 4996 no-

2050 5045 2171 5083 men
2206 5030 2512 5083 Dorethetts
2541 5039 2596 5082 et
2627 5027 2878 5098 Pelagius
2914 5044 3236 5099 cognomen.

2046 5300 2192 5357 ΧΙΧ.
2256 5300 2630 5358 ZACIIARIIE
2690 5298 2778 5355 ΕΤ
2846 5290 3632 5365 Ι³Ηιίι1ΡΡΟ,Ρ1ἶΑ’ΤΙὶΙΒυ5.

2121 5396 2375 5451 Felieiter
2418 5406 2609 5449 vestrae
2644 5395 2837 5448 litterae
2870 5410 2883 5446 :
2937 5387 3167 5461 quanta
3197 5378 3387 5448 lmtitia
3459 5408 3635 5447 meam

2050 5496 2285 5542 tuentem
2340 5484 2727 5555 pet-fuderunt!
2801 5485 2940 5552 Quid
3002 5484 3147 5537 enim
3209 5484 3421 5554 gratius
3469 5499 3635 5553 quant

2049 5577 2257 5638 audire,
2310 5592 2432 5630 cum
2481 5575 2604 5645 quis
2661 5583 2915 5644 precatur
2941 5573 3044 5627 sibi
3089 5574 3321 5627 adesse?
3368 5572 3487 5629 .Iam
3524 5574 3637 5642 prim

2049 5670 2170 5722 dem
2210 5668 2500 5738 oportebat
2557 5664 2831 5720 fortunam
2865 5667 2914 5721 id
2946 5665 3272 5726 concedere,
3335 5666 3433 5720 sed
3493 5680 3636 5719 mmc

2053 5759 2145 5813 Iiat
2178 5769 2230 5814 et
2262 5759 2398 5817 bene
2428 5759 2650 5817 eveniat
2679 5770 2857 5816 vestra
2882 5759 3185 5828 voluntate,
3222 5759 3325 5825 Dii,
3385 5759 3438 5813 in
3463 5772 3636 5828 quan-
