3978 6438
584 281 725 345 2735

1961 286 2311 346 PROCOPII
2347 287 2592 347 GAZ/El

3665 308 3772 376 2736

583 411 693 450 tum
737 411 832 465 pro
879 395 1013 466 ipsis
1077 397 1286 452 litteras
1331 399 1490 452 nobis
1551 398 1662 454 sint
1695 400 1937 467 missuri,
1973 401 2154 469 quibus

2276 399 2410 468 πρὸς
2453 399 2626 469 πέρας
2656 397 2786 472 ἔλθῃ
2816 397 3156 468 βουλομένων
3203 398 3377 466 ὑμῶν,
3405 394 3446 455 ὦ
3473 404 3589 474 θεοὶ,
3627 415 3672 466 ὲν
3692 421 3776 474 ὅσω

586 487 724 543 alter
756 489 962 542 erimus
992 487 1216 543 Crtesus
1239 503 1338 558 pro
1369 489 1599 554 deliciis,
1657 490 1888 560 ejusque
1947 491 2154 544 divitias

2277 505 2337 558 γε
2367 490 2474 559 μὴν
2503 489 2790 559 μέλλουσιν
2823 489 2939 544 ἀνθ’
2975 491 3188 548 ἑαυτῶν
3216 492 3348 561 ἡμῖν
3389 503 3693 568 χορηγεῖσθαι
3726 477 3777 566 τὲ

590 577 790 630 habere
823 577 1132 632 videbimur
1164 588 1217 632 et
1247 579 1389 648 regis
1416 579 1590 634 instar
1631 580 1806 651 Magni
1841 595 2038 637 nomen
2086 597 2171 636 ac-

586 671 789 739 cipere.
843 667 945 736 Qui
993 671 1344 727 hirundinem
1392 672 1559 737 videt,
1622 673 1668 727 is
1697 687 1792 727 ver
1815 677 2010 728 adesse
2044 688 2170 742 pro-

587 764 830 826 nuntiat;
870 775 969 830 cgo
994 769 1172 818 autem
1229 771 1462 818 vestram
1514 778 1698 818 vocem
1739 763 1966 819 audiens
1995 765 2169 836 magis

587 852 808 907 laetabor
884 867 1048 923 quam
1112 853 1335 910 Crassus
1400 855 1509 910 illis
1570 857 1685 911 suis
1727 856 1934 912 divitiis
1973 867 2028 912 et
2073 873 2164 912 rex

585 960 809 1013 magnus
827 946 927 999 sub
941 945 1157 1014 platano
1172 947 1389 1001 sedens.
1408 947 1512 1002 Pro
1524 947 1908 1004 hirundinibus
1933 949 2061 1004 mihi
2089 950 2169 1003 vi-

582 1038 850 1090 dehantur
881 1052 1083 1091 canere
1105 1036 1290 1093 Musae.
1315 1038 1462 1092 Cedo
1489 1047 1692 1102 autem,
1726 1055 1795 1093 ne
1828 1039 2164 1107 voluptatem

584 1127 744 1182 nimis
771 1126 974 1182 allerre
990 1128 1197 1190 volens,
1245 1129 1488 1198 sophista
1542 1129 1594 1184 in
1626 1130 1763 1184 meis
1793 1129 1988 1184 litteris
2039 1130 2162 1183 lorti

581 1221 790 1281 videar,
825 1231 878 1274 et
908 1236 974 1275 ne
1013 1236 1110 1276 vos
1135 1221 1298 1275 simul
1348 1223 1588 1278 ridentes
1618 1223 1747 1276 illud
1793 1237 1944 1276 more
1979 1231 2164 1277 vestro

577 1313 890 1376 celebretis,
928 1314 1130 1383 Duplex
1159 1323 1339 1368 tamen
1372 1315 1506 1368 mihi
1535 1313 1634 1368 luit
1661 1314 1931 1383 voluptas,
1962 1329 2060 1369 vos
2086 1313 2160 1368 si-

578 1405 939 1474 tnulalloqtti;
1000 1407 1144 1460 sicut
1172 1407 1264 1476 qui
1303 1407 1355 1460 in
1387 1405 1622 1475 Delphos
1670 1407 1983 1469 veniebant,
2037 1420 2160 1459 cum

573 1497 809 1566 Apollini
842 1497 1100 1568 hymnum
1158 1499 1427 1561 dicerent,
1486 1494 1708 1550 Dianam
1740 1511 1955 1566 quoque
1979 1497 2030 1550 in
2056 1496 2162 1549 lau-

532 1581 534 1584 ’
570 1589 735 1642 dibus
771 1587 846 1641 illi
884 1589 1310 1654 censociabant;
1378 1588 1541 1656 idque
1591 1588 1767 1658 magis
1807 1589 1945 1643 Deos
1981 1587 2162 1643 delec-

576 1681 744 1747 tabat,
781 1695 943 1750 quaut
975 1699 1018 1736 st
1045 1692 1275 1752 uterque
1303 1696 1549 1736 seorsum
1608 1681 1860 1736 laudatus
1914 1680 2107 1735 fuisset
2140 1697 2156 1734 :

2274 583 2580 652 γράμματα
2603 597 2616 610 ⁸
2657 580 2806 649 ἀλλῳ
2832 581 2933 650 μὲν
2959 581 3069 650 γὰρ
3097 582 3155 633 ἐν
3188 580 3347 651 ἡδονῇ
3375 583 3570 658 Κροίσῳ
3597 610 3647 645 τε
3671 594 3780 654 εἶναι

2273 676 2368 728 καὶ
2423 675 2675 730 τάκείνου
2723 673 3047 743 κεκτῆσθαι,
3099 673 3179 744 τῷ
3224 673 3282 727 δὲ
3341 674 3533 744 βασιλεί
3572 686 3597 736 ὁ
3645 690 3777 758 μέγας

2270 768 2526 821 ἀκούειν·
2569 765 2686 820 ἀλλ’
2725 768 2755 818 ὁ
2801 765 2901 828 τὰς
2955 764 3234 834 χελιδόνας
3269 765 3412 832 ίδὼν,
3456 771 3510 823 τὸ
3543 773 3630 845 ξαρ
3671 778 3780 848 ἒχειν

2268 859 2545 929 ὁρίζεται·
2587 857 2700 922 ἐγὼ
2745 858 2802 912 δὲ
2837 858 2936 928 τῆς
2979 859 3254 928 ὑμετέρας
3305 857 3574 916 ἀπολαύων
3613 871 3776 940 φωνῆς,

2271 950 2456 1018 μεῖζον
2517 949 2778 1019 ἐφρόνουν
2831 947 2866 1018 ἦ
2933 949 3167 1020 Κροῖσος
3229 949 3322 1002 ἐπὶ
3387 952 3492 1013 τοῖς
3549 956 3779 1024 ταλάντοις

2267 1039 2520 1103 ἐκείνοις,
2547 1041 2642 1092 καὶ
2673 1039 2928 1110 βασιλεὺς
2953 1041 2982 1092 ὁ
3016 1039 3192 1109 μέγας
3226 1038 3332 1092 ὑπὸ
3357 1042 3420 1111 τῇ
3438 1042 3666 1116 πλατάνῳ
3682 1051 3783 1103 καθ.

2267 1133 2470 1202 ήμενος
2497 1147 2512 1161 ⁸
2554 1133 2648 1184 καὶ
2705 1133 2826 1185 ἀντὶ
2869 1131 2977 1184 τῶν
3011 1131 3295 1200 χελιδόνων
3334 1133 3497 1197 αὑτάς
3532 1153 3613 1206 μοι
3660 1157 3784 1209 προσ.

2267 1222 2414 1294 ᾴδειν
2429 1223 2648 1276 ἐδόκουν
2671 1223 2770 1285 τὰς
2794 1222 3020 1292 μούσας·
3042 1223 3180 1276 ἀλλὰ
3203 1223 3312 1293 γὰρ
3340 1224 3623 1295 παύσομαι,
3640 1228 3701 1298 μὴ
3714 1233 3784 1302 τὴν

2263 1317 2456 1387 ἡδονὴν
2507 1318 2648 1385 ἄγαν
2689 1317 2953 1388 έμφέρειν
2993 1316 3228 1379 ὲθέλων,
3271 1316 3523 1386 σοφιστὴς
3555 1318 3682 1373 οὕτω
3708 1341 3784 1376 που

2262 1411 2404 1479 τάχα
2435 1409 2574 1474 δόξω
2610 1412 2720 1473 τοῖς
2766 1409 3094 1479 γράμμασι·
3148 1409 3244 1460 καὶ
3291 1407 3552 1476 γελῶντες
3583 1411 3785 1484 ἀλλήλοις,

2261 1501 2421 1554 τοῦτο
2461 1502 2527 1572 δὴ
2561 1500 2621 1554 τὸ
2651 1501 2883 1572 σύνηθες
2930 1503 3059 1571 ὑμῖν
3099 1499 3298 1567 ἐπίσης
3343 1499 3509 1570 ὖψητε
3536 1518 3551 1534 ο
3587 1504 3707 1573 πλὴν
3727 1508 3786 1558 ὅτι

2265 1608 2353 1661 μοι
2399 1591 2690 1645 διπλασίαν
2730 1591 2964 1645 ἐνεποίει
3000 1591 3098 1660 τὴν
3160 1589 3356 1659 ἡδονὴν
3387 1590 3446 1642 τὸ
3486 1595 3625 1663 κοινῇ
3658 1611 3788 1664 προσ-

2265 1687 2418 1755 ερεῖν
2477 1684 2604 1755 ὑμῖν
2625 1702 2638 1715 ’
2674 1683 2864 1753 ὥσπερ
2898 1684 3025 1747 τοὺς
3057 1685 3138 1746 εἰς
3189 1681 3426 1752 Δελφοὺς
3458 1683 3786 1754 ἀφικομένους,

574 1776 772 1828 l'ratrcs
814 1775 959 1828 enim
996 1790 1120 1830 cum
1167 1783 1373 1838 essent,
1424 1772 1624 1829 fratres
1664 1787 1880 1842 quoque
1909 1773 1960 1826 itt
1997 1773 2154 1842 hym-

2260 1774 2482 1829 ἐπειδὰν
2547 1773 2716 1845 ὕμνον
2777 1776 3025 1838 εἰπόντες
3068 1773 3389 1827 Ἀπόλλωνά
3430 1791 3486 1826 τε
3541 1779 3695 1841 σχοῖεν
3734 1777 3791 1844 τῷ

576 1865 661 1918 nis
691 1865 862 1919 videri
893 1865 1164 1920 volebant.

571 1955 630 2011 δὲ
659 1959 756 2011 καὶ
799 1960 926 2020 τοὺς
995 1958 1155 2022 θεοὺς
1205 1957 1478 2031 ηὔφραινε
1524 1959 1754 2029 μᾶλλον,
1833 1958 1866 2026 ἢ

2263 1865 2430 1937 λόγῳ,
2471 1869 2566 1921 καὶ
2596 1870 2863 1938 Ἄρτεμις
2893 1867 3010 1938 ἀμα
3045 1869 3212 1939 μέρος
3250 1863 3321 1938 ἦν
3349 1866 3448 1936 τῆς
3474 1868 3604 1938 ᾠδῆς
3625 1884 3636 1898 ο
3669 1867 3790 1922 τοῦτο

1943 1957 1992 2009 εί
2045 1955 2172 2009 καθ’
2235 1957 2401 2011 αὐτόν
2468 1976 2554 2022 τις
2619 1959 2912 2013 ἀπολαϐὼν
2973 1960 3234 2029 ἑκάτερον
3302 1959 3572 2030 ὕμνησενο
3621 1959 3793 2028 ἀδελφοί.

571 2053 681 2124 γὰρ
723 2050 896 2116 ὅντες,
943 2053 1036 2104 καὶ
1086 2053 1209 2115 ταῖς
1252 2053 1420 2122 ᾠδαῖς
1473 2051 1708 2104 τοιοῦτοι
1761 2049 1943 2115 μένειν
1984 2047 2297 2118 ἠϐούλοντο.

984 2143 1104 2197 XX.
1133 2142 1512 2198 ZACHARIIE
1550 2141 1839 2197 FRATRI.
2102 2208 2119 2234 ³

642 2235 722 2290 Tu
769 2236 984 2305 quidem
1045 2239 1206 2290 horas
1263 2237 1458 2291 amicis
1494 2237 1678 2306 lugere
1715 2238 2014 2306 quereris;
2059 2253 2160 2308 ego

571 2336 755 2381 autem
794 2342 888 2380 eas
913 2327 1105 2380 iterum
1137 2340 1257 2381 esse
1285 2326 1733 2396 fugituras;qu'id
1771 2328 1938 2396 igitur
1969 2329 2159 2384 taces?

573 2436 676 2474 non
705 2419 849 2473 enim
885 2418 1159 2474 suliiciens
1217 2420 1462 2490 apologia
1488 2420 1716 2488 alicujus
1773 2420 1901 2475 facti
1948 2424 2156 2477 crimen

572 2514 627 2565 in
657 2527 716 2566 se
739 2525 1052 2576 assumere;
1081 2511 1174 2566 sed
1203 2511 1316 2580 qui,
1349 2526 1472 2565 reus
1511 2526 1636 2567 cum
1689 2511 1786 2576 sit,
1809 2520 2042 2566 cazteros
2066 2525 2162 2580 po-

572 2615 685 2657 stca
736 2605 1024 2671 vituperat,
1065 2604 1110 2658 si
1170 2604 1350 2658 caeteri
1410 2617 1516 2657 non
1569 2611 1868 2660 accusent.
1913 2604 2156 2672 seipsum

571 2704 811 2749 accusat.
850 2694 1038 2762 Neque
1068 2694 1198 2747 mihi
1254 2695 1490 2750 adducas
1521 2703 1762 2749 nostram
1785 2694 2030 2765 Byzantii
2065 2709 2156 2748 ra-

572 2787 773 2841 tionem
803 2787 856 2840 itt
890 2785 1108 2840 silentio
1140 2785 1352 2839 vivendi
1386 2801 1400 2849 ;
1428 2785 1559 2840 mihi
1592 2785 1736 2839 enim
1779 2786 1956 2840 omnis
1985 2784 2161 2840 tribus

573 2879 734 2933 testis
755 2888 856 2940 est,
893 2877 1056 2931 multa
1087 2892 1148 2932 se
1199 2875 1366 2931 fuisse
1401 2877 1658 2941 locutam,
1697 2876 1970 2932 audivisse
2000 2876 2157 2932 nihil.

573 2971 679 3026 Sed
708 2971 914 3023 utinam
941 2970 1115 3023 adhuc
1135 2969 1264 3024 mihi
1285 2953 1433 3024 esset
1449 2969 1657 3024 clarum
1691 2968 1950 3033 tribunal,
1969 2969 2158 3035 judex-

571 3079 676 3132 que
711 3064 922 3117 Atticus
949 3070 1004 3116 et
1044 3062 1326 3130 splendida
1383 3061 1715 3116 Athenarum
1785 3062 1956 3131 ﬁgura
1987 3079 2000 3116 :
2033 3075 2156 3116 cum

569 3155 779 3210 scilicet
830 3169 1086 3223 prospera
1136 3164 1282 3209 sorte
1335 3164 1578 3210 uteretur
1652 3154 1949 3208 rhetorica.
2003 3151 2229 3244 Platoc

569 3257 775 3311 autem,
808 3247 1007 3312 dicam,
1043 3261 1154 3301 non
1189 3246 1452 3301 tuliteam
1475 3245 1708 3301 feliciter
1743 3259 1936 3315 agere:
1969 3244 2156 3301 statim

571 3350 758 3394 contra
792 3351 845 3394 te
878 3340 1157 3395 accusatio
1207 3339 1512 3395 deferretur
1545 3338 1846 3395 :adversus
1878 3338 2142 3394 Graeciam

572 3437 763 3495 peccat
823 3429 1122 3495 rhetorica,
1171 3445 1278 3498 qua
1326 3429 1638 3484 constitutae
1694 3439 1823 3486 sunt
1857 3430 2154 3496 civitates;

570 3523 822 3591 nihilque
853 3522 1293 3592 praetermittitur
1325 3537 1513 3577 eorum
1533 3523 1733 3591 quibus
1766 3536 2030 3577 accusare
2047 3521 2158 3576 vel-

569 3617 669 3671 les.
697 3614 802 3670 Sed
829 3614 957 3668 tnihi
989 3615 1086 3669 des
1109 3616 1320 3668 veniam
1347 3613 1623 3684 paulisper
1640 3611 1817 3670 eﬂ‘erri
1850 3614 1995 3685 :jam
2013 3613 2156 3668 enim

569 3709 646 3761 ira
669 3706 1218 3775 etobjurgationibus
1260 3706 1450 3776 plenus
1517 3721 1654 3762 sum.
1704 3705 2000 3776 Etprimo:
2047 3721 2155 3761 non

568 3799 781 3862 tacebo,
810 3799 1059 3868 judices:
1091 3798 1227 3853 nihil
1254 3799 1400 3854 enim
1426 3798 1580 3869 pejus
1625 3814 1748 3855 esse
1783 3807 1964 3869 potest
1993 3814 2154 3870 quam

565 3906 689 3948 cum
749 3893 832 3944 vir
875 3891 956 3945 sic
984 3891 1263 3947 maledicit
1311 3891 1384 3945 illi
1417 3891 1494 3952 rei
1547 3907 1652 3961 qua
1685 3892 1780 3946 tibi
1816 3893 1968 3946 venit
2012 3892 2153 3960 quod

563 3995 647 4041 est
676 4004 692 4040 :
725 3986 807 4040 sic
829 3984 918 4038 ille
949 3985 1122 4040 bonus
1147 3985 1212 4040 de
1242 3995 1293 4038 te
1311 3983 1525 4039 locutus
1552 3984 1713 4039 audet
1743 3983 1906 4038 etiam
1939 3992 1995 4038 ct
2025 3998 2156 4037 cou-

566 4089 648 4134 tra
709 4079 1037 4134 rhetoricam
1093 4078 1296 4143 dicere,
1325 4091 1393 4132 ex
1432 4093 1537 4148 qua
1595 4079 1667 4132 illi
1728 4079 1838 4132 vita
1889 4079 2044 4132 beata
2103 4085 2158 4132 et

563 4172 834 4240 plausus;
887 4171 958 4225 ita
998 4169 1271 4226 sententia
1311 4171 1418 4225 lata
1442 4211 1458 4236 ,
1495 4172 1564 4225 ab
1610 4184 1674 4224 ea
1701 4169 1873 4225 victor
1921 4169 2157 4223 vincitur

563 4267 615 4320 ei
667 4279 772 4334 qua
822 4263 1044 4318 vincere
1111 4262 1291 4317 datur.
1346 4261 1624 4316 Platonem
1679 4276 1898 4333 quoque
1959 4270 2152 4316 testem

563 4357 820 4430 producit
845 4356 935 4426 qui
990 4338 1323 4411 rhetoricam
1377 4355 1641 4410 extremis
1669 4354 1826 4409 malis
1857 4354 2074 4408 devovit
2100 4363 2154 4408 et

563 4451 620 4507 in
669 4450 924 4505 rhetores
952 4458 1098 4504 totus
1147 4448 1527 4504 invehebatur.
1557 4445 1681 4502 Haec
1725 4447 2004 4517 judicibus
2055 4462 2153 4515 per

2693 2144 2781 2199 K'.
2823 2143 3126 2214 ΖΑΧΑΡΙᾼ
3146 2142 3431 2215 ΚΔΕΔΦῼ.

2335 2235 2410 2288 Σὺ
2450 2235 2548 2306 μὲν
2580 2235 2834 2304 ἐγκαλεῖς
2871 2236 2946 2298 ὡς
2979 2235 3302 2306 παρῴχοντο
3341 2237 3468 2297 τοὺς
3499 2237 3724 2306 ἑταίρους
3750 2239 3793 2288 al

2265 2321 2406 2397 ὧραι
2433 2343 2446 2356 ν
2501 2327 2613 2394 ἐγὼ
2645 2327 2703 2382 δὲ
2735 2327 2813 2392 ὼς
2841 2327 2936 2381 καὶ
2959 2328 3183 2398 πάρεισι
3220 2327 3384 2381 πάλιν
3409 2342 3424 2356 ο
3469 2328 3520 2380 τί
3545 2327 3704 2382 τοίνυν
3739 2329 3796 2380 ἔτι

2267 2421 2457 2490 σιγᾷς;
2489 2419 2566 2472 Οὐ
2597 2420 2706 2489 γὰρ
2750 2419 2934 2474 ἱκανὸν
2958 2420 3040 2482 εἰς
3069 2418 3392 2486 ἀπολογίαν,
3433 2419 3705 2488 προλαϐεῖν
3735 2437 3794 2480 τις

2264 2511 2386 2565 καθ’
2424 2511 2593 2566 αὐτοῦ
2654 2529 2800 2575 τινος
2837 2512 3116 2582 ἔγκλημα·
3167 2512 3283 2564 ἀλλ’
3335 2513 3484 2574 ὅστις
3532 2511 3696 2580 ἔνοχος
3725 2509 3796 2575 ὢν,

2263 2599 2384 2657 εἶτα
2428 2607 2542 2668 τοῖς
2609 2603 2788 2667 ἄλλοις
2851 2604 3166 2674 μέμφεται,
3224 2603 3292 2657 ἂν
3339 2603 3542 2674 ἀφέλῃς
3577 2603 3632 2655 τὸ
3668 2602 3795 2671 δῆθεν

2265 2697 2467 2767 ἑτέρων
2514 2697 2865 2767 κατηγορεῖν,
2920 2695 3115 2748 ἑαυτὸν
3166 2696 3438 2749 αἰτιᾶται*
3487 2695 3577 2748 καὶ
3612 2695 3677 2764 μή
3726 2711 3793 2762 μοι

2263 2790 2543 2860 πρόσφερε
2605 2790 2706 2860 τὴν
2773 2794 2831 2842 ἐν
2901 2786 3184 2858 Βυζαντίῳ
3231 2789 3510 2857 διαγωγὴν
3573 2786 3799 2852 σιγώντων

2263 2880 2459 2951 ἡμῶν
2503 2882 2629 2950 ἐμοὶ
2666 2881 2776 2952 γὰρ
2829 2883 2923 2933 καὶ
2976 2880 3270 2949 πάμφυλος
3331 2879 3545 2951 μάρτυς
3590 2878 3713 2945 αὕτη
3743 2878 3798 2938 ὡς

2262 2972 2432 3024 πολλὰ
2469 2972 2567 3042 μὲν
2607 2971 2812 3040 ἔλεγεν,
2859 2972 3061 3042 ἢκουσε
3105 2972 3162 3025 δὲ
3208 2972 3396 3024 οὐδέν’
3442 2970 3552 3024 ἀλλ’
3592 2969 3691 3022 εἴθε
3731 2984 3801 3037 μοι

2263 3062 2426 3116 πάλιν
2477 3059 2548 3134 ἦν
2600 3064 2750 3133 βῆμα
2796 3064 2996 3125 σεμνὸν
3029 3065 3122 3116 καὶ
3164 3063 3435 3135 δικαστὴς
3465 3061 3703 3123 Ἀττικὸς
3731 3062 3803 3112 καὶ

2264 3157 2453 3225 σχῆμα
2528 3155 2782 3226 λαμπρὸν
2827 3155 3092 3226 Ἀθῆναι’
3158 3157 3250 3209 ὅτε
3311 3157 3572 3226 ῥητορικὴ
3595 3154 3683 3223 μὲν
3731 3153 3802 3202 ἐπὶ

2262 3246 2468 3315 σεμνῆς
2498 3245 2717 3317 ἤκμαζε
2749 3247 2920 3318 τύχης
2942 3263 2956 3277 ’
2997 3247 3223 3300 Πλάτων
3270 3248 3332 3300 δὲ
3369 3246 3488 3309 πῶς
3527 3246 3590 3300 ἂν
3632 3246 3802 3310 εἴποιμι

2264 3338 2503 3408 μετρίως
2559 3338 2660 3392 ούκ
2709 3339 2908 3410 ἔφερεν
2951 3338 3328 3408 εὑτυχοῦσαν⁸
3392 3338 3577 3410 γραφὴ
3620 3337 3716 3406 γὰρ
3753 3337 3800 3388 ἄν

2261 3430 2425 3494 εὐθὺς
2457 3431 2723 3485 ἀπέκειτο
2772 3431 2916 3485 κατὰ
2948 3431 3043 3484 σοῦ
3065 3447 3080 3464 ο
3113 3431 3191 3495 ὡς
3245 3433 3456 3485 ἀδικεῖν
3485 3431 3581 3503 τὴν
3619 3429 3803 3482 Ἐλλάδα

2263 3523 2583 3594 ῥητορικὴν,
2610 3525 2695 3593 ἐφ’
2729 3518 2798 3594 ἧς
2836 3524 3132 3594 ἑστήκασιν
3175 3525 3232 3578 αί
3271 3524 3482 3590 πόλεις,
3522 3524 3664 3578 οὐδὲν
3691 3519 3800 3574 eiul

2259 3631 2312 3666 τι
2338 3614 2512 3678 Θέλεις
2559 3613 2873 3685 παρελθὼν,
2912 3615 3258 3686 κατηγόρουν
3281 3631 3295 3645 ·
3345 3616 3482 3669 ἀλλά
3533 3632 3619 3685 μοι
3648 3611 3799 3683 μικρὸν

2265 3704 2413 3758 δίδου
2449 3705 2823 3760 νεανιεύεσθαι
2854 3721 2870 3738 ο
2918 3704 3021 3776 ἤδη
3061 3704 3170 3776 γὰρ
3211 3706 3304 3759 ὑπ’
3330 3707 3500 3777 ὀργῆς
3533 3707 3623 3758 καὶ
3666 3701 3800 3769 λόγων

2260 3796 2596 3868 κατηγορίας
2642 3796 3039 3867 ὲμπίπλαμαιο
3092 3799 3190 3852 καὶ
3232 3798 3336 3870 τὴν
3403 3798 3580 3869 ἀρχὴν
3633 3795 3719 3848 οὐκ
3753 3793 3801 3844 ἂν

2263 3889 2630 3957 σιωπήσαιμι,
2670 3887 2836 3940 Οὐδὲν
2873 3883 2941 3958 ἦν
2984 3887 3093 3959 ἄρα
3120 3887 3451 3961 δεινότερον,
3499 3883 3543 3942 ὦ
3574 3881 3798 3946 δικασταὶ,

2258 3975 2292 4046 ἢ
2342 3977 2471 4029 ὅταν
2530 3975 2818 4046 ἄνθρωπος
2879 3976 3038 4032 τοῦτο
3075 3978 3209 4050 λέγῃ
3257 3980 3449 4043 κακῶς
3514 3978 3630 4032 ὅθεν
3687 3972 3801 4044 αὐτῷ

2260 4065 2591 4137 προσῆλθεν,
2637 4060 2751 4131 οἷος
2791 4069 2923 4137 ἡμῖν
2952 4069 2981 4120 ὀ
3019 4069 3258 4138 χρηστὸς
3287 4069 3476 4123 οὐτοσὶ
3504 4068 3668 4137 λέγων
3701 4065 3800 4132 περὶ

2261 4157 2355 4210 σοῦ
2387 4158 2530 4211 κατὰ
2560 4159 2859 4229 ῥητορικῆς
2887 4158 3064 4229 τολμᾷ
3095 4176 3148 4212 τι
3171 4159 3267 4214 καὶ
3297 4159 3665 4229 φθέγγεσθαι·
3699 4153 3800 4222 ἑξῆς

2259 4247 2411 4318 αύτῷ
2447 4247 2560 4317 βίος
2596 4248 2874 4320 εὐδαίμων
2904 4249 2998 4303 καὶ
3037 4249 3257 4321 φῆμαι·
3308 4249 3454 4303 ὥστε
3480 4249 3582 4303 κᾶν
3611 4249 3700 4318 τὴν
3723 4242 3802 4312 ψῆ-

2259 4357 2360 4410 φον
2397 4340 2559 4412 λάϐῃ,
2598 4341 2876 4412 νενίκηται
2915 4342 3089 4414 ταύτῃ
3123 4344 3366 4414 κρατῶν,
3403 4343 3465 4408 ἐξ
3494 4338 3562 4416 ἦς
3604 4337 3731 4409 αὐτῷ
3757 4331 3822 4422 si»:

2263 4436 2422 4505 νικᾷν
2449 4451 2462 4465 ·
2505 4435 2602 4489 καὶ
2638 4437 2878 4508 μάρτυρι
2904 4437 3103 4508 χρῆται
3131 4437 3210 4508 τῷ
3257 4437 3509 4493 Πλάτωνι
3535 4436 3592 4499 ὃς
3621 4435 3706 4506 τὴν
3729 4423 3820 4558 ρηι(

2263 4526 2484 4558 ..-κωκυ
2517 4529 2716 4558 1.-..1.--
2749 4528 2951 4558 an“..-
2974 4531 3137 4558 “Mn...
3189 4531 3280 4558 ..-ι
3311 4532 3395 4558 -t-
3424 4528 3653 4558 :..-A-..m
3675 4522 3798 4558 Mm.

566 4554 653 4594 me
675 4539 914 4603 edoctis,
939 4553 1156 4608 poenam
1184 4553 1288 4591 non
1311 4538 1592 4592 adderem.
1609 4537 1797 4592 Polum
1817 4547 1866 4592 et
1898 4537 2150 4592 Calliclea

2260 4526 2484 4598 τορικὴν
2516 4529 2718 4600 ἐσχάτῃ
2749 4528 2952 4582 δέδωκε
2972 4531 3164 4602 μοίρᾳ,
3189 4531 3395 4600 καὶῖείς
3421 4528 3653 4600 ῥητόρων
3675 4522 3798 4590 ὕϐριν

564 4632 778 4697 dit-ens,
809 4625 1089 4685 Platonem
1120 4628 1243 4683 dico
1277 4646 1290 4682 :
1317 4627 1406 4681 ille
1432 4632 1576 4682 enim
1612 4628 1704 4682 tibi
1733 4643 1828 4684 eos
1866 4628 2014 4698 lingit
2065 4643 2146 4682 ve-

565 4723 641 4776 lut
672 4725 988 4777 indramate
1012 4736 1135 4792 quae
1161 4736 1226 4776 ex
1254 4720 1558 4790 composito
1587 4721 1728 4774 inter
1752 4737 1811 4776 se
1850 4722 2146 4774 ροικ-ἱιιιιειο

567 4817 769 4881 verint,
821 4817 1152 4885 loquentes;
1189 4816 1274 4869 sin
1316 4824 1496 4868 autem
1529 4815 1809 4869 commdia:
1865 4814 2142 4868 Socratem

563 4909 705 4978 loqui
733 4911 898 4964 sinas.

2262 4619 2466 4691 ἐχώρει
2512 4620 2679 4684 πολύς
2703 4638 2716 4652 ·
2749 4621 2924 4674 ταῦτα
2981 4622 3251 4691 μαθόντας
3299 4622 3430 4684 τοὺς
3465 4621 3540 4691 τῷ
3586 4621 3712 4686 λόγῳ
3739 4614 3800 4666 δι·

2257 4711 2486 4775 καστάς,
2525 4713 2624 4765 οὐκ
2663 4713 2730 4766 ἂν
2756 4713 2835 4766 ἔτι
2866 4713 3168 4784 προσθείην
3199 4714 3258 4766 τὸ
3280 4714 3524 4784 τίμημα.
3573 4710 3736 4764 Πώλον
3760 4705 3801 4756 δὲ

2255 4803 2353 4856 καὶ
2413 4802 2720 4856 Καλλικλέα
2774 4805 2982 4872 λέγων,
3030 4806 3316 4876 προστίθει
3362 4805 3458 4860 τοῦ
3530 4803 3800 4858 Πλάτωνος⁹

2256 4893 2480 4957 τούτους
2507 4892 2619 4964 γὰρ
2653 4893 2834 4965 ἑαυτῷ
2861 4895 3190 4967 δημιουργεῖ
3226 4897 3485 4967 καθάπερ
3524 4896 3580 4946 ἐν
3601 4890 3800 4962 δράματι

2255 4985 2682 5056 φθεγγομένους,
2735 4987 2771 5042 ἃ
2800 4987 2864 5058 δὴ
2904 4989 3188 5043 συνέθεντο
3210 5005 3224 5019 °
3257 4992 3307 5043 εἰ
3339 4989 3397 5044 δὲ
3431 4990 3530 5059 μὴ,
3558 4988 3642 5039 τὸν
3675 4988 3723 5036 ὲν
3751 4981 3799 5047 τῇ

2257 5077 2520 5148 κωμῳδίᾳ
2559 5077 2702 5132 δίδου
2745 5079 3044 5152 Σωκράτην
3084 5081 3341 5151 ἡγεῖσθαι
3387 5080 3489 5151 (l).

2075 5161 2300 5222 NOTIE.

635 5255 712 5325 tl)
750 5252 983 5325 Epistola
1010 5267 1136 5325 qua;
1159 5253 1218 5306 in
1239 5252 1402 5325 editis
1437 5259 1520 5307 est
1540 5249 1648 5325 Idl,
1676 5253 2000 5325 incipitque,
2029 5255 2144 5309 Νῦν

557 5319 730 5387 ὄντως
759 5319 953 5391 ἔγνων,
987 5319 1092 5398 οὑκ
1109 5319 1175 5392 ἦν
1198 5321 1495 5398 ᾷρᾳλλεξγος
1529 5321 1646 5377 ἀλλ’
1672 5319 1833 5398 ἔργον
1875 5324 1928 5398 il,
1960 5326 2141 5398 φήμης

560 5400 808 5450 lacunam
881 5409 952 5446 rae
981 5408 1040 5447 se
1069 5392 1169 5447 fert
1197 5392 1248 5446 itt
1281 5393 1434 5448 libris
1466 5392 1704 5460 itemque
1737 5393 1787 5445 in
1813 5392 1999 5448 codice
2023 5392 2143 5450 "te-

560 5469 650 5518 uio
683 5465 802 5518 Vat.
837 5407 962 5518 P59.
984 5479 1035 5518 ι).
1060 5463 1153 5516 ἳόι
1173 5503 1187 5518 .
1215 5465 1266 5518 b.
1299 5463 1378 5517 sic
1407 5461 1466 5516 δν
1506 5463 1564 5515 ὲν
1584 5465 1702 5518 ταῖς
1727 5462 1859 5516 εὑ...
1901 5464 2140 5518 ακούειν.

559 5469 650 5535 gio
683 5465 802 5520 Vat.
837 5461 962 5530 I59,
984 5463 1153 5535 p.25l
1173 5503 1187 5526 ,
1215 5465 1266 5519 b.
1299 5463 1378 5517 sic
1407 5461 1466 5516 δν
1488 5463 1564 5535 γὲν
1584 5465 1702 5526 ταῖς
1727 5462 1859 5516 εὑ...
1901 5464 2140 5521 ακούειν.

561 5532 736 5590 καίτοι
770 5550 856 5601 γε,
888 5546 993 5589 etc.
1021 5532 1190 5586 Porro
1213 5549 1330 5601 quae
1355 5534 1702 5587 continuatur
1734 5549 1859 5602 pars
1903 5538 2143 5604 epistulae

559 5609 612 5660 in
667 5607 818 5658 libris
849 5614 900 5657 ct
933 5605 983 5657 in
1011 5603 1266 5672 prmdicto
1297 5604 1484 5657 codice
1516 5606 1634 5656 sine
1665 5605 1828 5656 dubio
1860 5603 2030 5658 aliena
2057 5618 2141 5662 est

561 5675 630 5731 ab
659 5678 758 5729 hac
793 5676 1014 5744 cpistola
1047 5675 1462 5742 itnportuncque
1491 5678 1700 5727 absuta.
1735 5673 2028 5729 llaudinius
2054 5679 2136 5729 ni—

560 5746 636 5801 hil
670 5747 812 5798 aliud
846 5745 1117 5800 adnotavit
1154 5787 1168 5806 ,
1208 5745 1308 5798 nisi
1350 5748 1488 5798 hanc
1546 5745 1827 5810 cpisutlaut
1891 5747 2137 5815 aliquan-

565 5828 675 5871 tum
713 5817 766 5870 in
803 5818 978 5872 medio
1007 5817 1276 5870 diversam
1309 5829 1448 5881 esse,
1487 5815 1689 5870 scilich
1724 5833 1749 5868 a
1784 5820 1966 5869 codice
1998 5819 2138 5870 Lau-

2251 5259 2520 5316 rentiano.
2578 5262 2716 5316 Ecce
2765 5271 2952 5326 autem
3000 5263 3052 5315 in
3088 5261 3354 5317 Vaticano
3403 5264 3674 5330 prmstante
3695 5251 3795 5330 506.

2249 5333 2326 5400 (p.
2363 5331 2488 5398 106)
2549 5334 2638 5401 qui
2705 5325 2833 5384 mihi
2889 5341 2968 5385 tot
3017 5333 3250 5387 ineditas
3303 5325 3554 5398 Procopii
3581 5326 3797 5401 epistulas

2249 5397 2585 5472 suppeditat,
2617 5403 2684 5455 ita
2729 5415 2792 5455 se
2822 5401 2985 5472 habet
3013 5404 3246 5471 genuina
3273 5404 3397 5472 ejus
3429 5397 3658 5472 epistolae
3677 5397 3796 5447 clau-

2247 5473 2360 5523 sula
2400 5471 2606 5538 (neque
2627 5473 2786 5524 aliter
2809 5474 2858 5524 itt
2889 5469 3252 5526 Laurentiano
3281 5469 3473 5526 codice
3535 5469 3627 5537 legi
3657 5477 3796 5531 30$"

2251 5543 2360 5613 ror)
2395 5543 2532 5613 6v‘év
2561 5544 2678 5604 ταῖς
2708 5542 2983 5610 εὐτυχίαις
3011 5542 3214 5612 μᾶλλον
3267 5542 3382 5613 ὀρῷ
3440 5538 3795 5613 μετριώτερον⁶

2247 5607 2370 5662 ὅθεν
2393 5607 2488 5684 ,ἀεῖ
2523 5613 2616 5665 καὶ
2637 5613 2704 5664 τὰ
2740 5607 2913 5680 μείζω
2947 5607 3319 5683 προσδέχομαὶ
3353 5607 3516 5684 Vrbis
3537 5607 3638 5684 ῖάρ
3654 5607 3794 5684 {9195'

2246 5697 2359 5754 τοις
2389 5679 2770 5754 ἐπιμετρεῖται
2811 5679 3029 5744 παντως
3056 5679 3265 5754 ἡτῦχή,
3300 5682 3470 5753 μηδὲν
3503 5679 3605 5754 τῷν
3631 5679 3794 5754 προλᾳ·

2247 5751 2450 5823 δόντων
2488 5742 2889 5823 ’βασκαίνουσι
2934 5742 3453 5823 δρᾶιώιιιιτὲμῖδὼίιι
3486 5771 3502 5804 :
3533 5742 3682 5818 Δέχου
3717 5742 3796 5810 τὴν

2249 5819 2535 5890 παροῦσαν
2565 5820 2876 5894 ἐπιστολήν.
