3978 6408
283 367 428 432 2ἷ37

819 481 949 536 KA'.
990 481 1077 551 To
1114 481 1320 550 arm.

359 575 527 642 Δὲχου
566 573 664 645 τὴν
688 573 970 644 παροῦσαν
1001 572 1312 642 ἐπιστολὴν,
1345 572 1570 644 χρονίαν
1597 570 1720 644 μὲν,
1756 568 1870 626 ἀλλ’

284 665 435 735 ὅμως
481 663 812 735 θαρροῦσαν,
849 664 933 717 ὅτι
961 664 1113 734 παρὰ
1154 664 1324 734 φίλων
1372 665 1638 733 ἀφῖκται’
1675 663 1874 717 οὐκοῦν

289 759 366 823 μὴ
411 756 619 826 ψεύσῃς
650 757 820 826 αὐτὴν
853 757 954 826 τῆς
984 757 1220 821 ἐλπίδος,
1279 757 1754 828 ἀποστρεφόμενός
1815 773 1872 807 τε

283 848 381 898 καὶ
403 848 501 909 τὰς
527 846 700 918 ὀφρῦς
739 846 990 916 συνάγων
1010 847 1146 918 αὐτῇ
1177 862 1193 878 ⁸
1225 846 1348 900 ἐπεὶ
1372 847 1608 912 καὶτοὺς
1633 846 1874 918 ἐρῶντάς

285 957 424 1008 φασι
449 939 627 1011 χρόνῳ
653 941 748 994 καὶ
777 939 928 1010 μόλις
945 939 1320 1009 ἐπιτυχόντας,
1341 937 1445 992 ὑπὸ
1467 937 1565 1008 τῆς
1589 937 1874 1010 παρούσης

288 1032 476 1101 ἡδονῆς
515 1031 624 1084 τῶν
658 1031 1040 1102 προλαϐόντων
1084 1031 1261 1084 πόνων
1289 1029 1743 1084 ἐπιλανθάνεσθαι
1767 1046 1780 1060 ⁸
1824 1031 1875 1082 εί

282 1125 342 1177 δὲ
378 1123 705 1194 σκυθρωπὺς
754 1124 894 1194 πρὸς
930 1122 1133 1192 ταύτην
1183 1123 1428 1192 φανείης,
1477 1121 1722 1192 λυπηρὸν
1774 1119 1876 1190 μὲν

282 1215 428 1279 ὅλον,
461 1215 600 1283 λέξω
632 1214 677 1269 δ’
699 1216 848 1286 ὅμως
881 1229 895 1244 ·
926 1215 1136 1269 δέδοικα
1162 1215 1269 1286 γὰρ
1313 1214 1388 1285 μὴ
1418 1213 1538 1267 οὑδέ
1571 1213 1705 1284 άλλη
1739 1213 1874 1283 πρὸς

285 1307 348 1360 σὲ
380 1308 580 1378 ῥᾳδίως
610 1306 883 1377 ἀφίξεται,
909 1306 1172 1377 ὑϐριστήν
1200 1323 1260 1358 τε
1299 1305 1620 1376 νομίζουσα,
1654 1305 1747 1359 καὶ
1776 1304 1875 1374 τὴν

286 1398 673 1470 προλαϐοῦσαν
704 1395 789 1454 οἶα
819 1399 1059 1454 πέπονθε
1094 1399 1440 1468 λογιζομένη.

740 1491 866 1545 KB'.
900 1489 1090 1560 ΘΩΜᾼ
1129 1489 1412 1560 meam.

359 1580 559 1634 Ἔοικα
588 1577 697 1632 τῶν
735 1579 1016 1649 ὑμετέρων
1038 1577 1388 1648 γραμμάτων
1419 1577 1782 1648 μετειληφὼς,
1814 1577 1873 1629 οὺ

285 1673 472 1741 μένειν
526 1671 610 1740 ἐφ’
637 1667 720 1734 οἷς
755 1689 856 1724 που
906 1672 1316 1741 καὶπρότερον,
1359 1669 1494 1722 ἀλλὰ
1530 1671 1744 1741 τρυφᾷν
1795 1667 1874 1738 τῷ

278 1764 500 1834 καιρῷ⁶
548 1764 640 1816 καὶ
685 1765 914 1835 ἕρμαιον
969 1761 1223 1831 ἡγεῖσθαι
1266 1761 1364 1833 τὴν
1409 1764 1685 1831 ἀφορμήν.
1742 1760 1872 1813 Ἰδοὺ

278 1855 392 1924 γάρ
416 1872 500 1908 σοι
525 1853 634 1908 τῶν
654 1834 950 1916 αἰτούντων
976 1854 1236 1924 ἐξαίφνης
1267 1853 1395 1920 ὲγὼο
1428 1854 1491 1906 σὺ
1523 1852 1578 1906 δὲ
1600 1853 1662 1905 τὸ
1683 1853 1868 1922 τάχος,
1906 1834 1947 1888 Β

275 1942 461 2018 οἶμαι,
493 1946 810 2017 θαυμάζων,
849 1944 984 2016 ταχὺ
1012 1946 1071 1998 τὸ
1101 1947 1198 2014 τῆς
1223 1943 1512 2015 κωμῳδίας
1545 1946 1723 2014 ἐρεῖς·
1754 1944 1869 1997 ἁλλ’

277 2038 396 2105 ἐγὼ
426 2035 595 2090 δεινὸν
626 2035 875 2108 ἡγούμην
918 2037 967 2088 εί
1011 2037 1100 2091 τὸν
1129 2035 1320 2105 χρόνον
1355 2033 1728 2105 περισκοπῶν,
1772 2033 1872 2086 οὐκ

276 2129 497 2199 αίτήσω
552 2127 748 2182 θᾶττον
776 2127 806 2181 δ
836 2126 932 2180 καὶ
973 2127 1056 2180 σοὶ
1105 2126 1304 2179 διδόναι
1344 2125 1516 2196 κάμοὶ
1562 2125 1748 2178 λαϐεῖν
1781 2125 1872 2176 εὑ·

275 2220 517 2290 πρεπές.
569 2219 787 2284 Αίνείας
815 2219 974 2290 γάρὸ
1003 2217 1102 2291 τὴν
1151 2217 1441 2288 ἐπιστολὴν
1484 2217 1640 2288 ἡμῶν
1692 2219 1870 2271 ἐπιδι-

272 2312 428 2376 δοὺς,
466 2310 691 2380 πολίτης
717 2309 865 2365 ἐστὶν
900 2311 1189 2380 ἡμέτερος,
1228 2307 1289 2360 ὃν
1328 2309 1572 2376 εὐτυχεῖν
1607 2307 1871 2378 βούλομαι

276 2404 349 2457 δι’
377 2405 552 2474 ὑμῶν.
601 2403 800 2466 Γένους
826 2419 886 2455 τε
903 2401 1010 2472 γὰρ
1039 2400 1151 2471 ἔχει
1175 2399 1378 2462 καλῶς,
1409 2401 1504 2452 καὶ
1541 2399 1633 2452 τὸν
1669 2399 1871 2469 τρόπον

278 2497 434 2550 ἐστὶν
467 2493 774 2563 ἐλεύθερος,
822 2492 917 2546 καὶ
961 2492 1156 2561 τέχνην
1182 2487 1286 2544 οἶδε
1318 2491 1446 2552 τοὺς
1478 2490 1706 2560 νόμους’
1743 2489 1870 2558 βού-

277 2589 435 2642 λεται
462 2586 520 2640 δέ
545 2584 800 2640 τοσοῦτον
834 2583 1129 2638 ἀπολαύειν
1153 2582 1251 2651 τῆς
1272 2581 1491 2652 τέχνης,
1520 2581 1596 2644 ὡς
1619 2580 1750 2649 θεῷ,
1776 2581 1870 2632 καὶ

279 2680 386 2750 τὴν
432 2678 660 2748 γνώμην
707 2675 892 2747 μένειν
922 2675 1204 2744 ἐλεύθερον
1227 2690 1243 2705 ·
1283 2674 1344 2726 οὐ
1373 2674 1482 2743 γὰρ
1527 2668 1634 2724 οἶδε
1667 2670 1864 2741 κέρδος

282 2770 545 2824 τοσοῦτον
600 2768 933 2838 εὐφραίνειν,
991 2765 1067 2837 μὴ
1113 2767 1250 2834 μετά
1293 2763 1502 2816 δικαίου
1553 2761 1867 2833 γενόμενον.

287 2863 534 2934 Πάρεστι
567 2861 624 2916 δὲ
651 2859 814 2914 τοῦτο
843 2859 938 2913 καὶ
965 2861 1030 2929 τῇ
1064 2857 1231 2929 πείρᾳ
1260 2856 1454 2926 μαθεῖν
1477 2871 1491 2888 ο
1524 2855 1734 2908 πόλεων
1762 2853 1871 2925 γάρ

285 2972 454 3010 τινων
479 2953 575 3010 ἐπὶ
597 2955 709 3016 τοῖς
740 2951 972 3013 δικαίοις
1006 2949 1475 3020 προϐεϐλημένος,
1518 2947 1613 3000 καὶ
1655 2946 1755 3017 τὴν
1777 2949 1872 2999 ἐκ·

283 3046 441 3099 δίκου
471 3044 850 3114 προσηγορίαν
887 3041 1087 3106 λαϐὼν,
1112 3033 1270 3103 οὗτος
1294 3040 1606 3110 ἐμιμήσατο
1627 3039 1754 3100 τοὺς
1780 3037 1869 3091 νό-

289 3155 450 3207 μους,
489 3137 635 3190 ῶστε
668 3135 764 3190 καὶ
794 3134 1130 3203 συκοφάντου
1163 3131 1324 3200 φύσιν
1367 3129 1620 3201 ἐνίκησεν
1641 3144 1654 3159 ·
1693 3128 1872 3191 οὐδεὶς

286 3227 400 3298 γάρ
432 3226 649 3280 οὐδόλου
670 3226 792 3279 οὐδὲ
821 3225 1022 3287 ἀδίκως
1044 3221 1350 3294 ἐμέμψατο,
1385 3220 1521 3274 ἀλλὰ
1549 3219 1713 3274 τοῦτο
1733 3219 1874 3291 τάχα

287 3322 391 3372 καὶ
419 3319 596 3386 γέλως
621 3317 796 3371 ἐδόκει
827 3318 940 3378 τοῖς
959 3315 1191 3385 ἄρχουσι
1222 3313 1330 3385 πρὸ
1359 3312 1515 3384 ὑμῶν
1536 3328 1553 3344 ο
1582 3313 1744 3388 μόνου
1767 3311 1878 3383 γὰρ

284 3407 432 3481 ἦσαν
473 3407 570 3462 τοῦ
602 3407 819 3461 λαϐεῖν’
869 3409 898 3459 ό
927 3406 983 3460 δὲ
1022 3405 1130 3460 τῶν
1175 3405 1429 3460 διδόντων
1472 3403 1572 3457 οὐκ
1611 3397 1710 3474 ἦν·
1755 3403 1879 3456 ὅθεν

284 3505 315 3554 ο
351 3498 456 3569 μὲν
471 3497 727 3563 ἐπαύετο,
747 3495 923 3568 ἐτεροι
953 3496 1012 3549 δὲ
1031 3490 1194 3566 ἦσαν,
1223 3494 1298 3556 ὡς
1316 3493 1486 3559 εἰκὸς,
1504 3491 1630 3560 ἄξια
1645 3490 1881 3563 δρῶντες

285 3584 371 3644 ὦν
444 3587 838 3644 ἐδεδώκεισανο
889 3586 1140 3656 βούλεται
1170 3585 1228 3638 δὲ
1272 3583 1368 3639 νῦν
1419 3584 1514 3636 ἐπὶ
1555 3586 1654 3654 τῆς
1706 3583 1880 3653 αὐτῆς

285 3679 469 3748 τύχης
508 3675 786 3745 γενέσθαι,
817 3674 1027 3746 δωρεὰν
1070 3673 1200 3742 ὑμῖν
1239 3671 1534 3742 προσάγων
1562 3670 1624 3722 τὸ
1661 3668 1880 3722 δικαίαν

283 3775 440 3844 ἐχειν
476 3771 576 3843 τὴν
628 3769 858 3840 γνώμην
881 3785 895 3800 ⁸
951 3764 1062 3837 ἆρά
1108 3783 1192 3819 σοι
1224 3764 1320 3820 τοῦ
1371 3766 1548 3817 αἰτεῖν
1573 3765 1639 3817 ἐκ
1674 3761 1878 3832 μητρὸς

283 3868 536 3936 ἡκόντων
580 3864 928 3934 κατάρχομαι
955 3879 969 3925 ;
1018 3859 1213 3913 οὐκοῦν
1243 3859 1291 3912 εί
1323 3855 1626 3928 θαυμάζεις
1653 3855 1752 3926 τὴν
1795 3856 1880 3909 ατο

291 3974 474 4027 τησιν,
499 3956 635 4028 τίμα
661 3954 868 4026 ταύτην
893 3954 1006 4015 τοῖς
1038 3951 1242 4022 λόγοις.

842 4132 969 4186 κΓι.
1009 4131 1096 4203 To
1133 4127 1334 4201 arm.

379 4228 523 4299 Ἐγώ
566 4245 663 4282 σου
709 4224 808 4296 τὴν
855 4224 1147 4293 ἐπιστολὴν
1192 4221 1444 4292 ἀσμένως
1496 4220 1641 4286 ίδὼν,
1691 4219 1882 4290 ὥσπερ

273 4317 466 4386 ξείκὸς,
495 4320 743 4373 ἐπαινεῖν
773 4315 830 4368 δὲ
855 4317 992 4386 πρὸς
1025 4313 1188 4380 ἀξίαν
1216 4313 1317 4365 οὐκ
1344 4311 1504 4381 ἔχων,
1535 4310 1737 4382 μικροῦ
1771 4310 1882 4363 δεῖν

298 4432 382 4467 σοι
421 4414 524 4484 τὴν
566 4411 736 4481 αὐτὴν
779 4406 1150 4476 ἀντεπέθηκα,
1181 4402 1664 4474 τούπιγραμμένον
1711 4418 1882 4472 μετα-

1733 365 2138 425 EPISTULE.

3423 357 3566 422 2738

2569 480 2712 536 XXI.
2753 480 2981 536 EIDEM.

2041 573 2192 629 Hanc
2241 573 2428 642 accipe
2469 575 2754 642 epistolam
2807 575 2959 628 tarde
2990 571 3207 640 quidem
3258 570 3580 637 venientem1

1977 668 2073 722 sed
2135 675 2313 721 tamen
2342 667 2708 720 confidentem
2761 681 2820 719 se
2845 680 2912 718 ex
2953 665 3131 718 amico
3188 663 3391 718 venire.
3435 662 3564 716 Eam

1978 758 2148 828 igitur
2200 773 2267 812 uc
2298 773 2393 826 spe
2432 757 2724 812 defraudes
2747 797 2763 819 ,
2807 771 2905 810 nec
2939 755 3208 824 despicias
3244 770 3342 810 nec
3374 755 3561 808 adver-

1976 864 2072 905 sus
2099 864 2218 904 eam
2243 849 2532 920 supercilia
2560 861 2799 902 moveas.
2828 848 3108 916 Siquidem
3137 847 3395 902 dicuntur
3413 863 3568 899 ama-

1979 951 2148 1006 tores,
2206 951 2450 1010 tempore
2516 942 2603 994 vix
2671 949 2928 1006 arrepto,
2981 939 3380 1008 praeteritorum
3455 955 3564 1008 pra:

1977 1033 2232 1100 praesenti
2271 1033 2545 1102 voluptate
2570 1031 2817 1086 oblivisci
2852 1031 3138 1086 malorum.
3176 1031 3232 1084 Si
3250 1041 3433 1086 autem
3460 1033 3564 1084 duo

1978 1139 2070 1177 rus
2102 1125 2155 1178 in
2180 1138 2299 1179 eam
2327 1138 2496 1188 esses,
2550 1122 2769 1179 Christo
2795 1121 3041 1187 oumiuo,
3105 1136 3212 1176 non
3251 1132 3432 1176 tamen
3483 1131 3565 1175 ta-

1977 1214 2115 1270 cebo
2149 1233 2162 1268 :
2190 1230 2384 1270 vereor
2409 1215 2610 1270 etenim
2650 1223 2708 1268 ut
2733 1214 2844 1282 iam
2879 1214 3049 1267 altera
3081 1214 3148 1266 ad
3177 1223 3228 1268 te
3265 1214 3421 1268 facile
3449 1226 3557 1268 eat.

1977 1309 2054 1363 Te
2107 1317 2306 1378 putans
2359 1307 2681 1379 iniuriosum
2727 1315 2782 1360 et
2837 1321 2956 1374 qua:
2995 1320 3154 1374 passa
3195 1307 3360 1361 fuerit
3415 1307 3563 1375 prior

1978 1413 2164 1454 secum
2199 1408 2476 1468 reputans.

2399 1469 2561 1542 XXII.
2594 1485 2859 1542 Tuom:
2887 1483 3164 1540 FRATRI.

2050 1579 2176 1635 Mihi
2214 1581 2392 1635 visum
2422 1590 2529 1646 est,
2559 1589 2862 1635 vestrarum
2907 1579 3214 1632 litterarum
3253 1579 3564 1648 cognitione

1977 1671 2186 1736 habita,
2219 1686 2322 1725 non
2353 1680 2502 1726 stare
2538 1671 2605 1724 iis
2635 1670 2836 1738 quibus
2885 1669 3069 1724 forsan
3102 1680 3156 1724 et
3181 1671 3437 1740 primum,
3469 1676 3563 1728 sed

1978 1761 2082 1814 frui
2108 1759 2396 1816 occasione
2417 1799 2432 1822 ,
2467 1769 2521 1814 et
2554 1769 2808 1828 tauquam
2838 1761 3048 1811 lucrum
3082 1758 3404 1814 existimare
3435 1771 3566 1814 tem-

1980 1866 2079 1921 pus
2106 1860 2467 1920 Opportunum
2508 1865 2523 1904 :
2561 1864 2692 1904 ecce
2729 1849 2873 1902 enim
2909 1851 3005 1902 tibi
3036 1858 3090 1906 ct
3127 1865 3353 1905 numero
3383 1858 3567 1918 postu-

1979 1942 2206 1996 lantium
2241 1941 2432 1996 misum
2461 1941 2642 1996 subito
2670 1957 2684 1992 :
2715 1950 2767 1993 tu
2795 1955 2926 1994 vero
2955 1940 3293 1994 celeritatem
3334 1940 3564 2006 mirans,

1979 2034 2196 2101 opinor,
2244 2031 2373 2087 illud
2415 2033 2685 2087 comicum
2718 2032 2868 2085 dices
2901 2048 2914 2084 :
2955 2031 3050 2086 sed
3079 2047 3181 2101 ego
3212 2032 3409 2087 mirum
3443 2034 3566 2086 exi-

1981 2126 2291 2180 stimassem
2327 2124 2470 2192 quod
2501 2132 2718 2193 tempus
2753 2122 3224 2192 circumspiciens,
3262 2138 3368 2178 non
3391 2126 3565 2192 petis-

1980 2203 2094 2270 sem
2125 2215 2284 2270 citius
2315 2215 2458 2285 quod
2481 2224 2536 2270 et
2564 2214 2657 2268 tibi
2699 2215 2826 2268 dare
2846 2223 2902 2269 et
2933 2214 3062 2268 mibi
3096 2215 3340 2282 accipere
3367 2229 3566 2268 conve-

1980 2307 2078 2360 nit.
2117 2305 2320 2360 Aineas
2358 2306 2501 2361 enim
2555 2304 2646 2374 qui
2694 2315 2933 2358 nostram
2983 2302 3266 2370 epistolam
3315 2302 3562 2371 porrigit,

1978 2399 2221 2452 concivis
2266 2407 2349 2452 est
2385 2407 2593 2461 noster,
2649 2411 2808 2466 quem
2853 2411 2948 2465 per
2981 2411 3075 2448 vos
3125 2395 3320 2449 bonam
3377 2395 3563 2449 sortiri

1979 2488 2252 2542 fortunam
2295 2486 2416 2542 volo
2452 2505 2466 2542 :
2511 2487 2652 2540 bono
2691 2501 2892 2555 genere
2947 2496 3126 2547 natus,
3157 2486 3469 2538 conditione
3502 2485 3564 2536 ιι.

1979 2582 2106 2636 hera
2137 2592 2240 2646 est,
2265 2588 2320 2637 et
2357 2579 2534 2649 quoad
2563 2588 2737 2632 artem
2786 2579 2936 2632 novit
2969 2577 3115 2644 leges
3147 2595 3164 2633 ι
3196 2577 3308 2630 vult
3334 2593 3567 2645 praescr-

1979 2673 2074 2728 tim
2104 2673 2208 2727 frui
2257 2681 2395 2736 arte,
2426 2678 2486 2726 ut
2518 2671 2647 2742 mihi
2686 2670 2924 2734 videtur,
2977 2679 3031 2724 et
3065 2670 3115 2722 in
3159 2669 3442 2723 sententiis
3481 2687 3566 2722 Γυ-

1979 2780 2204 2820 manere
2258 2765 2435 2821 liber:
2484 2779 2591 2818 non
2647 2765 2790 2817 enim
2841 2764 3045 2830 cogitat
3092 2761 3304 2815 lucrum
3356 2771 3562 2814 tantum

1979 2856 2276 2922 delectare,
2320 2869 2426 2910 nou
2460 2869 2586 2910 cum
2617 2852 2834 2921 iustitia
2866 2860 3180 2920 perceptum
3209 2869 3222 2904 :
3267 2861 3482 2904 constat
3512 2862 3564 2904 et

1980 2947 2110 3003 illud
2140 2945 2479 3017 experientia
2528 2945 2823 3000 didicisse:
2865 2945 3080 2998 urbium
3127 2945 3271 2998 enim
3299 2958 3566 3012 quarum-

1981 3044 2104 3095 dam
2133 3053 2234 3110 pro
2271 3038 2485 3110 juribus
2532 3037 2883 3107 praepositus,
2917 3043 2972 3089 et
2999 3033 3306 3089 defensoris
3345 3048 3568 3087 munere

1981 3142 2236 3204 suscepto
2281 3133 2387 3187 iste
2419 3132 2568 3202 leges
2611 3128 2891 3185 simulavit
2930 3128 3002 3182 ita
3041 3137 3098 3180 ut
3131 3137 3186 3181 et
3215 3129 3566 3199 sycophantae

1980 3232 2230 3280 naturam
2264 3222 2604 3294 superaverit
2637 3221 2856 3277 :nullus
2874 3221 3019 3278 enim
3054 3220 3166 3274 ullo
3194 3221 3354 3273 modo
3391 3234 3565 3286 neque

1983 3315 2180 3386 injuste
2206 3314 2500 3382 incusavit,
2529 3315 2623 3370 sed
2651 3314 2786 3368 illud
2831 3311 3014 3366 forsan
3049 3324 3100 3366 et
3134 3311 3316 3365 irrisio
3345 3313 3566 3363 videbu-

1983 3416 2068 3463 tur
2099 3407 2205 3463 illis
2226 3407 2318 3476 qui
2350 3414 2475 3462 ante
2513 3420 2611 3460 vos
2658 3405 3039 3475 imperabant:
3081 3403 3257 3457 solum
3304 3405 3450 3455 enim
3487 3420 3570 3454 :tc-

1981 3500 2164 3567 cipere
2188 3506 2494 3553 noverant:
2529 3497 2618 3551 ille
2652 3505 2832 3550 autem
2863 3496 3004 3548 inter
3037 3495 3228 3549 dantes
3263 3509 3367 3546 non
3408 3503 3565 3547 erat:

1981 3587 2104 3641 ideo
2133 3586 2236 3643 iste
2265 3586 2604 3656 quiescebat,
2630 3585 2720 3638 alii
2745 3599 2874 3638 vero
2904 3581 3176 3637 faciebant
3205 3592 3264 3635 ut
3293 3586 3566 3646 convenit,

1981 3678 2145 3748 digna
2185 3678 2253 3732 iis
2281 3693 2400 3746 qua;
2442 3678 2707 3731 dederant
2737 3693 2750 3730 :
2796 3675 2909 3728 vult
2939 3685 3118 3727 autem
3152 3689 3293 3726 nunc
3320 3678 3566 3726 eauutem

1983 3778 2156 3823 artem
2183 3783 2443 3823 exercere
2476 3768 2676 3823 donum
2705 3767 2859 3821 vobis
2887 3763 3339 3832 offerensjustam
3369 3765 3568 3817 habere

1981 3861 2314 3914 sententiam
2356 3877 2370 3914 :
2425 3875 2552 3913 num
2607 3874 2636 3912 a
2687 3867 2740 3912 te
2773 3867 2956 3926 petere
2989 3873 3109 3926 quae
3141 3871 3204 3910 ex
3255 3867 3429 3910 matre
3478 3873 3569 3906 ve-

1982 3952 2160 4015 niunt,
2197 3951 2441 4021 incipio?
2470 3952 2643 4022 Igitur
2679 3951 2724 4005 si
2765 3950 2982 4004 miraris
3008 3949 3348 4017 petitionem,
3379 3963 3570 4002 verere

1984 4043 2129 4097 illam
2174 4043 2541 4098 sermonibus.

2527 4133 2720 4188 XXIII.
2764 4132 2996 4187 EIDEM.

2055 4229 2169 4300 Ego
2203 4240 2348 4284 tuam
2395 4229 2680 4296 epistolam
2727 4227 2959 4281 libenter
3009 4226 3116 4280 vidi
3176 4237 3232 4279 ut
3275 4226 3568 4291 convenit,

1985 4341 2105 4379 cum
2133 4337 2315 4378 autem
2365 4322 2589 4376 laudare
2628 4321 2930 4376 secundum
2969 4320 3223 4374 meritum
3259 4336 3361 4372 non
3404 4320 3570 4373 habe-

1985 4429 2124 4480 rem,
2168 4428 2358 4483 parum
2401 4411 2732 4481 abfuitquin
2787 4411 2883 4464 tibi
2916 4410 3162 4464 eamdem
3211 4413 3568 4477 remitterem,

251 4491 514 4559 κ’ϐαλώνο
555 4495 638 4564 οῖς
690 4501 801 4570 γὰρ
862 4495 1015 4566 τάμὰ
1057 4493 1354 4564 θαυμάζων
1390 4491 1730 4556 ἐπέστειλας,
1771 4493 1877 4545 τῶν

1990 4508 2262 4576 scriptura
2312 4514 2516 4560 mutata
2553 4523 2567 4559 :
2627 4519 2724 4574 per
2753 4517 2846 4558 eos
2890 4505 3034 4556 enim
3075 4503 3273 4572 quibus
3311 4518 3426 4558 mea
3473 4503 3575 4557 tui-

296 4594 412 4650 σῶν
440 4591 680 4646 ἐπαίνων
708 4589 928 4644 ἀκούειν
957 4587 1202 4641 ἐδόκουν.
1227 4583 1338 4636 Καί
1370 4581 1460 4653 μοί
1493 4599 1548 4636 τι
1592 4582 1884 4653 παραπλή-

296 4704 418 4740 σιον
445 4685 654 4748 ἐδόκεις
685 4684 882 4746 ποιεῖν,
908 4679 984 4742 ὡς
1005 4679 1071 4731 ἂν
1095 4679 1144 4730 εί
1179 4677 1273 4730 καὶ
1294 4675 1388 4728 τὸν
1422 4675 1690 4746 Θερσίτην
1721 4675 1885 4728 ἐθαύ·

301 4777 476 4850 μαζεν
507 4779 536 4830 ὁ
563 4776 804 4847 Νηρεὺς,
828 4773 887 4837 ὃς
910 4773 1199 4834 κάλλιστος
1226 4771 1366 4842 ἀνὴρ
1402 4769 1509 4823 ὑπὸ
1535 4769 1698 4824 Ἰλιον
1727 4766 1881 4841 ἦλθε.

301 4872 470 4924 Ὅθεν
490 4870 654 4934 αἰδώς
682 4886 775 4938 μοι
803 4866 1144 4939 προσέπιπτε
1177 4864 1286 4917 τῶν
1314 4863 1552 4917 ἐπαίνων
1570 4878 1583 4892 ·
1617 4862 1758 4932 πλὴν
1788 4865 1885 4934 οὐχ

299 4964 447 5018 ὥστε
485 4963 562 5035 μὴ
599 4963 815 5034 χαίρειν
851 4959 930 5029 τῷ
957 4959 1245 5028 πράγματι
1270 4972 1285 4988 ο
1319 4958 1351 5025 ἡ
1383 4956 1492 5027 γὰρ
1523 4955 1780 5027 ἐπιστολὴ
1815 4956 1884 5009 δι’

303 5054 381 5112 ὧν
429 5055 592 5128 δῆθεν
623 5053 812 5125 ἐπῄνει
853 5053 922 5106 τὰ
960 5051 1090 5121 ἐμὰ,
1137 5048 1407 5119 ὠραϊζετό
1488 5065 1549 5100 τε
1598 5049 1694 5102 καὶ
1750 5050 1887 5120 πρὸς

307 5150 483 5220 μείζω
528 5147 694 5200 πόθον
741 5145 913 5198 ἐκίνει
969 5143 1063 5197 τὸν
1115 5142 1376 5212 ἐραστήν.
1421 5139 1586 5194 Ἀλλὰ
1641 5139 1739 5195 καὶ
1788 5141 1887 5212 τὴν

305 5239 606 5312 πρεσϐείαν
638 5238 699 5291 οὐ
728 5237 968 5308 μετρίως
996 5235 1180 5305 ἐπῆρα
1211 5236 1324 5296 τοῖς
1343 5233 1672 5304 γράμμασιν
1698 5249 1712 5266 ο
1753 5234 1802 5285 εί
1829 5233 1886 5286 δὲ

306 5330 635 5402 πρεσϐεύων
672 5329 1027 5398 ἐπαινοῦμαι,
1071 5327 1154 5390 τίς
1201 5325 1268 5379 ἂν
1315 5327 1434 5395 εἵην
1468 5325 1629 5388 αὐτὸς
1672 5326 1886 5380 ἐπινεύ-

307 5439 446 5488 σας;
479 5422 603 5476 ὅθεν
629 5421 739 5490 γὰρ
773 5418 966 5490 μεῖζον
984 5418 1078 5471 τοῦ
1105 5419 1282 5472 αἰτεῖν
1305 5418 1367 5469 τὸ
1393 5416 1612 5482 διδόναι,
1636 5418 1890 5472 τοσοῦτον

306 5516 516 5586 ἀρετῆς
555 5513 711 5582 λόγον
761 5514 790 5565 ὁ
839 5511 1035 5564 διδόναι
1092 5510 1303 5580 μέλλων
1339 5510 1431 5559 τὸν
1459 5509 1700 5578 ᾐτηκότα
1735 5513 1882 5582 νικᾷ.

324 5609 384 5662 ’0
431 5607 490 5661 δὲ
537 5605 864 5676 λογιώτατος
922 5604 1138 5666 Αἰνείας
1188 5603 1264 5664 ὡς
1320 5603 1422 5672 ἤδη
1478 5601 1658 5656 λαϐὼν
1716 5605 1888 5673 ἀνυμ-

308 5703 429 5756 νεῖ·
491 5701 596 5770 ήδη
663 5699 773 5769 γὰρ
823 5697 981 5770 ἡμῶν
1043 5699 1120 5757 εἰς
1182 5699 1376 5764 πεῖραν
1420 5692 1626 5762 ἐλθὼν,
1679 5697 1738 5747 ἐν
1793 5697 1891 5766 ἴσῳ

311 5795 374 5846 τὺ
432 5793 624 5862 μέλλον
685 5793 762 5862 τῷ
811 5789 1105 5862 πραχθέντι
1161 5786 1473 5854 λογίζεται·
1533 5787 1580 5836 εί
1640 5787 1697 5840 δὲ
1760 5789 1891 5859 πρὶν

1989 4614 2118 4653 rans
2153 4613 2250 4668 per
2300 4598 2510 4652 litteras
2543 4596 2769 4658 misisti,
2807 4606 2927 4648 tuas
2966 4595 3153 4648 laudes
3190 4597 3378 4650 audire
3420 4596 3572 4647 vide~

1990 4691 2116 4752 bar;
2149 4699 2203 4744 et
2231 4690 2363 4744 mihi
2399 4688 2603 4758 aliquid
2649 4687 2825 4742 simile
2853 4687 3125 4741 videbaris
3155 4685 3338 4741 facere
3376 4687 3451 4740 illi
3480 4689 3569 4756 qui

1990 4781 2298 4835 mirabatur
2345 4778 2654 4833 Tltersitem
2707 4775 2904 4840 Nereo,
2965 4777 3332 4845 pulcherrimo
3392 4778 3568 4829 virmu

1989 4872 2082 4944 qui
2125 4871 2226 4929 sub
2269 4869 2422 4924 Ilium
2465 4881 2770 4924 venerunt:
2809 4869 2931 4924 ideo
2964 4872 3138 4936 pudor
3171 4885 3254 4923 me
3283 4867 3572 4937 superfun-

1990 4965 2154 5018 tlebat
2176 4962 2387 5016 illarum
2421 4960 2640 5014 laudum
2671 4979 2685 5015 :
2729 4975 2832 5013 non
2883 4967 3140 5027 excerpto
3170 4959 3314 5028 quod
3350 4974 3436 5011 res
3466 4975 3571 5010 nun

1992 5055 2123 5109 mihi
2154 5053 2372 5108 afferret
2416 5052 2670 5120 gaudium
2699 5071 2712 5106 :
2749 5051 2974 5120 epistola
3009 5051 3152 5105 euitn
3186 5051 3254 5104 ab
3282 5050 3345 5104 iis
3374 5045 3572 5119 qtﬁbus

1989 5147 2199 5202 scilicet
2240 5144 2493 5200 laudabat
2530 5159 2673 5211 mea,
2709 5144 3011 5198 ornabatur
3047 5154 3102 5196 et
3127 5144 3192 5196 ad
3226 5142 3400 5212 majus
3426 5145 3568 5197 desi-

1991 5241 2200 5296 derium
2230 5237 2506 5293 excitabat
2538 5238 2769 5290 amicum
2806 5252 2819 5286 :
2852 5235 2897 5290 si
2937 5235 3081 5288 enim
3113 5233 3316 5300 legatos
3349 5235 3569 5287 mittens

1994 5331 2203 5397 laudor,
2237 5331 2359 5395 quis
2399 5345 2572 5384 essem
2608 5329 2725 5397 ipse
2767 5326 3084 5396 appelletis?
3115 5327 3280 5397 Igitur
3310 5343 3377 5381 eo
3406 5330 3576 5397 magis

1992 5424 2134 5494 quod
2194 5420 2428 5475 nobilius
2477 5429 2560 5474 est
2601 5420 2731 5473 dare
2783 5434 2944 5486 quam
2994 5427 3199 5487 petere,
3247 5418 3463 5470 virtutis
3498 5434 3577 5469 ru-

1995 5519 2194 5571 tionem
2227 5515 2316 5582 qui
2370 5513 2500 5568 dare
2533 5513 2695 5567 debet
2727 5521 2946 5580 praestat
3002 5510 3096 5564 illo
3125 5512 3215 5581 qui
3253 5511 3403 5580 petiit
3436 5529 3448 5562 :
3493 5506 3573 5562 fa-

1994 5608 2366 5665 cuudissimus
2390 5617 2573 5660 autem
2617 5603 2823 5659 jEneas
2865 5605 3090 5672 perinde
3116 5619 3180 5658 ac
3211 5605 3252 5656 si
3277 5603 3388 5671 jam
3419 5619 3573 5655 acce-

1995 5703 2167 5771 pisset
2193 5706 2377 5753 cantat
2406 5717 2420 5752 :
2460 5715 2583 5752 cum
2616 5698 2759 5751 enim
2782 5697 2892 5765 jam
2929 5706 3172 5750 nostrum
3200 5696 3250 5748 in
3284 5695 3572 5762 experien-

1997 5797 2126 5849 tiam
2156 5791 2384 5858 venerit,
2426 5807 2579 5861 a‘qtte
2613 5791 2852 5846 futurum
2884 5807 2946 5845 ac
2979 5799 3258 5859 peractum
3290 5777 3520 5841 a-stimat
3552 5801 3566 5840 :
