3978 6400
514 229 659 293 ῒῖόθ

1821 231 2175 317 PROCOPII
2217 233 2457 295 eam

3622 245 3752 313 27Ᾱῦ

515 343 562 395 si
600 356 729 399 vero
754 351 1045 414 antequam
1089 343 1340 414 accipiat,
1371 346 1690 412 sttceiamet,
1725 346 1852 417 quid
1883 356 2030 400 eSset
2061 362 2087 399 s

2211 345 2397 399 λαϐεῖν
2422 346 2708 420 κηρύττει,
2742 348 2823 411 τίς
2869 350 2939 402 ἂν
2972 351 3182 419 γένοιτο
3216 353 3308 408 τοῦ
3334 352 3655 427 ποθουμένου
3675 378 3752 414 τυ-

514 434 658 503 qnotl
709 435 984 491 desiderat
1040 436 1377 491 obtinuerit?
1427 436 1495 491 Et
1522 438 1650 491 olim
1717 450 1805 491 tua
1858 437 2102 493 referens

514 524 844 592 sttperaddet
891 526 1138 589 omnino,
1188 527 1263 579 ita
1306 534 1365 580 ιιι
1396 527 1649 581 Celeriter
1695 527 1973 596 duplicare
2004 541 2099 582 ne-

515 630 671 670 cesse
695 627 842 671 esset
870 620 1114 686 gratias:
1160 618 1426 686 optimum
1467 634 1595 672 vero
1628 618 1863 688 Megam.
1888 619 1933 673 si
1969 632 2098 687 pos-

514 710 672 765 sibile
718 720 864 765 esset
906 712 1096 766 eadem
1156 711 1247 765 die
1311 711 1595 765 instituere
1648 712 1792 764 inter
1826 711 2096 775 rhetores,

512 818 620 855 non
650 803 804 857 nobis
837 805 1143 858 necessaria
1178 803 1321 858 foret
1352 805 1590 856 secunda
1627 804 1761 855 dies.

548 894 739 951 XXIV.
764 895 1139 950 ZACHARUE
1171 894 1262 951 ET
1293 894 1610 950 PHILIPPO
1644 892 2059 949 FRATRIBUS.

578 988 972 1041 Adntirabilem
1025 985 1298 1041 Julianum
1354 997 1410 1043 et
1460 988 1623 1042 aliter
1656 987 1874 1055 quidem
1907 988 2099 1055 dilige-

509 1082 631 1135 bam
659 1099 673 1134 :
713 1082 938 1134 idoneus
964 1082 1109 1132 enim
1140 1079 1448 1133 attrahendl
1493 1080 1559 1133 ad
1592 1079 1805 1134 labores
1841 1094 2099 1147 prospere

509 1174 790 1224 cedentem
820 1181 1022 1237 prmter
1063 1172 1397 1225 desiderium
1423 1187 1437 1223 :
1466 1180 1524 1222 at
1551 1170 1721 1222 multo
1748 1170 1920 1240 magis
1949 1168 2097 1223 dele-

2208 439 2319 509 χών
2345 456 2360 505 ;
2388 441 2480 493 καί
2508 458 2641 494 ποτε
2661 442 2730 494 τὰ
2753 443 2821 495 σὰ
2847 443 3204 516 διηγούμενος
3226 448 3518 518 προσθήσει
3543 449 3754 518 πάντως,

2203 528 2281 593 ὡς
2314 531 2411 583 καὶ
2440 530 2520 601 τῷ
2541 530 2698 601 τάχει
2727 533 3103 598 διπλασιάζειν
3141 536 3251 589 ἔδει
3272 537 3369 600 τὰς
3403 536 3656 609 χάριταςο
3677 542 3757 598 τδν

2200 621 2259 674 δὲ
2303 622 2580 693 βέλτιστον
2632 624 2854 692 Μέγαν,
2907 628 3067 698 εἴπερ
3105 622 3216 680 οἷόν
3254 646 3311 681 τε
3352 625 3421 700 ἦν
3466 632 3756 705 αὐθήμερον
3854 682 3863 687 .

2204 710 2639 780 μετασκευάζειν
2691 715 2773 778 είς
2822 716 3081 787 ῥήτορας,
3124 717 3226 770 οὐκ
3257 717 3322 772 ἂν
3365 720 3497 790 ἡμῖν
3522 721 3623 774 ἔδει
3652 723 3754 776 δευ-

2200 799 2367 872 τέρας
2399 803 2636 871 ἡμέρας.

2342 891 2470 948 KA'.
2506 894 2808 966 ΖΑΧΑΡΙᾼ
2830 896 2950 949 ΚΑΙ
2981 897 3267 969 ΦΙΛΙΠΠῼ
3295 899 3639 956 ΑΔΕΛΦΟΙΣ.

2269 983 2374 1037 Τὸν
2408 983 2724 1055 θαυμαστὸν
2753 986 3044 1042 Ἰουλιανδν
3068 989 3164 1042 καὶ
3193 990 3369 1053 ἄλλως
3401 992 3501 1058 μὲν
3523 992 3754 1061 ἠγάπωνο

2205 1075 2391 1140 ἱκανὸς
2438 1076 2549 1148 γὰρ
2608 1078 2933 1145 ἐφέλκεσθαι
2991 1079 3192 1143 πόνους
3258 1082 3588 1153 εὐτυχοῦντα
3641 1087 3756 1157 πρὸς

2168 1206 2173 1219 .
2202 1164 2396 1218 πόθον⁶
2446 1164 2583 1219 πολὺ
2614 1165 2669 1218 δὲ
2703 1167 2905 1236 μᾶλλον
2928 1168 3106 1240 ἥσθην
3132 1170 3212 1223 ὅτι
3240 1188 3329 1240 μοι
3357 1172 3453 1226 καὶ
3482 1173 3611 1243 πρὸς
3641 1175 3757 1246 ὑμε·

508 1272 686 1317 ctatus
744 1277 863 1315 sum
914 1264 1058 1329 quod
1107 1279 1169 1315 ex
1221 1263 1421 1317 vestris
1456 1262 1654 1315 litteris
1688 1261 1818 1314 mihi
1861 1271 1982 1314 nata
2015 1267 2091 1321 est

2197 1256 2375 1325 τέρων
2406 1257 2754 1326 γραμμάτων
2795 1258 2985 1326 γέγονε
3025 1261 3322 1331 πρόφασις.
3362 1263 3567 1317 Τούτου
3596 1265 3695 1336 γὰρ
3719 1268 3761 1320 εί

507 1357 724 1410 occasio
757 1375 771 1410 :
801 1356 964 1409 istum
994 1356 1140 1409 enim
1175 1356 1217 1409 si
1259 1354 1756 1423 reprehendissem,
1793 1355 1857 1408 ad
1888 1354 2095 1426 Cinny--

510 1461 623 1499 ram
656 1460 781 1499 esse
805 1446 954 1499 visus
980 1460 1194 1500 essem:
1227 1445 1458 1514 postulat
1481 1456 1662 1499 autem
1695 1444 1911 1500 diliicile
1938 1446 2092 1501 nihil:

2199 1363 2327 1399 ποτε
2362 1347 2655 1418 λαϐοίμην,
2706 1349 2798 1401 ἐπὶ
2823 1350 2917 1404 τὸν
2955 1352 3231 1423 Κιννύραν
3257 1349 3404 1407 εἶναι
3432 1355 3571 1409 δοκῶ
3596 1372 3608 1386 ·
3639 1360 3759 1412 αἰτεῖ

2196 1438 2252 1491 δὲ
2304 1438 2566 1510 δυσχερὲς
2613 1440 2797 1493 οὐδέν·
2845 1441 2982 1495 ἀλλὰ
3026 1443 3103 1514 τῷ
3147 1463 3215 1515 με
3262 1446 3521 1518 παρεῖναι
3562 1455 3756 1504 κακείσε

507 1538 600 1588 sed
636 1536 761 1589 huic
806 1550 893 1590 me
927 1537 1120 1590 adesse
1162 1545 1217 1589 et
1250 1536 1361 1589 iilic
1398 1534 1605 1599 volens,
1639 1549 1737 1603 per
1776 1550 1872 1588 vos
1912 1545 2091 1605 sperat

2200 1529 2547 1600 βουλόμενος,
2597 1531 2664 1583 δι’
2705 1532 2860 1601 ὑμῶν
2897 1532 3107 1599 ἐλπίζει
3139 1537 3297 1590 τοῦτο
3332 1538 3606 1606 γενέσθαι,
3642 1543 3756 1614 ὅπερ

509 1626 639 1682 illud
667 1628 807 1690 lieri,
842 1628 984 1696 quod
1018 1638 1073 1682 et
1098 1642 1198 1697 ego
1228 1629 1452 1682 omnino
1484 1645 1498 1682 :
1531 1638 1586 1682 at
1617 1643 1718 1697 ego
1747 1627 1881 1681 nihil
1908 1635 2094 1696 utpote

2198 1626 2420 1687 πάντως
2457 1622 2617 1692 κάγώ
2641 1641 2655 1655 ·
2685 1625 2798 1694 ἐγὼ
2823 1625 2880 1679 δὲ
2917 1627 3069 1681 οὐδὲν
3099 1628 3165 1683 ἂν
3193 1631 3220 1683 ὃ
3249 1647 3303 1683 τι
3336 1631 3414 1702 μὴ
3458 1632 3640 1706 παρὼν
3662 1637 3757 1702 ἐγι-

508 1734 613 1773 non
638 1734 879 1788 praesens
908 1730 1149 1788 poterant
1179 1739 1197 1776 :
1241 1722 1419 1788 quoad
1452 1720 1919 1775 consistorianttm
1955 1721 2087 1790 quid

2195 1718 2400 1786 νόμην·
2441 1716 2503 1769 τὸ
2545 1715 2601 1769 δὲ
2648 1719 3044 1789 κονσιστόριον.
3070 1721 3099 1773 ὃ
3144 1738 3198 1775 τι
3243 1724 3343 1793 μέν
3391 1725 3539 1777 ἐστιν
3571 1727 3754 1794 ἀγνοῶ’

505 1813 576 1867 sit
630 1814 866 1884 ignoro:
908 1813 1210 1867 Romanum
1269 1814 1415 1868 enim
1468 1827 1566 1882 per
1624 1814 1809 1868 orbem
1865 1813 2094 1867 elfuudit

508 1920 683 1961 meam
737 1906 932 1959 famam
969 1925 982 1961 :
1015 1923 1112 1975 per
1152 1923 1246 1962 vos
1288 1917 1471 1961 atttem
1503 1915 1559 1962 et
1590 1921 1784 1960 nomen
1818 1907 1949 1960 mihi
1980 1905 2092 1974 pla-

506 2007 614 2057 t-et,
644 2006 700 2049 et
729 1996 968 2049 divinum
1010 2009 1139 2050 vere
1185 1997 1358 2063 ipsum
1400 1995 1590 2050 vellem
1623 2010 1783 2051 esse:
1819 2006 1875 2049 et
1898 2011 2094 2050 vereor

505 2086 945 2156 appellationem,
973 2087 1128 2155 cujus
1157 2086 1391 2142 olIicium
1415 2098 1499 2142 est
1539 2089 1676 2142 mihi
1705 2088 2041 2157 incognitum
2075 2106 2105 2169 ι⁸

505 2184 548 2231 si
586 2194 714 2234 vero
763 2190 816 2233 et
850 2190 1038 2234 evecta
1088 2179 1190 2233 fuit
1236 2180 1330 2233 tibi
1377 2180 1443 2234 ad
1478 2182 1654 2249 majus
1701 2178 1940 2244 fortuna,
1971 2194 2093 2248 per-

506 2286 663 2325 mane
713 2282 893 2324 ιιιιιιιιιι
943 2283 999 2326 ιιι
1033 2272 1228 2325 novisti
1281 2272 1332 2324 itt
1390 2272 1640 2340 pristinis
1695 2272 1976 2342 operibus,
2024 2288 2092 2325 ne

507 2364 812 2417 thrasonem
846 2364 1302 2419 consistorianum
1329 2375 1384 2418 te
1418 2364 1703 2433 appellem.

998 2479 1162 2534 XXV.
1196 2477 1591 2534 ZACllARIIE.

575 2595 783 2660 Patria,
828 2614 952 2652 eum
1016 2598 1124 2652 Deo
1162 2599 1328 2652 etiam
1377 2598 1452 2654 sit
1494 2598 1762 2662 additum,
1812 2596 2092 2653 benevolis

501 2691 635 2744 vidit
682 2706 779 2743 nos
811 2690 1028 2745 oculis:
1064 2692 1269 2745 amicos
1307 2691 1451 2744 enim
1492 2690 1905 2760 obtulitquales
1929 2703 2089 2760 Opta-

504 2789 624 2837 bam
656 2784 839 2838 videre
874 2802 889 2839 :
926 2784 1075 2838 brevi
1100 2792 1279 2837 autem
1306 2783 1611 2852 interrupta
1646 2783 1859 2837 theatra
1896 2784 1962 2837 ad
2002 2796 2092 2838 me

501 2875 764 2942 routpulit
827 2883 882 2927 et
932 2874 1153 2942 plausus
1205 2873 1560 2928 concitabat:
1611 2883 1666 2929 et
1723 2889 1807 2927 me
1843 2875 2089 2942 quaedam

505 2968 642 3019 fama
691 2966 1028 3032 pra'venietts
1065 2981 1160 3033 pt-r
1202 2965 1384 3018 omnia
1437 2965 1750 3020 celebrabat
1777 2981 1893 3026 ora,
1932 2965 2003 3018 ita
2034 2974 2092 3018 ιιι

2211 1804 2505 1876 Ῥωμαῖκῷ
2530 1804 2641 1877 γὰρ
2675 1808 2867 1879 κόσμῳ
2917 1809 3250 1881 προσϐάλλει
3286 1811 3388 1881 τὴν
3418 1812 3556 1881 ἐμὴν
3572 1815 3753 1883 ἀκοήν·

2193 1896 2262 1950 δι’
2296 1896 2442 1966 ὑμᾶς
2465 1897 2523 1949 δὲ
2555 1899 2649 1951 καὶ
2680 1897 2919 1969 τοῦνομα
2948 1899 3109 1969 φιλῶ,
3143 1903 3238 1954 καὶ
3270 1901 3417 1955 θεῖον
3456 1902 3620 1966 ὅντως
3643 1904 3755 1958 αὐτὸ

2196 1986 2493 2060 βουλοίμην
2528 1989 2798 2061 ὑπάρχειν
2826 2006 2840 2020 ·
2889 1993 2984 2045 καὶ
3013 1993 3158 2063 τιμῶ
3188 1996 3581 2067 προσηγορίαν,
3607 1991 3669 2067 ἧς
3706 1996 3756 2047 τὸ

2193 2079 2356 2149 ἔργον
2398 2079 2668 2150 ἠγνόησα.
2700 2082 2763 2134 El
2789 2081 2847 2134 δὲ
2875 2083 2969 2135 καὶ
2998 2083 3404 2153 μεταϐέϐληται
3438 2103 3519 2139 σοι
3557 2087 3681 2157 πρὶς
3706 2088 3756 2139 τδ

2197 2169 2384 2239 μεῖζον
2427 2173 2461 2242 ἡ
2518 2171 2677 2242 τύχη.
2723 2172 2861 2226 ἀλλὰ
2906 2174 3036 2243 μένε
3075 2175 3213 2248 ὅπερ
3270 2173 3433 2231 οἶσθα
3464 2177 3622 2231 πάλαι
3661 2180 3757 2241 τοῖς

2201 2260 2411 2332 ἔργοις,
2459 2261 2547 2316 ἵνα
2604 2265 2680 2335 μή
2753 2282 2813 2318 σε
2878 2264 3116 2331 ἀλαζόνα
3170 2268 3609 2336 κονσιστοριανδν
3654 2268 3756 2322 ὀνο·

2198 2354 2375 2424 μάσω.

2688 2498 2699 2511 .
2751 2469 2880 2524 KE'.
2907 2471 3234 2544 ΖΛΧΑΡΙᾼ.

2275 2583 2339 2640 Ἠ
2370 2587 2591 2657 πατρὶς,
2640 2587 2738 2642 σὺν
2768 2586 2888 2659 Θεῷ
2911 2588 2969 2642 δὲ
3003 2589 3265 2660 εἰρήσθω,
3330 2588 3617 2660 εὐμενέσιν
3634 2583 3754 2643 εἶδεν

2192 2682 2340 2752 ἡμᾶς
2370 2681 2700 2753 ὀφθαλμοῖς·
2728 2684 2857 2745 τοὺς
2906 2684 3016 2755 γὰρ
3046 2685 3397 2755 ἐπιτηδείους
3439 2686 3755 2756 παρέστησεν

2192 2775 2415 2840 ὁποίους
2442 2775 2695 2847 ηὐχόμην
2734 2775 2881 2829 ἰδεῖν
2911 2776 3086 2848 βραχὺ
3116 2776 3174 2831 δὲ
3203 2776 3534 2832 διαλιποῦσα
3574 2777 3757 2850 θέατρά

2195 2887 2285 2940 μοι
2317 2870 2519 2940 συνῆγε
2544 2869 2639 2923 καὶ
2662 2868 2889 2939 κρότους
2919 2870 3089 2923 ἐκίνει
3115 2887 3128 2901 ·
3163 2871 3257 2924 καί
3296 2871 3368 2940 μέ
3392 2888 3478 2935 τις
3511 2873 3658 2942 φήμη
3674 2870 3755 2924 λα-

2191 2961 2363 3015 ϐοῦσα
2410 2960 2497 3015 διὰ
2554 2962 2771 3015 πάντων
2832 2957 2928 3036 ᾖδε
2981 2962 3298 3032 στομάτων,
3357 2962 3413 3017 εἴ
3460 2963 3512 3016 τί
3536 2980 3634 3016 που
3675 2964 3756 3016 καὶ

500 3060 933 3125 etjuveueseere
969 3059 1157 3112 videar
1187 3076 1200 3112 :
1237 3068 1291 3112 et
1316 3075 1469 3113 mens
1506 3058 1742 3112 exaltata
1781 3071 1859 3112 est
1889 3058 2086 3127 plausi-

2195 3054 2566 3109 νεανιεύεσθαι
2623 3054 2767 3108 δοκῶ
2792 3072 2805 3085 ·
2856 3056 2952 3109 καὶ
2985 3056 3078 3110 τὸν
3111 3056 3237 3109 νοῦν
3268 3056 3490 3127 ἐπήρθη
3517 3060 3624 3120 τοῖς
3654 3060 3756 3127 κρόο

504 3154 624 3216 ιειις,
663 3162 716 3205 et
743 3152 1104 3221 sophisticwn
1159 3153 1362 3221 aliquid
1408 3152 1528 3206 sine
1555 3162 1676 3207 arte
1709 3151 2000 3215 habebam,
2032 3160 2089 3204 ut

503 3246 616 3308 ipse
652 3244 904 3298 diceres:
952 3255 1005 3296 tu
1041 3245 1263 3313 quidem
1316 3243 1482 3314 igitur
1524 3243 1782 3298 eavillare
1838 3244 2037 3299 similia
2074 3263 2087 3299 :

502 3353 601 3399 rgo
633 3346 811 3387 autem
846 3352 950 3389 non
991 3335 1233 3388 tolerabo
1263 3349 1366 3388 non
1413 3334 1592 3389 clarus
1624 3350 1767 3399 esse,
1804 3345 1852 3388 et
1890 3333 2089 3388 fastum

503 3424 953 3491 strperextollere,
998 3434 1052 3478 et
1104 3424 1295 3493 legem.
1333 3426 1468 3480 artis
1517 3440 1648 3479 meae
1706 3427 1907 3493 sequi:
1971 3440 2091 3493 qua:

504 3519 721 3585 quidem
750 3518 913 3586 igitur
943 3518 1073 3571 tttihi
1112 3516 1412 3586 perjouum
1443 3517 1585 3570 dicta
1630 3515 1765 3578 sint,
1810 3527 1867 3568 ιιι
1898 3515 2003 3579 tibi
2033 3524 2090 3569 et

501 3611 790 3665 (arillandi
849 3620 906 3665 ut
952 3626 1069 3665 mos
1131 3618 1234 3671 est.
1310 3610 1592 3663 materiam
1665 3610 1986 3678 prielteatn:
2038 3617 2091 3662 te

500 3708 643 3757 enim
692 3704 850 3774 juvat
889 3719 973 3757 me
1020 3703 1283 3768 cavillari,
1330 3703 1456 3756 illud
1503 3703 1639 3756 habe
1684 3714 1895 3766 notum,
1929 3702 2088 3767 alios,

502 3796 688 3850 multis
721 3796 969 3850 laudibus
993 3794 1291 3851 cumulare.

875 3907 1066 3964 XXVI.
1096 3908 1412 3964 PHILIPPO
1447 3908 1726 3965 FRATRI.

573 4024 715 4084 licce
769 4025 862 4078 tibi
913 4034 967 4078 et
1029 4024 1223 4078 iterum
1267 4024 1402 4079 alias
1446 4026 1600 4079 mitto
1655 4025 1899 4093 litteras;
1960 4027 2092 4098 quid

505 4134 698 4190 passus
739 4118 946 4180 nescio,
985 4117 1179 4169 iterum
1215 4117 1388 4172 siles:
1418 4117 1462 4172 si
1485 4118 1629 4171 enim
1655 4118 1825 4188 quieti
1860 4134 1965 4174 non
1994 4134 2093 4174 va-

504 4225 632 4265 care
671 4209 832 4272 dicis,
887 4209 979 4262 sed
1027 4208 1122 4263 tibi
1176 4208 1488 4263 omnimode
1537 4224 1628 4263 ars
1658 4208 1869 4264 lucrum
1908 4208 2089 4275 all'ert,

464 4366 467 4369 δ
504 4301 701 4357 mirum
745 4303 961 4371 quidem
992 4302 1190 4371 Opinor
1219 4301 1363 4371 quod
1398 4317 1467 4356 ne
1505 4302 1654 4357 brevi
1691 4304 1911 4371 quidem
1948 4310 2086 4358 tem-

2195 3164 2330 3209 τοις,
2382 3148 2476 3199 καὶ
2502 3145 2564 3199 τὸ
2596 3148 2911 3217 σοφιστικὸν
2938 3148 3183 3218 ἀτεχνῶς
3222 3148 3391 3219 ἔχειν,
3427 3150 3502 3213 ὡς
3530 3150 3593 3205 ἂν
3616 3150 3756 3212 αὐτὸς

2194 3239 2414 3300 εῖποιςυ
2447 3238 2511 3291 σὺ
2555 3238 2653 3308 μὲν
2717 3234 2813 3292 οὖν
2860 3238 3081 3292 σκῶπτε
3134 3240 3403 3296 τοιαῦτα·
3451 3240 3560 3310 ἐγὼ
3599 3240 3757 3294 δὲοὺκ

2194 3328 2456 3400 ἀνέξομαι
2490 3329 2565 3402 μὴ
2591 3330 2652 3384 οὐ
2683 3330 2935 3403 λαμπρὸς
2995 3327 3159 3397 εἶναι,
3193 3333 3290 3388 καὶ
3339 3335 3440 3405 τὴν
3466 3334 3631 3404 ὀφρὺν
3663 3330 3757 3386 ἂνω

2196 3421 2410 3490 φέρειν,
2473 3419 2680 3491 καὶτῷ
2735 3422 2839 3491 τῆς
2884 3425 3025 3493 ἐμῆς
3073 3423 3274 3495 τέχνης
3333 3425 3561 3479 ἔπεσθαι
3608 3424 3756 3493 νόμῳ.

2195 3513 2383 3569 Ταῦτα
2429 3515 2530 3585 μὲν
2584 3511 2678 3570 οὖν
2727 3533 2819 3586 μοι
2877 3517 3185 3588 πεπαίχθω,
3210 3518 3289 3580 ὼς
3314 3520 3382 3574 ἄν
3418 3536 3501 3571 σοι
3545 3518 3635 3571 καὶ
3677 3515 3756 3570 τοῦ

2196 3604 2472 3660 σκώπτειν
2517 3607 2765 3676 συνήθως
2808 3605 2944 3677 ὓλην
2973 3609 3246 3680 παράσχω
3269 3623 3284 3638 ·
3326 3610 3633 3680 εὐφραίνεις
3665 3608 3758 3675 γάρ

2196 3715 2267 3769 με
2292 3696 2583 3767 σκώπτων,
2616 3695 2678 3754 εὖ
2720 3698 2852 3765 ῐσθι,
2877 3700 2911 3772 ἦ
2937 3700 3157 3766 πολλοῖς
3211 3703 3462 3767 ἐπαίνοις
3497 3701 3754 3773 βάλλοντες

2195 3792 2394 3863 ἕτεροι.

2602 3908 3068 3983 Κφ.Φ1ΛΙΠΠῼ
3107 3912 3395 3985 ΑΔΕΛΦῼ.

2280 4026 2413 4082 ’ἰδού
2470 4045 2553 4081 σοι
2599 4029 2695 4082 καὶ
2747 4027 2911 4081 πάλιν
2941 4028 3104 4099 ἕτερα
3130 4028 3443 4099 γράμματα
3472 4045 3482 4055 ·
3514 4025 3562 4078 τί
3590 4019 3752 4078 παθὼν

2194 4121 2296 4174 οὐκ
2327 4115 2468 4182 οἴδα,
2502 4119 2666 4173 πάλιν
2699 4120 2860 4190 σιγᾷς
2880 4136 2893 4149 ·
2922 4119 2974 4171 εί
3004 4118 3104 4186 μὲν
3134 4117 3240 4187 γὰρ
3277 4116 3473 4189 σχολὴν
3504 4116 3598 4169 οὐκ
3621 4114 3752 4179 ἄγειν

2194 4213 2365 4280 ἐρεῖς,
2393 4208 2534 4263 ἀλλά
2579 4226 2661 4263 σοι
2689 4210 2775 4263 διὰ
2812 4211 3014 4274 παντὸς
3039 4212 3072 4281 ή
3102 4210 3269 4279 τέχνη
3315 4210 3471 4281 φέρει
3496 4226 3546 4261 τι
3572 4203 3748 4275 κέρδος.

2194 4302 2367 4357 δεινὸν
2394 4302 2514 4375 μὲν,
2549 4298 2728 4372 οἶμαι,
2784 4301 2979 4367 δεινὸν,
3013 4305 3061 4355 εί
3098 4303 3232 4372 μηδὲ
3268 4302 3445 4373 βραχὺ
3467 4301 3558 4354 τοῦ
3580 4297 3751 4359 παντὶς

501 4410 635 4462 pore
665 4411 762 4464 per
792 4404 962 4448 totum
1006 4410 1205 4448 annum
1259 4395 1415 4450 nobis
1456 4396 1798 4466 temetipsum
1848 4397 2090 4464 praebue-

2198 4396 2353 4460 ἔτους
2409 4397 2540 4466 ἡμῖν
2603 4396 2868 4467 παρέχεις
2897 4395 3124 4448 σεαυτόν
3151 4411 3163 4423 ·
3202 4394 3321 4448 ἀλλ’
3362 4391 3454 4448 οὖν
3488 4384 3750 4460 συνήδομαι

504 4489 619 4544 ris:
652 4487 746 4543 sed
784 4489 1101 4556 congaudeo
1145 4495 1321 4542 teemn
1355 4488 1496 4554 quod
1544 4488 1596 4541 in
1639 4488 1872 4558 negotiis
1909 4504 2091 4545 verse-

504 4583 621 4636 ris:
662 4584 705 4633 si
751 4596 882 4634 vero
946 4590 1170 4647 propter
1220 4579 1457 4643 divitias,
1500 4581 1602 4634 nisi
1650 4591 1870 4649 propter
1917 4590 2089 4635 artem

500 4673 652 4733 siles,
707 4669 1058 4741 congratulor
1093 4669 1187 4723 tibi
1221 4687 1282 4724 ea
1316 4670 1385 4724 de
1416 4687 1473 4724 re
1506 4690 1518 4722 :
1577 4688 1682 4725 non
1738 4682 1918 4726 tamen
1974 4673 2090 4727 vel-

499 4766 602 4817 tum
664 4774 712 4816 te
772 4771 981 4815 tantum
1031 4761 1303 4817 ditescere
1332 4773 1387 4816 ut
1436 4746 1598 4833 supra
1643 4779 1742 4818 nos
1785 4764 2089 4829 extollaris,

500 4871 602 4907 nec
636 4854 865 4921 amplius
893 4853 1079 4910 videas
1120 4868 1215 4908 eos
1247 4854 1335 4921 qui
1369 4863 1527 4906 erant
1567 4854 1694 4908 olim
1728 4855 2040 4910 amicissimi
2074 4873 2088 4909 :

500 4953 556 4999 et
592 4957 741 5001 certe
772 4947 1101 5001 inhiavimus
1134 4955 1236 5000 ate
1274 4946 1483 5000 litteras
1516 4965 1528 5000 :
1572 4957 1625 5002 et
1659 4949 1724 5003 ad
1754 4948 1903 5003 mare
1932 4964 2091 5018 pros-

501 5039 754 5108 picimus,
811 5055 915 5092 non
973 5026 1154 5094 minus
1190 5054 1255 5092 ac
1299 5037 1493 5094 Pltilis.
1541 5040 1967 5110 Demophontem
2004 5058 2093 5097 vo-

503 5145 634 5183 cans
664 5126 922 5195 iniustum
955 5139 1011 5183 et
1049 5128 1222 5182 amori
1255 5128 1682 5197 eorreSpondere
1718 5130 2089 5184 neseientem:

502 5237 623 5273 eum
661 5221 752 5275 ille
785 5235 1016 5289 sponsus
1050 5232 1193 5275 esset
1230 5232 1477 5276 t-eceuter
1519 5233 1570 5278 et
1603 5222 1815 5278 Pliillidi
1849 5240 2088 5280 amorem

504 5326 748 5383 augeret,
785 5312 920 5366 abiit
951 5314 1246 5369 thalamum
1273 5315 1563 5382 nuptialem
1598 5315 1911 5385 relinquens
1938 5333 1950 5370 :
1989 5316 2088 5371 ista

472 5396 918 5489 itamen‘itidem
970 5410 1204 5479 augebat
1246 5424 1339 5463 sua
1386 5410 1500 5464 vice
1528 5425 1651 5479 spes
1694 5411 1982 5479 praebens:
2033 5421 2090 5466 ιιι

505 5508 684 5553 autem
738 5498 904 5568 igitur
944 5499 1094 5553 vices
1151 5502 1395 5569 rependit
1448 5513 1501 5556 et
1546 5503 1699 5567 abiit,
1750 5503 1837 5557 ille
1871 5504 2086 5573 quidem

504 5590 686 5643 statim
737 5589 1007 5652 clamavit,
1065 5600 1119 5645 et
1165 5590 1390 5644 I’ltillitla
1443 5608 1537 5647 Stta
1595 5595 1714 5650 vice
1762 5610 1866 5648 non
1903 5594 2083 5651 vidit:

503 5677 671 5740 l‘izilis
710 5692 886 5737 autem
919 5684 985 5739 ad
1025 5694 1171 5741 mare
1211 5700 1360 5740 versa
1405 5684 1583 5753 ﬂebat,
1613 5699 1665 5743 et
1700 5702 1864 5745 nates
1904 5706 2086 5746 nume-

2198 4488 2260 4554 γέ
2288 4502 2370 4539 σοι
2401 4486 2500 4555 τῆς
2554 4486 2832 4557 ἀσχολίας.
2870 4487 2933 4539 El
2965 4487 3021 4540 δὲ
3049 4486 3320 4549 πλουτῶν,
3347 4487 3519 4548 ἄλλως
3545 4481 3644 4536 ἀπὸ
3669 4480 3749 4546 τῆς

2194 4580 2391 4650 τέχνης
2432 4581 2612 4649 σιγᾷς,
2646 4580 2935 4650 συγχαίρω·
2959 4582 3057 4647 μέν
3092 4598 3176 4633 σοι
3200 4581 3295 4633 καὶ
3321 4580 3506 4634 τούτου
3531 4598 3541 4608 η
3569 4577 3625 4629 οὐ
3661 4571 3749 4641 μὴν

2196 4672 2498 4743 ἐϐουλόμην
2518 4689 2578 4725 σε
2613 4672 2868 4725 τοσοῦτον
2893 4671 3146 4726 πλουτεῖν
3167 4671 3242 4736 ὡς
3264 4673 3389 4726 καθ’
3424 4669 3572 4742 ἡμῶν
3597 4664 3747 4735 ἐπῆρ-

2196 4764 2311 4828 θαι,
2353 4765 2446 4820 καὶ
2483 4763 2677 4834 μηκέτ’
2713 4762 2913 4816 εἰδέναι
2949 4766 3074 4825 τοὺς
3096 4765 3264 4819 πάλαι
3301 4764 3614 4833 φιλτάτονς’
3646 4753 3744 4809 καί·

2194 4873 2275 4909 τοι
2328 4854 2642 4925 κεχήναμέν
2671 4853 2735 4921 γέ
2763 4871 2856 4907 σου
2884 4856 2995 4916 τοῖς
3044 4855 3372 4925 γράμμασι·
3399 4853 3490 4906 καὶ
3519 4849 3639 4920 πρὸς
3663 4845 3745 4912 τὴν

2195 4945 2468 5001 θάλατταν
2494 4947 2731 5017 ὁρῶμεν,
2764 4947 2863 5017 οὐχ
2897 4942 3059 5020 ἦττον
3084 4945 3115 5017 ἢ
3138 4946 3330 5012 Φυλλὶς
3363 4946 3454 4999 τὸν
3481 4937 3744 5014 Δημοφῶν-

2192 5056 2262 5092 τα
2287 5038 2530 5093 καλοῦσα
2550 5040 2642 5091 τὸν
2675 5039 2858 5092 ἄδικον
2895 5042 3102 5093 ἐκεῖνον
3142 5039 3239 5092 καὶ
3293 5039 3521 5109 ἀντερᾷν
3571 5033 3659 5087 οὐκ
3684 5031 3744 5081 εί-

2193 5133 2321 5186 δςῦτα
2347 5152 2360 5162 ·
2397 5130 2455 5196 ὃς
2484 5131 2674 5202 ἐπειδὴ
2716 5131 2951 5203 νυμφίος
2988 5127 3056 5203 ἦν
3105 5131 3310 5203 ἀρτίως
3358 5128 3452 5185 καὶ
3509 5124 3648 5197 ηὔξει
3688 5121 3742 5186 τῇ

2194 5226 2409 5279 Φυλλίδι
2441 5225 2531 5278 τὸν
2580 5224 2778 5297 ἔρωτα,
2802 5224 2985 5297 ᾣχητο
3006 5226 3106 5295 τὴν
3138 5225 3384 5279 παστάδα
3415 5214 3736 5276 καταλιπών³

2191 5315 2226 5390 ἦ
2250 5319 2354 5390 μὴν
2388 5319 2462 5382 ὡς
2484 5319 2607 5389 ἥξει
2642 5319 2805 5372 πάλιν
2828 5318 3048 5382 ἐλπίδας
3072 5317 3249 5388 διδςοὺς
3270 5335 3283 5348 ·
3312 5317 3386 5381 ὡς
3415 5315 3458 5370 δ’
3487 5306 3572 5365 οὖν
3603 5304 3738 5376 ἁμεί’

2197 5413 2303 5483 φθη
2349 5413 2444 5465 καὶ
2475 5410 2681 5482 ᾤκητο,
2715 5412 2744 5463 ὁ
2789 5411 2889 5481 μὲν
2914 5411 3077 5474 εὐθὺς
3138 5410 3462 5481 μετεεοήθη,
3525 5402 3608 5457 καὶ
3653 5396 3734 5466 τὴν

2193 5501 2424 5555 Φυλλίδα
2459 5503 2620 5555 πάλιν
2644 5502 2745 5554 οὐκ
2775 5496 2914 5555 εἶδεν
2933 5519 2945 5533 ·
2975 5504 3008 5574 ἡ
3046 5502 3104 5555 δὲ
3135 5503 3272 5572 πρὶς
3328 5501 3587 5555 θάλατταν
3630 5488 3729 5541 ἓ.δά-

2194 5613 2349 5663 κρυε,
2387 5596 2481 5648 καὶ
2524 5595 2623 5659 τὰς
2670 5595 2900 5657 ὁλκάδας
2943 5595 3167 5665 ἠρίθμει
3197 5596 3273 5666 μή
3305 5594 3431 5647 ποτέ
3480 5607 3557 5651 τις
3580 5578 3729 5641 αὐτῶν

2195 5688 2282 5741 τὸν
2323 5688 2663 5759 Δημοφῶντα
2699 5688 2995 5760 κομίζοιτο.
3027 5688 3193 5745 Ἀλλὰ
3232 5688 3335 5760 γὰρ
3359 5686 3415 5741 “to
3449 5680 3559 5738 καθ’
3586 5672 3727 5750 illi“:
