3978 6418
292 331 427 405 2711

1732 336 2117 398 EPISTOLIE
2128 386 2139 398 .

3429 294 3571 397 274.2

290 438 472 513 οἶμαι.
505 440 811 514 δεινότερόν
874 443 1024 497 ἐστιν
1048 458 1062 473 ⁸
1105 445 1135 499 ό
1155 446 1257 514 μὲν
1307 444 1416 517 γὰρ
1464 446 1566 500 οὐκ
1594 447 1785 518 ἤθελεν
1806 448 1884 500 ἔτι

2009 453 2147 506 'nhat
2177 464 2243 505 nc
2277 464 2382 520 qua
2418 464 2482 504 ex
2516 450 2643 520 ipsis
2683 448 3112 517 Demophontem
3144 447 3523 502 transveheret
3555 481 3565 492 -

296 535 576 604 παρεῖναι,
612 533 679 588 σὺ
701 532 761 586 δὲ
787 534 849 587 οὐ
880 535 1098 607 μακρὰν
1120 535 1278 590 ἀπὼν
1310 537 1669 591 ἐπιστέλλειν.

774 801 907 858 ΚΖ’.
942 802 1410 877 ΚΩΝΣΤΑΝΉῼ.

373 896 496 950 Ἔτι
528 900 681 969 παρὰ
726 899 820 952 τὸν
853 897 1047 952 Νεῖλον
1068 900 1235 953 οἰκῶν
1283 901 1383 971 τὴν
1443 900 1617 972 καλὴν
1660 900 1883 971 ἐκείνην

295 990 589 1056 ἐπιστολὴν
618 989 922 1061 ἐδεξάμην
984 987 1098 1045 οἷον
1127 992 1186 1045 δὲ
1217 993 1349 1064 περὶ
1393 991 1602 1061 ταύτης
1655 991 1884 1061 συνέὄη,

297 1082 362 1134 ού
390 1081 575 1146 καλῶς
600 1082 671 1137 ἂν
708 1082 826 1152 ἔχοι
855 1086 984 1156 σιγῇ
1019 1085 1337 1155 παρελθεῖν.
1374 1084 1463 1148 Ὦς
1493 1086 1604 1156 γὰρ
1648 1085 1892 1139 ἐπέδωκέ

300 1192 399 1243 μοι
452 1175 660 1247 ταύτην
688 1177 720 1230 ό
748 1175 955 1248 φέρων,
998 1179 1094 1231 καὶ
1127 1178 1443 1249 προσετίθει
1476 1178 1533 1232 δέ
1556 1179 1652 1233 καῖ
1703 1179 1891 1241 πόθεν,

298 1268 499 1338 πάσχω
522 1286 574 1322 τι
601 1268 772 1333 πάθος
799 1270 1073 1341 ἐρώντων.
1119 1271 1305 1341 Βραχὺ
1331 1271 1442 1343 γὰρ
1467 1271 1884 1342 ἀποπλανηθεὶς

296 1357 407 1414 ποῦ’
429 1361 658 1424 εεκότος,
676 1362 779 1431 ἤδη
798 1379 857 1415 σε
883 1363 980 1415 καὶ
996 1362 1254 1434 παρεῖναί
1281 1381 1373 1434 μοι
1399 1364 1615 1425 πάντως
1642 1363 1889 1416 ἐδόκουν*

297 1452 399 1504 καὶ
420 1452 626 1519 τοίνυν,
651 1447 700 1511 ὦ
727 1453 952 1522 φίλτατε
974 1454 1216 1525 βροτῶν,
1266 1453 1409 1526 ἔφην
1435 1453 1511 1518 ὡς
1548 1454 1707 1506 ἀπὼν
1752 1454 1896 1522 ἄγαν

300 1544 528 1609 ἐλύπεις
546 1562 567 1580 ο
599 1548 696 1602 καὶ
722 1538 819 1599 νῦῦ
843 1546 1103 1602 ποθοῦσιν
1135 1547 1348 1616 ἀφῖξαι.
1397 1548 1485 1610 Ὠς
1500 1549 1569 1601 τὰ
1587 1547 1643 1600 δὲ
1669 1546 1896 1601 τοιαῦτα

302 1637 571 1702 πολλάκις
627 1633 804 1705 εἶπον,
868 1642 983 1704 τοῖς
1035 1640 1309 1712 παροῦσιν
1355 1640 1594 1711 ὑποψίαν
1637 1640 1896 1713 παρέχων

297 1729 402 1783 τοῦ
425 1731 752 1802 πράγματος
774 1749 792 1765 θ
828 1735 937 1788 Καὶ
958 1733 1023 1803 δὴ
1050 1734 1105 1787 τί
1122 1734 1374 1804 πάσχεις,
1405 1731 1652 1802 genam);
1689 1732 1750 1785 οὐ
1783 1732 1895 1804 γὰρ

298 1821 369 1890 δή
389 1837 474 1875 σοι
511 1823 609 1877 καὶ
648 1823 841 1894 παρὼν
868 1826 1074 1887 ἐκεῖνος
1136 1825 1397 1894 τυγχάνει
1420 1842 1433 1855 ·
1464 1827 1545 1887 εἰς
1583 1824 1641 1877 δὲ
1672 1825 1896 1896 μνήμην

298 1912 479 1967 ἐλθὼν
527 1914 769 1984 ἐμαυτοῦ
805 1916 1056 1988 ἠνιάθην,
1117 1911 1204 1970 οἶα
1243 1917 1306 1986 δή
1343 1934 1429 1978 τις
1470 1915 1741 1969 ἐκπεσὼιί
1787 1915 1891 1982 τῆς

298 2006 565 2075 τοιαύτης
590 2006 828 2074 ἐλπίδος,
862 2010 959 2061 καὶ
988 2007 1166 2079 βραχὺ
1195 2008 1478 2079 δακρύσας
1508 2008 1684 2073 ἔγνων
1712 2008 1899 2061 ὁποῖον

298 2098 447 2169 ερως
481 2098 676 2170 ἰσχύει,
714 2100 813 2153 καὶ
837 2100 921 2153 ὅτι
946 2099 1124 2169 πλάνη
1178 2117 1262 2161 τις
1293 2094 1369 2169 ἦν
1422 2096 1900 2169 παραμυθουμένη

298 2188 400 2241 τὸν
452 2187 714 2258 λογισμόν
738 2206 754 2222 ’
785 2191 865 2253 ὡς
891 2190 949 2244 δὲ
976 2190 1079 2259 τὴν
1104 2189 1404 2259 ἐπιστολὴν
1448 2189 1726 2253 ἀναλύσας
1747 2188 1907 2242 ἐσκό-

299 2297 465 2345 πουν,
488 2280 671 2353 ἥσθην
711 2283 968 2337 τοσοῦτον
1003 2284 1080 2347 ὡς
1128 2284 1220 2337 ὅτε
1276 2283 1372 2336 τοῦ
1435 2283 1707 2354 παρόντος
1761 2281 1906 2336 ἐκὼν

298 2375 648 2446 ἀφιστάμην,
673 2375 749 2447 μὴ
768 2376 864 2430 καὶ
895 2377 1062 2430 πάλιν
1089 2377 1358 2441 πολλάκις
1386 2375 1579 2443 εἰπὼν,
1614 2375 1707 2430 καὶ
1727 2378 1757 2430 ό
1784 2375 1898 2432 τῶν

303 2466 618 2535 μελλόντων
643 2478 709 2537 με
740 2467 1040 2536 κατ-ἔπειγε
1083 2468 1272 2531 πόθος.

542 2644 680 2701 κη’.
708 2648 990 2719 ΟΥΛΠῙῼ.
1039 2645 1240 2721 [Band.
1284 2648 1649 2720 ΟΛΥΜΠΙῼ.]

381 2735 489 2789 Τὸν
542 2736 863 2808 θαυμαστὸν
912 2740 1257 2810 Στρατήγιον
1314 2738 1411 2792 καὶ
1465 2739 1735 2811 πρότερον
1799 2738 1905 2810 ἢδη

301 2828 505 2899 φιλῶν,
534 2831 629 2884 νῦν
651 2831 735 2885 ἐτι
763 2833 859 2886 καὶ
896 2832 1100 2901 μᾶλλον
1144 2832 1437 2903 ἠγάπησα,
1471 2833 1607 2885 διότι
1629 2830 1742 2885 τῶν
1764 2832 1906 2903 πρὸς

303 2921 575 2992 ἀλλήλους
603 2925 741 2991 ἡμῖν
777 2925 1129 2993 γραμμάτων
1178 2923 1424 2993 ὑπῆρξεν
1472 2923 1730 2987 ὑπόθεσις
1755 2939 1771 2954 ·
1800 2922 1904 2992 τὴν

304 3011 427 3080 γὰρ
485 3012 767 3082 προτέραν
816 3014 1032 3081 σιωπὴν
1090 3013 1463 3084 μεταστήσας,
1496 3012 1734 3066 δέδωκεν
1760 3013 1893 3082 ἡμῖν

1989 544 2083 598 sed
2117 544 2261 613 quod
2297 543 2440 598 inter
2471 557 2591 604 nos,
2622 542 2837 611 opinor,
2869 556 2977 594 non
3020 538 3198 593 minus
3228 540 3421 592 mirum
3448 547 3571 593 est:

1989 650 2130 691 unus
2160 636 2304 688 enim
2335 651 2442 690 non
2473 635 2688 689 volebat
2733 634 2915 688 adhuc
2950 632 3190 702 prodire,
3223 640 3282 685 tu
3306 645 3437 686 vero
3467 647 3574 686 non

1990 727 2208 782 mittere
2235 726 2423 797 procul
2452 728 2649 781 absens
2681 726 2913 780 litteras.

2406 817 2619 873 XXVII.
2649 814 3156 872 CONSTANTINO.

2063 910 2252 964 Adhuc
2299 912 2441 979 apud
2470 909 2650 964 Nilum
2688 908 2945 964 habitans
2974 908 3229 977 pulchras
3265 907 3363 962 has
3394 908 3578 975 accepi

1995 1003 2240 1058 litteras:
2273 1003 2418 1072 quod
2451 1011 2631 1056 autent
2668 1004 2735 1056 de
2771 1000 2877 1056 illis
2921 1001 3143 1063 accidit,
3186 1014 3291 1053 non
3330 1000 3465 1055 bene
3496 1015 3582 1054 es-

1994 1105 2078 1151 set
2106 1096 2328 1150 silentio
2366 1096 2648 1165 prmtcrire
2683 1113 2697 1148 :
2740 1104 2796 1149 ut
2835 1093 2982 1148 enim
3018 1092 3150 1147 mihi
3198 1093 3417 1147 tradidit
3461 1091 3583 1145 illas

1994 1188 2085 1258 qui
2129 1187 2361 1253 ferebat,
2403 1196 2459 1241 et
2506 1185 2716 1241 addidit
2761 1186 2905 1240 unde
2938 1194 3144 1246 essent,
3172 1184 3450 1238 mesnhiit
3486 1182 3585 1236 ali-

1996 1280 2121 1348 quis
2150 1279 2450 1332 amantium
2502 1276 2730 1332 aﬂ‘ectus
2761 1296 2776 1331 :
2816 1277 3001 1331 subito
3046 1276 3192 1331 enim
3226 1284 3424 1344 praner
3461 1288 3583 1328 mo-

1997 1369 2127 1424 dum
2177 1370 2461 1434 aberrans,
2511 1367 2621 1437 iam
2655 1377 2707 1422 te
2733 1377 2790 1423 et
2822 1368 3015 1423 adesse
3047 1368 3178 1421 mihi
3226 1367 3448 1422 omnino
3487 1380 3586 1434 pn-

2000 1459 2181 1513 tabam
2219 1469 2321 1513 :et
2368 1459 2510 1524 ideo,
2545 1474 2579 1512 ο
2625 1457 2951 1511 charissime
2998 1455 3330 1518 mortalium,
3374 1455 3587 1523 inquie-

1998 1551 2120 1605 batn
2153 1564 2315 1619 quam
2370 1550 2568 1604 absens
2600 1548 2820 1602 nimiam
2850 1547 3126 1602 inferebas
3171 1545 3484 1600 tristitiam!
3531 1557 3587 1599 et

2000 1661 2142 1700 nunc
2170 1645 2236 1699 ad
2266 1654 2323 1700 te
2350 1645 2724 1698 desiderantes
2761 1641 2960 1696 venisti
2993 1659 3008 1696 :
3043 1640 3118 1695 ita
3145 1650 3201 1694 et
3225 1640 3421 1695 similia
3446 1653 3589 1706 saepe

2000 1737 2290 1803 iterabant,
2339 1735 2703 1806 praesentibus
2749 1734 2825 1789 rei
2873 1734 3241 1803 suspicionem
3294 1733 3584 1801 praebens:

1998 1830 2130 1900 quid
2168 1828 2337 1898 igitur
2369 1826 2597 1895 pateris,
2640 1827 2896 1880 dicebant
2926 1824 2949 1878 Ἰ
2984 1839 3091 1879 non
3137 1824 3282 1878 enim
3313 1832 3461 1876 certe
3492 1820 3590 1874 tibi

2000 1930 2057 1977 et
2105 1934 2344 1989 praesens
2397 1919 2501 1974 iste
2541 1917 2780 1973 occurrit
2825 1935 2839 1971 :
2890 1923 3075 1971 mente
3143 1922 3324 1969 autem
3378 1922 3592 1981 recepta

2004 2020 2232 2067 mmstus
2271 2012 2415 2065 evasi
2468 2018 2727 2077 tanquam
2779 2007 2980 2078 aliquis
3010 2023 3041 2063 e
3092 2015 3239 2061 tanta
3274 2021 3371 2077 spe
3405 2006 3592 2059 detur-

2005 2104 2180 2169 batus,
2205 2112 2262 2158 et
2300 2103 2481 2158 subito
2506 2102 2837 2174 lacrymans,
2867 2101 3060 2171 agnovi
3108 2109 3313 2171 quanta
3345 2100 3393 2151 vi
3433 2097 3596 2168 pollet

2004 2211 2177 2261 amor,
2224 2206 2433 2251 etesse
2487 2195 2890 2251 aberrationem
2945 2194 3234 2264 quamdam
3292 2207 3396 2260 qna
3454 2191 3597 2245 ratio

2006 2287 2215 2343 levatur
2245 2305 2262 2342 :
2293 2302 2418 2343 cum
2467 2296 2649 2341 autem
2703 2285 2990 2353 epistolam
3038 2283 3253 2338 solvens
3280 2282 3595 2336 considera-

2004 2380 2151 2449 bam,
2199 2379 2500 2437 delectatus
2545 2394 2664 2436 sum
2706 2380 2930 2447 perinde
2962 2392 3026 2431 ac
3073 2377 3118 2431 si
3161 2391 3192 2432 ιι
3223 2383 3490 2446 praesente
3526 2374 3596 2426 li-

2004 2473 2139 2527 bens
2176 2473 2514 2535 recederem,
2545 2486 2705 2538 quem
2738 2480 2793 2524 et
2841 2470 3034 2523 itermn
3073 2484 3215 2537 saepe
3239 2482 3343 2520 non
3370 2466 3595 2520 fuissent

2006 2568 2301 2632 allocutus,
2336 2575 2393 2622 et
2424 2563 2595 2620 futuri
2627 2579 2714 2619 me
2747 2562 3066 2619 sollicitavit
3098 2560 3451 2617 desiderium.

2548 2654 2786 2712 XXVIII.
2822 2653 3046 2709 ULPIO.

2078 2750 2380 2807 Mirabilem
2430 2751 2752 2819 strateginm
2783 2756 2840 2803 et
2868 2758 3027 2801 antea
3052 2746 3162 2815 jam
3206 2759 3418 2807 amans,
3454 2758 3599 2797 nunc

2006 2854 2060 2900 et
2111 2844 2290 2899 adhuc
2333 2841 2507 2911 magis
2544 2839 2734 2910 diligo,
2795 2838 2921 2907 quia
2977 2837 3137 2892 nobis
3175 2835 3241 2889 ad
3281 2834 3518 2889 invicem
3563 2847 3593 2885 a

2008 2936 2207 2991 litteris
2233 2941 2422 2988 exorta
2448 2939 2534 2988 est
2565 2932 2785 2986 occasio
2819 2948 2833 2984 :
2873 2930 3108 3000 primum
3138 2926 3282 2981 enim
3313 2926 3597 2980 silentium

2008 3029 2339 3097 abrumpens
2401 3025 2620 3081 tradidit
2702 3023 2856 3078 nobis
2926 3022 3069 3076 viam
3119 3020 3321 3089 aliquid
3370 3018 3463 3072 tibi
3516 3018 3601 3069 di-

306 3106 493 3158 εἰπεῖν
520 3122 576 3158 τι
608 3103 746 3173 πρὸς
770 3105 862 3158 σέ·
889 3106 987 3160 καὶ
1018 3104 1399 3176 φθεγγομένου
1428 3105 1593 3160 πάλιν
1630 3105 1895 3169 ἀκούσας.

2011 3118 2207 3176 cendi:
2249 3126 2306 3174 et
2338 3118 2652 3188 loquentem
2683 3116 2801 3171 vice
2842 3124 2933 3169 tua
2969 3111 3171 3166 audisti
3201 3128 3215 3165 :
3270 3111 3314 3165 si
3348 3123 3477 3164 vero
3505 3108 3603 3162 tibi

308 3196 382 3250 Εἰ
407 3197 463 3250 δέ
491 3198 585 3251 καὶ
625 3201 712 3251 σοὶ
752 3196 884 3252 καθ’
930 3196 1127 3268 ἡδονὴν
1145 3197 1214 3251 τὰ
1266 3198 1514 3268 ἡμέτερα
1565 3197 1907 3269 γράμματα,

307 3290 452 3357 τίμα
481 3290 542 3344 δὲ
578 3290 787 3343 τούτων
853 3289 954 3362 τὴν
997 3289 1201 3354 αὶτίαν,
1250 3290 1356 3361 ἤδη
1409 3290 1509 3360 μὲν
1555 3290 1685 3361 ὑμῖν
1748 3290 1915 3361 χάριν

311 3381 687 3451 ὁμολογοῦντα
730 3383 830 3452 τῆς
884 3380 1267 3453 προλαόούσης
1304 3382 1578 3451 σπουδῆς,
1610 3382 1817 3451 μᾶλλον
1854 3382 1914 3436 δὲ

311 3475 634 3546 κηρύξαντα
672 3478 776 3547 τὴν
830 3477 1247 3550 εύεργεσίαν,εί
1288 3478 1428 3547 πρὸς
1486 3476 1641 3540 τέλος
1695 3477 1914 3547 ἐνέγκοι

310 3570 423 3638 τὴν
476 3569 679 3640 χάριν·
735 3569 853 3625 ἀλλ’
907 3570 1176 3636 ἐπίδειξαι
1209 3587 1263 3624 τι
1303 3570 1554 3624 νεανικὸν
1608 3567 1754 3623 κατὰ
1801 3568 1915 3621 τῶν

311 3660 671 3728 ἀδικούντων,
715 3663 866 3726 ὅπως
894 3663 968 3718 ἂν
1009 3662 1296 3716 αἴσθοιντο
1333 3663 1561 3727 πάντες,
1602 3661 1749 3725 οἵους
1802 3661 1915 3732 ἄρα

312 3755 449 3818 τοὺς
485 3753 673 3822 φίλους
701 3754 844 3825 ἔχων
872 3754 1195 3808 ἐλάνθανον*
1223 3754 1316 3824 τοι)
1338 3753 1409 3807 δὲν
1453 3753 1720 3823 ὑμέτερον
1768 3751 1916 3805 ἀδελ-

315 3845 426 3915 φὸν
484 3845 582 3899 καὶ
631 3846 763 3916 πρὶν
788 3846 890 3914 μὲν
936 3844 1067 3899 ἰδεῖν
1116 3845 1477 3916 ἠπιστάμην*
1506 3843 1775 3914 ἐγνώρισε
1802 3842 1916 3914 γάρ

320 3952 417 4007 μοι
447 3935 635 3990 τοῦτον
673 3936 935 4001 πολλάκις
963 3940 998 4009 ἡ
1030 3939 1188 4008 φήμη
1213 3955 1226 3970 ·
1265 3938 1385 3992 νυνὶ
1417 3935 1483 3995 δὲ,
1519 3936 1725 4006 μᾶλλον
1750 3935 1916 3989 scas-

322 4041 476 4097 μασα
502 4027 571 4097 τῇ
599 4027 771 4099 πείρᾳ
812 4026 1003 4098 μαθών
1025 4043 1039 4058 ·
1065 4026 1342 4081 καὶτοῦτο
1367 4027 1491 4080 ἰδών
1531 4043 1590 4078 σε
1622 4025 1692 4079 δι’
1720 4025 1915 4097 ἐτέρου

318 4116 578 4189 σώματος
640 4118 790 4190 ἔχειν
845 4121 1135 4191 ἡγούμηνο
1162 4122 1258 4172 καὶ
1326 4119 1550 4191 μακρὰν
1614 4116 1797 4185 ἀπὼν,
1844 4118 1914 4173 δι’

315 4209 491 4281 ἁλλης
517 4211 654 4282 ἡμῖν
681 4211 892 4275 εἰκόνος
915 4211 1124 4275 ἐδόκεις
1156 4214 1441 4282 παρεῖναι.

884 4398 1013 4453 κθ.
1049 4398 1359 4471 summa.
1475 4380 1488 4398 ‘

2010 3212 2270 3284 voluptati
2328 3210 2531 3266 fuerint
2576 3218 2776 3263 nostra:
2828 3207 3047 3271 litterae,
3083 3203 3433 3260 observantia
3483 3201 3604 3257 cole

2013 3306 2229 3360 illarum
2263 3318 2510 3367 causam,
2554 3301 2666 3372 jam
2707 3300 2927 3371 quidem
2976 3298 3134 3353 vobis
3163 3297 3394 3369 gratiam
3440 3294 3604 3365 proﬁ-

2017 3405 2218 3454 tentem
2258 3394 2642 3469 praevenientis
2685 3392 2886 3457 studii,
2934 3390 3109 3459 magis
3151 3398 3332 3444 autem
3385 3402 3601 3442 amniu-

2014 3490 2243 3546 tiantem
2289 3485 2731 3550 beneﬁcentiam,
2772 3483 2840 3538 ad
2883 3481 3044 3536 finem
3075 3479 3305 3550 gratiam
3351 3478 3610 3531 adducta.

2020 3596 2132 3637 ram
2158 3598 2173 3636 :
2205 3579 2300 3635 sed
2326 3577 2613 3633 ostendisti
2644 3572 2850 3645 aliquid
2885 3572 3029 3628 forte
3063 3582 3253 3626 contra
3285 3569 3608 3639 iujustitiam

2016 3667 2447 3732 committentes,
2483 3672 2544 3718 ut
2574 3677 2769 3717 omnes
2803 3660 3007 3715 scirent
3036 3657 3228 3726 quales
3275 3655 3480 3709 inscius
3514 3654 3608 3707 ba-

2015 3759 2201 3815 berent
2248 3758 2496 3813 amicos:
2550 3762 2796 3808 vestrum
2847 3761 3027 3805 autem
3075 3747 3302 3801 fratre-tt
3356 3754 3411 3800 et
3450 3755 3607 3797 ante-

2015 3867 2180 3922 quam
2237 3850 2386 3906 bunc
2455 3848 2698 3903 viderem
2748 3842 3191 3913 cognoscebam:
3242 3837 3609 3893 manifestatit

2015 3945 2162 4001 enim
2220 3943 2371 3998 illum
2424 3940 2557 3996 mihi
2608 3954 2750 4009 saepe
2795 3938 2978 3991 fama:
3030 3949 3172 3987 nunc
3222 3938 3404 3986 autem
3442 3930 3613 3999 magis

2017 4039 2189 4092 miror
2242 4051 2365 4091 cum
2412 4032 2748 4103 experientia
2791 4030 2916 4084 novi
2952 4044 2968 4082 :
3011 4041 3173 4097 quam
3207 4024 3400 4079 videns
3434 4034 3481 4077 te
3514 4038 3610 4089 per

2018 4128 2251 4184 alterum
2278 4140 2481 4197 corpus
2512 4123 2716 4178 habere
2755 4119 3165 4182 existimabam,
3210 4126 3266 4170 ct
3297 4126 3611 4184 quanquam

2018 4221 2177 4290 longe
2198 4219 2369 4283 absis,
2418 4217 2579 4273 nobis
2604 4215 2798 4271 adesse
2831 4226 2930 4283 per
2981 4209 3141 4264 aliam
3177 4207 3419 4280 speciem
3465 4204 3612 4258 vide-

2020 4310 2192 4365 baris.

2539 4388 2738 4447 XXIX.
2776 4386 3091 4444 SOSIANO.

397 4489 648 4560 Ἐπρεπε
706 4488 852 4558 κάμὲ
905 4488 1237 4558 θαρροῦντα,
1269 4489 1485 4559 χαίρειν
1533 4491 1705 4543 αἰτεῖν
1754 4492 1902 4561 παρὰ

2085 4488 2417 4544 Decebatme
2438 4483 2802 4541 confidentem
2827 4481 3057 4535 salutem
3090 4493 3117 4532 a
3143 4485 3198 4533 te
3225 4485 3410 4547 petere
3435 4494 3449 4531 :
3475 4485 3531 4530 et
3563 4484 3621 4529 te

334 4580 418 4636 τοῦ
437 4599 454 4614 ’
486 4583 583 4636 καὶ
611 4582 673 4636 σὲ
691 4581 989 4653 προθύμως
1017 4582 1220 4635 διδόναι
1248 4581 1583 4653 ἀμφοτέροις
1614 4582 1902 4654 ἁρμόττον,

2018 4578 2311 4649 diligenter
2349 4573 2669 4630 incumbere
2722 4571 2942 4642 utrique
2985 4567 3267 4631 convenit,
3311 4567 3445 4621 mihi
3492 4569 3616 4635 qni-

332 4673 450 4745 ιμοὶ
467 4674 566 4744 μὲν
577 4673 764 4743 λέγειν
780 4675 909 4728 ὅτου
933 4674 1070 4737 δέοι,
1101 4673 1183 4727 σοὶ
1212 4673 1269 4725 δὲ
1289 4674 1425 4743 πρὸς
1448 4673 1606 4742 λόγον
1633 4676 1902 4745 ἐκφέρεινε

2019 4672 2141 4728 dent
2172 4670 2355 4724 dicere
2388 4665 2518 4737 quid
2566 4665 2937 4720 necessarium
2975 4670 3143 4726 esset,
3195 4659 3292 4714 tibi
3340 4675 3466 4713 vero
3496 4677 3615 4713 scr-

336 4766 656 4835 ιίτρατήγιος
687 4762 799 4833 γὰρ
829 4761 1134 4832 ἀπήγγειλέ
1160 4779 1251 4833 μοι
1271 4761 1546 4832 τοσαύτην
1568 4760 1725 4830 ὑμῶν
1753 4778 1902 4830 γεγε-

2024 4777 2186 4817 mone
2215 4761 2437 4833 vulgare
2468 4758 2647 4830 quoad
2681 4768 2735 4811 te
2763 4778 2773 4810 :
2809 4754 3127 4825 Strategius
3164 4751 3314 4807 enim
3344 4753 3619 4806 nuntiavit

331 4856 523 4928 τῆσθαι
552 4854 652 4931 τὴν
679 4858 760 4919 εἰς
791 4854 955 4908 αὐτὸν
979 4854 1313 4926 προθυμίαν,
1340 4852 1483 4907 ὥστε
1512 4852 1579 4907 τὰ
1608 4854 1700 4906 ἐπὶ
1722 4853 1805 4906 σοὶ
1820 4853 1902 4906 καλ

2023 4857 2157 4912 mihi
2212 4864 2419 4910 tantam
2468 4868 2500 4907 a
2539 4851 2694 4907 vobis
2740 4849 3052 4905 adhibitam
3103 4844 3271 4901 fuisse
3314 4843 3618 4901 festinatio-

282 4970 289 4985 ι
324 4948 505 5016 πέρας
529 4946 656 5018 ἔσχε
692 4947 727 5019 ἡ
764 4947 887 5018 δίκη
914 4946 1007 5000 καὶ
1027 4946 1399 5016 νενικήκαμεν
1423 4961 1440 4975 ⁸
1467 4944 1585 4998 ἀλλ’
1616 4945 1765 5007 ὅπως
1822 4947 1902 4998 καῖ

2022 4963 2170 5011 nem,
2203 4957 2265 5002 ut
2311 4947 2380 5002 lis
2426 4946 2590 5001 flnem
2645 4941 2899 4997 habuerit
2938 4949 2996 4995 et
3036 4938 3366 4994 vicerimus:
3414 4938 3508 4991 sed
3566 4948 3621 4991 ct

264 5044 292 5105 λ
322 5041 440 5103 τοῖς
486 5038 670 5111 ἔργοις
705 5042 918 5108 γένοιτο
949 5037 1146 5093 ταῦτα.
1178 5036 1449 5092 Τοσοῦτον
1477 5037 1584 5109 7&9
1617 5036 1804 5110 θαρρῶ
1830 5036 1902 5091 διᾶ

2025 5040 2260 5110 negotiis
2318 5039 2433 5094 haec
2473 5035 2733 5093 eveniant
2765 5052 2780 5089 :
2819 5041 2971 5089 tanta
3019 5030 3165 5087 enim
3202 5029 3400 5084 ﬁducia
3438 5044 3536 5097 per
3570 5040 3621 5083 tc

326 5129 427 5184 σοῦ
444 5131 506 5184 τὸ
537 5129 713 5198 πέρας
767 5129 1027 5196 ἐλπίζων,
1077 5129 1219 5183 ὥστε
1259 5133 1354 5183 καὶ
1402 5130 1511 5200 πρὸ
1568 5129 1757 5194 τέλους
1816 5130 1902 5200 ηδτ

2022 5147 2188 5201 spero
2240 5131 2399 5185 finem
2433 5138 2494 5182 ut
2542 5135 2598 5183 ct
2648 5137 2775 5182 ante
2824 5127 2985 5180 tinem
3018 5123 3130 5192 jam
3168 5120 3331 5177 verba
3378 5136 3617 5191 quaeram

328 5223 520 5289 λόγους
552 5220 722 5292 ζητῶ.
755 5221 825 5275 δι’
844 5215 921 5276 ὧν
943 5222 1271 5293 ὁμολογήσω
1308 5222 1410 5292 τὴν
1446 5223 1630 5293 χάριν.

2026 5224 2222 5296 quibus
2258 5222 2488 5293 gratiam
2514 5221 2833 5294 profitebor.

605 5314 690 5366 A'.
719 5311 1002 5383 οΥΑιιιῼ.
1046 5312 1248 5385 manu.
1275 5312 1641 5385 damma]

2603 5314 2776 5370 XXX.
2806 5311 3037 5370 ULPIO.

400 5402 610 5474 Πολλὴν
625 5405 760 5471 ἡμῖν
781 5403 924 5456 κατὰ
939 5403 1034 5457 σοῦ
1051 5404 1441 5476 μελετωμένην
1454 5407 1794 5475 κατηγορίαν
1840 5406 1902 5460 διε

2099 5411 2263 5467 Multa
2296 5411 2523 5465 crimina
2564 5425 2685 5480 qua:
2730 5419 2917 5464 contra
2964 5421 3015 5464 te
3045 5410 3457 5465 intenderamns
3481 5406 3618 5461 cffu-

328 5494 551 5564 ἐφυγεςο
569 5495 646 5558 ὡς
660 5497 769 5564 γὰρ
781 5490 955 5566 ἦκενό
968 5497 1327 5566 Στρατήγιος,
1344 5496 1646 5567 γράμματα
1660 5497 1714 5550 δὲ
1732 5498 1832 5552 οὐκ
1847 5496 1902 5551 εἷ·

2031 5505 2155 5573 gisti
2193 5522 2207 5559 :
2239 5519 2362 5558 cum
2417 5503 2563 5558 enim
2615 5502 2762 5557 venit
2794 5502 3123 5573 Strategius,
3176 5502 3387 5555 litteras
3439 5499 3619 5552 autem

329 5603 450 5658 χεν,
463 5586 706 5658 ἠρυθρία
736 5588 835 5659 μὲν
864 5592 897 5659 ὴ
909 5591 999 5659 μῖν
1018 5589 1360 5659 προσελθεῖν.
1385 5590 1507 5653 Πῶς
1520 5591 1631 5661 γὰρ
1647 5592 1746 5645 οὐκ
1761 5591 1902 5662 ἔμελ

2031 5611 2140 5650 non
2197 5594 2446 5659 haberet,
2510 5592 2707 5647 rubore
2757 5593 2980 5661 quidem
3041 5591 3308 5662 superfusi
3363 5590 3616 5643 fuimus:

331 5680 396 5733 λε
413 5695 432 5746 ;
452 5679 712 5746 πολλάκις
729 5682 788 5736 δὲ
808 5681 1139 5753 διαφεύγων,
1156 5682 1309 5754 μόλις
1333 5682 1476 5737 ἑάλω
1490 5698 1504 5711 ’
1532 5686 1629 5737 καὶ
1652 5684 1719 5754 δὴ
1740 5685 1898 5756 βδελυ

2031 5686 2302 5756 quomodo
2339 5685 2483 5739 enim
2518 5699 2623 5738 non
2651 5684 2721 5738 ita
2753 5685 2939 5740 esset?
2967 5699 3111 5754 sa‘pe
3144 5694 3325 5737 autent
3358 5684 3622 5752 effugiens

333 5772 435 5843 ρδν
451 5771 617 5829 αὑτὸν
648 5774 740 5829 καὶ
766 5774 908 5841 θεοῖς
929 5774 1125 5849 ἐχθρὸν
1145 5775 1474 5841 ἀπεκάλουν,
1494 5777 1572 5830 ὄτι
1605 5777 1742 5848 πρὸς
1777 5779 1897 5848 ἡμᾶ

2035 5776 2253 5833 dillicilc
2296 5785 2486 5845 captus
2534 5787 2615 5832 cst
2652 5791 2665 5829 :
2702 5784 2757 5831 ct
2809 5777 3173 5843 impudentem
3220 5774 3392 5847 ipsum
3421 5784 3476 5828 ct
3517 5772 3623 5831 diis
