3978 6422
281 351 427 417 27ίῦ

1722 356 2108 425 EPISTOLIE

3406 365 3546 427 2⁸746

288 464 471 536 βούλει
518 462 699 532 λέγειν
743 464 855 520 εῖτε
879 466 1144 537 ὀνόματα,
1198 433 1382 541 έπῆρα
1412 469 1512 540 τὴν
1551 470 1746 543 ὀφρὺν,
1774 475 1869 525 καὶ

1983 486 2193 536 nomen,
2241 470 2527 541 supercilia
2582 470 2805 526 allevavr
2846 482 2897 525 et
2940 488 3193 543 magnum
3243 476 3371 544 quid
3408 480 3541 533 alle-

286 556 538 611 vsavucbv
570 556 880 628 ἐφρόνουν,
928 558 1067 630 πρὸς
1095 560 1195 630 τὴν
1244 561 1357 615 τῶν
1398 563 1697 633 ὁρωμένων
1715 564 1866 617 ἐπαι-

290 646 520 719 ρόμενος
555 648 746 720 τύχην,
777 650 874 705 καί
910 667 1001 721 μοι
1027 651 1096 705 τὰ
1116 653 1285 706 πάλαι
1304 654 1437 721 φίλα
1466 655 1630 727 λῆρος
1663 655 1866 709 ἐδόκει·

285 738 423 790 ὅπου
454 738 565 805 γὰρ
593 738 690 793 καὶ
716 738 931 803 τούτοις
971 739 1167 808 ἑάλως,
1192 742 1292 795 ούκ
1311 742 1377 796 ἂν
1405 744 1615 814 εἴποιμι
1644 743 1868 814 ῥᾳδίως.

285 831 366 892 ως
389 828 648 897 διέφυγον
673 830 742 884 ἂν
769 829 831 883 τὸ
858 830 933 901 μὴ
977 830 1039 884 οὖ
1078 833 1250 885 ταῦτα
1308 835 1526 895 παθεῖν,
1560 837 1610 887 εί
1637 834 1713 904 μὴ
1775 834 1872 888 καί

286 935 375 982 τις
432 919 697 992 λογισμὸς
759 922 1109 993 ὑπεισῆλθεν,
1132 925 1209 988 ὡς
1235 926 1298 979 ού
1342 927 1560 993 ταυτὸν,
1595 921 1641 981 ὦ
1669 926 1866 997 λῷστε,

286 1011 485 1084 γνώμη
516 1017 611 1069 καὶ
635 1014 773 1085 τύχη
792 1033 808 1047 ·
835 1016 951 1070 ἀλλ’
974 1019 1007 1085 ή
1033 1017 1153 1085 μὲν,
1174 1017 1251 1081 ὡς
1273 1017 1342 1072 ἂν
1358 1020 1498 1091 αὐτῇ
1527 1020 1680 1090 δοκῇ,
1705 1021 1869 1091 φέρε-

286 1120 402 1167 ται,
436 1106 530 1159 καὶ
572 1108 903 1175 μεταπίπτει
932 1109 1191 1174 πολλάκις
1218 1111 1314 1165 καὶ
1335 1112 1473 1183 γελᾷ
1494 1112 1561 1167 τὰ
1587 1114 1832 1185 ἡμέτερα
1850 1130 1868 1145 ·

283 1194 392 1263 τῆς
433 1196 490 1249 δὲ
521 1197 712 1267 κύριον
757 1200 1027 1269 προσήκει
1067 1200 1158 1253 τὸν
1193 1200 1597 1272 σωφρονοῦντα,
1642 1203 1738 1255 καὶ
1769 1202 1873 1272 μή·

287 1302 352 1338 τε
385 1288 660 1360 αἰρομένῃ
717 1292 1142 1360 συναναστῆναι,
1213 1293 1352 1363 μήτε
1408 1293 1687 1366 πιπτούσῃ
1727 1310 1868 1363 συμ-

289 1381 599 1448 μεταϐάλλει
607 1382 753 1438 σθαι.

680 1475 803 1553 Αιτοἶ
836 1475 1139 1548 ΖΑΧΑΡΙᾼ
1192 1474 1481 1549 ΑΔΕΛΦῼ.

363 1563 462 1628 Τίς
477 1564 546 1618 ἂν
576 1554 838 1635 γενοίμην
860 1569 1098 1639 ἐραστὴν
1129 1570 1223 1622 καὶ
1252 1568 1480 1637 ἀδελφὸν
1507 1568 1872 1640 κατηγοροῦν-

282 1673 361 1709 τα
383 1655 587 1718 λαϐὼν.
611 1659 704 1712 καὶ
728 1660 895 1730 μηδὲν
922 1661 1065 1731 ἔχειν
1097 1663 1346 1727 οἰόμενον
1364 1663 1393 1715 ὃ
1411 1678 1464 1715 τι
1490 1663 1584 1716 καὶ
1604 1661 1868 1732 λέξομενς

284 1747 343 1799 τί
399 1747 509 1819 γὰρ
561 1748 624 1820 δὴ
660 1750 804 1820 φής;
868 1752 1126 1822 Ῥήτορες
1180 1755 1343 1823 ἡμεῖς
1406 1754 1500 1808 καὶ
1547 1754 1871 1824 θυγατέρων

289 1838 536 1909 πατέρες
570 1841 782 1894 πολλῶν
805 1857 823 1873 ·
857 1843 954 1905 τὰς
975 1843 1085 1915 γὰρ
1119 1845 1411 1909 ἐπιστολὰς
1467 1844 1642 1908 οὕτως
1671 1844 1870 1915 ὀνομά-

287 1926 410 1992 ζειν
458 1930 657 1986 ὲδόκει.
720 1932 863 1987 Ἀλλ’
912 1933 980 2003 ἢν
1037 1936 1143 2005 φὴς
1193 1935 1361 1989 πάλαι
1416 1935 1607 2001 ταῦτα,
1635 1936 1733 1988 νῦν
1758 1936 1868 2005 γὰρ

283 2024 479 2076 οὐκέτι
506 2040 522 2058 ·
557 2024 672 2078 ἀλλ’
711 2025 964 2097 ὑϐρισταί
992 2043 1137 2090 τινες
1165 2027 1344 2098 ὑμεῖς,
1397 2027 1492 2081 καὶ
1518 2026 1722 2097 θεσμὸν
1750 2029 1870 2081 ἀτι-

286 2114 559 2184 μάζοντες
595 2114 817 2185 ἔρωτος.
867 2116 1011 2171 Ἀλλ’
1042 2118 1090 2171 εἰ
1122 2118 1221 2187 μὲν
1245 2113 1313 2189 ἦν
1330 2136 1417 2181 τις
1434 2121 1739 2190 ποιητικὸς.
1775 2119 1870 2173 τὸν

296 2206 620 2260 Ἀπόλλωνα
647 2207 819 2276 δήπου
851 2209 1074 2271 καὶτὰς
1124 2209 1328 2280 μούσας
1371 2210 1632 2264 ἐκάλουν·
1684 2211 1870 2282 Δῴητέ

286 2314 410 2366 μοι,
437 2297 821 2365 λέγων,είπεῖν
848 2300 941 2353 καὶ
970 2301 1185 2365 παῖδας,
1216 2302 1304 2355 κα*ό
1331 2301 1405 2371 μὴ
1425 2300 1610 2355 ἄδικον
1634 2302 1872 2370 φανῆναι

279 2389 357 2441 τὰ
385 2389 630 2442 παιδικά.
662 2390 809 2444 Νυνὶ
834 2390 891 2444 δὲ
925 2392 1238 2462 μιμήσομαι
1284 2392 1417 2460 γοῦν
1461 2409 1516 2445 τι
1562 2392 1865 2462 ποιητικὸν,

280 2481 390 2534 καὶ
409 2481 503 2534 ἐπὶ
549 2483 723 2551 μέγαν
763 2482 928 2552 ὅρκον
963 2483 1230 2556 ὀμοῦμαι,
1268 2485 1382 2538 θεοὶ
1408 2485 1454 2538 δ’
1488 2484 1869 2557 ὲπιμάρτυρες

282 2569 486 2634 ἔστων,
520 2572 596 2641 μὴ
626 2571 802 2645 οὕτως
853 2573 999 2644 ἔχειν
1027 2576 1094 2629 τὰ
1127 2575 1249 2628 καθ’
1304 2578 1456 2647 ἡμᾶς
1502 2575 1577 2639 ὥς
1617 2593 1720 2629 που
1773 2576 1872 2631 καὶ

282 2661 532 2728 λέγεται·
555 2662 684 2716 ἀλλά
706 2663 818 2734 γὰρ
838 2665 930 2717 ἐπὶ
957 2665 1141 2735 φιλίας
1166 2666 1322 2736 ἡμῶν
1354 2647 1517 2729 αίδὼς
1551 2666 1646 2720 καὶ
1677 2667 1868 2738 μνήμη

284 2753 568 2821 φιλτάτων
589 2769 603 2786 ·
625 2754 681 2808 τί
705 2751 800 2810 οὖν
829 2758 957 2827 φὴς,
987 2759 1020 2826 ἡ
1054 2758 1213 2829 σιγης
1242 2757 1454 2811 δέδοικα
1474 2759 1547 2829 μή
1575 2776 1659 2823 τις
1686 2758 1870 2821 ἄδικος

282 2847 430 2914 τύχη
458 2847 578 2907 ταῖς
595 2846 758 2915 ἐμαῖς
789 2847 1116 2920 ἑπικωμάζῃ
1144 2850 1350 2916 γοναῖς,
1387 2851 1481 2901 καὶ
1511 2849 1648 2919 πρὸς
1678 2849 1737 2901 σὲ
1772 2849 1873 2913 τὰς

285 2936 436 3007 ιμάς
474 2937 766 3007 ιπείγομαι
788 2978 804 3005 ,
848 2938 1015 3009 ἀλλην
1044 2940 1234 2994 ἄλλοτε
1258 2941 1446 3009 φέρειν
1467 2956 1481 2971 ·
1524 2939 1617 2993 καί
1654 2957 1756 2993 που
1783 2939 1871 3004 ξέ-

1971 561 2211 629 ctabam,
2248 577 2537 631 assurgens
2584 564 2651 616 ad
2680 578 2868 616 eorum
2907 579 3046 633 quos
3092 567 3336 620 videbam
3371 568 3536 623 fortn-

1972 669 2119 718 nam,
2150 663 2203 710 et
2228 668 2347 722 qua:
2383 653 2511 708 mibi
2552 653 2681 707 olim
2716 666 2871 708 erant
2906 656 3072 711 cbara
3102 673 3255 728 nugas
3283 660 3543 714 videban-

1973 755 2099 798 tur:
2134 745 2331 814 quippe
2364 745 2531 813 igitur
2587 743 2669 798 bis
2696 755 2887 815 captus
2922 747 3108 815 fueris,
3157 765 3262 802 non
3303 750 3544 804 dicerem

1972 834 2133 890 facile
2182 837 2452 906 quomodo
2502 835 2614 889 haec
2662 851 2765 889 non
2816 838 3057 906 perferre
3112 840 3445 903 vitavissem,
3496 840 3543 894 si

1971 927 2236 996 quoddam
2289 927 2654 994 ratiocinium,
2718 930 2925 985 scilicet
2989 947 3094 984 non
3143 947 3262 988 esse
3318 932 3544 996 idem,c

1972 1020 2195 1084 optime,
2224 1017 2534 1086 opinionem
2565 1028 2619 1073 et
2655 1018 2948 1085 fortunam,
2989 1038 3092 1075 non
3124 1039 3207 1076 me
3242 1024 3494 1077 subiisset
3526 1039 3542 1077 :

1971 1110 2066 1166 sed
2094 1111 2215 1174 ista.
2249 1120 2308 1163 ut
2342 1109 2442 1164 sibi
2477 1111 2547 1165 sit
2588 1112 2800 1176 similis,
2834 1112 3024 1178 fertur,
3057 1125 3112 1166 et
3135 1114 3277 1167 Cadit
3318 1129 3457 1185 szrpe
3490 1125 3547 1168 et

1975 1213 2157 1256 nostra
2195 1202 2383 1257 irridet
2411 1221 2424 1256 :
2455 1203 2597 1258 illius
2620 1213 2796 1256 autem
2838 1204 3119 1258 Dominum
3144 1221 3265 1260 esse
3292 1205 3545 1259 convenit

1970 1295 2269 1361 sapientem
2305 1309 2402 1349 nec
2432 1310 2553 1348 cum
2595 1294 2865 1349 exaltatur
2911 1310 3259 1367 cousurgere,
3292 1311 3389 1351 nec
3419 1311 3543 1351 cum

1970 1384 2119 1440 cadit
2145 1399 2417 1440 corruere.

2429 1476 2469 1529 X
2484 1474 2674 1530 XXIII.
2696 1475 3086 1532 ZACHARl/E.

2044 1569 2242 1639 Accepi
2283 1569 2515 1624 amicum
2572 1580 2626 1622 et
2680 1568 2904 1623 fratrem
2954 1571 3076 1635 quis
3118 1570 3408 1625 evasissem
3449 1584 3541 1624 ex-

1972 1661 2318 1731 probrantem
2361 1669 2417 1714 et
2448 1660 2776 1729 cogitantem
2816 1659 2946 1713 nihil
2988 1661 3191 1716 habere
3241 1662 3367 1728 quid
3396 1662 3548 1715 dica—

1977 1767 2096 1806 mus
2128 1771 2143 1807 :
2175 1751 2312 1818 Quid
2364 1765 2497 1805 vero
2537 1751 2707 1806 diris?
2752 1752 3020 1806 ltltetores
3052 1769 3150 1807 nos
3184 1769 3369 1807 sumus
3402 1764 3451 1805 et
3481 1746 3543 1798 ﬁ-

1973 1843 2166 1898 liarum
2216 1854 2397 1913 patres
2436 1843 2724 1897 multarum
2760 1861 2774 1897 :
2829 1843 3037 1898 litteras
3087 1847 3230 1898 enim
3267 1845 3338 1898 ita
3370 1845 3544 1899 uomi-

1975 1951 2106 1988 nare
2157 1935 2486 1989 videbatur:
2532 1935 2624 1989 sed
2686 1936 2730 1989 si
2778 1935 2890 1990 hate
2950 1935 3159 1991 dixeris
3208 1935 3360 1999 olim,
3402 1946 3549 1989 nunc

1973 2034 2123 2079 certe
2152 2041 2258 2079 nou
2287 2026 2556 2094 amplius;
2584 2026 2678 2081 sed
2710 2027 2840 2082 estis
2871 2027 3091 2096 quidam
3123 2043 3187 2080 ex
3235 2027 3389 2081 vobis
3415 2042 3547 2082 con-

1974 2116 2287 2181 viciatores,
2338 2126 2394 2172 et
2433 2132 2635 2171 morem
2681 2128 2920 2172 veterem
2989 2119 3191 2173 amoris
3238 2118 3546 2187 negligitis:

1973 2210 2068 2263 sed
2101 2207 2146 2261 si
2195 2209 2318 2274 quis
2371 2218 2518 2263 esset
2585 2208 2854 2277 poeticus,
2947 2209 3245 2284 Apollinem
3300 2219 3448 2263 certe
3493 2220 3550 2262 et

1976 2314 2157 2353 musas
2185 2300 2490 2352 invocarem
2523 2317 2536 2353 :
2582 2303 2705 2353 date
2735 2301 2890 2364 mihi,
2928 2300 3114 2354 dicens
3145 2315 3238 2355 vos
3265 2315 3463 2355 vocare
3491 2311 3550 2353 et

1972 2388 2193 2451 liberos,
2228 2402 2284 2443 et
2319 2404 2425 2442 non
2458 2390 2728 2442 immerito
2752 2389 2927 2465 videri
2968 2388 3224 2442 delicias:
3277 2405 3419 2443 nunc
3448 2404 3549 2443 att-

1975 2488 2081 2530 tem
2120 2478 2322 2547 aliquid
2349 2476 2593 2547 efﬁngam
2626 2478 2919 2555 poeticum,
2949 2487 3004 2531 et
3029 2493 3304 2547 magnum,
3343 2488 3397 2532 et
3432 2493 3550 2531 ma-

1973 2586 2136 2638 gnum
2165 2570 2534 2639 jurameutum
2589 2570 2733 2632 dico.
2793 2569 2977 2640 diique
3026 2577 3192 2624 testes
3245 2570 3374 2634 sint,
3405 2571 3549 2639 quod

1977 2677 2082 2716 nou
2117 2662 2191 2717 ita
2216 2664 2287 2716 sit
2312 2664 2452 2730 apml
2494 2676 2591 2716 nos
2620 2672 2679 2715 ut
2707 2661 2903 2716 alicubi
2954 2658 3251 2716 aﬂirmatur
3280 2679 3296 2716 :
3330 2662 3382 2713 iu
3415 2663 3550 2714 ami-

1974 2754 2101 2806 citia
2136 2762 2321 2807 nostra
2349 2768 2661 2808 reveremur
2692 2762 2742 2807 et
2770 2752 3115 2807 meminimus
3148 2752 3549 2808 amicissimos:

1977 2845 2104 2913 quid
2142 2843 2330 2913 igitur,
2367 2844 2524 2908 dicis,
2571 2844 2675 2898 hoc
2714 2843 3038 2898 silentium?
3069 2844 3231 2898 timeo
3261 2860 3330 2897 ne
3362 2844 3549 2913 iniqua

1979 2935 2195 2988 fortuna
2247 2935 2300 2988 in
2337 2949 2485 2988 meos
2515 2935 2730 3001 genitos
2777 2934 3104 2989 invehatur:
3142 2944 3195 2989 et
3221 2935 3287 2987 ad
3318 2945 3369 2989 te
3402 2949 3554 2989 meas

286 3047 404 3083 νων
462 3030 671 3094 ταύτας
733 3032 1038 3101 ἠνέγκαντο
1089 3035 1292 3102 χεῖρες,
1343 3031 1682 3099 ἀγνοούντων
1726 3032 1871 3095 τίνες

1983 3028 2134 3081 mitto
2168 3027 2307 3081 tilias
2343 3034 2403 3079 ut
2444 3026 2538 3081 tibi
2590 3026 2755 3081 aliam
2808 3028 2969 3080 modo
3021 3027 3248 3083 ferant:
3305 3036 3361 3082 et
3414 3023 3557 3082 forte

286 3116 459 3176 αὗται
505 3124 598 3177 καὶ
646 3124 845 3189 πόθεν·
913 3123 1050 3178 ἀλλά
1103 3124 1214 3194 γὰρ
1257 3124 1475 3194 ἀτυχὼν
1529 3125 1622 3177 ἐπὶ
1646 3123 1871 3187 ταύταις

290 3211 396 3264 καὶ
441 3208 713 3281 ἀγνώμων
765 3210 985 3264 ἐδόκουν
1037 3216 1131 3264 καὶ
1171 3211 1457 3283 κρίνομαι·
1501 3213 1602 3276 τὰς
1651 3213 1751 3281 μὲν
1779 3208 1874 3265 οὖν

288 3303 467 3365 ἄλλας
521 3302 606 3365 τίς
638 3302 705 3359 ἀν
736 3320 821 3366 τις
863 3302 1060 3373 ἀνιῷτο
1083 3302 1255 3371 λέγων
1280 3321 1293 3333 ·
1323 3304 1460 3357 ἀλλά
1490 3304 1617 3375 χθές
1648 3321 1750 3361 που
1782 3306 1876 3357 καὶ

288 3392 494 3466 πρώην
522 3394 724 3466 ἐστάλη
747 3410 834 3456 τις
860 3394 934 3455 ὡς
969 3396 1045 3453 σὲ,
1077 3394 1204 3458 τοὺς
1234 3397 1400 3464 ἐμοὺς
1427 3396 1877 3466 ἀγῶναςδιηγου-

294 3485 481 3556 μάνη·
526 3485 622 3539 καὶ
654 3485 769 3549 νῦν,
827 3486 900 3547 ὡς
941 3486 1106 3551 ἔοικε,
1160 3486 1290 3554 ξένη
1328 3503 1413 3549 τις
1465 3487 1736 3541 πλανᾶται
1781 3486 1878 3539 καὶ

290 3578 506 3648 ἔρημος
533 3595 546 3609 ·
572 3577 844 3646 ἀλλ’-ἥκοι
892 3576 1022 3630 ποτὲ
1052 3581 1241 3649 χεῖρας
1270 3577 1344 3640 ὡς
1374 3579 1494 3643 σὰς,
1524 3579 1620 3632 καὶ
1647 3579 1878 3649 εὐφραι-

291 3669 498 3739 νοίμην
545 3669 814 3731 ἀκούσας·
861 3668 931 3722 τὰ
962 3670 1017 3722 δὲ
1071 3670 1139 3722 σὰ
1178 3668 1328 3739 δῶρα
1358 3667 1538 3722 λαϐὼν
1583 3668 1759 3739 ἥσθην
1784 3669 1877 3721 ἐπὶ

290 3760 534 3826 τούτοις,
559 3761 656 3831 οὐχ
679 3756 843 3833 ἦττον
864 3762 896 3831 ὴ
934 3762 1222 3823 Ὀδυσσεὺς
1245 3761 1343 3830 μὲν
1367 3761 1647 3814 Ἀλκινόου
1668 3760 1876 3830 φιλοτι-

298 3851 437 3923 μίαν
463 3851 635 3923 ὁρῶν·
673 3853 792 3905 ἐκεῖ
817 3853 915 3923 μὲν
940 3852 1050 3922 γὰρ
1074 3852 1135 3904 τὸ
1154 3851 1342 3905 λασεῖν
1371 3847 1484 3922 εἶχε
1518 3852 1710 3921 μόνην,
1748 3836 1878 3921 παρ’

296 3946 439 4016 ἡμῖν
483 3945 543 3998 δὲ
590 3944 794 4015 ἄμφω·
846 3944 930 3999 ὅτι
977 3945 1041 3998 σὺ
1101 3943 1201 4015 μὲν
1255 3942 1433 4011 δίδως,
1504 3941 1617 4012 ἐγὼ
1651 3941 1709 3995 δὲ
1741 3942 1881 4012 λαμ-

297 4038 474 4092 σάνω.

842 4126 958 4180 ΔΔο.
1024 4123 1366 4197 summa).

380 4223 502 4277 Ἔτι
521 4221 711 4291 σιγᾷς;
743 4218 824 4271 ἔτι
849 4217 959 4271 τῶν
988 4217 1422 4288 ἀπερριμμένων
1441 4218 1602 4288 ἡμεῖς
1626 4233 1641 4282 ;
1671 4216 1795 4270 οὐδέ
1823 4233 1884 4269 σε

305 4316 559 4371 παλαιῶν
608 4313 832 4384 ἐρώτων
885 4309 1209 4380 ὑπεισῆλθεν
1266 4307 1418 4361 οὐδέν
1443 4326 1457 4374 ;
1483 4307 1682 4379 νηλεὴς
1723 4307 1786 4362 σύ
1818 4306 1884 4377 γέ

300 4427 363 4465 τι
387 4411 483 4464 καὶ
509 4406 791 4478 ἀμείλιχος
852 4402 1088 4457 ἀνάλαόέ
1128 4412 1219 4472 μοι
1250 4399 1350 4472 τὴν
1384 4402 1627 4472 μνήμην,
1653 4402 1729 4464 ὡς
1759 4402 1887 4453 οὐκ.

300 4504 390 4556 ἐτι
453 4499 733 4561 τοιαύταις
771 4498 904 4567 ἡμῖν
929 4496 1147 4565 ἀπῆρας
1174 4495 1386 4548 ἐλπίσιν
1412 4510 1425 4523 ·
1479 4492 1595 4546 ἀλλ’
1625 4493 1886 4563 ἐδάκρυες

304 4594 412 4668 μὲν
445 4594 641 4663 Οίμοιί
676 4592 770 4644 καὶ
806 4590 961 4656 μόλις
991 4588 1252 4659 ἀπείχου·
1285 4586 1520 4657 γράψειν
1550 4586 1886 4655 διομολόγεις

304 4689 514 4762 μικροῦ
539 4689 648 4739 δεῖν
676 4686 771 4739 καὶ
794 4684 924 4752 πρὶν
945 4681 1202 4751 ἐπιϐῆναι
1234 4679 1333 4748 τῆς
1362 4678 1496 4748 γῆς·
1519 4678 1638 4731 νυνὶ
1658 4677 1716 4730 δὲ
1744 4678 1887 4746 οῐχε-

302 4798 397 4837 ται
438 4782 537 4852 μὲν
564 4781 784 4839 ἐκεῖνα,
833 4777 1044 4845 σιωπᾷς
1079 4776 1241 4846 μόνον
1264 4790 1277 4802 ·
1301 4774 1459 4845 ἡμῶν
1498 4772 1557 4827 δὲ
1594 4771 1749 4840 λόγος
1797 4771 1889 4823 οὐ-

302 4875 419 4935 δείς
439 4888 454 4905 ⁸
485 4874 534 4927 εί
564 4871 621 4925 δὲ
664 4871 963 4938 σιωπήσεις
994 4867 1093 4931 ἐτι,
1121 4865 1493 4936 ἁναϐοήσομαί
1517 4882 1569 4917 τι
1606 4863 1887 4935 τραγικὸν,

319 4966 434 5033 Ἰὼ,
464 4964 588 5025 Ζεῦ,
616 4963 813 5031 λέγων,
836 4960 931 5012 καὶ
957 4958 1111 5027 φιλία
1145 4958 1236 5010 καὶ
1264 4956 1416 5023 λόγοι
1438 4971 1452 4985 ⁸
1497 4953 1754 5025 ἠδίκησθε
1787 4952 1888 5022 μὲν

1978 3134 2171 3175 manus
2209 3120 2509 3174 alienorum
2547 3119 2678 3172 istas
2727 3120 2966 3173 tulerunt
3012 3135 3103 3187 qui
3146 3116 3272 3188 qua:
3311 3128 3365 3171 ct
3410 3119 3559 3173 unde

1975 3221 2159 3267 essent
2186 3210 2508 3281 ignorabant
2541 3228 2555 3265 :
2586 3210 2681 3264 sed
2711 3210 2852 3264 enim
2895 3210 3078 3263 infelix
3137 3211 3202 3263 de
3244 3208 3325 3263 bis
3369 3217 3425 3262 et
3453 3210 3555 3261 im-

1977 3305 2213 3373 prudens
2254 3300 2481 3357 videbar
2522 3310 2577 3356 et
2608 3300 2823 3370 judicor
2863 3319 2877 3354 :
2923 3300 3060 3355 alias
3124 3300 3341 3369 quidem
3393 3298 3559 3369 igitur

1976 3396 2099 3464 quis
2145 3392 2513 3449 olfenderetur
2548 3393 2772 3463 legens?
2815 3394 2910 3448 sed
2948 3392 3065 3448 heri
3096 3400 3150 3445 et
3187 3400 3347 3446 antea
3391 3391 3557 3447 missa

1978 3486 2079 3540 fuit
2104 3501 2211 3541 una
2237 3501 2356 3556 qua:
2395 3497 2445 3541 te
2477 3502 2594 3540 mea
2620 3487 2921 3541 certamina
2956 3485 3216 3538 doceret:
3250 3492 3305 3537 et
3331 3498 3472 3536 nunc
3501 3491 3562 3536 ut

1978 3591 2226 3648 apparet,
2267 3580 2552 3649 peregrina
2590 3588 2740 3631 errat
2783 3588 2837 3633 et
2865 3579 3123 3631 deserta:
3168 3576 3260 3628 sed
3295 3575 3424 3627 olim
3472 3575 3556 3627 iu-

1981 3673 2125 3724 cidat
2150 3669 2205 3724 in
2235 3686 2447 3734 manus,
2484 3679 2537 3724 et
2568 3669 2737 3723 libens
2779 3670 2994 3721 audiam
3024 3687 3036 3721 :
3076 3678 3165 3721 tua
3207 3677 3389 3719 autem
3419 3666 3555 3717 dona

1979 3757 2165 3827 accepi
2192 3767 2245 3813 et
2270 3757 2337 3812 de
2364 3759 2448 3813 bis
2478 3758 2692 3813 laetatus
2724 3773 2843 3812 sum
2891 3772 2994 3810 nou
3037 3756 3215 3811 minus
3244 3771 3309 3809 ac
3338 3751 3561 3823 Ulysses

1979 3851 2192 3905 Alcinoi
2247 3850 2682 3906 benevolentiam
2731 3851 2958 3904 videns:
3013 3849 3101 3904 hic
3142 3847 3359 3916 quidem
3412 3846 3561 3903 enim

1981 3943 2127 3998 illam
2180 3943 2350 3999 solam
2398 3943 2648 4013 accipere
2683 3951 2819 4006 erat,
2864 3941 3003 4010 apud
3055 3955 3152 3994 nos
3200 3949 3379 3994 autem
3411 3939 3559 4001 duo:

1982 4034 2183 4105 quippe
2209 4036 2427 4106 quidem
2461 4045 2516 4088 tu
2542 4036 2659 4097 das,
2688 4050 2787 4103 ego
2813 4042 2994 4087 autem
3021 4033 3254 4102 accipio.

2434 4124 2676 4180 XXXIV.
2710 4121 3101 4181 EPIPHANIO.

2055 4222 2248 4278 Adhuc
2289 4219 2455 4275 siles?
2496 4219 2673 4271 adhuc
2708 4218 2850 4269 inter
2914 4216 3204 4284 despectos
3249 4230 3347 4270 nos
3394 4214 3564 4271 habe-

1993 4312 2158 4366 mur?
2207 4308 2352 4365 Nihil
2388 4323 2519 4377 ergo
2568 4308 2775 4376 antiqui
2821 4308 3024 4361 amoris
3068 4307 3235 4360 subiit
3288 4304 3570 4359 animum?

1987 4401 2235 4460 Crudelis
2271 4409 2327 4453 tu
2362 4407 2416 4453 et
2465 4396 2824 4467 implacabilis
2873 4411 2957 4448 me
3010 4394 3077 4447 ad
3128 4393 3445 4446 memoriam
3482 4407 3568 4445 re-

1989 4511 2122 4551 voca
2154 4492 2297 4563 quod
2337 4504 2614 4560 nunquam
2667 4487 2899 4556 amplius
2958 4487 3088 4540 mihi
3133 4484 3365 4540 similem
3412 4498 3564 4552 spem

1987 4585 2300 4657 eripueris:
2338 4583 2432 4637 sed
2482 4580 2675 4640 flebas.
2729 4578 2913 4639 credo,
2966 4588 3019 4631 et
3072 4578 3159 4629 vix
3212 4572 3568 4630 abstinebas:

1990 4677 2322 4744 scripturum
2358 4671 2707 4728 confltebaris
2744 4685 2935 4738 parum
2972 4671 3145 4734 abest,
3188 4677 3242 4721 et
3275 4676 3567 4735 antequam

1992 4768 2045 4821 in
2079 4776 2282 4821 terram
2333 4763 2745 4819 descenderes:
2796 4772 2939 4813 nunc
2988 4766 3169 4811 autem
3220 4755 3401 4811 abiere
3456 4755 3570 4807 ba‘c

1991 4857 2196 4920 omnia,
2231 4854 2365 4910 siles
2412 4868 2542 4909 vero
2586 4860 2793 4906 tantum
2839 4865 2854 4904 :
2910 4858 3095 4904 noster
3143 4859 3326 4902 autem
3388 4858 3570 4899 sermo

1995 4949 2173 5004 nullus
2203 4965 2219 5003 :
2252 4947 2298 5002 si
2330 4961 2460 5001 vero
2490 4944 2710 5000 silueri-s
2733 4944 2925 5003 adlmc,
2966 4939 3277 4996 exclamabo
3308 4938 3572 5006 tragicr,o

305 5062 490 5131 ὑμεῖς·
513 5058 782 5128 ἠδίκημαι
799 5053 856 5107 δὲ
885 5049 1014 5120 ἐγώ·
1035 5052 1064 5103 ὁ
1090 5049 1147 5102 δὲ
1166 5048 1368 5101 ἀδικῶν
1387 5044 1455 5119 ἦν
1478 5048 1566 5101 ὅτε
1588 5047 1740 5117 φίλον
1763 5043 1891 5097 ἐκά-

307 5121 412 5205 λει·
446 5121 896 5217 νύν-γὰρούκέτι.
1525 5201 1529 5205 _

1993 5132 2191 5200 injuria
2231 5128 2332 5184 fuit
2360 5130 2555 5184 illata:
2604 5128 2733 5182 mihi
2777 5135 2958 5180 autem
3014 5124 3115 5193 ipsi
3148 5137 3163 5176 :
3199 5121 3453 5192 injuriaut
3478 5136 3574 5173 au-

1997 5238 2102 5278 tem
2133 5224 2373 5277 inferens
2412 5231 2533 5274 erat
2570 5235 2695 5275 cum
2736 5233 2821 5273 me
2849 5217 3084 5272 amicum
3128 5213 3353 5268 vocabat
3385 5230 3399 5266 :
3436 5224 3576 5265 nunc

1996 5318 2141 5371 enim
2175 5330 2279 5369 non
2313 5313 2570 5383 amplius.

1991 5041 2229 5108 Jupiter,
2255 5039 2443 5093 dicens
2483 5048 2539 5092 et
2565 5035 2801 5090 amicitia
2835 5044 2890 5089 et
2921 5033 3082 5087 verba
3113 5049 3128 5086 :
3161 5031 3316 5085 vobis
3354 5028 3571 5099 quidem

1993 5132 2191 5200 injuria
2231 5128 2332 5184 fuit
2360 5130 2511 5184 illata
2540 5146 2555 5183 :
2604 5128 2733 5182 mihi
2777 5135 2958 5180 autem
3014 5124 3115 5193 ipsi
3148 5137 3163 5176 :
3199 5121 3453 5192 injuriaut
3478 4986 3638 5301 ηιμὶ

1997 5238 2102 5278 tem
2133 5224 2373 5277 inferens
2412 5231 2533 5274 erat
2570 5235 2695 5275 cum
2736 5233 2821 5273 me
2849 5217 3084 5272 amicum
3128 5213 3353 5268 vocabat
3385 5230 3399 5266 :
3436 5224 3576 5265 nunc

2529 5399 2752 5457 XXXV.
2787 5395 3051 5455 JOANNI.

2073 5498 2132 5553 Si
2193 5496 2492 5551 amicitiam
2557 5496 2837 5559 deceptam
2885 5494 3226 5545 demonstret
3278 5483 3576 5549 silentium,

895 5411 1018 5465 AE'.
1059 5409 1344 5480 taANNn.

384 5515 450 5568 Et
480 5512 583 5583 τὴν
610 5509 793 5578 φιλίαν
820 5503 1163 5574 ἐψευσμένην
1191 5500 1432 5555 δείκνυσι
1475 5498 1537 5553 τὸ
1584 5500 1765 5571 σιγᾷν,
1801 5502 1897 5553 ἀν-

309 5611 464 5678 ἀγκη
499 5606 660 5677 μέχρι
693 5601 868 5667 λόγων
894 5596 1065 5666 αὐτὴν
1095 5594 1182 5649 ἀεὶ
1211 5591 1532 5646 συνεστάναι
1556 5606 1570 5625 ο
1607 5591 1664 5644 εἴ
1688 5608 1751 5661 γε
1778 5590 1871 5644 τού

2003 5604 2224 5647 necesse
2254 5599 2339 5644 est
2374 5601 2545 5659 usque
2569 5586 2820 5657 adverba
2852 5584 3023 5652 ipsam
3055 5594 3270 5648 semper
3295 5586 3577 5633 constare:

310 5669 430 5756 των
734 5692 1035 5759 ἐλέγχεται,
1053 5684 1249 5755 ούκοτῦν
1276 5683 1517 5736 λείπεται
1537 5682 1632 5735 καὶ
1657 5682 1748 5735 τὸν
1773 5682 1870 5734 δυσ

2009 5684 2277 5753 siquidem
2329 5681 2448 5735 istis
2500 5688 2555 5733 et
2606 5678 2924 5734 absentibus
2976 5674 3241 5730 exsistere
3295 5669 3575 5739 probatur,

321 5793 462 5860 μενῆ
506 5790 656 5860 φίλον
703 5782 975 5857 ἡγεῖσθαι,
1037 5780 1194 5851 μόνον
1263 5777 1346 5830 ἀεὶ
1412 5775 1875 5844 φθέγγοιτο.Ἀ).).ς

2014 5777 2179 5845 igitur
2210 5783 2382 5828 restat
2420 5782 2472 5826 et
2509 5769 2833 5831 malevolum
2870 5769 3101 5823 amicum
3139 5763 3454 5819 existimare
3485 5760 3577 5832 qui
