3978 6414
517 275 625 376 ποί
1801 308 2074 369 ιιιιοροι

2199 307 2441 368 ΘΑΖΕΙ
3597 316 3718 378 ἓίίιί

475 428 621 477 enim
650 422 984 495 petentibus,
1009 421 1204 493 aliquis
1231 419 1370 489 apud
1403 433 1502 473 vos
1521 418 1827 480 custodem,
1863 417 2069 471 auxilio

2179 418 2527 489 βουλομένοις
2559 420 2775 487 τυχεῖν·
2807 416 2962 486 ύμῶν
3005 417 3112 488 γάρ
3156 419 3449 474 αἰτούντων
3482 422 3723 480 ἐπινεύσει

476 518 657 570 veniet
686 515 903 584 Opinor,
933 526 991 569 ιιι
1011 529 1136 568 ειιιη
1177 513 1582 567 ministrantem
1637 511 1852 571 habeat,
1887 511 1969 563 vel
2018 519 2072 562 et

2176 530 2278 576 τι.·,
2293 507 2469 579 οἶμαι,
2487 511 2596 565 τῶν
2615 512 2743 581 παρ’
2765 510 2920 581 ὑμῶν
2933 509 3270 572 ἐπισκόπων,
3347 512 3726 582 λειτουργοῦντα

477 607 652 662 solum
701 607 947 660 nutriat:
980 605 1175 659 scitote
1223 603 1368 658 enim
1438 603 1589 656 illum
1648 600 1852 655 nullum
1920 603 2071 654 inve-

2176 603 2366 656 τοῦτον
2399 601 2560 668 ἕξειν,
2586 603 2618 672 ἢ
2645 603 2740 656 καὶ
2772 603 2935 674 μόνον
2956 603 3323 673 τρεφόμενον·
3357 601 3468 656 ῖστε
3490 603 3543 655 δὲ
3563 606 3631 667 ὡς
3650 611 3728 660 καὶ

481 703 720 753 nientem
757 697 1078 762 subsidium,
1116 712 1219 750 non
1251 696 1411 749 finem
1451 711 1714 758 nugarum
1759 689 2067 756 facturum;

2178 693 2342 763 μηδὲν
2371 692 2770 760 ώυελούμενος,
2803 693 2865 746 ού
2898 692 3132 747 παύεται
3155 693 3440 762 φλυαρῶν·
3473 695 3518 748 εί
3541 695 3728 772 δὲτύχη

480 791 522 842 si
558 806 685 844 vero
721 788 926 852 aliquid
951 789 1273 843 beneficium
1304 798 1563 856 expertus
1598 787 1724 849 erit,
1761 801 1870 853 quo
1900 787 2071 838 terra-

2176 786 2320 846 τινδς
2350 785 2672 852 εὐεργεσίας
2694 825 2706 840 .
2743 784 2844 838 ποῦ
2889 787 3081 838 τοῦτον
3115 786 3215 841 ούκ
3243 787 3389 848 εἰκὸς
3417 789 3728 858 ἀνακηρύξαι

482 898 602 936 rum
666 881 894 952 gratiam
946 896 1125 935 nonne
1186 877 1561 950 pervulgabit?
1610 877 1846 931 dimittet
1899 877 2069 940 enim,

2176 876 2273 944 τὴν
2307 876 2497 944 χάριν;
2528 875 2798 930 ἀναλώσει
2825 877 2955 947 γὰρ,
2989 873 3168 946 οἶμαι,
3194 879 3294 949 τὴν
3322 878 3558 949 ἔμφυτον
3585 882 3731 950 φλυα-

481 971 649 1036 ειειίο,
682 972 989 1027 naturalem
1019 972 1281 1041 ineptiam
1315 980 1373 1023 ut
1404 971 1593 1036 gratiae
1623 971 1908 1026 inhaereat.

2178 971 2299 1043 ρίαν
2328 973 2406 1034 είς
2435 972 2495 1024 τὸ
2521 973 2799 1041 μενεῖσθαι
2823 973 2919 1041 τῆς
2949 975 3190 1043 χάριτος.

989 1081 1154 1137 XLII.
1199 1080 1564 1136 PALLADIO.

2693 1065 2828 1120 Μυν.
2870 1066 3242 1139 ΠΑΛΛΑΔῙῼ.

550 1192 758 1251 Vestrae
806 1195 1090 1264 sapientia:
1120 1194 1350 1265 epistola
1383 1194 1500 1250 visa
1552 1193 1770 1264 quidem
1814 1192 2070 1248 omnibus

2259 1153 2324 1208 Ἢ
2368 1154 2469 1224 τῆς
2518 1154 2792 1225 ὑμετέρας
2839 1157 3037 1226 σοφίας
3083 1159 3343 1230 ἐπιστολὴ
3374 1161 3620 1232 ὁρωμένη
3652 1161 3732 1231 μὲν

2174 1248 2382 1303 ἅπασιν
2412 1248 2584 1302 ἐκίνει
2617 1249 2870 1317 συνήθως
2899 1250 2998 1318 τὴν
3025 1251 3220 1322 ἡδονήν
3239 1270 3253 1284 ο
3285 1253 3361 1317 ὡς
3399 1253 3456 1307 δέ
3483 1252 3574 1310 καὶ
3617 1271 3732 1324 μαν-

2175 1339 2358 1393 θάνειν
2387 1339 2496 1392 ἔδει
2526 1339 2593 1392 τά
2615 1339 3004 1414 γεγραμμένα.
3028 1339 3229 1412 μικροῦ
3257 1341 3370 1396 δεῖν
3399 1343 3492 1398 καὶ
3511 1330 3752 1414 δακρύωνίῖ

2173 1427 2346 1498 αὐτὴν
2377 1409 2922 1499 ἐπ>.ηρώσαμεν·’ὧν
2967 1429 3078 1501 γὰρ
3125 1409 3181 1484 αἱ
3231 1431 3534 1501 εύπραγίαι
3560 1409 3743 1497 uomat,|

2171 1521 2397 1584 τούτους
2428 1522 2523 1574 καὶ
2573 1521 2624 1574 εί
2665 1537 2720 1574 τι
2763 1520 2926 1575 λυπεῖ
2969 1522 3222 1594 μετέχειν
3259 1524 3478 1590 πάντως
3508 1526 3732 1598 ἀνάγκη·

2173 1608 2288 1666 ἀλλ’
2323 1611 2425 1681 ὅρα
2478 1609 2616 1680 πρὸς
2648 1608 2810 1674 θεῶν,
2845 1609 2891 1663 ὥ
2940 1610 3106 1664 πόσον
3159 1613 3191 1681 ἡ
3237 1611 3377 1683 τύχη
3409 1617 3734 1681 νεαν-ιεύεται,

478 1285 630 1354 juxta
673 1302 879 1341 morem
936 1287 1105 1341 movit
1147 1285 1388 1342 laetitiam
1420 1304 1436 1341 :
1467 1302 1590 1340 cum
1634 1295 1818 1340 autem
1863 1288 2068 1356 scripta

482 1380 867 1446 cognoscendo
925 1381 1316 1444 habuerimus,
1367 1395 1555 1448 parum
1595 1378 1769 1435 abfuit
1825 1379 1954 1448 quin
2017 1388 2071 1433 et

483 1471 744 1543 lt-crymis
795 1473 969 1542 ipsam
1019 1472 1445 1542 impleverimus.
1517 1472 1758 1538 Quorum
1811 1473 1954 1527 enim
2016 1482 2071 1528 et

480 1565 673 1626 gaudia
728 1564 1040 1620 communia
1101 1573 1271 1628 sunt,
1345 1578 1440 1620 eos
1478 1564 1524 1616 si
1572 1564 1702 1632 quid
1738 1575 1823 1617 est
1866 1563 2070 1618 doloris

480 1655 776 1724 participes
821 1671 942 1710 esse
1002 1670 1228 1711 necesse
1284 1663 1366 1710 est
1395 1672 1410 1710 :
1444 1655 1536 1710 sed
1591 1656 1714 1709 vide
1768 1669 1866 1725 per
1911 1655 2066 1718 deos,

478 1755 743 1812 quantum
772 1745 988 1800 fortuna
1029 1756 1156 1815 agat
1180 1746 1601 1810 inconsiderate,
1636 1761 1742 1800 non
1777 1745 1960 1799 volens
1989 1745 2068 1798 di-
2101 1765 2141 1820 Β

474 1836 723 1904 judicare
759 1848 936 1891 utrum
967 1836 1138 1892 malos
1173 1846 1460 1906 percutere
1493 1837 1796 1900 festinahit,
1827 1852 1895 1890 an
1935 1851 2068 1894 con-

482 1937 563 1980 tra
597 1927 766 1982 bonos
809 1928 913 1983 tela
952 1929 1162 1983 emittet
1203 1947 1215 1982 :
1245 1928 1289 1982 si
1323 1929 1469 1982 enim
1503 1930 1704 1983 virtute
1733 1943 1822 1983 res
1858 1929 2065 1998 ponde-

482 2029 759 2086 rarentur,
789 2036 894 2076 non
931 2021 1178 2090 profecto
1207 2021 1462 2090 injustam
1498 2021 1768 2074 fortunam
1818 2019 2072 2089 pertulis-

480 2125 575 2165 ses
604 2128 618 2175 ;
658 2126 802 2166 nunc
849 2122 1030 2167 autem
1057 2128 1279 2167 uxorem
1300 2111 1484 2177 defles,
1517 2113 1814 2180 sapientem
1847 2113 2067 2180 quidem

481 2214 537 2258 ut
595 2217 810 2272 mquam
872 2213 982 2269 est,
1033 2213 1088 2259 et
1119 2204 1333 2274 qualem
1376 2204 1604 2258 decebat
1655 2204 1774 2258 viro
1835 2205 2068 2274 sapienti

479 2295 786 2350 consociari
815 2312 830 2361 ;
860 2295 1002 2364 quod
1040 2309 1167 2351 vero
1203 2296 1438 2350 maxime
1463 2297 1740 2360 acerlmm,
1777 2295 2067 2351 infantium

482 2395 732 2452 matrem,
771 2394 827 2440 et
879 2385 1168 2440 infantium
1208 2387 1484 2456 egentium
1543 2396 1763 2441 matre.-
1834 2386 1966 2453 Quis
2003 2403 2068 2443 ea

2178 1699 2347 1772 μηδὲν
2381 1699 2643 1753 ἐθέλουσα
2673 1699 2994 1770 διακρίνειν,
3025 1701 3074 1753 εί
3104 1700 3322 1772 βάλλειν
3354 1703 3628 1771 ἐπείγεται
3653 1723 3738 1760 πο-

2171 1793 2370 1864 νηροὺς
2391 1834 2406 1856 ,
2445 1795 2494 1846 εί
2528 1793 2669 1848 κατὰ
2695 1793 3000 1848 σπουδαίων
3033 1795 3229 1866 ἀφίησι
3256 1796 3324 1848 τὰ
3353 1795 3678 1864 τοξεύματαί
3700 1800 3740 1850 εί

2169 1887 2279 1958 γὰρ
2306 1881 2372 1958 ἦν
2407 1888 2578 1958 ἀρετῇ
2614 1885 2932 1956 μετρεῖσθαι
2979 1886 3048 1940 τά
3084 1877 3417 1959 πράγματα,
3446 1889 3544 1942 οὐκ
3576 1889 3654 1955 ἂν,
3691 1885 3740 1944 εὖ

2171 1979 2302 2044 ῖσθι,
2341 1978 2442 2048 τῆς
2472 1977 2662 2031 ἀδίκου
2711 1977 2884 2048 τύχης
2911 1979 3246 2048 πεπείρασο·
3298 1980 3396 2034 νῦν
3434 1980 3493 2033 δέ
3542 1983 3744 2050 γυναῖκα

2171 2071 2411 2143 θρηνεῖς,
2447 2071 2704 2141 σώφρονα
2754 2070 2874 2138 μὲν,
2901 2070 2977 2134 ὡς
3029 2072 3198 2134 είκδς,
3231 2073 3326 2126 καὶ
3379 2072 3500 2128 οῖαν
3535 2073 3745 2144 ἔπρεπεν

2171 2162 2326 2234 ἀνδρὶ
2362 2160 2514 2231 σοφῷ
2551 2163 2825 2215 συνοικεῖν
2846 2177 2860 2193 ⁸
2893 2160 2955 2214 τὸ
3001 2163 3058 2216 δέ
3090 2163 3401 2222 δεινότατον
3430 2165 3629 2218 παίδων
3656 2184 3746 2235 μη-

2170 2254 2329 2325 τέρα,
2358 2254 2454 2307 καὶ
2500 2253 2707 2306 τούτων
2759 2253 3122 2324 ἐπιδεομένων
3176 2257 3405 2326 μητρός.
3458 2256 3640 2310 Ταῦτα
3679 2257 3749 2319 τίς

2175 2345 2276 2415 μὲν
2304 2344 2519 2398 ἀκούων
2537 2382 2554 2408 ,
2577 2346 2678 2398 οὐκ
2704 2346 2769 2400 ἂν
2793 2346 3082 2418 δακρύσειε
3105 2365 3119 2414 ;
3159 2347 3242 2411 τίς
3267 2349 3324 2400 δὲ
3364 2347 3554 2400 παθὼν
3584 2365 3752 2417 καρτε-

2173 2439 2261 2509 ρεῖ
2296 2440 2372 2507 μὴ
2401 2437 2628 2508 γνώμην
2655 2438 2962 2509 εὐτυχήσας
3003 2439 3104 2510 τὴν
3137 2441 3272 2509 σήν;
3322 2439 3630 2509 Πέπεισμαι
3662 2440 3752 2510 γάρ

481 2477 746 2541 audiens,
808 2490 913 2528 non
974 2476 1174 2531 ﬂeret?
1225 2476 1360 2542 Qnis
1412 2490 1546 2531 vero
1585 2491 1780 2545 passus
1832 2476 2072 2546 perferat
2173 2476 2544 2546 ις··δ··;ι“νι;

2170 2529 2303 2584 ὡσεὶ
2357 2529 2657 2600 Σωκράτην
2701 2530 3057 2603 πειθόμενος,
3094 2531 3225 2601 πρίν
3270 2550 3322 2586 τι
3377 2533 3592 2596 παθεῖν,
3641 2532 3754 2586 αὐτὸ

482 2585 590 2624 non
662 2571 971 2627 consentire
1030 2567 1246 2624 tecum?
1302 2567 1630 2623 Persuasum
1683 2570 1830 2624 enim
1896 2570 2071 2625 habeo
2171 2567 2667 2640 ζ”ἶῗξηέῖἶίηξξζί
2707 2567 2902 2640 "‘1'?"
2907 2567 3057 2596 ⁵““”
3101 2567 3224 2640 ’ῘΪἾ
3271 2567 3322 2640 κζ’
3373 2567 3592 2640 ,⁶““,“’“”
3641 2567 3673 2633 ἶ

482 2661 706 2727 perinde
721 2675 782 2714 ac
806 2660 849 2713 si
875 2660 1157 2716 Socratem
1181 2659 1536 2727 persuadens,
1554 2667 1845 2728 antequam
1864 2659 2071 2729 aliquid

2176 2622 2532 2691 ἐνεγυμνάσω
2557 2623 2670 2685 τοῖς
2703 2624 3020 2694 πράγμασι,
3043 2622 3214 2677 πολλά
3239 2625 3340 2693 μὲν
3364 2623 3509 2696 ὁρῶν
3533 2623 3752 2686 τοιαῦτα,

483 2764 678 2818 passus
709 2750 902 2813 fueris,
945 2750 1078 2805 illud
1126 2750 1300 2820 ipsum
1345 2749 1513 2804 fuisse
1556 2760 1840 2817 expertum
1884 2753 2070 2816 rebus,

2176 2713 2386 2766 πολλῶν
2414 2715 2472 2768 δὲ
2501 2714 2882 2786 διηγουμένων
2917 2717 3171 2770 ἀκούων·
3217 2718 3268 2770 τί
3312 2718 3425 2789 γὰρ
3473 2718 3580 2772 τῶν
3620 2717 3755 2788 χαλε-

483 2841 655 2894 multa
689 2839 889 2894 similia
929 2840 1226 2904 videntem,
1261 2847 1354 2893 aut
1386 2839 1556 2894 multa
1599 2851 1817 2895 narrata
1847 2843 2073 2897 audien-

2176 2807 2292 2862 πῶν
2324 2808 2458 2877 ἡμῖν
2479 2808 2579 2860 οὐκ
2605 2807 2731 2876 ἄγει
2755 2809 2848 2862 τὸν
2881 2808 3030 2878 βίον;
3064 2810 3118 2862 τί
3157 2809 3214 2862 δὲ
3257 2809 3540 2878 θαλάττης
3566 2811 3756 2865 δείκνυο

483 2940 615 2997 tem,
649 2946 769 2999 quae
805 2932 948 2986 enim
988 2945 1074 2986 res
1109 2930 1323 2985 funesta
1386 2931 1546 2986 nobis
1588 2946 1695 2985 non
1744 2933 1943 3000 abripit
1993 2933 2074 2988 vi-

2176 2915 2260 2951 σιν
2291 2901 2640 2971 ἡμερώτερον
2662 2920 2676 2968 ;
2699 2904 2726 2955 ὁ
2751 2903 2849 2971 μὲν
2872 2902 3090 2973 αἴρεται
3117 2905 3292 2972 μέγας
3311 2920 3325 2936 ·
3353 2907 3384 2958 ό
3404 2904 3462 2957 δὲ
3489 2903 3621 2974 πρὸς
3645 2903 3756 2972 ὕψος

485 3025 641 3077 tam?
679 3025 819 3090 Quid
849 3033 1028 3077 autem
1069 3024 1205 3077 mari
1237 3023 1411 3092 magis
1441 3024 1708 3078 domitum
1747 3027 2074 3082 exhibetur?

2178 2991 2350 3044 ἐλθὼν
2385 2992 2745 3073 προδιδοῦσαν
2774 2995 2901 3064 ἔσχε
2943 2995 3043 3066 τὴν
3087 2996 3292 3067 τύχην,
3323 2996 3426 3050 καὶ⁵
3476 2995 3717 3050 πέπτωκε
3739 3011 3750 3025 ·

484 3114 575 3170 Ille
600 3115 818 3184 quidem
857 3113 1063 3168 tollitur
1097 3128 1346 3182 magnus,
1387 3114 1492 3169 iste
1521 3129 1653 3169 vero
1686 3117 1754 3168 ad
1785 3119 2074 3171 summitao

2179 3085 2273 3137 καὶ
2315 3087 2344 3138 ὁ
2383 3084 2484 3154 μὲν
2512 3087 2661 3156 γηρᾷ
2691 3085 2784 3139 τὸν
2819 3087 3052 3142 θάνατον
3083 3091 3162 3153 είς
3190 3090 3556 3160 παραμυθίαν
3575 3088 3757 3142 αίτῶν⁶

483 3220 594 3266 ιειιι
624 3218 919 3280 provectus
943 3207 1160 3263 fortuna
1186 3209 1433 3278 proditus
1455 3219 1540 3264 est
1571 3219 1624 3263 et
1655 3210 1855 3264 cecidit
1888 3228 1902 3264 :
1933 3226 2074 3266 unus

2176 3178 2205 3230 ὁ
2235 3177 2292 3232 δὲ
2325 3177 2426 3248 πρὸ
2446 3177 2546 3248 τῆς
2569 3178 2710 3250 ἥϐης
2732 3180 3116 3251 ἀνήρπασται·
3140 3185 3314 3252 γαμεῖ
3333 3200 3426 3244 τις
3455 3181 3759 3252 ἐτερος,τὴν

483 3303 744 3367 senescit,
777 3309 1006 3356 mortem
1029 3310 1086 3354 ut
1117 3301 1373 3355 solatium
1425 3301 1737 3370 postulans;
1773 3303 1913 3357 alter
1949 3312 2074 3358 ante

2180 3269 2538 3321 συνοικοῦσαν
2563 3269 2850 3341 ὀδύρεται·
2893 3271 3066 3327 ταῦτα
3116 3273 3208 3328 τὸν
3259 3274 3380 3343 βίον
3423 3273 3650 3344 πληροῖ·
3680 3269 3760 3325 καὶ

2178 3359 2277 3382 -2.-.
2311 3359 2550 3382 'll.-.'__--.
2604 3360 2853 3382 D_E_H_",
2906 3363 3040 3382 1_,',
3076 3381 3110 3382 κγ
3322 3364 3334 3382 Ι
3540 3365 3552 3381 Ι
3636 3363 3732 3382 ενοι

480 3393 762 3460 juventam
790 3392 1000 3448 ablatus
1028 3404 1112 3448 est
1147 3411 1160 3446 :
1197 3407 1422 3446 uxorem
1455 3393 1605 3447 ducit
1650 3395 1873 3463 quidam
1912 3394 2074 3460 alius,

2178 3360 2278 3429 τὴν
2311 3360 2552 3430 Ὀμήρου
2603 3360 2855 3430 βεϐαιοῦν
2903 3363 3185 3432 ἐπείγεται
3233 3364 3494 3435 γνώμην,
3525 3365 3599 3428 ὡς
3628 3363 3762 3418 οὐδὲν

485 3496 801 3541 consortem
825 3485 1156 3541 lamentatur
1190 3501 1204 3538 :
1235 3486 1348 3540 haec
1395 3484 1607 3554 replent
1638 3487 1799 3539 vitam
1836 3503 1849 3539 :
1881 3495 1935 3540 et
1971 3485 2074 3540 Ho-

2179 3450 2528 3521 ἀκιδνότερον
2554 3453 2688 3515 γαῖα
2716 3452 2910 3522 τρέφει
2937 3454 3254 3524 ἀνθρώποιο
3273 3472 3286 3486 ·
3317 3456 3652 3525 πανταχόθεν
3671 3455 3764 3525 γάρ

2179 3539 2478 3610 ψηφίζεται
2507 3540 2566 3592 τδ
2594 3541 2874 3608 δαιμόνιον
2899 3543 3065 3613 μηδὲν
3090 3545 3272 3613 μένειν
3297 3539 3420 3599 οἷον
3443 3547 3538 3599 καὶ
3560 3546 3734 3614 γέγονε
3751 3560 3763 3576 ⁸

2180 3633 2295 3686 ἀλλ’
2328 3633 2380 3686 εἴ
2401 3651 2450 3687 τι
2473 3634 2615 3688 κατά
2631 3634 2757 3686 νοῦν
2788 3635 2938 3688 ἐστιν
2967 3635 3300 3707 ἀνθρώποις,
3330 3638 3570 3709 Μικρὸν,
3592 3639 3764 3708 φησὶν,

2181 3727 2497 3795 ἀνάμεινον,
2524 3726 2619 3780 καὶ
2645 3727 2826 3780 πάντα
2851 3729 3132 3797 οἰχήσεται
3153 3745 3168 3762 ο
3211 3729 3274 3783 τὸ
3322 3730 3428 3799 μὲν
3471 3726 3566 3784 οὖν
3595 3727 3766 3781 παθεῖν

2181 3818 2316 3871 Θεοῦ
2355 3819 2584 3889 προνοίᾳ.
2625 3818 2883 3882 δεδόσθω,
2915 3819 3011 3872 καὶ
3057 3819 3290 3891 νεύματι
3335 3821 3564 3883 πάντως
3602 3817 3764 3880 καλῶς

2181 3910 2369 3978 ἄγοντι
2395 3909 2464 3964 τά
2491 3909 2744 3981 ἡμέτερα
2763 3927 2782 3943 ο
2817 3911 2877 3964 τὸ
2902 3911 2958 3965 δὲ
2986 3911 3174 3980 φέρειν
3193 3913 3220 3966 ὅ
3250 3930 3302 3966 τι
3333 3913 3405 3966 ἂν
3437 3913 3466 3966 ὁ
3498 3912 3628 3975 Θεὸς
3657 3907 3767 3980 διδῷ

2181 4003 2467 4069 γενναίως,
2495 4003 2656 4073 νικᾷν
2708 4001 2858 4056 ἔστιν
2888 4004 3091 4074 ἀρετὴν
3138 4005 3233 4057 καὶ
3269 4003 3344 4075 μὴ
3379 4004 3559 4059 πάντα
3588 4002 3766 4056 διδόναι

2181 4094 2248 4162 τῇ
2273 4092 2438 4162 τύχῃ·
2472 4091 2634 4145 τοῦτο
2668 4091 2780 4162 γὰρ
2823 4095 2937 4156 τοῖς
2986 4095 3216 4162 ἀγαθοῖς
3241 4095 3693 4163 ἐγκαλλώπισμα,
3715 4089 3767 4142 τὸ

2186 4184 2262 4252 μὴ
2305 4183 2406 4254 τὴν
2447 4183 2677 4254 γνώμην
2723 4185 3218 4255 συμμεταπίπτειν
3263 4187 3380 4250 τοῖς
3433 4185 3762 4257 πράγμασιν·

2181 4272 2380 4327 οὐκοῦν
2411 4273 2530 4336 ἃλις
2559 4273 2701 4326 ἔστω
2727 4274 2981 4345 δακρύων
3003 4291 3016 4306 ·
3049 4276 3111 4329 οὐ
3135 4276 3244 4346 γάρ
3269 4292 3362 4344 μιν
3389 4276 3634 4345 αἰτήσεις
3654 4271 3766 4343 πρίν

2181 4382 2236 4417 τι
2269 4364 2440 4418 κακὸν
2470 4364 2600 4418 ἄλλο
2626 4341 2923 4418 eaeaeae
2973 4366 3089 4424 τοῖς
3137 4341 3440 4418 δὲ-παισὶν
3487 4341 3644 4427 αὐτὸς
3689 4341 3803 4415 έςαιυ

2113 4447 2159 4501 ὶ)
2188 4457 2374 4526 μήτηρ
2408 4456 2700 4524 γενήσεται
2723 4474 2736 4487 ·
2786 4458 2882 4508 καὶ
2928 4456 3063 4521 Θεὸς
3079 4458 3198 4522 ,τὰς
3245 4455 3333 4510 ἐπ’
3357 4457 3545 4521 αὐτοῖς
3571 4437 3804 4523 ἐλπίδας,

2191 4551 2269 4613 είς
2299 4549 2461 4620 ἔργον
2489 4549 2606 4616 ἄξει
2629 4547 2708 4621 τῷ
2737 4548 2996 4619 νεύματι.
3791 4533 3802 4577 ⁸

489 3578 626 3632 meri
660 3578 990 3632 confirmare
1038 3579 1286 3647 cogimur
1321 3579 1666 3641 sententiam,
1719 3593 1911 3648 nempe
1959 3594 2080 3647 quze

487 3668 626 3722 nihil
657 3667 893 3722 debilius
923 3678 1063 3722 terra
1102 3673 1309 3723 mttriat
1356 3669 1575 3723 homine
1609 3685 1622 3722 :
1655 3672 1891 3741 undique
1931 3674 2076 3726 enim

486 3761 812 3814 observatur
841 3760 976 3815 nihil
1011 3761 1274 3816 fortunati
1332 3757 1652 3829 permanere
1699 3763 1840 3817 sicut
1867 3775 1921 3818 et
1953 3779 2081 3820 eve-

489 3855 573 3909 nit
603 3875 616 3910 :
649 3853 742 3909 sed
775 3853 821 3909 si
855 3853 982 3921 quid
1013 3853 1310 3908 secundum
1348 3857 1589 3907 animum
1633 3856 1704 3909 sit
1745 3857 2076 3921 hominibus,

489 3961 708 4016 parum,
741 3945 1019 4014 inquiunt,
1062 3946 1364 4000 remanebit
1397 3957 1452 3999 et
1489 3946 1668 3999 omnia
1700 3947 1945 4002 abibunt.
1978 3947 2082 4018 lgi-

485 4050 585 4095 tur
635 4039 971 4109 spatiamur,
1022 4039 1152 4092 illud
1206 4038 1300 4094 Dei
1333 4041 1673 4108 providentia
1718 4041 1957 4109 permitti
1987 4058 2070 4097 co-

491 4131 742 4186 tnedatur
789 4140 846 4185 et
879 4131 1162 4184 voluntate
1210 4147 1332 4200 quae
1385 4135 1607 4187 omnino
1665 4132 1804 4187 bene
1841 4133 2082 4202 disponit

493 4232 685 4278 nostra
721 4239 738 4276 :
777 4237 1117 4293 quaecunque
1165 4233 1346 4277 autem
1393 4224 1636 4290 perferre
1685 4225 1829 4278 Deus
1868 4225 2082 4280 dederit

493 4315 740 4377 fortiter,
771 4315 991 4369 vincere
1041 4315 1294 4368 virtutem
1345 4329 1568 4369 necesse
1600 4323 1705 4378 est,
1759 4330 1859 4370 nec
1897 4318 2079 4370 omnia

495 4411 713 4465 tradere
738 4409 973 4464 fortuna:
1009 4428 1024 4464 :
1064 4410 1194 4465 illud
1235 4411 1379 4463 cnim
1410 4410 1569 4464 l-onis
1599 4409 1916 4481 gloriosum,
1964 4411 2080 4464 ani-

421 4561 426 4566 _
495 4517 644 4555 mum
671 4503 832 4557 rebus
851 4517 956 4556 non
973 4502 1153 4556 obviis
1179 4518 1194 4554 :
1224 4501 1408 4570 itaque
1429 4502 1565 4556 satis
1588 4501 2038 4570 sitlacrymarum
2067 4519 2080 4554 :

495 4610 604 4648 non
639 4596 784 4650 enim
813 4595 958 4648 illam
1011 4594 1312 4664 postulabis
1356 4605 1649 4663 antequam
1691 4594 1892 4663 aliquid
1942 4595 2088 4647 aliud

499 4687 696 4744 malum
752 4687 1029 4757 patiaris:
1068 4685 1366 4740 infantibus
1416 4695 1598 4740 autem
1656 4686 1778 4755 ipse
1811 4695 1866 4740 et
1913 4698 2090 4739 mater

494 4781 602 4836 erit
635 4798 649 4835 :
683 4789 739 4835 et
772 4778 916 4836 Deus
947 4794 1073 4849 Spes
1105 4779 1284 4847 quoad
1331 4779 1477 4847 ipsos
1513 4779 1758 4848 perficiet
1787 4778 2086 4832 voluntate.
2715 4813 2850 4869 M1».
2890 4813 3255 4885 NEgTopm.

991 4890 1173 4946 ΧῙᾸΙΙ·
1217 4889 1584 4947 ΝΕδΤΟΝΟσ
2264 4908 2478 4980 Ἥσθην
2514 4925 2610 4961 σου
2661 4909 2729 4978 τῇ
2778 4907 2918 4975 καλῇ
2965 4906 3062 4960 καὶ
3113 4905 3236 4958 λίαν
3279 4905 3563 4975 ἐπιστολῇ,
3588 4901 3653 4957 τά
3685 4899 3768 4972 μὲν

567 5000 836 5059 Gaudium
873 5003 1057 5058 attulit
1091 5013 1181 5057 tua
1226 5003 1466 5072 jucunda
1524 5003 1690 5059 nimis
1727 5006 1982 5074 epistola,
2021 5021 2074 5062 ex

2191 5001 2606 5073 ἀπολογουμένῃ
2635 5000 2766 5070 περὶ
2807 5001 2907 5069 τῆς
2959 5000 3181 5070 μακρᾶς
3214 5002 3448 5070 σιωπῆς,
3488 5000 3558 5068 ἢν
3604 4997 3648 5047 εί
3689 4992 3766 5044 καὶ

498 5107 603 5146 una
657 5106 810 5163 parte
859 5109 1128 5149 excusans
1185 5095 1506 5148 diuturnum
1573 5096 1852 5150 silentium
1882 5135 1898 5161 ,
1944 5112 2074 5166 quat

2192 5092 2458 5156 πολλάκις
2488 5091 2819 5163 ἐγεγράφεις
2839 5132 2854 5156 ,
2888 5087 2948 5144 εὖ
2997 5108 3088 5160 μοι
3118 5093 3250 5160 γοῦν
3281 5091 3470 5159 ἐσίγας
3503 5088 3658 5158 μέχρι
3685 5083 3765 5142 τὰς

497 5199 811 5256 quanquam
839 5202 980 5256 stupe
1009 5187 1352 5254 scripsisses,
1385 5186 1520 5241 bene
1551 5189 1680 5242 mihi
1715 5189 1927 5245 scilicet
1965 5205 2074 5245 ser-

2192 5186 2486 5248 ἐπιστολὰς
2520 5185 2820 5254 ἐδεξάμην·
2859 5184 2928 5236 τὰ
2967 5183 3025 5236 δὲ
3072 5185 3168 5237 καὶ
3201 5183 3319 5237 λίαν
3347 5181 3674 5252 ἐπιτιμώσῃ,
3702 5177 3766 5228 ὅτ·

499 5278 670 5331 vabas
722 5276 900 5332 donec
950 5279 1163 5333 litteras
1221 5280 1406 5348 accepi
1449 5294 1560 5333 :ex
1607 5281 1779 5335 altera
1826 5290 1882 5336 et
1933 5281 2074 5338 valde

2194 5296 2289 5332 σου
2322 5279 2422 5349 τὴν
2449 5277 2622 5348 ἀρχὴν
2656 5278 2947 5332 ἐνεκάλουν
2981 5278 3174 5346 σιγήν·
3206 5275 3383 5346 ἥσθην
3409 5277 3573 5344 ἄμφω
3601 5268 3769 5329 ταῦτα,

500 5375 910 5444 repreltcndens
943 5377 1084 5443 quod
1129 5377 1180 5430 in
1213 5376 1483 5445 principio
1527 5374 1804 5430 silentium
1859 5375 2046 5430 incusa

2197 5370 2274 5441 μά
2302 5369 2430 5432 τοὺς
2465 5369 2650 5432 θεούς·
2681 5370 2742 5422 τὸ
2778 5371 2877 5440 μὲν
2902 5370 3011 5440 γάρ
3036 5370 3133 5439 οὐχ
3165 5369 3546 5440 ἡμαρτηκότος
3575 5361 3638 5434 ἦν
3661 5377 3751 5426 περ

501 5465 624 5520 bant
657 5483 672 5520 :
705 5465 816 5520 [me
851 5468 956 5519 duo
986 5466 1116 5521 mihi
1153 5467 1413 5535 gaudium
1447 5466 1746 5520 attulerunt
1779 5481 1874 5536 per
1916 5475 2074 5520 deos:

2194 5463 2382 5532 φίλους
2405 5478 2419 5490 ·
2449 5463 2512 5514 τὸ
2543 5462 2598 5514 δὲ
2625 5462 2760 5533 μηδὲ
2809 5461 3142 5533 βουλομένου
3173 5462 3418 5515 τοιούτου
3451 5461 3628 5527 τυχεῖν
3647 5473 3659 5484 ·
3685 5453 3768 5521 ἥτ-

502 5575 666 5613 ιιιιιιιιι
725 5559 871 5613 ειιὶιη
910 5567 1031 5613 erat
1082 5558 1315 5627 alicujus
1367 5573 1472 5612 non
1525 5556 1862 5612 deflectcutis
1911 5573 2074 5626 quoat

2193 5574 2367 5626 τημαι
2397 5557 2575 5609 τοίνυν
2606 5554 2823 5626 σιωπὴν
2871 5553 3174 5623 ἐγκαλέσας
3197 5571 3211 5583 ·
3256 5554 3352 5606 καὶ
3399 5550 3679 5622 βουλοίμην
3715 5541 3770 5594 ἂν

503 5651 707 5706 amicos
737 5667 752 5705 :
783 5649 1008 5705 alterum
1035 5665 1142 5703 non
1185 5646 1423 5702 volentis
1448 5663 1686 5717 unquam
1728 5647 1852 5702 talis
1895 5662 2074 5701 occur-

2193 5648 2487 5710 διαπαντὸς
2538 5648 2598 5700 ἐν
2641 5645 2819 5717 τούτῳ
2871 5647 3165 5702 νικᾶσθαι·
3203 5645 3461 5714 δέδεγμαι
3490 5642 3544 5696 δέ
3576 5655 3663 5692 σου
3686 5633 3768 5692 τὰς

507 5743 854 5801 ι-ειετνίειιιε
888 5742 1048 5814 igitur
1067 5741 1141 5798 fui
1171 5739 1449 5797 silentium
1474 5739 1733 5796 incusans
1767 5757 1779 5793 :
1811 5747 1865 5793 ct
1899 5737 2074 5795 vclleu

2198 5740 2486 5806 ἐπιστολὰς
2535 5739 2714 5812 χρόνῳ
2768 5740 2863 5794 καὶ
2919 5741 3113 5811 μόλις·
3174 5739 3269 5793 καὶ
3319 5741 3354 5810 ἦ
3403 5753 3464 5807 γε
3519 5729 3662 5801 παρά
3687 5723 3766 5779 σοῦ
