3978 6428
323 303 473 369 9753

1775 296 2187 357 EPISTOL/E.

3471 302 3614 366 2⁵154

323 419 523 492 πρώτη
571 419 709 488 πρὸς
753 417 901 488 ἡμᾶς
952 416 1180 485 ἀφῖκται
1226 416 1484 488 δευτέρα·
1540 417 1629 468 σὺν
1671 415 1714 468 δ’
1740 416 1805 468 ἂν
1841 414 1907 467 εῖτ

2033 429 2249 481 semper
2310 412 2361 465 in
2435 413 2539 466 hoc
2593 412 2732 467 vinci
2767 430 2781 467 :
2817 413 2990 482 recepi
3056 422 3175 469 tuas
3225 416 3429 472 litteras
3494 428 3613 473 tan-

324 514 575 577 σκοπεῖν,
600 512 676 575 ὡς
702 511 751 563 εί
775 509 949 563 δοκῶν
983 507 1288 563 ἀδικεῖσθαι
1319 508 1574 561 τοσοῦτον
1603 506 1915 577 κατηγορῶ,

320 606 407 669 τίς
437 605 502 658 ἂν
532 602 791 673 γενοίμην
823 602 990 663 ὅντως
1024 601 1246 665 παθών;

862 869 992 921 MA'.
1037 865 1372 937 ΣΤΕΦΑΝῼ.

392 964 467 1016 Σὺ
501 962 599 1033 μὲν
634 958 714 1013 ἔτι
755 961 946 1029 σιγᾷς·
1000 958 1095 1010 καὶ
1134 956 1311 1010 ταῦτα
1353 955 1453 1026 τὴν
1483 957 1699 1024 Δάφνην
1728 955 1914 1019 οἰκῶν,

317 1050 386 1102 τὸ
432 1048 594 1101 λάλον
638 1046 787 1116 ὕδωρ
830 1048 1009 1099 ἐκεῖνο
1053 1045 1150 1099 καὶ
1201 1046 1500 1116 μαντικόν·
1528 1044 1640 1113 ἐγὼ
1666 1048 1723 1100 δὲ
1754 1046 1917 1099 πάλιν

318 1140 649 1214 περισκοπῶ
678 1140 775 1203 τὰς
809 1138 1067 1202 ὁλκάδας,
1104 1139 1382 1211 μετέωρος
1409 1139 1500 1195 ἀεὶ
1532 1140 1669 1210 πρὸς
1696 1141 1757 1192 τὸ
1787 1140 1907 1209 μέλ-

315 1234 412 1287 λον
442 1234 727 1303 γινόμενος
752 1248 764 1261 ·
793 1233 848 1284 ai
875 1231 932 1284 δέ
966 1250 1068 1285 που
1097 1232 1423 1303 καταίρουσι
1450 1232 1546 1285 καὶ
1572 1231 1797 1300 δευτέρα
1822 1231 1916 1285 καὶ

312 1326 499 1396 τρίτη,
534 1325 628 1377 καὶ
660 1324 729 1377 τὰ
758 1322 882 1376 καθ’
907 1323 1054 1393 ἡμᾶς
1082 1322 1451 1393 διελέγχουσιν
1474 1323 1552 1388 ὡς
1584 1325 1744 1394 μόνον
1772 1319 1914 1395 ἦσαν

312 1416 539 1479 ἐλπίδες
561 1432 574 1447 ·
612 1417 712 1485 τὴν
756 1414 814 1469 δὲ
858 1414 961 1483 τῆς
1002 1415 1160 1484 σιγῆς
1197 1414 1379 1468 αίτίαν
1413 1415 1623 1478 σκοπῶ,
1653 1417 1747 1469 καὶ
1773 1431 1912 1469 παν-

311 1507 550 1576 ταχόθεν
591 1507 920 1576 ἠπόρημαι·
968 1506 1016 1557 εί
1063 1505 1163 1576 μὲν
1190 1505 1301 1574 γάρ
1337 1522 1390 1559 τι
1416 1505 1697 1577 λελύπηκα
1732 1507 1911 1562 καίτοι

311 1599 569 1669 λυπήσας
603 1599 802 1669 μηδὲν,
836 1598 1012 1651 ταῦτα
1047 1597 1149 1667 μὲν
1177 1597 1410 1667 οἰχέσθω
1439 1598 1536 1651 καὶ
1568 1599 1788 1670 φέροιεν
1812 1596 1912 1653 αὖ-

314 1705 447 1760 ραι·
503 1689 679 1760 μείζω
703 1690 747 1741 δ’
775 1684 869 1742 οὖν
898 1689 1047 1758 ὅμως
1075 1686 1184 1742 τῶν
1212 1689 1577 1760 ἐγκλημάτων
1605 1690 1910 1762 ὑφίσταμαι

2024 507 2145 558 dem
2210 514 2264 560 et
2309 503 2575 559 diﬂicile:
2628 516 2685 560 et
2735 506 2923 575 primae
2978 523 3112 577 quas
3155 507 3351 563 misisti
3397 511 3464 564 ad
3510 525 3614 566 nos

2023 599 2276 653 secundae
2332 598 2990 653 veneriintzconsideres
3049 600 3236 669 igitur,
3295 601 3341 655 si
3396 611 3606 657 tantum

2025 701 2348 743 accusarem
2388 688 2587 759 injuria
2620 688 2758 745 allici
2796 691 3047 757 credens,
3076 690 3252 763 qualis
3284 706 3459 749 essem
3488 708 3611 750 rea-

2023 778 2149 834 liter
2182 793 2398 850 passus.

2517 872 2706 929 XLIV.
2738 872 3127 930 STEPIIANO.

2093 962 2172 1019 Tu
2205 964 2421 1035 quidem
2461 966 2641 1021 adhuc
2668 967 2821 1032 siles,
2854 976 2908 1019 tu
2932 968 3024 1037 qui
3078 966 3316 1037 Dapbnm
3368 968 3600 1037 habitas,

2027 1071 2201 1128 prepe
2222 1072 2415 1127 aquam
2460 1055 2608 1111 illaut
2635 1058 2919 1129 loquacem
2956 1068 3013 1113 et
3059 1061 3458 1129 propheticam.
3494 1061 3608 1132 Ego

2034 1156 2216 1201 autem
2248 1148 2834 1218 rursuscircumspicio
2863 1164 3051 1213 naves,
3101 1158 3342 1203 attentus
3363 1152 3429 1203 ad
3465 1151 3608 1204 futu-

2020 1253 2141 1292 rum
2175 1236 2374 1293 factus.
2409 1237 2541 1305 Qum
2572 1238 2792 1308 quidem
2851 1239 3203 1308 appelluntur
3253 1248 3310 1294 et
3362 1242 3604 1296 secunda

2016 1338 2071 1383 et
2102 1329 2283 1393 tertia,
2343 1337 2400 1383 et
2460 1328 2595 1382 nihil
2646 1329 2796 1384 aliud
2842 1330 3148 1385 ostendunt
3199 1345 3361 1400 quam
3418 1332 3609 1387 irritas

2014 1419 2185 1476 fuisse
2230 1436 2354 1490 spes
2388 1430 2626 1478 nostras.
2684 1419 2784 1474 Tui
2844 1421 3046 1475 silentii
3100 1436 3319 1477 causam
3375 1422 3609 1480 investi-

2015 1528 2173 1584 gans,
2239 1514 2483 1585 undique
2532 1513 2730 1569 dubius
2767 1513 2991 1568 ﬂuctuo.
3045 1512 3102 1568 Si
3152 1516 3298 1569 enim
3333 1525 3384 1568 te
3424 1514 3608 1584 aliquo

2017 1605 2179 1661 modo
2212 1607 2532 1661 contristavi
2568 1606 2839 1676 (quamvis
2873 1607 3096 1661 minime
3121 1608 3604 1674 contristaverin.),

2018 1698 2120 1754 hoc
2164 1699 2416 1754 abeundo
2442 1700 2693 1754 auferant
2724 1714 2869 1754 anne
2908 1715 2923 1751 :
2958 1700 3220 1767 majorem
3254 1713 3384 1769 ergo
3402 1700 3606 1755 nihilu-

306 1783 490 1854 δίκην,
518 1785 567 1836 εἰ
599 1782 675 1852 μὴ
707 1781 997 1845 λαλοῦντος
1041 1783 1384 1853 ἀκούσομαι·
1428 1785 1478 1837 εί
1527 1783 1586 1838 δὲ
1630 1784 1907 1855 τηνάλλως

2016 1789 2193 1844 minus
2251 1789 2570 1845 criminibus
2623 1790 2760 1843 meis
2812 1790 2983 1844 subeo
3038 1804 3279 1859 ptenam,
3347 1793 3392 1843 si
3426 1800 3604 1845 tenuit

306 1877 518 1949 ἀκκίζῃ
570 1876 644 1947 μὴ
687 1876 948 1931 δύνασθαι
974 1876 1149 1945 λέγων
1180 1879 1260 1941 εἰς
1287 1878 1483 1942 κάλλος
1516 1880 1689 1933 εἰπεῖν
1711 1919 1726 1944 ,
1755 1880 1912 1935 δικα-

310 1972 439 2022 σταὶ
464 1970 672 2022 τούτων
698 1970 880 2040 ἡμεῖς,
908 1971 1003 2024 καὶ
1032 1971 1132 2041 τὴν
1159 1971 1341 2024 αἰτίαν
1369 1972 1704 2042 μεμφόμεθα
1725 1988 1742 2005 ·
1781 1972 1911 2026 ἀλλ’

306 2061 415 2132 ἤδη
442 2079 544 2114 που
567 2060 709 2132 τάχα
734 2061 793 2115 τὸ
809 2062 1044 2132 πρᾶγμα
1069 2063 1432 2135 μαντεύομαι,
1462 2065 1599 2134 μηδὲ
1621 2066 1724 2135 τὴν
1773 2066 1911 2135 ὑμε-

302 2153 480 2224 τέραν
527 2153 746 2221 Aci-{.qu
796 2152 968 2207 πιών·
1019 2153 1284 2226 ἑρυθριᾷν
1318 2156 1514 2228 φήσεις
1544 2156 1621 2220 ὡς
1651 2158 1911 2228 παραϐὰς

302 2244 413 2313 τὴν
452 2243 773 2313 ὑπόσχεσιν,
803 2244 897 2298 καὶ
939 2245 1041 2307 τὰς
1080 2244 1357 2315 συνθήκας
1387 2246 1679 2317 ὑπεριδὼν.
1712 2250 1807 2302 καὶ
1849 2248 1911 2302 τὸ

302 2334 520 2404 βιϐλίον
547 2335 670 2404 ἕχον
701 2351 807 2388 που
838 2334 1021 2407 τρίτον
1049 2336 1083 2408 ἢ
1113 2336 1376 2408 τέταρτον
1401 2337 1524 2401 ἔτος
1553 2338 1710 2392 τουτὶ
1732 2380 1745 2399 .
1775 2341 1804 2392 ό
1833 2340 1907 2411 μὴ

298 2427 369 2479 δὲ
393 2426 574 2495 τρίτον
608 2429 755 2497 μῆνα
776 2427 1028 2495 καθέξειν
1062 2428 1540 2499 ἐπαγγειλάμενος
1560 2445 1575 2459 ·
1605 2431 1780 2483 ταῦτα
1801 2431 1910 2484 τοί·

302 2537 408 2573 νυν
443 2522 492 2573 εί
524 2519 623 2587 μὲν
650 2518 960 2590 ἀχθόμενος
994 2520 1160 2592 ἐρεῖς,
1191 2520 1350 2591 δόξης
1386 2522 1462 2591 μὴ
1493 2522 1664 2575 πλείω
1715 2523 1908 2592 χρόνον

306 2616 635 2685 κρατήσεις,
671 2610 767 2667 καὶ
793 2615 894 2684 τὴν
924 2616 1140 2685 σιωπὴν
1175 2615 1581 2683 ἀποδεξάμενος
1608 2616 1670 2669 τὸ
1699 2616 1908 2686 σύμϐο-

305 2706 403 2757 λον
451 2706 553 2775 τῆς
598 2705 805 2769 αίδοῦς,
837 2705 996 2775 δόξης
1030 2704 1106 2778 μὴ
1136 2706 1311 2761 πλείω
1342 2707 1535 2780 χρόνον
1565 2710 1865 2779 κρατήσεις
1888 2724 1903 2739 ·

296 2805 379 2871 τῇ
411 2801 628 2871 ἀνάγκη
647 2800 709 2853 τὸ
734 2800 971 2872 πρᾶγμα
989 2800 1277 2872 λογίζομαι
1296 2819 1312 2834 ·
1339 2802 1518 2855 καίτοι
1542 2800 1752 2871 βιϐλίον
1776 2802 1908 2872 ὑμῖν

300 2890 581 2959 δεδωκὼς,
605 2885 668 2946 οὗ
692 2892 790 2964 τὴν
816 2893 984 2965 τιμὴν
1011 2893 1225 2947 οὐδέπω
1246 2894 1342 2948 καὶ
1366 2893 1462 2948 νῦν
1482 2894 1871 2964 καταϐέϐληκα
1889 2911 1904 2927 ·

303 2984 428 3038 ἀλλ’
478 2984 676 3054 ἄδηλον
702 2985 817 3038 εἴτε
871 2984 967 3038 τοῦ
1015 2982 1429 3057 πιπράσκοντός
1459 2987 1637 3052 ὲστιν,·
1665 2985 1778 3039 εἴτε
1810 2984 1907 3040 τοῦ

302 3078 603 3142 δεδωκότος
652 3077 820 3149 ὁμοῦ·
871 3079 988 3174 ἀλλ’
1014 3080 1165 3148 ὅμως
1210 3077 1368 3174 οδδὲν
1420 3077 1675 3174 ἐμποδὼν
1719 3082 1786 3150 τῇ
1836 3081 1904 3150 σῇ
1932 3116 1976 3174 C

302 3168 471 3241 χρείᾳ
503 3168 811 3239 πεποίημαι
830 3186 844 3201 ·
872 3168 934 3223 οὑ
964 3170 1026 3223 τὸ
1053 3169 1148 3223 τοῦ
1178 3168 1462 3240 κτήματος
1494 3168 1691 3239 ἄδηλον
1710 3185 1725 3202 ·
1753 3171 1813 3222 οὐ
1846 3170 1906 3224 τὸ

298 3262 421 3315 δεῖν
451 3259 513 3325 ἐξ
533 3259 703 3315 αὐτοῦ
737 3277 789 3314 τι
825 3261 1043 3330 μαθεῖν·
1073 3261 1210 3315 ἀλλὰ
1240 3262 1420 3316 πάντα
1446 3261 1692 3334 παριδὼν
1716 3305 1730 3327 ,
1767 3263 1907 3332 μετὰ

303 3351 521 3407 πολλῶν
536 3350 602 3406 ἄν
635 3368 718 3406 σοι
746 3354 1043 3424 παρέσχον,
1072 3354 1124 3406 εί
1154 3355 1248 3407 καὶ
1273 3354 1437 3408 τοῦτο
1459 3356 1637 3409 ποιεῖν
1669 3355 1909 3425 συνεχώ-

298 3460 455 3510 pacat
476 3458 490 3473 ·
537 3445 690 3515 ὅμως
717 3443 872 3499 οὐδὲν
897 3444 1073 3498 δεινδν
1114 3448 1163 3499 si
1213 3446 1379 3517 μέχρι
1409 3444 1505 3500 τοῦ
1535 3445 1634 3501 νῦν
1657 3447 1817 3519 ὁρίζῃ
1845 3447 1908 3499 τὸ

303 3534 542 3608 βράὸος·
592 3537 643 3589 εί
694 3536 752 3589 δὲ
803 3537 1139 3610 προσθήσεις
1181 3537 1298 3604 ἔτι,
1330 3539 1589 3594 τοσοῦτον
1611 3539 1907 3593 ἀπολαύσω

301 3625 406 3680 τοῦ
436 3628 766 3698 πράγματος
812 3627 895 3682 δτι
940 3628 1008 3700 δὴ
1037 3630 1251 3693 πάντας
1280 3631 1544 3691 ἀπίστους
1582 3633 1862 3703 ἡγήσομαι
1887 3647 1903 3662 ·

304 3718 361 3771 τί
397 3717 509 3788 γὰρ
542 3716 610 3770 ἂν
637 3716 946 3788 ὲλπίσαιμι,
971 3720 1123 3790 παρὰ
1154 3717 1250 3772 σοῦ
1272 3721 1502 3775 τοιαῦτα
1530 3722 1753 3788 παθώνς
1779 3722 1907 3775 ἀλλ’

204 3872 212 3879 _
305 3808 411 3879 οὐχ
441 3809 469 3862 δ
519 3824 583 3877 γε
618 3805 931 3879 σοφώτατος
965 3808 1217 3881 Ἰωάννης
1246 3811 1514 3878 τοιοῦτος,
1548 3811 1610 3876 δς
1636 3812 1695 3866 ἓν
1724 3812 1906 3866 λαϐὼν

303 3902 442 3973 παρ’
474 3899 635 3971 ἐμοῦ,
673 3899 796 3972 μετ’
818 3901 883 3956 οὐ
928 3901 1101 3955 πολὺν
1129 3903 1325 3975 χρόνον
1370 3904 1627 3976 δεύτερον
1657 3922 1907 3976 προσαπ-

303 3995 586 4049 έστειλεν·
620 3993 796 4058 οὕτως
827 3995 1130 4067 εὐγνώμων
1176 3997 1358 4052 δοκεῖν
1404 3997 1566 4068 ἠθελε
1619 3998 1820 4069 μᾶλλον
1868 3998 1901 4069 ἢ

306 4083 611 4153 κεκτῆσθαι
641 4083 865 4155 βιϐλίον·
896 4087 995 4139 καὶ
1023 4087 1099 4160 μή
1131 4103 1222 4157 μοι
1255 4085 1404 4156 λέγε,
1427 4090 1503 4153 ὡς
1533 4090 1648 4143 οὐκ
1674 4092 1904 4161 ἀπορεῖν

306 4176 510 4230 ὲθέλων
544 4178 838 4248 κατέσχον·
870 4177 1034 4232 τοῦτο
1057 4181 1159 4249 μὲν
1190 4179 1301 4251 γὰρ
1323 4181 1579 4252 τυγχάνω
1608 4183 1906 4251 πεπεισμέ-

252 4325 263 4335 ,
308 4287 422 4334 νος,
454 4269 551 4323 καὶ
591 4271 685 4322 ἐπὶ
735 4269 910 4340 μέγαν
955 4270 1119 4341 ὅρκον
1168 4271 1449 4344 ὀμοῦμαι·
1499 4271 1616 4327 ἀλλ’
1644 4274 1745 4327 οὐκ
1796 4273 1905 4327 ἔδει

211 4413 266 4623 ί

310 4364 637 4432 παρατεῖναι
666 4362 746 4433 τῷ
778 4362 966 4433 βράδει
986 4378 1001 4394 ·
1031 4365 1168 4419 ὅπου
1197 4381 1261 4433 γε
1293 4366 1389 4419 καὶ
1428 4363 1547 4420 ἴσον
1573 4366 1803 4422 δύναται
1827 4362 1906 4437 τῷ

2016 1883 2232 1936 audiam
2268 1882 2601 1953 loquentem.
2655 1882 2713 1937 Si
2757 1882 2896 1937 forte
2942 1884 3099 1952 quasi
3142 1883 3423 1939 delicatior
3456 1886 3606 1939 dicos

2017 1982 2071 2027 te
2108 1989 2214 2029 non
2250 1975 2499 2043 potuisse
2530 1975 2594 2028 ad
2626 1990 2859 2043 unguem
2898 1976 3086 2042 loqui;
3125 1991 3247 2039 nos,
3279 1976 3355 2030 tui
3386 1974 3606 2043 iudices

2019 2065 2170 2129 facti,
2210 2066 2355 2122 lianc
2386 2081 2607 2120 causam
2638 2068 3031 2136 vituperamus.
3087 2067 3193 2121 Sed
3219 2066 3331 2135 jam
3361 2082 3461 2138 ego
3490 2083 3604 2121 rem

2023 2155 2252 2211 forsilan
2314 2172 2571 2228 auguror,
2634 2159 2885 2224 quamvis
2948 2157 3184 2227 Daphute
3230 2158 3434 2213 fontem
3495 2174 3603 2213 non

2012 2248 2267 2304 biberim.
2332 2249 2557 2303 Diceste
2590 2249 2789 2319 pudere
2823 2249 2966 2317 quod
3016 2261 3141 2317 ego,
3207 2250 3367 2303 iidem
3416 2259 3604 2303 trans-

2026 2350 2247 2409 gressus
2275 2345 2330 2392 et
2361 2336 2538 2408 pactis
2584 2352 2688 2393 non
2717 2348 2890 2401 stans,
2946 2352 2974 2390 a
3012 2338 3224 2393 duobus
3276 2339 3358 2393 vel
3426 2339 3603 2395 tribus

2023 2430 2185 2485 anuis
2229 2430 2371 2485 hunc
2408 2431 2580 2500 ipsum
2612 2429 2897 2484 habuerim
2942 2429 3177 2493 librum,
3243 2445 3405 2499 quem
3463 2447 3602 2484 tutu-

2010 2518 2274 2576 tiaveraiu
2318 2534 2386 2576 ne
2433 2530 2546 2575 tres
2576 2521 2798 2592 quidem
2835 2534 3055 2575 menses
3089 2522 3219 2575 mibi
3253 2524 3599 2577 retinendqu

2008 2626 2155 2670 esse.
2191 2613 2252 2668 ld
2283 2612 2329 2666 si
2356 2622 2510 2667 ratus
2541 2613 2771 2678 dixeris,
2805 2628 2915 2666 non
2950 2612 3154 2668 diutius
3189 2629 3305 2666 mea
3333 2615 3601 2682 gaudebis

2015 2706 2469 2770 existimatione;
2509 2705 2553 2759 si
2578 2707 2857 2760 silentium
2906 2720 3005 2775 pro
3047 2706 3272 2774 pudoris
3314 2706 3470 2775 signo
3499 2707 3602 2759 ba-

2011 2798 2216 2859 bueris,
2260 2810 2366 2850 non
2422 2798 2628 2852 diutius
2687 2802 2824 2852 bona
2868 2798 3071 2853 frueris
3121 2800 3404 2869 Opinione.
3466 2799 3605 2854 Fato

2015 2902 2129 2942 rem
2165 2887 2407 2944 tribuo‘:
2449 2900 2503 2943 tu
2539 2890 2757 2958 quidem
2796 2889 2995 2944 librum
3053 2891 3207 2945 nobis
3237 2890 3455 2953 dedisti.
3505 2908 3601 2945 cu-

2004 2981 2095 3050 jus
2155 2983 2395 3052 pretium
2450 2981 2691 3036 nondum
2752 2981 2925 3049 scivi;
2991 2982 3088 3037 sed
3142 2982 3412 3038 incertum
3477 2993 3603 3038 erat

2012 3083 2195 3127 utrum
2233 3073 2564 3127 venderetnr
2589 3088 2657 3125 an
2683 3088 2747 3126 cx
2784 3087 2934 3127 mera
2970 3075 3197 3129 daretur
3247 3074 3600 3131 liberalitate.

2010 3163 2352 3234 Casteroquin
2387 3164 2594 3219 nullum
2627 3167 2930 3220 commodis
2966 3166 3073 3221 tuis
3111 3167 3267 3222 attuli
3296 3170 3598 3223 detrimen-

2013 3266 2151 3323 tum,
2182 3271 2285 3311 nec
2323 3264 2596 3326 quatenus
2628 3257 2836 3312 incerta
2871 3268 2956 3313 est
2997 3258 3116 3312 libri
3172 3259 3464 3327 possessio,
3502 3275 3603 3314 nec

2010 3358 2288 3418 quatenus
2350 3359 2567 3419 oportet
2629 3348 2833 3420 aliquid
2888 3364 2956 3404 ex
3019 3351 3212 3405 eodem
3273 3361 3326 3406 te
3365 3352 3598 3407 discere.

2014 3442 2431 3506 Verumtamen,
2459 3440 2718 3497 omnibus
2767 3441 2852 3497 bis
2885 3441 3032 3497 nulla
3080 3443 3386 3498 attentione
3436 3446 3598 3510 data,

2008 3542 2133 3586 cum
2188 3531 2378 3587 multis
2420 3547 2537 3587 rem
2581 3532 2674 3588 tibi
2721 3534 3098 3602 praestitissem
3125 3574 3140 3601 ,
3206 3534 3253 3588 si
3289 3534 3393 3589 hoc
3422 3533 3603 3590 facere

2009 3610 2411 3679 conccasissés.
2480 3622 2855 3680 Nihilominus
2888 3627 3114 3680 minime
3172 3627 3369 3680 mirum
3418 3636 3504 3682 est
3555 3628 3601 3682 si

2008 3729 2219 3769 moram
2296 3714 2503 3781 ﬁnias;
2574 3715 2719 3785 quod
2778 3717 2825 3771 si
2885 3732 2918 3770 e
2964 3727 3156 3772 contra
3227 3719 3601 3787 produxeris,

2009 3810 2063 3863 id
2099 3807 2353 3862 utilitatis
2386 3822 2475 3863 res
2515 3808 2618 3863 ista
2663 3808 2795 3862 mihi
2833 3807 3052 3875 ail‘eret,
3108 3810 3251 3879 quod
3295 3825 3489 3867 omnes
3512 3828 3601 3867 re-

2006 3901 2209 3972 putabo
2232 3898 2458 3955 fallaces
2490 3918 2504 3954 :
2538 3903 2814 3971 quomodo
2850 3901 2998 3955 enim
3034 3901 3332 3967 contidam,
3394 3904 3524 3958 talia
3565 3920 3596 3959 ιι

2009 4003 2063 4046 le
2118 3990 2454 4060 perpessus?
2502 3987 2619 4043 Non
2678 3990 2804 4044 talis
2854 3990 3297 4060 sapientissimus
3333 3991 3599 4055 Joannes.

2007 4084 2125 4155 qui,
2149 4098 2259 4138 uno
2283 4082 2423 4137 libro
2457 4099 2485 4136 a
2528 4095 2616 4136 me
2648 4091 2901 4151 accepto,
2925 4082 3158 4137 alterum
3182 4097 3290 4138 non
3326 4084 3401 4138 ita
3424 4085 3601 4141 multo

2006 4186 2130 4247 post
2172 4176 2304 4229 mihi
2326 4176 2518 4230 misit:
2562 4177 2692 4229 ades
2738 4176 2930 4230 maluit
2977 4176 3156 4232 comis
3210 4177 3387 4232 videri
3430 4194 3597 4248 quam

2008 4271 2207 4326 librant
2240 4270 2542 4339 possidere.
2573 4267 2684 4325 Nec
2709 4269 2863 4325 dicas
2888 4283 2976 4326 me
2999 4271 3293 4328 retinuisse
3336 4277 3597 4343 pretium,

2007 4365 2133 4433 quia
2170 4362 2456 4434 penuriam
2493 4363 2669 4418 vitare
2718 4362 2968 4418 volebam
3002 4378 3021 4418 :
3060 4362 3114 4418 id
3168 4365 3315 4420 enim
3366 4380 3598 4436 per-sua.

310 4458 640 4524 ἀποστερεῖν
681 4455 761 4527 τῷ
816 4457 999 4527 χρόνῳ
1043 4458 1137 4512 καὶ
1185 4459 1343 4529 μόλις
1388 4459 1703 4513 ἀποδιδόναι
1723 4477 1736 4491 ·
1767 4456 1904 4515 ἀλλὰ

2015 4472 2131 4513 sum
2193 4456 2388 4519 habeo,
2445 4462 2497 4509 et
2542 4468 2739 4526 magno
2773 4454 3085 4524 iuramento
3114 4456 3346 4514 aﬂlrmo.
3402 4462 3598 4518 Atnou

314 4547 448 4619 πρὸς
489 4547 676 4616 φιλίαν
728 4549 803 4620 μὴ
835 4549 1143 4623 ἀναμείνῃς
1176 4550 1258 4605 ἐτι
1290 4551 1523 4622 δεύτερα
1551 4551 1865 4623 γράμματα
1886 4567 1902 4586 ·

314 4640 449 4715 μηδὲ
495 4641 683 4696 πλοῖον
714 4640 904 4712 ἕτερον
957 4641 1085 4712 me
1133 4643 1361 4714 κομίζον
1413 4659 1497 4697 σοι
1541 4647 1640 4715 τὴν
1687 4645 1904 4698 ἐπιστο-

312 4735 430 4806 λήν.

868 5002 1000 5056 ME'.
1041 5003 1342 5074 ΑιοΔοΡο.

391 5092 452 5149 Ὃ
484 5093 668 5165 φέρων
703 5110 786 5147 σοι
817 5094 915 5164 τὴν
944 5094 1234 5166 ἐπιστολήν
1253 5134 1270 5161 ,
1297 5095 1361 5148 οὐ
1403 5094 1499 5147 νῦν
1527 5096 1744 5165 πρῶτον
1776 5112 1904 5150 πει-

312 5179 615 5252 ραθήσεται
645 5181 749 5252 τῆς
802 5183 1020 5245 εὐνοίας
1064 5184 1164 5253 τῆς
1201 5186 1302 5254 σῆς
1322 5224 1338 5251 ,
1368 5183 1485 5240 ἀλλ’
1519 5185 1602 5239 ἐτι
1627 5187 1728 5256 τὴν
1753 5185 1903 5258 πρώ-

306 5289 408 5343 την
454 5271 836 5344 διηγούμενος,
884 5273 1151 5345 δευτέραν
1192 5274 1426 5346 λήψεται
1472 5278 1707 5349 πεῖραν·
1740 5278 1817 5342 ὡς
1843 5278 1903 5331 ὀὶ

306 5363 473 5427 δοκῶ,
496 5366 641 5435 τάχα¹
667 5366 767 5418 καὶ
790 5365 1045 5435 μείζονα·
1086 5366 1305 5437 ἐκείνης
1334 5366 1436 5438 μὲν
1454 5367 1564 5439 γὰρ
1589 5368 1900 5440 άπήλαυσε,

306 5456 576 5527 κηδεστὴς
617 5456 901 5513 καλεῖσθαι
935 5457 1145 5528 μέλλων
1171 5459 1438 5530 ἡμέτερος
1458 5476 1473 5491 ·
1502 5459 1708 5531 ταύτην
1729 5461 1787 5515 δὲ
1806 5462 1903 5534 λή-

304 5545 490 5619 ψεται,
523 5548 620 5601 καὶ
642 5547 732 5621 ,δὴ
778 5550 917 5621 πρὸς
962 5550 1127 5621 ἔργον
1158 5549 1329 5606 ἐλθών
1350 5569 1362 5582 ·
1397 5553 1427 5605 ὁ
1457 5551 1515 5606 δέ
1544 5569 1609 5621 γε
1636 5553 1903 5622 μέλλοντα

305 5642 496 5696 τοῦτον
527 5644 769 5715 τιμήσας
789 5683 805 5707 ,
834 5645 921 5706 τίς
947 5645 1013 5698 ἂν
1039 5645 1124 5716 εἴη
1150 5647 1519 5716 γεγενημένος
1546 5646 1704 5713 ίδιὶιν;
1729 5642 1900 5718 οἶμαι

309 5732 417 5806 γὰρ
442 5734 519 5799 ὡς
550 5736 662 5788 τῶν
706 5740 879 5806 νόμων
920 5738 1084 5801 εὐθὺς
1112 5740 1315 5813 ταμεῖα
1349 5737 1595 5810 κινήσεις
1615 5755 1632 5772 ·
1665 5740 1760 5794 καὶ
1790 5758 1899 5795 πα-

2008 4549 2250 4619 opurtuit
2274 4564 2460 4604 moras
2488 4549 2879 4616 internectere,
2904 4563 3027 4603 cum
3058 4549 3200 4604 idem
3227 4550 3501 4620 signiﬁcet
3531 4556 3599 4611 de

2008 4643 2097 4697 die
2130 4642 2183 4696 in
2215 4642 2359 4696 diem
2395 4643 2610 4712 privare
2635 4656 2799 4709 quam
2824 4655 2971 4710 aegre
3015 4641 3266 4697 reddere.
3303 4640 3502 4699 Verum
3526 4650 3597 4701 ad

2007 4735 2307 4790 amicitiam
2369 4751 2438 4789 ne
2479 4746 2770 4805 exspectes
2802 4734 3357 4801 secundas'litteras,
3420 4752 3601 4808 neque

2007 4827 2212 4897 aliquid
2229 4828 2375 4883 aliud
2410 4842 2572 4899 quam
2603 4829 2750 4898 quod
2783 4828 3012 4899 requirit
3040 4830 3463 4886 transmittenda
3494 4834 3596 4887 tibi

2009 4921 2126 4975 haec
2163 4920 2415 4988 epistola.

2568 5010 2734 5068 XLV.
2779 5012 3106 5070 οιουοιιο.

2078 5108 2180 5175 Qui
2213 5108 2357 5164 hanc
2393 5108 2490 5164 tibi
2525 5107 2632 5165 fert
2663 5109 2975 5179 epistolam,
3021 5125 3128 5164 non
3181 5124 3328 5166 nunc
3357 5112 3596 5182 primum

2014 5208 2163 5255 tuam
2189 5201 2512 5270 experietur
2549 5201 3032 5268 benevolentiam;
3090 5201 3185 5257 sed
3229 5204 3461 5274 primam
3495 5206 3598 5261 ad-

2004 5288 2115 5344 huc
2138 5304 2470 5356 memorans,
2499 5291 2795 5346 secundam
2833 5305 3018 5347 sumet
3046 5294 3468 5363 experientiam,
3501 5312 3588 5360 au,

2007 5386 2066 5433 ut
2100 5385 2255 5448 puto‘,
2293 5380 2480 5436 forsan
2516 5381 2711 5438 adhuc
2738 5382 3045 5439 meliorem.
3081 5382 3260 5439 Priori
3284 5386 3429 5440 enim
3462 5387 3595 5440 frui-

2008 5478 2096 5523 tus
2125 5479 2232 5535 est,
2265 5469 2440 5528 aﬂinis
2476 5483 2665 5529 noster
2707 5489 2833 5530 mox
2870 5478 3181 5543 vocandus;
3236 5480 3594 5547 posteriorem

2006 5574 2138 5615 vero
2191 5572 2395 5632 sumet,
2450 5579 2574 5620 cum
2609 5564 2680 5619 ad
2713 5565 2987 5636 negatium
3058 5568 3269 5622 venerit
3301 5585 3316 5621 :
3346 5568 3440 5640 qui
3497 5586 3596 5622 ttu-

2004 5662 2115 5708 tem
2140 5654 2291 5709 illum
2327 5665 2617 5712 venturum
2678 5659 2980 5725 honorasti,
3030 5661 3306 5729 quomodo
3369 5661 3594 5718 habebis

1999 5746 2112 5816 jam
2149 5747 2365 5804 visum?
2396 5750 2555 5818 Nam,
2582 5763 2640 5807 ut
2670 5767 2851 5823 Spero,
2928 5753 3105 5822 legum
3136 5755 3318 5809 Statim
3365 5767 3591 5812 mono-
