3978 6420
525 238 664 301 275-5
1863 242 2220 306 puocopn
2253 247 2500 312 eam

523 351 686 403 iniam
719 356 1060 411 moturuses,
1122 356 1176 403 et
1237 348 1478 419 linguam
1516 363 1741 415 acuens,
1801 348 2090 421 iniquorun

2218 356 2457 427 ραθήξας
2488 358 2586 429 τὴν
2612 360 2859 429 γλῶτταν
2890 364 2984 427 καὶ
3011 365 3122 419 τῶν
3150 367 3478 429 άδικαῦντων
3500 375 3656 449 λόγων
3676 386 3760 440 ξπ.

521 436 834 496 εστιῐιὸιιιιιιι
878 438 1058 493 fontes
1106 440 1436 507 spumabis:
1478 439 1542 493 ad
1592 439 1721 508 quid
1772 440 1917 494 enim
1964 441 2090 495 alim

2216 452 2453 519 αφήσεις
2484 453 2671 522 πηγάς
2695 469 2708 483 ·
2748 456 2843 509 καὶ
2861 457 3043 529 τίγὰρ
3074 459 3264 532 ἕτερον
3291 463 3324 535 ἦ
3614 436 3764 533 Ἄπι.

520 547 683 604 quam
718 542 975 601 suggesta
999 531 1160 584 Attici
1186 530 1252 585 ad
1282 531 1600 588 memoriam
1632 529 1812 586 adibis
1840 541 2090 601 spectan

2215 540 2313 636 ποῦ
2361 542 2499 636 πρὸς
2547 543 2769 615 μνήμην
2811 546 2967 617 ἥξεις
3012 548 3105 603 τὸν
3151 529 3378 625 θεατήτνξ
3409 529 3587 616 Ῠαῢτα

524 643 637 682 rem
701 624 813 679 Hoc
842 623 935 678 tibi
966 623 1257 678 dicendum
1295 625 1492 689 habeo,
1549 622 1651 678 hoc
1689 625 1848 680 adest
1882 640 2090 696 sperant

2214 630 2351 729 gxw‘.
2381 634 2557 729 ,ταῦτα
2587 636 2857 729 πάρεστιν
2890 639 3128 706 ἐλπίζων
3174 647 3204 699 ὁ
3249 622 3388 713 νέος-ο
3427 652 3518 705 καὶ
3546 622 3765 729 οὔτ’

520 718 875 781 adolescens;
913 729 1089 783 neque
1117 729 1217 786 ego
1250 715 1517 770 mendacii
1563 716 1883 783 convincar,
1931 730 2090 788 nequi

2211 722 2567 795 ψευδολογίας
2616 728 2923 802 ἁλώσομαι,
2957 732 3085 788 οὔτε
3147 738 3324 810 μάτην
3376 742 3596 810 ἐλπίσας
3638 715 3765 805 titulis

524 808 624 862 hoc
649 806 850 860 frustra
883 808 1208 871 speraverit.
2213 833 2301 870 νος

584 896 768 952 XLVI.
801 896 1172 952 ZACHARl/E
1203 896 1285 951 ET
1303 895 1623 952 PHILIPPO
1648 896 2081 956 FRATRIBUS.

596 992 796 1045 Vestrae
827 988 1069 1059 epistola:
1100 999 1155 1044 et
1186 1003 1430 1043 vcsu-am
1472 1003 1604 1058 ergo
1647 1004 1745 1045 nos
1778 990 2110 1047 benevolen-

520 1085 650 1137 tiam
716 1082 1099 1144 ostendebant,
1154 1093 1204 1135 et
1241 1098 1269 1133 a
1302 1082 1562 1135 comitate
1614 1097 1721 1135 non
1778 1082 2110 1135 recedebant

517 1175 747 1244 sapienti
786 1192 798 1226 :
835 1182 1065 1242 utraque
1094 1187 1226 1226 vero
1262 1174 1706 1242 comparationes
1753 1188 1879 1227 cum
1934 1171 2105 1226 altera

518 1266 779 1321 iunnunis
803 1266 1106 1319 videbatur.
1133 1265 1244 1319 Nec
1269 1266 1398 1333 quia
1451 1264 1807 1320 desiderastis
1836 1265 2106 1333 simplici-

519 1369 600 1413 ιρι·
628 1372 724 1412 nos
758 1357 959 1410 habere
994 1355 1268 1418 voluistis,
1307 1355 1402 1409 sed
1444 1355 1546 1409 nisi
1580 1354 1922 1409 commodum
1959 1353 2107 1408 insu-

516 1470 612 1524 per
630 1463 800 1515 esset,
836 1450 1168 1521 superlluum
1204 1449 1407 1504 diixisti
1439 1458 1627 1504 nostro
1652 1449 1863 1515 visum;
1892 1462 1992 1503 nec
2014 1446 2104 1502 fu-

519 1549 623 1601 turi
689 1544 1080 1600 iucertitudine
1133 1541 1438 1607 terrefacti,
1482 1542 1547 1595 ad
1605 1541 1797 1596 urbem
1852 1551 2101 1594 nostram

2317 914 2471 982 Μετ’.
2512 915 2816 990 ΖΛΧΑΡΙᾼ
2857 919 2980 974 ΚΑΙ
3016 922 3305 997 ΦΙΛΙΠΠῼ
3339 926 3674 987 ΔΔΕΛΦΟΙΣ.

2283 1007 2366 1061 Τά
2395 1009 2642 1078 ὑμέτερα
2671 1012 2984 1083 γράμματα
3028 1016 3124 1069 καὶ
3163 1017 3266 1089 τὴν
3293 1021 3375 1084 εἰς
3414 1023 3557 1093 ἡμᾶς
3579 1024 3766 1085 εὔνοιαν

2209 1099 2426 1171 ἐδήλου,
2464 1103 2563 1155 καὶ
2587 1102 2817 1174 γνώμης
2849 1106 2951 1160 οὐκ
2980 1109 3299 1180 ἀπήλλακτο
3330 1113 3632 1182 σὼςρονος·
3660 1121 3768 1177 ἑκά.

2207 1207 2367 1263 τερον
2410 1193 2469 1247 δὲ
2512 1197 2579 1266 τῇ
2611 1195 2802 1268 ἐτέρου
2828 1199 3128 1275 παραθήκῃ
3157 1201 3400 1274 καθαρὸν
3428 1206 3765 1277 ὑπεφαίνετο·

2207 1282 2333 1379 οὔτε
2368 1286 2479 1379 γὰρ
2528 1286 2604 1352 ὡς
2653 1289 2951 1355 ποθοῦντες
2993 1294 3183 1360 ἁπλῶς
3220 1295 3366 1368 ἔχειν
3397 1300 3543 1370 ἡμᾶς
3572 1303 3766 1379 ἐϐουλή-

2209 1376 2363 1446 θητε,
2401 1378 2520 1431 ἀλλ’
2551 1382 2601 1433 εἰ
2641 1381 2716 1454 μὴ
2753 1384 2935 1437 καὶτὸ
2970 1387 3253 1460 συμφέρον
3280 1394 3501 1462 προσῇ,
3536 1376 3767 1468 περιττήν

2206 1470 2434 1540 ἡγεῖσθε
2460 1472 2559 1544 τὴν
2588 1473 2750 1527 θέανο
2782 1475 2908 1530 οὔτε
2938 1478 3017 1551 τῷ
3046 1480 3143 1533 τοῦ
3178 1482 3466 1551 μέλλοντος
3497 1487 3669 1561 ἀδήλῳ
3689 1509 3767 1546 πε-

2208 1562 2406 1655 ριδεεῖς
2437 1568 2746 1655 γεγονότες,
2771 1571 2871 1640 τὴν
2897 1572 3034 1644 πρὸς
3063 1575 3213 1644 ἡμᾶς
3242 1576 3384 1631 ἱέναι
3405 1580 3565 1635 πάλιν
3589 1584 3767 1655 ἀπηγο-

520 1640 699 1692 redire
731 1636 1017 1689 abnuistis.
1070 1631 1176 1688 Sed
1211 1632 1423 1688 consilii
1467 1632 1633 1686 vestri
1687 1633 1878 1688 modus
1927 1630 2090 1686 futilis

2210 1630 2479 1723 patiente"
2513 1630 2633 1710 άλλ’
2765 1630 2921 1724 κενὸς
2941 1630 2976 1714 ’ό
3234 1666 3334 1735 τῆς

516 1743 658 1798 erat,
692 1746 756 1783 ac
798 1729 1089 1782 rhetorica:
1119 1742 1425 1797 congruens
1485 1724 1861 1793 imaginationi
1925 1739 2090 1793 neque

2207 1748 2474 1820 ῥητορικῇ
2500 1724 2728 1821 πρέπων
2748 1753 2930 1825 ἐννοίᾳ
2946 1770 2960 1784 ο
2988 1724 3114 1809 obire
3137 1724 3202 1811 τδ
3218 1724 3422 1814 καλοῦν
3440 1724 3579 1833 ἔχων

516 1842 614 1880 nos
644 1825 908 1879 audacter
939 1823 1186 1888 hortans,
1235 1825 1330 1875 sed
1378 1821 1563 1891 potius
1591 1818 1950 1874 dissuasionis
1976 1831 2100 1871 sus-

514 1932 722 1988 pectus.
788 1915 1009 1977 Verum,
1055 1924 1270 1968 tantum
1307 1912 1459 1967 abest
1486 1922 1544 1966 ut
1578 1927 1678 1981 ego
1724 1910 2016 1980 strepitum
2047 1918 2103 1966 et

516 2011 731 2082 negotia
763 2024 937 2063 amem
958 2008 1303 2076 alienamque
1338 2007 1611 2060 invideam
1652 2005 1988 2070 felicitatem,
2042 2012 2101 2058 ut

514 2117 726 2169 contra,
773 2103 898 2156 licet
926 2101 1012 2154 hic
1047 2116 1150 2154 non
1185 2100 1251 2153 ad
1286 2110 1470 2155 votum
1503 2098 1731 2163 iaciens,
1767 2096 1953 2151 tandiu
2015 2107 2102 2148 ta-

515 2214 637 2252 men
666 2192 1047 2249 remanserim.
1103 2192 1169 2246 Et
1218 2206 1383 2256 nunc,
1430 2191 1558 2259 quia
1591 2190 1725 2245 milii
1779 2188 2101 2243 nuntiantur

511 2290 653 2359 quod
694 2288 850 2342 decet
884 2286 1105 2350 facturi,
1172 2301 1282 2339 non
1343 2295 1714 2353 opportunum
1772 2281 1912 2337 duco
1961 2295 2098 2336 vana

510 2381 834 2451 simpliciter
886 2392 983 2447 spe
1026 2377 1263 2448 regalem
1318 2377 1506 2431 videre
1576 2379 1789 2442 urbem,
1847 2388 1949 2445 ego
2002 2373 2099 2444 qui

511 2475 960 2545 tranquillitatem
993 2486 1119 2529 amo
1148 2483 1205 2527 et
1242 2486 1341 2542 pro
1372 2471 1489 2527 sola
1523 2468 1783 2551 felicitate
1817 2470 2011 2534 habeo,
2043 2477 2099 2524 et

510 2566 781 2637 Byzantio
808 2567 875 2619 ad
910 2565 1109 2619 mentis
1139 2563 1559 2632 appiicationem
1592 2561 1842 2625 discessi,
1877 2561 2095 2616 utviam

513 2660 814 2714 invenirem
840 2673 869 2710 a
893 2658 1125 2725 negotiis
1152 2656 1444 2724 aliquando
1470 2654 1704 2708 exeundi
1733 2653 2096 2723 diviniorique

510 2752 616 2803 tita
644 2751 881 2803 fruendi.
916 2747 1210 2809 Praeterea,
1236 2748 1452 2816 negotia
1492 2760 1596 2800 non
1624 2746 1886 2810 amando,
1950 2745 2094 2815 eligo

510 2844 656 2913 quod
690 2844 848 2897 duret
887 2859 901 2894 :
945 2840 1077 2893 nihil
1108 2844 1253 2894 enim
1286 2840 1600 2909 eligendum
1640 2839 1786 2908 quod
1839 2854 1948 2894 non
1993 2854 2091 2907 ap-

506 2937 701 3005 probet
730 2936 912 3003 Deus;
964 2934 1226 3005 quidquid
1271 2942 1452 2987 autem
1488 2948 1594 2987 non
1620 2932 1822 2996 evenit,
1865 2932 1960 2987 Dei
1986 2947 2090 2986 non

2206 1842 2304 1895 καὶ
2343 1843 2444 1904 τὴν
2490 1844 2812 1919 ἀποτροπὴν
2858 1849 3236 1921 ὑφορώμενος.
3262 1852 3409 1924 Ἐγὼ
3453 1856 3510 1910 δὲ
3546 1859 3767 1917 τοσοῦτον

2205 1935 2397 2006 ἀπέχω
2431 1937 2527 1992 τοῦ
2574 1941 2790 2011 κόμπου
2837 1944 2935 1996 καὶ
2984 1947 3330 2018 πραγμάτων
3383 1952 3534 2022 ἐρᾷν,
3565 1955 3653 2008 καὶ
3677 1957 3767 2012 τῶν

2204 2027 2412 2098 ἑτέρων
2455 2031 2806 2102 εὐδαιμονίαν
2855 2034 3074 2103 ζηλοῦν,
3106 2039 3249 2093 ὥστε
3285 2042 3491 2115 καίπερ
3541 2047 3599 2099 οὐ
3650 2050 3767 2103 κατὰ

2204 2120 2330 2173 νοῦν
2354 2122 2585 2192 απράξας
2629 2126 2867 2181 ἐνταῦθα
2892 2168 2908 2192 ,
2944 2130 3199 2185 τοσοῦτον
3245 2134 3401 2202 ὅμως
3450 2138 3768 2209 ἐκαρτέρησα

2203 2212 2399 2283 χρόνον
2419 2230 2432 2242 ·
2468 2216 2561 2270 καὶ
2594 2216 2690 2271 νῦν
2714 2221 3019 2295 ἐπειδήπερ
3049 2226 3487 2295 ἐπαγγέλλονταί
3525 2248 3610 2301 μοι
3639 2234 3770 2304 ποιή-

2203 2321 2319 2358 σειν
2356 2304 2427 2359 τὰ
2458 2307 2678 2379 μέτρια,
2696 2311 2796 2381 οὐχ
2824 2311 3053 2383 ἕρμαιον
3083 2315 3327 2386 ἡγοῦμαι
3357 2318 3587 2387 κούφαις
3606 2320 3771 2385 ἁπλῶς

2202 2397 2389 2453 ἐλπίσι
2434 2400 2698 2471 βασιλέως
2735 2406 2892 2460 πόλιν
2929 2407 3082 2476 ἰδεῖν,
3109 2411 3203 2464 καὶ
3230 2411 3408 2465 ταῦτα
3439 2412 3535 2482 τῆς
3561 2416 3769 2485 ἡσυχίας

2202 2489 2366 2559 ἐρῶν,
2396 2494 2490 2545 καὶ
2522 2494 2651 2563 μίαν
2696 2498 2904 2565 ταύτην
2951 2499 3300 2571 εὐδαιμονίαν
3345 2504 3663 2574 ἡγούμενος,
3691 2507 3770 2560 καὶ

2199 2582 2297 2637 τοῦ
2333 2583 2632 2649 Βυζαντίου
2663 2588 2797 2658 πρὸς
2831 2590 3041 2643 ἔννοιαν
3071 2591 3210 2653 ὅλως
3231 2593 3407 2648 ἐλθὼν
3425 2596 3572 2659 ὅπως
3585 2596 3768 2664 ἐφόδιον

2198 2674 2422 2748 εὕροιμι
2451 2676 2545 2731 τοῦ
2576 2696 2709 2734 ποτε
2731 2683 3078 2753 πραγμάτων
3107 2683 3213 2749 ἔξω
3234 2687 3515 2755 γενέσθαι,
3537 2689 3627 2741 καὶ
3648 2687 3768 2743 θειο-

2200 2768 2365 2841 τέρας
2396 2771 2705 2826 άπολαῢσαι
2736 2773 2884 2846 ζωῆς
2907 2793 2920 2804 '
2946 2776 3089 2847 πλὴν
3117 2779 3218 2832 οὐκ
3243 2780 3389 2850 ἐρῶν
3409 2781 3519 2835 τῶν
3543 2783 3768 2853 πραγμά-

2197 2878 2308 2915 των
2330 2861 2554 2934 τίθεμαι
2585 2864 2647 2919 τὸ
2679 2864 2903 2921 δοκοῦν
2934 2856 3058 2923 οὐδὲ
3088 2873 3197 2941 γάρ
3232 2871 3457 2940 αἱρετὸν
3483 2873 3511 2928 ὃ
3544 2873 3618 2946 μὴ
3650 2873 3763 2928 Θεοῦ

2196 2951 2413 3022 δέχεται
2462 2954 2640 3027 νεῦμα
2665 2974 2680 2991 ·
2728 2959 2821 3014 καὶ
2862 2960 2937 3031 μὴ
2972 2961 3258 3033 γινόμενον
3307 2964 3575 3033 ἕκαστον,
3608 2966 3663 3020 τὸ
3702 2967 3764 3038 μὴ

506 3028 711 3082 habere
742 3039 928 3080 nutum
972 3027 1314 3091 ostenditur;
1375 3027 1516 3081 sicut
1568 3026 1612 3081 si
1670 3025 1800 3095 quid
1850 3026 2090 3087 eveniat,

2197 3045 2331 3098 Θεὸν
2355 3046 2501 3118 ἔχειν
2532 3025 3074 3125 ἐπαινοῦντα-δηλοῖ·
3097 3025 3292 3129 ι’ὓσπερ
3325 3058 3434 3113 κάν
3462 3076 3514 3113 τι
3543 3025 3763 3129 γένηται,

509 3120 664 3183 illud,
723 3121 814 3190 (ab
868 3118 1246 3174 accidentibus
1301 3088 1528 3187 quidem
1591 3088 1919 3189 sejunctum)
1984 3118 2090 3173 Deo

2201 3088 2327 3098 ν-ν-
2355 3088 2498 3118 -Λυιν
2532 3088 2663 3103 unu-
2677 3088 2860 3105 ’νυνι-α.
2890 3088 3039 3125 υιιιιυι
3102 3088 3178 3109 ωυ
3193 3088 3292 3129 ηενρ
3327 3088 3433 3113 ων
3462 3088 3514 3113 νδι
3543 3088 3763 3129 γενηται,

2200 3137 2276 3209 μὴ
2303 3140 2468 3193 πάθει
2499 3142 2932 3213 συνεζευγμένον
2959 3145 3080 3219 Θεῷ
3113 3148 3335 3212 πάντως
3362 3149 3542 3203 ἐδόκει
3573 3151 3660 3204 καὶ
3685 3149 3765 3219 γέ·

504 3227 730 3281 prorsus
760 3212 964 3281 placuit
987 3222 1046 3266 ut
1076 3213 1356 3278 eveniret;
1394 3213 1490 3290 ita,
1541 3211 1587 3266 si
1620 3212 1752 3282 quid
1781 3226 1847 3265 ex
1876 3212 1943 3265 iis
1971 3225 2090 3278 qum

2195 3203 2321 3296 γονε
2343 3247 2356 3261 ο
2389 3230 2482 3285 καὶ
2508 3203 2716 3287 οὕτεντι
2851 3203 3061 3289 δοκοῦν⁸
3078 3236 3195 3292 ἔστι
3229 3203 3509 3308 γενέσθαι,
3537 3203 3656 3295 οὔτε
3682 3203 3763 3310 γε·

503 3303 634 3358 mibi
666 3305 1011 3368 nuntiantur,
1038 3303 1279 3367 eveniat,
1303 3314 1452 3359 stare
1479 3302 1623 3357 sicut
1660 3303 1817 3358 decet
1846 3312 2086 3373 oportet,

2194 3323 2496 3393 γενημένον
2529 3326 2606 3396 μὴ
2642 3302 2825 3384 δοκεῖν
2839 3343 2857 3358 °
2882 3329 3024 3384 ὥστε
3055 3330 3112 3385 εἰ
3135 3350 3189 3385 τι
3217 3302 3327 3387 τῶν
3364 3302 3763 3405 ἐπηγγελμένων

503 3396 598 3450 sed
625 3394 754 3464 quid
783 3394 1153 3448 contradicam
1184 3394 1394 3449 habeo:
1419 3395 1466 3450 si
1487 3408 1617 3450 vero
1652 3396 1769 3450 haec
1802 3397 1936 3450 meri
1966 3404 2090 3449 sunt

2194 3413 2456 3483 προϐαίη,
2477 3394 2772 3485 μένέιν,ξὼς
2786 3417 2954 3485 ἔοικε,
2967 3418 3068 3486 δεῖ,
3084 3420 3183 3475 καὶ
3203 3394 3629 3491 ἀντιλέγεινούιι
3650 3422 3760 3492 ἔχωσι

501 3502 814 3552 sermones,
847 3504 913 3541 ac
943 3488 1124 3542 veniat
1159 3502 1340 3542 rerum
1369 3503 1474 3543 non
1532 3488 1966 3572 ‘contngentium
1990 3502 2090 3543 ne-

2194 3507 2243 3559 εί
2276 3507 2334 3560 δέ
2363 3507 2512 3575 λόγοι
2537 3508 2712 3564 ταῦτα
2742 3512 2838 3564 καὶ
2865 3512 3074 3583 οἴχεται
3121 3515 3155 3585 ή
3202 3513 3312 3568 τῶν
3355 3488 3432 3586 μὴ
3478 3488 3762 3585 γενομένων

504 3579 754 3646 cessitas,
787 3579 837 3631 id
863 3579 1123 3643 ostendit,
1151 3578 1242 3632 Dei
1273 3578 1558 3650 placitum,
1591 3580 1747 3651 quasi
1769 3595 1864 3636 vos
1889 3580 1967 3635 ire
1998 3579 2087 3649 ju-

2194 3598 2428 3672 ἀνάγκη,
2457 3601 2556 3673 τὴν
2583 3601 2679 3656 τοῦ
2708 3603 2843 3657 Θεοῦ
2868 3578 3109 3659 δείκνυσι
3133 3578 3449 3677 (ιιῆφονίὼς
3473 3578 3617 3678 θμᾶς
3645 3607 3762 3661 ἰέναι

504 3675 676 3729 bene:
712 3672 819 3727 nisi
843 3671 988 3725 enim
1015 3672 1118 3726 hoc
1149 3680 1316 3739 esset,
1351 3672 1404 3727 in
1444 3674 1644 3744 quibus
1684 3688 1770 3730 me
1814 3681 2090 3745 oporteret

2194 3671 2559 3751 κελεύουσανο
2611 3697 2661 3748 εἰ
2698 3696 2809 3769 γὰρ
2846 3697 2923 3770 μὴ
2953 3698 3113 3753 τοῦτο
3408 3700 3475 3755 ἂν
3511 3671 3757 3773 θπῆρξεν,

500 3769 846 3838 requiescere
866 3764 889 3818 ?

903 3861 1108 3919 XLVII.
1152 3858 1474 3917 DIODORO.

573 3954 835 4011 Putabam
871 3968 924 4012 te
960 3968 1259 4027 martyrum
1286 3959 1426 4025 apud
1460 3970 1560 4011 nos
1609 3954 1808 4010 caelum
1836 3952 2084 4022 comple-

497 4049 665 4112 visse,
712 4056 769 4102 et
827 4063 974 4118 aegre
1013 4048 1143 4102 dare
1186 4048 1342 4102 nobis
1394 4046 1608 4101 felicem
1645 4048 1719 4101 tui
1778 4056 2079 4116 aspectum.

497 4139 578 4195 Tu
615 4154 742 4194 vero
801 4139 1133 4209 (quanquam
1191 4138 1340 4191 larVa
1392 4139 1442 4192 in
1490 4139 1697 4193 somnis
1727 4140 1840 4192 visa
1889 4138 2086 4193 merito

500 4232 764 4300 trepidas,
826 4240 881 4286 et
908 4233 1205 4299 auspicium
1260 4231 1562 4287 formidans
1594 4231 1790 4286 merito
1817 4232 1958 4285 diem
1989 4246 2086 4302 ap-

495 4324 988 4394 pellasnefastam)
1037 4335 1186 4380 tanto
1217 4325 1436 4380 laboras
1474 4323 1624 4389 odio,
1686 4335 1746 4377 ut
1795 4335 2080 4395 propterea

2188 3785 2276 3855 ἐφ’
2301 3783 2383 3850 οἷς
2409 3804 2481 3860 με
2513 3788 2698 3860 μένειν
2727 3791 2930 3861 ἐχρῆν;

2765 3879 2898 3935 MZ’.
2933 3884 3238 3955 annum.

2265 3970 2447 4041 ’ῼμην
2485 3988 2544 4024 σε
2563 3966 2664 4035 τὴν
2687 3971 2797 4026 τῶν
2824 3974 3121 4047 μαρτύρων
3144 3978 3435 4049 παρίήμῖν
3465 3980 3753 4036 ἐπιτελέςαι

2191 4063 2531 4133 πανήγυριν,
2582 4065 2675 4118 καὶ
2710 4064 2916 4120 διδόναι
2972 4068 3128 4137 μόλις
3185 4072 3321 4139 ἡμῖν
3354 4074 3650 4144 εὐτυχῆσαι
3695 4077 3750 4144 τῇ

2189 4151 2309 4225 θέᾳ.
2339 4154 2413 4207 Σὺ
2440 4153 2497 4207 δὲ
2527 4152 2630 4208 κᾶν
2661 4155 2795 4227 ὄναρ
2826 4157 2943 4229 ῐδῃς
2964 4160 3054 4212 τὸν
3085 4163 3324 4231 μαιμᾶν,
3357 4165 3434 4226 ὡς
3460 4164 3620 4233 ἔοικε,
3640 4167 3751 4218 δυσ-

2184 4246 2496 4318 χεραίνεις,
2551 4249 2648 4302 καὶ
2711 4250 2805 4305 τὸν
2839 4251 3030 4305 οἰωνὸν
3086 4252 3277 4319 δεδιὼς
3328 4258 3615 4330 ἀποφράδα
3668 4257 3751 4322 τὴν

2187 4340 2402 4409 ἡμέραν
2445 4341 2664 4405 καλεῖς·
2720 4341 2866 4399 οὕτω
2919 4361 3003 4397 σοι
3036 4345 3206 4401 πάλαι
3233 4350 3327 4401 καὶ
3368 4350 3647 4423 πόρρωθεν
3699 4348 3751 4402 τὸ

493 4432 566 4470 ne
600 4417 806 4471 amicos
831 4417 1050 4484 quidem
1077 4416 1261 4470 videre
1296 4415 1461 4482 velis;
1510 4424 1566 4471 et
1591 4417 1838 4471 ostendis
1872 4426 2082 4487 tempus

2194 4434 2348 4502 μῖσος
2371 4435 2714 4501 ἐνέστακται,
2767 4435 2844 4498 ὡς
2888 4436 2977 4490 διὰ
3011 4437 3172 4491 τοῦτο
3228 4440 3369 4510 μηδὲ
3411 4444 3536 4506 τοὺς
3584 4440 3748 4513 φίλους

491 4508 633 4564 iram
659 4508 882 4563 auxisse
908 4508 1088 4577 potius
1121 4525 1284 4577 quam
1345 4509 1704 4565 destruxisse.
1772 4508 1899 4566 llaac
1948 4511 2079 4565 olim

489 4602 591 4659 tibi
627 4617 841 4671 semper
868 4602 1232 4671 praedic-ebant
1262 4618 1381 4670 qua:
1418 4616 1565 4656 nunc
1605 4604 1967 4658 acciderunt:
2004 4606 2080 4659 vi-

488 4695 626 4749 dens
673 4694 817 4748 enim
864 4703 915 4749 te
973 4696 1237 4749 molestos
1269 4746 1276 4757 ,
1312 4695 1407 4748 tibi
1462 4707 1841 4764 aversantem,
1905 4699 2077 4753 eheu!

487 4801 633 4857 saepe
648 4789 845 4856 sepius
871 4786 1188 4842 dictitabam
1212 4786 1330 4842 fore
1359 4797 1436 4852 ut,
1455 4789 1624 4842 semel
1654 4806 1683 4842 ιι
1716 4790 1870 4843 nobis
1900 4791 2080 4845 divul-

491 4895 615 4946 sus,
644 4880 758 4948 jam
802 4895 908 4936 non
955 4880 1188 4949 amplius
1213 4892 1317 4934 neu
1354 4882 1539 4936 videre
1578 4883 1767 4939 Velles.
1814 4884 1930 4938 Non
1965 4886 2080 4955 ipse

491 4972 734 5027 Achilles
778 4972 965 5027 tandiu
1022 4974 1196 5028 iratus
1230 4984 1314 5029 est
1347 4975 1593 5042 Achivis,
1648 4979 1740 5030 sed
1786 4989 2077 5046 postquam

489 5080 585 5119 eos
606 5066 853 5120 absentia
885 5080 983 5121 sua
1019 5066 1235 5132 alllixit,
1285 5070 1504 5122 tandem
1550 5068 1750 5124 iterum
1800 5071 1965 5126 cessit
2022 5081 2080 5127 ut

488 5159 776 5226 oportebat
804 5171 858 5213 et
886 5170 1127 5214 mutatus
1162 5169 1268 5215 est.
1306 5161 1443 5217 Fato
1472 5162 1638 5232 igitur
1665 5165 1874 5234 gratias
1902 5164 2077 5220 habeo

474 5250 631 5318 quod
646 5263 758 5302 non
784 5248 1027 5319 'l‘hetyda
1051 5251 1254 5306 habeas
1284 5261 1540 5319 matrem,
1552 5252 1761 5321 jamdiu
1786 5254 1931 5308 enim
1957 5267 2077 5322 per-

486 5342 687 5397 niciem
716 5352 962 5396 nostram
1012 5345 1265 5409 petiisses
1288 5354 1343 5397 et
1378 5344 1757 5413 impetrasses.

992 5432 1224 5490 XLVIII.
1262 5434 1573 5493 ΙΒΕΝᾹΞΟ.

555 5523 818 5583 Zonnzeni
861 5526 1225 5582 l'aiiiiliaribus
1276 5544 1450 5584 meam
1489 5531 1860 5587 conciliabant
1907 5534 2073 5587 bene-

488 5620 806 5685 volentiam,
839 5620 1073 5691 primutn
1102 5636 1217 5687 vos,
1249 5631 1304 5677 et
1334 5632 1456 5691 post
1494 5626 1890 5694 experientiam
1913 5624 2072 5695 juve-

484 5731 617 5771 num
643 5723 839 5770 natura
868 5732 886 5769 :
924 5714 1033 5771 tuis
1059 5714 1211 5773 'enim
1270 5730 1367 5785 per
1411 5726 1467 5772 te
1498 5716 1738 5774 amicitia
1768 5719 2071 5790 conjuncti,

2183 4526 2387 4583 ἐθέλειν
2422 4529 2555 4599 όρᾷν
2575 4545 2589 4559 ο
2627 4529 2721 4581 καὶ
2744 4528 3041 4599 διελέγχεις
3070 4531 3163 4586 τὸν
3196 4534 3391 4603 χρόνον
3416 4534 3643 4601 αὔξοντα
3669 4532 3748 4586 θυ-

2186 4620 2286 4691 μὸν
2314 4619 2537 4689 μᾶλλον,
2573 4621 2606 4692 ἢ
2654 4621 2952 4692 διελέγχειν
2990 4623 3171 4678 εἰδότα
3196 4641 3209 4655 ’
3255 4628 3436 4683 ταῦτα
3473 4627 3746 4700 προῠλεγον

2182 4713 2290 4776 ἀεὶ,
2323 4712 2495 4766 ταῦτα
2545 4714 2639 4766 καὶ
2667 4714 2892 4782 γέγονεν
2912 4732 2926 4746 ·
2968 4716 3112 4787 ὁρῶν
3143 4716 3250 4790 γάρ
3301 4737 3360 4772 σε
3393 4720 3481 4775 διὰ
3516 4720 3637 4783 τοὺς
3668 4720 3745 4772 λυ·

2182 4803 2422 4867 ποῦντας
2439 4806 2532 4858 καὶ
2552 4804 2643 4858 τὸν
2673 4803 2795 4858 τότε
2823 4805 3334 4879 ἀποστρεφόμενον,
3353 4812 3477 4877 Ἰοῖ),
3511 4812 3609 4877 ἰοὺ,
3632 4809 3743 4863 πολ-

2181 4891 2338 4956 λάκις
2360 4891 2518 4962 ἔφην,
2541 4892 2619 4955 ὡς
2653 4894 2799 4961 ἅπαξ
2827 4896 2961 4966 ἡμῖν
2985 4898 3347 4967 ἀπαλλαγεὶς,
3370 4903 3471 4955 οὐκ
3496 4900 3745 4971 ἐθελήσεις

2181 4980 2338 5043 αὖθις
2392 4985 2556 5056 ὁρᾷν·
2609 4984 2728 5038 ἀλλ’
2779 4987 2903 5041 οὐδέ
2936 4989 3219 5060 Ἀχιλλεὺς
3273 4993 3526 5047 τοσοῦτον
3574 4993 3744 5065 χρόνον

2180 5074 2451 5146 ἐθυμοῦτο
2478 5078 2593 5140 τοῖς
2622 5076 2859 5148 Ἀχαιοῖς
2881 5096 2894 5108 ·
2934 5080 3074 5134 ἀλλὰ
3115 5080 3366 5153 λυπήσας
3413 5083 3586 5147 ἀπὼν,
3622 5079 3743 5146 εἶξεν

2180 5164 2360 5232 αὖθις,
2404 5167 2480 5231 ὡς
2528 5167 2657 5234 ἔδει,
2694 5172 2789 5224 καὶ
2819 5172 3182 5241 μετεϐάλετο·
3223 5176 3386 5247 χάριν
3429 5177 3477 5230 δ’
3500 5176 3590 5230 οὖν
3611 5176 3743 5244 ὅμως

2178 5256 2296 5317 οἶδα
2314 5264 2383 5333 τῇ
2413 5262 2552 5334 τύχῃ
2578 5263 2663 5317 ὅτι
2683 5263 2759 5335 μὴ
2793 5265 2956 5318 Θέτιν
2985 5267 3131 5338 ἔχεις
3168 5270 3412 5341 μητιὲρα⁹
3439 5270 3602 5323 πάλαι
3648 5268 3742 5336 γάρ

2179 5353 2246 5407 ἂν
2276 5353 2424 5422 ηὔξω
2453 5355 2548 5407 καὶ
2574 5354 2975 5426 ἀπολώλειμεν.
3372 5382 3385 5395 ο

2704 5450 2847 5506 MH'.
2883 5451 3237 5527 ΕΙΡΗΝΑΙῼ.

2250 5538 2377 5603 Τοῖς
2408 5540 2539 5609 περὶ
2565 5542 2872 5597 Ζώνναινον
2900 5544 2997 5615 τὴν
3015 5546 3156 5618 ἐμὴν
3187 5546 3401 5603 εὔνοιαν
3420 5550 3659 5614 ἐνεποίει,
3682 5544 3735 5600 τὸ

2180 5632 2279 5704 μὲν
2309 5633 2527 5704 πρῶτον
2552 5635 2735 5706 ὑμεῖς,
2774 5636 2919 5707 μετὰ
2947 5638 3004 5692 δὲ
3051 5640 3151 5713 τὴν
3190 5646 3384 5714 πεῖραν
3407 5645 3515 5697 τῶν
3538 5644 3663 5697 νέων
3701 5639 3730 5709 ἡ

2176 5725 2338 5797 φύσις
2358 5746 2372 5761 ·
2404 5729 2501 5784 καὶ
2531 5729 2640 5784 τῶν
2675 5732 2910 5803 πρώτων
2937 5734 3026 5790 διά
3064 5736 3124 5788 σέ
3157 5738 3434 5809 τυχόντες,
3471 5737 3529 5792 τὸ
3569 5735 3730 5790 τελευ-
