3978 6422
255 285 396 352 2757

1704 285 2117 351 EPISTOLAE.

3394 296 3532 365 2758

252 412 408 461 τσῖον
434 394 575 457 οὗτοι
608 401 674 454 δι’
706 401 902 463 αὐτοὺς
932 402 1210 454 ἐνεποίουν
1242 400 1332 452 τὸν
1383 400 1564 471 ἔρωτα
1589 416 1602 429 ·
1652 402 1837 469 κοσμεί

1952 401 2187 456 firntliter
2226 402 2275 458 hi
2304 403 2534 473 juvenes
2572 418 2669 474 per
2701 404 2910 476 seipsos
2944 408 3073 462 mihi
3130 407 3538 480 inspiraverunt

255 498 366 568 γὰρ
400 496 595 560 αὑτοὺς
633 496 692 549 τὺ
725 496 823 566 μὲν
866 495 1082 565 πρῶτον
1106 492 1309 561 σπουδὴ
1334 510 1345 521 ·
1381 494 1482 562 τὴν
1515 493 1573 546 δὲ
1607 492 1842 562 σπουδὴν

255 591 358 641 οὑκ
383 587 627 657 ἐλέγχειν
654 583 794 640 οἶδεν
820 588 853 657 ἡ
884 585 1082 656 φύσις·
1114 584 1255 638 ὥστε
1288 585 1339 637 εἰ
1372 586 1447 655 μὴ
1482 584 1843 655 προμηνύσας

255 680 470 750 ἔτυχες,
506 665 613 732 ἴσθ’
670 676 1187 749 ἃν-ἐπιστευσάμην
1221 676 1296 740 ὡς
1330 677 1465 750 πρὸς
1494 678 1554 730 σὲ
1594 679 1657 730 τὸ
1688 676 1844 745 γένος

255 773 611 836 συνάπτουσι,
646 771 727 841 τῷ
759 771 1071 842 χαρακτῆρι
1110 770 1211 840 τῆς
1250 768 1469 838 φύσεως
1495 769 1842 839 στοχασάμε-

252 881 374 927 vo,"
413 864 531 919 ἀλλ’
558 859 618 918 εὗ
652 864 720 933 γέ
769 880 864 917 σου
889 862 986 915 τοῦ
1037 862 1235 931 γένους
1271 862 1320 914 εί
1362 860 1589 915 τοιαῦτα
1635 861 1842 915 τίκτειν

251 957 584 1011 ἐπίσταται·
635 957 736 1024 τὴν
786 955 885 1025 μὲν
915 949 1012 1008 οὖν
1058 953 1199 1026 ἐμὴν
1237 952 1464 1023 γνώμην
1519 953 1842 1024 ἐρρωμένην

253 1049 365 1103 ἴσθι
397 1052 517 1112 τοῖς
546 1050 721 1113 νέοιςο
757 1050 806 1100 εἰ
837 1048 894 1100 δὲ
929 1049 1022 1099 καὶ
1051 1046 1284 1118 δύναμιν
1313 1046 1697 1119 ὑπουργοῦσαν
1730 1045 1841 1117 ἔχω

249 1143 319 1212 τῇ
342 1139 650 1213 προθυμία,
681 1139 822 1193 θεῶν
853 1142 911 1193 ἐν
940 1137 1166 1208 γούνασι
1202 1138 1424 1192 κείσθω.

551 1228 686 1284 me.
726 1229 1029 1301 ΖΑΧΑΡΙᾼ
1062 1230 1182 1283 KAI
1224 1228 1535 1301 eluunt}.

325 1317 400 1375 Ὀ
422 1321 585 1384 καλὸς
611 1321 864 1390 Ἰωάννης
891 1323 1001 1376 κὰκ
1025 1322 1121 1375 τοῦ
1143 1323 1335 1391 γένους
1372 1323 1518 1393 ὑμᾶς
1546 1322 1839 1394 ἀπαιτήσει

250 1414 352 1483 τὴν
376 1410 615 1476 εὔνοιαν,
645 1413 756 1466 κάκ
795 1414 895 1483 τῆς
922 1414 1055 1485 παρ’
1085 1414 1211 1482 ἐμοὶ
1239 1416 1661 1485 συμφοιτήσεως
1679 1432 1693 1444 ·
1724 1414 1840 1468 ἐστι

249 1505 362 1577 γὰρ
394 1504 651 1559 Λεοντίου
688 1508 817 1569 παῖς
836 1521 850 1532 ·
896 1506 945 1557 εί
974 1504 1254 1559 Διονύσιον
1289 1506 1406 1558 ῐστε
1435 1505 1536 1575 τῆς
1561 1505 1840 1577 ἡμετέρας

246 1598 444 1670 τίτθης
469 1599 561 1651 τὸν
577 1598 768 1669 ἄνδρα,
797 1598 993 1652 τοὺτου
1015 1598 1261 1667 πέφυκεν
1304 1598 1556 1666 ἀδελφὸς,
1587 1601 1616 1652 ὁ
1644 1598 1839 1652 τούτου

248 1691 435 1762 πατὴρ
458 1708 471 1723 ο
499 1693 585 1745 ἵνα
604 1691 807 1762 καίπερ
831 1690 1053 1755 εἰδότες,
1079 1690 1381 1761 ὑπομνήσω
1408 1691 1499 1743 τὸν
1517 1690 1838 1759 ἄνθρωπον·

1947 510 2236 550 antorem:
2279 496 2629 551 connuendat
2656 499 2800 551 enim
2837 514 2933 555 eos
2985 500 3217 566 primum
3266 505 3529 571 studium,

1948 587 2188 639 Studium
2246 601 2378 641 vero
2439 588 2738 656 reprimere
2794 590 2970 644 nescit
3050 600 3265 647 natura.
3336 592 3414 647 lta
3453 606 3532 659 ut,

1946 678 2157 733 etiamsi
2199 694 2287 732 me
2323 696 2427 733 non
2460 679 2903 748 praentonuisses,
2936 692 3124 737 certus
3156 682 3377 739 fuissem
3406 684 3532 740 illos

1950 769 2043 822 tibi
2088 785 2287 839 genere
2342 772 2580 842 eonjugi,
2651 771 2830 827 indole
2890 783 3139 828 naturam
3207 791 3529 846 agnoscens.

1946 859 2093 914 Felix
2122 877 2293 933 genus
2333 873 2504 931 tuum,
2559 865 2703 933 quod
2743 866 2872 918 talia
2892 868 3337 936 scitprodurcre.
3373 850 3527 923 Scito

1947 949 2258 1019 igiturmibi
2297 952 2351 1006 in
2392 968 2585 1023 magna
2608 968 2731 1008 esse
2760 956 3137 1010 benevolentia
3166 956 3265 1010 hns
3313 957 3532 1011 adole--

1945 1055 2171 1107 centes;
2199 1040 2243 1095 si
2282 1053 2459 1097 autem
2490 1043 2634 1097 vires
2658 1043 2808 1097 bona:
2845 1046 3106 1098 voluntati
3137 1035 3529 1115 respondentes

1950 1134 2202 1198 habeam,
2233 1134 2333 1187 hoc
2364 1135 2414 1187 in
2452 1138 2672 1189 deorum
2707 1145 3004 1205 potestates
3034 1149 3350 1205 reponatur.

2188 1224 2380 1281 XLIX.
2425 1225 2802 1292 ZACHARIA‘J
2831 1227 2917 1281 ET
2941 1227 3279 1285 PHILIPPO.

2013 1317 2249 1374 Pulcher
2279 1317 2519 1374 Joannes
2542 1330 2778 1373 vestram
2805 1322 3045 1390 requiret
3069 1323 3526 1390 benevolentiam,

1947 1420 2059 1465 tum
2081 1422 2303 1481 propter
2338 1426 2510 1481 genus
2537 1427 2720 1475 suum,
2776 1422 2887 1465 tum
2921 1424 3142 1482 propter
3202 1431 3414 1470 mecum
3448 1418 3524 1471 fa-

1948 1503 2342 1558 miliaritatem.
2392 1504 2658 1558 ESIenim
2710 1502 2853 1557 ﬁlius
2895 1504 3133 1571 Leontii,
3189 1510 3342 1576 cujus
3374 1520 3522 1579 pater

1941 1592 2046 1647 fuit
2071 1593 2241 1646 frater
2280 1591 2547 1664 Dionysii,
2574 1594 2709 1647 aviae
2744 1596 3161 1662 nostraetnariti,
3182 1600 3334 1653 vobis
3365 1598 3529 1656 forsi-

1947 1694 2038 1739 tan
2071 1686 2303 1755 notitnt,
2340 1686 2385 1741 si
2420 1686 2778 1755 cognovistis,
2833 1689 3152 1742 tutentoriam
3212 1690 3331 1760 ejus
3379 1691 3528 1747 vobis

247 1784 297 1835 εί
318 1781 379 1834 δὲ
406 1782 504 1835 καὶ
532 1780 609 1854 μὴ
632 1781 810 1836 ταῦτα
828 1781 1063 1852 προσῆν,
1089 1781 1304 1845 πάντως
1330 1784 1530 1835 οἰκεῖον
1553 1783 1837 1853 ἡγήσασθε

1945 1778 2240 1849 revocem).
2270 1778 2423 1844 Quod
2455 1780 2498 1834 si
2542 1781 2655 1834 bac
2681 1781 2821 1834 ratio
2870 1797 2976 1835 non
3027 1784 3251 1849 valeret,
3307 1786 3531 1839 omnino

248 1871 529 1943 θιασώτην
559 1873 853 1946 ἡμέτερον,
888 1875 982 1927 καί⁵
1006 1873 1101 1927 τὸν
1133 1873 1266 1945 παρ’
1291 1874 1416 1943 ἐμοὶ
1445 1872 1605 1944 χορὸν
1630 1873 1839 1942 ἐκπλη-

250 1964 537 2035 ρώσανταο
577 1965 776 2019 οὐκοῦν
835 1967 910 2038 μὴ
971 1965 1196 2037 μέλλετε
1248 1965 1341 2020 τὸν
1399 1967 1521 2018 νέον
1562 1961 1621 2019 εὑ
1661 1968 1839 2019 ποιεῖν

247 2055 443 2125 ἔχοντα
464 2055 804 2127 πανταχόθεν
834 2056 1193 2128 ὀφειλομένην
1219 2056 1317 2127 τὴν
1351 2055 1595 2110 εὑνοιανο
1647 2056 1840 2111 σιωπῶ

248 2150 357 2219 γὰρ
389 2148 572 2218 λέγειν
605 2149 679 2213 ὡς
702 2150 796 2204 xal.
824 2150 904 2222 τῷ
927 2151 1121 2223 τρόπῳ
1146 2149 1274 2215 τοὺς
1301 2150 1544 2221 ὁρῶντας
1574 2150 1838 2220 ἐπάγεται

246 2240 533 2312 ἐρυθριᾷν,
564 2241 720 2306 εἰδὼς
754 2243 883 2314 πρίν
908 2260 963 2297 τι
993 2245 1088 2298 καὶ
1116 2242 1302 2313 λέγειν
1349 2243 1447 2297 καὶ
1500 2242 1838 2312 φθέγγεσθαι

250 2331 471 2402 μέτρια,
503 2330 581 2402 τῷ
610 2333 790 2404 καιρῷ
815 2335 941 2397 τοὺς
960 2335 1156 2403 λόγους
1183 2334 1423 2407 μετρῶν,
1455 2335 1549 2388 καὶ
1592 2336 1687 2387 τὸν
1712 2334 1840 2389 νοῦν

248 2424 387 2496 ὑπὲρ
415 2423 517 2496 τὴν
547 2424 766 2496 ἡλικίαν
786 2425 1164 2497 κτησάμενοςο
1193 2427 1225 2478 δ
1255 2427 1313 2479 δὲ
1346 2427 1541 2498 μιαρὸς
1563 2425 1838 2498 Θεόδωρος

247 2516 339 2569 τὸν
377 2516 612 2571 πλοῦτον
640 2518 774 2587 ἡμῖν
829 2520 1192 2582 ἐπανατείνας
1247 2519 1409 2574 πάλιν
1446 2520 1608 2574 ἀνέδυ
1631 2559 1646 2584 ,
1696 2520 1839 2591 τάχα

249 2610 557 2677 καταγνοὺς
586 2609 782 2663 ἐαυτοῦ
813 2612 972 2683 εἰπερ
992 2629 1044 2664 τι
1079 2612 1359 2682 προειπὼν
1378 2612 1838 2683 ἀληθεύσειεικαὶ

250 2702 383 2773 πρὸς
410 2701 591 2774 πέρας
620 2703 836 2771 ἐνέγκοι
868 2708 957 2756 τὸν
984 2703 1162 2773 λόγον.

763 2882 846 2936 N'.
885 2881 1043 2935 ΤυΙΣ
1066 2882 1338 2937 ΑΥΤΟΙΣ.

319 2976 496 3030 Πάλιν
528 2977 659 3047 ὑμῖν
685 2976 996 3047 ἐπιστολὴν,
1058 2976 1155 3030 καὶ
1186 2976 1348 3029 πάλιν
1397 2976 1585 3047 ἔτερος
1636 2975 1793 3046 ὄχλος
1819 2992 1834 3008 ο

1943 1872 2267 1927 familiarem
2302 1872 2535 1927 duxistis
2559 1874 2845 1929 convivam
2908 1884 3176 1939 nostram,
3240 1876 3331 1945 qui
3386 1880 3529 1946 apud

1942 1981 2028 2019 nte
2056 1965 2227 2020 choro
2259 1964 2525 2021 interfuit.
2558 1965 2748 2020 Nonne
2774 1966 2939 2036 igitur
2968 1967 3105 2022 bene
3134 1969 3412 2038 excepturi
3443 1983 3533 2024 cs-

1944 2055 2306 2125 tisjuvenem,
2341 2058 2426 2110 cui
2467 2058 2809 2112 omnimodas
2833 2058 2903 2112 ob
2928 2073 3120 2113 causas
3166 2059 3397 2114 debetur
3433 2061 3531 2115 beo

1942 2149 2295 2203 nevolentia?
2328 2147 2462 2203 Silet
2485 2150 2630 2202 enim
2660 2151 2726 2204 de
2758 2152 2877 2220 ejus
2910 2151 3174 2216 moribus,
3241 2151 3331 2218 qui
3362 2152 3531 2206 omni-

1944 2240 2044 2294 bus
2087 2240 2402 2294 videntibus
2432 2240 2695 2310 pudorem
2722 2240 3031 2296 incutiunt:
3074 2257 3199 2295 nunt
3240 2241 3346 2296 scit
3377 2253 3531 2297 ante-

1947 2346 2113 2400 quam
2149 2331 2406 2400 loquatur
2438 2333 2740 2387 decentiam
2771 2333 3085 2393 observare.
3128 2350 3409 2389 sermones
3432 2349 3531 2405 ap-

1942 2432 2019 2475 tat
2056 2422 2505 2515 circumstantiis,
2532 2424 2943 2494 intelligentiam
2976 2426 3139 2480 habet
3171 2436 3330 2481 astate
3362 2442 3527 2497 supe-

1942 2517 2161 2570 riorem.
2183 2515 2430 2586 Nequam
2462 2532 2594 2572 vero
2623 2515 2967 2586 Theodorus,
3028 2519 3313 2586 pecuniam
3370 2522 3529 2578 nobis

1940 2605 2236 2676 pollicitus,
2280 2622 2308 2659 a
2357 2619 2519 2675 pacto
2550 2608 2777 2662 recessit
2807 2625 2821 2662 :
2846 2623 2967 2662 eum
3022 2607 3207 2663 forsan
3241 2611 3529 2678 paenituis-

1939 2708 2023 2753 set
2056 2699 2101 2754 si
2135 2698 2186 2752 in
2224 2697 2510 2767 promissis
2536 2697 2725 2752 fuisset
2758 2700 3027 2754 veridicos
3057 2709 3110 2752 et
3156 2700 3301 2755 dicta
3343 2702 3408 2755 ad
3432 2701 3521 2758 el-

1939 2787 2146 2845 fectum
2172 2789 2439 2844 duxisset.

2545 2864 2619 2936 L.‘
2653 2880 2931 2936 Ειειηιιι.

2010 2973 2221 3029 Rursus
2242 2988 2378 3027 nova
2421 2973 2573 3027 vobis
2615 2974 2865 3042 epistola,
2918 2989 3109 3030 rursus
3161 2976 3307 3031 aliud
3355 2992 3524 3048 nego-

250 3070 401 3124 ἑοικα
431 3070 548 3142 γάρ
579 3087 684 3123 που
713 3068 809 3122 τοῦ
857 3071 1031 3123 αἰτεῖν
1082 3072 1157 3139 μὴ
1198 3069 1341 3140 τάχα
1378 3069 1581 3140 μέτρον
1606 3071 1831 3135 εἰδέναι,

1945 3074 2076 3117 tium
2112 3080 2126 3117 :
2162 3065 2381 3117 videtur
2417 3077 2503 3117 me
2533 3063 2799 3131 precibus
2823 3064 3040 3117 modum
3100 3063 3377 3131 imponere
3400 3080 3527 3119 nes-

247 3161 380 3215 ἀλλὰ
417 3160 649 3231 φθάνειν
677 3161 764 3214 ἀεὶ
791 3162 907 3223 τοῖς
929 3160 1206 3230 δευτέροις
1233 3160 1302 3213 τὰ
1328 3160 1693 3230 προλαϐόντα,
1736 3177 1833 3231 γε-

247 3252 343 3322 λᾴν
360 3268 419 3306 τε
448 3252 717 3321 ἀλλήλους
742 3251 836 3303 καὶ
860 3251 1062 3318 λέγειν,
1118 3250 1193 3312 ὼς
1229 3252 1476 3321 κρεῖττον
1509 3246 1577 3322 ἦν
1614 3250 1839 3304 σιωπῶν

248 3346 281 3414 ἢ
313 3346 543 3407 πυκνοῖς
574 3343 784 3413 βάλλων
821 3346 930 3406 τοῖς
974 3343 1300 3414 γράμμασιν
1321 3358 1335 3372 ο
1369 3341 1484 3396 ἁλλ’
1539 3343 1689 3413 ὅμως
1730 3343 1837 3398 κᾶν

247 3436 535 3509 διατριϐὴν
588 3438 718 3508 ὑμῖν
775 3436 1003 3508 παρέχω
1056 3437 1151 3489 καὶ
1198 3436 1433 3504 γέλωτα,
1482 3438 1693 3508 σιωπᾷν
1738 3438 1840 3490 οὐκ

249 3527 542 3597 ἀνέξομαι·
583 3528 662 3589 ὡς
693 3527 759 3581 ἂν
790 3528 948 3596 ὑμεῖς
970 3525 1176 3580 εἴποιτε
1210 3527 1407 3598 τέχνης
1444 3526 1534 3580 ἀεὶ
1561 3527 1619 3580 τὸ
1657 3526 1837 3580 λαλεῖν

250 3620 399 3689 παρὰ
430 3618 535 3687 τῆς
551 3619 746 3689 τέχνης
768 3618 975 3671 λαλῶν*
1007 3618 1102 3670 καὶ
1128 3618 1301 3670 ταῦτα
1324 3633 1407 3669 σοι
1434 3618 1552 3671 νυνὶ
1578 3616 1839 3686 πράγμα-

248 3729 336 3775 τος
369 3716 451 3777 εἰς
477 3714 754 3784 ἡμετέραν
776 3713 964 3784 χρείαν
995 3712 1232 3784 ὁρῶντος
1252 3727 1266 3742 ⁸
1298 3714 1346 3765 οἰ
1379 3714 1489 3782 γὰρ
1532 3711 1664 3781 παρ’
1703 3713 1836 3781 ἡμῖν

249 3803 477 3872 λογάδες
519 3805 834 3875 ψηφίσματι
892 3805 1057 3875 κοινῷ
1109 3804 1210 3873 τὴν
1267 3805 1533 3874 μεγίστην
1590 3804 1836 3868 ἀξιοῦσιν

247 3896 444 3968 ἀρχὴν,
483 3897 665 3969 ῥᾴδιον
712 3895 994 3950 ἐπινεῦσαι
1050 3897 1307 3966 πρᾶγμα,
1346 3896 1528 3948 πλεῖον
1562 3897 1623 3948 τὸ
1681 3914 1837 3966 σιτη-

252 3989 427 4058 ρέσιὸν
488 4007 579 4061 μοι
628 3990 935 4059 χορηγῆσαι
992 3987 1324 4059 δυνάμενον·
1372 3987 1584 4042 αἰτοῦσι
1620 3990 1680 4042 δὲ
1741 3990 1838 4042 καὶ

250 4082 489 4144 παλαιὰς
512 4080 797 4146 συντάξεις
833 4079 1202 4151 βεϐαιωθῆναι
1240 4084 1352 4145 τοῖς
1402 4079 1834 4153 διαδεξαμένοις,

249 4177 341 4229 καὶ
366 4177 537 4248 ψιλὴν
571 4178 885 4248 μεταθεῖναι
909 4175 1285 4247 προσηγορίαν
1307 4193 1323 4208 ο
1358 4175 1530 4229 ταῦτα
1570 4175 1668 4245 τὴν
1699 4176 1836 4242 ὑμε-

246 4268 414 4338 τέραν
454 4265 717 4337 ἀναμένει
740 4266 980 4335 σπουδήν
1000 4280 1015 4295 ·
1045 4263 1221 4318 ταῦτα
1240 4266 1374 4336 πρθις
1393 4265 1569 4336 πέρας
1592 4265 1840 4332 ἐνεγκόν-

248 4375 358 4424 τες,
388 4360 560 4429 κάμοὶ
587 4358 869 4429 χαριεῖσθε
928 4357 1026 4411 καὶ
1077 4360 1193 4421 τοῖς
1247 4358 1539 4428 αἰτήσασιν
1581 4357 1728 4427 ὑμᾶς
1768 4357 1837 4411 δι’

1938 3157 2076 3220 cire,
2124 3159 2218 3210 sed
2249 3154 2553 3224 praevenire
2582 3168 2799 3224 seraper
2853 3154 3249 3222 posterioribus
3280 3155 3526 3222 priores;

1940 3263 2003 3302 ac
2033 3247 2390 3316 probabiliter
2419 3246 2563 3301 inter
2586 3261 2680 3299 vos
2699 3245 2890 3299 ridetis
2924 3244 3166 3299 dicentes
3202 3245 3334 3298 mihi
3354 3245 3527 3323 satius

1940 3356 2063 3398 esse
2087 3342 2249 3397 silere
2288 3355 2450 3410 quam
2477 3339 2688 3394 crebris
2731 3338 2988 3407 persequi
3020 3337 3359 3393 voslitteris.
3423 3335 3530 3392 Ve-

1942 3445 2272 3501 rumtamen,
2300 3434 2515 3488 etiamsi
2550 3432 2828 3486 fastidium
2887 3431 3040 3485 vobis
3082 3440 3333 3500 przestem
3368 3439 3424 3486 et
3456 3432 3530 3485 ri-

1940 3541 2061 3581 sum
2107 3536 2293 3580 tacere
2320 3539 2428 3579 non
2475 3532 2689 3593 potero,
2748 3532 3006 3592 tanquam
3057 3523 3099 3576 si
3150 3521 3346 3576 dicatis
3396 3523 3531 3575 artis

1938 3632 2058 3674 esse
2084 3631 2302 3687 seraper
2331 3615 2479 3685 loqui
2529 3623 2682 3670 extra
2734 3625 2906 3669 artem
2946 3612 3181 3681 loquens
3213 3622 3267 3667 et
3308 3612 3527 3682 quidem

1947 3707 2131 3778 agitur
2159 3722 2305 3761 nunc
2339 3708 2407 3760 de
2462 3720 2523 3758 re
2561 3706 2627 3758 ad
2666 3718 2842 3757 meam
2878 3702 3165 3755 utilitatem
3218 3712 3525 3769 spectante.

1938 3798 2155 3854 Etenim
2194 3798 2295 3852 viri
2331 3798 2472 3867 apud
2503 3810 2603 3851 nos
2633 3795 2791 3851 electi
2839 3793 3113 3850 communi
3173 3810 3258 3848 me
3305 3796 3528 3849 decreto

1939 3909 2190 3962 suprema
2222 3891 2518 3961 dignantur
2542 3888 2909 3944 auctoritate:
2934 3884 3089 3953 cuius
3113 3886 3334 3955 quidem
3361 3901 3523 3940 exer-

1938 3986 2126 4040 citium
2163 3985 2320 4038 facile
2355 3992 2461 4047 est,
2491 3998 2556 4037 ac
2576 3982 2860 4039 meliorem
2920 3979 3051 4034 inibi
3095 3980 3298 4035 victum
3349 3988 3527 4050 potest

1938 4077 2317 4146 suppeditare;
2350 4085 2545 4142 regant
2569 4087 2701 4128 vero
2743 4074 2998 4140 antiquas
3041 4054 3357 4127 confirmari
3394 4085 3527 4140 pen-

1939 4167 2121 4222 siones
2159 4168 2224 4221 iis
2244 4166 2336 4235 qui
2362 4173 2703 4232 receperunt,
2733 4174 2787 4218 ct
2818 4162 3123 4233 simplicius
3176 4163 3373 4217 mutari
3425 4178 3525 4217 no-

1941 4273 2086 4313 men.
2129 4256 2184 4311 ld
2212 4267 2441 4312 vestram
2479 4264 2665 4310 manet
2708 4270 2896 4310 curam
2926 4270 2940 4307 :
2975 4255 3077 4309 hoc
3122 4255 3397 4325 negotium
3460 4256 3526 4307 ad

1940 4349 2104 4404 finem
2129 4348 2414 4411 ducentes,
2469 4357 2784 4416 pergratum
2817 4345 3028 4400 facietis
3069 4356 3125 4400 et
3172 4348 3304 4400 mihi
3341 4354 3396 4402 et
3423 4347 3525 4402 illis

252 4448 386 4518 ἐμοῦ
409 4466 423 4480 ·
463 4453 512 4503 εἰ
540 4449 597 4502 δὲ
624 4448 803 4502 ταῦτα
835 4447 1137 4521 παρίδοιτε,
1182 4446 1348 4502 διπλᾶ
1403 4465 1494 4517 μοι
1546 4448 1835 4518 συμὸαίνει

1945 4445 2034 4512 qui
2077 4457 2174 4512 per
2204 4456 2293 4495 me
2314 4441 2640 4496 sollicitant.
2688 4439 2745 4493 Si
2783 4453 2914 4494 vero
2966 4439 3276 4508 negligatis,
3327 4438 3525 4508 duplex

254 4536 469 4604 παθεῖν,
528 4538 623 4592 καὶ
653 4536 715 4590 τὸ
767 4536 843 4608 μὴ
878 4541 1061 4608 τυχεῖν
1095 4537 1200 4607 τῆς
1237 4538 1474 4601 ἐλπίδος,
1527 4538 1623 4591 καὶ
1673 4539 1735 4591 τὸ
1767 4540 1834 4592 δι’

251 4627 405 4698 ὑμῶν
437 4629 515 4702 μὴ
544 4632 726 4700 τυχεῖν
747 4645 763 4661 ⁶
794 4624 870 4684 ὧν
902 4629 963 4683 τὸ
995 4628 1094 4701 μὲν
1133 4631 1419 4701 αἰσχύνην.
1456 4632 1517 4682 τὸ
1547 4629 1605 4683 δὲ
1632 4632 1837 4701 ζημίαν

252 4721 576 4789 ἐργάζεταιο
607 4721 723 4775 ἀλλ’
751 4722 1124 4792 εὐτυχήσομεν
1154 4722 1389 4786 πάντως,
1411 4721 1546 4777 Θεοῦ
1572 4724 1672 4793 μὲν
1700 4724 1834 4777 ἄνω-

252 4811 344 4867 θεν
362 4814 730 4881 ἐπινεύοντος,
760 4815 916 4886 ὑμῶν
935 4815 992 4867 δὲ
1016 4814 1408 4869 διακονούντων
1436 4819 1502 4887 τῇ
1532 4817 1713 4888 χρείᾳ,
1735 4817 1841 4889 ψη-

253 4906 552 4979 φιζομένης
580 4907 639 4960 δὲ
664 4908 763 4977 τῆς
803 4906 1068 4977 μεγίστης
1095 4906 1292 4977 ἀρχῆς·

695 5086 829 5142 NA'.
874 5084 1031 5138 ΤΟΙΣ
1061 5083 1335 5136 ΑΥΤΟΙΣ.

322 5179 588 5233 Τοσοῦτον
617 5180 766 5249 ἡμᾶς
794 5178 860 5230 τὸ
885 5179 1048 5247 τάχος
1070 5175 1383 5247 κατέπληξε
1405 5176 1505 5245 τῆς
1561 5176 1834 5248 ὑμετέρας

254 5278 514 5349 σπουδῆς,
546 5277 640 5341 ὡς
680 5276 779 5340 τὰς
808 5274 1022 5345 ἡμέρας
1059 5273 1317 5343 ἀριθμεῖν
1361 5273 1421 5337 ἐξ
1442 5264 1506 5325 οὗ
1536 5272 1836 5343 πεπόμφα-

255 5384 354 5437 μεν
384 5370 455 5424 τὰ
486 5369 838 5439 ψηφίσματα,
873 5368 969 5420 καὶ
1003 5366 1202 5435 μικροῦ
1232 5365 1341 5417 δεῖν
1374 5365 1521 5434 ὑμᾶς
1566 5364 1836 5427 νικῶντας

256 5458 340 5512 τὸν
376 5463 567 5530 χρόνον
598 5461 781 5529 εὑρεῖν
803 5473 819 5489 ³
868 5456 1125 5510 τοσοῦτόν
1153 5458 1302 5508 ἐστιν
1337 5454 1561 5524 ἀγαθῶν
1589 5455 1836 5524 ἀδελφῶν

252 5552 643 5624 περιαχθεσθαι
673 5550 903 5621 σπουδῇ,
952 5547 1145 5618 κέρδος
1206 5548 1528 5619 ἡγουμένων
1585 5547 1733 5617 ἅπερ
1769 5548 1835 5603 ἂν

254 5642 503 5716 ἀλλήλοις
522 5647 659 5718 πρὸς
682 5644 951 5709 εὐθυμίαν
974 5642 1306 5712 πορίσωνται
1331 5656 1344 5671 ’
1378 5639 1441 5692 τὺ
1463 5639 1520 5692 δὲ
1551 5640 1649 5692 καὶ
1674 5641 1834 5711 νικῆ-

256 5749 346 5792 tat
364 5737 473 5793 τῶν
493 5738 830 5810 αἰτηθέντων
853 5737 950 5805 τὴν
962 5735 1176 5805 χρείαν,
1217 5735 1310 5787 καὶ
1335 5731 1508 5785 πλείω
1527 5735 1833 5803 παρασχεῖν

1941 4533 2590 4604 ρειίειμιιηιιυιημιειηρε
2629 4532 2773 4600 quod
2827 4545 2923 4600 spe
2971 4530 3263 4585 frustratus
3293 4531 3425 4595 sim,
3471 4539 3528 4584 et

1938 4626 2080 4695 quod
2111 4624 2212 4678 sim
2234 4638 2332 4694 per
2352 4637 2446 4678 vos
2476 4620 2774 4677 frustratus
2805 4635 2818 4672 :
2851 4637 3087 4691 quorum
3156 4621 3306 4691 prius
3356 4624 3527 4691 pudo-

1940 4734 2080 4784 rem,
2108 4716 2380 4786 posterius
2401 4715 2804 4769 incommodum
2825 4713 2956 4768 mihi
2978 4712 3251 4768 aiferretis
3276 4714 3371 4768 sed
3403 4713 3549 4818 [οη-’1

1938 4824 2031 4866 ces
2055 4808 2278 4863 omnino
2301 4808 2506 4861 erimus
2526 4846 2542 4871 ,
2612 4808 2725 4861 Deo
2787 4806 3004 4861 cmlitns
3033 4813 3324 4869 annuente,
3372 4805 3528 4859 vobis

1938 4900 2159 4956 utilitati
2189 4898 2590 4964 servientibus,
2639 4908 2697 4953 et
2732 4899 2955 4954 decreta
3004 4895 3138 4952 mihi
3172 4910 3383 4952 summa
3431 4911 3528 4964 po-

1941 5001 2153 5047 testate.

2548 5083 2635 5137 Ll.
2672 5080 2950 5138 EISDEM.

2008 5179 2243 5235 Tantam
2274 5176 2431 5232 nobis
2452 5175 2708 5230 celeritas
2730 5176 2898 5227 vestri
2944 5171 3113 5226 studii
3142 5169 3314 5225 movit
3355 5171 3528 5225 admi-

1940 5276 2237 5334 rationem,
2274 5278 2331 5325 ut
2353 5271 2469 5325 dies
2496 5281 2848 5323 numeremus
2866 5281 2930 5318 ex
2953 5279 3062 5335 quo
3086 5264 3339 5334 sulfragia
3369 5251 3492 5319 misi
3510 5295 3525 5305 -

1937 5382 2077 5431 mus,
2130 5380 2190 5420 ac
2227 5373 2438 5419 tantum
2484 5376 2590 5415 non
2644 5360 2986 5414 inveniamus
3034 5372 3132 5410 vos
3178 5365 3391 5424 tempus
3448 5360 3527 5409 vi-

1936 5457 2078 5511 cisse
2107 5473 2120 5510 :
2152 5467 2330 5524 usque
2377 5454 2513 5508 adeo
2544 5450 2917 5507 sollicitudine
2975 5446 3113 5502 allici
3145 5455 3229 5501 est
3260 5447 3524 5500 bonorum

1936 5549 2268 5603 amicorum!
2318 5547 2529 5616 Quippe
2587 5547 2678 5615 qui
2735 5545 2946 5598 lucrum
3000 5542 3203 5596 habent
3263 5540 3525 5611 quidquid

1935 5643 2038 5697 sibi
2076 5642 2310 5697 invicem
2358 5640 2621 5695 benevole
2669 5637 2995 5708 largiuntur.
3052 5634 3287 5689 Vincere
3344 5643 3523 5687 autem

1937 5733 2214 5789 concessis
2251 5732 2442 5802 petita,
2505 5741 2560 5787 et
2588 5731 2710 5802 plus
2733 5739 2994 5800 pnrstarc
3023 5742 3188 5800 quam
3209 5723 3378 5781 voluit
3397 5740 3524 5794 pos-
