3978 6404
1818 230 2125 295 PROCOPi

2230 230 2449 293 iAZ/EI
3629 225 3757 294 2160

512 245 652 310 εγω

515 357 717 421 iulans,
751 363 1011 425 quantam
1043 349 1287 407 ostendit
1343 347 1764 417 benignitateml
1813 344 1956 416 Ergo
2002 357 2103 398 ne-

2230 346 2241 415 }
2280 344 2310 397 ὁ
2336 343 2571 414 αἰτήσας
2601 339 2887 411 ἠϐούλετο,
2923 340 3097 410 πόσην
3136 338 3238 392 οὐκ
3266 338 3518 407 ἐμφαίνει
3561 337 3653 411 τὴν
3678 340 3757 394 εῦ-

514 466 619 522 qne
664 465 760 502 vos
815 446 1079 501 desinatis
1134 443 1259 498 talia
1315 442 1517 506 facere,
1577 452 1755 510 neque
1790 452 1888 493 nos
1930 437 1997 493 de
2037 435 2106 490 iis

2230 451 2391 501 νοιανς
2439 435 2567 505 μήτ’
2590 429 2683 488 οὖν
2711 434 2870 504 ὑμεῖς
2897 431 3183 503 παύσησθε
3232 431 3457 485 τοιαῦτα
3485 429 3760 497 ποιοῦντες,

514 543 743 596 multum
779 538 1026 610 gloriari.

1019 628 1124 683 LII.
1167 622 1598 681 HIERUNYMO.

586 727 688 792 Tn,
758 725 985 795 Optime,
1019 738 1047 775 a
1087 720 1246 775 nobis
1292 719 1595 790 profectus,
1666 716 1815 786 prior
1862 712 2102 769 debuisti

513 816 672 872 nobis
698 816 958 879 scribvre,
1000 823 1055 865 et
1084 813 1283 865 docere
1303 825 1400 862 nos
1417 809 1560 862 scire
1594 805 1880 875 cupientes
1905 819 1973 857 an
2003 802 2103 857 lae-

525 921 611 962 ιιικ
639 910 732 962 tibi
778 910 939 961 fuerit
968 902 1278 973 Neptunus,
1320 912 1374 956 et
1400 900 1523 954 navi
1553 910 1660 953 tua:
1690 912 1845 952 mare
1897 907 2107 951 strave-

2210 530 2348 600 μήτε
2383 527 2527 599 μέγα
2560 527 2776 599 φρονῶν
2809 527 2903 579 ἐπὶ
2932 525 3147 588 τούτοις
3174 524 3306 593 ἐγώ.

2724 620 2852 674 NB’.
2901 619 3287 689 ΙΕΡΩΝΥΜῼ.

2274 714 2342 767 Σὲ
2366 712 2489 783 μὲν,
2521 706 2567 767 ὦ
2592 712 2864 782 βέλτιστε,
2898 712 2990 765 τὸν
3010 711 3071 778 ἐξ
3097 711 3259 781 ήμῶν
3279 712 3567 783 ἀπάραντα
3592 717 3773 791 κατάρ.

2208 824 2327 878 χειν
2357 805 2467 859 ἔδει
2507 805 2874 877 γραμμάτων,
2902 805 3001 858 καὶ
3032 804 3309 859 διδάσκειν
3339 806 3537 860 εἰδέναι
3566 807 3773 863 ποθοῦν.

2206 916 2329 962 τας,
2363 898 2419 952 εί
2448 915 2533 951 σοι
2556 898 2782 967 γέγονεν
2819 897 3060 968 εὐμενὴς
3091 897 3121 949 ὁ
3151 897 3442 963 Ποσειδὼν,
3472 898 3567 953 καὶ
3593 901 3657 969 τῇ
3696 900 3773 973 νηῒ

518 1008 607 1066 rit,
638 1019 704 1054 an
736 999 1080 1055 Alexandria:
1108 1010 1372 1066 prospere
1402 1007 1463 1046 se
1484 1008 1570 1047 res
1590 990 1898 1049 habuerint,
1929 1003 1997 1042 an
2023 988 2107 1042 iit-

2230 993 2307 1064 τὴν
2360 992 2634 1047 θάλατταν
2689 991 3088 1061 ὑπεστόρεσενο
3139 992 3188 1044 εἰ
3222 993 3291 1044 τὰ
3346 991 3492 1045 κατὰ
3521 991 3616 1061 τὴν
3644 992 3775 1046 Ἀλε·

515 1088 928 1162 getttetttNilttttt
960 1086 1190 1141 feliciter
1220 1084 1539 1146 transieris,
1582 1097 1650 1136 an
1683 1080 1877 1136 ﬂoride
1920 1078 1974 1133 in
2010 1088 2102 1133 tua

518 1182 813 1238 rt-siilentia
850 1194 900 1234 te
924 1180 1147 1243 habeas,
1192 1194 1259 1230 an
1298 1177 1575 1245 supersint
1606 1189 1951 1229 nummorum
1988 1187 2108 1241 my-

520 1278 721 1340 riadcs,
758 1291 825 1326 an
857 1273 1053 1327 domus
1090 1282 1178 1324 tua
1231 1268 1574 1340 Egyptiacis
1600 1268 1841 1322 abundet
1869 1269 2107 1319 muneri-

526 1370 647 1421 bus.
676 1367 797 1418 Ιιιοίτ
827 1364 1068 1419 scribere
1091 1362 1345 1426 debuisti,
1373 1376 1439 1416 ac
1457 1361 1723 1430 promissa
1741 1358 1968 1429 implere
1993 1357 2110 1428 qui-

523 1462 621 1513 bus
671 1460 964 1511 missurum
993 1467 1043 1509 te
1065 1455 1323 1525 epistolas
1353 1465 1408 1508 et
1436 1456 1642 1507 amicos
1665 1468 1940 1522 ttunquam
1964 1451 2108 1505 obli-

522 1564 701 1606 turuni
744 1551 1113 1620 pollicebaris.
1161 1546 1241 1601 Tn
1283 1562 1410 1601 vero
1462 1560 1548 1600 me
1574 1546 1738 1600 etiam
1775 1544 2107 1601 scribentem

522 1645 783 1712 despicis,
825 1643 1124 1710 dedignaris
1152 1639 1287 1692 meis
1316 1640 1653 1707 respondere
1700 1639 1971 1708 epistolis,
2025 1649 2109 1693 et-

535 1739 680 1791 enim
712 1735 821 1804 jam
848 1733 1140 1787 secundam
1169 1732 1263 1785 tibi
1285 1730 1460 1785 mitto.
1487 1730 1541 1784 Si
1559 1732 1735 1784 adhuc
1758 1731 1964 1795 silebis,
1998 1729 2109 1784 ior-

528 1833 672 1885 sitan
730 1828 948 1883 tertiam
976 1814 1155 1880 adhuc
1182 1826 1487 1888 mittemus,
1539 1824 1713 1879 donec
1753 1818 2112 1879 te‘factorum

2209 1087 2436 1158 ξάνδρου
2465 1085 2693 1155 γέγονεν
2726 1085 2931 1156 εὐμενῆ
2959 1100 2974 1115 ο
3027 1086 3076 1138 εἰ
3104 1084 3198 1139 τὸν
3230 1085 3398 1139 πολὺν
3446 1084 3638 1139 Νεῖλον
3685 1089 3767 1142 άν-

2208 1180 2483 1244 έπλευσας
2507 1178 2783 1249 εὐτυχῶςο
2825 1178 2874 1231 εἰ
2901 1176 2971 1230 τὰ
2994 1177 3094 1245 τῆς
3124 1177 3412 1246 διατριϐῆς
3429 1177 3626 1247 εὐθαλῆ
3649 1193 3662 1207 ’
3699 1180 3779 1234 καί

2211 1289 2293 1325 σοι
2317 1272 2505 1324 λοιπὸν
2535 1273 2595 1324 ἐν
2627 1269 2857 1340 μυριάσι
2873 1269 2935 1321 τὸ
2960 1269 3225 1339 νόμισμα,
3255 1268 3349 1322 καὶ
3368 1269 3462 1322 τὸν
3486 1264 3633 1323 οἷκον
3652 1268 3780 1340 ἔχεις

2208 1363 2531 1431 Αἰγυπτίοις
2566 1361 2843 1434 πλήθοντα
2873 1361 3070 1433 δώροις
3092 1377 3107 1391 ·
3144 1361 3317 1415 ταῦτα
3344 1361 3578 1431 γράφειν
3606 1363 3773 1433 ἐχρῆν,

2210 1456 2308 1511 καὶ
2347 1456 2449 1518 τὰς
2470 1454 2800 1524 ὑποσχέσεις
2828 1453 3094 1523 πληροῦν,
3118 1454 3177 1505 ὲν
3205 1448 3296 1514 αἶς
3318 1452 3515 1506 πολλαὶ
3545 1452 3642 1522 μὲν
3671 1454 3777 1508 ἐπι-

2213 1548 2421 1608 στολαὶ,
2431 1545 2571 1617 λήθη
2604 1546 2661 1600 δὲ
2685 1545 2796 1602 τῶν
2825 1545 2998 1616 φίλων
3025 1541 3207 1615 ούκῆν
3227 1559 3242 1573 ·
3273 1546 3338 1598 σὺ
3359 1544 3415 1597 δὲ
3438 1544 3535 1597 καὶ
3555 1544 3779 1598 ἐπιστέλο

2213 1639 2400 1700 λοντος
2436 1639 2707 1709 παρορᾷς,
2741 1638 2843 1692 ούκ
2869 1638 3071 1692 ἐθέλων
3098 1636 3430 1707 ἀμείϐεσθαι
3481 1636 3775 1708 γράμμασι·

2215 1730 2506 1802 τοιγαροῦν
2552 1731 2653 1802 ήδη
2679 1730 2778 1784 καὶ
2805 1730 3069 1802 δευτέραν
3103 1730 3399 1785 ἐπέστειλα
3423 1746 3439 1761 ο
3480 1728 3585 1782 κᾶν
3611 1728 3684 1781 ἐτι
3714 1746 3781 1783 σι-

2216 1824 2414 1895 γήσῃς,
2468 1821 2610 1893 τάχα
2661 1822 2757 1875 καὶ
2809 1822 3004 1893 τρίτην
3050 1821 3462 1894 προσθήσομεν,
3494 1820 3597 1882 ἐως
3633 1818 3691 1874 σέ
3714 1837 3782 1883 τις

526 1925 750 1991 pudeat,
778 1930 1035 1989 tuamque
1056 1916 1296 1988 linguam
1320 1917 1538 1972 tandem
1561 1915 1861 1972 solvamus.

2230 1913 2511 1985 ἐπεισέλθῃ
2538 1913 2648 1967 τῶν
2668 1913 2969 1985 δρωμένων
3022 1913 3211 1980 αἰδὼς,
3240 1912 3336 1969 καὶ
3367 1910 3472 1983 τὴν
3501 1910 3599 1982 σὴν
3623 1909 3784 1982 φωνὴν

2217 2007 2594 2078 εὐτυχήσομεν

1065 2095 1200 2151 LIII.
1228 2094 1582 2151 AGAPETO.

600 2186 818 2241 Pet-itus
852 2199 983 2254 ergo
1017 2199 1078 2238 es
1111 2184 1520 2239 accusationem
1548 2184 1888 2256 subripiendi
1934 2200 2120 2255 spera-

542 2290 673 2343 tam,
713 2292 765 2331 et
795 2278 846 2330 in
872 2276 1011 2329 alios
1059 2275 1406 2344 retorquendi
1453 2274 1684 2331 crimina
1717 2290 1837 2346 quae
1858 2276 1998 2332 alius
2022 2276 2119 2333 tibi

523 2371 673 2440 fuste
698 2369 1047 2423 intemlisset.
1076 2364 1211 2420 Nam
1232 2367 1360 2421 olim
1381 2367 1668 2423 habitabas
1692 2368 2118 2426 Alexandriam:

533 2467 634 2519 hac
661 2478 787 2516 vero
824 2461 1009 2514 relicta
1050 2460 1271 2525 silebas,
1292 2469 1347 2515 et
1377 2474 1475 2530 pro
1501 2470 1589 2515 tua
1614 2470 1765 2531 parte
1792 2472 1938 2518 tuam
1955 2462 2121 2518 etiam

2764 2101 2893 2155 Nl".
2928 2100 3276 2170 ΔΓΑΠΗΤῼ.

2292 2193 2478 2258 Δεινὸς
2506 2193 2618 2263 ἄρα
2643 2209 2727 2254 τις
2756 2188 2920 2264 ἦσθα,
2984 2193 3321 2265 κατηγορίαν
3355 2192 3690 2261 ὑφαρπάζειν
3715 2192 3775 2247 ἐλο

2222 2288 2549 2359 πιζομένην,
2585 2289 2681 2343 καὶ
2724 2286 2898 2342 ταῦτα
2925 2288 3224 2359 προφέρειν
3247 2289 3361 2350 τοῖς
3392 2286 3595 2350 ἄλλοις.
3636 2282 3711 2351 οῖς
3734 2288 3787 2341 ἄν

2221 2397 2309 2443 τις
2334 2379 2561 2442 δικαίως
2587 2380 2862 2451 ἐχρήσατο
2884 2378 3026 2433 κατὰ
3049 2377 3144 2432 σοῦ
3165 2394 3179 2410 ·
3213 2378 3386 2432 πάλαι
3420 2378 3522 2447 μὲν
3543 2378 3646 2447 γὰρ
3663 2374 3789 2447 εἶχες

2222 2471 2324 2543 τὴν
2345 2470 2725 2542 Ἀλεξάνδρου,
2750 2470 2847 2525 καὶ
2869 2469 3078 2539 ταύτην
3122 2468 3416 2527 ἀπολιπὼν
3470 2471 3673 2537 ἐσίγας,
3705 2466 3784 2523 xei

535 2559 753 2613 celabas
780 2556 1150 2626 pra-sentiam.
1188 2552 1294 2608 Sed
1331 2553 1564 2610 feliciter
1612 2556 1779 2621 fama,
1837 2572 1956 2624 qua}
1986 2556 2125 2611 nihil

2230 2562 2412 2619 τδ.σὺν
2444 2562 2612 2634 μέρος
2648 2560 2941 2625 ἐλάνθανες
2971 2562 3067 2615 καὶ
3106 2559 3330 2630 παρών·
3376 2560 3494 2615 ἀλλ’
3524 2559 3583 2615 εὖ
3612 2577 3675 2629 γε
3705 2561 3788 2632 τῆς

535 2651 736 2704 bonum
775 2649 942 2701 latere
961 2647 1110 2710 sinit,
1145 2657 1199 2699 et
1239 2646 1434 2700 mirum
1468 2646 1736 2702 habebant
1764 2663 1862 2702 cur
1903 2648 2121 2705 sileres.

2230 2656 2439 2727 φήμης,
2469 2656 2504 2727 ὴ
2533 2654 2646 2709 τῶν
2674 2653 2917 2725 ἀρίστων
2942 2655 3010 2725 ἐᾷ
3063 2652 3350 2707 λανθάνειν
3381 2654 3555 2717 οὐδὲν,
3586 2651 3716 2724 αὕτη
3740 2670 3789 2706 σε

531 2741 591 2798 Si
614 2744 681 2796 ad
708 2742 809 2796 rite
833 2740 1237 2795 observandum
1278 2753 1499 2793 sacrum
1534 2738 1665 2795 illud
1705 2738 2028 2811 Pythagoras
2051 2743 2125 2797 si-

2230 2750 2477 2821 παρόντα
2520 2752 2807 2823 μεμήνυκε
2834 2769 2848 2784 ο
2875 2750 2971 2805 καὶ
3004 2750 3309 2822 θαυμάζειν
3349 2744 3500 2821 εἰχον
3544 2749 3657 2803 ἀνθ’
3686 2752 3790 2803 ὅτου

532 2838 760 2893 lentimn
796 2854 810 2891 :
846 2844 923 2900 at,
963 2835 1306 2904 inquiebam,
1336 2834 1576 2889 rhetoris
1607 2848 1713 2889 non
1746 2844 1832 2889 est
1858 2835 2045 2891 silere.
2067 2836 2125 2891 Si

2230 2843 2294 2913 δὴ
2325 2845 2421 2897 καὶ
2444 2846 2639 2915 σιγᾷςο
2676 2844 2726 2897 εἰ
2760 2844 2858 2914 μὲν
2885 2842 3083 2913 σεμνὸν
3128 2841 3289 2896 τοῦτο
3342 2842 3439 2896 καὶ
3495 2839 3789 2914 Πυθαγόρου

531 2946 666 2987 vero
710 2941 915 2985 terram
969 2947 1093 3001 qua:
1122 2940 1173 2986 te
1200 2939 1519 3000 receperat,
1568 2940 1828 3002 tanquam
1862 2933 1965 2987 diis
1989 2932 2124 2986 invi-

2232 2936 2495 3008 νομίζων,
2527 2935 2644 2990 ἀλλ’
2672 2937 2736 2989 οὐ
2771 2936 3000 3007 ῥήτορος
3030 2933 3218 3003 ἔλεγον
3246 2935 3281 3005 ή
3339 2936 3471 3006 σιγή
3491 2952 3506 2966 ο
3547 2937 3595 2989 εἰ
3617 2934 3672 2988 δέ
3710 2934 3793 3006 τὴν

535 3041 654 3081 Sam
681 3035 755 3104 'et
790 3024 1108 3079 barathrum
1127 3038 1270 3092 aegre
1316 3024 1618 3092 patereris,
1671 3024 1961 3095 oportebat
2001 3024 2125 3079 sola.

2241 3028 2471 3083 ἑλοῦσαν
2498 3028 2573 3092 ὡς
2598 3027 2740 3093 θεοῖς
2764 3026 2968 3098 ἐχθρὰν
2998 3027 3093 3080 καὶ
3122 3026 3401 3097 βάραθρον
3424 3012 3790 3098 ἐδυσχέραινες,

533 3118 693 3180 tium,
721 3119 790 3171 ab
813 3115 1007 3171 amicis
1041 3128 1248 3185 petere.
1296 3115 1453 3171 Unde
1496 3115 1703 3171 nullum
1755 3131 1823 3169 ex
1878 3116 1961 3171 his
1991 3130 2125 3186 pra:-

2231 3115 2401 3186 ἐχρῆν
2429 3114 2558 3185 περὶ
2576 3114 2687 3169 τῶν
2712 3115 2885 3185 φίλων
2905 3115 3265 3185 παραμυθίαν
3307 3117 3486 3171 αἰτεῖν
3509 3131 3525 3146 ⁶
3552 3116 3669 3171 ὅθεν
3691 3116 3794 3170 τού·

539 3212 781 3265 tcxtihus
820 3208 1202 3270 admittebant,
1246 3206 1339 3262 sed
1375 3206 1620 3262 dicebam
1646 3206 1828 3277 potius
1856 3215 1909 3262 te
1937 3221 2125 3276 snper-

2232 3224 2341 3262 των
2375 3205 2476 3276 μὲν
2502 3207 2679 3274 οὐδὲν,
2732 3206 2923 3277 ἔλεγον
2972 3207 3030 3262 δὲ
3064 3207 3267 3278 μᾶλλον
3294 3207 3375 3274 ὡς
3428 3210 3594 3272 πολὺς
3626 3208 3790 3283 ήρθης,

536 3302 729 3365 biisse,
763 3310 1086 3370 veteresque
1107 3301 1312 3353 amicos
1342 3297 1458 3367 jam
1505 3313 1604 3369 pro
1635 3298 1802 3354 nihilo
1835 3306 2125 3368 reputare:

2233 3300 2329 3354 καὶ
2359 3300 2484 3364 τοὺς
2541 3299 2710 3355 πάλαι
2739 3300 3031 3371 φιλτάτους
3064 3300 3230 3371 λῆρον
3278 3296 3424 3355 εἶναι
3472 3302 3643 3368 δοκεῖς
3660 3318 3677 3336 ·
3717 3305 3793 3357 καὶ

536 3409 850 3463 quanquam
897 3392 1173 3463 regionem
1212 3401 1356 3445 tuam
1390 3391 1504 3459 ipse
1556 3391 1893 3456 habitabant,
1941 3404 2006 3446 sc
2031 3404 2125 3459 pa-

2232 3392 2409 3447 ταῦτα
2438 3393 2536 3463 τὴν
2578 3391 2806 3447 ἑλοῦσαν
2832 3392 3019 3457 οἰκῶν,
3049 3393 3141 3447 καὶ
3167 3391 3370 3463 μικροῦ
3410 3393 3524 3448 δεῖν
3549 3395 3637 3447 ὑπ’
3660 3393 3792 3447 ἀδελ-

540 3501 660 3539 ιυιιι
698 3486 888 3538 aberat
930 3484 1060 3552 quin
1090 3482 1315 3535 fratrem
1365 3493 1515 3536 tuum
1562 3482 1742 3536 ridere
1798 3481 2125 3537 nescientem

2235 3485 2323 3556 φῷ
2358 3485 2435 3557 μὴ
2460 3485 2691 3554 γελῶντι
2719 3485 3270 3555 παιδαγωγούμενοςο
3299 3484 3480 3539 ταῦτα
3510 3487 3626 3540 κατ’
3648 3486 3793 3555 ἐμαυ-

541 3579 891 3646 pmdagogttm
938 3573 1216 3627 haberem.
1256 3571 1384 3627 Haec
1410 3587 1621 3626 mecum
1652 3573 1979 3642 recOgitans,
2023 3586 2125 3628 non

2233 3578 2326 3633 τὸν
2351 3578 2570 3642 ἐννοῶν,
2600 3579 2702 3632 οὐκ
2751 3578 2817 3632 ἂν
2841 3577 3056 3650 ήλπικά
3096 3594 3156 3631 σε
3203 3581 3516 3650 κατήγορον
3563 3578 3794 3647 ἐξαίφνης

536 3678 943 3737 exspectassem
996 3675 1049 3720 te
1108 3680 1288 3720 meum
1350 3666 1531 3721 subito
1587 3664 1702 3720 fore
1731 3674 2125 3722 accusatorem.

2239 3672 2401 3726 ἰδεῖν·
2430 3672 2556 3725 ὅθεν
2577 3670 2927 3743 προσεγέλων
2956 3670 3028 3724 τὰ
3054 3671 3387 3741 γράμματα,
3418 3673 3513 3725 καὶ
3540 3670 3637 3738 τὴν
3662 3672 3794 3740 ῥητο-

542 3760 699 3817 Unde
734 3771 853 3814 tuas
896 3759 1106 3813 litteras
1132 3773 1257 3813 cum
1283 3758 1391 3813 risu
1415 3759 1770 3828 aspiciebatn,
1808 3766 1866 3813 et
1893 3757 2125 3813 mirabar

2238 3762 2398 3835 ρικὴν
2420 3761 2730 3833 ἐθαύμαζον
2758 3761 3032 3833 τοσαύτην
3056 3762 3404 3833 χορηγοῦσαν
3426 3764 3530 3834 τὴν
3552 3763 3628 3828 ἐξι
3640 3761 3789 3824 υσίάν,

2234 3854 2303 3910 δι’
2334 3856 2402 3927 ἢν
2430 3855 2731 3922 ἀπολογίαν
2760 3853 3008 3926 ἐζήτουν,
3044 3857 3073 3908 ὁ
3109 3854 3281 3909 πάλαι
3311 3855 3393 3925 τῷ
3422 3855 3565 3926 λόγῳ
3589 3869 3793 3920 κατηγο-

2240 3947 2349 4019 ρῶν
2374 3963 2390 3979 ο
2421 3945 2593 4001 ταῦτα
2619 3947 2721 4016 τῆς
2756 3946 3078 4017 σοφιστικῆς
3103 3946 3171 4000 τὰ
3219 3946 3420 4018 σεμνὰ,
3452 3947 3547 4001 καὶ
3570 3945 3681 3999 οὐδὲ
3703 3941 3791 3997 τῶν

2235 4037 2549 4109 ὁμοτέχνων
2580 4036 2860 4108 ἐφείσατο,
2879 4035 3117 4104 γλαῦκα,
3141 4038 3333 4107 φησὶν,
3360 4034 3623 4107 Ἀθήναζε
3638 4048 3794 4103 παραυ

2238 4126 2564 4196 πέμπουσα·
2592 4127 2656 4178 οἱ
2684 4124 2743 4178 δὲ
2788 4124 2916 4195 ἐμοὶ
2964 4124 3153 4187 παῖδες
3217 4122 3419 4194 (οὕτως
3451 4123 3559 4193 γὰρ
3607 4120 3793 4180 ἐκάλεις

2237 4220 2365 4282 τοὺς
2421 4218 2636 4290 λόγους)
2674 4216 2811 4288 πρὸς
2850 4217 2911 4271 σὲ
2964 4218 3158 4287 φοιτᾷν
3196 4216 3519 4289 ἐρυθριῶσι,
3581 4214 3793 4283 ἐλέγχειν

2239 4313 2420 4368 εἰδότα
2461 4313 2556 4369 καὶ
2587 4311 2958 4369 λανθάνουσαν
2990 4312 3293 4384 ἀμορφίαν.

540 3854 682 3923 quod
712 3853 984 3906 rhetorica
1010 3859 1213 3904 tantam
1245 3860 1529 3920 prwsIarct
1579 3850 1900 3919 potentiam,
1961 3860 2021 3905 ut
2067 3849 2134 3904 ad

539 3941 914 4000 defensionem
959 3958 1244 3999 recurrere
1293 3956 1522 4019 cogerer
1558 3957 1659 4012 ego
1683 3943 1773 4013 qui
1803 3942 1934 3999 olim
1968 3942 2133 3997 verba

542 4049 636 4092 tua
666 4038 989 4092 criminatus
1013 4052 1184 4094 erant.
1220 4036 1386 4092 Sacra
1449 4037 1553 4094 ista
1610 4039 1905 4106 sophistica
1949 4052 2016 4093 ne
2050 4037 2135 4091 vi-

548 4131 626 4182 ris
690 4128 914 4198 quidem
987 4127 1232 4197 ejusdem
1291 4128 1428 4183 artis
1480 4127 1678 4197 parcit,
1753 4126 1845 4182 sed
1909 4141 2006 4183 eos
2066 4128 2133 4182 ad

549 4221 758 4286 glauca:
778 4217 1016 4274 Palladis
1056 4217 1269 4284 urbem,
1303 4226 1363 4273 ut
1388 4218 1562 4285 aiunt,
1596 4217 1818 4288 relegat.
1869 4215 1975 4272 Mei
2004 4232 2135 4287 ergo

547 4312 645 4388 iilii
700 4310 805 4382 (sic
839 4309 985 4366 enim
1029 4325 1183 4366 meos
1231 4312 1468 4366 vocabas
1515 4310 1816 4381 sermones)
1864 4311 1933 4367 ad
1968 4320 2021 4367 te
2054 4311 2136 4366 ire

546 4384 827 4470 verentur,
853 4404 943 4473 qui
978 4404 1085 4459 scis
1107 4403 1271 4458 etiam
1323 4402 1556 4459 latentes
1587 4404 1841 4474 detegere
1886 4402 2130 4460 mendas.
2166 4383 2212 4439 1)

1048 4492 1185 4551 LIV.
1241 4493 1637 4551 DORUTHEO.

619 4587 705 4642 Me
728 4586 836 4655 jam
864 4596 1107 4656 paratum
1147 4587 1334 4655 primzu
1371 4598 1473 4642 tuae
1523 4586 1850 4655 respondere
1875 4585 2136 4655 epistolae,

539 4679 660 4747 ipse
691 4676 1001 4746 pravenisti
1043 4679 1341 4731 secundam
1366 4677 1632 4731 mittendo
1661 4694 1674 4730 :
1704 4677 1839 4731 adeo
1900 4678 1952 4729 in
2008 4677 2140 4745 ipsis

542 4771 712 4826 etiam
768 4770 967 4825 litteris
1013 4771 1237 4826 vincere
1292 4768 1557 4825 festinas!
1621 4772 1712 4834 At,
1778 4772 2014 4839 inquies,
2039 4785 2142 4826 cur

544 4873 699 4919 tanta
728 4862 923 4919 mura?
950 4863 1060 4919 Cur
1084 4862 1176 4918 illa
1217 4864 1488 4918 scribendi
1516 4862 1739 4918 dilatio!
1805 4862 1921 4918 Non
1963 4871 2141 4932 potest

546 4956 714 5011 homo
739 4956 1003 5026 quidquid
1039 4957 1151 5009 vult
1183 4953 1382 5023 facere,
1443 4954 1539 5010 sed
1573 4969 1801 5010 necesse
1830 4963 1918 5009 est
1946 4955 2142 5009 cedere

548 5054 609 5101 et
663 5048 929 5103 inservire
998 5049 1222 5102 utilitati
1276 5058 1331 5101 et
1378 5058 1564 5117 patere
1636 5047 2065 5101 circumstantiis
2123 5063 2136 5099 :

522 5154 672 5219 quas
706 5141 922 5210 quidem
964 5156 1072 5197 non
1105 5143 1240 5197 dant
1280 5142 1539 5212 quidquid
1602 5143 1801 5211 cuique
1859 5140 2012 5207 libet,
2044 5140 2140 5195 sed

544 5233 695 5302 quod
734 5232 801 5286 ad
834 5233 1119 5289 utilitatem
1162 5249 1388 5290 necesse
1424 5243 1508 5289 est
1539 5247 1879 5290 mensurare.
1928 5231 2143 5288 Hacte-

543 5340 657 5381 nus
699 5326 863 5397 igitur
894 5327 1096 5382 invitus
1115 5337 1168 5382 et
1191 5344 1336 5398 aegre
1359 5327 1507 5395 silui,
1564 5343 1687 5383 cum
1720 5326 2025 5395 praesertim
2047 5327 2143 5379 ad-

547 5418 831 5472 mirationi
868 5416 1097 5472 habeant
1142 5430 1291 5474 tuum
1342 5421 1582 5475 studium
1613 5420 1841 5491 quando
1867 5421 2011 5490 apud
2043 5434 2144 5475 nos

544 5525 699 5577 eras,
732 5521 1175 5578 pcrsevesantem
1208 5512 1375 5566 etiam
1393 5522 1515 5582 post
1572 5523 1721 5568 tuum
1751 5512 1957 5568 abitum
1992 5522 2140 5568 tuam

541 5616 684 5670 erga
715 5614 801 5655 me
836 5601 1289 5670 benevolentiam,
1326 5615 1578 5660 exortum
1615 5617 1806 5662 contra
1855 5615 1908 5662 te
1954 5607 2140 5662 odium

550 5706 609 5749 et
663 5692 945 5763 antiquam
975 5693 1210 5751 fortunae
1243 5696 1527 5753 malitiam.
1574 5695 1682 5765 Tu,
1737 5699 1881 5755 velut
1920 5698 2142 5769 sapiens

2796 4490 2920 4543 NA’.
2956 4488 3277 4561 seruem

2314 4584 2452 4655 Ἤδη
2490 4602 2558 4656 με
2600 4584 2863 4655 μέλλοντα
2913 4581 3050 4654 πρὸς
3108 4583 3209 4652 τὴν
3263 4582 3538 4654 προτέραν
3591 4580 3792 4650 γράφειν

2238 4678 2553 4751 ἐπιστολὴν,
2587 4676 2801 4747 φθάσας
2851 4677 3015 4741 αὐτὸς
3055 4676 3153 4730 καὶ
3203 4675 3473 4747 δευτέραν
3510 4672 3786 4742 ἐπέθηκας

2239 4770 2383 4827 οὓτω
2410 4773 2516 4825 κάν
2542 4772 2655 4833 τοίς
2698 4768 2998 4840 γράμμασι
3029 4768 3229 4839 ἐπείγῃ
3258 4769 3441 4841 νικᾷν.
3483 4766 3637 4821 am
3658 4762 3732 4826 τίς
3768 4762 3790 4813 ό

2241 4866 2456 4939 χρόνος,
2483 4866 2649 4936 ἐρεῖς,
2703 4863 2799 4917 καὶ
2821 4865 2855 4935 ή
2882 4862 2979 4916 τοῦ
3009 4860 3087 4934 μὴ
3118 4861 3354 4932 γράφειν
3385 4858 3646 4930 ἀναδολή;
3695 4853 3789 4909 οὐκ

2240 4962 2389 5013 ἐστιν
2427 4959 2713 5030 ἄνθρωπον
2760 4957 2911 5021 ὅντα,
2958 4955 3228 5027 πράττειν
3273 4954 3375 5008 ὅσα
3427 4971 3509 5016 τις
3553 4950 3785 5023 βούλεται,

2242 5052 2356 5105 ἀλλ’
2393 5052 2610 5120 ἀνάγκη
2646 5047 2986 5122 παρέχεσθαι
3020 5048 3117 5101 καὶ
3140 5045 3414 5100 δουλεύειν
3444 5046 3510 5114 τῇ
3543 5041 3692 5115 χρείᾳ
3714 5036 3788 5089 καὶ

2243 5144 2529 5199 πείθεσθαι
2551 5142 2629 5213 τῷ
2660 5142 2839 5214 καιρῷ
2861 5159 2873 5170 ·
2903 5143 2932 5196 ὁ
2957 5141 3017 5195 δὲ
3052 5141 3267 5195 δίδωσιν
3299 5139 3398 5210 οὐχ
3421 5140 3520 5192 ὅσα
3540 5153 3619 5199 τις
3646 5132 3784 5186 θέλει.

2241 5240 2356 5294 ἀλλ’
2377 5239 2481 5293 ὃσα
2502 5236 2641 5308 πρὸς
2668 5234 2768 5305 τὴν
2795 5235 2987 5305 χρείαν
3017 5232 3231 5303 ἀνάγκη
3264 5233 3502 5304 μετρεῖν.
3529 5225 3679 5283 Ταῦτ’
3698 5222 3785 5291 ἄρα

2245 5333 2440 5404 μέχρις
2472 5316 2572 5400 τῆς
2591 5329 2691 5382 νῦν
2708 5328 2860 5383 άκων
2894 5326 3019 5399 μὲν,
3054 5326 3277 5381 σιωπῶν
3303 5326 3348 5380 δ’
3376 5321 3468 5381 οὖν
3494 5324 3632 5393 ὅμως
3657 5316 3784 5389 meo"

2247 5444 2356 5497 μην
2373 5443 2388 5458 ο
2416 5424 2596 5480 καίτοι
2620 5421 2927 5494 θαυμάζειν
2944 5421 3085 5493 ἔχων
3109 5422 3210 5492 τὴν
3231 5421 3322 5474 ὅτε
3347 5420 3477 5491 παρ’
3513 5417 3634 5488 ήμίν
3666 5407 3785 5482 ἦσθα

2247 5519 2506 5591 σπουδὴν,
2526 5519 2628 5589 τὴν
2648 5517 2836 5587 ἐπειδὴ
2859 5516 3022 5570 πάλιν
3040 5515 3282 5587 ἁνήχθης
3307 5515 3390 5568 ἔτι
3425 5529 3511 5583 μοι
3538 5506 3780 5591 διαμένον·

2248 5628 2348 5665 σαν
2375 5589 2617 5674 εὐνοιαν,
2656 5607 2748 5661 τὸν
2767 5605 2908 5660 κατὰ
2942 5605 3037 5659 σοῦ
3073 5603 3349 5658 συστάντα
3386 5600 3572 5672 φθόνον
3597 5596 3679 5649 καὶ
3702 5589 3781 5657 τὴν

2249 5699 2418 5754 πάλαι
2446 5699 2544 5770 τῆς
2573 5697 2744 5768 τύχης
2767 5695 3063 5768 ἐπιϐουλήν
3082 5711 3097 5727 ο
3131 5695 3228 5750 καὶ
3252 5693 3330 5758 ὡς
3358 5693 3578 5764 σώφρων
3608 5685 3775 5753 ἀνήγου
