3978 6440
376 295 517 374 2751

1833 309 2248 375 ΕῙἾΞΤΟΙΑἘ.ἶ

3504 326 3643 390 2762

383 429 475 480 τὸν
504 425 662 491 λόγον
694 422 996 493 γινόμενος,
1047 419 1139 474 καὶ
1193 422 1257 491 τῇ
1312 419 1440 490 περὶ
1498 419 1671 473 ταῦτα
1728 421 1945 495 φλυαρεῖ

2070 427 2477 500 factusdiguius
2502 431 2833 501 loquebaris,
2890 436 2943 485 ct
2979 431 3136 502 nugis
3158 433 3301 489 circa
3337 438 3453 494 ba-c
3488 444 3637 495 vale-

381 516 596 587 χαίρειν
627 513 819 580 εἰπὼν,
846 504 1213 585 α’ἱρησάμενος
1239 514 1350 575 τοῖς
1378 513 1546 567 πᾶσιν
1564 584 1575 591 .
1601 511 1958 568 ἐλαττοῦσθαι

384 608 608 677 μᾶλλον,
639 608 728 660 ἵνα
749 605 1015 678 κερδάνῃς
1052 604 1152 668 τὰς
1196 603 1427 675 μούσας·
1454 603 1569 657 ἀλλ’
1598 603 1748 656 ὄναιο
1766 603 1958 658 θᾶττον

380 698 583 770 ἔρωτος
615 694 901 769 μουσικοῦ,
921 697 1016 749 καὶ
1032 693 1282 748 τοσοῦτον
1302 687 1485 756 λάϐοις
1502 692 1697 746 ὁπόσον
1724 691 1926 756 ἐθέλοις
1941 709 1954 724 ·

380 792 474 845 καὶ
498 790 676 859 γένοιο
712 790 808 857 τῆς
829 786 1209 856 προλαϐούσης
1247 784 1521 854 διαϐολῆς,
1550 784 1599 835 εί
1622 784 1721 853 μὲν
1752 783 1960 854 ἀληθὴς

375 878 481 952 ἦν,
514 880 987 950 σωφρονέστερος’
1040 880 1090 931 εί
1129 878 1186 930 δὲ
1241 877 1462 947 ψευδὴς,
1522 875 1915 946 εὐτυχέστερος
1940 889 1955 907 ο

375 975 525 1037 ὅπως
555 973 583 1023 ὁ
610 972 746 1042 μετὰ
776 970 950 1023 ταῦτα
980 969 1093 1039 βίος
1123 968 1198 1039 μὴ
1218 968 1387 1039 ψευδῆ
1418 965 1670 1035 διαϐολὴν
1703 964 1957 1035 amasen—

374 1080 493 1119 ταιο
523 1063 659 1117 ἀλλὰ
696 1062 918 1132 φανείης
954 1061 1117 1114 πάλιν
1145 1062 1350 1123 ἐκεῖνος
1376 1060 1405 1112 ὁ
1438 1061 1701 1129 πρότερον
1726 1073 1741 1090 ⁸
1783 1057 1959 1121 οὕτως

372 1158 482 1228 γὰρ
530 1157 596 1211 ἂν
639 1155 957 1227 ἡνωθέντων
989 1154 1094 1207 τῶν
1139 1154 1326 1225 ἄκρων
1379 1154 1651 1208 διόλλυται
1684 1152 1744 1205 τὸ
1786 1150 1955 1223 μέσον

373 1247 622 1318 ἐκατέρῳ
654 1245 809 1317 μέρει
852 1244 1201 1313 βαλλόμενον.

365 1347 370 1352 ε
930 1336 1060 1390 NE’.
1093 1336 1426 1414 ΣΤΕΦΑΝῼ.

446 1431 569 1484 Ἔτι
608 1432 804 1501 σιγᾷ;;
834 1429 914 1482 ἔτι
935 1429 1043 1482 τῶν
1077 1429 1441 1500 ἠμελημένων
1472 1429 1672 1499 ήμεῖςς
1708 1428 1803 1481 καὶ
1846 1426 1952 1496 μὴν

370 1524 537 1577 πάλαι
569 1539 632 1591 γε
662 1524 883 1586 πυκνοῖς
904 1523 1050 1592 ἡμᾶς
1070 1518 1213 1593 εἴχες
1236 1523 1348 1584 τοῖς
1382 1521 1704 1590 γράμμασιν
1725 1534 1740 1550 ο
1765 1519 1857 1573 καὶ
1883 1514 1952 1588 ἦν

368 1617 586 1689 ἥδιστον
616 1615 677 1668 τὸ
718 1615 904 1683 κτῆμα
951 1613 1326 1683 φθεγγομένου
1385 1611 1646 1674 πολλάκις
1688 1609 1909 1664 ἀκούειν
1934 1623 1947 1638 ο

368 1707 505 1762 ἀλλά
522 1707 617 1760 νῦν
648 1705 910 1776 ἐξαίφνης
947 1706 1105 1775 σιγᾷς
1130 1705 1225 1759 καὶ
1249 1704 1347 1773 τῆς
1372 1704 1566 1774 ήδονῆς
1584 1702 1776 1772 ὲστερή
1788 1698 1944 1770 μεθα·

366 1800 594 1854 τοιαῦτα
622 1799 731 1851 τῶν
763 1775 1018 1869 χρηστῶν
1039 1796 1259 1868 βιϐλίων
1272 1797 1575 1869 ἀπήλαυσα
1594 1812 1608 1827 ’
1644 1795 1825 1867 ζητῶν
1845 1793 1955 1862 γὰρ
1984 1775 2031 1834 Β

366 1886 699 1956 ὲκεῖνα,’κα“ι
721 1890 812 1943 τδν
837 1889 1055 1943 πάντων
1083 1906 1172 1959 μοι
1212 1888 1468 1958 φίλτατον
1500 1887 1946 1960 προσαπολέσθαι

360 1984 507 2038 δοκῶ
524 1982 634 2036 "ab
659 1984 719 2037 δὲ
746 1982 983 2053 μάλιστα
1015 1983 1117 2053 μὲν
1138 1983 1231 2035 καὶ
1269 1981 1331 2035 τὸ
1364 1980 1569 2052 βιϐλίον
1599 1980 1943 2043 ἀπόστειλον,

365 2077 458 2129 καὶ
495 2075 619 2146 περὶ
655 2076 752 2146 τῆς
786 2075 1001 2138 εὐνοίας
1036 2074 1309 2145 ἀπολίπῃς
1340 2073 1538 2144 μηδὲν·
1577 2074 1625 2125 εἰ
1656 2072 1711 2124 δὲ
1751 2070 1847 2142 μὴ,
1877 2070 1948 2123 τὰ

358 2165 495 2234 γοῦν
521 2165 697 2234 φίλοις
722 2161 866 2221 εἶναι
889 2165 1191 2235 διαμενέτω
1209 2182 1221 2197 ·
1254 2165 1392 2230 δόξω
1421 2163 1530 2232 γὰρ
1576 2161 1720 2215 οὕτω
1749 2177 1948 2214 πεπον-

365 2256 515 2310 Θὲναι
547 2256 713 2327 μηδέν
739 2275 752 2288 ·
782 2256 1022 2325 δήλωσον
1052 2255 1111 2309 δέ
1149 2272 1239 2326 μοι
1274 2254 1371 2309 καὶ
1412 2255 1561 2317 ὅπως
1589 2253 1719 2323 ὑμῖν
1754 2251 1866 2322 ἔχει
1887 2250 1948 2304 τὸ

361 2351 802 2420 φροντιστήριον·
834 2350 929 2404 καὶ
946 2352 995 2403 εί
1019 2347 1223 2417 πλῆθος
1240 2349 1515 2420 ὁμιλητῶν
1541 2364 1624 2400 σοι
1646 2343 1948 2418 περιφράτ-
1984 2360 1993 2366 ·

360 2461 444 2496 τει
473 2443 533 2496 τὸ
567 2443 793 2514 θέατρον
814 2460 835 2514 '_
873 2442 1051 2496 καὶτὸ
1087 2441 1153 2513 δὴ
1196 2441 1484 2512 μέγιστον,
1514 2440 1561 2491 εί
1593 2437 1812 2509 πλούτῳ
1845 2442 1949 2499 κοτ’

352 2537 492 2604 «μᾷς,
529 2535 623 2589 καί
651 2511 733 2588 σοι
773 2511 958 2589 λοιπὸν
1001 2534 1083 2597 είς
1134 2511 1376 2604 χιλιάδας
1414 2530 1727 2603 ἀριθμεῖται
1756 2529 1816 2584 τὸ
1852 2529 1953 2585 νόι

367 2642 566 2697 ιιισμα.
1468 2638 1474 2643 ’

895 2719 1039 2786 NQ".
1090 2718 1361 2791 ΣΑΒΙΝῼ.
1654 2760 1667 2773 .

436 2811 500 2864 Ei
537 2813 648 2874 τοῖς
671 2810 869 2882 ἐρῶσιν
894 2811 1077 2893 ἡμέρα
1110 2812 1208 2882 μία
1240 2810 1378 2883 πρὸς
1406 2810 1584 2882 γῆρας
1615 2806 1797 2882 ἀρκεῖ,
1840 2809 1942 2864 οὐκ

362 2904 433 2958 ἂν
471 2903 695 2972 φθάνοις
738 2903 988 2974 ἀριθμῶν
1012 2905 1185 2959 ὁπόσα
1213 2905 1277 2977 δὴ
1308 2904 1729 2975 γεγηράκαμενσ
1773 2903 1941 2957 πάλαι

350 2995 462 3066 ’μὲν
489 2991 631 3067 ἦμεν
655 2996 991 3065 εὐδαίμονες,
1009 2995 1068 3048 σέ
1084 3014 1141 3049 τε
1165 2996 1396 3067 ὁρῶντες
1420 2997 1513 3050 καὶ
1536 2996 1647 3049 τῶν
1678 2997 1785 3049 σῶν
1812 2996 1941 3049 ἀντ-ο

347 3084 637 3156 ἐχόμενοιο
665 3085 761 3138 καὶ
822 3081 889 3155 ἦν
920 3088 1053 3156 ἡμῖν
1088 3085 1265 3138 πάντα
1295 3086 1530 3157 χρηστὰ,
1565 3086 1689 3156 ὄψις
1721 3086 1935 3157 ἡδίστη,
1965 3134 1969 3141 .

356 3178 505 3249 λόγοι
526 3176 960 3248 κατακηλοῦντες
1011 3177 1109 3249 τὴν
1151 3179 1342 3250 ἀκοὴν,
1406 3178 1601 3263 γνώμη
1627 3177 1942 3252 χορηγοῦσα

355 3275 457 3346 τὴν
485 3276 701 3331 εὔνοιαν
720 3293 734 3307 ·
766 3275 860 3330 κοιλ⁸
892 3276 920 3329 ὃ
944 3275 995 3329 τί
1015 3294 1096 3339 τις
1116 3276 1302 3330 ἐπόθει
1326 3275 1508 3341 καλὸν,
1536 3275 1695 3345 ἢρκει
1721 3271 1856 3343 πρὸς
1883 3270 1942 3324 σὲ
1972 3286 1981 3291 ·

359 3366 520 3437 μόνον
553 3366 677 3421 ἰδεῖν
693 3382 707 3397 ο
742 3366 878 3437 ἀλλᾲ
897 3366 990 3420 νῦν
1010 3365 1270 3437 ἐξαίφνης
1294 3367 1393 3437 έρη
1404 3384 1491 3436 μοι
1514 3366 1731 3419 πάντων
1756 3363 1940 3435 ἡμεῖς,

354 3456 480 3512 ὅθεν
510 3458 818 3530 ἠπόρημαι,
869 3458 1091 3513 καὶτὸν
1149 3458 1319 3528 μῦθον
1374 3456 1519 3529 ὲρῶο
1574 3456 1668 3511 καὶ
1697 3454 1942 3526 Περσεὺς

352 3553 565 3616 helvo;
590 3552 856 3622 εὐξαίμην
883 3552 1135 3620 γενέσθαι
1157 3568 1170 3582 ⁸
1205 3552 1348 3622 τάχα
1396 3551 1506 3622 γὰρ
1554 3550 1621 3604 ἂν
1669 3548 1814 3620 ἐξείη
1849 3565 1939 3618 μοι

357 3644 555 3715 μικρὸν
575 3645 941 3715 ἀναπταμένῳ
965 3641 1407 3715 παραμυθεῖσθαι
1440 3641 1529 3695 τὸν
1558 3640 1734 3711 ἔρωτα
1826 3677 1839 3691 .
1862 3638 1939 3709 (l)

348 3737 622 3802 διεδέξιτο
650 3735 820 3807 θυμός
844 3751 858 3767 ⁶
902 3736 1010 3789 ἰδοὺ
1033 3735 1141 3806 γάρ
1173 3751 1240 3805 με
1273 3733 1370 3788 καὶ
1404 3730 1605 3803 πτεροῦ
1637 3735 1665 3786 ὁ
1703 3730 1935 3793 πόθος...

351 3832 452 3885 καὶ
483 3830 649 3902 μῦθος
676 3831 981 3902 γεγένημαι
1001 3845 1016 3860 ο
1064 3829 1160 3883 καλ⁸
1193 3829 1291 3882 ὅσα
1340 3827 1399 3879 δὲ
1450 3825 1693 3879 ποθοῦσα
1727 3825 1938 3878 διάνοια

355 3926 428 3996 ῥα
448 3966 460 3978 .
482 3963 497 3978 .
520 3962 534 3977 .
570 3921 745 3975 ἐθέλει
764 3938 777 3952 ’
805 3923 905 3992 ἤδη
935 3922 991 3975 δέ
1019 3939 1104 3975 σοι
1150 3920 1243 3974 καὶ
1271 3920 1404 3990 ὄναρ
1432 3918 1573 3989 ἥσθη
1627 3916 1750 3972 ἰδών
1771 3932 1785 3948 ⁸
1840 3916 1937 3970 καὶ

351 4017 552 4071 ἀναστ.
571 4054 616 4070 ..
640 4017 706 4087 τῇ
740 4013 868 4086 θέᾳο
894 4009 955 4067 εὖ
989 4013 1046 4067 δὲ
1077 4014 1246 4067 ποιῶν
1272 4011 1364 4066 τὸν
1421 4013 1658 4084 φέροντα
1684 4010 1784 4083 τὴν
1810 4010 1935 4063 ὲπι-

352 4107 552 4179 στολὴν
571 4147 584 4161 .
611 4148 624 4161 .
649 4145 664 4160 .
699 4107 793 4161 καὶ
824 4106 1145 4177 βεδαιώσεις
1179 4106 1246 4178 ἢν
1274 4104 1415 4176 έχων
1468 4103 1767 4175 ἐτύγχανες
1796 4101 1937 4172 γνώ-

356 4219 496 4273 μην.
523 4239 571 4255 ..
618 4202 668 4253 εἰ
698 4199 878 4264 δέξαιο
916 4199 1223 4271 γράμματα
1272 4197 1404 4270 παρ’
1429 4196 1619 4287 ημῶν,
1644 4196 1798 4251 οὐδὲν
1815 4197 1850 4251 ³ὄ
1883 4213 1934 4248 τι

348 4296 434 4369 μὴ
472 4295 671 4369 ῥαδίως
711 4294 979 4366 ποιήσεις.
1400 4318 1405 4323 ε

879 4462 1006 4527 NZ'.
1041 4468 1446 4540 tEPoNrMoJ

424 4562 596 4634 Ὅσης
633 4580 725 4617 σου
753 4562 850 4632 τῆς
879 4563 1213 4633 κατηγορίας
1268 4560 1668 4632 ἀπηλαύσαμεν
1710 4561 1767 4614 οἱ
1799 4560 1934 4615 ἀλα-

350 4656 503 4722 ζόνες
524 4659 704 4727 ἡμεῖς,
733 4659 827 4710 καὶ
855 4657 976 4711 λίαν
1008 4658 1260 4725 σοφισταὶ
1317 4655 1414 4709 καὶ
1445 4653 1727 4716 νοσοῦντες
1766 4652 1936 4724 ὑπερ-

2065 518 2266 584 dixisti,
2320 536 2382 576 ac
2425 523 2662 579 maluisti
2709 521 2963 577 omnibus
2995 525 3276 594 minorari,
3340 538 3398 583 ut
3454 548 3639 589 niusas

2063 610 2433 670 lucrifaceres.
2488 616 2559 669 At
2618 617 2824 671 utinam
2884 617 3046 672 citius
3104 616 3300 674 fruaris
3362 636 3635 679 musarum

2061 716 2267 768 amore,
2296 714 2351 759 et
2387 712 2595 759 tantum
2641 707 2827 776 capias
2880 717 3137 776 quantum
3182 710 3441 779 volueris,
3490 726 3639 771 acte
3688 749 3696 757 -

2069 790 2233 857 faciat
2269 795 2580 861 prmcedens
2636 781 2937 863 accusatio,
3004 800 3049 854 si
3104 801 3320 871 quidem
3377 819 3503 860 vera
3540 807 3632 874 sit,

2061 881 2466 953 sapientiorem,
2505 888 2548 943 si
2586 904 2713 945 vero
2738 891 2896 958 falsa,
2952 893 3249 954 feliciorem
3281 918 3295 967 ;
3332 902 3406 956 ita
3444 911 3502 957 ut
3537 913 3627 959 tua

2061 970 2318 1044 deinceps
2349 977 2455 1032 vita
2482 977 2590 1049 iam
2628 982 2827 1037 nullam
2886 987 3075 1041 subeat
3108 987 3295 1046 falsam
3326 999 3633 1051 accusatio-

2061 1073 2207 1126 nem,
2245 1063 2337 1117 sed
2392 1065 2533 1122 idem
2581 1069 2777 1127 iterum
2819 1076 3053 1133 videaris
3105 1082 3194 1149 qui
3229 1081 3375 1139 fuisti
3421 1094 3579 1142 antea
3616 1104 3632 1140 :

2060 1151 2143 1206 sic
2174 1154 2318 1207 enim
2362 1158 2530 1214 unilis
2563 1159 2771 1218 duabus
2823 1170 3084 1226 extremis
3130 1175 3364 1230 medium
3398 1178 3635 1246 perime-

2061 1249 2148 1294 tur
2181 1251 2410 1314 utraque
2440 1257 2593 1316 parte
2619 1266 2960 1319 percussum.

2592 1341 2698 1399 LV.
2721 1344 3102 1407 STEPHANO.

2128 1426 2317 1484 Adhuc
2341 1432 2502 1489 siles!
2538 1435 2715 1493 adhuc
2770 1454 2870 1496 nos
2932 1443 3288 1520 negligimur!
3348 1450 3487 1506 Olim
3547 1463 3632 1508 ta—

2059 1532 2181 1573 men
2216 1520 2527 1591 frequentes
2557 1528 2813 1589 mittebas
2851 1535 3006 1590 nobis
3036 1536 3269 1608 litteras,
3325 1554 3379 1599 et
3431 1539 3655 1614 jucnn-°

2057 1610 2344 1668 dissimum
2388 1616 2587 1674 bonum
2627 1630 2747 1677 erat
2787 1631 2840 1679 te
2884 1614 3191 1696 loquentem
3225 1648 3367 1706 saepe
3398 1610 3626 1710 audire;

2056 1703 2150 1758 sed
2168 1719 2317 1761 nunc
2342 1709 2523 1764 subito
2553 1711 2707 1780 siles,
2759 1724 2811 1771 et
2860 1716 2947 1772 illa
2977 1721 3255 1792 voluptate
3302 1703 3501 1797 privati
3525 1703 3630 1787 su;

2060 1807 2201 1849 mus.
2236 1794 2386 1851 Hanc
2416 1799 2581 1868 igitur
2610 1818 2675 1858 ex
2708 1803 2864 1863 libris
2899 1810 3004 1866 tuis
3035 1814 3153 1883 cepi
3179 1794 3467 1875 utilitatem
3495 1823 3633 1880 :hos

2051 1883 2195 1937 enim
2226 1901 2504 1959 quaerens,
2534 1893 2913 1952 charissimum
2944 1904 3187 1958 omnium
3219 1908 3352 1962 mihi
3397 1913 3631 1968 amicum

2050 1974 2299 2032 amisisse
2357 1980 2563 2037 videor.
2599 1984 2679 2039 Tu
2716 1988 3060 2056 potissimum
3085 1994 3229 2053 hunc
3262 2000 3393 2054 mihi
3430 2002 3628 2058 librum

2049 2344 2320 2411 quomodo
2349 2360 2409 2402 se
2434 2349 2629 2405 habeat
2660 2355 2864 2420 schola,
2906 2373 2974 2412 an
3016 2360 3302 2418 multitudo
3332 2362 3625 2438 discipulo-

2049 2448 2168 2487 rum
2193 2436 2259 2488 ad
2299 2449 2351 2491 te
2386 2442 2711 2498 audiendum
2739 2447 2994 2516 confluat,
3026 2467 3090 2507 ac
3121 2453 3369 2523 inprimis
3397 2436 3623 2517 audivi-

2050 2524 2139 2581 tiis
2171 2525 2430 2600 luxuries,
2466 2542 2520 2589 et
2554 2536 2771 2592 residua
2814 2539 2908 2596 tibi
2936 2548 3164 2614 pecunia
3197 2562 3293 2618 per
3329 2550 3492 2607 millia
3519 2569 3622 2609 nu-

2049 2629 2311 2677 meretur.

2600 2723 2714 2781 LVI
2722 2767 2736 2781 .
2809 2725 3080 2789 SABINO.

2116 2808 2175 2864 Si
2212 2814 2519 2871 amantibus
2562 2819 2716 2875 unica
2758 2821 2876 2879 dies
2905 2827 2974 2881 ad
3006 2827 3218 2884 senium
3243 2830 3467 2900 sumcit,
3494 2849 3624 2905 sup-

2044 2909 2237 2969 putare
2267 2919 2371 2958 non
2402 2907 2612 2966 valeres
2640 2924 2901 2984 quantum
2927 2923 3294 2980 senuerimus.
3331 2923 3470 2981 Olim
3501 2928 3626 2997 qui-

2045 2993 2163 3049 dem
2183 2995 2369 3054 felices
2387 3014 2627 3070 eramus,
2656 3015 2707 3061 te
2728 3009 3048 3067 videnteset
3071 3020 3158 3067 tua
3189 2993 3581 3086 amplectentes
3605 3039 3621 3088 ;

2045 3097 2099 3142 et
2139 3101 2293 3146 erant
2353 3091 2510 3150 nobis
2562 3100 2744 3154 omnia
2792 3101 2964 3170 utilia,
3027 3114 3278 3174 aspectus
3313 3112 3628 3167 ammnissi~

2046 3195 2186 3248 mus,
2211 3198 2490 3244 sermones
2520 3191 2763 3248 auditum
2786 3195 3121 3261 excitantes,
3187 3201 3403 3255 animus
3459 3202 3626 3260 bene-

2042 3272 2290 3330 volentiae
2321 3279 2620 3351 prodigus;
2652 3298 2716 3338 ac
2739 3285 2782 3338 si
2815 3286 2939 3354 quis
2966 3287 3094 3356 quid
3136 3288 3348 3358 pulchri
3378 3303 3623 3362 cuperet,

2044 3365 2179 3421 satis
2211 3378 2330 3425 erat
2385 3380 2436 3427 te
2477 3373 2818 3432 solummodo
2850 3378 3118 3448 aspicere.
3167 3385 3234 3436 At
3265 3399 3408 3439 nunc
3438 3387 3622 3443 confe-

2043 3457 2167 3512 stim
2190 3461 2443 3517 omnium
2470 3465 2628 3536 egeni
2658 3479 2878 3537 sumus;
2916 3469 3062 3524 unde
3092 3469 3144 3524 in
3180 3486 3392 3531 summa
3433 3493 3624 3535 neces-

2043 3550 2205 3607 sitate
2225 3567 2433 3620 versor,
2472 3567 2527 3611 et
2560 3557 2798 3614 fabulam
2826 3562 3000 3617 dicam
3046 3580 3061 3618 :
3125 3563 3358 3624 Perseus
3391 3569 3480 3625 ille
3506 3586 3627 3627 esse

2039 3651 2285 3710 optarem
2320 3644 2551 3703 :forsan
2581 3650 2726 3705 enim
2783 3653 2917 3707 mihi
2952 3654 3179 3712 daretur
3212 3658 3485 3728 paululum
3523 3677 3623 3717 vo-

2038 3731 2201 3789 lando
2236 3751 2413 3791 meum
2448 3738 2612 3794 solari
2641 3755 3005 3799 amorem..;..
3042 3750 3312 3804 successit
3342 3749 3442 3817 ira,
3493 3766 3622 3808 ecce

2038 3825 2181 3878 enim
2216 3825 2315 3881 σιω
2343 3829 2792 3887 desideriu‘m.....
2841 3841 2897 3889 et
2931 3833 3107 3891 fabula
3132 3837 3314 3894 factus
3358 3854 3517 3907 sum;
3566 3854 3621 3898 et

2037 3915 2299 3986 quidquid
2332 3918 2560 3988 cupiens
2612 3921 2946 3981 animus.....
3017 3925 3231 3982 volebat
3272 3946 3286 3982 :
3333 3928 3446 3999 jam
3490 3946 3623 3988 vero

2038 4005 2255 4075 gavisus
2284 4017 2366 4062 est
2394 4022 2460 4064 eo
2484 4010 2629 4080 quod
2671 4011 2897 4069 vidisset
2941 4014 2996 4070 in
3028 4018 3376 4075 somnis......
3439 4023 3617 4087 visui;

2036 4096 2176 4154 bene
2198 4108 2377 4155 autem
2414 4102 2620 4158 habens
2647 4116 2772 4160 eum
2792 4107 2882 4177 qui
2911 4107 3016 4163 fert
3039 4109 3178 4166 hanc
3208 4113 3618 4183 cpistolam.....

2037 4198 2089 4245 et
2107 4190 2456 4248 confirmabis
2472 4187 2615 4249 illam
2631 4209 2790 4265 quam
2809 4199 3046 4256 habebas
3064 4201 3589 4263 benevolentiam....
3603 4249 3616 4264 .

2038 4282 2083 4335 si
2132 4285 2412 4354 acceperis
2459 4285 2670 4344 litteras
2701 4303 2731 4343 a
2762 4290 2941 4357 nobis,
3006 4292 3140 4347 nihil
3187 4309 3297 4350 non
3351 4295 3511 4355 facile
3543 4298 3626 4354 fa-

2038 4372 2169 4430 cies.
3457 4389 3474 4407 ·

2506 4467 2673 4526 LVII.
2717 4468 3151 4531 HIERONYMO.

2112 4557 2253 4625 Quot
2284 4572 2312 4612 a
2342 4567 2393 4614 te
2444 4562 2892 4619 accusationibus
2943 4564 3259 4636 impetimur
3321 4586 3419 4627 nos
3460 4574 3613 4629 vani-

2037 4646 2208 4717 loqui,
2237 4664 2335 4704 nos
2358 4650 2646 4725 sophistae,
2711 4668 2812 4709 nos
2858 4656 3111 4725 superbia
3164 4658 3476 4717 laborantes
3514 4667 3613 4719 sub

348 4745 510 4816 οψίαν
554 4748 611 4799 ἐν
653 4746 857 4817 μετρίῳ
917 4745 996 4817 τῷ
1034 4747 1307 4818 σχήματι·
1364 4745 1460 4799 καὶ
1499 4744 1597 4797 οὐκ
1630 4743 1697 4795 ἂν
1751 4742 1934 4813 ἔχοιμι

2051 4739 2285 4796 modesto
2320 4740 2531 4796 habitu.
2595 4740 2708 4798 Nec
2739 4759 2951 4814 possem
2986 4746 3193 4805 referre
3219 4759 3353 4819 quot
3387 4753 3616 4807 crimina

346 4836 531 4905 λέγειν
563 4837 662 4890 ὅσα
688 4837 809 4891 καθ’
844 4839 993 4907 ἡμᾶς
1046 4836 1444 4907 συνεφόρησας.
1501 4835 1690 4905 ὥσπερ
1739 4832 1931 4899 καιρὸν

350 4930 519 4985 πάλαι
547 4928 725 5001 ζητῶν
743 4930 827 4998 ἐφ’
848 4931 981 5000 ἡμῖν
1002 4931 1210 5001 ἐγεῖραι
1231 4928 1329 4999 τὴν
1350 4928 1594 4996 γλῶτταν
1617 4944 1632 4958 ·
1663 4926 1785 4980 ὅθεν
1811 4926 1934 4980 οὐδὲ

346 5027 624 5097 πρόφασιν
649 5024 863 5078 δικαίαν
921 5020 1136 5087 λαϐὼν,
1173 5022 1254 5083 είς
1310 5022 1476 5091 μέσον
1520 5021 1673 5089 ἄγεις
1698 5018 1734 5072 ἃ
1765 5016 1933 5072 πάλαι

346 5118 608 5189 κρύπτων
636 5114 944 5177 ἐλάνθανες·
963 5112 1015 5167 τί
1045 5114 1175 5183 γὰρ,
1209 5112 1329 5165 εἰπέ
1359 5130 1468 5183 μοι,
1488 5110 1680 5175 δεινὸν,
1720 5111 1770 5164 εί
1798 5110 1934 5180 πρὸς

350 5212 414 5265 σὲ
457 5211 687 5282 γράφων
715 5207 1024 5279 Προκόπιος
1070 5205 1382 5278 Ἱερωνύμῳ
1442 5204 1656 5275 χαίρειν
1692 5202 1935 5273 ἐπέγρα-

349 5319 488 5371 φον;
527 5302 614 5366 Ὠς
665 5302 898 5373 μὲνγὰρ
941 5301 1167 5372 ἀρχαῖος
1195 5300 1222 5352 ὁ
1268 5298 1453 5368 νόμος,
1507 5296 1615 5369 ἔχω
1664 5295 1933 5367 δήπουθεν

348 5395 719 5465 ὁμολογοῦντα
734 5394 807 5465 ,ἂν
829 5394 924 5448 καὶ
958 5391 1037 5448 σέ.
1085 5390 1223 5444 Ἀλλ’
1251 5389 1402 5444 οὐδὲν
1435 5388 1533 5452 δεῖ,
1564 5392 1688 5464 φῂς,
1716 5388 1815 5473 τὴν
1837 5385 1932 5441 νῦν

348 5487 786 5551 ἐπιπολάζουσαν
816 5485 1042 5557 ἐκϐῆναι
1092 5483 1404 5554 συνήθειαν.
1442 5480 1654 5535 Οὐκοῦν
1694 5478 1932 5550 κατηγό-

349 5597 461 5654 ρει,
492 5578 596 5633 κᾶν
626 5580 674 5634 εί
696 5577 793 5648 τὴν
819 5577 914 5631 νῦν
944 5577 1252 5649 κρατοῦσαν
1285 5575 1495 5648 τρυφὴν
1520 5576 1600 5638 εἰς
1626 5571 1931 5646 σεμνότητά

418 5764 497 5833 (l)
531 5760 750 5816 llladore
775 5758 981 5829 aliquot
1006 5757 1163 5814 verba
1184 5768 1537 5814 evanuerunt.

757 5852 1030 5915 Pamoc.
1062 5854 1177 5913 Gn.
1219 5853 1591 5917 LXXXVII.

2038 4830 2090 4885 in
2132 4847 2232 4887 nos
2281 4835 2645 4902 congesseris,
2691 4836 2845 4905 quasi
2896 4839 3241 4895 occasionem
3295 4840 3617 4910 jamdudum

2035 4920 2322 4994 auspicans
2355 4926 2590 5000 linguam
2647 4942 2836 4987 contra
2907 4946 3006 4987 nos
3051 4935 3304 4993 acuendi.
3348 4935 3504 4994 Unde
3554 4955 3619 4995 ne

2032 5019 2239 5089 justum
2269 5022 2484 5093 quidem
2520 5032 2844 5093 praetextum
2874 5024 3138 5095 allegans,
3197 5026 3250 5081 in
3287 5028 3465 5084 medio
3493 5045 3620 5101 pro-

2035 5112 2148 5170 fers
2171 5129 2290 5184 quae
2314 5113 2443 5168 olim
2478 5116 2696 5172 nescius
2732 5116 3136 5173 dissimulabas.
3167 5118 3306 5186 Quid
3341 5122 3509 5187 enim,
3537 5125 3619 5178 dic

2036 5204 2338 5274 mihi,quid
2378 5206 2598 5273 mirum,
2631 5207 2675 5262 si
2697 5207 2793 5261 tibi
2826 5208 3094 5277 scribens,
3122 5209 3261 5266 hanc
3279 5212 3615 5268 adhibuerim

2037 5295 2377 5351 formulam:
2416 5296 2716 5369 Procopius
2772 5298 3105 5371 llieronymo
3157 5302 3426 5357 salutem?
3469 5303 3621 5358 llunc

2034 5388 2177 5444 enim
2207 5387 2376 5444 fuisse
2402 5390 2681 5460 antiquum
2716 5407 2921 5449 morem
2944 5404 3059 5451 tute
3084 5397 3386 5453 conﬁteris.
3416 5398 3484 5452 At
3516 5414 3623 5456 non

2039 5479 2259 5546 licebat,
2292 5481 2529 5551 inquies,
2566 5499 2709 5541 nunc
2746 5486 3033 5557 vigentem.
3057 5490 3361 5559 transgredi
3390 5503 3524 5545 cons
3549 5508 3622 5541 ιυ.

2040 5573 2305 5630 tudinem.
2346 5573 2490 5645 Ergo
2524 5560 2689 5632 etiam
2733 5576 2865 5634 vitio
2894 5587 3045 5635 verte
3076 5579 3122 5635 si
3147 5581 3269 5651 quis
3302 5589 3621 5651 regnantem

3140 5849 3216 5912 87
