3978 6410
407 300 563 367 2703
1740 299 2087 360 PROCOPII
2113 300 2356 361 GAZJEI
3508 308 3629 378 mi

408 435 552 474 nunc
580 414 856 471 mollitiem
896 415 959 467 ad
998 410 1278 481 pristinam
1334 413 1653 481 gravitatem
1719 404 1977 469 revocare

2083 433 2165 480 τις
2196 415 2294 486 τὴν
2320 413 2554 487 ἀρχαίαν
2576 414 2873 487 ἐπανάγειν
2893 418 3052 491 ἐθέλῃ
3072 434 3087 451 ⁸
3122 418 3224 475 κᾶν
3266 420 3313 474 εί
3340 422 3432 492 τὴν
3465 441 3632 493 μουσι-

412 515 557 579 velit,
595 526 659 566 ac
682 509 726 565 si
760 508 878 575 quis
924 506 1184 559 musicam
1216 504 1269 557 in
1301 503 1697 558 cantilenarum
1746 506 1975 573 ineptias

2077 508 2178 578 κήν
2224 508 2559 563 ἐκπεσοῦσαν
2615 512 2694 574 είς
2732 510 2926 575 ὕθλους
2991 511 3193 581 μελῶν,
3228 513 3323 566 καὶ
3359 514 3630 589 δημοτικήν

406 621 459 664 et
517 607 791 676 vulgarem
854 598 1185 670 proterviam
1241 595 1526 650 cadentem
1564 596 1630 649 ad
1674 596 1973 665 Terpandri

2075 599 2341 669 φλυαρίαν
2373 601 2423 653 εί
2449 601 2549 671 τήν
2576 602 2929 673 Τερπάνδρου
2962 603 3170 673 μοῦσαν
3219 600 3373 670 αὖθις
3396 607 3628 676 ἐνέγκοι·

405 719 616 757 musam
646 698 892 753 reducat.
955 695 1075 762 ipse
1117 705 1297 748 autem
1351 690 1495 777 unde
1545 688 1703 743 nobis
1731 689 1971 743 amicitia

2071 688 2234 753 αὐτὸς
2259 690 2316 743 δέ
2338 689 2502 745 πόθεν
2525 693 2676 761 ήμῖν,
2702 692 2841 764 πρὸς
2858 693 3055 762 φιλίου,
3083 696 3282 766 σεμνὸς
3306 691 3440 750 εἶναι
3455 697 3632 769 δοκεῖς,

402 800 597 865 dignus
627 792 848 855 videris,
891 788 1101 859 siquod
1131 785 1354 839 verbum
1403 783 1604 837 dixeris
1644 783 1968 847 Atticorum,

2070 778 2125 831 εἴ
2144 796 2197 832 τι
2224 783 2382 851 ῥῆμα
2432 782 2697 850 φθέγξαιο
2732 782 2840 837 τῶν
2882 785 3147 839 Ἀττικῶν
3199 787 3295 840 καὶ
3321 787 3498 858 τύχοις
3536 790 3635 844 τῶν

401 900 453 944 et
485 869 793 941 laudatores
822 880 1053 945 invenis,
1094 887 1349 947 tanquam
1373 890 1437 931 ex
1464 875 1688 944 antiquo
1713 890 1862 929 more
1902 873 1969 927 li-

2070 869 2473 938 ἐπαινούντων,
2512 874 2587 937 ὡς
2624 876 2853 944 ἀρχαῖον
2894 875 3205 947 καθέστηκε
3258 877 3428 949 παρὸν
3480 878 3635 949 ἐμφο-

401 983 566 1036 citum
612 976 684 1030 sit
741 972 951 1042 impleri
999 969 1324 1040 quibusdam
1355 954 1538 1023 verbis
1587 966 1968 1022 communibus

2079 961 2289 1030 ρεῖσθαι
2318 962 2426 1016 τῶν
2453 964 2517 1016 ἐκ
2542 963 2753 1035 τριόδου
2801 965 3091 1034 ῥημάτων·
3134 968 3228 1019 καὶ
3269 967 3440 1020 ταῦτα
3467 970 3637 1040 φέρειν

401 1085 605 1138 easque
636 1067 688 1120 in
732 1074 909 1118 rosua
959 1061 1137 1116 ferre?
1172 1059 1355 1127 Quare
1400 1058 1769 1130 igiturjuveni
1829 1058 1969 1113 assi-

2068 1052 2160 1104 ἐπὶ
2206 1053 2298 1106 τοῦ
2343 1055 2625 1125 ρήματοςς
2668 1055 2700 1125 ἢ
2743 1056 2798 1108 τί
2826 1057 2959 1126 δῆτα
3002 1056 3109 1110 τῶν
3162 1058 3459 1128 μειρακίων
3517 1076 3639 1130 προ.

398 1164 533 1218 deus
579 1157 760 1214 credis
807 1152 1007 1222 aliquid
1055 1166 1311 1221 magnum
1359 1151 1427 1205 ad
1472 1149 1725 1203 Aristidis
1786 1148 1966 1217 Magni

2068 1143 2434 1213 καθεζόμενος
2466 1144 2567 1197 οἴει
2613 1163 2667 1198 τι
2726 1146 2869 1215 μέγα
2911 1146 3126 1217 φρονῶν
3172 1148 3494 1219 Ἀριστείδου
3548 1149 3635 1203 τοῦ

397 1253 647 1312 conferre
673 1248 816 1304 sicut
836 1246 951 1314 ipse
981 1243 1259 1311 loquaris?
1290 1240 1360 1296 Ut
1387 1241 1514 1309 quid
1542 1240 1794 1296 Polemon
1825 1242 1968 1295 asia-

2070 1235 2214 1287 πάνυ
2249 1235 2387 1303 πρὸς
2436 1237 2679 1297 ἔπαινον,
2712 1238 2759 1289 εἰ
2786 1237 2965 1305 λέγοις
2994 1239 3069 1301 ὡς
3106 1238 3299 1306 αὖτός;
3336 1240 3369 1308 ἢ
3392 1240 3636 1309 Πολέμων

399 1346 521 1401 ticis
555 1338 875 1398 commentis
931 1343 1168 1389 veterem
1215 1332 1464 1401 purgavit
1510 1331 1815 1386 rhetoricen
1859 1330 1967 1387 iSi

2069 1324 2168 1393 τῆς
2227 1325 2482 1396 Ἀσιανῆς
2514 1326 2844 1396 ιτερατείας
2900 1327 3011 1397 τὴν
3062 1328 3298 1397 ἀρχαίαν
3359 1331 3638 1400 ῥητορικὴν

398 1449 527 1495 tunc
578 1433 845 1491 exsistere
879 1428 1092 1483 fortuna
1113 1425 1206 1479 tibi
1238 1425 1496 1488 dedisset,
1530 1422 1710 1480 forsan
1743 1438 1967 1479 accusa-

2073 1414 2349 1485 ὲκάθηρεν
2368 1432 2383 1481 ;
2405 1417 2453 1468 εί
2486 1415 2541 1469 δέ
2564 1432 2644 1468 σοι
2665 1416 2787 1469 τότε
2823 1416 3073 1484 γενέσθαι
3099 1416 3375 1487 παρέσχεν
3399 1421 3433 1487 ή
3458 1421 3636 1489 τέχνη,

403 1532 631 1592 tionem,
665 1533 725 1581 ut
750 1530 901 1593 puto,
964 1519 1225 1573 adversus
1259 1516 1407 1569 illunt
1448 1516 1775 1570 intentasses
1807 1530 1872 1571 ex
1903 1529 1969 1570 eo

2071 1503 2212 1574 τάχα
2239 1523 2329 1575 μοι
2374 1506 2467 1559 καὶ
2491 1508 2709 1577 γραφὴν
2737 1506 3137 1575 ἐπενέγκασθαι
3163 1509 3283 1560 κατ’
3317 1508 3547 1572 ἐκείνου,
3565 1508 3642 1562 δο-

396 1618 539 1691 quod
561 1611 1012 1671 consuetudinem
1052 1617 1426 1675 transgressus
1459 1604 1525 1659 ad
1552 1605 1832 1673 antiquam
1858 1620 1967 1658 mu-

2068 1600 2183 1660 κεῖς
2207 1597 2291 1650 ὅτι
2320 1599 2388 1651 τὰ
2427 1598 2632 1668 συνήθη
2663 1598 2931 1669 παριδὼν,
2960 1597 3175 1663 ἀλαζὼν
3212 1596 3352 1652 εἶναι
3386 1599 3639 1669 βούλεται,

400 1689 572 1764 sicam
603 1700 880 1760 redeundo
912 1699 1100 1753 thraso
1140 1710 1262 1751 esse
1318 1695 1598 1750 voluisset.
1652 1693 1829 1763 Atque
1860 1692 1968 1748 uti-

2074 1689 2212 1759 πρὸς
2233 1690 2468 1760 ἀρχαίαν
2487 1690 2825 1760 ἀναγόμενος
2857 1691 3097 1761 μοῦσανσ
3137 1691 3249 1744 εἴθε
3296 1692 3353 1744 δέ
3389 1692 3484 1745 καὶ
3523 1693 3645 1764 τρά-

406 1814 532 1855 nam
589 1808 773 1851 mensa
838 1792 1133 1847 etiamnum
1173 1787 1381 1856 vigeret
1430 1786 1712 1841 laconica!
1757 1786 1965 1839 utinam

2073 1782 2210 1846 πεζα
2243 1783 2336 1836 νῦν
2363 1779 2520 1847 αὖθις
2540 1775 2758 1855 ἐκράτει
2777 1784 3093 1854 Λακωνικὴ,
3118 1784 3209 1836 καὶ
3236 1778 3305 1854 ἦν
3330 1784 3462 1854 ἡμῖν
3486 1784 3513 1837 ό
3543 1783 3644 1854 βίος

397 1890 553 1946 nobis
578 1888 752 1943 victus
780 1891 946 1945 esset,
976 1890 1032 1935 ut
1057 1880 1181 1934 olim
1204 1881 1340 1949 apud
1374 1878 1589 1943 Persas,
1632 1892 1805 1943 maza,
1835 1891 1968 1946 aqua

2078 1874 2154 1939 ὡς
2182 1875 2349 1929 πάλαι
2369 1878 2484 1940 τοῖς
2515 1877 2756 1947 Πέρσαις
2785 1874 2932 1946 μάζα
2955 1877 3048 1930 καὶ
3079 1876 3224 1948 ὕδωρ
3251 1876 3348 1930 καὶ
3368 1876 3641 1948 κάρδαμαί

395 1994 449 2038 et
479 1976 837 2036 nasturtiuml
890 1971 1016 2027 Haec
1037 1986 1163 2025 vero
1189 1972 1311 2039 quis
1333 1986 1473 2025 nunc
1505 1968 1900 2038 vigeresitteret
1921 1969 1966 2022 in

2074 1967 2250 2022 ταῦτα
2278 1968 2446 2022 δὲκαὶ
2468 1967 2564 2022 νῦν
2590 1969 2647 2021 ἐν
2668 1968 2861 2038 ἐλούσῃ
2888 1968 2971 2031 τίς
2999 1968 3097 2022 ἴδοι
3121 1968 3432 2039 κρατοῦντα
3461 1954 3524 2039 τῇ
3551 1970 3641 2038 σῇς

398 2086 538 2129 terra
571 2084 692 2140 quae
745 2077 798 2123 te
823 2064 1063 2133 recepit?
1094 2061 1211 2117 Non
1248 2072 1468 2131 propter
1502 2062 1772 2131 patientiae
1801 2069 1969 2114 trans-

2076 2059 2136 2111 οὐ
2175 2058 2263 2113 διὰ
2294 2059 2589 2131 καρτερίας
2621 2059 2949 2131 ὑπερϐολὴν,
2982 2059 3098 2114 ἀλλ’
3120 2062 3202 2115 ὅτι
3229 2061 3471 2114 τοσαῦτα
3506 2060 3645 2131 μόλις

395 2163 751 2235 gressionem,
778 2158 871 2213 sed
904 2158 1031 2226 quia
1067 2154 1191 2209 talia
1238 2168 1379 2224 aegre
1414 2153 1663 2223 producit
1709 2152 1820 2208 suis
1879 2153 1966 2207 lta-

2076 2153 2304 2223 χορηγεῖ
2317 2153 2429 2214 τοῖς
2451 2150 2750 2205 ἐνοικοῦσιν
2784 2151 2816 2221 ή
2856 2151 2930 2221 γῆ
2955 2167 2969 2180 ο
3012 2150 3126 2204 ἀλλ’
3152 2152 3300 2221 ὅμως
3331 2151 3493 2214 αὐτὸς
3525 2166 3645 2222 τρυο

397 2253 718 2308 bitatoribus
788 2259 951 2304 terra.
1009 2248 1081 2301 At
1134 2246 1488 2302 nihilominus
1527 2247 1640 2317 ipse
1693 2245 1968 2300 mollitiem

2079 2240 2184 2312 φῆν
2212 2242 2517 2310 Αἰγυπτίαν
2548 2240 2736 2312 μαθὼν
2770 2241 3087 2305 ἀπολείπεις
3122 2243 3191 2298 τὰ
3215 2241 3426 2313 πάτρια
3452 2258 3464 2273 ·
3501 2243 3528 2295 ὁ
3556 2257 3646 2311 φυ-

397 2340 772 2411 Ᾱίεγριὶαςόηι
802 2336 1015 2390 discens
1050 2336 1254 2403 patrios
1285 2335 1492 2388 deseris
1527 2349 1729 2400 mores,
1788 2343 1840 2389 tu
1880 2334 1968 2403 qui

2074 2329 2289 2385 λάττειν
2306 2329 2374 2385 τὰ
2404 2332 2609 2403 συνήθη
2639 2332 3103 2403 νομοθετῶνρκᾶν
3126 2330 3233 2397 ἔξω
3275 2333 3372 2386 τοῦ
3418 2331 3645 2403 πρέπον-

393 2429 844 2489 consuetudinem
876 2425 1082 2481 servari
1116 2424 1383 2494 prmcipis,
1447 2427 1611 2480 etiam
1648 2425 1767 2496 plus
1807 2438 1964 2498 quam

2072 2437 2164 2485 τος
2186 2439 2198 2454 ~
2227 2421 2289 2474 τὸ
2320 2421 2379 2475 δέ
2402 2423 2496 2475 καὶ
2526 2421 2760 2486 ἀλαζόνα
2793 2440 2859 2494 με
2889 2423 3097 2489 καλεῖν,
3129 2423 3213 2477 ὅτι
3268 2440 3327 2475 σε
3368 2423 3505 2493 μετὰ
3554 2421 3643 2493 τὴν

300 2586 306 2593 ,
393 2524 565 2578 decet.
599 2518 685 2573 Me
730 2526 910 2572 autem
962 2516 1269 2570 thrasonem
1318 2529 1532 2579 vocare,
1607 2515 1731 2585 quia
1776 2533 1871 2573 non

2072 2513 2311 2583 ἐμαυτοῦ
2332 2516 2704 2589 προσηγορίαν
2729 2516 2911 2587 φέρων
2937 2517 3201 2582 ὑπέταξα,
3234 2517 3416 2570 ἔοικεν
3445 2518 3503 2572 ού
3532 2517 3643 2571 λίαν

396 2625 542 2670 tuum
568 2618 690 2681 post
719 2623 897 2663 meum
928 2607 1068 2661 forte
1133 2606 1348 2677 scripsi,
1407 2607 1511 2662 hoc
1557 2610 1803 2675 congruit
1862 2624 1967 2662 non

2073 2605 2299 2670 εἰδότος·
2328 2607 2406 2672 ὡς
2445 2609 2504 2662 οὐ
2556 2609 2617 2662 τὸ
2648 2608 2862 2679 πρῶτον
2893 2611 2960 2680 τῇ
3000 2609 3174 2677 τάξει,
3224 2611 3321 2664 καὶ
3354 2614 3451 2683 τῆς
3488 2610 3644 2680 τιμῆς

394 2706 529 2761 bene
574 2699 770 2755 scienti
813 2695 953 2767 quod
988 2696 1221 2768 primum
1253 2706 1335 2752 est
1382 2696 1573 2751 ordine
1615 2711 1720 2751 non
1755 2711 1965 2766 semper

2074 2694 2183 2766 ἔχει
2213 2698 2431 2763 πάντως
2459 2699 2528 2753 τά
2550 2700 2774 2771 πρῶτα·
2808 2699 2928 2753 οὐδὲ
2961 2700 3031 2754 τὰ
3050 2701 3432 2771 Δημοσθένους
3458 2703 3645 2757 εἰδέναι

392 2808 513 2851 esse
541 2791 774 2862 primum
799 2788 996 2860 pretio,
1033 2804 1138 2843 non
1160 2802 1287 2843 vero
1313 2790 1565 2843 convenit
1586 2786 1798 2842 docenti
1837 2787 1963 2843 illud

2072 2789 2393 2859 ποιουμένου
2452 2790 2596 2860 ἅπερ
2655 2790 2884 2861 μελετᾷν
2946 2790 3103 2844 εἴωθε
3140 2791 3210 2845 τὰ
3254 2793 3543 2862 παιδάριω
3575 2794 3643 2857 ὡς

393 2883 773 2941 Demosthenis
804 2880 859 2936 in
883 2895 990 2951 quo
1010 2895 1069 2935 se
1094 2894 1350 2934 exercere
1389 2879 1566 2934 solent
1608 2880 1784 2949 pueri,
1825 2880 1964 2935 vide-

2072 2876 2178 2948 ἄρα
2203 2877 2264 2931 τὸ
2288 2878 2569 2948 πράττειν,
2596 2879 2692 2935 τοῦ
2713 2879 2894 2949 λέγειν
2932 2879 3027 2933 καὶ
3060 2883 3396 2950 χειροτονεῖν
3426 2881 3643 2953 ὓστερον

393 2977 518 3033 licet
546 2976 839 3040 actionem,
887 2971 1136 3039 quamvis
1185 2971 1544 3041 posteriorem
1577 2971 1766 3026 ordine
1801 2988 1964 3042 quam

2071 2966 2127 3021 ὃν
2156 2971 2221 3039 τῇ
2245 2967 2426 3050 τάξει,
2452 2970 2719 3042 πρότερον
2746 2974 2811 3042 τῇ
2839 2970 3065 3042 δυνάμει
3091 2973 3187 3025 καὶ
3210 2972 3466 3043 κρεῖττόν
3483 2974 3642 3027 ἐστιν.

391 3069 752 3126 elocutionem
798 3074 855 3121 et
903 3074 1135 3135 gestum,
1193 3064 1432 3133 priorem
1495 3074 1671 3121 tamen
1731 3064 1962 3120 efﬁcacia

2073 3061 2210 3114 Είδέ
2249 3060 2467 3125 πάντως
2520 3061 2839 3126 ἀλαζονείαν
2894 3062 2964 3117 τά
3018 3062 3246 3117 τοιαῦτα
3296 3067 3644 3137 κατηγορεῖς,

391 3176 515 3217 esse
555 3173 619 3214 ac
665 3156 968 3212 meliorem.
1058 3153 1208 3221 Quod
1247 3155 1292 3210 si
1345 3153 1621 3225 praefatam
1681 3154 1962 3211 formulam

2075 3150 2264 3222 καιρὸς
2307 3153 2551 3217 καὶτοὺς
2588 3153 2755 3207 πάλαι
2812 3154 3188 3225 κεχρημένους
3240 3154 3320 3227 τῷ
3365 3157 3516 3228 νόμῳ
3555 3157 3646 3230 τῆς

392 3266 618 3324 prorsus
646 3249 934 3319 superbam
957 3261 1081 3303 esse
1118 3261 1338 3316 arguas,
1370 3246 1524 3302 locus
1543 3255 1627 3303 est
1658 3261 1752 3302 eos
1778 3246 1963 3312 etiam,

2077 3245 2325 3311 τοιαύτης
2354 3240 2685 3316 ἐπιγραφῆς.
2714 3245 3016 3316 ὑπεροψίας
3039 3246 3135 3300 σὺν
3159 3248 3283 3317 ἐμοὶ
3304 3249 3648 3318 περιϐάλλειν

394 3343 488 3414 qui
518 3339 827 3410 huiusmodi
859 3338 1264 3409 inscriptionem
1297 3337 1423 3392 olim
1450 3339 1500 3392 in
1526 3353 1681 3393 usum
1708 3337 1965 3393 adhibue-

2078 3337 2373 3405 νοσήματι’
2402 3331 2627 3399 ὧντοὺς
2654 3336 2845 3405 ἄλλους
2874 3337 3092 3411 παρεὶς,
3153 3338 3457 3412 Σωκράτην
3509 3341 3649 3409 λέγω

397 3442 549 3501 runt,
604 3434 658 3487 in
704 3430 969 3502 superbia:
1006 3429 1195 3484 morbo
1230 3429 1391 3484 simul
1453 3444 1662 3484 mecum
1722 3443 1968 3498 compre-

2072 3428 2169 3480 καὶ
2197 3426 2458 3481 Πλάτωνα
2485 3427 2612 3490 τοὺς
2652 3427 2765 3483 ἀνω
2792 3427 2892 3499 τὴν
2948 3429 3270 3498 φιλοσοφίαν
3323 3431 3643 3502 ἐξάραντας,

400 3525 641 3580 bendere
666 3541 681 3577 :
709 3536 938 3591 quorum
964 3531 1189 3575 caeteros
1215 3520 1651 3590 pmtermittens,
1687 3520 1967 3576 Socratem

2075 3517 2207 3571 ἀλλά
2239 3518 2366 3591 περὶ
2403 3518 2730 3584 ἀλαζονείας
2774 3519 3011 3574 αὐτόθεν
3043 3519 3385 3586 κατέλαϐεςο
3412 3538 3415 3541 ‘
3444 3523 3539 3576 καὶ
3576 3524 3646 3593 μὴ

392 3615 574 3671 citabo
623 3625 678 3670 et
727 3613 1031 3680 Platonem,
1098 3612 1189 3682 qui
1241 3610 1640 3683 philosophiam
1695 3620 1802 3666 tam
1862 3610 1963 3666 alte

2076 3609 2211 3662 κίνει
2235 3609 2377 3664 κατά
2404 3607 2603 3663 σαυτοῦ
2635 3610 2735 3680 τῆς
2773 3611 3077 3681 παροιμίας
3130 3611 3231 3682 τὴν
3258 3612 3538 3685 μάχαιραν
3561 3627 3575 3641 ·
3618 3614 3647 3684 ἢ

396 3713 805 3777 promoverunt.
833 3701 903 3758 At
932 3700 1001 3756 de
1034 3702 1433 3771 vaniloquentia
1474 3718 1540 3758 ex
1571 3703 1657 3759 his
1711 3702 1844 3773 ipsis
1884 3703 1967 3760 in-

2076 3697 2205 3754 οῦσα
2232 3700 2407 3770 δήπου
2429 3700 2598 3755 πάλαι
2623 3702 2799 3755 ταῦτα
2828 3702 3188 3774 καθέστηκεν,
3222 3703 3298 3767 ὡς
3328 3704 3448 3775 ἄμα
3466 3722 3525 3758 σε
3555 3705 3647 3775 τῆς

396 3794 674 3850 tellexisti.
741 3791 888 3849 Cave
919 3800 1097 3847 autem
1134 3807 1200 3846 ne
1231 3792 1282 3845 in
1328 3800 1491 3847 tentet
1538 3793 1793 3863 cvagines
1840 3809 1966 3863 pro-

2076 3792 2296 3857 ὁλκάδος
2341 3793 2599 3861 ἐκϐάντα,
2642 3793 3004 3865 προῦπεμπον
3027 3794 3090 3866 δή
3122 3796 3222 3849 σὺν
3254 3796 3351 3867 βοῇ
3384 3815 3489 3852 τινι
3518 3797 3647 3868 βαρ·

391 3886 564 3942 verbii
596 3885 852 3957 gladium.
886 3882 1020 3938 Nunt
1052 3882 1213 3954 igitur
1235 3882 1287 3937 id
1305 3883 1527 3954 antiquo
1557 3899 1656 3938 usu
1691 3895 1962 3955 receptum

2076 3884 2223 3954 δάρῳ
2254 3882 2365 3938 τῶν
2402 3884 2717 3952 Αἰγυπτίων
2763 3886 2812 3939 οἱ
2861 3885 3083 3949 παῖδεςσ
3107 3886 3203 3941 καὶ
3233 3888 3544 3959 πανήγυρις
3583 3882 3647 3957 ἦν

394 3988 495 4046 est,
527 3978 777 4033 videlicet
802 3979 946 4047 quod
972 3986 1047 4039 te,
1080 3976 1147 4031 de
1167 3990 1303 4030 nave
1336 3976 1423 4029 vix
1455 3989 1754 4045 egressum,
1784 3979 1963 4033 statim

2076 3975 2170 4045 οὐχ
2186 3971 2349 4045 ἦττον
2383 3973 2416 4046 ἤ
2455 3976 2545 4029 ὅτε
2577 3975 2746 4029 πάλαι
2779 3975 2926 4048 φορά
2956 3992 3041 4040 τις
3067 3976 3253 4042 αὐτοῖς
3280 3979 3522 4051 εὐμενὴς
3547 3977 3647 4031 ἐδί-

393 4069 728 4126 clamoribus
779 4067 1027 4124 barbaris
1099 4066 1370 4135 prosecuti
1432 4065 1631 4121 fuerint
1683 4066 1964 4139 Egyptia-

2074 4067 2158 4121 δου
2186 4067 2278 4122 τὸν
2303 4068 2467 4122 "Art-tv
2488 4083 2504 4100 ο
2532 4068 2627 4123 καὶ
2651 4068 2726 4133 ὡς
2754 4069 2849 4123 ἐπὶ
2884 4068 3096 4134 τούτοις
3126 4068 3264 4140 ὑψοῦ
3288 4070 3393 4139 τῆς
3417 4069 3645 4132 διανοίας

392 4177 508 4216 rum
541 4160 716 4230 pueri,
748 4169 802 4215 et
835 4170 1009 4215 cretus
1030 4157 1263 4213 adfuerit
1286 4158 1428 4213 haud
1461 4158 1636 4213 minor
1661 4173 1820 4228 quam
1843 4174 1961 4215 cum

2075 4157 2280 4229 ἀρθεὶς,
2318 4157 2419 4229 ἐμὲ
2458 4159 2557 4229 μὲν
2581 4157 2784 4232 μικρὰν
2808 4157 3061 4212 οἰκοῦντα
3088 4159 3263 4227 πόλιν,
3297 4160 3504 4229 φαῦλον
3526 4159 3646 4214 ἐκά-

388 4253 517 4310 olim
547 4266 739 4307 currus
790 4251 925 4321 ipsis
977 4264 1271 4319 prosperus
1318 4249 1476 4318 Apim
1529 4248 1857 4316 adveheret;
1910 4259 1959 4305 et

2075 4253 2181 4316 λεις
2200 4268 2214 4283 ·
2248 4252 2540 4323 ἀπέριττος
2569 4251 2626 4306 δέ
2655 4251 2805 4323 παρά
2836 4251 2919 4305 σοὶ
2959 4252 3160 4323 πατρίς
3186 4270 3247 4306 τε
3280 4254 3377 4307 καὶ
3398 4253 3535 4324 γυνὴ
3559 4254 3646 4307 καὶ

388 4345 532 4417 quod
563 4346 629 4401 de
657 4345 776 4399 istis
802 4344 984 4398 animo
1033 4342 1213 4397 elatus
1273 4342 1405 4396 mihi
1448 4355 1667 4410 parvam
1698 4340 1959 4396 habitanti

2073 4343 2128 4398 τὸ
2154 4344 2363 4398 παιδίον
2387 4341 2545 4397 αὑτό·
2571 4343 2664 4398 καί
2688 4343 2789 4398 πού
2822 4360 2888 4414 με
2914 4343 3311 4413 φιλοσοφοῦντα
3337 4345 3507 4416 λῆρον
3533 4345 3644 4399 ἐδό-

387 4438 576 4491 ttrbem
599 4435 706 4491 vile
736 4449 928 4489 nomen
961 4432 1199 4501 dederis,
1240 4447 1303 4488 ac
1331 4430 1690 4501 simpliciores
1732 4432 1829 4486 tibi
1861 4433 1958 4486 visi

2073 4453 2184 4498 κεις
2201 4451 2215 4467 ·
2257 4436 2337 4488 ὅτι
2362 4452 2429 4506 με
2463 4434 2539 4507 μὴ
2563 4434 2756 4507 κρότος
2780 4428 2895 4505 εἷχε
2921 4435 3089 4499 πολὺς
3117 4435 3178 4500 ἐξ
3199 4437 3418 4507 ἀσήμου
3466 4440 3644 4508 φωνῆς

387 4524 597 4582 fuerint
654 4524 829 4595 patria
883 4533 939 4578 et
990 4537 1129 4577 uxor
1183 4493 1237 4577 et
1302 4493 1623 4589 puer-ipse;
1676 4536 1958 4605 meamque

2073 4522 2137 4601 (ὧ
2155 4493 2256 4582 Ζεῦ
2274 4526 2311 4599 !)
2337 4493 2432 4581 καὶ
2454 4493 2993 4598 βαρϐάρουτγλιίίττης
3016 4493 3111 4580 ὤν’
3129 4493 3224 4581 καὶ
3235 4493 3303 4581 τό
3313 4493 3378 4601 δή
3394 4493 3643 4600 μέγιστον

391 4616 785 4687 philosophiam
828 4629 924 4685 pro
942 4615 1105 4669 meris
1138 4613 1392 4668 habueris
1430 4612 1661 4677 deliriis,
1693 4612 1961 4683 quiamihi

2068 4620 2359 4690 εὐδαίμονα
2381 4619 2575 4673 σαυτὸν
2604 4618 2838 4686 ἐκάλεις,
2866 4621 2916 4673 εί
2946 4620 3095 4673 σίτου
3131 4619 3225 4673 καὶ
3257 4621 3438 4691 κρεῶν
3464 4621 3639 4692 πλήρη

390 4725 494 4765 non
544 4710 858 4778 astrepebat
903 4700 1011 4762 vox
1071 4720 1232 4761 sensu
1267 4720 1481 4772 carens,
1542 4718 1575 4759 ο
1605 4702 1846 4774 Jup'iter!
1907 4715 1961 4782 et

2068 4710 2163 4782 τὴν
2189 4712 2365 4764 οἰκίαν
2389 4710 2710 4776 ἀπέδειξανο
2740 4710 2874 4781 ὁρᾷς
2894 4711 3018 4764 ὅσον
3050 4709 3146 4763 ἐπὶ
3177 4713 3434 4782 σμικροῖς
3471 4712 3639 4782 ἐπήρ·

385 4802 614 4857 barbara
641 4800 857 4870 lingua;
893 4813 956 4852 ac
979 4809 1029 4853 te
1058 4798 1395 4868 potissimum
1449 4796 1786 4865 reputaveris
1838 4780 1956 4849 feli-

2066 4780 2185 4869 Θης,
2216 4803 2244 4853 ό
2269 4800 2363 4854 νῦν
2389 4799 2705 4863 ἀλαζονείας
2720 4780 3066 4870 γραφόμενος
3086 4817 3101 4833 ·
3132 4780 3226 4855 και
3263 4780 3445 4855 ταῦτά
3477 4780 3637 4871 φημι,

387 4908 526 4956 rem,
554 4892 599 4945 si
634 4891 790 4960 plena
809 4904 948 4959 pane
981 4898 1036 4943 et
1065 4888 1321 4943 carnibus
1343 4886 1437 4942 tibi
1483 4885 1677 4942 domus
1703 4886 1958 4941 ostende-

2068 4892 2144 4960 μὰ
2178 4890 2305 4953 τοὺς
2355 4889 2552 4952 Oenus!
2588 4889 2687 4943 οὐκ
2746 4888 3075 4960 ἀμείνασθαί
3106 4907 3167 4943 σε
3220 4890 3331 4944 τῶν
3384 4890 3638 4962 ῥημάτων

295 4962 305 4971 ’
386 4980 579 5036 batur?
612 4979 769 5034 Vides
808 4978 1085 5049 quantulis
1116 4977 1290 5035 elatus
1335 4976 1525 5042 fueris,
1590 4986 1645 5031 tu
1696 4978 1784 5046 qui
1828 4994 1859 5032 ιι

2064 4982 2262 5034 ἐθέλων
2291 4982 2382 5051 (οὐ
2419 4980 2526 5053 γὰρ
2556 4979 2693 5051 πρὸς
2717 4980 2816 5049 τῆς
2845 4982 2987 5054 ἐμῆς
3016 4980 3175 5035 τοῦτο
3204 4982 3377 5054 κρίνω
3414 4984 3635 5053 φιλοσο-

387 5085 529 5126 nunc
566 5071 867 5139 superbiant
893 5071 1212 5141 exprobras.
1268 5069 1394 5124 llzec
1456 5079 1637 5125 autent
1684 5070 1831 5136 dico,
1863 5087 1957 5141 per

2064 5074 2237 5142 φίας),
2265 5071 2379 5125 ἀλλ’
2424 5074 2478 5126 εἷ
2515 5089 2633 5135 πως
2678 5072 2948 5144 δυναίμην
3007 5075 3381 5145 μετριωτέραν
3417 5091 3500 5129 σοι
3541 5074 3635 5143 τὴν

384 5162 541 5217 deos!
586 5177 688 5215 non
732 5161 873 5229 quod
911 5174 997 5216 tua
1050 5161 1192 5217 dicta
1238 5161 1514 5232 corrigere
1562 5162 1724 5217 velim
1758 5164 1955 5234 (neque

2063 5164 2309 5232 γλῶτταν
2338 5163 2614 5228 ἀποδεῖξαι
2672 5162 2996 5235 βουλόμενος
3017 5181 3031 5195 ⁶
3082 5165 3195 5218 ἀλλ’
3244 5166 3393 5229 ὅπως
3427 5165 3502 5237 μὴ
3539 5165 3634 5233 τήν

382 5255 527 5309 enim
554 5255 658 5309 hoc
684 5269 816 5306 mea:
839 5268 960 5307 esse
989 5254 1343 5324 philosophia:
1363 5254 1640 5324 arbitror),
1673 5255 1767 5309 sed
1806 5256 1953 5324 quia,

2063 5255 2289 5329 δύναμιν
2315 5254 2423 5308 τῶν
2463 5254 2611 5324 ἐμῶν
2634 5253 2810 5324 λόγων
2859 5256 3240 5328 καταπλαγῇς,
3288 5258 3479 5330 πόρρω
3508 5257 3634 5329 γένῃ

382 5347 425 5401 si
454 5345 677 5417 possim,
709 5345 1085 5399 modestiorem
1109 5345 1203 5399 tibi
1232 5346 1466 5416 linguam
1485 5346 1773 5401 ostendere
1803 5347 1950 5400 volo.

2061 5351 2155 5405 τοῦ
2173 5351 2241 5405 τὰ
2268 5352 2492 5405 τοιαῦτα
2511 5349 2744 5423 γράφειν
2783 5352 2914 5421 ἡμῖν
2932 5367 2946 5381 ο
2981 5350 3058 5422 μά
3083 5351 3191 5421 γάρ
3207 5353 3300 5408 τὸν
3333 5354 3422 5405 σὺν
3446 5353 3632 5405 Νεῖλον

385 5436 606 5502 Verum,
642 5444 699 5488 ut
727 5448 828 5488 non
859 5433 967 5488 vim
1002 5435 1283 5490 verborum
1312 5449 1553 5490 meorum
1580 5436 1952 5507 obstupescas,

2061 5441 2274 5504 καὶτὰς
2298 5441 2579 5511 παρούσας
2610 5457 2694 5494 σοι
2724 5441 2991 5512 Χάριτας,
3021 5440 3249 5513 Θέατρον
3278 5442 3497 5512 λογικὸν
3538 5441 3630 5513 τήν

382 5527 542 5595 longe
590 5527 727 5581 absit
753 5540 817 5579 ne
849 5526 971 5580 talia
1007 5526 1160 5582 nobis
1191 5528 1524 5596 exprobres;
1576 5542 1722 5593 nam,
1796 5531 1953 5584 obte-

2061 5533 2160 5603 σὴν
2191 5534 2464 5604 παρέσχον
2510 5533 2824 5603 ἐπιστολὴν,
2856 5535 2959 5587 κάν
3004 5535 3071 5604 τῇ
3126 5534 3274 5605 Γάζῃ
3329 5535 3469 5605 μέση
3501 5532 3625 5603 πρὸς

379 5630 495 5676 Itor
518 5628 666 5674 tuum
703 5617 882 5673 Ndunt
906 5630 961 5675 et
990 5619 1233 5675 faventes
1251 5619 1347 5674 tibi
1369 5617 1608 5688 Gratias,
1642 5629 1790 5676 tuatn
1841 5624 1950 5690 cpi-

2061 5623 2269 5684 πὰντας
2289 5620 2538 5689 ἐλέγετοο
2575 5620 2731 5688 κάγὼ
2772 5620 2870 5691 μὲν
2912 5619 3126 5685 ἀλαζὼν
3156 5621 3361 5691 ήδόμην
3393 5621 3497 5674 ὑπὸ
3528 5618 3627 5672 τῶν
