3978 6444
344 362 550 444 ,ετοδ“

1834 342 2250 407 erasmus.
2336 322 2339 323 ί

3516 342 3658 405 27θὸ

369 468 489 526 σῶν
516 464 863 539 γραμμάτων
916 463 1279 533 καλούμενος·
1316 464 1476 533 ἐγέλα
1526 461 1581 514 δὲ
1616 456 1675 510 τὸ
1734 454 1959 524 θέατρον

2071 457 2269 512 stolam
2304 454 2533 525 publicis
2565 468 2667 507 non
2701 451 2898 507 tradidi
2925 449 3289 515 sermonibus,
3310 460 3362 505 et
3392 451 3442 504 in
3477 454 3652 504 lthtil-t

367 555 460 614 ἐπ’
486 557 607 629 ὲμοί
625 573 639 585 ⁸
687 559 751 610 σὺ
780 556 836 609 δὲ
859 555 967 607 τῶν
995 554 1167 621 λόγων
1195 556 1465 625 εὐδαίμων
1494 553 1720 613 ἐδόκεις.

2062 552 2209 608 Gaza
2241 549 2384 621 apud
2418 562 2611 601 omnes
2649 559 2828 601 sermo
2858 545 2925 600 de
2949 558 3013 598 ea
3036 553 3188 609 erat;
3249 559 3311 598 ac
3339 554 3652 614 pergratum

372 661 495 704 erat
536 661 620 704 nte
649 649 754 701 tuis
786 646 1313 701 litteristltrasouem
1348 654 1597 702 vocatum
1632 645 1835 712 fuisse;
1864 660 1963 719 ego
1999 646 2213 715 publico
2243 657 2390 698 erant
2428 640 2771 710 ludibrio;ttt
2809 638 2864 692 in
2906 637 3249 693 sermonibus
3306 637 3438 693 felix
3506 639 3649 694 dice~

373 743 549 797 haris.

973 824 1108 902 Mr.
1154 817 1404 880 ortnNt.

460 920 571 975 Ἀεί
603 939 663 975 σε
697 921 880 992 φέρων
913 925 979 993 τῇ
1016 922 1208 994 μνήμῃ
1235 920 1433 991 μικροῦ
1467 938 1557 992 μοι
1590 923 1682 976 καὶ
1708 926 1963 994 παρεῖναι

367 1013 546 1078 δοκῶ,
599 1014 694 1067 καὶ
726 1013 795 1067 τὰ
841 1014 1019 1067 πάντα
1069 1015 1331 1083 παρεῖναι
1380 1011 1705 1083 σοφίζομαι·
1744 1008 1964 1083 καῖ’μοι

372 1104 716 1174 μεμνημένῳ
739 1102 917 1156 πάντα
941 1103 1078 1173 πρὸς
1101 1101 1294 1172 ἡδονὴν
1321 1104 1754 1173 συνεισέρχεται,
1777 1103 1837 1155 τὸ
1853 1103 1961 1157 τῶν

366 1197 594 1265 τρόπων
624 1194 926 1256 εὐσταθὲς,
972 1195 1005 1264 ἡ
1039 1196 1168 1264 περὶ
1200 1195 1326 1256 τοὺς
1357 1193 1552 1261 λόγους
1599 1193 1825 1262 σπουδὴ,
1861 1193 1962 1263 τῆς

366 1285 612 1349 διανοίας
638 1284 699 1337 τὸ
735 1285 975 1355 μέτριον,
1002 1286 1096 1337 καὶ
1118 1286 1180 1337 τὸ
1206 1284 1271 1355 δὴ
1307 1284 1585 1353 μέγιστον,
1616 1284 1962 1355 σωφροσύνη,

370 1378 630 1446 νεότητος
683 1379 912 1446 ἀλόγους
958 1375 1136 1446 ὁρμὰς
1188 1376 1613 1429 ἀνακύπτουσα·
1672 1377 1768 1430 καὶ
1828 1375 1963 1447 πρὸς

367 1468 610 1539 ἐμαυτὸν
632 1468 741 1521 ἔσθ’
766 1471 854 1521 ὅτε
885 1467 1170 1538 λογίζομαι
1195 1467 1271 1530 ὡς
1297 1469 1325 1520 ὀ
1354 1468 1573 1521 πάντων
1606 1467 1765 1536 ήμῶν
1796 1468 1965 1537 ὁρών-

368 1578 483 1614 των
522 1562 731 1613 τοιοῦτο
761 1562 986 1629 φανεὶς,
1029 1559 1112 1622 τίς
1152 1559 1217 1612 ἂν
1261 1560 1469 1625 γένοιτο
1501 1559 1623 1612 καθ’
1667 1559 1832 1612 αὑτὸν
1867 1576 1965 1628 γε-

368 1649 583 1717 γονὼςς
609 1651 821 1721 νικήσει
849 1650 980 1717 γὰρ,
1006 1645 1182 1719 οἶμαι,
1212 1649 1289 1720 τῷ
1318 1648 1586 1718 φθάσαντι
1611 1649 1747 1720 πρὸς
1777 1650 1969 1703 ἑαυτὸν

373 1741 794 1810 ἁμιλλώμενος,
836 1742 985 1803 ὅπως
1026 1740 1091 1793 ἂν
1127 1740 1275 1811 δείξῃ
1312 1742 1422 1803 τοῖς
1452 1739 1684 1794 ἀποῦσιν
1728 1742 1861 1810 ἡμῖν
1888 1740 1970 1804 κὼς

2647 821 2830 879 LVIII.
2866 822 3121 878 ORIONI.

2144 919 2442 988 Semperte
2472 920 2650 974 ferens
2696 917 2747 971 in
2807 919 3066 972 memoria
3105 930 3242 987 pene
3296 917 3427 972 mihi
3459 917 3654 974 adesse

2071 1022 2221 1082 puto,
2273 1020 2329 1065 et
2353 1012 2533 1066 omnia
2559 1011 2752 1065 adesse
2801 1007 3070 1073 arbitror;
3126 1016 3182 1062 et
3229 1007 3360 1062 mihi
3422 1008 3653 1062 memori

2069 1102 2251 1155 omnia
2294 1099 2503 1155 laetiﬁca
2531 1106 2879 1163 succurrunt,
2909 1110 3088 1151 mores
3151 1095 3290 1149 bene
3342 1093 3650 1164 compositi,

2074 1192 2378 1247 litterarum
2412 1191 2687 1257 studium,
2724 1189 2893 1244 animi
2924 1186 3248 1252 moderatio,
3289 1199 3353 1239 ac
3403 1184 3653 1255 inprimis

2073 1285 2340 1354 sapientia
2386 1283 2721 1338 inconsultos
2755 1278 3050 1345 iuventutis
3100 1279 3336 1349 impetus
3369 1290 3650 1333 coercens.

2073 1378 2249 1446 Atque
2276 1391 2486 1433 mecum
2512 1374 2808 1443 aliquando
2844 1372 3083 1440 recogito
3116 1370 3293 1440 qualis
3327 1368 3484 1426 ﬁeret
3524 1368 3654 1423 sibi~

2073 1479 2183 1524 met
2211 1470 2450 1531 relictus,
2479 1467 2569 1538 qni
2612 1466 2770 1521 nobis
2799 1465 3051 1520 omnibus
3082 1463 3461 1532 spectantibus
3488 1460 3649 1516 talem

2071 1579 2130 1617 se
2182 1562 2420 1617 ostendit
2451 1579 2466 1615 :
2504 1560 2675 1614 vincet
2715 1558 2860 1613 enim
2893 1556 3409 1612 excellentissimum
3457 1561 3649 1609 contra

2072 1652 2306 1719 seipsum
2333 1649 2680 1714 obluctando,
2698 1656 2752 1701 ιιι
2771 1656 2955 1715 pateat
2972 1646 3289 1701 absentibus
3321 1644 3475 1699 nobis
3500 1643 3650 1697 illum

2070 1754 2216 1799 Certe
2240 1734 2500 1797 virtutem
2530 1751 2751 1813 propter
2799 1742 2970 1809 ipsam
3011 1739 3267 1806 coluisse,
3315 1738 3406 1809 qui
3457 1753 3523 1792 ne
3553 1751 3651 1791 nos

368 1832 484 1902 ἄρα
543 1834 609 1886 δι’
661 1834 834 1905 αὐτὴν
890 1834 1053 1904 ἐτίμα
1093 1834 1193 1904 τὴν
1241 1833 1475 1902 ἀρετὴν,
1508 1834 1605 1903 οὐχ
1643 1834 1792 1903 ἡμᾶς
1840 1835 1964 1897 τοὺς

2072 1832 2284 1900 quidem
2321 1838 2634 1899 spectantes
2667 1838 2903 1884 veretur.
2958 1829 3221 1896 Quamvis
3258 1838 3440 1883 autem
3492 1827 3651 1882 luxu.

367 1925 616 1995 ὁρῶντας
648 1925 967 1995 αίδούμενος
986 1941 999 1955 ·
1030 1925 1079 1976 εί
1101 1924 1158 1978 δὲ
1190 1926 1284 1977 καὶ
1322 1925 1478 1977 πόλιν
1508 1924 1620 1994 ἔχει
1647 1926 1962 1996 τρυφῶσαν,

369 2018 469 2069 καὶ
504 2018 673 2071 πολλὰ
712 2018 809 2087 τῆς
854 2017 1145 2086 ἀσελγείας
1190 2018 1258 2068 τὰ
1297 2016 1753 2086 παραδείγματα,
1808 2017 1967 2071 τοῦτο

366 2110 789 2181 φιλοτιμότερον
815 2109 979 2163 αὐτὸν
1012 2109 1288 2174 ἀντιτάξει
1323 2113 1441 2173 ταῖς
1470 2110 1684 2180 ἡδοναῖς
1705 2124 1725 2151 ἰ
1749 2110 1832 2173 τίς
1857 2111 1967 2182 γὰρ

367 2202 614 2274 ἀθλητὴς
657 2203 749 2255 ἐπὶ
790 2204 851 2256 τὸ
884 2204 1040 2274 νικᾷν
1091 2203 1492 2274 σεμνυνόμενος
1531 2205 1611 2264 εἰς
1659 2201 1967 2272 Ὀλυμπίαν

368 2292 567 2359 ἐλθὼν,
593 2293 688 2347 τοῦ
737 2293 947 2363 ἀγῶνος
981 2296 1043 2347 τὸ
1076 2295 1338 2366 μέγεθος,
1374 2295 1564 2366 καιρὸν
1621 2295 1821 2367 ῥᾷστον
1858 2297 1967 2348 εἰσ-

367 2388 677 2455 ηγήσεται;
710 2386 828 2440 ἀλλ’
860 2387 960 2439 οὐκ
999 2386 1260 2440 ἐπιτείνει
1294 2387 1395 2458 μὲν
1426 2387 1626 2441 αὐτίκα
1663 2387 1763 2458 τὴν
1793 2386 1967 2457 ἄσκη-

369 2493 482 2543 σιν,
519 2476 808 2547 βεϐαιώσει
852 2477 909 2530 δὲ
943 2478 1043 2541 τὰς
1084 2476 1466 2548 προλαϐούσας
1495 2481 1561 2550 τῇ
1599 2477 1966 2546 μείζονι;καὶ

370 2570 438 2624 σὺ
486 2570 554 2642 δὴ
598 2571 776 2641 μύσας
820 2571 921 2634 τὰς
968 2570 1281 2642 αἰσθήσεις,
1331 2571 1556 2643 ἀκλινὴς
1596 2571 1729 2639 πρὸς
1779 2572 1965 2625 πᾶσαν

365 2660 543 2733 ἀκοήν
576 2660 670 2714 καὶ
698 2660 826 2716 θέαν
859 2663 1181 2733 γενόμενος’,
1216 2661 1413 2727 δείξεις
1437 2661 1511 2726 ὡς
1537 2662 1635 2731 οὐχ
1660 2664 1692 2734 ή
1723 2660 1833 2715 τῶν
1857 2678 1962 2715 κα·-

366 2753 487 2806 κῶν
521 2753 724 2825 ἀπορία
767 2754 868 2826 τὴν
914 2754 1268 2825 σωφροσύνην
1315 2749 1423 2807 οἶδε
1458 2755 1637 2825 νικᾷν,
1685 2753 1800 2807 ἀλλ’
1832 2752 1963 2807 ἔνθα

367 2845 483 2896 τῶν
517 2844 864 2917 σεμνοτέρων
909 2844 938 2897 6
966 2845 1129 2908 πόθος
1148 2860 1162 2875 ⁸
1196 2843 1297 2899 κᾶν
1328 2844 1429 2909 τὰς
1456 2842 1723 2916 Σειρῆνας
1752 2846 1959 2910 εἴποις,

366 2934 478 2989 κᾶν
519 2936 617 3006 τήν
657 2937 836 2989 πάντα
867 2935 1308 3007 μεταϐάλλουσαν
1343 2937 1581 3008 Κίρκην,
1619 2937 1829 3007 κινήσει
1855 2934 1963 2988 πά-

366 3032 455 3081 λιν
502 3027 791 3092 Ὀδυσσεύς
812 3044 826 3060 ·
874 3028 968 3081 νῦν
1001 3027 1062 3081 τὸ
1107 3027 1260 3098 μῶλυ
1290 3028 1534 3096 δεικνὺς,
1565 3028 1745 3096 λόγον,
1779 3022 1957 3098 οἶμαι,

367 3120 565 3174 τοῦτον
594 3120 653 3174 ὃν
682 3114 836 3185 οὗτος
871 3121 1220 3194 ἐδωρήσατοο
1259 3122 1377 3176 νυνὶ
1409 3122 1466 3175 δὲ
1500 3121 1811 3191 περιδείσας
1830 3121 1963 3176 ἑαυ-

324 3254 337 3263 μ
368 3213 465 3267 τὸν
501 3216 692 3287 ἀρετῇ,
716 3183 997 3267 καὶπολλά
1017 3183 1457 3286 έιώσαςνοῖμαι,
1501 3183 1837 3287 παραπλέων
1866 3216 1963 3280 τὰς
1993 3183 2036 3240 C

370 3305 631 3376 ήδονάς.,

896 3393 1025 3451 Ne'.
1068 3397 1485 3469 anoaanNto.

455 3492 521 3546 Ὃ
545 3492 936 3555 εύλαόέστατος
967 3490 1324 3564 Μαρτύριος,“
1354 3491 1601 3545 πλουτῶν
1634 3491 1733 3562 μὲν
1764 3493 1967 3565 ἀρετῇ,

368 3587 438 3657 τῇ
471 3584 533 3638 δὲ
560 3583 697 3654 τύχη
718 3584 1057 3653 πενόμενος,
1085 3583 1256 3636 δεῖται
1286 3582 1389 3652 τῆς
1435 3583 1709 3654 ὑμετέρας
1755 3585 1929 3652 ῥοπῆς
1950 3599 1964 3613 ·

372 3676 645 3746 πλείστην
677 3675 807 3746 ἔχω,
835 3672 911 3737 ὥς
941 3690 1129 3745 φησιν,
1151 3675 1216 3728 ὲκ
1236 3672 1345 3728 τῶν
1371 3672 1695 3742 φθασάντων
1723 3675 1822 3744 τὴν
1848 3676 1967 3727 πεῖ-

377 3783 522 3841 ραν’
560 3767 654 3820 καί
695 3784 763 3837 με
797 3765 996 3838 ῥᾳδίως
1037 3765 1254 3819 ἔπειθεν
1302 3766 1687 3836 ἐπιστάμενον,
1722 3765 1966 3830 ὡςιπᾶσι

373 3864 540 3935 χεῖρα
586 3858 891 3931 προτείνεις
920 3860 1031 3921 τοῖς
1070 3858 1360 3931 ὀρθοῦσθαι
1395 3858 1671 3929 δεομένοις
1702 3858 1796 3912 καὶ
1829 3858 1967 3929 πρὸς

373 3951 705 4022 ἐπικουρίαν
739 3948 998 4003 καλοῦσιν
1021 3964 1034 3977 ·
1068 3948 1308 4003 τοσαῦτα
1350 3949 1460 4020 γὰρ
1491 3948 1630 4019 ἔχων
1671 3951 1802 4023 παρ’
1835 3951 1967 4021 ἡμῖν

374 4044 482 4097 ὅσα
527 4042 654 4115 μήτ’
705 4042 860 4112 ἰσχὺν
904 4042 1148 4111 ἐντίθησι
1199 4042 1294 4094 καὶ
1340 4040 1853 4113 ἀποθνήσκειν’ὲᾷ,
1884 4042 1967 4105 είς

376 4138 527 4208 ὑμᾶς
557 4137 658 4208 ὁρᾷ
678 4179 693 4202 ,
723 4135 875 4188 λύσιν
898 4130 1036 4188 εἶναι
1069 4133 1256 4188 κακῶν
1276 4135 1336 4188 τὸ
1364 4133 1605 4189 τοιοῦτον
1627 4134 1962 4206 ἡγούμενος·

374 4228 498 4283 ἀλλ’
530 4228 755 4299 ἀντέχου
795 4226 1126 4300 προθύμως,
1175 4227 1332 4298 ὄμμα
1377 4227 1555 4291 διδοὺς
1602 4229 1831 4300 εὐμενὲς
1870 4228 1966 4283 καὶ

374 4324 467 4377 διὰ
498 4322 695 4378 σαυτὸν
727 4324 822 4375 καὶ
850 4322 917 4375 δι’
947 4321 1049 4392 ἐμὲ
1080 4322 1172 4375 καὶ
1198 4320 1285 4375 διὰ
1313 4321 1404 4375 τὸν
1426 4322 1483 4375 ἐν
1511 4321 1673 4394 χρείᾳ
1694 4321 1965 4390 καθεστη-

377 4415 545 4468 κότα*
576 4413 797 4487 καὶγὰρ
827 4413 1047 4485 θαρρῶν
1071 4411 1254 4479 ἔλεγεν
1274 4411 1363 4479 ὡς
1375 4413 1471 4467 ἐὰν
1498 4413 1625 4485 δέξῃ
1659 4411 1965 4487 γράμματα

377 4508 512 4576 παρ’
555 4504 693 4577 ἐμοῦ
713 4548 728 4571 ,
760 4506 911 4559 οὐδὲν
940 4506 969 4558 ὅ
996 4521 1049 4558 τι
1077 4507 1152 4575 μὴ
1194 4504 1390 4577 ῥᾳδίως
1429 4507 1709 4574 ποιήσειςο
1739 4486 1874 4573 ἐμοῦ
1908 4502 1964 4555 δὲ

374 4596 720 4666 μειδιῶντος,
750 4595 845 4649 καὶ
870 4593 1065 4648 ὁπόθεν
1093 4589 1232 4647 οἶδεν
1262 4593 1618 4664 ἀνερομένου,
1650 4591 1744 4644 καὶ
1768 4606 1966 4657 κατεγι-

378 4689 618 4757 γυᾶσθαι
669 4688 733 4740 τὸ
774 4686 966 4758 μέλλον
1005 4686 1226 4756 ἕτοιμος
1276 4682 1345 4758 ἦν
1383 4702 1397 4717 '
1433 4683 1631 4738 οὐκοῦν
1678 4684 1965 4763 πλήρωσον

378 4780 526 4852 αὐτῷ
567 4780 666 4843 τὰς
709 4779 967 4845 ἐλπίδας,
1012 4778 1100 4831 ἵνα
1132 4777 1207 4850 μὴ
1239 4779 1427 4849 χρείας
1459 4772 1616 4838 αὖθις
1651 4775 1962 4847 καλούσης,

375 4873 754 4942 κατεγγυᾶται
799 4870 861 4925 τὸ
906 4870 1121 4942 μέλλον,
1176 4870 1253 4934 ὡς
1303 4870 1457 4926 οὐδὲν
1508 4866 1775 4937 ἀνύσαιμι
1830 4865 1963 4937 παρ’

379 4966 531 5036 ὑμῖν.

943 5138 1020 5196 ε’.
1060 5136 1389 5212 ΝΗΦΑΜῼ.

444 5230 529 5287 Τὰ
563 5233 662 5305 μὲν
701 5231 760 5300 ἐξ
806 5233 960 5304 ὑμῶν
1005 5231 1310 5303 γράμματα
1339 5232 1475 5304 πρὸς
1508 5230 1609 5300 τήν
1651 5229 1964 5300 πανήγυριν

372 5325 480 5398 ἤδη
523 5327 711 5380 καλεῖο
759 5327 856 5379 καὶ
892 5324 984 5378 τὸν
1028 5319 1175 5378 οἷκον
1219 5324 1353 5395 ἡμῖν
1406 5323 1725 5396 προτιθέναι
1776 5321 1962 5392 φησὶν,

375 5417 531 5469 κοινά.
561 5434 623 5470 τε
655 5417 723 5471 τὰ
765 5415 1010 5487 παρόντα
1056 5416 1235 5468 ποιεῖ·
1278 5415 1371 5469 καὶ
1412 5413 1473 5469 τὸ
1498 5413 1591 5468 τοῦ
1624 5414 1784 5484 λόγου
1829 5413 1963 5487 ἡμῖν

330 5504 344 5553 3
377 5506 581 5574 ἀγαθὸν
607 5506 1045 5575 ἀπαγγέλλεται⁸
1082 5505 1194 5575 ἐγὼ
1218 5506 1276 5560 δὲ
1307 5507 1410 5576 τῆς
1444 5505 1544 5577 μὲν
1574 5505 1786 5568 εὐνοίας
1815 5504 1963 5575 ὑμᾶς

374 5592 761 5668 ὑπεράγαμαι·
787 5596 880 5650 καὶ
898 5596 961 5667 δή
989 5613 1079 5667 μοι
1102 5596 1496 5669 πεπληρῶσθαι
1527 5594 1671 5650 δοκῶ
1705 5594 1805 5667 τὴν
1829 5610 1962 5648 παν-

376 5688 573 5758 ήγυριν
613 5688 907 5759 ἐπιστολῆς
951 5688 1295 5760 συμμετρίας
1332 5687 1546 5761 τυχών⁶
1582 5687 1720 5761 πρὸς
1767 5688 1826 5742 δὲ
1860 5686 1961 5757 τὴν

375 5775 629 5836 ἐντεῦθεν
649 5778 765 5835 ὁδὸν
789 5778 958 5833 πολλά
982 5796 1073 5851 μοι
1103 5778 1409 5853 καθέσττίκε
1438 5779 1506 5834 τὰ
1533 5780 1859 5851 κωλύματα*
1894 5781 1957 5832 σὺ

2073 1922 2269 1975 τὶοςιιιιι
2300 1921 2506 1975 habitet
2526 1920 2801 1975 civitatem
2823 1930 2878 1974 et
2909 1921 3073 1974 multa
3110 1920 3307 1975 habeat
3333 1913 3666 1988 corruptelae!

2069 2012 2338 2081 exempla,
2396 2011 2614 2095 ob'hoc
2656 2013 2831 2082 ipsum
2878 2011 3075 2066 acriori
3136 2026 3258 2065 cum
3312 2010 3654 2066 aemulatione

2068 2104 2439 2173 voluptatibus
2468 2102 2849 2169 resiStit.Quis
2873 2103 3014 2158 enim
3037 2102 3241 2156 athleta
3262 2117 3383 2156 cum
3412 2103 3654 2156 victoriae

2068 2195 2366 2249 ambitione
2394 2192 2700 2265 Olympiam
2752 2194 2998 2261 veniens,
3028 2192 3343 2249 certaminis
3374 2192 3653 2260 magnitu-

2069 2288 2249 2343 dinem
2313 2286 2627 2343 facillimam
2690 2302 2811 2344 esse
2868 2288 3211 2344 occasionem
3262 2285 3654 2355 persuadebit?

2069 2394 2250 2434 nonne
2272 2388 2466 2434 contra
2500 2380 2762 2434 exercitia
2794 2394 2890 2434 sua
2923 2378 3160 2447 augebit,
3209 2387 3266 2432 et
3289 2377 3649 2446 praecedentia

2068 2471 2414 2527 cunﬁrmabit
2445 2470 2784 2539 majoribus?
2832 2469 2934 2535 Tu,
2968 2469 3219 2525 obductis
3242 2469 3511 2535 sensibus,
3538 2469 3652 2522 fer-

2068 2576 2192 2616 reus
2220 2561 2286 2616 ad
2318 2576 2536 2616 omnem
2570 2561 2811 2614 auditum
2843 2567 2936 2615 aut
2966 2561 3139 2615 visum
3177 2559 3373 2626 factus,
3411 2558 3651 2615 ostendis

2070 2654 2336 2708 malorum
2356 2654 2603 2725 tnoieStia
2631 2669 2737 2707 non
2760 2653 2900 2708 vinci
2920 2651 3265 2723 sapientiam.
3291 2652 3384 2706 sed
3406 2651 3651 2720 digniora

2068 2759 2343 2817 appetere.
2378 2746 2512 2811 lmo,
2554 2746 2764 2802 etiamsi
2799 2746 3000 2801 dixeris
3035 2746 3258 2800 Sirenas
3292 2744 3375 2799 vel
3420 2759 3653 2799 conver-

2070 2826 2268 2894 tentem
2319 2842 2501 2895 omnia
2529 2839 2749 2903 Circen,
2787 2839 2965 2893 vincet
3001 2854 3175 2893 novus
3196 2836 3438 2909 Ulysses,
3493 2840 3655 2892 modo

2070 2948 2198 2986 usus
2238 2933 2402 3004 moly,
2457 2933 2508 2986 id
2557 2940 2660 2997 est,
2704 2941 2765 2985 ut
2812 2940 2960 3001 puto,
2997 2932 3084 2985 illa
3124 2946 3226 3000 qua
3267 2932 3524 3001 praeditus
3571 2938 3656 2984 est

2071 3027 2304 3092 ratione;
2341 3028 2499 3080 modo
2531 3027 2766 3095 seipsum
2793 3025 2981 3079 virtuti
3002 3024 3254 3094 alligans,
3306 3034 3358 3079 et
3385 3023 3457 3078 ita
3483 3020 3651 3076 multa

2071 3120 2343 3189 rapientes
2366 3128 2715 3174 trausnatans
2742 3120 3064 3188 voluptates.

2574 3386 2711 3442 LIX.
2748 3385 3156 3443 APOLLONIO.

2143 3474 2545 3535 Timidissimus
2575 3479 2887 3553 Martyrius,
2951 3479 3100 3534 dives
3159 3480 3377 3549 quidem
3430 3479 3633 3533 virtute

2072 3572 2286 3628 fortuna
2315 3588 2444 3628 vero
2472 3585 2695 3643 pauper,
2730 3572 2935 3643 indiget
2967 3582 3148 3625 vestro
3178 3572 3443 3627 subsidio.
3482 3570 3655 3624 Maxi-

2072 3681 2211 3719 mam
2245 3668 2437 3731 habeo,
2496 3676 2553 3721 ut
2583 3666 2680 3729 ait,
2730 3681 2799 3720 ex
2844 3666 3344 3734 praedecessoribus
3367 3664 3653 3735 experiens

2073 3759 2236 3823 tiam;
2273 3768 2551 3824 cartorum,
2608 3771 2695 3812 me
2726 3755 2890 3812 facile
2921 3755 3189 3826 persuasit
3224 3757 3486 3812 scientem
3518 3772 3655 3825 quo-

2068 3850 2230 3903 modo
2265 3864 2478 3902 manum
2511 3849 2761 3919 porrigas
2804 3847 3063 3903 omnibus
3112 3846 3344 3902 relevari
3386 3863 3522 3917 opus
3552 3848 3653 3901 ha-

2069 3940 2321 3996 bentibus
2363 3951 2417 3995 et
2451 3956 2547 3995 vos
2576 3940 2643 3994 ad
2664 3938 2925 3994 auxilium
2958 3937 3299 3995 vocantibus.
3352 3937 3484 3993 Nam
3512 3942 3653 4009 apud

2065 4050 2165 4094 nos
2180 4033 2495 4091 illatantum
2515 4032 2797 4103 reperiens
2815 4048 2937 4104 qua:
2951 4048 3052 4087 nec
3076 4032 3221 4087 vires
3239 4030 3533 4095 sufﬁciunt,
3555 4047 3655 4086 nee

2069 4134 2298 4180 mortem
2327 4123 2648 4192 impediunt,
2679 4122 2748 4177 ad
2777 4137 2874 4177 vos
2904 4130 3136 4193 spectat,
3178 4121 3230 4177 in
3268 4121 3370 4177 hoc
3394 4136 3498 4175 uno
3523 4120 3652 4176 libe-

2069 4216 2336 4270 rationem
2381 4214 2575 4271 adesse
2620 4212 2882 4268 malorum
2931 4223 3128 4283 putans
3164 4230 3179 4266 :
3220 4227 3346 4266 eum
3414 4211 3653 4266 studiose

2067 4309 2281 4377 excipe,
2305 4306 2519 4360 oculum
2550 4313 2873 4361 convertens
2899 4304 3217 4361 benevolum
3263 4313 3320 4359 et
3363 4302 3431 4359 ad
3484 4316 3570 4358 me
3598 4311 3653 4358 et

2065 4402 2133 4454 ad
2159 4400 2389 4470 teipsum
2419 4407 2473 4453 et
2506 4398 2573 4453 ad
2601 4398 2874 4452 hominem
2906 4398 2961 4452 in
3001 4398 3327 4452 necessitate
3356 4404 3649 4452 versatum.

1995 4527 2043 4586 Β
2068 4491 2420 4548 Conﬁdenter
2452 4490 2597 4544 enim
2629 4491 2843 4545 dicebat
2895 4498 2965 4554 te,
2998 4488 3214 4544 litteras
3247 4504 3275 4543 a
3302 4504 3389 4544 me
3422 4489 3467 4543 si
3512 4488 3656 4542 acci-

2069 4598 2248 4654 peres,
2309 4580 2440 4636 nihil
2484 4596 2588 4635 non
2633 4579 2791 4636 facile
2842 4594 3259 4635 concessurum.
3341 4576 3425 4633 Me
3470 4586 3661 4631 autem-

2067 4670 2403 4733 subridente,
2455 4678 2511 4723 et
2543 4669 2912 4739 interrogante
2941 4669 3084 4724 unde
3127 4669 3179 4723 id
3207 4668 3396 4732 sciret,
3420 4682 3653 4737 sponso-

2068 4779 2182 4819 rem
2209 4761 2276 4817 de
2306 4760 2486 4817 futuro
2526 4774 2586 4817 se
2619 4760 2752 4817 dare
2783 4762 3030 4831 parabat.
3092 4758 3259 4830 Imple
3319 4760 3483 4831 igitur
3525 4773 3653 4829 spes

2069 4854 2229 4919 illius,
2261 4869 2324 4907 ne
2354 4867 2484 4918 non,
2519 4853 2844 4909 necessitate
2875 4854 3072 4908 iterum
3125 4863 3372 4922 urgente,
3422 4868 3655 4922 sponso-

2068 4946 2274 5015 remxde
2299 4944 2482 4999 futuro
2527 4959 2586 5001 se
2633 4946 2725 4999 det
2765 4958 2851 5000 me
2902 4943 3036 4998 nihil
3076 4958 3107 4997 a
3136 4945 3286 5000 vobis
3316 4958 3437 5000 esse
3462 4945 3653 5000 oblenv

2069 5045 2269 5091 turum.

2598 5107 2709 5184 Lit.
2750 5128 3119 5187 NEPHALIO.

2137 5222 2346 5277 Vestrae
2374 5221 2572 5278 litterae
2605 5224 2671 5278 ad
2705 5223 3013 5279 convivium
3040 5224 3153 5294 jam
3197 5238 3297 5280 nos
3328 5234 3652 5291 convocant,

2066 5331 2131 5371 ac
2155 5315 2375 5369 domum
2418 5314 2575 5370 nobis
2610 5316 2906 5386 pra-parari
2964 5316 3174 5382 dicunt,
3234 5326 3288 5373 et
3321 5318 3500 5372 omnia
3534 5333 3654 5386 qua:

2068 5407 2333 5467 continet,
2359 5409 2666 5462 communia
2696 5407 2923 5463 faciunt.
2982 5407 3176 5464 Sermo
3200 5408 3651 5479 vesteroptimum

2067 5501 2198 5555 mihi
2250 5501 2411 5556 affert
2459 5502 2730 5568 mmtium,
2780 5510 2834 5557 et
2870 5501 3244 5557 benevolentia
3292 5511 3473 5559 vestra
3507 5517 3655 5557 sum-

2054 5604 2207 5655 mam
2234 5589 2365 5644 mihi
2397 5599 2576 5643 movet
2613 5591 3075 5658 admirationem;
3122 5600 3283 5661 atque
3319 5591 3449 5646 mihi
3472 5592 3653 5644 videor

2064 5693 2264 5740 coetum
2315 5683 2695 5754 complevisse,
2753 5670 2999 5754 epistola:
3048 5686 3231 5741 habita
3285 5686 3651 5756 preportione.

2070 5777 2296 5847 Verum,
2319 5777 2612 5848 quominus
2641 5778 2767 5835 hinc
2794 5780 3043 5836 recedam
3074 5779 3242 5844 multa
3283 5780 3411 5835 mihi
3436 5780 3652 5834 obstant
