3978 6392
362 235 519 302 9757

1657 232 2010 296 PROCOPII
2040 230 2284 295 GAZASI

3503 224 3638 293 2T8

374 346 786 418 impedimenta.
830 343 909 400 Tu
943 353 1147 411 autem,
1201 354 1348 415 opto,
1405 359 1751 417 prosperare,
1804 349 1960 402 vince

2076 346 2121 401 Ξέ
2156 364 2247 417 μοι
2272 344 2366 400 καὶ
2398 344 2604 417 πρᾶττε
2636 343 2839 410 καλῶς,
2872 340 2968 396 καὶ
2993 341 3118 395 νίκα
3141 340 3208 395 τὰ
3230 338 3522 408 λυποῦντα,
3552 344 3638 398 καὶ

379 438 681 504 molestias,
713 450 775 493 ac
799 450 1070 493 memento
1092 455 1197 493 non
1230 438 1568 493 s'olummodo
1592 438 1961 509 praesentium.

383 532 538 600 Quod
582 540 762 587 autem
821 530 924 585 tuis
971 530 1165 585 litteris
1212 544 1310 584 nos
1347 530 1587 600 dejectos
1628 531 1827 599 erigas,
1862 530 1967 587 hoc

383 624 555 681 satius
590 624 729 677 duco
771 637 928 691 quam
964 621 1263 692 Polycratis
1316 621 1653 677 felicitatem.
1710 621 1963 678 Nostrum

383 714 530 768 enim
586 712 826 766 auditum
868 710 968 765 viri
1005 711 1366 782 simpliiiores
1397 722 1824 778 connuoverant,
1870 712 1965 768 tibi

385 806 640 863 videlicet
703 806 876 860 diram
928 805 1194 861 accidisse
1249 804 1652 872 calamitatem;
1702 821 1766 861 ac
1799 806 1864 861 de
1909 812 1967 860 te

387 900 663 966 dicebant,
694 898 896 969 Captus
940 908 1025 954 est
1067 900 1206 954 inter
1234 899 1600 965 vendendum,
1645 899 1698 953 in
1730 899 1968 954 obscuro

387 992 627 1047 inclusus
656 1000 777 1047 est.‘
802 991 866 1045 Et
899 990 1023 1045 talia
1049 990 1340 1056 narrando,
1375 999 1545 1046 testes
1572 990 1965 1061 producebant,

386 1098 523 1153 quos
555 1083 707 1138 illinc.
745 1085 934 1140 venire
961 1082 1221 1137 audacter
1264 1082 1638 1148 affirmabant;
1698 1083 1832 1138 alius
1878 1082 1967 1137 alii

388 1176 700 1241 enarrabat,
737 1184 791 1231 et
821 1192 920 1247 per
945 1189 1134 1235 omnes
1152 1174 1289 1229 fama
1318 1175 1707 1231 bacchabatur.
1739 1176 1966 1242 Verum,

389 1268 570 1325 Statim
595 1283 656 1323 ac
691 1276 837 1322 tuam
871 1268 1047 1339 recepi
1077 1267 1363 1338 epistolam
1397 1266 1849 1334 tantum'injusto
1882 1284 1969 1322 ru-

391 1361 525 1415 mori
560 1360 1025 1416 contradicentem
1054 1368 1115 1414 ut
1148 1360 1211 1413 ad
1246 1368 1445 1414 coetum
1485 1359 1688 1413 amicos
1723 1368 1967 1424 vocaret,

391 1453 697 1509 confeSIim-
723 1454 921 1525 gaudio
950 1441 1239 1516 e‘xsultavi,
1276 1461 1330 1506 et
1380 1451 1649 1507 mendacii
1682 1449 1999 1522 argumen?

394 1560 505 1604 tum
540 1549 769 1614 habens,
805 1538 1007 1616 ubique
1056 1547 1199 1601 illam
1248 1545 1606 1617 prmdicabam
1641 1562 1654 1598 :
1690 1544 1844 1599 itaut
1878 1544 1970 1614 qui

390 1643 517 1697 olim
545 1640 760 1696 fuerant
779 1639 1144 1703 audacissimi,
1172 1653 1317 1694 nunc
1335 1638 1509 1692 mmsti
1533 1639 1738 1709 pudore
1762 1636 1971 1692 suffun-

2071 439 2321 508 μέμνησο
2364 436 2437 507 μὴ
2468 435 2629 506 μόνον
2658 434 2942 506 παρόντων
2964 450 2975 462 ·
3005 434 3052 486 εί
3083 433 3140 486 δὲ
3172 432 3491 503 γράμμασιν
3518 435 3642 488 ἀθυ-

2072 526 2310 597 μοῦντας
2344 528 2595 595 ἀνάγοις,
2632 527 2791 582 τοῦτο
2827 527 2925 597 μὲν
2960 527 3059 597 τῆς
3083 525 3464 596 Πολυκράτους
3496 515 3646 581 εὐτύ-

2068 617 2193 687 χίας
2220 616 2541 689 σεμνότερον
2559 618 2770 688 ’.πολλὰ
2793 616 2901 688 γὰρ
2924 617 2973 671 οί
3003 618 3231 687 χρηστοὶ
3259 616 3357 679 τὰς
3378 617 3646 688 ἡμετέρας

2069 707 2348 763 διέσεισαν
2381 709 2584 776 ἀκοὰς,
2617 709 2692 773 ὡς
2727 709 2983 781 πέπραχέ
3027 726 3082 761 τι
3116 708 3320 763 δεινόν·
3358 708 3417 761 σὲ
3447 707 3509 777 δὴ
3558 708 3645 760 λέ-

2071 816 2278 870 γοντες,
2309 802 2383 865 ὡς
2407 802 2523 873 ἥλῳ
2549 803 2825 874 πράττων,
2851 803 2927 864 ὼς
2947 803 3175 870 γέγονεν
3203 802 3417 872 ἀφανής
3437 816 3451 830 '
3482 800 3647 854 ταῦτα

2069 891 2501 960 λογοποιοῦντες,
2532 894 2819 966 μάρτυρας
2852 891 3240 964 παρῆγονοοῦς
3268 894 3478 947 ἐκεῖθεν
3498 886 3648 963 ήκειν

2061 982 2504 1055 νδιισχυρίζοντοο
2549 986 2644 1039 καὶ
2695 985 2855 1051 ἄλλος
2895 984 3041 1055 ἄλλῳ
3091 985 3365 1055 διηγεῖτο,
3417 986 3514 1038 καὶ
3564 984 3651 1038 διὰ

2070 1075 2293 1129 πάντων
2312 1077 2349 1147 ή
2383 1077 2565 1147 φήμη·
2589 1077 2664 1137 ὡς
2688 1076 2745 1131 δὲ
2772 1077 2877 1148 τὴν
2904 1077 3034 1147 παρ’
3062 1075 3217 1148 ὐμῶν
3242 1075 3512 1147 ἐδεξάμην
3534 1077 3650 1128 ἐπι-

2072 1168 2263 1239 στολὴν
2298 1169 2553 1224 τοσοῦτον
2599 1171 2910 1241 ἀπέχουσαν
2951 1169 3060 1239 ’τῆς
3096 1169 3290 1222 ἀδίκου
3329 1170 3551 1238 φήμης,
3580 1167 3651 1232 ὡς

2060 1262 2326 1333 καὶπρὸς
2360 1266 2668 1335 πανήγυριν
2709 1266 2836 1328 τοὺς
2873 1264 3059 1334 φίλους
3085 1262 3297 1329 καλεῖν,
3334 1260 3498 1325 εὐθὺς
3531 1263 3651 1329 ἐγε-

2058 1353 2242 1425 νόμην
2273 1356 2600 1428 περιχαρὴς,
2640 1356 2736 1410 καὶ
2768 1356 2861 1409 τοῦ
2893 1356 3123 1435 ψεύδους
3152 1354 3293 1426 ἔχων
3321 1353 3414 1407 τὸν
3436 1353 3651 1422 ἔλεγχον

2074 1446 2350 1518 πανταχοῦ
2376 1447 2579 1518 ταύτην
2616 1449 2917 1520 ἐκήρυττον
2938 1465 2951 1479 ’
2983 1449 3126 1503 ὥστε
3159 1450 3285 1511 τοὺς
3316 1446 3489 1499 πάλαι
3525 1445 3653 1519 θρα-

2075 1542 2186 1602 σείς
2231 1540 2383 1610 μόλις
2429 1539 2688 1613 ἐρυθριᾷν
2737 1540 2831 1595 καὶ
2883 1539 3111 1593 κύπτειν
3153 1541 3235 1601 είς
3264 1538 3403 1608 γῆν·
3438 1536 3532 1590 κα⁴ι
3558 1536 3652 1606 τῆς

2073 1632 2268 1703 τύχης,
2291 1628 2472 1704 οἶμαι,
2503 1633 2807 1706 καταϐοᾷν,
2835 1633 2917 1688 ὅτι
2962 1633 3036 1705 μὴ
3068 1631 3240 1687 πλείω
3272 1630 3467 1702 χρόνον
3500 1627 3652 1682 ἐλάν-

393 1735 673 1798 dereutur,
707 1733 758 1788 in
789 1742 984 1789 terram
1009 1731 1195 1787 oculos
1227 1731 1547 1803 deligerent,
1579 1746 1640 1785 ac
1665 1731 1731 1786 de
1749 1730 1965 1786 fortuna
2002 1723 2046 1783 B
2075 1723 2252 1783 Oavov.

392 1833 751 1897 quererentur
799 1825 942 1896 Quod
996 1839 1099 1881 non
1154 1823 1354 1879 diutius
1407 1823 1459 1877 in
1509 1821 1782 1880 oblivione
1832 1823 1968 1879 deli-

392 1921 642 1978 tuissem;

969 2006 1107 2071 LXI.
1146 2006 1412 2072 SILA'NO.

460 2108 696 2164 Pulcher
718 2106 1011 2175 Macarius,
1053 2109 1215 2165 studii
1251 2123 1574 2178 morumque
1626 2110 1798 2180 gratia
1852 2124 1971 2164 mea

389 2201 578 2257 fruens
606 2200 1005 2266 benevolentia,
1031 2201 1162 2256 mihi
1190 2201 1368 2256 attulit
1392 2210 1626 2257 vestram
1654 2201 1971 2272 epistolam;

388 2309 491 2364 ego
523 2306 673 2357 vero,
707 2296 1059 2349 characteres
1090 2294 1267 2364 primo
1301 2303 1521 2364 aspectu
1556 2308 1883 2363 agnoscens,
1919 2304 1976 2351 et

388 2383 803 2454 inscriptionem
847 2380 1121 2450 osculans,
1183 2382 1366 2438 statim
1414 2381 1637 2438 minime
1695 2385 1880 2439 curavi
1913 2384 1969 2439 in

391 2476 506 2546 ipsa
550 2477 757 2545 scripta
804 2484 1113 2545 penetrare.
1174 2473 1241 2530 Et
1282 2476 1540 2531 continuo
1577 2491 1780 2547 cycnus
1835 2477 1972 2533 meis

376 2567 628 2623 'accinuit
673 2568 914 2632 auribus,
965 2582 1031 2622 ac
1069 2566 1230 2621 veluti
1279 2581 1486 2636 pennas
1523 2577 1686 2623 vento
1719 2569 1968 2635 credens,

388 2659 644 2715 omnibus
669 2673 728 2715 se
753 2653 897 2714 dedit
929 2659 1245 2714 accentibus
1274 2659 1642 2726 suavissimis;
1677 2668 1824 2715 tuam
1843 2677 1972 2718 vero

388 2752 678 2807 lusciniam
730 2751 922 2822 agnovi
955 2766 1081 2806 vere
1129 2744 1656 2806 fu‘isse'Athenarum
1714 2752 1970 2823 puellam,

389 2852 445 2898 et
470 2843 664 2897 factam
693 2857 810 2897 esse
834 2857 1012 2907 avem,
1036 2851 1091 2896 et
1121 2843 1343 2897 atticum
1370 2854 1592 2897 servare
1625 2842 1791 2899 melos
1827 2861 1841 2898 :
1872 2844 1973 2899 sub

390 2934 699 3006 hujusmodi
753 2935 923 3004 ﬁgura
976 2934 1148 3005 ipsam
1190 2932 1493 3006 depingunt
1538 2934 1822 3004 epistolam
1874 2937 1973 2990 hu-

2616 2002 2757 2069 ‘EA'.
2803 2010 3073 2086 ΣΙΛΑΝῼ.

2160 2108 2217 2161 '0
2263 2106 2425 2171 καλὸς
2470 2107 2757 2178 Μακάριος
2807 2107 3046 2176 σπουδῆς
3090 2106 3251 2160 ἕνεκα
3302 2106 3401 2162 καὶ
3440 2096 3654 2178 τρόπων

2074 2202 2172 2274 τῆς
2216 2202 2354 2273 ἐμῆς
2404 2201 2695 2258 ἀπολαύων
2741 2201 2982 2271 εὐνοίας,
3038 2201 3283 2257 ἐπέδωκέ
3340 2220 3432 2274 μοι
3478 2201 3655 2274 φέρων

2075 2294 2349 2367 ὑμετέραν
2388 2295 2708 2365 ἐπιστολήνθ
2755 2295 2866 2364 ἐγὼ
2897 2295 2954 2348 δὲ
2996 2296 3121 2360 τοὺς
3159 2294 3368 2359 τύπους
3401 2296 3658 2364 ἐπιγνοὺς

2075 2385 2192 2458 ἃμα
2221 2390 2289 2458 τῇ
2325 2386 2422 2457 θέα
2457 2387 2554 2440 καλ⁸
2575 2386 2673 2457 τήν
2704 2387 3017 2459 ἐπιγραφὴν
3042 2387 3435 2457 ἀσπασάμενος
3454 2428 3469 2454 ,
3500 2387 3657 2451 εὐθὺς

2079 2479 2320 2549 μελήσας
2350 2461 2525 2545 οὐδὲν,
2555 2478 2663 2532 τῶν
2693 2479 3094 2549 γεγραμμένων
3128 2479 3260 2532 εἵσω
3290 2478 3653 2549 γεγενῆσθαιο

2075 2569 2171 2623 καὶ
2218 2571 2246 2624 ὁ
2295 2570 2394 2640 μὲν
2443 2569 2643 2633 κύκνος
2691 2569 2855 2633 εὐθὺς
2904 2570 3087 2640 ἐνήχει
3120 2568 3244 2631 ταῖς
3294 2564 3524 2632 ἀκοαῖς,
3562 2562 3657 2622 καὶ

2068 2658 2267 2731 ὧσπερ
2305 2662 2383 2733 τῷ
2415 2660 2635 2734 ζεφύρῳ
2667 2661 2727 2715 τὸ
2769 2659 2969 2732 πτερὸν
3003 2660 3181 2723 ἀνεὶς,
3227 2656 3380 2724 ὅλαις
3398 2659 3657 2713 ἀνέκειτο

2074 2755 2191 2817 ταῖς
2237 2752 2401 2823 ᾠδαῖς
2446 2755 2541 2808 καὶ
2589 2752 3064 2825 μουσικωτάταιςο
3116 2750 3215 2821 τὴν
3273 2749 3376 2822 σὴν
3426 2750 3656 2821 ἀηδόνην

2074 2843 2169 2900 νῦν
2216 2844 2385 2909 ὅντως
2428 2846 2601 2914 ἔγνων
2645 2846 2719 2910 ὡς
2748 2844 3001 2916 ’Ἂθηνῶν
3024 2840 3270 2915 ὑπῆρχεν
3298 2845 3333 2913 ή
3363 2842 3533 2912 κόρη,
3565 2842 3657 2896 καὶ

2074 2922 2312 3007 γέγονεν.
2342 2937 2523 3009 ὅρνις,
2559 2939 2653 2992 καὶ
2682 2938 2781 3010 τὴν
2822 2937 3072 3009 Ἀττικὴν
3111 2937 3368 3008 φυλάττει
3414 2939 3527 3001 τοῖς
3562 2928 3655 3007 μέ-

388 3026 800 3082 mantelitlera'.
836 3025 949 3096 Ego
990 3037 1168 3080 autem
1214 3026 1315 3080 hoc
1361 3025 1663 3083 delectatus
1714 3043 1967 3097 magnum

2076 3032 2224 3086 λεσισ
2259 3031 2501 3086 τοιοῦτον
2530 3030 2714 3102 ἀὐτῆς
2759 3032 2819 3113 τὸ
2859 3031 3046 3101 σχῆμά
3094 3028 3192 3099 τῆς
3232 3029 3528 3099 ἔπιπολῆς
3561 3029 3652 3100 δη-

390 3107 616 3190 spit'avi,
673 3127 727 3173 et
768 3119 821 3172 in
850 3117 1167 3174 memoriam
1195 3117 1444 3171 revocavi
1474 3118 1709 3186 priscam
1743 3116 1970 3172 felicita-

394 3222 524 3276 tem,
562 3221 621 3266 ut
645 3211 800 3265 nobis
836 3210 1071 3265 invicem
1103 3209 1247 3264 obvii
1278 3209 1541 3266 fuerimus
1577 3209 1728 3280 juxta
1767 3208 1970 3274 Nilum,

392 3314 451 3359 ut
482 3304 614 3358 mihi
651 3303 861 3358 dederit
890 3303 1102 3357 fortuna
1151 3312 1201 3358 te
1226 3304 1425 3361 secure
1445 3301 1574 3366 frui,
1622 3312 1676 3356 ut
1697 3311 1747 3357 te
1769 3302 1973 3356 amisso

393 3394 624 3451 alllietus
675 3394 894 3460 fuerim,
957 3402 1019 3448 ut
1048 3394 1309 3464 gaudeam
1348 3401 1400 3449 te
1454 3407 1599 3447 nunc
1628 3402 1978 3463 recuperato;

393 3502 492 3557 per
514 3498 657 3540 tuam
687 3486 830 3541 enim
869 3485 1154 3556 epistolam
1197 3495 1247 3541 te
1282 3485 1393 3555 jam
1417 3485 1697 3555 possidere
1734 3485 1866 3540 mihi
1891 3485 1972 3542 vi-

392 3580 542 3646 deor,
566 3588 621 3634 et
654 3593 828 3635 meam
853 3577 1134 3634 confessus
1163 3577 1684 3648 sum'gratitudinem
1706 3579 1754 3633 ei
1788 3578 1877 3648 qui
1906 3577 1973 3632 ad

393 3687 480 3726 me
515 3671 659 3725 illam
690 3670 890 3725 attulit.
930 3670 1104 3737 Quam
1151 3668 1386 3735 felicem,
1444 3683 1477 3724 o
1526 3684 1678 3739 puer,
1737 3670 1971 3736 aiebam,

284 3794 289 3798 α
391 3763 560 3819 habes
600 3762 903 3817 familiam!
937 3762 1001 3815 Et
1028 3760 1106 3825 illi
1131 3761 1529 3831 exprobrabam
1562 3760 1702 3829 quod
1737 3776 1795 3816 se
1823 3761 1889 3816 ad
1921 3770 1975 3815 te

391 3855 668 3925 pertinere
713 3870 820 3907 non
858 3853 1155 3923 detegeret.
1194 3848 1336 3919 Quid
1362 3851 1600 3908 faciant?
1638 3851 1727 3921 qui
1768 3853 1973 3921 possim

391 3947 440 3999 ei
464 3953 670 3999 tantum
704 3956 962 4015 praestare
985 3952 1248 4014 quantum
1287 3944 1551 4013 Cupioisi
1581 3944 1971 4015 gratitudinem

378 4037 460 4091 ad
503 4035 697 4090 bonam
746 4035 1078 4090 voluntatem
1134 4035 1560 4101 mensuraveris,
1611 4034 1746 4088 nihil
1786 4050 1893 4089 non
1941 4046 1973 4089 a

391 4127 550 4182 nobis
570 4125 823 4197 accipiet.
864 4125 935 4181 Ut
963 4126 1143 4182 audivi
1178 4136 1359 4181 autem
1393 4135 1444 4181 te
1489 4126 1785 4196 nuptialem
1830 4124 1973 4181 ferre

387 4220 599 4288 jugum,
638 4228 765 4273 vota
791 4218 901 4274 fudi
936 4228 993 4272 ttt
1017 4226 1140 4274 tuos
1169 4219 1403 4274 viderem
1430 4218 1627 4274 liberos
1653 4227 1866 4289 patrem
1894 4219 1976 4274 vi-‘

392 4310 648 4365 dentibus
683 4308 1061 4380 praedicantes.

907 4400 1069 4458 LXII.
1105 4399 1424 4457 DIODORO.

464 4495 604 4561 Quid
638 4495 732 4550 tibi
767 4494 988 4559 accidit,
1011 4509 1044 4549 o
1073 4493 1255 4563 lingua
1279 4492 1580 4564 multiplex,
1608 4493 1700 4563 qui
1733 4491 1841 4549 alte
1858 4491 1974 4549 cla-

391 4589 583 4642 mabas
623 4595 814 4642 contra
863 4586 1141 4642 silentes?
1177 4585 1379 4642 Eorum
1419 4601 1541 4657 quae
1601 4586 2023 4663 exprobrabasg

390 4679 509 4749 ipse
525 4678 906 4745 convictus‘es,
937 4686 991 4733 et
1006 4680 1186 4733 temet
1211 4677 1414 4734 inscius
1442 4677 1761 4742 accusabas,
1791 4687 1846 4733 et
1869 4677 1976 4733 tuis

286 4822 291 4825 ,
392 4772 695 4839 illaqueans
723 4777 915 4838 captus
947 4786 1006 4824 es
1030 4770 1264 4825 retibus.
1303 4764 1427 4825 Tibi
1463 4771 1662 4826 accidit
1691 4772 1834 4841 quod
1866 4769 1974 4826 fert

392 4861 679 4930 adagium:
721 4879 739 4912 ι
774 4859 1124 4930 Exprobrans
1168 4874 1290 4929 quae
1333 4860 1445 4930 ipse
1488 4856 1685 4925 fecisti,
1737 4864 1971 4931 teipsum

393 4964 636 5015 accusas,
664 4951 883 5019 tuisque
913 4949 1127 5019 caperis
1164 4948 1288 5005 alis.
1330 4950 1537 5020 Itaque,
1561 4951 1604 5005 si
1629 4951 1732 5005 hoc
1753 4951 1971 5007 decuis-

393 5051 492 5109 set,
531 5051 675 5095 tuam
716 5042 812 5096 tibi
851 5042 1075 5097 omnino
1125 5042 1458 5097 remisissent
1494 5041 1776 5113 epistolam
1812 5059 1826 5097 :
1858 5042 1974 5097 for-

391 5149 488 5188 san
524 5135 672 5188 enim
706 5134 960 5190 scivisses
985 5145 1034 5189 te
1057 5143 1429 5189 accusatorem
1458 5134 1625 5191 fuisse
1659 5136 1813 5206 quasi
1856 5137 1971 5204 ipse

393 5240 519 5279 reus
575 5230 682 5279 non
715 5223 938 5290 fuisses,
980 5236 1037 5281 et
1086 5242 1235 5282 nunc
1281 5226 1596 5297 delinquere
1647 5227 1803 5305 quasi
1835 5226 1972 5280 nihil

390 5317 800 5387 exprobrasses.
831 5315 891 5370 In
907 5331 971 5371 eo
998 5326 1175 5372 autem
1209 5319 1445 5373 maxime
1463 5319 1780 5389 peccavisti,
1803 5320 1968 5389 quod,

392 5408 616 5463 induere
651 5407 917 5462 affectans
943 5409 1243 5464 cothurnos
1264 5411 1423 5466 valde
1448 5411 1704 5480 pulchros
1726 5419 1784 5465 et
1817 5411 1970 5480 pedi-

389 5495 492 5551 bus
545 5495 867 5555 concinnius
921 5506 1156 5567 aptatos,
1221 5511 1280 5552 ut
1328 5492 1610 5555 tzotntediae
1652 5500 1764 5554 vult
1815 5515 1969 5567 usus,

391 5596 636 5657 agrestes
667 5588 802 5655 istas
829 5590 1025 5645 misisti
1062 5590 1274 5667 litteras
1316 5593 1539 5647 nomine
1590 5601 1643 5647 et
1673 5592 1850 5648 salute
1879 5608 1972 5647 ea-

391 5687 607 5748 rentes;
651 5690 703 5735 et
734 5681 800 5735 de
840 5681 962 5738 istis
988 5691 1169 5738 tamen
1207 5682 1377 5753 magis
1408 5682 1785 5753 superbiebas,
1806 5699 1968 5753 quant

1930 4414 2055 4475 ,Β

2079 3119 2433 3192 μιουργοῦσιν
2450 3120 2500 3173 οἱ
2518 3119 2667 3188 λόγοι
2687 3135 2698 3149 ³
2730 3110 2840 3188 ἐγὼ
2868 3120 2925 3173 δὲ
2952 3118 3114 3172 τοῦτο
3142 3116 3330 3182 ἡσθεὶς
3353 3116 3655 3171 ἀνέπνευσα

2070 3210 2135 3264 τὸ
2179 3211 2353 3281 μέγα,
2406 3210 2501 3264 καλ⁸
2552 3208 2793 3289 παλαιάξ
2841 3209 3191 3279 εὐδαιμονίας
3240 3209 3531 3281 ἀνηγόμην
3574 3211 3657 3273 ἐἰς

2078 3303 2322 3375 μνήμην,
2355 3303 2431 3367 ὡς
2463 3305 2713 3372 συνεῖμεν
2748 3300 2999 3372 ἀλλήλοις
3031 3302 3183 3372 παρὰ
3218 3300 3311 3354 τὸν
3339 3302 3555 3364 Νεῖλον,
3584 3301 3656 3365 ὡς

2074 3393 2247 3458 ἀδεῶς
2285 3393 2637 3464 ἐμφορεῖσθαί
2671 3410 2771 3446 σου
2796 3395 3059 3464 παρεῖχεν
3099 3394 3131 3464 ἡ
3168 3394 3330 3464 τύχη,
3371 3393 3448 3457 ὡς
3470 3410 3657 3463 στερη.

2074 3484 2190 3550 θεὶς
2220 3487 2490 3558 ὴχθόμην,
2532 3485 2608 3549 ὡς
2645 3485 2819 3557 χαίρω
2855 3485 2952 3540 νῦν
2981 3486 3383 3556 κομισάμενος·
3415 3486 3510 3539 καὶ
3554 3487 3655 3555 γάρ

2076 3595 2135 3631 σε
2164 3578 2251 3632 διὰ
2277 3578 2375 3646 τῆς
2403 3577 2697 3647 ἐπιστολῆς
2725 3578 2869 3648 ἔχειν
2894 3578 2993 3648 ἤδη
3023 3578 3181 3643 δοκῶ,
3218 3579 3311 3631 καὶ
3338 3579 3496 3649 χάριν
3516 3574 3657 3650 ὦμο-

2072 3668 2267 3738 λόγουν
2294 3669 2373 3739 τῷ
2403 3669 2608 3739 ταύτην
2631 3670 2754 3740 ἐμοὶ
2782 3669 3033 3723 δεδωκότι
3052 3685 3065 3699 ·
3082 3669 3210 3732 καὶ,
3250 3671 3339 3734 Ὡς
3364 3671 3652 3742 εὐδαίμων,

2072 3756 2232 3834 ἔφην,
2250 3754 2295 3815 ὧ
2310 3754 2427 3829 παῖ,
2452 3762 2545 3815 τοῦ
2564 3762 2757 3830 γένους
2774 3761 3042 3832 ὑπάρχεις
3064 3762 3079 3815 ι
3101 3763 3196 3815 καὶ
3219 3762 3553 3835 ἐμεμφόμην
3576 3762 3653 3817 ὅτι

2076 3872 2160 3909 σοι
2185 3856 2478 3926 προσήκων
2513 3855 2775 3909 ἐλάνθανε
2796 3872 2808 3886 ·
2842 3855 2925 3918 τίς
2954 3851 3048 3908 οὖν
3080 3856 3364 3924 γένωμαι;
3400 3856 3563 3911 πόθεν
3591 3855 3653 3908 ἂν

2070 3942 2341 4020 δυναίμην
2371 3948 2523 4018 αὐτῷ
2548 3948 2808 4019 παρέχειν
2845 3940 3020 4003 ὁπόσα
3058 3948 3154 4001 καὶ
3188 3947 3457 4018 βούλομαι
3478 3965 3492 4014 ;
3514 3941 3574 4001 si
3600 3946 3652 4001 δὲ

2077 4044 2371 4114 μετρήσεις
2410 4044 2478 4113 τῇ
2512 4041 2793 4113 προθυμίᾳ
2824 4040 2924 4113 τὴν
2952 4040 3136 4111 χάριν,
3166 4041 3319 4094 οὐδέν
3351 4043 3501 4094 ἐστιν
3533 4040 3561 4092 ὅ
3602 4050 3650 4091 ’τι

2077 4134 2153 4204 μὴ
2184 4132 2416 4206 λήψεται
2457 4134 2588 4205 παρ’
2630 4133 2823 4205 ήμῶνο
2871 4133 3111 4198 ἀκούσας
3157 4132 3213 4186 δέ
3261 4149 3321 4185 σε
3354 4134 3450 4187 καὶ
3481 4119 3649 4202 γάμου

2073 4225 2261 4295 φέρειν
2300 4225 2488 4294 ζυγὸν,
2535 4224 2801 4296 εὐξαίμην
2840 4234 2943 4277 ’σου
2996 4225 3093 4278 καὶ
3141 4224 3340 4287 παῖδας
3377 4224 3505 4278 ἰδεῖν
3547 4225 3650 4287 τοῖς

2073 4315 2242 4387 ὁρῶσι
2268 4316 2364 4379 ,τὸν
2403 4315 2615 4387 πατέρα
2641 4313 3038 4386 κηρύττοντας.

2242 4449 2253 4461 .
2643 4400 2767 4461 Ξιιι.
2804 4407 3103 4475 nomen.

2148 4498 2214 4555 Τί
2242 4516 2400 4553 τουτο
2429 4494 2704 4562 πέπονθας
2730 4499 2757 4551 ὁ
2779 4496 2948 4559 πολὺς
2970 4497 3071 4567 τὴν
3094 4495 3365 4564 γλῶτταν,
3389 4495 3486 4550 καλ.
3516 4495 3650 4565 μέγα

2076 4590 2254 4645 πνέων
2300 4589 2442 4644 κατὰ
2481 4589 2590 4643 τῶν
2635 4587 2992 4643 σιωπώντων·
3035 4586 3181 4657 ἥλως
3222 4578 3304 4649 οἷς
3347 4586 3646 4647 ἐνεκάλεις,

2078 4684 2172 4738 καὶ
2203 4683 2345 4737 κατά
2376 4681 2577 4738 σαυτοῦ
2623 4681 3012 4752 κατηγορήσας
3056 4677 3368 4742 ἐλάνθανες,
3416 4679 3510 4731 καὶ
3545 4678 3649 4739 τοῖς

2077 4773 2271 4827 ἑαυτοῦ
2310 4772 2547 4835 δικτύοις
2568 4766 2750 4834 ’ἑάλως
2784 4768 3174 4838 σαγηνευθείς·
3205 4767 3241 4822 ἃ
3272 4767 3381 4840 γὰρ
3426 4766 3648 4837 ὲμέμψω

2075 4863 2313 4936 δράσας,
2339 4862 2553 4917 οἴκοθεν
2596 4859 2743 4931 ἔχεις
2771 4859 2864 4912 τδν
2893 4858 3137 4930 ἔλεγχον,
3179 4858 3274 4912 καὶ
3313 4861 3427 4921 τοῖς
3460 4854 3645 4910 ἑαυτοῦ

2076 4938 2539 5021 πτεοοῖξὲάλως,
2580 4951 2681 5022 τὴν
2731 4950 3033 5021 παροιμίαν
3076 4946 3301 5004 παθών⁶
3349 4947 3479 5004 ὥστ’
3525 4946 3575 4999 εἴ
3600 4961 3647 4997 τι

2074 5046 2183 5101 τῶν
2223 5044 2601 5118 προσηκόντων
2642 5042 2881 5111 ἐγίνετο,
2935 5041 3036 5110 τὴν
3082 5040 3180 5119 σὴν
3206 5038 3272 5093 ἀν
3316 5055 3398 5092 σοι
3444 5037 3647 5097 πάντως

2074 5140 2369 5209 ἐπιστολὴν
2402 5135 2788 5206 ἀντεπέθηκαο
2836 5134 2979 5203 τάχα
3016 5131 3125 5203 γὰρ
3171 5130 3237 5186 ἂν
3263 5130 3433 5201 ἔγνως
3477 5132 3643 5183 ἐπιτι-

2079 5232 2261 5302 μήσας
2294 5228 2392 5300 μὲν
2417 5227 2492 5291 ὡς
2538 5228 2639 5280 οὐκ
2673 5225 2738 5280 ἂν
2786 5224 3072 5296 ἁμαρτὼν,
3107 5221 3442 5294 πλημμελῶν
3469 5220 3523 5272 δὲ
3556 5215 3643 5272 νῦν

2074 5323 2150 5395 ᾡς
2181 5320 2571 5390 κατηγορήσας
2599 5317 2783 5372 οὐδέν·
2820 5318 2914 5370 καὶ
2942 5316 3005 5369 τὸ
3036 5313 3293 5386 μέγιστον
3313 5312 3416 5395 ,ὅτι
3449 5310 3643 5382 φιλοτι·

2076 5390 2393 5483 μησάμενος
2426 5409 2755 5480 ὑποδήματα
2786 5406 2924 5461 καλά
2953 5422 3015 5460 τε
3054 5405 3174 5460 λίαν
3203 5390 3463 5475 καὶπερὶ
3492 5402 3642 5461 πόδας

2079 5503 2300 5575 μᾶλλον,
2326 5502 2404 5565 ὡς
2442 5504 2509 5573 τῇ
2545 5500 2812 5572 κωμῳδίᾳ
2842 5500 3026 5564 δοκεῖ,
3070 5500 3164 5551 καὶ
3193 5497 3364 5551 ταῦτα
3397 5490 3640 5565 γραμμᾶ-

2073 5615 2181 5652 των
2211 5594 2397 5665 ἔρημα
2425 5595 2721 5663 πέπομφας
2740 5631 2757 5657 ,
2786 5593 2923 5663 μήτε
2979 5594 3038 5644 τὸ
3084 5591 3254 5655 δεῖξαι
3285 5590 3422 5659 μήτε
3450 5585 3508 5637 τὸ
3534 5580 3641 5652 χαί-

2076 5701 2189 5755 ρειν
2245 5681 2451 5738 εἰπών’
2492 5681 2705 5753 καίτοι⁷
2728 5682 2934 5751 μεῖζον,
2989 5681 3064 5745 ὡς
3111 5680 3278 5744 εἰκὸς,
3319 5680 3407 5733 ἐπὶ
3448 5674 3639 5733 τούτοις
