3978 6414
349 347 490 414 2Ίὲ9

1768 348 2171 409 EPISTULE.

3464 340 3601 402 27ῗο

349 462 687 533 ἐφρόνησας,
734 461 766 534 ἢ
813 462 1042 533 Κροῖσος
1090 462 1294 526 ἐκένος
1345 462 1440 525 τὰς
1488 460 1806 533 θασμαστὲς
1863 460 1926 531 δὴ

2052 462 2118 515 lle
2166 460 2385 544 Ctmsus
2450 460 2726 520 mirabiles
2794 456 3027 528 Apollini
3078 456 3310 544 lateres
3343 454 3601 522 largiens.

352 555 607 619 πλίνθους
642 555 721 625 τῷ
754 554 938 622 Πυθίῳ
966 555 1305 624 δωρούμενος
1324 570 1338 586 ⁸
1387 554 1537 625 δηλοῖ
1567 554 1623 606 δὲ
1670 553 1730 606 τὸ
1761 552 1945 606 πάλαι-

353 664 413 699 ce
461 644 631 698 ταῦτα
662 644 914 715 περὶτοῦ
945 682 960 697 .
1002 685 1015 699 .
1052 683 1066 696 .
1103 643 1234 715 ργοῦ
1275 645 1663 714 κομισάμενον,
1714 642 1941 707 μέλλειν.

352 737 439 791 ἀεὶ
468 747 567 790 και
595 736 1091 807 καταστοχάζεσθαι
1121 736 1212 791 τού
1248 736 1471 807 καιροῦ,
1505 736 1652 799 ὅπως
1676 735 1743 788 ἂν
1768 735 1927 805 ἐρχο-

355 830 523 900 μένης
553 830 650 898 τῆς
684 830 1042 900 πανηγύρεως
1060 869 1075 896 ,
1103 829 1278 883 ταῦτα
1299 828 1478 883 λαϐὼν
1510 828 1789 900 προσέλθω
1814 831 1929 913 τοῖς

350 923 520 993 ὁρῶσι
550 923 646 994 τὴν
678 924 990 994 φιλοτιμίαν
1020 924 1187 994 βοῶν’
1220 925 1342 979 ὅθεν
1375 941 1468 977 σου
1521 924 1582 977 τδ
1609 923 1779 987 πάθος
1821 940 1928 993 μαι

352 1016 481 1083 θὼν,
507 1017 733 1089 προῄειν
758 1019 901 1072 κατὰ
921 1018 1011 1071 τὸν
1044 1020 1341 1089 Ὁμηρικὸν
1357 1021 1560 1073 Δίαντα
1587 1019 1727 1088 μέγα
1748 1016 1926 1087 βιϐάς·

351 1107 448 1161 καὶ
496 1107 861 1179 κατεκρότουν
911 1107 1010 1178 τὴν
1061 1108 1167 1177 γῆν
1203 1108 1549 1177 ἐπιστρέφων
1600 1106 1750 1176 παρὰ
1803 1107 1929 1166 τοὺς

353 1199 522 1263 πόδας
560 1202 651 1252 τον
700 1199 938 1268 θεατήνο
988 1200 1083 1252 καὶ
1120 1200 1283 1261 εἴτις
1335 1200 1470 1269 ὁρᾷν
1503 1198 1601 1250 οὐκ
1651 1194 1913 1267 ἠϐούλετο

351 1288 613 1359 ὑϐριστὴν
634 1288 822 1344 τοῦτον
855 1289 1092 1355 ἐδόκουν,
1124 1291 1215 1342 καὶ
1241 1289 1390 1351 τέλος
1416 1288 1549 1359 ὁρᾷν
1585 1286 1930 1357 κατηνάγκα-

350 1381 466 1446 ζον,
497 1382 595 1434 καὶ
622 1381 847 1452 μηδενὸς
868 1381 1178 1450 ἐρωτῶντος
1207 1382 1399 1435 ὁπόθεν
1432 1380 1541 1451 ἔχω
1569 1379 1929 1440 ).αϐὼν,ιΔιό-

349 1473 521 1542 δωρος
550 1475 578 1526 ὁ
609 1472 784 1537 Sabe,»
804 1473 969 1543 άνεκή
980 1490 1170 1545 ρυττον
1186 1488 1199 1502 ·
1219 1473 1313 1526 καὶ
1336 1473 1423 1526 διὰ
1442 1472 1658 1525 πάντων
1684 1470 1930 1542 ὑπῆρχεν

351 1566 440 1618 ἐπ’
472 1565 596 1634 ἐμοὶ
628 1566 729 1634 μέν
776 1566 1167 1637 ἀπειροκαλίας
1191 1569 1219 1620 ὁ
1250 1566 1457 1635 γέλωςο
1488 1564 1581 1620 ἐπὶ
1614 1560 1696 1618 σοὶ
1716 1564 1793 1630 δὲ,
1829 1563 1930 1634 τῆς

348 1657 627 1728 εὐνοίαςή
669 1659 888 1729 μνήμηο
941 1660 1168 1714 τοιαῦτά
1208 1677 1291 1713 σοι
1324 1660 1433 1713 τῶν
1485 1658 1667 1713 καλῶν
1716 1658 1932 1711 ὑποδει-

349 1749 577 1818 γμάτων
616 1750 935 1819 ἀπήλαυσα,
985 1751 1182 1821 μικροῦ
1227 1751 1336 1804 δεῖν
1367 1752 1460 1804 ἐπὶ
1507 1750 1747 1821 κεφαλὴν
1780 1750 1928 1820 βαδί-

353 1856 472 1907 σας,
508 1841 653 1904 ὅπως
683 1844 740 1894 ἐν
776 1841 924 1913 καλῷ
958 1843 1055 1913 τῆς
1086 1842 1213 1907 θέας
1247 1842 1401 1897 ἔσται
1438 1842 1499 1896 τὺ
1526 1842 1717 1903 δῶρον.

893 1934 1011 1989 ειν.
1056 1935 1403 2007 nummo.

422 2010 595 2100 ὗῐμαί
627 2048 688 2084 σε
724 2031 996 2085 ποιεῖσθαι
1031 2030 1150 2084 λίαν
1194 2032 1251 2084 ἐν
1276 2030 1534 2100 θαύματι,
1566 2029 1620 2083 τί
1659 2029 1797 2099 δῆτα
1837 2029 1932 2095 νῦν

355 2123 544 2194 μαθὼν
577 2123 677 2195 ήδη
719 2124 814 2177 καὶ
846 2123 1191 2194 γραμμάτων
1235 2105 1583 2193 κατάρχομαι
1604 2138 1619 2153 ο
1653 2110 1845 2175 τούτου
1876 2121 1934 2175 δὲ

350 2219 450 2289 τὴν
484 2217 666 2270 αἰτίαν
692 2219 740 2270 εἰ
786 2215 999 2286 βούλει,
1032 2216 1368 2286 Στρατήγιος
1398 2219 1509 2279 τοῖς
1541 2200 1721 2283 λόγοις
1764 2231 1934 2285 στραο

350 2311 572 2363 τεύεται
620 2308 763 2362 κατὰ
802 2309 925 2372 σοῦ,
963 2308 1059 2361 καὶ
1113 2307 1280 2371 πολὺς
1343 2307 1442 2374 μὲν
1470 2309 1591 2369 ταῖς
1645 2306 1937 2376 λοιδορίαις

350 2404 547 2472 χωρεῖ,
603 2400 821 2471 μακρὰν
856 2400 912 2453 δὲ
952 2399 1261 2453 κατατείνει
1296 2398 1651 2470 κατηγορίαν,
1716 2398 1812 2452 καὶ
1851 2397 1937 2450 δι-

352 2495 655 2563 καστήριόν
689 2510 779 2563 μοι
796 2492 890 2563 τὴν
913 2491 1092 2546 οἰκίαν
1122 2490 1442 2554 πεποίηται’
1480 2490 1542 2542 τὸ
1567 2489 1624 2543 δέ
1656 2489 1933 2560 μέγιστον,

352 2585 544 2656 ὥσπερ
575 2576 683 2656 γὰρ
718 2586 766 2637 οί
796 2584 957 2637 δεινοὶ
983 2583 1089 2635 τῶν
1118 2582 1383 2654 ρητόρων,
1409 2582 1511 2634 οὐκ
1539 2582 1795 2653 ἀρκεῖται
1822 2582 1937 2643 τοῖς

355 2675 597 2746 παροῦσι
646 2676 808 2743 μόνον
863 2672 1225 2742 ἐγκλήμασιν,
1280 2672 1417 2725 ἀλλὰ
1473 2671 1691 2741 μίγνυσι
1732 2670 1937 2725 παλαιὰ

355 2767 586 2827 καινοῖς.
616 2764 710 2816 καὶ
739 2763 938 2833 μύθους
965 2762 1223 2833 ἀρχαίους
1250 2764 1523 2816 ἀνακινεῖθ
1555 2762 1648 2816 καὶ
1683 2763 1945 2833 μάρτυρα,

357 2856 504 2910 κατὰ
553 2855 648 2907 σοῦ
690 2854 844 2908 πόλιν
873 2856 1001 2925 ὅλην
1038 2855 1137 2925 τὴν
1201 2854 1548 2925 Ἀλεξάνδρου
1599 2855 1934 2925 παρέχεται,

357 2946 488 3008 θέας
528 2946 759 3009 ἱππικὰς
786 2945 1141 3016 διηγούμενος
1161 2986 1174 3009 ,
1208 2945 1301 3025 καὶ
1333 2944 1516 3000 κύϐων
1556 2945 1811 3016 σπουδὴν,
1843 2945 1938 2998 καὶ

355 3039 642 3107 διαλόγους
693 3039 822 3111 περὶ
873 3039 982 3093 τῶν
1032 3039 1221 3093 ἵππων.
1270 3039 1622 3109 δημοτικοὺς,
1673 3028 1768 3092 καὶ
1802 3039 1941 3093 am

2029 550 2181 605 Patet
2212 543 2543 621 jampridem
2600 560 2673 619 te,
2731 564 2799 606 ex
2840 564 2948 619 quo
2985 546 3230 602 carmina
3260 543 3351 599 illa
3374 557 3599 614 compo-

2029 644 2209 707 suisli,
2245 652 2435 713 optare
2472 657 2689 714 semper
2724 652 2778 697 et
2811 640 3070 710 aucupari
3106 638 3470 699 occasionem,
3524 649 3602 700 ut,

2029 736 2358 789 adventante
2390 744 2561 799 coetu,
2595 734 2678 789 his
2696 734 2925 804 sumptis
2942 734 3197 804 prodeam
3235 745 3414 786 coram
3445 728 3604 782 boum

2032 828 2329 881 certamina
2384 827 2778 896 spectantibus.
2835 825 3010 891 Unde,
3062 832 3207 878 tuam
3252 820 3605 891 cupiditatem

2031 934 2396 988 cognoscens,
2474 933 2793 989 progressus
2840 932 2996 983 sum,
3055 916 3210 985 juxta
3260 911 3606 968 Homerirutn

2028 1010 2269 1076 Ajacem,
2304 1025 2500 1081 magno
2532 1011 2777 1074 incessu;
2813 1024 2877 1064 ac
2913 1018 3111 1063 terram
3141 1004 3369 1074 strepitu
3397 1002 3609 1073 quatie-

2030 1103 2178 1166 Ilum,
2212 1116 2532 1158 convertens
2564 1103 2629 1157 ad
2653 1102 2816 1171 pedes
2852 1109 3261 1169 spectatorem;
3308 1106 3383 1161 et,
3416 1096 3459 1151 si
3490 1095 3611 1163 quis

2032 1196 2276 1262 aspicere
2333 1194 2519 1261 nollet,
2576 1195 2735 1249 istum
2795 1175 2894 1262 pro
2952 1190 3205 1247 insolenti
3252 1188 3516 1244 habebam
3555 1195 3611 1239 et

2035 1289 2193 1344 linem
2230 1290 2411 1345 videre
2454 1288 2746 1360 cogebant;
2811 1297 2896 1354 et,
2965 1286 3181 1342 nemine
3236 1285 3610 1349 interrogante

2033 1382 2176 1437 unde
2233 1398 2452 1439 scenam
2483 1382 2813 1447 habuissem,
2861 1379 3203 1433 clamitabam
3237 1395 3253 1433 :
3295 1394 3314 1428 ι
3347 1374 3611 1428 Diodorus

2033 1476 2211 1541 dedit;
2251 1495 2272 1530 ι
2309 1482 2366 1530 at
2395 1476 2461 1530 ab
2491 1475 2743 1531 omnibus
2765 1470 3184 1542 superveniebat
3210 1470 3339 1523 mihi
3368 1468 3611 1522 stultitiae

2032 1568 2342 1634 ludibrium,
2374 1568 2468 1623 tibi
2514 1576 2698 1623 autem
2727 1563 3114 1622 benevolentia:
3142 1560 3608 1615 commemoratio.

2035 1663 2350 1733 llujusmodi
2383 1662 2620 1718 fructum
2645 1677 2711 1717 ex
2744 1671 2835 1717 tuo
2859 1659 3154 1729 Specimine
3183 1656 3396 1725 collegi,
3439 1671 3613 1725 quan-

2034 1772 2191 1825 quam
2212 1770 2348 1825 pene
2368 1769 2529 1825 supra
2554 1763 2716 1825 caput
2736 1751 3146 1816 ambulaverim,
3167 1758 3224 1803 ttt
3242 1748 3392 1803 tuum
3418 1762 3612 1801 munus

2033 1847 2314 1917 pulchrum
2346 1849 2613 1918 praeberet
2644 1844 3033 1916 spectaculum.

2522 1937 2706 1994 LXIII.
2747 1933 3132 1991 EPIPI’IANIO.

2105 2031 2369 2087 Existimo
2397 2038 2448 2087 te
2478 2031 2635 2086 valde
2664 2029 2919 2085 admirari
2952 2043 3049 2083 cur
3070 2027 3180 2096 jam
3210 2040 3354 2081 nunc
3370 2024 3615 2081 scribere

2032 2125 2287 2195 incipiam
2322 2141 2337 2179 :
2369 2123 2524 2192 cujus
2558 2138 2780 2178 causam
2802 2122 2846 2177 si
2872 2118 3092 2191 quaeris,
3129 2122 3246 2176 haec
3273 2127 3374 2175 est.
3406 2118 3616 2173 Strate-

2034 2219 2153 2288 gins
2199 2217 2544 2273 sermonibus
2574 2217 2838 2272 adversus
2877 2224 2928 2270 te
2956 2213 3199 2280 dimicat,
3235 2212 3495 2267 conviciis
3523 2226 3616 2279 ag-

2034 2311 2352 2382 gt'editur,et
2368 2310 2583 2379 longam
2612 2309 2845 2377 explicat
2866 2306 3287 2369 accusationem,
3310 2305 3611 2360 acdomum

2035 2412 2212 2452 meam
2252 2396 2415 2464 elegit
2443 2397 2531 2452 ubi
2564 2396 2857 2452 discrimen
2888 2395 3251 2466 judicaretur.
3293 2394 3447 2460 Quod
3483 2407 3611 2447 vero

2036 2489 2332 2545 maximum
2384 2497 2492 2555 est,
2553 2489 2854 2558 peritorum
2902 2486 3076 2543 instar
3134 2486 3437 2550 rhetorum,
3507 2500 3613 2539 non

2034 2590 2326 2637 contentus
2372 2590 2458 2636 est
2496 2579 2855 2650 praesentibus
2903 2578 3238 2635 solummodo
3274 2577 3613 2639 criminibus.

2037 2672 2131 2726 sed
2168 2671 2363 2726 miscet
2389 2656 2571 2726 vetera
2606 2672 2785 2737 novis,
2826 2680 2880 2727 et
2906 2671 3157 2741 antiquos
3181 2672 3388 2725 reducit
3413 2686 3619 2725 sermo-

2039 2777 2166 2835 nes;
2201 2760 2313 2816 imo
2348 2761 2800 2831 intestimonium
2820 2761 3084 2818 adversus
3123 2771 3175 2818 te
3198 2771 3360 2816 lotam
3387 2761 3619 2816 Alexan-

2039 2853 2170 2917 tl-rite
2230 2853 2419 2919 urbem
2466 2854 2722 2919 suscitat,
2764 2855 2965 2924 equina
3007 2852 3253 2909 referens
3286 2856 3614 2924 spectacula,

2037 2956 2092 3001 et
2115 2946 2345 3001 talorum
2364 2947 2708 3013 ,studinm,et
2729 2947 3017 3019 populares
3048 2948 3114 3003 de
3133 2948 3289 3018 equis
3317 2962 3619 3011 sermones.

2039 3047 2093 3093 et
2143 3039 2309 3094 multa
2344 3040 2448 3096 alia
2496 3055 2832 3110 quaecunque
2863 3041 3003 3097 illius
3047 3041 3244 3112 lingua:
3274 3050 3569 3095 occurrunt
3606 3062 3618 3096 :

358 3132 533 3186 πολλὰ
560 3131 735 3203 τούτῳ
781 3131 959 3200 λέγειν
1005 3131 1237 3203 ἐπέλθῃ·
1275 3130 1413 3184 ἀλλὰ
1456 3133 1551 3186 κοιὶ⁹
1604 3130 1697 3185 νῦν
1734 3148 1792 3184 σε
1825 3133 1938 3193 τοῖς

2044 3132 2336 3209 etiamnum
2378 3148 2507 3189 vero
2560 3134 2690 3189 dicit
2744 3143 2797 3190 te
2841 3136 2910 3191 ab
2950 3135 3107 3203 eqtlis
3153 3135 3300 3199 vehi,
3351 3143 3406 3190 et
3459 3149 3619 3189 cursu

359 3225 551 3287 ἵπποις
594 3222 965 3277 ἀνακινεῖσθαί
992 3240 1156 3293 φησι,
1193 3223 1286 3277 καὶ
1312 3226 1425 3285 τοῖς
1460 3224 1673 3294 τρέχειν
1703 3223 1939 3294 δυναμέ-

359 3334 474 3379 νοις
504 3314 860 3385 παρεδρεύειν
898 3316 1014 3379 ἁεὶ,
1047 3315 1143 3371 καὶ
1178 3315 1373 3385 τέχνην
1400 3331 1459 3367 σε
1493 3314 1744 3368 κολάκων
1776 3316 1942 3367 ἐπανε-

361 3405 604 3478 ῃρῆσθαι
662 3408 728 3476 τῇ
758 3406 958 3476 γαστρὶ
988 3389 1367 3477 χαριζόμενον.
1416 3407 1529 3460 οὐκ
1581 3406 1649 3460 ἂν
1677 3408 1944 3480 δυναίμην

364 3502 443 3563 είς
487 3499 632 3565 ἅπαξ
676 3500 852 3552 εἰπεῖν
882 3500 982 3552 ὃσα
1006 3499 1071 3569 δὴ
1092 3498 1363 3571 ,πολλάκις
1391 3501 1508 3563 ταῖς
1553 3501 1714 3570 ἐμαῖς
1754 3502 1946 3566 ἀκοαῖς

363 3591 648 3645 ἐπαντλεῖο
666 3591 725 3645 τὸ
746 3590 801 3643 δὲ
827 3591 1019 3655 αἴτιον,
1037 3590 1267 3661 Γυμνὸς,
1292 3593 1449 3662 φησι,
1473 3593 1534 3644 τὸ
1555 3591 1745 3645 τούτου
1778 3591 1947 3662 μέρος

365 3684 508 3755 ἐγώ·
542 3684 600 3736 ἓν
647 3684 805 3754 μόνον
841 3701 930 3754 μοι
976 3684 1187 3754 ἱμάτιον
1220 3684 1542 3738 ὑπελείπετο
1576 3684 1712 3755 πρὸς
1742 3684 1942 3754 ταφὴν,

366 3778 458 3831 καὶ
477 3775 565 3830 διὰ
593 3776 779 3830 τοῦτον
796 3775 1083 3829 ἀνάλωται·
1106 3774 1247 3828 λίνον
1278 3774 1406 3846 γὰρ,
1433 3775 1618 3846 φησὶν,
1648 3775 1946 3845 εἰργασμέ-

366 3887 456 3924 νον
497 3868 701 3933 λαϐὼν,
745 3868 818 3930 ὡς
851 3868 914 3940 δὴ
961 3867 1117 3937 χερσὶ
1162 3865 1271 3919 τῶν
1321 3866 1486 3920 αὑτοῦ
1546 3866 1946 3938 θεραπαινίδων

368 3959 667 4026 ἀποδείξων
716 3959 951 4029 ἱμάτιον,
999 3960 1146 4030 Ἴρου
1194 3975 1260 4029 με
1300 3958 1523 4031 παρεῖδε
1576 3957 1943 4029 γυμνότερον·

368 4051 562 4122 χρόνος
602 4052 787 4117 πολὺς,
817 4051 981 4120 φησι,
1018 4052 1112 4104 καὶ
1151 4053 1535 4123 παρατέταμαι
1562 4054 1680 4115 ταῖς
1712 4050 1944 4105 ἐλπίσιν.

369 4146 433 4198 Εἰ
464 4145 645 4197 τοίνυν
677 4161 759 4197 σοι
790 4144 940 4212 μέλει
964 4143 1066 4215 τὴν
1098 4145 1304 4197 ἐκείνου
1343 4143 1590 4213 γλῶτταν
1630 4143 1948 4214 πραοτέραν

370 4237 712 4309 ἐργάσασθαι
734 4238 829 4290 καὶ
859 4239 958 4300 τὰς
986 4236 1127 4307 ἐμὰς
1155 4236 1473 4308 ἐλευθεροῦν
1494 4238 1683 4303 ἀκοὰς,
1710 4235 1785 4300 ὡς
1808 4237 1949 4306 τάχα

372 4332 558 4400 πέμπε
595 4329 871 4399 θοιμάτιον
894 4343 907 4356 ·
933 4329 982 4381 εί
1020 4329 1076 4382 δὲ
1104 4329 1177 4399 μὴ
1201 4369 1214 4392 ,
1247 4328 1361 4381 ἀλλ’
1386 4328 1446 4381 ού
1474 4330 1622 4399 φέρω
1644 4328 1822 4396 λέγειν
1850 4328 1950 4380 ὅσα

371 4426 466 4475 καὶ
488 4422 691 4489 λέξειεν
710 4438 723 4451 ·
752 4421 827 4484 ὼς
851 4422 945 4474 καὶ
978 4420 1146 4492 μηδὲν
1180 4420 1319 4490 ἔχων
1353 4420 1602 4488 ἐγκαλεῖν
1628 4458 1645 4483 ,
1679 4419 1950 4490 φλυαρίαν

2046 3227 2319 3282 velocibus
2350 3227 2588 3283 assidere
2627 3242 2863 3298 semper,
2897 3228 3310 3284 etadulatornm
3347 3218 3465 3282 arte
3501 3240 3625 3282 ere-

2045 3328 2193 3373 ctum
2218 3317 2387 3374 fuisse
2408 3319 2496 3389 qui
2527 3320 2679 3390 prius
2698 3320 2873 3376 ventri
2906 3320 3243 3391 indulgebas.
3264 3319 3384 3377 Non
3408 3335 3622 3391 possem

2047 3427 2149 3466 una
2172 3412 2292 3468 vice
2322 3412 2505 3467 dicere
2537 3412 2797 3482 quidquid
2830 3426 2973 3482 saepe
2993 3414 3190 3483 smpius
3221 3415 3359 3469 meis
3399 3415 3623 3469 auribus

2047 3504 2366 3560 instillabat.
2432 3504 2571 3560 Audi
2623 3520 2892 3561 causam:
2939 3523 2958 3557 ι
2991 3505 3177 3562 Nudus
3230 3504 3391 3570 sum,
3429 3505 3623 3577 inquit,

2046 3604 2309 3663 quantum
2333 3595 2384 3648 in
2404 3609 2468 3650 eo
2496 3604 2598 3659 est,
2622 3609 2722 3665 ego
2753 3613 2768 3650 :
2800 3612 2964 3650 unum
2996 3596 3126 3651 mihi
3154 3606 3438 3666 supererat
3461 3599 3628 3651 vesti-

2048 3694 2287 3741 mentum
2311 3688 2378 3741 ad
2404 3688 2774 3757 sepulturam;
2813 3698 2864 3743 et
2891 3702 2989 3757 per
3011 3688 3171 3743 istum
3198 3688 3331 3742 mihi
3356 3689 3624 3758 perditum

2049 3777 2180 3845 fuit;
2220 3794 2342 3835 nam
2376 3780 2543 3835 linum
2569 3780 2923 3849 fabricatum,
2962 3788 3022 3835 ut
3045 3780 3247 3846 aiebat,
3302 3795 3522 3837 sumens
3569 3791 3629 3838 ttt

2048 3880 2195 3925 esset
2243 3872 2518 3941 specimen
2568 3881 2624 3928 et
2677 3873 2969 3943 exemplar
3013 3873 3324 3929 vestimenti
3377 3874 3627 3930 manibus

2050 3960 2376 4017 famularum
2411 3977 2632 4018 suarum
2662 3965 2903 4030 texendi,
2953 3964 3037 4020 lro
3072 3964 3361 4029 nudiorem
3384 3980 3471 4020 me
3505 3981 3626 4022 esse.

2050 4070 2155 4109 non
2203 4055 2437 4111 advertit
2466 4073 2483 4110 :
2505 4055 2618 4124 jam
2649 4056 2866 4127 longum
2905 4054 3110 4111 cllluxit
3140 4066 3375 4128 tempus,
3408 4069 3464 4114 ct
3504 4074 3630 4130 spes

2052 4161 2172 4201 mea
2205 4161 2422 4216 semper
2441 4146 2711 4203 diﬂ‘ertnr.
2746 4169 2772 4205 ,ι
2817 4148 2873 4203 Si
2898 4149 3063 4219 igitur
3082 4150 3219 4204 velis
3240 4152 3477 4221 linguam
3512 4151 3631 4220 ejus

2053 4242 2323 4296 mitiorem
2358 4243 2556 4307 facere,
2584 4252 2639 4296 et
2664 4256 2811 4296 meas
2842 4241 3072 4296 liberare
3101 4257 3281 4308 aures,
3331 4258 3493 4313 quam
3524 4246 3632 4299 cito

2053 4328 2206 4384 mitte
2230 4330 2612 4385 vestimentum
2642 4344 2657 4393 ;
2713 4330 2758 4384 si
2791 4344 2920 4393 non,
2970 4345 3076 4383 non
3114 4332 3266 4393 valeo
3296 4333 3476 4386 dicere
3503 4333 3630 4401 quid

2054 4417 2297 4471 dicturus
2325 4416 2417 4481 sit,
2459 4417 2585 4486 quia
2632 4417 2795 4470 etiam
2830 4432 2934 4471 non
2971 4418 3175 4472 habens
3199 4420 3343 4475 unde
3385 4421 3633 4476 incrimi-

372 4517 462 4569 τὸν
510 4513 623 4585 βίον
657 4513 987 4582 πεποίηται’
1023 4511 1151 4566 εἰδὲ
1193 4512 1286 4565 καὶ
1313 4511 1608 4583 προσλάϐοι
1636 4530 1687 4565 τι
1726 4494 1938 4565 δίκαιον

2055 4522 2234 4578 netur,
2283 4511 2336 4565 in
2366 4511 2696 4579 loquacitate
2731 4512 2893 4565 vitam
2928 4526 3079 4566 suam
3120 4513 3361 4581 reponit;
3424 4515 3468 4567 si
3502 4516 3632 4584 quid

374 4608 549 4671 εἴποις
577 4607 644 4661 ἂν
675 4605 840 4661 αὑτοῦ
864 4606 929 4675 τῇ
963 4604 1179 4677 γλώττῃ
1202 4604 1292 4657 τὸν
1319 4604 1490 4674 θυμὸν
1521 4606 1770 4657 ἐνοικεῖν.

375 4785 489 4842 Ξειν.
532 4788 768 4858 ΓΕΣΣΙῼ
814 4785 1311 4857 ιΑτΡυΣοψιΣτῃ
1370 4784 1567 4856 [Band.
1596 4784 1890 4857 ΓΕΝΗΣΙῼ
1915 4784 1949 4857 ιι

449 4880 660 4951 Ἦσοην
692 4880 774 4932 ὃτι
801 4879 891 4933 τὸν
921 4879 1084 4932 καλὸν
1113 4879 1385 4948 Δωρόθεον
1411 4878 1468 4930 ὃν
1496 4879 1624 4948 ὑμῖν
1658 4878 1744 4931 διὰ
1772 4896 1953 4949 γραμ-

380 4964 565 5041 μᾶτων
608 4971 913 5040 συνέστησα
955 4970 1245 5041 πρότερον,
1297 4968 1486 5022 τοῦτον
1535 4971 1599 5021 ἐκ
1649 4970 1953 5039 μεταϐολῆς

378 5062 529 5117 αὐτοί
559 5080 649 5133 μοι
677 5061 1036 5124 συνιστῶντες
1073 5063 1370 5131 ἐγράψατε.
1402 5062 1467 5114 Τί
1508 5063 1613 5132 γὰρ
1640 5062 1726 5131 εἴη
1770 5062 1955 5132 μεῖζον

378 5158 674 5227 τεκμήριον
713 5155 805 5208 τοῦ
837 5157 958 5209 κατ’
991 5155 1209 5213 ἐλπίδας
1235 5156 1367 5225 ἡμῖν
1405 5155 1655 5226 χωρῆσαι
1684 5155 1750 5208 τὰ
1775 5156 1956 5226 γράμ-
1990 5183 1995 5187 -

383 5248 767 5319 ματα;ἸΞλθὼν
805 5249 861 5300 δὲ
911 5248 1045 5318 πρὸς
1074 5250 1220 5317 ἡμᾶς
1247 5248 1399 5301 οὐδὲν
1438 5249 1595 5318 ἤθελε
1626 5248 1826 5316 λέγειν,
1850 5250 1880 5301 δ
1904 5266 1954 5300 τι

383 5341 458 5412 μὴ
501 5341 559 5394 σὲ
591 5341 761 5409 κάμοὶ
799 5340 1109 5409 χαριεῖσθαι
1149 5340 1340 5404 θέλων,
1393 5341 1490 5394 καὶ
1520 5343 1583 5412 τῇ
1625 5342 1811 5412 μνήμῃ
1848 5342 1955 5394 τῶν

383 5434 491 5488 σῶν
527 5434 972 5505 εὐφραινόμενος,
998 5432 1090 5485 καί
1118 5450 1176 5484 σε
1198 5433 1364 5485 πολὺν
1385 5433 1477 5485 ἐπὶ
1504 5434 1770 5503 στόματος
1797 5431 1952 5506 ἦγεν,

380 5524 455 5589 ὡς
496 5526 718 5590 εὔνουν,
760 5525 834 5588 ὡς
896 5514 1122 5593 ἀγαθὸν,
1162 5525 1236 5587 ὡς
1272 5523 1487 5595 γλώττῃ
1542 5525 1638 5578 καὶ
1673 5528 1818 5597 χειρὶ
1866 5528 1955 5580 τὸν

395 5621 719 5691 ’Λσκληπιὸν
748 5620 1171 5691 παρακείμενον.
1199 5621 1307 5673 Καὶ
1325 5618 1468 5672 οὕτω
1491 5620 1554 5688 δὴ
1577 5622 1637 5674 τὸ
1660 5624 1756 5691 τῆς
1783 5622 1955 5692 ίατρι-

385 5715 485 5783 uti};
522 5715 793 5785 αὐστηρὸν
817 5714 873 5766 αἱ
904 5712 1003 5783 τῆς
1044 5712 1315 5783 ὑμετέρας
1350 5712 1594 5782 γλώττης
1629 5714 1954 5784 παρεμυθή-

388 5821 544 5861 erato
601 5806 847 5879 χάριτες·
892 5802 1062 5857 ταῦτα
1086 5802 1332 5872 λέγοντος
1368 5801 1782 5875 προύλάμϐανον
1831 5802 1956 5866 τοὺς

2053 4614 2233 4656 autem
2263 4603 2394 4673 justi
2430 4602 2774 4672 proﬁteatur,
2812 4603 2962 4657 dicas
2984 4602 3060 4656 illi
3090 4604 3330 4658 aninuun
3363 4604 3415 4658 in
3451 4605 3631 4676 lingua

2054 4696 2310 4751 residere.

2444 4787 2630 4844 LXIV.
2672 4788 2917 4846 GESSIO
2948 4788 3221 4846 MEDICO.

2124 4883 2355 4938 Gavisus
2384 4897 2504 4937 sum
2524 4897 2591 4937 eo
2613 4884 2756 4952 quod
2784 4884 3064 4952 pulchrum
3090 4883 3442 4951 Dorotheum,
3470 4902 3632 4956 quem

2057 4976 2206 5031 vobis
2238 4991 2331 5046 per
2373 4976 2578 5031 litteras
2617 4977 3125 5031 commendaveram
3168 4978 3338 5045 prius,
3383 4982 3634 5034 eumdem

2056 5069 2173 5122 vice
2189 5083 2344 5122 versa
2361 5083 2456 5122 vos
2480 5068 2582 5136 ipsi
2613 5069 2741 5122 tnihi
2768 5068 2822 5125 in
2846 5069 3072 5138 epistola
3093 5070 3635 5127 commendavcritis:

2055 5159 2183 5228 qttid
2213 5161 2356 5214 enim
2391 5159 2562 5229 magis
2589 5161 2793 5215 indicet
2825 5160 3035 5215 litteras
3088 5172 3301 5216 nostras
3357 5176 3635 5234 speratum

2055 5253 2359 5307 obtinuisse
2388 5253 2742 5307 successum?
2798 5252 2869 5309 Ut
2892 5254 2959 5307 ad
2993 5270 3092 5310 nos
3122 5257 3391 5322 pervenit,
3423 5258 3640 5313 nolebat

2056 5346 2352 5415 quidquam
2376 5343 2579 5409 dicere,
2623 5344 2752 5412 quin
2783 5353 2832 5398 te
2866 5343 2998 5398 tttihi
3022 5344 3386 5413 gratissimum
3423 5347 3638 5405 clliccre

2058 5443 2303 5499 cuperet,
2360 5440 2686 5500 tuorumque
2718 5432 3105 5487 beneﬁciorum
3137 5435 3398 5488 memoria
3425 5435 3638 5491 laetare-

2058 5535 2179 5589 tur;
2216 5540 2278 5577 ac
2304 5533 2353 5577 te
2379 5522 2878 5592 freqttentissitnmn
2908 5524 2961 5577 in
2988 5538 3084 5578 ore
3109 5523 3358 5588 habebat,
3391 5535 3451 5580 ut
3474 5529 3639 5580 bene-

2057 5618 2260 5680 votum,
2323 5624 2382 5669 ut
2439 5615 2725 5684 optimum,
2788 5625 2846 5668 ιιι
2891 5615 3071 5684 lingua
3101 5624 3157 5669 et
3192 5633 3352 5669 manu
3387 5616 3636 5689 Εδυιιιῳί

2058 5710 2364 5779 proximum
2394 5726 2409 5763 :
2445 5724 2617 5779 usque
2635 5710 2771 5763 adeo
2800 5708 3083 5764 medicina!
3100 5709 3448 5777 asperitatem
3469 5713 3636 5767 vestri

2007 5795 2018 5804 ’
2061 5798 2327 5857 sermonis
2359 5799 2544 5870 gratiae
2585 5797 2979 5869 temperabant.
3024 5794 3173 5852 Talia
3222 5797 3492 5869 loquentis
3526 5802 3642 5858 clo-
