3978 6402
352 218 488 285 277i

1692 217 2040 279 PROCOPII
2080 219 2322 280 GAZxEI

3475 223 3610 289 Ξῖῗῖ

351 339 454 409 piis
515 348 616 403 ego
670 333 1106 404 praecurrebam,
1162 336 1474 406 priusquam
1540 335 1781 388 audirent
1849 345 1933 386 tua

2044 333 2300 398 ἐπαίνους
2343 335 2453 402 ἐγὼ
2487 335 2615 403 πρὶν
2643 333 2873 388 ἀκοῦσαι
2917 335 2985 388 τά
3016 333 3086 387 σά
3116 335 3494 406 διηγούμενος·
3527 343 3614 394 καὶ

353 439 580 479 ram-rans
599 435 682 489 ;et
715 441 728 478 :
771 443 788 476 ι
809 425 944 480 Eum
973 425 1081 482 fers
1103 427 1166 482 ad
1193 427 1394 496 glauca:
1408 427 1645 482 Palladis
1671 428 1882 492 urbem,
1909 444 1928 478 ι

353 515 426 568 illi
453 510 686 571 aiebam.
730 515 835 571 Sed
859 521 935 587 leo
963 519 1243 573 ardentior
1275 527 1414 585 eral,
1465 529 1519 574 et
1573 519 1780 588 aliquid
1810 519 1931 572 novi

350 595 409 660 se
433 607 632 660 addere
657 613 872 677 pdlans,
907 607 958 662 id
990 609 1130 678 apud
1167 625 1253 664 me
1279 608 1603 680 jampridem
1636 609 1933 677 repositum

353 698 681 762 inveniebat,
749 707 860 752 tum
916 699 1148 756 libenter
1180 701 1375 756 silebat
1431 701 1726 772 deinceps;
1785 711 1936 772 post-

351 804 516 857 quam
549 788 894 845 dictitaverat
918 806 978 846 se
1001 792 1207 862 gratias
1231 791 1432 846 habere
1459 792 1585 860 diis,
1607 792 1750 862 quod
1773 792 1933 847 talem

350 880 671 936 nbtinuisset
700 883 1043 954 magistrum,
1077 885 1144 939 de
1191 899 1298 953 quo
1347 887 1527 940 omnia
1564 885 1669 940 dici
1703 893 1936 955 possunt

349 984 400 1024 et
425 971 555 1026 nihil
584 987 782 1028 novum
799 974 1060 1030 nuntiari.
1088 976 1170 1031 Tu
1191 991 1320 1031 vero
1343 986 1394 1031 te
1421 985 1592 1032 totmn
1629 979 1694 1030 da
1721 977 1930 1048 juveni,

349 1063 438 1128 qni
471 1063 684 1120 etiamsi
715 1065 849 1120 nihil
878 1065 1022 1122 aliud
1051 1066 1300 1132 haberet,
1321 1077 1471 1124 certe
1498 1068 1600 1124 scit
1620 1067 1936 1124 meminisse

351 1153 780 1210 benefactorum.
1100 1137 1111 1148 ’

851 1247 1011 1305 LXV.
1053 1249 1424 1306 ANTIOCHO.

423 1338 692 1404 Quantum
730 1340 874 1395 circa
905 1350 956 1394 te
991 1356 1086 1410 spe
1121 1329 1391 1397 fallebar!
1475 1343 1740 1398 Putabam
1786 1344 1933 1398 enim

349 1441 422 1494 te,
468 1430 556 1484 vix
589 1445 618 1486 e
651 1432 956 1488 medicinali
1005 1433 1148 1488 victu
1201 1435 1510 1502 liberatum,
1564 1437 1631 1490 ad
1677 1451 1774 1491 nos
1805 1449 1936 1490 ven-

351 1534 529 1575 turum
570 1523 848 1594 deinceps,
876 1525 990 1582 sive
1008 1535 1066 1579 ut
1095 1526 1452 1597 phil050phiae
1484 1537 1535 1582 te
1556 1528 1714 1583 dares
1743 1544 1932 1594 secun-

350 1615 478 1668 dum
526 1625 614 1668 tua
663 1617 956 1686 promissa,
1015 1619 1144 1674 sive-
1173 1620 1435 1674 duntaxat
1483 1629 1540 1675 ut
1568 1635 1666 1674 nos
1694 1622 1930 1676 videres.

349 1705 429 1760 Tu
447 1721 574 1762 vero
599 1708 756 1763 nobis
778 1725 958 1766 moras
975 1711 1170 1775 nectis,
1191 1712 1576 1766 Alexandriam
1594 1711 1930 1778 desiderans,
1967 1689 2007 1744 Β

347 1804 402 1851 ct
441 1799 592 1867 quasi
622 1797 1061 1870 Lotoiibagorum
1121 1812 1282 1856 terrae
1337 1803 1629 1859 inliterens.
1675 1803 1780 1858 Sed
1813 1821 1930 1858 mea

347 1890 523 1959 gratia
561 1889 680 1944 sine
710 1889 1019 1947 Macedonis
1055 1893 1241 1948 urbem
1267 1895 1452 1948 multis
1476 1909 1704 1964 regnare
1731 1895 1932 1964 lepori-

349 1983 452 2038 bus
507 1993 562 2038 ct
614 1983 720 2039 Nili
773 1986 1048 2054 marisque
1117 1985 1525 2056 pulchritudine
1579 1989 1805 2059 gestire.
1875 1986 1931 2042 Si

350 2090 532 2134 tamen
556 2075 901 2150 hanc'ipsam
932 2080 1120 2135 urbem
1149 2080 1314 2136 Musae
1345 2081 1612 2148 habitant,
1653 2098 1738 2138 ine
1765 2085 1930 2136 etiam

348 2169 515 2225 habes
565 2170 934 2236 laudatorem;
997 2172 1094 2228 sed
1145 2172 1264 2229 haec
1299 2173 1413 2228 sint
1443 2175 1510 2228 ad
1542 2174 1936 2244 quiescendum

346 2263 488 2329 apud
531 2275 629 2317 nos
677 2271 734 2316 et
762 2263 1197 2332 amplectendam
1248 2265 1394 2320 illam
1433 2281 1596 2336 quam
1645 2281 1788 2335 saepe
1819 2281 1936 2334 spe-

349 2354 586 2408 ravimus
631 2353 1049 2424 philosophiam.
1094 2354 1236 2420 Ergo
1286 2357 1494 2427 reliqua
1552 2373 1731 2413 meras
1789 2359 1935 2411 velut

346 2446 581 2514 ineptias
615 2448 888 2518 rejiciens,
933 2449 1148 2505 imitare
1181 2451 1428 2520 Ulyssem
1476 2451 1541 2504 ad
1574 2466 1758 2506 veram
1789 2450 1932 2504 Itha-

347 2549 466 2587 cem
517 2535 852 2604 respiciens;
901 2551 966 2592 ac
999 2537 1130 2592 nihil
1189 2550 1239 2593 te
1285 2537 1564 2608 impediat,
1619 2554 1724 2592 non
1767 2538 1929 2604 lotus,

349 2643 454 2680 non
484 2625 664 2689 Circe,
689 2642 792 2680 non
828 2627 1080 2699 Calypso,
1113 2631 1208 2683 sed
1232 2637 1437 2698 quanto
1471 2630 1676 2700 majora
1709 2629 1866 2706 festini
1889 2643 1932 2683 ιε

347 2725 414 2773 ad
446 2721 660 2788 bravia,
687 2730 835 2776 tanto
867 2721 1210 2778 Laertiadem
1240 2738 1594 2794 superemus.

847 2813 1036 2870 LXVI.
1077 2814 1464 2871 STEPHANO.

417 2901 585 2966 Nihil,
623 2915 683 2959 ut
705 2904 938 2971 videtur,
964 2920 1074 2960 non
1107 2919 1335 2962 aureum
1364 2906 1544 2963 cernis
1574 2925 1588 2963 :
1624 2908 1726 2963 hoc
1749 2920 1930 2966 atatem

2038 423 2257 479 Γλαῦκα
2282 427 2468 496 φέρεις
2502 426 2784 496 Ἀθήναζε,
2804 427 2940 495 πρὸς
2967 425 3156 480 τοῦτον
3177 427 3358 496 ελεγον
3383 430 3613 500 μειδιῶν·

2037 517 2065 568 ό
2090 515 2144 567 δὲ
2175 516 2506 584 φιλονεικότε
2517 534 2608 588 ρος
2633 512 2723 588 ἦν,
2754 517 2852 572 καὶ
2884 517 3060 572 δοκῶν
3083 536 3136 572 τι
3165 519 3348 573 καινὸν
3373 522 3614 590 ἐπάγειν,

2044 609 2214 661 πάλαι
2248 609 2505 679 κείμενον
2532 608 2758 681 εὕρισκε
2787 609 2918 680 παρ’
2951 609 3094 681 εμοί.
3135 611 3247 664 Καὶ
3289 611 3406 683 μεθ’
3433 613 3618 685 ἡδονῆς

2035 700 2198 768 ἐσίγα
2238 702 2422 755 λοιπόν
2443 702 2636 773 ’ξχάριν
2667 701 2838 756 εἰπὼν
2860 701 3006 773 ἔχειν
3033 704 3147 766 τοῖς
3169 703 3343 769 θεοῖς,
3367 707 3418 758 εἰ
3443 705 3618 760 τοιοῦ-

2036 809 2126 845 τον
2165 792 2440 866 Δεὐτύχησε
2498 793 2822 847 διδάσκαλον
2845 810 2861 826 ο
2902 797 3033 865 περὶ
3077 789 3138 848 οὗ
3177 797 3276 849 καὶ
3327 797 3506 850 πάντα
3531 797 3618 851 λέο

2043 859 2181 950 γειν⁸
2198 859 2434 937 ἑστιν-καὶ
2469 883 2654 936 καινὸν
2677 859 3039 952 ἐπαγγέλλειν
3061 885 3240 940 οὐδέν·
3267 885 3404 940 ἀλλὰ
3430 887 3622 941 σαυτὸν

2038 972 2160 1026 ὅλον
2202 973 2386 1042 φέρων
2420 973 2603 1034 ἐπίδος
2633 973 2712 1040 τῷ
2743 973 2870 1044 νέῳ,
2901 973 2960 1037 δς
2995 975 3046 1026 εί
3082 975 3175 1028 καὶ
3207 978 3375 1047 μηδὲν
3415 971 3623 1050 ἕτερον,

2041 1067 2350 1138 μεμνῆσθαι
2375 1067 2504 1136 γοῦν
2533 1064 2639 1120 οἶδε
2665 1068 2773 1120 τῶν
2796 1067 2860 1122 εὖ
2886 1067 3205 1123 ποιούντων.

2571 1249 2697 1322 εει,
2766 1233 3095 1322 surrexe.

2111 1347 2282 1414 Ὅσης
2313 1345 2404 1396 ἐπὶ
2434 1343 2517 1396 σοὶ⁸
2545 1343 2648 1413 τῆς
2675 1343 2897 1408 ἐλπίδος
2938 1343 3279 1416 διήμαρτονῑ
3309 1343 3473 1416 ᾤμην
3521 1346 3628 1418 γάρ

2037 1455 2096 1492 σε
2147 1436 2302 1506 μόλις
2346 1436 2595 1506 ἰατρικῆς
2644 1435 2776 1504 ὕλης
2822 1435 3246 1506 ἀπηλλαγμένον
3295 1438 3438 1507 πρὸς
3481 1439 3624 1508 ἡμᾶς

2039 1531 2174 1585 ἰέναι
2225 1530 2441 1584 λοιπόν·
2493 1527 2604 1581 εἴτε
2655 1528 3096 1597 φιλοσοφήσαντα
3152 1529 3294 1582 κατὰ
3340 1528 3445 1592 τὰς
3498 1529 3627 1602 πρὶν

2036 1623 2398 1698 ὑποσχέσεις,
2436 1622 2548 1674 εἴτε
2581 1623 2675 1675 καὶ
2713 1621 2874 1690 μόνον
2917 1621 3217 1691 ὀψόμενον
3258 1621 3323 1675 σὺ
3352 1621 3411 1676 δὲ
3457 1639 3623 1676 κατα-

2036 1715 2233 1776 τείνεις
2275 1713 2450 1783 ἡμᾶς,
2497 1711 2597 1782 τὴν
2647 1709 3001 1782 Ἀλεξάνδρου
3053 1711 3256 1777 ποθῶν,
3304 1712 3402 1766 καὶ
3437 1712 3627 1782 ὥσπερ

2035 1803 2365 1873 λωτοφάγων
2408 1807 2512 1874 γῆς
2538 1803 2916 1874 ἀντεχόμενος.
2965 1802 3108 1857 Ἀλλ’
3149 1803 3285 1873 ἐμοῦ
3325 1803 3426 1873 μὲν
3457 1805 3624 1858 ἓνεκα

2035 1895 2242 1949 νικάτω
2269 1897 2455 1966 χάρισι
2487 1895 2710 1958 πολλαῖς
2747 1895 2840 1950 τοῦ
2871 1895 3185 1958 Μακεδόνος
3230 1899 3263 1968 ὴ
3317 1897 3499 1963 πόλις,
3529 1898 3626 1950 καὶ

2034 1989 2230 2042 Νείλου
2263 1990 2360 2043 καὶ
2383 1989 2653 2058 Θαλάττης
2675 1987 2848 2058 ἐχέτω
2872 1986 3053 2050 καλῶς
3071 2005 3086 2020 ο
3115 1989 3166 2041 ει
3189 1989 3248 2043 δὲ
3283 1989 3382 2042 καὶ
3409 1988 3626 2044 Μοῦσαι

2034 2083 2240 2152 ταύτην
2267 2082 2528 2146 οἰκοῦσιν,
2555 2082 2699 2152 ἔχεις
2726 2081 3053 2137 ἐπαινοῦντα
3075 2081 3221 2152 κάμέ
3240 2097 3257 2113 ⁶
3280 2083 3420 2136 ἀλλά
3449 2079 3625 2137 ταῦτα

2037 2172 2173 2242 πρὸς
2199 2173 2301 2242 τὴν
2333 2173 2464 2242 παρ’
2511 2173 2644 2243 ἡμῖν
2676 2170 2908 2243 ήσυχίαν
2949 2173 3047 2226 καὶ
3077 2171 3174 2243 τὴν
3211 2173 3538 2242 φιλοσοφίαν
3560 2172 3625 2244 ἦν

2037 2261 2298 2324 πολλάκις
2339 2260 2686 2332 ἠλπίκαμενο
2742 2259 2939 2314 ούκοῦν
2991 2261 3164 2315 τᾶλλα
3214 2261 3473 2333 καθάπερ
3507 2263 3628 2318 τινὰ

2037 2353 2307 2426 φλυαρίαν
2361 2355 2813 2424 ἀποσεισάμενος,
2852 2353 3023 2425 μιμοῦ
3068 2354 3330 2408 Ὀδυσσέα
3359 2355 3503 2426 πρὸς
3527 2355 3627 2425 τὴν

2037 2445 2207 2509 ὅντως
2265 2443 2476 2513 Ἰθάκην
2519 2445 2682 2515 ὀρῶν.
2736 2445 2844 2497 Καὶ
2908 2444 3074 2514 μηδέν
3123 2461 3182 2498 σε
3221 2444 3516 2508 κωλυέτω,
3553 2445 3630 2517 μὴ

2035 2537 2234 2598 λωτὺς,
2271 2537 2347 2604 μὴ
2380 2537 2582 2606 Κίρκη,
2613 2534 2688 2606 μὴ
2729 2535 2974 2606 Καλυψώ
2994 2553 3007 2566 -
3057 2535 3173 2590 ἀλλ’
3206 2538 3316 2608 ὅσῳ
3343 2539 3478 2610 περὶ
3512 2556 3630 2608 μει-

2036 2631 2205 2696 ζόνων
2231 2630 2427 2702 ἐπείγῃ
2459 2629 2565 2684 τῶν
2595 2629 2794 2694 ἄθλων,
2820 2629 3073 2684 τοσοῦτον
3098 2630 3341 2702 Λαέρτου
3386 2635 3630 2703 νικήσωι

2039 2739 2162 2794 μεν.

2566 2813 2706 2880 Ξεῖν.
2746 2813 3082 2885 meum).

2109 2907 2296 2972 Οὐδὲν,
2320 2906 2394 2969 ὡς
2417 2904 2614 2971 ἔοικεν,
2648 2906 2676 2958 ὅ
2705 2921 2757 2957 τι
2779 2905 2856 2975 μὴ
2876 2907 3101 2976 χρυσίον
3129 2907 3262 2978 ὁρᾷς
3285 2922 3299 2936 ο
3327 2905 3454 2976 ἄγει
3483 2907 3541 2960 δέ
3567 2922 3630 2960 σε

347 2993 526 3061 ipsum
562 3005 611 3048 te
645 2994 857 3049 extollit
889 3006 944 3050 et
982 2997 1183 3050 elatum
1217 2995 1369 3064 facit,
1401 3008 1455 3053 et
1484 3000 1693 3054 auratis
1743 3001 1933 3073 imagi-

2040 3000 2174 3054 αὐτὸ
2201 3001 2297 3053 καὶ
2352 3001 2500 3052 ποιεῖ
2541 2983 2858 3069 μετάρσιον,
2887 2999 2983 3052 καὶ
3009 2997 3228 3070 χρυσῶν
3261 2997 3505 3053 εἰδώλων
3532 3002 3626 3055 ἀν·-

347 3088 510 3142 nibus
545 3095 689 3142 tuam
727 3087 913 3159 lmplet
966 3089 1428 3160 imaginationem.
1501 3089 1579 3145 Ex
1641 3107 1749 3161 quo
1788 3094 1932 3147 enim

350 3181 446 3234 tibi
475 3180 540 3234 ad
565 3185 931 3238 excusandam
973 3198 1178 3238 moram
1205 3183 1401 3253 scripsi
1431 3197 1535 3237 non
1563 3186 1744 3239 omnia
1779 3184 1937 3240 nollis

347 3273 482 3329 dare
514 3273 980 3342 circumstantias,
1030 3275 1126 3332 sed
1179 3289 1241 3330 ea
1279 3291 1400 3345 quae
1434 3277 1500 3330 ad
1553 3277 1934 3332 necessitatem

352 3367 523 3418 I'atum
549 3378 827 3420 mensurat
853 3365 972 3437 (per
999 3366 1380 3421 necessitatem
1421 3365 1800 3436 intelligendo,
1828 3383 1934 3421 non

344 3458 668 3524 divitiarum
701 3461 1008 3528 penuriam,
1059 3461 1156 3517 sed
1198 3460 1325 3514 illud
1383 3461 1436 3514 in
1489 3463 1684 3530 quoda
1717 3461 1935 3515 fortuna

351 3550 660 3620 ducimur);
688 3561 741 3605 tu
777 3552 828 3606 in
856 3567 1046 3608 aurum
1079 3563 1222 3608 tctus
1245 3553 1512 3619 insiliens,
1541 3554 1668 3607 mihi
1698 3555 1934 3624 emupati

351 3640 626 3694 \idebaris
665 3642 950 3712 indigenti,
995 3652 1050 3698 et
1081 3644 1367 3712 qumrebas
1407 3643 1574 3698 solari
1605 3644 1936 3699 conferendo

352 3731 751 3800 philosophiam
788 3733 1018 3798 divitiis,
1061 3734 1292 3804 perinde
1319 3751 1384 3790 ae
1435 3735 1480 3790 si
1525 3751 1626 3805 ego
1660 3753 1934 3807 gemerent

351 3825 493 3892 quod
524 3841 628 3879 non
652 3823 830 3881 ϐιαιεί
864 3827 1084 3883 talentis
1100 3828 1369 3882 abundent
1405 3845 1418 3881 :
1456 3809 1934 3884 hunetibisonum

352 3930 515 3969 aures
540 3926 852 3982 susurrant,
889 3928 944 3972 et
982 3933 1171 3973 omnes
1193 3919 1259 3973 de
1277 3933 1410 3973 auro
1443 3919 1727 3989 loquentes
1747 3920 1936 3976 audire

355 4007 446 4060 tibi
469 4007 687 4062 videris.
708 4007 872 4075 Quid,
905 4024 1002 4079 per
1021 4008 1236 4076 Jovem,
1264 4021 1316 4065 te
1347 4010 1400 4066 in
1438 4011 1742 4081 hujusmodi
1769 4013 1938 4066 bene-

355 4099 640 4154 \ulcttliam
671 4102 924 4156 induxit?
954 4102 1235 4168 Quomodo
1261 4117 1355 4164 ,me
1386 4117 1703 4158 excusarem
1741 4120 1769 4157 a
1801 4102 1936 4159 scii-

353 4193 511 4246 bendi
551 4209 722 4260 mora,
752 4195 994 4263 pecuniae
1038 4195 1396 4264 indigentiam
1435 4195 1762 4265 allegando?
1813 4205 1935 4249 Ian-

263 4274 271 4281 ”
352 4299 513 4351 quam
547 4287 593 4340 si
634 4287 800 4341 multo
832 4285 1212 4348 circumﬂuere
1251 4302 1392 4351 auro
1437 4288 1656 4341 deberet
1689 4289 1778 4355 qui
1830 4289 1936 4356 epi-

2037 3089 2239 3161 έπληοέ
2274 3107 2368 3144 σου
2396 3088 2488 3142 τὸν
2521 3086 2667 3142 νοῦν.
2712 3088 2877 3157 Ἐμοῦ
2909 3088 3018 3160 γάρ
3043 3107 3125 3143 σοι
3156 3090 3288 3164 περὶ
3308 3089 3513 3162 σχολῆς
3537 3107 3628 3160 γε·

2037 3181 2335 3250 γραφὸτος,
2371 3179 2446 3242 ὼς
2467 3179 2528 3232 οὑ
2568 3177 2748 3232 πάντα
2783 3179 2998 3233 δίδωσιν
3023 3183 3156 3252 ἡμῖν
3181 3185 3210 3236 ό
3243 3182 3460 3253 καιρὸς,
3509 3179 3628 3236 ἀλλ’

2037 3275 2140 3327 ὅσα
2176 3272 2314 3344 πρὸς
2341 3272 2439 3341 τὴν
2461 3271 2652 3342 χρείαν
2680 3273 2894 3346 ἀνάγκη
2924 3276 3132 3344 μετρεῖ,
3167 3273 3264 3326 καὶ
3295 3273 3495 3346 χρείαν
3546 3276 3623 3327 εί-

2038 3363 2258 3427 πόντος,
2295 3363 2356 3415 οὐ
2409 3363 2506 3434 τὴν
2545 3361 2646 3417 τῶν
2703 3364 3006 3436 χρημάτων
3033 3363 3264 3430 ἔνδειαν,
3299 3365 3418 3418 ἀλλ’
3446 3365 3534 3435 ἐφ’
3580 3358 3630 3434 ᾧ

2038 3456 2168 3526 περὶ
2198 3456 2294 3524 τῆς
2320 3454 2488 3525 τύχης
2517 3456 2790 3526 ἀγόμεθα,
2822 3456 2886 3510 σὺ
2935 3457 3074 3528 πρὸς
3121 3456 3184 3510 τὸ
3211 3457 3438 3528 χρυσίον
3490 3456 3626 3522 ὅλως

2037 3548 2307 3617 ὁρμήσας,
2334 3549 2428 3600 καὶ
2461 3546 2820 3618 συνάχθεσθαί
2850 3564 2941 3618 μοι
2994 3547 3202 3610 ἐδόκεις
3229 3549 3411 3618 ἠπορη
3422 3547 3572 3618 μένῳ
3598 3562 3610 3574 ·

2036 3639 2132 3692 καὶ
2164 3637 2519 3709 παραμυθίαν
2559 3638 2797 3709 ἐζήτεις,
2846 3640 2945 3709 τὴν
3003 3638 3329 3707 φιλοσοφίαν
3364 3637 3620 3692 ἀντιτάτ-

2035 3747 2145 3784 των
2173 3733 2286 3792 τοῖς
2318 3731 2636 3801 χρήμασιν·
2663 3730 2739 3793 ὡς
2771 3730 2906 3800 ὲμοῦ
2957 3729 3025 3801 δὴ
3061 3730 3366 3795 στένοντος,
3407 3730 3491 3783 ὅτι
3547 3730 3622 3800 μὴ

2034 3825 2147 3885 τοῖς
2179 3822 2412 3893 Κροίσου
2469 3821 2753 3885 ταλάντοις
2799 3821 3126 3892 ἁϐρύνομαι,
3173 3819 3317 3874 οὕτω
3363 3820 3620 3892 περισομο

2037 3913 2123 3966 δεῖ
2161 3930 2254 3966 σου
2283 3912 2353 3966 τὰ
2379 3906 2515 3978 ὦτα,
2563 3914 2659 3967 καὶ
2681 3911 2900 3968 πάντων
2932 3913 3110 3976 δοκεῖς
3158 3912 3384 3983 χρυσίον
3428 3913 3619 3982 λεγόν-

2035 4020 2144 4056 των
2178 4002 2432 4056 ἀκούειν’
2462 4003 2517 4056 τί
2545 4002 2652 4072 γάρ
2685 4019 2770 4069 σε,
2802 4003 2938 4074 πρὸς
2968 4002 3110 4066 Διὸς,
3154 4001 3249 4055 ἐπὶ
3287 4002 3495 4072 ταύτην
3526 4003 3624 4053 ἐπ-

2036 4095 2139 4165 ῆγε
2167 4093 2264 4166 τὴν
2285 4093 2530 4160 εύνοιαν;
2557 4093 2590 4164 ἢ
2617 4093 2732 4157 πῶς
2753 4091 2820 4146 ἂν
2850 4093 3235 4164 ἀπελογούμην
3268 4095 3400 4164 περὶ
3427 4093 3520 4147 τοῦ
3545 4093 3630 4164 μὴ.

2037 4187 2270 4258 γράφειν
2309 4185 2601 4250 ἐπιστολὰς
2629 4183 2928 4258 χρημάτων
2981 4184 3188 4240 ἔνδειαν
3239 4185 3615 4257 προϐαλλόμε-

2037 4295 2162 4345 νος;
2188 4279 2264 4342 ὡς
2313 4277 2432 4330 δέον
2475 4275 2658 4347 πολλῷ
2691 4276 3092 4347 καταρρεῖσθαι
3123 4276 3331 4350 χρυσίῳ
3375 4279 3468 4330 τὸν
3503 4275 3621 4329 ἐπι-

315 4381 327 4390 ’
354 4379 546 4432 stolam
575 4379 778 4444 mittit;
814 4379 944 4444 imo,
973 4380 1016 4436 si
1037 4381 1253 4448 quidem
1277 4381 1478 4450 aliquid
1505 4381 1672 4444 aliud,
1695 4380 1933 4436 scribere

2044 4369 2353 4424 στέλλοντα.
2386 4369 2496 4422 Καὶ
2530 4367 2636 4439 μὴν
2694 4367 2854 4438 είπερ
2881 4384 2935 4420 τι
2964 4367 3056 4420 καὶ
3109 4368 3258 4431 ἄλλο,
3297 4370 3356 4422 τὸ
3386 4369 3620 4440 γράφειν

352 4481 434 4526 est
465 4471 835 4540 independens
871 4481 924 4526 et
962 4487 990 4524 a
1027 4471 1164 4525 Pluti
1211 4471 1418 4526 ditione
1459 4471 1710 4527 liberum.
1753 4471 1937 4540 Itaque

356 4581 507 4620 mens
541 4575 628 4618 tua
661 4565 917 4634 passione
951 4563 1202 4618 laborare
1234 4563 1470 4629 videtur,
1500 4579 1620 4618 nam
1651 4563 1934 4622 inclinatio

355 4659 406 4712 in
440 4658 645 4728 aliquid
673 4657 854 4711 omnia
886 4655 938 4710 iu
971 4660 1072 4710 hoc
1100 4655 1390 4722 convertit,
1441 4663 1496 4708 et
1527 4655 1740 4710 illusam
1772 4657 1940 4711 habet

353 4751 616 4805 auditum.
642 4751 718 4804 Ac
743 4763 934 4804 vereor
961 4764 1048 4812 ne,
1082 4749 1126 4802 si
1161 4747 1229 4803 de
1254 4747 1364 4819 lyra
1399 4746 1592 4818 loqnar
1630 4747 1709 4802 vel
1735 4763 1935 4818 equum

354 4843 650 4906 nominem,
704 4850 756 4896 tu
788 4855 976 4895 rursus
1007 4855 1198 4894 aurum
1230 4840 1418 4896 audire
1451 4840 1545 4894 tibi
1580 4839 1835 4903 videaris,
1877 4850 1934 4894 et

355 4934 490 4989 alios
512 4935 677 4988 solari
709 4949 962 5002 quaerens
1009 4933 1126 5003 ipse
1155 4933 1362 4987 medico
1391 4947 1570 5003 egeas.
1631 4931 1723 4988 Sic
1759 4933 1937 5002 pueri-

357 5030 478 5082 liter
509 5037 687 5081 terum
712 5027 900 5082 ludere
923 5035 1147 5081 coactus
1171 5040 1313 5090 sum,
1342 5026 1586 5091 meisque
1603 5025 1825 5080 -litteris
1851 5025 1935 5080 iu-

355 5134 538 5175 serere
575 5120 719 5174 risus
765 5136 903 5189 quos
932 5119 1151 5176 eohibui
1188 5129 1335 5172 tuam
1365 5118 1593 5188 legendo
1625 5117 1932 5186 epistolam.

357 5213 436 5267 Tu
466 5227 614 5274 vero,
635 5211 807 5266 detua
842 5212 1096 5282 passione
1123 5211 1404 5279 paululum
1429 5213 1732 5276 remittens,
1758 5211 1935 5265 scribe

355 5305 614 5373 deinceps
644 5303 1030 5373 sapientiorem
1063 5303 1371 5372 epistolam.

869 5483 1078 5542 LXV”.
1119 5485 1435 5542 DlODORO.

429 5579 862 5636 Timidissimum
882 5579 1227 5634 Timotheum
1263 5594 1358 5634 sua
1389 5579 1604 5648 quidem
1633 5577 1841 5632 indoles
1869 5577 1933 5631 ad

358 5672 598 5739 quieti-nt
631 5672 843 5738 inritat,
877 5670 1102 5728 molesta
1142 5685 1266 5728 vero
1302 5669 1514 5726 fortuna
1550 5671 1653 5726 vim
1695 5670 1931 5726 inferens

2041 4462 2343 4532 αὐτόνομόν
2369 4462 2428 4516 τέ
2445 4460 2675 4516 ἐστικαὶ
2698 4460 2799 4531 τῆς
2821 4462 2886 4514 ὲκ
2907 4460 3002 4514 τοῦ
3036 4460 3269 4515 πλούτου
3301 4461 3618 4524 δυναστείας

2039 4557 2362 4629 ἐλεύθερονο
2391 4555 2534 4611 οὕτω
2593 4572 2676 4610 σοι
2714 4555 2785 4608 τὰ
2828 4554 2930 4625 τῆς
2961 4547 3199 4619 διανοίας
3255 4555 3358 4608 ὑπὸ
3392 4556 3487 4610 τοῦ
3519 4555 3618 4608 πά-

2041 4649 2166 4712 θους
2199 4650 2484 4720 ἐλέγχεται
2511 4664 2524 4678 ο
2549 4647 2786 4720 ρέψασαι
2822 4646 2931 4717 γὰρ
2978 4647 3215 4700 ἐνταῦθα
3264 4647 3446 4700 πάντα
3484 4646 3616 4714 πρὸς

2037 4743 2199 4796 τοῦτο
2221 4744 2527 4812 μεταποιεῖ,
2555 4743 2649 4794 καὶ
2668 4739 3140 4811 συναπατωμένην
3157 4739 3270 4810 ἔχει
3293 4739 3390 4810 τὴν
3409 4741 3578 4809 ἀκοήν
3597 4752 3611 4768 '

2039 4834 2136 4889 καὶ
2168 4833 2402 4898 δέδοικα,
2431 4833 2506 4904 μὴ
2529 4833 2634 4886 κᾶν
2649 4831 2844 4903 λυρίαν
2866 4833 3005 4886 εἴπω
3021 4832 3125 4886 κᾶν
3150 4832 3315 4886 ἵππον
3341 4832 3610 4902 ὀνομάσω,

2039 4929 2203 4983 πάλιν
2233 4928 2404 4994 δόξεις
2433 4926 2656 4998 χρυσίον
2685 4925 2906 4981 ἀκούειν
2929 4941 2944 4956 ⁸
2977 4926 3070 4979 καὶ
3103 4926 3230 4988 τοὺς
3283 4924 3476 4988 ἄλλους
3508 4941 3610 4976 πα-

2039 5021 2477 5094 ραμυθούμενος,
2509 5018 2673 5081 αὐτὸς
2701 5017 2874 5092 δεήσῃ
2886 5017 2979 5070 τοῦ
2995 5016 3420 5088 θεραπεύοντος·
3441 5013 3608 5069 ταῦτα
3670 5008 3679 5015 ’

2037 5113 2256 5178 παίζειν
2300 5109 2552 5182 ὑπήχθην
2583 5108 2722 5180 πρὸς
2753 5108 2834 5174 σὲ,
2872 5109 2966 5162 καὶ
3015 5109 3128 5172 τοῖς
3171 5107 3496 5178 γράμμασιν
3525 5109 3607 5159 ἐν·

2036 5191 2208 5259 θεῖναι
2230 5203 2321 5256 τὸν
2358 5203 2594 5270 γέλωτα,
2613 5201 2671 5254 ὃν
2693 5201 2935 5268 ὑπέστην
2975 5198 3366 5268 ἀναγινώσκων
3396 5217 3487 5253 σου
3515 5197 3606 5267 τὴν

2036 5298 2332 5364 ἐπιστολὴν
2357 5312 2370 5324 θ
2403 5297 2468 5348 σὺ
2503 5293 2560 5346 δὲ
2592 5293 2789 5364 μικρὸν
2833 5293 2928 5346 τοῦ
2962 5291 3169 5356 πάθους
3197 5293 3400 5360 ἐνδοὺς,
3434 5290 3604 5363 γράφε

2035 5390 2223 5443 λοιπὸν
2257 5387 2640 5457 σωφρονοῦσαν
2673 5385 2981 5454 ἐπιστολήν.

2067 5547 2070 5551 ι
2580 5478 2703 5532 ΞΖ’.
2755 5475 3054 5548 ΔΙΟΔΩΡῼ.

2119 5573 2223 5625 Τὸν
2259 5571 2654 5623 εὐλαϐέστατον
2689 5568 2952 5640 Τιμόθεον
2981 5567 3040 5621 τὸ
3093 5567 3192 5638 μὲν
3251 5569 3438 5639 σχῆμα
3475 5565 3604 5637 πρὸς

2043 5663 2276 5737 ἡσυχίαν
2309 5663 2482 5730 καλεῖ,
2513 5661 2580 5716 τὰ
2613 5662 2666 5715 δὲ
2683 5661 2780 5732 τῆς
2807 5661 2978 5732 τύχης
3003 5659 3226 5732 λυπηρά
3255 5661 3352 5733 τὴν
3373 5661 3604 5730 ἀνάγκην
