3978 6420
1906 118 1932 125 νς

373 238 521 303 2773

1675 236 2025 299 PROCOPII
2065 232 2307 299 GAZJSI

3487 234 3623 297 2776

373 347 675 416 priesettim
712 362 833 405 cum
876 354 1152 432 contraria
1186 348 1295 404 sint
1323 357 1587 419 tempora.
1630 350 1733 404 Sed
1776 350 1956 405 fruere

2077 351 2317 419 ρροντίδα
2336 368 2349 387 ε
2391 349 2484 402 καὶ
2512 347 2686 402 ταῦτα
2718 348 2808 402 τοῦ
2844 348 3037 418 καιροῦ
3066 347 3164 418 τὴν
3194 345 3442 400 ἐναντίαν
3469 346 3625 399 ἐλαύ-

308 493 321 502 _
381 442 487 495 tuis
535 442 828 497 virtutibus
867 450 921 496 et
968 442 1179 497 fructus
1237 456 1304 496 ex
1357 450 1444 495 tua
1510 442 1775 510 sapientia
1827 443 1955 499 urbs

377 529 657 598 percipiat.
695 514 822 583 Mihi
863 539 1044 584 autem
1089 529 1370 585 molestum
1397 537 1482 585 est
1508 530 1741 600 patriam
1777 531 1957 602 despi-

377 636 503 676 cere
543 636 663 691 qua:
705 636 736 676 a
777 622 928 677 vobis
975 622 1187 692 accepit
1220 622 1545 691 exemplum.
1590 622 1648 677 Si
1691 623 1835 678 enim
1862 639 1957 679 vos

380 712 561 767 omnia
594 712 818 766 tentatis
846 713 909 765 ad
942 699 1310 767 illustrandam
1336 713 1481 765 illam
1499 727 1618 782 qua-
1638 728 1730 767 vos
1750 713 1955 782 genuit,

380 810 650 870 quomodo
677 818 779 876 nqn
816 803 955 859 bene
982 803 1112 857 mihi
1137 812 1283 859 esset
1312 818 1374 858 ea
1402 802 1585 858 facere
1613 820 1729 873 quae
1758 804 1960 869 facien-

383 904 464 948 trs
493 909 585 949 vos
615 894 879 949 laudavi?
912 893 1017 948 Sed
1044 902 1099 948 et
1143 893 1273 947 mibi
1307 908 1571 961 usurpare
1599 896 1744 963 quod
1779 894 1956 948 felici-

384 997 466 1039 ter
513 986 749 1041 obtinuit
778 985 936 1051 alter,
979 1000 1008 1039 a
1059 986 1366 1041 rationabili
1414 984 1706 1041 alIeCtioue
1751 986 1960 1040 videtur

385 1075 642 1130 alienum.
674 1075 889 1143 Retine,
917 1092 948 1131 ο
978 1078 1202 1147 optime,
1231 1086 1374 1131 tuam
1407 1079 1459 1132 in
1488 1092 1574 1133 me
1602 1093 1666 1132 ac
1693 1079 1743 1132 in
1770 1078 1958 1132 urbem

385 1164 838 1222 benevolentiam.

931 1256 1120 1313 LXXI.
1166 1257 1422 1314 ORIOM.

459 1345 652 1404 Inutile
685 1360 813 1419 puto
851 1353 1095 1407 scribere
1123 1350 1327 1406 homini
1350 1353 1442 1421 qui
1471 1351 1750 1421 appulsum
1778 1352 1844 1406 ad
1868 1366 1962 1407 vos

387 1440 588 1509 cogitat
620 1440 823 1508 facere,
848 1453 905 1498 ut
938 1434 1452 1516 hymcnzeumcanat
1484 1445 1829 1513 pulchraeque
1850 1444 1962 1497 vir-

385 1532 526 1599 ginis
561 1533 654 1588 ﬁat
695 1550 948 1603 sponsus.
985 1535 1197 1593 Justum
1247 1545 1334 1591 est
1363 1545 1634 1591 amantem
1675 1535 1778 1590 sibi
1812 1550 1962 1591 com-

385 1622 601 1689 placere
651 1624 703 1678 in
753 1624 911 1681 laude
950 1628 1157 1702 amicae,
1188 1628 1257 1682 ob
1283 1643 1448 1697 quam
1486 1628 1682 1681 absens
1709 1636 1957 1697 corpbre,

387 1727 572 1767 amore
598 1713 648 1768 in
686 1725 862 1772 mente
891 1698 1149 1788 trepidas.
1192 1719 1273 1774 Ad
1303 1734 1401 1774 nos
1430 1720 1663 1775 moveris
1705 1729 1754 1774 et
1793 1736 1957 1789 parva
1989 1698 2035 1758 Β

388 1803 482 1859 tibi
508 1806 761 1861 videntur
804 1811 1093 1879 praesentia
1126 1812 1376 1867 humanm
1417 1812 1696 1867 felicitatis
1736 1813 1955 1870 indicia.

387 1894 513 1950 Sola
547 1896 640 1952 tibi
675 1900 801 1954 urbs
822 1899 976 1955 locus
1003 1915 1123 1956 esse
1152 1903 1364 1957 videtur
1400 1915 1613 1959 tuarum
1642 1905 1958 1960 deliciarum

386 1997 441 2040 et
470 1986 729 2059 Byzantio
766 1992 875 2047 fere
898 1993 1279 2052 venerabilior.
1305 1998 1492 2053 Timeo
1523 2013 1591 2052 ne
1616 1998 1792 2053 multo
1809 1997 1960 2053 desi-

387 2080 536 2137 derio
555 2096 932 2155 evanescente,
956 2104 1130 2160 neque
1152 2092 1340 2147 amicis
1359 2092 1682 2156 valedicens,
1697 2092 1877 2147 subito
1893 2092 1961 2146 ad

387 2187 485 2227 nos
533 2173 767 2232 mittaris
816 2181 1177 2249 navigationis
1215 2182 1630 2239 diuturnitatem
1674 2200 1958 2240 accusans.

387 2264 494 2321 Sed
538 2268 655 2326 haec
711 2273 928 2342 quidem
964 2275 1290 2334 ludentium.
1327 2278 1409 2333 Tu
1451 2290 1632 2334 autem
1670 2279 1961 2349 aliquando

386 2361 618 2427 sapienti
647 2366 875 2423 consilio
914 2368 1116 2426 redibis
1148 2373 1212 2425 ad
1247 2371 1480 2428 ﬁliorum
1527 2373 1962 2445 procreationem

384 2462 563 2509 actus.
1507 2463 1516 2471 ’

875 2638 1082 2695 LXXII.
1113 2641 1484 2700 ANATOLIO.

462 2728 626 2785 Multa
684 2740 810 2787 sunt
855 2733 983 2787 mihi
1030 2734 1287 2802 praeclara
1327 2751 1449 2806 qua:
1495 2739 1733 2794 educant
1778 2736 1965 2792 adole-

388 2832 660 2889 scentem;
697 2826 931 2895 primum
972 2838 1027 2883 ct
1052 2828 1269 2898 quidem
1300 2828 1593 2881 maximum
1627 2838 1819 2882 vestrae
1846 2830 1961 2897 pie-

394 2916 524 2970 tatis
553 2916 747 2972 litterae
774 2934 788 2983 ;
832 2920 1028 2973 deinde
1056 2920 1229 2974 bonus
1254 2929 1405 2989 pater
1423 2933 1452 2972 a
1477 2920 1647 2989 prima
1672 2921 1962 2987 experien-

2060 457 2240 503 νοντος
2275 457 2288 470 ·
2324 439 2437 493 ἀλλ’
2463 439 2613 492 ὄναιο
2638 440 2732 492 καὶ
2751 440 2813 493 σὺ
2852 439 3076 503 σαυτοῦ,
3108 438 3202 491 καὶ
3238 438 3336 506 τῆς
3368 439 3469 509 σῆς
3499 455 3628 508 προσ

2060 532 2210 593 νοίας
2240 532 2270 601 ἡ
2302 531 2457 594 πόλις
2490 548 2503 561 ·
2545 531 2669 600 ἐμοὶ⁸
2706 530 2759 582 δὲ
2799 530 2938 601 βαρῦ
2980 529 3240 600 πατρίδος
3270 528 3544 597 ὐπερορᾷν
3571 525 3629 591 ἐξ

2061 622 2216 692 ὑμῶν
2272 621 2489 675 λαϐόντι
2553 621 2932 692 παράδειγμα.
2993 622 3056 673 Εἰ
3099 622 3211 690 γὰρ
3244 621 3399 689 ὑμεῖς
3453 618 3629 670 πάντα

2064 712 2382 785 μηχανᾶσθε
2441 714 2670 783 κοσμεῖν
2697 712 2796 780 τὴν
2824 710 3152 777 ἐνεγκοῦσαν
3191 712 3451 779 οἰόμενοι,
3513 708 3627 770 πῶς

2060 807 2129 860 ἂν
2163 806 2278 876 ἔχοι
2328 804 2508 868 καλῶς
2536 804 2659 872 ἐμοὶ
2707 804 2781 874 μὴ
2820 803 2995 857 ταῦτα
3027 805 3201 856 ποιεῖν
3236 803 3321 871 ἐφ’
3367 798 3451 864 οἷς
3486 801 3628 869 ὑμᾶς

2062 899 2305 970 ἐπῄνεσα
2333 899 2702 968 πράττοντας;
2725 896 2862 950 ἀλλὰ
2891 898 2985 949 καὶ
3002 898 3269 949 εἰσποιεῖν
3300 894 3536 963 ἐμαυτόν
3556 894 3633 955 εἰς

2060 990 2229 1043 τόπον
2255 990 2314 1043 ὃν
2367 989 2666 1059 εὐτύχησεν
2716 990 2924 1057 ἕτερος,
2961 988 3184 1057 λογικῆς
3243 987 3635 1047 καταστάσεως

2066 1081 2352 1151 ἀλλότριον
2390 1078 2711 1134 εἷναιδοκῶο
2746 1081 2861 1135 ἀλλ’
2880 1078 3184 1149 εὐτυχοίης,
3220 1072 3265 1129 ὧ
3289 1080 3506 1148 ἄριστε,
3542 1076 3637 1144 τῆς

2064 1174 2145 1237 εἰς
2178 1174 2279 1243 ἐμὲ
2311 1173 2404 1226 καί
2427 1173 2524 1245 τὴν
2554 1174 2708 1227 πόλιν
2742 1174 2914 1239 αὐτὴν
2946 1171 3341 1243 προαιρέσεως.

2651 1266 2773 1319 OA'.
2807 1264 3057 1317 ΩΡΙΩΝΙ.

2136 1358 2398 1430 Περιττδν
2448 1353 2603 1428 οἶμαι
2647 1356 2885 1428 γράφειν
2931 1356 3065 1425 πρὸς
3113 1354 3301 1426 ’ἄνδρα
3350 1352 3453 1423 τὴν
3507 1351 3643 1422 πρὸς

2064 1454 2210 1524 ὑμᾶς
2240 1453 2426 1507 λοιπὸν
2453 1451 2897 1521 ὀνειροπολοῦντα
2944 1450 3292 1520 καταγωγὴν,
3327 1451 3483 1512 ὅπως
3538 1447 3642 1519 ᾄσῃ

2063 1545 2155 1600 τὸν
2188 1545 2446 1616 ὑμέναιον
2477 1546 2571 1598 καὶ
2593 1546 2819 1615 γένηται
2841 1541 3074 1612 νυμφίος
3107 1540 3379 1613 παρθένου
3423 1540 3600 1608 καλῆς
3626 1553 3640 1567 ⁶

2064 1638 2270 1691 δίκαιον
2300 1638 2409 1706 γὰρ
2460 1638 2656 1708 ἐρῶντι
2689 1634 3021 1705 χαρίσασθαι
3072 1635 3171 1703 τῆς
3215 1633 3509 1703 ἐρωμένης
3553 1632 3644 1684 τὸν

2069 1730 2313 1794 ἔπαινον,
2344 1728 2410 1781 δι’
2433 1729 2501 1799 ἢν
2532 1728 2686 1783 ἀπὼν
2713 1728 2791 1798 τῷ
2812 1726 3026 1795 σώματι
3077 1724 3317 1795 ἐρωτικᾶ
3345 1726 3414 1794 τῇ
3446 1722 3645 1793 καρδίᾳ

2067 1819 2243 1890 πηδᾷς
2264 1833 2276 1847 ·
2308 1819 2404 1875 καὶ
2435 1817 2573 1888 πρὸς
2603 1817 2749 1887 ἡμᾶς
2778 1815 3133 1885 ἀνεπτόησαι,
3162 1815 3255 1868 καὶ
3301 1814 3372 1867 τὰ
3396 1813 3645 1883 παρόντα

2066 1927 2148 1964 σοι
2203 1910 2378 1981 μικρᾶ
2435 1911 2532 1980 τῆς
2585 1909 2715 1979 παρ’
2750 1906 3061 1978 ἀνθρώποις
3110 1906 3462 1976 εὐδαιμονίας
3517 1905 3649 1957 ὂντα

2064 2002 2425 2074 γνωρίσματα
2459 2017 2473 2032 ⁸
2511 2002 2645 2072 μόνη
2671 2001 2729 2054 δέ
2754 2017 2837 2054 σοι
2882 2000 3037 2063 πόλις
3074 1998 3183 2053 τῶν
3221 1998 3331 2051 σῶν
3370 1995 3651 2050 παιδικῶν

2065 2092 2264 2163 χωρίον
2293 2087 2433 2144 εἶναι
2455 2091 2621 2157 δοκεῖ,
2653 2092 2747 2146 καὶ
2774 2089 2866 2143 τοῦ
2923 2087 3218 2159 Βυζαντίου
3251 2086 3397 2157 τάχα
3447 2084 3643 2155 σεμνόέ-

2064 2201 2222 2254 τερον
2241 2200 2255 2215 ·
2292 2183 2388 2237 καὶ
2408 2181 2624 2236 δέδοικα
2649 2182 2724 2253 μὴ
2746 2180 2841 2235 τοῦ
2871 2179 3040 2234 πόθου
3082 2177 3279 2232 πολλοῦ
3320 2176 3640 2249 ρεύσαντος,

2067 2277 2200 2349 μηδὲ
2234 2277 2346 2338 τοῖς
2398 2274 2572 2344 φίλοις
2609 2274 2822 2345 χαίρειν
2879 2273 3072 2337 εἰπὼν,
3109 2271 3376 2341 ἐξαίφνης
3406 2267 3669 2321 στέλλοιο

2064 2368 2202 2440 πρὸς
2242 2367 2388 2438 ἡμᾶς
2418 2365 2511 2420 τοῦ
2550 2365 2687 2418 πλοῦ
2725 2365 2787 2418 τὸ
2824 2364 2999 2435 μῆκος
3057 2362 3415 2434 μεμφόμενος
3438 2377 3452 2391 ·
3511 2356 3648 2410 ἀλλὰ

1986 2502 1997 2518 ι
2060 2460 2238 2515 ταῦτα
2264 2459 2362 2529 μὲν
2397 2457 2702 2523 παιζόντων
2730 2475 2745 2490 ο
2777 2458 3076 2527 ἐπανήκοις
3123 2456 3181 2509 δέ
3213 2470 3345 2506 ποτε
3405 2451 3649 2520 σώφρονι

2064 2550 2310 2622 λογισμῷ
2338 2549 2474 2622 πρὸς
2510 2549 2722 2609 παίδων
2740 2548 2907 2617 γονὴν
2927 2546 3307 2616 ἐπειγόμενος.

2587 2643 2707 2699 oe'.
2750 2644 3117 2715 ΔΝΑΤΟΔΙῼ.

2136 2737 2323 2792 Πολλᾶ-
2358 2756 2448 2808 μοι
2479 2735 2710 2808 λαμπρὰ
2728 2735 2796 2789 τὰ
2824 2735 3161 2788 συνιστῶντα
3184 2733 3275 2787 τὸν
3305 2733 3430 2785 νέον
3456 2746 3470 2761 ’
3500 2729 3650 2800 πρῶ-ι

2067 2849 2157 2885 τον
2193 2832 2287 2884 καὶ
2313 2833 2571 2901 μέγιστον
2602 2831 2700 2899 τῆς
2736 2828 3007 2898 ὑμετέρας
3031 2824 3336 2888 θεοσεϐείας
3362 2825 3435 2877 τὰ
3472 2822 3651 2893 γράμ-

2073 2942 2222 2994 ματα
2244 2942 2257 2955 ο
2284 2920 2404 2977 εἶτα
2438 2922 2619 2993 πατὴρ
2663 2920 2888 2989 ἀγαθὸς,
2927 2922 2990 2974 ἐκ
3022 2919 3247 2990 πρώτης
3279 2918 3482 3003 πείρας
3514 2914 3650 2985 πρὸς

393 3008 466 3061 tia
500 3008 566 3062 ad
601 3007 995 3080 indulgentiam
1024 3026 1362 3080 propensus;
1388 3020 1439 3066 et
1485 3021 1679 3080 prtetcr
1724 3011 1839 3065 haec
1879 3012 1962 3065 di-

2077 3015 2288 3072 εὔνοιαν
2315 3015 2677 3085 ἐφελκόμενος
2702 3030 2715 3043 ·
2739 3012 2877 3083 τυρὸς
2901 3013 2957 3064 δὲ
2985 3011 3195 3073 τούτοις
3244 3009 3344 3079 τῆς
3398 3008 3595 3078 τέχνης
3621 3005 3649 3057 ό

391 3099 645 3170 seiplitne
714 3101 836 3169 lex,
888 3103 1135 3158 strictam
1174 3102 1399 3172 exigens
1445 3103 1708 3156 rationem
1740 3103 1783 3156 si
1838 3107 1963 3173 quid

389 3194 831 3249 coavenientium
880 3196 1231 3267 neglexerint.
1281 3194 1440 3251 Brevi
1491 3194 1656 3251 etiam
1698 3203 1760 3249 ct
1791 3196 1972 3250 adole-

396 3286 602 3340 scentis
633 3286 870 3347 studium
899 3299 1110 3357 partem
1138 3303 1243 3341 non
1270 3289 1546 3342 minimam
1575 3289 1862 3343 obtinebit.
1898 3290 1972 3343 De

393 3383 596 3430 caetero
619 3376 775 3431 nobis
810 3378 1097 3447 impetrate
1127 3393 1156 3431 a
1193 3378 1303 3432 Deo
1337 3378 1598 3441 auxilium
1631 3380 1771 3448 quod
1796 3379 1969 3436 solum

396 3469 460 3520 ad
483 3464 698 3523 felicem
750 3468 953 3523 exitum
995 3468 1193 3523 ducere
1225 3477 1403 3537 potest
1434 3471 1788 3538 propositum.

854 3558 1084 3614 LXXIII.
1116 3558 1508 3618 DOROTIIEO.

465 3650 676 3707 Peritos
703 3667 761 3706 cs
791 3653 906 3709 alas
955 3654 1259 3725 cuicunque
1303 3655 1537 3712 volueris
1558 3657 1973 3729 circumponere

393 3741 794 3812 sublimemque
824 3744 876 3797 in
907 3744 1013 3799 alto
1037 3755 1274 3801 stantem
1309 3750 1615 3804 ostendere.
1662 3749 1793 3804 Tuis
1826 3749 1972 3803 litte-

397 3836 473 3890 ris
505 3836 659 3904 quasi
692 3836 868 3890 alatus
897 3836 1121 3891 eli'eclus
1153 3836 1502 3910 (ubicunque
1545 3839 1691 3894 enim
1734 3855 1858 3895 esse
1891 3841 1971 3895 vi-

393 3931 584 3996 debar,
616 3942 673 3985 ut
707 3932 864 3996 dit-is,
892 3931 1055 4003 fatim)
1096 3932 1538 4002 perambulabam
1564 3934 1821 3992 civitates
1848 3950 1968 3990 om-

397 4037 496 4078 nes
539 4006 676 4093 quas
730 4023 985 4078 homines
1012 4023 1253 4077 incolunt
1285 4035 1339 4077 ct
1378 4040 1555 4094 usque
1600 4026 1669 4080 ad
1711 4026 1973 4080 barbaros

293 4122 297 4126 ’
396 4117 592 4171 deveni
625 4130 806 4172 mente
836 4117 936 4171 levi
968 4128 1143 4184 actus,
1186 4128 1447 4174 etomnes
1491 4119 1669 4189 populi
1699 4120 1827 4173 mibi
1859 4120 1971 4174 elo-
2024 4156 2025 4159 η

396 4209 635 4277 quentia:
679 4223 936 4263 coronam
978 4208 1107 4263 dare
1151 4210 1507 4276 videbantur;
1546 4221 1603 4264 ut
1648 4227 1755 4265 uno
1808 4211 1973 4265 verbo

397 4305 599 4363 dtcam,
626 4314 722 4368 per
754 4309 895 4353 luant
922 4300 1208 4369 epistolam
1237 4301 1326 4369 qui
1353 4299 1580 4355 elfectus
1612 4317 1785 4355 essent
1817 4301 1973 4369 igno-

399 4391 610 4454 rabam,
648 4391 818 4443 donec
853 4388 986 4444 deus
1018 4388 1217 4457 aliquis
1252 4390 1366 4443 alas
1400 4400 1519 4444 tuas
1548 4390 1680 4443 mihi
1718 4394 1968 4447 abstulit.
2005 4382 2045 4434 υ

397 4481 894 4553 Peregrinatiouezn
918 4495 1093 4535 meam
1109 4496 1247 4550 a-gre
1272 4497 1513 4546 cessans,
1529 4499 1627 4537 cur
1642 4486 1757 4538 haec
1775 4486 1970 4555 patior,

398 4573 657 4643 inquam?
706 4572 1001 4628 Considera
1048 4573 1415 4638 scribentem,
1453 4574 1687 4644 recogita
1742 4575 1974 4629 benevo-

401 4667 625 4722 lentiam
657 4678 710 4721 et
748 4666 1021 4721 admirare
1057 4676 1257 4736 quanta
1288 4667 1615 4735 persuadere
1649 4669 1749 4721 scit
1783 4668 2005 4722 amici-'

403 4762 490 4814 tia:
520 4759 877 4814 desiderium.
900 4758 1014 4815 Non
1047 4760 1365 4814 exsisteutia
1392 4760 1442 4813 iu
1468 4760 1707 4813 animum
1744 4760 1971 4826 inducit,

405 4852 537 4905 falsa
579 4863 637 4905 ut
678 4868 801 4907 vera
850 4852 981 4906 facit
1043 4852 1397 4916 existimare;
1445 4853 1642 4906 exinde
1694 4861 1822 4919 puto
1866 4868 1973 4907 non

405 4956 563 5008 posse
593 4942 845 4997 laudibus
879 4942 1105 5003 satiari;
1136 4944 1387 5010 quamvis
1408 4945 1588 4999 omnia
1613 4944 1772 5000 facile
1809 4948 1976 5013 dicat,

406 5033 493 5086 illa
549 5035 850 5090 commodis
878 5036 1088 5090 minora
1120 5035 1398 5089 videntur.
1431 5035 1685 5090 Mensura
1736 5038 1830 5092 tibi
1865 5038 1981 5092 lau-

403 5127 529 5179 dum
577 5141 787 5192 scnsus,
830 5129 921 5197 qui
957 5128 1091 5181 nihil
1132 5128 1199 5181 ad
1253 5127 1461 5190 laudem
1512 5127 1760 5185 suﬂiccre
1805 5141 1974 5200 putat.

407 5217 513 5275 Sed
547 5234 646 5289 pro
695 5228 782 5273 tua
812 5220 1076 5284 amicitia,
1109 5219 1298 5273 desine
1336 5220 1458 5274 talia
1487 5222 1731 5275 scribere
1768 5223 1976 5275 homini

403 5326 574 5379 parvo
631 5310 721 5383 qui
758 5311 814 5366 iu
862 5313 1100 5383 seipsum
1167 5314 1389 5385 reSpicit
1433 5314 1653 5384 suisque
1706 5315 1979 5370 erubescit

405 5402 621 5461 htteris.

2072 3109 2254 3177 νόμος,
2286 3106 2517 3169 εὐθύνας
2547 3104 2786 3158 ἀπειλῶν
2818 3102 3067 3173 ἀκριϐεῖς
3124 3101 3177 3154 εἴ
3231 3118 3285 3152 τι
3330 3100 3443 3152 τῶν
3487 3113 3651 3166 προσ-

2071 3200 2320 3270 ηκόντων
2345 3199 2628 3268 παρίδοιμι
2650 3213 2663 3227 ·
2692 3196 2833 3265 τάχα
2862 3195 2919 3247 δὲ
2954 3195 3048 3247 καὶ
3078 3194 3110 3263 ἡ
3141 3178 3235 3245 τού
3272 3192 3397 3244 νέου
3446 3186 3649 3257 σπουδὴ

2075 3294 2269 3363 μοῖραν
2297 3292 2397 3343 οὐκ
2429 3288 2717 3361 ἐλαχίστην
2766 3286 3104 3357 παρέξεται·
3158 3282 3344 3336 λοιπὸν
3393 3283 3528 3352 ἡμῖν
3565 3280 3650 3331 αίο

2071 3382 2284 3437 τεῖσθαι
2313 3382 2412 3452 τὴν
2441 3383 2505 3434 ὲκ
2530 3378 2623 3432 τοῦ
2659 3379 2808 3432 θείου
2844 3378 3041 3448 ῥοπὴν,
3081 3374 3198 3445 μεθ’
3227 3371 3296 3447 ἧς
3351 3374 3452 3426 καὶ
3495 3372 3653 3443 μόνον

2077 3475 2225 3528 ἐστὶν
2252 3473 2385 3545 πρὸς
2411 3472 2584 3541 πέρας
2608 3469 2781 3522 ἐλθεῖν
2810 3468 2910 3538 τὴν
2944 3465 3286 3537 προαίρεσιν.

2624 3561 2741 3615 ΟΡ.
2779 3559 3121 3630 ΔΩΡΟΘΕῼ.·

2147 3658 2328 3721 Δεινός
2368 3656 2478 3728 ἄρα
2537 3672 2622 3718 τις
2651 3650 2795 3725 ἦσθα
2822 3652 2996 3721 πτερᾶ
3028 3644 3559 3722 περιϐάλλεινιῷπερ
3589 3644 3651 3697 ἂν

2076 3750 2303 3815 ἐθέλεις,
2337 3750 2430 3802 καὶ
2446 3746 2755 3801 δείκνυσθαι
2810 3744 3107 3815 μετάρσιον
3132 3760 3145 3773 ·
3185 3744 3297 3804 σοῖς
3340 3741 3452 3811 γὰρ
3483 3737 3653 3808 γράμ-

2077 3860 2209 3915 μασι
2235 3840 2556 3913 πτερωθεὶς,
2574 3835 2850 3906 πανταχοῦ
2878 3836 2930 3902 γ’
2952 3835 3170 3889 ἐδόκουν
3206 3828 3372 3897 εἶναι,
3405 3830 3651 3898 καθάπερ

2078 3936 2238 4005 ἔφης,
2258 3938 2325 4006 τῇ
2353 3935 2533 4005 φήμῃ,
2563 3929 2925 4002 περιεπόλουν
2945 3928 3001 3981 δὲ
3025 3928 3208 3990 πόλεις
3226 3926 3432 3988 ὁπόσας
3450 3923 3653 3992 ἄνθρω-

2078 4031 2170 4081 ποι
2196 4028 2480 4097 νέμονται,
2510 4025 2606 4078 καὶ
2642 4023 2804 4092 μέχρι
2832 4021 2940 4074 τῶν
2968 4019 3259 4090 βαρϐάρων
3284 4015 3458 4086 διῄειν
3481 4013 3649 4081 κουφῇ

2076 4118 2285 4190 διανοίᾳ
2316 4116 2637 4186 φερόμενος,
2673 4112 2768 4166 καὶ
2799 4113 2909 4165 πᾶν
2940 4110 3091 4172 ἔθνος
3117 4110 3208 4162 ἐπὶ
3251 4107 3435 4175 λόγοις
3478 4104 3651 4156 ἐδόκει

2080 4210 2147 4282 με
2180 4206 2477 4276 στεφανοῦν
2509 4223 2523 4237 '
2556 4207 2650 4264 καὶ
2673 4204 2868 4268 ἁπλῶς
2919 4203 3096 4255 εἰπεῖν
3128 4201 3216 4253 διὰ
3257 4199 3357 4269 τὴν
3394 4198 3493 4266 σὴν
3535 4199 3651 4246 ἐπι·-

2081 4302 2276 4370 στολὴν
2308 4300 2538 4369 ἠγνόουν
2560 4298 2587 4351 ὃ
2618 4314 2670 4349 τι
2700 4296 2946 4364 γένωμαι
2975 4310 2988 4324 ·
3016 4293 3121 4354 ’έως
3157 4291 3223 4361 μέ
3251 4308 3336 4353 τις
3382 4290 3523 4341 θεῶν
3549 4286 3651 4339 τῶν

2081 4395 2189 4446 σῶν
2220 4393 2508 4464 ἀνήρπασε
2538 4388 2777 4460 πτερῶν,
2821 4385 3046 4454 καὶτῆς
3079 4384 3290 4452 πλάνης
3328 4382 3481 4452 μόλις
3519 4395 3650 4431 παυ-

2081 4493 2337 4561 σάμενος,
2372 4488 2438 4540 Τί
2478 4485 2656 4541 ταῦτα
2692 4484 2907 4553 πάσχω,
2945 4483 3118 4553 φημί;
3151 4480 3355 4532 Σκόπει
3387 4477 3477 4530 τὸν
3523 4473 3651 4544 γρά-

2080 4586 2282 4654 ψαντα,
2315 4583 2411 4635 καὶ
2436 4579 2654 4647 λογίζου
2691 4579 2791 4648 τὴν
2823 4577 3061 4641 εὔνοιαν,
3092 4577 3185 4628 καὶ
3230 4574 3512 4642 θαύμασαι
3556 4570 3650 4621 ὅσα

2080 4676 2290 4729 πείθειν
2317 4670 2426 4725 οἶδε
2460 4673 2561 4741 τῆς
2587 4670 2772 4740 φιλίας
2804 4672 2831 4722 ό
2859 4668 3051 4730 πόθος·
3084 4666 3180 4718 καὶ
3196 4666 3261 4717 τὰ
3282 4664 3357 4734 μὴ
3389 4663 3518 4715 ὄντα
3547 4660 3649 4727 γὰρ

2080 4767 2332 4840 ἡγεῖσθαι
2363 4766 2540 4818 ποιεῖ’
2581 4763 2676 4815 καὶ
2709 4762 2777 4813 τὰ
2804 4760 2975 4829 ψευδῆ
3011 4760 3176 4829 τιμᾷν
3201 4757 3275 4821 ὡς
3314 4755 3487 4825 ἀληθῆ
3515 4769 3526 4781 °
3565 4754 3647 4840 ia-

2080 4838 2271 4912 τεῦθεν
2326 4853 2484 4925 οἶμαι
2545 4854 2654 4905 τῶν
2727 4850 2964 4903 ἐπαίνων
3014 4849 3306 4930 ἀπλήστως
3350 4845 3516 4913 ἔχειν,
3563 4838 3650 4893 καὶ

2085 4952 2263 5005 πάντα
2293 4949 2470 5016 λέγων
2495 4942 2741 5014 εὐχερῶς
2771 4959 2784 4971 ·
2813 4946 2908 4995 καὶ
2928 4941 3104 4995 ταῦτα
3120 4941 3295 5001 δοκεῖς
3324 4939 3435 4990 τῶν
3485 4936 3650 5001 ὑπαρ-

2083 5044 2289 5114 χόντων
2336 5039 2599 5092 ἐλάττονα
2628 5055 2640 5067 ·
2688 5040 2905 5107 μέτρονη
2947 5034 3005 5085 δέ
3046 5051 3129 5086 σοι
3185 5031 3292 5083 τῶν
3331 5028 3575 5085 ἐπαίνων
3619 5022 3647 5090 ἡ

2087 5132 2308 5203 γνώμη,
2389 5128 2555 5200 μηδὲν
2611 5129 2802 5198 ἀρκεῖν
2858 5124 3137 5195 ἡγουμένη
3196 5120 3331 5192 πρὸς
3390 5120 3601 5171 ἔπαινον
3632 5129 3645 5143 ⁸

2089 5224 2203 5279 ἀλλ’
2239 5221 2486 5290 ἐπίσχες,
2534 5219 2670 5289 πρὸς
2729 5218 2907 5286 φίλου,
2963 5215 3191 5268 τοιαῦτα
3240 5212 3467 5283 γράφων
3523 5204 3647 5274 πρὸς

2087 5317 2259 5385 ἄνδρα
2301 5311 2607 5383 μικρὸν.είς
2631 5310 2824 5362 ἑαυτὸν
2850 5307 3080 5378 ὁρῶντα,
3129 5308 3222 5359 καὶ
3257 5307 3371 5367 τοῖς
3402 5299 3643 5372 γράμμα-

2091 5425 2174 5462 σιν
2197 5404 2585 5474 αἰσχυνόμενον
2617 5402 2715 5472 (1).

1918 5520 2152 5576 NOTAE.

483 5613 563 5683 (1)
598 5612 727 5667 Post
756 5613 993 5685 hanc_ad
1013 5613 1345 5669 Dorotheunt
1379 5615 1682 5685 epistolam,
1719 5615 1822 5669 alia
1859 5616 1993 5670 scri-

420 5684 564 5742 bitur
587 5685 642 5739 iu
672 5683 860 5742 codice
898 5683 1267 5743 Laurentiano
1294 5688 1359 5742 ad
1376 5683 1646 5754 eumdem,
1683 5698 1816 5743 teste
1858 5686 1996 5741 Ban-

2103 5613 2273 5674 ιιὶιιίο,
2309 5627 2429 5677 qum.
2458 5591 2669 5677 incipit,
2696 5596 2867 5661 Πάλιν
2902 5603 3182 5677 εὐσεϐείας
3219 5598 3517 5677 scapham".
3547 5592 3643 5671 πόι-

2106 5683 2189 5738 λιν
2244 5670 2380 5753 πρός
2413 5682 2511 5751 τὴν
2552 5670 2823 5751 ύμετέραν
2860 5677 3050 5746 σοφίαν
3086 5677 3113 5728 ὁ
3144 5674 3362 5744 δρόμος.
3396 5670 3510 5723 ιιωε
3535 5670 3640 5735 ιιυι‹
