3978 6402
229 295 372 358 ΞἼΤῚ

732 406 847 456 ω’.
902 401 1314 471 ΠΑΓΚΡΑΤΙῼ.

303 497 382 552 Οὐ
433 495 544 566 γὰρ
589 495 764 547 δοκεῖν
811 495 1049 564 ἄριστος,
1097 491 1210 544 ἀλλ’
1258 487 1396 544 εἶναι
1447 487 1586 552 (eis,

229 584 522 654 Αἰσχύλος,
545 583 791 636 ἐπαινεῖν
837 598 962 634 τινα
991 579 1384 650 προελόμενος·
1423 576 1630 630 τοιοῦτο
1682 574 1814 643 ἡμῖν

229 673 508 743 ἀνεφάνης
541 689 554 702 ·
605 671 666 724 οὑ
699 670 858 725 τοῦτο
885 669 952 739 δὴ
1001 669 1060 721 τό
1093 669 1268 721 κοινὸν
1307 668 1468 737 μέχρι
1521 661 1614 717 τοῦ
1665 679 1810 733 παρ-

229 769 374 819 εῖναι
427 765 610 833 φιλίαν
632 763 964 826 ἐπιδεικνὺς,
991 761 1108 813 οᾷδὲ
1141 759 1354 830 μετρῶν
1402 757 1479 829 τῷ
1522 757 1675 827 τόπῳ
1717 757 1816 824 τὴν

230 855 472 920 εὔνοιαν,
494 854 662 926 ἀλλ’ἢ
688 857 936 927 κρεῖττον
967 847 1108 909 εἶναι
1139 853 1230 904 καλ⁵
1258 850 1450 904 σαυτὸν
1488 850 1645 920 νικᾷν
1670 851 1818 900 ἐπει-

229 948 506 1018 γόμενος·
557 947 782 1009 εἰκότως
829 945 937 1016 ἄρα
1000 963 1058 999 σε
1107 945 1206 1014 τῆς
1250 943 1391 1014 ὲμῆς
1443 941 1682 1004 διανοίας
1717 941 1818 993 οὐκ

230 1036 379 1094 οἶδεν
415 1040 748 1094 ὑποϐλέπειν
771 1041 804 1110 ἡ
825 1039 985 1112 λήθη.
1027 1037 1172 1092 Ἀλλ’
1201 1037 1378 1090 ἔπεισί
1402 1037 1454 1089 τί
1479 1053 1567 1106 μοι
1588 1035 1815 1105 Σωκρα-

226 1132 386 1184 τικὸν
415 1133 500 1185 ἀεὶ
517 1131 720 1200 λέγειν,
753 1130 828 1194 ὡς
857 1131 906 1182 εἰ
934 1128 1044 1198 ἐγὼ
1073 1127 1421 1198 Παγκράτιον
1466 1125 1666 1194 ἀγνοῶ,
1722 1125 1818 1176 καὶ

228 1223 474 1292 ἐμαυτοῦ
497 1221 882 1292 ἐπιλέλησμαι,
911 1215 972 1273 οὑ
999 1219 1220 1292 χορεύει
1263 1219 1414 1290 μένή
1448 1217 1664 1287 γλῶττα
1695 1217 1818 1279 ταῖς

231 1316 488 1386 μούσαις,
524 1315 694 1386 ἀρετὴ
717 1315 772 1368 δέ
809 1315 1060 1386 καθάπερ
1099 1314 1324 1384 τέμενος
1379 1313 1578 1368 ἀὸατον
1615 1309 1808 1380 κακία,

227 1409 334 1480 τὴν
387 1409 536 1480 ἱεράν
579 1407 758 1479 ψυχὴν
806 1407 1160 1478 ᾠκειώσατοο
1209 1405 1499 1477 τοιγαροῦν
1543 1401 1816 1473 εὐδαίμων

231 1505 340 1571 μὲν
389 1500 552 1564 αὐτὸς
587 1500 812 1553 τοιαῦτα
859 1501 1040 1569 φέρων
1068 1498 1429 1570 γνωρίσματα
1456 1511 1469 1524 ·
1509 1497 1604 1549 καὶ
1661 1494 1816 1548 πόλιν

225 1595 402 1656 οἰκεῖς
427 1591 524 1663 τὴν
555 1591 741 1660 κοινὴν
787 1591 897 1644 τῶν
935 1591 1110 1658 λόγων
1147 1591 1382 1662 μητέρα,
1418 1589 1483 1660 ἢν
1527 1582 1669 1660 ὧραι
1719 1604 1816 1640 πο-

227 1684 426 1736 θοῦσαι
457 1684 598 1736 κατὰ
622 1683 827 1750 ταύτην
857 1681 1114 1752 ἀλλήλαις
1137 1682 1484 1745 ἐσπείσαντο,
1525 1677 1592 1750 ἢν
1641 1693 1814 1747 προσ-

1646 502 1718 554 φη
1729 484 1812 536 σῖν

1657 279 2056 344 EPISTOLE.

2937 341 2943 347 _
3357 257 3502 322 2773

2363 386 2598 443 LXXIV.
2631 381 3042 441 ΡΑΝΟΠᾹἸΊΟ.

1987 481 2103 538 Noli
2140 483 2380 552 optimus
2409 482 2606 544 videri,
2643 481 2736 537 sed
2759 495 2905 544 esse,
2941 478 3019 531 ait
3048 471 3365 544 t‘Eschylus,
3395 468 3490 524 ali-

1916 589 2074 644 quem
2103 575 2324 630 laudare
2342 575 2443 631 sibi
2468 588 2794 646 preponens.
2817 571 2967 625 Talis
2991 569 3147 623 nobis
3165 563 3486 636 apparuisti,

1917 682 2022 722 non
2086 675 2292 720 tantum
2331 675 2507 722 tamen
2548 666 2672 722 boni
2714 663 2914 734 publici
2969 661 3145 716 zelum
3207 669 3488 716 ostentans

1918 767 1976 812 ut
2001 758 2296 812 amicitiam
2351 759 2613 828 negligas,
2665 772 2766 812 nec
2805 757 2922 811 loco
2947 762 3096 809 luant
3147 753 3494 807 circumscri-

1919 850 2053 904 bens
2070 837 2529 914 benevolentiam,
2556 849 2650 903 sed
2691 847 2970 902 meliorem
2999 861 3118 903 esse
3141 851 3196 900 et
3224 846 3288 899 de
3320 842 3494 912 leipso

1918 946 2179 1002 victorem
2215 947 2566 1002 contendens.
2613 945 2690 1000 Te
2727 944 2780 998 in
2804 945 2968 1000 corde
3003 958 3122 998 meo
3155 956 3252 996 nec
3294 938 3495 1010 poterit

1917 1039 2118 1094 oblivio
2163 1028 2364 1094 delere.
2419 1038 2526 1093 Sed
2579 1037 2634 1092 in
2675 1047 2856 1093 mente
2891 1036 3024 1090 mihi
3073 1035 3224 1088 venit
3276 1046 3492 1100 semper

1918 1131 2046 1200 quid
2085 1131 2412 1187 socraticum
2461 1131 2643 1186 dicere
2682 1130 2898 1200 meique
2934 1143 3054 1185 sum
3079 1127 3302 1190 oblitus,
3337 1122 3491 1196 quasi

1921 1223 2271 1278 Pancratium
2317 1237 2423 1277 non
2452 1222 2692 1278 noverim
2714 1263 2730 1291 ,
2761 1221 2916 1291 cuius
2959 1220 3138 1286 lingua
3169 1230 3290 1272 cum
3325 1214 3495 1294 musis

1920 1316 2102 1382 saltat,
2143 1324 2199 1370 et
2237 1315 2412 1369 virtus
2447 1313 2600 1382 quasi
2655 1324 2798 1368 terra
2838 1312 3063 1367 malitiae
3105 1309 3366 1379 impervia
3407 1321 3495 1362 sa-

1917 1421 2066 1461 cram
2117 1405 2327 1461 habitat
2364 1405 2624 1459 animam.
2678 1403 2877 1458 Beatus
2923 1403 3087 1474 igitur
3134 1402 3252 1470 ipse
3289 1401 3382 1470 qui
3418 1406 3496 1452 tot

1919 1497 2088 1552 habes
2120 1511 2239 1550 rara
2272 1506 2327 1552 et
2348 1495 2662 1566 singularia.
2689 1495 2893 1552 Urbem
2915 1493 3126 1548 habitas
3148 1505 3494 1546 communem

1917 1589 2249 1659 eloquentiae
2290 1597 2517 1644 matrem
2559 1589 2612 1644 in
2661 1604 2766 1658 qua
2801 1588 2948 1642 hora:
2996 1586 3240 1656 benigna:
3272 1585 3413 1640 inter
3438 1598 3498 1639 se

1921 1681 2100 1736 foedus
2135 1682 2398 1748 inierunt,
2425 1695 2588 1753 quam
2625 1679 2858 1735 dulciter
2893 1678 3086 1748 irrigat
3131 1690 3282 1730 mare
3314 1675 3496 1730 Nilus-

225 1776 420 1838 κλύζει
448 1773 639 1844 πράως
691 1775 724 1845 ἡ
756 1772 1021 1837 θάλασσα,
1045 1773 1138 1824 καὶ
1161 1771 1355 1836 Νεῖλος
1392 1767 1808 1838 ἐναγκαλίζεται

1918 1789 2019 1842 que
2041 1775 2186 1830 sicut
2209 1789 2401 1850 amans
2429 1773 2659 1826 amicam
2687 1769 3055 1842 amplectitur,
3077 1777 3132 1823 et
3160 1783 3226 1823 ex
3255 1766 3498 1835 undique

226 1867 485 1938 καθάπερ
507 1864 760 1939 ἐρωμένῃ
787 1863 1102 1936 περιχυθείς
1123 1879 1136 1894 ·
1164 1863 1258 1916 καὶ
1282 1861 1626 1932 πανταχόθεν
1671 1859 1810 1932 ἄλση

225 1959 328 2014 καὶ
356 1959 547 2030 δένδρα
569 1963 662 2014 καὶ
682 1958 808 2031 λήῖκ
833 1959 927 2012 καὶ
945 1959 1058 2020 τοῖς
1073 1957 1374 2027 ὀφθαλμοῖς
1398 1954 1620 2008 ποικίλα
1637 1971 1812 2024 προσ-

226 2052 455 2106 ϐαλοῦσι
499 2051 753 2122 χάριτες·
809 2051 928 2106 ἀλλ’
979 2054 1109 2122 ὑμῖν
1165 2051 1264 2122 μὲν
1308 2049 1409 2119 τὴν
1461 2045 1812 2116 εὐδαιμονίαν

224 2143 369 2204 Θεὸς
395 2141 719 2212 ἐπαυξήσει,
753 2143 845 2195 καὶ
878 2142 1070 2213 μισθὸν
1099 2141 1199 2212 τῆς
1245 2139 1450 2211 ἀρετῆς
1483 2137 1813 2209 δωρησάμε-

222 2251 318 2298 νος
343 2251 356 2266 ·
401 2233 630 2304 μετάδος
657 2233 713 2286 δὲ
731 2234 932 2302 φίλοισι
970 2237 1084 2296 σοῖς
1108 2233 1209 2302 σῆς
1244 2231 1572 2302 εὐπραξίας,
1602 2233 1716 2295 τοῖς
1749 2232 1814 2284 ἐκ

222 2325 480 2398 γλώττης
497 2325 721 2395 ἀγαθοῖς
748 2325 1060 2396 εὐφραίνων
1099 2325 1272 2396 ἡμᾶς,
1325 2325 1420 2377 καὶ
1465 2322 1700 2392 πέμπων
1731 2322 1812 2375 οῖ-

222 2417 389 2472 κοοεν
417 2418 600 2473 οἴκαδε
626 2417 762 2489 πρὸς
784 2418 931 2489 ἡμᾶς
954 2417 1022 2470 τὰ
1038 2417 1340 2488 ποιήματα.
1376 2415 1451 2468 Οὐ
1476 2415 1585 2486 γὰρ
1607 2413 1811 2468 δίκαιον

221 2508 519 2565 λανθάνειν
550 2508 584 2564 ἀ
618 2512 730 2574 τοῖς
799 2508 1057 2579 ἀλλήλοις
1102 2508 1483 2578 ἐπιδειχθέντα
1549 2506 1810 2574 πλείστην

216 2604 366 2659 οξσει
383 2602 483 2672 τὴν
512 2603 721 2671 ὄνησιν.

547 2691 669 2746 05'.
700 2693 936 2764 ΓΕΣΣΙῼ
970 2692 1486 2763 ΙΑΤΡΟΣΟΦΙΣΤῌ.

305 2784 367 2840 Ὀ
388 2786 486 2860 τὴν
517 2785 808 2856 ἐπιστολὴν
833 2785 1106 2848 ἐπιδιδοὺς
1138 2785 1242 2838 ὑπὸ
1285 2787 1452 2855 μητρὶ
1504 2784 1649 2855 χήρᾳ
1678 2800 1809 2855 τρα-

217 2881 350 2947 φεὶς
405 2877 498 2932 καὶ
545 2878 646 2948 τὴν
708 2878 818 2932 τῶν
868 2876 1182 2946 ἀναγκαίων
1230 2876 1437 2929 ἔνδειαν
1465 2874 1805 2944 αἰτιώμενος,

213 2971 280 3040 ὄλ,
299 2987 373 3034 ως
397 2971 496 3040 οὐχ
523 2969 628 3022 ὑπὸ
656 2968 907 3040 νεότητος
925 2968 1206 3040 ἐπαρθεὶς,
1236 2969 1336 3021 οὐκ
1366 2970 1424 3020 ἐν
1462 2967 1680 3039 ἐξουσίᾳ
1713 2967 1807 3021 τοῦ

217 3062 490 3130 πράττειν
519 3059 547 3112 ὅ
569 3075 621 3112 τι
657 3057 800 3112 Θέλοι
843 3059 1156 3130 γενόμενος,
1201 3056 1353 3128 παρά
1396 3056 1666 3129 ρᾳθυμίαν
1697 3058 1805 3110 ἀπ-

215 3152 438 3205 έκλινεν
464 3167 479 3183 ο
511 3149 624 3204 ἀλλ’
651 3149 1082 3222 ἐπανορθοῦσθαι
1111 3150 1209 3220 τὴν
1237 3148 1408 3220 τύχην
1449 3147 1669 3215 ἐθέλων,
1717 3151 1812 3204 καὶ

215 3241 401 3311 λὲγων
422 3242 542 3314 ἐρᾷ,
575 3243 669 3295 καὶ
700 3242 836 3314 πρὸς
863 3239 962 3313 τὴν
992 3239 1266 3312 ὑμετέραν
1305 3239 1548 3309 γλῶτταν
1595 3241 1812 3310 ἐπείγε-

212 3352 346 3390 ται·
386 3336 480 3389 καὶ
506 3334 782 3407 ἀρκοῦσαν
802 3334 1054 3406 ἀφορμὴν
1085 3333 1224 3404 πρὸς
1245 3333 1560 3403 εὐσχήμονα
1599 3333 1716 3402 βίον
1749 3334 1809 3400 ἐξ

212 3425 398 3494 αὐτῆς
435 3425 800 3496 ἀρυσάμενος,
835 3425 910 3489 ὡς
941 3423 1148 3495 ἀρκοῦν
1175 3420 1330 3478 ἐστιν
1361 3423 1508 3490 ὑμᾶς
1535 3422 1681 3494 ἰδεῖν,
1718 3423 1814 3476 καὶ

213 3519 334 3572 τῶν
363 3517 677 3572 λυπούντων
711 3517 856 3589 ἔχειν
883 3517 983 3587 τὴν
1011 3515 1188 3581 λύσιν,
1218 3518 1283 3588 τῇ
1310 3516 1444 3586 παρ’
1483 3514 1638 3587 ὑμῶν
1667 3515 1814 3589 διδα-

215 3611 425 3683 σκαλίᾳ
449 3610 547 3674 τὰς
579 3609 714 3680 πρὸς
734 3587 794 3663 τὸ
834 3609 1025 3680 μέλλον
1061 3587 1282 3672 ἐλπίδας
1317 3587 1808 3680 ἐπανορθούμένος·

189 3699 344 3760 Ἔνθεν
375 3704 476 3775 την
497 3704 769 3776 ὑμετέραν
793 3702 1020 3774 γνώμην
1043 3701 1218 3769 εἰδὼς,
1250 3701 1346 3756 καὶ
1381 3703 1458 3766 ὡς
1517 3703 1810 3774 πρόκεισθε

211 3801 335 3860 τοῖς
362 3795 422 3850 εῦ
456 3796 645 3851 παθεῖν
671 3795 971 3865 δεομένοις,
1000 3793 1378 3866 θαρῤὦνὺμῖν
1403 3795 1668 3866 προσάγω
1692 3795 1808 3861 ,τὸν

210 3891 363 3954 νέον,
397 3889 518 3943 ἀντὶ
546 3889 790 3960 μεγάλης
823 3889 1034 3960 δωρεᾶς
1064 3885 1196 3958 ὓλην
1239 3887 1368 3958 ὑμῖν
1413 3887 1664 3959 χορηγῶν
1711 3887 1806 3942 τοῦ

208 3981 480 4038 δύνασθαι
505 3981 666 4037 πάλιν
686 3982 1027 4053 γεωργῆσαι.

787 4078 926 4143 oq'.
953 4073 1261 4146 ΦΙΛΙΠΠῼ.
1474 4140 1488 4149 η

290 4167 460 4230 Μόλις
485 4166 633 4235 ἡμᾶς
663 4164 1082 4235 ἀμηχανοῦντας
1135 4162 1452 4234 μετέδαλες,
1483 4164 1704 4237 γράψας
1729 4165 1806 4232 ὧς

211 4262 376 4333 ᾅδειν
398 4259 606 4322 ἐθέλεις
635 4256 917 4328 ὑμέναιον,
941 4256 1035 4309 καὶ
1069 4255 1274 4310 παίδων
1297 4255 1547 4324 γενέσθαι
1575 4260 1762 4330 πατήρ
1788 4276 1800 4291 ·

208 4348 436 4402 πολλῶν
464 4349 574 4417 γὰρ
624 4344 1005 4414 ἐπιδραμοῦσα
1046 4344 1225 4414 φήμη,
1277 4344 1469 4408 ἄλλους
1511 4345 1806 4418 ἀλλαχόθεν

1915 1862 2089 1930 lucos,
2129 1865 2355 1920 arbores
2395 1872 2450 1918 et
2503 1873 2714 1934 segetes
2765 1862 2941 1919 oculis
2980 1861 3164 1918 varias
3214 1861 3500 1930 proferunt

1915 1959 2126 2029 gratiae.
2161 1958 2268 2014 Sed
2301 1959 2455 2013 vobis
2489 1958 2632 2012 Deus
2683 1955 2995 2012 felicitatem
3045 1955 3284 2026 augebit,
3319 1953 3490 2006 virtu-

1919 2049 2098 2116 [isque
2133 2049 2413 2118 praestabit
2455 2046 2786 2102 mercedem.
2811 2045 3034 2102 Amicos
3068 2045 3150 2099 fac
3181 2045 3494 2099 beneﬁcen-

1915 2141 2004 2194 tite
2037 2147 2140 2193 tua:
2171 2139 2485 2207 participes,
2515 2137 2794 2192 la‘lili'cans
2821 2151 2920 2192 nos
2949 2137 3142 2205 lingnte
3163 2147 3269 2192 tute-
3293 2134 3496 2189 divitiis

1913 2242 1968 2287 et
1997 2232 2194 2286 exinde
2225 2232 2290 2285 ad
2336 2247 2433 2286 nos
2469 2230 2688 2286 mittens
2720 2245 2882 2300 opera
2911 2239 3020 2284 tua.
3056 2228 3175 2283 Non
3229 2229 3372 2283 enim
3412 2227 3493 2282 fas

1913 2333 1998 2378 est
2037 2323 2378 2378 abscondere
2425 2338 2486 2378 ea
2530 2339 2650 2393 quae
2692 2321 2812 2376 aliis
2872 2321 3216 2376 manifestata
3259 2319 3492 2374 multum

1913 2413 2140 2470 alii-rent
2167 2416 2536 2470 commodum.

2154 2692 2367 2748 LXXV.
2410 2693 2660 2750 GESSlO
2693 2691 2945 2748 PERITO
2977 2692 3253 2748 MEDICO.

1983 2785 2084 2852 Qui
2135 2789 2274 2842 hanc
2329 2790 2484 2844 vobis
2524 2789 2662 2843 feret
2698 2791 2980 2859 epistolam
3031 2803 3059 2840 ιι
3107 2798 3278 2840 matre
3331 2787 3492 2839 vidua

1878 2881 2182 2963 ‘enulrittts
2213 2891 2268 2936 et
2299 2881 2351 2935 in
2393 2883 2635 2938 omnium
2685 2883 3113 2936 necrssariorum
3153 2880 3328 2946 inopia
3357 2881 3494 2932 etltt-

1913 2982 2090 3038 catus,
2139 2988 2240 3028 nec
2290 2991 2316 3028 ει
2359 2974 2647 3044 juventute
2693 2985 2934 3037 erectus,
2985 2982 3082 3026 aut
3135 2972 3187 3025 in
3241 2973 3498 3024 libet‘lnlc

1917 3063 2126 3132 positus
2149 3065 2341 3134 agendi
2375 3063 2505 3133 quid
2551 3065 2725 3130 vellet,
2764 3064 2831 3118 ad
2865 3065 3044 3133 ignavi
3067 3080 3135 3121 tm
3178 3063 3491 3117 declinavlt.

1921 3155 2026 3209 Sed
2053 3155 2218 3210 sortis
2250 3155 2476 3225 injurias
2513 3155 2792 3224 corrigere
2839 3154 3024 3208 volens
3064 3153 3496 3222 eluqttcntiteql-e

1919 3246 2147 3314 Cupidus
2169 3247 2234 3298 ad
2259 3245 2494 3316 linguam
2524 3255 2762 3302 vestram
2791 3246 3007 3314 pellitur
3030 3262 3056 3314 ;.
3077 3255 3130 3300 et
3155 3260 3222 3299 ex
3245 3260 3304 3300 ea
3347 3247 3493 3299 solli-

1917 3340 2150 3395 cientem
2174 3341 2241 3394 ad
2285 3339 2568 3395 honestam
2597 3339 2762 3395 vitam
2793 3357 3013 3397 sumens
3045 3343 3410 3405 occasionem,
3439 3353 3497 3396 nt

1920 3433 2105 3486 videre
2126 3431 2395 3502 poteritis,
2423 3439 2477 3486 et
2503 3431 2856 3488 aﬂJiCtionum
2883 3433 3042 3487 linem
3067 3432 3342 3494 obtinens,
3397 3447 3494 3486 ve-

1917 3533 2030 3579 stra
2052 3523 2336 3594 disciplina
2362 3538 2493 3579 suas
2515 3539 2638 3594 spes
2657 3523 2834 3594 eriget
2863 3525 2916 3578 in
2949 3523 3212 3593 futurum.
3244 3521 3494 3580 Vestram

1916 3617 2324 3686 dispositionem
2362 3625 2417 3671 et
2462 3617 2514 3670 in
2549 3616 2859 3685 indigentes
2882 3618 3317 3686 compassionem
3370 3633 3494 3671 cum

1915 3709 2050 3761 bene
2090 3709 2355 3771 noverim,
2397 3707 2545 3760 illum
2591 3709 2656 3760 ad
2690 3721 2800 3760 vos
2830 3707 3045 3761 mittere
3088 3707 3342 3777 juvenem
3385 3724 3488 3761 non

1915 3799 2106 3862 timeo,
2152 3800 2269 3853 loco
2317 3815 2522 3868 magna:
2557 3800 2822 3857 mercedis
2867 3800 3152 3854 materiam
3189 3809 3248 3854 ut
3296 3799 3491 3854 iterum

1912 3891 2138 3960 possitis
2178 3891 2430 3947 laborare
2462 3885 2750 3962 praastans.

2391 4071 2628 4126 LXXVI.
2661 4069 3000 4127 PlllLlPPO.

1978 4163 2201 4219 Consilii
2226 4163 2402 4232 inopia
2424 4153 2828 4230 laborabamus,
2849 4180 3069 4220 omnem
3099 4164 3486 4218 dubitationem

1911 4256 2186 4310 Sustulisti
2217 4257 2464 4313 scribens
2494 4267 2544 4313 te
2572 4259 2708 4313 velle
2743 4259 3084 4330 hymenaeum
3121 4273 3318 4312 canere
3349 4257 3488 4311 lilio-

1911 4360 2144 4415 rumque
2211 4356 2418 4415 patrem
2471 4347 2608 4402 ﬁeri.
2669 4346 2960 4402 Multorum
3015 4362 3294 4401 sermones
3347 4346 3488 4400 fama

205 4444 457 4507 ἐπέγετο
483 4437 676 4504 λόγους
704 4451 718 4465 ·
742 4436 836 4488 καὶ
885 4433 1104 4488 πάντων
1150 4434 1522 4504 διηγουμένων
1550 4437 1805 4490 σιωπῶν-

1918 4449 2258 4504 pra-currens
2291 4435 2430 4490 alios
2465 4437 2570 4490 alio
2605 4446 2906 4506 sparserat.
2949 4434 3082 4490 Cum
3118 4435 3362 4488 omnium
3393 4449 3488 4485 au-

203 4547 309 4592 τες
339 4529 500 4598 ἡμεῖς
533 4524 891 4598 ἡκροὼμεθα.
923 4524 1033 4577 τῶν
1057 4524 1344 4596 ὑμετέρων
1380 4524 1704 4594 ἀγνοοῦντες
1737 4528 1806 4582 τὰ

205 4627 472 4696 μέγιστα,
515 4622 738 4685 καὶτοῖς
766 4619 1198 4688 πυνθανομένοις
1238 4619 1457 4684 παίζειν
1496 4607 1803 4686 δοκοῦντες,

199 4717 287 4778 ὡς
317 4715 535 4781 ἀγνοεῖν
567 4711 823 4781 ἐπίτηδες
853 4709 1338 4780 προσποιούμενοι.
1386 4711 1523 4764 Νυνὶ
1580 4710 1638 4764 δέ
1692 4714 1803 4776 τοῖς

199 4809 503 4878 γραφεῖσιν
531 4803 740 4876 ἡσθεὶς,
767 4803 940 4874 ἡδέως
965 4801 1032 4857 ἂν
1066 4802 1228 4866 εὐθὺς
1251 4803 1491 4872 Περσεὺς
1537 4803 1804 4874 ἐγενόμην

203 4899 544 4966 ὑπόπτερος,
580 4896 675 4950 καὶ
730 4895 824 4949 τοῦ
863 4893 1130 4962 πελάγους
1162 4893 1471 4961 ὑπερπτὰς,
1518 4894 1614 4947 καὶ
1667 4894 1806 4964 πρὸς

198 4993 357 5062 ὑμᾶς
385 4989 743 5058 ἀφικόμενος,
803 4978 1071 5039 παστάδα
1098 4984 1342 5037 κατεῖδον
1383 4983 1554 5056 ἱερὰ),
1599 4986 1692 5040 καὶ
1735 4987 1800 5040 τὸ
1845 5012 1853 5020 ·

202 5083 434 5138 πάντων
461 5079 681 5150 ἥδιστον
706 5077 914 5148 θέαμα,
945 5075 1181 5146 νυμφίον
1215 5076 1280 5128 ἐκ
1311 5075 1630 5144 φιλοσοφίας
1661 5078 1798 5149 ἐρω-

196 5166 395 5219 τικόνο
415 5165 508 5218 καὶ
534 5163 720 5218 ὑλικόν
751 5181 838 5226 τις
868 5163 1030 5215 αὑτὸν
1049 5162 1288 5234 ὀνομάζῃ
1317 5163 1622 5234 φιλοσόφως
1656 5166 1796 5234 ἀποτ

196 5257 554 5328 κρινόμενον,
607 5255 684 5320 ὡς
726 5259 951 5326 κοσμεῖν
991 5253 1102 5308 ἔδει
1161 5255 1261 5325 τὴν
1306 5255 1542 5324 γένεσιν,
1589 5257 1796 5328 Ἑρανον

194 5347 324 5404 ἀνθ’
351 5348 547 5402 ἑαυτοῦ
583 5347 941 5419 χορηγοῦντα,
975 5348 1070 5400 καὶ
1102 5346 1170 5399 τὰ
1197 5347 1384 5401 εἰκότα
1408 5348 1546 5419 πρὸς
1585 5350 1794 5422 ταύτην

199 5440 601 5513 ἀφοσιούμενον
620 5455 634 5470 ⁸
659 5440 833 5502 ἑάλως
861 5439 906 5492 δ’
937 5438 1032 5492 οὑν
1077 5439 1248 5509 ὅμως,
1268 5433 1313 5492 ὧ
1367 5439 1630 5510 βέλτιστε,
1686 5445 1788 5513 ὀψέ

1912 4527 2198 4581 diebamus
2240 4529 2605 4591 narrationes,
2636 4527 2948 4594 silebamus,
2982 4537 3196 4582 tuorum
3229 4527 3489 4594 ignoran-

1911 4627 1994 4671 tes
2029 4617 2285 4688 plurima,
2321 4617 2508 4672 ludere
2554 4618 2872 4672 videbamur
2917 4617 3400 4686 interregantibus.
3433 4626 3488 4671 et

1909 4711 2272 4781 ignorantiam
2314 4711 2565 4765 consulto
2595 4713 2821 4782 lingere.
2867 4710 3019 4766 Nunc
3049 4721 3227 4765 autem
3271 4709 3339 4764 iis
3366 4727 3486 4780 quur.

1909 4803 2181 4872 scripsisti
2215 4801 2473 4868 recreati,
2507 4803 2741 4858 libenter
2771 4805 2980 4858 veloces
3013 4802 3196 4856 Persei
3225 4801 3340 4855 alas
3371 4817 3488 4853 tutt-

1909 4905 2220 4960 tuaremur,
2256 4902 2311 4947 et
2339 4909 2487 4950 mare
2509 4895 2881 4950 transilientes
2909 4897 2975 4950 ad
3003 4906 3055 4949 te
3091 4895 3400 4948 veniremus
3429 4902 3488 4946 ut

1911 5003 2130 5041 sacrum
2173 4987 2453 5040 videamus
2495 4965 2786 5040 thalamum
2837 4997 2892 5041 et
2935 4987 3080 5056 quod
3119 4985 3360 5040 omnium
3404 4994 3485 5038 est

1903 5078 2365 5149 jucundissimum
2397 5080 2790 5150 spectaculum,
2828 5079 3099 5135 hominem
3134 5092 3201 5130 ex
3240 5077 3487 5144 philoso-

1910 5171 2017 5240 pho
2041 5182 2340 5227 amatorem
2378 5172 2601 5225 factum.
2649 5172 2782 5238 Quis
2810 5170 2955 5226 enim
3001 5185 3246 5224 crassum
3282 5170 3489 5223 diceret

1913 5263 2064 5317 illum
2094 5264 2184 5332 qui
2213 5263 2492 5334 sapienter
2522 5264 2815 5333 respondet
2850 5263 3148 5316 ornandam
3175 5277 3296 5317 esse
3325 5276 3486 5332 gene-

1914 5357 2184 5410 rationem
2214 5397 2230 5422 ,
2273 5356 2364 5425 qui
2419 5354 2732 5408 convivium
2773 5370 2868 5422 pro
2917 5368 3013 5408 sua
3065 5365 3219 5424 parte
3271 5353 3527 5408 ordinat-

1910 5447 2240 5516 ctinjugique
2266 5446 2443 5502 debita
2481 5447 2676 5501 reddit.
2709 5448 2916 5516 Captus
2951 5461 3030 5514 es,
3081 5463 3113 5502 ο
3139 5445 3466 5501 ι·1ι;ιι·ἰεείιιιο

1720 5560 1949 5615 ΝΟΤλΕ.

198 5661 326 5715 dem
350 5656 500 5714 tlee5t
533 5655 585 5710 in
610 5655 797 5711 codice
829 5654 1136 5722 Vaticano;
1174 5664 1549 5712 vermntanten
1589 5656 1640 5711 in
1693 5657 2059 5715 Laurentiano
2106 5659 2342 5716 vicissim
2387 5659 2587 5716 desunt
2628 5660 2848 5730 reliquae
2895 5674 3016 5728 qua:
3090 5657 3143 5712 in
3211 5654 3478 5712 Vaticano

205 5739 510 5801 sequuntur
538 5741 751 5784 omnes.
