3978 6430
658 296 806 363 2783

1114 406 1371 463 LXXXII.
1409 407 1798 467 STEI’IIA‘NO.

734 497 904 556 Tuam
945 499 1315 555 celebritatem
1367 501 1692 556 denuntiant
1733 502 1916 558 omnia
1954 503 2008 560 in
2037 504 2236 573 quibus

659 594 813 648 viros
843 593 1014 648 bonos
1046 603 1376 662 cognoscere
1395 593 1676 661 subsistit;
1713 595 1860 650 sicut
1879 606 2228 665 expertorum

657 685 1051 748 testimonium,
1073 695 1362 752 superatur
1383 685 1518 742 actis
1543 701 1730 742 sermo
1745 727 1760 752 ,
1778 697 2006 757 postque
2027 702 2114 743 res
2127 704 2247 746 esse

662 776 912 840 videtur;
947 775 1184 831 studium
1235 775 1381 842 quod
1425 791 1643 844 seraper
1697 792 1824 847 erga
1858 791 1965 845 me,
2011 779 2245 834 maximo

661 883 782 922 meo
823 866 1037 932 honori,
1077 867 1314 922 habuisti
1343 907 1358 930 ,
1389 883 1532 922 nunc
1555 870 1859 937 praesertim
1885 869 2055 940 pluris
2073 870 2238 938 facio,

657 975 778 1014 cum
823 968 1030 1013 tantum
1074 960 1250 1017 virum
1289 959 1420 1013 mihi
1452 960 1747 1030 contigerit
1791 961 1946 1029 juxta
1982 961 2242 1016 brevissi—

654 1065 800 1104 mum
848 1049 944 1102 viae
994 1048 1338 1104 intervallum
1395 1048 1632 1116 abesse;
1673 1051 1923 1118 quamvis
1971 1049 2238 1120 simplici-

649 1154 750 1197 bus
819 1141 1017 1197 litteris
1087 1149 1333 1196 uteretur
1368 1182 1383 1206 ,
1423 1157 1528 1195 non
1623 1155 1840 1210 possem
1915 1141 2242 1211 respondere

641 1233 854 1305 jubenti
890 1249 904 1298 ;
929 1234 1064 1286 adeo
1095 1247 1288 1303 magna
1311 1231 1440 1286 mihi
1469 1230 1740 1288 incumbit.
1757 1231 2005 1288 molestia
2026 1241 2114 1287 tua
2135 1232 2243 1288 dis-

651 1323 902 1378 cessione
927 1306 1151 1390 alllieto,
1193 1333 1248 1378 et
1294 1325 1476 1382 omnis
1505 1324 1626 1384 vita:
1655 1333 1756 1380 tuae
1788 1322 2043 1377 virtutem
2093 1323 2238 1395 desit

645 1415 870 1483 derans,
904 1425 960 1470 et
1003 1423 1347 1486 quaecunque
1375 1415 1721 1487 prmveuiens,
1744 1415 2027 1470 denuntiat
2071 1414 2236 1482 fama,

645 1505 980 1576 experientia
1018 1505 1284 1574 fundata;
1341 1508 1414 1562 ita
1494 1516 1551 1562 ut
1609 1524 1804 1578 parum
1846 1507 2078 1571 abesset,
2106 1510 2238 1580 quin

647 1611 770 1651 cum
793 1613 898 1666 qua
934 1593 1073 1654 forte
1099 1598 1320 1655 indutus
1337 1614 1487 1654 eram
1513 1610 1663 1656 veste
1689 1603 1928 1658 venirem
1957 1603 2237 1659 familiari-

645 1687 751 1742 bus
795 1689 930 1744 meis
965 1706 1069 1745 non
1126 1691 1460 1749 valediceus.
1528 1693 1634 1750 Sed
1674 1693 1918 1764 quaedam
1965 1695 2224 1764 cogitatio

1977 301 2334 362 PROCOPII
2368 301 2614 362 GAZJEI

2265 422 2316 477 A

3743 297 3858 362 mi

2879 411 3005 464 nu'.
3045 409 3376 480 nmmo.-

2421 503 2530 576 Τὴν
2561 503 2834 575 ὑμετέραν
2869 501 3235 572 λαμπρότητα
3265 499 3520 571 κηρύττει
3547 500 3639 572 μὲν
3663 503 3750 558 ὅσα
3763 509 3862 573 τοὺς

2346 579 2584 665 ἀγαθοὺς
2649 591 2940 666 γνωρίζειν
2992 593 3193 664 ἄνδρας
3245 592 3562 646 ἐπίσταται·
3591 592 3733 658 ὡςδὲ
3777 601 3859 655 τῶν

2347 687 2718 761 πειραθέντων
2745 689 2778 758 ἡ
2813 685 3110 758 μαρτυρία,
3167 687 3387 738 νικᾶται
3414 687 3526 748 τοῖς
3549 685 3716 755 ἔργοις
3738 691 3764 742 ό
3791 691 3860 745 id.

2345 796 2462 847 γος,
2499 778 2728 832 καὶτῶν
2773 777 3116 847 πραγμάτων
3174 775 3410 829 κατόπιν
3435 771 3573 829 εἶναι
3599 777 3760 832 δοκεῖ’
3785 781 3877 852 τὴν

2344 869 2561 942 arma.
2581 869 2680 940 ἐμὲ
2711 868 2948 940 σπουδὴν
2976 867 3064 922 ἀεὶ
3095 867 3338 938 μεγίστῳ
3367 869 3744 938 παραδεδωκὼς
3764 871 3862 926 θαύ-

2351 981 2504 1036 ματι,
2535 963 2631 1017 νῦν
2657 963 2754 1032 οὐχ
2771 963 2976 1032 ἥκιστα
3002 959 3164 1014 τοῦτο
3189 958 3352 1022 ποιῶ,
3385 959 3582 1030 ὅτεπερ
3619 961 3768 1031 ἄνδρα
3793 982 3860 1033 μοι

2343 1057 2596 1111 τοσοῦτον
2617 1055 2836 1110 ἔπεισεν
2879 1053 2974 1109 ἐπὶ
3013 1051 3344 1124 μικρότατον
3369 1053 3541 1124 μῆκος
3569 1053 3680 1106 ὁδοῦ
3703 1055 3860 1110 δεῖνον

2341 1147 2418 1210 ὡς
2446 1148 2494 1199 εί
2519 1146 2616 1198 καὶ
2644 1144 2821 1214 ψιλοῖς
2853 1143 3126 1212 ἐχρήσατο
3151 1141 3497 1212 γράμμασιν,
3531 1142 3626 1196 οὐκ
3655 1142 3717 1197 ἆν
3741 1143 3863 1216 Εοχον

2343 1237 2646 1306 ἀντιλέγειν
2699 1235 3011 1289 κελεύοντι·
3061 1233 3204 1288 οὕτω
3235 1233 3294 1288 δέ
3357 1251 3449 1304 μοι
3503 1232 3637 1304 βαρὺ
3687 1237 3863 1306 φορτίον

2341 1328 2617 1399 ἐπέθηκεν
2675 1325 2980 1396 αἰδουμένῳ
3031 1325 3131 1397 τὴν
3187 1325 3395 1394 ἄφιξιν,
3453 1328 3550 1380 καὶ
3591 1326 3680 1380 τοῦ
3706 1331 3867 1393 παντὸς,

2342 1421 2460 1492 βίου
2515 1419 2612 1489 τὴν
2675 1419 2915 1488 ἀρετήν·
2970 1418 3065 1472 mi.
3124 1417 3228 1472 ὅσα
3275 1415 3625 1486 προλαϐοῦσα
3651 1417 3864 1488 κηρύττει

2341 1512 2524 1583 φήμη,
2575 1509 3031 1580 βεϐαιωθεῖσα,τῇ
3059 1508 3257 1580 πείρᾳ·
3294 1506 3443 1561 ὥστε
3473 1505 3668 1578 μικροῦ
3691 1507 3783 1562 δεῖν
3809 1511 3864 1574 ὡς

2339 1599 2484 1672 εἶχον
2520 1602 2799 1673 σχήματος
2830 1602 3087 1672 εἱπόμην,
3122 1599 3256 1670 μηδὲ
3311 1601 3424 1662 τοῖς
3451 1597 3670 1662 οἰκείοις
3695 1599 3865 1670 χαίρειν

2339 1694 2510 1748 είπών
2529 1711 2543 1724 ·
2577 1693 2712 1748 ἀλλά
2744 1693 2812 1764 μέ
2839 1709 2922 1756 τις
2955 1692 3136 1746 ἔννοια
3191 1690 3350 1761 μόλις
3378 1690 3610 1760 ἐπέσχεν
3633 1691 3864 1762 ὁρμῶντα,

645 1778 793 1834 subit
852 1779 906 1834 in
952 1795 1038 1836 me
1109 1783 1344 1840 excitato
1383 1823 1399 1850 ,
1447 1787 1692 1841 censenti
1742 1784 1877 1840 nihil
1951 1786 2222 1856 deSpicere

2337 1781 2685 1852 λογιζόμενον
2713 1757 2774 1836 τό
2809 1781 2972 1854 μηδὲν
3009 1757 3278 1852 ὑπερορᾷν
3301 1757 3583 1850 πατρίδος,
3617 1757 3674 1832 ἐν

644 1871 897 1939 patriam,
923 1873 976 1927 in
1003 1889 1105 1944 qua
1135 1875 1365 1944 primum
1391 1876 1557 1932 solem
1577 1877 1705 1944 vidi,
1731 1885 1787 1932 et
1812 1877 2090 1948 pulchrius
2111 1893 2222 1937 esse

2331 1895 2424 1931 τον
2455 1873 2604 1931 εἶδον-
2639 1876 2732 1930 τδν
2763 1875 2919 1947 ἣλιον
2944 1889 2958 1905 ⁸
2993 1875 3089 1929 καὶ
3126 1875 3204 1939 ὡς
3233 1873 3400 1928 καλὸν
3433 1875 3505 1930 τὰ
3539 1874 3673 1946 πρὸς
3702 1871 3868 1944 ταύτην

645 1973 772 2029 erga
797 1960 968 2028 illam,
1003 1979 1124 2034 qua:
1143 1964 1290 2034 justa
1351 1975 1500 2035 sunt,
1565 1983 1813 2035 servare,
1845 1985 2007 2039 quam
2035 1985 2222 2026 aurum

2332 1969 2522 2022 δίκαια
2585 1967 2901 2037 φυλάττειν,
2936 1965 3131 2038 ἢπολὺ
3176 1967 3482 2038 κεκτῆσθαι
3539 1965 3878 2036 χρυσίον·καὶ.

649 2052 932 2120 possidere
975 2071 992 2123 ;
1029 2066 1082 2110 et
1139 2065 1321 2114 tantos.
1349 2070 1570 2116 exteros
1611 2061 1761 2116 cieca
1818 2073 1904 2115 me
1936 2071 2222 2132 praesentes

2335 2060 2518 2126 ξένους
2540 2058 2832 2123 τοσούτους
2861 2059 2930 2114 δι’
2963 2059 3074 2130 ἐμὲ
3097 2059 3372 2130 παρόντας
3402 2057 3692 2134 ὑπεριδεῖν.

643 2152 1020 2202 contemnere.
1084 2165 1101 2182 κ

1159 2239 1447 2300 LXXXIII.
1484 2244 1734 2304 ΡΕΤΒΟς

710 2327 916 2385 Gratus
945 2330 1283 2403 Epiphanius
1303 2337 1390 2392 cui
1419 2340 1530 2396 tuis
1561 2341 1757 2397 litteris
1780 2357 2030 2413 magnam
2061 2345 2238 2401 bene~

642 2417 936 2475 volentiam
969 2423 1185 2490 tribuis,
1214 2426 1352 2480 mihi
1393 2429 1632 2490 amicitia
1663 2432 1939 2502 vincitur;
1978 2449 2228 2504 magnam

641 2507 971 2566 inomuibus
1003 2513 1340 2583 diligentiam
1385 2521 1642 2585 ostendit,
1672 2535 1792 2591 qua:
1837 2531 1962 2578 sunt
2015 2525 2230 2592 juvenis

639 2617 747 2656 non
790 2603 1167 2673 manifestans,
1189 2608 1281 2664 sed
1307 2619 1454 2666 lotus
1478 2610 1678 2668 litteris
1709 2614 1942 2682 deditus,
1979 2615 2228 2672 reflexit)-

641 2693 1100 2766 niquciutentus;
1137 2701 1279 2769 quod
1340 2714 1717 2772 argumentum
1762 2715 1846 2762 est
1897 2694 2226 2763 calumniam

639 2795 828 2840 eoutra
891 2787 1034 2844 illum
1088 2790 1255 2848 fuisse
1289 2794 1630 2863 instructam,
1657 2797 1958 2869 falsumque
1986 2800 2115 2856 illud
2145 2801 2226 2856 vi-

2922 2239 3043 2292 ur'.
3068 2239 3312 2310 ΠΕΤΡῼ.

2417 2333 2475 2388 ’0
2503 2331 2666 2396 καλὸς
2733 2330 3054 2401 Ἐπιφοὶνιος
3101 2332 3214 2392 τοῖς
3260 2329 3553 2400 ὑμετέροις
3615 2328 3883 2400 γράμμασι·

2332 2425 2596 2497 πλείστην
2649 2423 2993 2494 ἐπαγόμενος
3051 2420 3288 2487 εὔνοιαν,
3350 2421 3586 2490 συνέστη
3617 2420 3710 2492 μὲν
3729 2419 3868 2484 οὕτως

2307 2519 2478 2588 κὲμοὶ,
2533 2517 2768 2588 σπουδὴν
2797 2515 2858 2570 δὲ
2886 2517 3070 2588 πᾶσαν
3105 2512 3419 2580 ἐπεδείξατο
3487 2511 3722 2584 λογικὴν,
3761 2511 3866 2582 μηδὲ

2329 2585 2439 2663 των
2483 2609 2586 2662 ὅσα
2633 2585 2790 2678 φέρει
2848 2585 3038 2676 νεῖςτης
3097 2603 3573 2676 ἐπιδεικνύμενος,
3627 2602 3734 2656 ἀλλ’
3772 2601 3866 2656 ὅλον

2329 2700 2494 2754 αὑτὸν
2521 2701 2635 2763 τοῖς
2663 2699 2845 2768 λόγοις
2887 2697 3124 2761 ἐνδιδοὺς
3158 2697 3254 2752 καὶ
3284 2699 3352 2768 τῇ
3387 2696 3594 2768 μελέτῃ
3626 2710 3866 2766 προσκαρ-

2325 2792 2534 2862 τερῶν·
2579 2791 2608 2845 ὃ
2655 2791 2720 2862 δὴ
2773 2790 2867 2844 καὶ
2930 2789 3232 2860 τεκμήριον
3269 2784 3412 2843 εἶναι
3464 2787 3612 2842 δοκεῖ
3663 2785 3749 2840 τοῦ
3787 2785 3864 2858 τὴν

637 2875 750 2930 deri
775 2881 915 2948 quod
937 2881 1064 2935 olim
1093 2882 1507 2954 denuntiatum;
1538 2889 1845 2946 otiosorum
1869 2891 2012 2946 enim
2033 2891 2138 2946 ista
2165 2900 2219 2946 et

2328 2883 2668 2956 κατηγορίαν
2725 2881 3072 2936 πεπλᾶσθαι·
3127 2881 3221 2934 καὶ
3263 2863 3465 2952 ψευδὲς
3519 2875 3656 2935 εἷναί
3709 2896 3797 2932 που
3817 2877 3864 2930 τὸ

637 2969 832 3022 utentis
848 2985 914 3024 ex
932 2970 1228 3028 irrationali
1242 2976 1354 3030 otio
1371 2977 1424 3030 in
1440 2992 1502 3032 ea
1522 2993 1763 3048 quae-non
1779 2978 2021 3048 deberet,
2041 2979 2221 3035 illatae.

2328 2976 2496 3035 πάλαι
2549 2975 2947 3047 θρυλλούμενον
2983 2991 2998 3007 ·
3046 2974 3366 3046 ἀργούντων
3411 2973 3524 3044 γὰρ
3579 2973 3752 3025 ἐκεῖνα
3790 2969 3866 3022 καὶ

636 3057 894 3116 Isocratis
926 3063 1188 3123 obediens
1253 3069 1559 3138 praeceptis,
1589 3079 1644 3123 et
1678 3079 2010 3126 consumens
2055 3070 2222 3125 otium
2251 3098 2294 3158 ρ

634 3152 759 3205 vitae
775 3153 1044 3210 audiendo
1067 3171 1363 3219 sermones.
1383 3175 1487 3213 non
1507 3161 1598 3214 dat
1646 3161 2020 3215 calumniatori
2067 3160 2225 3216 moti-

2326 3070 2565 3132 διανοίας
2595 3067 2660 3133 ἐξ
2681 3067 2883 3137 ἀλόγου
2925 3067 3120 3138 σχολῆς
3155 3065 3241 3136 ἐφ’
3282 3065 3319 3121 δι
3351 3065 3429 3136 μὴ
3471 3065 3553 3118 δεῖ
3575 3062 3864 3134 φερομένης.

2341 3161 2644 3232 Ἰσοκράτει
2672 3159 2730 3212 δέ
2758 3176 2845 3222 τις
2895 3157 3223 3228 πειθόμενος,
3244 3155 3338 3210 καὶ
3367 3153 3769 3210 καταναλίσκων
3786 3149 3864 3220 τὴν

633 3256 758 3296 vum
808 3246 1000 3302 merito
1018 3247 1684 3320 calumniandi;quamvis
1703 3253 1818 3322 ipse
1853 3253 2028 3318 sileat,
2051 3251 2218 3307 vitam

2326 3253 2422 3308 τοῦ
2477 3253 2591 3323 βίου
2652 3250 2861 3322 σχολὴν,
2889 3251 2970 3314 εις
3025 3249 3124 3321 τὴν
3151 3247 3466 3316 τῶν-λόγων
3499 3246 3790 3316 φιληκοΐαν,
3815 3243 3862 3295 οὔ

633 3335 796 3390 habet
817 3341 884 3392 ad
908 3339 1124 3396 laudem
1156 3342 1500 3399 inducentem
1525 3361 1540 3410 ;
1567 3345 1772 3399 utinam
1794 3341 2013 3416 juvenis
2035 3344 2207 3414 magis

633 3431 876 3486 intendat
891 3433 1396 3507 studio,nostraque
1411 3438 1474 3492 de
1488 3439 1575 3494 illo
1589 3433 1712 3508 spes
1725 3455 1830 3506 non
1849 3441 1920 3496 sit
1931 3439 2216 3495 frustrata.

2324 3343 2508 3398 δίδωσι
2539 3340 2851 3411 συκοφάντῃ
2887 3339 3045 3408 λόγον
3073 3337 3148 3400 ὡς
3175 3336 3404 3400 εἰκότως
3431 3335 3548 3408 ἄρα.
3572 3333 3860 3404 κατηγορεῖ·

2323 3435 2426 3490 κᾶν
2459 3435 2570 3507 γὰρ
2593 3433 2755 3497 αὐτὸς
2785 3431 2983 3502 σιγῲη,
3019 3429 3112 3483 τὸν
3145 3428 3258 3499 βίον
3283 3427 3398 3498 ἔχει
3437 3428 3576 3498 πρὸς
3607 3421 3862 3491 ἀπολογίαν

631 3521 934 3592 ἀρκούνταο
959 3524 1174 3593 γένοιτο.
1195 3527 1249 3582 δὲ
1284 3529 1378 3582 καὶ
1406 3529 1496 3582 τὸν
1523 3530 1641 3584 νέον
1669 3531 1870 3601 μᾶλλον
1892 3531 2194 3585 ἐπιδιδόναι
2229 3527 2366 3601 πρὸς
2393 3527 2616 3596 λόγους,
2643 3524 2740 3578 καὶ
2763 3523 2914 3595 ἡμᾶς
2938 3522 3036 3593 τῆς
3068 3519 3164 3572 ἐπὶ
3217 3518 3396 3588 τούτῳ
3462 3517 3540 3589 μὴ
3598 3509 3862 3585 διαμαρτά-

631 3633 744 3670 νειν
765 3617 998 3678 ἐλπίδος,

631 3637 744 3670 νειν
765 3637 920 3672 unto
955 3637 998 3678 ι’,

631 3637 1313 3772 ιιΧΧΧιν.ΟΞΑο11Αῐιι,Ε
1347 3717 1432 3771 ET
1457 3715 1767 3774 PlIlLIPPO
1791 3719 2206 3776 FliATRIBUS.

701 3805 1052 3862 Adtuirabilis
1100 3805 1448 3872 Timotheus,
1480 3809 1621 3866 hanc
1660 3809 1844 3866 ferens
1885 3813 2203 3880 epistolam,

630 3896 852 3966 utrique
900 3909 1142 3954 vestrum
1183 3902 1453 3956 scribendi
1503 3903 1552 3956 in
1596 3904 1851 3972 praesenti
1894 3914 1976 3960 cst
2033 3905 2207 3972 ratio;

628 4001 787 4058 patre
815 3998 966 4046 ortus
984 4003 1266 4049 mansueto
1295 3983 1640 4065 maximeque
1665 3997 1996 4068 tranquillus
2023 3998 2076 4052 in
2123 4013 2211 4053 se-

635 4077 755 4146 ipso
797 4081 1098 4148 genitorem
1139 4083 1472 4149 circumfert,
1541 4100 1750 4140 morum
1802 4088 2212 4144 ,verecundiam

2461 3711 2581 3764 Π’Δ’.
2619 3704 2922 3777 ΖΑΧΑΡΙᾼ
2941 3705 3064 3758 ΚΑΙ
3089 3701 3379 3774 ΦΙΛΙΠΠῼ
3403 3697 3748 3754 ΑΔΕΔΦΟῘΣ;

2396 3803 2455 3857 '0
2493 3799 2807 3870 Θαυμαστὸς
2831 3795 3116 3867 Τιμόθεος,
3147 3795 3176 3848 ὁ
3201 3791 3407 3862 ταύτην
3439 3790 3622 3861 φέρων
3655 3787 3745 3856 τὴν
3765 3784 3862 3836 ἐπι-

2317 3897 2511 3966 στολὴν
2537 3892 2632 3947 τοῦ
2675 3891 2774 3963 μὲν
2817 3889 3067 3952 ἀλλήλοις
3099 3885 3337 3956 γράφειν
3379 3882 3476 3936 ἐπὶ
3513 3881 3606 3935 τοῦ
3633 3877 3862 3949 παρόντος

2317 3987 2466 4042 ἐστὶν
2514 3985 2654 4056 ἀρχή
2695 3999 2708 4013 ·
2767 3981 2976 4050 πατρὸς
3027 3979 3086 4032 δὲ
3127 3977 3418 4046 τυγχάνων
3481 3966 3863 4040 ἐπιεικοῦςξκαὶ

2315 4077 2439 4131 λίαν
2469 4074 2827 4145 ἀπράγμονος
2849 4071 2906 4126 ὲν
2927 4067 3106 4137 ἑαυτῷ
3141 4065 3434 4136 περιφέρει
3486 4063 3580 4116 τὸν
3632 4060 3870 4130 φύσαντα,¹

631 4169 778 4224 vultu
800 4185 898 4226 suo
925 4172 1280 4231 manifestans
1300 4193 1314 4244 ;
1331 4177 1602 4232 erubescit
1627 4177 1772 4234 e‘nim
1801 4178 2002 4248 subito,
2021 4180 2065 4234 si
2091 4180 2213 4248 quis

2326 4170 2411 4241 τὴν
2433 4167 2542 4221 τῶν
2557 4167 2774 4238 τρόπων
2800 4162 3086 4218 εὐσέϐειαν
3101 4159 3198 4212 ἐπὶ
3219 4159 3316 4212 τοῦ
3341 4155 3641 4228 προσώπου
3658 4151 3858 4212 δεικνύς

630 4261 778 4316 illum
819 4262 1018 4331 laudet,
1043 4265 1088 4321 si
1113 4267 1284 4322 solum
1311 4270 1552 4338 aspicere
1583 4271 1729 4326 velit.
1763 4269 1863 4326 Hie
1918 4281 2208 4341 propterea

2326 4240 2544 4332 ἐρυθριᾷ
2587 4257 2720 4327 γοῦν
2782 4255 3040 4326 ετοίμως,
3076 4253 3180 4308 κᾶν
3210 4269 3296 4341 τις
3326 4249 3496 4305 αὑτὸν
3527 4249 3738 4341 ἐπαινῇ,
3778 4240 3863 4341 κᾷν

643 4355 850 4424 regiam
894 4357 1082 4411 urbem
1120 4360 1290 4425 venit,
1323 4360 1632 4432 indigetque
1667 4377 1847 4418 veStra
1875 4364 2209 4420 auctoritate

2326 4353 2644 4410 ὶποδλέπειν
2699 4351 2869 4421 μόνον.
2911 4347 3098 4418 ἐθέλῃ.
3163 4337 3336 4408 Οὗτος
3364 4345 3495 4398 ὅτου
3515 4342 3580 4412 δὴ
3608 4333 3862 4432 χάρινᾼτὴν

631 4449 684 4500 in
737 4448 935 4518 quibus
1001 4453 1268 4520 poteritis,
1325 4427 1589 4508 auxilium
1622 4456 1866 4512 facileilli
1907 4459 2202 4525 pratbente.

2326 4445 2563 4500 Βασιλίδα
2623 4443 2780 4525 πόλιν
2810 4441 3122 4511 κατείχετο,
3160 4437 3256 4492 καὶ
3291 4437 3464 4490 δεῖται
3497 4435 3600 4504 τῆς
3628 4427 3862 4502 ὑμετέρας

633 4537 763 4590 Illud
802 4537 1062 4594 facientes
1088 4543 1224 4610 grati
1248 4543 1402 4598 eritis
1437 4544 1571 4600 viris
1605 4546 1784 4610 bonis,
1816 4524 2017 4616 quibus
2071 4545 2207 4601 nihil

2326 4537 2512 4608 Βοπῆς,
2550 4539 2608 4590 ὲν
2636 4524 2718 4598 οἷς
2751 4535 2817 4589 ἂν
2849 4533 3086 4603 δύνησθε
3148 4526 3469 4600 συμμαχίαν
3499 4526 3700 4582 ἄλυπον
3725 4533 3863 4591 χορη-

630 4627 824 4686 melius
851 4633 1196 4701 cognoscitur
1227 4649 1388 4704 quant
1422 4637 1604 4692 colere
1633 4637 1916 4714 virtutem.

1147 4899 1413 4959 Lxxxv.
1451 4903 1702 4974 llSDEM.

701 4995 950 5055 Praesens
997 5011 1192 5063 annus,
1233 5005 1292 5052 ut
1347 4997 1584 5062 videtur,
1629 5000 1940 5070 frequentes
1979 5015 2008 5054 a
2049 5001 2206 5058 nobis

609 5101 824 5154 .preces
858 5087 1106 5158 perferet.
1133 5089 1309 5157 justas
1343 5097 1548 5154 tamen,
1569 5099 1623 5144 et
1643 5091 1861 5160 dignum
1890 5091 2046 5148 laude
2069 5109 2206 5164 prae-

633 5185 834 5232 textum
883 5180 1162 5246 habentes,
1213 5179 1258 5234 si
1301 5179 1421 5248 quis
1445 5181 1582 5235 bona
1633 5182 2114 5249 menteprzeditus,
2151 5191 2206 5238 et

638 5268 884 5324 moribus
914 5265 1195 5338 .G'raacns,
1247 5271 1571 5328 beneficium
1629 5289 1687 5328 se
1745 5283 2002 5342 prtestare
2053 5275 2206 5330 malit

629 5373 790 5428 quam
831 5359 1062 5429 priorem
1102 5363 1378 5435 accipere.
1414 5364 1485 5418 Ea
1512 5381 1675 5436 porro
1718 5365 2201 5436 itttprmsentiarttttt

633 5452 950 5520 Iudigemia.
993 5453 1164 5519 Nilus,
1197 5457 1281 5510 vir
1329 5457 1742 5522 celeberrimus,
1780 5458 1870 5526 qui
1901 5458 2065 5512 vitam
2097 5458 2206 5515 Deo

625 5545 986 5608 (tottseeravit,
1021 5545 1074 5600 in
1108 5549 1240 5603 urbe
1265 5551 1483 5620 quidem
1521 5552 1752 5617 habitat,
1783 5561 1954 5608 matre
1981 5555 2046 5610 de
2086 5553 2206 5624 ipso

627 5633 883 5700 sollicita,
911 5633 1059 5693 illius
1105 5649 1446 5696 senectutem
1498 5642 1658 5698 simul
1701 5652 1753 5698 et
1785 5643 1908 5698 inde
1935 5645 2200 5699 orientem

628 5724 996 5813 infirmitatem
1050 5730 1258 5788 fovens.
1307 5731 1495 5802 Neque
1556 5742 1736 5802 tamen
1804 5737 1982 5793 minus
2039 5753 2201 5810 quam

2311 4631 2516 4702 γούσης
2535 4647 2550 4663 ⁸
2584 4633 2744 4684 τοῦτο
2769 4629 2827 4683 δὲ
2859 4626 3168 4690 ποιοῦντες,
3221 4624 3484 4694 ἀνδράσιν
3508 4620 3692 4676 ἔσεσθε
3729 4632 3861 4686 κεχα-

2313 4726 2558 4800 ρισμένοι
2598 4725 2853 4796 χρηστοῖς
2871 4738 2886 4754 ⁸
2917 4713 2979 4775 οὗ
2999 4720 3185 4792 μεῖζον
3209 4719 3359 4772 οὐδὲν
3381 4719 3498 4780 τοῖς
3527 4715 3690 4786 τιμᾷν
3715 4713 3859 4779 ἐγνω-

2312 4819 2434 4874 κόσι
2463 4820 2560 4890 τὴν
2595 4819 2821 4890 ἀρετήν..

2837 4907 2967 4962 ΠΕ’.
3004 4905 3134 4972 Τοῖς
3147 4902 3376 4968 αὐτοῖς.

2383 5004 2456 5058 To
2487 5001 2682 5074 παρὸν,
2713 5001 2788 5064 ὡς
2819 4998 3019 5064 ἔοικεν,
3049 4996 3168 5060 ἔτος
3200 4995 3413 5066 δεήσεις
3438 4989 3738 5063 παρ’ἡμῶν
3759 4986 3857 5039 δια-

2309 5093 2528 5170 κομίσει
2577 5096 2811 5159 πυκνὰς,
2876 5094 3014 5166 πλὴν
3071 5089 3164 5147 οὖν
3212 5091 3428 5154 δικαίας
3482 5089 3582 5142 καὶ
3619 5084 3856 5156 πρόφασιν

2308 5191 2540 5262 ἐχούσας
2593 5188 3016 5256 ἐπαινουμένην,
3047 5184 3115 5240 ἄν
3159 5201 3242 5246 τις
3293 5181 3592 5250 εὐγνώμων
3639 5177 3726 5230 καὶ
3779 5171 3853 5224 τὸν

2309 5285 2510 5355 τρόπον
2548 5282 2881 5349 Ἑλληνικδς,
2904 5281 3065 5350 χάριν
3095 5276 3162 5330 ἂν
3193 5277 3386 5347 ἡσθείη
3411 5272 3661 5342 διδοὺς-,ἣ
3689 5263 3854 5355 προτέ·

2310 5354 2420 5445 ρων
2440 5373 2748 5443 δεχόμενος·
2774 5369 2998 5438 τοιαύτη
3017 5367 3074 5421 δέ
3107 5385 3189 5430 τις
3220 5366 3330 5419 τῶν
3357 5365 3636 5436 παρόντων
3655 5354 3846 5430 ἡχρεία·

2305 5465 2545 5528 Νεῖλόςό
2574 5461 2904 5530 λογιώτατος
2933 5460 3052 5530 Θεῷ
3097 5459 3198 5513 τὸν
3261 5457 3375 5529 βίον
3447 5452 3680 5516 ἀναθεὶς,
3722 5445 3848 5540 πόλιξ

2311 5557 2408 5626 μὲν
2430 5556 2570 5608 οἰκεῖ
2618 5553 2823 5625 μητρὸς
2849 5552 2937 5604 ἐπ’
2970 5550 3121 5621 αύτῷ
3152 5548 3504 5614 σαλευούσης,
3539 5545 3706 5613 γῆρας
3735 5539 3846 5626 5???

2307 5645 2644 5718 θεραπεύων.
2705 5644 2800 5698 καὶ
2837 5643 2934 5715 τὴν
2963 5641 3212 5696 ἐντεῦθεν
3249 5639 3534 5694 ἀσθένειαν
3559 5653 3571 5665 ·
3595 5631 3696 5686 οὐδ’
3717 5628 3773 5681 ἂν
3798 5620 3848 5716 δδ.

2306 5723 2469 5810 ἦὲτδν
2499 5736 2728 5805 πολλῶν»
2754 5737 2884 5806 ἴσθι,
2918 5734 3004 5790 ἐπ’
3032 5734 3268 5806 ἐρημίας
3297 5723 3690 5786 οἰκούντων-ἐπ’
3717 5718 3839 5772 5'35?
