3978 6438
123 308 276 384 ⁸2785
1552 300 1680 366 ῈΡΙ
1688 296 1960 367 ΞἹὉῙΛΕ.
3246 317 3385 383 2786

138 428 257 493 ϐείᾳ
286 417 633 493 γνωρίζεταιο
669 416 841 471 οἶκίαν
868 415 925 469 δὲ
956 414 1295 485 κεκτημένος
1320 413 1485 468 τόπον
1510 414 1703 484 ὑψηλὸν

1818 416 1970 470 multi
1996 418 2049 472 in
2075 418 2368 474 solitudine
2406 418 2661 490 degentes
2691 429 2916 491 propter
2954 423 3208 492 pietatem
3242 431 3386 484 cele-

136 483 365 589 ἐχούσης
395 514 488 567 τὸν
511 510 936 582 παρακείμενον,
975 509 1216 578 γείτονος
1239 507 1515 561 ἀπέλαυσε
1550 523 1703 576 πονη-

1818 503 2028 560 bratur.
2062 505 2196 563 Cum
2224 519 2404 563 autem
2434 509 2653 564 domum
2690 512 3026 580 acquisierit,
3061 531 3181 585 qua:
3215 517 3394 572 locum

139 609 253 681 ροῦ,
314 606 375 670 ὃς
435 604 657 676 θυρίδας
718 603 861 657 κατὰ
907 601 1003 654 τοῦ
1037 601 1113 674 μὴ
1146 601 1520 671 προσήκοντος
1551 597 1713 669 ψιλοῦ

137 701 462 772 νεωτερίσας
494 698 666 763 τινὰς,
703 699 836 769 πρὸς
870 697 968 766 μὲν
1002 697 1062 750 τὸ
1100 696 1272 766 παρὸν
1302 694 1572 765 ὡμολόγει
1606 711 1714 766 μη-

118 784 216 849 δὲν
250 791 505 863 ἐμποδὼν
532 790 771 849 ἔσεσθαι.
804 788 1006 852 ταύτας
1030 789 1336 858 οἰκοδομεῖν
1365 787 1677 859 βουλομένῳ
1695 804 1711 821 ο

132 887 203 948 ὡς
225 886 281 939 δὲ
300 885 398 936 νῦν
431 885 510 945 είς
540 882 700 954 ἔργον
726 878 858 952 ἦλθε
888 883 916 934 ό
953 882 1131 948 λόγος,
1174 882 1404 953 κώλυμα
1438 883 1538 947 τὰς
1562 879 1713 954 θῦρί-

133 979 223 1041 δας
256 974 637 1047 προϐάλλεται
656 994 668 1006 ·
706 974 896 1046 ὥσπερ
925 975 1080 1044 δίκην
1104 975 1353 1028 ἁπαιτῶν
1378 976 1458 1028 ὃτι
1488 975 1713 1045 παρεῖδε

134 1067 660 1136 καινὸτομούμενος·
696 1067 839 1138 ὁρῶν
873 1068 928 1120 δὲ
961 1069 1072 1131 τοῖς
1113 1068 1341 1132 δικαίοις
1377 1069 1713 1140 πανταχόθεν

134 1160 321 1216 ἑαυτὸν
350 1157 740 1229 ἐξωθούμενον,
793 1160 1149 1230 παρείσδυσιν
1175 1146 1356 1230 ἐαυτῷ
1393 1160 1714 1224 δυναστείας

133 1254 375 1307 ἐπινοεῖ·
405 1253 499 1304 καὶ
521 1251 591 1310 τὸ,
615 1250 873 1321 μέγιστον
902 1251 1093 1321 ἀνδρὸς
1126 1254 1238 1315 τοῖς
1260 1251 1496 1314 δικαίοις
1540 1254 1714 1321 ἐγνω-

133 1347 284 1407 κότος
312 1343 402 1397 ἀεί
422 1360 436 1374 ”
474 1346 553 1405 εἰς
584 1344 692 1413 γὰρ
714 1343 804 1396 τὸν
837 1344 1002 1397 πολὺν
1023 1346 1230 1398 ἐκεῖνον
1253 1344 1475 1398 ὠθεῖται
1510 1345 1715 1421 Νεστότ

133 1456 263 1509 ριον,
290 1434 371 1508 τῷ
405 1436 479 1508 μὴ
502 1439 759 1507 παρεῖναι
809 1438 902 1491 τὸν
960 1438 1127 1508 ἄνδρα
1161 1438 1379 1511 θαρρῶν
1400 1456 1415 1472 ·
1462 1442 1573 1502 τοῖς
1603 1441 1713 1511 γὰρ

133 1530 275 1600 αὐτῷ
317 1530 690 1601 προσήκουσιν
718 1531 798 1592 είς
834 1530 1152 1602 συμμαχίαν
1175 1532 1540 1602 χρησάμενος,
1567 1532 1712 1603 ὠνὴν

133 1625 207 1685 εἰς
231 1623 393 1675 αὐτόν
416 1639 538 1675 τινα
568 1622 704 1685 πρὸς
738 1623 1080 1691 κακουργίαν
1114 1623 1388 1677 ἐπλάσατο
1420 1623 1482 1677 τὸ
1503 1624 1712 1678 δίκαιον

128 1709 296 1777 ὄνομα
319 1723 331 1735 ·
365 1708 462 1761 καὶ
497 1712 634 1779 πρὸς
660 1709 874 1763 ἀδικίαν
907 1709 1038 1780 ὓλην
1073 1710 1277 1777 λαϐὼν,
1306 1713 1399 1765 καὶ
1428 1713 1553 1777 τοὺς
1588 1712 1710 1767 κατ’

1816 597 2090 652 excelsum
2143 599 2506 670 propinquum
2548 602 2733 668 habet,
2766 603 2950 658 vicino
3013 608 3250 675 quodam
3295 609 3397 663 im-

1817 689 1987 758 probo
2017 691 2204 756 utitur,
2235 707 2356 762 quae
2392 693 2656 751 fenestras
2682 705 2870 750 contra
2905 696 2995 765 jus
3030 712 3191 753 omne
3238 700 3396 754 inno-

1816 793 1973 847 vaus,
2022 783 2278 850 praesenti
2324 784 2540 854 quidem
2579 795 2823 857 tempore
2862 788 3218 857 proﬁtebatur
3261 791 3396 847 nihil

1817 873 2083 928 obstaculi
2116 876 2231 931 fore
2272 892 2367 932 eas
2421 878 2692 933 aediﬁcare
2738 881 2962 935 volenti.
3011 881 3163 937 Nune
3211 894 3391 938 autem

1810 977 1937 1018 cum
1970 966 2037 1019 ad
2066 982 2202 1037 Opus
2239 984 2419 1023 sermo
2463 970 2700 1037 devenit,
2736 969 3003 1026 fenestras
3037 973 3392 1042 impedimen-

1818 1061 1929 1107 tum
1988 1057 2310 1124 praatendit,
2354 1061 2509 1127 quasi
2548 1059 2810 1129 justitiam
2851 1075 3100 1132 repetens
3129 1067 3271 1133 quod
3305 1066 3393 1120 in-

1816 1160 2022 1201 novans
2052 1146 2140 1214 jus
2181 1149 2612 1216 praetermiserit.
2652 1149 2785 1204 Cum
2820 1166 2953 1205 vero
2995 1144 3394 1209 animadvertat

1817 1249 1877 1290 se
1926 1237 2170 1306 undique
2205 1253 2232 1292 a
2263 1239 2389 1309 jure
2415 1237 2719 1307 extrusum,
2757 1243 2822 1297 ad
2860 1248 3161 1314 potentiam
3203 1247 3394 1302 coniu-

1804 1341 1942 1394 .gere
1969 1330 2265 1399 excogitat,
2306 1340 2471 1400 atque
2524 1333 2634 1388 imo
2688 1335 2791 1388 viri
2835 1335 3119 1405 cujusdam
3165 1339 3255 1407 qui
3305 1339 3395 1407 ju-

1819 1416 2025 1471 stitiam
2053 1433 2269 1489 semper
2297 1422 2524 1491 diligere
2553 1423 2928 1479 statuit.l|lum
2958 1429 3099 1481 enim
3127 1439 3394 1496 prmstan-

1817 1508 2087 1563 tissimum
2115 1512 2320 1566 invadit
2354 1512 2694 1579 Nestorium,
2730 1532 2834 1571 non
2883 1518 3075 1573 adesse
3115 1519 3390 1574 hominem

1816 1598 2484 1680 conﬁdens.Propinquos
2515 1607 2568 1659 in
2615 1607 2877 1661 auxilium
2926 1611 3219 1671 advocmts.
3265 1627 3392 1679 pre-

1818 1693 1950 1746 tium
1984 1694 2322 1764 sibialiquod
2351 1696 2417 1751 ad
2447 1699 2748 1754 nocendum
2785 1702 3056 1770 aequitatis
3089 1700 3289 1757 famam
3318 1703 3395 1755 ιι·-

139 1757 294 1777 --νΓν
367 1757 460 1761 --νη
505 1757 632 1779 έ-ετνν
663 1757 864 1763 -ν--πνη
913 1757 1032 1780 "'1'
1074 1757 1277 1777 -'-'"'1
1308 1757 1399 1765 "'"
1438 1757 1550 1777 ""I
1590 1757 1689 1767 ὀν’-

131 1800 289 1855 αὐτοῢ
329 1802 671 1871 πανταχόθεν
710 1801 966 1864 ἐπαίνους
994 1802 1703 1876 διαϐάλλειν,πειρώμενος⁴

1816 1772 2001 1850 ﬁnxit;
2049 1792 2103 1838 et
2150 1757 2216 1839 ad
2261 1783 2518 1853 injuriam
2553 1757 3021 1859 materiam-capit
3065 1800 3118 1845 et
3147 1794 3395 1862 proprias

134 1893 261 1946 ἀλλὰ
311 1894 487 1947 ταῦτα
522 1892 708 1964 μαθὼν
735 1895 802 1949 δι’
837 1896 1011 1966 ὑμῶν,
1050 1896 1288 1950 κωλύσει
1309 1900 1431 1959 ταῖς
1457 1898 1711 1965 ἀπειλαῖς

128 1988 215 2039 τὸν
234 1986 534 2041 ἀδικοῦντα
563 1988 628 2041 δι’
650 1988 843 2060 ἀνδρὸς
866 1990 1141 2059 τιμῶντος
1174 1989 1243 2044 τὰ
1272 1991 1482 2047 δίκαια.

689 2166 835 2233 Πςι.
874 2164 1126 2221 oPIoNI.

190 2242 261 2306 Ὅ
283 2255 382 2323 μὲν
451 2295 467 2310 .
522 2286 554 2310 λ.
631 2299 645 2313 .
681 2259 1099 2331 (1)λχαριεῖσθαι
1130 2264 1196 2335 τῇ
1230 2262 1514 2318 παιδεύσει
1541 2269 1605 2336 τῇ
1642 2269 1709 2337 σῇ

129 2333 185 2398 εί
204 2363 264 2413 γε
294 2347 377 2399 δεῖ
405 2347 718 2418 γράμματα
784 2391 797 2406 .
863 2369 880 2405 .‘
940 2391 956 2407 .
1017 2353 1114 2407 καὶ
1146 2333 1321 2410 ταῦτα
1342 2356 1511 2428 δήπου

134 2437 218 2489 ἐπὶ
256 2436 350 2489 τοῦ
382 2440 620 2509 γράφειν
651 2442 718 2494 ἀν
772 2482 787 2498 .
849 2438 877 2498 ’.
958 2485 972 2499 .
1051 2446 1153 2517 τῆς
1199 2448 1298 2518 μὲν
1329 2452 1408 2514 είς
1440 2451 1584 2520 ὑμᾶς
1614 2452 1708 2505 εύ-

135 2528 269 2592 νοίας
306 2529 396 2582 τὸν
423 2530 597 2602 ἄνδρα
641 2532 964 2604 τεθαύμακα
996 2538 1135 2607 μηδέ
1178 2539 1270 2592 τὸν
1336 2579 1351 2593 .
1434 2580 1447 2594 .
1526 2582 1549 2601 ο
1627 2542 1709 2595 εί-

134 2622 343 2695 δόμενον
373 2623 433 2689 ἐξ
467 2620 540 2679 ὧν
557 2621 697 2679 οἶδεν
726 2628 853 2697 ὑμῖν
877 2629 1258 2700 χαριούμενος·
1283 2632 1385 2703 τὴν
1409 2631 1468 2685 δὲ
1496 2633 1707 2704 σιωπὴν

136 2717 235 2785 ἡγα
306 2758 320 2771 .
392 2758 407 2773 .
486 2758 501 2773 .
575 2718 846 2790 ἐρυθριῶν
868 2736 881 2748 '
911 2721 1007 2774 καὶ
1043 2722 1206 2791 σοφὸν
1236 2706 1375 2793 ἔχων
1401 2725 1704 2778 ἐπιστεῖλαι

140 2808 312 2877 μηδὲν.
358 2811 448 2874 Ὠς
478 2810 586 2881 γὰρ
656 2813 754 2865 καὶ
810 2813 1061 2867 Πλάτωνι
1086 2814 1161 2885 τῷ
1197 2817 1491 2887 σοφωτάτῳ
1535 2818 1705 2881 δοκεῖ,

136 2898 225 2949 οὐκ
244 2898 382 2952 ἐστιν
413 2901 620 2970 ἀρετὴν
649 2902 848 2955 εἰδέναι
878 2920 931 2955 τι
960 2902 1034 2973 μὴ
1064 2907 1177 2966 τοῖς
1202 2903 1382 2975 ἔργοις
1412 2906 1547 2976 πρὸς
1575 2908 1707 2977 ἀρε·-

134 2988 222 3059 τὴν
244 2990 596 3061 ἐπειγόμενον
615 3007 628 3021 ⁶
659 2992 687 3045 ὃ
716 2992 772 3045 δὲ
795 2993 872 3064 μὴ
900 2993 1046 3048 ἔστιν
1069 2996 1289 3061 εἰδέναι,
1320 2996 1424 3050 κᾶν
1450 2998 1700 3070 ἐρυθριά-

134 3097 279 3150 σαιμι
308 3084 435 3151 περὶ
488 3083 681 3137 τούτου
729 3085 1103 3155 φθεγγόμενος
1132 3101 1148 3117 ⁸
1190 3089 1285 3141 καὶ
1327 3089 1501 3142 ταῦτα
1532 3090 1701 3143 ποιῶν

132 3170 308 3243 ὥσπερ
346 3173 411 3228 ἂν
433 3173 600 3237 εἴτις
629 3176 896 3246 μουσικὴν
926 3178 1049 3247 μηδ’
1088 3176 1226 3248 ὄναρ
1252 3179 1436 3244 εἰδὼς,
1478 3175 1600 3234 εἶτά
1620 3199 1702 3244 τις

144 3261 360 3333 Ὀρφεὺς
404 3261 551 3321 εἷναι
575 3268 743 3337 λέγοι,
776 3271 847 3324 τὰ
872 3271 1036 3342 θηρία
1061 3275 1126 3343 τῇ
1153 3273 1291 3344 λύρᾳ
1325 3276 1698 3345 χειρούμενος*

133 3355 235 3409 ἀλλ’
269 3360 443 3414 εἰδέοι
467 3360 575 3416 τῶν
609 3363 941 3432 κρουμάτων
970 3365 1305 3433 ἐφάψασθαι,
1340 3368 1514 3437 γέλως
1538 3370 1703 3433 εὐθὺς

133 3451 410 3521 ῥκόμπος,
480 3455 573 3509 καὶ
624 3458 804 3512 πάντα
835 3448 902 3529 δὴ
946 3461 1146 3530 ῥᾳδίως
1180 3442 1496 3535 ἐλέγχεται·
1537 3467 1733 3534 πόθεν,

133 3538 217 3596 οὖν
248 3543 316 3618 [ὃ]
350 3548 422 3618 μὴ
452 3549 675 3618 πέφυκα
696 3551 847 3620 παρὰ
875 3552 953 3624 τῷ
972 3554 1051 3625 σῷ
1077 3556 1207 3625 θείῳ
1232 3556 1545 3629 νομίζομαις
1566 3558 1702 3631 ἔφης

132 3650 180 3687 τι
204 3637 332 3708 πρὸς
360 3638 528 3693 αὑτὸν
558 3640 817 3722 πολλάκις
843 3644 995 3713 νόμῳ
1019 3646 1083 3717 δὴ
1105 3647 1288 3715 φιλίας
1307 3652 1699 3722 ἀποσεμνύνων

134 3726 254 3794 ἐμέ·
289 3732 316 3782 ι
349 3729 405 3783 δὲ
439 3731 534 3783 τὸν
574 3732 740 3786 πόθον
772 3714 833 3786 de
869 3714 1259 3803 σκοπῶπ),“ἀλλ’
1287 3744 1352 3795 ἐκ
1374 3714 1497 3797 τε)κὶ
1519 3745 1699 3817 ἔργων

135 3814 260 3873 εἶναι
313 3822 439 3885 τοὺς
477 3822 672 3893 λόγους
720 3825 1001 3901 οἰόμενος,
1054 3830 1279 3885 ἀπαιτεῖ
1327 3814 1580 3903 γενέσθαι
1629 3853 1698 3908 με

133 3910 357 3967 τοιοῦτον
379 3909 494 3967 οἷον
521 3931 590 3984 με
616 3916 729 3979 τοῖς
756 3916 933 3985 λόγοις
977 3920 1307 3986 ἀνέπλασας,
1340 3923 1433 3977 καὶ⁸
1470 3924 1564 3978 τοῦ
1601 3926 1696 3980 σοῦ

133 4000 345 4071 ψεύδους
403 4006 500 4063 νῦν
551 4010 783 4075 εὐθύνας
829 4012 1260 4082 εἰσπράττοντα’
1297 4017 1392 4068 καὶ
1433 4017 1699 4093 διελέγχω

135 4109 221 4146 σου
252 4098 371 4162 τοὺς
397 4100 611 4169 λόγους,
641 4103 741 4156 οὐκ
768 4102 908 4173 ἔχων
933 4104 1135 4175 ἀρετῆς
1163 4105 1419 4173 γενέσθαι
1440 4108 1698 4162 διδάσκα-

130 4180 239 4246 λος·
286 4188 423 4260 πλὴν
488 4191 677 4262 ἐπειδὴ
725 4192 865 4262 πρὸς
904 4193 964 4246 σέ
993 4211 1084 4263 μοι
1125 4196 1196 4249 τὰ
1241 4196 1569 4268 γράμματα,
1605 4198 1695 4253 δο-

132 4277 210 4328 κεῖ
247 4277 307 4350 δὴ
357 4281 521 4336 πάλιν
571 4282 895 4354 θαυμάζειν,
951 4284 1040 4339 ἵνα
1104 4285 1178 4356 μὴ
1218 4288 1413 4341 σαυτὸν
1463 4290 1699 4362 ἐλέγχῃς

128 4363 463 4439 ψευδόμενον.

1814 1870 2004 1929 laudes
2028 1874 2267 1944 undique
2301 1891 2560 1948 spargere
2587 1879 2797 1933 nititur.
2831 1878 2938 1934 Sed
2971 1890 3256 1950 postquam
3282 1881 3396 1937 haec

1812 1980 1912 2034 per
1948 1981 2050 2022 nos
2094 1967 2365 2036 didicerit,
2419 1970 2582 2026 minis
2632 1972 2945 2042 prohibebit
2992 1989 3116 2029 eum
3164 1976 3252 2043 qui
3301 1989 3398 2044 per

1814 2056 1993 2111 virum
2029 2057 2175 2127 .jnris
2198 2061 2743 2118 observantissimum
2777 2065 3031 2135 injuriam
3055 2066 3214 2124 facit.

2299 2153 2603 2211 LXXXVI.
2642 2155 2901 2212 ORIONI.

1884 2236 1978 2295 ille
2000 2242 2219 2310 quidem
2259 2244 2436 2315 (dicit)
2463 2261 2521 2301 se
2548 2248 2857 2318 disciplinae
2886 2256 2990 2306 tuac
3007 2251 3351 2309 tributurum
3374 2295 3391 2321 ,

1813 2335 1857 2388 si
1904 2344 2120 2404 oportet
2169 2338 2371 2408 scripta
2419 2338 2560 2409 (mea
2591 2341 2954 2398 admiratione
2997 2346 3298 2417 prosequi),
3338 2358 3396 2404 et

1812 2427 1927 2481 haec
1986 2429 2173 2484 dicens
2217 2430 2283 2485 de
2331 2430 2467 2503 (tua)
2510 2433 2784 2488 scribendi
2831 2433 2991 2506 (arte,
3046 2451 3150 2491 non
3197 2443 3392 2509 errat).

1812 2516 2000 2573 Virum
2028 2521 2244 2588 quidem
2274 2532 2503 2593 propter
2554 2525 2696 2579 hanc
2725 2524 2789 2579 in
2830 2540 2928 2581 vos
2947 2527 3391 2585 benevolentiam

1812 2611 2041 2666 miratus
2069 2629 2228 2681 sum;
2269 2630 2376 2669 non
2412 2625 2592 2671 autem
2634 2617 2778 2673 illius
2809 2619 3022 2689 (miror)
3054 2624 3392 2688 prudentiam

1809 2701 1862 2754 in
1899 2702 1965 2757 iis
1987 2720 2109 2774 quae
2136 2705 2288 2759 vobis
2311 2706 2522 2761 tribuit.
2547 2694 2790 2764 Silentio'
2808 2714 2933 2764 ‘utor
2963 2713 3312 2779 erubescens,
3338 2725 3394 2770 et

1810 2793 1945 2847 nihil
1974 2796 2193 2863 sapiens
2245 2797 2602 2852 scribendum
2651 2799 2876 2855 habens.
2918 2801 2982 2857 134
3008 2802 3153 2859 rnim
3200 2816 3253 2859 et
3296 2807 3394 2859 do-

1808 2885 2052 2942 ctissimo
2080 2886 2291 2943 Platoni
2320 2888 2554 2958 videtur,
2594 2906 2816 2948 noscere
2841 2894 3092 2949 virtutem
3127 2911 3230 2949 non
3264 2896 3393 2952 licet

1807 2979 1856 3033 ei
1883 2980 1974 3049 qui
2010 2995 2114 3036 non
2157 2997 2252 3051 per
2280 2997 2455 3052 opera
2505 2986 2571 3038 ad
2613 2986 2867 3041 virtutem
2918 2998 3187 3056 properat.
3236 2990 3391 3056 Quod
3490 2976 3499 2983 ’

1809 3080 1988 3124 autent
2017 3073 2161 3127 seire
2191 3089 2296 3127 non
2331 3074 2480 3141 licet,
2517 3077 2583 3132 de
2625 3077 2729 3132 hoc
2756 3078 2901 3149 loqui
2932 3094 3021 3134 me
3051 3082 3311 3151 puderet;
3335 3093 3390 3138 et

1807 3163 1858 3216 id
1883 3163 2090 3220 faciens
2115 3165 2313 3221 similis
2339 3181 2542 3236 essem,
2572 3182 2636 3224 ac
2664 3170 2709 3225 si
2745 3171 2869 3241 quis
2894 3174 3165 3228 musicam
3201 3190 3266 3230 ue
3290 3193 3389 3246 per

1805 3256 2073 3309 somnium
2119 3258 2337 3327 quidem
2383 3262 2583 3329 sciens,
2617 3263 2813 3317 deinde
2857 3279 2918 3319 se
2958 3264 3235 3335 Orpheum
3265 3283 3386 3324 esse

1805 3348 2031 3415 diceret,
2074 3348 2220 3406 feras
2284 3351 2399 3422 lyra
2444 3355 2966 3412 mansuefaeientem
3007 3377 3023 3426 ;
3064 3369 3118 3415 at
3168 3376 3296 3418 vero
3336 3366 3379 3418 si

1804 3441 2468 3523 oporteretjnstrumenta
2517 3447 2808 3517 attingere,
2862 3451 3031 3505 risum
3077 3455 3261 3507 statim
3298 3455 3386 3523 ja-

1805 3531 2011 3584 ctantia
2048 3544 2314 3605 moveret,
2348 3547 2404 3589 et
2429 3537 2608 3590 omnia
2638 3552 2771 3593 sane
2800 3539 2963 3597 facile
2993 3543 3388 3615 redargueren-

1805 3626 1913 3673 tur.
1947 3617 2063 3673 Non
2098 3620 2262 3691 igitur
2286 3624 2375 3691 qni
2413 3639 2556 3687 sum,
2609 3620 2654 3679 is
2695 3641 2725 3680 a
2758 3636 2848 3682 tuo
2891 3631 3158 3686 avunculo
3190 3635 3383 3689 existi-

1800 3726 1941 3765 mor.
1987 3711 2205 3782 Aliquid
2262 3715 2311 3767 ei
2341 3717 2542 3784 saepius
2586 3731 2654 3771 ex
2693 3720 2957 3776 amicitiae
3005 3722 3126 3793 lege
3174 3727 3380 3794 dixisti,
3431 3707 3436 3711 ’

1801 3802 2054 3875 laudandi
2093 3805 2197 3859 mei
2229 3808 2424 3875 gratia.
2455 3804 2550 3861 Ille
2582 3818 2763 3863 autem
2792 3826 2901 3866 non
2928 3827 3168 3870 amorem
3196 3822 3381 3874 consi-

1800 3895 1998 3975 derans
2024 3937 2041 3964 ,
2087 3899 2185 3969 sed
2208 3915 2276 3954 ex
2319 3900 2575 3969 operibus
2613 3905 2775 3957 verba
2803 3919 2927 3961 esse
2959 3906 3103 3962 dicta
3160 3920 3381 3979 putans,

1801 4002 1889 4039 me
1921 3988 2083 4042 talem
2110 4004 2235 4046 esse
2268 3992 2436 4060 exigit
2464 3994 2679 4063 qualem
2718 4010 2805 4052 me
2833 4000 3015 4054 verbis
3042 3999 3297 4058 eiﬁnxisti
3326 4016 3383 4065 et

1803 4078 1880 4132 tui
1911 4082 2190 4150 mendacii
2214 4085 2455 4139 rationes
2485 4095 2848 4155 repetentem.
2867 4088 2983 4144 Tua
3012 4101 3188 4148 autem
3215 4097 3380 4151 verba

1799 4185 1928 4226 sane
1967 4172 2254 4240 redarguo,
2301 4188 2421 4228 cum
2471 4189 2574 4227 non
2621 4177 2824 4243 possim
2871 4178 3088 4234 virtutis
3126 4183 3384 4251 magister

1799 4263 1935 4318 ﬁeri.
1966 4265 2263 4332 Postquam
2299 4284 2429 4323 vero
2457 4270 2524 4322 ad
2561 4279 2614 4324 te
2654 4286 2787 4325 mea:
2816 4272 3011 4329 littera:
3035 4278 3378 4345 perveniunt,

1768 4356 2014 4411 .vidctur
2047 4360 2267 4426 quidem
2305 4377 2495 4417 rursus
2526 4363 2737 4433 mirari,
2778 4380 2849 4421 ne
2887 4367 3116 4437 teipsum
3161 4373 3397 4434 tuenda-~

1726 4457 1772 4512 ι)
1801 4463 1917 4502 cem
1955 4449 2121 4505 fuisse
2152 4451 2544 4521 deprehendas.

284 4590 291 4597 .
666 4544 791 4598 nz'.
824 4546 1129 4618 ΔΙΟΔΩΡῼ.

198 4627 430 4684 ὐὗολοῖν
487 4632 583 4686 τοῦ
641 4634 935 4704 Εὐριπίδου
991 4637 1198 4706 ῥακίων
1223 4637 1321 4711 τὴν
1342 4638 1481 4713 ἐμὴν
1509 4641 1689 4698 οἰκίαν

125 4716 374 4790 ἕτλησας,
406 4725 682 4796 ἁδωνάρια
720 4727 943 4795 πέμψας
972 4729 1214 4801 ἄρυθμα,
1259 4733 1404 4787 καθά
1429 4751 1513 4786 σοι
1536 4735 1690 4803 φίλον

126 4812 320 4880 καλεῖν,
381 4819 477 4871 καὶ
522 4818 758 4887 βλαῦτας
803 4820 1102 4890 ἀμούσους,
1157 4825 1252 4876 καὶ
1312 4825 1688 4897 ὰφικράτιδας

123 4899 312 4973 ἐφ’γαῖς
342 4909 390 4961 εί
411 4910 506 4963 καὶ
552 4910 675 4980 μέγ’
725 4911 1011 4982 οἰμώξειεν
1041 4914 1070 4966 ὁ
1098 4915 1405 4991 στρατηγὸς
1439 4916 1687 4987 Ἰφικρά-

123 5007 213 5062 της
264 4998 380 5053 οὐδὲ
427 5003 528 5073 τῆς
572 5003 829 5073 Ἀττικῆς
854 5004 1152 5073 φερούσαις
1175 5009 1503 5079 τεκμήριον.
1550 5010 1685 5063 Οὐδὲ

124 5080 224 5153 γὰρ
255 5088 413 5160 χάριν
440 5090 560 5145 τινὰ
586 5091 680 5144 καὶ
709 5094 900 5147 πεῖναν
925 5094 1181 5164 μελίττης
1222 5095 1519 5167 Ὑμηττίου
1546 5117 1689 5170 παρ-

122 5174 345 5266 έχονται,
379 5184 498 5237 οὐδὲ
527 5183 769 5257 βοῶσιτῇ
799 5186 899 5257 θέᾳ
927 5187 1026 5257 τὴν
1052 5189 1333 5259 Ἀττικὴν,
1362 5195 1418 5245 ἐν
1491 5195 1690 5264 Μαρα-

120 5261 222 5317 θὼν
259 5269 353 5324 καὶ
383 5273 646 5345 Σαλαμὶς,
669 5276 762 5329 καὶ
790 5275 988 5346 ἄνδρες
1018 5275 1337 5348 ἐλευθερίας
1368 5261 1693 5353 καῖ-φρονή-

124 5368 280 5422 ματος
341 5361 590 5442 ἐρασταί,
623 5364 683 5417 οὐ
715 5365 794 5435 μὰ
825 5365 924 5418 Δία
979 5367 1111 5436 παρ’
1148 5368 1277 5437 ὑμῖν
1329 5370 1505 5442 μούσῃ
1539 5390 1691 5426 τετε-

126 5449 376 5517 ιεσμένοιο
397 5454 464 5508 τὰ
485 5436 593 5527 γάρ
613 5457 924 5527 ὑμέτερα...
948 5457 1063 5512 ἀλλ’
1082 5436 1340 5529 εὔστομα*
1352 5436 1553 5517 κείσθω
1569 5481 1582 5496 ⁸
1617 5468 1690 5536 μή

118 5549 168 5590 τι
204 5544 292 5596 καὶ
310 5544 456 5602 λάθω
479 5549 884 5622 φθεγξάμενος
918 5552 983 5605 τὰ
1019 5554 1117 5623 μὲν
1155 5556 1225 5609 σὰ
1253 5554 1402 5627 δῶρα
1436 5558 1680 5612 τοιαῦταο

2254 4542 2563 4599 LXXXVII.
2596 4546 2919 4605 DIODORO.

1870 4632 2093 4703 Laceris
2139 4636 2417 4708 Euripidis
2460 4641 2720 4706 vestibus,
2770 4660 2891 4714 quae
2941 4646 3150 4701 duobus
3201 4651 3373 4708 oholis

1798 4733 2131 4791 emerentur,
2177 4743 2349 4781 meam
2400 4728 2618 4782 domum
2664 4730 2933 4798 implesti,
2974 4752 3202 4792 venerea
3259 4743 3375 4796 sint:

1798 4814 2056 4885 rhythmo
2084 4832 2251 4886 Opera
2287 4819 2530 4883 mittens,
2566 4830 2623 4873 ut
2665 4832 2715 4875 te
2754 4837 2818 4875 ea
2866 4839 3061 4880 vocare
3097 4828 3276 4896 juvat,
3320 4843 3371 4886 et

1797 4910 2161 4985 calceamenta
2189 4913 2337 4981 poesi
2369 4914 2636 4973 carentia.
2661 4923 2715 4968 et
2747 4912 3106 4985 lphicratidas
3143 4922 3211 4975 de
3253 4928 3372 4992 qni-

1797 5001 1897 5054 bus
1930 4992 2095 5055 etiam
2127 5004 2517 5073 ingemuissent
2544 5007 2648 5059 dno
2680 5004 2996 5076 Iphicrates,
3028 5012 3225 5081 quippe
3256 5032 3377 5082 qua:

1797 5094 1993 5148 Attica:
2013 5094 2225 5160 signum
2257 5111 2365 5150 non
2399 5082 2739 5152 ferant.Non
2764 5099 2905 5152 enim
2926 5102 3158 5169 gratiam
3184 5120 3381 5173 quam-

1795 5187 1919 5240 dam
1957 5195 2011 5241 et
2053 5185 2252 5240 famem
2298 5188 2416 5256 apis
2461 5186 2751 5258 Hymettia:
2790 5201 3203 5260 prmstantmee
3232 5200 3376 5252 Atti-

1796 5293 1917 5331 cam
1953 5278 2019 5332 ad
2058 5279 2426 5347 spectaculum
2462 5280 2703 5335 clamose
2727 5293 2925 5338 vocant
2961 5284 3013 5336 in
3050 5300 3170 5354 qua:
3197 5286 3373 5343 Mara-

1798 5372 1926 5426 thon
1950 5381 2004 5425 et
2028 5371 2282 5434 Salamis,
2322 5382 2378 5426 et
2407 5373 2506 5426 viri
2536 5373 2805 5430 libertatis
2829 5385 2883 5430 et
2915 5376 3099 5445 gloria:
3131 5391 3375 5436 amantes

1798 5480 1925 5530 non,
1960 5464 2162 5529 hercle,
2182 5478 2241 5516 ea
2274 5480 2396 5533 quae
2424 5467 2562 5534 apud
2592 5472 2686 5522 vos’
2711 5475 2795 5522 est
2821 5484 2972 5529 musa
2992 5472 3214 5539 perfecti
3240 5473 3372 5529 sint.

1794 5556 1984 5611 Vestra
2025 5558 2305 5613 enimvero
2346 5555 2450 5611 alia
2481 5558 2777 5627 prudenter
2817 5561 3036 5619 silentio
3078 5572 3273 5632 tegam,
3305 5577 3377 5622 no

1618 5652 1850 5709 ΝΟΤίΕ.

190 5727 259 5799 (ι)
295 5729 350 5787 ln
384 5735 468 5792 his
500 5737 707 5796 lacunis
733 5741 971 5812 corrupti
1005 5743 1228 5800 madore
1258 5745 1462 5801 codicis
1491 5761 1671 5819 pauca
1704 5753 1867 5805 verba
1898 5735 2201 5815 perierunt.
