3978 6318
467 238 608 299 ΞῙΜ

554 438 673 496 Non
702 447 976 510 putassem
1008 451 1037 490 a
1066 437 1218 491 vobis
1255 451 1336 488 me
1370 433 1528 487 talem
1562 432 1868 488 subiturum
1902 433 2070 487 fuisse

1758 223 2113 285 PROCOPII
2146 223 2290 283 (ΕΛΖ
2300 222 2394 280 Ι

1041 342 1201 399 xcv.
1242 338 1496 397 ORIONI.
2088 340 2141 401 Α

3620 210 3796 284 2792

2726 334 2840 403 ιε’.
2912 337 3164 391 aptam.

2246 430 2361 509 Οὲκ
2418 429 2482 482 ἂν
2541 430 2700 500 ᾤμην
2732 430 2865 499 παρ’
2929 428 3086 498 ὑμῶν
3130 428 3391 499 τοιαύτην
3450 430 3795 500 ὑποστῆναι

487 532 910 596 accusationem,
946 545 1120 599 neque
1167 527 1363 584 silentii
1413 540 1519 579 non
1573 527 1910 580 innocentem
1953 539 2072 578 esse

2216 521 2412 593 ραφὴν,
2432 521 2550 574 οὑδὲ
2568 523 2780 590 σιωπῆς
2808 522 3078 591 ὑπάρχειν
3095 520 3386 585 ἀνεύθυνος
3403 526 3517 599 τοῖς
3538 524 3799 590 ἀγνοου-

490 640 596 677 non
636 621 938 676 dicentibus
969 634 1073 688 quo
1102 615 1428 673 sane~maris
1459 625 1511 670 et
1542 624 1699 668 terra:
1728 615 2071 668 devenerint.

490 715 617 778 Sed,
644 723 703 767 ut
727 709 1210 776 ridetut‘,maluisti
1241 721 1611 763 meaccusare
1645 723 1804 777 quam
1836 707 2075 760 rationes

489 808 620 861 mihi
653 806 914 875 prmbere.
962 803 1091 857 Illud
1123 803 1267 856 enim
1300 810 1351 856 te
1380 802 1535 872 prius
1573 801 1814 855 indicare
1853 808 2074 881 op‘orte-

489 899 628 953 bat:
671 900 811 966 quod
862 896 1085 949 multum
1132 894 1309 949 maris
1357 894 1635 948 dimensus
1687 907 1875 958 esses;
1934 891 2077 960 quod

492 988 695 1042 insulas
730 987 1034 1057 navigando
1062 984 1378 1055 praeteriens
1410 983 1815 1054 Hellespontum
1848 984 2078 1040 vidisses

490 1077 821 1135 continentis
890 1078 1177 1144 utriusque
1244 1076 1522 1129 miraculis
1579 1084 1952 1141 exornatum;
2024 1084 2078 1128 et

440 1204 444 1207 -
493 1173 768 1225 transiens
806 1169 1188 1237 Propontidem
1246 1169 1311 1219 ad
1365 1168 1539 1236 ipsum
1596 1166 1931 1237 Bosphorum
1987 1168 2080 1221 de-

494 1261 775 1326 venisses;
811 1260 955 1328 quod
993 1258 1190 1313 ibidem
1228 1258 1416 1312 urbem
1454 1258 1761 1313 tnirandum
1797 1266 2097 1335 spectacus

496 1351 604 1405 lum
643 1350 765 1405 navi
800 1350 992 1405 delatis
1026 1348 1342 1405 oIYerentem
1394 1349 1654 1415 vidisses;
1693 1361 1813 1419 Qua:
1843 1352 1995 1419 quasi
2027 1353 2078 1404 in

497 1456 657 1499 terra:
686 1444 827 1497 collo
847 1443 1037 1509 jacens
1062 1442 1244 1496 Asiam
1276 1441 1506 1511 Europze
1530 1443 1828 1511 projectatn
1864 1444 2081 1513 prospi-

499 1537 605 1601 cit,
666 1547 718 1589 et
775 1534 1005 1588 Pontum
1058 1535 1253 1588 ﬁniens
1308 1535 1516 1603 reliquo
1571 1534 1706 1589 mari
1765 1534 2087 1589 transmittit

500 1625 791 1681 mirabilia.
827 1625 892 1679 Et
918 1627 1019 1679 alia
1054 1641 1388 1695 qua'ettnque
1426 1627 1634 1697 garrire
1664 1627 1838 1681 solent
1864 1627 1952 1695 qui
1995 1627 2081 1679 illa

501 1718 852 1788 contemplati
901 1727 1027 1772 sunt
1063 1733 1223 1772 aures
1270 1726 1484 1774 nostras
1519 1721 1818 1787 pulsantes.
1860 1710 1937 1773 Te
1978 1719 2083 1775 alia

504 1810 799 1873 scribente,
835 1809 879 1863 si
929 1809 1313 1875 tacuissemus,
1346 1818 1475 1865 tunc
1530 1813 1725 1866 merito
1777 1810 2085 1880 subiacere-

507 1918 630 1956 tnus
662 1902 1089 1970 reprehensioni.
1120 1900 1274 1957 Nunc
1307 1912 1485 1957 autem
1520 1902 1687 1957 silens
1729 1913 1787 1958 et
1829 1903 2087 1972 navigan-

507 1988 640 2048 tium
671 1981 842 2065 Iegem
880 1994 1202 2063 despiciens,
1230 2009 1297 2050 ex
1333 2010 1451 2050 mea
1484 2003 1598 2049 arte
1622 1994 1856 2065 juridice
1894 1994 2089 2064 incipis

508 2087 750 2157 linguam
784 2100 1022 2141 movere.
1071 2086 1262 2141 Scribe
1300 2095 1477 2142 tamen
1523 2085 1888 2153 solummodo,
1914 2096 1969 2141 et
2000 2101 2092 2142 ac~

504 2178 805 2233 cusationis
833 2178 1084 2247 querelas
1114 2178 1439 2233 subibimus.

1065 2353 1255 2438 chI.
1295 2354 1556 2410 JOANNI.

582 2446 818 2520 Sapiens
864 2457 1015 2503 certe
1068 2454 1190 2502 erat
1237 2447 1325 2517 qui
1379 2446 1483 2500 hoe
1532 2446 1718 2501 dixit:
1756 2445 2093 2519 Sapientem,

312 2616 318 2624 ι
425 2572 431 2580 ~
510 2542 726 2597 etiamsi
788 2540 974 2608 procul
1032 2555 1062 2591 ιι
1122 2548 1270 2593 terra
1321 2538 1549 2605 habitet,
1589 2539 1804 2594 etiamsi
1859 2540 2094 2595 nondum

512 2649 639 2688 eum
674 2630 845 2687 oculis
880 2631 1130 2697 viderim,
1180 2630 1415 2703 amicum
1457 2630 1665 2699 judico.
1700 2629 1848 2685 Talis
1880 2631 2098 2700 quidem

490 2708 608 2780 sine
651 2723 850 2779 invasit
898 2739 1110 2788 sensus,
1142 2730 1290 2780 tuam
1341 2723 1557 2791 quidem
1606 2723 1796 2778 faciem
1843 2724 2101 2793 ignoran-

522 2824 671 2880 tem,
725 2830 913 2871 amore
964 2825 1145 2871 tamen
1198 2829 1318 2870 eam
1367 2816 1504 2869 miro
1561 2818 1720 2871 modo
1771 2817 2100 2886 amplexum.

523 2902 632 2963 Sed
667 2906 823 2963 fama:
861 2907 1066 2977 gratias
1104 2922 1226 2976 ego,
1264 2924 1362 2979 per
1396 2924 1557 2977 quam
1592 2918 1645 2963 et
1677 2909 1937 2964 distantia
1973 2923 2107 2964 con-

516 3003 842 3075 junguntur,
867 3012 916 3055 et
949 3016 1068 3070 qua:
1095 2999 1254 3069 longe
1291 3011 1417 3055 sunt
1448 3001 1734 3071 praesentia
1772 3016 1891 3056 esse
1919 3001 2106 3057 viden-
2135 3040 2180 3100 α

526 3102 638 3146 tur.
684 3089 791 3145 Per
831 3090 971 3145 hanc
1011 3091 1155 3144 enim
1203 3104 1296 3143 vos
1337 3089 1637 3158 saepissime
1681 3088 1917 3151 intuens,
1945 3095 1995 3142 et
2034 3085 2108 3139 tui

527 3180 594 3234 ad
641 3182 842 3248 optima
894 3181 1035 3234 beati
1075 3178 1287 3233 ardoris
1324 3180 1437 3233 sola
1474 3180 1803 3249 cogitatione
1849 3176 2109 3241 sull'usus,

527 3271 737 3339 tibique
792 3270 1117 3340 incorporeo
1165 3283 1352 3323 amore
1405 3266 1747 3338 conjunctus,
1798 3284 1902 3323 non
1959 3266 2114 3322 valde

531 3376 795 3431 corporea
872 3363 1062 3415 notitia
1124 3360 1364 3430 indigeo.
1421 3359 1525 3414 Sed
1599 3370 1741 3414 lnam
1829 3357 2113 3431 epistolam

531 3465 598 3507 ex
639 3452 932 3506 Alexandri
972 3454 1103 3507 urbe
1138 3453 1358 3507 missam
1397 3453 1670 3521 accipiens
1714 3451 1940 3521 teipsum
1986 3466 2114 3521 pos-

533 3545 714 3597 sidere
756 3543 886 3597 mihi
927 3543 1173 3598 videbar.
1225 3542 1502 3599 Sermonis
1538 3543 1681 3596 enim
1720 3543 1792 3596 tui
1832 3557 2033 3608 mores,
2063 3550 2119 3596 et
2161 3554 2167 3560 '

537 3644 714 3691 metus
747 3636 839 3691 iIIe
878 3650 945 3691 ne
979 3633 1285 3704 nonrt‘aeias
1322 3651 1407 3689 res
1440 3632 1691 3691 emleste's
1736 3645 1837 3688 ture
1871 3650 1997 3706 erga
2031 3650 2119 3691 me

537 3727 791 3782 amicitiae
848 3727 1253 3792 testimonium,
1316 3726 1706 3795 praecedentem
1765 3740 1871 3780 non
1926 3727 2122 3779 minuit

533 3820 757 3883 famam,
792 3818 883 3873 sed
916 3827 967 3872 te
1001 3819 1219 3872 exhibet
1253 3814 1465 3886 qualem
1508 3826 1560 3871 te
1602 3815 1788 3872 videre
1848 3812 2016 3873 volui.
2055 3817 2123 3873 Et

537 3915 655 3969 haec
689 3912 827 3984 agis,
860 3912 1153 3967 tribunalia
1186 3911 1538 3979 frequentans
1570 3925 1637 3964 ex
1662 3919 1766 3965 tua;
1793 3910 1930 3965 artis
1960 3911 2120 3981 lege;

539 4010 595 4061 et
623 4007 674 4061 in
710 4014 857 4061 tanta
905 4021 1086 4060 rerum
1130 4004 1396 4060 ebrietate
1442 4005 1657 4060 sobrius
1694 4019 1816 4059 esse
1849 4011 2021 4074 potes.
2059 4003 2125 4058 Et

541 4099 617 4153 ita
645 4098 711 4153 ad
745 4098 906 4153 finem
937 4097 1118 4152 omnia
1145 4096 1474 4167 pertingant,
1506 4108 1563 4151 ut
1589 4095 1830 4150 futurum
1866 4095 2123 4164 sperasti.

543 4190 595 4246 Is
635 4191 779 4244 enim
818 4189 1157 4258 sapientibus
1198 4190 1340 4254 linis,
1378 4190 1444 4244 ad
1486 4189 1760 4261 propriam
1805 4189 2124 4258 dignitatem

2179 614 2379 683 μένοις,
2432 615 2539 683 ὅπη
2572 613 2637 684 δὴ
2668 613 2773 683 γῆς
2822 612 2855 684 ἢ
2917 612 3187 683 Θαλάττης
3221 612 3515 681 ἀφίκοντοο
3544 613 3667 667 ἀλλ’
3704 613 3799 677 ὡς

2177 705 2322 757 ἔοικε
2354 705 2414 758 τὸ
2444 704 2641 776 μέλλον
2676 704 2934 774 ἔγκλημα
2967 704 3208 775 φεύγων,
3246 705 3394 758 ε’ὑου
3441 706 3801 776 κατηγορεῖν

2182 799 2380 870 μᾶλλον
2406 800 2547 870 ἥπερ
2566 798 2795 862 εὐθύνας
2823 786 3044 868 ὑπέχειν
3064 796 3210 866 spot.
3236 797 3302 848 Σὲ
3321 796 3429 870 γὰρ
3455 797 3562 849 ἔδει
3581 796 3803 866 πρῶτα

2183 890 2410 961 μηνύειν
2429 891 2504 954 ὡς
2532 904 2543 959 ι
2579 891 2715 943 πολὺ
2765 888 3103 959 διεμέτρησα
3130 889 3365 957 πέλαγος
3397 905 3409 919 °
3444 888 3520 952 ὡς
3551 889 3658 950 τὰς
3688 890 3801 957 νή-

2182 1002 2308 1049 σους
2340 974 2739 1054 παραπλεύσας
2799 982 2889 1035 τὸν
2936 980 3331 1051 Ἑλλήσποντον
3386 977 3550 1043 εἶδον,
3580 984 3703 1044 τοῖς
3729 968 3804 1045 ἐξ

2181 1077 2479 1147 έκατέρας-
2514 1076 2748 1146 ἠπείρου
2804 1070 3281 1144 δορυφορούμενον
3332 1072 3623 1141 θαύμασι·
3690 1074 3804 1127 καὶ

2182 1169 2470 1241 παρελθὼν
2508 1169 2609 1239 τὴν
2645 1166 3016 1238 Προποντίδα,
3051 1165 3189 1237 πρὸς
3224 1165 3390 1218 αὑτὸν
3422 1167 3671 1234 ἀφῖγμαι
3692 1165 3804 1218 τὸν

2184 1262 2462 1331 Βόσπορον
2489 1277 2504 1293 ο
2566 1260 2695 1313 ἔνθα
2753 1258 2941 1323 πόλιν,
2962 1253 3102 1313 εἶδον
3155 1250 3448 1328 παραδόξῳ
3480 1246 3581 1327 θέα
3649 1274 3803 1328 προ-

2183 1352 2514 1407 απαντῶσαν
2567 1353 2682 1415 τοῖς
2721 1350 3119 1405 καταπλέουσιν
3139 1366 3152 1379 ο
3179 1351 3266 1402 ἐπ’
3299 1349 3489 1419 αὑχένι
3516 1348 3631 1417 γὰρ
3668 1364 3807 1403 κει-

2189 1448 2323 1517 μένη
2352 1447 2450 1516 τῆς
2486 1446 2612 1516 γῆς,
2638 1444 2736 1515 τὴν
2778 1444 2969 1497 Ἀσίαν
3004 1444 3176 1514 ἐφορᾷ
3203 1442 3304 1512 τῆς
3335 1440 3611 1513 Εὐρώπης
3649 1460 3807 1513 προ-

2189 1539 2568 1611 ϐεϐλημένην·
2615 1537 2712 1590 καὶ
2762 1536 2856 1589 τὸν
2916 1536 3117 1588 Πόντον
3163 1533 3457 1605 ὁρίζουσα,
3498 1537 3566 1605 τῇ
3617 1535 3801 1605 λοιπῇ

2190 1635 2431 1708 θαλάττῃ
2458 1633 2822 1706 παραπέμπει
2848 1632 2916 1685 τά
2945 1632 3205 1701 θαύματα
3229 1649 3243 1662 ο
3263 1630 3359 1685 καὶ
3388 1632 3490 1687 ὅσα
3519 1632 3804 1702 φλυαρεῖν

2193 1727 2573 1797 ἀπειροκάλως
2630 1724 2919 1789 εἰώθασιν,
2973 1723 3025 1776 οἱ
3074 1722 3236 1776 τάκεῖ
3284 1722 3641 1793 θεασάμενοι,
3691 1722 3804 1793 τὴν

2114 1878 2129 1894 χ
2192 1819 2473 1890 ἡμετέραν
2502 1818 2674 1887 ἀκοὴν
2696 1813 3172 1884 καταπλήττοντες
3190 1830 3206 1847 ’
3224 1816 3273 1868 εί
3295 1814 3362 1868 τά
3384 1814 3617 1868 τοιαῦτα
3655 1816 3807 1885 γρά-

2187 1915 2396 1984 ψαντος
2425 1912 2787 1981 ὲσιγήσαμεν,
2807 1909 2918 1964 τότ’
2949 1909 3014 1962 ἂν
3045 1908 3273 1970 εἰκότως
3299 1906 3648 1976 ὑπεκείμεθα
3681 1910 3809 1970 τοῖς
3878 1936 3883 1945 :

2197 2005 2507 2075 ἐγκλήμασι
2525 2019 2539 2033 ο
2568 2002 2688 2055 νυνὶ
2712 2001 2769 2055 δὲ
2811 2001 3099 2071 σιωπήσας
3123 1999 3218 2053 καὶ
3252 2000 3343 2052 τὸν
3372 1998 3480 2052 τῶν
3511 1998 3806 2052 πλεόντων

2197 2096 2362 2166 νόμον
2393 2093 2687 2165 ὑπεριδὼν,
2763 2092 2825 2158 ἐξ
2888 2092 3024 2163 ἐμοῦ
3093 2092 3195 2161 τῆς
3227 2090 3421 2161 τέχνης
3453 2090 3601 2161 ἄρχῃ
3644 2091 3808 2144 δικα-

2198 2190 2366 2253 νικῶς
2406 2189 2513 2260 ,τὴν
2577 2187 2824 2255 γλῶτταν
2872 2184 3078 2240 κινῶν⁵
3119 2182 3259 2254 πλὴν
3290 2182 3575 2235 ἐπίστελλε
3609 2183 3805 2252 μόνον,

2200 2281 2307 2334 κᾶν
2338 2279 2661 2350 ἐγκλήματα
2693 2278 2912 2346 γραφῆς
2948 2275 3290 2342 ὑποίσωμεν.

2227 2440 2236 2447 _
2339 2355 2365 2361 ’
2759 2365 2905 2436 ις’.
2944 2364 3238 2437 ΙΩΑΝΝῌ.

2276 2463 2448 2534 Σοφδς
2476 2457 2544 2535 ἦν
2572 2462 2744 2525 ὅντως
2776 2463 2804 2515 ὁ
2832 2459 3006 2514 ταῦτα
3053 2458 3228 2529 δήπου
3280 2456 3689 2527 φθεγξάμενος,
3728 2454 3809 2519 ὦς

2206 2557 2315 2630 ἄρα
2353 2557 2444 2610 τὸν
2470 2554 2655 2624 σοφὸν,
2715 2553 2822 2607 κᾶν
2879 2553 3013 2616 ἑκὰς
3048 2551 3173 2623 ναίῃ
3211 2549 3423 2621 χθονὸς,
3462 2550 3569 2605 κᾶν
3601 2552 3809 2622 μήπως

2206 2648 2388 2713 δσσοις
2411 2645 2593 2710 ἐσίδω,
2622 2643 2796 2715 κρίνω
2851 2644 3006 2715 φίλον
3026 2657 3042 2674 ·
3078 2643 3322 2698 τοιοῦτόν
3352 2643 3406 2696 τί
3434 2660 3501 2714 με
3530 2643 3736 2707 πάθος,
3763 2637 3809 2696 ὦ

2208 2739 2406 2810 λῷστε,
2441 2736 2736 2809 κατείληφε
2766 2737 2865 2807 τὴν
2916 2736 3014 2808 μὲν
3041 2735 3171 2790 θέαν
3200 2734 3501 2804 ἀγνοοῦντα
3538 2735 3643 2805 τὴν
3684 2735 3809 2805 σὴν,

2211 2831 2288 2903 τῷ
2311 2831 2369 2885 δὲ
2397 2830 2546 2901 πόθῳ
2566 2829 2754 2894 δεινῶς
2781 2829 3145 2899 κατεχόμενον
3165 2845 3179 2861 ·
3233 2829 3349 2882 ἀλλ’
3385 2824 3453 2882 εὖκ
3480 2845 3544 2896 γε
3570 2828 3675 2898 τῆς
3706 2829 3815 2898 φή-

2217 2938 2324 2992 μης
2384 2920 2453 2973 δι’
2506 2920 2573 2991 ἢν
2634 2919 2730 2974 καὶ
2775 2919 2846 2973 τά
2897 2917 3163 2972 διεστῶτα
3216 2919 3573 2980 συνάπτεται,
3607 2918 3708 2971 καὶ
3740 2917 3817 2971 τὰ

2217 3015 2408 3086 πόρρω
2433 3030 2529 3067 ποι
2558 3017 2818 3085 παρεῖναι
2859 3013 3040 3066 δοκεῖ·
3074 3011 3249 3084 ταύτῃ
3278 3012 3390 3084 γὰρ
3422 3014 3573 3081 ἡμᾶς
3604 3011 3815 3067 nonat.

2215 3122 2303 3168 κις
2342 3102 2490 3167 ἰδὼν,
2520 3103 2734 3173 καὶτῆς
2756 3103 2886 3175 περὶ
2914 3104 2983 3156 τὰ
3009 3102 3248 3173 κρείττω
3273 3103 3552 3174 μακαρίας
3566 3103 3817 3173 σπουδῆς

2212 3196 2394 3265 γυμνῇ
2443 3195 2511 3265 τῇ
2556 3193 2769 3263 διανοίᾳ
2824 3193 3168 3263 περιχυθεὶς,
3211 3194 3310 3248 καὶ
3356 3194 3634 3265 ἀσωμάτῳ
3685 3210 3818 3247 συν-

2215 3283 2526 3354 απτόμενος
2554 3282 2741 3353 ἔρωτι,
2781 3285 2937 3337 οὐδέν
2990 3301 3042 3337 τι
3096 3285 3219 3339 λίαν
3274 3286 3608 3356 σωματικῶν
3635 3303 3817 3357 προσ-

2215 3376 2407 3446 δέομαι
2441 3376 2844 3447 γνωρισμάτων
2866 3391 2879 3405 ·
2946 3375 3086 3430 ἀλλὰ
3121 3377 3218 3432 καὶ
3253 3378 3354 3448 τὴν
3381 3378 3656 3450 ὑμετέραν
3691 3381 3818 3433 Em;

2218 3466 2417 3539 στολὴν
2442 3469 2507 3521 ἐκ
2529 3467 2628 3538 τῆς
2664 3468 3017 3540 Ἀλεξάνδρου
3071 3471 3420 3540 πεμφθεῖσαν
3462 3470 3670 3538 λαϐὼν,
3713 3474 3819 3527 αὖ·

2218 3559 2347 3623 τοὺς
2369 3559 2513 3629 ὑμᾶς
2541 3559 2685 3629 ἔχειν
2715 3559 2935 3613 ἐδόκουν
2965 3577 2980 3592 ο
3036 3560 3098 3614 τὸ
3158 3562 3267 3633 γὰρ
3302 3562 3413 3616 τῶν
3437 3562 3614 3631 λόγων
3647 3559 3814 3635 ἦθος,

2220 3653 2317 3707 καὶ
2359 3652 2422 3706 τὸ
2476 3653 2649 3707 δεινὸν
2701 3653 2910 3724 κρίνειν
2955 3653 3018 3707 τὸ
3051 3654 3126 3725 μὴ
3152 3654 3221 3707 τὰ
3251 3654 3372 3708 θεῖα
3413 3656 3689 3710 ποιεῖσθαι
3714 3656 3819 3726 τῆς

2222 3744 2364 3815 πρὸς
2387 3744 2490 3815 ἐμὲ
2521 3744 2706 3814 φιλίας
2763 3746 3088 3816 τεκμήριον,
3143 3747 3245 3819 τὴν
3301 3747 3686 3818 προλᾳϐοῦσαν
3713 3751 3818 3802 οὐκ

2222 3836 2420 3907 ῆλεγξε
2450 3837 2664 3908 φήμην,
2688 3836 2806 3891 ἀλλ’
2824 3837 2996 3904 ἔδειξε
3013 3839 3259 3893 τοιοῦτον
3280 3841 3465 3894 ὁποῖον
3486 3840 3617 3895 ἰδεῖν
3644 3858 3812 3911 προσ-

2225 3929 2507 4000 εδόκησαοι
2534 3930 2630 3983 καὶ
2688 3929 2863 3984 ταῦτα
2903 3931 3282 4003 δικαστηρίοις
3327 3931 3622 4002 ὁμιλοῦντα
3665 3933 3821 4004 νόμῳ

2225 4022 2328 4092 τῆς
2355 4021 2582 4092 τέχνηςσ
2615 4021 2719 4075 κᾶν
2752 4024 2819 4094 τῇ
2856 4022 2994 4090 μέθῃ
3014 4022 3124 4076 τῶν
3147 4024 3495 4095 πραγμάτων
3518 4026 3820 4097 ἀνανήφειν

2229 4109 2375 4165 οὑτω
2403 4110 2704 4182 δυνάμενον
2724 4128 2738 4143 ο
2769 4112 3018 4167 ἀλλὰκαὶ
3062 4113 3201 4184 πρὸς
3238 4113 3415 4184 πέρας
3443 4114 3588 4169 ἔλθοι
3620 4116 3700 4179 ὡς
3732 4135 3821 4170 τυ-

2230 4205 2347 4274 χεῖν
2377 4202 2790 4272 προσεδόκησας
2808 4219 2823 4235 ο
2842 4202 3003 4257 τοῦτο
3025 4203 3136 4273 γάρ
3152 4205 3263 4268 τοῖς
3284 4205 3610 4277 εύφρονοῦσι
3640 4207 3820 4276 τέλος,
3866 4204 3879 4217 “

541 4282 773 4339 reditus.
803 4282 1028 4337 DilIieile
1059 4283 1201 4336 enim
1234 4290 1317 4336 est
1349 4299 1446 4338 nos
1462 4286 1532 4336 ‘et
1560 4296 1679 4337 eam
1717 4296 1836 4350 qua:
1879 4282 1933 4336 in
1970 4280 2109 4337 nobis

2231 4294 2264 4361 ή
2302 4293 2437 4358 πρὸς
2462 4291 2560 4364 τὴν
2610 4292 2827 4348 οἰκείαν
2851 4294 3028 4366 ἀρχὴν
3074 4276 3469 4368 ἀναχώρησιςο
3508 4298 3687 4353 δεινὸν
3706 4302 3822 4370 ,γάρ
3848 4276 3861 4291 ’

544 4382 629 4429 est
660 4374 1061 4449 multitudinem
1099 4374 1400 4440 dimittere,
1429 4385 1485 4431 et
1527 4390 1595 4431 eo
1639 4374 1816 4430 redire
1857 4374 2001 4430 unde
2040 4371 2109 4428 ef-

2230 4382 2321 4435 τδν
2355 4383 2412 4435 ὲν
2434 4383 2565 4453 ήμῖν
2584 4383 2754 4455 δῆμον
2775 4384 3036 4455 ἀφέντας,
3055 4385 3192 4459 πρὸς
3216 4387 3276 4441 τὸ
3294 4388 3615 4443 ἐπανελθεῖν
3641 4391 3824 4456 καλῶς

544 4456 822 4522 ﬂuximus.

1028 4555 1235 4612 XCVII.
1279 4555 1634 4614 SOSSiANO.

620 4650 721 4705 Vir
770 4650 988 4719 quidam
1046 4649 1325 4720 piissimus
1373 4665 1470 4704 nos
1521 4650 1654 4704 adiit
1700 4651 1869 4706 multa
1914 4652 1982 4709 ah
2031 4627 2142 4708 ἱππ-θ

547 4742 721 4811 probo
767 4740 935 4795 fratre
984 4754 1295 4811 perpessus,
1327 4741 1650 4795 sententiam
1695 4750 1876 4795 autem
1924 4759 2131 4812 aequam

551 4837 775 4899 ducens,
812 4834 860 4888 si
912 4834 1000 4887 vix
1036 4839 1109 4887 ’ea
1156 4832 1404 4887 obtinere
1446 4835 1616 4904 possit
1657 4834 1852 4904 quibus
1894 4837 2136 4906 privatus

501 4957 505 4961 ι
552 4925 673 4981 fuit.
707 4925 863 4980 Unde
908 4940 1006 4994 per
1041 4940 1127 4980 me
1159 4925 1225 4979 ad
1258 4934 1491 4979 vestram
1528 4925 1773 4995 confugit
1808 4928 2130 4995 potentiam,

553 5032 674 5088 quae
703 5018 841 5087 apud
869 5016 1106 5086 judicem
1139 5019 1338 5083 valeat,
1372 5028 1427 5070 et
1457 5017 1532 5071 illi
1577 5018 1628 5071 in
1671 5019 1838 5071 multa
1871 5019 2138 5088 pollentes

555 5105 614 5160 in
648 5106 904 5160 auxilium
938 5105 1232 5161 conciliare
1274 5106 1468 5176 possit,
1501 5116 1554 5160 et
1596 5107 1869 5176 impensas
1918 5124 2038 5177 quae
2072 5123 2138 5165 eo

554 5195 759 5265 judicio
807 5199 1076 5265 oriuntur,
1121 5200 1440 5269 praecidere.
1491 5198 1590 5253 Vix
1632 5199 1776 5252 enim
1817 5215 1882 5253 ex
1932 5215 2140 5257 merce-

562 5290 721 5344 dibus
752 5289 853 5344 sibi
888 5291 954 5345 ad
987 5293 1261 5359 proprium
1298 5293 1477 5348 cibum
1520 5292 1738 5349 sttiIIcit.
1775 5294 1880 5348 Sed
1926 5303 1980 5349 et
2021 5294 2141 5348 sine

565 5393 714 5434 mora
745 5378 820 5432 illi
852 5383 1169 5435 sententiam
1207 5382 1356 5437 reddi
1390 5396 1597 5450 curate;
1651 5399 1815 5438 unum
1846 5384 1990 5438 enim
2021 5392 2142 5439 orat

568 5469 942 5524 adversarium
980 5470 1333 5542 jurejurando
1372 5474 1669 5528 dissolvere
1705 5476 1770 5529 de
1808 5475 1974 5529 illatis
2006 5490 2141 5544 que-

569 5560 728 5616 relas.
774 5560 907 5616 IIuie
947 5562 1129 5616 multa:
1166 5577 1364 5618 nostra:
1404 5565 1753 5620 sollicitudini
1796 5575 1851 5620 et
1883 5565 2141 5619 amoenis-

567 5651 759 5707 simam
799 5653 1033 5723 linguam
1064 5664 1117 5709 et
1152 5669 1249 5723 pro
1282 5655 1405 5723 jure
1437 5657 1604 5711 libero
1645 5657 1847 5726 impetu
1886 5660 2139 5713 liuentem

2233 4473 2291 4543 ἐξ
2322 4469 2383 4530 οῦ
2422 4474 2611 4540 καλῶς
2635 4477 3085 4550 ἀπερρεύσαμεν.

2664 4620 2675 4633 .
2781 4574 2894 4640 ιιΖκ
2925 4573 3277 4646 sommo.

2321 4658 2378 4711 Ὁ
2445 4654 2864 4726 θεοσεϐέστατος
2915 4665 2944 4717 ὁ
2997 4664 3147 4717 δεῖνα
3194 4663 3421 4733 ἀφίκετο
3480 4666 3624 4737 πρὸς
3658 4666 3823 4738 ἡμᾶς

2238 4748 2469 4804 πλεῖστα
2499 4753 2598 4821 μὲν
2641 4753 2699 4819 ἐξ
2728 4753 2985 4830 ἀδελφοῦ.
3015 4758 3385 4827 πονηροτάτου
3417 4757 3628 4825 παθὼν,
3667 4760 3822 4831 δίκην

2237 4842 2292 4895 δὲ
2326 4843 2553 4914 μετρίαν
2607 4844 2914 4915 ἡγούμενος
2945 4848 2995 4900 εί
3026 4851 3211 4917 τυχεῖν
3262 4849 3519 4921 δυνηθείη
3555 4851 3711 4919 μόλις
3747 4846 3821 4906 ὧν

2237 4932 2647 5005 ἀπεστέρηται·
2712 4936 2834 4991 ὅθεν
2888 4938 2955 4991 δι’
3012 4938 3148 5009 ἐμοῦ
3204 4940 3342 5012 πρὸς
3389 4943 3489 5012 τὴν
3550 4943 3822 5015 ὑμετέραν

2240 5025 2575 5095 καταφεύγει
2624 5028 2795 5099 ῥοπὴν
2849 5032 2947 5083 καὶ
3002 5032 3264 5100 συστῆναι
3297 5033 3606 5104 δυναμένην
3638 5034 3715 5105 τῷ
3746 5036 3822 5089 δι·

2241 5119 2440 5189 καστῇ,
2467 5119 2562 5171 καὶ
2614 5118 2741 5183 τοὺς
2786 5121 2928 5190 μέγα
2961 5121 3295 5193 δυναμένους
3335 5123 3474 5187 πρὸς
3507 5126 3820 5195 συμμαχίαν

2241 5209 2391 5280 αύτῷ
2438 5214 2766 5283 παρασχεῖν,
2812 5212 2907 5266 καὶ¹
2940 5213 3041 5277 τὰς
3069 5216 3135 5268 ὲκ
3163 5214 3259 5268 τοῦ
3287 5215 3645 5287 δικαστηρίου
3670 5235 3821 5289 περι·

2244 5297 2407 5366 κόψαι
2433 5298 2679 5364 δαπάνας
2706 5316 2722 5333 ⁸
2760 5300 2914 5370 μόλις
2961 5302 3074 5374 γὰρ
3127 5300 3187 5368 ἐξ
3248 5304 3458 5373 ἐράνων
3500 5305 3664 5374 ἀρκεῖ
3691 5308 3818 5378 πρὸς

2242 5388 2341 5459 τήν
2369 5387 2506 5443 ἰδίαν
2534 5392 2744 5462 τροφήν
2764 5408 2775 5420 ·
2802 5392 2940 5445 ἀλλὰ
2985 5394 3080 5447 καὶ
3110 5392 3376 5463 σύντομον
3406 5394 3556 5466 αὑτῷ
3584 5397 3684 5467 τὴν
3716 5398 3818 5469 ψῆ-

2245 5498 2345 5549 φον
2380 5481 2668 5552 ἐνεχθῆναι
2701 5486 3163 5555 παρασκευάσατε
3183 5502 3198 5516 ⁸
3230 5487 3385 5540 ἁπλᾶ·
3408 5487 3519 5559 γὰρ
3541 5489 3701 5553 αίτεῖ,
3729 5492 3815 5544 τὸν

2244 5570 2516 5641 ἀντίδικον
2538 5573 2688 5645 ὅρκῳ
2736 5574 3010 5643 διαλῦσαι,
3064 5578 3132 5630 τὰ
3172 5580 3301 5649 περὶ⁸
3329 5578 3437 5633 τῶν
3466 5580 3813 5650 ἐπαγομένων

2246 5663 2569 5735 ἐγκλήματα
2588 5682 2602 5696 ο
2631 5666 2768 5739 πρὸς
2797 5669 3005 5741 ταύτην
3038 5669 3138 5741 τὴν
3174 5670 3378 5743 πολλὴν
3403 5670 3560 5742 ὑμῶν
3591 5671 3812 5746 σπουδήν
