3978 6456
320 383 504 449 2792’-

1811 381 2217 440 EPISTULE.

3394 370 3582 438 9792b

321 500 417 551 καὶ
444 493 808 564 χαριεστάτην
835 489 1088 559 γλῶσσαν
1123 488 1216 542 καὶ
1265 487 1497 559 ῥέουσαν
1530 487 1625 539 ἐπὶ
1669 485 1900 547 δικαίοις

2029 486 2070 536 ιι]
2120 483 2393 540 sulliciens
2439 485 2700 539 auxilium
2750 501 2847 556 pro
2880 486 3060 555 aliquo
3105 485 3326 556 prmtnio
3354 485 3586 552 adjice;

323 587 589 656 ἀκωλύτῳ
633 586 779 655 φορᾷ
806 582 944 654 πρὸς
974 580 1292 650 συμμαχίαν
1331 577 1544 648 ἱκανὴν,
1568 576 1683 629 ἀντ’
1707 576 1902 646 ἐράνου

325 681 474 740 τινὸς
504 676 854 744 είσενέγκατε
889 690 904 705 ·
966 672 1085 741 Θεῷ
1125 688 1186 723 τε
1227 671 1390 739 φίλην
1419 671 1513 723 καὶ
1542 670 1654 730 τοῖς
1690 667 1902 721 αἰτοῦσι

328 769 736 842 κεχαρισμένην
766 766 862 820 καὶ
889 766 1004 826 τοῖς
1039 762 1320 832 δεομένοις
1355 759 1656 832 ἀρκοῦσαν.

881 855 1009 924 ur.
1060 854 1347 924 ΙΩΑΝΝῌ.

413 957 472 1010 '0
493 954 592 1024 τὴν
620 951 902 1022 παροῦσαν
943 947 1231 1016 ἐπιστολὴν
1275 945 1616 1015 ἐπαγόμενος
1668 941 1806 1012 ἀνὴρ
1831 938 1906 992 ὢν

329 1044 555 1118 ἀγαθὸς,
579 1045 638 1110 ἐξ
671 1041 883 1104 ἀδικίας
927 1037 1159 1107 ἀδελφοῦ
1190 1037 1290 1107 τὴν
1338 1036 1574 1107 ἀπορίαν
1626 1031 1903 1118 ὁδύρεταιο

2005 583 2058 628 et
2093 573 2200 630 Deo
2225 574 2448 629 charum
2477 584 2530 629 et
2580 578 2860 632 orantibus
2908 578 3204 648 gratiosam
3243 583 3300 629 et
3341 575 3591 644 indigen-

2008 667 2149 720 tibus
2183 667 2563 736 opitulantem.

2527 844 2756 902 XCVIII.
2797 846 3057 903 JOANNIZ

2079 937 2180 1004 Qui
2233 947 2554 1008 praesentem
2613 939 2893 1006 epistolam
2951 937 3188 1008 perfert,
3237 942 3321 994 vir
3368 941 3586 1008 probus,

2007 1043 2075 1085 ex
2119 1028 2384 1108 iniustitia
2434 1029 2621 1083 fratris
2663 1029 2899 1100 inopiam
2945 1031 3289 1086 lamentatur.
3333 1031 3485 1087 Unde
3525 1033 3589 1084 ad

329 1106 456 1196 ὅθεν
482 1106 895 1206 καταλαμϐάνει
933 1132 1032 1204 τὴν
1068 1106 1369 1198 Καίσαρος,
1398 1128 1464 1181 ἄν
1492 1143 1597 1196 περ
1623 1112 1736 1186 οἷός
1761 1139 1818 1175 τε
1839 1117 1906 1193 ἦν

2032 1106 2272 1176 ustitiam
2325 1121 2556 1178 Caesaris
2613 1123 2887 1194 confugit,
2941 1124 2985 1178 si
3037 1115 3142 1181 hoc
3195 1125 3355 1180 modo
3413 1125 3594 1178 debita

331 1231 400 1285 τὰ
456 1226 805 1298 προσήκοντα
859 1219 1254 1292 κομιούμενος·
1287 1215 1424 1271 ἀλλὰ
1466 1213 1752 1268 συλλαϐεῖν
1777 1229 1909 1265 κατ-

332 1322 587 1388 αξίωσον,
621 1318 749 1388 τοὺς
785 1315 915 1382 παρ’
963 1313 1091 1382 ὑμῖν
1137 1308 1402 1372 δυνατοὺς
1456 1307 1536 1370 είς
1587 1303 1910 1373 συμμαχίαν

334 1412 482 1484 αὐτῷ
531 1406 968 1479 παρασκευάζων
1019 1400 1334 1473 ἀρκοῦσαν’
1409 1398 1538 1468 μίαν
1606 1396 1714 1467 γὰρ
1794 1395 1908 1464 ἔχει

334 1500 688 1575 παραμυθίας
729 1495 941 1557 ἐλπίδα,
985 1492 1087 1564 τῆς
1136 1490 1332 1545 ἐκτῶν
1361 1488 1545 1558 νόμων
1587 1485 1910 1554 ἐπικουρίας

333 1598 542 1666 τυχεῖν,
571 1587 639 1663 ἦς
661 1590 916 1643 πλεῖστον
935 1587 1075 1654 ἄγαν
1108 1582 1473 1654 ἐπεστέρηται
1500 1581 1710 1650 χρόνον,
1741 1594 1911 1645 πονη-

335 1690 560 1761 ρότατον
581 1686 721 1760 ἔχων
759 1669 850 1736 τεν
880 1678 1130 1748 ἀδελφὺν,
1163 1677 1259 1731 καὶ
1285 1675 1608 1743 καινοτέρας
1635 1669 1912 1730 διαλύσεις

334 1789 422 1842 ἀεὶ
448 1779 840 1854 μηχανώμενον
863 1793 877 1809 ·
903 1775 1028 1830 ὅθεν
1075 1773 1224 1844 αύτῷ
1251 1772 1351 1844 τὴν
1381 1771 1619 1842 ἀπορίαν
1649 1780 1912 1839 παραμυ-

333 1874 598 1947 θήσασθε,
627 1873 727 1934 τὰς
759 1869 869 1924 τῶν
894 1866 1264 1937 δικαστηρίων
1305 1863 1554 1927 δαπάνας
1577 1861 1652 1924 ὡς
1685 1859 1914 1914 δυνατὸν

336 1965 776 2039 περικόπτοντες.

742 2049 860 2119 ιιΘκ
901 2047 1182 2118 “MIHI?
1217 2044 1507 2115 ΔΔΕΛΦῼ.

407 2146 512 2199 Τὸν
562 2143 770 2213 ταύτην
802 2141 932 2212 ὑμῖν
993 2137 1292 2210 κομίζοντα
1337 2136 1437 2206 τὴν
1476 2132 1769 2202 ἐπιστολὴν
1829 2131 1923 2186 καὶ

337 2237 512 2299 ἄλλως
535 2235 635 2305 μέν
659 2232 913 2297 ἐπόθουν,
944 2231 1043 2300 ούχ
1071 2229 1274 2300 ἥκιστα
1307 2227 1365 2279 δέ
1401 2225 1483 2279 ὅτι
1513 2241 1619 2294 περ
1647 2223 1801 2293 ὑμῶν
1835 2223 1920 2276 ἐπ’

337 2328 562 2396 ἀγαθοῖς
611 2325 696 2379 ἀεὶ
733 2321 1112 2394 μεμνημένοςο
1143 2319 1295 2382 τέλος
1347 2317 1441 2370 καὶ
1483 2315 1580 2385 τῆς
1607 2313 1744 2383 πρὸς
1776 2314 1923 2384 ὑμᾶς

335 2417 630 2487 ἐπιστολῆς
659 2416 784 2485 ἐμοὶ⁸
821 2414 1046 2482 γέγονεν
1075 2410 1268 2475 αἴτιος,
1314 2408 1485 2462 δεινὸν
1523 2402 1663 2460 εἶναι
1698 2405 1922 2476 φάσκων

338 2515 388 2563 εί
413 2510 521 2563 τῶν
550 2507 609 2572 ἐξ
643 2505 776 2577 ἐμοῦ
806 2503 1152 2576 γραμμάτων
1179 2501 1383 2572 ἔρημος
1407 2500 1535 2570 ὑμῖν
1551 2498 1919 2566 ἐπιφαίνοιτο.

339 2602 413 2654 Σὺ
439 2600 497 2652 δέ
520 2597 651 2665 γοῦν
685 2597 812 2666 μίαν
836 2597 965 2665 ἡμῖν
991 2591 1278 2654 ἀντεπίθες
1300 2589 1606 2664 ἐπιστολὴν,
1635 2587 1731 2641 καὶ
1762 2587 1922 2640 λύσον

337 2693 451 2745 ἔτει
477 2691 713 2760 πέμπτῳ
741 2687 879 2758 μετά
911 2685 1021 2739 τῶν
1054 2681 1412 2752 Πυθαγορίων
1439 2680 1537 2749 τὴν
1566 2679 1780 2749 σιωπήν
1803 2693 1816 2706 ο
1847 2677 1923 2741 ὡς

335 2783 502 2851 ἡμεῖς
544 2781 640 2833 καὶ
672 2777 934 2846 Δωδώνης
965 2773 1214 2845 χαλκεῖον
1255 2770 1582 2841 γεγόναμεν,
1615 2767 1832 2838 κινῆσαί
1863 2782 1924 2819 σε

340 2873 478 2945 πρὸς
512 2872 703 2940 λόγους
731 2869 1065 2941 βουλόμενοι.

919 2956 998 3008 P'.
1043 2951 1355 3021 ΕΥΑΓΡΙῼ.

425 3051 514 3116 Ὠς
545 3048 839 3111 ποθοῦντος
862 3046 1002 3115 ἄγαν
1033 3045 1083 3098 oi
1113 3045 1282 3112 λόγοι,
1315 3041 1408 3095 καὶ
1436 3041 1502 3110 τῇ
1535 3037 1676 3091 κατά
1703 3033 1922 3089 πάντων

2016 1212 2189 1281 possit
2244 1226 2588 1281 recuperare.
2631 1214 2735 1268 Sed
2787 1214 2860 1268 illi
2921 1217 3173 1284 opitulari
3225 1217 3483 1282 dignare.
3539 1216 3592 1269 in

2012 1303 2272 1357 auxilium
2314 1305 2388 1358 illi
2444 1305 2713 1362 sufﬁciens
2767 1322 2965 1376 parans
3010 1322 3105 1364 eos
3158 1311 3249 1379 qui
3306 1309 3446 1377 apud
3500 1323 3594 1361 vos

2016 1405 2266 1464 potentes
2323 1405 2470 1451 sum.
2529 1395 2702 1451 Unam
2761 1398 2903 1452 enim
2966 1398 3124 1453 habet
3185 1415 3335 1469 spem
3393 1398 3593 1462 solatii,

2016 1502 2207 1556 nempe
2254 1501 2313 1541 se
2363 1486 2539 1556 legum
2587 1487 2998 1557 opitulationem
3050 1492 3436 1554 obtenturum,
3489 1505 3596 1557 qua

2015 1579 2197 1632 tandiu
2251 1579 2500 1648 privatus
2548 1590 2664 1644 est,
2713 1579 3172 1649 improbissimum
3229 1582 3452 1636 fratrem
3503 1582 3601 1636 ha-

2013 1670 2170 1736 hens,
2204 1671 2292 1740 qui
2326 1671 2570 1740 quotidie
2598 1686 2734 1726 nova
2773 1672 2976 1728 foedera
3015 1675 3376 1738 machinatur.
3412 1673 3601 1744 Itaque

2019 1763 2165 1818 illius
2227 1773 2524 1833 egestatem
2586 1763 2874 1831 solemini,
2933 1764 3261 1834 judiciorum
3326 1768 3611 1836 impensas.

2021 1853 2478 1924 quamplurimum
2512 1853 2843 1909 recidentes.

2377 2031 2560 2088 XCIX.
2603 2029 2921 2088 PIIILIPPO
2961 2032 3242 2088 FRATRI.

2096 2125 2228 2178 Eum
2265 2125 2359 2194 qui
2394 2124 2547 2180 vobis
2581 2125 2722 2179 hanc
2759 2124 2963 2194 perfert
2987 2127 3272 2195 epistolam
3302 2137 3356 2182 et
3386 2128 3616 2184 aliunde--

2024 2216 2242 2284 quidem
2295 2215 2480 2287 diligo,
2521 2231 2628 2270 non
2685 2216 2863 2272 minus
2901 2226 3093 2272 autem
3141 2221 3283 2287 quod
3335 2220 3500 2274 vestri
3547 2221 3599 2274 iu

2024 2309 2180 2363 bouis
2219 2309 2488 2364 meminit.
2521 2307 2637 2363 Imo
2668 2317 2722 2363 et
2753 2309 2912 2376 hujus
2945 2310 3010 2362 ad
3038 2323 3137 2364 vos
3164 2309 3404 2378 epistolae
3437 2324 3608 2365 cauSa

2025 2398 2202 2453 factus
2241 2408 2344 2465 est,
2382 2400 2577 2452 mirum
2620 2413 2741 2453 esse
2775 2398 3052 2463 dictitans,
3083 2397 3129 2452 si
3171 2413 3238 2452 ex
3269 2413 3355 2453 me
3395 2398 3604 2453 littera-

2026 2507 2142 2545 rum
2169 2507 2374 2546 vacuus
2405 2505 2588 2544 coram
2636 2489 2788 2544 vobis
2825 2501 3131 2560 appareret.
3163 2490 3244 2544 Tu
3282 2506 3411 2546 vero
3449 2492 3608 2546 nobis

2026 2598 2190 2636 unam
2228 2583 2443 2636 remitte
2476 2580 2784 2649 epistolam,
2829 2591 2884 2636 et
2925 2583 3117 2650 quinto
3156 2598 3299 2638 anno
3333 2597 3454 2638 cum
3496 2584 3606 2654 Py-

2027 2673 2300 2744 thagoreis
2352 2672 2630 2727 silentium
2685 2672 2854 2727 solve.
2919 2672 3028 2728 Nos
3077 2673 3221 2728 enim
3269 2683 3324 2728 et
3367 2672 3604 2729 Dodonae

2028 2765 2258 2822 alienum
2317 2763 2444 2818 facti
2508 2775 2718 2827 sumus,
2775 2772 2829 2818 te
2883 2764 2950 2820 ad
3007 2765 3171 2821 verba
3231 2779 3451 2820 movere
3509 2780 3644 2820 vo-r

2027 2856 2218 2911 lentes.

2590 2956 2652 3012 C.
2695 2951 3021 3011 EVAGRIO.

2095 3043 2234 3098 Sunt
2263 3043 2377 3099 hare
2402 3047 2570 3102 verba
2617 3057 2871 3118 tanquam
2905 3046 3142 3101 hominis
3172 3046 3395 3100 uimiutn
3425 3059 3607 3096 aman-

339 3145 470 3215 νίκη
511 3138 811 3211 στεφανοῦν
856 3134 1157 3206 ἐγνωκότες
1185 3131 1256 3186 τὰ
1308 3128 1564 3184 παιδικά·
1599 3126 1674 3187 ὡς
1715 3125 1825 3195 γὰρ
1861 3125 1916 3176 ἐν

2029 3136 2117 3202 tis,
2144 3144 2200 3192 et
2241 3136 2409 3190 relata
2447 3137 2515 3193 de
2547 3139 2801 3195 omnibus
2840 3137 3066 3193 victoria
3100 3152 3327 3208 puerum
3363 3145 3605 3190 amatum

339 3240 453 3299 τοῖς
485 3237 600 3298 σοῖς
630 3233 954 3304 γράμμασιν
981 3229 1042 3282 ού
1073 3227 1200 3289 τοὺς
1230 3223 1326 3278 νῦν
1361 3223 1520 3292 μόνον
1542 3219 1756 3282 ἐνίκων,
1781 3215 1916 3270 ἀλλά

2029 3243 2292 3285 coronare
2336 3229 2590 3285 volentis.
2625 3229 2680 3284 In
2724 3232 2830 3286 tuis
2868 3231 3014 3285 enim
3049 3231 3245 3286 litteris
3293 3243 3399 3282 non
3445 3226 3610 3280 modo

340 3329 436 3380 καὶ
462 3327 490 3381 ὃ
518 3325 593 3396 μὴ
617 3324 779 3395 θέμις
809 3323 1004 3388 εἰπεῖν,
1035 3319 1132 3374 καὶ
1160 3314 1511 3389 Δημοσθένης
1566 3314 1788 3383 ἥττητο,
1821 3309 1916 3363 καὶ

2029 3335 2120 3376 eos
2150 3321 2242 3388 qui
2278 3328 2406 3376 tunc
2450 3323 2710 3390 temporis
2743 3322 3041 3389 exsistunt,
3076 3321 3182 3376 vici
3207 3335 3228 3385 ς
3255 3320 3348 3374 sed
3378 3327 3434 3374 et
3461 3320 3608 3388 quod

336 3415 668 3485 Θουκυδίδης
691 3410 803 3484 εἶχε
831 3413 899 3467 τά
924 3411 1174 3482 δεύτερα,
1201 3408 1297 3462 καὶ
1339 3407 1368 3459 ὁ
1393 3405 1597 3472 γλυκὺς
1639 3402 1916 3473 Ἡρόδοτος

2029 3427 2133 3466 non
2174 3411 2254 3467 fas
2283 3423 2366 3468 est
2393 3413 2596 3480 dicere,
2631 3413 3023 3469 Demosthenes
3059 3412 3176 3480 ipse
3209 3397 3386 3465 victus
3419 3424 3524 3475 ρει,
3553 3421 3620 3464 et-

346 3511 483 3580 μετά
502 3508 708 3562 τούτων
739 3505 992 3561 ἐτάττετο
1013 3523 1028 3538 ·
1058 3503 1134 3567 ὼς
1167 3499 1404 3563 τοιοῦτος
1423 3494 1492 3570 ἦν
1519 3500 1577 3550 ἐν
1607 3498 1717 3560 τοῖς
1739 3495 1916 3562 λόγοις

2029 3500 2370 3571 Thucydides
2404 3499 2630 3556 inferior
2671 3499 2797 3567 fuit,
2829 3510 2883 3555 et
2917 3501 3102 3556 sua-vis
3138 3497 3440 3553 Herodotus
3483 3511 3606 3550 cum

343 3601 627 3670 μειδιάσας
652 3595 790 3666 πρὸς
812 3594 1047 3666 ἐμαυτὸν
1083 3593 1234 3647 οὐδὲν
1262 3590 1339 3661 (I)
1367 3629 1381 3642 .
1415 3627 1431 3642 .
1471 3629 1485 3642 .
1515 3587 1628 3658 ῴην
1653 3586 1751 3655 τῆς
1783 3585 1916 3655 ἐρω-

2029 3591 2154 3662 ipsis
2184 3605 2572 3648 annuineratus
2603 3601 2709 3648 est.
2817 3630 2834 3647 .
2947 3627 2964 3646 .
3076 3630 3091 3646 .
3202 3629 3218 3645 .
3332 3625 3350 3642 .
3461 3625 3478 3642 .
3589 3623 3622 3641 ..

340 3709 432 3755 τος
459 3689 776 3752 δυναστείας
817 3686 1214 3757 σφοδρότερον·
1267 3685 1334 3753 τῇ
1364 3681 1472 3750 γὰρ
1516 3679 1682 3750 περὶ.
1727 3717 1741 3730 .
1780 3715 1796 3731 ο
1827 3691 1920 3728 το·
2023 3723 2040 3739 .
2151 3724 2168 3740 .
2284 3722 2299 3738 .
2417 3722 2431 3737 .

341 3795 436 3850 χος
464 3781 492 3831 ὁ
519 3777 775 3847 φίλτατος
798 3773 1061 3846 γεγονὼς,
1093 3770 1330 3842 ἠγνόησέ
1368 3785 1468 3839 μου
1499 3768 1565 3821 τὰ
1593 3765 1917 3838 πράγματα,
2028 3813 2042 3828 ,
2155 3815 2172 3831 ,
2282 3811 2300 3830 ,
2412 3813 2428 3828 ο
2543 3819 2557 3831 _

342 3870 440 3924 καὶ
471 3870 702 3941 παρέχει
726 3884 780 3920 τι
809 3865 1191 3936 παραπλήσιον
1213 3877 1227 3892 ⁸
1263 3862 1454 3931 ὥσπερ
1502 3859 1570 3914 ἂν
1621 3858 1784 3921 εἴτις
1827 3856 1920 3910 τὸν

342 3961 504 4030 φοξὸν
533 3962 665 4031 παρ’
688 3960 970 4030 ’Όμηρονο
1003 3957 1097 4011 καὶ
1129 3955 1185 4009 τί
1219 3954 1330 4024 γὰρ
1364 3953 1552 4024 ἕτερον
1579 3951 1612 4021 ἢ
1653 3950 1922 4020 Θερσίτην

342 4051 498 4123 παρά
535 4051 644 4105 τῶν
679 4049 952 4120 Ἑλλήνων
989 4048 1048 4111 ἐς
1080 4047 1210 4100 θέαν
1239 4045 1484 4116 ἀπέφηνε
1511 4042 1796 4115 κρείττονα
1827 4041 1922 4095 καὶ

342 4141 510 4197 αὑτοῦ
562 4142 703 4212 τάχα
755 4139 851 4194 τοῦ
899 4139 1134 4213 Νιρέως,
1177 4137 1236 4202 ὃς
1291 4135 1578 4198 κάλλιστος
1631 4132 1769 4205 ἀνὴρ
1819 4132 1923 4186 ὑπὸ

346 4232 510 4286 Ἴλιον
541 4227 742 4302 ἧλθεν;
772 4229 931 4301 Ἐμοὶ
973 4229 1032 4283 δὲ
1059 4229 1315 4298 μέγιστος
1360 4226 1581 4289 ἔπαινος
1613 4227 1662 4278 εί
1701 4222 1922 4288 τούτους

2033 3908 2046 3923 ο
2160 3905 2176 3922 ο
2290 3903 2304 3921 ι
2417 3905 2434 3924 ο
2546 3907 2562 3922 ο
2679 3906 2695 3923 ο
2812 3909 2826 3923 ο
2942 3906 2960 3924 ο
3072 3907 3087 3922 ο
3201 3907 3222 3922 ι
3331 3909 3345 3923 ο
3461 3903 3476 3919 ο
3591 3901 3608 3918 ο

2025 4055 2093 4112 Ει
2122 4056 2249 4125 quid
2302 4053 2448 4108 aliud
2507 4051 2796 4108 Thersiten
2835 4052 2974 4122 apud
3027 4050 3246 4108 Graecos
3292 4050 3344 4105 in
3393 4056 3612 4119 spectau

2025 4152 2208 4208 culum
2262 4149 2433 4206 edidit
2481 4146 2760 4203 meliorem
2813 4144 2954 4199 forte
3002 4153 3058 4198 et
3108 4143 3225 4213 ipso
3273 4141 3468 4205 Nereo,
3515 4141 3650 4207 qui.»

2025 4242 2428 4315 pulcherrimus
2466 4241 2534 4295 ad
2569 4239 2720 4318 Ilium
2761 4236 2949 4292 venit?
2976 4235 3104 4290 Mihi
3151 4242 3334 4289 autem
3368 4233 3607 4287 maxima

343 4322 672 4392 ἀγνοηκέναι
719 4320 932 4391 δοκοίην
955 4361 970 4386 ,
1010 4318 1104 4380 οὒς
1142 4316 1296 4390 παρά
1317 4334 1348 4370 σ
1373 4358 1388 4372 .
1420 4359 1436 4374 .
1468 4356 1482 4371 .
1521 4316 1885 4386 νενικήκαμεν
1905 4330 1918 4345 ·

340 4415 466 4468 ὅθεν
493 4430 588 4480 σου
621 4413 911 4485 θαυμάσας
941 4413 1042 4484 τὴν
1068 4409 1303 4475 εὔνοιαν,
1328 4409 1455 4472 τοὺς
1477 4408 1666 4477 λόγους
1695 4406 1924 4476 ἀνεστή-

344 4507 448 4577 θην
475 4506 589 4568 τοῖς
611 4505 802 4576 έρωσι,
825 4504 970 4576 ἀμφὶ
998 4505 1089 4558 τὸν
1119 4501 1384 4558 Παιανιέα
1427 4499 1916 4570 παραιτησάμενος,

2033 4520 2302 4575 excitatus
2350 4530 2496 4581 sum,
2538 4513 2828 4570 Pceaneum
2893 4512 3236 4578 interrogans
3284 4523 3412 4563 num
3461 4521 3612 4560 amor

343 4600 393 4650 εί
449 4597 614 4659 πόθος
650 4595 978 4667 ἀνθρώπους
1025 4593 1311 4650 ἀναπείθει
1353 4593 1568 4661 λέγειν,
1613 4591 1786 4644 ὁπόσα
1837 4588 1916 4642 καί

2032 4611 2349 4667 hominibus
2410 4608 2638 4663 suadeat
2689 4615 2752 4661 ut
2800 4605 2984 4660 dicant
3035 4614 3371 4672 quaecunque
3425 4598 3616 4652 volunt

341 4689 526 4758 λέγειν
583 4688 865 4741 ἐθέλουσι’
925 4688 1021 4740 καὶ
1068 4687 1300 4756 μά)ιστα
1345 4684 1411 4756 δὴ
1465 4683 1708 4747 τούτους,
1740 4681 1916 4734 ὁπόσοι

2031 4702 2234 4765 dicere,
2273 4698 2571 4769 praesertim
2604 4712 2732 4752 vero
2763 4696 2828 4750 iis
2859 4694 3172 4749 hominibus
3201 4694 3292 4763 qui
3333 4692 3436 4746 sibi
3479 4691 3614 4760 ipsis

342 4780 518 4847 λόγων
573 4777 963 4848 ἐναϐρύνονται
1013 4776 1208 4847 ῥώμῃ·
1251 4774 1390 4828 ἀλλά
1437 4774 1574 4844 πρὸς
1623 4772 1788 4842 εὐχὴν
1835 4771 1916 4857 καλ

2031 4795 2088 4850 in
2139 4792 2429 4847 verborum
2467 4790 2519 4844 vi
2573 4789 2934 4857 eomplacent.
2990 4787 3096 4842 Sed
3151 4789 3217 4841 ad
3273 4788 3375 4841 hoc
3424 4798 3610 4838 votum

341 4871 550 4942 ταύτην
591 4872 824 4941 μετρίαν
877 4871 1266 4941 τραπήσομαι,
1319 4865 1608 4936 εὐτυχοίης
1654 4862 1851 4931 λέγων,
1883 4855 1916 4915 ti

2029 4898 2242 4954 aequum
2277 4890 2584 4956 convertar,
2611 4889 2826 4950 optans,
2858 4894 2891 4934 o
2920 4879 3264 4943 charissime,
3314 4885 3374 4931 ut
3426 4876 3627 4931 vincas.

343 4961 592 5031 φίλτατε,
625 4960 720 5014 καὶ
750 4960 959 5030 νικοίης
989 4959 1118 5022 τοὺς
1152 4958 1372 5028 νόμους,
1405 4956 1578 5010 ὁπόσα
1605 4956 1720 5018 τοῖς
1748 4954 1916 5023 λόγοις

2029 4975 2238 5046 legibus
2264 4954 2722 5044 quemadmodum
2758 4973 2943 5028 verbis
2973 4971 3170 5027 vicisti.

344 5054 656 5125 νενίκηκας.

2027 4337 2172 4401 laus,
2205 4335 2249 4390 si
2299 4334 2551 4404 ignorare
2591 4331 2808 4386 viderer
2846 4343 2939 4382 eos
2970 4342 3106 4397 quos
3147 4341 3241 4396 per
3278 4335 3327 4380 te
3358 4325 3608 4379 vicimus.

2034 4427 2189 4485 Unde
2219 4437 2365 4481 tuam
2396 4424 2626 4478 miratus
2651 4421 3107 4486 benevolentiam,
3138 4420 3205 4474 ad
3234 4418 3396 4473 verba
3427 4409 3614 4471 amore

929 5141 1054 5194 PA'.
1102 5139 1329 5212 ΝΕΙΛῼ.
1783 5169 1788 5176 .

2661 5148 2752 5204 CI.
2789 5146 2976 5204 NILO.

413 5233 594 5297 Δεινὺς
637 5233 746 5304 ἄρα
787 5249 872 5296 τις
912 5228 1058 5304 ἦσθα
1096 5232 1168 5319 cdt
1213 5231 1420 5301 σμικρά
1472 5232 1690 5301 μεγάλα
1726 5234 1916 5299 ποιεῖν¹

2098 5236 2312 5296 Peritus
2353 5255 2479 5296 eras
2523 5241 2590 5297 de
2636 5241 2821 5310 parvis
2868 5253 3058 5311 magna
3116 5239 3372 5306 faciendi,
3406 5248 3458 5294 et
3505 5238 3616 5291 lin-

344 5327 441 5382 καὶ
485 5326 732 5396 γλῶτταν
778 5326 993 5397 ἄμαχον
1036 5327 1095 5379 ἐν
1127 5318 1209 5387 οἷς
1257 5322 1462 5388 ἐθέλεις
1515 5325 1916 5379 ἐνδείκνυσθαιι

2029 5345 2183 5399 guam
2223 5333 2502 5400 invictam,
2531 5333 2838 5404 ubicunque
2876 5335 3032 5399 velis,
3063 5333 3403 5390 ostendendi.
3455 5330 3621 5385 Tales

342 5419 633 5482 τοσούτους
673 5419 784 5489 γὰρ
816 5418 1078 5481 ἐπαίνους
1121 5417 1432 5480 ἀνέπλασας
1463 5416 1587 5471 κατ’
1620 5417 1780 5488 ἐμοῦ,
1832 5417 1916 5470 καί

2029 5419 2171 5473 enim
2207 5420 2394 5476 laudes
2419 5422 2487 5476 de
2517 5437 2604 5476 me
2630 5423 2880 5478 ellinxisti
2917 5433 2972 5478 et
3005 5433 3113 5477 tam
3147 5423 3378 5493 ingenue
3405 5436 3613 5474 annun-

340 5509 516 5574 οὓτως
565 5511 804 5572 εὐκόλως
859 5510 1246 5580 ἀπήγγειλας,
1300 5510 1376 5573 ὼς
1427 5510 1527 5562 ούκ
1573 5509 1638 5563 ἄν
1678 5527 1764 5573 τις
1805 5505 1926 5561 εἷπε

344 5603 542 5675 ῥᾳδίως
573 5602 634 5666 ἐξ
661 5601 921 5672 ἀληθείας
952 5601 1304 5674 ὁρμώμενος·
1340 5601 1432 5656 καί
1477 5619 1567 5672 μοι
1606 5601 1781 5676 δοκεῖς
1806 5617 1925 5653 τοσ-

413 5788 489 5859 (I)
515 5786 842 5842 Vocabulum
873 5802 978 5840 non
1003 5787 1214 5856 legitur.
1249 5785 1439 5840 Itidem
1476 5786 1526 5837 in
1555 5795 1814 5854 sequente
1842 5785 2033 5841 lacuna
2061 5796 2310 5856 utraque.

660 5883 929 5944 ΡΑτιιοι..
978 5883 1091 5944 Gn.
1144 5881 1515 5945 LXXXVII.

2029 5512 2176 5566 tiasti
2225 5515 2414 5583 quales
2463 5529 2638 5585 neque
2685 5518 2808 5586 quis
2859 5515 3018 5572 facile
3059 5517 3288 5571 dixisset
3332 5515 3613 5569 veritatem

2029 5615 2270 5662 seCutus.
2317 5607 2382 5662 Et
2423 5609 2554 5663 tnihi
2600 5609 2801 5663 videris
2857 5611 2946 5664 tali
2993 5610 3175 5680 lingua
3220 5607 3440 5672 elfundi,
3474 5603 3618 5660 forte

3196 5883 3302 5946 87'“
