3978 6208
427 199 574 261 2792
589 207 611 234 θ

1874 195 2282 258 ΕΡΙΞΤΟΙΑΕ.

3510 196 3655 266 2792
3671 202 3690 241 ¹

429 310 474 369 ὼ
516 315 653 371 Ζεῦ·
689 314 753 369 οὐ
806 313 1021 384 χρόνον,
1053 311 1116 365 οὗ
1159 309 1352 364 πολιὰν
1387 308 1649 380 ἐλεεινὴν,
1696 308 1760 364 ού
1797 311 1858 364 τὸ
1904 310 2003 380 τῆς

2118 326 2213 363 non
2268 305 2514 375 tempus,
2563 327 2669 365 non
2726 327 2893 367 canos
2949 314 3309 377 miserabiles,
3351 331 3457 370 non
3509 319 3702 374 matris

434 409 638 479 μητρὸς
685 405 957 468 αίδεσθεὶς
989 403 1373 474 φιλάνθρωπον
1401 402 1604 472 ὄνομα·
1637 401 1753 456 ἀλλ’
1787 402 1891 473 ἤδη
1922 400 2016 454 καὶ

434 504 624 572 βιαίως
666 497 1002 569 ἀνατρέψας,
1043 498 1125 560 εἰς
1174 497 1278 565 γῆν
1339 494 1606 549 κατέϐαλε
1651 504 1713 534 ο·
1758 494 1853 549 καὶ
1915 493 2016 558 λὰξ

428 595 549 647 κατ’
582 578 753 661 αῦτῆς
782 590 1062 663 ἐνήλλατο,
1110 588 1320 660 βοώσης
1359 583 1472 641 οἷον
1504 586 1672 653 είκὸς,
1720 585 1818 639 καὶ
1852 585 2017 638 παῖδα

434 684 738 756 καλούσηςο
789 684 883 742 καὶ
927 683 981 736 τί
1014 682 1124 753 γὰρ
1172 681 1274 734 οὐκ
1310 678 1377 734 ἂν
1429 680 1577 733 εἴποι
1623 679 1839 750 μήτηρ,
1896 678 2015 747 μετ’

430 779 626 839 ὠδῖνας
675 777 773 829 καὶ
798 773 1008 846 τροφὴν
1041 774 1138 826 καὶ
1177 773 1275 834 τὰς
1308 770 1478 833 καλὰς
1512 769 1731 831 ἐκείνας
1773 767 2012 830 ἐλπίδας,

429 871 654 924 τοιαῦτα
713 868 866 938 παρά
939 866 1035 920 τοῦ
1111 861 1699 933 παιδδς’ἀνασχομὲνη
1744 861 1772 899 ἀ
1825 861 2012 927 κακά;

433 960 750 1012 τελευταῖον
804 957 860 1010 δὲ
923 956 1017 1008 καὶ
1067 957 1167 1025 τῆς
1216 954 1394 1017 οἰκίας
1453 951 1660 1020 ταύτην
1706 950 2012 1021 ἀπήλασεν,

429 1050 654 1119 ἄπορον,
707 1046 943 1118 γυμνὴν,
990 1047 1099 1099 τῶν
1132 1044 1444 1112 ἀναγκαίων
1493 1042 1905 1113 ἐστερημένην·
1956 1041 2015 1095 ἓν

431 1135 561 1198 ἴσως
599 1135 759 1189 τοῦτο
806 1135 1199 1207 χαρισάμενος,
1240 1134 1325 1187 ὅτι
1376 1132 1471 1186 τοῦ
1530 1135 1768 1186 συνεῖναι
1811 1131 2015 1200 ταύτην

431 1225 741 1295 ἀπήλλαξε’
774 1227 868 1278 καὶ
897 1225 992 1278 νῦν
1045 1219 1200 1287 οὗτος
1237 1224 1335 1293 μὲν
1378 1225 1623 1294 ἐντρυφᾷ
1658 1226 1771 1287 τοῖς
1809 1222 2016 1276 τούτων

431 1319 644 1382 κακοῖς,
680 1317 818 1386 γυνὴ
848 1316 905 1370 δὲ
948 1316 1147 1385 γραῦς,
1188 1316 1282 1370 καὶ
1311 1314 1378 1368 τὰ
1412 1315 1601 1385 πρῶτα
1647 1314 1889 1385 φέρουσα
1917 1316 2016 1384 τῆς

432 1412 563 1481 παρ’
597 1411 730 1481 ἡμῖν
762 1408 1067 1476 εὐγενείας.
1101 1411 1158 1460 ἐν
1185 1410 1306 1468 ταῖς
1332 1406 1490 1477 χερσὶ
1521 1406 1616 1467 τὰς
1653 1405 1877 1467 ἐλπίδας
1902 1403 2016 1474 ἔχει

429 1501 523 1554 τοῦ
554 1502 701 1570 βίου’
726 1501 804 1570 τῷ
831 1501 887 1554 δὲ
911 1499 1135 1572 χρηστῷ
1163 1499 1320 1569 τῷδε,
1350 1499 1443 1552 καὶ
1479 1498 1540 1551 τὸ
1579 1496 1781 1566 ταύτης
1819 1495 2013 1558 πάθος,

2119 401 2277 456 dulce
2335 418 2530 457 nomen
2593 404 2881 459 reveritus.
2935 402 3042 459 Sed
3087 405 3199 476 jam
3257 423 3375 461 eam
3435 408 3702 465 violenter

2118 491 2461 559 subvertens,
2503 492 2556 546 in
2605 500 2806 547 terram
2857 494 3131 563 proiecit,
3180 505 3237 551 et
3288 496 3434 552 calce
3486 499 3702 555 in‘eam
3743 562 3751 571 ,

2118 582 2348 649 insiluit,
2387 585 2740 652 clamantem,
2792 595 2855 642 ut
2906 592 3120 654 merito,
3169 599 3226 644 et
3280 590 3448 645 [ilium
3504 606 3706 646 vocan-

2119 686 2248 733 tem.
2284 677 2421 743 Quid
2458 678 2601 732 enim
2636 694 2740 734 non
2778 679 2981 735 diceret
3016 690 3209 748 mater,
3236 692 3357 749 post
3390 694 3576 752 partus
3602 688 3700 739 do-

2116 765 2282 830 lores,
2316 777 2371 820 et
2404 767 2783 821 educationem
2838 778 2892 824 et
2938 771 3191 839 pulchras
3235 773 3355 827 illas
3395 789 3539 841 spes,
3575 775 3700 829 talia

2116 876 2146 910 a
2179 856 2286 910 lilio
2314 857 2526 924 patiens
2570 859 2731 913 mala.
2767 858 3008 929 Denique
3047 870 3102 914 et
3134 863 3293 914 domo
3319 878 3438 915 eam
3471 866 3697 932 expulit,

2117 958 2391 1016 egentem,
2425 951 2647 1015 nudam,
2685 953 3010 1006 necessariis
3062 963 3381 1021 carentem;
3431 955 3481 1007 id
3534 972 3698 1009 unum

2119 1041 2261 1096 forte
2291 1042 2364 1095 illi
2400 1041 2701 1110 indulgens,
2735 1046 2881 1113 quod
2926 1044 3010 1098 sui
3058 1047 3319 1101 societate
3352 1062 3471 1100 eam
3514 1051 3697 1101 solvit.

2116 1132 2184 1187 Et
2223 1147 2367 1187 nunc
2410 1132 2499 1186 ille
2547 1133 2762 1201 quidem
2811 1133 3007 1187 talibus
3050 1135 3207 1187 malis
3248 1136 3508 1190 exsultat.
3550 1137 3702 1191 Anus

2117 1234 2325 1290 autem,
2358 1235 2413 1279 et
2454 1226 2659 1295 primas
2712 1225 3020 1280 nobilitates
3063 1229 3202 1293 apud
3254 1244 3353 1282 nos
3396 1244 3612 1297 gerens,
3645 1231 3698 1283 in

2117 1315 2368 1370 manibus
2407 1332 2517 1370 sua:
2565 1317 2690 1370 vitre
2737 1332 2886 1385 Spem
2934 1318 3113 1372 habet.
3160 1319 3233 1372 Illi
3274 1330 3452 1373 autent
3495 1322 3701 1389 optimo

2116 1416 2171 1461 et
2202 1406 2359 1478 hujus
2393 1409 2617 1463 miseria
2663 1408 2806 1462 aliud
2846 1410 3198 1465 infortunium
3233 1422 3355 1477 est;
3401 1423 3454 1465 et
3483 1413 3592 1481 jam
3632 1417 3701 1467 ad

2118 1498 2396 1566 proprium
2427 1499 2629 1553 victum
2665 1498 2936 1569 indigens,
2970 1514 3088 1552 eam
3127 1510 3304 1554 tamen
3348 1502 3562 1570 exe-epit
3599 1501 3701 1570 ipsi

429 1594 561 1665 ἄλλη
594 1594 805 1662 γίνεται
834 1594 1092 1664 συμφορά
1117 1609 1130 1621 ·
1159 1595 1253 1646 καὶ
1282 1593 1424 1662 πρὸς
1453 1591 1551 1662 τὴν
1576 1591 1781 1644 οἰκείαν
1806 1587 2010 1660 τροφὴν

2121 1592 2395 1644 miseriam
2455 1593 2836 1662 adaugentem.
2893 1591 3000 1647 Sed
3063 1593 3429 1647 necessarium
3494 1605 3703 1647 natura:

429 1655 833 1756 ἀπορούμενος,
878 1655 1174 1751 ὑπεδέξατο
1210 1655 1437 1755 ταύτην,
1481 1655 1858 1737 ἐπιτείνουσαν

2122 1684 2359 1736 debitum
2415 1684 2599 1738 solvit.
2655 1682 2723 1738 Et
2778 1701 2921 1738 nunc
2982 1701 3086 1740 una
3149 1687 3391 1739 habitant
3446 1686 3699 1739 solatium

430 1778 578 1848 αύτῷ
609 1777 707 1849 τὴν
764 1778 971 1831 ἔνδειαν
990 1794 1005 1810 ο
1036 1778 1189 1846 ὅμως
1224 1778 1519 1844 ἀναγκαῖον
1574 1775 1733 1845 χρέος
1762 1772 1963 1826 ἐκτίνει
1990 1784 2010 1814 ε

2122 1776 2338 1828 unicmn
2395 1776 2656 1831 habentes
2713 1780 2853 1844 quod
2908 1793 3012 1831 non
3065 1778 3216 1846 plura
3271 1778 3505 1846 perpessi
3566 1776 3700 1831 sint.

439 1869 505 1936 τῇ
536 1865 727 1933 φύσει”
781 1865 872 1919 καὶ
909 1864 1004 1917 νῦν
1054 1865 1291 1918 σύνεισιν
1336 1862 1586 1928 ἀλλήλοις
1639 1863 1768 1934 μίαν
1799 1862 2016 1932 ἔχοντες

430 1958 788 2028 παραμυθίαν
813 1998 831 2023 ,
854 1958 934 2011 ὅτι
971 1957 1042 2027 μὴ
1070 1957 1241 2010 πλείω
1275 1956 1700 2026 πεπόνθασινοή
1734 1956 1791 2008 δὲ
1827 1958 2012 2026 μήτηρ

425 2045 515 2102 οἷα
543 2049 718 2119 δήπου
762 2047 922 2118 γυνὴ,
949 2049 1043 2101 καὶ
1070 2046 1295 2100 τοιαῦτα
1334 2045 1602 2110 παθοῦσα,
1629 2045 1725 2098 ἕνα
1757 2044 1869 2115 βίον
1897 2044 2010 2114 ἔχει

425 2142 486 2193 τὸ
525 2138 839 2210 μεμνῆσθαι
862 2138 969 2191 τῶν
1018 2137 1223 2200 ἑαυτῆς
1254 2136 1462 2198 κακῶν,
1500 2136 1596 2188 καὶ
1629 2134 1887 2205 δακρύειν
1916 2133 2011 2186 ἐπὶ

426 2236 490 2301 τῇ
525 2233 713 2302 μνήμῃ
733 2249 746 2261 ο
780 2231 875 2284 καὶ
918 2231 1017 2301 τὴν
1043 2228 1213 2299 θηλὴν
1241 2225 1619 2281 ὑποδεικνύειν
1650 2229 1717 2296 τῇ
1765 2226 1889 2298 δίκῃ
1918 2220 2009 2278 οἷα

426 2301 661 2377 πέπονθε
689 2301 1051 2393 διηγουμένη.
1092 2319 1280 2373 Ταῦτα
1309 2320 1490 2371 τοίνυν
1529 2319 1607 2380 εἰς
1653 2317 1778 2370 νοῦν
1806 2314 2007 2382 λαϐὼν,

428 2415 520 2466 καὶ
548 2414 714 2484 μηδὲν
744 2414 891 2484 ἡμᾶς
922 2411 1272 2480 προστιθέναι
1296 2412 1416 2472 ταῖς
1448 2408 1727 2477 ἀληθείαις
1756 2407 2004 2476 νομίσας,

352 2532 361 2539 ο
426 2504 567 2560 ἀλλὰ
616 2504 685 2557 τὰ
744 2503 1016 2572 κεφάλαια
1069 2501 1089 2541 ί
1138 2501 1319 2571 μόνον,
1352 2499 1627 2553 δεικνύναι
1670 2497 1773 2568 τῆς
1837 2494 2008 2549 αὐτοῦ

426 2596 717 2665 πονηρίας,
756 2595 845 2649 διὰ
882 2595 973 2648 τὸν
1009 2594 1107 2664 τῆς
1137 2592 1429 2661 ἐπιστολῆς
1466 2593 1686 2661 καιρὸν,
1733 2590 2006 2660 μέτρησον

2123 1865 2291 1919 Mater
2329 1879 2534 1928 autem,
2576 1878 2757 1933 utpote
2805 1868 3001 1922 mulier
3048 1876 3102 1921 et
3159 1867 3283 1920 talia
3332 1882 3489 1935 passa
3533 1876 3698 1919 totam

2125 1959 2289 2010 vitam
2331 1958 2493 2011 habet
2530 1975 2750 2011 suorum
2790 1960 3048 2012 malorum
3087 1960 3399 2014 meminisse
3430 1970 3480 2014 et
3511 1975 3701 2013 eorum

2120 2050 2380 2103 memoria
2428 2049 2756 2120 lacrymare,
2796 2060 2850 2105 et
2899 2052 3192 2104 mamillam
3230 2052 3514 2106 ostendere
3551 2051 3698 2117 judi-

2115 2139 2269 2192 cibus
2302 2140 2483 2207 qualia
2529 2157 2682 2209 passa
2726 2143 2796 2194 sit
2838 2157 3125 2198 enarratis.
3171 2141 3295 2195 Haec
3330 2156 3490 2208 porro
3521 2152 3702 2196 mente

2115 2232 2335 2299 capiens
2367 2242 2421 2286 et
2455 2249 2771 2301 persuasum
2819 2235 3025 2289 habens
3065 2250 3192 2288 vero
3241 2235 3375 2288 nihil
3421 2250 3520 2287 nos
3561 2233 3700 2303 adji-

2117 2335 2266 2383 cere,
2301 2323 2394 2375 sed
2446 2324 2832 2391 solumejus
2872 2325 3093 2378 malitia:
3144 2326 3500 2378 summarium
3543 2325 3699 2377 exhi-

2117 2412 2272 2478 bere,
2310 2423 2459 2468 tuum
2502 2419 2738 2489 studium
2787 2417 2931 2471 illitis
2981 2416 3185 2470 malitia
3223 2417 3431 2471 metire.
3469 2415 3536 2468 Et
3577 2425 3700 2469 esto

2119 2507 2239 2559 talis
2270 2507 2483 2574 qualem
2523 2517 2572 2561 te
2602 2524 2721 2562 esse
2754 2509 2895 2564 Deus
2926 2509 3114 2578 exigit,
3151 2517 3206 2563 et
3239 2508 3494 2561 amicitiae
3528 2507 3613 2561 lex
3641 2514 3699 2560 et

2111 2595 2312 2664 injuria
2345 2590 2659 2653 affectorum
2691 2616 2841 2670 spes.

428 2703 522 2739 σου
548 2685 646 2757 τὴν
675 2684 907 2756 σπουδὴν
931 2683 1067 2753 πρὸς
1084 2682 1181 2753 τὴν
1208 2682 1418 2735 ἐκείνου
1446 2681 1674 2735 κακίαν⁸
1709 2681 1804 2732 καὶ
1830 2676 1992 2747 γενοῦ
2029 2682 2290 2754 τοιοῦτος,
2335 2682 2448 2742 οἷον
2532 2691 2592 2743 σὲ
2632 2692 2792 2755 ,Θεὸς
2841 2694 3084 2756 ἀπαιτεῖ,
3132 2692 3226 2745 καὶ
3290 2692 3475 2761 φιλίας
3526 2692 3693 2762 νόμος

428 2781 521 2834 καὶ
547 2781 581 2852 ἡ
609 2779 715 2832 τῶν
747 2778 1116 2848 ἀδικουμένων
1149 2775 1341 2861 ἐλπίς..

973 2868 1093 2924 PA'.
1133 2867 1457 2938 ΔΩΡΟΘΕῼ.

498 2961 668 3016 Πάλιν
695 2960 975 3023 εὐσεϐείας
1006 2960 1219 3029 καιρδς,
1246 2958 1344 3012 καὶ
1375 2957 1535 3010 πάλιν
1566 2954 1704 3025 πρὸς
1734 2955 1836 3024 τὴν
1862 2953 2004 3024 ὑμε-

425 3054 592 3126 τέραν
648 3053 840 3124 σοφίαν
894 3055 922 3106 ὁ
972 3052 1193 3123 δρόμος.
1234 3052 1427 3121 ,Ἀνήρ
1480 3066 1565 3112 τις
1618 3047 1727 3101 τῶν
1777 3046 2008 3111 ἑαυτοὺς

434 3145 744 3199 ἀναθέντων
792 3142 912 3212 Θεῷ
943 3141 1041 3195 καὶ
1092 3143 1158 3194 ἐκ
1208 3139 1527 3209 φιλοσοφίας
1561 3137 2003 3207 γνωριζομένων,

427 3235 488 3300 ἐξ
525 3234 711 3289 ἀδίκου
756 3231 1140 3302 συκοφαντίας,
1161 3231 1236 3297 ὡς
1266 3231 1465 3295 ἔοικεν,
1510 3228 1590 3299 τῷ
1629 3227 1722 3281 τοῦ
1750 3225 2009 3281 δικαστοῦ

426 3326 587 3398 θυμῷ
641 3326 1085 3395 περιπέπτωκεν,
1120 3325 1196 3389 ὡς
1240 3324 1424 3390 δεξιὰν
1474 3321 1717 3392 ἀντάρας
1753 3320 2009 3390 πολέμιον

428 3419 572 3474 κατὰ
598 3419 707 3470 τῶν
738 3416 1259 3488 ἐξυπηρετουμένων
1293 3418 1403 3478 τοῖς
1425 3416 1613 3484 νόμοις
1635 3429 1651 3444 ·
1679 3414 1728 3465 οἱ
1758 3412 1814 3466 δὲ
1837 3411 2011 3465 ταῦτα

432 3507 796 3580 μηνύσαντες,
841 3508 910 3560 τὰ
949 3507 1102 3578 παρά
1142 3505 1252 3561 τῶν
1297 3505 1472 3559 ἄλλων
1509 3504 1584 3567 ὥς
1615 3519 1780 3572 φασιν
1815 3502 2007 3572 ἀδική-

431 3617 597 3671 ματα,
645 3598 789 3653 κατὰ
822 3597 1014 3650 τούτου
1063 3596 1405 3666 μετέστησαν
1428 3612 1441 3626 ⁸
1479 3597 1575 3649 καὶ
1617 3595 1833 3666 πλήρης
1874 3596 1902 3646 ὁ
1932 3594 2010 3646 δι·-

428 3693 613 3757 κάζων
644 3690 817 3763 θυμοῦ
841 3706 854 3719 ·
884 3689 980 3744 καὶ
1009 3688 1143 3760 πρὸς
1170 3687 1364 3741 ἐαυτὸν
1409 3687 1588 3749 καλεῖ,
1624 3688 1716 3740 καὶ
1760 3685 1898 3757 πρὸς
1930 3702 2012 3738 τι·

429 3784 643 3854 μωρίαν
673 3784 998 3850 ἐπείγεταιο
1034 3781 1130 3835 καὶ
1172 3779 1411 3849 πάρεστι
1443 3777 1632 3848 καιρὸς
1681 3776 1841 3846 εἴπερ
1882 3774 2012 3828 ποτὲ

425 3876 523 3928 καὶ
543 3874 638 3929 νῦν
665 3871 1078 3944 φιλανθρωπίαν
1102 3870 1302 3940 ζητῶν.
1332 3867 1535 3940 Φάνηθι
1564 3868 1628 3938 δὴ
1654 3866 1746 3920 καὶ
1782 3865 2010 3935 φθέγξαι

422 3984 477 4020 τι
524 3966 634 4019 τῶν
669 3966 801 4031 σῶν,
831 3965 928 4018 καὶ
974 3963 1077 4035 τῆς
1108 3963 1281 4034 ὀργῆς
1326 3959 1668 4029 παραλύσεις
1719 3957 1810 4012 τὺν
1860 3957 2015 4011 δικα-

2036 2868 2084 2929 C

2611 2865 2741 2921 CIV.
2786 2865 3062 2923 DOliO'l'll
3073 2867 3179 2923 EO.

2179 2956 2416 3014 Rursum
2452 2958 2672 3029 pietatis
2717 2963 2931 3013 occasio
2960 2969 3013 3013 et
3074 2975 3290 3014 rursum
3340 2960 3403 3014 ad
3450 2971 3691 3015 vestram

2110 3050 2430 3118 sapientiam
2482 3065 2756 3105 recursus.
2814 3050 2911 3104 Vir
2947 3052 3167 3120 quidam
3201 3068 3390 3107 eorum
3440 3055 3529 3121 qui
3583 3052 3695 3108 Deo

2110 3142 2276 3197 vitam
2301 3156 2717 3206 consecravere,
2752 3152 2806 3197 et
2829 3158 2895 3197 ex
2937 3144 3276 3210 philosOphia
3326 3144 3694 3205 celebrantur,

2113 3235 2317 3307 injusta
2345 3235 2640 3295 calumnia,
2667 3245 2724 3288 ut
2747 3235 2981 3302 videtur,
3017 3238 3070 3290 in
3105 3237 3449 3306 iramjudieis
3480 3237 3697 3303 incidit,

2113 3336 2301 3393 utpote
2329 3327 2421 3395 qui
2480 3327 2757 3380 inimicam
2809 3343 3026 3382 manum
3068 3341 3257 3383 contra
3311 3329 3520 3399 legibus
3567 3329 3699 3384 obe-

2112 3416 2322 3469 dientes
2346 3415 2645 3469 sustulerit.
2669 3414 2773 3481 Qui
2804 3428 2985 3471 autem
3006 3433 3067 3472 ea
3101 3419 3429 3484 indicavere,
3466 3419 3697 3487 injurias

2112 3507 2182 3560 ab
2210 3506 2351 3570 aliis,
2389 3516 2447 3558 ut
2493 3505 2664 3570 aiunt,
2710 3505 2905 3573 factas,
2937 3508 2987 3560 iu
3021 3523 3142 3561 eum
3175 3520 3582 3564 converterunt.
3628 3509 3699 3563 Et

2105 3597 2270 3667 judex
2324 3596 2514 3667 plenus
2563 3597 2642 3649 ira
2691 3605 2810 3657 est,
2845 3608 2901 3651 et
2938 3614 3060 3651 emn
3110 3601 3177 3652 ad
3219 3615 3278 3654 se
3315 3612 3491 3665 vneat,
3538 3610 3590 3655 et
3630 3604 3698 3654 ad

2113 3689 2409 3743 vindictam
2441 3687 2724 3742 incitatur.
2753 3689 2925 3744 Adest
2953 3700 3183 3760 lemptts,
3205 3694 3247 3746 si
3276 3709 3511 3762 utiquam
3539 3694 3696 3759 alias,

2112 3778 2546 3833 benevolentiam
2582 3779 2888 3847 requirens.
2928 3782 3144 3850 Appare
3170 3785 3355 3854 igitur,
3390 3796 3445 3838 et
3482 3795 3695 3838 tuorum

2112 3868 2316 3937 aliquid
2374 3868 2614 3939 loquere,
2666 3880 2720 3924 et
2775 3871 2855 3926 ira
2900 3872 3138 3941 judicent
3195 3874 3392 3928 solves.
3440 3873 3497 3930 Si
3565 3876 3696 3943 quid

2114 3962 2259 4017 enim
2325 3964 2578 4022 horrendi
2627 3966 2832 4022 factum
2888 3969 2993 4033 sit,
3060 3970 3203 4038 quod
3256 3984 3362 4021 non
3414 3978 3530 4033 est,
3568 3983 3696 4022 sen-

425 4060 582 4130 στήν.
630 4059 695 4112 El
735 4058 844 4128 γάρ
884 4076 939 4111 τι
977 4056 1072 4110 καὶΙ
1120 4055 1439 4124 πέπρακται
1486 4051 1682 4115 δεινὸν,
1723 4052 1860 4122 ὅπερ
1891 4050 2010 4105 οὐδὲ

2118 4057 2338 4111 tentiam
2394 4059 2448 4112 itt
2481 4060 2692 4115 veniam
2725 4067 3014 4122 converte;
3059 4061 3103 4114 si
3143 4060 3276 4113 nihil
3346 4060 3489 4114 aliud
3530 4075 3694 4130 quam

425 4152 671 4221 γέγονεν,
700 4151 778 4213 εἰς
814 4148 1146 4218 συγγνώμην
1174 4145 1377 4216 τρέψον
1422 4143 1483 4197 τὸ
1518 4140 1928 4214 ψηφιζόμενονο
1959 4142 2010 4194 εί

2118 4149 2257 4217 quod
2286 4150 2445 4216 dixit,
2485 4167 2607 4204 eum
2635 4154 2860 4207 ostende
2892 4154 3247 4207 honorautem
3290 4168 3411 4222 quae
3454 4153 3553 4219 ipsi
3589 4154 3697 4206 cir-

428 4244 597 4314 μηδὲν
626 4243 775 4309 ἄλλο,
796 4244 858 4297 τὺ
884 4241 1271 4314 περικείμενον
1297 4236 1446 4308 αὐτῷ
1471 4236 1655 4306 σχῆμα
1677 4236 2007 4306 τιμήσαντα.

2118 4236 2409 4305 cumjacet,
2447 4241 2792 4311 dignitatem.
2828 4240 3044 4311 Appare
3077 4259 3180 4297 una
3211 4258 3333 4298 cum
3382 4242 3566 4297 multis
3600 4243 3693 4311 qui

423 4334 631 4407 Φάνηθι
686 4334 826 4406 μετά
859 4334 1094 4399 πολλῶν,
1145 4334 1194 4385 oi
1239 4330 1375 4402 πρὸς
1404 4329 1503 4400 τὴν
1540 4328 1762 4398 αἴτησιν
1805 4326 2010 4397 τυγχά-

2118 4332 2183 4385 ad
2214 4331 2631 4400 postulationem
2668 4333 2779 4389 sint
2810 4334 3027 4403 idonei;
3061 4336 3142 4390 vel
3172 4338 3353 4404 potius
3395 4346 3523 4389 ante
3558 4336 3696 4391 alios

423 4442 609 4480 νουσιν
655 4427 986 4496 εὐπρεπετςυ
1044 4424 1247 4494 μᾶλλον
1299 4421 1357 4474 δὲ
1384 4420 1479 4473 καὶ
1506 4419 1613 4489 πρὸ
1643 4419 1752 4470 τῶν
1808 4417 2005 4482 ἄλλων,

2118 4422 2204 4493 qui
2240 4423 2519 4493 proprium
2548 4425 2751 4494 aliquid
2781 4428 3131 4483 contribuere
3170 4430 3400 4483 valeant.
3441 4429 3510 4482 At
3540 4441 3695 4483 certe

423 4513 612 4568 ὁπόσοι
663 4514 861 4567 οἰκεῖόν
907 4528 960 4566 τι
1004 4511 1217 4576 δόξουσι
1280 4508 1695 4578 συνεισφέρεινο
1746 4507 1859 4561 ἀλλ’
1913 4504 2007 4561 οὖν

2118 4511 2228 4582 ipse
2257 4515 2499 4568 oninium
2531 4515 2717 4570 laudes
2744 4520 3017 4586 accipies;
3045 4529 3103 4571 ut
3144 4529 3197 4573 ct
3229 4518 3436 4586 primus
3462 4528 3515 4572 et
3538 4519 3695 4571 valde

422 4605 587 4670 αὐτὸς
621 4606 842 4662 πάντων
872 4602 1104 4674 ἀναδέξῃ
1138 4601 1228 4655 τὸν
1260 4600 1511 4655 ἔπαινον·
1543 4599 1618 4662 ὡς
1646 4597 1744 4652 καὶ
1764 4598 2004 4669 πρῶτος,

2118 4605 2397 4673 postulans
2455 4617 2512 4663 et
2565 4610 2805 4677 pulchrae
2880 4609 3274 4667 benevolentia:
3342 4610 3465 4665 aliis
3516 4609 3694 4664 lactus

422 4698 518 4750 καὶ
552 4697 674 4750 λίαν
702 4698 934 4766 αίτήσας
979 4694 1076 4749 καὶ
1106 4694 1209 4763 τῆς
1245 4693 1420 4764 καλῆς
1463 4689 1879 4763 φιλανθρωπίας
1905 4708 1999 4761 γε·
2104 4697 2403 4768 exemplar.

422 4788 597 4857 γονὼς
623 4792 738 4854 τοῖς
768 4789 949 4854 ἄλλοις
982 4787 1360 4860 παράδειγμα.

778 5025 1090 5084 EJUSDEM
1122 5022 1442 5080 PROCOPII
1494 5021 1729 5078 GAZ/El
1757 5021 2271 5082 FRAGMENTUM.
2309 5028 2387 5083 Ex
2421 5027 2616 5085 codice
2643 5026 2909 5085 Vaticano
2947 5028 3110 5099 1096,
3158 5045 3213 5102 p.
3244 5030 3336 5087 6i.

440 5153 537 5213 Ἐιι
586 5160 707 5214 τῶν
758 5163 845 5228 εἰς
899 5161 972 5216 τὰ
1018 5160 1293 5227 Πρόκλόυ
1336 5156 1655 5228 θεολογικὰ
1696 5156 1997 5226 κεφάλαια

490 5226 901 5299 ἀντιρῤήσεων
935 5226 1272 5301 Προκοπίου
1301 5226 1495 5297 Γάζης
1519 5228 1871 5297 ἁντίρῤησις
1902 5246 2000 5284 κε-

491 5302 756 5366 φαλαίου
793 5308 955 5371 ρμςν.

493 5365 628 5446 θεία
667 5365 890 5464 πρόοδος
917 5393 1156 5465 ἄναρχος
1191 5392 1287 5446 καὶ
1321 5365 1700 5460 ἀτελεύτητος,
1743 5393 1880 5461 μόνη
1926 5390 1993 5445 ἂν

2106 5164 2191 5220 Ea:
2243 5163 2496 5234 Procopii
2530 5163 2691 5220 Casei
2731 5168 2787 5220 in
2829 5164 3010 5220 Procli
3048 5167 3553 5238 theologica_capita
3601 5184 3682 5222 ts~

2388 5241 2614 5305 sponsis,
2649 5252 2955 5305 responsum
2982 5238 3041 5291 in
3064 5236 3235 5306 capite
3260 5236 3383 5294 M6.

2174 5392 2364 5446 Divina
2402 5393 2679 5463 processio
2728 5393 2845 5449 sine
2878 5395 3147 5466 principio
3174 5406 3231 5453 et
3267 5396 3385 5454 sine
3428 5396 3536 5453 line
3571 5396 3690 5451 sola

1620 5564 1637 5577 κ
1720 5508 1956 5567 VARI/IS
1987 5513 2390 5571 LECTIONES.

489 5612 515 5644 ε
556 5604 678 5662 Vat.
722 5605 1043 5663 κατέϐαλλε.
1153 5606 1180 5648 τι
1214 5583 1330 5663 vat.
1353 5602 1677 5675 ἀνεχομένη.

1795 5616 1817 5643 ε
1863 5604 1982 5663 Vat.
2018 5608 2269 5662 ἐκτείνει.

2355 5606 2372 5645 ί
2412 5607 2530 5663 ναι.
2566 5608 2624 5663 τὸ
2646 5608 2962 5680 κεφάλαιον.
