3978 5926
431 81 572 146 27.2
591 81 629 121 "

1533 73 1887 154 PROCOPII
1926 69 2170 131 ΟΛΖιΕΙ
2210 67 2616 132 EPISTOIJE.

3547 63 3698 126 792‘

427 197 700 250 diceretur
726 205 793 246 ex
825 206 932 246 uno
971 189 1131 244 Patre
1161 187 1438 257 generatio
1484 187 1645 241 unius
1673 184 1817 249 Filii,
1849 191 1905 237 et
1945 196 2013 237 ex

2118 180 2328 248 λέγοιτο
2367 182 2400 253 ἡ
2431 182 2540 236 ἀπὸ
2574 179 2668 235 τοῦ
2703 179 2823 244 ἐνὸς
2857 181 3020 251 μόνου
3061 178 3275 250 Πατρδς
3318 177 3570 247 γέννησις
3607 173 3701 228 τοῦ

429 285 619 342 eodem
682 283 965 352 productio
1023 283 1188 336 unius
1217 280 1390 334 sancti
1435 278 1671 348 Spiritus
1716 279 2014 333 secundum

429 395 593 448 quam
619 388 843 448 paterna
886 385 941 430 et
971 375 1145 444 prima
1183 375 1265 428 vel
1295 374 1476 443 potius
1507 372 1774 441 principio
1823 385 2017 426 carens

434 469 611 522 unitas
646 468 697 521 in
746 465 1063 519 dnalitatetn
1112 475 1290 518 emota
1341 464 1393 516 in
1449 463 1584 518 Fi1io
1629 470 1923 530 spectatam
1961 471 2018 516 et

437 555 645 623 Spiritu
677 564 890 615 sancto,
926 567 1095 620 usque
1139 553 1204 605 ad
1242 551 1563 606 Trinitatem
1610 553 1782 613 stetit,
1829 566 2018 618 quem-

439 646 732 699 admodum
765 647 841 698 ait
867 643 1173 714 Tlieolugus
1200 654 1381 697 noster
1403 643 1717 713 Gregorius.
1751 641 1843 695 llla
1870 643 2014 696 enim

433 738 546 792 sola
601 747 794 791 natura
851 736 1032 790 divina
1097 736 1410 804 processio,
1463 736 1508 789 si
1577 745 1757 788 tamen
1803 741 2017 803 oportet

436 839 626 881 natura
661 827 865 891 dicere,
899 827 1114 895 quando
1160 827 1226 879 de
1269 827 1774 895 supernaturalibus
1803 836 1856 880 et
1882 821 2017 881 divi-

435 922 518 973 uis
541 919 740 989 agitur.
767 919 832 972 Et
863 919 1018 989 hujus
1042 920 1259 988 quidem
1289 919 1616 988 principiunt
1642 917 1847 986 absque
1870 920 2016 987 prin-

430 1013 572 1082 cipio
619 1013 778 1067 Pater
812 1029 826 1065 :
857 1028 920 1066 ex
945 1014 1040 1067 illo
1073 1004 1216 1066 enim
1248 1030 1262 1078 ;
1297 1010 1536 1065 medium
1580 1019 1762 1064 autem
1799 1018 1854 1064 et
1901 1009 2016 1078 ipse

431 1105 755 1174 principium
790 1103 958 1158 Filius
991 1122 1002 1156 :
1042 1117 1142 1172 per
1171 1103 1350 1170 ipsum
1376 1101 1555 1168 enim;
1606 1101 1865 1155 terminus
1919 1115 2017 1154 au-

432 1207 536 1250 tem
571 1196 1001 1265 perfectissimus
1047 1204 1103 1248 et
1153 1203 1396 1249 asternus
1447 1191 1688 1262 Spiritus
1734 1199 2009 1247 sanctus:

430 1295 484 1348 in
522 1292 696 1361 ipsum
742 1291 911 1346 enim.
971 1288 1293 1345 Secernitur
1327 1296 1506 1342 autem
1543 1296 1599 1341 et
1630 1286 1698 1340 ab
1725 1285 1849 1340 aliis
1882 1300 2011 1354 pro-

429 1386 772 1441 cessionibus
800 1384 917 1450 illa;
948 1399 1055 1438 non
1090 1383 1236 1438 enim
1287 1389 1507 1450 separat
1551 1379 1775 1433 omnino
1799 1394 1827 1432 a
1859 1379 2008 1447 prin-

431 1481 576 1549 cipio
604 1494 664 1531 ea
691 1493 812 1547 quae
841 1493 872 1531 a
903 1477 1170 1544 principio
1199 1476 1482 1539 oriuntur;
1514 1472 1610 1526 sed
1643 1472 1866 1526 omnino
1902 1487 2008 1526 non

437 1572 586 1627 foras
613 1571 934 1639 prodeuntia
962 1577 1161 1633 servat,
1191 1582 1283 1635 per
1302 1565 1622 1621 substantiae
1643 1563 2008 1629 identitatem;

436 1678 749 1736 quanquam
782 1671 838 1717 ut
878 1662 1111 1732 propria:
1142 1675 1387 1729 persona:
1415 1659 1682 1728 prodeunt
1712 1675 1726 1712 :
1763 1657 1880 1712 ideo
1906 1671 2011 1711 non

433 1767 594 1826 egent
644 1755 941 1810 secundum
980 1755 1240 1821 impetunt
1278 1750 1657 1806 conversione.
1712 1747 1819 1804 Sed
1872 1749 2013 1804 ultra

432 1850 574 1904 hanc
607 1863 798 1902 omnes
836 1847 960 1900 alias
994 1844 1372 1915 processiones
1401 1843 1632 1896 invicem
1663 1831 2012 1909 separantur.

430 1941 498 1995 Et
521 1957 704 1995 earum
728 1941 946 2009 quidem
979 1937 1185 2007 absque
1218 1936 1481 2006 principio
1512 1934 1688 2001 nullo;
1722 1934 1847 2004 quia
1879 1934 2014 1988 nihil

433 2035 553 2086 sine
581 2030 849 2099 principio
873 2039 977 2093 est,
1008 2029 1102 2082 sed
1130 2027 1314 2080 omnia
1347 2025 1491 2080 facta
1517 2035 1643 2080 sunt
1673 2042 1700 2078 a
1733 2024 1892 2078 Patre
1919 2040 2016 2092 per

428 2123 650 2189 Filium,
675 2121 913 2198 perfecta
939 2138 967 2176 a
993 2121 1221 2191 Spiritu.
1245 2121 1460 2189 Absque
1495 2120 1602 2175 [ine
1659 2134 1763 2172 non
1797 2119 2010 2183 omnis;

430 2219 524 2272 sed
554 2231 729 2286 neque
750 2217 915 2269 etiam
942 2214 1184 2268 omnino.
1211 2212 1410 2267 Eorum
1438 2227 1568 2266 vero
1600 2227 1719 2280 quae
1753 2219 2015 2281 perpetuo

433 2317 553 2374 post
581 2321 737 2360 suam
774 2304 902 2359 inde
935 2303 1351 2375 productionem
1383 2309 1726 2372 permanent,
1764 2301 2018 2370 unaqui-

431 2400 554 2453 dettl
596 2399 892 2454 secundum
950 2396 1335 2462 substantiam,
1370 2402 1425 2450 et
1460 2395 1571 2464 jam
1609 2393 1847 2462 perlecta
1895 2403 2016 2458 est;

432 2509 607 2564 neque
633 2493 776 2549 enim
800 2493 906 2547 ulla
933 2493 1036 2546 alia
1062 2493 1199 2546 ultra
1225 2508 1288 2546 ea
1321 2505 1441 2560 quae
1475 2491 1544 2545 ab
1573 2490 1732 2544 initio
1759 2479 2018 2559 producta

431 2596 579 2652 sunt,
631 2586 853 2654 insuper
907 2585 1313 2654 producuntur;
1350 2599 1526 2653 neque
1574 2584 1738 2637 etiam
1787 2596 1851 2636 ea
1895 2596 2018 2651 qua:

435 2679 701 2747 producta
734 2686 860 2732 sunt
906 2679 1209 2730 secundum
1253 2675 1614 2730 substantiam
1659 2673 2016 2727 mutationem

434 2770 810 2838 exspectantia
844 2753 981 2822 nova
1013 2767 1369 2837 productione
1404 2767 1668 2837 indigent.
1706 2763 1797 2818 Illa
1833 2773 2016 2819 autem

2120 273 2237 334 ἑνὸς
2263 273 2360 325 mi.
2387 273 2550 344 μόνου
2590 271 2741 336 Υίοῡ,
2777 271 2874 324 καὶ
2908 270 3016 325 ἀπὸ
3049 269 3143 322 τοῦ
3183 266 3349 323 αὑτοῦ
3398 264 3706 334 πρόϐλησις

2117 365 2212 420 τοῦ
2245 367 2363 430 ένὺς
2389 368 2484 421 καὶ
2515 366 2679 436 μόνου
2719 367 2878 433 ἁγίου
2923 361 3242 433 Πνεύματος
3275 359 3396 414 καθ’
3430 357 3495 429 ἢν
3531 359 3567 427 ἡ
3600 374 3709 410 πα-

2118 459 2281 529 τρική
2326 476 2383 512 τε
2427 457 2523 512 καὶ
2552 456 2755 527 ἀρχικὴ
2793 453 2995 526 μᾶλλον
3038 455 3096 507 δὲ
3145 453 3486 523 προὰναρχος
3527 448 3707 519 μονὰς

2118 553 2199 615 εἰς
2233 551 2398 605 δυάδα
2449 549 2736 621 κινηθεῖσα
2781 549 2881 618 τὴν
2928 549 2986 600 ἐν
3023 545 3138 617 Υίῷ
3184 542 3569 612 θεωρουμένην
3608 539 3709 593 καὶ⁵

2117 644 2422 714 Πνεύματι,
2475 643 2636 713 μέχρι
2680 641 2911 711 Τριάδος
2963 639 3131 709 ἔστη,
3172 637 3424 706 καθάπερ
3463 634 3635 704 φησιν
3678 634 3710 686 6

2118 737 2386 807 ἡμέτερος
2428 733 2691 802 Θεολόγος
2740 733 3066 804 Γρηγόριος.
3098 729 3246 800 Αὕτη
3300 729 3356 781 δὲ
3411 728 3505 781 καὶ
3565 725 3710 796 μόνη

2118 829 2237 882 θεία
2274 828 2433 898 φύσει
2468 826 2718 897 πρόοδος,
2745 825 2906 895 εἴπερ
2935 825 3016 877 δεῖ
3043 824 3226 892 φύσει
3255 821 3435 889 λέγειν
3465 819 3561 872 ἐπί
3597 819 3712 871 τῶν
3741 809 3743 811 ’

2118 919 2419 990 ὑπερφυῶν
2449 918 2545 971 καὶ
2574 917 2736 970 θείων
2761 936 2773 946 ·
2802 918 2898 985 καὶ
2928 916 3135 986 ταύτης
3160 914 3302 986 ἀρχὴ
3337 915 3435 984 μὲν
3466 913 3713 982 ἄναρχος

2114 1015 2144 1067 ὁ
2197 1016 2409 1082 Πατὴρ,
2463 1011 2522 1078 ἐξ
2576 1009 2743 1063 αὑτοῦ
2788 1008 2931 1079 γάρ’
2989 1008 3224 1078 μεσότης
3272 1004 3329 1059 δὲ
3380 1003 3656 1073 σύναρχος
3687 1005 3715 1055 ό

2118 1105 2266 1170 Υἱὸς,
2318 1104 2388 1158 δι’
2416 1103 2586 1158 αὑτοῦ
2621 1103 2731 1173 γάρ
2754 1118 2767 1132 ⁶
2797 1101 2952 1164 τέλος
2992 1099 3048 1152 δὲ
3096 1096 3565 1168 ὑπερτελέστατον
3616 1093 3716 1148 καὶ

2114 1196 2474 1267 ἀτελεύτητον
2532 1195 2592 1248 τὸ
2643 1192 2873 1262 Πνεῦμα
2922 1192 2984 1244 τὸ
3032 1191 3208 1258 ἅγιον,
3245 1191 3325 1252 είς
3373 1187 3507 1243 αὐτὸ
3559 1188 3715 1256 γάρ·

2115 1289 2380 1360 ἐξῄρηται
2405 1289 2462 1341 δέ
2491 1287 2588 1341 καὶ
2619 1287 2730 1340 τῶν
2764 1285 2940 1337 ἄλλων
2972 1283 3217 1355 προόδων
3242 1281 3381 1351 αὕτη
3402 1294 3414 1308 ·
3451 1278 3578 1332 οὐδὲ
3602 1280 3717 1350 γάρ

2117 1382 2397 1451 ἐξίστησιν
2431 1380 2567 1444 ὅλως
2604 1380 2703 1450 τῆς
2747 1377 2924 1450 ἀρχῆς
2964 1377 3030 1431 τὰ
3062 1378 3121 1445 ἐξ
3154 1377 3351 1444 αὐτῆς,
3395 1374 3511 1430 ἀλλ’
3543 1374 3716 1427 ἀνεκ-

2116 1474 2347 1545 φοίτητα
2378 1473 2559 1542 πάντη
2606 1471 2813 1542 ταύτης
2847 1471 3038 1541 τηρεῖ,
3084 1470 3173 1524 διὰ
3221 1468 3319 1538 τὴν
3378 1467 3480 1536 τῆς
3517 1463 3717 1529 οὐσίας

2115 1568 2461 1638 ταυτότητα·
2507 1567 2555 1619 εί
2591 1565 2686 1620 καὶ
2733 1565 2810 1628 ὼς
2857 1565 2965 1618 ἴδια
3006 1565 3278 1636 πρόσωπα
3331 1561 3586 1632 πρόεισι·
3630 1559 3718 1614 διὸ

2115 1661 2236 1713 ούδέ
2266 1662 2363 1730 τῆς
2389 1661 2510 1712 κατ’
2535 1658 2723 1728 ἔφεσιν
2752 1656 3092 1726 ἐπιστροφῆς
3117 1655 3357 1710 δέονται·
3381 1658 3438 1710 at
3465 1654 3523 1708 δέ
3553 1655 3717 1726 παρὰ

2115 1755 2324 1822 ταύτην
2355 1755 2530 1808 πᾶσαι
2553 1755 2660 1806 τῶν
2698 1753 2870 1807 ὄντων
2907 1752 3290 1824 πρόοδοι,οτοί’ς
3315 1751 3435 1804 οὖσι
3467 1750 3719 1804 συνδιαι-

2121 1843 2369 1914 ροΰνται·
2400 1844 2496 1898 καὶ
2541 1845 2778 1915 ἄναρχος
2813 1844 2912 1910 μὲν
2953 1841 3161 1896 τούτων
3199 1841 3447 1913 οὐδεμία,
3481 1842 3568 1895 ὅτι
3616 1841 3720 1895 καὶ

2116 1939 2226 1992 τῶν
2251 1938 2420 1992 όντων
2462 1938 2698 2008 ἄναρχον
2723 1938 2898 2002 οὐδὲν,
2929 1938 3069 1992 ἀλλά
3099 1938 3280 1993 πάντα
3311 1934 3506 2004 γέγονε
3555 1935 3718 2004 παρᾶ

2118 2027 2212 2082 τοῦ
2255 2028 2468 2099 Πατρὸς
2503 2027 2593 2080 διὰ
2631 2027 2726 2081 τοῦ
2769 2027 2896 2081 Υίοῦ
2940 2025 3368 2081 συντελεσθέντα
3404 2025 3484 2096 τῷ
3528 2025 3720 2078 Πνεύ-

2124 2138 2285 2192 ματι·
2327 2120 2686 2190 άτελεύτητος
2719 2121 2798 2186 δέ,
2855 2121 2918 2174 ού
2967 2123 3153 2174 πᾶσα’
3188 2119 3314 2173 οὕτε
3359 2120 3468 2189 μὴν
3504 2119 3718 2189 πάντη,

2118 2214 2259 2268 ἀλλὰ
2291 2214 2398 2268 τῶν
2436 2215 2536 2285 μὲν
2589 2215 2778 2268 ἀϊδίων
2823 2214 2963 2285 μετὰ
2992 2215 3090 2285 τὴν
3115 2213 3327 2268 ἐκεῖθεν
3359 2213 3720 2285 παραγωγὴν
3777 2283 3782 2285 _

2125 2309 2419 2378 μενόντων,
2463 2309 2496 2379 ή
2554 2307 2652 2377 μὲν
2697 2306 2821 2361 κατ’
2859 2307 3052 2362 οὐσίαν
3104 2308 3196 2360 καὶ
3243 2305 3310 2377 δὴ
3354 2305 3720 2359 τετέλεσταιο

2122 2400 2246 2455 οὔτε
2291 2401 2402 2472 γὰρ
2462 2399 2700 2454 άλλάττα
2735 2399 2891 2470 παρὰ
2919 2401 2990 2452 τὰ
3033 2399 3092 2464 ἐξ
3131 2399 3304 2469 ἀρχῆς
3351 2397 3720 2468 παραχθέντα

2123 2492 2598 2562 ἐπιπαράγονταιο
2645 2491 2758 2544 οὔτ’
2808 2491 2950 2546 αὐτὰ
2987 2493 3172 2544 ἐκεῖνα
3221 2489 3288 2543 τὰ
3329 2488 3718 2560 παραχθέντα,

2121 2586 2220 2658 τὴν
2252 2587 2373 2639 κατ’
2406 2585 2592 2638 οὐσίαν
2627 2585 2930 2656 μεταϐολὴν
2967 2583 3330 2653 ὑπομένοντα,
3356 2582 3520 2636 πάλιν
3546 2581 3723 2652 ἄλλης

2123 2678 2469 2747 παραγωγῆς
2519 2677 2859 2747 δέονται··ή
2903 2674 2961 2728 δὲ
3020 2675 3141 2728 κατ’
3189 2673 3483 2744 ἕλλαμψιν,
3542 2672 3724 2736 ἀΐδιος

2125 2768 2336 2820 ἐκεῖθεν
2372 2767 2659 2840 προϐαίνει
2688 2767 2785 2821 καὶ
2837 2766 3219 2835 άτελεύτητος,
3263 2768 3376 2830 τοῖς
3425 2764 3527 2834 μὲν
3565 2782 3725 2834 πρω-

433 2879 553 2932 qua:
585 2872 670 2916 est
715 2861 1013 2936 secundum
1055 2860 1533 2924 illuminationem,
1574 2869 1836 2927 perpetuo
1889 2856 2015 2912 inde

2124 2860 2379 2924 τοδότως,
2420 2862 2532 2921 τοῖς
2581 2860 2640 2914 δὲ
2684 2859 3119 2930 δευτεροδότως,
3153 2859 3247 2911 καὶ
3295 2856 3561 2926 καθεξῆς·
3607 2856 3720 2910 τῶν

435 2966 491 3007 et
527 2955 644 3008 sine
678 2954 787 3008 ﬁne
821 2953 1085 3021 procedit,
1119 2953 1186 3008 iis
1236 2952 1454 3026 quidem
1495 2949 1670 3020 primo
1703 2949 1863 3012 dono,
1912 2948 2020 3004 illis

435 3059 614 3100 autent
665 3047 938 3110 secundo,
982 3056 1037 3101 et
1070 3047 1144 3100 ita
1168 3044 1496 3106 successive,
1528 3041 1728 3096 divinis
1766 3040 2022 3110 splendo-

440 3133 588 3188 ribus
627 3136 922 3188 secundum
973 3136 1173 3188 donum
1214 3132 1622 3202 proﬂuentibus,
1683 3130 2019 3200 singulorum

438 3226 727 3280 ordinibus
756 3236 804 3279 et
843 3228 1008 3280 statui
1049 3225 1462 3294 proliortionate
1509 3237 1677 3291 usque
1725 3223 1791 3274 ad
1831 3235 2020 3275 eorum

441 3316 647 3370 ultima.
693 3316 784 3371 Sic
817 3326 996 3370 autem
1029 3327 1085 3371 et
1108 3316 1290 3370 omnia
1336 3316 1402 3369 ad
1427 3317 1644 3369 unicum
1690 3313 2014 3383 principium

439 3408 740 3476 composite
765 3420 1192 3476 convertuntur;
1218 3419 1272 3464 et
1303 3418 1597 3478 perpetuus
1637 3406 1742 3461 illis
1777 3415 1832 3460 et
1861 3414 2021 3460 teter-

323 3489 327 3495 ”
438 3515 542 3554 nus
567 3515 633 3554 ex
662 3501 1221 3570 processionibusque
1249 3509 1304 3554 et
1341 3498 1797 3554 conversionibus
1830 3496 2016 3551 circu-

439 3592 522 3646 lus
549 3601 822 3647 servatur.
849 3591 1137 3646 Processio
1165 3600 1342 3645 autem
1373 3605 1564 3646 eorum
1596 3603 1717 3659 quae
1745 3587 2018 3643 nativitati

437 3683 862 3752 etcorruptioni
897 3692 952 3736 et
988 3683 1218 3750 tempori
1250 3682 1636 3751 subjiciuntur,
1677 3679 1854 3749 quoad
1901 3679 2020 3732 uui-

438 3789 656 3829 versum
685 3758 903 3843 quidem
929 3786 983 3829 et
1007 3775 1121 3844 jam
1149 3775 1385 3844 perfecta
1416 3781 1562 3828 sunt.
1585 3771 1730 3826 Intra
1752 3786 1844 3826 sex
1873 3771 2017 3825 enim

369 3885 376 3891 υ
437 3869 553 3922 dies
595 3877 744 3921 totus
769 3868 857 3923 hic
909 3867 1180 3922 sensibilis
1246 3869 1478 3920 mundus
1536 3865 1862 3934 adimpletus
1894 3875 2014 3932 est;

437 3959 668 4026 septima
691 3967 871 4011 autem
909 3959 996 4011 die
1033 3958 1301 4026 requievit
1330 3957 1471 4010 Deus
1495 3956 1564 4010 ab
1587 3955 1858 4010 universis
1890 3970 2020 4023 ope-

437 4049 587 4102 ribus
645 4048 782 4102 suis.
838 4045 1024 4116 Neque
1069 4047 1179 4116 jam
1232 4046 1456 4100 alterius
1504 4045 1689 4100 mundi
1742 4028 2017 4116 processio

436 4149 787 4208 exspectatur
822 4138 875 4192 in
929 4140 1243 4193 universum
1291 4138 1659 4207 perlicienda,
1717 4141 2013 4192 secundum

435 4231 723 4298 praesentis
753 4231 936 4286 sreculi
964 4229 1387 4300 perfectionem;
1441 4231 1618 4298 quoad
1669 4239 1856 4298 partes
1889 4243 2017 4283 vero
2047 4217 2093 4275 Ι)

434 4326 609 4380 adhuc
646 4328 863 4394 quidem
916 4326 1168 4392 edicitur,
1210 4323 1665 4393 quemadmodum
1694 4324 1900 4377 dictum
1932 4331 2017 4378 est

431 4433 460 4469 a
496 4416 779 4472 Salvatorc
818 4435 832 4471 :
871 4437 890 4470 ‹
928 4417 1090 4472 Pater
1116 4433 1270 4473 meus
1289 4431 1460 4484 usque
1488 4415 1647 4470 modo
1672 4425 1931 4481 operatur
1961 4423 2016 4468 et

430 4523 532 4574 ego
549 4523 767 4576 Operor.
802 4527 822 4561 ι
859 4510 1144 4564 Cessatum
1172 4517 1354 4564 autem
1391 4505 1493 4560 fuit
1517 4504 2016 4574 omnit‘aoapropes-

432 4602 586 4654 sione
627 4602 922 4656 secundum
974 4617 1319 4657 communem
1367 4601 1795 4672 perfectionem;
1826 4608 1878 4654 et
1908 4598 2013 4652 alia

435 4700 564 4744 tunc
604 4695 880 4759 processio
944 4695 1086 4760 erit,
1146 4695 1446 4751 secundum
1500 4707 1663 4762 quam
1717 4691 1824 4744 erit
1873 4690 2015 4747 Deus

2125 2952 2285 3005 θείων
2312 2950 2768 3030 ἀπαυγα-σμάτων
2797 2950 3185 3023 προχεομένων
3218 2949 3357 3002 κατὰ
3399 2949 3718 3020 μετάδοσιν,

2125 3044 2406 3111 ἀναλόγως
2454 3046 2575 3107 ταῖς
2622 3043 2870 3096 ἑκάστων
2909 3041 3127 3106 τάξεσιν
3175 3043 3275 3094 εἴτ’
3317 3041 3410 3096 οὖν
3461 3043 3719 3104 στάσεσι,

2128 3137 2291 3207 μέχρι
2328 3137 2426 3191 καὶ
2468 3121 2577 3191 τῶν
2612 3138 2670 3190 έν
2711 3135 2943 3198 ἐκείνοις
3001 3134 3284 3205 ὲσχάτωνυ
3336 3133 3479 3188 οὕτω
3528 3134 3587 3187 δὲ
3625 3134 3721 3186 καὶ

2125 3223 2304 3276 πάντα
2324 3225 2461 3292 πρὸς
2484 3225 2584 3294 τὴν
2619 3223 2751 3293 μίαν
2773 3224 2950 3295 ἀρχὴν
2979 3223 3323 3286 άνατατικῶς
3352 3225 3681 3295 ἐπιστρέφει
3701 3239 3716 3254 ·

2125 3317 2219 3369 καὶ
2273 3318 2302 3369 6
2353 3317 2520 3380 ἀΐδιος
2561 3316 2772 3380 τούτοις
2822 3318 2916 3369 κα)⁵
2962 3315 3323 3385 ἁτελεύτητος
3359 3316 3415 3369 ἓν
3473 3333 3538 3369 τε
3595 3311 3718 3381 ταῖς

2125 3407 2379 3478 προόδοις
2411 3409 2509 3461 καὶ
2537 3410 2658 3472 ταῖς
2693 3409 3018 3476 ὲπιτροφαῖς
3053 3408 3252 3471 κύκλος
3287 3407 3525 3472 σώζεται
3546 3423 3560 3438 ·
3594 3410 3628 3479 ἡ
3659 3409 3717 3462 δὲ

2123 3501 2233 3554 τῶν
2268 3503 2373 3555 ὑπὸ
2416 3503 2634 3571 γένεσιν
2673 3502 2768 3556 καὶ
2807 3483 3017 3573 φθορὰν
3061 3504 3157 3556 καὶ
3185 3501 3398 3573 χρόνον,
3432 3502 3577 3555 κατὰ
3615 3501 3718 3571 μὲν

2121 3593 2182 3646 τὸ
2212 3593 2466 3661 καθόλου,
2497 3598 2587 3648 καὶ
2618 3596 2718 3668 ἤδη
2752 3597 3086 3649 τετέλεσται.
3129 3595 3218 3647 Ἐν
3245 3593 3304 3660 ἓξ
3333 3593 3441 3665 γὰρ
3472 3593 3716 3665 ἡμέραις

2125 3685 2348 3755 σύμπας
2383 3687 2411 3739 6
2452 3687 2708 3758 αίσθητὸς
2755 3688 3228 3760 συμπεπλήρωται
3279 3687 3521 3757 κόσμο;’
3563 3689 3623 3740 έν
3657 3686 3715 3738 δὲ

2120 3781 2186 3849 τῇ
2241 3778 2445 3850 ἐϐδόμῃ
2509 3782 2860 3834 κατέπαυσεν
2909 3781 2937 3832 ό
2984 3780 3118 3843 Θεὸς
3166 3777 3277 3833 ἀπὸ
3335 3780 3560 3833 πάντων
3601 3779 3713 3833 τῶν

2123 3869 2304 3940 ἔργων
2335 3869 2503 3925 αὐτοῦ
2529 3889 2543 3903 ·
2575 3873 2670 3926 καὶ
2711 3873 2898 3926 οὐκέτι
2926 3873 3156 3944 πρόοδος
3179 3873 3342 3927 ἄλλου
3375 3872 3584 3943 κόσμου
3616 3874 3711 3926 καὶ

2120 3960 2202 4013 ἐτι
2241 3961 2612 4032 προσδοκᾶται
2655 3963 2894 4034 πάμπαν
2931 3964 3370 4034 συντελεσθῆναι,
3423 3965 3568 4017 κατὰ
3611 3965 3708 4031 τὴν

2118 4053 2212 4106 τοῦ
2248 4054 2519 4124 παρόντος
2555 4055 2750 4119 αἰῶνος
2802 4057 3144 4110 συντέλειαν⁰
3181 4057 3324 4109 κατὰ
3375 4055 3431 4110 δὲ
3469 4056 3533 4109 τὸ
3566 4056 3709 4109 κατὰ

2123 4147 2313 4216 μέρος,
2345 4146 2427 4200 ἔτι
2460 4148 2559 4218 μὲν
2590 4149 2893 4220 ἐνεργεῖται
2930 4149 3077 4203 καθὰ
3106 4149 3322 4220 εἴρηται
3344 4147 3422 4218 τῷ
3453 4149 3705 4219 Σωτῆρν

2129 4256 2146 4288 ι
2176 4239 2203 4291 ὁ
2233 4241 2424 4312 Πατήρ
2439 4258 2541 4311 μου
2555 4241 2658 4304 ἕως
2681 4241 2809 4312 ἄρτι
2831 4241 3147 4313 ἐργάζεται,
3162 4239 3317 4309 κάγὼ
3329 4238 3662 4310 ἐργάζομαι·
3684 4259 3703 4292 ι

2062 4391 2066 4396 ἱ
2120 4332 2466 4389 πεπαύσεται
2503 4335 2562 4389 δὲ
2595 4336 2817 4399 πάντως
2860 4337 2954 4389 καὶ
2998 4337 3031 4406 ή
3066 4334 3207 4388 κατὰ
3238 4335 3338 4404 τὴν
3369 4335 3556 4405 κοινὴν
3589 4351 3708 4387 συν-

2118 4424 2328 4478 τέλειαν
2346 4440 2362 4456 ·
2393 4428 2487 4480 καὶ
2517 4427 2652 4499 ἄλλη
2693 4428 3000 4498 τηνικαῦτα
3026 4426 3256 4498 πρόοδος
3284 4426 3460 4490 ἔσται,
3486 4425 3610 4480 καθ’
3639 4426 3708 4496 ἢν

2118 4513 2272 4570 ἔσται
2310 4519 2338 4570 ὁ
2384 4518 2516 4582 Θεὸς
2545 4519 2616 4572 τὰ
2662 4519 2842 4573 πάντα
2894 4521 2953 4573 ἐν
3004 4521 3171 4573 πᾶσιο
3207 4519 3299 4572 καὶ
3353 4517 3534 4571 πάντα
3570 4517 3705 4588 πρὸς

2119 4608 2283 4662 αὑτὸν
2321 4609 2768 4681 ἐπιστρέφουσιν,
2798 4613 2832 4683 ή
2878 4612 2988 4665 τῶν
3017 4610 3154 4664 ὅλων
3197 4610 3701 4680 μεταστοιχείωσις,

2125 4700 2218 4752 καὶ
2244 4703 2308 4754 ἐκ
2349 4701 2558 4772 φθορᾶς
2587 4705 2666 4764 είς
2687 4703 3000 4774 ἀφθαρσίαν
3035 4701 3418 4773 μεταποίησις.

433 4783 616 4837 omnia
651 4785 705 4839 in
737 4787 1026 4855 omnibus;
1061 4797 1115 4842 et
1146 4789 1330 4843 omnia
1364 4788 1430 4842 ad
1461 4789 1636 4856 ipsum
1679 4793 2093 4854 convertentur,
2121 4801 2175 4847 et
2246 4796 2624 4850 universorum
2687 4797 2792 4850 erit
2851 4794 3291 4860 transformatio,
3366 4803 3424 4848 et
3468 4808 3537 4848 ex
3585 4805 3704 4846 cor.

436 4873 686 4943 ruptione
715 4876 767 4931 in
798 4878 1258 4949 incorruptionem
1287 4880 1634 4934 instauratio.

1144 5059 1460 5117 EXPLlClT
1495 5059 1676 5117 PARS
1699 5061 2016 5120 SECUNDA
2048 5063 2214 5120 ΤΟΜΙ
2251 5058 2664 5119 OCTOGESIMI
2700 5059 2993 5117 SEPTIMI.

2124 5499 2280 5510 .—.——.——
2297 5499 2350 5505 »ιο

2403 5497 2689 5589 ’ἶνυτιδίέςμ
2732 5565 2791 5573 η-
2827 5533 2904 5586 Ex
2943 5531 3084 5603 typis
3113 5531 3174 5586 L.
3211 5497 3448 5586 Midan.
