1966 3074
202 149 268 183 1547
859 146 988 178 PROCO]

1052 147 1176 178 GAZIEI
1768 151 1838 183 1548

199 214 292 236 autem
306 206 440 234 doctrina:
457 203 602 240 processit
634 202 777 235 Salomon,
806 202 870 229 dum
903 202 988 229 adhuc

1047 203 1099 239 γὰρ
1123 203 1163 230 ἔτι
1186 201 1320 240 νεαζούσῃ
1335 203 1409 240 ψυχῇ
1425 206 1575 241 παροιμίας
1592 205 1760 241 ὑποθέμενος
1771 229 1779 239 ,
1794 217 1838 234 κε-

199 254 307 281 tenella:
324 253 421 279 anima!
432 250 582 278 Proverbia
609 257 779 285 proponens,
793 248 874 283 jubet
900 248 988 282 ipsam

1047 253 1113 279 λεύει
1124 253 1172 286 τῆς
1182 253 1279 287 σοφίας
1290 253 1365 288 ὲρᾷψ
1375 253 1415 280 διδ
1423 254 1481 285 καὶ,
1494 254 1618 288 Υίέμου,
1628 253 1703 288 λέγει
1715 255 1838 288 πυκνῶς,

199 307 294 328 amare
322 298 496 333 sapientiam.
525 296 699 330 Quapropter
727 295 808 322 etiam
831 294 988 328 frequenter

1047 299 1087 325 mi
1104 298 1241 333 μανιάκην
1264 298 1302 330 ὡς
1326 300 1379 334 νέῳ
1403 299 1451 325 καὶ
1472 299 1603 333 στέφανον
1619 299 1816 334 ἐπαγγέλλεται
1829 309 1835 315 -

199 346 249 379 ait,
261 344 318 372 Fili
329 344 375 376 mi,
390 348 417 371 et
431 347 571 378 tamquam
581 341 676 376 juveni
690 345 820 376 torquem
837 348 985 367 coronam-

199 400 254 427 que
279 391 435 426 pollicetur,
466 396 577 417 necnon
607 388 659 415 sub
681 388 763 415 ﬁnem
795 387 890 414 laudat
920 390 991 413 stre—

199 444 284 464 nuam
307 442 432 463 uxorem.
463 433 509 461 Sic
529 433 657 460 instituto
675 432 747 459 ﬂuxa
774 433 866 459 omnia
896 438 988 459 remo-

198 487 244 510 vet
257 482 283 509 in
300 481 482 512 Ecclesiaste,
492 480 640 506 vanitatem
658 479 811 514 appellans,
833 483 862 505 ut
878 477 911 504 ad
928 485 990 511 pcr-

199 528 338 555 manentia
346 526 424 561 quasi
440 526 496 552 alas
513 525 612 552 animae
628 524 718 552 addat.
730 524 763 552 Et
774 525 855 552 modo
868 525 908 552 sic
921 531 988 559 pur-

198 577 302 609 gatam,
320 573 430 607 ipsimet
454 571 504 606 legi
521 577 642 605 veroque
671 570 743 597 bono
773 570 884 604 adaptat
900 589 907 602 ,
921 569 987 595 dum

198 627 288 654 neque
311 617 510 653 suppliciorum
537 621 622 649 metu,
643 623 731 650 neque
746 616 988 650 praemiorum‘spe

198 667 353 700 (servorum
367 663 440 690 enim
449 662 507 689 haec
526 667 644 697 utraque
661 662 749 697 sunt),
763 661 811 689 sed
831 660 988 688 dilectionis

197 711 283 739 illicio
295 711 328 738 ad
345 709 429 737 Deum
438 716 584 735 accurrere
597 708 684 742 cupit.

231 755 316 783 Vsus.
334 755 361 782 l.
377 753 518 782 Canticum
529 754 704 781 canticorum.

236 800 306 828 Nili.
316 814 351 821 —
362 799 538 827 Canticorum
549 799 617 826 liber
630 798 729 826 similis
740 803 780 826 est
789 798 898 826 mulieri
911 801 992 825 natu-

196 846 246 874 rali
260 850 404 873 venustate
415 844 567 880 splendenti
578 848 606 872 et
615 843 761 878 omnigeno
772 843 884 878 insuper
891 847 991 871 ornatu

195 892 348 920 naturalem
360 890 593 926 pulchritudinem
606 889 811 922 condecoranti,
829 897 936 916 morum
948 896 994 915 au-

1041 345 1089 370 καὶ
1102 345 1170 380 πρὸς
1183 345 1213 372 τὸ
1227 345 1302 377 τέλος
1312 347 1362 380 τὴν
1374 345 1500 381 ἀνδρείαν
1511 346 1617 372 ἐπαινεῖ
1627 347 1746 380 γυναῖκα
1756 354 1762 360 ·
1777 344 1837 373 εἶτα

1038 390 1078 424 τῷ
1100 390 1189 422 οὕτως
1214 390 1369 426 εἰσαχθέντι
1404 391 1433 417 ὲν
1465 391 1504 425 τῷ
1521 390 1722 426 Ἐκκλησιαστῇ
1749 391 1837 418 πάντα

1043 435 1182 469 καθαιρεῖ,
1197 435 1231 461 τὰ
1245 434 1346 470 ῥευστὰ
1358 435 1406 462 καὶ
1423 435 1592 470 ματαιότητα
1608 435 1705 470 λέγων·
1717 437 1791 468 ὅπως
1804 438 1837 463 ἂν

1043 481 1232 516 ἀναπτερὼσει
1257 482 1325 517 πρὸς
1346 482 1381 508 τὰ
1401 482 1517 517 μένοντα
1539 481 1587 516 τὴν
1604 481 1711 516 ψυχήν·
1728 484 1774 508 καὶ
1789 482 1837 508 νῦν

1043 527 1092 562 τὴν
1105 527 1177 553 οὕτω
1188 527 1399 563 κεκαθαρμένην
1412 527 1487 562 αὐτῷ
1501 528 1631 554 συνάπτει
1643 527 1683 562 τῷ
1694 527 1778 559 ὅντως
1789 529 1838 554 καὶ

1044 574 1116 610 μόνῳ
1140 573 1252 609 ἀγαθῷ·
1278 574 1327 609 τὴν
1355 574 1443 609 ψυχὴν
1471 574 1587 603 ἐθέλων,
1604 574 1672 609 μήτε
1699 574 1837 606 κολάσεως

1042 620 1126 655 φόϐῳ,
1147 621 1217 655 μήτε
1242 620 1344 655 μισθῶν
1367 620 1454 646 ὲλπὲδι
1468 629 1475 635 ·
1488 620 1660 655 δουλοπρεπῆ
1676 621 1730 656 γὰρ
1745 621 1836 654 ἀμφό-

1041 674 1121 702 τερα·
1150 666 1261 702 ἀγάπης
1280 666 1308 692 δὲ
1327 666 1430 702 φίλτρῳ
1450 666 1635 702 προσδραμεῖν
1653 667 1694 701 τῷ
1712 665 1781 701 Θεῷ.

1076 755 1112 780 α’.
1126 751 1229 788 ’ᾼσμα
1248 753 1401 787 ᾀσμάτων.

1078 798 1241 826 Νείλου.-
1256 799 1292 825 Τὸ
1305 799 1360 826 τῶν
1376 799 1508 834 ᾀσμάτων
1524 799 1626 834 βιϐλίον
1641 798 1713 825 ἔοικε
1726 799 1837 832 γυναικὶ

1044 844 1152 880 φυσικῷ
1169 845 1263 871 κάλλει
1285 845 1488 880 φαιδρυνομένῃ
1499 866 1506 878 ,
1522 846 1570 872 καὶ
1585 845 1680 881 κόσμῳ
1696 845 1836 872 πολυτελεῖ

1045 891 1076 917 τὸ
1086 891 1200 925 φυσικὸν
1213 891 1462 927 προσεξησκημένῃ
1472 890 1580 923 κάλλος,
1591 893 1676 927 σεμνῇ
1687 891 1715 918 δὲ
1728 892 1759 918 τὸ
1769 889 1836 927 ἦθος

195 944 250 969 ιοιιι
262 937 395 972 gravitate
410 935 565 971 conspicua:
575 938 602 962 et
615 936 759 970 apparenti
784 934 883 967 forma,
894 941 949 969 quo
960 933 988 960 ad

1047 936 1094 962 καὶ
1110 935 1148 971 τῷ
1165 936 1321 972 φαινομένῳ
1338 937 1459 972 σχήματι
1472 955 1480 966 .
1497 936 1564 963 πολὺ
1582 937 1652 964 κατὰ
1667 937 1697 964 τὸ
1714 946 1837 972 κεκρυμ-

195 984 316 1011 abditum
324 982 438 1009 multum
448 981 586 1009 dissimili.
593 980 826 1014 Quemadmodum
834 980 907 1007 enim
917 980 996 1008 istius

196 1027 270 1056 modi
293 1027 416 1054 mulieris
430 1031 557 1061 aspectus
568 1026 736 1062 voluptatem
765 1026 877 1061 quidem
904 1029 996 1052 movet

197 1071 446 1112 incontinentibus,
465 1071 513 1099 sed
524 1072 744 1107 experimentum
774 1072 864 1107 arguit
893 1075 996 1107 tempe-

195 1119 313 1146 rantiam
324 1117 411 1145 obviae
423 1117 525 1152 speciei
541 1116 656 1145 minime
680 1117 897 1144 consentientem
916 1136 925 1149 ,
954 1117 994 1143 sic

195 1165 222 1192 in
235 1163 362 1200 praesenti
375 1163 445 1190 libro
459 1163 570 1198 phrasis
583 1162 695 1198 quidem
708 1162 742 1190 ad
771 1170 892 1190 amorem
909 1170 988 1190 com-

196 1209 298 1245 posita,
310 1208 420 1236 videtur
433 1207 638 1242 quodammodo
657 1215 720 1235 esca
744 1208 896 1243 voluptatis
912 1208 991 1243 igna-

195 1254 245 1286 ris,
262 1253 312 1281 sed
346 1261 446 1281 sensus
470 1253 668 1289 mysteriorum
696 1254 886 1281 austeritatem
909 1260 991 1281 acce-

195 1299 324 1328 dentibus
349 1299 496 1334 objiciens,
528 1299 776 1334 intelligentiarum
800 1299 989 1327 diliicultatem

195 1344 327 1373 dictionis
349 1343 486 1371 suavitate
511 1346 593 1378 captu
616 1343 724 1371 facilem
739 1344 847 1377 reddit;
867 1344 990 1379 dumque

196 1388 439 1424 contemplationis
478 1389 613 1423 gravitate
653 1388 758 1415 servire
795 1388 894 1415 suadet
923 1396 987 1415 eum

195 1442 277 1471 quem
291 1435 381 1462 littera
394 1441 450 1469 pra:
465 1441 495 1462 se
509 1433 562 1461 fert
575 1433 715 1469 vulgarem
741 1433 879 1466 affectum,
896 1433 987 1461 artiti-

195 1479 270 1507 ciose
295 1479 328 1506 ad
345 1478 563 1514 signiticatorum
587 1478 747 1514 dogmatum
787 1479 984 1516 mystagogiam

193 1524 267 1551 viam
279 1523 372 1552 struit.

231 1570 373 1598 Osculetur
398 1578 438 1597 me
458 1570 548 1597 osculo
573 1570 628 1598 oris
661 1570 714 1597 sui.
749 1569 822 1598 Fons
852 1571 915 1599 vitae
939 1575 982 1598 est

193 1623 315 1652 sponsus
328 1616 468 1643 clamans:
485 1625 494 1642 ι
506 1616 533 1643 Si
544 1615 608 1651 quis
626 1615 684 1643 sitit
694 1616 785 1643 veniat
799 1616 832 1644 ad
846 1624 890 1644 me
905 1621 931 1644 et
945 1617 986 1644 bi-
999 1605 1020 1634 (ἶ

193 1660 259 1688 bat‘
271 1666 278 1686 :
292 1669 302 1686 ι
317 1667 351 1687 ex
368 1666 417 1687 ore
430 1664 520 1687 autem
533 1660 593 1694 ejus
605 1667 747 1687 sermones
761 1661 822 1688 vitae
833 1661 983 1696 proﬂuunt,

192 1705 239 1733 cui
251 1705 342 1733 anima
359 1712 391 1733 os
405 1713 484 1733 suum
499 1705 649 1733 admovens
669 1711 798 1739 conatur,
818 1706 900 1742 juxta
924 1715 986 1742 pro-

192 1753 318 1787 phetam,
338 1753 478 1780 attrahere
494 1753 634 1788 spiritum,
650 1753 787 1788 siquidem
801 1754 854 1782 hoc
863 1756 987 1782 osculum

192 1797 290 1825 sordes
301 1805 399 1825 omnes
411 1798 544 1833 abstergil
553 1806 561 1824 :
571 1799 750 1833 quamobrem
762 1799 867 1826 Simoni
878 1800 987 1835 leproso

193 1843 248 1871 tale
272 1842 339 1877 quid
371 1843 540 1878 exprobrare
562 1843 696 1872 Dominus
730 1844 836 1872 videtur
865 1845 986 1873 dicens:

195 1898 205 1914 ι
224 1888 355 1916 Osculum
372 1888 440 1915 mihi
463 1896 518 1916 non
549 1889 650 1917 dedisti
669 1891 690 1923 ’,
712 1899 722 1916 ι
741 1891 863 1926 alioquin
895 1892 989 1927 utique

193 1933 332 1969 passionis
346 1933 504 1962 istiusmodi
517 1942 617 1970 expers
628 1936 794 1965 exstitisses.

228 2024 490 2059 0rigcnis.—Atiter
501 2031 624 2060 quoque,
636 2023 696 2052 Non
710 2033 758 2060 per
766 2025 926 2060 prophetas,
934 2031 988 2056 etc,

228 2113 299 2146 Quia
315 2114 428 2140 meliora
450 2119 511 2140 sunt
530 2114 612 2140 ubera
632 2119 677 2140 tua
698 2114 769 2147 υἱηο,
785 2114 881 2150 [Vsus
895 2115 938 2152 2.]
964 2125 990 2152 ει

192 2159 260 2186 odor
286 2165 482 2195 unguentorum
516 2164 623 2188 tuorum
638 2170 716 2196 super
733 2163 825 2189 omnia
855 2170 988 2191 aromata.

229 2205 362 2239 Gregorii.
374 2219 411 2226 —-
425 2205 531 2232 Tenera
547 2206 672 2234 doctrina
692 2206 738 2235 Dei
761 2209 870 2236 [irnunn
903 2210 988 2238 leni-

193 2246 394 2282 dissimnmque
418 2248 513 2275 mundi
536 2249 675 2284 sophisma
699 2258 821 2286 superat.
851 2253 986 2281 Czeternm

193 2299 226 2319 ex
241 2292 319 2319 Ioeali
331 2292 386 2320 situ
403 2300 453 2328 per
465 2294 548 2321 ubera
564 2301 613 2322 cor
628 2295 760 2329 declarat,
777 2305 883 2326 necnon
911 2301 988 2327 abdi-

195 2342 250 2364 tam
275 2345 462 2374 arcanumque
488 2339 643 2368 divinitatis
665 2341 874 2378 virtutetn,qna
890 2347 986 2374 unius-

195 2383 332 2418 cujusque
347 2385 430 2412 vitam
449 2384 521 2412 Dcus
547 2391 695 2418 sustentat.
725 2388 790 2416 dum
819 2390 927 2418 cuilibet
942 2392 985 2419 vi-

193 2429 316 2456 ventium
344 2429 437 2457 cibum
455 2437 608 2466 congruum
625 2435 791 2468 suppeditat.
814 2442 818 2448 '

230 2521 459 2549 Philonis.—Vel
475 2521 556 2549 etiam
567 2523 652 2550 ubera
667 2523 723 2551 sint
740 2524 794 2552 duo
809 2525 985 2556 Testamenta

194 2570 201 2587 τ
224 2575 305 2594 urcno
317 2575 444 2595 sermone
458 2568 577 2603 potiora.

252 2613 389 2646 polimn-ii.
402 2627 436 2632 —-
452 2613 520 2640 Cum
536 2613 563 2640 in
585 2612 736 2649 Scripturis
753 2617 837 2644 multa
856 2618 912 2646 sint
924 2620 985 2648 vina

227 2710 240 2727 κ
257 2698 336 2728 Joan.
358 2708 406 2733 vn,
424 2701 469 2728 57.
508 2702 519 2716 ¹
535 2701 601 2729 Luc.
621 2710 667 2735 vn,
683 2703 729 2732 45.

1048 982 1128 1018 μένον
1143 983 1273 1014 ἐναντίως
1289 983 1462 1019 διακειμένη.
1481 983 1526 1014 Ὠς
1545 983 1598 1019 γὰρ
1620 983 1666 1010 ἐπὶ
1680 983 1730 1018 τῆς
1745 984 1836 1009 τοιαύ-

1045 1037 1095 1064 της
1111 1029 1269 1064 γυναικὺςή
1288 1029 1338 1064 μὲν
1352 1029 1414 1064 ῦψις
1439 1029 1535 1065 ἡδονὴν
1563 1031 1634 1056 κινεῖ
1657 1031 1713 1062 τοῖς
1736 1030 1835 1057 ἁκολά‹

1045 1082 1129 1107 στοις,
1145 1075 1162 1110 ἠ
1175 1074 1203 1100 δὲ
1220 1075 1303 1109 πεῖρα
1319 1073 1452 1109 διελέγχει
1466 1074 1516 1110 τὴν
1530 1074 1709 1110 σωφροσύνην
1726 1075 1757 1101 οὐ
1776 1083 1835 1101 συν-

1043 1119 1171 1146 αινοῦσαν
1183 1122 1216 1156 τῇ
1234 1120 1375 1156 προχείρῳ
1391 1121 1488 1156 σκηνῇ’
1503 1120 1588 1152 οὕτως
1603 1121 1650 1147 ἐπὶ
1662 1120 1709 1147 τοῦ
1724 1129 1836 1156 προκει-

1044 1165 1125 1202 μένου
1147 1165 1264 1202 βιὸλίου,
1280 1166 1297 1202 ὴ
1318 1166 1368 1201 μὲν
1382 1165 1454 1198 λέξις
1469 1166 1663 1202 ἐρωτικότερον
1685 1167 1836 1202 ἐσχηματι-

1043 1213 1141 1248 σμένη,
1156 1213 1231 1239 δοκεί
1248 1221 1307 1244 πως
1319 1212 1418 1248 δέλεαρ
1437 1212 1561 1247 γίνεσθαι
1577 1214 1634 1244 τοῖς
1647 1213 1834 1245 ἀπαιδεύτοις,

1041 1257 1058 1292 ἡ
1072 1257 1100 1284 δὲ
1115 1257 1220 1284 διάνοια
1233 1258 1263 1284 ea
1277 1258 1415 1294 αὐστηρὸν
1438 1258 1494 1285 τῶν
1521 1259 1680 1294 μυστηρίων
1695 1259 1834 1285 ἀνακαλύ-

1040 1311 1146 1330 πτουσα
1159 1304 1217 1335 τοῖς
1234 1304 1460 1339 προσεγγίζουσι,
1476 1303 1526 1340 τὴν
1541 1304 1597 1330 τῶν
1613 1303 1757 1339 νοημάτων
1770 1304 1835 1331 δυσ-

1038 1348 1149 1384 χέρειαν
1174 1348 1365 1384 ἀπαράδεκτον
1396 1350 1479 1380 ποιεῖ,
1509 1349 1553 1376 διὰ
1576 1349 1624 1384 τῆς
1653 1351 1682 1376 ὲν
1706 1351 1739 1385 τῇ
1763 1349 1834 1382 λέξει

1037 1392 1175 1427 τέρψεως·
1199 1392 1248 1419 καὶ
1264 1392 1403 1420 δουλεύειν
1427 1393 1562 1420 πείθουσα
1586 1394 1620 1428 τῇ
1645 1393 1696 1428 τῆς
1718 1393 1835 1429 θεωρίας

1038 1439 1204 1474 σεμνότητι,
1219 1439 1252 1465 ἐκ
1269 1439 1320 1474 τῆς
1335 1439 1403 1475 περὶ
1416 1439 1447 1466 τὸ
1462 1439 1580 1475 γράμμα
1595 1439 1725 1475 δοκούσης
1743 1441 1833 1474 ἐμπα-

1036 1483 1122 1515 θείας,
1136 1484 1299 1520 εὐμηχάνως
1308 1485 1355 1511 ἐπὶ
1371 1485 1422 1521 τὴν
1432 1485 1489 1512 τῶν
1507 1485 1716 1520 σημαινομένων
1730 1486 1834 1521 δογμά-

1034 1537 1088 1555 των
1106 1529 1259 1566 ὁδηγούσης
1281 1531 1492 1565 μυσταγωγίαν.

1071 1576 1229 1609 Φιλησιὴω
1240 1584 1279 1611 με
1293 1576 1353 1604 ἀπὸ
1370 1577 1548 1611 φιλημάτων
1562 1579 1713 1613 στόματος
1727 1579 1833 1607 αὑτοῦ.

1037 1621 1117 1656 Πηγὴ
1132 1621 1205 1656 ζωῆς
1220 1622 1281 1648 ἐστι
1293 1623 1307 1648 ὁ
1322 1622 1438 1658 νυμφίος
1454 1624 1468 1650 ὀ
1479 1622 1560 1658 βοῶν,
1574 1633 1583 1649 ι
1600 1625 1633 1651 Ei'
1644 1633 1688 1656 τις
1701 1624 1776 1660 διψᾷ,
1790 1626 1835 1659 ἐρ-

1037 1666 1127 1702 χέσθω
1144 1666 1210 1701 πρός
1230 1675 1264 1702 με
1287 1668 1334 1694 καὶ
1351 1668 1472 1694 πινέτωο
1488 1677 1498 1694 ι
1522 1669 1555 1695 ὲκ
1578 1668 1625 1696 τοῦ
1645 1669 1780 1704 στόματος
1803 1669 1832 1695 δὲ

1038 1711 1122 1739 αὐτοῦ
1138 1713 1187 1747 τῆς
1205 1711 1278 1747 ζωῆς
1294 1713 1478 1749 ἁνομϐροῦσιν
1497 1716 1521 1740 οἱ
1544 1715 1634 1749 λόγοι·
1687 1715 1833 1748 σπουδάζει

1038 1757 1255 1793 προσερείσουσα
1281 1758 1312 1784 τὸ
1339 1758 1404 1785 ἴδιον
1431 1760 1447 1795 ή
1474 1759 1549 1796 ψυχὴ
1577 1761 1676 1796 στόμα,
1693 1761 1763 1788 κατὰ
1787 1762 1833 1788 τὸν

1039 1805 1193 1840 προφήτην,
1219 1804 1333 1832 ἐλκῦσαι
1366 1806 1492 1841 πνεῦμασ
1527 1809 1628 1839 παντὸς
1657 1809 1712 1843 γὰρ
1746 1809 1832 1845 ρύπιιυ

1039 1850 1188 1886 καθάρσιον
1204 1851 1283 1877 τοῦτο
1298 1851 1328 1878 τὺ
1344 1852 1450 1887 φίλημα
1463 1860 1470 1868 ο
1484 1852 1524 1879 διό
1539 1861 1585 1888 μοι
1599 1853 1674 1880 δοκεῖ
1686 1855 1725 1889 τῷ
1740 1855 1833 1891 λεπρῷ

1039 1897 1142 1932 Σίμωνι
1163 1897 1194 1924 τὸ
1208 1897 1330 1925 τοιοῦτον
1352 1899 1538 1930 ὁνειδιστικῶς
1555 1901 1720 1936 προσφέρειν
1746 1903 1759 1928 δ
1778 1902 1834 1928 Κύ-

1041 1943 1168 1977 ριος.ὂτι
1196 1943 1327 1978 (Φίλημά
1355 1951 1400 1978 μοι
1427 1944 1477 1971 οὐκ
1502 1944 1621 1976 ἔδωκας·
1637 1956 1646 1973 ι
1673 1947 1690 1983 ἦ
1718 1947 1772 1984 γὰρ
1799 1948 1833 1975 ἂν

1039 1986 1196 2022 ἑκαθάρθης
1214 1987 1261 2013 τοῦ
1280 1988 1393 2020 πάθους.

1083 2032 1259 2067 Ὡριγένους.
1270 2048 1306 2055 —-
1315 2035 1370 2061 Καὶ
1388 2036 1486 2069 ἄλλως·
1500 2038 1547 2074 Μὴ
1557 2037 1601 2064 διά
1619 2039 1769 2075 προφητῶν
1778 2060 1785 2073 ,
1804 2049 1831 2068 κ.

1041 2085 1067 2104 τ.
1083 2077 1108 2104 λ.
1127 2078 1177 2113 (5).

1078 2123 1138 2150 "Ou
1155 2124 1257 2159 ἀγαθοὶ
1278 2127 1306 2152 ol
1315 2127 1429 2161 μαστοί
1440 2136 1499 2156 σου
1512 2128 1587 2163 ὑπὲρ
1604 2128 1700 2163 οἶνον,
1711 2131 1770 2167 [BC]
1782 2131 1832 2159 καὶ

1042 2169 1122 2204 ὀσμὴ
1139 2170 1242 2205 μύρων
1260 2179 1319 2199 σου
1339 2173 1414 2207 ὑπὲρ
1433 2173 1532 2201 πάντα
1551 2175 1586 2202 τὰ
1605 2177 1753 2211 ἀρώματα.

1076 2216 1254 2250 Γρηγορίου.
1263 2218 1339 2245 -Τὸ
1352 2220 1486 2253 νηπιῶδες
1497 2220 1616 2255 δίδαγμα
1626 2222 1673 2248 τοῦ
1684 2222 1751 2249 Θεοῦ
1762 2223 1832 2260 ὑπὲρ

1006 2276 1026 2303 D
1042 2260 1072 2287 ἰδ
1087 2260 1195 2288 εὔτονον
1214 2263 1261 2290 καὶ
1276 2263 1442 2300 θερμότατον
1461 2266 1509 2292 τοῦ
1524 2266 1629 2302 κόσμου
1648 2268 1784 2303 σόφισμα·
1801 2272 1832 2296 ὲκ

1040 2306 1069 2333 δὲ
1082 2307 1133 2342 τῆς
1147 2309 1263 2343 τοπικῆς
1280 2310 1381 2342 θέσεως
1400 2311 1455 2338 τῶν
1468 2312 1579 2347 μαστῶν
1595 2313 1645 2348 τὴν
1660 2315 1774 2349 καρδίαν
1786 2316 1831 2350 δη-

1041 2351 1083 2378 λοῖ
1093 2353 1140 2380 καὶ
1151 2354 1200 2390 τὴν
1211 2357 1407 2392 κεκρυμμένην
1417 2357 1464 2384 καὶ
1477 2358 1635 2394 ἀπόρρητον
1645 2360 1693 2393 τῆς
1705 2360 1832 2396 θεότητος

1040 2396 1165 2433 δύναμιν,
1180 2399 1212 2426 δι’
1223 2397 1257 2436 ἦς
1273 2401 1425 2436 τιθηνεῖται
1446 2403 1496 2438 τὴν
1519 2403 1634 2430 ἑκάστου
1653 2404 1768 2439 δύναμιν
1785 2407 1833 2432 καὶ

1040 2441 1114 2478 ζωὴν
1128 2445 1142 2470 ὀ
1157 2444 1234 2477 Θεὸς,
1250 2446 1418 2482 κατάλληλον
1432 2448 1540 2483 ἑκάστῳ
1552 2448 1607 2475 τῶν
1617 2448 1770 2485 δεχομένων
1783 2452 1833 2487 τὴν

1041 2488 1146 2523 τροφὴν
1165 2491 1357 2526 χαριζόμενος-

1078 2535 1220 2570 cunmm.
1235 2538 1375 2572 -Ἤγουν
1391 2539 1482 2574 μαζοὶ,
1498 2540 1526 2567 αἱ
1551 2540 1679 2577 διαθῆκαι
1702 2542 1771 2576 ὑπὲρ
1786 2543 1831 2569 τῦν

1041 2580 1163 2615 ἐπίγειον
1183 2582 1272 2616 λόγον.

1083 2625 1302 2662 Ἀπολιναρίου.
1334 2645 1368 2649 ——
1393 2630 1502 2658 Πολλῶν
1524 2632 1604 2660 οἴνων
1628 2633 1656 2659 ὲν
1680 2634 1712 2668 τῇ
1735 2632 1830 2669 Γραφῇ

953 2784 1071 2815 NOTAE.

226 2845 266 2882 ('5)
286 2845 346 2874 Vid.
358 2845 462 2874 Patrol.
475 2852 494 2874 t.
512 2846 592 2882 XVII,
603 2847 656 2876 col.
673 2848 737 2876 255.
