1966 3074
181 168 249 201 1549

664 169 932 200 COMMENTARII
950 168 991 199 IN
1011 168 1170 199 CANTICA
1191 169 1338 200 CANTIC.

1747 171 1814 204 1550

179 225 345 262 κρειττόνων
367 235 396 252 τε
414 225 461 253 καὶ
476 226 622 262 χειρόνων,
645 225 694 253 νῦν
709 227 767 257 τοῖς
782 226 936 261 κρείττοσιν
950 226 975 252 οἱ

1039 233 1083 252 am
1121 226 1260 254 deteriora
1285 235 1368 263 quam
1394 228 1518 260 meliora,
1546 228 1627 256 modo
1654 229 1816 258 melioribus

179 271 226 298 τοῦ
252 272 372 307 νυμφίου
397 272 496 307 μαστοὶ
518 271 717 308 παρατίθενται
731 279 737 286 '
758 271 787 297 οὺ
805 271 859 306 γὰρ
873 271 906 297 ἂν
920 271 977 302 τοῖς

180 317 285 353 χείροσι
301 317 511 352 συνεκρίθησαν.
522 317 553 344 Ἡ
567 317 660 344 τοίνυν
672 316 789 352 Νύμφη,
805 316 914 348 πολλοῖς
929 316 977 342 καὶ

180 362 321 398 διαφόροις
359 362 442 394 οἴνοις
465 362 653 399 εὐφρανθεῖσα
685 363 733 390 καὶ
759 362 861 398 σχοῦσα
886 370 977 397 παρα-

183 409 284 444 σκευὴν
298 409 339 440 είς
353 408 384 435 τὸ
397 408 525 440 δέξασθαι
540 408 605 439 τοὺς
622 408 783 444 κρείττονας
803 407 907 434 τούτων
929 406 977 433 τοῦ

181 453 308 489 Νυμφίου
335 453 467 488 μαστοὺς,
480 452 560 479 τοῦτό
582 461 676 487 φησιν,
690 452 853 488 προτιμῶσα
867 451 978 483 τούτους

182 499 255 525 οἴνου
269 499 317 525 τοῦ
328 500 358 526 ὲν
368 499 443 534 νόμῳ
455 507 485 525 τε
500 499 548 526 καὶ
562 499 728 534 προφήταις·
744 499 792 525 καὶ
803 498 835 525 τὸ
846 498 911 532 περὶ
923 497 978 524 τῶν

183 545 279 579 μύρων
294 544 323 571 δὲ
339 544 378 580 τῷ
395 545 460 580 περὶ
475 544 522 571 τοῦ
539 545 611 571 οἴνου
626 544 742 570 ταυτόν·
759 544 810 580 ὅρα
825 544 864 576 δὲ,
878 543 915 575 ὡς
928 541 975 569 ἐπὶ

184 591 234 625 μὲν
247 590 298 624 τῆς
310 591 494 626 εὖαγγελικῆς
520 590 672 622 πολιτείας,
691 589 779 626 ὀσμὴν
795 590 848 625 ἔφη
859 597 865 605 ·
889 590 936 615 ἐπὶ
950 589 979 616 δὲ

181 637 233 670 τῆς
254 638 371 672 νομικῆς
391 637 534 672 λατρείας,
565 636 637 663 αὐτὰ
659 635 766 663 τέθεικε
784 635 819 662 τὰ
843 635 981 671 ἀρώματα

182 682 281 717 δηλῶν,
291 683 401 719 ἐκείνης
415 683 465 717 μὲν
476 683 506 709 τὸ
521 682 655 719 ὑπερέχον
670 680 979 716 πνευματικὸν,ταύτης

181 728 212 754 δὲ
229 728 260 754 τὸ
279 727 363 764 παχύ.

218 774 323 808 Μύρον
340 773 508 801 ὲκκενωθὲν
527 773 622 808 ὄνομά
642 782 712 801 σου.

225 820 395 855 Ὥριτένους
409 820 446 854 (ι)
460 819 511 846 καὶ
524 820 704 854 Προκοπίου.
727 834 762 840 -
777 819 854 854 Τάχα
873 827 979 856 προφη-

181 866 300 893 τεύουσα
320 866 367 893 τοῦ
385 867 516 901 ὀνόματος
532 865 580 892 τοῦ
597 865 717 902 Χριστοῦ
741 865 792 900 τὴν
809 865 855 892 τὸν
876 865 979 900 κόσμον

1028 271 1124 306 sponsi
1140 272 1224 299 ubera
1238 277 1447 308 comparantur,
1468 281 1557 309 neque
1572 274 1646 302 enim
1664 274 1815 302 cumdete—

1027 317 1148 346 tioribus
1170 318 1338 347 conferenda
1362 324 1452 347 erant.
1476 320 1572 356 itaque
1592 328 1695 355 sponsa
1720 321 1816 349 multis

1027 364 1168 399 variisque
1179 365 1251 392 vinis
1269 372 1402 400 recreata,
1428 371 1510 402 atque
1539 367 1652 395 meliora
1680 368 1817 403 probandi

1028 409 1134 444 copiam
1159 409 1297 444 obtinens,
1325 411 1423 440 iisdem
1452 413 1547 448 sponsi
1564 412 1650 440 ubera
1667 412 1817 448 praeferens

1028 456 1126 484 aitilla
1140 457 1280 493 vinolegis
1301 465 1334 485 ac
1359 458 1553 494 prophetarum
1574 463 1716 495 prmstare.
1742 460 1816 487 Idem

1029 506 1122 530 autem
1151 503 1186 531 de
1210 504 1360 539 unguentis
1372 505 1445 540 quod
1459 504 1495 532 de
1518 505 1584 532 vino
1601 505 1679 532 dicit.
1696 503 1818 532 Observa

1030 554 1095 575 vero
1112 552 1141 575 ut
1171 548 1205 576 de
1225 550 1385 585 evangelica
1403 550 1516 585 quidem
1542 550 1671 577 instituto
1692 551 1818 582 odorem,

1029 593 1064 620 de
1075 593 1155 629 legali
1185 598 1276 622 autem
1303 596 1380 623 cultu
1398 596 1514 631 ipsamet
1538 597 1662 631 posuerit
1678 593 1819 629 aromat’a;

1029 639 1105 668 illius
1116 641 1228 676 quidem
1244 642 1439 670 excellentiam
1454 643 1620 678 spiritalem,
1636 642 1720 678 hujus
1753 651 1819 671 vero

1030 686 1185 714 crassitiem
1202 686 1359 715 declarans.

1069 775 1236 810 Unguentum
1248 775 1363 809 effusum
1379 783 1473 803 nomen
1486 780 1572 803 tuum.

1067 819 1203 856 Procopii.
1217 836 1252 841 ——
1265 820 1394 849 Fortasse
1411 821 1579 848 vaticinatur
1587 821 1714 850 virtutem
1731 822 1819 850 nomi-

1032 865 1147 894 nichsu
1166 866 1312 902 praesentia
1328 874 1377 894 sua
1401 866 1535 894 mundum
1546 867 1691 902 replentis,
1720 867 1758 894 ita
1791 873 1821 895 ut

182 911 368 948 πληρώσασαν
386 912 503 947 δύναμιν
513 932 521 945 ,
536 911 609 938 κατὰ
628 911 782 948 ttat-1.6106
805 912 958 947 παρουσίαν
970 920 977 927 ·

1036 911 1106 944 iuxta
1114 911 1228 939 Paulum
1237 911 1303 945 ',;sit
1313 922 1322 938 ‹
1332 912 1394 940 aliis
1405 912 1516 947 quidem
1526 912 1594 940 odor
1603 913 1700 941 mortis
1709 913 1737 940 in
1748 920 1821 940 mor-

183 958 270 993 (ὥστε
286 958 424 993 γενέσθαι,
438 958 510 985 κατὰ
521 957 568 985 τὸν
582 957 702 989 Παῦλον,
722 966 732 983 ι
746 955 788 989 οἷς
802 958 849 992 μὲν
863 957 935 992 ὀσμὴ
950 958 982 984 ἐκ

181 1005 299 1032 θανάτου
316 1005 356 1036 εἰς
370 1005 495 1037 θάνατον,
511 1002 551 1037 οἷς
569 1004 597 1032 δὲ
616 1005 690 1040 ζωῆς
705 1005 744 1037 εἰς
759 1003 830 1040 ζωὴν
846 1004 883 1039 ›),
900 1002 983 1031 εἶπεν

181 1051 215 1077 ἂν
235 1052 250 1085 ἡ
275 1050 382 1086 νύμφη,
401 1051 453 1077 Διὰ
479 1051 569 1078 τοῦτο
595 1049 709 1084 πάντες
732 1049 898 1086 ἠγάπησάν
924 1058 978 1077 σε·

181 1097 282 1124 ἀλλὀὐ
303 1097 385 1132 μόνον
410 1098 438 1123 αί
464 1097 585 1129 νεάνιδες
607 1097 745 1133 ὁσημέραι
768 1096 979 1131 ἀνανεούμεναι.

182 1142 233 1169 καί
249 1142 292 1177 μὴ
310 1142 438 1177 ἔχουσαι
457 1143 568 1177 ῥυτίδα
589 1143 607 1177 ἡ
623 1143 755 1170 σπῖλον·
774 1142 925 1177 ἔξεκενώθη
940 1143 979 1176 δὲ,

181 1189 222 1220 ὡς
241 1188 341 1223 μηκέτι
362 1189 519 1215 σιωπᾶσθαι
538 1187 809 1223 κατακεκλεισμένον
837 1188 867 1214 ὲν
895 1187 981 1223 ἀπορ-

184 1236 288 1271 ρήτοις.

219 1281 372 1315 Κυρίλλου
389 1280 455 1316 (4⁸).
467 1296 502 1301 -
513 1280 595 1316 Δηλοῖ
610 1279 639 1307 δὲ
654 1279 701 1306 καὶ
715 1279 765 1315 τὴν
785 1279 826 1311 εἰς
845 1279 934 1306 πάντα
945 1278 980 1306 τὰ

181 1327 247 1363 ἔθνη
264 1327 313 1354 τοῦ
334 1327 506 1362 Μονογενοῦς
530 1327 677 1362 κληθεῖσαν
699 1325 869 1361 ἐπωνυμίαν,
893 1325 953 1352 καθ’
966 1325 980 1352 ὅ

185 1374 275 1401 πάντα
291 1374 326 1401 τὰ
347 1374 412 1409 ἔθνη
434 1373 612 1406 εὐωδιάζουσι
628 1372 697 1409 πρὸς
716 1373 809 1406 αὑτὸν,
824 1372 876 1408 τὴν
896 1370 979 1398 αὑτοῦ

185 1420 304 1456 φέροντα
323 1420 522 1457 προσηγορίαν.

218 1466 441 1501 Γρηγορίου.-
453 1466 524 1492 Αὺτὺ
540 1466 590 1500 μὲν
606 1466 656 1500 τῆς
670 1464 746 1496 θείας
761 1463 871 1499 φύσεως
885 1463 915 1490 τὺ
930 1462 981 1498 μύ-

184 1521 243 1549 ρον,
265 1511 374 1539 εῖτόὗν
397 1512 448 1547 τῆς
472 1512 567 1543 οὐσίας
583 1510 749 1546 κατάληψις,
767 1510 837 1546 ὑπὲρ
852 1511 907 1537 πᾶν
921 1510 979 1536 ἐστι

181 1557 270 1592 ὄνομά
291 1566 321 1584 τε
338 1557 388 1584 καὶ
402 1557 492 1592 νόημα
503 1565 511 1572 ·
526 1557 557 1589 ἐξ
570 1553 608 1583 ὧν
623 1557 651 1583 δὲ
667 1555 834 1591 θαυμαστῶς
858 1555 979 1590 ἐνεργῶν

183 1603 252 1637 ’ὕλην
266 1604 322 1634 τοῖς
337 1603 420 1634 θείοις
432 1603 559 1638 ὀνόμασι,
576 1601 693 1636 πιότητα
708 1609 771 1628 τινα
787 1600 917 1636 βραχεῖαν
933 1598 981 1626 τοῦ

183 1649 257 1676 θείου
287 1649 374 1684 μύρου
404 1649 610 1683 σημαίνουσαν·
628 1648 662 1675 δι’
677 1644 715 1674 ὧν
742 1647 836 1682 σοφὸν,
858 1645 982 1679 δυνατὸν,

183 1695 296 1729 ἀγαθον,
316 1697 406 1729 ἅγιον,
424 1694 561 1730 μακάριόν
572 1703 601 1721 τε
614 1694 662 1721 καὶ
679 1693 785 1729 Κριτὴν
801 1693 848 1720 καὶ
864 1693 982 1728 Σωτῆρα

184 1740 233 1766 καὶ
251 1740 286 1767 τὰ
304 1739 419 1766 τοιαῦτα
441 1739 679 1775 κατονομάζομεν.

217 1832 337 1859 Νείλου.
367 1831 525 1867 -Ὢσπερ
545 1830 584 1866 (5)
614 1830 645 1857 τὸ
678 1829 859 1865 συνεχόμενον
893 1828 980 1864 μύρον

184 1877 347 1913 κενούμενον
362 1877 442 1912 δῆλον
456 1876 561 1910 γίνεται
571 1877 605 1912 τῇ
617 1876 728 1911 εὐωδίᾳ,
739 1874 811 1902 οὕτω
824 1875 854 1902 τὺ
864 1875 909 1902 σὺν
924 1875 982 1901 δνο-

184 1931 234 1956 μα,
247 1919 270 1948 ὢ
282 1921 404 1957 Νυμφὶε,
413 1922 454 1948 ἔτι
465 1921 512 1948 σοῦ
522 1921 599 1953 ὄντος
611 1922 702 1953 ἐντοῖς
715 1921 858 1957 πατρικοῖς
872 1920 983 1952 κόλποις

186 1967 381 2003 ἀγνοούμενον,
393 1968 463 2002 μετὰ
476 1968 526 2002 τὴν
542 1968 668 2000 κένωσιν,
687 1967 732 1994 ῐσα
748 1967 893 1993 κενωθέντι
905 1966 983 2002 μύρῳ

184 2012 298 2039 αὐτόθεν
309 2013 366 2048 ἔχει
373 2014 424 2048 τὴν
438 2013 602 2048 μαρτυρίαν,
615 2014 648 2048 τῇ
666 2012 720 2039 τῶν
737 2012 859 2047 σημείων
868 2011 982 2046 δυνάμει

184 2057 368 2092 πιστούμενον
379 2064 386 2072 ·
401 2057 491 2083 ἀλλάι
502 2057 552 2092 μὲν
560 2058 680 2089 νεάνιδες
690 2057 735 2084 διὰ
746 2056 824 2083 τοῦτο
834 2055 982 2092 ἠγάπησαν

185 2102 323 2137 σε,ὲπειδὴ
332 2102 509 2138 παρέλκυσὰν
516 2111 546 2128 σε
556 2103 588 2128 ὲκ
596 2103 649 2128 τῶν
659 2102 801 2138 πατρικῶν
809 2101 916 2128 κόλπων
928 2101 983 2127 ὲπι-

184 2148 311 2183 δεόμεναι
325 2149 376 2183 τῆς
391 2148 441 2183 σῆς
457 2148 610 2182 παρουσίας
624 2168 632 2181 ,
652 2148 722 2183 μετὰ
738 2148 787 2182 τὴν
805 2148 837 2174 ἐκ
854 2147 905 2182 τῆς
919 2147 981 2173 ὲπι-

184 2193 285 2228 δημίας
299 2193 446 2229 ὠφέλειαν,
464 2195 534 2228 μετὰ
557 2194 607 2230 τὴν
632 2194 686 2220 τῶν
712 2193 860 2228 θαυμάτων
883 2195 982 2228 πεῖραν

1034 961 1099 989 tem,
1111 957 1173 985 aliis
1189 965 1255 985 vero
1270 958 1339 985 odor
1355 958 1419 986 vitae
1432 959 1459 986 in
1470 958 1570 991 vitam;
1592 968 1602 985 ι
1616 959 1710 994 utique
1720 966 1820 994 sponsa

1033 1004 1146 1032 dixisset
1158 1012 1165 1030 :
1180 1004 1324 1040 Propterea
1338 1013 1427 1032 omnes
1442 1004 1592 1032 dilexerunt
1604 1009 1638 1038 te,
1651 1004 1698 1032 sed
1710 1012 1765 1032 non
1776 1011 1820 1032 so-

1033 1049 1088 1078 lum
1101 1050 1315 1078 adolescentula:
1326 1058 1386 1085 quae
1398 1050 1522 1086 quotidie
1535 1049 1706 1077 innovantur
1720 1053 1748 1077 et
1767 1057 1822 1076 non

1032 1095 1127 1122 habent
1148 1095 1281 1123 maculam
1296 1104 1377 1131 neque
1389 1103 1482 1131 rugam
1497 1103 1507 1123 :
1526 1094 1645 1123 eiIusum
1662 1099 1706 1123 est
1729 1099 1820 1122 autem

1032 1141 1072 1169 sic
1097 1145 1128 1169 ut
1150 1141 1221 1169 haud
1252 1142 1373 1177 amplius
1389 1141 1416 1168 in
1433 1141 1542 1169 occulto
1574 1141 1712 1169 reclusum
1736 1141 1821 1168 taceri

1032 1187 1129 1222 possit.

1068 1278 1175 1314 Cyrilli.
1190 1293 1225 1300 —-
1242 1277 1386 1314 Signiﬁcat
1403 1278 1543 1315 Unigeniti
1570 1279 1730 1307 invocatum
1746 1279 1822 1315 apud

1032 1330 1128 1352 omnes
1139 1328 1235 1359 gentes
1248 1331 1361 1357 nomen,
1371 1331 1426 1359 quo
1440 1324 1482 1351 liae
1509 1323 1640 1351 nimirum
1656 1325 1779 1352 suaviter
1797 1325 1822 1353 ei

1032 1369 1107 1398 olent
1119 1369 1335 1405 appellationem
1351 1369 1412 1404 ejus
1427 1369 1466 1406 (id
1473 1368 1759 1405 estChristianorum)
1773 1377 1822 1405 ge-

1032 1419 1133 1443 rentes.

1068 1460 1203 1496 Gregorii.
1218 1475 1254 1482 -—-
1278 1460 1370 1496 Ipsum
1385 1460 1497 1496 quidem
1521 1464 1691 1496 unguentum
1721 1460 1822 1489 divinae

1032 1510 1149 1539 naturae,
1181 1507 1241 1535 sive
1255 1507 1355 1534 divinas
1365 1507 1495 1535 essentia:
1509 1506 1661 1542 perceptio,
1671 1511 1822 1542 exsuperat

1033 1559 1225 1580 omnenomen
1237 1555 1265 1580 et
1290 1552 1510 1587 intelligentiam.
1537 1551 1702 1580 Mirabiliter
1728 1556 1822 1580 autem

1034 1599 1107 1627 facta
1122 1599 1279 1627 divinorum
1293 1599 1436 1626 nominum
1451 1598 1518 1626 dant
1548 1598 1704 1632 materiam,
1720 1606 1822 1634 quam-

1033 1643 1096 1671 dam
1105 1643 1216 1671 brevem
1241 1643 1437 1679 pinguedinem
1459 1642 1547 1670 divini
1567 1643 1702 1678 unguenti
1729 1646 1821 1671 osten-

1033 1690 1164 1724 dentem;
1193 1698 1242 1726 per
1268 1697 1330 1725 quae
1343 1689 1429 1717 Deum
1456 1689 1634 1717 nominamus
1656 1689 1822 1724 sapientem,

1033 1742 1184 1774 potentem,
1200 1737 1314 1771 bonum,
1325 1741 1464 1770 sanctum,
1478 1736 1588 1764 beatum
1603 1740 1632 1764 et
1643 1736 1779 1771 judicem,
1795 1741 1824 1766 et

1033 1788 1213 1815 servatorem.
1228 1786 1325 1818 etquae
1336 1787 1401 1811 sunt
1419 1782 1587 1817 hujusmodi.

1071 1829 1140 1857 Nili.
1154 1845 1190 1850 —
1203 1828 1442 1862 Quemadmodum
1457 1828 1621 1856 conclusum
1647 1832 1823 1863 unguentum

1034 1875 1099 1902 dum
1116 1874 1267 1902 eil‘unditur
1289 1874 1427 1902 suavitate
1441 1874 1535 1902 odoris
1566 1873 1744 1902 manifestum
1761 1875 1823 1903 red-

1034 1920 1118 1953 ditur,
1131 1921 1167 1948 ita
1179 1927 1280 1947 nomen
1294 1924 1381 1952 tuum,
1398 1927 1414 1947 o
1429 1919 1548 1954 Sponse,
1581 1919 1646 1946 dum
1659 1919 1750 1947 adhuc
1775 1927 1823 1954 pa-

1034 1969 1113 1994 terno
1128 1966 1191 1993 sinu
1200 1965 1401 1997 continebaris,
1422 1965 1557 2000 ignotum,
1571 1969 1635 1999 post
1654 1965 1824 1993 exinanitio-

1034 2020 1096 2040 nem
1110 2011 1242 2047 unguenti
1256 2011 1345 2039 instar
1362 2010 1441 2038 etfusi
1461 2018 1475 2038 ιι
1501 2010 1650 2045 semetipso
1676 2011 1759 2038 habet
1783 2016 1824 2038 te-

1034 2059 1208 2091 stimonium,
1224 2058 1365 2093 signorum
1385 2057 1487 2084 virtute
1506 2056 1712 2085 conﬁrmatum.
1741 2056 1826 2084 Caete-

1035 2113 1094 2132 rum
1123 2104 1337 2132 avlolesceutula:
1357 2103 1471 2137 quidem
1493 2101 1598 2129 idcirco
1612 2106 1639 2129 te
1653 2101 1823 2133 dilexerunt,

1033 2151 1098 2187 quia
1107 2153 1250 2177 traxerant
1262 2153 1289 2176 te
1301 2149 1336 2176 de
1353 2149 1416 2176 sinu
1431 2147 1535 2179 Patris,
1553 2147 1728 2182 praesentiam
1748 2151 1823 2174 tuam

1034 2198 1190 2234 ﬂagitantes
1207 2201 1270 2233 post
1284 2196 1419 2224 adventus
1443 2195 1482 2223 tui
1502 2195 1663 2229 utilitatem,
1690 2200 1753 2231 post
1771 2195 1826 2223 mi-

184 2238 348 2272 ὲπιγνοῦσαί
365 2247 413 2265 σου
428 2239 458 2265 τὸ
473 2239 574 2274 ὄνομα,
590 2240 637 2266 καὶ
652 2240 810 2267 ἀκολουθεῖν
826 2241 914 2267 ὀπίσω
931 2249 978 2267 σου

1036 2245 1191 2273 raculorum
1205 2243 1436 2279 experimentum.
1447 2249 1548 2270 nomen
1561 2245 1638 2269 tuum
1652 2248 1826 2276 cognoscen-

186 2284 257 2319 μετὰ
274 2284 324 2320 τὴν
339 2285 391 2319 τῆς
415 2285 577 2321 εὐεργεσίας
601 2285 746 2322 αἴσθησιν·
764 2285 820 2320 ἐγὼ
841 2286 868 2312 δὲ
892 2287 909 2322 ὴ
938 2287 981 2313 σοὶ

187 2331 418 2367 μεμνηστευμένη
436 2332 488 2367 ἢδη
500 2331 572 2358 κατὰ
585 2332 635 2368 τὴν
660 2332 710 2368 σὴν
727 2333 914 2367 ὲπιφοίτησιν,
930 2332 980 2367 τῆς

185 2377 273 2412 ὀσμῆς
287 2377 343 2404 τῶν
358 2372 454 2414 μύρων
478 2386 526 2404 σου
547 2379 593 2405 καὶ
610 2378 664 2414 πρὸ
679 2379 729 2413 τῆς
750 2379 899 2414 ἐπιδημίας
917 2379 981 2406 ἀντ-

185 2421 338 2458 ελαὸόμην·
365 2424 414 2451 καὶ
437 2423 491 2450 τῶν
516 2424 627 2458 ἀγαθῶν
654 2425 765 2460 μαστῶν
793 2433 840 2451 σου
865 2425 980 2460 ὕστερον

186 2467 361 2501 γνωσθέντων
377 2468 486 2500 πολλοῖς
499 2469 627 2502 φθάσασα
636 2470 686 2504 τὴν
698 2469 800 2503 γνῶσιν
823 2471 855 2505 τῇ
875 2470 979 2505 χάριτι.

186 2513 318 2539 Δύνανται
332 2513 360 2540 δὲ
375 2514 424 2540 καὶ
439 2514 560 2546 νεάνιδες
583 2515 630 2541 καὶ
647 2515 775 2550 λέγεσθαι
797 2515 841 2541 τὸν
856 2515 982 2550 Νυμφίον

190 2558 279 2586 ὀπίσω
292 2559 432 2594 ἕλκουσαι,
447 2560 465 2595 ἢ
481 2569 511 2587 τε
526 2561 714 2597 αἱμορροοῦσα
725 2562 772 2589 καὶ
786 2563 803 2597 ὴ
818 2562 960 2589 Χαναναία
973 2569 980 2577 ·

190 2606 344 2641 ἀμφότεραι
362 2606 417 2641 γὰρ
437 2607 467 2632 τι
486 2607 519 2633 ἐκ
539 2607 714 2641 συμπαθείας
733 2607 862 2634 εἵλκυσαν
884 2609 980 2643 μύρον.

1035 2294 1086 2323 tes,
1107 2293 1134 2317 et
1151 2293 1280 2324 percepto
1294 2287 1422 2316 beneﬁcii
1440 2294 1524 2315 sensu
1541 2291 1604 2322 post
1623 2291 1650 2315 te
1661 2292 1823 2323 sequentes.

1034 2335 1090 2371 Ego
1120 2340 1210 2362 autem
1239 2333 1288 2362 tibi
1317 2333 1422 2369 pridem
1441 2333 1619 2368 desponsata,
1644 2332 1726 2360 etiam
1761 2337 1826 2360 ante

1033 2383 1197 2409 descensum
1212 2383 1301 2412 tuum,
1313 2379 1429 2406 odorem
1452 2381 1658 2411 unguentorum
1689 2377 1825 2405 adventus

1033 2427 1072 2454 tui
1103 2426 1269 2461 percipiens,
1301 2425 1419 2459 ejusque
1455 2425 1528 2451 bona
1557 2431 1741 2459 cognoscens,
1760 2428 1825 2451 ante

1035 2471 1256 2499 incarnationem
1271 2470 1367 2498 iisdem
1401 2469 1525 2502 fruebar,
1540 2476 1556 2496 e
1571 2469 1695 2504 mysticis
1726 2468 1826 2495 vatici-

1033 2518 1142 2545 niorum
1157 2517 1230 2552 typis
1245 2523 1326 2543 veras
1336 2523 1428 2543 rerum
1446 2514 1600 2542 fulturarum
1617 2514 1824 2549 imaginescon-

1036 2563 1176 2597 templata,
1190 2561 1318 2589 notitiam
1336 2568 1433 2588 eorum
1447 2568 1509 2596 qua:
1525 2560 1655 2595 plurimis
1670 2563 1766 2595 postea
1781 2560 1826 2585 in-

1038 2610 1188 2635 notuerunt
1207 2614 1258 2641 per
1285 2606 1403 2641 gratiam
1422 2605 1584 2640 anticipavi.
1604 2605 1676 2638 Quin
1701 2607 1730 2632 et
1755 2604 1823 2631 ado-

185 2653 343 2679 lescentulaz:
353 2659 414 2686 qua:
433 2656 493 2687 post
511 2660 644 2687 sponsum
662 2653 809 2680 trahuntur
841 2653 894 2680 dici
925 2655 1032 2689 possint
1059 2653 1272 2682 inemorrhoissa
1295 2656 1322 2680 et
1341 2651 1505 2684 Chanaurea,
1533 2650 1669 2686 siquidem
1708 2654 1824 2684 utraque

186 2706 220 2726 ex
238 2699 395 2733 sympathia
412 2704 583 2733 unguentum
599 2699 723 2726 attraxit.

224 2745 234 2761 ³
246 2745 267 2772 ll
278 2745 344 2772 Cor.
361 2752 392 2778 I-I,
407 2744 450 2772 16.

943 2778 1060 2807 ΝΟΤΛΕ.

222 2826 259 2858 (tl
275 2825 331 2853 Hoc
345 2823 480 2852 scbolium
501 2824 532 2852 C.
549 2824 579 2853 Β.
605 2825 656 2852 soli
681 2823 815 2858 Procopio
853 2824 978 2851 ascribit.

223 2859 356 2902 (viuum
374 2861 400 2887 in
414 2859 445 2887 υ.
460 2860 490 2888 Β.
517 2861 674 2888 desuuthic
696 2860 830 2888 asterisco
856 2859 979 2886 notanda

183 2905 351 2926 ευιτινιιιιυε.

1070 2824 1111 2860 (5)
1134 2824 1236 2860 Ὠσπερ
1252 2822 1395 2860 -μιξρσγ,
1415 2821 1538 2860 "39min
1572 2821 1671 2849 Codice
1694 2820 1822 2849 Vaticau.

1034 2856 1169 2896 Gregorio
1183 2856 1306 2894 ascripta
1317 2856 1346 2886 Gl
1363 2858 1392 2885 Β.
1404 2860 1451 2885 dat
1470 2856 1542 2884 Nilo.
