1966 3074
148 122 214 155 1551

179 179 349 214 Apollinei-ii.
365 178 522 206 —Nomine
546 177 620 206 enim
636 178 741 207 Christi
754 186 851 207 omnes
867 187 931 215 pur—
948 184 971 210 Α

141 226 604 262 gantur,sanantur,baptizanlnr.
635 225 709 261 quod
735 233 828 253 veram
854 226 934 253 nobis

141 272 235 300 odoris
245 271 405 299 suavitatem
434 270 553 303 confert,
570 271 714 306 Spiritum,
729 271 852 306 inquam,
868 278 934 298 san-

141 323 228 350 etum,
244 325 398 352 nomenque
418 318 470 345 hoc
495 317 620 352 eﬂ'usum,
637 319 757 354 Spiritus
771 318 933 346 eﬂusionem

143 364 170 391 in
182 371 278 390 omnes
293 363 508 398 operaturjuxta
535 364 602 391 illud
625 373 660 391 ει
685 364 782 392 Sanati
806 365 875 392 estis
906 369 933 391 et

141 409 282 442 justillcati
290 409 357 436 estis
369 409 395 436 in
410 409 519 436 nomine
529 408 634 436 Domini
642 410 729 437 nostri
740 409 805 437 Jesu
816 410 931 442 Christi,

141 461 169 482 et
182 455 209 482 in
226 455 330 490 Spiritu
345 454 391 482 Dei
409 455 496 482 nostri
513 454 533 481 ⁸.
555 464 564 480 ›
576 454 641 488 Qua:
656 455 721 481 dum
751 462 849 482 nomen
880 455 932 482 hoc

142 505 262 536 praestat,
273 501 334 537 jure
343 501 441 528 merito
454 506 623 536 unguentum
634 501 749 529 eﬂ‘usum
766 501 878 529 dicitur.

178 547 324 581 Propterea
339 546 544 574 adulescentum:
558 547 707 574 dilexerunt
731 551 754 573 te
769 556 775 573 :
789 546 885 582 [Vens
896 545 931 582 5]

142 596 281 619 traxerunt
300 596 323 619 te
339 596 417 627 :post
439 593 504 619 tein
528 593 635 620 odorem
654 597 848 628 unguentorum
869 597 930 619 tuo-

140 647 199 665 rum
218 646 365 665 curramus.

176 683 306 719 Gregorii.
319 698 355 704 -
370 683 437 717 Quis
448 684 520 712 enim
544 683 702 711 istiusmodi
718 684 931 719 pulchritudinis

139 735 233 755 amore
251 736 304 755 non
320 728 456 763 capietur,
481 729 631 756 dummodo
647 730 779 765 praeditus
797 730 832 757 sit
849 731 931 757 oculo

139 782 196 808 quo
209 773 284 800 cerni
298 774 404 808 possit?
414 772 571 801 Traxerunt
601 775 693 810 itaque
713 775 801 810 ipsum
814 775 847 802 ad
867 776 930 802 red-

139 819 298 850 amandtnn,
315 819 353 846 ait
375 820 447 847 enim
471 819 612 856 Sapientia
630 830 638 847 :
669 830 678 847 ι
710 820 767 856 Ego
783 820 930 855 diligentes

142 871 187 891 me
198 864 283 898 diligo
296 863 317 890 ".
339 873 349 889 ι

175 909 279 945 Cyri/li.
295 924 330 929 κ-
345 909 573 938 Adolescentulus
596 914 654 938 erat
682 910 784 939 Paulus
803 911 896 938 dicens
922 919 929 938 :

143 962 152 978 ι
165 952 262 980 Omnia
271 960 382 987 possunt
392 953 419 979 in
434 960 467 980 eo
475 953 520 987 qui
535 961 578 981 me
592 954 738 988 conl‘0rtat,
760 954 869 981 Christo
878 955 899 982 ⁸.
917 963 927 980 ι

138 996 253 1032 Propter
269 996 341 1032 quod
351 997 433 1024 etiam
453 997 549 1024 dilexit
563 998 642 1026 valde
666 998 730 1025 dum
756 999 795 1026 ait
812 1007 819 1025 :
839 1007 848 1024 I
864 999 931 1032 Quis

140 1050 190 1070 nos
208 1042 370 1077 scparabita
382 1042 519 1070 charitate
532 1043 634 1070 Christi
651 1043 682 1070 7?
697 1053 706 1069 ι
724 1043 865 1076 Quomodo
881 1051 930 1071 au-

140 1092 194 1115 tem
209 1088 299 1122 ipsum
316 1091 491 1115 attraxerunt
509 1088 578 1115 illm?
592 1088 659 1116 Dum
674 1089 798 1126 vestigiis
812 1090 874 1124 eius
888 1091 930 1118 in-

139 1133 276 1160 sistebant
305 1137 333 1159 et
360 1132 533 1167 Evangelicis
561 1134 710 1168 unguentis
751 1134 928 1162 fruebantur.

138 1179 218 1212 Quod
244 1179 267 1207 si
285 1187 442 1211 curremus,
470 1185 500 1207 ut
515 1188 578 1208 mox
593 1182 631 1208 ait
656 1181 928 1209 adolescentularum

138 1233 242 1259 sermo,
272 1234 282 1252 ι
303 1230 366 1261 post
388 1225 533 1253 Dominum
551 1226 636 1254 Deum
654 1227 859 1255 ambulabimus
874 1228 896 1255 ⁸.
916 1236 926 1253 ι

175 1269 330 1298 Introduxit
343 1279 383 1298 me
393 1279 439 1298 rex
448 1271 476 1297 in
496 1271 647 1298 cubiculum
662 1280 750 1299 suum.

175 1315 306 1352 Gregorii.
321 1332 356 1337 —
374 1317 481 1344 Animae
497 1318 607 1353 quidem
626 1318 718 1346 adhuc
732 1319 850 1354 juvenes
862 1326 927 1347 cur-

138 1366 204 1389 runt
218 1363 245 1389 itt
262 1362 375 1390 odorem
393 1369 606 1399 unguentorum.
626 1364 734 1399 Sponsa
748 1370 838 1393 autem
866 1373 928 1401 per-

139 1408 211 1436 fecta
240 1408 313 1436 sicut
328 1407 431 1436 Paulus
456 1409 643 1437 introducitur
662 1410 689 1437 in
718 1410 871 1446 penetralia
901 1415 928 1439 et

139 1462 254 1489 regnum
272 1455 418 1482 cwlornm.

177 1501 310 1537 Origenic.
324 1515 359 1521 —
371 1499 507 1536 Loquitur
522 1501 554 1529 de
569 1502 808 1537 impenetralibus,
819 1509 874 1531 etc.

174 1591 283 1627 ενι-ἰαί.
305 1605 341 1613 -
356 1589 480 1627 Regnum
507 1591 712 1626 quodammodo
741 1591 861 1628 appellat
886 1592 930 1621 hic

139 1637 313 1666 cubiculum.

179 1682 248 1710 Niti.
259 1698 294 1704 -—
305 1682 468 1711 Cubiculum
484 1683 550 1711 dicit
560 1690 662 1719 corpus
673 1683 841 1712 Dominicnm
857 1684 930 1719 quod

139 1729 294 1757 introduxit
323 1730 403 1757 beata
441 1729 534 1757 anima
567 1729 624 1757 Deo
652 1729 742 1758 Verbo
765 1730 930 1759 cohabitans

138 1780 166 1804 et
187 1783 261 1803 nunc
282 1783 345 1803 eum
368 1783 403 1803 eo
427 1782 555 1811 regnans.
586 1774 688 1803 Deinde
703 1776 776 1810 quod
799 1784 847 1810 par
870 1781 931 1805 erat

139 1823 194 1857 pati
208 1829 256 1849 eas
282 1822 387 1856 quatde
402 1820 546 1857 Synagoga
579 1821 711 1848 videbant
737 1824 824 1856 ipsam
851 1824 930 1858 quasi

139 1866 302 1902 gloriantem
314 1870 341 1894 et.
365 1866 484 1901 superbo
512 1873 589 1902 gestu
610 1866 693 1900 illud,
713 1866 868 1894 Introduxit
890 1876 931 1895 me

139 1916 221 1942 rexit:
233 1914 385 1942 cubiculum
399 1922 488 1947 suum,
502 1914 536 1942 ad
547 1914 767 1942 adulescentulas
777 1915 928 1951 dicentem;

139 1961 193 1988 hoc
209 1964 272 1996 apte
281 1959 314 1987 ad
328 1967 444 1995 seopum
456 1961 602 1988 sententiae
616 1969 796 1997 cognoscens,
805 1968 832 1990 et
846 1963 930 1990 obor-

138 2010 195 2033 tam
209 2005 276 2040 ipsis
296 2012 330 2032 ex
345 2005 398 2032 hac
409 2006 569 2033 narratione
581 2006 743 2042 zelotypiam
757 2007 928 2042 conjectans,

138 2059 200 2086 qua:
209 2050 339 2086 ignobilis
353 2054 381 2078 et
392 2051 471 2086 nigra
489 2058 520 2078 se
535 2050 590 2078 illis
599 2051 782 2079 conveniente
800 2053 930 2081 cubiculo

137 2097 212 2132 regis
234 2095 375 2131 dignatam
398 2095 549 2130 gloriatur;
570 2096 655 2131 quod,
672 2101 701 2123 ut
735 2097 852 2128 aiebam.
877 2098 931 2126 illac

138 2142 226 2176 ipsam
261 2140 464 2176 quodammodo
488 2142 703 2176 contempserint
743 2147 770 2170 et
795 2144 931 2172 irriserth

812 122 987 154 PROCOPII
1007 121 1128 153 GAZEI

1028 177 1254 212 ’Arzo.ltrap[ov.
1270 193 1304 197 ——
1320 177 1365 213 Τῷ
1386 179 1441 214 γὰρ
1460 178 1573 212 ὀνόματι
1594 178 1641 205 τοῦ
1659 178 1778 214 Χριστοῦ

984 223 1178 259 καθαρίζονται
1190 223 1289 256 πάντα,
1302 223 1406 257 ἰῶνται,
1419 223 1607 259 βαπτίζονται,
1620 223 1669 259 τὴν
1683 225 1778 258 ἀληθι-

984 269 1033 304 νὴν
1051 270 1118 304 ἡμῖν
1133 268 1248 295 εὐωδίαν
1263 269 1458 301 ἐνοικίςονται·
1480 270 1554 303 λέγει
1575 269 1603 295 δὲ
1619 270 1649 295 τὸ
1666 270 1778 302 Πνεῦμα

983 314 1014 340 τὺ
1040 313 1130 348 ἅγιον,
1152 314 1199 340 καὶ
1217 314 1247 340 τὸ
1273 315 1388 349 ἐκχυθὲν
1412 315 1498 349 δνομα
1521 314 1571 350 τὴν
1596 315 1706 349 ἔκχυσιν
1731 315 1778 342 τοῦ

983 358 1142 393 Πνεύματος
1159 359 1206 385 ἐπὶ
1222 359 1324 390 πάντας
1335 359 1494 394 ἐργάζεται,
1512 360 1583 386 κατὰ
1597 360 1637 390 τὸ,
1653 369 1662 384 ‹
1684 360 1779 394 Ἦγιά-

984 402 1066 437 σθητε
1078 404 1124 429 καὶ
1135 402 1313 438 ἐδικαιώθητε
1322 404 1350 429 ἐν
1360 404 1398 438 τῷ
1407 404 1519 438 ὀνόματι
1529 403 1575 430 τοῦ
1588 404 1778 440 Κυρίου,ήμὼν

989 447 1077 484 Ἰησοῦ
1089 449 1267 483 Χριστοῦ,καὶ
1277 451 1304 475 ἐν
1317 449 1354 484 τῷ
1364 449 1503 484 ῐινεὺματι
1514 449 1560 476 τοῦ
1573 450 1641 476 θεοῦ
1651 451 1729 486 ἡμῶν
1742 460 1748 466 ι
1764 460 1773 476 ι

983 494 1055 529 ἅπερ
1074 494 1168 522 ποιοῦν
1194 494 1324 529 τοῦνομα,
1347 495 1433 530 μύρον
1447 496 1559 527 εἰκότως
1579 497 1740 523 ὲκκενωθέν.

1019 541 1070 565 Διὰ
1087 539 1174 566 τοῦτο
1202 539 1339 572 νεάνιδες
1356 539 1520 574 ὴγάπησάν
1550 547 1602 566 σε·
1617 538 1662 575 [γ’]
1679 540 1779 566 εἵλκυ-

982 581 1043 608 σάν
1064 590 1117 609 σε·
1134 583 1232 609 ὀπίσω
1253 590 1312 610 σου
1335 585 1375 617 εὶς
1402 584 1504 618 ὀσμὴν
1517 584 1615 619 μύρου
1628 592 1687 610 σου
1709 584 1777 618 δρα-

980 627 1108 663 μοῦμεν.

1017 674 1195 709 Γρηγορίου,
1220 689 1255 694 -
1282 674 1330 706 Τίς
1352 674 1406 710 γὰρ
1430 674 1552 701 τοιούτου
1577 674 1693 706 κάλλους
1730 675 1777 700 ἀν-

982 719 1107 755 έραστος,
1126 721 1150 746 εἰ
1174 719 1254 755 μόνον
1272 719 1410 755 ὀφθαλμὸν
1435 720 1490 755 ἕχει
1507 721 1553 746 τὸν
1572 719 1722 746 ὲνατενίσαι
1742 721 1776 755 τῇ

982 766 1042 802 ὥρᾳ.
1053 766 1202 801 δυνάμενον
1217 775 1224 799 ;
1241 767 1378 793 Εἵλκυσαν
1396 764 1444 793 οὖν
1461 766 1542 793 αὐτὸν
1556 767 1596 798 εις
1615 766 1775 801 ἀνταγάπη-

983 821 1042 839 σιν·
1057 814 1140 847 φησιν
1163 813 1218 847 γὰρ
1235 814 1251 848 ἡ
1272 813 1372 847 Σοφία·
1393 823 1404 839 ι
1430 812 1501 847 Ἐγὼ
1513 813 1575 845 τοὺς
1598 813 1648 848 ἐμὲ
1669 812 1776 847 φιλοῦν-

945 853 969 884 Β
983 867 1033 890 τας
1050 859 1162 893 ἀγαπῶ.
1182 868 1192 885 ι

1016 905 1217 939 Κυρίλλου.-
1229 904 1328 936 Νεᾶνις
1345 905 1382 939 (b)
1399 902 1431 940 ἦν
1445 904 1492 931 καὶ
1504 904 1609 936 Παῦλος
1620 912 1628 920 ⁸
1644 914 1652 929 ι
1671 904 1774 936 Πάντα,

981 949 1079 984 λέγων,
1096 950 1180 986 ἰσχύω
1203 951 1233 976 ὲν
1252 949 1290 985 τῷ
1308 950 1502 986 ἐνδυναμοῦντί
1519 959 1551 985 με
1569 949 1691 985 Χριστῷ.
1712 959 1721 975 ι
1737 950 1778 976 διὸ

981 996 1028 1022 καὶ
1044 995 1102 1022 λίαν
1119 995 1248 1030 ἠγάπησε
1262 996 1374 1030 φάσκων
1386 1004 1392 1010 ·
1419 1003 1428 1020 α
1444 995 1491 1026 Τίς
1511 995 1584 1030 ἡμᾶς
1597 995 1710 1030 χωρίσει
1723 995 1777 1021 ἀπὸ

980 1041 1031 1076 τῆς
1052 1041 1163 1076 ἀγάπης
1173 1041 1221 1068 τοῦ
1236 1041 1373 1075 Χριστοῦ;
1388 1051 1397 1066 ›
1418 1040 1476 1072 πῶς
1488 1041 1515 1067 δὲ
1531 1039 1612 1068 αὺτὸν
1631 1041 1775 1072 saxeam;

982 1083 1202 1120 ἀκολουθήσασαι
1219 1084 1276 1117 τοίς
1297 1086 1400 1120 ῐχνεσιν
1422 1085 1516 1118 αὑτοῦ,
1530 1086 1578 1112 καὶ
1594 1086 1647 1112 τῶν
1660 1086 1776 1120 εὐαγγε-

981 1130 1068 1157 λικῶν
1081 1131 1273 1157 ἁπολαύσασαι
1290 1131 1384 1166 μύρων
1394 1139 1401 1146 ·
1415 1132 1423 1140 ⁴
1438 1132 1462 1157 εἰ
1478 1131 1506 1158 δὲ
1522 1132 1695 1167 δραμοῦμεν.
1707 1132 1777 1167 ἔχων

979 1177 1034 1203 τῶν
1053 1178 1181 1204 νεανίδων
1200 1178 1214 1204 ὁ
1232 1177 1322 1211 λόγος,
1339 1186 1349 1203 ε
1373 1178 1444 1204 κατὰ
1463 1177 1493 1204 τὸ
1507 1177 1595 1204 ὀπίσω
1610 1178 1712 1213 Κυρίου
1728 1177 1776 1204 τοῦ

980 1223 1049 1250 Θεοῦ
1064 1223 1268 1259 πορευσόμεθα.
1288 1232 1297 1248 ι

1015 1268 1165 1303 Εὶσήγαγέ
1173 1277 1211 1302 με
1224 1269 1240 1295 ὁ
1252 1267 1405 1301 ,βασιλεὺς
1421 1269 1464 1302 εὶς
1475 1268 1508 1296 τὸ
1520 1268 1654 1303 ταμιεῖον
1671 1270 1774 1297 αὐτοῦ.

1016 1315 1025 1325 ’
1045 1314 1220 1349 Γρηγορίου.
1234 1329 1269 1334 -
1282 1315 1314 1340 Al
1324 1314 1373 1349 μὲν
1384 1314 1425 1341 ἔτι
1438 1315 1621 1349 νηπιάζουσαι
1638 1317 1775 1352 προστρέ-

980 1367 1076 1394 χουσαι
1097 1361 1130 1395 τῇ
1152 1360 1268 1394 εὐωδίᾳ·
1287 1360 1303 1394 ἡ
1322 1359 1350 1386 δὲ
1372 1360 1549 1387 τελειωθεῖσα
1564 1360 1659 1396 νύμφη
1684 1362 1726 1394 εἰς
1742 1363 1776 1389 τὰ

979 1405 1064 1432 ἄδυτα
1078 1404 1116 1436 ὡς
1133 1406 1147 1431 ὁ
1162 1404 1267 1437 Παῦλος
1283 1405 1423 1440 εἰσάγεται
1439 1406 1486 1433 καὶ
1514 1407 1554 1438 εις
1572 1406 1620 1442 τὴν
1637 1407 1775 1442 βασιλείαν

978 1449 1033 1476 τῶν
1048 1450 1180 1486 οὐρανῶν.

1022 1497 1200 1531 Ὦριγένους.
1211 1512 1248 1518 -
1264 1497 1367 1532 Ἤγουν
1384 1497 1516 1525 ἀδύνατον
1538 1498 1588 1526 τὴν
1612 1498 1774 1535 ἀξιέραστον

944 1528 965 1558 C
981 1528 1066 1577 λέγει,
1123 1551 1148 1569 τ.
1208 1543 1260 1578 (7).

1017 1589 1202 1624 ’Κυρίλλοω
1234 1604 1268 1609 --
1290 1589 1409 1616 Ἦντινα
1433 1589 1574 1625 βασιλείαν
1595 1592 1720 1624 ταμιεῖον
1745 1593 1775 1618 ὲν

979 1635 1038 1666 τοῖς
1051 1634 1169 1670 παροῦσι
1189 1635 1405 1671 προσαγορεύει.

1016 1680 1131 1706 Νείλου
1141 1679 1190 1714 (8).
1201 1695 1237 1701 -—-
1246 1680 1388 1715 Ταμιεῐον,
1400 1681 1431 1708 τὸ
1447 1681 1526 1717 σῶμα
1537 1682 1612 1716 λέγει
1623 1683 1654 1709 τὸ
1669 1684 1774 1719 Κυρια-

980 1724 1039 1758 κδν,
1053 1726 1092 1757 εἰς
1106 1725 1120 1752 ὃ
1133 1727 1260 1760 εἰσῆκται
1277 1727 1293 1762 ἠ
1311 1727 1437 1763 μακαρία
1451 1728 1526 1763 ψυχὴ
1542 1730 1726 1765 συνοικήσασα
1736 1730 1775 1765 τῷ

981 1771 1041 1807 Θεῷ
1053 1772 1134 1807 Λόγῳ
1151 1774 1199 1799 καὶ
1213 1773 1454 1808 συμϐασιλεύουσα
1471 1775 1520 1802 σὺν
1540 1776 1629 1811 αὐτῷ’
1651 1777 1691 1808 είς
1706 1778 1774 1812 ὅπερ

981 1817 1079 1844 παθεῖν
1090 1815 1123 1853 ἦν
1131 1818 1204 1849 εἰκὸς
1213 1818 1263 1849 τὰς
1274 1818 1327 1845 ἀπὸ
1336 1819 1384 1854 τῆς
1393 1819 1560 1855 Συναγωγῆς
1571 1821 1678 1854 ὁρώσας
1687 1823 1773 1857 αὐτὴν

979 1863 1081 1890 ὡσανεὶ
1103 1865 1323 1900 φρυαττομένην,
1340 1866 1387 1892 καὶ
1406 1866 1476 1901 μετὰ
1497 1868 1636 1902 σχήματος
1656 1868 1773 1904 σοϐαροῦ

979 1909 1022 1942 τὸ,
1033 1909 1228 1944 Είσήπ-αγέμε
1237 1911 1253 1936 ὁ
1260 1910 1412 1943 βασιλεὺς
1420 1912 1464 1944 εὶς
1474 1911 1507 1938 τὸ
1522 1913 1655 1946 ταμιεῖον
1669 1915 1773 1946 αὑτοῦ,

981 1955 1050 1990 πρὸς
1057 1956 1106 1986 τὰς
1114 1955 1237 1986 νεάνιδας
1243 1955 1385 1989 λέγουσαν
1393 1957 1466 1983 τοῦτ’
1476 1958 1504 1983 εὐ
1510 1959 1619 1990 σκόπως
1628 1961 1660 1994 τῇ
1677 1960 1773 1997 γνώμῃ

981 1999 1129 2032 συνειδυῖα,
1138 2000 1184 2026 καὶ
1191 2001 1241 2036 τὴν
1249 2001 1404 2036 κινηθεῖσαν
1413 2002 1508 2034 αὑταῖς
1514 2004 1545 2029 ὲκ
1552 2004 1599 2030 τοῦ
1605 2004 1774 2040 διηγήματος

982 2045 1149 2081 ζηλοτυπίαν
1165 2047 1357 2082 στοχασαμένη
1372 2055 1379 2062 ·
1395 2048 1420 2073 εἰ
1431 2048 1484 2075 τῶν
1502 2049 1622 2081 ἐκείναις
1639 2052 1774 2086 καθηκόν-

983 2099 1037 2118 των
1051 2092 1187 2125 ταμιεὶων
1208 2092 1256 2118 τοῦ
1272 2093 1403 2128 βασιλέως
1419 2096 1436 2129 ἡ
1447 2095 1584 2132 δυσμενὴς
1598 2098 1644 2123 καὶ
1659 2098 1775 2133 μέλαινα

981 2135 1116 2170 ἠξιῶσθαι
1131 2137 1218 2171 αὐχεῖ,
1233 2137 1302 2173 ὅπερ
1319 2136 1396 2165 εἷπον
1417 2139 1449 2166 ἂν
1463 2139 1577 2173 ἐκεῖναι,
1587 2141 1774 2173 ἑξουδενοῦσαι

139 2184 256 2212 candide
276 2184 356 2212 fateri
377 2184 491 2212 minime
508 2185 660 2219 erubescit,
677 2186 852 2223 adjungendo
862 2196 928 2216 cau-

990 2183 1068 2217 ιύτὴν
1084 2183 1131 2209 καὶ
1144 2183 1338 2218 χλευάζουσαι,
1355 2185 1433 2212 τοῦτο
1443 2187 1621 2222 εὐγνωμόνως
1633 2189 1774 2223 ὁμολογεῖν

139 2237 198 2256 sam
211 2237 262 2258 cur
276 2229 409 2258 benevole
424 2238 439 2258 a
457 2238 560 2266 sponso
579 2233 741 2268 compellata
760 2235 809 2263 sit.

178 2319 352 2348 Exaultemus
360 2325 385 2348 et
397 2321 519 2349 [terentur
530 2323 558 2350 in
578 2327 613 2350 te.

178 2364 591 2400 Procopii.—Adolcscentulae
619 2368 715 2396 dicunt
745 2378 853 2405 sponsae
880 2371 931 2398 im-

143 2411 245 2445 pertire
255 2411 450 2445 cognitionem,
468 2413 699 2446 quemadmodum
731 2415 754 2442 is
768 2416 815 2450 qni
845 2425 929 2451 supra

143 2460 239 2489 peetus
252 2455 354 2484 Christi
368 2456 494 2484 recubuit
507 2462 533 2484 et
544 2458 578 2485 ab
593 2466 627 2486 eo
642 2459 759 2488 dilectus
789 2462 841 2488 fuit
852 2462 929 2489 theo-

142 2500 244 2534 logiam
259 2501 404 2528 nobiscum
418 2503 645 2531 communicarit.

180 2545 312 2582 Gregorii.
331 2561 365 2567 -
385 2546 437 2575 Per
449 2547 520 2576 hanc
530 2550 694 2577 sententiam
714 2551 928 2580 ecclesiasticam

177 2638 187 2653 ⁸
202 2637 211 2664 l
228 2637 292 2666 Cor.
311 2646 330 2670 ι,
346 2638 375 2664 2.

978 2229 1046 2264 αὕτη
1058 2230 1107 2255 οὐκ
1123 2229 1281 2264 αἰσχύνεται
1293 2239 1299 2246 ⁸
1319 2232 1388 2266 μετὰ
1400 2232 1446 2258 τοῦ
1462 2234 1636 2268 προστιθέναι
1666 2235 1714 2270 τὴν
1730 2237 1774 2262 αἰ-

977 2275 1105 2308 τίαν,τοῦ
1117 2276 1364 2313 εὐλόγωςεῐρῆσθαι
1379 2278 1464 2313 αὐτὴν
1478 2280 1554 2314 παρὰ
1566 2280 1613 2306 τοῦ
1622 2280 1751 2316 Νυμφίου
1764 2302 1772 2310 .

1022 2322 1280 2357 Ἂγαιὶλιασώμεθιι
1299 2324 1349 2350 καὶ
1365 2325 1579 2360 εὐφρανθῶμεν
1597 2326 1634 2353 ἐν
1648 2328 1708 2354 ml.

1015 2372 1196 2404 Προκοπίου.
1211 2387 1245 2392 -
1261 2372 1294 2398 Αἱ
1316 2372 1436 2404 νεάνιδες
1449 2374 1481 2408 τῇ
1496 2374 1591 2410 νύμφῃ
1608 2375 1675 2408 φασί
1686 2382 1692 2389 ·
1717 2376 1773 2402 Με-

981 2417 1060 2449 τάῑος
1075 2417 1125 2451 τῆς
1150 2417 1342 2451 ἐπιγνώσεωςο
1361 2418 1490 2454 καθάπερ
1511 2421 1525 2445 ὁ
1541 2423 1773 2455 προσαναπαυσά-

984 2471 1063 2498 μενος
1082 2463 1121 2498 τῷ
1140 2463 1234 2498 στήθει
1258 2464 1389 2499 Χριστοῦ,
1416 2465 1464 2492 καὶ
1488 2466 1612 2501 φιληθεὶς
1639 2467 1668 2500 ἐξ
1690 2469 1773 2495 αὑτοῦ

984 2509 1122 2544 μετέδωκε
1142 2511 1190 2544 τῆς
1206 2510 1346 2545 θεολογίας
1366 2512 1442 2546 ἡμῖν.

1018 2556 1195 2591 Γρηγσρίου.
1212 2572 1246 2577 ——
1266 2557 1303 2592 (9)
1320 2558 1369 2584 Διὰ
1393 2558 1495 2594 ταύτης
1517 2559 1566 2595 τῆς
1592 2561 1698 2596 picae);
1722 2560 1772 2595 τὴν

426 2638 436 2653 ⁸
449 2637 532 2665 Prov.
555 2647 616 2671 vm,
632 2639 676 2665 l7.
715 2640 725 2655 °
740 2639 859 2676 Philipp.
875 2649 930 2675 h',‘

1008 2643 1018 2657 ⁷
1029 2642 1110 2672 Rotn.
1127 2652 1185 2676 rm,
1279 2647 1290 2663 ⁸
1303 2646 1371 2675 Osee
1387 2656 1424 2682 ιι,
1439 2648 1481 2676 l0.

911 2710 1024 2739 ΝΟΤᾹΞ.

178 2775 298 2836 (aulaeo
324 2775 351 2803 in
383 2777 412 2804 C.
447 2775 477 2804 Β.
508 2777 560 2805 sub
573 2777 684 2806 nomine
700 2777 924 2815 Gregoriieonti-

183 2828 188 2836 ι
210 2821 215 2836 Ι
251 2820 275 2836 1⁸.

145 2827 147 2832 ι
174 2820 275 2838 ιΞΙΙΙΗΙΓν

177 2846 216 2879 ιη
232 2840 334 2874 Patrat.
350 2851 369 2874 t.
389 2845 471 2880 xvn,
488 2847 542 2875 col.
556 2847 620 2881 255,
637 2848 700 2876 σξιο.

1078 2780 1217 2821 ξςίιοιὶιιιιι
1234 2789 1360 2821 sequens
1371 2787 1499 2821 anonymi
1515 2791 1556 2814 est
1575 2787 1600 2814 in
1612 2787 1643 2815 C.
1658 2787 1688 2814 Β.

982 2816 1146 2878 nugﬂwlll'aec
1176 2818 1202 2845 in
1229 2819 1259 2847 υ.
1320 2820 1372 2848 sub
1403 2816 1514 2850 nonnae
1539 2822 1665 2858 Procopii
1684 2824 1773 2852 conti-
