1966 3074
194 164 263 196 1555

854 171 1031 202 PROCOPII
1046 172 1168 202 GAZ/‘EI

1747 170 1817 205 1556

191 221 287 250 dilex‘t
303 229 354 254 me,
373 227 420 251 sed
439 223 502 259 quia
521 225 603 252 etiam
625 233 680 258 me,
705 227 783 261 nigra
801 234 864 254 cum
879 235 977 261 essem,

1038 237 1082 264 της
1096 228 1224 264 ἠγάπησέ
1242 237 1290 265 με·
1308 229 1366 256 ἀλλ’
1379 229 1420 256 ὅτι
1436 228 1484 256 καὶ
1499 228 1630 263 μέλαιναν
1644 226 1727 256 οὖσαν
1737 229 1818 264 ὲλάμι

191 267 341 295 illustravit
363 275 412 303 per
435 277 532 297 eorutn
567 271 669 306 quibus
699 271 842 307 denigrata
869 272 975 300 fueram

190 313 393 348 paenitentiam.
411 314 443 342 Et
463 324 512 344 vos
526 317 609 352 igitur
627 317 692 345 licet
707 317 843 347 hactenus
860 320 887 346 in
897 318 977 347 vobis

191 359 309 387 tenebrae
335 360 518 389 habitaverint
544 362 608 398 (hoc
630 363 704 390 enim
730 363 840 400 Cedar),
868 364 977 392 evadile

190 405 275 440 pelles
289 405 455 440 Salomonis,
468 407 571 436 Christi
598 409 704 444 paciﬁci
733 409 816 444 regis.
846 417 878 437 ac
906 410 977 437 lucis

189 451 371 480 domicilium.
387 454 424 480 Ex
440 458 518 489 parte
534 455 606 482 enim
629 454 709 489 pelles
735 455 840 490 regium
869 456 977 483 vocavit

191 496 408 526 tabernacnlnm.

226 542 312 571 Vens.
325 544 352 571 5.
368 544 460 572 Nolite
476 547 595 580 aspicere
620 554 661 574 me
688 547 750 581 quia
773 555 819 582 ego
839 547 977 582 denigrata

190 598 268 623 sum;
286 592 349 626 quia
363 591 481 625 despexit
503 602 543 620 me
563 594 614 621 sol.

226 635 390 672 θηρσί-ἰὴ*
399 638 515 666 Mentem
527 647 621 667 eorum
637 640 684 675 qui
700 640 810 668 discunt
821 640 976 675 conﬁrmat,

190 690 225 710 ne
241 684 419 711 tenebricosae
435 684 527 712 formae
545 693 657 713 causam
675 687 797 715 Creatori
822 687 976 718 ascribant,

190 728 237 755 sed
267 728 353 757 libero
378 730 595 766 uniuscujusque
620 732 745 765 arbitrio,
776 733 869 760 dicens
901 741 908 759 :
940 731 979 760 Ne

189 774 290 808 putetis
301 775 405 809 nigram
419 783 462 806 mc
475 781 594 804 creatam
607 786 678 812 esse,
693 778 739 806 sed
750 779 830 806 talem
844 777 977 806 redditam

190 827 205 846 a
216 820 273 848 sale
282 822 410 857 maligno,
423 823 457 851 de
469 831 523 859 quo
534 829 576 851 est
591 825 656 852 illud
674 834 680 852 :
700 834 709 850 ι
729 825 779 852 Per
788 825 859 852 diem
873 825 914 852 sol
924 832 978 852 non

189 867 333 894 comburet
350 871 377 895 te
394 870 415 895 θ.
428 878 437 894 ι

1031 281 1144 309 πρυνεν,
1155 274 1200 301 διὰ
1214 274 1263 310 τὴν
1275 275 1318 309 ἐφ’
1331 272 1372 306 οἷς
1386 273 1566 310 ὲμελανώθηνι
1591 274 1738 309 μετάνοιαν
1750 283 1757 290 ·
1771 274 1819 302 καὶ

1033 318 1113 354 ὑμεῖς
1124 320 1226 352 τοίνυν,
1242 320 1266 346 εί
1281 320 1327 347 καὶ
1340 319 1436 356 πρώην
1451 321 1514 355 ὑμῖν
1528 320 1558 346 τδ
1573 320 1668 352 σκότος
1682 320 1819 355 ἐνῴκησεν

1032 364 1121 400 (τοῦτο
1131 365 1185 401 γὰρ
1200 365 1230 392 τὺ
1251 366 1367 401 Κηδὰρ),
1381 366 1492 400 γένεσθε
1503 366 1608 401 δέρρεις
1618 365 1664 392 τοῦ
1677 365 1817 401 Σαλομὼν,

1030 410 1148 448 Χριστοῦ
1163 410 1210 437 τοῦ
1225 411 1365 447 εἰρηνικοῦ
1383 411 1526 446 βασιλέως,
1542 411 1589 438 καὶ
1610 410 1658 437 τοῦ
1677 411 1764 445 φωτὸς
1781 411 1820 437 oi-

1030 457 1176 491 κητήριον·
1195 456 1249 483 ἀπὺ
1273 457 1375 493 μέρους
1396 457 1451 492 γὰρ
1468 457 1582 491 δὲρῤεις
1603 456 1652 492 τὴν
1675 456 1819 493 βασιλικὴν

1031 500 1083 536 ἔφη
1101 501 1217 536 σκηνήν.
1224 520 1230 526 .

1067 550 1098 574 ε’.
1115 546 1163 581 Μὴ
1181 546 1319 582 ,ϐλέψητέ
1333 556 1371 582 με
1385 547 1430 574 ὅτι
1444 546 1503 582 εἰμὶ
1512 545 1759 581 μεμελανωμένη,
1774 545 1819 573 ὅτι

1031 592 1201 628 παρέϐλεψέ
1214 602 1252 628 με
1266 595 1282 620 ὁ
1293 593 1390 627 ἣλιος.

1067 640 1245 674 Γρηγορίου.
1260 655 1294 660 -
1309 640 1365 675 Τὴν
1379 639 1434 666 τῶν
1458 638 1685 674 μαθητευομένων
1701 638 1820 665 διάνοιαν

1033 685 1071 721 μὴ
1083 684 1122 719 τῷ
1148 685 1314 720 Δημιουργῷ
1329 684 1379 719 τὴν
1395 683 1484 710 αἰτίαν
1506 683 1553 710 τοῦ
1578 682 1715 710 σκοτεινοῦ
1732 683 1820 715 εἴδους

1032 730 1198 761 ἀνατιθέναι,
1215 729 1325 765 ἀλλὰτῇ
1342 729 1458 757 ἑκάστου
1469 729 1642 766 προαιρέσει,
1657 730 1704 756 καί
1719 736 1816 764 φησιν·

1032 776 1075 811 Μὴ
1087 775 1217 812 νομίσητε
1231 776 1272 802 ὅτι
1289 775 1403 810 μέλαινα
1414 773 1553 810 ἐκτίσθην,
1567 774 1625 801 ἀλλ’
1639 775 1679 801 ὅτι
1691 774 1819 809 τοιαύτην

1031 823 1046 849 ὁ
1063 821 1180 856 πονηρὸς
1208 821 1347 853 ἀπέδειξεν
1370 820 1462 856 ἥλιος·
1487 818 1553 856 περϊ
1570 817 1600 847 οὗ
1628 820 1659 847 τὸ
1681 819 1789 855 ἡμέρας
1804 819 1819 846 ὁ

1032 867 1107 903 ἥλιος
1122 867 1152 894 οὐ
1169 867 1318 901 συγκαύσει
1332 875 1374 894 σε.
1390 860 1392 863 ’

225 911 357 946 Origenis.
373 930 408 934 —
420 914 466 942 Vel
479 915 543 950 quia
559 922 671 950 peccato
681 923 724 944 me
735 916 907 944 obscuratam
917 924 977 952 pro-

1074 923 1252 957 Ὠριγένους.
1268 929 1303 944 ——'
1319 923 1354 959 Ἢ
1378 923 1418 949 ὅτι
1441 922 1496 957 (14)
1515 920 1703 948 σκοτισθεῖσάν
1726 929 1760 956 με
1785 921 1818 956 τῇ

190 958 457 992 pterinlidelttatem,
484 961 612 989 Christus
638 962 775 998 despexit,
801 970 880 997 quem
905 961 979 990 Scri-

190 1009 275 1038 ptura:
290 1004 373 1032 solem
383 1005 498 1040 justitia:
512 1006 661 1041 appellant.

226 1048 290 1076 Filii
307 1051 402 1078 matris
419 1059 483 1079 mete
498 1057 680 1087 pugnaverunt
701 1053 729 1079 in
755 1061 796 1079 me
812 1061 821 1080 :
836 1058 980 1087 posuerunt

189 1102 229 1121 me
245 1095 378 1123 custodem
404 1096 431 1123 in
452 1097 532 1124 vineis
548 1105 558 1129 ;
585 1097 687 1124 vineam
714 1105 798 1124 meam
818 1106 869 1125 non
892 1105 981 1125 custo-

187 1140 251 1168 divi.

225 1186 355 1222 Gregorii.
375 1203 408 1208 ~
429 1188 513 1216 Filios
530 1189 628 1216 matris
645 1188 829 1225 intelligibiles
844 1188 913 1216 dixit
928 1188 979 1216 iui-

191 1233 278 1262 micos
295 1243 302 1262 :
322 1235 448 1262 similiter
461 1236 534 1263 enim
550 1236 665 1263 rationis
681 1236 826 1271 participes
839 1240 866 1262 et
881 1243 913 1263 ex
923 1242 977 1262 una

188 1286 283 1307 omnes
304 1287 386 1307 causa
407 1280 505 1307 divinae
527 1284 631 1308 naturae
639 1284 714 1312 sunt,
728 1280 792 1316 qui,
806 1280 904 1315 inquit,
917 1287 978 1307 cum

189 1331 233 1352 me
248 1332 280 1351 ex
297 1324 409 1359 pulchra
420 1325 510 1357 vinea,
535 1325 561 1352 id
571 1329 613 1353 est
619 1322 922 1360 paradiso,ejecisscnt,
932 1331 979 1359 po-

189 1373 306 1397 suerunt
324 1377 368 1397 me
385 1370 527 1398 custodem
537 1371 680 1397 vinearum
696 1377 819 1402 suarum,
839 1369 866 1397 in
876 1369 977 1405 quibus

189 1414 285 1442 botrus
300 1414 493 1442 amaritudinis
508 1419 536 1442 et
551 1423 602 1442 uva
611 1415 682 1443 fellis
697 1419 725 1442 et
742 1415 976 1443 l'urordraconum

189 1462 300 1489 colitur.
316 1461 349 1489 In
359 1462 439 1489 vineis
450 1463 519 1490 dixit
530 1467 641 1498 propter
669 1463 832 1490 multiﬁdam
867 1463 978 1490 malitia:

188 1509 304 1538 formam
330 1519 336 1538 :
363 1511 408 1538 ubi
428 1510 643 1546 autem’anliqui
671 1511 765 1547 lapsus
779 1511 911 1544 meminit,
931 1519 978 1538 re-

188 1555 264 1583 lictis
278 1556 502 1590 adolescentulis,
513 1557 546 1584 ad
559 1564 690 1591 sponsum
709 1564 807 1585 rursus
819 1564 975 1585 sermonem

188 1600 310 1636 facitper
324 1602 478 1629 orationem
495 1601 585 1636 ipsum
601 1602 743 1629 invocans.

228 1646 362 1683 Origenis.
392 1663 426 1669 —
449 1647 551 1683 Nempe
564 1648 610 1683 qui
637 1655 680 1675 me
714 1647 816 1675 docent
846 1647 975 1683 discipuli

187 1692 303 1726 Christi,
316 1698 372 1721 etc.

224 1739 331 1775 σιμ-ἰαὶ.
359 1755 395 1761 -
417 1740 556 1769 Fortassis
593 1740 702 1767 incusat
743 1737 866 1775 seipsam
902 1739 975 1775 quod

189 1786 329 1822 propriam
340 1786 449 1814 vineam
465 1794 521 1813 non
536 1785 711 1818 custodierit,
727 1785 889 1820 permittens
900 1784 974 1811 illam

189 1831 304 1860 cuilibet
320 1839 369 1867 per
388 1831 458 1858 viam
475 1831 630 1858 transeunti
655 1830 838 1866 diripiendam
867 1834 977 1858 vastan-

190 1879 308 1914 damque
323 1885 390 1912 apro
402 1877 436 1905 de
446 1877 515 1905 silva
533 1882 560 1905 et
577 1877 641 1905 fera:
664 1876 797 1912 singulari
828 1879 977 1913 depascen-

189 1923 263 1951 dam.
278 1923 416 1951 Fortassis
443 1931 509 1950 vero
527 1923 609 1950 etiam
637 1923 773 1958 glorilicat
788 1921 871 1951 Deum
903 1923 976 1959 quod

189 1977 252 1996 cum
260 1976 315 1996 non
334 1969 469 2004 potuisset
481 1969 618 1996 custodire
632 1968 773 2004 propriam
791 1969 912 2002 vincam,
928 1977 977 1996 nec

189 2015 304 2043 colendo
317 2023 369 2043 nec
383 2014 518 2043 servando
544 2015 629 2047 illam,
647 2014 675 2042 in
693 2019 799 2042 tantum
817 2014 976 2050 profecerit,

190 2067 221 2090 ut
232 2062 333 2090 multas
348 2062 445 2090 vineas
460 2062 577 2090 valuerit
591 2062 742 2089 custodire.

224 2118 386 2152 Apolinarii.
397 2133 434 2139 —
445 2118 582 2146 Creterum
593 2118 650 2145 haec
662 2118 745 2145 etiam
760 2117 857 2145 referri
868 2117 977 2152 possiut

190 2163 223 2191 ad
235 2171 282 2192 eos
294 2164 340 2199 qui
354 2164 431 2198 prius
445 2164 554 2199 quidem
569 2163 722 2192 Eeclesiam
744 2165 882 2199 persecuti
899 2169 975 2196 sunt.

190 2210 237 2237 sed
253 2211 426 2254 postcajllos
438 2210 514 2244 ipsos
526 2217 595 2243 quos
605 2209 740 2244 persecuti
753 2209 864 2237 fuerunt
876 2210 978 2238 docue-

1031 969 1162 1005 ἁμαρτίᾳ,
1173 968 1290 1003 Χριστὸς
1302 969 1412 1003 παρεῖδε
1423 968 1468 995 διὰ
1478 967 1526 1002 τὴν
1537 966 1675 999 ἀπιστίαν,
1687 966 1716 993 ὃν
1725 966 1821 993 Ἥλιον

1029 1015 1202 1050 δικαιοσύνης
1217 1014 1427 1049 ἀναγορεύουσιν
1446 1014 1473 1041 αἱ
1489 1013 1606 1049 Γραφαι.

1070 1061 1130 1088 Υιοὶ
1151 1061 1262 1095 μητρός
1281 1069 1340 1095 μου
1358 1060 1545 1095 ἐμαχέσαντο
1559 1059 1595 1086 ἐν
1611 1059 1692 1094 ἐμοί·
1717 1058 1821 1086 ἐθεντό

1027 1115 1087 1142 μου
1101 1107 1298 1141 φυλάκισσαν
1310 1106 1345 1133 ὲν
1359 1105 1550 1141 ἀμπελῶσιν·
1564 1105 1727 1140 ἀμπελῶνα
1748 1103 1821 1138 ἐμὸν

1030 1152 1085 1178 οὐκ
1101 1151 1249 1186 ἐφύλαξα.

1065 1197 1373 1231 Γρηγορίου.-Υίοῦς
1392 1196 1447 1232 (15)
1467 1196 1578 1232 μητρὸς,
1586 1197 1649 1228 τοὺς
1659 1197 1771 1231 νοητοὺς
1783 1195 1822 1222 εἴ·

1030 1251 1080 1269 πεν
1098 1243 1213 1278 ἐχθρούς
1223 1250 1230 1258 ·
1244 1243 1348 1277 λογικοὶ
1355 1242 1410 1277 γὰρ
1424 1242 1533 1277 ὁμοίως,
1544 1242 1592 1269 καὶ
1605 1243 1637 1268 ἐκ
1653 1243 1718 1278 μιᾶς
1735 1241 1822 1269 ᾶπαν-

1029 1297 1075 1320 τες
1099 1289 1188 1320 αἰτίας
1214 1288 1264 1324 τῆς
1287 1288 1363 1320 θείας
1394 1288 1518 1323 φύσεως·
1546 1288 1644 1320 οἵτινές
1667 1296 1710 1324 με,
1725 1288 1819 1323 φησὶν,

1030 1334 1208 1366 ἐκϐάλλοντες
1220 1334 1267 1361 τοῦ
1282 1333 1366 1361 καλοῦ
1381 1334 1554 1369 ἀμπελῶνος,
1567 1334 1690 1361 τουτέστι
1707 1333 1754 1360 τοῦ
1768 1342 1821 1360 πα-

1032 1379 1167 1415 ραδείσου,
1186 1379 1278 1406 ἕθεντό
1295 1388 1329 1414 με
1343 1379 1493 1414 φυλάσσειν
1503 1379 1566 1410 τοὺς
1580 1378 1670 1405 αὐτῶν
1689 1378 1820 1413 ἀμπελῶ-

1030 1433 1089 1458 νας,
1108 1425 1136 1451 ὲν
1150 1421 1191 1456 οἷς
1216 1424 1314 1459 βότρυς
1334 1424 1449 1459 πικρίας
1463 1423 1513 1451 καὶ
1537 1423 1659 1458 σταφυλὴ
1679 1423 1759 1459 χολῆς
1773 1422 1820 1449 καὶ

1030 1471 1115 1506 enim;
1136 1471 1291 1507 δρακόντων
1311 1471 1490 1505 γεωργεῖται’
1507 1471 1542 1498 ἐν
1551 1469 1707 1505 ἀμπελῶσι
1718 1469 1745 1496 δὲ
1758 1469 1820 1495 εἶπε

1029 1518 1073 1545 διὰ
1098 1518 1127 1545 τὸ
1144 1517 1308 1552 πολυσχεδὲς
1328 1517 1378 1553 τῆς
1399 1517 1515 1548 κακίας’
1550 1516 1700 1552 μνησθεῖσα
1724 1515 1754 1542 δὲ
1772 1515 1821 1542 τοῦ

1030 1563 1113 1590 πάλαι
1127 1563 1284 1598 πτώματος,
1297 1563 1347 1594 τὰς
1356 1562 1478 1594 νεάνιδας
1493 1562 1603 1597 ἀφεῖσα,
1616 1562 1684 1593 ποὺς
1697 1560 1743 1588 τὸν
1757 1570 1822 1597 νυμ-

1034 1610 1093 1645 φίον
1108 1609 1185 1642 αὖθις
1197 1610 1314 1636 ποιεῖται
1330 1608 1376 1636 τὸν
1391 1609 1480 1644 λόγον.

1074 1655 1250 1690 Ὡριγένους.
1281 1670 1305 1675 -
1325 1655 1428 1689 Ἤγουν
1451 1654 1476 1681 οἱ
1501 1654 1674 1686 διδάσκοντες
1702 1653 1822 1689 μαθηταὶ

1030 1701 1077 1728 τοῦ
1093 1700 1222 1736 Χριστοῦ,
1237 1709 1264 1727 κ.
1279 1709 1306 1728 τ.
1321 1700 1347 1728 λ.
1368 1700 1435 1735 (16).

1067 1746 1230 1781 Κυρίλλου.
1246 1761 1281 1765 -
1296 1746 1372 1781 Τάχα
1392 1745 1419 1772 δὲ
1433 1746 1582 1781 κατηγορεῖ
1596 1744 1707 1779 ἑαυτῆς,
1722 1744 1763 1770 δτι
1776 1743 1821 1770 τὸν

1033 1793 1098 1820 [διον
1112 1793 1163 1819 οὐκ
1177 1792 1309 1827 ἐφύλαξεν
1323 1791 1484 1827 ἀμπελῶνα,
1499 1792 1610 1827 πορθεῖν
1621 1792 1703 1818 αὐτὸν
1722 1791 1821 1824 ἀφεῖσα

1031 1839 1120 1866 πάντα
1142 1838 1189 1865 τὸν
1205 1838 1465 1875 παραπορευόμενον
1486 1837 1536 1872 τὴν
1551 1837 1628 1864 ὀδόν·
1651 1835 1821 1871 λυμήνασθαι

1030 1893 1060 1912 τε
1077 1884 1157 1911 αὑτὸν
1174 1882 1208 1920 ἦν
1224 1886 1256 1911 ὲκ
1277 1883 1392 1920 δρυμοῦ,
1409 1883 1455 1909 καὶ
1479 1883 1569 1918 μονιδν
1592 1882 1688 1917 ἄγριον
1707 1889 1822 1908 κατανε-

1033 1929 1173 1964 μήσασθαι
1194 1929 1290 1956 αὐτόν’
1308 1928 1379 1963 τάχα
1393 1928 1420 1954 δὲ
1435 1928 1482 1953 καὶ
1505 1926 1611 1959 δοξάζει
1626 1926 1670 1952 τὸν
1689 1925 1764 1958 Θεὸν,
1779 1925 1820 1952 ὅτι

1032 1973 1069 2009 μὴ
1084 1973 1228 2008 δυνηθεῖσα
1244 1972 1361 2008 φυλάξαι
1374 1971 1419 1998 τὸν
1441 1971 1506 1998 ῐδιον
1519 1971 1681 2006 ἀμπελῶνα,
1697 1970 1736 2006 τῷ
1749 1971 1819 2006 μήτε

1030 2019 1200 2054 γεωργῆσαι,
1214 2019 1283 2054 μήτε
1301 2018 1417 2052 φυλάξαι
1430 2038 1438 2051 ,
1448 2017 1493 2044 ἐπὶ
1508 2018 1633 2044 τοσοῦτον
1655 2017 1819 2052 προέκοψεν,

1031 2066 1069 2098 ὡς
1091 2066 1205 2098 πολλοὺς
1220 2065 1384 2101 ἀμπελῶνας
1398 2065 1546 2100 δυνηθῆναι
1567 2064 1693 2099 φυλάξαι.

1073 2121 1292 2155 Ἀπολιναρίου.
1309 2135 1346 2142 -›
1362 2121 1502 2156 ’Δνάγοιτο
1517 2121 1538 2147 δ’
1553 2120 1585 2147 ἂν
1600 2121 1687 2148 ταῦτα
1703 2120 1750 2148 καὶ
1774 2119 1821 2146 ἐπὶ

1030 2167 1093 2199 τοὺς
1105 2167 1237 2202 πρότερον
1246 2167 1296 2203 μὲν
1307 2167 1355 2203 τὴν
1363 2167 1528 2202 Ἐκκλησίαν
1540 2166 1697 2199 διώξαντας,
1707 2165 1821 2201 ὕστερον

1031 2212 1060 2240 δὲ
1082 2213 1241 2245 διδάξαντας
1265 2214 1328 2245 τοὺς
1353 2213 1400 2240 ὑπ’
1418 2212 1507 2239 αὐτῶν
1529 2212 1703 2247 διωχθέντας,
1729 2213 1821 2243 όποῖος

189 2259 263 2288 runt,
278 2256 367 2290 qualis
379 2255 560 2282 eratPaulus.
591 2255 775 2290 Singulariter
803 2256 874 2283 enim
891 2256 977 2283 edidit

1038 2257 1063 2296 ἦν
1081 2260 1096 2286 ὁ
1119 2259 1238 2291 Παῦλος·
1255 2259 1353 2291 ἑνικῶς
1370 2259 1424 2294 γὰρ
1439 2258 1570 2291 ἐξέδωκεν
1584 2259 1598 2284 ὁ
1620 2258 1766 2293 Σύμμαχος
1782 2258 1821 2284 ει-

191 2302 373 2337 Symmachus
390 2301 487 2329 dicens
504 2311 510 2328 ε
532 2300 621 2329 Filius
635 2302 730 2329 matris
760 2310 824 2330 mur
849 2303 976 2337 pugnavit

190 2349 217 2374 in
233 2356 273 2375 me
288 2348 396 2382 :posuit
410 2356 450 2375 me
460 2347 594 2375 custodem
609 2348 636 2375 in
658 2349 752 2376 vineis.
769 2349 795 2376 Id
822 2354 876 2381 est,
902 2353 977 2384 post-

192 2401 272 2429 quam
288 2399 447 2428 persecutor
457 2394 572 2427 fueram,
582 2395 673 2429 posuit
689 2403 731 2422 tne
746 2395 781 2422 ad
795 2395 977 2423 custodienda

193 2439 320 2466 mandata
339 2439 396 2467 Dei.

230 2494 338 2530 Cyrilli.
350 2511 385 2516 —-
401 2495 450 2523 Vel
460 2496 530 2524 ﬁlios
545 2497 642 2524 matris
657 2504 714 2525 suae
737 2497 804 2524 dicit
831 2504 976 2532 synagogae

196 2540 309 2570 Scribas
332 2546 360 2569 ct
372 2540 527 2570 Pharismos
540 2543 587 2577 qui
612 2542 757 2571 credentes
782 2543 810 2570 in
838 2543 980 2570 Christum

193 2592 399 2625 oppugnarunt,
417 2588 487 2624 legis
501 2588 604 2616 cultum
617 2589 821 2624 praecipientes,
837 2589 897 2616 brec
904 2589 979 2616 enim

190 2634 271 2661 vinea
299 2637 354 2662 est.
378 2635 413 2661 At
438 2641 500 2669 ego,
528 2633 628 2669 inquit,
656 2633 727 2661 hanc
753 2641 807 2661 non
829 2633 979 2662 custodiri.

226 2722 236 2736 '
254 2720 328 2749 Psal.
340 2728 402 2754 cxx,
414 2721 440 2749 ϐ.

1033 2304 1091 2332 πών
1101 2313 1108 2321 ·
1130 2305 1195 2338 Υὶὸς
1208 2305 1322 2339 μητρός
1334 2313 1393 2339 μου
1414 2303 1582 2339 ἐμαχέσατο
1598 2303 1633 2329 ἐν
1647 2303 1722 2337 ἐμοὶ,
1737 2302 1822 2329 ἔθετό

1031 2360 1069 2386 με
1083 2350 1282 2386 φυλάκισσαν
1304 2351 1339 2377 ἐν
1359 2349 1525 2385 ἀμπελῶσι,
1553 2349 1676 2376 τουτέστι
1699 2349 1768 2383 μετὰ
1791 2347 1822 2375 τδ

1032 2397 1137 2430 διῶξαι,
1151 2396 1229 2423 ἔθετό
1241 2404 1275 2431 με
1290 2396 1438 2431 φυλάσσειν
1451 2395 1500 2427 τὰς
1513 2394 1624 2426 ἐντολὰς
1639 2394 1686 2421 τοῦ
1704 2393 1783 2422 Θεοῦ.

1069 2497 1232 2531 Κυριλλου.
1245 2511 1280 2516 -
1294 2495 1398 2530 Ἥγουν
1421 2494 1496 2526 υἱοὺς
1513 2494 1616 2529 μητρὸς
1635 2493 1721 2528 αὐτῆς
1747 2493 1822 2528 λέγει

1033 2542 1084 2577 τῆς
1101 2542 1275 2578 συναγωγῆς,
1293 2542 1358 2574 τοὺς
1373 2541 1551 2576 Γραμματεῖς
1575 2540 1623 2566 καὶ
1636 2539 1801 2575 Φαρισαίους
1812 2547 1819 2554 ·

1033 2588 1131 2620 οἵτινες
1164 2588 1315 2624 ἐπολέμουν
1336 2589 1393 2620 τοῖς
1416 2586 1588 2614 πιστεύουσιν
1618 2586 1659 2617 εἰς
1691 2585 1822 2620 Χριστόνν

1032 2635 1127 2670 τηρεῖν
1148 2633 1333 2670 ἐντελλόμενοι
1348 2633 1398 2669 τὴν
1422 2633 1492 2659 κατὰ
1507 2631 1553 2658 τὸν
1581 2631 1662 2667 νόμον
1675 2631 1818 2667 λατρείαν·

945 2766 1060 2795 NOTAE.

228 2814 285 2845 (Ml
298 2814 339 2850 :H
357 2814 450 2850 ’ὁτιη-
461 2814 489 2841 αι
501 2814 623 2850 Ιξραφαίζ
635 2813 839 2850 Ctpititiuatttttr
856 2813 912 2850 sub
929 2821 978 2850 nog

190 2849 263 2875 mino
293 2848 415 2884 Gregorii
444 2849 470 2877 in
501 2848 532 2877 CL
563 2849 594 2881 Β,
619 2849 644 2876 iu
660 2848 691 2876 (ἶ.
707 2848 739 2876 ν.
762 2853 852 2876 autent
867 2848 976 2883 Origeni

191 2884 377 2912 ascribuutur.

1068 2814 1124 2848 (t5)
1137 2813 1193 2841 Hoc
1206 2814 1339 2842 sclioliunt
1354 2815 1532 2849 anonymiest
1544 2814 1571 2842 in
1587 2813 1617 2841 C.
1639 2813 1670 2840 Β.

1068 2849 1123 2885 (16)
1142 2849 1247 2878 Patrol.
1269 2854 1290 2878 ι.
1311 2849 1392 2883 XVII,
1408 2850 1461 2878 col.
1475 2849 1538 2877 256.
