1966 3074
135 72 176 105 15
189 73 214 103 .7

606 74 876 106 COMMENTARII
902 75 945 106 IN
974 75 1134 107 CANTICA
1154 76 1302 107 CANTIC.

1701 69 1784 108 71558

132 126 211 161 αὕτη
226 126 280 161 γὰρ
296 125 428 161 ἀμπελὼν
439 134 445 141 ·
459 125 516 152 ἀλλ’
525 126 698 163 ἐγὼταύτην,
711 129 805 164 φησὶν,
815 128 865 155 οὐκ
877 127 939 162 ἐφύ-

1001 129 1056 161 Quae.
1069 131 1142 156 enim
1154 133 1234 157 erant
1253 130 1319 157 mihi
1341 129 1429 162 lucra,
1453 129 1512 157 luec
1532 128 1654 156 arbitror
1668 135 1782 164 propter

132 172 224 204 ἲαξα·
253 171 333 198 ἆτινα
348 172 402 206 γὶιρ
419 169 452 207 ἦν
468 181 514 207 μοι
537 173 633 208 κέρδη,
660 174 747 200 ταῦτα
767 174 874 209 ἥγημαι
893 174 937 200 διὰ

131 219 185 244 τὸν
201 217 318 252 Χριστὸν
337 216 455 252 ζημίαν*
476 218 513 249 ὥς
531 227 614 253 φησιν
631 220 645 246 ὁ
667 220 802 254 μακάριος
819 219 936 251 Παῦλος.

175 263 215 295 ς’.
239 264 433 296 Ὰπάγγειλόν
442 272 493 298 μοι
513 263 549 290 ὃν
561 264 720 299 ἠγάπησεν
736 265 754 298 ἢ
771 265 857 300 ψυχή
866 274 937 299 μου,

134 308 202 335 ποῦ
225 309 403 343 ποιμαίνεις,
431 309 490 336 ποῦ
519 309 662 343 natuita-Ie
691 310 727 336 ἐν
747 310 937 344 μεσημϐρίᾳ¹

131 354 259 388 μήποτε
268 353 395 389 γένωμαι
408 354 480 381 ὠσεὲ
496 355 738 390 περιϐαλλομένη
753 356 800 382 ἐπ’
816 355 939 390 ἀγέλαις

137 400 270 432 ἑταίρων
287 407 357 426 σου.

180 445 358 480 ιφηγορίὺυ.
376 460 412 466 -——
427 444 555 481 Τοῦνομά
580 454 646 477 σου,
674 447 769 482 φησὶν,
787 446 888 481 ἀγνοῶ,
906 447 938 472 ἐκ

137 491 170 517 δὲ
187 492 238 526 τῆς
251 492 361 527 ἀγάπης
379 492 455 518 καλῶ
468 501 474 508 ·
500 492 600 526 ἀγαπῶ
615 493 670 527 γὰρ
685 493 798 524 εἰκότως
812 492 858 518 τὸν
874 492 940 525 ἀγα-

139 537 272 571 πήσαντα
289 537 335 563 καὶ
351 538 400 572 τὴν
416 538 507 572 ψυχὴν
522 537 604 564 θέντα
624 538 694 573 ὑπὲρ
711 537 796 572 ἐμοῦ·
814 538 861 563 καὶ
878 537 939 571 βού-

139 581 227 616 λομαί
253 590 300 608 σου
337 583 387 618 τὴν
415 583 502 618 νομὴν
528 583 647 618 εὑροῦσα
679 582 872 618 ἐμφορηθῆναι
891 583 941 616 τῆς

139 628 255 654 αἰωνίου
268 629 388 664 τρυφῆς,
404 625 437 665 ἦς
451 630 464 655 ὁ
482 629 519 664 μὴ
541 629 635 664 φαγὼν
655 629 685 655 οὺ
708 629 820 655 δύναται
837 630 877 660 εἰς
890 628 940 663 τὴν

141 673 220 707 ζωὴν
233 674 365 700 εἰσελθεῖν
377 682 383 688 ·
403 674 466 700 ἔνθα
485 683 518 709 με
533 675 714 707 ἀναπαύσεις,
728 675 757 700 ὲν
774 674 862 708 ἀσκίῳ
882 683 940 709 φω-

139 719 170 745 τὶ
186 720 235 754 τῆς
251 719 446 752 ἀναστάσεως·
463 720 531 747 ἀλλά
546 729 580 756 με
603 720 709 753 δίδαξον
725 720 782 752 πῶς
798 720 856 746 ἐστι
878 719 940 747 τού-

139 773 199 790 των
225 766 328 799 τυιεῖν,
353 766 453 800 μήπως
474 766 666 801 ἀποσφαλεῖσα
694 767 755 797 ταῖς
783 766 941 801 ἀλλοτρίαις

141 809 260 843 ἐμπέσω
272 810 327 835 τῶν
343 809 399 835 σῶν
416 810 549 845 ποιμνίων
565 809 677 844 ἀγέλαις
687 817 693 824 ·
708 810 814 844 ἀγωνιᾷ
829 809 882 845 γὰρ
901 809 941 840 εἰς

140 854 174 880 τὸ
193 854 311 888 φυλάξαι
327 855 408 890 μέχρι
418 854 514 886 τέλους
529 855 599 889 ὅπερ
615 854 750 889 ἐκτήσατο
767 854 878 886 κάλλος,
894 855 942 881 καὶ

142 899 213 933 περὶ
229 899 325 925 τούτου
346 899 515 926 πυνθάνεται
528 908 535 916 ·
554 901 569 926 ὸ
589 900 617 926 δὲ
633 899 750 934 νυμφίος
776 899 878 935 μείζων
891 899 942 926 πό-

143 945 193 971 οον
209 944 336 977 ἐξάπτων
358 945 540 973 ἀναϐάλλεται
563 945 613 981 τὴν
639 947 801 982 ἀπόκρισιν·
820 946 847 973 οἱ
870 946 942 980 φίλοι

141 990 173 1016 δὲ
189 991 386 1025 ἀποκρίνονται
408 991 455 1017 τοῦ
485 992 615 1026 νυμφίου,
635 993 682 1018 καὶ
702 992 812 1026 λέγουσι
830 993 865 1018 τὰ
891 992 942 1018 ἐπ-

142 1037 279 1071 αγόμενα,
293 1037 339 1063 τὸν
361 1038 464 1072 τρόπον
487 1038 539 1072 τῆς
564 1038 618 1064 τῶν
647 1038 803 1073 προσόντων
833 1037 943 1072 ἀγαθῶν

143 1083 316 1117 ἀτφαλείας,
345 1083 390 1110 διὰ
417 1084 573 1120 συμὸουλῆς
601 1085 804 1121 ὑφηγούμενον
830 1084 888 1111 ἔστι
914 1085 944 1112 δὲ

144 1129 356 1163 κεκαλυμμένος
371 1129 386 1155 ό
400 1129 467 1164 παρ’
485 1130 600 1157 ἐκείνων
619 1130 711 1165 λόγος.

181 1186 348 1220 Κυρίλλου.
363 1201 399 1206 -
418 1186 561 1223 Ἑταίρους
584 1187 667 1214 αὐτοῦ
690 1188 756 1218 τοὺς
777 1188 944 1222 ἀποστόλους

144 1231 227 1258 καλεῖ
238 1240 244 1247 ’
260 1232 311 1267 ἔφη
324 1233 393 1268 γάρ·
409 1243 418 1258 ι
431 1234 488 1260 Οὐκ
501 1233 542 1260 ἔτι
557 1233 631 1268 λέγω
647 1234 718 1269 ὑμᾶς
735 1234 856 1268 δούλους,
873 1235 943 1262 ἀλλὰ.

145 1276 253 1310 φίλους.
276 1287 286 1303 ι
312 1278 385 1304 Φίλοι
401 1279 455 1312 γάρ
470 1280 542 1305 ἐστε.
564 1279 809 1314 Περιϐαλλομένη
826 1281 855 1307 δὲ
868 1281 944 1316 λέγει

145 1323 345 1358 καλυπτομένη
359 1331 367 1339 ⁸
393 1324 519 1359 λέγοντος
545 1325 653 1352 Παύλου
669 1333 676 1340 ·
697 1325 779 1353 (Ὅτι
801 1326 865 1362 ἄχρι
891 1327 944 1363 τῆς

147 1369 271 1403 σήμερον
300 1370 427 1406 ἡμέρας,
457 1371 539 1406 ἡνίκα
565 1371 787 1405 ἀναγινώσκεται
819 1374 943 1409 Μωσῆς,

147 1415 284 1450 κάλυμμα
307 1417 353 1443 ἐπὶ
379 1417 432 1451 τὴν
458 1417 575 1451 καρδίαν
598 1417 689 1444 αὐτῶν
710 1419 812 1445 κεῖται.
835 1428 844 1445 ι
867 1419 945 1455 Φωνὴ

147 1458 196 1488 οὖν
216 1462 233 1496 ἡ
250 1462 420 1496 μετανοοῦσα
434 1462 581 1498 συναγωγὴ
594 1463 662 1499 πρὸς
676 1464 809 1500 Χριστὸν,
820 1464 947 1500 Δήλωσόν
961 1475 982 1504 η

149 1516 196 1542 μοι
210 1508 319 1540 σαυτὸν,
345 1508 420 1540 ὅπως
442 1508 480 1544 μὴ
500 1509 554 1535 τῶν
578 1509 696 1544 ἑταίρων
721 1518 768 1537 σου
791 1511 946 1546 ποιμαίνων

147 1553 198 1584 τὰς
213 1553 388 1587 Ἐκκλησίας,
401 1554 457 1588 ἐγὼ
478 1554 526 1581 ἐπὶ
547 1554 597 1590 τὴν
622 1555 737 1591 καρδίαν
755 1556 840 1591 μείνω
852 1555 883 1583 τὺ
896 1557 947 1584 κά-

149 1599 247 1634 λυμμα
263 1600 374 1635 ἔχουσα.

185 1646 219 1678 ζ’.
238 1646 311 1673 Ἐὰν
319 1646 364 1681 μὴ
379 1646 458 1681 γνῷς
472 1646 608 1681 σεαυτὴν
621 1647 640 1681 ἡ
656 1647 736 1682 καλὴ
745 1648 780 1675 ἐν
794 1648 945 1683 γυναιξὶν,

148 1692 255 1725 ἔξελθε
271 1692 312 1719 σὺ
332 1693 368 1720 ἐν
395 1693 537 1728 πτέρναις
558 1693 619 1720 τῶν
641 1694 789 1728 ποιμνίων
812 1701 882 1727 σου,
897 1693 949 1723 και

149 1739 291 1773 ποίμαινε
310 1739 364 1772 τὰς
386 1739 510 1775 ἐρίφους
535 1747 595 1767 σου
616 1740 667 1767 ἐπὶ
685 1740 864 1776 σκηνώμασι
887 1741 948 1769 τῶν

149 1785 313 1819 ποιμένων.

187 1831 367 1865 Ιψηγορίόυ.
387 1845 424 1852 —
445 1830 531 1858 Τοῦτο
557 1831 754 1867 φυλακτήριον,
775 1832 805 1859 τὸ
832 1831 949 1868 σεαυτὴν

149 1879 319 1912 ἐπιγνῶναισ
336 1879 350 1904 ὁ
374 1877 403 1904 δὲ
422 1879 479 1909 τοῖς
491 1877 545 1904 τῶν
564 1877 787 1912 προοδευσάντων
804 1877 948 1913 πεπλανη-

152 1925 245 1959 μένοις
259 1923 362 1958 ἴχνεσιν
382 1923 581 1959 ἀκολουθήσας,
601 1923 714 1958 λήσεται
730 1924 771 1955 εις
796 1923 890 1959 ἔριφον
903 1925 949 1951 ἀν-

148 1972 176 1996 τὶ
205 1969 342 2004 προϐάτου
369 1969 542 2004 μεταϐαλών.
575 1969 628 1995 Τοῦ
657 1969 780 2004 νυμφίου
808 1969 900 1996 τοίνυν
924 1969 949 1996 οί

150 2016 224 2051 φίλοι
242 2015 339 2051 φασίνο
359 2016 402 2047 Ὠς
421 2017 454 2042 ὲκ
467 2016 597 2051 μελαίνης
615 2014 689 2050 ψυχὴ
710 2014 848 2050 γενομένη
865 2015 948 2052 καλὴ,

151 2063 178 2089 El
196 2071 238 2088 σοι
254 2061 348 2097 μέλλει
364 2061 410 2089 τοῦ
432 2062 550 2096 φυλάξαι
575 2061 605 2087 τὸ
619 2060 728 2094 κάλλος,
749 2060 786 2096 μὴ
802 2061 948 2089 ἀκολούθει

152 2108 387 2143 πεπλανημένοις,
415 2109 521 2143 μήποτε
544 2107 698 2143 προστεθῇς
713 2109 746 2142 τῇ
768 2107 824 2134 τῶν
842 2107 947 2143 ἐρίφων

151 2154 251 2189 ἀγέλῃ,
267 2155 302 2189 τῇ
323 2153 445 2189 λαϐούσῃ
462 2153 513 2188 τὴν
535 2153 629 2179 στάσιν
657 2153 707 2187 τὴν
722 2152 752 2186 ἐξ
772 2153 945 2188 ἀριστερῶν⁵
964 2145 986 2173 D

151 2199 210 2226 ἐστι
233 2199 262 2225 δὲ
285 2199 440 2234 σαφεστέρα
463 2199 556 2234 γραφὴ
577 2199 625 2225 καὶ
638 2198 760 2233 τηροῦσα
782 2198 833 2234 τὴν
851 2199 948 2226 σύντα-

152 2244 272 2276 ξιν-Ἐὰν
287 2245 326 2280 μὴ
338 2244 410 2279 γνῷς
423 2243 550 2278 σεαυτὴν,
569 2245 586 2279 ἡ
597 2243 667 2279 καλὴ
682 2244 711 2270 ἐν
725 2244 860 2278 γυναιξὶν,
874 2244 949 2278 ἐξελ-

153 2290 183 2317 θε
208 2291 241 2316 ἐκ
272 2290 328 2316 τῶν
355 2289 479 2325 περνῶν
506 2290 553 2316 τοῦ
583 2289 721 2325 ποιμνίου,
739 2290 788 2316 καὶ
803 2291 948 2325 ποιμανεῖς

153 2337 264 2371 ἐρίφους
275 2345 284 2352 ο
301 2336 362 2363 ἀντὶ
378 2336 568 2372 σκηνωμάτων
583 2335 717 2371 ποιμνίων
729 2344 736 2351 θ
762 2336 806 2363 ἵνα
822 2335 853 2362 τδ
867 2336 950 2368 ἔξελ-

153 2384 185 2408 υε
204 2383 267 2408 ἀντὶ
285 2381 333 2408 τοῦ
349 2382 510 2416 ἑξελεύσῃ.

189 2428 335 2460 Φίλωνος.
355 2443 390 2448 —
409 2428 524 2463 Ἕτερος
538 2428 585 2454 τὸν
595 2427 676 2462 λόγον
693 2427 731 2460 ὼς
746 2427 800 2454 ἀπὸ
814 2427 862 2454 τοῦ
876 2436 947 2463 νυμ-

156 2473 216 2508 φίου
235 2474 304 2509 φησὶ
321 2474 389 2508 πρὸς
404 2474 453 2509 τὴν
471 2475 500 2500 ὲν
514 2473 616 2505 πάσαις
630 2475 691 2504 ταῖς
706 2475 880 2508 συναγωγαῖς
897 2475 948 2509 μό-

154 2529 202 2554 νην
218 2518 301 2546 οὖσαν
321 2520 407 2555 καλὴν
418 2540 426 2552 ,
444 2520 485 2546 ὅτι
500 2519 590 2546 Γνῶθι
604 2519 656 2545 ποῦ
671 2517 704 2554 ἦς
719 2520 767 2546 καὶ
783 2519 834 2546 που
850 2519 898 2546 νῦν
911 2517 947 2553 εἴ,

154 2567 203 2593 καὶ
219 2566 296 2601 παρὰ
313 2568 387 2598 τίνος
413 2566 485 2602 ἔχεις
500 2565 531 2592 τὺ
549 2566 648 2597 κάλλος
660 2573 667 2581 ·
686 2566 710 2592 εἰ
729 2566 758 2592 δὲ
778 2564 879 2600 σαυτὴν
900 2565 949 2592 ἀν-

154 2611 232 2644 αξίαν
245 2612 295 2646 τῆς
312 2612 382 2646 ἐμῆς
394 2611 473 2647 δόξης
490 2612 588 2643 ποιεῖς,
608 2610 736 2645 ποίμαινε
747 2610 801 2637 τῶν
817 2611 949 2646 ἁμαρτω-

154 2657 207 2684 λῶν
220 2658 272 2689 τὰς
287 2657 378 2692 ψυχὰς
401 2657 431 2684 ἐν
452 2658 508 2689 τοῖς
523 2656 686 2692 σκηνώμασι
701 2657 756 2684 τῶν
772 2656 820 2683 τοῦ
840 2655 951 2693 Ἰσραὴλ

156 2703 303 2738 βασιλέων.

189 2791 211 2807 ¹⁶
221 2790 356 2822 Joan.1v.
374 2792 416 2819 l5.
456 2790 504 2818 “ll
523 2790 587 2819 Cor.
601 2799 643 2824 ιιι,
660 2790 700 2818 l5.

988 173 1127 202 Christum
1144 175 1318 208 detrimenta,
1331 180 1361 202 ut
1376 175 1475 203 beatus
1491 174 1594 203 Paulus
1611 175 1661 203 ait.

1025 265 1109 294 Vsus.
1126 266 1153 294 6.
1171 267 1307 294 Annunlia
1324 267 1390 294 mihi
1400 275 1478 302 quem
1494 267 1590 295 dilexit
1607 268 1699 295 anima
1709 276 1778 300 mea,

988 312 1033 339 ubi
1058 313 1158 347 pascis,
1186 312 1230 339 ubi
1251 314 1332 340 cubas
1358 314 1386 340 in
1400 314 1533 341 meridie:
1556 322 1587 340 ne
1596 313 1665 347 forte
1682 314 1782 349 e/ﬁciar

989 357 1058 384 sicut
1067 357 1194 392 adoperta
1214 366 1294 393 super
1318 366 1407 394 greges
1426 359 1560 386 sodalium
1573 363 1693 386 tuorum.

1026 449 1155 485 Gregorii.
1174 464 1208 469 —
1225 447 1342 482 Nomen,
1358 449 1458 484 inquit,
1488 452 1566 476 tuum
1593 449 1701 484 ignoro,
1729 449 1780 477 sed

990 503 1023 522 ex
1057 495 1203 523 dilectione
1230 495 1359 530 appello:
1384 495 1469 531 diligo
1495 495 1632 527 enim,ut
1650 503 1699 531 par
1728 499 1782 528 est,

991 544 1150 579 diligentem
1171 547 1199 571 et
1214 543 1335 570 animam
1347 551 1424 570 suam
1442 550 1492 578 pro
1519 550 1563 570 me
1578 547 1737 578 ponentem,
1755 546 1784 570 et

991 598 1053 617 cum
1076 596 1178 625 pascua
1203 592 1248 616 tua
1281 589 1444 621 invenerim,
1466 589 1565 624 repleri
1593 588 1657 616 volo
1673 589 1780 616 cmlesti

991 636 1053 663 cibo
1073 644 1152 670 quem
1162 637 1208 671 qui
1226 643 1281 663 non
1295 636 1426 667 comedit.
1445 636 1472 662 in
1488 635 1574 662 vitam
1601 635 1708 662 intrare
1737 641 1785 662 ne-

992 682 1067 716 quit;
1084 681 1121 708 ibi
1143 689 1186 709 me
1204 681 1379 716 requiescere
1396 680 1482 709 facies
1512 681 1539 707 in
1564 681 1627 708 luce
1656 687 1784 708 resurre-

992 728 1103 760 ctionis,
1119 736 1180 763 qua:
1196 728 1291 755 uman
1310 731 1397 755 caret.
1411 728 1446 754 At
1460 727 1530 755 doce
1545 735 1589 755 me
1611 734 1665 762 qua
1679 726 1786 753 ratione

994 773 1036 802 fas
1047 773 1083 801 sit
1097 773 1156 800 haec
1171 773 1304 808 adipisci,
1322 780 1356 800 ne
1373 772 1444 800 forte
1469 772 1603 800 aberrans
1629 773 1658 799 in
1680 772 1785 799 alienos

994 820 1028 847 ab
1047 819 1145 846 ovibus
1157 819 1214 846 tuis
1231 826 1330 854 greges
1344 818 1565 852 iucidam.Quam
1580 818 1653 846 enim
1663 817 1785 846 obtinuit

994 865 1227 901 pulchritudinem
1244 865 1278 892 ad
1312 864 1392 892 linem
1415 873 1502 900 usque
1527 865 1669 892 custodire
1689 864 1787 892 nititur

993 917 1020 939 et
1036 911 1070 940 de
1080 912 1130 938 hac
1143 911 1304 947 interrogat.
1324 911 1450 946 Sponsus
1468 914 1560 938 autem
1576 909 1665 945 majus
1686 916 1785 937 accen-

993 959 1060 986 dens
1084 958 1266 990 desiderium,
1282 957 1379 986 dilfert
1408 964 1572 992 responsum
1592 965 1600 983 :
1615 955 1700 983 amici
1718 962 1786 983 vero

994 1009 1021 1032 et
1039 1005 1183 1040 sequentia
1197 1004 1302 1036 dicunt,
1315 1003 1456 1039 quomodo
1472 1002 1527 1030 sint
1558 1002 1585 1029 in
1599 1005 1659 1028 tuto
1676 1002 1783 1033 l‘utnra,

993 1059 1055 1086 quas
1068 1051 1092 1078 ei
1112 1051 1212 1078 adsunt
1229 1051 1311 1082 bona,
1333 1050 1503 1085 respondent
1518 1047 1691 1076 consulendo
1702 1053 1787 1083 expo-

996 1101 1102 1126 nentes.
1115 1096 1164 1124 Est
1174 1100 1267 1125 autem
1286 1099 1360 1124 tecta
1371 1102 1481 1131 quoque
1498 1102 1594 1123 earum
1610 1094 1714 1122 oratio.

1031 1197 1140 1233 Cyrilli.
1152 1213 1188 1219 —
1205 1197 1293 1225 Aliter
1307 1197 1391 1226 etiam
1404 1195 1517 1225 sodales
1530 1199 1612 1224 vocat
1623 1193 1765 1231 apostolos
1778 1202 1786 1222 :

997 1243 1036 1271 ait
1053 1244 1126 1271 enim
1142 1253 1149 1272 :
1167 1253 1177 1270 ι
1195 1243 1255 1271 lam
1276 1251 1331 1272 non
1349 1243 1440 1271 dicam
1456 1250 1505 1270 vos
1525 1249 1630 1275 servos,
1648 1241 1695 1269 sed
1718 1241 1785 1268 ami-

996 1296 1044 1317 cos
1063 1289 1095 1316 ¹⁰.
1115 1299 1125 1316 ο
1148 1289 1236 1316 Amici
1252 1289 1326 1317 enim
1340 1288 1466 1317 estis.Ad
1475 1293 1567 1323 operta
1583 1295 1649 1315 vero
1679 1287 1737 1320 ait;
1759 1287 1787 1315 id

996 1334 1169 1366 estobtecta,
1186 1334 1295 1361 dicente
1306 1333 1412 1361 Paulo:
1430 1342 1440 1359 ι
1459 1333 1597 1366 Quoniam
1635 1339 1726 1367 usque
1755 1331 1784 1359 in

998 1381 1161 1409 hodiernum
1178 1380 1250 1408 diem
1267 1387 1330 1407 cum
1344 1371 1446 1415 legitur
1458 1378 1577 1415 Moyses,
1598 1377 1724 1405 velamen
1736 1384 1786 1413 po-

999 1427 1082 1455 situm
1095 1431 1136 1454 est
1153 1433 1236 1461 super
1252 1433 1301 1453 eor
1312 1433 1408 1452 eorum
1426 1425 1460 1452 “.
1483 1434 1494 1451 ι
1512 1424 1552 1452 Ad
1579 1424 1721 1452 Christum
1739 1423 1790 1459 igi-

999 1478 1045 1501 tur
1061 1473 1198 1508 pmnitens
1220 1472 1365 1507 Syuagoga
1383 1472 1422 1499 ait
1438 1479 1446 1500 :
1461 1470 1580 1499 Ostende
1605 1470 1672 1498 mihi
1698 1474 1791 1498 temet.

997 1518 1098 1553 ipsum,
1112 1526 1147 1545 ne
1163 1517 1260 1545 amicis
1280 1517 1337 1545 tuis
1366 1516 1508 1544 Ecclesias
1521 1516 1710 1551 pascentibus,
1739 1522 1791 1551 ego

999 1571 1124 1592 mancam
1136 1571 1219 1599 super
1230 1571 1279 1591 cor
1292 1563 1417 1591 velamen
1443 1562 1559 1590 habens.

1033 1653 1116 1682 Vens.
1134 1653 1163 1681 7.
1182 1652 1245 1680 Nisi
1257 1652 1407 1688 cognoveris
1424 1656 1458 1684 le,
1475 1659 1490 1679 ο
1517 1650 1630 1686 pulchra
1651 1651 1721 1677 inter
1734 1658 1791 1676 mu-

999 1699 1076 1728 liere:
1087 1720 1094 1731 ,
1106 1699 1228 1735 egredere
1237 1704 1266 1726 tu
1278 1699 1306 1726 in
1318 1698 1436 1734 vestigiis
1446 1705 1565 1734 gregum,
1576 1701 1601 1724 et
1613 1703 1692 1731 pasce
1701 1695 1791 1723 Itwdot

1000 1751 1057 1774 tuos
1073 1746 1100 1773 in
1118 1745 1298 1773 tabernaculis
1313 1749 1463 1780 pastorum.

1036 1833 1167 1869 Gregorii.
1185 1832 1293 1860 ——Haec
1307 1833 1356 1860 tibi
1384 1832 1512 1860 custodia
1541 1832 1587 1865 sit,
1617 1831 1790 1867 temetipsam

999 1887 1093 1908 nosse.
1106 1879 1157 1912 Qui
1176 1886 1241 1906 vero
1274 1878 1402 1906 erratieis
1423 1878 1638 1913 prmcedentium
1666 1876 1792 1912 vestigiis

1000 1925 1113 1957 insistit,
1138 1923 1246 1951 desinet
1272 1922 1299 1950 in
1327 1923 1433 1949 haedum
1457 1929 1507 1957 pro
1531 1929 1582 1949 ove
1624 1928 1789 1948 conversus.

1000 1970 1100 2005 Sponsi
1112 1976 1176 2003 ergo
1189 1968 1271 1995 amici
1288 1967 1384 1996 dicunt
1400 1977 1407 1994 :
1427 1967 1449 1994 0
1474 1966 1576 1998 anima,
1593 1973 1654 2001 qum
1665 1973 1698 1993 ex
1713 1965 1791 2000 nigra

1001 2017 1073 2044 facta
1087 2024 1118 2043 es
1130 2015 1255 2050 pulchra,
1276 2013 1299 2041 si
1312 2019 1354 2041 est
1369 2012 1417 2040 tibi
1435 2019 1501 2040 cura
1526 2012 1656 2040 servandi
1675 2011 1791 2047 pulchri-

1001 2064 1133 2095 tudinem,
1143 2062 1198 2089 noli
1214 2065 1339 2088 errantes
1354 2059 1442 2095 sequi,
1459 2066 1493 2086 ne
1510 2058 1622 2093 quando
1647 2057 1790 2084 haedorum

1002 2118 1016 2137 a
1028 2108 1150 2137 sinistris
1165 2106 1327 2135 colloeaudo
1345 2105 1419 2141 gregi
1448 2104 1621 2140 adjungaris.
1635 2103 1685 2130 Est
1697 2106 1790 2130 autem

1000 2156 1100 2184 clarior
1111 2158 1138 2182 et
1151 2154 1258 2190 syntaxi
1281 2151 1476 2188 eongruentior
1509 2151 1647 2185 scriptura
1665 2158 1671 2176 :
1692 2149 1790 2176 Sinon

1001 2208 1151 2238 cognoscas
1165 2200 1302 2235 teipsam:
1319 2206 1335 2226 ο
1351 2198 1465 2234 pulchra
1482 2198 1553 2225 inter
1564 2197 1703 2230 mulieres,
1714 2203 1794 2231 egre-

1002 2250 1067 2278 dere
1084 2255 1099 2275 e
1116 2246 1238 2282 vestigiis
1249 2252 1372 2281 gregum,
1383 2247 1410 2271 et
1424 2251 1520 2278 pasces
1532 2242 1625 2270 haedos
1637 2250 1686 2278 pro
1700 2242 1794 2269 taber-

1003 2295 1110 2324 naculis
1129 2296 1271 2329 pastorum
1291 2294 1345 2318 :ut
1365 2290 1402 2318 sit
1422 2289 1545 2325 egredere
1562 2296 1611 2324 pro
1634 2288 1791 2325 egredieris.

1038 2427 1171 2457 Philonis.
1188 2425 1310 2453 —Alius
1325 2431 1391 2453 vero
1412 2422 1451 2450 ait
1467 2422 1550 2458 quasi
1577 2421 1673 2456 sponsi
1686 2428 1793 2449 sermo-

1004 2483 1065 2503 nem
1078 2481 1140 2501 eSse
1151 2472 1185 2499 ad
1200 2479 1261 2500 eam
1288 2478 1349 2506 quas
1361 2477 1395 2498 ex
1407 2468 1538 2496 omnibus
1554 2466 1702 2503 synagogis
1731 2466 1792 2494 sola

1003 2521 1117 2556 pulchra
1143 2521 1186 2546 est
1215 2525 1223 2544 :
1250 2516 1362 2544 noveris
1389 2514 1436 2542 ubi
1461 2513 1560 2544 fueris,
1585 2517 1612 2539 et
1638 2511 1684 2538 ubi
1710 2511 1792 2539 modo

1003 2567 1054 2599 sis,
1080 2569 1107 2593 et
1135 2572 1218 2600 aquo
1238 2563 1341 2590 habeas
1370 2560 1618 2597 pulchritudinem.
1637 2557 1665 2585 Si
1699 2562 1791 2585 autem

1004 2611 1177 2646 temetipsam
1194 2617 1253 2638 mea
1266 2608 1353 2645 gloria
1365 2607 1506 2642 indignam
1519 2604 1622 2637 reddis,
1635 2610 1718 2638 pasce
1728 2609 1794 2639 pee-

1004 2663 1129 2687 catorum
1142 2657 1248 2685 animas
1267 2655 1295 2683 in
1311 2652 1499 2683 tabernaculis
1515 2658 1609 2687 regum
1627 2649 1722 2677 Israel.
