1966 3074
165 79 177 111 1
184 79 236 111 559

833 79 1009 113 PROCOPII
1027 81 1147 112 GAZASI

1731 81 1818 113 1560

196 137 301 173 Cyrilli.
325 153 361 158 —-
379 138 427 166 Vel
443 139 494 167 nisi
520 139 711 174 paenitentiam
728 139 828 175 egeris,
850 139 949 174 inquit,

1041 139 1203 173 Κυρίλλου.
1222 154 1257 160 ——
1273 139 1388 172 Ἦγουν,
1409 139 1433 165 εἰ
1449 137 1487 174 μὴ
1506 138 1687 173 μετανοήσῃς,
1704 140 1814 174 φησὶν,

161 184 300 219 posterior
314 184 441 220 gentibus
470 186 625 220 reperieris,
650 191 743 221 utpote
771 194 825 214 non
850 186 953 214 habens

162 230 270 259 fructus
292 231 419 266 iustitiae,
436 232 508 267 quod
524 233 632 260 steriles
651 239 760 267 pascas,
787 233 867 267 idque
891 236 953 268 post

163 283 259 311 greges
287 283 357 311 quos
375 277 441 305 mihi
455 278 666 306 constituerant.

198 321 359 356 Apotinarii.
377 321 504 349 —Juxta
519 324 678 358 Symmachi
709 331 773 351 vero
801 323 951 352 editionem

163 368 321 395 istiusmodi
356 375 468 396 sensum
486 369 568 396 habet
586 377 592 395 :
617 368 648 396 Si
666 369 778 396 necdum
795 370 881 405 gregis
901 371 953 397 mei

163 413 268 448 signum
288 415 444 449 cognovisti,
458 419 483 442 et
496 414 639 442 secundum
650 424 721 443 meas
738 416 804 451 leges
828 416 953 450 populum

165 464 239 486 tuum
257 459 400 495 gubernas,
414 461 549 496 egrediens
561 469 666 496 sequere
689 469 797 497 greges;
817 463 858 490 sic
880 462 952 489 enim

165 513 317 540 cognoscvs
346 513 413 533 oves
437 514 513 534 meas
541 514 597 534 non
625 506 732 534 Judaici
754 508 845 543 gregis
877 515 954 535 more

166 550 309 583 incedere;
327 558 389 577 nam
406 550 448 578 sic
461 555 539 586 pasta
555 559 681 587 novaque
693 556 739 579 tua
755 559 866 587 pecora,
893 559 954 587 quae

165 596 257 623 haedos
270 597 378 623 vocavit
390 603 517 631 pascens,
531 604 682 632 cognosces
698 598 744 625 ubi
763 602 857 632 pascat
871 597 953 625 Chri-

165 646 237 675 stus,
250 646 276 670 et
286 642 333 677 qui
347 642 382 670 ab
397 643 457 678 ipso
475 646 635 678 pascantur,
652 643 806 678 spiritalem
828 644 955 678 pulcher-

165 688 322 723 rimumquc
338 687 470 716 habentes
486 688 687 721 characterem,
706 689 859 717 secundum
871 697 953 724 quem

165 733 280 768 pulchra
292 734 363 761 inter
377 734 504 762 mulieres
522 735 609 762 electa
624 738 666 762 est
678 734 811 763 Ecclesia.

200 866 335 902 Origenis.
352 882 386 889 η
401 867 488 895 Porro
499 868 677 896 celeberrima
699 868 745 896 illa
761 868 830 904 apud
848 859 959 896 (ἐι-τέρος

166 913 311 946 sententia,
328 912 414 943 Nosce
431 915 551 948 teipsum,
562 915 618 948 jam
632 919 695 943 ante
711 923 727 943 a
740 915 862 951 sapiente
881 914 960 942 Salo-

166 966 248 986 mone
256 964 391 994 praceplo
400 959 499 987 tradita
513 964 567 993 est,
587 965 639 988 etc.

202 1003 287 1032 Vsus.
301 1004 328 1032 8.
355 1005 438 1040 Equic
455 1014 520 1033 mete
536 1007 563 1033 in
575 1006 698 1034 curribus
719 1006 871 1034 Pharaonis
884 1007 955 1034 assi-

166 1050 257 1078 νήιαυί
269 1056 303 1084 te,
314 1052 437 1085 proxima
452 1060 520 1080 mea.

203 1095 335 1132 Gregorii.
350 1096 461 1132 —-Equa
477 1097 525 1126 Dei
548 1098 676 1133 opposita
692 1097 822 1126 curribus
837 1098 959 1126 Pharao-

167 1140 223 1172 nis,
241 1145 282 1169 est
298 1142 422 1178 angelica
431 1142 555 1177 quaedam
571 1147 598 1170 et
615 1142 764 1170 invisibilis
778 1143 866 1170 virtus
878 1142 960 1177 (Egy-

167 1188 254 1223 ptium
275 1188 446 1224 demergcns,
468 1189 512 1217 cui
537 1189 707 1217 assimilatur
735 1189 827 1216 anima
851 1189 960 1217 lavacro

167 1234 287 1269 expiata,
308 1242 369 1270 qua:
388 1242 497 1262 omnem
518 1242 630 1263 sensum
654 1234 824 1270 Egyptium,
837 1242 960 1262 omnem-

168 1288 222 1314 que
234 1280 415 1315 alienigenam
431 1280 564 1308 malitiam
580 1280 608 1307 iu
622 1280 752 1308 curribus
764 1279 828 1307 olim
844 1279 960 1307 Pharao—

169 1325 212 1353 nis
227 1333 386 1360 expressam
402 1325 482 1360 aquis
507 1325 671 1361 submergit.
691 1324 760 1352 lluic
787 1331 864 1359 equa:
894 1331 961 1352 mea:

169 1372 251 1399 modo
268 1372 416 1399 assimilavi
432 1376 467 1399 te.

205 1460 312 1496 Cyrilti.
327 1476 361 1482 —
372 1461 419 1489 Vel
430 1470 491 1498 quae
506 1464 652 1498 suscepisti
668 1464 748 1491 [idem
762 1471 862 1498 meam,
874 1473 891 1492 ο
907 1465 959 1493 Ec-

170 1508 267 1541 clesia.
282 1509 416 1544 apostolis
432 1510 583 1537 assimilata
597 1517 637 1543 es,
654 1509 688 1538 de
702 1511 804 1546 quibus
819 1515 862 1539 est
877 1511 960 1538 illud:

174 1563 183 1579 α
195 1554 320 1582 Ascende
327 1563 409 1590 super
417 1563 503 1591 equos
510 1560 584 1589 tuos,
592 1561 619 1584 et
628 1557 762 1592 equitatio
775 1562 820 1585 tua
830 1558 904 1586 salus
911 1558 942 1585 ".
951 1568 960 1584 ι

173 1600 224 1634 Qui
242 1605 269 1628 ct
284 1601 429 1637 praeparati
444 1607 510 1629 sunt
525 1602 673 1630 adversum
693 1610 794 1632 currus
809 1604 964 1638 Spiritualis

172 1645 338 1675 Pharaonis.

210 1693 292 1721 Vens.
311 1694 337 1722 9.
350 1693 437 1727 Quam
446 1696 572 1729 speciosa:
587 1696 666 1730 factte
676 1701 737 1723 sunt
753 1705 827 1731 gena:
845 1701 896 1724 tua:
906 1701 963 1724 tan.

173 1746 254 1774 quam
264 1741 387 1768 turturis.

210 1785 343 1820 Gregorii.
366 1801 400 1807 —
422 1786 491 1814 Cum
511 1795 581 1822 cqua
604 1787 641 1815 sit
663 1787 777 1822 lasciva,
795 1789 966 1817 continentia

174 1836 294 1864 turturis
307 1843 366 1863 eam
384 1834 527 1862 exornavit
542 1843 549 1862 :
569 1842 668 1869 equam
682 1835 876 1871 enim,inquit,
894 1836 968 1864 dice-

174 1882 236 1908 bam
249 1901 256 1913 ,
272 1888 327 1908 non
343 1880 423 1915 quasi
437 1887 516 1907 camo
532 1879 665 1915 frenoque
678 1887 749 1916 opus
763 1882 811 1914 sit,
826 1889 890 1909 nam
899 1890 968 1918 pura

174 1927 228 1954 vita
252 1927 300 1954 tibi
317 1927 453 1961 congruit.

210 1972 362 2008 Cyrilli.—-
377 1971 426 2000 Vel
447 1973 640 2000 verecundiam
660 1981 728 2009 erga
746 1982 881 2009 sponsum
902 1982 969 2010 pro-

175 2019 261 2054 ponit.
279 2018 381 2046 Rubrar
396 2026 514 2054 namque
531 2022 595 2047 sunt
610 2019 728 2046 turturis
740 2027 827 2053 genae,
845 2019 909 2046 huic
922 2028 971 2047 au-

175 2069 231 2092 tem
256 2065 420 2092 conuexioni
437 2064 607 2092 contrarium
623 2064 727 2092 dictum
742 2070 784 2092 est
794 2073 842 2100 per
855 2066 971 2100 prophe-

175 2114 230 2137 tam
247 2119 253 2136 :
270 2119 279 2135 ι
299 2109 395 2137 Facies
407 2110 455 2137 tibi
469 2109 539 2136 facta
550 2115 592 2137 est
603 2110 766 2141 meretricis,
784 2110 842 2137 siue
871 2111 971 2140 rubore

176 2155 250 2181 facta
264 2162 295 2181 es
310 2155 343 2181 ad
357 2162 451 2181 omnes
467 2154 498 2180 ¹³.
519 2163 528 2179 ι

214 2200 437 2236 0rigenis.-—Sed
448 2204 474 2227 ct
483 2199 604 2227 membra
616 2199 743 2228 Ecclesia:
751 2200 853 2229 Christi
861 2210 970 2237 sponsae

177 2246 282 2274 Paulus
299 2247 347 2279 ait,
358 2251 413 2273 etc.

214 2291 318 2319 Collum
338 2297 410 2318 tuum
425 2292 493 2318 sicut
509 2296 613 2326 torques
628 2290 719 2327 [Vulg.
738 2292 872 2329 monilia].

216 2338 348 2373 Gregorii.
358 2353 380 2357 —
409 2337 515 2364 Laudat
528 2338 628 2365 collum
641 2339 667 2365 in
685 2339 798 2373 ﬁgurant
813 2340 908 2366 cireuli
920 2349 969 2376 μγ-

178 2389 269 2412 ratum
289 2383 363 2419 quod
387 2384 487 2418 ubique
513 2384 541 2411 in
571 2384 697 2418 superbis
723 2393 857 2420 equorum
888 2388 970 2421 pullis

180 2431 240 2459 fieri
261 2431 396 2458 videmus.
429 2429 581 2465 'l‘orquium
614 2432 687 2458 enim
724 2432 830 2459 mentio
862 2433 970 2460 iudicat

180 2478 326 2509 circulum,
340 2478 421 2513 cujus
439 2478 525 2513 ﬁgura
552 2477 580 2505 in
609 2478 718 2505 cervice
743 2482 854 2506 ostensa
879 2479 970 2506 reddit

180 2530 282 2558 equum
304 2523 395 2558 seipso
419 2523 614 2556 decentiorem;
630 2523 714 2559 ὅρμος
744 2528 835 2551 autem
861 2525 970 2559 proprie

181 2570 293 2606 quidem
308 2570 410 2597 dicitur
426 2570 454 2597 in
468 2570 535 2597 locis
549 2569 694 2597 maritimis
710 2570 737 2596 in
767 2571 868 2605 quibus
893 2571 970 2597 littus

184 2616 352 2644 intrinsecus
369 2616 394 2642 in
414 2616 484 2643 lunae
499 2615 617 2642 formam
633 2619 759 2641 cavatum
772 2635 778 2647 ,
792 2616 853 2642 sinu
869 2616 970 2650 excipit

219 2685 352 2712 “llabac.
371 2692 410 2716 111,
423 2683 449 2711 8.
490 2681 617 2709 “Jercm.
635 2681 707 2713 111,2.

1004 184 1092 211 ὀπίσω
1106 183 1160 210 τῶν
1186 183 1272 211 ἐθνῶν
1287 183 1424 219 εὑρεθήσῃ
1438 192 1444 198 ·
1468 183 1516 210 ἅτε
1545 182 1584 218 μὴ
1606 183 1704 218 ἔχουσα
1729 193 1815 219 καρι-

1005 230 1074 262 ποὺς
1099 229 1291 264 δικαιοσύνης,
1319 229 1444 264 ἄκαρπος
1473 229 1602 263 μένουσα,
1633 228 1682 255 καὶ
1711 229 1815 255 ὀπίσω

1008 276 1139 311 ποιμνίων
1153 272 1190 303 ὧν
1205 275 1323 311 ἐμαυτὸν
1340 275 1561 309 συνεστησάμην.

1046 324 1267 356 Ἀπολιναρίου.
1280 337 1315 343 -
1328 321 1407 348 Κατὰ
1425 321 1454 347 δὲ
1469 321 1517 353 τὴν
1535 320 1642 346 ἔκδοσιν
1659 319 1707 346 τοῦ
1724 320 1813 355 Συμ-

1006 369 1104 404 μὰχου,
1121 368 1249 403 τοιαύτην
1277 367 1334 402 ἔχει
1358 366 1408 401 τὴν
1428 365 1553 392 ἔννοιαν·
1576 365 1612 391 El
1635 363 1725 398 μήπω
1747 363 1814 391 τὸν

1005 413 1180 450 χαρακτῆρα
1203 413 1259 448 τῆς
1278 412 1353 447 ἐμῆς
1377 411 1552 445 ἑπέγινωκας
1577 410 1717 444 ποίμνης,
1749 410 1810 436 και

1004 460 1079 487 κατὰ
1089 460 1202 494 νόμους
1216 459 1306 494 ἐμοὺς
1321 457 1375 484 τὸν
1392 456 1525 491 σεαυτῆς
1539 456 1696 490 ποιμανεῖς
1708 455 1808 488 λαὸν,

1004 506 1174 539 ἐξελθοῦσα
1187 505 1250 538 τοῖς
1264 504 1413 539 ποιμνίοις
1430 503 1589 530 ἀκολούθει
1603 510 1610 517 ·
1629 500 1729 533 γνώσει
1743 502 1810 537 γὰρ

1004 553 1102 583 οὕτως,
1122 551 1217 586 act-9+,
1232 550 1303 577 κατὰ
1318 550 1368 585 τὴν
1387 548 1504 584 ποίμνην
1519 548 1569 583 τὴν
1585 547 1735 583 Ἰουδαῖκὴν
1757 547 1810 582 βα-

1004 599 1072 630 δίζει.
1097 597 1220 633 πρόϐατα
1246 597 1280 623 τὰ
1305 597 1380 631 ἐμά·
1401 594 1473 622 οὕτω
1500 594 1555 629 γὰρ
1585 593 1805 628 ποιμαινομὲνη,

1005 645 1054 671 καὶ
1069 644 1103 670 τὰ
1127 643 1227 678 ἑαυτῆς
1246 642 1331 677 νεαρὰ
1349 641 1534 676 ποιμαίνουσα
1551 639 1708 675 θρέμματα,
1725 639 1805 674 ᾇπερ

1005 689 1082 718 εἶπεν
1094 690 1216 726 ἐρίφους.
1235 688 1326 724 γνώσῃ
1346 687 1398 714 ποῦ
1418 686 1495 721 νέμει
1512 685 1640 722 Χριστὸς,
1662 685 1709 711 καὶ
1725 684 1805 716 τινες

1005 739 1029 764 οἱ
1046 737 1092 764 ὑπ’
1107 736 1186 769 αύτὸν
1198 735 1354 770 νεμόμενοι,
1367 733 1412 759 τὸν
1427 732 1612 768 πνευματικὸν
1624 730 1732 766 ἔχοντες
1745 731 1802 758 καὶ

1007 783 1149 810 κάλλιστον
1164 780 1339 816 χαρακτῆρα,
1361 779 1423 806 καθ’
1452 778 1481 804 ὃν
1497 777 1567 813 καλὴ
1591 779 1620 805 ἐν
1642 777 1769 812 γυναιξὶν
1784 778 1804 813 ὴ

971 813 994 843 Β
1011 828 1149 863 ἐξαίρετος
1165 813 1328 861 Ἐκκλησία.

1053 873 1231 909 Ὠριγένους.
1247 887 1283 893 -——
1294 873 1315 898 Τ
1317 873 1331 899 ὸ
1345 871 1429 898 πολυο
1435 870 1565 907 ρύλλητον
1580 869 1607 896 δὲ
1624 869 1689 904 παρ’
1700 869 1788 904 Ἕλλη
1796 884 1805 888 -

1011 930 1054 948 σιν
1069 920 1229 955 ἐπίφθεγμα
1246 918 1428 954 προείληπται
1444 914 1596 951 παραδοθὲν
1610 913 1649 948 τῷ
1662 914 1736 949 σοφῷ
1752 914 1806 940 Σο-

1010 966 1139 1002 λομῶντι,
1154 965 1195 998 τὸ,
1215 964 1310 992 Γνῶθι
1324 963 1449 995 σαυτὸν,
1463 970 1490 989 κ.
1505 969 1532 988 τ.
1546 960 1572 989 λ.
1589 959 1655 995 (i7).

1045 1011 1081 1047 η’.
1101 1011 1142 1045 Τῇ
1166 1012 1247 1043 ἵππῳ
1260 1019 1320 1045 μου
1343 1009 1379 1036 ἐν·
1399 1008 1511 1043 ἅρμασι
1532 1005 1637 1040 Φαραὼ
1661 1003 1804 1041 ὡμοίωσά

1010 1066 1057 1091 σε,
1074 1059 1093 1093 ἡ
1110 1057 1244 1091 πλησίον
1254 1064 1326 1091 μου.

1046 1104 1223 1139 Γρηγορίου.
1240 1117 1273 1122 -—
1293 1102 1409 1132 Ἵππους
1422 1099 1491 1126 Θεοῦ
1512 1097 1727 1133 ἅντιτασσομένη
1743 1097 1804 1128 τοῖς

1011 1151 1116 1186 ἅρμασι
1137 1148 1248 1184 Φαραὼ,
1266 1147 1382 1182 δύναμίς
1404 1154 1447 1177 τις
1460 1144 1596 1179 ἀγγελικὴ
1613 1144 1660 1170 καὶ
1683 1142 1802 1178 ἁόρατρς

1011 1195 1248 1227 καταποντίςουσα
1271 1193 1318 1219 τὸν
1335 1191 1502 1226 Αἰγύπτιον*
1563 1188 1761 1224 παρεικάζεται
1783 1187 1801 1222 ἡ

1010 1243 1054 1278 τῷν
1062 1241 1168 1277 λουτρῷ
1182 1239 1376 1275 κεκαθαρμένη
1391 1237 1477 1272 ψυχὴ,
1488 1237 1542 1263 πᾶν
1549 1235 1698 1270 Αἰγύπτιον
1710 1233 1804 1268 νόημα

1011 1289 1059 1316 καὶ
1088 1289 1179 1314 πᾶσαν
1215 1287 1264 1322 τὴν
1310 1284 1459 1319 ἀλλόφυλον
1492 1283 1592 1310 κακίαν
1629 1282 1686 1313 τοῖς
1723 1280 1803 1306 ὕδασι

1011 1332 1221 1365 κατακλύζουσα
1243 1340 1250 1347 ·
1284 1330 1333 1367 τὴν
1364 1329 1411 1357 οὖν
1449 1337 1525 1362 ποτε,
1547 1328 1625 1363 φησὶ,
1650 1326 1804 1362 γενομένην

1012 1381 1041 1407 ὲν
1065 1379 1170 1415 ἅρμασι.
1187 1377 1305 1414 Φαραὼ,
1328 1378 1363 1412 τῇ
1387 1376 1463 1411 ἵππῳ
1484 1382 1536 1411 μου
1560 1374 1607 1401 νῦν
1636 1371 1804 1407 παρωμοίω-

1013 1435 1047 1453 σα
1064 1434 1105 1453 σε.

1048 1470 1209 1504 Κυριλλου.
1225 1468 1378 1501 -οἬγουν
1400 1464 1535 1500 δεξαμένη
1548 1463 1598 1498 τὴν
1613 1462 1694 1498 ἐμὴν,
1709 1459 1732 1488 ὧ
1746 1461 1806 1504 Ἑκ-

1013 1516 1124 1551 κλησῖα,
1140 1515 1232 1541 πίστιν
1255 1514 1311 1544 τοῖς
1339 1512 1500 1542 ἀποστόλοις
1515 1509 1660 1543 εἰκάσθης”
1678 1507 1747 1542 ςπερὶ
1766 1503 1805 1534 ὧν

1012 1562 1054 1596 τὺ,
1074 1571 1083 1587 ι
1094 1560 1230 1596 Ἐπιὸήσῃ
1245 1559 1293 1586 ἐπὶ
1308 1558 1373 1589 τοὺς
1392 1557 1493 1588 ἵππους
1509 1564 1568 1587 σου,
1584 1555 1631 1581 καὶ
1651 1555 1668 1589 ἡ
1684 1553 1805 1580 ὶππασία

1015 1617 1062 1636 σου
1087 1606 1222 1642 σωτηρία·
1242 1615 1251 1632 ι
1277 1605 1302 1632 οἳ
1320 1605 1366 1631 καὶ
1388 1605 1460 1631 κατὰ
1482 1602 1537 1630 τῶν
1563 1601 1695 1638 ἁρμάτων
1710 1601 1805 1636 εὑτρε-

1015 1655 1153 1690 πίσθησαν
1173 1653 1219 1679 τοῦ
1234 1651 1331 1686 νοητοῦ
1343 1649 1453 1684 Φαραώ.

1051 1701 1083 1728 θ’.
1116 1700 1145 1727 Tl
1165 1698 1360 1734 ὠραιώθησαν
1385 1696 1528 1732 σιαγόνες
1553 1702 1612 1722 σου
1638 1693 1678 1727 ὡς
1699 1691 1805 1727 τρυγό-

1015 1756 1070 1780 νος
1079 1755 1089 1779 ;

1052 1792 1228 1827 Γρηγοριου.
1244 1791 1283 1811 ”-
1306 1789 1436 1824 Ἐπείπερ
1463 1788 1546 1819 ἵππος
1572 1786 1734 1817 ἀκόλαστος,
1756 1784 1804 1819 τῆς

1017 1839 1148 1875 τρυγόνος
1165 1838 1251 1872 αὐτὴν
1266 1836 1406 1871 ἐκόσμησε
1423 1834 1601 1869 σωφροσύνην
1616 1841 1624 1849 ι
1643 1832 1727 1859 ἵππον
1752 1830 1806 1872 γὰρ

1018 1884 1106 1918 εἷπον,
1123 1885 1216 1920 φησὶν,
1232 1884 1282 1918 οὐχ
1307 1883 1345 1914 ὡς
1363 1881 1453 1917 κημοῦ
1467 1880 1599 1915 δεομένην
1617 1879 1665 1905 καὶ
1680 1876 1804 1913 χαλινοῦ·

1019 1933 1157 1969 ἐμπρέπει
1171 1932 1226 1966 γὰρ
1240 1931 1257 1965 ἡ
1268 1928 1377 1964 καθαρά
1392 1935 1433 1954 σοι
1445 1926 1511 1961 ζωή.

1054 1978 1216 2012 Κυρίλλου.
1232 1990 1260 1996 -
1280 1975 1384 2008 Ἥγουν
1397 1972 1446 2007 τὴν
1458 1971 1524 1998 αἰδὼ
1536 1970 1586 2005 τὴν
1601 1970 1669 2004 πρὸς
1683 1969 1729 1995 τὸν
1742 1976 1806 2003 νυμ-

1021 2024 1082 2059 φίον
1100 2022 1249 2058 παρίστησι
1264 2020 1307 2046 διὰ
1319 2019 1369 2054 τῆς
1387 2017 1517 2053 τρυγόνος
1528 2024 1534 2031 ·
1553 2016 1668 2051 ἐρυθραὶ
1689 2014 1744 2049 γὰρ
1760 2014 1806 2049 τῆς

1021 2068 1151 2105 τρυγόνος
1166 2069 1193 2094 αἱ
1213 2066 1337 2100 σιαγόνες
1350 2073 1357 2080 ο
1386 2066 1414 2100 τῇ
1431 2064 1459 2091 δὲ
1477 2063 1623 2097 συναγωγῇ
1639 2059 1803 2087 τούναντίον·

1026 2123 1036 2140 ι
1055 2113 1135 2148 Ὂψις
1151 2112 1255 2148 πόρνης
1281 2110 1390 2145 ἐγένετό
1408 2119 1449 2137 σοι
1474 2108 1717 2144 ἀπανῃσχύντησας
1741 2105 1805 2140 πρὸς

982 2152 1004 2180 D
1020 2159 1133 2190 πάντας.
1149 2168 1158 2183 ι

1062 2203 1240 2239 Ὠριγένους.
1254 2218 1290 2223 -—-
1311 2201 1391 2229 Ἀλλὰ
1409 2201 1457 2228 καὶ
1479 2200 1547 2236 μέλη
1558 2198 1678 2235 Χριστοῦ
1693 2197 1806 2232 Ἐκκλη-

1023 2252 1083 2278 σίαν
1098 2250 1208 2285 νύμφης
1222 2250 1236 2276 ό
1255 2247 1361 2279 nam;
1378 2256 1472 2283 φησιν,
1489 2255 1515 2272 κ.
1531 2255 1557 2273 τ.
1573 2245 1599 2272 λ.
1618 2245 1685 2281 (18).

1060 2295 1216 2330 Τράχηλός
1235 2302 1293 2320 σου
1309 2293 1349 2324 ὡς
1364 2292 1511 2326 ὁρμίσκοι.

1059 2341 1238 2376 Γρηγορίου.
1263 2354 1299 2359 --
1326 2339 1449 2365 Ἐπαινεῖ
1477 2337 1522 2363 τὶν
1548 2335 1683 2371 τράχηλον
1714 2335 1759 2361 τὸν
1781 2335 1807 2361 ὲν

1023 2388 1143 2424 σχήματι
1163 2386 1266 2414 κύκλου
1283 2385 1472 2420 γυρούμενον;
1500 2383 1514 2409 ὂ
1538 2382 1569 2417 δὴ
1593 2382 1657 2417 περὶ
1671 2382 1733 2413 τοὺς
1746 2380 1806 2415 γαύ-

1022 2442 1086 2470 ρους
1109 2433 1164 2460 τῶν
1190 2432 1288 2458 πώλων
1309 2431 1419 2466 ὁρῶμεν
1448 2429 1609 2464 γινόμενον·
1634 2428 1651 2462 ἡ
1677 2426 1806 2470 γὰρητῶν

1021 2469 1162 2514 όρμίσκων
1193 2478 1288 2513 μνήμη
1315 2476 1361 2502 τὸν
1391 2475 1491 2502 κύκλον
1519 2473 1698 2504 ἐνδείκνυται,
1729 2469 1758 2498 οὗ
1781 2473 1806 2498 τὸ

1024 2527 1116 2561 σχῆμα
1131 2525 1177 2552 ἐπὶ
1191 2525 1239 2551 τοῦ
1254 2524 1368 2559 αὐχένος
1384 2521 1569 2556 δεικνύμενον,
1594 2519 1804 2554 εὐπρεπέστερον

1023 2572 1105 2598 αὑτοῦ
1125 2571 1171 2597 τὸν
1191 2570 1281 2597 πῶλον
1310 2570 1400 2596 ποιεῖ·
1425 2569 1510 2603 ὅρμος
1532 2566 1560 2593 δὲ
1575 2566 1696 2600 λέγεται,
1714 2563 1806 2598 κυρίως

1025 2618 1074 2652 μὲν
1092 2617 1138 2643 ἐπὶ
1152 2616 1205 2643 τῶν
1225 2615 1367 2651 παραλίων
1383 2613 1485 2644 τόπων,
1500 2613 1529 2639 ὲν
1542 2609 1582 2643 οἷς
1599 2611 1616 2646 ἡ
1632 2609 1698 2645 ὖχθη
1722 2607 1766 2635 καὶ
1779 2606 1804 2632 τὸ

940 2727 1056 2755 NOT/E.

219 2779 275 2814 (l'l)
295 2778 434 2806 Scholium
450 2778 516 2806 illud
532 2777 603 2814 quod
630 2775 712 2814 in_C.
781 2774 968 2814 sttbnnomine

186 2809 348 2850 Ap‘oll’iuarii
366 2809 556 2847 continuatur,
573 2813 646 2848 leges
659 2812 763 2839 Palrol.
779 2816 798 2838 t.
814 2809 896 2838 XVII.
912 2810 964 2837 col.

1021 2773 1083 2802 256.
1095 2773 1158 2800 257.

1060 2809 1116 2845 (ιιι)
1134 2807 1237 2836 Ριιιι-υι.
1254 2812 1272 2835 ι.
1291 2806 1513 2840 .\\'11,col.:257.
