1966 3074
211 92 278 126 1563

880 98 1058 128 l‘ROCOl‘lI
1074 99 1195 129 ΟΛΖΕΙ

1778 97 1846 130 ιεςι

209 150 417 178 siinililudines.
433 150 509 179 Talis
519 151 591 179 enim
606 151 703 179 horum
716 159 876 180 sermonum
893 154 999 188 argenti

1055 155 1090 185 ὡς
1129 154 1324 188 ἑναυγάσματα
1360 153 1555 189 σπινθηροειδῆ
1599 153 1688 181 δοκεῖν
1714 151 1784 181 εἶναι
1812 155 1847 182 τὰ

208 197 263 230 vis,
277 197 494 224 utseintillarum
508 197 601 233 specie
612 198 895 226 irradiarivideantur
906 201 1000 230 verba,

208 251 270 279 «prie
288 243 401 271 insitmn
417 243 451 271 iis
466 243 633 271 intellectum
650 249 745 272 exacte
755 250 893 280 nequeam
909 246 1002 279 expri-

209 298 298 318 mere.
313 289 354 317 Tu
375 294 466 318 autem
479 290 521 318 his
537 290 658 326 acceptis
678 299 726 326 per
745 290 823 319 ﬁdem
840 291 889 319 ﬁes
907 291 1001 326 subju.

208 335 268 370 gale
283 340 310 362 et
327 335 513 363 habitaculum
530 336 591 371 ejus
603 338 649 371 qui
664 336 691 363 in
713 341 739 363 te
753 337 938 364 reclinaturns
953 341 995 364 est

210 388 258 415 per
269 381 307 408 tuI
320 381 546 409 inhabitalionem
561 382 714 416 :ejnsenim
730 387 756 408 et
765 381 843 409 sedes
853 383 908 410 eris
920 387 946 410 et
958 383 1003 410 do-

209 434 271 454 mus
292 426 340 454 ﬁes
357 436 364 460 ;
385 435 448 454 cum
471 428 551 455 amici
572 428 666 462 sponsi
682 429 739 455 haec
759 436 833 462 purae
856 428 998 456 dedissent

208 473 308 508 virgini
328 474 436 505 anitum,
449 474 475 500 hi
494 478 584 501 autem
600 484 609 499 ‹
623 479 687 502 sunt
702 475 930 502 administratorii
947 476 1003 510 spi-

208 520 279 547 ritus
304 520 331 547 in
348 520 532 547 ministerium
555 520 633 548 missi
650 524 761 556 propter
790 529 839 549 eos
855 521 901 556 qui
918 521 1004 549 haere-

209 565 320 594 ditatem
348 566 458 602 capient
479 567 576 595 salutis
594 568 627 595 ιδ.
646 577 657 594 ι

245 659 504 689 1'ltilonis.—Etiam
517 661 711 689 similitudines
726 661 784 688 auri
795 665 859 689 sunt
871 665 1006 698 martyres

207 710 443 740 tanquamaurum
460 708 486 734 in
507 708 568 742 igne
584 707 700 742 probati,
712 707 837 742 stigmata
853 707 956 735 Christi
977 709 1004 734 in

208 759 323 787 corpore
346 761 395 780 suo
418 758 560 787 portantes
584 753 652 780 :sed
679 758 706 780 ct
732 753 759 780 in
775 757 899 788 tempore
917 754 1005 788 pacis,

208 806 262 826 non
280 800 368 826 solum
387 798 413 825 in
426 799 666 834 persecutionibus
684 804 827 833 angustam
843 803 1004 835 arctamqne

1055 201 1176 236 ῥήματα,
1212 201 1249 235 μὴ
1278 200 1415 236 δυνάμενα
1447 201 1480 226 δι’
1506 201 1650 236 ἀκριϐείας
1674 201 1795 236 ἐμφῆναι
1818 201 1850 228 τὺ

1054 245 1213 280 ἐγκείμενον
1240 245 1329 281 νόημα
1342 254 1349 260 θ
1370 246 1403 272 σὺ
1429 245 1456 272 δέ
1480 247 1569 272 ταῦτα
1584 246 1731 281 δεξαμένη,
1748 247 1851 279 ὑποζύ-

1053 291 1112 326 γιόν
1129 300 1159 318 τε
1175 291 1222 318 καὶ
1237 293 1395 327 οἰκητήριον
1425 293 1528 328 γενήσῃ
1551 292 1594 318 διὰ
1616 292 1744 324 πίστεως,
1760 292 1807 319 τοῦ
1821 294 1850 319 ἐν

1055 338 1097 364 σοὶ
1113 337 1303 365 ἀνακλίνεσθαι
1317 338 1461 373 μέλλοντος
1475 338 1520 365 διὰ
1534 339 1584 374 τῆς
1606 340 1635 365 ἐν
1651 340 1693 365 σοὶ
1722 340 1851 374 κατοική-

1056 392 1124 415 σεως
1136 392 1143 400 ·
1158 384 1205 410 τοῦ
1222 384 1277 418 γάρ
1291 384 1373 410 αὑτοῦ
1395 384 1442 410 καὶ
1469 384 1563 420 θρόνος
1574 385 1624 421 ἔσῃ
1650 386 1696 412 καὶ
1712 383 1785 416 οἶκος
1803 393 1851 420 γε·

1055 431 1124 466 νήσῃ
1135 438 1142 445 ·
1156 430 1244 456 ταῦτα
1258 430 1312 456 τῶν
1331 430 1415 465 φίλων
1430 429 1476 457 τοῦ
1490 430 1609 466 νυμφίου
1629 432 1662 466 τῇ
1680 432 1788 467 καθαρᾷ
1803 431 1851 458 καὶ

1055 477 1182 512 παρθένῳ
1198 478 1391 512 χαρισαμένων
1415 478 1488 514 ψυχῇ
1503 498 1511 510 ,
1530 476 1593 505 εἶεν
1609 478 1634 504 δ’
1655 478 1693 505 ἂν
1708 477 1790 506 οὗτοι
1814 479 1851 506 τὰ

1055 524 1245 557 λειτουργικὰ
1271 523 1428 557 πνεύματα
1450 525 1495 556 εις
1519 523 1677 550 διακονίαν
1700 525 1851 552 ἀποστελ-

1055 569 1170 603 λόμενα
1186 569 1236 596 διὰ
1259 570 1329 602 τοὺς
1341 568 1513 604 μέλλοντας
1535 570 1734 604 κληρονομεῖν
1753 578 1851 604 σωτη-

1051 614 1134 649 ρίαν.

1092 662 1237 695 Φίλωνος.
1258 677 1288 681 —
1302 662 1358 688 Καὶ
1372 660 1533 697 ὁμοιώματα
1547 662 1602 697 (21)
1616 662 1729 698 χρυσίου
1742 663 1766 689 οἱ
1779 662 1851 699 μάρ-

1056 716 1148 743 τυρες,
1168 707 1204 739 ὡς
1219 708 1319 742 χρυσὸς
1334 709 1363 734 ἐν
1378 708 1445 743 πυρὶ
1471 708 1686 743 δοκιμασθέντες
1697 718 1704 724 ·
1720 709 1848 744 φέροντες

1057 754 1104 787 ἐπὶ
1119 753 1166 779 τοῦ
1185 753 1312 788 σώματος
1329 754 1361 780 τὰ
1385 754 1525 788 στίγματα
1549 753 1596 780 τοῦ
1622 754 1741 789 Χριστοῦ
1760 755 1806 781 καὶ
1821 755 1850 780 ἐν

1058 798 1148 834 καιρῷ
1169 799 1197 825 δέ
1222 799 1334 834 εἰρήνης
1356 799 1387 825 οὐ
1415 799 1495 834 μόνον
1518 799 1547 826 ἐν
1574 800 1705 834 διωγμοῖς
1721 809 1727 816 ν
1751 800 1796 827 διὰ
1821 801 1851 828 τὸ

207 845 279 872 viam
298 845 490 878 incedendum,
507 844 595 873 donec
609 852 655 872 rex
671 845 697 872 in
717 845 925 880 regeneratione
949 846 998 873 ad-

1055 846 1162 872 ἐλέσθαι
1179 845 1231 881 τὴν
1255 845 1352 881 στενὴν
1367 846 1414 872 καὶ
1437 845 1622 882 τεθλιμμένην
1643 846 1695 878 ἕως
1721 844 1752 874 οὗ
1765 847 1780 873 6
1799 846 1850 882 βα-

208 897 299 918 veniat
306 911 313 917 .

242 936 348 972 Cyrilli.
361 953 396 957 -
409 937 457 966 Vel
469 944 610 974 argentum
631 939 752 975 quidem,
771 941 837 968 utin
852 940 999 975 Scriptura

207 984 288 1015 solet.
304 985 396 1012 divina
406 985 532 1013 doctrina
554 987 600 1018 sit,
620 995 723 1013 aurum
742 995 808 1014 vero
820 987 914 1014 dirina
935 987 1002 1014 cha-

207 1032 331 1058 rismata.
341 1031 439 1059 Omnia
449 1040 510 1068 qua:
518 1033 620 1060 Christi
630 1034 778 1060 adventuum
790 1039 987 1069 praecesserunt
994 1055 1001 1067 ,

208 1077 402 1105 similitudines
430 1084 510 1106 erant
539 1083 566 1106 et
595 1080 700 1106 uInIzrze
731 1079 884 1106 futurorum
912 1082 1003 1114 (prout

207 1122 356 1157 Apostolus
367 1124 416 1156 ait)
430 1124 574 1151 bonorum.
587 1124 622 1150 At
638 1125 683 1151 ubi
699 1124 828 1152 Christus
840 1125 1002 1158 resurrexit,

207 1168 327 1203 perfecta
337 1169 496 1198 hominibus
507 1178 623 1197 munera
633 1171 751 1206 largitus
762 1176 814 1198 est.
829 1172 899 1199 Ante
909 1179 1003 1198 resur-

207 1215 340 1242 ectionem
373 1223 438 1243 vero
459 1216 657 1244 similitudines
674 1217 843 1245 habebamus
859 1225 874 1245 a
898 1217 1002 1245 sodali-

206 1260 258 1289 bus
269 1261 340 1294 ejus,
354 1265 410 1288 tum
424 1262 493 1296 lege,
507 1266 563 1289 tum
581 1263 732 1298 prophetis.

244 1305 357 1332 Nardns
373 1315 430 1333 mea
445 1306 517 1333 dedit
528 1306 636 1334 odorem
653 1316 743 1334 suum.

244 1351 385 1386 Procopii.
402 1367 437 1372 —-
452 1352 570 1379 Suavem
587 1354 698 1379 odorem
717 1353 784 1380 dicit
802 1361 817 1381 e
840 1353 926 1381 variis
948 1353 1003 1381 vir-

207 1397 324 1430 tutibus,
345 1403 474 1433 tanquam
489 1398 604 1426 ﬁoribus
620 1407 730 1433 sponsa:
745 1400 931 1434 compositum
947 1409 954 1433 ;
970 1400 994 1427 si

208 1444 319 1478 quidem
334 1444 361 1471 in
379 1445 527 1480 semetipsa
552 1445 647 1472 olfacit
664 1453 776 1473 suarem
793 1446 907 1474 odorem
920 1445 1002 1474 Chri-

207 1491 243 1518 sti
261 1500 268 1524 ;
288 1491 332 1518 vel
347 1491 431 1518 etiam
446 1492 603 1526 passionem
620 1492 681 1526 ejus
696 1492 777 1522 dixit,
795 1492 822 1519 in
840 1500 894 1526 qua
910 1493 1001 1520 alaba-

205 1541 295 1564 strum
312 1536 569 1571 unguentieﬁ'usum
578 1537 654 1564 dedit
669 1537 770 1572 ubique
780 1538 892 1565 odorem
906 1546 998 1566 suum.

242 1582 376 1617 Origenis.
391 1598 427 1603 -—
438 1582 506 1610 Nam
528 1584 635 1619 sponsi,
652 1584 751 1619 inquit,
766 1584 878 1612 odorem
893 1590 946 1612 etc.

235 1672 412 1708 Gregorii.—
428 1673 665 1707 Quemadmodum
695 1673 769 1701 enim
793 1681 855 1706 vos,
895 1673 998 1709 inquit,

205 1719 433 1746 administratorii
453 1720 581 1755 spiritus,
597 1727 651 1746 non
668 1719 758 1754 ipsum
777 1720 915 1747 sincerum
931 1719 1000 1746 divi-

205 1766 300 1794 nitatis
326 1774 435 1798 aurum,
450 1767 498 1793 sed
528 1774 578 1800 per
607 1774 654 1794 eas
673 1766 775 1793 mentis
802 1767 1000 1801 conceptiones

205 1820 276 1847 quas
293 1820 393 1845 capere
412 1819 562 1847 possumus
574 1812 655 1839 nobis
671 1812 781 1839 donatis
794 1812 852 1839 auri
870 1813 1002 1840 similitu-

205 1859 296 1890 dines,
311 1866 365 1885 non
380 1858 502 1885 dilucida
515 1859 641 1885 oratione
652 1866 713 1893 quin
727 1863 794 1885 sunt
807 1858 868 1893 ejus
878 1860 1002 1893 aperient-

205 1908 258 1934 tes.
280 1904 328 1932 sed
348 1911 395 1938 per
410 1904 527 1938 exiguas
544 1903 691 1931 rationalis
705 1905 811 1940 argenti
831 1909 911 1932 notas
930 1913 1002 1940 pra:-

205 1949 303 1976 brntes
323 1948 460 1983 quasdam
479 1953 647 1983 apparentes
673 1949 733 1983 ejus
767 1949 842 1985 quod
866 1951 1002 1985 qumritut‘

204 1995 311 2030 species
326 2014 335 2027 ,
351 1996 391 2022 sic
406 2000 433 2022 et
444 2003 494 2031 ego
515 2003 563 2030 per
578 1995 751 2022 intellectum
767 1997 849 2031 huius
867 1997 1001 2031 unguenti

203 2041 276 2068 illius
285 2041 372 2076 ipsius
381 2042 481 2068 bonum
492 2041 604 2068 odorem
613 2049 696 2069 sensu
705 2042 1001 2076 percepi.,lstiusmodi

203 2092 294 2114 autem
309 2087 374 2114 mihi
399 2087 508 2114 videtur
524 2087 626 2114 habere
647 2095 760 2114 sensum
775 2097 781 2115 :
798 2087 838 2120 Qu
861 2088 1003 2115 emadmo-

202 2133 311 2160 dumex
330 2133 447 2159 diversis
460 2133 630 2159 aromatibus
643 2133 795 2160 secundum
813 2132 896 2158 aliam
918 2136 1003 2166 atque

1053 892 1146 923 σιλεὺς
1159 893 1187 917 ἐν
1199 892 1232 926 τῇ
1246 891 1447 927 παλιγγενεσία
1461 892 1662 928 παραγένηται.

1087 939 1255 972 Κυρίλλου.
1268 953 1302 958 —
1318 939 1422 972 ⁸Ὴγουν
1439 938 1574 974 ἀργύριον
1594 939 1642 974 μὲν
1660 939 1689 966 ἐν
1704 940 1737 974 τῇ
1752 939 1850 975 Γραφῇ

1054 985 1186 1020 συνήθως,
1205 985 1221 1020 ἡ
1235 985 1295 1011 θεία
1305 984 1470 1011 διδασκαλία
1481 993 1488 1000 ·
1507 985 1621 1021 χρυσίον
1634 985 1663 1012 δὲ
1679 985 1713 1014 τὰ
1729 985 1790 1012 θεῖα
1800 994 1850 1020 χα-

1054 1030 1195 1065 ρίσμαται
1223 1031 1314 1058 πάντα
1340 1031 1370 1057 δέ
1397 1031 1450 1066 πρὸ
1466 1031 1516 1066 τῆς
1544 1031 1694 1067 ἐπιδημίας
1716 1031 1849 1067 Χριστοῦ,

1052 1076 1214 1111 ὁμοιώματα
1242 1074 1276 1112 ἦν
1296 1077 1344 1103 καὶ
1373 1077 1438 1104 σκιά
1463 1077 1517 1104 τῶν
1539 1078 1703 1112 μελλόντων,
1718 1078 1790 1105 κατὰ
1803 1078 1851 1105 τὸν

1053 1121 1227 1154 Ἀπόστολον,
1245 1121 1357 1156 ἀγαθῶν
1368 1130 1375 1137 ’
1389 1122 1511 1154 ἀναστὰς
1529 1122 1557 1149 δὲ
1572 1122 1690 1157 Χριστὸς
1711 1123 1747 1150 τὰ
1759 1122 1850 1149 τέλεια

1052 1168 1108 1198 τοῖς
1118 1167 1272 1203 ἀνθρώποις
1287 1167 1455 1203 δεδώρηται’
1487 1168 1541 1204 πρὸ
1566 1169 1594 1194 δέ
1606 1168 1657 1204 τῆς
1673 1168 1850 1200 ἀναστάσεως

1052 1212 1217 1247 ὁμοιώματα.
1233 1212 1357 1248 εἴχομεν,
1373 1213 1450 1249 παρά
1461 1214 1518 1241 τῶν
1546 1213 1667 1241 ἐπαίνων
1691 1213 1787 1247 αὑτοῦ,
1801 1213 1850 1242 τοῦ

1052 1267 1082 1284 τε
1100 1259 1182 1293 νόμου
1200 1260 1247 1286 καὶ
1266 1259 1321 1285 τῶν
1337 1259 1498 1295 προφητῶν.

1087 1304 1204 1339 [νάρδος
1229 1305 1343 1332 ἔδωκεν
1363 1305 1466 1340 ὀσμὴν
1479 1306 1586 1333 αὐτοῦ.

1088 1352 1269 1385 Προκοπίου.
1285 1366 1320 1373 —-
1335 1353 1458 1380 Εὒωδίαν
1474 1353 1557 1388 φησὶν
1580 1353 1612 1380 ἐκ
1637 1353 1768 1380 ποικίλων
1783 1352 1850 1388 ἀρε-

1052 1398 1107 1424 τῶν
1121 1398 1249 1432 καθάπερ
1264 1397 1294 1429 ἐξ
1307 1397 1413 1424 ἀνθέων
1426 1397 1616 1432 συναγομένην
1639 1399 1673 1432 τῇ
1691 1396 1784 1433 νύμφῃ
1797 1405 1804 1412 ·
1820 1398 1850 1423 ἐν

1053 1445 1135 1480 ἐαυτῇ
1149 1444 1393 1479 γὰρὸσφραίνεται
1408 1445 1458 1480 τῆς
1470 1445 1586 1476 εὐωδίας
1601 1441 1721 1479 Χριστοῦ
1732 1451 1740 1459 ο
1755 1443 1803 1471 καὶ
1822 1443 1848 1470 εί

1053 1491 1083 1518 τὸ
1095 1491 1182 1523 πάθος
1195 1489 1274 1518 εἶπεν
1287 1484 1383 1523 αὐτοῦ,
1399 1492 1442 1526 ἐφ’
1462 1487 1484 1525 ᾧ
1500 1491 1547 1518 καὶ
1561 1491 1591 1517 τὸ
1604 1490 1776 1526 ἀλάϐαστρον
1800 1489 1848 1517 τοῦ

1053 1538 1141 1573 μύρου
1158 1538 1237 1573 χυθὲν
1253 1537 1366 1564 διέδωκε
1386 1537 1526 1572 πανταχοῦ
1537 1536 1588 1572 τὴν
1604 1536 1705 1572 ὀσμήν.

1091 1583 1270 1619 ‘Dptrérovq.
1290 1598 1326 1604 —
1343 1582 1398 1618 Τὴν
1415 1583 1469 1618 γὰρ
1485 1582 1534 1609 τοῦ
1560 1582 1679 1618 νυμφίου
1707 1581 1790 1617 φησὶν
1800 1580 1849 1608 ὀσ-

1052 1630 1116 1666 μὴν,
1129 1638 1157 1658 κ.
1172 1638 1198 1656 τ.
1212 1629 1237 1657 λ.
1254 1629 1323 1665 (22).

1086 1675 1356 1710 Γρηγ-ορίουι-Ὦς
1365 1674 1421 1709 γὰρ
1432 1674 1524 1710 ὑμεῖς,
1538 1675 1616 1710 φησὶ,
1628 1674 1662 1702 τὰ
1669 1673 1848 1710 λειτουργικὰ

1051 1720 1206 1755 πνεύματα,
1225 1720 1275 1747 οὒκ
1290 1720 1356 1746 αὐτὸ
1371 1720 1402 1746 τὸ
1419 1720 1558 1756 ἀκήρατον
1571 1720 1622 1755 τῆς
1634 1720 1762 1755 θεότητος
1779 1728 1846 1755 χρυ-

1052 1766 1118 1798 σίον,
1134 1766 1190 1793 ἀλλ’
1204 1766 1365 1801 ὁμοιώματα
1382 1766 1427 1793 διὰ
1440 1766 1496 1793 τῶν
1516 1766 1680 1802 χωρητικῶν
1703 1767 1770 1801 ἡμῖν
1783 1774 1847 1800 νοη-

1053 1813 1148 1848 μάτων
1162 1813 1209 1840 τοῦ
1221 1814 1334 1848 χρυσίου
1349 1813 1497 1848 χαρίζεσθε
1509 1822 1515 1828 -
1530 1813 1560 1839 οὐ
1572 1813 1706 1847 τηλαυγεῖ
1719 1812 1757 1846 τῷ
1772 1811 1846 1846 λόγῳ

1052 1859 1086 1887 τὰ
1100 1860 1161 1887 κατ’
1179 1859 1262 1886 αὐτὸν
1278 1859 1497 1890 ἐπικαλύπτοντες
1509 1878 1516 1890 ,
1535 1858 1603 1884 ἀλλὰ
1614 1858 1658 1884 διὰ
1671 1857 1721 1891 τῆς
1742 1857 1847 1892 βραχέ-

1052 1915 1132 1941 τητος
1151 1905 1206 1932 τῶν
1229 1905 1276 1931 τοῦ
1293 1904 1407 1938 λογικοῦ
1423 1904 1556 1939 ἀργυρίου
1573 1902 1730 1938 στιγμάτων
1757 1903 1846 1938 ἐμφάο

1054 1961 1110 1984 σεις
1123 1952 1199 1983 τινὰς
1214 1951 1420 1986 παρασχόμενοι
1437 1949 1483 1976 τοῦ
1496 1949 1672 1985 ζητουμένου,
1686 1948 1758 1976 οὕτω
1768 1949 1847 1984 κάγὼ

1052 1998 1097 2024 διὰ
1110 1998 1158 2031 τῆς
1173 1997 1318 2028 ἐπιπνοίας
1335 1997 1383 2022 τοῦ
1399 1996 1467 2031 ἐμοῦ
1489 1995 1587 2030 μύρου,
1606 1995 1655 2028 τὴν
1672 1996 1756 2022 αὑτοῦ
1776 1996 1848 2022 ἐκεί-

1053 2050 1098 2068 νου
1112 2042 1225 2068 εὐωδίαν
1245 2043 1277 2077 τῇ
1302 2042 1427 2076 αἰσθήσει
1443 2041 1654 2077 παρεδεξάμην
1668 2041 1789 2069 τοιοῦτον
1803 2042 1844 2074 δὲ,

1055 2087 1101 2122 μοι
1109 2087 1192 2120 δοκεῖ,
1209 2086 1270 2113 νοῦν
1282 2086 1338 2122 ἔχει
1350 2095 1357 2103 ·
1372 2087 1479 2122 ’Ὥσπερ
1493 2088 1525 2114 ἐκ
1533 2088 1668 2123 διαφόρων
1679 2088 1846 2123 ἀρωμάτων,

1053 2133 1133 2160 ἄλλου
1153 2134 1212 2160 κατ’
1225 2133 1309 2168 ἄλλην
1325 2133 1443 2168 ἰδιότητα
1459 2133 1658 2166 εὐπνοοὺντων,
1679 2135 1789 2169 τεχνική
1805 2142 1849 2166 τις

202 2179 284 2206 aliam
313 2179 507 2213 proprietatem
520 2178 716 2213 fragrantibus,
729 2178 879 2205 artiﬁciosa
893 2181 919 2205 et
934 2185 994 2205 mo-

1055 2180 1099 2208 καὶ
1115 2178 1340 2214 ἕμμετρυςμίξις
1356 2179 1386 2205 τὸ
1402 2179 1523 2206 τοιοῦτον
1546 2179 1735 2215 ἀπεργάζεται
1760 2179 1846 2215 μύρον

202 2225 297 2252 derata
312 2224 413 2256 mistio,
430 2224 484 2251 tale
499 2224 580 2251 eﬁicit
598 2229 765 2258 unguentum
782 2233 814 2251 ex
831 2225 864 2250 iis
876 2231 936 2259 quae
953 2224 993 2251 si-

202 2270 258 2297 mul
276 2270 447 2304 injiciuntur,
463 2270 545 2297 unius
565 2269 708 2304 cujusdam
734 2270 826 2296 herba:
850 2270 997 2297 odoriferae

202 2316 247 2343 cui
269 2324 367 2342 nomen
396 2316 512 2348 nartlus,
533 2323 594 2350 qua:
612 2316 661 2342 toti
678 2315 872 2350 compositioni
891 2324 990 2343 nomen

202 2363 304 2398 przebet
319 2372 326 2389 :
343 2362 384 2389 sic
404 2362 499 2396 utique
522 2362 544 2389 si
561 2363 624 2396 quis
641 2369 750 2388 omnem
776 2361 844 2389 bene
869 2362 989 2390 olentem

201 2409 295 2436 ﬁorcm
312 2416 344 2435 ex
363 2408 448 2435 Variis
474 2408 605 2434 virtutum
625 2407 711 2442 pratis
724 2407 878 2442 collegerit.
897 2412 925 2435 et
944 2412 988 2435 t0-

201 2443 347 2481 tanivitam
357 2461 435 2480 suam
447 2461 529 2479 nnmn
540 2452 634 2480 fecerit
645 2458 812 2489 unguentum
826 2461 874 2488 per
887 2453 991 2481 bonum

201 2501 314 2528 odorem
330 2499 503 2534 singulorum
521 2499 583 2526 vitae
602 2499 768 2532 studiorum,
786 2503 813 2526 et
831 2507 880 2534 ρει·
895 2500 988 2527 omnia

202 2547 346 2582 perfectus
373 2545 503 2577 evaserit,
520 2545 546 2572 in
559 2545 649 2580 ipsum
667 2546 780 2580 quidem
796 2546 841 2573 Dei
860 2546 991 2577 Verbum,

205 2598 333 2627 tanquam
347 2592 373 2618 in
388 2592 455 2618 solis
472 2591 579 2623 orbem,
593 2591 628 2617 oh
651 2591 830 2619 eminentiam
861 2593 989 2619 obtutum

203 2640 288 2675 ﬁgere
314 2638 477 2665 naturaliter
499 2645 553 2664 non
569 2643 680 2672 potest;
702 2638 748 2665 sed
773 2639 800 2665 in
822 2639 911 2674 seipse
932 2643 994 2665 tan-

208 2693 291 2718 quam
310 2684 337 2711 in
354 2683 468 2718 specqu
484 2683 570 2710 solent
587 2684 696 2718 aspicit.
709 2683 783 2711 Illius
796 2684 869 2710 cnim
889 2692 959 2711 rora:
969 2688 996 2711 ct

1053 2228 1115 2262 μιᾶ;
1135 2235 1208 2258 τινος
1223 2226 1292 2257 πόας
1306 2225 1424 2257 εὐώδους
1440 2226 1472 2252 ἐκ
1494 2226 1548 2252 τῶν
1574 2227 1845 2261 συνεμϐαλλομένων,

1049 2271 1065 2310 ᾖ
1082 2274 1168 2307 ὄνομα
1184 2272 1279 2308 νάρδος
1295 2273 1378 2306 ἐστιν,
1394 2272 1447 2307 ὅλῳ
1473 2272 1512 2306 τῷ
1533 2272 1779 2306 κατασκευάσματι
1796 2281 1846 2299 πε-

1048 2319 1212 2355 ριεχομένης
1236 2318 1266 2345 τὸ
1283 2318 1384 2353 ὖνομα·
1406 2318 1479 2345 οὕτω
1507 2318 1555 2344 καὶ
1581 2318 1608 2344 εἴ
1634 2327 1677 2350 τις
1695 2319 1750 2345 πᾶν
1766 2318 1846 2350 ἄνθος

1045 2365 1159 2395 εὐωδίας
1170 2366 1201 2391 ἐκ
1210 2364 1265 2390 τῶν
1280 2364 1413 2390 ποικίλων
1426 2365 1475 2399 τῆς
1487 2364 1589 2400 ἀρετῆς
1603 2364 1748 2400 λειμώνων
1764 2365 1846 2391 ἀνθο-

1044 2409 1162 2445 λογήσας
1175 2410 1222 2436 καὶ
1239 2409 1328 2436 πάντα
1343 2410 1443 2437 ἐαυτοῦ
1455 2409 1500 2436 τὸν
1515 2409 1573 2445 βίον
1590 2410 1618 2436 ἒν
1631 2410 1717 2445 μύρον
1733 2410 1777 2437 διὰ
1795 2411 1846 2445 τῆς

1044 2456 1098 2482 τῶν
1113 2455 1173 2482 καθ’
1190 2456 1305 2483 ἕκαστον
1319 2456 1549 2491 ἐπιτηδευμάτων
1567 2456 1698 2491 εὐοσμίας
1721 2456 1846 2490 ἀπεργαο

1045 2502 1172 2537 σάμενος,
1185 2502 1230 2528 διὰ
1241 2502 1351 2528 πάντων
1364 2503 1472 2536 γένοιτο
1484 2502 1600 2534 τέλειος,
1613 2502 1682 2537 πρδς
1699 2502 1782 2529 αὑτὸν
1795 2502 1845 2537 μὲν

1044 2549 1089 2575 τον
1106 2549 1172 2575 Θεὸν
1188 2549 1283 2581 Λόγον,
1299 2549 1336 2581 ὠς
1346 2549 1414 2584 πρὸς
1427 2549 1502 2584 ἡλίου
1518 2548 1618 2576 κύκλον
1631 2549 1733 2576 ἀτενῶν
1749 2548 1843 2575 ἐνιδεῖν

1045 2594 1125 2628 φύσιν
1141 2595 1191 2621 οὐκ
1211 2595 1279 2630 ἔχει,
1294 2595 1339 2621 διὰ
1351 2595 1381 2621 τὺ
1397 2595 1597 2631 ὑπερκείμενον
1618 2595 1669 2630 τῆς
1685 2595 1789 2625 οὐσίας,
1815 2595 1844 2621 ἐν

1048 2640 1138 2676 ἐαυτῷ
1151 2641 1189 2673 δὲ,
1206 2641 1333 2677 καθάπερ
1349 2642 1378 2668 ἐν
1391 2641 1549 2677 κατόπτρῳ,
1566 2641 1674 2676 βλέπειν
1689 2641 1734 2666 τὸν
1749 2639 1824 2675 ἥλιον
1835 2647 1843 2655 ·

1049 2687 1077 2713 αἱ
1092 2688 1146 2723 γὰρ
1163 2687 1213 2722 τῆς
1230 2687 1360 2723 ἀληθινῆς
1386 2688 1433 2715 καὶ
1455 2687 1531 2720 θείας
1551 2687 1654 2724 ἀρετῆς
1677 2687 1788 2720 ἀκτῖνες
1803 2686 1841 2722 τῷ

962 2753 1079 2783 NOTAE.

237 2796 360 2832 (21)Καὶ
372 2797 577 2840 ὀμοιὼματα-
594 2798 782 2852 παραγένηται
794 2800 821 2829 in
837 2802 867 2829 (Σ.
883 2801 912 2829 Β.
929 2801 999 2831 conti

240 2834 296 2863 (2‘).)
311 2833 412 2860 Palrol.
424 2837 443 2861 ι.
461 2833 541 2863 XVII.
556 2834 609 2863 col.
632 2835 692 2863 .00.

1055 2807 1126 2832 nitur
1145 2804 1198 2833 sub
1212 2805 1323 2833 nomine
1333 2804 1465 2841 Gregorii.

240 2834 296 2869 (2‘).)
311 2833 412 2860 Palrol.
424 2837 443 2861 ι.
461 2833 541 2867 XVII,
556 2834 609 2863 col.
630 2833 664 2862 ‘26
