1966 3074
214 116 281 149 1567

209 183 308 203 sensus
320 175 463 209 oblectat;
485 176 524 204 rcl
552 185 612 204 cum
635 177 727 205 fruettt
747 178 802 213 jam
821 179 943 214 perfecto
974 180 1000 206 in
1016 182 1039 209 A

210 227 303 248 nostra
325 223 408 249 situm
435 227 477 249 est
504 227 641 258 potestate
675 229 722 251 aut
743 224 804 259 ejus
835 225 1004 252 comestione

208 267 349 298 delectari,
371 272 419 294 aut
445 268 473 295 in
493 270 628 297 conviviis
659 270 721 297 vino
749 271 909 298 exltilarari.
953 272 1004 299 Hic

210 320 310 346 sponsa
329 312 418 340 atlltuc
438 313 579 341 ﬂorentem
594 314 705 343 botrutn
722 315 845 351 decerpit
859 337 866 348 .
883 317 1003 352 Cyprum

209 359 273 387 vitis
290 359 383 386 ﬂorem
406 361 558 395 appellans.
584 361 636 394 Qui
654 363 725 389 enitn
741 367 824 390 natus
843 368 885 391 est
899 365 978 391 nobis
994 385 1002 397 ,

210 412 276 439 puer
293 404 384 437 Jestts,
406 406 432 432 itt
451 406 568 434 diversis
585 407 674 441 ipsum
711 409 929 443 suscipientibus
960 411 1003 438 di-

209 459 291 478 verso
313 452 395 478 modo
413 453 560 486 proficiens
576 454 711 488 sapientia
724 461 750 482 et
764 459 846 483 tetate
865 461 891 483 et
916 456 1004 491 gratia

209 504 263 522 non
281 496 307 523 in
324 497 452 525 omnibus
469 498 538 525 idem
557 503 617 532 est,
634 500 680 527 sed
698 508 746 535 pro
759 509 887 528 mensura
901 502 962 536 ejus
976 502 1002 530 in

208 549 263 577 quo
283 543 399 575 exsistit,
418 544 568 571 secundutn
582 546 761 579 capacitatem
779 547 853 574 illius
864 547 909 582 qui
927 547 1003 574 illum

208 588 282 623 capit
299 588 360 616 talis
376 594 498 623 apparet,
518 590 560 617 vel
583 591 676 619 infans
691 611 699 624 ,
717 592 758 619 vel
775 593 925 626 proficiens
940 613 946 624 ,
961 593 1002 620 vel

209 633 356 666 perlectus,
375 633 452 668 juxta
479 639 606 662 naturam
635 636 704 663 boiri
728 657 736 669 ,
752 638 797 672 qui
827 645 881 665 non
908 639 1003 666 eadem

208 685 316 711 semper
335 679 425 713 spei-ie
444 679 470 706 itt
487 680 541 707 vite
560 681 748 715 conspicitur,
767 683 816 710 sed
847 690 902 709 ttna
940 691 1003 710 cum

209 729 333 757 tempore
351 724 467 752 fortnam
483 729 579 759 mutat,
592 725 704 759 ﬂorens,
717 729 1002 763 vernans,perfecttts,

209 772 344 801 maturus.
360 770 453 798 vinum
469 771 568 799 factus.
585 771 634 799 llic
655 777 698 800 est
715 781 782 809 ergo
801 774 899 802 botrtts
910 775 1003 810 Cypri,

209 817 305 846 botrtts
325 819 419 846 vinum
448 820 621 853 promittens,
641 822 763 848 nondum
795 827 887 849 autem
909 823 1003 850 vinum

207 865 356 896 exsistens,
387 865 434 892 sed
463 874 511 900 per
526 866 619 894 ﬂorem
650 875 787 896 nascens:
820 877 882 903 spes
912 874 1002 896 autem

207 913 250 936 est
264 910 313 937 ﬂos
340 910 375 937 de
396 911 487 938 futura
513 913 601 947 gratia
621 912 700 940 fidem
722 913 837 942 faciens.
852 915 1003 942 Odoratum

207 958 279 984 enim
296 958 416 985 delectat
439 963 503 986 ante
517 965 628 994 gustum
643 980 650 991 ,
668 961 802 988 bonorum
819 963 1004 997 exspectatio-

208 1012 243 1032 ne
255 1025 262 1036 ,
275 1005 333 1039 spei
343 1006 494 1040 vaporibus
509 1006 592 1033 animi
610 1015 712 1034 sensus
729 1015 866 1035 recreans.
880 1008 1005 1042 Atljectio

207 1055 299 1078 autent
316 1051 443 1078 vocabuli
465 1051 553 1079 Gaddi
586 1053 726 1088 signiﬁcat
756 1055 845 1081 locum
875 1054 1003 1089 pinguem

208 1095 235 1122 in
261 1103 315 1130 quo
330 1096 395 1123 vitis
431 1097 544 1125 radices
564 1105 649 1133 agens
684 1098 806 1133 opiututn
834 1107 866 1126 ac
893 1107 1003 1127 suavem

208 1141 327 1168 fructum
345 1141 411 1168 edit.
430 1141 476 1168 Sic
495 1143 568 1169 enim
596 1143 643 1177 qtti
671 1143 705 1170 de
731 1143 853 1171 locorum
879 1145 1004 1172 scribunt

208 1185 322 1213 historia
334 1186 429 1213 dicunt
457 1191 558 1214 sortem
576 1186 662 1215 Gatldi
696 1196 757 1216 esse
785 1189 938 1224 appositam
970 1191 1004 1218 ad

208 1232 440 1260 alendosbotros.
461 1233 598 1266 Quoniam
626 1234 710 1268 igitur
737 1235 783 1269 qui
815 1235 866 1270 legi
895 1237 1003 1264 Domini

207 1277 376 1304 voluntatem
402 1278 483 1304 habet
519 1283 728 1313 congruentem,
754 1280 800 1306 ditt
816 1284 843 1307 et
857 1286 940 1307 noctu
976 1282 1003 1308 in

208 1330 240 1350 ea
256 1323 392 1351 meditans
411 1343 418 1354 .
442 1323 559 1351 eﬂ‘tcitur
595 1325 677 1352 arbor
705 1333 813 1361 semper
827 1327 1002 1360 germinans,

209 1375 341 1402 aquarum
357 1368 502 1396 aﬂlttxibus
520 1369 629 1404 pinguis
655 1370 785 1404 evadens,
804 1379 910 1406 suoque
933 1377 1003 1400 tem-

209 1422 275 1448 pore
291 1418 444 1449 opportuno
459 1415 577 1442 fructttm
597 1415 689 1443 ferens
705 1423 736 1442 ea
752 1417 786 1444 de
807 1425 890 1445 causa
922 1426 1004 1453 spon-

209 1459 232 1485 si
251 1459 328 1486 vinea
350 1460 376 1486 in
394 1459 481 1486 Gaddi
498 1467 564 1495 agro
582 1461 677 1496 pingui
710 1461 782 1490 actis
809 1463 948 1491 radicibus
974 1465 1001 1492 itt

210 1505 347 1540 profunda
364 1507 531 1541 cogitatione
547 1515 608 1540 quae
630 1514 679 1541 per
705 1508 802 1535 divina
838 1509 1000 1537 documenta
1015 1522 1037 1551 ο

210 1552 341 1586 irrigatur
357 1557 385 1580 ct
397 1558 512 1587 augetur
529 1553 672 1581 ﬂorentem
700 1554 772 1582 hunc
798 1560 825 1582 et
840 1560 1000 1584 vernantettt

210 1597 323 1624 butt-um
341 1597 481 1632 produxit,
505 1599 600 1633 sponsi
632 1599 726 1626 forma:
757 1600 949 1628 assitnilatum.
973 1601 1002 1628 Si

210 1643 282 1668 enim
305 1643 361 1677 ipse
375 1643 484 1678 quidem
504 1643 579 1676 vitis,
599 1652 649 1672 ttos
682 1649 773 1672 autem
810 1646 937 1680 palmites
950 1666 957 1679 ,
973 1646 1002 1674 itt
1019 1638 1021 1640 ⁷

211 1688 272 1722 ipso
287 1689 380 1723 utique
394 1689 440 1724 qui
465 1690 528 1717 vitis
542 1693 583 1717 est
599 1690 717 1717 fructutn
735 1690 860 1720 ferimus.

879 122 1056 153 PROCOPII
1075 123 1198 153 ΟΛΖΈΙ

1053 179 1148 214 διπλῆς
1162 177 1210 206 οὖν
1222 179 1307 215 οὔσης
1323 180 1353 206 ἐν
1365 179 1403 215 τῷ
1421 180 1516 214 βότρυῖ
1529 179 1580 214 τῆς
1598 178 1788 209 ἀπολαύσεως,
1800 177 1862 211 τῆς

1057 225 1107 259 μὲν
1122 226 1154 252 ἐκ
1171 225 1218 251 τοῦ
1229 226 1338 257 ἄνθους,
1353 227 1418 252 ὅταν
1440 225 1574 260 εὐφραίνῃ
1593 226 1627 260 τῇ
1643 224 1742 259 εὐωδίᾳ
1756 223 1790 250 τὰ
1808 223 1860 249 αἰ-

1057 271 1201 306 σθητήρια,
1215 271 1267 306 τῆς
1282 272 1309 298 δὲ
1321 272 1366 298 διὰ
1376 271 1424 297 τοῦ
1444 271 1632 302 τελειωθέντος
1653 271 1704 306 ἤδη
1728 268 1858 304 rapto-3,

1055 318 1119 343 ὅταν
1135 318 1244 352 ὑπάρχῃ
1257 319 1315 344 κατ’
1331 318 1466 351 ἐξουσίαν,
1480 318 1555 353 ἢτῆς
1569 317 1698 352 βρώσεως
1715 324 1860 350 κατατρυ-

1056 363 1149 398 φᾷν,ἦ
1169 364 1331 398 συμποσίοις
1349 364 1388 398 τῷ
1403 364 1466 398 οἴνῳ
1493 363 1704 398 φαιδρύνεσθαι·
1731 362 1859 388 ἐνταῦθα

1056 410 1071 444 ἡ
1085 411 1178 445 νύμφη
1195 409 1236 436 ἔτι
1252 410 1297 436 τὸν
1315 409 1448 436 ἀνθοῦντα
1468 409 1566 444 βότρυν
1589 409 1775 443 καρποφορεῖι
1791 407 1858 433 Κύ-

1055 465 1124 490 προν
1141 457 1188 491 τὴν
1203 457 1330 492 οἱνάνθην
1352 456 1568 490 κατονομάζουσι
1579 465 1585 471 -
1600 456 1630 481 τὸ
1645 455 1699 489 γὰρ
1720 454 1858 488 γεννηθὲν

1055 503 1121 538 ἡμῖν
1136 503 1240 529 παιδίον
1253 502 1357 537 Ἰησοῦς
1370 504 1398 528 ὲν
1417 503 1473 533 τοῖς
1488 501 1647 536 δεξαμένοις
1673 500 1768 530 αὑτὸν,
1790 500 1858 526 διαν-

1055 549 1146 584 φόρως
1164 548 1329 583 προκόπτων
1345 548 1427 583 σοφίᾳ
1442 548 1489 575 καὶ
1505 547 1598 582 ἡλικίᾳ
1618 547 1664 573 καὶ
1680 546 1783 581 χάριτι,
1799 545 1858 572 οὐκ

1055 595 1084 621 ὲν
1100 596 1183 622 πᾶσιν
1194 595 1208 620 ὁ
1224 595 1305 625 αὐτός
1321 595 1406 626 ἐστιν,
1429 594 1498 620 ἀλλὰ
1517 594 1585 629 πρὸς
1607 593 1638 619 τὸ
1660 593 1758 628 μέτρον
1784 592 1815 618 ὲν
1831 588 1857 625 ᾧ

1054 638 1176 672 γίνεται*
1192 638 1282 669 καθὼς
1301 639 1334 665 ἂν
1348 639 1362 664 ὁ
1378 638 1475 673 χωρῶν
1491 639 1649 672 ίχανότητος
1674 638 1734 672 ἔχῃ,
1760 637 1856 663 τοιοῦ-

1054 694 1101 716 τος
1114 685 1250 719 φαίνεται,
1266 685 1282 720 ἦ
1298 684 1450 719 νηπιάζων,
1469 685 1485 719 ἢ
1502 685 1675 720 προκόπτων,
1699 683 1714 718 ἢ
1728 682 1855 710 τελειού-

1057 739 1147 766 μενος,
1165 731 1236 757 κατὰ
1247 732 1296 765 τὴν
1311 731 1357 757 τοῦ
1379 731 1492 766 βότρυος
1515 730 1613 764 φύσιν·
1634 729 1663 760 ὃς
1687 730 1717 755 οὐ
1732 729 1854 755 πὰντοτε

1058 777 1128 811 μετὰ
1141 776 1188 803 τοῦ
1215 771 1300 803 αὐτοῦ
1323 777 1409 808 εἴδους
1435 777 1481 803 ἐπὶ
1509 776 1560 810 τῆς
1583 775 1706 810 ἀμπέλου
1730 775 1851 810 ὁρᾶταιο

1057 823 1125 849 ἀλλὰ
1138 823 1185 849 καὶ
1203 822 1414 855 συνεξαλλάσσει
1428 823 1467 858 τῷ
1492 823 1581 858 χρόνῳ
1604 821 1634 847 τὸ
1647 820 1727 853 εἶδος,
1745 819 1851 851 ἀνθῶν,

1056 869 1207 904 κυπρίζων,
1218 868 1419 903 τελειούμενος,
1431 867 1641 902 πεπαινόμενος,
1656 865 1725 898 οἶνος
1739 865 1854 900 γινόμε‹

1055 923 1100 946 νος
1111 923 1117 930 ·
1134 914 1222 945 οὕτως
1235 914 1325 940 τοίνυν
1336 915 1350 940 ό
1363 914 1411 947 τῆς
1424 913 1537 948 Κύπρου
1554 913 1651 947 βότρυς
1678 911 1736 937 ἐστὶ
1751 910 1853 945 βότρυς

1055 959 1125 987 οἶνον
1141 960 1394 995 ἐπαγγελλόμενος,
1416 958 1493 986 οὔπω
1508 959 1537 986 δὲ
1553 956 1634 990 οἶνος,
1655 957 1722 984 ἀλλὰ
1741 956 1784 983 διὰ
1800 955 1852 982 τοῦ

1055 1007 1151 1038 ἄνθους
1164 1007 1306 1042 γινόμενος
1319 1015 1326 1022 ⁸
1344 1007 1361 1040 ἡ
1373 1006 1401 1032 δὲ
1416 1005 1493 1036 ἐλπὶς
1512 1005 1543 1031 τὸ
1553 1004 1633 1036 ἄνθος
1643 1004 1712 1035 ἐστὶ,
1723 1003 1771 1038 τὴν
1786 1003 1852 1029 ἐσο-

1056 1053 1140 1088 μένην
1153 1052 1233 1088 χάριν
1247 1051 1430 1086 πιστούμενον
1441 1059 1449 1066 ⁸
1460 1050 1510 1086 τὴν
1522 1050 1657 1085 ὄσφρησιν
1667 1048 1722 1083 γὰρ
1732 1048 1835 1083 εὐφραῖ
1843 1062 1852 1070 ο

1055 1106 1096 1125 νει
1111 1099 1172 1124 ἀντὶ
1186 1099 1236 1132 τῆς
1250 1096 1371 1131 γεύσεως
1381 1097 1414 1131 τῇ
1429 1095 1579 1131 προσδοκίᾳ
1590 1095 1644 1121 τῶν
1661 1093 1851 1128 ἁγαθῶν,τοῖ;

1055 1143 1150 1177 ἀτμοῖς
1164 1143 1218 1168 τῶν
1228 1142 1340 1169 ἐλπίδων
1352 1142 1447 1177 ἡδύνον
1457 1141 1491 1168 τὰ
1503 1141 1551 1175 τῆς
1566 1139 1656 1174 ψυχῆς
1669 1138 1849 1173 αἰσθητήρια·

1055 1191 1071 1225 ἠ
1085 1190 1113 1216 δὲ
1129 1189 1176 1215 τοῦ
1192 1187 1285 1215 Γαδδὶ
1311 1187 1456 1222 προσθήκη
1480 1186 1610 1221 σημαίνει
1629 1185 1675 1211 τὴν
1698 1183 1778 1210 πίονα
1790 1183 1850 1218 χῶ·

1056 1244 1117 1271 ρον,
1144 1232 1166 1268 ᾧ
1195 1234 1341 1270 maneam
1368 1235 1384 1268 ὴ
1400 1233 1533 1267 ἄμπελος,
1554 1231 1685 1266 εὕτροφον
1710 1229 1758 1256 καὶ
1782 1229 1850 1264 ἡδὺν

1054 1281 1160 1316 καρπὸν
1172 1279 1375 1315 ἀπεργάζεταιο
1391 1278 1463 1306 οὕτω
1478 1278 1532 1313 γὰρ
1544 1279 1590 1304 καὶ
1603 1278 1627 1304 οἱ
1642 1276 1762 1306 τοπικῶς
1776 1276 1850 1301 ἱστο-

1055 1326 1187 1361 ρήσαντες
1208 1325 1317 1359 λέγουσι
1333 1323 1379 1350 τὸν
1401 1323 1502 1358 κλῆρον
1516 1322 1563 1349 τοῦ
1589 1322 1668 1348 Γαδδὶ
1687 1319 1850 1355 ἐπιτηδείως

1054 1372 1127 1406 ἔχειν
1141 1371 1207 1406 πρὸς
1226 1370 1374 1405 εὐτροφίαν
1390 1368 1511 1403 βοτρύων
1523 1377 1529 1384 ν
1550 1367 1645 1402 ἐπειδὴ
1665 1366 1755 1392 τοίνυν
1775 1367 1789 1392 ό
1808 1364 1849 1399 τῷ

1054 1418 1128 1452 νόμῳ
1144 1416 1248 1451 Κυρίου
1275 1415 1421 1450 σύμφωνον
1451 1414 1521 1449 ἔχων
1544 1413 1574 1439 τὸ
1590 1413 1710 1447 θέλημα,
1737 1411 1784 1438 καὶ
1804 1410 1850 1437 διὰ

1054 1465 1144 1498 πάσης
1156 1462 1252 1493 νυκτός
1278 1470 1308 1487 τε
1332 1461 1380 1488 καὶ
1406 1461 1514 1496 ἡμέρας
1539 1459 1641 1494 ταύτην
1658 1459 1707 1492 τὴν
1732 1457 1849 1492 μελέτην

1055 1509 1225 1543 ποιούμενος,
1243 1507 1371 1538 ἀειθαλὲς
1387 1507 1491 1541 γίνεται
1508 1506 1627 1541 δένδρον,
1647 1505 1706 1535 ταῖς
1719 1504 1772 1530 τῶν
1785 1503 1850 1529 ὑδά-

1053 1563 1107 1581 των
1120 1555 1263 1590 ἐπιρροαῖς
1278 1553 1453 1587 πιαινόμενος
1466 1561 1472 1567 ·
1488 1551 1585 1578 τούτου
1604 1551 1685 1586 χάριν
1708 1550 1755 1576 καὶ
1800 1548 1848 1575 τοῦ

1055 1600 1172 1634 νυμφίου
1187 1599 1308 1635 ἄμπελος
1321 1601 1349 1626 ἐν
1363 1598 1402 1634 τῷ
1413 1598 1492 1624 Γαδδὶ
1508 1597 1546 1632 τῷ
1558 1598 1630 1624 πίονι
1644 1597 1719 1631 τόπῳ
1731 1595 1849 1632 ἐρριζω-

1057 1647 1128 1680 μένη
1146 1646 1242 1681 βαθείᾳ
1267 1647 1298 1680 τῇ
1322 1645 1430 1680 διανοίᾳ
1447 1644 1491 1671 διὰ
1508 1644 1560 1670 τῶν
1580 1643 1660 1670 θείων
1675 1643 1849 1676 διδαγμὰτων

1057 1692 1248 1727 καταρδομένη
1268 1691 1316 1718 καὶ
1343 1691 1467 1724 αὔξουσα
1492 1691 1538 1717 τὸν
1564 1690 1666 1725 εὐανθῆ
1685 1689 1780 1715 τοῦτον
1803 1690 1850 1716 καὶ

211 1735 380 1770 κυπρίζοντα
398 1735 496 1770 βότρυν
509 1736 651 1772 ἐξήνθησε.
673 1737 742 1772 πρὸς
755 1738 805 1772 τὴν
821 1737 868 1764 τοῦ
884 1737 1002 1773 νυμφίου
1035 1738 1143 1773 μορφὴν
1170 1738 1358 1773 ὁμοιούμενον.
1375 1738 1406 1764 Ei
1419 1738 1473 1773 γὰρ
1509 1737 1591 1768 αὐτὸς
1615 1737 1663 1770 μὲν
1678 1737 1695 1771 ἡ
1715 1736 1848 1770 ἄμπελος,

211 1782 292 1817 ἡμεῖς
308 1781 337 1807 δὲ
350 1782 383 1808 τὰ
399 1782 542 1817 κλήματα,
556 1783 586 1809 ἐν
603 1783 672 1818 αὐτῇ
689 1783 810 1818 δηλονότι
826 1786 859 1820 τῇ
875 1785 991 1820 ἀμπέλῳ
1003 1784 1241 1820 καρποφοροῦμεν.

249 1828 318 1856 Νἰίί.
337 1844 372 1848 --
388 1829 500 1856 Botrum
514 1829 606 1866 Cypri,
623 1831 664 1857 vel
681 1830 820 1858 ﬂoretttctn
835 1839 913 1858 ttvatn
927 1840 1007 1860 sntntt

211 1874 279 1902 dicit
294 1875 463 1907 fratrueletn,
494 1876 538 1903 vel
567 1884 600 1903 ex
624 1877 715 1914 Cypro
747 1878 855 1904 botrutn
876 1879 1007 1906 eximium

212 1922 278 1956 quid
301 1921 429 1949 fortassis
460 1921 512 1949 ista
533 1923 632 1957 ’patria
656 1923 684 1950 in
710 1923 850 1951 botroruttt
869 1924 1007 1952 fertilitate

211 1968 360 1995 obtinente.
385 1967 481 1995 Utrum
493 1974 584 1996 autem
600 1970 698 1997 horum
713 1971 747 1998 de
766 1978 868 2005 sponsa
885 1971 1004 2003 dicatur,

212 2014 358 2048 posteriori
385 2015 522 2042 consentit
543 2016 657 2048 sensui;
677 2017 777 2043 etenim
794 2018 818 2043 si
846 2016 1004 2043 fratruelem

212 2068 292 2088 stnnn
303 2060 442 2087 ﬂorentem
458 2061 574 2094 appellet
589 2068 681 2091 uvam,
695 2061 774 2088 istius
791 2061 862 2087 modi
879 2061 943 2095 quid
957 2061 1004 2093 ait,

213 2107 303 2142 ipsum
330 2114 428 2142 nctnpe
446 2106 510 2133 dum
537 2107 626 2134 adltttc
653 2107 679 2133 in
708 2107 903 2141 apparentibus
935 2108 1006 2141 peri—

212 2153 283 2180 culis
297 2160 422 2180 versatur
436 2174 443 2186 ,
464 2159 623 2180 vernantem
651 2161 712 2181 esse
728 2153 836 2180 botrtttn
854 2175 862 2187 ,
889 2153 936 2181 sed
958 2153 1004 2188 qui

212 2207 261 2234 per
278 2207 353 2233 spem
372 2199 426 2232 iam
440 2199 597 2233 conceperit
612 2207 690 2226 suam
709 2199 905 2234 perfectionem
938 2200 1002 2227 dum

1093 1833 1214 1858 Νείλου.
1229 1846 1265 1852 --
1280 1831 1382 1866 Βότρυν
1396 1831 1509 1864 Κύπρου
1525 1829 1541 1864 ἢ
1557 1829 1606 1863 τὴν
1625 1826 1758 1853 ἀνθοῦσαν
1773 1827 1847 1860 λέγει

1057 1878 1208 1913 σταφυλὴν,
1224 1878 1240 1912 ἣ
1254 1877 1299 1903 τὸν
1315 1878 1348 1903 ἐκ
1362 1877 1412 1911 τῆς
1427 1875 1540 1909 Κύπρου
1556 1874 1665 1909 βότρυν,
1689 1874 1754 1904 ῑεως
1777 1873 1848 1905 ἐξαί-

1058 1924 1133 1959 ρετόν
1149 1933 1175 1950 τι
1201 1923 1317 1957 ἐχούσης
1347 1921 1397 1956 τῆς
1414 1920 1553 1955 πατρίδος,
1570 1919 1679 1954 εὐτοκίαι
1709 1919 1846 1954 βοτρύων·

1055 1969 1184 2003 ὁπότερον
1197 1968 1225 1993 δὲ
1237 1966 1340 1993 τούτων
1352 1965 1386 1992 ἂν
1399 1965 1511 2000 λέγηται
1525 1965 1601 2000 παρὰ
1616 1965 1664 1999 τῆς
1679 1964 1798 1998 νύμφης,
1811 1963 1848 1999 τῷ

1059 2014 1146 2039 ὀπίσω
1160 2013 1266 2048 συνᾴδει
1282 2013 1406 2047 νοήματι·
1420 2012 1467 2037 καὶ
1481 2011 1535 2046 γὰρ
1548 2010 1681 2037 ἀνθοῦσαν
1697 2010 1770 2044 λέγει
1786 2019 1849 2037 στα-

1059 2059 1146 2094 φυλὴν
1156 2059 1202 2085 τὸν
1219 2059 1320 2093 ἑαυτῆς
1337 2059 1489 2092 ἀδελφιδὸν,
1505 2057 1610 2083 τοιοῦτο
1631 2057 1705 2090 λέγει
1718 2065 1725 2071 ·
1742 2057 1782 2084 ὅτι
1797 2056 1848 2088 ἓως

1059 2107 1132 2131 ἐστὶν
1145 2106 1173 2131 ἐν
1192 2107 1246 2136 τοῖς
1259 2105 1370 2131 δοκοῦσι
1387 2105 1592 2140 περιστατικοῖς
1605 2122 1613 2135 ,
1630 2103 1770 2139 κυπρίζων
1791 2103 1847 2130 ἐστὶ

1059 2152 1173 2186 βότρυς·
1196 2151 1267 2186 πλὴν
1287 2152 1340 2178 τῶν
1361 2151 1394 2179 δι’
1420 2151 1527 2183 ἐλπίδος
1552 2150 1781 2185 ἀπεκδεχομένων
1800 2149 1847 2183 τὴν

1057 2197 1151 2224 τούτου
1182 2197 1336 2223 τελείωσιν·
1365 2197 1427 2231 ἐμοὶ
1449 2196 1478 2223 δὲ
1510 2197 1557 2223 καὶ
1584 2197 1613 2222 ἐν
1632 2196 1671 2230 τῷ
1706 2195 1780 2222 ἄνθει
1800 2194 1845 2226 (LV,

213 2245 302 2271 adhuc
321 2245 347 2271 in
363 2244 430 2272 ﬂore
446 2250 508 2278 cst;
538 2249 564 2272 et
587 2245 650 2272 licet
669 2233 785 2272 necdum
802 2247 1000 2279 comestionis,

1056 2244 1080 2270 εί
1093 2244 1139 2270 καὶ
1155 2243 1191 2278 μὴ
1206 2244 1255 2278 τὴν
1269 2244 1301 2269 ἐκ
1315 2243 1365 2278 τῆς
1376 2242 1515 2278 βρώσεως.
1527 2242 1595 2269 ἀλλὰ
1610 2242 1675 2276 γοῦν
1693 2241 1742 2276 τὴν
1757 2242 1789 2268 ἐκ
1799 2241 1846 2275 τῆς

212 2290 276 2317 boni
297 2295 384 2317 tamen
401 2290 495 2319 odoris
512 2290 669 2318 fruitionetn
702 2292 824 2326 praebet,
840 2297 865 2319 et
881 2300 1005 2320 resurre-

214 2337 314 2364 ctionis
340 2337 443 2364 indicat
472 2337 673 2371 jueutnlitatem
688 2357 695 2370 ,
714 2338 774 2372 ipso
791 2339 857 2365 ﬂore
880 2338 1000 2366 fructum

214 2384 328 2410 latenter
343 2383 553 2415 subinsinuans,
569 2391 600 2411 ac
612 2384 687 2412 lloris
705 2385 814 2411 interitu
831 2385 916 2412 odore
930 2385 1002 2412 bono

213 2429 372 2457 consolans.
395 2429 442 2456 Est
458 2429 530 2456 enim
551 2429 577 2456 in
596 2430 686 2457 vineis
714 2430 835 2465 Eugadtli
859 2431 932 2465 quod
962 2431 1005 2459 itt-

214 2478 380 2509 terpretatur
396 2475 492 2502 oculus
511 2475 682 2503 tentationis.
698 2475 802 2502 Eteni-u
825 2475 958 2505 Dominus
975 2478 1002 2505 in

214 2527 295 2546 cruce
314 2527 487 2554 suspenstts,
519 2523 650 2554 tanquam
684 2520 710 2546 in
746 2521 807 2547 loco
845 2523 1006 2550 tentationis

215 2566 338 2593 omnium
359 2567 447 2594 oculis
463 2570 522 2593 erat
551 2567 693 2600 expositus
721 2568 836 2594 mttltum
872 2568 1006 2603 despera-

215 2613 298 2640 tionis
312 2612 446 2646 ohjicieus
463 2613 644 2644 intuentibus,
660 2618 780 2640 attamen
797 2614 907 2641 minime
924 2622 1006 2642 scatt-

216 2657 387 2684 dalizabatur
411 2659 502 2684 anima
525 2657 665 2692 perfecta,
682 2666 742 2692 qua:
767 2659 913 2692 perfectam
943 2667 1007 2694 erga

218 2704 308 2738 ipsum
337 2703 453 2730 habebat
467 2703 644 2731 dilectionem
664 2707 691 2730 et
721 2712 754 2731 ex
788 2705 930 2739 prophetis
949 2705 1003 2732 sibi

218 2748 411 2784 persnadebat,
432 2749 484 2776 ltoc
503 2749 658 2784 oportttisse
674 2749 743 2776 ftcri.
768 2750 826 2777 Etsi
846 2751 917 2777 enint
936 2751 1009 2778 tnul-

219 2801 262 2823 tos
281 2795 323 2822 vel
349 2795 431 2822 etiant
448 2803 542 2823 omnes
554 2803 584 2823 ea
600 2803 661 2830 qua:
687 2796 786 2823 fiebant
803 2797 1006 2831 pcrturbarcnt,

222 2850 265 2870 me
282 2846 373 2870 tamctt
388 2842 454 2870 nihil
473 2843 570 2870 ltortnn
580 2843 783 2871 cotuntovitaut
797 2843 915 2872 titubare
933 2844 1004 2877 fecit,

1056 2290 1171 2322 εὐωδίας
1184 2290 1300 2325 παρέχει
1312 2290 1473 2319 ἀπόλαυσιν,
1488 2290 1535 2316 καὶ
1548 2289 1597 2324 τὴν
1613 2289 1662 2322 τῆς
1672 2288 1846 2318 ἀναστάσεως

1057 2337 1200 2370 ὑποφαίνει
1225 2335 1414 2371 εὐφροσύνην·
1447 2335 1486 2370 τῷ
1519 2335 1593 2361 ἄνθει
1626 2334 1778 2369 λεληθότως
1803 2334 1846 2360 τόν

1056 2383 1162 2417 καρπὸν
1178 2383 1343 2416 ὑποκυλίων,
1361 2382 1408 2408 καὶ
1421 2383 1453 2417 τῇ
1477 2381 1577 2416 εὐωδία
1595 2381 1642 2407 τοῦ
1666 2381 1764 2412 ἄνθους
1780 2380 1846 2412 τέως

1057 2428 1323 2464 παραμυθούμενος·
1339 2429 1367 2454 ὲν
1384 2428 1528 2463 ἀμπελῶσι
1543 2427 1598 2462 γάρ
1619 2428 1694 2453 ἐστιν
1715 2428 1744 2453 ὲν
1758 2426 1844 2458 Γαδδὶ,

1057 2476 1124 2510 ὅπερ
1140 2475 1332 2510 ἑρμηνεύεται,
1342 2474 1481 2509 ὀφθαλμὸς
1490 2473 1670 2508 πειρατηρίου
1682 2481 1688 2488 ·
1705 2473 1752 2499 καὶ
1770 2473 1821 2507 γὰρ
1832 2473 1844 2498 ό

1057 2519 1159 2555 Κύριος
1183 2520 1356 2555 κρεμάμενος
1386 2520 1415 2545 ἐν
1443 2518 1552 2554 σταυρῷ
1571 2519 1608 2550 ὡς
1634 2520 1663 2545 ὲν
1679 2518 1844 2553 πειρατηρίῳ

1056 2567 1113 2597 τοῖς
1125 2566 1251 2592 ἁπάντων
1263 2565 1424 2600 ὀφθαλμοῖς,
1438 2565 1538 2599 πολλὴν
1551 2565 1706 2599 ἀμηχανίαν
1722 2564 1843 2598 παρέχων

1058 2613 1114 2643 τοῖς
1127 2611 1226 2647 ὁρῶσιν
1236 2619 1242 2626 ⁸
1262 2611 1319 2638 αλλ’
1334 2612 1384 2638 οὐχ
1396 2611 1606 2643 ὲσκανδαλίζετο
1658 2610 1747 2636 τελεία
1762 2609 1843 2644 ψυχὴ,

1430 2657 1511 2684 αὑτὸν
1528 2658 1650 2691 ἀγάπην,
1668 2657 1714 2683 καὶ
1737 2656 1768 2682 ἐκ
1793 2655 1843 2681 τῶν

1367 2659 1407 2689 εἰς

1058 2658 1164 2684 τελείαν
1180 2658 1241 2693 ἔχου
1246 2667 1279 2684 σα
1293 2658 1343 2693 τὴν

1062 2706 1235 2741 προφητειῶν
1258 2705 1439 2740 πεπεισμένη,
1457 2706 1498 2731 ὅτι
1516 2704 1603 2731 ταῦτα
1628 2704 1681 2729 ἔδει
1708 2702 1842 2737 γενέσθαι⁶

1059 2752 1106 2778 καὶ
1121 2752 1176 2786 γὰρ
1192 2751 1316 2782 πολλοὺς,
1336 2752 1429 2785 φησιν,
1451 2750 1467 2785 ἢ
1483 2750 1529 2776 καὶ
1545 2749 1649 2781 πάντας
1677 2748 1792 2782 ἐτάραξε
1814 2748 1844 2775 τὰ

1059 2798 1240 2833 γεγενημένα,
1262 2797 1319 2823 ἀλλ’
1336 2797 1411 2823 οὺδὶν
1436 2796 1486 2831 ἐμὲ
1509 2795 1613 2822 τούτων
1642 2794 1841 2829 παρεκίνησεν·

1059 2845 1118 2871 οὐδὲ
1142 2844 1265 2872 διστάσαι
1290 2843 1515 2878 παρεσκεύασεν·
1545 2843 1568 2868 εἰ
1590 2841 1618 2867 δὲ
1644 2841 1692 2867 καὶ
1712 2840 1783 2867 κατὰ
1799 2840 1842 2876 τὴν
