1966 3074
90 166 99 197 1
106 168 161 199 569

566 164 836 195 COMMENTARII
858 163 898 192 IN
919 161 1079 191 CANTICA
1099 160 1246 191 CANTIC.

1657 157 1727 190 1570

86 224 174 258 ἄλλην
189 222 314 258 ἐκδοχὴν,
332 222 428 258 βότρυς
445 221 561 257 Κύπρου
588 221 657 253 ἐστὶ,
673 220 804 246 σκεπτέον
830 219 884 250 πῶς

940 217 1018 250 Quod
1044 217 1066 244 si
1089 224 1154 243 vero
1171 215 1252 243 etiam
1269 213 1418 242 secundum
1431 213 1512 240 aliato
1533 215 1730 249 expositionem

86 270 139 303 τῇς
158 270 273 304 Κύπρου
300 269 398 304 βότρυς
418 267 468 299 ὣν,
490 268 540 294 οὐκ
557 269 585 294 ἐν
601 265 746 302 ἀμπελῶσι
760 266 885 300 Κύπρου,

86 316 146 342 ἀλλ’
162 316 191 342 ἐν
206 316 226 341 Γ
227 315 286 341 αδδὶ
300 315 410 348 λέγεται
425 313 496 341 εἶναι
507 323 513 330 ·
530 314 601 350 τάχα
616 314 663 341 οὖν
681 315 725 340 ὅτε
742 312 775 349 ἦν
787 314 817 339 ὲν
831 314 887 344 τοῖς

86 361 201 391 κόλποις
215 361 262 387 τοῦ
275 361 392 395 ιιατρὺς,
407 361 459 396 πρὸ
470 361 520 396 τῆς
529 361 773 396 ένανορωπήσεως,
788 360 886 396 βότρυς

85 405 122 442 ἦν
136 407 186 441 τῆς
198 407 311 442 Κύπρου
326 407 393 438 Θεὸς
407 408 496 442 Λόγος
510 407 546 434 ὦν
558 417 564 424 ·
582 408 624 434 ὅτε
635 407 663 434 δὲ
674 407 713 442 τῷ
732 407 827 443 κόσμῳ
842 407 886 434 διὰ

87 454 191 487 carpito;
208 452 396 487 ἐπεδήμησεν,
409 454 437 478 ὲν
453 452 598 488 ἀμπελῶσι
621 453 716 487 γέγονε
732 455 765 488 τῇ
787 452 883 479 Γαδδὶ·

86 496 146 535 ἐν
161 498 185 524 οἱ
200 498 335 532 ὀξρῦαλμοὶ
345 498 392 524 τοῦ
406 499 586 534 πειρατηρίου
599 499 651 525 οὐκ
663 499 770 533 ἔχοντες
782 499 884 536 ἀκριϐῆ

85 544 139 578 τὴν
156 545 204 579 τῆς
219 544 348 578 ἀληθείας
360 545 523 580 κατάληψιν.
542 545 759 579 δυσδιάγνωστον
774 546 884 572 ἐποίουν

85 590 118 616 τδ
133 590 306 625 φαινόμενον,
323 591 475 626 ἱσοῤῥεπῶς
496 591 546 626 τῆς
566 592 685 622 διανοίας
709 592 752 626 ἐφ’
764 593 884 628 ἑκάτερα

86 636 228 669 κινούσης,
243 636 289 662 ἐπὶ
300 645 329 663 τε
342 637 390 672 τὴν
403 637 497 673 οεῐκὴν
512 637 591 669 ἀξίαν
604 638 647 664 διὰ
659 638 689 663 τὸ
703 638 818 672 μέγεοος
829 638 883 664 τῶν

86 682 247 716 Θαυμάτων,
263 682 308 708 ἐπί
321 691 350 709 τε
368 682 418 718 τὴν
432 683 607 718 ἀνθρωπίνην
627 683 765 710 εὐτέλειαν
782 683 825 710 διὰ
850 683 884 710 τὰ

86 726 164 761 πάθη
174 735 181 742 ·
203 728 271 761 μετὰ
286 727 352 761 γοῦν
368 727 417 763 τὴν
427 728 566 762 τοιαύτην,
582 729 610 754 ἓν
622 737 651 754 τε
666 730 725 759 ταῖς
739 728 882 764 πράξεσιν,

85 771 117 796 ἐν
131 779 160 797 τε
178 773 236 802 τοῖς
257 771 390 806 δόγμασιν
417 773 510 804 αὐτοῖς
533 773 676 808 ἀκρίϐειαν
700 774 883 808 ἀμειϐόμενος

85 817 173 852 αὐτὴν
188 818 202 843 ό
217 817 346 852 νυμφίος,
363 818 464 853 μᾶλλον
479 819 508 845 δὲ
525 819 558 845 τὰ
574 820 712 854 προσόντα.
728 820 797 856 αὐτῇ
816 829 882 856 φησι

87 863 251 899 μαρτυρῶν,
264 863 343 890 ἰδοὺ
357 863 386 890 εἷ
397 865 488 898 καλὴ,
499 865 546 891 καὶ
562 866 596 892 τὰ
608 865 682 900 ἑξῆς.

124 953 166 979 ιδ’.
183 952 262 980 Ἰδοὺ
275 951 305 979 εἷ
317 953 408 987 καλὴ,
421 954 439 988 ἡ
454 955 589 988 πλησίον
594 964 665 990 μου,
676 955 741 982 ἰδοὺ
753 954 881 992 εἴκαλὴ,

85 999 237 1034 ὀφθαλμοί
249 1006 308 1025 σου
323 1000 504 1033 περιστεραί.

121 1044 303 1079 Γρηγορίου.
320 1059 355 1065 -—-
373 1045 416 1072 ‘Ev
435 1046 486 1080 μὲν
501 1047 559 1077 τοῖς
572 1046 718 1081 φθάσασιν,
743 1048 828 1075 ἵππου
841 1057 883 1076 τι-

84 1090 131 1122 νδς
142 1091 297 1126 εὐμορφίαν
311 1090 350 1126 τῷ
361 1093 519 1128 φαινομένῳ
534 1093 785 1129 προσεμαρτύρησε
797 1102 805 1110 ·
835 1095 883 1121 νῦν

83 1137 112 1164 δὲ
123 1137 163 1169 ὡς
175 1137 314 1173 παρθένου
328 1137 420 1164 λοιπὸν
437 1138 600 1173 ἀποδέχεται
611 1139 641 1166 τὸ
662 1141 802 1174 ἀναφανὲν
817 1141 883 1168 κάλ-

82 1182 143 1215 λος,
171 1183 220 1209 καί
237 1191 321 1217 φησιν
334 1191 341 1199 ·
362 1183 435 1210 Ἰδοὺ
461 1182 489 1210 εἷ
509 1185 600 1219 καλὴ,
615 1185 634 1219 ἡ
655 1186 790 1220 πλησίον
802 1196 862 1222 μου
875 1195 881 1201 ·

83 1228 212 1255 παιδεύει
229 1228 257 1255 δὲ
282 1228 327 1255 διὰ
350 1229 453 1256 τούτων
469 1231 483 1256 ὁ
507 1230 595 1265 λόγος,
620 1232 723 1267 ταύτην
739 1231 808 1259 εῖναι
834 1233 881 1260 τοῦ

83 1274 204 1306 κάλλους
219 1275 269 1309 τὴν
283 1275 464 1309 ἐπανάληψιν,
480 1276 511 1302 τὸ
524 1277 638 1311 πλησίον
659 1278 711 1312 τῆς
735 1279 783 1305 τοῦ
798 1279 882 1305 καλοῦ

81 1320 218 1354 γενέσθαι
242 1321 334 1356 πηγῆς
345 1329 352 1335 ·
367 1322 500 1357 πρότερον
520 1323 569 1357 μὲν
592 1323 657 1358 γὰρ,
672 1326 765 1359 φησιν,
781 1326 832 1352 οὐκ
848 1324 882 1360 ἧς

81 1366 177 1401 καλή·
201 1365 270 1392 διότι
293 1365 340 1392 τοῦ
368 1367 523 1402 ἀρχετύπου
545 1369 661 1401 κάλλους
678 1371 882 1403 ἀποξενωθείσα

80 1414 114 1448 τῇ
131 1413 244 1448 πονηρᾷ
270 1413 421 1447 γειτνιάσει
446 1415 495 1449 τῆς
511 1416 610 1448 κακίας
628 1417 697 1452 πρὸς
716 1418 746 1444 τὸ
763 1419 883 1454 εἰδεχθὲς

79 1458 238 1494 ἠλλοιώηης
248 1466 256 1473 ⁸
283 1459 427 1487 ἀποστᾶσα
453 1461 481 1487 δὲ
496 1461 544 1487 νῦν
559 1462 608 1496 τῆς
620 1463 667 1489 τοῦ
682 1464 768 1491 κακοῦ
783 1472 882 1491 κοινω-

81 1504 156 1536 νίας.
171 1505 220 1530 καὶ
233 1505 296 1538 ἐμοὶ
311 1505 486 1541 πλησιάσασα
498 1508 536 1542 τῷ
553 1509 702 1544 ἀρχετύπῳ
718 1510 822 1542 κάλλει,
835 1511 882 1538 καὶ

939 264 1033 290 botrus
1052 261 1133 298 Cypri
1159 262 1222 294 sit,
1253 260 1486 288 considerandum
1511 261 1649 295 quomodo
1668 269 1731 289 cum

937 307 1018 342 Cypri
1034 307 1130 334 botrus
1139 311 1212 334 esset
1225 326 1231 336 .
1252 313 1305 333 non
1322 306 1350 333 in
1381 306 1468 333 vineis
1497 305 1578 341 Cypri
1599 306 1647 333 sed
1675 306 1732 333 En-

937 353 1018 388 gaddi
1038 361 1099 380 esse
1113 353 1238 380 dicitur?
1255 351 1394 379 Fortassis
1420 352 1514 386 utique
1536 351 1647 386 quando
1672 355 1731 378 erat

937 400 965 427 in
986 399 1048 426 sinu
1073 399 1175 432 Patris,
1198 402 1262 425 ante
1297 398 1526 430 incarnationem,
1546 397 1642 425 botrns
1671 401 1730 424 erat

936 445 1008 473 Deus
1022 440 1139 473 Vérbum
1153 445 1289 473 exsistens
1301 443 1432 479 ;-qnando
1445 448 1534 470 autem
1547 443 1581 470 ad
1594 443 1727 470 mundum

936 499 984 526 per
1003 499 1116 518 carnem
1132 491 1253 523 advenit,
1271 491 1297 517 in
1311 491 1399 517 vineis
1410 489 1516 517 exstitit
1532 489 1618 516 Gaddi
1639 490 1730 524 inqua

936 537 1008 564 oculi
1025 537 1183 564 tentationis
1204 544 1258 563 non
1274 536 1409 564 habentes
1427 541 1585 563 accuratam
1600 536 1730 562 veritatis

935 583 1222 618 comprehensionem,
1239 590 1300 609 eum
1318 582 1364 617 qui
1378 582 1527 616 apparebat
1540 582 1650 616 cognitu
1663 581 1731 608 dilli-

935 629 1015 656 cilem
1034 629 1197 660 reddebant,
1217 628 1283 655 dum
1301 635 1380 655 mens
1394 627 1428 654 ad
1445 632 1563 662 utraque
1589 627 1731 661 aequaliter

935 675 1128 708 inclinarctur,
1147 675 1179 702 ad
1199 674 1318 701 divinam
1337 674 1495 710 dignitatern
1521 678 1633 709 propter
1648 673 1731 700 mira-

934 722 1007 754 cula,
1024 726 1051 750 et
1072 722 1104 748 ad
1131 722 1280 749 humanam
1295 722 1428 748 vilitatem
1448 725 1559 756 propter
1575 720 1729 755 passiones.

934 768 1084 803 Postquam
1101 767 1196 803 igitur,
1220 772 1274 794 tam
1317 767 1344 794 in
1367 767 1497 802 operibus
1520 774 1602 801 quam
1625 767 1652 793 in
1679 766 1730 793 do-

934 814 1035 841 ctrinis
1059 813 1139 841 talem
1158 813 1217 848 ejus
1248 813 1418 848 diligentiam
1432 813 1545 840 alternis
1562 812 1730 839 exercuisset

936 867 1066 895 sponsus,
1089 860 1177 895 magis
1194 867 1226 887 ea
1242 867 1302 894 quae
1318 859 1371 894 ipsi
1387 859 1514 891 aderant,
1537 866 1588 885 suo
1605 858 1730 885 testimo:

898 895 920 924 Β
939 906 986 933 nio
1002 906 1181 938 conﬁrmans,
1196 906 1250 933 ait:
1270 905 1353 936 Ecce,
1366 905 1477 939 pulchra
1490 912 1534 936 es,
1555 908 1610 931 etc.

971 951 1053 980 Vsus.
1074 952 1118 979 M.
1136 951 1204 979 Ecce
1214 951 1328 986 pulchra
1344 959 1382 984 es,
1396 951 1544 985 propinqua
1569 957 1642 981 mea,
1671 955 1730 975 ecce

933 998 1045 1034 pulchra
1059 1006 1086 1025 es
1102 1005 1110 1025 :
1137 998 1208 1024 oculi
1224 999 1263 1024 tui
1275 997 1417 1024 coluntblu.

970 1044 1099 1079 Gregorii.
1112 1058 1145 1064 —
1167 1043 1197 1070 In
1210 1043 1430 1078 praecedentibus
1445 1041 1558 1076 quidem
1582 1039 1620 1067 illi
1634 1039 1730 1074 cujus-

933 1091 994 1118 dam
1008 1091 1071 1125 equi
1088 1094 1270 1125 apparentem
1288 1089 1342 1116 sub
1363 1087 1525 1116 testimonio
1545 1086 1642 1113 tribuit.
1668 1086 1729 1119 pul-

933 1136 1130 1168 cltritudinem,
1141 1143 1216 1163 nunc
1225 1142 1291 1162 vero
1308 1139 1439 1169 tanquam
1455 1131 1570 1167 virginis
1581 1131 1615 1159 de
1629 1136 1729 1158 caetero

934 1182 961 1209 in
976 1182 1034 1216 ipsa
1050 1184 1224 1208 relucentem
1242 1179 1376 1214 approbat
1400 1181 1573 1205 venustatem
1592 1195 1598 1208 ,
1616 1179 1644 1202 ct
1668 1175 1726 1202 ait:

934 1227 1001 1254 Ecce
1011 1227 1121 1262 pulchra
1131 1235 1169 1259 es,
1179 1226 1324 1260 propinqua
1334 1232 1401 1252 mea.
1412 1223 1497 1251 Docet
1510 1226 1600 1249 autem
1611 1229 1659 1256 per
1672 1221 1730 1248 haec

934 1275 1023 1301 oratio
1039 1275 1110 1301 hanc
1124 1271 1337 1308 pulchritudinis
1351 1278 1413 1298 esse
1429 1268 1643 1303 resumptionem
1654 1267 1729 1302 quod

933 1319 1005 1348 fonti
1026 1317 1246 1354 pulchritudinis
1259 1315 1417 1352 propinqua
1428 1314 1500 1341 facta
1510 1313 1554 1341 sit.
1568 1311 1635 1339 Nam
1650 1311 1729 1346 prius

933 1368 1056 1404 quidem,
1076 1367 1178 1402 inquit,
1197 1372 1252 1392 non
1267 1372 1331 1392 eras
1348 1363 1473 1399 pulchra,
1491 1361 1565 1396 quod
1583 1360 1653 1387 mala
1670 1358 1729 1387 vitii

934 1413 1232 1449 appropinquatiouea
1258 1410 1390 1445 primaria
1421 1409 1576 1435 abalienata
1604 1406 1730 1442 pulchri-

933 1461 1028 1488 tudine
1042 1479 1049 1492 ,
1077 1459 1104 1486 in
1123 1457 1328 1485 deformitatem
1345 1455 1432 1483 fueris
1451 1457 1634 1482 commutata.
1651 1452 1730 1481 Nunc

933 1511 1023 1532 autem
1042 1512 1057 1530 a
1077 1504 1139 1530 mali
1158 1503 1291 1531 societate
1307 1501 1442 1529 recedens
1474 1500 1597 1535 mihique
1623 1506 1727 1534 appro~

81 1551 154 1586 αὑτὴ
172 1551 243 1585 καλὴ
255 1551 381 1585 γέγονας,
397 1550 453 1579 οἷόν
465 1562 491 1580 τι
505 1555 659 1590 κάτοπτρον
672 1555 711 1591 τῷ
722 1556 782 1591 ὲμῷ
794 1565 882 1592 χαρα-

938 1552 1073 1586 pinquans
1091 1570 1099 1583 ,
1125 1549 1275 1584 exemplari
1307 1546 1507 1583 pulchritudini
1532 1546 1590 1581 ipsa
1621 1553 1731 1581 quoque

82 1597 168 1632 κτῆρι
181 1597 397 1631 ἐμμοριρωθεῐσα
406 1607 413 1614 ·
425 1596 484 1625 εἶτα
498 1600 631 1634 ἐπισχὼν,
642 1601 690 1627 καὶ
701 1598 756 1628 οἷον
764 1602 792 1628 ὲν
804 1610 885 1637 προσ-

82 1643 157 1678 θήκῃ
175 1643 229 1669 τινὶ
244 1643 292 1669 καὶ
303 1644 429 1671 ἐπιτάσει
443 1646 594 1681 γενομένην
609 1647 657 1673 τοῦ
671 1648 786 1680 κάλλους
799 1648 884 1684 αὐτὴν

83 1688 269 1723 Θεασάμενος,
287 1690 370 1716 πάλιν
394 1691 441 1717 τδν
456 1692 539 1719 αὑτὸν
563 1693 790 1729 ὲπαναλάμὸανει
807 1694 884 1728 λόγον

84 1734 173 1760 εἰπών
185 1743 191 1749 ·
227 1734 302 1761 Ἰδοὺ
331 1733 362 1762 εἷ
377 1737 473 1769 καλή·
500 1737 558 1763 ἀλλ’
575 1738 605 1764 ὲν
624 1737 662 1773 τῷ
682 1738 811 1774 προτέρῳ
834 1738 885 1774 τὴν

85 1779 204 1815 πλησίον
218 1779 377 1814 ὠνόμασεν·
395 1781 513 1808 ἐνταῦθα
525 1782 614 1818 δὲτὴν
631 1784 663 1809 ὲκ
686 1784 734 1810 τοῦ
754 1784 886 1819 ὀνόματος

85 1824 140 1851 τῶν
168 1825 249 1851 εἱδῶν
274 1825 503 1861 γνωριζομένην·
539 1828 703 1862 Ὀφθαλμοί
735 1837 796 1856 σου
819 1828 883 1864 γὰρ,

85 1871 154 1905 φησὶ
165 1890 175 1903 ,
194 1872 370 1905 περιστεραί
382 1880 388 1887 ·
402 1873 535 1907 πρότερον
559 1873 609 1908 μὲν
626 1874 680 1907 γὰρ
693 1874 737 1900 ὅτε
754 1874 792 1909 τῷ
810 1873 886 1909 ἵππῳ

85 1915 270 1950 ἀφωμοιώθη,
299 1917 329 1942 ὲν
352 1917 456 1951 σιαγόνι
483 1927 513 1944 τε
538 1919 585 1945 καὶ
603 1919 755 1954 τραχήλῳό
773 1919 885 1951 ἔπαινος

86 1959 118 1996 ἦν
130 1969 137 1976 ·
165 1960 217 1988 νῦν
232 1961 260 1988 δὲ
288 1962 333 1988 ὅτε
350 1963 380 1989 τὸ
401 1963 467 1990 ἴδιον
492 1965 577 2000 αὐτῆς
605 1966 726 2000 ἀνεφάνη
744 1966 852 1998 κάλλος,
867 1967 884 2001 ὴ

86 2008 139 2034 τῶν
153 2007 308 2042 ὁφθαλμων
319 2008 400 2044 χάρις
410 2010 628 2045 ὲγκωμιᾱζεται·
643 2012 657 2037 ὁ
670 2011 700 2037 δὲ
715 2011 769 2037 τῶν
786 2011 884 2046 ὀφθαλ-

88 2054 146 2089 μῶν
155 2056 282 2086 ἔπαινος,
298 2054 327 2081 τὸ
343 2057 506 2091 περιστερᾶς
518 2054 588 2083 εἶναι
602 2057 636 2084 τὰ
646 2057 758 2092 ὃμματα
771 2066 777 2073 ·
792 2058 886 2093 ἐπειδὴ

88 2101 155 2136 πρὸς
170 2100 188 2127 ὃ
207 2101 241 2127 ἄν
257 2109 300 2132 τις
323 2101 476 2137 ὲνατενίσῃ,
499 2102 595 2129 τούτου
615 2103 722 2138 δέχεται
744 2104 774 2129 ὲν
796 2104 886 2139 ἑαυτῷ

88 2149 116 2174 ab
129 2148 263 2184 ὁμοίωμα
276 2158 283 2164 ·
305 2149 354 2176 καὶ
370 2149 424 2185 γάρ
438 2158 520 2184 φασιν
534 2151 559 2176 οἱ
576 2150 610 2177 τὰ
625 2151 737 2178 τοιαῦτα
761 2151 886 2185 φυσιολό-

89 2201 142 2227 γων
156 2195 362 2229 ἐπιστήμονες,
388 2194 426 2226 ὡς
450 2194 500 2226 τὰς
517 2195 572 2222 τῶν
598 2195 716 2222 εἰδώλων
731 2195 886 2229 ἐμπτώσεις

89 2238 236 2274 δεχόμενος
250 2239 264 2264 ὁ
277 2239 429 2274 ὀφθαλμδς,
439 2239 467 2266 αἶ
492 2240 546 2267 τῶν
563 2240 670 2274 ὁρατῶν
692 2240 884 2276 ἀπορρέουσιν,

940 2251 1031 2271 rerum
1054 2243 1221 2270 naturalium
1240 2263 1247 2274 ,

91 2283 174 2316 οὕτως
196 2285 306 2320 ἐνεργεῖ
318 2285 368 2319 τὴν
385 2284 446 2319 ὖψιν
457 2293 465 2300 ·
483 2285 500 2320 ἢ
517 2286 616 2321 μηκέτι
638 2284 708 2320 αἷμα
723 2287 772 2313 καὶ
786 2287 886 2322 σάρκα,

92 2331 215 2357 τουτέστι
231 2331 278 2357 τὸν
291 2332 447 2366 σωματικὸν
461 2331 528 2367 βίον,
543 2333 680 2367 βλέπουσα
701 2333 730 2359 νύ
736 2342 804 2368 μφη,
820 2334 888 2361 ἀλλὰ

91 2376 139 2411 τῆς
154 2378 321 2412 σωματικῆς
339 2378 528 2412 προσπαθείας
550 2379 760 2414 ἁπηλλαγμένη,
773 2380 889 2412 εἰκότως

93 2424 121 2450 τὺ
132 2424 180 2459 τῆς
197 2425 366 2459 περιστερᾶς
382 2422 450 2456 εἶδος
467 2426 496 2451 ὲν
509 2427 566 2457 τοῖς
584 2426 707 2461 ὄμμασιν
723 2427 796 2462 ἔχειν
811 2426 888 2461 λέγε-

93 2477 134 2496 ται
145 2477 151 2484 ·
161 2470 304 2497 τουτέστιν
316 2470 363 2497 τὸν
371 2472 533 2507 χαρακτῆρα
542 2472 592 2508 τῆς
602 2475 792 2509 πνευματικῆς
801 2473 886 2509 ζωῆς,

94 2515 131 2550 τῷ
145 2516 295 2551 διορατικῷ
307 2517 356 2552 τῆς
369 2517 459 2553 ψυχῆς
472 2519 664 2552 ὲναυγάσασα·
682 2520 729 2546 καὶ
743 2521 857 2554 ἐπείπερ
874 2521 888 2547 ὁ

94 2561 212 2597 καθαρὸς
225 2562 310 2597 αὐτῆς
323 2562 472 2597 ὀφθαλμὸς,
486 2563 610 2595 δεκτικὸς
624 2565 670 2591 τοῦ
690 2566 739 2600 τῆς
760 2574 888 2600 περιστε-

97 2609 143 2642 pi;
152 2610 330 2644 χαρακτῆρος
342 2610 464 2644 γέγονεν,
478 2611 561 2646 ἤγουν
571 2612 617 2638 τοῦ
632 2612 710 2645 ἁγίου
721 2612 889 2647 Πνεύματος,

95 2653 136 2679 διὰ
159 2655 241 2681 τοῦτο
264 2657 350 2690 χωρεῖ
366 2656 453 2682 καὶτὸ
475 2656 522 2682 τοῦ
543 2657 660 2691 νυμφίου
676 2657 772 2688 κάλλος
790 2657 888 2684 θεάσα-

98 2698 170 2726 ςῡαι·
188 2710 198 2726 ι
218 2700 314 2732 υὺδεὶς
328 2701 383 2736 γὰρ
396 2701 506 2728 δύναται
522 2702 610 2730 εἰπεῖν
623 2703 723 2739 Κύριον
737 2703 851 2740 Ἰησοῦν,
866 2703 890 2730 εἰ

100 2743 134 2778 μὴ
147 2745 175 2771 ὲν
189 2745 333 2780 Πνεὺματι
347 2746 429 2781 ἁγίῳ.
448 2755 458 2772 ι

353 2880 370 2889 ρ.

132 2877 154 2894 ¹⁸
171 2878 180 2905 ι
196 2879 262 2908 Cor.
284 2888 333 2910 xu.
353 2880 382 2908 ’ὄλ

937 1597 1052 1632 pulchra
1069 1596 1198 1628 evasisti,
1219 1596 1295 1622 velut
1326 1593 1466 1629 quoddam
1493 1593 1637 1628 speculum
1669 1599 1731 1619 meo

936 1643 1091 1671 characteri
1108 1640 1292 1669 conformata.
1312 1640 1415 1668 Deinde
1429 1647 1492 1667 cum
1509 1647 1539 1666 se
1556 1638 1731 1666 cohibuisset

936 1695 963 1718 et
978 1698 1038 1718 eam
1054 1690 1139 1717 veluti
1154 1689 1181 1716 in
1197 1689 1315 1724 quadam
1351 1687 1492 1714 additione
1518 1690 1544 1713 et
1571 1685 1732 1713 aecessione

936 1737 1143 1771 contemplatus
1154 1740 1228 1763 esset
1242 1734 1470 1770 pulchritudinis,
1484 1741 1582 1760 rursus
1601 1732 1731 1760 eamdem

936 1783 1035 1818 repetit
1049 1782 1202 1810 orationem
1217 1801 1223 1813 ,
1239 1781 1336 1808 dicens
1352 1789 1359 1807 :
1385 1779 1452 1807 Ecce
1476 1779 1590 1815 pulchra
1606 1788 1644 1806 es.
1677 1779 1730 1806 Sed

937 1830 1014 1865 prius
1030 1836 1089 1856 eam
1111 1827 1266 1855 nominavit
1283 1826 1466 1861 propinquam
1483 1834 1489 1858 ;
1507 1826 1553 1853 hic
1579 1830 1670 1853 autem
1697 1833 1732 1853 ex

937 1876 1028 1910 specie
1042 1874 1185 1901 oculorum
1201 1873 1352 1906 cognitam.
1376 1872 1453 1899 Oculi
1467 1872 1538 1899 enim
1557 1872 1606 1905 tui,
1620 1871 1708 1906 inquit
1722 1891 1731 1905 ,

938 1920 1074 1948 columbw.
1094 1918 1176 1946 Prius
1191 1919 1263 1946 enim
1287 1918 1398 1953 quando
1413 1926 1484 1953 equo
1497 1918 1548 1944 fuit
1562 1918 1729 1949 assimilala,

938 1967 998 1994 laus
1013 1971 1071 1993 erat
1097 1966 1125 1992 in
1151 1965 1263 1992 maxilla
1281 1969 1308 1991 et
1331 1964 1412 1997 collo.
1444 1971 1518 1995 IIUILC
1547 1968 1638 1991 autem
1669 1970 1731 1990 cum

937 2013 997 2048 ejus
1021 2012 1133 2046 propria
1152 2010 1282 2045 apparuit
1304 2010 1493 2044 pulchritudo,
1512 2009 1641 2037 laudatur
1668 2018 1729 2045 gra-

938 2059 973 2085 tia
986 2059 1046 2093 ejus
1064 2057 1219 2085 oculorum.
1235 2056 1307 2083 Laus
1323 2061 1413 2083 autem
1428 2056 1488 2090 ejus
1501 2057 1644 2083 oculorum
1659 2057 1732 2091 quod

938 2105 993 2133 sint
1015 2105 1088 2132 oculi
1116 2104 1261 2135 columba),
1293 2099 1427 2138 siquidem
1458 2103 1484 2129 in
1504 2103 1577 2138 quod
1604 2104 1666 2138 quis
1685 2103 1733 2130 dc-

938 2152 1029 2178 tixerit
1053 2151 1161 2183 oculos,
1180 2150 1241 2184 ejus
1260 2150 1287 2176 in
1317 2157 1346 2176 se
1372 2149 1488 2184 suscipit
1510 2149 1731 2176 similitudinem.

939 2197 1063 2224 Tradunt
1077 2198 1149 2224 enim
1166 2197 1211 2231 qtti
1229 2199 1295 2223 sunt
1311 2195 1414 2230 prtediti
1442 2195 1556 2222 scientia
1574 2195 1730 2229 hujusmodi

1278 2241 1352 2277 quod
1392 2241 1490 2268 oculus
1520 2241 1731 2268 simulacrorum

939 2290 1112 2317 incursiones
1142 2297 1176 2316 cx
1212 2288 1294 2315 rebus
1326 2287 1541 2322 aspectabilibus
1571 2293 1733 2315 emanautes

937 2336 1079 2370 excipiens
1096 2357 1104 2368 ,
1136 2335 1172 2362 ita
1197 2334 1298 2361 formet
1324 2334 1470 2360 visionem.
1487 2332 1572 2369 Igitur
1592 2341 1647 2361 non
1674 2342 1717 2361 am

939 2382 1012 2417 plitts
1029 2381 1062 2408 ad
1077 2388 1188 2408 carnem
1203 2385 1230 2407 et
1244 2381 1409 2414 sanguinem
1423 2399 1430 2412 ,
1452 2379 1505 2406 hoc
1520 2385 1562 2407 est
1588 2381 1621 2406 ad
1644 2381 1730 2408 vitam

940 2427 1110 2462 corporalem
1127 2433 1226 2461 sponsa
1240 2425 1402 2460 respiciens,
1422 2425 1469 2453 sed
1486 2433 1500 2451 a
1517 2434 1648 2460 corporea
1667 2426 1734 2453 atro-

941 2474 1030 2500 ctione
1046 2473 1173 2504 liberata,
1189 2472 1286 2498 merito
1309 2471 1442 2498 columba:
1457 2471 1575 2506 speciem
1601 2472 1627 2498 in
1646 2473 1734 2500 oculis

941 2519 1044 2547 habere
1058 2519 1169 2551 dicitur,
1193 2518 1244 2545 hoc
1263 2523 1306 2545 est
1327 2522 1513 2545 characterem
1530 2518 1592 2545 vita:
1604 2519 1733 2554 spiritalis

941 2565 1095 2600 perspicaci
1109 2564 1194 2591 animi
1219 2563 1350 2591 facultate
1382 2563 1525 2590 illustrari.
1548 2563 1579 2590 Et
1604 2564 1732 2599 quoniam

940 2619 1027 2646 purus
1041 2610 1102 2645 ejus
1119 2610 1216 2637 oculos
1231 2617 1318 2644 capax
1336 2609 1422 2637 factus
1436 2613 1478 2636 est
1495 2610 1664 2636 ebur-actoris
1685 2617 1734 2636 co-

942 2658 1050 2689 lnmbm,
1059 2665 1157 2692 nempe
1166 2657 1288 2691 Spiritus
1297 2657 1397 2689 sancti,
1407 2662 1549 2691 propterea
1558 2657 1639 2683 etiam
1649 2664 1732 2690 capax

941 2707 983 2731 est
998 2703 1202 2738 contemplandi
1229 2703 1323 2738 sponsi
1352 2703 1597 2738 pulchritudinem.
1616 2712 1625 2727 ‹
1649 2702 1734 2729 Ncnm

944 2750 1016 2777 enim
1030 2753 1122 2784 potest
1134 2749 1226 2777 dicere
1246 2748 1388 2777 Dominum
1405 2747 1510 2782 Jcsum,
1521 2748 1575 2776 nisi
1589 2748 1615 2776 in
1629 2748 1734 2785 Spiritu

943 2799 1041 2823 sancto
1055 2795 1087 2822 ¹⁶.
1112 2804 1122 2820 ι
