1966 3074
230 122 294 155 1571

266 178 334 206 Nili.
356 193 384 198 —
410 177 454 206 Bis
473 177 541 205 dicit
574 177 684 211 pulchra
700 182 810 214 propter
825 177 885 212 ejus
900 179 927 206 in
942 183 1021 206 ntro-
1035 185 1058 213 Α

229 232 283 259 qtte
302 224 424 256 homine,
440 223 580 256 interiore,
598 224 722 258 inquam,
740 228 766 250 et
783 224 929 256 exteriore,
947 224 1024 259 puri-

229 275 323 297 tatem.
343 269 483 296 Columba:
509 275 598 296 autem
614 269 673 303 ejus
694 269 789 296 oculos
819 269 917 296 merito
933 268 1025 303 appel-

231 317 280 349 lat,
297 317 426 351 quoniam
444 316 572 344 omnibus
589 324 638 351 pro
661 316 821 344 diversitate
837 323 927 343 rerum
950 315 1024 342 circa

230 364 320 398 ipsum
336 367 476 397 gestarum
507 363 589 389 simul
623 370 676 389 una
704 367 823 389 mentem
850 361 1024 389 mutantibus

230 414 257 436 ct
272 408 324 434 alia
342 409 451 443 quidem
468 412 532 435 ante
572 409 742 443 passionem,
768 408 820 435 alia
842 415 905 435 vero
923 407 949 434 in
966 407 1024 440 ipsa

231 454 359 488 passione
374 455 407 481 de
425 454 484 488 ipso
510 454 697 488 cogitantibus
712 473 720 486 ,
747 458 828 488 alque
850 452 1024 479 heterodoxis

228 500 305 534 juxta
325 506 420 526 earum
437 500 659 527 contrarietatem
688 499 843 533 phantasiis
862 498 1022 525 ﬁrmitatem

231 545 364 580 propositi
385 545 605 572 couvcllenlihus
620 565 627 575 ,
649 545 706 572 sola
725 545 887 580 spiritaliter
910 551 942 571 ea
964 551 1024 578 qua:

233 590 333 617 tiebant
350 590 540 624 intelligebat,
575 590 644 617 nihil
665 597 760 617 eorum
779 598 840 625 quae
865 587 1024 617 accidebant

232 637 383 664 secundum
405 638 554 664 multorum
571 637 727 672 opinionem
746 637 886 672 judicans.
901 636 947 664 sed
963 643 1022 663 eam

232 689 313 716 quam
329 682 363 708 ab
380 681 460 708 initio
485 681 518 708 de
531 681 590 716 ipso
612 686 741 716 tanquam
761 681 815 708 Deo
844 680 1024 708 existimatio-

234 736 294 755 nem
312 728 444 754 habuerat
458 747 466 759 ,
481 727 508 753 in
522 728 647 762 utrisque
662 727 834 762 temporibus
850 726 1022 754 custodiens.

233 772 418 807 Propinquam
445 779 527 807 porro
544 772 631 806 ipsatn
648 776 738 803 vocat,
756 776 866 807 propter
899 771 1022 798 incarna-

240 819 342 845 tionem
387 817 607 852 qttandoquidem
648 817 708 852 ejus
736 825 836 852 corpus
863 816 1024 850 assumpsit.
1042 832 1063 860 Β

233 864 286 892 Sed
305 867 332 890 et
349 871 471 891 sororem
490 863 575 898 ipsam
603 868 681 890 vocat
697 868 808 898 propter
821 863 1026 897 conjunctionis

234 909 395 944 puritatem,
422 912 449 934 et
470 915 598 942 sponsam
632 913 744 942 propter
776 908 885 934 invidia:
906 909 1028 934 vacuita-

234 959 288 982 tem
304 963 311 986 ς
329 961 435 987 semper
454 955 526 980 enim
553 953 689 981 exsistet-5
715 961 816 988 sponsa
839 953 972 988 vigentem
996 961 1028 980 ac

233 1006 370 1027 recentem
385 999 466 1026 habet
488 1007 620 1032 antorem,
638 999 756 1034 diligens
768 1003 795 1026 et
809 998 919 1025 dilecta.

269 1044 374 1080 Cyrilli.
389 1060 423 1065 —
437 1044 582 1072 Pulchram
596 1052 655 1071 eam
667 1044 744 1075 dicit,
758 1043 829 1070 haud
851 1044 923 1070 sicut
942 1047 1023 1070 antea

235 1091 307 1118 inter
319 1091 449 1118 mulieres
468 1091 576 1117 dixerat
594 1099 600 1116 :
618 1090 664 1117 sed
677 1089 740 1116 dum
759 1090 803 1118 hic
822 1097 882 1117 eam
897 1090 1028 1125 proxume

235 1137 317 1164 titulo
346 1137 471 1169 denotat,
499 1143 608 1171 sponsae
627 1135 734 1163 laudem
754 1136 876 1170 duplicat
899 1143 1027 1170 sponsus.

234 1183 313 1210 dotes
325 1182 386 1217 ejus
403 1182 571 1210 theorcticas
583 1182 665 1209 simul
682 1182 873 1217 practicasque
888 1189 1028 1208 commen-

234 1229 314 1257 dans.
335 1228 395 1256 Jam
412 1228 509 1256 oculos
531 1227 633 1255 mentis
657 1227 805 1262 cordisque
821 1228 901 1260 dicit,
923 1228 1027 1255 colum-

235 1276 332 1310 bteque
348 1275 445 1302 Oculos
462 1278 572 1309 propter
586 1273 795 1309 perspicaciam,
808 1274 881 1308 quod
898 1274 979 1301 etiam
994 1275 1028 1302 de

236 1320 341 1356 Spirilu
361 1319 426 1347 dato
446 1320 588 1354 accipitur.
621 1320 664 1346 Ait
687 1326 753 1354 ergo
781 1327 910 1354 sponsam
939 1324 1029 1347 mente

235 1371 343 1394 auctam
356 1374 417 1401 qua:
433 1365 518 1393 Deum
539 1365 628 1393 solum
641 1370 757 1401 spectat.
767 1365 843 1392 Oculi
859 1370 948 1392 autem
964 1369 1028 1392 sunt

235 1413 316 1440 ctiam
343 1413 457 1440 innocui
477 1417 612 1448 acuteque
641 1418 785 1441 cernentes
813 1413 944 1440 Ecclesiae
969 1421 1028 1440 ma-

236 1460 326 1495 gistri.

272 1505 353 1533 Vens.
376 1504 424 1538 15,
445 1505 490 1532 16.
509 1503 576 1531 Ecce
603 1504 710 1539 pulcher
727 1514 754 1532 es
767 1526 774 1538 ,
791 1506 931 1540 fratruelis,
939 1514 1026 1538 meus,
1041 1507 1064 1537 ο

235 1556 260 1579 ct
272 1551 428 1586 formosus;
445 1550 556 1578 lectulus
570 1555 659 1589 noster
680 1552 830 1578 umbrosus.
856 1551 955 1579 Tralles
987 1560 1035 1578 no—

236 1602 300 1624 stra:
316 1596 399 1628 cedri,
414 1596 552 1631 laquearia
567 1600 660 1623 nostra
674 1597 800 1629 cupressi.

271 1641 488 1670 Pltilonis.——Vel
504 1642 616 1676 pulcher
628 1643 654 1668 in
668 1642 735 1676 lege,
749 1643 891 1677 speciosus
903 1643 929 1669 in
946 1642 1035 1670 Evan-

236 1689 324 1723 gelio;
340 1689 453 1723 pulcher
465 1689 492 1715 iu
509 1689 660 1723 prophetis,
677 1690 819 1723 speciosus
836 1689 862 1716 in
880 1688 1035 1723 apostolis;

237 1735 350 1770 pulcher
361 1735 560 1769 temporalibus
574 1735 653 1762 bonis
670 1734 838 1769 adjurarnlo,
857 1738 883 1761 et
894 1735 1036 1769 speciosus

237 1782 264 1808 in
288 1781 367 1808 bouis
389 1781 498 1808 futuris.
515 1780 608 1808 Cubile
618 1784 739 1806 nostrum
751 1780 917 1807 umbrosum.
932 1779 973 1806 Tu
988 1787 1037 1806 au-

239 1834 292 1854 tem
304 1827 388 1854 nosin
399 1830 487 1853 tnorte
496 1826 622 1860 respicis.
633 1824 700 1852 Nam
712 1835 721 1850 ι
736 1825 849 1852 Etiamsi
860 1825 1037 1852 ambularem

238 1870 266 1900 in
280 1872 369 1900 medio
382 1873 485 1900 umbrae
499 1873 607 1905 mortis,
625 1880 679 1899 non
696 1872 797 1899 litnebo
815 1873 896 1904 mala,
907 1872 1035 1907 quoniaut

237 1925 266 1946 tu
284 1926 391 1946 mecum
415 1927 445 1946 es
457 1920 490 1946 ιτ,
521 1929 530 1945 ι
556 1918 662 1953 Sponsa
684 1924 775 1945 autem
794 1918 828 1946 de
851 1919 933 1946 domo
956 1918 1008 1945 sibi
1022 1926 1036 1944 a

237 1972 342 1999 sponso
355 1964 490 1992 aediﬁcata
507 1966 632 2000 glorians
645 1966 691 1993 illa
703 1965 783 1997 dicit,
799 1973 847 2000 per
872 1965 944 2000 tigna
971 1971 1037 1991 san-

236 2017 298 2040 ctos
314 2012 461 2047 prophetas
477 2013 635 2047 designans.
645 2012 740 2039 Justus
763 2012 836 2039 enim
859 2012 930 2038 sicut
946 2009 1036 2044 palma

236 2058 355 2090 florehit,
377 2058 457 2092 quasi
483 2059 584 2086 cedrus
605 2059 702 2086 Libani
724 2057 962 2092 multiplicabitur.
982 2056 1036 2083 La-

236 2102 353 2137 quearia
367 2102 480 2129 domum
498 2106 525 2129 et
539 2103 681 2137 pulchram
701 2106 729 2129 et
741 2102 891 2137 jucundam
904 2102 1034 2130 elliciunt.

271 2187 401 2223 Gregorii.
429 2202 463 2206 -—
485 2187 584 2214 Omnia
610 2189 705 2220 enim,
735 2189 844 2223 inquit,
866 2196 1036 2224 quarumque

236 2234 304 2260 mihi
321 2233 434 2268 pulchra
452 2234 629 2268 videbantur,
643 2239 672 2261 ut
685 2235 772 2270 gloria
793 2236 834 2262 vel
850 2235 1034 2270 pulchritudo,

237 2282 286 2305 aut
301 2279 473 2314 principatus
488 2282 530 2307 vel
548 2280 684 2315 quidlibet
711 2281 861 2316 ejusmodi.
876 2282 1036 2309 arersabar.

237 2323 296 2350 Non
320 2324 385 2350 mihi
410 2325 528 2359 amplius
555 2325 664 2353 aberrat
692 2326 725 2353 de
750 2327 822 2354 bono
845 2327 992 2362 judicium,
1008 2333 1038 2355 ut

239 2368 316 2396 aliud
339 2369 444 2404 aliquid
462 2371 608 2405 mstimem,
633 2376 732 2406 prmter
749 2376 785 2405 te,
810 2380 872 2399 esse
888 2373 989 2399 bonurn
1006 2379 1038 2399 ac

238 2415 395 2450 pulchrum.
406 2415 447 2442 Tu
464 2418 536 2443 enim
550 2424 631 2444 verus
645 2418 769 2452 pttlcher,
782 2425 831 2444 nec
849 2418 962 2453 pulcher
979 2424 1042 2446 tan-

238 2466 307 2494 ttnu,
321 2461 368 2489 sed
381 2461 439 2496 ipsa
450 2462 513 2489 honi
530 2462 692 2498 pulchrique
707 2464 837 2496 essentia,
849 2464 894 2498 qui
906 2472 966 2491 cum
981 2465 1041 2492 vitae

238 2509 392 2535 atternitale
419 2508 502 2534 simul
529 2509 655 2536 extendis
681 2510 799 2544 speciem
829 2518 875 2537 seu
900 2511 1038 2546 decorem,

239 2554 283 2579 cui
319 2561 419 2580 nomen
449 2553 512 2580 fecit
546 2555 686 2581 hominum
716 2563 803 2582 amor.
837 2555 978 2590 Tanquam
1006 2564 1038 2583 ex

239 2597 308 2625 .lnda
330 2597 408 2625 nobis
422 2602 500 2626 ortus
517 2606 567 2632 es;
586 2598 742 2627 Iudaeorum
763 2601 834 2628 enim
849 2602 967 2637 populus
983 2601 1038 2628 fra-

239 2649 281 2671 ter
293 2643 353 2677 ejus
369 2643 414 2677 qui
428 2643 461 2670 ad
473 2648 500 2671 te
515 2652 546 2672 ex
563 2646 689 2679 gentibus
701 2647 816 2678 accedit,
835 2653 907 2675 recte
924 2654 1034 2684 propter

239 2688 391 2714 divinitatis
413 2692 466 2714 une
492 2687 519 2714 in
543 2696 627 2716 carne
652 2690 751 2717 laetam
771 2691 1034 2726 manifestationem,

239 2733 300 2769 cjtts
326 2740 386 2767 qua:
405 2736 480 2760 amat
505 2734 666 2764 nominatus
693 2743 724 2764 cs
753 2735 904 2766 fratruelis.
932 2738 1033 2767 Deinde

276 2822 299 2840 "
318 2822 390 2850 Psal.
402 2830 469 2857 xm,
482 2823 509 2853 4.

900 122 1081 154 PROCUPII
1096 122 1217 152 GAZ/EI

1053 2176 1073 2201 1)

1799 122 1876 154 1572

1108 179 1230 206 Νείλου.
1247 193 1282 200 -—-
1295 177 1340 209 Δὶς
1367 177 1398 204 τὸ
1416 178 1495 212 καλὴ
1511 177 1599 212 λέγει·
1617 178 1658 205 διὸ
1671 178 1721 213 τὴν
1732 179 1760 205 ὲν
1776 178 1877 213 ἀμφο-

1075 224 1165 260 τέροις
1183 226 1239 256 τοῖς
1253 223 1406 259 ἀνθρώποις
1429 225 1521 256 αὐτοῖς
1538 224 1577 260 τῷ
1593 233 1622 250 τε
1640 225 1695 251 ἔσω
1707 226 1753 252 καὶ
1766 226 1805 261 τῷ
1816 226 1876 257 ἔξω

1075 271 1252 307 καθαρότητα
1264 278 1270 285 ·
1297 272 1461 306 περιστερᾶς
1476 270 1504 297 δὲ
1522 271 1584 302 τοὺς
1601 271 1758 306 ὀφθαλμοὺς
1781 272 1875 306 αὐτῆς

1075 318 1188 348 εἰκότως
1204 316 1404 353 προσαγορεύει
1415 325 1423 332 θ
1449 317 1544 352 ἐπειδὴ
1569 317 1679 344 πάντων
1699 319 1733 352 τῇ
1748 318 1874 354 διαφορᾷ

1074 362 1133 389 τῶν
1149 361 1214 397 περὶ
1227 362 1307 388 αὐτὸν
1330 361 1563 397 οζκονομηθέντων
1584 362 1874 397 συμμεταϐαλλόντων

1075 407 1124 442 τὴν
1140 407 1252 442 γνώμην
1264 415 1271 422 ·
1290 407 1336 433 καὶ
1349 407 1415 434 ἄλλα
1430 407 1479 442 μὲν
1493 408 1546 442 πρὸ
1559 407 1607 434 τοῦ
1624 407 1739 439 πάθους,
1750 408 1819 435 ἄλλα
1840 408 1875 435 δὲ

1075 454 1104 480 ἐν
1128 453 1166 488 τῷ
1189 453 1271 479 πάθει
1300 453 1363 488 περὶ
1378 453 1461 479 αὑτοῦ
1482 452 1691 479 ὑπολαϐόντων·
1713 453 1759 479 καὶ
1774 454 1871 487 ἑτερο-

1074 498 1160 530 δόξοις
1174 500 1235 529 ταῖς
1249 499 1311 524 κατ’
1326 498 1502 532 ἐναντιότητα
1527 498 1690 531 φαντασίαις
1706 499 1735 525 τὸ
1755 498 1875 533 ἰσχυρὸν

1075 544 1124 578 τῆς
1140 545 1328 580 προαιρέσεως
1348 544 1556 579 κλονησάντων,
1585 544 1778 579 πνευματικῶς
1796 544 1874 571 ὲνόει

1075 590 1109 619 τὰ
1127 590 1297 624 τε).ούμενα’
1323 590 1399 617 οὐδὲν
1430 591 1636 626 συμϐαινόντων
1660 591 1730 617 κατὰ
1743 591 1792 627 τὴν
1812 591 1874 617 τῶν

1076 636 1181 663 πολλῶν
1204 636 1339 671 ὑπόληψιν
1369 636 1515 671 κρίνουσα·
1542 637 1587 663 τὸν
1602 637 1630 663 δὲ
1650 636 1679 669 ἐξ
1694 637 1782 671 ἀρχῆς
1802 637 1871 671 περὶ

1075 682 1156 708 αὐτοῦ
1184 682 1221 714 ὡς
1244 682 1311 709 Θεοῦ
1340 683 1420 715 δόξαν
1450 684 1479 709 ὲν
1508 682 1639 718 ἑκατέρου
1658 682 1798 717 φυλάξασα
1810 683 1872 713 τοῖς

1075 729 1198 763 καιροῖς·
1216 728 1330 763 πλησίον
1346 728 1373 755 δὲ
1392 727 1478 764 αὐτὴν
1494 728 1568 762 λέγει
1582 727 1625 753 διὰ
1636 728 1683 762 τὴν
1695 726 1874 762 ὲνανορώπη-

1077 782 1130 806 σιν,
1148 774 1241 809 ἐπειδὴ
1257 774 1287 800 τὸ
1303 774 1410 809 ἐκείνης
1437 773 1553 801 ἀνέλαϐε
1573 774 1669 808 σῶμα·
1684 773 1762 799 καλεί
1779 772 1807 798 δὲ
1818 772 1873 798 αὐ-

1077 818 1125 854 τὴν
1156 819 1203 845 καὶ
1232 818 1360 853 ἀδελφὴν,
1385 818 1429 845 διὰ
1464 819 1494 845 τὸ
1517 820 1566 854 τῆς
1594 818 1741 852 συναφείας
1767 817 1869 851 ἁγνόν·

1078 863 1126 889 καὶ
1138 863 1256 897 νύμφην,
1268 862 1311 889 διὰ
1323 863 1351 889 τὸ
1366 863 1529 899 ἀδιάφθορον
1539 873 1545 879 ·
1559 864 1602 890 ἀεὶ
1618 863 1673 898 γὰρ·
1684 861 1752 889 οὖσα
1763 862 1870 898 νύμφη,

1077 909 1237 944 ἀκμάζοντα
1253 909 1300 935 καὶ
1319 909 1416 945 νεαρὸν
1429 909 1485 944 ἔχει
1498 910 1543 936 τὸν
1562 909 1654 941 πόθον,
1672 909 1807 944 ἀγαπῶσα
1822 909 1873 936 καὶ

1077 953 1260 988 ἀγαπωμένη.

1114 1043 1277 1077 Κιφιλλου.
1290 1059 1325 1063 -
1339 1043 1432 1079 Καλὴν
1458 1044 1543 1078 αὐτὴν
1574 1052 1665 1079 φησιν,
1678 1044 1726 1080 οὺχ
1738 1044 1776 1076 ὼς
1797 1044 1869 1078 πρό-

1078 1097 1157 1125 τερον
1172 1090 1201 1115 ὲν
1218 1089 1325 1123 γυναιξὶ
1340 1090 1427 1124 λέγων
1444 1090 1534 1124 μόνον,
1552 1090 1610 1116 ἀλλ’
1625 1090 1673 1125 ἤδη
1692 1091 1738 1116 καὶ
1748 1090 1785 1121 ὡς
1799 1090 1868 1124 πλη-

1079 1135 1135 1161 σίον
1159 1134 1241 1161 αὑτοῦ
1270 1135 1498 1167 ἀναδιπλασιάζει
1527 1136 1577 1170 τῆς
1606 1135 1715 1170 νύμφης
1728 1135 1872 1170 ὁνυμφίος

1078 1181 1123 1207 τὸν
1136 1181 1246 1208 ἔπαινον
1257 1190 1264 1196 ·
1278 1182 1308 1208 τό
1326 1191 1355 1208 τε
1389 1182 1557 1217 θεωρητικὸν
1571 1182 1654 1216 αὐτῆς
1671 1182 1800 1214 ἐπαινῶν,
1822 1182 1872 1208 καὶ

1077 1226 1108 1252 τὸ
1124 1227 1274 1261 πρακτικόν
1286 1235 1293 1242 ⁸
1309 1227 1466 1262 ὀφθαλμοὺς
1482 1227 1510 1254 δὲ
1525 1228 1588 1258 τοὺς
1605 1227 1645 1258 εἰς
1661 1226 1723 1253 νοῦν
1737 1227 1784 1253 καὶ
1801 1235 1872 1262 καρ-

1078 1271 1137 1298 δίαν
1152 1273 1234 1306 φησίν
1243 1281 1251 1288 ·
1265 1274 1439 1310 περιστερᾶς,
1449 1272 1480 1300 τδ
1496 1273 1679 1309 διορατικοὺς,
1693 1273 1761 1299 mea
1772 1273 1819 1300 καὶ
1830 1274 1872 1302 εἰς

1079 1318 1192 1353 Πνεῦμα
1218 1319 1406 1354 ).αμ6ἁνεται“
1439 1319 1514 1354 λέγει
1538 1317 1584 1346 οὖν
1595 1319 1632 1351 ὡς
1647 1319 1757 1352 ἐδέξατο
1771 1319 1834 1345 νοῦν
1854 1319 1871 1354 ἡ

1079 1365 1183 1402 νύμφη,
1205 1367 1284 1402 μόνον
1298 1367 1406 1402 ὁρῶντα
1416 1367 1484 1394 Θεὸν
1494 1375 1501 1383 ·
1512 1367 1647 1403 ὀφθαλμοὶ
1659 1367 1688 1394 δὲ
1700 1367 1746 1395 καὶ
1764 1368 1788 1394 oi
1801 1367 1871 1395 ἄκα-

1082 1421 1125 1440 κοι
1141 1413 1189 1440 καὶ
1200 1413 1354 1449 ὀξυδερκεῖς
1365 1414 1414 1445 τῆς
1430 1413 1592 1448 Ἐκκλησίας
1603 1413 1766 1441 διδάσκαλοι.

1115 1506 1156 1535 ιε’,
1174 1506 1221 1535 ις’.
1239 1503 1312 1529 Ἰδοὺ
1338 1500 1482 1536 εϊκαλὸς,
1503 1503 1636 1537 ἀδελφός
1661 1511 1732 1537 μου,
1761 1502 1813 1528 καί
1840 1509 1874 1536 γε

1086 1548 1208 1583 ὡραῖος·
1224 1550 1315 1583 κλίνη
1328 1549 1412 1584 ήμῶν
1430 1550 1574 1582 σύσκιος·
1594 1549 1677 1576 δοκοὶ
1695 1548 1780 1584 ἡμῶν
1807 1549 1874 1583 κέρ-

1086 1593 1166 1628 δροι·
1182 1594 1361 1629 φατνώματα
1374 1594 1459 1629 ἡμῶν
1478 1593 1672 1628 κυπάρισσοι.

1122 1641 1312 1673 Φίλωνος.-
1329 1641 1432 1675 Ἤγουν
1457 1640 1542 1671 καλὸς
1566 1641 1595 1667 ἐν
1621 1641 1706 1675 νόμῳ,
1728 1639 1827 1676 ὡραῖος
1845 1640 1874 1666 ὲν

1087 1687 1250 1722 προφήταις,
1266 1687 1366 1722 ὡραῖος
1383 1688 1412 1713 ἐν
1427 1686 1598 1718 ἀποστόλοις,
1619 1687 1700 1717 καλὸς
1721 1687 1750 1712 ὲν
1764 1685 1875 1720 ἀγαθοῖς

1087 1731 1135 1758 τοῦ
1153 1733 1286 1768 παρόντος
1293 1733 1401 1765 αἰῶνος,
1415 1733 1516 1769 ὡραῖος
1530 1734 1560 1760 ὲν
1578 1734 1635 1763 τοῖς
1649 1732 1696 1758 τοῦ
1721 1731 1873 1765 μέλλοντος.

1087 1779 1263 1813 Προσκλίνη
1291 1779 1326 1805 δὲ
1351 1778 1437 1813 ἡμῶν
1451 1780 1590 1811 σύσκιος,
1609 1778 1640 1804 σὺ
1656 1777 1767 1810 δὲήμᾶς
1784 1777 1830 1803 καὶ
1845 1778 1874 1803 ἐν

1088 1823 1197 1857 θανάτῳ
1211 1826 1332 1855 σκέπεις.
1356 1833 1365 1850 ι
1378 1823 1443 1850 Ἐὰν
1456 1824 1510 1859 γὰρ
1524 1822 1647 1858 πορευθῶ
1658 1823 1685 1848 ὲν
1704 1822 1777 1857 μέσῳ
1798 1823 1875 1853 σκιᾶς

1088 1870 1215 1902 θανάτου,
1245 1871 1275 1897 οὒ
1305 1870 1494 1904 φοϐηθήσομαι
1518 1867 1601 1900 κακὰ,
1619 1868 1661 1894 ὅτι
1681 1868 1712 1894 σὺ
1731 1867 1789 1902 μετ’
1807 1868 1873 1902 ἐμοῦ

1088 1915 1123 1942 εἱ·
1140 1926 1149 1941 ι
1170 1914 1430 1950 ὲγκαλλωπιζομένη
1445 1913 1472 1941 δὲ
1488 1914 1504 1947 ἡ
1519 1912 1611 1947 νύμφη
1621 1912 1660 1947 τῷ
1673 1912 1875 1948 οἰκοδομηθέντι

1088 1962 1156 1997 αὐτῇ
1172 1961 1247 1996 παρὰ
1260 1960 1306 1986 τοῦ
1321 1960 1439 1994 νυμφίου
1466 1958 1542 1994 οἴκῳ,
1555 1958 1642 1985 ταῦτά
1657 1967 1739 1993 φησιν
1750 1967 1757 1974 ·
1781 1958 1874 1990 δοκοὺς

1089 2007 1140 2042 μὲν
1151 2007 1269 2039 λέγουσα
1281 2006 1344 2037 τοὺς
1362 2004 1455 2039 ἁγίους
1473 2004 1634 2039 προφήτας·
1652 2004 1756 2036 δίκαιος
1767 2004 1820 2040 γὰρ
1838 2004 1874 2036 ὡς

1088 2051 1176 2085 φοῖνιξ
1203 2051 1325 2086 ἀνθήσει,
1350 2051 1416 2077 ὡσεὶ
1440 2050 1536 2085 κέδρος
1554 2050 1572 2085 ἢ
1590 2050 1668 2085 ἐντῷ
1683 2050 1792 2085 Λιὸάνῳ
1807 2051 1874 2085 πλη-

1087 2097 1250 2132 θυνθήσεται
1262 2105 1269 2111 ·
1283 2096 1452 2132 φατνώματα
1465 2096 1546 2132 γὰρὴ
1563 2096 1617 2123 τῶν
1632 2095 1745 2122 σανίδων
1758 2096 1872 2131 εὐαρμο-

1088 2144 1149 2170 στία
1163 2143 1230 2179 προς
1248 2143 1352 2178 γλυφὴν
1367 2142 1501 2169 τεκτόνων
1515 2142 1667 2177 ἐπιτηδεία.

1125 2188 1303 2224 Γρηγορίου.
1320 2203 1354 2209 -—
1370 2189 1462 2215 Πάντα
1487 2188 1542 2223 γὰρ
1564 2188 1616 2214 ὅσα
1641 2196 1684 2223 μοι
1700 2187 1831 2222 πρότερον
1847 2187 1874 2213 ὲν

1089 2235 1184 2267 καλοῖς
1200 2232 1352 2270 ἐνομίζετο,
1375 2234 1468 2269 φησὶν,
1490 2232 1546 2261 οἷον
1575 2233 1638 2267 δόξα
1659 2234 1675 2268 ἢ
1692 2233 1791 2264 κὰλλος
1805 2233 1820 2268 ἦ
1834 2233 1875 2260 δυ-

1090 2280 1202 2307 ναστεία
1217 2280 1234 2315 ἦ
1249 2289 1274 2306 τι
1288 2279 1419 2311 τοιοῦτον,
1432 2279 1622 2314 ἀπεστράφην,
1648 2278 1696 2304 καὶ
1712 2278 1762 2304 οὐκ
1777 2277 1817 2304 ἔτι
1832 2286 1874 2312 μοι

1091 2326 1263 2360 πεπλάνηται
1274 2327 1290 2360 ἡ
1307 2325 1355 2352 τοῦ
1367 2324 1451 2351 καλοῦ
1468 2324 1571 2359 κρίσις,
1587 2323 1657 2350 ὥστε
1675 2323 1750 2358 παρὰ
1767 2323 1805 2354 σὲ,
1820 2322 1874 2349 ἀλλ’

1091 2373 1133 2399 ὅτι
1143 2372 1226 2398 καλὸν
1242 2371 1347 2398 οἴεσθαι
1359 2379 1366 2386 ⁶
1380 2372 1411 2398 σὺ
1426 2371 1480 2406 γὰρ
1495 2372 1508 2396 ό
1526 2370 1628 2405 ἀληθὴς
1637 2369 1719 2400 καλός
1732 2376 1739 2384 ⁵
1753 2368 1783 2394 οὐ
1799 2368 1876 2400 καλὸς

1092 2418 1121 2445 δὲ
1142 2418 1231 2453 μόνον.
1246 2417 1302 2444 ἀλλ’
1315 2417 1383 2452 αὑτὴ
1411 2416 1459 2443 τοῦ
1473 2415 1556 2443 καλοῦ
1580 2416 1596 2451 ἡ
1614 2415 1703 2447 οὐσία,
1721 2415 1735 2440 ὁ
1751 2415 1783 2449 τῇ
1800 2414 1877 2441 ἀΐδιό-

1091 2472 1153 2498 τητι
1167 2463 1296 2498 τῆςζωῆς
1308 2461 1538 2498 συμπαρατεινων
1553 2461 1602 2495 τὴν
1624 2461 1710 2496 ὥραν,
1726 2458 1748 2494 ᾦ
1762 2461 1843 2495 ὖνομα
1858 2461 1873 2496 ἡ

1094 2509 1286 2544 φ;λανθρωπία
1311 2509 1434 2542 ἐγένετο·
1460 2508 1498 2539 ὡς
1528 2508 1556 2534 δὲ
1585 2507 1615 2540 ὲξ
1632 2507 1717 2534 Ἰούδα
1738 2507 1874 2538 ἀνατείλας

1092 2556 1158 2590 ἡμῖν
1169 2563 1176 2571 ·
1193 2554 1307 2588 ἀδελφὸς
1322 2554 1377 2587 γὰρ
1389 2554 1403 2580 ο
1420 2553 1449 2586 ἐξ
1461 2553 1598 2580 Ἰουδαίων
1613 2553 1676 2581 λαὸς
1692 2553 1738 2578 τοῦ
1753 2552 1783 2583 ἐξ
1798 2551 1874 2577 ἐθνῶν

1093 2610 1133 2627 σοι
1151 2601 1322 2637 προσιόντος,
1337 2600 1427 2631 καλῶς
1435 2599 1478 2626 διὰ
1493 2600 1542 2634 τὴν
1559 2600 1586 2625 ἐν
1600 2599 1680 2633 σαρκὶ
1694 2597 1875 2632 γεγενημένην

1091 2649 1139 2682 τῆς
1156 2646 1285 2681 θεότητός
1299 2654 1345 2672 σου
1377 2646 1543 2681 φανέρωσιν,
1563 2644 1702 2678 ἁδελφιδδς
1719 2644 1768 2677 τῆς
1783 2643 1874 2668 ποθού-

1090 2701 1139 2727 σης
1173 2692 1398 2727 κατωνομάσθης.
1428 2689 1496 2718 Εἶτα
1532 2692 1671 2726 ἐπήγαγε·
1709 2690 1874 2723 Προσκλίγη

1088 2738 1171 2774 ἡμῶν
1182 2739 1310 2770 σύσκιοι,-
1321 2746 1328 2753 ·
1340 2738 1493 2771 τουτέστιν,
1508 2737 1594 2772 ἔγνων
1606 2745 1663 2770 σου,
1675 2736 1734 2772 ἦτοι
1748 2735 1874 2769 γνώσεται
