  <div class='ocr_page' id='page_1' title='image "/cluster/home/n/w/nwhite01/storage/ocr_20150623/87, pt.2/njp.32101010943809/024.png"; bbox 0 0 1966 3074; ppageno 0'>
   <div class='ocr_carea' id='block_1_1' title="bbox 132 159 203 191">
    <p class='ocr_par' dir='ltr' id='par_1_1' title="bbox 132 159 203 191">
     <span class='ocr_line' id='line_1_1' title="bbox 132 159 203 191; baseline 0 0"><span class='ocrx_word' id='word_1_1' title='bbox 132 159 203 191; x_wconf 74' lang='grc'><strong>1573</strong></span> 
     </span>
    </p>
   </div>
   <div class='ocr_carea' id='block_1_2' title="bbox 591 158 1268 192">
    <p class='ocr_par' dir='ltr' id='par_1_2' title="bbox 591 158 1268 192">
     <span class='ocr_line' id='line_1_2' title="bbox 591 158 1268 192; baseline 0 -4"><span class='ocrx_word' id='word_1_2' title='bbox 591 158 860 192; x_wconf 77' lang='lat' dir='ltr'><strong>COMMENTARII</strong></span> <span class='ocrx_word' id='word_1_3' title='bbox 885 160 924 190; x_wconf 88' lang='lat' dir='ltr'><strong>IN</strong></span> <span class='ocrx_word' id='word_1_4' title='bbox 942 158 1104 190; x_wconf 82' lang='lat' dir='ltr'><strong>CANTICA</strong></span> <span class='ocrx_word' id='word_1_5' title='bbox 1121 158 1268 189; x_wconf 76' lang='lat' dir='ltr'><strong>CANTIC.</strong></span> 
     </span>
    </p>
   </div>
   <div class='ocr_carea' id='block_1_3' title="bbox 1697 158 1767 191">
    <p class='ocr_par' dir='ltr' id='par_1_3' title="bbox 1697 158 1767 191">
     <span class='ocr_line' id='line_1_3' title="bbox 1697 158 1767 191; baseline 0.014 -1"><span class='ocrx_word' id='word_1_6' title='bbox 1697 158 1767 191; x_wconf 75' lang='grc'><strong>1574</strong></span> 
     </span>
    </p>
   </div>
   <div class='ocr_carea' id='block_1_4' title="bbox 115 214 919 253">
    <p class='ocr_par' dir='ltr' id='par_1_4' title="bbox 115 215 910 253">
     <span class='ocr_line' id='line_1_4' title="bbox 115 215 910 253; baseline 0 -10"><span class='ocrx_word' id='word_1_7' title='bbox 115 218 135 251; x_wconf 80' lang='grc' dir='ltr'>ἠ</span> <span class='ocrx_word' id='word_1_8' title='bbox 157 215 316 252; x_wconf 81' lang='grc' dir='ltr'>ἀνθρωπεία</span> <span class='ocrx_word' id='word_1_9' title='bbox 333 216 416 250; x_wconf 79' lang='grc' dir='ltr'>φύσις</span> <span class='ocrx_word' id='word_1_10' title='bbox 431 215 542 242; x_wconf 68' lang='grc' dir='ltr'>σύσκιον</span> <span class='ocrx_word' id='word_1_11' title='bbox 556 217 590 252; x_wconf 76' lang='grc' dir='ltr'>τῇ</span> <span class='ocrx_word' id='word_1_12' title='bbox 599 217 741 253; x_wconf 69' lang='grc' dir='ltr'>οἰκονομίᾳ</span> <span class='ocrx_word' id='word_1_13' title='bbox 748 217 910 252; x_wconf 81' lang='grc' dir='ltr'>γενόμενον·</span> 
     </span>
    </p>
   </div>
   <div class='ocr_carea' id='block_1_5' title="bbox 972 214 1769 253">
    <p class='ocr_par' dir='ltr' id='par_1_5' title="bbox 972 214 1769 250">
     <span class='ocr_line' id='line_1_5' title="bbox 972 214 1769 250; baseline 0.001 -8"><span class='ocrx_word' id='word_1_14' title='bbox 972 215 1109 250; x_wconf 69' lang='lat' dir='ltr'><strong>snbjttngit</strong></span> <span class='ocrx_word' id='word_1_15' title='bbox 1133 214 1255 242; x_wconf 77' lang='lat' dir='ltr'><strong>Lectulus</strong></span> <span class='ocrx_word' id='word_1_16' title='bbox 1282 219 1371 242; x_wconf 82' lang='lat' dir='ltr'><strong>noster</strong></span> <span class='ocrx_word' id='word_1_17' title='bbox 1397 214 1536 241; x_wconf 72' lang='lat' dir='ltr'><strong>umbrosus</strong></span> <span class='ocrx_word' id='word_1_18' title='bbox 1551 222 1560 242; x_wconf 93' lang='lat'><em>:</em></span> <span class='ocrx_word' id='word_1_19' title='bbox 1578 215 1629 242; x_wconf 89' lang='lat' dir='ltr'><strong>hoc</strong></span> <span class='ocrx_word' id='word_1_20' title='bbox 1648 222 1690 243; x_wconf 87' lang='lat' dir='ltr'><strong>est</strong></span> <span class='ocrx_word' id='word_1_21' title='bbox 1709 215 1769 243; x_wconf 80' lang='lat' dir='ltr'><strong>:Te</strong></span> 
     </span>
    </p>
   </div>
   <div class='ocr_carea' id='block_1_6' title="bbox 115 261 910 300">
    <p class='ocr_par' dir='ltr' id='par_1_6' title="bbox 115 261 910 300">
     <span class='ocr_line' id='line_1_6' title="bbox 115 261 910 300; baseline 0.003 -12"><span class='ocrx_word' id='word_1_22' title='bbox 115 261 201 298; x_wconf 74' lang='grc' dir='ltr'>ἦλθες</span> <span class='ocrx_word' id='word_1_23' title='bbox 211 263 315 298; x_wconf 51' lang='lat' dir='ltr'><strong>adipe-3,</strong></span> <span class='ocrx_word' id='word_1_24' title='bbox 326 262 421 297; x_wconf 79' lang='grc' dir='ltr'>φησὶν,</span> <span class='ocrx_word' id='word_1_25' title='bbox 436 263 450 288; x_wconf 87' lang='grc' dir='ltr'>ὀ</span> <span class='ocrx_word' id='word_1_26' title='bbox 464 262 547 294; x_wconf 81' lang='grc' dir='ltr'>καλὸς</span> <span class='ocrx_word' id='word_1_27' title='bbox 559 263 711 297; x_wconf 73' lang='grc' dir='ltr'>ἁδελφιδδς,</span> <span class='ocrx_word' id='word_1_28' title='bbox 725 264 827 300; x_wconf 80' lang='grc' dir='ltr'>ὡραῖος</span> <span class='ocrx_word' id='word_1_29' title='bbox 841 264 910 299; x_wconf 70' lang='grc' dir='ltr'>πρὸς</span> 
     </span>
    </p>
   </div>
   <div class='ocr_carea' id='block_1_7' title="bbox 116 307 918 344">
    <p class='ocr_par' dir='ltr' id='par_1_7' title="bbox 116 307 918 344">
     <span class='ocr_line' id='line_1_7' title="bbox 116 307 918 344; baseline 0.002 -10"><span class='ocrx_word' id='word_1_30' title='bbox 116 309 152 343; x_wconf 82' lang='grc' dir='ltr'>τῇ</span> <span class='ocrx_word' id='word_1_31' title='bbox 165 308 244 342; x_wconf 80' lang='grc' dir='ltr'>κλίνῃ</span> <span class='ocrx_word' id='word_1_32' title='bbox 259 307 338 343; x_wconf 82' lang='grc' dir='ltr'>ἡμῶν</span> <span class='ocrx_word' id='word_1_33' title='bbox 355 307 466 339; x_wconf 80' lang='grc' dir='ltr'>σύσκιος</span> <span class='ocrx_word' id='word_1_34' title='bbox 488 307 637 343; x_wconf 82' lang='grc' dir='ltr'>γενόμενος</span> <span class='ocrx_word' id='word_1_35' title='bbox 647 317 655 324; x_wconf 75' lang='grc'><strong><em>⁸</em></strong></span> <span class='ocrx_word' id='word_1_36' title='bbox 679 309 790 344; x_wconf 81' lang='grc' dir='ltr'><strong>ὡραῖος,</strong></span> <span class='ocrx_word' id='word_1_37' title='bbox 809 309 866 336; x_wconf 79' lang='grc' dir='ltr'>ἀλλ’</span> <span class='ocrx_word' id='word_1_38' title='bbox 881 310 918 341; x_wconf 77' lang='grc' dir='ltr'>ὡς</span> 
     </span>
    </p>
   </div>
   <div class='ocr_carea' id='block_1_8' title="bbox 117 351 918 389">
    <p class='ocr_par' dir='ltr' id='par_1_8' title="bbox 117 351 918 389">
     <span class='ocr_line' id='line_1_8' title="bbox 117 351 918 389; baseline 0.002 -11"><span class='ocrx_word' id='word_1_39' title='bbox 117 351 266 388; x_wconf 80' lang='grc' dir='ltr'>χωροῦμεν</span> <span class='ocrx_word' id='word_1_40' title='bbox 279 352 410 383; x_wconf 76' lang='grc' dir='ltr'>δέξασθαι</span> <span class='ocrx_word' id='word_1_41' title='bbox 420 360 427 367; x_wconf 87' lang='grc'><strong>·</strong></span> <span class='ocrx_word' id='word_1_42' title='bbox 453 352 501 379; x_wconf 79' lang='grc' dir='ltr'>καὶ</span> <span class='ocrx_word' id='word_1_43' title='bbox 525 353 581 388; x_wconf 78' lang='grc' dir='ltr'>γὰρ</span> <span class='ocrx_word' id='word_1_44' title='bbox 596 354 612 388; x_wconf 85' lang='grc' dir='ltr'><strong>ή</strong></span> <span class='ocrx_word' id='word_1_45' title='bbox 626 354 695 388; x_wconf 61' lang='grc' dir='ltr'>προς</span> <span class='ocrx_word' id='word_1_46' title='bbox 711 354 760 389; x_wconf 83' lang='grc' dir='ltr'>τὴν</span> <span class='ocrx_word' id='word_1_47' title='bbox 776 354 918 388; x_wconf 78' lang='grc' dir='ltr'>ἀνθρωπό-</span> 
     </span>
    </p>
   </div>
   <div class='ocr_carea' id='block_1_9' title="bbox 115 398 918 435">
    <p class='ocr_par' dir='ltr' id='par_1_9' title="bbox 115 398 918 435">
     <span class='ocr_line' id='line_1_9' title="bbox 115 398 918 435; baseline 0.001 -10"><span class='ocrx_word' id='word_1_48' title='bbox 115 407 190 433; x_wconf 70' lang='grc' dir='ltr'>τητα</span> <span class='ocrx_word' id='word_1_49' title='bbox 219 398 410 430; x_wconf 76' lang='grc' dir='ltr'>ὲπανέιπαυσίς</span> <span class='ocrx_word' id='word_1_50' title='bbox 437 407 496 431; x_wconf 78' lang='grc' dir='ltr'>σου,</span> <span class='ocrx_word' id='word_1_51' title='bbox 527 400 690 426; x_wconf 71' lang='grc' dir='ltr'><strong>συνεσκίασε</strong></span> <span class='ocrx_word' id='word_1_52' title='bbox 704 401 738 435; x_wconf 86' lang='grc' dir='ltr'><strong>τῇ</strong></span> <span class='ocrx_word' id='word_1_53' title='bbox 764 399 847 435; x_wconf 71' lang='grc' dir='ltr'>σαρκὶ</span> <span class='ocrx_word' id='word_1_54' title='bbox 869 399 918 434; x_wconf 75' lang='grc' dir='ltr'>τὴν</span> 
     </span>
    </p>
   </div>
   <div class='ocr_carea' id='block_1_10' title="bbox 118 443 917 480">
    <p class='ocr_par' dir='ltr' id='par_1_10' title="bbox 118 443 917 480">
     <span class='ocr_line' id='line_1_10' title="bbox 118 443 917 480; baseline 0 -10"><span class='ocrx_word' id='word_1_55' title='bbox 118 443 258 478; x_wconf 72' lang='grc' dir='ltr'>θεότηταο</span> <span class='ocrx_word' id='word_1_56' title='bbox 283 444 345 470; x_wconf 75' lang='grc' dir='ltr'>ἐπεὶ</span> <span class='ocrx_word' id='word_1_57' title='bbox 377 444 418 476; x_wconf 84' lang='grc' dir='ltr'><strong>τίς</strong></span> <span class='ocrx_word' id='word_1_58' title='bbox 443 444 476 471; x_wconf 83' lang='grc' dir='ltr'>ἂν</span> <span class='ocrx_word' id='word_1_59' title='bbox 502 444 640 480; x_wconf 76' lang='grc' dir='ltr'><strong>ὑπέστησε</strong></span> <span class='ocrx_word' id='word_1_60' title='bbox 663 446 714 480; x_wconf 76' lang='grc' dir='ltr'>τὴν</span> <span class='ocrx_word' id='word_1_61' title='bbox 745 446 917 480; x_wconf 78' lang='grc' dir='ltr'>ὲμφάνειαν;</span> 
     </span>
    </p>
   </div>
   <div class='ocr_carea' id='block_1_11' title="bbox 118 489 918 528">
    <p class='ocr_par' dir='ltr' id='par_1_11' title="bbox 118 489 918 528">
     <span class='ocr_line' id='line_1_11' title="bbox 118 489 918 528; baseline 0.004 -13"><span class='ocrx_word' id='word_1_62' title='bbox 118 489 224 525; x_wconf 75' lang='grc' dir='ltr'>Κλίνην</span> <span class='ocrx_word' id='word_1_63' title='bbox 238 489 266 516; x_wconf 76' lang='grc' dir='ltr'><strong>δὲ</strong></span> <span class='ocrx_word' id='word_1_64' title='bbox 281 490 422 525; x_wconf 77' lang='grc' dir='ltr'><strong>ὀνομάζει,</strong></span> <span class='ocrx_word' id='word_1_65' title='bbox 448 490 486 521; x_wconf 85' lang='grc' dir='ltr'>ὡς</span> <span class='ocrx_word' id='word_1_66' title='bbox 519 491 624 526; x_wconf 77' lang='grc' dir='ltr'>νύμφη,</span> <span class='ocrx_word' id='word_1_67' title='bbox 640 493 673 527; x_wconf 79' lang='grc' dir='ltr'><strong>τῇ</strong></span> <span class='ocrx_word' id='word_1_68' title='bbox 689 494 807 528; x_wconf 79' lang='grc' dir='ltr'><strong>τροπικῇ</strong></span> <span class='ocrx_word' id='word_1_69' title='bbox 828 501 918 527; x_wconf 83' lang='grc' dir='ltr'>σημα-</span> 
     </span>
    </p>
   </div>
   <div class='ocr_carea' id='block_1_12' title="bbox 118 536 919 572">
    <p class='ocr_par' dir='ltr' id='par_1_12' title="bbox 118 536 919 572">
     <span class='ocr_line' id='line_1_12' title="bbox 118 536 919 572; baseline 0.002 -10"><span class='ocrx_word' id='word_1_70' title='bbox 118 537 167 571; x_wconf 54' lang='lat' dir='ltr'><strong>at;</strong></span> <span class='ocrx_word' id='word_1_71' title='bbox 191 538 225 572; x_wconf 83' lang='grc' dir='ltr'><strong>τῇ</strong></span> <span class='ocrx_word' id='word_1_72' title='bbox 248 536 317 572; x_wconf 80' lang='grc' dir='ltr'>πρὸς</span> <span class='ocrx_word' id='word_1_73' title='bbox 328 537 358 562; x_wconf 81' lang='grc' dir='ltr'>τὸ</span> <span class='ocrx_word' id='word_1_74' title='bbox 369 537 448 563; x_wconf 85' lang='grc' dir='ltr'>Θεῖον</span> <span class='ocrx_word' id='word_1_75' title='bbox 463 537 627 572; x_wconf 78' lang='grc' dir='ltr'>ἀνάκρασιν,</span> <span class='ocrx_word' id='word_1_76' title='bbox 648 538 695 564; x_wconf 77' lang='grc' dir='ltr'><strong>καὶ</strong></span> <span class='ocrx_word' id='word_1_77' title='bbox 711 539 854 564; x_wconf 73' lang='grc' dir='ltr'>κοινωνίαν</span> <span class='ocrx_word' id='word_1_78' title='bbox 873 539 919 564; x_wconf 81' lang='grc' dir='ltr'><strong>ἀν-</strong></span> 
     </span>
    </p>
   </div>
   <div class='ocr_carea' id='block_1_13' title="bbox 119 581 919 618">
    <p class='ocr_par' dir='ltr' id='par_1_13' title="bbox 119 581 919 618">
     <span class='ocr_line' id='line_1_13' title="bbox 119 581 919 618; baseline 0.004 -11"><span class='ocrx_word' id='word_1_79' title='bbox 119 581 264 616; x_wconf 79' lang='grc' dir='ltr'>θρωπίνης</span> <span class='ocrx_word' id='word_1_80' title='bbox 288 582 383 613; x_wconf 77' lang='grc' dir='ltr'>οὐσίας</span> <span class='ocrx_word' id='word_1_81' title='bbox 415 581 626 618; x_wconf 79' lang='grc' dir='ltr'>ὲρμηνεύουσα·</span> <span class='ocrx_word' id='word_1_82' title='bbox 654 583 758 618; x_wconf 85' lang='grc' dir='ltr'>ταύτην</span> <span class='ocrx_word' id='word_1_83' title='bbox 780 584 807 610; x_wconf 77' lang='grc' dir='ltr'>δὲ</span> <span class='ocrx_word' id='word_1_84' title='bbox 823 584 874 610; x_wconf 77' lang='grc' dir='ltr'>οὐκ</span> <span class='ocrx_word' id='word_1_85' title='bbox 887 584 919 610; x_wconf 75' lang='grc' dir='ltr'>ἂν</span> 
     </span>
    </p>
   </div>
   <div class='ocr_carea' id='block_1_14' title="bbox 118 625 918 665">
    <p class='ocr_par' dir='ltr' id='par_1_14' title="bbox 118 625 918 665">
     <span class='ocr_line' id='line_1_14' title="bbox 118 625 918 665; baseline 0.004 -11"><span class='ocrx_word' id='word_1_86' title='bbox 118 627 209 658; x_wconf 74' lang='grc' dir='ltr'>ἄλλως</span> <span class='ocrx_word' id='word_1_87' title='bbox 235 625 270 662; x_wconf 80' lang='grc' dir='ltr'>ἦν</span> <span class='ocrx_word' id='word_1_88' title='bbox 301 628 415 654; x_wconf 76' lang='grc' dir='ltr'>δυνατὸν</span> <span class='ocrx_word' id='word_1_89' title='bbox 429 629 569 662; x_wconf 83' lang='grc' dir='ltr'>γενέσθαι,</span> <span class='ocrx_word' id='word_1_90' title='bbox 586 630 610 655; x_wconf 87' lang='grc' dir='ltr'>εἰ</span> <span class='ocrx_word' id='word_1_91' title='bbox 633 630 671 665; x_wconf 84' lang='grc' dir='ltr'>μὴ</span> <span class='ocrx_word' id='word_1_92' title='bbox 686 631 731 657; x_wconf 66' lang='grc' dir='ltr'>διὰ</span> <span class='ocrx_word' id='word_1_93' title='bbox 745 630 793 657; x_wconf 79' lang='grc' dir='ltr'>τοῦ</span> <span class='ocrx_word' id='word_1_94' title='bbox 807 631 918 658; x_wconf 78' lang='grc' dir='ltr'>συσκίου</span> 
     </span>
    </p>
   </div>
   <div class='ocr_carea' id='block_1_15' title="bbox 116 673 918 712">
    <p class='ocr_par' dir='ltr' id='par_1_15' title="bbox 116 673 918 712">
     <span class='ocr_line' id='line_1_15' title="bbox 116 673 918 712; baseline 0.007 -14"><span class='ocrx_word' id='word_1_95' title='bbox 116 674 187 708; x_wconf 76' lang='grc' dir='ltr'>ἡμῖν</span> <span class='ocrx_word' id='word_1_96' title='bbox 209 673 329 708; x_wconf 77' lang='grc' dir='ltr'>φανῆναι</span> <span class='ocrx_word' id='word_1_97' title='bbox 362 674 407 701; x_wconf 77' lang='grc' dir='ltr'>τὸν</span> <span class='ocrx_word' id='word_1_98' title='bbox 436 675 539 710; x_wconf 77' lang='grc' dir='ltr'>Κύριον</span> <span class='ocrx_word' id='word_1_99' title='bbox 555 684 562 690; x_wconf 93' lang='grc'><strong>·</strong></span> <span class='ocrx_word' id='word_1_100' title='bbox 596 675 624 707; x_wconf 80' lang='grc' dir='ltr'>ὃς</span> <span class='ocrx_word' id='word_1_101' title='bbox 647 677 677 702; x_wconf 83' lang='grc' dir='ltr'>οὑ</span> <span class='ocrx_word' id='word_1_102' title='bbox 693 677 809 712; x_wconf 70' lang='grc' dir='ltr'>νυμφίος</span> <span class='ocrx_word' id='word_1_103' title='bbox 828 678 918 712; x_wconf 83' lang='grc' dir='ltr'>μόνον,</span> 
     </span>
    </p>
   </div>
   <div class='ocr_carea' id='block_1_16' title="bbox 117 713 920 758">
    <p class='ocr_par' dir='ltr' id='par_1_16' title="bbox 117 713 920 758">
     <span class='ocr_line' id='line_1_16' title="bbox 117 713 920 758; baseline 0.005 -12"><span class='ocrx_word' id='word_1_104' title='bbox 117 719 189 746; x_wconf 76' lang='grc' dir='ltr'>ἀλλὰ</span> <span class='ocrx_word' id='word_1_105' title='bbox 207 719 254 745; x_wconf 69' lang='grc' dir='ltr'><strong>καὶ</strong></span> <span class='ocrx_word' id='word_1_106' title='bbox 262 719 404 755; x_wconf 71' lang='grc' dir='ltr'>οἰκοδόμος</span> <span class='ocrx_word' id='word_1_107' title='bbox 420 721 495 747; x_wconf 75' lang='grc' dir='ltr'>ἐστίν</span> <span class='ocrx_word' id='word_1_108' title='bbox 504 729 511 736; x_wconf 91' lang='grc'><strong>·</strong></span> <span class='ocrx_word' id='word_1_109' title='bbox 525 721 606 748; x_wconf 65' lang='grc' dir='ltr'>αὑτὸν</span> <span class='ocrx_word' id='word_1_110' title='bbox 622 723 688 757; x_wconf 84' lang='grc' dir='ltr'>ἡμῖν</span> <span class='ocrx_word' id='word_1_111' title='bbox 699 723 746 749; x_wconf 74' lang='grc' dir='ltr'><strong>καὶ</strong></span> <span class='ocrx_word' id='word_1_112' title='bbox 757 713 920 758; x_wconf 75' lang='grc' dir='ltr'><strong>τεχνιτεύων</strong></span> 
     </span>
    </p>
   </div>
   <div class='ocr_carea' id='block_1_17' title="bbox 116 763 920 805">
    <p class='ocr_par' dir='ltr' id='par_1_17' title="bbox 116 763 920 805">
     <span class='ocr_line' id='line_1_17' title="bbox 116 763 920 805; baseline 0.005 -13"><span class='ocrx_word' id='word_1_113' title='bbox 116 766 167 792; x_wconf 79' lang='grc' dir='ltr'>τὸν</span> <span class='ocrx_word' id='word_1_114' title='bbox 183 763 270 796; x_wconf 79' lang='grc' dir='ltr'>οἷκον,</span> <span class='ocrx_word' id='word_1_115' title='bbox 287 766 334 799; x_wconf 70' lang='grc' dir='ltr'>καὶ</span> <span class='ocrx_word' id='word_1_116' title='bbox 362 765 412 802; x_wconf 83' lang='grc' dir='ltr'>ὕλη</span> <span class='ocrx_word' id='word_1_117' title='bbox 437 767 488 802; x_wconf 83' lang='grc' dir='ltr'>τῆς</span> <span class='ocrx_word' id='word_1_118' title='bbox 516 768 614 803; x_wconf 81' lang='grc' dir='ltr'>τέχνης</span> <span class='ocrx_word' id='word_1_119' title='bbox 642 769 805 804; x_wconf 76' lang='grc' dir='ltr'>γενόμενος’</span> <span class='ocrx_word' id='word_1_120' title='bbox 820 769 920 805; x_wconf 73' lang='grc' dir='ltr'>ὄροφον</span> 
     </span>
    </p>
   </div>
   <div class='ocr_carea' id='block_1_18' title="bbox 117 811 921 850">
    <p class='ocr_par' dir='ltr' id='par_1_18' title="bbox 117 811 921 850">
     <span class='ocr_line' id='line_1_18' title="bbox 117 811 921 850; baseline 0.007 -14"><span class='ocrx_word' id='word_1_121' title='bbox 117 811 176 846; x_wconf 69' lang='grc' dir='ltr'><strong>γὰρ</strong></span> <span class='ocrx_word' id='word_1_122' title='bbox 193 811 337 839; x_wconf 75' lang='grc' dir='ltr'>ἐπιϐάλλει</span> <span class='ocrx_word' id='word_1_123' title='bbox 348 811 388 844; x_wconf 84' lang='grc' dir='ltr'>τῷ</span> <span class='ocrx_word' id='word_1_124' title='bbox 413 812 493 846; x_wconf 81' lang='grc' dir='ltr'>οἴκῳ,</span> <span class='ocrx_word' id='word_1_125' title='bbox 515 812 558 839; x_wconf 83' lang='grc' dir='ltr'><strong>διὰ</strong></span> <span class='ocrx_word' id='word_1_126' title='bbox 569 813 621 847; x_wconf 85' lang='grc' dir='ltr'>τῆς</span> <span class='ocrx_word' id='word_1_127' title='bbox 638 814 760 848; x_wconf 80' lang='grc' dir='ltr'><strong>ἀσήπτου</strong></span> <span class='ocrx_word' id='word_1_128' title='bbox 776 814 843 850; x_wconf 84' lang='grc' dir='ltr'>ὖλης</span> <span class='ocrx_word' id='word_1_129' title='bbox 855 815 921 842; x_wconf 88' lang='grc' dir='ltr'>καλ-</span> 
     </span>
    </p>
   </div>
   <div class='ocr_carea' id='block_1_19' title="bbox 117 856 919 897">
    <p class='ocr_par' dir='ltr' id='par_1_19' title="bbox 117 856 919 897">
     <span class='ocr_line' id='line_1_19' title="bbox 117 856 919 897; baseline 0.007 -15"><span class='ocrx_word' id='word_1_130' title='bbox 117 856 249 888; x_wconf 79' lang='grc' dir='ltr'>λωπίζων</span> <span class='ocrx_word' id='word_1_131' title='bbox 265 857 296 882; x_wconf 78' lang='grc' dir='ltr'>τὸ</span> <span class='ocrx_word' id='word_1_132' title='bbox 305 856 386 891; x_wconf 79' lang='grc' dir='ltr'>ἔργον</span> <span class='ocrx_word' id='word_1_133' title='bbox 398 865 405 872; x_wconf 91' lang='grc'><strong>·</strong></span> <span class='ocrx_word' id='word_1_134' title='bbox 432 857 554 893; x_wconf 51' lang='grc' dir='ltr'>τοιαύτη,</span> <span class='ocrx_word' id='word_1_135' title='bbox 570 858 598 884; x_wconf 82' lang='grc' dir='ltr'><strong>δέ</strong></span> <span class='ocrx_word' id='word_1_136' title='bbox 615 860 689 886; x_wconf 86' lang='grc' dir='ltr'>ὲστιν</span> <span class='ocrx_word' id='word_1_137' title='bbox 702 861 718 896; x_wconf 86' lang='grc' dir='ltr'>ὴ</span> <span class='ocrx_word' id='word_1_138' title='bbox 735 860 831 896; x_wconf 83' lang='grc' dir='ltr'>κέδρος</span> <span class='ocrx_word' id='word_1_139' title='bbox 841 862 888 888; x_wconf 82' lang='grc' dir='ltr'>καὶ</span> <span class='ocrx_word' id='word_1_140' title='bbox 903 862 919 897; x_wconf 85' lang='grc' dir='ltr'>ἠ</span> 
     </span>
    </p>
   </div>
   <div class='ocr_carea' id='block_1_20' title="bbox 969 260 1768 296">
    <p class='ocr_par' dir='ltr' id='par_1_20' title="bbox 969 260 1768 296">
     <span class='ocr_line' id='line_1_20' title="bbox 969 260 1768 296; baseline 0.001 -9"><span class='ocrx_word' id='word_1_141' title='bbox 969 262 1093 295; x_wconf 71' lang='lat' dir='ltr'><strong>cognovit</strong></span> <span class='ocrx_word' id='word_1_142' title='bbox 1126 261 1184 288; x_wconf 88' lang='lat' dir='ltr'><strong>sive</strong></span> <span class='ocrx_word' id='word_1_143' title='bbox 1210 265 1358 296; x_wconf 79' lang='lat' dir='ltr'><strong>cognoscet</strong></span> <span class='ocrx_word' id='word_1_144' title='bbox 1385 260 1511 288; x_wconf 89' lang='lat' dir='ltr'><strong>humana</strong></span> <span class='ocrx_word' id='word_1_145' title='bbox 1535 265 1634 288; x_wconf 89' lang='lat' dir='ltr'><strong>natura</strong></span> <span class='ocrx_word' id='word_1_146' title='bbox 1655 261 1768 289; x_wconf 85' lang='lat' dir='ltr'><strong>umbro-</strong></span> 
     </span>
    </p>
   </div>
   <div class='ocr_carea' id='block_1_21' title="bbox 969 307 1769 342">
    <p class='ocr_par' dir='ltr' id='par_1_21' title="bbox 969 307 1769 342">
     <span class='ocr_line' id='line_1_21' title="bbox 969 307 1769 342; baseline 0.003 -9"><span class='ocrx_word' id='word_1_147' title='bbox 969 315 1028 334; x_wconf 88' lang='lat' dir='ltr'><strong>snm</strong></span> <span class='ocrx_word' id='word_1_148' title='bbox 1050 307 1152 334; x_wconf 84' lang='lat' dir='ltr'><strong>factum</strong></span> <span class='ocrx_word' id='word_1_149' title='bbox 1169 315 1218 342; x_wconf 87' lang='lat' dir='ltr'><strong>per</strong></span> <span class='ocrx_word' id='word_1_150' title='bbox 1228 307 1474 341; x_wconf 70' lang='lat' dir='ltr'><strong>dispensationem.</strong></span> <span class='ocrx_word' id='word_1_151' title='bbox 1500 307 1602 334; x_wconf 80' lang='lat' dir='ltr'><strong>Venisti</strong></span> <span class='ocrx_word' id='word_1_152' title='bbox 1625 308 1710 339; x_wconf 86' lang='lat' dir='ltr'><strong>cuitu,</strong></span> <span class='ocrx_word' id='word_1_153' title='bbox 1726 308 1769 335; x_wconf 89' lang='lat' dir='ltr'><strong>in-</strong></span> 
     </span>
    </p>
   </div>
   <div class='ocr_carea' id='block_1_22' title="bbox 969 352 1768 387">
    <p class='ocr_par' dir='ltr' id='par_1_22' title="bbox 969 352 1768 387">
     <span class='ocr_line' id='line_1_22' title="bbox 969 352 1768 387; baseline 0.003 -9"><span class='ocrx_word' id='word_1_154' title='bbox 969 353 1046 387; x_wconf 88' lang='lat' dir='ltr'><strong>qttit,</strong></span> <span class='ocrx_word' id='word_1_155' title='bbox 1075 357 1104 379; x_wconf 95' lang='lat' dir='ltr'><strong>tu</strong></span> <span class='ocrx_word' id='word_1_156' title='bbox 1128 353 1242 387; x_wconf 79' lang='lat' dir='ltr'><strong>pulcher</strong></span> <span class='ocrx_word' id='word_1_157' title='bbox 1267 352 1421 385; x_wconf 76' lang='lat' dir='ltr'><strong>fratruelis,</strong></span> <span class='ocrx_word' id='word_1_158' title='bbox 1442 353 1474 379; x_wconf 90' lang='lat' dir='ltr'><strong>ad</strong></span> <span class='ocrx_word' id='word_1_159' title='bbox 1506 352 1606 380; x_wconf 90' lang='lat' dir='ltr'><strong>lectum</strong></span> <span class='ocrx_word' id='word_1_160' title='bbox 1628 359 1768 387; x_wconf 85' lang='lat' dir='ltr'><strong>nostrum,</strong></span> 
     </span>
    </p>
   </div>
   <div class='ocr_carea' id='block_1_23' title="bbox 970 398 1769 434">
    <p class='ocr_par' dir='ltr' id='par_1_23' title="bbox 970 398 1769 434">
     <span class='ocr_line' id='line_1_23' title="bbox 970 398 1769 434; baseline 0.003 -10"><span class='ocrx_word' id='word_1_161' title='bbox 970 398 1061 426; x_wconf 84' lang='lat' dir='ltr'><strong>factus</strong></span> <span class='ocrx_word' id='word_1_162' title='bbox 1076 398 1235 426; x_wconf 90' lang='lat' dir='ltr'><strong>umbrosus.</strong></span> <span class='ocrx_word' id='word_1_163' title='bbox 1253 398 1404 434; x_wconf 74' lang='lat' dir='ltr'><strong>Speriosns</strong></span> <span class='ocrx_word' id='word_1_164' title='bbox 1421 398 1468 426; x_wconf 87' lang='lat' dir='ltr'><strong>sed</strong></span> <span class='ocrx_word' id='word_1_165' title='bbox 1485 403 1567 433; x_wconf 89' lang='lat' dir='ltr'><strong>prout</strong></span> <span class='ocrx_word' id='word_1_166' title='bbox 1587 406 1688 433; x_wconf 80' lang='lat' dir='ltr'><strong>rapere</strong></span> <span class='ocrx_word' id='word_1_167' title='bbox 1704 406 1769 433; x_wconf 92' lang='lat' dir='ltr'><strong>pos-</strong></span> 
     </span>
    </p>
   </div>
   <div class='ocr_carea' id='block_1_24' title="bbox 970 444 1770 472">
    <p class='ocr_par' dir='ltr' id='par_1_24' title="bbox 970 444 1770 472">
     <span class='ocr_line' id='line_1_24' title="bbox 970 444 1770 472; baseline 0 0"><span class='ocrx_word' id='word_1_168' title='bbox 970 452 1077 472; x_wconf 86' lang='lat' dir='ltr'><strong>sumus.</strong></span> <span class='ocrx_word' id='word_1_169' title='bbox 1104 444 1212 471; x_wconf 77' lang='lat' dir='ltr'><strong>Etenim</strong></span> <span class='ocrx_word' id='word_1_170' title='bbox 1242 449 1287 471; x_wconf 88' lang='lat' dir='ltr'><strong>tua</strong></span> <span class='ocrx_word' id='word_1_171' title='bbox 1301 452 1364 471; x_wconf 86' lang='lat' dir='ltr'><strong>cum</strong></span> <span class='ocrx_word' id='word_1_172' title='bbox 1393 445 1566 471; x_wconf 86' lang='lat' dir='ltr'><strong>humanitate</strong></span> <span class='ocrx_word' id='word_1_173' title='bbox 1589 444 1770 472; x_wconf 80' lang='lat' dir='ltr'><strong>commoratio</strong></span> 
     </span>
    </p>
   </div>
   <div class='ocr_carea' id='block_1_25' title="bbox 970 489 1770 524">
    <p class='ocr_par' dir='ltr' id='par_1_25' title="bbox 970 489 1770 524">
     <span class='ocr_line' id='line_1_25' title="bbox 970 489 1770 524; baseline 0 -6"><span class='ocrx_word' id='word_1_174' title='bbox 970 490 1144 518; x_wconf 70' lang='lat' dir='ltr'><strong>obumbravit</strong></span> <span class='ocrx_word' id='word_1_175' title='bbox 1159 498 1243 518; x_wconf 91' lang='lat' dir='ltr'><strong>carne</strong></span> <span class='ocrx_word' id='word_1_176' title='bbox 1270 489 1454 517; x_wconf 77' lang='lat' dir='ltr'><strong>divinitatem.</strong></span> <span class='ocrx_word' id='word_1_177' title='bbox 1475 489 1606 524; x_wconf 77' lang='lat' dir='ltr'><strong>Alioquin</strong></span> <span class='ocrx_word' id='word_1_178' title='bbox 1624 490 1686 524; x_wconf 86' lang='lat' dir='ltr'><strong>quis</strong></span> <span class='ocrx_word' id='word_1_179' title='bbox 1706 497 1770 518; x_wconf 82' lang='lat' dir='ltr'><strong>sus-</strong></span> 
     </span>
    </p>
   </div>
   <div class='ocr_carea' id='block_1_26' title="bbox 971 537 1769 572">
    <p class='ocr_par' dir='ltr' id='par_1_26' title="bbox 971 537 1769 572">
     <span class='ocr_line' id='line_1_26' title="bbox 971 537 1769 572; baseline -0.001 -8"><span class='ocrx_word' id='word_1_180' title='bbox 971 537 1098 565; x_wconf 82' lang='lat' dir='ltr'><strong>tinuisset</strong></span> <span class='ocrx_word' id='word_1_181' title='bbox 1125 537 1349 572; x_wconf 88' lang='lat' dir='ltr'><strong>apparitionem?</strong></span> <span class='ocrx_word' id='word_1_182' title='bbox 1378 537 1491 564; x_wconf 80' lang='lat' dir='ltr'><strong>Lectum</strong></span> <span class='ocrx_word' id='word_1_183' title='bbox 1524 541 1614 564; x_wconf 89' lang='lat' dir='ltr'><strong>autem</strong></span> <span class='ocrx_word' id='word_1_184' title='bbox 1645 537 1769 564; x_wconf 83' lang='lat' dir='ltr'><strong>nominat</strong></span> 
     </span>
    </p>
   </div>
   <div class='ocr_carea' id='block_1_27' title="bbox 977 582 1770 618">
    <p class='ocr_par' dir='ltr' id='par_1_27' title="bbox 977 582 1770 618">
     <span class='ocr_line' id='line_1_27' title="bbox 977 582 1770 618; baseline -0.003 -8"><span class='ocrx_word' id='word_1_185' title='bbox 977 591 1079 618; x_wconf 89' lang='lat' dir='ltr'><strong>sponsa</strong></span> <span class='ocrx_word' id='word_1_186' title='bbox 1091 585 1196 618; x_wconf 88' lang='lat' dir='ltr'><strong>tropica</strong></span> <span class='ocrx_word' id='word_1_187' title='bbox 1214 583 1420 618; x_wconf 79' lang='lat' dir='ltr'><strong>significatione</strong></span> <span class='ocrx_word' id='word_1_188' title='bbox 1436 582 1625 617; x_wconf 86' lang='lat' dir='ltr'><strong>interpretans</strong></span> <span class='ocrx_word' id='word_1_189' title='bbox 1643 582 1770 609; x_wconf 75' lang='lat' dir='ltr'><strong>humana:</strong></span> 
     </span>
    </p>
   </div>
   <div class='ocr_carea' id='block_1_28' title="bbox 970 629 1771 663">
    <p class='ocr_par' dir='ltr' id='par_1_28' title="bbox 970 629 1771 663">
     <span class='ocr_line' id='line_1_28' title="bbox 970 629 1771 663; baseline -0.004 -6"><span class='ocrx_word' id='word_1_190' title='bbox 970 633 1076 657; x_wconf 68' lang='lat' dir='ltr'><strong>natura:</strong></span> <span class='ocrx_word' id='word_1_191' title='bbox 1092 637 1152 657; x_wconf 88' lang='lat' dir='ltr'><strong>cum</strong></span> <span class='ocrx_word' id='word_1_192' title='bbox 1172 630 1266 656; x_wconf 71' lang='lat' dir='ltr'><strong>divina</strong></span> <span class='ocrx_word' id='word_1_193' title='bbox 1288 629 1570 663; x_wconf 86' lang='lat' dir='ltr'><strong>contemperationcm</strong></span> <span class='ocrx_word' id='word_1_194' title='bbox 1592 633 1674 663; x_wconf 87' lang='lat' dir='ltr'><strong>atque</strong></span> <span class='ocrx_word' id='word_1_195' title='bbox 1696 636 1771 654; x_wconf 89' lang='lat' dir='ltr'><strong>cont-</strong></span> 
     </span>
    </p>
   </div>
   <div class='ocr_carea' id='block_1_29' title="bbox 971 674 1768 709">
    <p class='ocr_par' dir='ltr' id='par_1_29' title="bbox 971 674 1768 709">
     <span class='ocr_line' id='line_1_29' title="bbox 971 674 1768 709; baseline 0 -7"><span class='ocrx_word' id='word_1_196' title='bbox 971 675 1199 702; x_wconf 87' lang='lat' dir='ltr'><strong>municationcm.</strong></span> <span class='ocrx_word' id='word_1_197' title='bbox 1214 674 1286 703; x_wconf 82' lang='lat' dir='ltr'><strong>Fieri</strong></span> <span class='ocrx_word' id='word_1_198' title='bbox 1303 681 1394 702; x_wconf 82' lang='lat' dir='ltr'><strong>autent</strong></span> <span class='ocrx_word' id='word_1_199' title='bbox 1411 682 1465 701; x_wconf 84' lang='lat' dir='ltr'><strong>non</strong></span> <span class='ocrx_word' id='word_1_200' title='bbox 1482 677 1588 709; x_wconf 88' lang='lat' dir='ltr'><strong>poterat</strong></span> <span class='ocrx_word' id='word_1_201' title='bbox 1604 679 1633 702; x_wconf 91' lang='lat' dir='ltr'><strong>ut</strong></span> <span class='ocrx_word' id='word_1_202' title='bbox 1644 681 1675 702; x_wconf 86' lang='lat' dir='ltr'><strong>ea</strong></span> <span class='ocrx_word' id='word_1_203' title='bbox 1685 678 1768 706; x_wconf 78' lang='lat' dir='ltr'><strong>esset,</strong></span> 
     </span>
    </p>
   </div>
   <div class='ocr_carea' id='block_1_30' title="bbox 971 721 1770 756">
    <p class='ocr_par' dir='ltr' id='par_1_30' title="bbox 971 721 1770 756">
     <span class='ocr_line' id='line_1_30' title="bbox 971 721 1770 756; baseline 0 -8"><span class='ocrx_word' id='word_1_204' title='bbox 971 721 1025 748; x_wconf 90' lang='lat' dir='ltr'><strong>nisi</strong></span> <span class='ocrx_word' id='word_1_205' title='bbox 1041 729 1088 756; x_wconf 88' lang='lat' dir='ltr'><strong>per</strong></span> <span class='ocrx_word' id='word_1_206' title='bbox 1109 721 1162 748; x_wconf 88' lang='lat' dir='ltr'><strong>ltoc</strong></span> <span class='ocrx_word' id='word_1_207' title='bbox 1178 721 1251 756; x_wconf 90' lang='lat' dir='ltr'><strong>quod</strong></span> <span class='ocrx_word' id='word_1_208' title='bbox 1273 721 1402 748; x_wconf 83' lang='lat' dir='ltr'><strong>Dominus</strong></span> <span class='ocrx_word' id='word_1_209' title='bbox 1420 721 1568 748; x_wconf 85' lang='lat' dir='ltr'><strong>umbrosus</strong></span> <span class='ocrx_word' id='word_1_210' title='bbox 1593 728 1641 755; x_wconf 92' lang='lat' dir='ltr'><strong>per</strong></span> <span class='ocrx_word' id='word_1_211' title='bbox 1667 728 1770 756; x_wconf 88' lang='lat' dir='ltr'><strong>corpus</strong></span> 
     </span>
    </p>
   </div>
   <div class='ocr_carea' id='block_1_31' title="bbox 978 765 1770 801">
    <p class='ocr_par' dir='ltr' id='par_1_31' title="bbox 978 765 1770 801">
     <span class='ocr_line' id='line_1_31' title="bbox 978 765 1770 801; baseline 0 -8"><span class='ocrx_word' id='word_1_212' title='bbox 978 767 1062 794; x_wconf 89' lang='lat' dir='ltr'><strong>ttobis</strong></span> <span class='ocrx_word' id='word_1_213' title='bbox 1079 767 1216 801; x_wconf 76' lang='lat' dir='ltr'><strong>apparuit,</strong></span> <span class='ocrx_word' id='word_1_214' title='bbox 1243 766 1289 801; x_wconf 89' lang='lat' dir='ltr'><strong>qui</strong></span> <span class='ocrx_word' id='word_1_215' title='bbox 1317 774 1371 793; x_wconf 92' lang='lat' dir='ltr'><strong>nott</strong></span> <span class='ocrx_word' id='word_1_216' title='bbox 1397 766 1484 792; x_wconf 91' lang='lat' dir='ltr'><strong>solum</strong></span> <span class='ocrx_word' id='word_1_217' title='bbox 1506 769 1550 792; x_wconf 88' lang='lat' dir='ltr'><strong>est</strong></span> <span class='ocrx_word' id='word_1_218' title='bbox 1567 768 1699 800; x_wconf 78' lang='lat' dir='ltr'><strong>sponsus,</strong></span> <span class='ocrx_word' id='word_1_219' title='bbox 1720 765 1770 793; x_wconf 85' lang='lat' dir='ltr'><strong>sed</strong></span> 
     </span>
    </p>
   </div>
   <div class='ocr_carea' id='block_1_32' title="bbox 971 810 1770 848">
    <p class='ocr_par' dir='ltr' id='par_1_32' title="bbox 971 810 1770 848">
     <span class='ocr_line' id='line_1_32' title="bbox 971 810 1770 848; baseline -0.001 -9"><span class='ocrx_word' id='word_1_220' title='bbox 971 813 1054 840; x_wconf 86' lang='lat' dir='ltr'><strong>etiam</strong></span> <span class='ocrx_word' id='word_1_221' title='bbox 1084 813 1142 848; x_wconf 84' lang='lat' dir='ltr'><strong>ipse</strong></span> <span class='ocrx_word' id='word_1_222' title='bbox 1165 812 1319 840; x_wconf 80' lang='lat' dir='ltr'><strong>aediﬁcatus</strong></span> <span class='ocrx_word' id='word_1_223' title='bbox 1337 812 1364 839; x_wconf 90' lang='lat' dir='ltr'><strong>in</strong></span> <span class='ocrx_word' id='word_1_224' title='bbox 1393 811 1474 839; x_wconf 90' lang='lat' dir='ltr'><strong>nobis</strong></span> <span class='ocrx_word' id='word_1_225' title='bbox 1499 811 1550 838; x_wconf 89' lang='lat' dir='ltr'><strong>fttit</strong></span> <span class='ocrx_word' id='word_1_226' title='bbox 1578 810 1721 844; x_wconf 90' lang='lat' dir='ltr'><strong>Dominus,</strong></span> <span class='ocrx_word' id='word_1_227' title='bbox 1742 815 1770 838; x_wconf 84' lang='lat' dir='ltr'><strong>et</strong></span> 
     </span>
    </p>
   </div>
   <div class='ocr_carea' id='block_1_33' title="bbox 972 856 1768 890">
    <p class='ocr_par' dir='ltr' id='par_1_33' title="bbox 972 856 1768 890">
     <span class='ocr_line' id='line_1_33' title="bbox 972 856 1768 890; baseline 0 -6"><span class='ocrx_word' id='word_1_228' title='bbox 972 858 1071 885; x_wconf 92' lang='lat' dir='ltr'><strong>domus</strong></span> <span class='ocrx_word' id='word_1_229' title='bbox 1094 858 1261 886; x_wconf 83' lang='lat' dir='ltr'><strong>architectus</strong></span> <span class='ocrx_word' id='word_1_230' title='bbox 1281 861 1308 885; x_wconf 91' lang='lat' dir='ltr'><strong>et</strong></span> <span class='ocrx_word' id='word_1_231' title='bbox 1333 858 1403 884; x_wconf 87' lang='lat' dir='ltr'><strong>artis</strong></span> <span class='ocrx_word' id='word_1_232' title='bbox 1430 856 1556 890; x_wconf 86' lang='lat' dir='ltr'><strong>materia,</strong></span> <span class='ocrx_word' id='word_1_233' title='bbox 1578 861 1679 884; x_wconf 90' lang='lat' dir='ltr'><strong>tectum</strong></span> <span class='ocrx_word' id='word_1_234' title='bbox 1695 857 1768 885; x_wconf 87' lang='lat' dir='ltr'><strong>enim</strong></span> 
     </span>
    </p>
   </div>
   <div class='ocr_carea' id='block_1_34' title="bbox 117 902 919 942">
    <p class='ocr_par' dir='ltr' id='par_1_34' title="bbox 117 903 919 942">
     <span class='ocr_line' id='line_1_34' title="bbox 117 903 919 942; baseline 0.007 -14"><span class='ocrx_word' id='word_1_235' title='bbox 117 903 295 937; x_wconf 70' lang='grc' dir='ltr'>κυπάρισσος</span> <span class='ocrx_word' id='word_1_236' title='bbox 306 910 312 916; x_wconf 93' lang='grc'><strong>·</strong></span> <span class='ocrx_word' id='word_1_237' title='bbox 338 903 429 939; x_wconf 81' lang='grc' dir='ltr'>κέδροι</span> <span class='ocrx_word' id='word_1_238' title='bbox 453 904 504 939; x_wconf 80' lang='grc' dir='ltr'>μὲν</span> <span class='ocrx_word' id='word_1_239' title='bbox 519 906 575 939; x_wconf 75' lang='grc' dir='ltr'>γὰρ</span> <span class='ocrx_word' id='word_1_240' title='bbox 589 905 633 932; x_wconf 81' lang='grc' dir='ltr'><strong>διὰ</strong></span> <span class='ocrx_word' id='word_1_241' title='bbox 645 905 675 932; x_wconf 79' lang='grc' dir='ltr'>τὸ</span> <span class='ocrx_word' id='word_1_242' title='bbox 686 906 835 942; x_wconf 80' lang='grc' dir='ltr'>ἐπιμήκεις</span> <span class='ocrx_word' id='word_1_243' title='bbox 848 905 919 934; x_wconf 81' lang='grc' dir='ltr'>εἶναι</span> 
     </span>
    </p>
   </div>
   <div class='ocr_carea' id='block_1_35' title="bbox 972 902 1769 942">
    <p class='ocr_par' dir='ltr' id='par_1_35' title="bbox 972 902 1769 938">
     <span class='ocr_line' id='line_1_35' title="bbox 972 902 1769 938; baseline 0.003 -9"><span class='ocrx_word' id='word_1_244' title='bbox 972 903 1087 937; x_wconf 85' lang='lat' dir='ltr'><strong>imponit</strong></span> <span class='ocrx_word' id='word_1_245' title='bbox 1116 903 1209 930; x_wconf 88' lang='lat' dir='ltr'><strong>domui</strong></span> <span class='ocrx_word' id='word_1_246' title='bbox 1234 911 1283 938; x_wconf 86' lang='lat' dir='ltr'><strong>per</strong></span> <span class='ocrx_word' id='word_1_247' title='bbox 1311 902 1454 930; x_wconf 81' lang='lat' dir='ltr'><strong>materiam</strong></span> <span class='ocrx_word' id='word_1_248' title='bbox 1480 903 1675 937; x_wconf 67' lang='lat' dir='ltr'><strong>imputt‘ibilcm</strong></span> <span class='ocrx_word' id='word_1_249' title='bbox 1699 911 1769 938; x_wconf 83' lang='lat' dir='ltr'><strong>opus</strong></span> 
     </span>
    </p>
   </div>
   <div class='ocr_carea' id='block_1_36' title="bbox 117 948 918 988">
    <p class='ocr_par' dir='ltr' id='par_1_36' title="bbox 117 948 918 988">
     <span class='ocr_line' id='line_1_36' title="bbox 117 948 918 988; baseline 0.009 -14"><span class='ocrx_word' id='word_1_250' title='bbox 117 948 160 983; x_wconf 83' lang='grc' dir='ltr'><strong>τῷ</strong></span> <span class='ocrx_word' id='word_1_251' title='bbox 170 949 269 975; x_wconf 76' lang='grc' dir='ltr'>πλάτει</span> <span class='ocrx_word' id='word_1_252' title='bbox 288 948 335 975; x_wconf 74' lang='grc' dir='ltr'>τοῦ</span> <span class='ocrx_word' id='word_1_253' title='bbox 348 949 423 975; x_wconf 75' lang='grc' dir='ltr'>οἴκου</span> <span class='ocrx_word' id='word_1_254' title='bbox 445 949 484 984; x_wconf 85' lang='grc' dir='ltr'>τῷ</span> <span class='ocrx_word' id='word_1_255' title='bbox 513 950 605 987; x_wconf 69' lang='grc' dir='ltr'>ὀρόῳῳ</span> <span class='ocrx_word' id='word_1_256' title='bbox 621 951 838 988; x_wconf 78' lang='grc' dir='ltr'>διαλαμϐάνουσι</span> <span class='ocrx_word' id='word_1_257' title='bbox 849 961 855 968; x_wconf 90' lang='grc'><strong>·</strong></span> <span class='ocrx_word' id='word_1_258' title='bbox 869 962 918 980; x_wconf 83' lang='grc' dir='ltr'>κυ-</span> 
     </span>
    </p>
   </div>
   <div class='ocr_carea' id='block_1_37' title="bbox 117 994 919 1035">
    <p class='ocr_par' dir='ltr' id='par_1_37' title="bbox 117 994 919 1035">
     <span class='ocr_line' id='line_1_37' title="bbox 117 994 919 1035; baseline 0.007 -15"><span class='ocrx_word' id='word_1_259' title='bbox 117 995 253 1028; x_wconf 74' lang='grc' dir='ltr'>πάρισσοι</span> <span class='ocrx_word' id='word_1_260' title='bbox 280 994 308 1021; x_wconf 82' lang='grc' dir='ltr'><strong>δὲ</strong></span> <span class='ocrx_word' id='word_1_261' title='bbox 321 994 365 1020; x_wconf 76' lang='grc' dir='ltr'><strong>διὰ</strong></span> <span class='ocrx_word' id='word_1_262' title='bbox 386 996 433 1029; x_wconf 82' lang='grc' dir='ltr'>τῆς</span> <span class='ocrx_word' id='word_1_263' title='bbox 444 997 595 1032; x_wconf 76' lang='grc' dir='ltr'>γενομένης</span> <span class='ocrx_word' id='word_1_264' title='bbox 613 998 787 1032; x_wconf 84' lang='grc' dir='ltr'>φατνώσεως,</span> <span class='ocrx_word' id='word_1_265' title='bbox 807 999 858 1035; x_wconf 82' lang='grc' dir='ltr'>τὴν</span> <span class='ocrx_word' id='word_1_266' title='bbox 875 999 919 1026; x_wconf 80' lang='grc' dir='ltr'><strong>ἕν-</strong></span> 
     </span>
    </p>
   </div>
   <div class='ocr_carea' id='block_1_38' title="bbox 118 1039 919 1081">
    <p class='ocr_par' dir='ltr' id='par_1_38' title="bbox 118 1039 919 1081">
     <span class='ocr_line' id='line_1_38' title="bbox 118 1039 919 1081; baseline 0.007 -15"><span class='ocrx_word' id='word_1_267' title='bbox 118 1039 199 1066; x_wconf 77' lang='grc' dir='ltr'>δοθεν</span> <span class='ocrx_word' id='word_1_268' title='bbox 213 1040 262 1067; x_wconf 68' lang='grc' dir='ltr'><strong>τοῦ</strong></span> <span class='ocrx_word' id='word_1_269' title='bbox 274 1040 351 1066; x_wconf 79' lang='grc' dir='ltr'>οἴκου</span> <span class='ocrx_word' id='word_1_270' title='bbox 365 1041 541 1077; x_wconf 75' lang='grc' dir='ltr'>κατασκευὴν</span> <span class='ocrx_word' id='word_1_271' title='bbox 555 1042 721 1078; x_wconf 74' lang='grc' dir='ltr'>ὡραϊζουσιν</span> <span class='ocrx_word' id='word_1_272' title='bbox 730 1051 737 1058; x_wconf 92' lang='lat'>&#39;</span> <span class='ocrx_word' id='word_1_273' title='bbox 757 1045 852 1081; x_wconf 74' lang='grc' dir='ltr'>ἐπειδὴ</span> <span class='ocrx_word' id='word_1_274' title='bbox 864 1045 919 1080; x_wconf 80' lang='grc' dir='ltr'>γὰρ</span> 
     </span>
    </p>
   </div>
   <div class='ocr_carea' id='block_1_39' title="bbox 119 1086 919 1125">
    <p class='ocr_par' dir='ltr' id='par_1_39' title="bbox 119 1086 919 1125">
     <span class='ocr_line' id='line_1_39' title="bbox 119 1086 919 1125; baseline 0.006 -13"><span class='ocrx_word' id='word_1_275' title='bbox 119 1087 150 1113; x_wconf 72' lang='grc' dir='ltr'>ἐν</span> <span class='ocrx_word' id='word_1_276' title='bbox 162 1086 202 1121; x_wconf 78' lang='grc' dir='ltr'>τῷ</span> <span class='ocrx_word' id='word_1_277' title='bbox 216 1087 374 1121; x_wconf 79' lang='grc' dir='ltr'>Εὐαγγελίῳ</span> <span class='ocrx_word' id='word_1_278' title='bbox 389 1089 404 1115; x_wconf 83' lang='grc' dir='ltr'><strong>ό</strong></span> <span class='ocrx_word' id='word_1_279' title='bbox 419 1087 522 1123; x_wconf 84' lang='grc' dir='ltr'>Κύριος</span> <span class='ocrx_word' id='word_1_280' title='bbox 534 1088 634 1124; x_wconf 83' lang='grc' dir='ltr'>βροχὴν</span> <span class='ocrx_word' id='word_1_281' title='bbox 652 1090 782 1125; x_wconf 82' lang='grc' dir='ltr'>ὀνομάζει</span> <span class='ocrx_word' id='word_1_282' title='bbox 793 1090 844 1123; x_wconf 79' lang='grc' dir='ltr'><strong>τὰς</strong></span> <span class='ocrx_word' id='word_1_283' title='bbox 858 1100 919 1117; x_wconf 85' lang='grc' dir='ltr'>ποι-</span> 
     </span>
    </p>
   </div>
   <div class='ocr_carea' id='block_1_40' title="bbox 119 1132 919 1172">
    <p class='ocr_par' dir='ltr' id='par_1_40' title="bbox 119 1132 919 1172">
     <span class='ocr_line' id='line_1_40' title="bbox 119 1132 919 1172; baseline 0.008 -14"><span class='ocrx_word' id='word_1_284' title='bbox 119 1132 201 1164; x_wconf 71' lang='grc' dir='ltr'>κίλας</span> <span class='ocrx_word' id='word_1_285' title='bbox 217 1133 272 1159; x_wconf 89' lang='grc' dir='ltr'><strong>τῶν</strong></span> <span class='ocrx_word' id='word_1_286' title='bbox 286 1134 450 1168; x_wconf 82' lang='grc' dir='ltr'>πειρασμῶν</span> <span class='ocrx_word' id='word_1_287' title='bbox 463 1133 618 1170; x_wconf 79' lang='grc' dir='ltr'>προσϐολὰς</span> <span class='ocrx_word' id='word_1_288' title='bbox 629 1135 677 1162; x_wconf 74' lang='grc' dir='ltr'><strong>ἐπὶ</strong></span> <span class='ocrx_word' id='word_1_289' title='bbox 692 1136 740 1163; x_wconf 82' lang='grc' dir='ltr'>τοῦ</span> <span class='ocrx_word' id='word_1_290' title='bbox 763 1136 856 1168; x_wconf 80' lang='grc' dir='ltr'>καλῶς</span> <span class='ocrx_word' id='word_1_291' title='bbox 869 1137 919 1172; x_wconf 84' lang='grc' dir='ltr'>τὴν</span> 
     </span>
    </p>
   </div>
   <div class='ocr_carea' id='block_1_41' title="bbox 119 1179 918 1219">
    <p class='ocr_par' dir='ltr' id='par_1_41' title="bbox 119 1179 918 1219">
     <span class='ocr_line' id='line_1_41' title="bbox 119 1179 918 1219; baseline 0.008 -15"><span class='ocrx_word' id='word_1_292' title='bbox 119 1179 212 1205; x_wconf 83' lang='grc' dir='ltr'>οἰκίαν</span> <span class='ocrx_word' id='word_1_293' title='bbox 227 1179 274 1205; x_wconf 72' lang='grc' dir='ltr'><strong>ἐπὶ</strong></span> <span class='ocrx_word' id='word_1_294' title='bbox 288 1179 337 1213; x_wconf 83' lang='grc' dir='ltr'>τὴν</span> <span class='ocrx_word' id='word_1_295' title='bbox 352 1180 455 1215; x_wconf 82' lang='grc' dir='ltr'>πέτραν</span> <span class='ocrx_word' id='word_1_296' title='bbox 481 1180 712 1218; x_wconf 80' lang='grc' dir='ltr'>οἰκοδομήσαντος</span> <span class='ocrx_word' id='word_1_297' title='bbox 724 1190 732 1198; x_wconf 90' lang='grc'>·</span> <span class='ocrx_word' id='word_1_298' title='bbox 754 1183 796 1210; x_wconf 85' lang='grc' dir='ltr'><strong>ὄτι</strong></span> <span class='ocrx_word' id='word_1_299' title='bbox 814 1183 918 1219; x_wconf 77' lang='grc' dir='ltr'>κατέϐη</span> 
     </span>
    </p>
   </div>
   <div class='ocr_carea' id='block_1_42' title="bbox 120 1225 920 1264">
    <p class='ocr_par' dir='ltr' id='par_1_42' title="bbox 120 1225 920 1264">
     <span class='ocr_line' id='line_1_42' title="bbox 120 1225 920 1264; baseline 0.009 -14"><span class='ocrx_word' id='word_1_300' title='bbox 120 1225 138 1260; x_wconf 76' lang='grc' dir='ltr'>ἡ</span> <span class='ocrx_word' id='word_1_301' title='bbox 151 1225 248 1261; x_wconf 76' lang='grc' dir='ltr'>βροχὴ,</span> <span class='ocrx_word' id='word_1_302' title='bbox 265 1225 313 1252; x_wconf 84' lang='grc' dir='ltr'>καὶ</span> <span class='ocrx_word' id='word_1_303' title='bbox 326 1225 463 1253; x_wconf 75' lang='grc' dir='ltr'>ἔπνευσαν</span> <span class='ocrx_word' id='word_1_304' title='bbox 471 1227 496 1253; x_wconf 80' lang='grc' dir='ltr'>οἱ</span> <span class='ocrx_word' id='word_1_305' title='bbox 512 1227 620 1263; x_wconf 80' lang='grc' dir='ltr'>ἄνεμοι,</span> <span class='ocrx_word' id='word_1_306' title='bbox 637 1229 685 1255; x_wconf 82' lang='grc' dir='ltr'>καὶ</span> <span class='ocrx_word' id='word_1_307' title='bbox 701 1226 783 1264; x_wconf 81' lang='grc' dir='ltr'>ἦλθον</span> <span class='ocrx_word' id='word_1_308' title='bbox 799 1231 823 1256; x_wconf 87' lang='lat' dir='ltr'><strong>ol</strong></span> <span class='ocrx_word' id='word_1_309' title='bbox 837 1238 920 1256; x_wconf 88' lang='grc' dir='ltr'>ποτα-</span> 
     </span>
    </p>
   </div>
   <div class='ocr_carea' id='block_1_43' title="bbox 121 1271 916 1311">
    <p class='ocr_par' dir='ltr' id='par_1_43' title="bbox 121 1271 916 1311">
     <span class='ocr_line' id='line_1_43' title="bbox 121 1271 916 1311; baseline 0.008 -14"><span class='ocrx_word' id='word_1_310' title='bbox 121 1271 180 1306; x_wconf 76' lang='grc' dir='ltr'>μοὶ,</span> <span class='ocrx_word' id='word_1_311' title='bbox 196 1273 245 1298; x_wconf 81' lang='grc' dir='ltr'><strong>καὶ</strong></span> <span class='ocrx_word' id='word_1_312' title='bbox 259 1271 366 1303; x_wconf 82' lang='grc' dir='ltr'>ἀπαθὲς</span> <span class='ocrx_word' id='word_1_313' title='bbox 376 1272 485 1307; x_wconf 73' lang='grc' dir='ltr'>ἔμεινεν</span> <span class='ocrx_word' id='word_1_314' title='bbox 501 1274 530 1299; x_wconf 89' lang='grc' dir='ltr'>ὲν</span> <span class='ocrx_word' id='word_1_315' title='bbox 541 1273 648 1306; x_wconf 85' lang='grc' dir='ltr'>τούτοις</span> <span class='ocrx_word' id='word_1_316' title='bbox 657 1274 692 1301; x_wconf 81' lang='grc' dir='ltr'><strong>τὰ</strong></span> <span class='ocrx_word' id='word_1_317' title='bbox 701 1276 916 1311; x_wconf 81' lang='grc' dir='ltr'>οἰκοδομήματα·</span> 
     </span>
    </p>
   </div>
   <div class='ocr_carea' id='block_1_44' title="bbox 121 1316 919 1356">
    <p class='ocr_par' dir='ltr' id='par_1_44' title="bbox 121 1316 919 1356">
     <span class='ocr_line' id='line_1_44' title="bbox 121 1316 919 1356; baseline 0.009 -14"><span class='ocrx_word' id='word_1_318' title='bbox 121 1316 203 1352; x_wconf 78' lang='grc' dir='ltr'>χρεία</span> <span class='ocrx_word' id='word_1_319' title='bbox 213 1317 344 1343; x_wconf 74' lang='grc' dir='ltr'>τοιούτων</span> <span class='ocrx_word' id='word_1_320' title='bbox 358 1318 426 1352; x_wconf 79' lang='grc' dir='ltr'>ἡμῖν</span> <span class='ocrx_word' id='word_1_321' title='bbox 439 1317 538 1352; x_wconf 81' lang='grc' dir='ltr'>δοκῶν,</span> <span class='ocrx_word' id='word_1_322' title='bbox 564 1319 667 1352; x_wconf 80' lang='grc' dir='ltr'>αἵτινές</span> <span class='ocrx_word' id='word_1_323' title='bbox 691 1321 761 1348; x_wconf 80' lang='grc' dir='ltr'>εἰσιν</span> <span class='ocrx_word' id='word_1_324' title='bbox 779 1322 808 1349; x_wconf 84' lang='lat' dir='ltr'><strong>al</strong></span> <span class='ocrx_word' id='word_1_325' title='bbox 824 1322 919 1356; x_wconf 74' lang='grc' dir='ltr'>ἀρεταὶ</span> 
     </span>
    </p>
   </div>
   <div class='ocr_carea' id='block_1_45' title="bbox 121 1361 920 1401">
    <p class='ocr_par' dir='ltr' id='par_1_45' title="bbox 121 1361 920 1401">
     <span class='ocr_line' id='line_1_45' title="bbox 121 1361 920 1401; baseline 0.008 -14"><span class='ocrx_word' id='word_1_326' title='bbox 121 1361 152 1388; x_wconf 82' lang='grc' dir='ltr'><strong>αἶ</strong></span> <span class='ocrx_word' id='word_1_327' title='bbox 171 1361 222 1393; x_wconf 78' lang='grc' dir='ltr'>τὰς</span> <span class='ocrx_word' id='word_1_328' title='bbox 237 1362 400 1397; x_wconf 74' lang='grc' dir='ltr'>πειρασμῶν</span> <span class='ocrx_word' id='word_1_329' title='bbox 412 1362 548 1398; x_wconf 79' lang='grc' dir='ltr'>ὲπιρροὰς</span> <span class='ocrx_word' id='word_1_330' title='bbox 571 1364 602 1390; x_wconf 83' lang='grc' dir='ltr'>οὐ</span> <span class='ocrx_word' id='word_1_331' title='bbox 623 1364 793 1400; x_wconf 80' lang='grc' dir='ltr'>προσίενται,</span> <span class='ocrx_word' id='word_1_332' title='bbox 809 1367 920 1401; x_wconf 78' lang='grc' dir='ltr'>στερεοὶ</span> 
     </span>
    </p>
   </div>
   <div class='ocr_carea' id='block_1_46' title="bbox 119 1404 919 1447">
    <p class='ocr_par' dir='ltr' id='par_1_46' title="bbox 119 1404 919 1447">
     <span class='ocr_line' id='line_1_46' title="bbox 119 1404 919 1447; baseline 0.009 -15"><span class='ocrx_word' id='word_1_333' title='bbox 119 1404 203 1433; x_wconf 73' lang='grc' dir='ltr'>οὖσαι</span> <span class='ocrx_word' id='word_1_334' title='bbox 213 1407 262 1433; x_wconf 70' lang='grc' dir='ltr'>καὶ</span> <span class='ocrx_word' id='word_1_335' title='bbox 275 1407 428 1434; x_wconf 67' lang='grc' dir='ltr'><strong>ἁνένδο-τον</strong></span> <span class='ocrx_word' id='word_1_336' title='bbox 455 1409 501 1434; x_wconf 82' lang='grc' dir='ltr'>καὶ</span> <span class='ocrx_word' id='word_1_337' title='bbox 516 1409 547 1436; x_wconf 80' lang='grc' dir='ltr'>τὸ</span> <span class='ocrx_word' id='word_1_338' title='bbox 563 1409 633 1445; x_wconf 77' lang='grc' dir='ltr'>πρὸς</span> <span class='ocrx_word' id='word_1_339' title='bbox 647 1411 748 1438; x_wconf 80' lang='grc' dir='ltr'>κακίαν</span> <span class='ocrx_word' id='word_1_340' title='bbox 765 1412 919 1447; x_wconf 81' lang='grc' dir='ltr'>ἀμέθεκτον</span> 
     </span>
    </p>
   </div>
   <div class='ocr_carea' id='block_1_47' title="bbox 121 1453 920 1493">
    <p class='ocr_par' dir='ltr' id='par_1_47' title="bbox 121 1453 920 1493">
     <span class='ocr_line' id='line_1_47' title="bbox 121 1453 920 1493; baseline 0.009 -15"><span class='ocrx_word' id='word_1_341' title='bbox 121 1453 153 1479; x_wconf 73' lang='grc' dir='ltr'>ἑν</span> <span class='ocrx_word' id='word_1_342' title='bbox 175 1454 234 1484; x_wconf 79' lang='grc' dir='ltr'>τοῖς</span> <span class='ocrx_word' id='word_1_343' title='bbox 260 1455 426 1489; x_wconf 77' lang='grc' dir='ltr'>πειρασμοῖς</span> <span class='ocrx_word' id='word_1_344' title='bbox 444 1454 643 1487; x_wconf 78' lang='grc' dir='ltr'>διασώζουσαι·</span> <span class='ocrx_word' id='word_1_345' title='bbox 669 1458 776 1492; x_wconf 82' lang='grc' dir='ltr'>μήποτε</span> <span class='ocrx_word' id='word_1_346' title='bbox 802 1458 920 1493; x_wconf 84' lang='grc' dir='ltr'>μαλακι-</span> 
     </span>
    </p>
   </div>
   <div class='ocr_carea' id='block_1_48' title="bbox 122 1499 919 1537">
    <p class='ocr_par' dir='ltr' id='par_1_48' title="bbox 122 1499 919 1537">
     <span class='ocr_line' id='line_1_48' title="bbox 122 1499 919 1537; baseline 0.008 -13"><span class='ocrx_word' id='word_1_347' title='bbox 122 1499 235 1530; x_wconf 76' lang='grc' dir='ltr'>σθέντες</span> <span class='ocrx_word' id='word_1_348' title='bbox 249 1499 292 1525; x_wconf 81' lang='grc' dir='ltr'><strong>διὰ</strong></span> <span class='ocrx_word' id='word_1_349' title='bbox 305 1499 356 1533; x_wconf 80' lang='grc' dir='ltr'>τῆς</span> <span class='ocrx_word' id='word_1_350' title='bbox 371 1499 426 1526; x_wconf 80' lang='grc' dir='ltr'><strong>τῶν</strong></span> <span class='ocrx_word' id='word_1_351' title='bbox 437 1500 607 1535; x_wconf 76' lang='grc' dir='ltr'>παθημάτων</span> <span class='ocrx_word' id='word_1_352' title='bbox 631 1502 811 1537; x_wconf 79' lang='grc' dir='ltr'>ὲμπτώσεως,</span> <span class='ocrx_word' id='word_1_353' title='bbox 834 1504 919 1530; x_wconf 81' lang='grc' dir='ltr'>κοῖλοι</span> 
     </span>
    </p>
   </div>
   <div class='ocr_carea' id='block_1_49' title="bbox 122 1544 919 1583">
    <p class='ocr_par' dir='ltr' id='par_1_49' title="bbox 122 1544 919 1583">
     <span class='ocr_line' id='line_1_49' title="bbox 122 1544 919 1583; baseline 0.006 -12"><span class='ocrx_word' id='word_1_354' title='bbox 122 1544 282 1579; x_wconf 75' lang='grc' dir='ltr'>γενώμεθα,</span> <span class='ocrx_word' id='word_1_355' title='bbox 315 1545 364 1572; x_wconf 78' lang='grc' dir='ltr'>καὶ</span> <span class='ocrx_word' id='word_1_356' title='bbox 387 1545 437 1581; x_wconf 83' lang='grc' dir='ltr'>τὴν</span> <span class='ocrx_word' id='word_1_357' title='bbox 456 1547 589 1583; x_wconf 76' lang='grc' dir='ltr'>ὲπιρῤοὴν</span> <span class='ocrx_word' id='word_1_358' title='bbox 603 1548 657 1574; x_wconf 82' lang='grc' dir='ltr'><strong>τῶν</strong></span> <span class='ocrx_word' id='word_1_359' title='bbox 672 1548 801 1575; x_wconf 82' lang='grc' dir='ltr'>τοιούτων</span> <span class='ocrx_word' id='word_1_360' title='bbox 814 1549 919 1576; x_wconf 76' lang='grc' dir='ltr'>ὑδάτων</span> 
     </span>
    </p>
   </div>
   <div class='ocr_carea' id='block_1_50' title="bbox 123 1589 920 1627">
    <p class='ocr_par' dir='ltr' id='par_1_50' title="bbox 123 1589 920 1627">
     <span class='ocr_line' id='line_1_50' title="bbox 123 1589 920 1627; baseline 0.006 -12"><span class='ocrx_word' id='word_1_361' title='bbox 123 1589 228 1622; x_wconf 78' lang='grc' dir='ltr'>ἔξωθεν</span> <span class='ocrx_word' id='word_1_362' title='bbox 248 1591 294 1617; x_wconf 75' lang='grc' dir='ltr'><strong>ἐπὶ</strong></span> <span class='ocrx_word' id='word_1_363' title='bbox 308 1590 359 1625; x_wconf 81' lang='grc' dir='ltr'>τὴν</span> <span class='ocrx_word' id='word_1_364' title='bbox 387 1590 503 1626; x_wconf 83' lang='grc' dir='ltr'>καρδίαν</span> <span class='ocrx_word' id='word_1_365' title='bbox 527 1591 692 1627; x_wconf 82' lang='grc' dir='ltr'>εἰσρέουσαν</span> <span class='ocrx_word' id='word_1_366' title='bbox 718 1593 793 1625; x_wconf 77' lang='grc' dir='ltr'>ἐντὸς</span> <span class='ocrx_word' id='word_1_367' title='bbox 804 1593 860 1620; x_wconf 88' lang='grc' dir='ltr'><strong>τῶν</strong></span> <span class='ocrx_word' id='word_1_368' title='bbox 872 1602 920 1620; x_wconf 84' lang='grc' dir='ltr'>τα-</span> 
     </span>
    </p>
   </div>
   <div class='ocr_carea' id='block_1_51' title="bbox 124 1634 920 1675">
    <p class='ocr_par' dir='ltr' id='par_1_51' title="bbox 124 1634 920 1675">
     <span class='ocr_line' id='line_1_51' title="bbox 124 1634 920 1675; baseline 0.008 -14"><span class='ocrx_word' id='word_1_369' title='bbox 124 1636 224 1670; x_wconf 80' lang='grc' dir='ltr'>μιείων</span> <span class='ocrx_word' id='word_1_370' title='bbox 249 1636 480 1672; x_wconf 79' lang='grc' dir='ltr'>παραδεξώμεθα,</span> <span class='ocrx_word' id='word_1_371' title='bbox 509 1637 545 1663; x_wconf 82' lang='grc' dir='ltr'><strong>δι’</strong></span> <span class='ocrx_word' id='word_1_372' title='bbox 582 1634 619 1665; x_wconf 82' lang='grc' dir='ltr'><strong>ὧν</strong></span> <span class='ocrx_word' id='word_1_373' title='bbox 641 1638 785 1674; x_wconf 75' lang='grc' dir='ltr'>φθείρεται</span> <span class='ocrx_word' id='word_1_374' title='bbox 800 1640 866 1675; x_wconf 80' lang='grc' dir='ltr'>ἡμῖν</span> <span class='ocrx_word' id='word_1_375' title='bbox 885 1641 920 1667; x_wconf 85' lang='grc' dir='ltr'>τὰ</span> 
     </span>
    </p>
   </div>
   <div class='ocr_carea' id='block_1_52' title="bbox 123 1681 920 1719">
    <p class='ocr_par' dir='ltr' id='par_1_52' title="bbox 123 1681 920 1719">
     <span class='ocr_line' id='line_1_52' title="bbox 123 1681 920 1719; baseline 0.006 -12"><span class='ocrx_word' id='word_1_376' title='bbox 123 1681 246 1708; x_wconf 79' lang='grc' dir='ltr'>ἀπόθετα</span> <span class='ocrx_word' id='word_1_377' title='bbox 255 1689 263 1696; x_wconf 74' lang='grc'><strong><em>⁸</em></strong></span> <span class='ocrx_word' id='word_1_378' title='bbox 280 1681 428 1709; x_wconf 78' lang='grc' dir='ltr'>αίνίττεται</span> <span class='ocrx_word' id='word_1_379' title='bbox 440 1683 467 1709; x_wconf 81' lang='grc' dir='ltr'><strong>δὲ</strong></span> <span class='ocrx_word' id='word_1_380' title='bbox 478 1683 523 1710; x_wconf 81' lang='grc' dir='ltr'>διὰ</span> <span class='ocrx_word' id='word_1_381' title='bbox 534 1684 588 1710; x_wconf 83' lang='grc' dir='ltr'><strong>τῶν</strong></span> <span class='ocrx_word' id='word_1_382' title='bbox 599 1684 685 1711; x_wconf 86' lang='grc' dir='ltr'>δοκῶν</span> <span class='ocrx_word' id='word_1_383' title='bbox 698 1685 745 1711; x_wconf 81' lang='grc' dir='ltr'>καὶ</span> <span class='ocrx_word' id='word_1_384' title='bbox 756 1685 803 1712; x_wconf 79' lang='grc' dir='ltr'><strong>τοῦ</strong></span> <span class='ocrx_word' id='word_1_385' title='bbox 813 1685 920 1719; x_wconf 80' lang='grc' dir='ltr'>φατνώ-</span> 
     </span>
    </p>
   </div>
   <div class='ocr_carea' id='block_1_53' title="bbox 124 1719 920 1767">
    <p class='ocr_par' dir='ltr' id='par_1_53' title="bbox 124 1719 920 1767">
     <span class='ocr_line' id='line_1_53' title="bbox 124 1719 920 1767; baseline 0.008 -14"><span class='ocrx_word' id='word_1_386' title='bbox 124 1736 213 1763; x_wconf 74' lang='grc' dir='ltr'>ματος</span> <span class='ocrx_word' id='word_1_387' title='bbox 229 1728 243 1754; x_wconf 89' lang='grc' dir='ltr'><strong>ό</strong></span> <span class='ocrx_word' id='word_1_388' title='bbox 262 1728 355 1763; x_wconf 76' lang='grc' dir='ltr'>λόγος,</span> <span class='ocrx_word' id='word_1_389' title='bbox 368 1729 437 1765; x_wconf 80' lang='grc' dir='ltr'>ὅπερ</span> <span class='ocrx_word' id='word_1_390' title='bbox 447 1719 528 1757; x_wconf 60' lang='grc' dir='ltr'>’ἐστὶν</span> <span class='ocrx_word' id='word_1_391' title='bbox 539 1730 676 1766; x_wconf 70' lang='grc' dir='ltr'>εὔρυθμός</span> <span class='ocrx_word' id='word_1_392' title='bbox 688 1740 731 1763; x_wconf 80' lang='grc' dir='ltr'><strong>τις</strong></span> <span class='ocrx_word' id='word_1_393' title='bbox 745 1732 793 1758; x_wconf 80' lang='grc' dir='ltr'>καὶ</span> <span class='ocrx_word' id='word_1_394' title='bbox 811 1732 920 1767; x_wconf 84' lang='grc' dir='ltr'>διάγλυ-</span> 
     </span>
    </p>
   </div>
   <div class='ocr_carea' id='block_1_54' title="bbox 124 1773 919 1810">
    <p class='ocr_par' dir='ltr' id='par_1_54' title="bbox 124 1773 919 1810">
     <span class='ocr_line' id='line_1_54' title="bbox 124 1773 919 1810; baseline 0.008 -11"><span class='ocrx_word' id='word_1_395' title='bbox 124 1782 176 1808; x_wconf 61' lang='grc' dir='ltr'><strong>ςας</strong></span> <span class='ocrx_word' id='word_1_396' title='bbox 189 1773 305 1800; x_wconf 81' lang='grc' dir='ltr'>σανίδων</span> <span class='ocrx_word' id='word_1_397' title='bbox 322 1774 414 1809; x_wconf 78' lang='grc' dir='ltr'>πῆξις,</span> <span class='ocrx_word' id='word_1_398' title='bbox 431 1775 520 1810; x_wconf 77' lang='grc' dir='ltr'>τὸτῆς</span> <span class='ocrx_word' id='word_1_399' title='bbox 536 1776 636 1810; x_wconf 72' lang='grc' dir='ltr'>ὀρόφου</span> <span class='ocrx_word' id='word_1_400' title='bbox 654 1776 750 1809; x_wconf 84' lang='grc' dir='ltr'>κάλλος</span> <span class='ocrx_word' id='word_1_401' title='bbox 767 1777 919 1805; x_wconf 83' lang='grc' dir='ltr'>διαποικίλ-</span> 
     </span>
    </p>
   </div>
   <div class='ocr_carea' id='block_1_55' title="bbox 124 1818 921 1857">
    <p class='ocr_par' dir='ltr' id='par_1_55' title="bbox 124 1818 921 1857">
     <span class='ocr_line' id='line_1_55' title="bbox 124 1818 921 1857; baseline 0.005 -12"><span class='ocrx_word' id='word_1_402' title='bbox 124 1818 224 1846; x_wconf 77' lang='grc' dir='ltr'>λουσα·</span> <span class='ocrx_word' id='word_1_403' title='bbox 237 1819 351 1854; x_wconf 77' lang='grc' dir='ltr'>καὶτῆς</span> <span class='ocrx_word' id='word_1_404' title='bbox 377 1819 505 1852; x_wconf 80' lang='grc' dir='ltr'>εὐπνοίας</span> <span class='ocrx_word' id='word_1_405' title='bbox 533 1822 583 1856; x_wconf 84' lang='grc' dir='ltr'>τῆς</span> <span class='ocrx_word' id='word_1_406' title='bbox 600 1821 723 1856; x_wconf 78' lang='grc' dir='ltr'>φυσικῶς</span> <span class='ocrx_word' id='word_1_407' title='bbox 749 1822 921 1857; x_wconf 89' lang='grc' dir='ltr'>παρακολου-</span> 
     </span>
    </p>
   </div>
   <div class='ocr_carea' id='block_1_56' title="bbox 123 1864 920 1903">
    <p class='ocr_par' dir='ltr' id='par_1_56' title="bbox 123 1864 920 1903">
     <span class='ocr_line' id='line_1_56' title="bbox 123 1864 920 1903; baseline 0.006 -12"><span class='ocrx_word' id='word_1_408' title='bbox 123 1864 224 1900; x_wconf 80' lang='grc' dir='ltr'>θούσης</span> <span class='ocrx_word' id='word_1_409' title='bbox 248 1866 282 1900; x_wconf 80' lang='grc' dir='ltr'><strong>τῇ</strong></span> <span class='ocrx_word' id='word_1_410' title='bbox 307 1865 484 1902; x_wconf 82' lang='grc' dir='ltr'>κυπαρίσσῳ,</span> <span class='ocrx_word' id='word_1_411' title='bbox 506 1866 567 1902; x_wconf 82' lang='grc' dir='ltr'>ἥτις</span> <span class='ocrx_word' id='word_1_412' title='bbox 595 1867 644 1894; x_wconf 76' lang='grc' dir='ltr'>καὶ</span> <span class='ocrx_word' id='word_1_413' title='bbox 668 1868 814 1903; x_wconf 77' lang='grc' dir='ltr'>σηπεδόνος</span> <span class='ocrx_word' id='word_1_414' title='bbox 847 1869 920 1896; x_wconf 75' lang='grc' dir='ltr'>ἐστὶν</span> 
     </span>
    </p>
   </div>
   <div class='ocr_carea' id='block_1_57' title="bbox 123 1911 921 1949">
    <p class='ocr_par' dir='ltr' id='par_1_57' title="bbox 123 1911 921 1949">
     <span class='ocr_line' id='line_1_57' title="bbox 123 1911 921 1949; baseline 0.004 -11"><span class='ocrx_word' id='word_1_415' title='bbox 123 1911 327 1946; x_wconf 65' lang='grc' dir='ltr'>ἀπαράϐατος.</span> <span class='ocrx_word' id='word_1_416' title='bbox 358 1911 404 1937; x_wconf 71' lang='grc' dir='ltr'>καὶ</span> <span class='ocrx_word' id='word_1_417' title='bbox 429 1912 499 1947; x_wconf 75' lang='grc' dir='ltr'>πρὸς</span> <span class='ocrx_word' id='word_1_418' title='bbox 522 1913 612 1939; x_wconf 79' lang='grc' dir='ltr'>πᾶσαν</span> <span class='ocrx_word' id='word_1_419' title='bbox 635 1913 792 1949; x_wconf 79' lang='grc' dir='ltr'>τεκτονικὴν</span> <span class='ocrx_word' id='word_1_420' title='bbox 813 1914 921 1949; x_wconf 81' lang='grc' dir='ltr'>φιλοτε-</span> 
     </span>
    </p>
   </div>
   <div class='ocr_carea' id='block_1_58' title="bbox 122 1957 918 1996">
    <p class='ocr_par' dir='ltr' id='par_1_58' title="bbox 122 1957 918 1996">
     <span class='ocr_line' id='line_1_58' title="bbox 122 1957 918 1996; baseline 0.008 -14"><span class='ocrx_word' id='word_1_421' title='bbox 122 1957 203 1992; x_wconf 81' lang='grc' dir='ltr'>χνίαν</span> <span class='ocrx_word' id='word_1_422' title='bbox 233 1957 388 1993; x_wconf 74' lang='grc' dir='ltr'>ἐπιτήδειος</span> <span class='ocrx_word' id='word_1_423' title='bbox 400 1965 408 1973; x_wconf 78' lang='lat'><strong>&#39;</strong></span> <span class='ocrx_word' id='word_1_424' title='bbox 423 1958 462 1993; x_wconf 86' lang='grc' dir='ltr'>τῷ</span> <span class='ocrx_word' id='word_1_425' title='bbox 470 1959 508 1993; x_wconf 77' lang='grc' dir='ltr'><strong>μὴ</strong></span> <span class='ocrx_word' id='word_1_426' title='bbox 523 1959 603 1994; x_wconf 81' lang='grc' dir='ltr'>μόνον</span> <span class='ocrx_word' id='word_1_427' title='bbox 621 1960 651 1986; x_wconf 85' lang='grc' dir='ltr'>ὲν</span> <span class='ocrx_word' id='word_1_428' title='bbox 663 1961 696 1995; x_wconf 85' lang='grc' dir='ltr'><strong>τῇ</strong></span> <span class='ocrx_word' id='word_1_429' title='bbox 712 1960 784 1995; x_wconf 75' lang='grc' dir='ltr'>ψυχῇ</span> <span class='ocrx_word' id='word_1_430' title='bbox 796 1961 845 1993; x_wconf 70' lang='grc' dir='ltr'><strong>τὰς</strong></span> <span class='ocrx_word' id='word_1_431' title='bbox 855 1961 918 1996; x_wconf 85' lang='grc' dir='ltr'>ἀρε-</span> 
     </span>
    </p>
   </div>
   <div class='ocr_carea' id='block_1_59' title="bbox 122 2003 921 2042">
    <p class='ocr_par' dir='ltr' id='par_1_59' title="bbox 122 2003 921 2042">
     <span class='ocr_line' id='line_1_59' title="bbox 122 2003 921 2042; baseline 0.005 -13"><span class='ocrx_word' id='word_1_432' title='bbox 122 2003 175 2035; x_wconf 67' lang='grc' dir='ltr'>τὰς</span> <span class='ocrx_word' id='word_1_433' title='bbox 194 2003 224 2029; x_wconf 77' lang='grc' dir='ltr'>ἐν</span> <span class='ocrx_word' id='word_1_434' title='bbox 237 2003 293 2035; x_wconf 72' lang='grc' dir='ltr'>ἕξει</span> <span class='ocrx_word' id='word_1_435' title='bbox 311 2003 511 2037; x_wconf 80' lang='grc' dir='ltr'>κατορθοῦσθαι</span> <span class='ocrx_word' id='word_1_436' title='bbox 523 2004 595 2031; x_wconf 83' lang='grc' dir='ltr'>κατὰ</span> <span class='ocrx_word' id='word_1_437' title='bbox 610 2005 640 2032; x_wconf 82' lang='grc' dir='ltr'><strong>τὺ</strong></span> <span class='ocrx_word' id='word_1_438' title='bbox 657 2005 758 2038; x_wconf 80' lang='grc' dir='ltr'>ἄδολον,</span> <span class='ocrx_word' id='word_1_439' title='bbox 770 2006 837 2033; x_wconf 83' lang='grc' dir='ltr'>ἀλλὰ</span> <span class='ocrx_word' id='word_1_440' title='bbox 853 2007 921 2042; x_wconf 82' lang='grc' dir='ltr'>μηδὲ</span> 
     </span>
    </p>
   </div>
   <div class='ocr_carea' id='block_1_60' title="bbox 122 2049 919 2088">
    <p class='ocr_par' dir='ltr' id='par_1_60' title="bbox 122 2049 919 2088">
     <span class='ocr_line' id='line_1_60' title="bbox 122 2049 919 2088; baseline 0.005 -12"><span class='ocrx_word' id='word_1_441' title='bbox 122 2050 173 2085; x_wconf 79' lang='grc' dir='ltr'>τῆς</span> <span class='ocrx_word' id='word_1_442' title='bbox 182 2050 257 2076; x_wconf 71' lang='grc' dir='ltr'>κατὰ</span> <span class='ocrx_word' id='word_1_443' title='bbox 275 2049 306 2077; x_wconf 80' lang='grc' dir='ltr'><strong>τὺ</strong></span> <span class='ocrx_word' id='word_1_444' title='bbox 319 2050 480 2085; x_wconf 85' lang='grc' dir='ltr'>φαινόμενον</span> <span class='ocrx_word' id='word_1_445' title='bbox 493 2051 701 2087; x_wconf 79' lang='grc' dir='ltr'>εὐσχημοσύνης</span> <span class='ocrx_word' id='word_1_446' title='bbox 711 2052 820 2087; x_wconf 82' lang='grc' dir='ltr'>ἀμελῶς</span> <span class='ocrx_word' id='word_1_447' title='bbox 830 2052 901 2088; x_wconf 76' lang='grc' dir='ltr'>ἔχειν</span> <span class='ocrx_word' id='word_1_448' title='bbox 913 2061 919 2068; x_wconf 94' lang='grc'><strong>·</strong></span> 
     </span>
    </p>
   </div>
   <div class='ocr_carea' id='block_1_61' title="bbox 123 2096 920 2135">
    <p class='ocr_par' dir='ltr' id='par_1_61' title="bbox 123 2096 920 2135">
     <span class='ocr_line' id='line_1_61' title="bbox 123 2096 920 2135; baseline 0.008 -14"><span class='ocrx_word' id='word_1_449' title='bbox 123 2096 178 2132; x_wconf 80' lang='grc' dir='ltr'>χρὴ</span> <span class='ocrx_word' id='word_1_450' title='bbox 194 2096 250 2132; x_wconf 77' lang='grc' dir='ltr'>γὰρ</span> <span class='ocrx_word' id='word_1_451' title='bbox 266 2098 392 2131; x_wconf 79' lang='grc' dir='ltr'>προνοεῖν</span> <span class='ocrx_word' id='word_1_452' title='bbox 405 2096 476 2123; x_wconf 86' lang='grc' dir='ltr'>καλὰ</span> <span class='ocrx_word' id='word_1_453' title='bbox 483 2097 600 2125; x_wconf 79' lang='grc' dir='ltr'>ἐνώπιον</span> <span class='ocrx_word' id='word_1_454' title='bbox 615 2098 683 2125; x_wconf 85' lang='grc' dir='ltr'>Θεοῦ</span> <span class='ocrx_word' id='word_1_455' title='bbox 695 2099 742 2126; x_wconf 77' lang='grc' dir='ltr'><strong>καὶ</strong></span> <span class='ocrx_word' id='word_1_456' title='bbox 757 2099 920 2135; x_wconf 60' lang='grc' dir='ltr'>ἀνθρώπων</span> 
     </span>
    </p>
   </div>
   <div class='ocr_carea' id='block_1_62' title="bbox 123 2141 921 2180">
    <p class='ocr_par' dir='ltr' id='par_1_62' title="bbox 123 2141 921 2180">
     <span class='ocr_line' id='line_1_62' title="bbox 123 2141 921 2180; baseline 0.004 -11"><span class='ocrx_word' id='word_1_457' title='bbox 123 2143 172 2169; x_wconf 74' lang='grc' dir='ltr'>καὶ</span> <span class='ocrx_word' id='word_1_458' title='bbox 183 2141 244 2177; x_wconf 84' lang='grc' dir='ltr'><strong>Θεῷ</strong></span> <span class='ocrx_word' id='word_1_459' title='bbox 263 2143 313 2178; x_wconf 81' lang='grc' dir='ltr'>μὲν</span> <span class='ocrx_word' id='word_1_460' title='bbox 338 2143 561 2177; x_wconf 76' lang='grc' dir='ltr'>πεφανερῶσθαι,</span> <span class='ocrx_word' id='word_1_461' title='bbox 590 2144 752 2180; x_wconf 73' lang='grc' dir='ltr'>ἀνθρώπους</span> <span class='ocrx_word' id='word_1_462' title='bbox 771 2145 800 2171; x_wconf 83' lang='grc' dir='ltr'><strong>δὲ</strong></span> <span class='ocrx_word' id='word_1_463' title='bbox 816 2146 921 2173; x_wconf 82' lang='grc' dir='ltr'>πείθειν</span> 
     </span>
    </p>
   </div>
   <div class='ocr_carea' id='block_1_63' title="bbox 123 2187 920 2227">
    <p class='ocr_par' dir='ltr' id='par_1_63' title="bbox 123 2187 920 2227">
     <span class='ocr_line' id='line_1_63' title="bbox 123 2187 920 2227; baseline 0.005 -13"><span class='ocrx_word' id='word_1_464' title='bbox 123 2187 174 2214; x_wconf 69' lang='grc' dir='ltr'><strong>καὶ</strong></span> <span class='ocrx_word' id='word_1_465' title='bbox 193 2188 281 2224; x_wconf 82' lang='grc' dir='ltr'>καλὴν</span> <span class='ocrx_word' id='word_1_466' title='bbox 309 2189 464 2224; x_wconf 83' lang='grc' dir='ltr'>μαρτυρίαν</span> <span class='ocrx_word' id='word_1_467' title='bbox 479 2189 552 2224; x_wconf 73' lang='grc' dir='ltr'>ἔχειν</span> <span class='ocrx_word' id='word_1_468' title='bbox 575 2190 630 2217; x_wconf 84' lang='grc' dir='ltr'><strong>ἀπὸ</strong></span> <span class='ocrx_word' id='word_1_469' title='bbox 643 2190 698 2217; x_wconf 84' lang='grc' dir='ltr'><strong>τῶν</strong></span> <span class='ocrx_word' id='word_1_470' title='bbox 718 2191 834 2223; x_wconf 75' lang='grc' dir='ltr'>ἔξωθενο</span> <span class='ocrx_word' id='word_1_471' title='bbox 850 2192 920 2227; x_wconf 83' lang='grc' dir='ltr'>λάμ-</span> 
     </span>
    </p>
   </div>
   <div class='ocr_carea' id='block_1_64' title="bbox 970 948 1769 984">
    <p class='ocr_par' dir='ltr' id='par_1_64' title="bbox 970 948 1769 984">
     <span class='ocr_line' id='line_1_64' title="bbox 970 948 1769 984; baseline 0 -8"><span class='ocrx_word' id='word_1_472' title='bbox 970 956 1073 976; x_wconf 91' lang='lat' dir='ltr'><strong>ornans</strong></span> <span class='ocrx_word' id='word_1_473' title='bbox 1090 958 1096 976; x_wconf 77' lang='grc' dir='ltr'><strong><em>τ</em></strong></span> <span class='ocrx_word' id='word_1_474' title='bbox 1116 949 1178 976; x_wconf 87' lang='lat' dir='ltr'><strong>talis</strong></span> <span class='ocrx_word' id='word_1_475' title='bbox 1192 954 1234 976; x_wconf 87' lang='lat' dir='ltr'><strong>est</strong></span> <span class='ocrx_word' id='word_1_476' title='bbox 1249 953 1341 976; x_wconf 85' lang='lat' dir='ltr'><strong>autent</strong></span> <span class='ocrx_word' id='word_1_477' title='bbox 1358 948 1459 975; x_wconf 81' lang='lat' dir='ltr'><strong>cedrus</strong></span> <span class='ocrx_word' id='word_1_478' title='bbox 1469 952 1496 975; x_wconf 84' lang='lat' dir='ltr'><strong>et</strong></span> <span class='ocrx_word' id='word_1_479' title='bbox 1509 957 1671 984; x_wconf 55' lang='lat' dir='ltr'><strong>cupressus</strong></span> <span class='ocrx_word' id='word_1_480' title='bbox 1687 950 1769 976; x_wconf 79' lang='lat' dir='ltr'><strong>Cedri</strong></span> 
     </span>
    </p>
   </div>
   <div class='ocr_carea' id='block_1_65' title="bbox 969 995 1768 1031">
    <p class='ocr_par' dir='ltr' id='par_1_65' title="bbox 969 995 1768 1031">
     <span class='ocr_line' id='line_1_65' title="bbox 969 995 1768 1031; baseline -0.001 -8"><span class='ocrx_word' id='word_1_481' title='bbox 969 1003 1088 1030; x_wconf 83' lang='lat' dir='ltr'><strong>namque</strong></span> <span class='ocrx_word' id='word_1_482' title='bbox 1113 995 1186 1031; x_wconf 90' lang='lat' dir='ltr'><strong>quod</strong></span> <span class='ocrx_word' id='word_1_483' title='bbox 1217 1003 1340 1031; x_wconf 58' lang='lat' dir='ltr'><strong>procerae</strong></span> <span class='ocrx_word' id='word_1_484' title='bbox 1370 996 1441 1026; x_wconf 87' lang='lat' dir='ltr'><strong>sint,</strong></span> <span class='ocrx_word' id='word_1_485' title='bbox 1469 995 1643 1023; x_wconf 87' lang='lat' dir='ltr'><strong>latitttdinent</strong></span> <span class='ocrx_word' id='word_1_486' title='bbox 1670 996 1768 1023; x_wconf 87' lang='lat' dir='ltr'><strong>domus</strong></span> 
     </span>
    </p>
   </div>
   <div class='ocr_carea' id='block_1_66' title="bbox 970 1042 1768 1076">
    <p class='ocr_par' dir='ltr' id='par_1_66' title="bbox 970 1042 1768 1076">
     <span class='ocr_line' id='line_1_66' title="bbox 970 1042 1768 1076; baseline 0 -8"><span class='ocrx_word' id='word_1_487' title='bbox 970 1045 1043 1068; x_wconf 86' lang='lat' dir='ltr'><strong>tecto</strong></span> <span class='ocrx_word' id='word_1_488' title='bbox 1069 1042 1311 1076; x_wconf 84' lang='lat' dir='ltr'><strong>complectuntur;</strong></span> <span class='ocrx_word' id='word_1_489' title='bbox 1326 1042 1451 1075; x_wconf 73' lang='lat' dir='ltr'><strong>cupressi</strong></span> <span class='ocrx_word' id='word_1_490' title='bbox 1476 1045 1569 1068; x_wconf 85' lang='lat' dir='ltr'><strong>autent</strong></span> <span class='ocrx_word' id='word_1_491' title='bbox 1589 1049 1636 1076; x_wconf 92' lang='lat' dir='ltr'><strong>per</strong></span> <span class='ocrx_word' id='word_1_492' title='bbox 1656 1048 1687 1068; x_wconf 88' lang='lat' dir='ltr'><strong>ea</strong></span> <span class='ocrx_word' id='word_1_493' title='bbox 1707 1048 1768 1075; x_wconf 72' lang='lat' dir='ltr'><strong>qua:</strong></span> 
     </span>
    </p>
   </div>
   <div class='ocr_carea' id='block_1_67' title="bbox 970 1086 1768 1122">
    <p class='ocr_par' dir='ltr' id='par_1_67' title="bbox 970 1086 1768 1122">
     <span class='ocr_line' id='line_1_67' title="bbox 970 1086 1768 1122; baseline 0.003 -9"><span class='ocrx_word' id='word_1_494' title='bbox 970 1086 1100 1114; x_wconf 88' lang='lat' dir='ltr'><strong>dicuntur</strong></span> <span class='ocrx_word' id='word_1_495' title='bbox 1131 1088 1281 1122; x_wconf 83' lang='lat' dir='ltr'><strong>laquearia,</strong></span> <span class='ocrx_word' id='word_1_496' title='bbox 1294 1088 1420 1114; x_wconf 84' lang='lat' dir='ltr'><strong>decorem</strong></span> <span class='ocrx_word' id='word_1_497' title='bbox 1436 1087 1539 1114; x_wconf 86' lang='lat' dir='ltr'><strong>addunt</strong></span> <span class='ocrx_word' id='word_1_498' title='bbox 1550 1088 1664 1115; x_wconf 66' lang='lat' dir='ltr'><strong>interna:</strong></span> <span class='ocrx_word' id='word_1_499' title='bbox 1676 1088 1768 1122; x_wconf 87' lang='lat' dir='ltr'><strong>operis</strong></span> 
     </span>
    </p>
   </div>
   <div class='ocr_carea' id='block_1_68' title="bbox 970 1132 1768 1167">
    <p class='ocr_par' dir='ltr' id='par_1_68' title="bbox 970 1132 1768 1167">
     <span class='ocr_line' id='line_1_68' title="bbox 970 1132 1768 1167; baseline 0.001 -7"><span class='ocrx_word' id='word_1_500' title='bbox 970 1133 1181 1160; x_wconf 82' lang='lat' dir='ltr'><strong>c0ttstructioni.</strong></span> <span class='ocrx_word' id='word_1_501' title='bbox 1201 1134 1269 1160; x_wconf 87' lang='lat' dir='ltr'><strong>Cum</strong></span> <span class='ocrx_word' id='word_1_502' title='bbox 1292 1134 1365 1160; x_wconf 83' lang='lat' dir='ltr'><strong>enim</strong></span> <span class='ocrx_word' id='word_1_503' title='bbox 1396 1133 1423 1160; x_wconf 92' lang='lat' dir='ltr'><strong>in</strong></span> <span class='ocrx_word' id='word_1_504' title='bbox 1447 1133 1595 1167; x_wconf 79' lang='lat' dir='ltr'><strong>Evangelio</strong></span> <span class='ocrx_word' id='word_1_505' title='bbox 1634 1132 1768 1161; x_wconf 86' lang='lat' dir='ltr'><strong>Dominus</strong></span> 
     </span>
    </p>
   </div>
   <div class='ocr_carea' id='block_1_69' title="bbox 969 1179 1768 1211">
    <p class='ocr_par' dir='ltr' id='par_1_69' title="bbox 969 1179 1768 1211">
     <span class='ocr_line' id='line_1_69' title="bbox 969 1179 1768 1211; baseline 0.001 -5"><span class='ocrx_word' id='word_1_506' title='bbox 969 1179 1085 1207; x_wconf 89' lang='lat' dir='ltr'><strong>imbrem</strong></span> <span class='ocrx_word' id='word_1_507' title='bbox 1104 1183 1184 1206; x_wconf 81' lang='lat' dir='ltr'><strong>vocet</strong></span> <span class='ocrx_word' id='word_1_508' title='bbox 1199 1179 1291 1206; x_wconf 82' lang='lat' dir='ltr'><strong>varios</strong></span> <span class='ocrx_word' id='word_1_509' title='bbox 1313 1181 1498 1205; x_wconf 82' lang='lat' dir='ltr'><strong>tentationum</strong></span> <span class='ocrx_word' id='word_1_510' title='bbox 1523 1179 1656 1211; x_wconf 90' lang='lat' dir='ltr'><strong>insnlttts,</strong></span> <span class='ocrx_word' id='word_1_511' title='bbox 1672 1179 1768 1207; x_wconf 77' lang='lat' dir='ltr'><strong>dicens</strong></span> 
     </span>
    </p>
   </div>
   <div class='ocr_carea' id='block_1_70' title="bbox 970 1224 1766 1260">
    <p class='ocr_par' dir='ltr' id='par_1_70' title="bbox 970 1224 1766 1260">
     <span class='ocr_line' id='line_1_70' title="bbox 970 1224 1766 1260; baseline 0 -7"><span class='ocrx_word' id='word_1_512' title='bbox 970 1225 1004 1253; x_wconf 89' lang='lat' dir='ltr'><strong>de</strong></span> <span class='ocrx_word' id='word_1_513' title='bbox 1020 1233 1053 1253; x_wconf 91' lang='lat' dir='ltr'><strong>eo</strong></span> <span class='ocrx_word' id='word_1_514' title='bbox 1068 1225 1115 1260; x_wconf 89' lang='lat' dir='ltr'><strong>qui</strong></span> <span class='ocrx_word' id='word_1_515' title='bbox 1133 1229 1208 1252; x_wconf 88' lang='lat' dir='ltr'><strong>recte</strong></span> <span class='ocrx_word' id='word_1_516' title='bbox 1222 1225 1333 1252; x_wconf 89' lang='lat' dir='ltr'><strong>doutum</strong></span> <span class='ocrx_word' id='word_1_517' title='bbox 1350 1233 1432 1260; x_wconf 81' lang='lat' dir='ltr'><strong>supra</strong></span> <span class='ocrx_word' id='word_1_518' title='bbox 1450 1231 1554 1259; x_wconf 85' lang='lat' dir='ltr'><strong>petram</strong></span> <span class='ocrx_word' id='word_1_519' title='bbox 1565 1224 1766 1253; x_wconf 80' lang='lat' dir='ltr'><strong>a-dilicaverat:</strong></span> 
     </span>
    </p>
   </div>
   <div class='ocr_carea' id='block_1_71' title="bbox 969 1270 1768 1307">
    <p class='ocr_par' dir='ltr' id='par_1_71' title="bbox 969 1270 1768 1307">
     <span class='ocr_line' id='line_1_71' title="bbox 969 1270 1768 1307; baseline 0.001 -9"><span class='ocrx_word' id='word_1_520' title='bbox 969 1271 1042 1307; x_wconf 78' lang='lat' dir='ltr'><strong>quod</strong></span> <span class='ocrx_word' id='word_1_521' title='bbox 1055 1271 1229 1299; x_wconf 87' lang='lat' dir='ltr'><strong>descettdcrit</strong></span> <span class='ocrx_word' id='word_1_522' title='bbox 1241 1271 1339 1303; x_wconf 88' lang='lat' dir='ltr'><strong>imber,</strong></span> <span class='ocrx_word' id='word_1_523' title='bbox 1355 1275 1381 1298; x_wconf 88' lang='lat' dir='ltr'><strong>et</strong></span> <span class='ocrx_word' id='word_1_524' title='bbox 1398 1270 1524 1298; x_wconf 83' lang='lat' dir='ltr'><strong>ﬂaverint</strong></span> <span class='ocrx_word' id='word_1_525' title='bbox 1538 1271 1625 1304; x_wconf 77' lang='lat' dir='ltr'><strong>venti,</strong></span> <span class='ocrx_word' id='word_1_526' title='bbox 1642 1275 1669 1298; x_wconf 88' lang='lat' dir='ltr'><strong>et</strong></span> <span class='ocrx_word' id='word_1_527' title='bbox 1685 1279 1768 1299; x_wconf 85' lang='lat' dir='ltr'><strong>vene-</strong></span> 
     </span>
    </p>
   </div>
   <div class='ocr_carea' id='block_1_72' title="bbox 970 1316 1767 1349">
    <p class='ocr_par' dir='ltr' id='par_1_72' title="bbox 970 1316 1767 1349">
     <span class='ocr_line' id='line_1_72' title="bbox 970 1316 1767 1349; baseline 0.001 -5"><span class='ocrx_word' id='word_1_528' title='bbox 970 1317 1025 1344; x_wconf 89' lang='lat' dir='ltr'><strong>rint</strong></span> <span class='ocrx_word' id='word_1_529' title='bbox 1041 1317 1132 1349; x_wconf 81' lang='lat' dir='ltr'><strong>lluvii;</strong></span> <span class='ocrx_word' id='word_1_530' title='bbox 1148 1320 1175 1343; x_wconf 88' lang='lat' dir='ltr'><strong>et</strong></span> <span class='ocrx_word' id='word_1_531' title='bbox 1191 1316 1217 1343; x_wconf 90' lang='lat' dir='ltr'><strong>itt</strong></span> <span class='ocrx_word' id='word_1_532' title='bbox 1235 1316 1269 1344; x_wconf 85' lang='lat' dir='ltr'><strong>iis</strong></span> <span class='ocrx_word' id='word_1_533' title='bbox 1292 1316 1406 1344; x_wconf 76' lang='lat' dir='ltr'><strong>illzesum</strong></span> <span class='ocrx_word' id='word_1_534' title='bbox 1421 1316 1556 1343; x_wconf 86' lang='lat' dir='ltr'><strong>manserit</strong></span> <span class='ocrx_word' id='word_1_535' title='bbox 1571 1316 1718 1344; x_wconf 61' lang='lat' dir='ltr'><strong>aedilicium</strong></span> <span class='ocrx_word' id='word_1_536' title='bbox 1731 1316 1767 1345; x_wconf 76' lang='lat'><strong>“.</strong></span> 
     </span>
    </p>
   </div>
   <div class='ocr_carea' id='block_1_73' title="bbox 969 1362 1770 1398">
    <p class='ocr_par' dir='ltr' id='par_1_73' title="bbox 969 1362 1770 1398">
     <span class='ocr_line' id='line_1_73' title="bbox 969 1362 1770 1398; baseline -0.001 -7"><span class='ocrx_word' id='word_1_537' title='bbox 969 1363 1045 1398; x_wconf 88' lang='lat' dir='ltr'><strong>Opus</strong></span> <span class='ocrx_word' id='word_1_538' title='bbox 1067 1367 1109 1390; x_wconf 85' lang='lat' dir='ltr'><strong>est</strong></span> <span class='ocrx_word' id='word_1_539' title='bbox 1123 1363 1204 1390; x_wconf 87' lang='lat' dir='ltr'><strong>nobis</strong></span> <span class='ocrx_word' id='word_1_540' title='bbox 1223 1362 1380 1390; x_wconf 79' lang='lat' dir='ltr'><strong>istiusmodi</strong></span> <span class='ocrx_word' id='word_1_541' title='bbox 1408 1362 1534 1389; x_wconf 87' lang='lat' dir='ltr'><strong>trabibus</strong></span> <span class='ocrx_word' id='word_1_542' title='bbox 1555 1370 1617 1397; x_wconf 73' lang='lat' dir='ltr'><strong>qua:</strong></span> <span class='ocrx_word' id='word_1_543' title='bbox 1632 1367 1697 1390; x_wconf 87' lang='lat' dir='ltr'><strong>sunt</strong></span> <span class='ocrx_word' id='word_1_544' title='bbox 1714 1363 1770 1391; x_wconf 69' lang='lat' dir='ltr'><strong>vir-</strong></span> 
     </span>
    </p>
   </div>
   <div class='ocr_carea' id='block_1_74' title="bbox 969 1408 1767 1444">
    <p class='ocr_par' dir='ltr' id='par_1_74' title="bbox 969 1408 1767 1444">
     <span class='ocr_line' id='line_1_74' title="bbox 969 1408 1767 1444; baseline 0 -9"><span class='ocrx_word' id='word_1_545' title='bbox 969 1413 1044 1435; x_wconf 88' lang='lat' dir='ltr'><strong>tules</strong></span> <span class='ocrx_word' id='word_1_546' title='bbox 1055 1408 1311 1444; x_wconf 64' lang='lat' dir='ltr'><strong>quaatenlationmu</strong></span> <span class='ocrx_word' id='word_1_547' title='bbox 1330 1408 1486 1435; x_wconf 83' lang='lat' dir='ltr'><strong>alluviones</strong></span> <span class='ocrx_word' id='word_1_548' title='bbox 1502 1415 1555 1434; x_wconf 86' lang='lat' dir='ltr'><strong>non</strong></span> <span class='ocrx_word' id='word_1_549' title='bbox 1571 1408 1767 1443; x_wconf 86' lang='lat' dir='ltr'><strong>intromittant,</strong></span> 
     </span>
    </p>
   </div>
   <div class='ocr_carea' id='block_1_75' title="bbox 969 1453 1768 1489">
    <p class='ocr_par' dir='ltr' id='par_1_75' title="bbox 969 1453 1768 1489">
     <span class='ocr_line' id='line_1_75' title="bbox 969 1453 1768 1489; baseline 0.001 -9"><span class='ocrx_word' id='word_1_550' title='bbox 969 1458 1066 1489; x_wconf 85' lang='lat' dir='ltr'><strong>utpote</strong></span> <span class='ocrx_word' id='word_1_551' title='bbox 1094 1453 1182 1482; x_wconf 66' lang='lat' dir='ltr'><strong>ﬁrma:</strong></span> <span class='ocrx_word' id='word_1_552' title='bbox 1196 1461 1227 1481; x_wconf 85' lang='lat' dir='ltr'><strong>ac</strong></span> <span class='ocrx_word' id='word_1_553' title='bbox 1244 1454 1340 1481; x_wconf 66' lang='lat' dir='ltr'><strong>solidae</strong></span> <span class='ocrx_word' id='word_1_554' title='bbox 1353 1474 1360 1486; x_wconf 91' lang='lat'><strong>,</strong></span> <span class='ocrx_word' id='word_1_555' title='bbox 1378 1462 1440 1489; x_wconf 76' lang='lat' dir='ltr'><strong>qua:</strong></span> <span class='ocrx_word' id='word_1_556' title='bbox 1456 1462 1510 1481; x_wconf 88' lang='lat' dir='ltr'><strong>tton</strong></span> <span class='ocrx_word' id='word_1_557' title='bbox 1527 1454 1608 1482; x_wconf 83' lang='lat' dir='ltr'><strong>facile</strong></span> <span class='ocrx_word' id='word_1_558' title='bbox 1627 1454 1728 1482; x_wconf 87' lang='lat' dir='ltr'><strong>cedant</strong></span> <span class='ocrx_word' id='word_1_559' title='bbox 1740 1458 1768 1482; x_wconf 89' lang='lat' dir='ltr'><strong>et</strong></span> 
     </span>
    </p>
   </div>
   <div class='ocr_carea' id='block_1_76' title="bbox 969 1498 1767 1527">
    <p class='ocr_par' dir='ltr' id='par_1_76' title="bbox 969 1498 1767 1527">
     <span class='ocr_line' id='line_1_76' title="bbox 969 1498 1767 1527; baseline 0.003 -2"><span class='ocrx_word' id='word_1_560' title='bbox 969 1498 1022 1526; x_wconf 88' lang='lat' dir='ltr'><strong>hoc</strong></span> <span class='ocrx_word' id='word_1_561' title='bbox 1035 1499 1158 1526; x_wconf 74' lang='lat' dir='ltr'><strong>servient</strong></span> <span class='ocrx_word' id='word_1_562' title='bbox 1185 1504 1214 1525; x_wconf 90' lang='lat' dir='ltr'><strong>ttt</strong></span> <span class='ocrx_word' id='word_1_563' title='bbox 1241 1499 1267 1526; x_wconf 89' lang='lat' dir='ltr'><strong>itt</strong></span> <span class='ocrx_word' id='word_1_564' title='bbox 1294 1498 1496 1526; x_wconf 86' lang='lat' dir='ltr'><strong>tentationihus</strong></span> <span class='ocrx_word' id='word_1_565' title='bbox 1517 1506 1532 1525; x_wconf 88' lang='lat' dir='ltr'><strong>a</strong></span> <span class='ocrx_word' id='word_1_566' title='bbox 1556 1499 1623 1526; x_wconf 86' lang='lat' dir='ltr'><strong>vitio</strong></span> <span class='ocrx_word' id='word_1_567' title='bbox 1651 1500 1767 1527; x_wconf 85' lang='lat' dir='ltr'><strong>minimc</strong></span> 
     </span>
    </p>
   </div>
   <div class='ocr_carea' id='block_1_77' title="bbox 970 1544 1768 1580">
    <p class='ocr_par' dir='ltr' id='par_1_77' title="bbox 970 1544 1768 1580">
     <span class='ocr_line' id='line_1_77' title="bbox 970 1544 1768 1580; baseline 0.003 -9"><span class='ocrx_word' id='word_1_568' title='bbox 970 1544 1168 1577; x_wconf 87' lang='lat' dir='ltr'><strong>emolliantttr;</strong></span> <span class='ocrx_word' id='word_1_569' title='bbox 1185 1552 1219 1572; x_wconf 87' lang='lat' dir='ltr'><strong>ne</strong></span> <span class='ocrx_word' id='word_1_570' title='bbox 1239 1553 1287 1580; x_wconf 88' lang='lat' dir='ltr'><strong>per</strong></span> <span class='ocrx_word' id='word_1_571' title='bbox 1302 1545 1463 1579; x_wconf 85' lang='lat' dir='ltr'><strong>passionum</strong></span> <span class='ocrx_word' id='word_1_572' title='bbox 1481 1544 1664 1579; x_wconf 79' lang='lat' dir='ltr'><strong>iugrurntiam</strong></span> <span class='ocrx_word' id='word_1_573' title='bbox 1682 1546 1768 1573; x_wconf 89' lang='lat' dir='ltr'><strong>emol-</strong></span> 
     </span>
    </p>
   </div>
   <div class='ocr_carea' id='block_1_78' title="bbox 971 1589 1768 1625">
    <p class='ocr_par' dir='ltr' id='par_1_78' title="bbox 971 1589 1768 1625">
     <span class='ocr_line' id='line_1_78' title="bbox 971 1589 1768 1625; baseline 0.004 -9"><span class='ocrx_word' id='word_1_574' title='bbox 971 1589 1011 1616; x_wconf 91' lang='lat' dir='ltr'><strong>liti</strong></span> <span class='ocrx_word' id='word_1_575' title='bbox 1036 1597 1202 1617; x_wconf 82' lang='lat' dir='ltr'><strong>excavemur</strong></span> <span class='ocrx_word' id='word_1_576' title='bbox 1225 1595 1253 1618; x_wconf 88' lang='lat' dir='ltr'><strong>et</strong></span> <span class='ocrx_word' id='word_1_577' title='bbox 1276 1590 1412 1625; x_wconf 79' lang='lat' dir='ltr'><strong>ejusmodi</strong></span> <span class='ocrx_word' id='word_1_578' title='bbox 1434 1598 1568 1625; x_wconf 86' lang='lat' dir='ltr'><strong>aquarum</strong></span> <span class='ocrx_word' id='word_1_579' title='bbox 1594 1591 1768 1620; x_wconf 73' lang='lat' dir='ltr'><strong>extrinsecus</strong></span> 
     </span>
    </p>
   </div>
   <div class='ocr_carea' id='block_1_79' title="bbox 971 1636 1767 1672">
    <p class='ocr_par' dir='ltr' id='par_1_79' title="bbox 971 1636 1767 1672">
     <span class='ocr_line' id='line_1_79' title="bbox 971 1636 1767 1672; baseline 0.003 -9"><span class='ocrx_word' id='word_1_580' title='bbox 971 1636 998 1663; x_wconf 87' lang='lat' dir='ltr'><strong>in</strong></span> <span class='ocrx_word' id='word_1_581' title='bbox 1013 1643 1062 1663; x_wconf 86' lang='lat' dir='ltr'><strong>cor</strong></span> <span class='ocrx_word' id='word_1_582' title='bbox 1080 1636 1250 1663; x_wconf 74' lang='lat' dir='ltr'><strong>infitiantium</strong></span> <span class='ocrx_word' id='word_1_583' title='bbox 1269 1636 1402 1663; x_wconf 79' lang='lat' dir='ltr'><strong>inﬂuxunt</strong></span> <span class='ocrx_word' id='word_1_584' title='bbox 1422 1636 1492 1663; x_wconf 88' lang='lat' dir='ltr'><strong>intra</strong></span> <span class='ocrx_word' id='word_1_585' title='bbox 1505 1637 1655 1672; x_wconf 79' lang='lat' dir='ltr'><strong>penetralia</strong></span> <span class='ocrx_word' id='word_1_586' title='bbox 1666 1638 1767 1665; x_wconf 87' lang='lat' dir='ltr'><strong>admit-</strong></span> 
     </span>
    </p>
   </div>
   <div class='ocr_carea' id='block_1_80' title="bbox 971 1682 1768 1718">
    <p class='ocr_par' dir='ltr' id='par_1_80' title="bbox 971 1682 1768 1718">
     <span class='ocr_line' id='line_1_80' title="bbox 971 1682 1768 1718; baseline 0.003 -10"><span class='ocrx_word' id='word_1_587' title='bbox 971 1685 1062 1709; x_wconf 85' lang='lat' dir='ltr'><strong>tantus</strong></span> <span class='ocrx_word' id='word_1_588' title='bbox 1077 1682 1180 1717; x_wconf 88' lang='lat' dir='ltr'><strong>quibus</strong></span> <span class='ocrx_word' id='word_1_589' title='bbox 1193 1682 1272 1709; x_wconf 90' lang='lat' dir='ltr'><strong>nobis</strong></span> <span class='ocrx_word' id='word_1_590' title='bbox 1287 1686 1399 1717; x_wconf 83' lang='lat' dir='ltr'><strong>peream</strong></span> <span class='ocrx_word' id='word_1_591' title='bbox 1422 1690 1482 1717; x_wconf 65' lang='lat' dir='ltr'><strong>quae</strong></span> <span class='ocrx_word' id='word_1_592' title='bbox 1498 1687 1561 1709; x_wconf 87' lang='lat' dir='ltr'><strong>sunt</strong></span> <span class='ocrx_word' id='word_1_593' title='bbox 1575 1683 1704 1718; x_wconf 83' lang='lat' dir='ltr'><strong>reposita.</strong></span> <span class='ocrx_word' id='word_1_594' title='bbox 1721 1683 1768 1711; x_wconf 87' lang='lat' dir='ltr'><strong>ln—</strong></span> 
     </span>
    </p>
   </div>
   <div class='ocr_carea' id='block_1_81' title="bbox 970 1727 1769 1764">
    <p class='ocr_par' dir='ltr' id='par_1_81' title="bbox 970 1727 1769 1764">
     <span class='ocr_line' id='line_1_81' title="bbox 970 1727 1769 1764; baseline 0.003 -11"><span class='ocrx_word' id='word_1_595' title='bbox 970 1727 1063 1754; x_wconf 88' lang='lat' dir='ltr'><strong>sinuat</strong></span> <span class='ocrx_word' id='word_1_596' title='bbox 1074 1731 1211 1759; x_wconf 86' lang='lat' dir='ltr'><strong>atttent,ut</strong></span> <span class='ocrx_word' id='word_1_597' title='bbox 1223 1728 1330 1762; x_wconf 88' lang='lat' dir='ltr'><strong>opinor,</strong></span> <span class='ocrx_word' id='word_1_598' title='bbox 1344 1735 1435 1754; x_wconf 89' lang='lat' dir='ltr'><strong>sermo</strong></span> <span class='ocrx_word' id='word_1_599' title='bbox 1448 1736 1495 1762; x_wconf 90' lang='lat' dir='ltr'><strong>per</strong></span> <span class='ocrx_word' id='word_1_600' title='bbox 1511 1728 1602 1755; x_wconf 84' lang='lat' dir='ltr'><strong>trabes</strong></span> <span class='ocrx_word' id='word_1_601' title='bbox 1619 1733 1646 1755; x_wconf 88' lang='lat' dir='ltr'><strong>et</strong></span> <span class='ocrx_word' id='word_1_602' title='bbox 1657 1729 1769 1764; x_wconf 82' lang='lat' dir='ltr'><strong>laquea-</strong></span> 
     </span>
    </p>
   </div>
   <div class='ocr_carea' id='block_1_82' title="bbox 972 1773 1767 1808">
    <p class='ocr_par' dir='ltr' id='par_1_82' title="bbox 972 1773 1767 1808">
     <span class='ocr_line' id='line_1_82' title="bbox 972 1773 1767 1808; baseline 0.003 -8"><span class='ocrx_word' id='word_1_603' title='bbox 972 1773 1012 1800; x_wconf 87' lang='lat' dir='ltr'><strong>ria</strong></span> <span class='ocrx_word' id='word_1_604' title='bbox 1030 1774 1102 1808; x_wconf 63' lang='lat' dir='ltr'><strong>(quze</strong></span> <span class='ocrx_word' id='word_1_605' title='bbox 1120 1777 1185 1801; x_wconf 87' lang='lat' dir='ltr'><strong>sunt</strong></span> <span class='ocrx_word' id='word_1_606' title='bbox 1202 1778 1266 1808; x_wconf 88' lang='lat' dir='ltr'><strong>apta</strong></span> <span class='ocrx_word' id='word_1_607' title='bbox 1282 1774 1406 1808; x_wconf 58' lang='lat' dir='ltr'><strong>quaedam</strong></span> <span class='ocrx_word' id='word_1_608' title='bbox 1426 1778 1453 1801; x_wconf 90' lang='lat' dir='ltr'><strong>et</strong></span> <span class='ocrx_word' id='word_1_609' title='bbox 1471 1774 1606 1801; x_wconf 90' lang='lat' dir='ltr'><strong>concinna</strong></span> <span class='ocrx_word' id='word_1_610' title='bbox 1629 1783 1660 1801; x_wconf 84' lang='lat' dir='ltr'><strong>ac</strong></span> <span class='ocrx_word' id='word_1_611' title='bbox 1679 1775 1767 1803; x_wconf 87' lang='lat' dir='ltr'><strong>celata</strong></span> 
     </span>
    </p>
   </div>
   <div class='ocr_carea' id='block_1_83' title="bbox 971 1820 1767 1857">
    <p class='ocr_par' dir='ltr' id='par_1_83' title="bbox 971 1820 1767 1857">
     <span class='ocr_line' id='line_1_83' title="bbox 971 1820 1767 1857; baseline 0.003 -11"><span class='ocrx_word' id='word_1_612' title='bbox 971 1827 1097 1847; x_wconf 88' lang='lat' dir='ltr'><strong>asserunt</strong></span> <span class='ocrx_word' id='word_1_613' title='bbox 1115 1820 1280 1854; x_wconf 88' lang='lat' dir='ltr'><strong>coutpactio,</strong></span> <span class='ocrx_word' id='word_1_614' title='bbox 1299 1820 1363 1847; x_wconf 90' lang='lat' dir='ltr'><strong>tecti</strong></span> <span class='ocrx_word' id='word_1_615' title='bbox 1377 1820 1487 1848; x_wconf 84' lang='lat' dir='ltr'><strong>varians</strong></span> <span class='ocrx_word' id='word_1_616' title='bbox 1508 1821 1767 1857; x_wconf 84' lang='lat' dir='ltr'><strong>pulchritudinem),</strong></span> 
     </span>
    </p>
   </div>
   <div class='ocr_carea' id='block_1_84' title="bbox 971 1864 1767 1901">
    <p class='ocr_par' dir='ltr' id='par_1_84' title="bbox 971 1864 1767 1901">
     <span class='ocr_line' id='line_1_84' title="bbox 971 1864 1767 1901; baseline 0.004 -9"><span class='ocrx_word' id='word_1_617' title='bbox 971 1869 998 1892; x_wconf 87' lang='lat' dir='ltr'><strong>et</strong></span> <span class='ocrx_word' id='word_1_618' title='bbox 1016 1864 1194 1900; x_wconf 74' lang='lat' dir='ltr'><strong>fragrantiatn</strong></span> <span class='ocrx_word' id='word_1_619' title='bbox 1214 1873 1276 1900; x_wconf 81' lang='lat' dir='ltr'><strong>qua:</strong></span> <span class='ocrx_word' id='word_1_620' title='bbox 1296 1865 1462 1892; x_wconf 85' lang='lat' dir='ltr'><strong>naturaliter</strong></span> <span class='ocrx_word' id='word_1_621' title='bbox 1481 1867 1654 1901; x_wconf 81' lang='lat' dir='ltr'><strong>cyparissutn</strong></span> <span class='ocrx_word' id='word_1_622' title='bbox 1668 1874 1767 1895; x_wconf 81' lang='lat' dir='ltr'><strong>conse—</strong></span> 
     </span>
    </p>
   </div>
   <div class='ocr_carea' id='block_1_85' title="bbox 972 1910 1768 1946">
    <p class='ocr_par' dir='ltr' id='par_1_85' title="bbox 972 1910 1768 1946">
     <span class='ocr_line' id='line_1_85' title="bbox 972 1910 1768 1946; baseline 0.003 -9"><span class='ocrx_word' id='word_1_623' title='bbox 972 1911 1076 1945; x_wconf 86' lang='lat' dir='ltr'><strong>quitur,</strong></span> <span class='ocrx_word' id='word_1_624' title='bbox 1091 1917 1207 1946; x_wconf 70' lang='lat' dir='ltr'><strong>quaeque</strong></span> <span class='ocrx_word' id='word_1_625' title='bbox 1227 1911 1330 1937; x_wconf 88' lang='lat' dir='ltr'><strong>nullant</strong></span> <span class='ocrx_word' id='word_1_626' title='bbox 1345 1910 1467 1937; x_wconf 84' lang='lat' dir='ltr'><strong>admittit</strong></span> <span class='ocrx_word' id='word_1_627' title='bbox 1483 1912 1669 1946; x_wconf 85' lang='lat' dir='ltr'><strong>ptttredinent,</strong></span> <span class='ocrx_word' id='word_1_628' title='bbox 1686 1916 1713 1940; x_wconf 86' lang='lat' dir='ltr'><strong>et</strong></span> <span class='ocrx_word' id='word_1_629' title='bbox 1725 1916 1768 1940; x_wconf 87' lang='lat' dir='ltr'><strong>est</strong></span> 
     </span>
    </p>
   </div>
   <div class='ocr_carea' id='block_1_86' title="bbox 972 1955 1767 1992">
    <p class='ocr_par' dir='ltr' id='par_1_86' title="bbox 972 1955 1767 1992">
     <span class='ocr_line' id='line_1_86' title="bbox 972 1955 1767 1992; baseline 0.001 -8"><span class='ocrx_word' id='word_1_630' title='bbox 972 1962 1034 1992; x_wconf 87' lang='lat' dir='ltr'><strong>apta</strong></span> <span class='ocrx_word' id='word_1_631' title='bbox 1057 1957 1091 1983; x_wconf 87' lang='lat' dir='ltr'><strong>ad</strong></span> <span class='ocrx_word' id='word_1_632' title='bbox 1117 1964 1198 1984; x_wconf 89' lang='lat' dir='ltr'><strong>ontne</strong></span> <span class='ocrx_word' id='word_1_633' title='bbox 1224 1956 1372 1983; x_wconf 85' lang='lat' dir='ltr'><strong>artificium</strong></span> <span class='ocrx_word' id='word_1_634' title='bbox 1400 1955 1508 1988; x_wconf 78' lang='lat' dir='ltr'><strong>fabrile,</strong></span> <span class='ocrx_word' id='word_1_635' title='bbox 1537 1965 1592 1984; x_wconf 92' lang='lat' dir='ltr'><strong>non</strong></span> <span class='ocrx_word' id='word_1_636' title='bbox 1622 1958 1711 1985; x_wconf 80' lang='lat' dir='ltr'><strong>solum</strong></span> <span class='ocrx_word' id='word_1_637' title='bbox 1739 1958 1767 1985; x_wconf 91' lang='lat' dir='ltr'><strong>in</strong></span> 
     </span>
    </p>
   </div>
   <div class='ocr_carea' id='block_1_87' title="bbox 972 2002 1765 2036">
    <p class='ocr_par' dir='ltr' id='par_1_87' title="bbox 972 2002 1765 2036">
     <span class='ocr_line' id='line_1_87' title="bbox 972 2002 1765 2036; baseline 0 -6"><span class='ocrx_word' id='word_1_638' title='bbox 972 2003 1082 2030; x_wconf 84' lang='lat' dir='ltr'><strong>occulto</strong></span> <span class='ocrx_word' id='word_1_639' title='bbox 1094 2002 1248 2030; x_wconf 87' lang='lat' dir='ltr'><strong>habituales</strong></span> <span class='ocrx_word' id='word_1_640' title='bbox 1263 2002 1361 2028; x_wconf 63' lang='lat' dir='ltr'><strong>anima?</strong></span> <span class='ocrx_word' id='word_1_641' title='bbox 1371 2002 1487 2030; x_wconf 85' lang='lat' dir='ltr'><strong>virtutes</strong></span> <span class='ocrx_word' id='word_1_642' title='bbox 1498 2008 1573 2030; x_wconf 87' lang='lat' dir='ltr'><strong>recte</strong></span> <span class='ocrx_word' id='word_1_643' title='bbox 1583 2003 1765 2036; x_wconf 78' lang='lat' dir='ltr'><strong>ordinandas,</strong></span> 
     </span>
    </p>
   </div>
   <div class='ocr_carea' id='block_1_88' title="bbox 972 2046 1766 2083">
    <p class='ocr_par' dir='ltr' id='par_1_88' title="bbox 972 2046 1766 2083">
     <span class='ocr_line' id='line_1_88' title="bbox 972 2046 1766 2083; baseline -0.001 -6"><span class='ocrx_word' id='word_1_644' title='bbox 972 2048 1020 2077; x_wconf 83' lang='lat' dir='ltr'><strong>Sed</strong></span> <span class='ocrx_word' id='word_1_645' title='bbox 1043 2056 1093 2076; x_wconf 88' lang='lat' dir='ltr'><strong>nec</strong></span> <span class='ocrx_word' id='word_1_646' title='bbox 1118 2056 1178 2076; x_wconf 88' lang='lat' dir='ltr'><strong>eam</strong></span> <span class='ocrx_word' id='word_1_647' title='bbox 1206 2055 1268 2082; x_wconf 62' lang='lat' dir='ltr'><strong>quae</strong></span> <span class='ocrx_word' id='word_1_648' title='bbox 1293 2046 1399 2075; x_wconf 83' lang='lat' dir='ltr'><strong>deforis</strong></span> <span class='ocrx_word' id='word_1_649' title='bbox 1421 2053 1536 2083; x_wconf 86' lang='lat' dir='ltr'><strong>apparet</strong></span> <span class='ocrx_word' id='word_1_650' title='bbox 1559 2049 1711 2076; x_wconf 83' lang='lat' dir='ltr'><strong>decentiam</strong></span> <span class='ocrx_word' id='word_1_651' title='bbox 1734 2057 1766 2076; x_wconf 92' lang='lat' dir='ltr'><strong>ac</strong></span> 
     </span>
    </p>
   </div>
   <div class='ocr_carea' id='block_1_89' title="bbox 973 2093 1766 2130">
    <p class='ocr_par' dir='ltr' id='par_1_89' title="bbox 973 2093 1766 2130">
     <span class='ocr_line' id='line_1_89' title="bbox 973 2093 1766 2130; baseline 0 -8"><span class='ocrx_word' id='word_1_652' title='bbox 973 2095 1145 2122; x_wconf 86' lang='lat' dir='ltr'><strong>honestatem</strong></span> <span class='ocrx_word' id='word_1_653' title='bbox 1160 2101 1222 2121; x_wconf 82' lang='lat' dir='ltr'><strong>esse</strong></span> <span class='ocrx_word' id='word_1_654' title='bbox 1239 2093 1442 2129; x_wconf 76' lang='lat' dir='ltr'><strong>negligendaut.</strong></span> <span class='ocrx_word' id='word_1_655' title='bbox 1466 2095 1539 2121; x_wconf 85' lang='lat' dir='ltr'><strong>Sunt</strong></span> <span class='ocrx_word' id='word_1_656' title='bbox 1573 2095 1645 2122; x_wconf 87' lang='lat' dir='ltr'><strong>enim</strong></span> <span class='ocrx_word' id='word_1_657' title='bbox 1672 2095 1766 2130; x_wconf 84' lang='lat' dir='ltr'><strong>provi-</strong></span> 
     </span>
    </p>
   </div>
   <div class='ocr_carea' id='block_1_90' title="bbox 972 2138 1768 2176">
    <p class='ocr_par' dir='ltr' id='par_1_90' title="bbox 972 2138 1768 2176">
     <span class='ocr_line' id='line_1_90' title="bbox 972 2138 1768 2176; baseline 0.003 -10"><span class='ocrx_word' id='word_1_658' title='bbox 972 2139 1061 2167; x_wconf 89' lang='lat' dir='ltr'><strong>denda</strong></span> <span class='ocrx_word' id='word_1_659' title='bbox 1078 2140 1150 2166; x_wconf 89' lang='lat' dir='ltr'><strong>bona</strong></span> <span class='ocrx_word' id='word_1_660' title='bbox 1174 2146 1266 2166; x_wconf 83' lang='lat' dir='ltr'><strong>coram</strong></span> <span class='ocrx_word' id='word_1_661' title='bbox 1290 2138 1344 2166; x_wconf 88' lang='lat' dir='ltr'><strong>Deo</strong></span> <span class='ocrx_word' id='word_1_662' title='bbox 1359 2143 1386 2166; x_wconf 91' lang='lat' dir='ltr'><strong>et</strong></span> <span class='ocrx_word' id='word_1_663' title='bbox 1412 2139 1582 2172; x_wconf 88' lang='lat' dir='ltr'><strong>hominibus,</strong></span> <span class='ocrx_word' id='word_1_664' title='bbox 1609 2146 1635 2168; x_wconf 90' lang='lat' dir='ltr'><strong>et</strong></span> <span class='ocrx_word' id='word_1_665' title='bbox 1659 2144 1768 2176; x_wconf 78' lang='lat' dir='ltr'><strong>oportet</strong></span> 
     </span>
    </p>
   </div>
   <div class='ocr_carea' id='block_1_91' title="bbox 973 2184 1766 2220">
    <p class='ocr_par' dir='ltr' id='par_1_91' title="bbox 973 2184 1766 2220">
     <span class='ocr_line' id='line_1_91' title="bbox 973 2184 1766 2220; baseline 0.004 -8"><span class='ocrx_word' id='word_1_666' title='bbox 973 2185 1029 2213; x_wconf 81' lang='lat' dir='ltr'><strong>Deo</strong></span> <span class='ocrx_word' id='word_1_667' title='bbox 1053 2185 1163 2220; x_wconf 89' lang='lat' dir='ltr'><strong>quidem</strong></span> <span class='ocrx_word' id='word_1_668' title='bbox 1186 2193 1247 2212; x_wconf 86' lang='lat' dir='ltr'><strong>esse</strong></span> <span class='ocrx_word' id='word_1_669' title='bbox 1271 2184 1460 2218; x_wconf 81' lang='lat' dir='ltr'><strong>manifestam,</strong></span> <span class='ocrx_word' id='word_1_670' title='bbox 1488 2186 1647 2215; x_wconf 87' lang='lat' dir='ltr'><strong>hmninihus</strong></span> <span class='ocrx_word' id='word_1_671' title='bbox 1674 2193 1766 2215; x_wconf 81' lang='lat' dir='ltr'><strong>autent</strong></span> 
     </span>
    </p>
   </div>
   <div class='ocr_carea' id='block_1_92' title="bbox 123 2231 919 2273">
    <p class='ocr_par' dir='ltr' id='par_1_92' title="bbox 123 2234 919 2273">
     <span class='ocr_line' id='line_1_92' title="bbox 123 2234 919 2273; baseline 0.006 -14"><span class='ocrx_word' id='word_1_672' title='bbox 123 2242 188 2260; x_wconf 82' lang='grc' dir='ltr'>πειν</span> <span class='ocrx_word' id='word_1_673' title='bbox 203 2242 233 2260; x_wconf 77' lang='grc' dir='ltr'><strong>τε</strong></span> <span class='ocrx_word' id='word_1_674' title='bbox 246 2235 304 2265; x_wconf 81' lang='grc' dir='ltr'>τοῖς</span> <span class='ocrx_word' id='word_1_675' title='bbox 326 2236 466 2269; x_wconf 80' lang='grc' dir='ltr'>φωτεινοῖς</span> <span class='ocrx_word' id='word_1_676' title='bbox 481 2234 573 2270; x_wconf 74' lang='grc' dir='ltr'>ἔργοις</span> <span class='ocrx_word' id='word_1_677' title='bbox 584 2235 740 2271; x_wconf 79' lang='grc' dir='ltr'>ἔμπροσθεν</span> <span class='ocrx_word' id='word_1_678' title='bbox 749 2237 803 2264; x_wconf 87' lang='grc' dir='ltr'><strong>τῶν</strong></span> <span class='ocrx_word' id='word_1_679' title='bbox 814 2237 919 2273; x_wconf 79' lang='grc' dir='ltr'>ἀνθρώ-</span> 
     </span>
    </p>
   </div>
   <div class='ocr_carea' id='block_1_93' title="bbox 972 2231 1767 2273">
    <p class='ocr_par' dir='ltr' id='par_1_93' title="bbox 974 2231 1767 2268">
     <span class='ocr_line' id='line_1_93' title="bbox 974 2231 1767 2268; baseline 0.004 -9"><span class='ocrx_word' id='word_1_680' title='bbox 974 2231 1141 2264; x_wconf 79' lang='lat' dir='ltr'><strong>persuadere</strong></span> <span class='ocrx_word' id='word_1_681' title='bbox 1151 2236 1177 2258; x_wconf 87' lang='lat' dir='ltr'><strong>et</strong></span> <span class='ocrx_word' id='word_1_682' title='bbox 1191 2232 1291 2258; x_wconf 88' lang='lat' dir='ltr'><strong>bonum</strong></span> <span class='ocrx_word' id='word_1_683' title='bbox 1305 2231 1408 2259; x_wconf 86' lang='lat' dir='ltr'><strong>habere</strong></span> <span class='ocrx_word' id='word_1_684' title='bbox 1423 2233 1612 2260; x_wconf 85' lang='lat' dir='ltr'><strong>testimonium</strong></span> <span class='ocrx_word' id='word_1_685' title='bbox 1628 2234 1700 2268; x_wconf 86' lang='lat' dir='ltr'><strong>apud</strong></span> <span class='ocrx_word' id='word_1_686' title='bbox 1718 2242 1767 2262; x_wconf 84' lang='lat' dir='ltr'><strong>ros</strong></span> 
     </span>
    </p>
   </div>
   <div class='ocr_carea' id='block_1_94' title="bbox 124 2280 920 2317">
    <p class='ocr_par' dir='ltr' id='par_1_94' title="bbox 124 2280 920 2317">
     <span class='ocr_line' id='line_1_94' title="bbox 124 2280 920 2317; baseline 0.005 -11"><span class='ocrx_word' id='word_1_687' title='bbox 124 2289 196 2313; x_wconf 80' lang='grc' dir='ltr'>πων,</span> <span class='ocrx_word' id='word_1_688' title='bbox 213 2281 260 2307; x_wconf 77' lang='grc' dir='ltr'>καὶ</span> <span class='ocrx_word' id='word_1_689' title='bbox 277 2280 457 2315; x_wconf 82' lang='grc' dir='ltr'>εὐσχημόνως</span> <span class='ocrx_word' id='word_1_690' title='bbox 470 2283 633 2316; x_wconf 84' lang='grc' dir='ltr'>περιπατεῖν</span> <span class='ocrx_word' id='word_1_691' title='bbox 648 2281 716 2317; x_wconf 72' lang='grc' dir='ltr'>πρὸς</span> <span class='ocrx_word' id='word_1_692' title='bbox 729 2283 793 2314; x_wconf 80' lang='grc' dir='ltr'>τοὺς</span> <span class='ocrx_word' id='word_1_693' title='bbox 806 2283 920 2316; x_wconf 77' lang='grc' dir='ltr'>ἔξωθεν·</span> 
     </span>
    </p>
   </div>
   <div class='ocr_carea' id='block_1_95' title="bbox 122 2325 921 2364">
    <p class='ocr_par' dir='ltr' id='par_1_95' title="bbox 122 2325 921 2364">
     <span class='ocr_line' id='line_1_95' title="bbox 122 2325 921 2364; baseline 0.005 -12"><span class='ocrx_word' id='word_1_694' title='bbox 122 2325 212 2352; x_wconf 78' lang='grc' dir='ltr'>ταῦτά</span> <span class='ocrx_word' id='word_1_695' title='bbox 231 2327 292 2352; x_wconf 72' lang='grc' dir='ltr'>ἐστι</span> <span class='ocrx_word' id='word_1_696' title='bbox 307 2326 342 2353; x_wconf 81' lang='grc' dir='ltr'>τὰ</span> <span class='ocrx_word' id='word_1_697' title='bbox 363 2327 533 2362; x_wconf 72' lang='grc' dir='ltr'>φατνώματα</span> <span class='ocrx_word' id='word_1_698' title='bbox 567 2327 601 2353; x_wconf 82' lang='grc' dir='ltr'>τὰ</span> <span class='ocrx_word' id='word_1_699' title='bbox 619 2327 664 2354; x_wconf 75' lang='grc' dir='ltr'>διὰ</span> <span class='ocrx_word' id='word_1_700' title='bbox 679 2328 728 2363; x_wconf 84' lang='grc' dir='ltr'>τῆς</span> <span class='ocrx_word' id='word_1_701' title='bbox 741 2328 788 2355; x_wconf 79' lang='grc' dir='ltr'>τοῦ</span> <span class='ocrx_word' id='word_1_702' title='bbox 803 2329 921 2364; x_wconf 77' lang='grc' dir='ltr'>Χριστοῦ</span> 
     </span>
    </p>
   </div>
   <div class='ocr_carea' id='block_1_96' title="bbox 123 2368 922 2411">
    <p class='ocr_par' dir='ltr' id='par_1_96' title="bbox 123 2368 922 2411">
     <span class='ocr_line' id='line_1_96' title="bbox 123 2368 922 2411; baseline 0.008 -15"><span class='ocrx_word' id='word_1_703' title='bbox 123 2370 249 2402; x_wconf 75' lang='grc' dir='ltr'>εὐωδίας,</span> <span class='ocrx_word' id='word_1_704' title='bbox 258 2368 291 2406; x_wconf 69' lang='grc' dir='ltr'>ἧς</span> <span class='ocrx_word' id='word_1_705' title='bbox 299 2371 415 2406; x_wconf 80' lang='grc' dir='ltr'>αἰνιγμά</span> <span class='ocrx_word' id='word_1_706' title='bbox 429 2372 504 2399; x_wconf 77' lang='grc' dir='ltr'>ἐστιν</span> <span class='ocrx_word' id='word_1_707' title='bbox 520 2373 717 2408; x_wconf 80' lang='grc' dir='ltr'>ὴκυπάρισσος</span> <span class='ocrx_word' id='word_1_708' title='bbox 729 2374 757 2401; x_wconf 75' lang='grc' dir='ltr'>ἐν</span> <span class='ocrx_word' id='word_1_709' title='bbox 772 2375 806 2410; x_wconf 81' lang='grc' dir='ltr'><strong>τῇ</strong></span> <span class='ocrx_word' id='word_1_710' title='bbox 820 2375 922 2411; x_wconf 78' lang='grc' dir='ltr'>εὐσχη-</span> 
     </span>
    </p>
   </div>
   <div class='ocr_carea' id='block_1_97' title="bbox 125 2414 617 2453">
    <p class='ocr_par' dir='ltr' id='par_1_97' title="bbox 125 2414 617 2453">
     <span class='ocr_line' id='line_1_97' title="bbox 125 2414 617 2453; baseline 0.006 -12"><span class='ocrx_word' id='word_1_711' title='bbox 125 2414 231 2450; x_wconf 75' lang='grc' dir='ltr'>μοσύνῃ</span> <span class='ocrx_word' id='word_1_712' title='bbox 240 2415 287 2442; x_wconf 80' lang='grc' dir='ltr'>τοῦ</span> <span class='ocrx_word' id='word_1_713' title='bbox 305 2415 362 2451; x_wconf 85' lang='grc' dir='ltr'>βίου</span> <span class='ocrx_word' id='word_1_714' title='bbox 376 2415 617 2453; x_wconf 76' lang='grc' dir='ltr'>φιλοτεχνούμενα.</span> 
     </span>
    </p>
   </div>
   <div class='ocr_carea' id='block_1_98' title="bbox 159 2501 921 2542">
    <p class='ocr_par' dir='ltr' id='par_1_98' title="bbox 159 2501 921 2542">
     <span class='ocr_line' id='line_1_98' title="bbox 159 2501 921 2542; baseline 0.01 -16"><span class='ocrx_word' id='word_1_715' title='bbox 159 2501 283 2528; x_wconf 65' lang='grc' dir='ltr'>Νείλου.</span> <span class='ocrx_word' id='word_1_716' title='bbox 306 2516 341 2521; x_wconf 92' lang='grc'><strong>-</strong></span> <span class='ocrx_word' id='word_1_717' title='bbox 363 2501 572 2538; x_wconf 83' lang='grc' dir='ltr'>Συγγνωμὸνως</span> <span class='ocrx_word' id='word_1_718' title='bbox 585 2503 667 2532; x_wconf 80' lang='grc' dir='ltr'>πάλιν</span> <span class='ocrx_word' id='word_1_719' title='bbox 683 2505 764 2542; x_wconf 77' lang='grc' dir='ltr'>αὐτὴ,</span> <span class='ocrx_word' id='word_1_720' title='bbox 779 2506 880 2542; x_wconf 81' lang='grc' dir='ltr'>μᾶλλον</span> <span class='ocrx_word' id='word_1_721' title='bbox 893 2507 921 2534; x_wconf 82' lang='grc' dir='ltr'><strong>δὲ</strong></span> 
     </span>
    </p>
   </div>
   <div class='ocr_carea' id='block_1_99' title="bbox 122 2546 920 2589">
    <p class='ocr_par' dir='ltr' id='par_1_99' title="bbox 122 2546 920 2589">
     <span class='ocr_line' id='line_1_99' title="bbox 122 2546 920 2589; baseline 0.009 -17"><span class='ocrx_word' id='word_1_722' title='bbox 122 2546 348 2583; x_wconf 70' lang='grc' dir='ltr'>ἔκπλησσομένη,</span> <span class='ocrx_word' id='word_1_723' title='bbox 361 2549 408 2574; x_wconf 82' lang='grc' dir='ltr'><strong>ἐπὶ</strong></span> <span class='ocrx_word' id='word_1_724' title='bbox 426 2548 464 2584; x_wconf 83' lang='grc' dir='ltr'>τῷ</span> <span class='ocrx_word' id='word_1_725' title='bbox 472 2549 589 2576; x_wconf 77' lang='grc' dir='ltr'>ἀκοῦσαι</span> <span class='ocrx_word' id='word_1_726' title='bbox 606 2551 676 2587; x_wconf 80' lang='grc' dir='ltr'>καλὴ</span> <span class='ocrx_word' id='word_1_727' title='bbox 693 2554 769 2588; x_wconf 71' lang='grc' dir='ltr'>παρὰ</span> <span class='ocrx_word' id='word_1_728' title='bbox 789 2553 835 2580; x_wconf 85' lang='grc' dir='ltr'>τοῦ</span> <span class='ocrx_word' id='word_1_729' title='bbox 854 2563 920 2589; x_wconf 83' lang='grc' dir='ltr'>νυμ-</span> 
     </span>
    </p>
   </div>
   <div class='ocr_carea' id='block_1_100' title="bbox 122 2593 920 2636">
    <p class='ocr_par' dir='ltr' id='par_1_100' title="bbox 122 2593 920 2636">
     <span class='ocr_line' id='line_1_100' title="bbox 122 2593 920 2636; baseline 0.011 -18"><span class='ocrx_word' id='word_1_730' title='bbox 122 2593 187 2627; x_wconf 71' lang='grc' dir='ltr'>φίου</span> <span class='ocrx_word' id='word_1_731' title='bbox 198 2601 206 2608; x_wconf 81' lang='lat'><strong><em>°</em></strong></span> <span class='ocrx_word' id='word_1_732' title='bbox 226 2593 301 2628; x_wconf 74' lang='grc' dir='ltr'>μόνῳ</span> <span class='ocrx_word' id='word_1_733' title='bbox 316 2593 371 2628; x_wconf 76' lang='grc' dir='ltr'>γὰρ</span> <span class='ocrx_word' id='word_1_734' title='bbox 384 2594 481 2630; x_wconf 77' lang='grc' dir='ltr'>ἐκείνῳ</span> <span class='ocrx_word' id='word_1_735' title='bbox 498 2596 547 2631; x_wconf 84' lang='grc' dir='ltr'>τὴν</span> <span class='ocrx_word' id='word_1_736' title='bbox 559 2598 689 2632; x_wconf 81' lang='grc' dir='ltr'>τοιαύτην</span> <span class='ocrx_word' id='word_1_737' title='bbox 710 2599 854 2635; x_wconf 80' lang='grc' dir='ltr'>ἐπίκλησιν</span> <span class='ocrx_word' id='word_1_738' title='bbox 869 2601 920 2636; x_wconf 86' lang='grc' dir='ltr'><strong>ἁρ-</strong></span> 
     </span>
    </p>
   </div>
   <div class='ocr_carea' id='block_1_101' title="bbox 123 2639 920 2676">
    <p class='ocr_par' dir='ltr' id='par_1_101' title="bbox 123 2639 920 2676">
     <span class='ocr_line' id='line_1_101' title="bbox 123 2639 920 2676; baseline 0.01 -12"><span class='ocrx_word' id='word_1_739' title='bbox 123 2639 220 2674; x_wconf 72' lang='grc' dir='ltr'>μόζειν</span> <span class='ocrx_word' id='word_1_740' title='bbox 232 2639 353 2674; x_wconf 73' lang='grc' dir='ltr'>ἐνόμιζε,</span> <span class='ocrx_word' id='word_1_741' title='bbox 371 2640 461 2676; x_wconf 81' lang='grc' dir='ltr'>θνητῷ</span> <span class='ocrx_word' id='word_1_742' title='bbox 474 2641 502 2667; x_wconf 82' lang='grc' dir='ltr'><strong>δὲ</strong></span> <span class='ocrx_word' id='word_1_743' title='bbox 521 2642 609 2668; x_wconf 70' lang='grc' dir='ltr'>οὐδενί</span> <span class='ocrx_word' id='word_1_744' title='bbox 622 2651 629 2659; x_wconf 87' lang='grc'><strong>·</strong></span> <span class='ocrx_word' id='word_1_745' title='bbox 648 2643 750 2676; x_wconf 71' lang='grc' dir='ltr'>εὐθέως</span> <span class='ocrx_word' id='word_1_746' title='bbox 775 2645 817 2671; x_wconf 74' lang='grc' dir='ltr'><strong>ἐπ’</strong></span> <span class='ocrx_word' id='word_1_747' title='bbox 840 2646 920 2672; x_wconf 73' lang='grc' dir='ltr'>αὑτὸν</span> 
     </span>
    </p>
   </div>
   <div class='ocr_carea' id='block_1_102' title="bbox 123 2686 920 2726">
    <p class='ocr_par' dir='ltr' id='par_1_102' title="bbox 123 2686 920 2726">
     <span class='ocr_line' id='line_1_102' title="bbox 123 2686 920 2726; baseline 0.01 -15"><span class='ocrx_word' id='word_1_748' title='bbox 123 2686 295 2720; x_wconf 76' lang='grc' dir='ltr'>ἀναστρέφει</span> <span class='ocrx_word' id='word_1_749' title='bbox 308 2686 358 2721; x_wconf 81' lang='grc' dir='ltr'>τὴν</span> <span class='ocrx_word' id='word_1_750' title='bbox 369 2688 533 2722; x_wconf 68' lang='grc' dir='ltr'>μαρτυρίαν*</span> <span class='ocrx_word' id='word_1_751' title='bbox 541 2689 616 2715; x_wconf 80' lang='grc' dir='ltr'>Ἰδοὺ</span> <span class='ocrx_word' id='word_1_752' title='bbox 632 2688 661 2717; x_wconf 87' lang='grc' dir='ltr'>εἷ</span> <span class='ocrx_word' id='word_1_753' title='bbox 668 2692 764 2724; x_wconf 78' lang='grc' dir='ltr'>καλὸς</span> <span class='ocrx_word' id='word_1_754' title='bbox 774 2693 789 2718; x_wconf 89' lang='grc' dir='ltr'><strong><em>ό</em></strong></span> <span class='ocrx_word' id='word_1_755' title='bbox 799 2691 920 2726; x_wconf 65' lang='grc' dir='ltr'><strong>ἀδελφι-</strong></span> 
     </span>
    </p>
   </div>
   <div class='ocr_carea' id='block_1_103' title="bbox 122 2731 923 2771">
    <p class='ocr_par' dir='ltr' id='par_1_103' title="bbox 122 2731 923 2771">
     <span class='ocr_line' id='line_1_103' title="bbox 122 2731 923 2771; baseline 0.011 -15"><span class='ocrx_word' id='word_1_756' title='bbox 122 2731 188 2764; x_wconf 78' lang='grc' dir='ltr'><strong>δός.</strong></span> <span class='ocrx_word' id='word_1_757' title='bbox 194 2739 256 2766; x_wconf 83' lang='grc' dir='ltr'><strong>μου</strong></span> <span class='ocrx_word' id='word_1_758' title='bbox 266 2731 394 2766; x_wconf 81' lang='grc' dir='ltr'>λέγουσα,</span> <span class='ocrx_word' id='word_1_759' title='bbox 404 2733 453 2759; x_wconf 83' lang='grc' dir='ltr'><strong>καί</strong></span> <span class='ocrx_word' id='word_1_760' title='bbox 466 2743 498 2768; x_wconf 78' lang='grc' dir='ltr'>γε</span> <span class='ocrx_word' id='word_1_761' title='bbox 507 2735 614 2769; x_wconf 80' lang='grc' dir='ltr'>ὡραῖος</span> <span class='ocrx_word' id='word_1_762' title='bbox 629 2737 714 2771; x_wconf 78' lang='grc' dir='ltr'>πρὸς,</span> <span class='ocrx_word' id='word_1_763' title='bbox 729 2738 789 2765; x_wconf 74' lang='grc' dir='ltr'>ἀντὶ</span> <span class='ocrx_word' id='word_1_764' title='bbox 802 2737 858 2770; x_wconf 78' lang='grc' dir='ltr'>τοῦ,</span> <span class='ocrx_word' id='word_1_765' title='bbox 872 2746 923 2765; x_wconf 77' lang='grc' dir='ltr'>πε-</span> 
     </span>
    </p>
   </div>
   <div class='ocr_carea' id='block_1_104' title="bbox 118 2775 924 2818">
    <p class='ocr_par' dir='ltr' id='par_1_104' title="bbox 118 2775 924 2818">
     <span class='ocr_line' id='line_1_104' title="bbox 118 2775 924 2818; baseline 0.01 -15"><span class='ocrx_word' id='word_1_766' title='bbox 118 2776 248 2812; x_wconf 80' lang='grc' dir='ltr'>ρισσῶς·</span> <span class='ocrx_word' id='word_1_767' title='bbox 264 2776 336 2803; x_wconf 79' lang='grc' dir='ltr'>οὓτω</span> <span class='ocrx_word' id='word_1_768' title='bbox 350 2778 405 2812; x_wconf 86' lang='grc' dir='ltr'>γάρ</span> <span class='ocrx_word' id='word_1_769' title='bbox 413 2786 468 2805; x_wconf 82' lang='grc' dir='ltr'>τισι</span> <span class='ocrx_word' id='word_1_770' title='bbox 477 2775 593 2816; x_wconf 70' lang='grc' dir='ltr'>διαιρεῖν</span> <span class='ocrx_word' id='word_1_771' title='bbox 602 2781 675 2814; x_wconf 71' lang='grc' dir='ltr'>ἔδοξε</span> <span class='ocrx_word' id='word_1_772' title='bbox 686 2790 693 2796; x_wconf 82' lang='lat'><strong>&#39;</strong></span> <span class='ocrx_word' id='word_1_773' title='bbox 708 2782 754 2810; x_wconf 71' lang='lat' dir='ltr'><strong>ml</strong></span> <span class='ocrx_word' id='word_1_774' title='bbox 770 2783 924 2818; x_wconf 75' lang='grc' dir='ltr'>μετὰτοῦτο</span> 
     </span>
    </p>
   </div>
   <div class='ocr_carea' id='block_1_105' title="bbox 164 2866 489 2904">
    <p class='ocr_par' dir='ltr' id='par_1_105' title="bbox 164 2866 489 2904">
     <span class='ocr_line' id='line_1_105' title="bbox 164 2866 489 2904; baseline 0.009 -10"><span class='ocrx_word' id='word_1_775' title='bbox 164 2867 186 2884; x_wconf 77' lang='grc'><strong>⁸⁸</strong></span> <span class='ocrx_word' id='word_1_776' title='bbox 205 2866 303 2895; x_wconf 78' lang='lat' dir='ltr'><strong>Matth.</strong></span> <span class='ocrx_word' id='word_1_777' title='bbox 319 2876 367 2902; x_wconf 83' lang='lat' dir='ltr'><strong>vtt,</strong></span> <span class='ocrx_word' id='word_1_778' title='bbox 384 2869 431 2904; x_wconf 77' lang='lat'><strong>26,</strong></span> <span class='ocrx_word' id='word_1_779' title='bbox 444 2868 489 2897; x_wconf 59' lang='lat' dir='ltr'><strong>Q7.</strong></span> 
     </span>
    </p>
   </div>
   <div class='ocr_carea' id='block_1_106' title="bbox 974 2277 1765 2313">
    <p class='ocr_par' dir='ltr' id='par_1_106' title="bbox 974 2277 1765 2313">
     <span class='ocr_line' id='line_1_106' title="bbox 974 2277 1765 2313; baseline 0.005 -10"><span class='ocrx_word' id='word_1_780' title='bbox 974 2277 1020 2312; x_wconf 91' lang='lat' dir='ltr'><strong>qui</strong></span> <span class='ocrx_word' id='word_1_781' title='bbox 1036 2277 1103 2304; x_wconf 91' lang='lat' dir='ltr'><strong>foris</strong></span> <span class='ocrx_word' id='word_1_782' title='bbox 1119 2281 1194 2307; x_wconf 86' lang='lat' dir='ltr'><strong>sunt.</strong></span> <span class='ocrx_word' id='word_1_783' title='bbox 1210 2281 1237 2304; x_wconf 84' lang='lat' dir='ltr'><strong>et</strong></span> <span class='ocrx_word' id='word_1_784' title='bbox 1249 2277 1403 2312; x_wconf 85' lang='lat' dir='ltr'><strong>splendidis</strong></span> <span class='ocrx_word' id='word_1_785' title='bbox 1418 2278 1510 2305; x_wconf 78' lang='lat' dir='ltr'><strong>lucere</strong></span> <span class='ocrx_word' id='word_1_786' title='bbox 1526 2279 1656 2313; x_wconf 81' lang='lat' dir='ltr'><strong>opt-ribus</strong></span> <span class='ocrx_word' id='word_1_787' title='bbox 1672 2287 1765 2307; x_wconf 85' lang='lat' dir='ltr'><strong>coram</strong></span> 
     </span>
    </p>
   </div>
   <div class='ocr_carea' id='block_1_107' title="bbox 975 2323 1765 2360">
    <p class='ocr_par' dir='ltr' id='par_1_107' title="bbox 975 2323 1765 2360">
     <span class='ocr_line' id='line_1_107' title="bbox 975 2323 1765 2360; baseline 0.005 -11"><span class='ocrx_word' id='word_1_788' title='bbox 975 2323 1144 2356; x_wconf 87' lang='lat' dir='ltr'><strong>hominibus,</strong></span> <span class='ocrx_word' id='word_1_789' title='bbox 1161 2328 1188 2350; x_wconf 85' lang='lat' dir='ltr'><strong>et</strong></span> <span class='ocrx_word' id='word_1_790' title='bbox 1207 2323 1308 2350; x_wconf 84' lang='lat' dir='ltr'><strong>decore</strong></span> <span class='ocrx_word' id='word_1_791' title='bbox 1329 2323 1501 2359; x_wconf 72' lang='lat' dir='ltr'><strong>honesteque</strong></span> <span class='ocrx_word' id='word_1_792' title='bbox 1527 2325 1670 2353; x_wconf 86' lang='lat' dir='ltr'><strong>ambulare</strong></span> <span class='ocrx_word' id='word_1_793' title='bbox 1694 2327 1765 2360; x_wconf 87' lang='lat' dir='ltr'><strong>apud</strong></span> 
     </span>
    </p>
   </div>
   <div class='ocr_carea' id='block_1_108' title="bbox 973 2369 1766 2406">
    <p class='ocr_par' dir='ltr' id='par_1_108' title="bbox 973 2369 1766 2406">
     <span class='ocr_line' id='line_1_108' title="bbox 973 2369 1766 2406; baseline 0.005 -11"><span class='ocrx_word' id='word_1_794' title='bbox 973 2376 1021 2396; x_wconf 86' lang='lat' dir='ltr'><strong>eos</strong></span> <span class='ocrx_word' id='word_1_795' title='bbox 1032 2369 1078 2404; x_wconf 90' lang='lat' dir='ltr'><strong>qui</strong></span> <span class='ocrx_word' id='word_1_796' title='bbox 1096 2369 1164 2396; x_wconf 88' lang='lat' dir='ltr'><strong>foris</strong></span> <span class='ocrx_word' id='word_1_797' title='bbox 1182 2373 1246 2396; x_wconf 90' lang='lat' dir='ltr'><strong>snttt</strong></span> <span class='ocrx_word' id='word_1_798' title='bbox 1266 2377 1272 2396; x_wconf 95' lang='lat'>:</span> <span class='ocrx_word' id='word_1_799' title='bbox 1291 2369 1349 2396; x_wconf 50' lang='lat' dir='ltr'><strong>haac</strong></span> <span class='ocrx_word' id='word_1_800' title='bbox 1366 2374 1432 2397; x_wconf 89' lang='lat' dir='ltr'><strong>snttt</strong></span> <span class='ocrx_word' id='word_1_801' title='bbox 1449 2370 1587 2405; x_wconf 83' lang='lat' dir='ltr'><strong>laquearia</strong></span> <span class='ocrx_word' id='word_1_802' title='bbox 1604 2379 1652 2406; x_wconf 87' lang='lat' dir='ltr'><strong>per</strong></span> <span class='ocrx_word' id='word_1_803' title='bbox 1664 2371 1766 2399; x_wconf 87' lang='lat' dir='ltr'><strong>bonum</strong></span> 
     </span>
    </p>
   </div>
   <div class='ocr_carea' id='block_1_109' title="bbox 971 2415 1767 2453">
    <p class='ocr_par' dir='ltr' id='par_1_109' title="bbox 971 2415 1767 2453">
     <span class='ocr_line' id='line_1_109' title="bbox 971 2415 1767 2453; baseline 0.004 -10"><span class='ocrx_word' id='word_1_804' title='bbox 971 2415 1074 2443; x_wconf 86' lang='lat' dir='ltr'><strong>Christi</strong></span> <span class='ocrx_word' id='word_1_805' title='bbox 1102 2417 1214 2443; x_wconf 90' lang='lat' dir='ltr'><strong>odorettt</strong></span> <span class='ocrx_word' id='word_1_806' title='bbox 1241 2416 1322 2450; x_wconf 87' lang='lat' dir='ltr'><strong>cujus</strong></span> <span class='ocrx_word' id='word_1_807' title='bbox 1349 2417 1462 2451; x_wconf 65' lang='lat' dir='ltr'><strong>aenigma</strong></span> <span class='ocrx_word' id='word_1_808' title='bbox 1479 2422 1521 2445; x_wconf 91' lang='lat' dir='ltr'><strong>est</strong></span> <span class='ocrx_word' id='word_1_809' title='bbox 1545 2425 1712 2453; x_wconf 84' lang='lat' dir='ltr'><strong>cupressus,</strong></span> <span class='ocrx_word' id='word_1_810' title='bbox 1739 2420 1767 2446; x_wconf 93' lang='lat' dir='ltr'><strong>in</strong></span> 
     </span>
    </p>
   </div>
   <div class='ocr_carea' id='block_1_110' title="bbox 972 2460 1522 2489">
    <p class='ocr_par' dir='ltr' id='par_1_110' title="bbox 972 2460 1522 2489">
     <span class='ocr_line' id='line_1_110' title="bbox 972 2460 1522 2489; baseline 0.004 -2"><span class='ocrx_word' id='word_1_811' title='bbox 972 2461 1034 2487; x_wconf 65' lang='lat' dir='ltr'><strong>vitae</strong></span> <span class='ocrx_word' id='word_1_812' title='bbox 1051 2461 1195 2487; x_wconf 79' lang='lat' dir='ltr'><strong>honestate</strong></span> <span class='ocrx_word' id='word_1_813' title='bbox 1207 2460 1357 2488; x_wconf 83' lang='lat' dir='ltr'><strong>artificiose</strong></span> <span class='ocrx_word' id='word_1_814' title='bbox 1371 2461 1522 2489; x_wconf 78' lang='lat' dir='ltr'><strong>elaborata.</strong></span> 
     </span>
    </p>
   </div>
   <div class='ocr_carea' id='block_1_111' title="bbox 1010 2505 1767 2543">
    <p class='ocr_par' dir='ltr' id='par_1_111' title="bbox 1010 2505 1767 2543">
     <span class='ocr_line' id='line_1_111' title="bbox 1010 2505 1767 2543; baseline 0.005 -11"><span class='ocrx_word' id='word_1_815' title='bbox 1010 2505 1079 2533; x_wconf 83' lang='lat' dir='ltr'><strong>Nili.</strong></span> <span class='ocrx_word' id='word_1_816' title='bbox 1095 2521 1130 2526; x_wconf 93' lang='lat'><strong><em>—</em></strong></span> <span class='ocrx_word' id='word_1_817' title='bbox 1145 2505 1280 2532; x_wconf 81' lang='lat' dir='ltr'><strong>Benevole</strong></span> <span class='ocrx_word' id='word_1_818' title='bbox 1303 2513 1412 2533; x_wconf 89' lang='lat' dir='ltr'><strong>rursuttt</strong></span> <span class='ocrx_word' id='word_1_819' title='bbox 1434 2507 1504 2542; x_wconf 88' lang='lat' dir='ltr'><strong>ipsa,</strong></span> <span class='ocrx_word' id='word_1_820' title='bbox 1524 2508 1590 2542; x_wconf 90' lang='lat' dir='ltr'><strong>qttin</strong></span> <span class='ocrx_word' id='word_1_821' title='bbox 1610 2509 1703 2543; x_wconf 88' lang='lat' dir='ltr'><strong>potius</strong></span> <span class='ocrx_word' id='word_1_822' title='bbox 1717 2508 1767 2536; x_wconf 89' lang='lat' dir='ltr'><strong>ob-</strong></span> 
     </span>
    </p>
   </div>
   <div class='ocr_carea' id='block_1_112' title="bbox 973 2552 1767 2588">
    <p class='ocr_par' dir='ltr' id='par_1_112' title="bbox 973 2552 1767 2588">
     <span class='ocr_line' id='line_1_112' title="bbox 973 2552 1767 2588; baseline 0 -8"><span class='ocrx_word' id='word_1_823' title='bbox 973 2552 1125 2586; x_wconf 73' lang='lat' dir='ltr'><strong>stupefacta</strong></span> <span class='ocrx_word' id='word_1_824' title='bbox 1140 2552 1212 2586; x_wconf 86' lang='lat' dir='ltr'><strong>qttod</strong></span> <span class='ocrx_word' id='word_1_825' title='bbox 1229 2552 1337 2579; x_wconf 88' lang='lat' dir='ltr'><strong>audiret</strong></span> <span class='ocrx_word' id='word_1_826' title='bbox 1353 2560 1382 2579; x_wconf 84' lang='lat' dir='ltr'><strong>se</strong></span> <span class='ocrx_word' id='word_1_827' title='bbox 1396 2553 1538 2588; x_wconf 90' lang='lat' dir='ltr'><strong>pulchram</strong></span> <span class='ocrx_word' id='word_1_828' title='bbox 1560 2562 1574 2580; x_wconf 86' lang='lat' dir='ltr'><strong>a</strong></span> <span class='ocrx_word' id='word_1_829' title='bbox 1599 2562 1700 2588; x_wconf 84' lang='lat' dir='ltr'><strong>sponso</strong></span> <span class='ocrx_word' id='word_1_830' title='bbox 1715 2561 1767 2580; x_wconf 82' lang='lat' dir='ltr'><strong>no—</strong></span> 
     </span>
    </p>
   </div>
   <div class='ocr_carea' id='block_1_113' title="bbox 972 2598 1765 2633">
    <p class='ocr_par' dir='ltr' id='par_1_113' title="bbox 972 2598 1765 2633">
     <span class='ocr_line' id='line_1_113' title="bbox 972 2598 1765 2633; baseline 0 -8"><span class='ocrx_word' id='word_1_831' title='bbox 972 2599 1086 2631; x_wconf 88' lang='lat' dir='ltr'><strong>minari,</strong></span> <span class='ocrx_word' id='word_1_832' title='bbox 1112 2598 1175 2633; x_wconf 84' lang='lat' dir='ltr'><strong>(ipsi</strong></span> <span class='ocrx_word' id='word_1_833' title='bbox 1195 2606 1312 2633; x_wconf 85' lang='lat' dir='ltr'><strong>namque</strong></span> <span class='ocrx_word' id='word_1_834' title='bbox 1332 2598 1394 2632; x_wconf 89' lang='lat' dir='ltr'><strong>soli,</strong></span> <span class='ocrx_word' id='word_1_835' title='bbox 1418 2600 1575 2626; x_wconf 86' lang='lat' dir='ltr'><strong>mortalium</strong></span> <span class='ocrx_word' id='word_1_836' title='bbox 1601 2607 1665 2626; x_wconf 81' lang='lat' dir='ltr'><strong>vero</strong></span> <span class='ocrx_word' id='word_1_837' title='bbox 1686 2600 1765 2631; x_wconf 87' lang='lat' dir='ltr'><strong>nulli,</strong></span> 
     </span>
    </p>
   </div>
   <div class='ocr_carea' id='block_1_114' title="bbox 972 2644 1765 2680">
    <p class='ocr_par' dir='ltr' id='par_1_114' title="bbox 972 2644 1765 2680">
     <span class='ocr_line' id='line_1_114' title="bbox 972 2644 1765 2680; baseline -0.001 -9"><span class='ocrx_word' id='word_1_838' title='bbox 972 2644 1128 2672; x_wconf 84' lang='lat' dir='ltr'><strong>istiusmodi</strong></span> <span class='ocrx_word' id='word_1_839' title='bbox 1162 2644 1372 2678; x_wconf 85' lang='lat' dir='ltr'><strong>appellationem</strong></span> <span class='ocrx_word' id='word_1_840' title='bbox 1426 2652 1578 2679; x_wconf 80' lang='lat' dir='ltr'><strong>congruere</strong></span> <span class='ocrx_word' id='word_1_841' title='bbox 1622 2645 1765 2680; x_wconf 82' lang='lat' dir='ltr'><strong>putabat),</strong></span> 
     </span>
    </p>
   </div>
   <div class='ocr_carea' id='block_1_115' title="bbox 974 2689 1764 2724">
    <p class='ocr_par' dir='ltr' id='par_1_115' title="bbox 974 2689 1764 2724">
     <span class='ocr_line' id='line_1_115' title="bbox 974 2689 1764 2724; baseline 0.001 -7"><span class='ocrx_word' id='word_1_842' title='bbox 974 2690 1066 2718; x_wconf 87' lang='lat' dir='ltr'><strong>statim</strong></span> <span class='ocrx_word' id='word_1_843' title='bbox 1096 2689 1129 2716; x_wconf 84' lang='lat' dir='ltr'><strong>ad</strong></span> <span class='ocrx_word' id='word_1_844' title='bbox 1156 2690 1244 2724; x_wconf 82' lang='lat' dir='ltr'><strong>ipsum</strong></span> <span class='ocrx_word' id='word_1_845' title='bbox 1271 2691 1409 2717; x_wconf 85' lang='lat' dir='ltr'><strong>convertit</strong></span> <span class='ocrx_word' id='word_1_846' title='bbox 1431 2690 1619 2718; x_wconf 87' lang='lat' dir='ltr'><strong>testimonium</strong></span> <span class='ocrx_word' id='word_1_847' title='bbox 1643 2690 1764 2718; x_wconf 82' lang='lat' dir='ltr'><strong>dicens:</strong></span> 
     </span>
    </p>
   </div>
   <div class='ocr_carea' id='block_1_116' title="bbox 975 2735 1764 2771">
    <p class='ocr_par' dir='ltr' id='par_1_116' title="bbox 975 2735 1764 2771">
     <span class='ocr_line' id='line_1_116' title="bbox 975 2735 1764 2771; baseline -0.003 -8"><span class='ocrx_word' id='word_1_848' title='bbox 975 2737 1044 2763; x_wconf 77' lang='lat' dir='ltr'><strong>Ecce</strong></span> <span class='ocrx_word' id='word_1_849' title='bbox 1055 2735 1164 2770; x_wconf 82' lang='lat' dir='ltr'><strong>pulcher</strong></span> <span class='ocrx_word' id='word_1_850' title='bbox 1185 2743 1223 2768; x_wconf 80' lang='lat' dir='ltr'><strong>es,</strong></span> <span class='ocrx_word' id='word_1_851' title='bbox 1243 2735 1380 2770; x_wconf 77' lang='lat' dir='ltr'><strong>fratruelis</strong></span> <span class='ocrx_word' id='word_1_852' title='bbox 1393 2743 1475 2768; x_wconf 73' lang='lat' dir='ltr'><strong>meus,</strong></span> <span class='ocrx_word' id='word_1_853' title='bbox 1490 2739 1515 2762; x_wconf 83' lang='lat' dir='ltr'><strong>et</strong></span> <span class='ocrx_word' id='word_1_854' title='bbox 1535 2735 1668 2769; x_wconf 75' lang='lat' dir='ltr'><strong>formosus</strong></span> <span class='ocrx_word' id='word_1_855' title='bbox 1686 2736 1764 2771; x_wconf 71' lang='grc' dir='ltr'>πρὸς,</span> 
     </span>
    </p>
   </div>
   <div class='ocr_carea' id='block_1_117' title="bbox 976 2781 1765 2818">
    <p class='ocr_par' dir='ltr' id='par_1_117' title="bbox 976 2781 1765 2818">
     <span class='ocr_line' id='line_1_117' title="bbox 976 2781 1765 2818; baseline 0 -9"><span class='ocrx_word' id='word_1_856' title='bbox 976 2790 1026 2818; x_wconf 88' lang='lat' dir='ltr'><strong>pro</strong></span> <span class='ocrx_word' id='word_1_857' title='bbox 1042 2781 1129 2816; x_wconf 80' lang='lat' dir='ltr'><strong>valde,</strong></span> <span class='ocrx_word' id='word_1_858' title='bbox 1147 2781 1186 2810; x_wconf 89' lang='lat' dir='ltr'><strong>sic</strong></span> <span class='ocrx_word' id='word_1_859' title='bbox 1201 2781 1274 2809; x_wconf 86' lang='lat' dir='ltr'><strong>enim</strong></span> <span class='ocrx_word' id='word_1_860' title='bbox 1288 2781 1454 2818; x_wconf 83' lang='lat' dir='ltr'><strong>quibusdam</strong></span> <span class='ocrx_word' id='word_1_861' title='bbox 1472 2781 1575 2809; x_wconf 74' lang='lat' dir='ltr'><strong>placuit</strong></span> <span class='ocrx_word' id='word_1_862' title='bbox 1587 2781 1765 2818; x_wconf 73' lang='lat' dir='ltr'><strong>distinguere,</strong></span> 
     </span>
    </p>
   </div>
  </div>
