1966 3074
199 121 268 154 1575

842 158 845 160 Ι
871 119 1048 150 PROCOPII
1065 121 1188 151 GAZ/EI

1776 125 1846 158 1576

195 181 223 204 et
243 181 338 212 postea
356 175 421 204 illttd
446 185 451 203 ε
475 175 570 203 Lectus
594 180 683 203 noster
707 178 859 208 uml‘rosus,
885 183 987 211 corpus

1054 179 1080 204 Il
1092 178 1182 211 κλίνη
1194 177 1278 212 ἡμῶν
1289 177 1427 211 σύσκιος
1436 178 1465 205 τὸ
1475 178 1553 214 σῶμα
1567 178 1691 212 λέγοντες
1699 180 1730 206 τὸ
1742 182 1844 208 κοινὸνς

196 224 318 252 dicentes
333 230 480 250 commune
497 223 523 249 in
540 229 597 256 quo
618 222 796 257 requiescunt
821 221 914 253 ambo,
935 222 992 248 sci-

197 270 260 296 licet
276 269 348 296 Deus
362 268 482 296 Verbum
497 271 526 294 et
541 267 633 294 anima
647 267 746 300 beata;
761 271 876 295 cavente
892 274 993 301 sponso

197 323 232 342 ne
254 315 312 350 ipsa
337 315 385 342 tul)
402 315 448 342 dio
469 319 638 348 moraretur,
665 323 700 342 ne
716 323 814 342 rursus
835 322 870 342 ex
891 314 994 349 injuria

197 361 337 388 radiorum
355 360 422 387 solis
437 361 544 388 adversi
562 361 662 388 veteris
675 361 829 396 nigredinis
844 362 993 397 quidquam

197 412 353 442 pateretur.
369 407 527 434 Secundum
552 408 634 434 aliam
650 416 715 435 vero
742 408 994 443 interpunctionem

197 454 239 480 sic
261 453 429 488 intelligetur
447 461 479 480 ac
506 454 529 482 si
549 462 651 489 sponsa
669 455 742 481 dicat
763 465 769 482 :
791 454 813 482 Ο
831 463 944 490 sponse,
966 459 994 481 ιιι

197 499 272 526 solus
287 507 350 526 vere
365 499 466 527 diceris
488 500 602 534 pulcher
617 505 645 528 et
660 500 810 534 formosus,
834 509 888 528 non
903 501 995 528 adsci-

198 544 352 575 litiam,sed
364 545 518 572 naturalem
533 545 640 573 habens
652 542 935 580 pttlclti'iludinent.At
949 545 994 573 ubi

198 587 317 615 lectulus
341 596 452 623 quoque
484 593 579 616 noster
610 589 701 618 factus
725 598 755 618 es
779 595 806 618 et
835 592 995 623 utnbrosus,

198 641 295 668 puram
312 634 422 667 quidem
439 634 545 661 habens
561 634 676 662 formam
703 636 831 669 deitatis,
851 637 898 664 sed
923 645 996 664 eatu-

198 680 259 706 dem
288 680 456 708 obumbrans
480 680 565 708 l'orma
592 682 680 712 servi:
698 686 725 709 et
744 684 820 716 quasi
840 683 893 710 sub
918 684 995 712 vela-

199 729 292 752 mento
309 726 402 753 carnis
421 734 480 760 qua:
495 727 604 761 quidem
622 727 776 756 divinitatis
802 730 911 764 propria
930 735 997 757 sunt

198 778 327 805 operans,
353 772 400 798 sed
425 773 537 806 cognitu
564 772 685 800 difﬁcilis
707 774 857 805 exsistens.
884 780 997 811 propter

201 821 388 851 legumentum
405 817 531 851 corporis
544 817 617 852 quod
634 825 666 845 ea
680 826 741 853 quae
762 819 879 847 mirifice
903 825 996 855 patra-

202 866 227 888 ta
243 867 306 890 sunt
320 863 405 890 abdit.

236 907 369 944 Origenis.
384 924 419 930 —
430 908 509 937 Nunc
533 917 635 945 sponsa
652 910 771 945 primum
791 911 847 938 visa
863 917 906 940 est
919 920 998 940 accu-

201 955 289 982 ratius
308 955 465 990 inspexisse
490 957 586 992 sponsi
605 957 850 992 pulchritudinem,
866 963 920 986 etc.

532 1044 609 1071 CAP.
634 1044 665 1071 ΙΙ.

236 1089 319 1118 Vens.
337 1090 362 1117 l.
385 1089 439 1125 Ego
457 1090 507 1124 flos
522 1091 620 1125 campi,
638 1090 724 1117 lilium
739 1091 910 1118 convallium.

243 1177 351 1212 Cyrilli.
384 1192 419 1197 —
443 1177 587 1212 Tanquam
619 1184 730 1213 recepto
763 1180 820 1214 jam
851 1180 997 1208 desursum

202 1223 305 1255 imbre,
329 1222 459 1258 editoque
488 1223 599 1251 virtutis
628 1229 722 1257 partu,
752 1226 853 1260 agresti
885 1234 914 1253 se
938 1226 997 1253 [hri

207 1275 309 1303 sponsa
327 1273 470 1302 comparat
487 1278 493 1297 :
520 1271 698 1305 ostenditque
719 1276 889 1306 quantopere
910 1273 999 1307 presit

201 1314 303 1341 Christi
321 1314 467 1347 adventus,
495 1315 633 1350 siquidem
653 1318 739 1344 valles
759 1325 870 1353 quoque
895 1319 995 1346 semini

202 1360 316 1387 cuilibet
340 1361 460 1395 ineptas,
483 1360 599 1389 ﬂoribus
613 1362 749 1396 ejusmodi
776 1363 872 1398 plenas
890 1369 997 1392 narrat.

202 1405 311 1432 Etenim
326 1413 356 1433 se
377 1406 476 1433 vallem
499 1407 631 1443 appellat,
653 1413 799 1443 propterea
821 1410 894 1445 quod
914 1418 928 1437 a
944 1410 999 1438 daa-

202 1451 330 1479 monibus
344 1452 408 1479 olim
423 1451 520 1480 incolis
530 1452 660 1488 depressa
678 1453 781 1482 fuerat.

242 1553 374 1581 Philonis.
387 1569 423 1574 -—
435 1553 498 1581 ΙΙωο
513 1554 580 1581 dicit
597 1562 720 1590 sponsa;
741 1554 846 1582 audivit
871 1555 944 1583 enim
964 1556 998 1583 ab

204 1599 275 1626 Isaia
292 1607 299 1626 :
315 1607 324 1624 ι
344 1598 468 1626 Exsultet
483 1599 604 1631 deserta,
622 1603 650 1626 et
665 1600 761 1626 ﬂoreat
779 1604 808 1626 ut
825 1600 913 1627 lilium
929 1601 949 1617 "
961 1611 970 1625 ι
990 1607 998 1632 ;

205 1649 232 1672 ιιι
243 1653 258 1672 a
270 1645 387 1672 Domino
404 1654 411 1672 :
430 1654 440 1671 ι
457 1645 635 1672 Considerate
650 1645 705 1672 lilia
720 1646 777 1680 agri
788 1646 829 1672 '°:
846 1656 856 1672 )
868 1645 1000 1673 Dominus

206 1692 299 1719 dicere
323 1690 443 1718 intendit
467 1698 515 1718 eos
532 1692 579 1725 qui
597 1699 682 1726 super
699 1695 800 1718 terram
818 1695 883 1719 sunt
907 1692 1000 1720 lidoles

206 1742 268 1773 post
290 1741 405 1764 mortem
431 1736 587 1765 ﬂorescere.
616 1737 715 1764 Lilium
747 1737 820 1765 cnitn
834 1739 1000 1766 convallium

207 1787 344 1811 mortuum
359 1783 494 1818 designat.

242 1829 305 1857 l-ltcc
318 1837 419 1865 sponsa
436 1829 469 1857 de
496 1830 643 1864 semetipsa
661 1830 790 1857 edisserit
805 1830 921 1859 dicens:
941 1831 997 1866 Ego

209 1879 357 1911 postquam
386 1874 438 1901 fuit
461 1875 488 1901 in
513 1874 585 1901 lecto
616 1879 712 1902 nostro
737 1883 857 1910 sponsus
885 1884 1000 1911 corpore

206 1921 387 1948 obumbratus
403 1941 410 1953 ,
428 1920 474 1955 qui
500 1919 646 1947 :cdtticavit
666 1920 719 1948 sibi
739 1921 851 1948 domutn
883 1930 926 1949 me
944 1922 1000 1949 \ir-

207 1971 296 1994 tutum
312 1967 402 1995 cedris
416 1971 527 2002 tegens;
542 1966 613 1994 facta
631 1975 703 2000 sum,
719 1967 819 2002 inquit,
837 1968 888 1994 llos
901 1967 1000 1995 odori-

207 2013 283 2041 ἴοι-υς
300 2017 327 2040 et
351 2021 437 2047 purus
464 2013 681 2047 splendidusque
697 2021 729 2039 ex
752 2013 870 2039 humana
889 2018 998 2045 natura,

208 2061 235 2087 in
261 2059 407 2086 latitudine
429 2060 531 2093 campi,
555 2059 689 2093 elegantia
716 2059 828 2091 coloris,
854 2063 881 2086 et
906 2059 999 2086 odoris

207 2104 372 2140 fragrantia,
385 2104 491 2131 caeteris
506 2103 619 2130 ﬂoribus
635 2103 813 2136 antecellens,
829 2103 914 2130 lilium
927 2111 999 2130 Illlll-

207 2155 339 2184 cupatum
367 2148 544 2176 continentitc
571 2148 717 2183 splendore
742 2156 919 2176 eorruscans.
948 2148 999 2176 llic

208 2201 300 2223 autent
322 2203 436 2229 campus
452 2195 664 2229 comparatione
682 2194 792 2222 verticis
809 2195 929 2222 caelestis
944 2195 1000 2222 val-

207 2241 240 2268 lis
255 2240 426 2271 nominatur,
448 2241 476 2266 in
497 2247 551 2275 quo
569 2240 638 2268 belle
653 2241 726 2267 culta
746 2249 778 2267 ex
803 2242 861 2268 imo.
875 2242 954 2268 vallis
970 2242 996 2268 in

207 2287 291 2313 altum
315 2285 452 2317 educitur,
470 2285 544 2313 sicut
559 2286 611 2313 l‘ert
629 2291 727 2313 natura
743 2286 791 2313 lilii
807 2295 860 2321 quo
876 2288 956 2314 etiam
970 2288 996 2314 in

207 2331 316 2360 sublimi
340 2339 389 2359 sua
408 2332 447 2359 illi
468 2336 574 2359 constet
592 2332 780 2367 pulchritudo,
799 2337 905 2360 terrena
922 2341 997 2360 com-

207 2377 337 2404 mistione
352 2377 464 2405 minime
476 2377 590 2412 polluta,
608 2385 658 2405 nec
671 2379 732 2405 vitzc
747 2379 833 2413 spinis
848 2387 863 2406 a
873 2380 999 2413 malignis

206 2423 355 2450 virtutibus
381 2422 527 2456 suﬂocata,
544 2430 613 2457 quas
629 2423 729 2450 diaboli
752 2425 822 2452 tilias
838 2425 920 2452 tacite
934 2425 1000 2452 insi-

207 2468 312 2495 nuavit.

245 2600 313 2628 Nili.
328 2616 364 2622 —
379 2600 477 2627 Lilium
497 2601 615 2635 seipsam
639 2604 729 2630 vocnt.
754 2599 794 2626 vel
816 2600 887 2633 quod
907 2599 997 2627 decori

208 2647 245 2674 sit
270 2646 388 2674 vallibus
419 2651 530 2680 propter
557 2646 694 2672 actionum
725 2653 772 2672 sctt
801 2646 997 2680 cogitationum

209 2692 391 2719 humilitatem
415 2693 456 2719 sic
475 2692 636 2723 nominatis,
659 2692 685 2718 in
711 2691 835 2726 utrisque
859 2692 999 2734 splendide

245 2763 267 2780 "
284 2764 336 2792 lsa.
358 2773 439 2798 xxxv,
456 2765 482 2791 1.
521 2765 543 2780 ¹⁰
567 2765 662 2792 Matth.
679 2773 715 2797 vt.
729 2765 774 2798 ‘13,
796 2765 837 2792 19.

1045 223 1074 249 ἐν
1097 219 1119 256 ᾧ
1148 223 1316 250 ἀνεπαύοντο
1343 224 1506 259 ἀμιρὸτεροι,
1525 225 1539 250 ὂ
1555 233 1584 250 τε
1599 225 1664 256 Θεὸς
1693 225 1780 260 Λόγος
1795 226 1845 253 καὶ

1045 269 1061 303 ἠ
1079 269 1201 304 μακαρία
1213 269 1302 304 ψυχή·
1320 269 1478 304 φειδομένου
1499 269 1546 296 τοῦ
1572 271 1690 305 νυμιρῖου
1710 271 1844 308 ὕπαιθρον

1046 315 1129 350 αὐτὴν
1148 315 1238 350 ἔχειν’
1271 315 1308 350 μὴ
1334 315 1415 342 πάλιν
1445 315 1475 348 ἐξ
1499 316 1631 351 ἐπηρείας
1654 316 1702 343 τοῦ
1718 317 1844 344 ἐναντίου

1045 361 1122 396 ἡλίου
1148 362 1257 393 ἀκτῖνος
1275 361 1350 398 πάθῃ
1373 371 1400 388 τι
1422 362 1472 397 τῆς
1497 363 1616 394 παλαιᾶς
1640 363 1842 399 μελανότητος·

1046 407 1117 434 κατὰ
1143 407 1171 434 δὲ
1194 406 1243 442 τὴν
1269 407 1367 442 ἑτέραν
1393 407 1536 442 διαίρεσιν,
1562 407 1634 434 οὕτω
1655 407 1842 442 νοηθήσεται·

1045 452 1146 480 ὡσανεὶ
1156 454 1205 489 τῆς
1215 453 1324 488 νύμφης
1333 453 1478 488 λεγούσης,
1500 453 1541 480 ὅτι
1557 451 1590 480 Ὠ
1602 453 1711 488 νυμφίε,
1721 454 1752 480 σὺ
1763 455 1844 489 μόνος

1046 498 1079 525 ἂν
1095 499 1204 531 ἐνδίκως
1220 499 1311 533 λέγοιο
1326 500 1408 531 καλὸς
1420 500 1467 526 καί
1494 508 1527 534 γε
1548 500 1658 534 ὡραῖος,
1676 499 1713 535 μὴ
1728 500 1844 535 ἐπίκτη-

1046 553 1103 577 τον,
1121 544 1188 579 and;
1201 544 1314 578 φυσικὸν
1327 545 1397 580 ἔχων
1415 544 1444 570 τὸ
1457 544 1564 575 κάλλος·
1580 544 1626 570 καὶ
1639 544 1707 580 πρὸς
1721 544 1799 580 κλίνῃ
1814 544 1845 572 δὲ

1047 591 1125 627 ἡμῶν
1134 592 1290 627 γενόμενος,
1300 591 1398 628 ὡραῖος
1413 589 1437 618 εί
1450 591 1496 618 καὶ
1506 591 1628 622 σύσκιος,
1640 591 1690 626 τὴν
1708 591 1757 626 μὲν
1767 591 1845 618 θείαν

1046 637 1096 672 τῆς
1105 637 1232 672 θεότητος
1243 638 1288 664 καὶ
1301 636 1441 672 ἀκραιφνῆ
1455 636 1573 671 μορφὴν,
1582 637 1629 662 καὶ
1640 635 1678 667 ὼς
1688 635 1741 662 ὑπὸ
1752 644 1844 671 παρα-

1043 681 1203 716 ’πετὰσματι
1229 683 1262 717 τῇ
1282 682 1379 717 σαρκὶ,
1401 681 1521 716 ἐνεργῶν
1536 681 1586 714 μὲν
1607 680 1640 706 τὰ
1654 681 1702 716 τῆς
1717 680 1845 716 θεότητος

1048 728 1119 755 ἴδια·
1144 728 1184 754 διδ
1204 727 1371 761 διά-ίνωπος
1399 728 1428 754 δὲ
1450 727 1598 762 γενόμενος
1610 726 1655 752 διὰ
1668 725 1717 760 τὴν
1729 726 1846 760 ἐπικρύ-

1049 782 1169 800 πτουσαν
1195 773 1229 800 τὰ
1255 772 1456 808 ἐπιτελούμενα
1481 772 1641 808 παραδόξως
1655 771 1703 798 τοῦ
1716 771 1846 806 σώματος

1048 820 1207 855 περιϐολήν.

1011 858 1032 886 Β

1091 907 1271 942 Ὠριγένους.
1297 921 1332 926 —~
1361 905 1419 932 Νῦν
1441 905 1513 932 ἔοικε
1539 906 1671 941 πρότερον
1693 905 1845 941 ὲνεωρακέ-

1049 963 1093 982 ναι
1117 953 1279 989 τρανότερον
1306 962 1336 979 τε
1363 952 1411 979 τοῦ
1431 952 1549 987 νυμφίου
1579 951 1703 986 κάλλειή
1734 951 1843 987 νύμφη,

1049 1010 1077 1028 κ.
1091 1009 1117 1027 τ.
1134 1000 1158 1026 λ.
1178 1000 1246 1034 (‘25).

1354 1043 1480 1071 ΚΕΦΑΛ.
1504 1043 1540 1069 B'.

1083 1095 1118 1119 α’.
1141 1091 1215 1127 Ἐγὼ
1243 1090 1336 1124 ἄνθος
1359 1089 1414 1117 τοῦ
1436 1088 1554 1122 πεδίου,
1581 1089 1686 1124 κρίνον
1701 1088 1762 1116 τῶν
1781 1097 1844 1115 κοι-

1048 1139 1158 1166 λάΰων.

1084 1187 1249 1220 Κυρίλλου.
1265 1199 1299 1205 -—
1323 1184 1367 1216 Ὠς
1379 1184 1518 1219 δεξαμένη
1533 1185 1550 1220 ἡ
1564 1183 1656 1218 νύμφη
1678 1183 1724 1210 τὸν
1738 1182 1843 1209 ἄνωθεν

1050 1233 1136 1265 ὑετὸν,
1148 1233 1196 1259 καὶ
1213 1233 1332 1259 τεκοῦσα
1341 1232 1391 1267 τὴν
1417 1231 1528 1265 ἀρετὴν,
1545 1230 1620 1257 ἄνθει
1638 1230 1739 1265 ἑαυτὴν
1752 1238 1844 1264 παρα-

1049 1279 1141 1306 ϐάλλει
1158 1278 1251 1304 πεδίου
1261 1286 1267 1292 “
1282 1277 1404 1304 δείκνυσι
1415 1276 1443 1303 δὲ
1460 1276 1522 1302 ὅσον
1537 1275 1678 1310 ὠφέλησεν
1690 1276 1706 1310 ὴ
1718 1275 1765 1301 τοῦ
1777 1276 1845 1308 Χρι-

1050 1322 1113 1349 στοῦ
1133 1321 1277 1357 ἐπιδημία,
1296 1322 1363 1347 ὅπου
1376 1329 1408 1354 γε
1422 1320 1470 1347 καὶ
1484 1321 1534 1352 τὰς
1546 1320 1671 1351 κοιλάδας
1683 1319 1732 1351 τὰς
1749 1320 1844 1346 ἀνεπι-

1048 1368 1172 1403 τηδείους
1199 1367 1267 1402 πρὸς
1292 1367 1310 1394 ὓ.
1333 1366 1545 1402 παντασπὸρον,
1582 1365 1711 1392 τοιούτων
1738 1365 1843 1400 pecuda;

1049 1413 1151 1447 ἔδειξεν
1164 1413 1269 1440 ἀνθέων
1281 1421 1288 1428 ³
1300 1412 1412 1439 κοιλάδα
1435 1411 1490 1447 γὰρ
1509 1412 1584 1446 λέγει
1605 1410 1655 1446 τὴν
1679 1411 1844 1437 ἀποκοιλαν-

1050 1458 1145 1486 θεῖσαν
1183 1458 1238 1485 ἀπὸ
1264 1457 1319 1484 τῶν
1344 1458 1515 1493 οἰκησάντων
1543 1457 1630 1492 αὐτὴν
1661 1456 1746 1483 πάλαι
1783 1456 1844 1483 δαι-

1012 1525 1035 1556 C
1054 1505 1152 1540 μόνων.

1086 1552 1230 1584 Φίλωνος.
1257 1566 1292 1571 -—-
1312 1550 1405 1577 Ταῦτά
1417 1557 1501 1584 φησιν
1529 1549 1546 1584 ἡ
1579 1548 1674 1584 νύμφη
1703 1547 1845 1574 ἀκούσασα

1052 1597 1126 1632 παρὰ
1149 1596 1271 1630 Ἡσαΐου,
1289 1606 1298 1621 ι
1312 1595 1502 1630 ’Λγαλλιάσθω
1514 1595 1628 1630 ἕρημος,
1643 1594 1691 1622 καὶ
1703 1594 1740 1625 ὡς
1754 1594 1846 1628 κρίνον

1050 1642 1184 1668 ἀνθείτω·
1201 1651 1210 1667 ι
1226 1643 1273 1668 καὶ
1289 1641 1368 1676 παρὰ
1385 1641 1431 1668 τοῦ
1450 1640 1565 1676 Κυρίου,
1584 1649 1593 1665 ι
1613 1639 1795 1674 Καταμάθετε
1813 1639 1846 1665 τὰ

1051 1688 1131 1723 κρίνα
1147 1688 1193 1714 τοῦ
1213 1687 1301 1723 ἀγροῦ
1312 1696 1319 1703 ·
1332 1688 1426 1722 »λέγει
1441 1687 1463 1714 δ’
1479 1688 1513 1714 ἂν
1527 1688 1541 1714 ὁ
1551 1686 1653 1723 Κύριος
1668 1686 1715 1713 ἐπὶ
1733 1685 1786 1720 γῆς
1798 1694 1846 1718 γε-

1051 1733 1170 1767 γονέναι,
1199 1733 1236 1764 ὡς
1265 1732 1422 1767 ἀνθήσωσιν
1447 1733 1472 1758 οἱ
1494 1732 1585 1758 πιστοὶ
1605 1732 1653 1759 καὶ
1675 1732 1705 1758 ὲν
1721 1731 1760 1766 τῷ
1774 1731 1844 1766 say,-

1051 1779 1130 1807 τοῦτο
1138 1779 1193 1814 γὰρ
1207 1779 1337 1806 κοιλάδων
1350 1779 1443 1815 κρίνον
1458 1779 1471 1805 ὅ
1491 1779 1550 1804 ἐστι
1566 1778 1673 1813 νεκρός.

1086 1825 1252 1860 Γρηγορίου
1268 1825 1335 1860 (26).
1352 1840 1386 1845 ——
1399 1823 1493 1851 Ταῦτα
1517 1824 1534 1858 ἡ
1557 1823 1651 1858 νύμφη
1665 1822 1729 1856 περὶ
1745 1821 1846 1856 ἑαυτῆς

1051 1870 1220 1905 διεξέρχεται
1232 1869 1350 1902 λέγουσα
1361 1876 1367 1882 ·
1388 1867 1460 1901 Ἐγὼ
1476 1866 1555 1902 μετὸν
1577 1867 1608 1892 τὸ
1625 1864 1753 1898 γενέσθαι
1768 1865 1797 1890 ὲν
1810 1865 1844 1899 τῇ

1051 1917 1132 1952 κλίνῃ
1145 1915 1223 1950 ἡμῶν
1236 1915 1280 1941 τὸν
1295 1913 1413 1948 νυμφίον
1443 1911 1644 1939 συσκιασθέντα
1665 1909 1704 1945 τῷ
1726 1910 1844 1945 σώματι,

1051 1961 1080 1992 ὃς
1107 1960 1283 1996 ᾠκοδόμησεν
1309 1959 1339 1984 ὲν
1349 1958 1438 1992 ἑαυτῷ
1465 1957 1510 1984 τὸν
1528 1954 1603 1983 οἷκον
1632 1956 1693 1991 ἐμὲ,
1714 1957 1773 1986 ταῖς
1790 1954 1845 1981 τῶν

1051 2006 1157 2042 ἀρετῶν
1185 2004 1291 2040 κέδροις
1322 2003 1464 2039 ώρόιρωσε,
1498 2003 1606 2037 γέγονε,
1634 2002 1737 2042 ῳηοὶν,
1765 2001 1845 2032 ἄνθος

1051 2052 1169 2087 εὔοσμον
1185 2060 1214 2077 τε
1230 2051 1277 2077 καὶ
1292 2051 1412 2086 καθαρὸν
1428 2051 1476 2077 καὶ
1499 2049 1638 2085 λαμπρὸν,
1653 2049 1686 2075 ἐκ
1700 2048 1749 2083 τῆς
1765 2049 1792 2074 ἐν
1806 2048 1845 2083 τῷ

1052 2097 1335 2132 πλάτειάνθρωπίνης
1350 2096 1458 2130 φύσεως
1489 2095 1536 2121 τοῦ
1552 2095 1656 2127 πεδίου,
1672 2093 1798 2128 εὑχροίας
1815 2102 1843 2119 τε

1051 2144 1099 2171 καὶ
1116 2143 1242 2176 εὐωδίας,
1257 2143 1312 2170 τῶν
1325 2142 1426 2169 λοιπῶν
1442 2141 1545 2168 ἀνθέων
1554 2141 1693 2175 διαφέρον,
1708 2140 1721 2166 ὃ
1735 2139 1843 2173 λέγεται

1016 2195 1039 2224 D
1053 2191 1156 2226 κρίνον,
1172 2191 1221 2224 τὴν
1239 2189 1290 2224 τῆς
1320 2188 1499 2224 σωφροσύνης
1518 2186 1717 2222 ἀπαστράπτον
1734 2193 1843 2220 μαρμα-

1053 2237 1156 2271 ρυγήν·
1184 2236 1216 2262 τὸ
1237 2235 1329 2262 πεδίον
1352 2234 1433 2262 τοῦτο
1467 2233 1611 2269 συγκρίσει
1639 2233 1689 2268 τῆς
1717 2230 1844 2266 οὐρανίας

1051 2282 1145 2317 ἁψῖδος
1160 2281 1252 2313 κοιλὰς
1282 2281 1445 2316 ὀνομάζεται
1455 2288 1463 2295 ⁸
1478 2281 1505 2306 ὲν
1556 2280 1572 2313 ὴ
1593 2276 1784 2312 γεωργηθεῖσα
1799 2284 1844 2302 κα-

1051 2327 1105 2358 λῶς
1119 2327 1151 2354 ἐκ
1170 2326 1220 2353 τοῦ
1247 2326 1339 2353 κοίλου
1366 2325 1434 2360 πρὸς
1449 2324 1479 2351 τὸ
1496 2324 1562 2359 ὕψος
1584 2323 1729 2354 ἐκδίδοται,
1746 2321 1783 2353 ὡς
1796 2321 1843 2348 καὶ

1051 2373 1099 2399 τοῦ
1112 2373 1205 2408 κρίνον
1216 2373 1232 2408 ἡ
1242 2372 1323 2407 φύσις
1332 2381 1338 2388 ·
1351 2371 1389 2403 ὡς
1403 2371 1436 2398 ἂν
1453 2372 1481 2397 ἐν
1498 2370 1628 2406 μετεώρῳ
1644 2368 1763 2404 καθαρὸν
1774 2368 1842 2403 αὐτῇ

1051 2419 1168 2454 διαμένῃ
1181 2418 1212 2444 τὸ
1226 2418 1324 2449 κάλλος
1338 2419 1371 2453 τῇ
1382 2417 1451 2452 πρδς
1467 2417 1516 2451 τὴν
1535 2416 1587 2450 γῆν
1607 2414 1734 2449 ἐπιμιξίᾳ
1746 2413 1783 2449 μὴ
1797 2423 1843 2448 μο-

1051 2464 1208 2500 λυνόμενον,
1240 2463 1308 2499 μηδὲ
1331 2462 1554 2497 συμπνιγόμενον
1571 2461 1632 2491 ταῖς
1647 2460 1782 2490 ἀκάνθαις
1796 2458 1843 2485 τοῦ

1053 2510 1122 2545 βίου,
1157 2510 1218 2540 ταῖς
1235 2510 1368 2544 πονηραῖς
1393 2508 1562 2542 δυνάμεσινσ
1583 2505 1616 2537 ἃς
1642 2505 1690 2532 τοῦ
1720 2504 1841 2531 διαὸἆλου

1053 2555 1208 2589 Θυγατέρας
1222 2555 1292 2581 κατὰ
1309 2554 1340 2580 τὸ
1355 2554 1525 2588 σιωπὸμενον
1538 2552 1661 2587 ᾐνίξατο.

1087 2602 1207 2628 Νείλου.
1224 2616 1259 2620 -
1275 2601 1376 2636 Κρίνον
1409 2600 1520 2634 ἑαυτὴν,
1538 2600 1632 2633 φησὶν,
1651 2598 1666 2632 ἢ
1681 2596 1726 2623 διὰ
1744 2596 1774 2622 τὸ
1795 2598 1843 2631 ἐμ-

1054 2648 1169 2682 πρέπειν
1190 2648 1250 2678 ταῖς
1276 2647 1318 2673 διὰ
1332 2647 1515 2678 ταπεινότητα
1531 2643 1683 2680 πράξεωνῆ
1701 2643 1842 2678 νοημάτων

1054 2693 1158 2725 κοίλαις
1189 2692 1415 2728 ὀνομαζομέναις,
1451 2692 1570 2727 φαιδρῶς
1596 2691 1624 2717 ὲν
1642 2689 1783 2724 ἑκατέροις
1797 2696 1844 2715 κε-

971 2810 1088 2840 ΝΟΤᾹΕ.

247 2860 303 2896 (25)
318 2858 423 2889 Patrol.
440 2864 461 2889 t.
480 2859 563 2896 ΧἮῙ,
579 2861 631 2889 col.
646 2860 709 2889 260.

1086 2859 1141 2894 (‘20)
1153 2859 1296 2894 Anonyma
1311 2862 1375 2886 sunt
1388 2857 1414 2885 in
1428 2857 1459 2885 C.
1474 2856 1503 2884 Β.
