1966 3074
147 180 196 213 157

625 180 894 212 COMMENTARII
911 180 952 211 IN
971 181 1131 212 CANTICA
1143 181 1288 212 CANTIC.

1694 181 1703 211 l
1710 182 1759 213 578

143 239 306 275 κοσμημένη
323 238 368 265 καὶ
382 237 528 273 λάμπουσα
540 245 546 252 ·
562 237 578 272 ἢ
597 237 637 264 ὅτι
651 237 752 272 κρίνειν
775 238 865 272 μέλλει
880 237 928 269 τὰς

982 241 1075 264 ornata
1086 241 1113 264 et
1126 237 1250 264 relucens
1264 245 1272 263 :
1286 236 1327 264 vel
1343 236 1414 271 quod
1429 235 1456 263 in
1471 235 1562 263 futuro
1573 235 1676 271 judicio
1688 238 1761 272 judi-

142 284 272 315 τοιαύτας
287 282 377 318 ψυχὰς
393 283 422 308 ὲν
444 282 483 317 τῷ
497 282 621 317 μέλλοντι
640 282 672 308 ὲκ
694 282 862 317 συγκρίσεως
875 283 930 308 τῶν

145 330 219 357 ίδίων
235 328 466 364 κατορθωμάτων,
481 327 557 354 οὐδὲν
569 327 666 361 ἔχουσα
683 329 711 354 έν
718 329 749 363 τῇ
758 327 837 362 φύσει
849 328 930 354 πλέον

143 375 258 401 ἐκείνων
266 374 302 404 ὡς
314 373 465 404 Νινευϊται,
479 375 526 400 καὶ
541 373 684 408 βασίλισσα
695 373 782 399 Νότου
799 381 926 408 κατακρι-

144 422 186 448 νεῖ
200 420 248 456 τὴν
271 420 385 447 ἄπιστον
408 419 505 453 γενεάν
520 427 528 435 ·
546 419 625 450 ἄνθος
641 419 669 445 δὲ
691 419 739 446 τοῦ
753 418 843 445 πεδίου
859 416 928 445 εἶναι

145 466 269 500 λέγεται,
300 465 372 500 τάχα.
404 464 454 500 μὲν
488 464 542 491 τῶν
569 465 700 491 κοιλάδων
726 464 929 499 σημαινουσῶν,

146 514 193 538 καὶ
205 511 249 538 διὰ
263 511 293 537 τὺ
311 510 440 537 ταπεινὸν
466 511 513 537 καὶ
545 509 729 545 ἀγεώργητον,
758 510 806 536 καὶ
825 509 870 536 διὰ
899 509 929 536 τὸ

144 556 335 591 πληθυντικῶς
349 555 529 590 ὀνομάζεσθαι
543 556 576 581 τὰ
597 556 628 581 ἐκ
640 555 738 590 βάθους
752 552 878 586 ἀσέσείας
889 555 929 586 εἰς

145 602 292 635 ἐπίγνωσιν
313 601 425 627 ἐλθόντα
443 600 506 635 ἔθνη
518 608 524 614 '
541 600 585 626 τοῦ
599 600 627 626 δὲ
648 600 740 626 πεδίου
757 600 803 626 τοῦ
822 596 929 635 Ἰσραὴλ

144 648 188 674 διὰ
198 648 228 673 τὸ
239 646 433 682 ἑξομαλεῖσθαι
454 646 522 681 πρὸς
540 646 759 681 ’ἐπιτηδειότητα
780 645 927 680 γεωργίας,

143 695 200 724 τοῖς
216 689 391 728 προφητικοῖξ
407 691 455 718 καὶ
486 693 606 727 νομικοῖς
629 692 823 726 παιδεύμασιν·
837 691 928 722 καλῶς

143 740 173 766 δὲ
186 740 234 765 καὶ
251 738 354 764 τούτων
384 738 445 773 οὐχὶ
470 738 575 773 καρπὸς
589 737 646 763 ἀλλ’
658 738 736 769 ἄνθος
755 736 823 764 εἶναι
853 737 928 772 λέγε-

144 792 202 810 ται·
221 784 298 811 οὔπω
320 783 375 818 γὰρ
391 783 421 809 τὸ
450 783 497 810 τοῦ
520 783 637 817 σταυροῦ
653 783 702 817 τὴν
715 783 767 817 γῆν
783 783 927 818 ἀνατέμνει

144 830 269 864 ἄροτρον,
282 830 350 864 ὅπερ
372 828 489 865 ἐπέθηκε
507 829 563 860 τοῖς
588 829 746 860 ἀποστόλοις
759 829 796 860 ὡς
809 829 899 864 βουσὶν
914 830 928 856 ὁ

144 875 256 910 Κύριος,
279 874 397 909 ζυγάδην
414 875 459 900 ἐπὶ
477 874 526 910 τὴν
549 874 687 909 γεωργίαν
702 874 865 906 ἀποστείλας
879 875 928 901 αὺ-

143 921 219 952 τοὺς,
239 920 344 946 οὐδέπω
366 920 462 955 αἵματι
490 919 636 946 πεπότιστο
664 919 844 956 Δεσποτικῷ·
887 921 927 948 διδ

143 965 268 1001 ἄκαρπος
283 963 317 1000 ἦν
336 965 383 991 καὶ
399 964 503 999 στείρα.

185 1063 364 1098 Ὠριγένους.
378 1079 413 1087 -—
434 1063 531 1095 Ἀνθος
547 1063 621 1096 λέγει
642 1063 673 1090 τὸ
686 1063 777 1091 ὁδεῦον
787 1063 833 1090 ὲπὶ
841 1063 871 1090 τὺ
886 1072 929 1098 γε-

142 1109 237 1136 νέσθαι
250 1110 401 1144 καρπὸς,κ.
418 1117 444 1136 τ.
460 1108 483 1136 λ.
498 1108 566 1144 (27).

179 1178 212 1212 β’.
233 1177 279 1209 Ὧς
293 1177 397 1211 κρίνον
409 1176 444 1203 ἐν
455 1175 539 1210 μέσῳ
562 1176 712 1208 ἀκανθῶν,
728 1177 804 1204 οὕτω
818 1178 838 1212 ἡ
851 1178 929 1212 πλη-

142 1224 214 1250 σίον
227 1231 286 1257 μου
302 1222 361 1250 ἀνὰ
371 1222 469 1257 μέσον
481 1222 541 1249 τῶν
553 1222 731 1257 θυγατέρων.

177 1288 479 1324 Γρηγορίου.-Ὄσην
492 1288 600 1324 ὁρῶμεν
613 1290 663 1324 τῆς
672 1290 712 1321 είς
721 1290 752 1316 τὸ
760 1289 826 1324 ὕψος
834 1290 927 1317 ἀνόδου

141 1337 192 1371 τὴν
207 1335 348 1371 προκοπὴν
362 1335 407 1361 ἐπὶ
418 1336 466 1370 τῆς
479 1335 567 1369 ψυχῆς
582 1335 737 1370 γινομένην.
753 1334 851 1370 Πρώτη
866 1335 927 1362 ἄνο-

140 1381 198 1414 δος,
217 1381 247 1407 τὸ
258 1380 326 1416 πρὸς
357 1380 405 1415 τὴν
421 1380 613 1415 καθαιρετικὴν
628 1381 678 1415 τῆς
701 1381 824 1412 ἐναντίας
853 1381 929 1408 δυνά-

142 1434 217 1461 μεως
231 1425 314 1451 τππον
328 1424 505 1459 ὁμοιωθῆναι.
522 1424 640 1459 Δευτέρα
657 1424 760 1456 ἄνοδος,
772 1425 803 1451 τὸ
814 1425 928 1460 πλησίον

140 1472 228 1506 αὐτὴν
241 1471 380 1505 γενέσθαι,
393 1471 440 1497 καὶ
452 1471 615 1505 περιστερᾶς
631 1471 742 1505 ποιῆσαι
758 1471 792 1497 τὰ
806 1471 926 1506 Ιὅμματα.

141 1517 228 1552 Τρίτη
242 1517 331 1543 τοίνυν
344 1515 435 1547 ἄνοδος
445 1516 475 1542 τὸ
493 1515 590 1550 μηκέτι
602 1515 725 1550 πλησίον,
740 1515 797 1542 ἀλλ’
811 1515 927 1550 ἀδελφὴν

981 285 1074 309 catura
1103 283 1139 310 sit
1167 282 1321 309 istiusmodi
1359 281 1464 309 animas
1487 288 1519 309 ex
1557 283 1763 316 comparatione

981 335 1094 354 suormn
1109 331 1183 355 recte
1198 331 1347 363 gestorum,
1373 334 1434 353 cum
1454 327 1482 353 in
1506 331 1602 354 natura
1617 327 1684 355 nihil
1704 335 1762 355 am-

981 371 1053 405 plius
1068 371 1121 399 illis
1137 371 1245 404 habeat,
1266 371 1337 398 sicut
1352 369 1478 398 Ninivita:
1502 378 1534 398 ac
1554 371 1647 406 regina
1669 372 1761 399 Austri

965 424 967 427 '
980 416 1202 443 condemnabth
1219 415 1385 443 incredulam
1408 416 1621 450 generationem.
1635 415 1698 444 Flos
1711 424 1761 443 au-

980 466 1034 489 tem
1061 462 1148 496 campi
1176 469 1237 490 esse
1256 461 1368 494 dicitur,
1386 460 1512 489 fortassis
1526 461 1634 497 quidem
1649 462 1760 489 vallium

979 507 1193 541 signifiealarum
1219 512 1275 534 tum
1301 510 1411 541 propter
1431 506 1611 534 humilitatem
1633 507 1762 534 cultura:-

979 559 1032 587 que
1055 552 1222 584 carcntiam,
1247 556 1304 578 tum
1339 551 1405 586 quia
1430 551 1571 586 pluraliter
1607 552 1648 579 sic
1675 552 1763 578 nomi-

979 601 1080 624 nantur
1094 600 1187 631 gentes
1208 604 1241 624 ex
1255 596 1392 631 profundo
1409 597 1557 631 impietatis
1572 595 1606 623 ad
1628 596 1762 631 cognitio-

979 650 1040 669 nem
1055 642 1214 674 venientes;
1228 642 1315 676 campi
1331 649 1394 669 vero
1406 641 1500 674 Israel,
1517 642 1579 676 quia
1597 641 1762 676 propheticis

978 695 1011 715 ac
1033 687 1164 722 legalibus
1187 687 1321 714 doctrinis
1338 686 1372 713 ad
1386 685 1579 721 agriculturam
1594 685 1679 720 probe
1689 693 1763 713 com-

978 733 1065 768 parati
1076 741 1107 759 ac
1116 731 1282 767 compianati
1295 731 1461 766 suntrliecte
1468 734 1556 758 autem
1569 731 1651 758 etiam
1663 731 1762 758 horum

979 778 1095 805 necdum
1119 777 1237 809 fructus,
1265 776 1315 805 sed
1338 776 1388 804 ﬂos
1407 784 1470 804 esse
1498 775 1612 809 dicitur,
1640 776 1762 804 nondum

977 823 1049 851 enim
1070 822 1160 850 crucis
1174 825 1295 850 aratruni
1315 825 1417 850 terram
1434 821 1600 856 proscindit,
1617 821 1691 857 quod
1710 821 1764 848 Do-

978 869 1068 896 minus
1084 869 1354 903 apostolistanquam
1375 867 1462 896 bobus
1474 867 1606 903 jugaliter
1621 867 1762 902 imposuit,

979 915 1013 941 ad
1033 914 1228 949 agriculturam
1249 913 1311 941 illos
1328 913 1441 940 mittens
1464 922 1471 940 :
1489 912 1604 940 necdum
1629 913 1763 948 sanguine

978 959 1118 986 Dominico
1142 959 1227 994 rigata
1243 961 1302 986 erat
1313 978 1321 991 ,
1337 962 1503 994 quapropter
1527 957 1689 994 infrugifera
1707 964 1763 986 ste-

978 1005 1093 1041 rilisque
1108 1004 1264 1032 exsistebat.
1526 1010 1529 1014 '

1015 1073 1146 1109 Origenis.
1163 1087 1198 1093 —
1213 1072 1321 1100 Florem
1342 1071 1408 1099 dicit
1427 1072 1452 1099 id
1468 1071 1538 1107 quod
1558 1071 1586 1099 in
1612 1071 1654 1098 via
1673 1073 1716 1098 est
1733 1074 1762 1097 ut

979 1118 1088 1146 fructus
1106 1118 1162 1150 ﬁat,
1175 1123 1230 1145 etc.

1015 1185 1096 1213 Vens.
1111 1185 1139 1212 2.
1156 1184 1232 1212 Sicut
1247 1184 1333 1212 lilium
1348 1185 1374 1210 in
1390 1185 1476 1211 medio
1491 1184 1685 1219 spinarum,sic
1699 1191 1762 1219 pro-

977 1231 1076 1266 pinqua
1092 1238 1148 1257 mea
1159 1230 1191 1257 'in
1206 1229 1291 1257 medio
1301 1230 1430 1263 ﬁliarum.

1014 1297 1171 1332 Gregorii.-
1181 1296 1319 1329 Quantum
1343 1295 1467 1323 videmus
1481 1303 1627 1323 ascensum
1637 1296 1665 1323 in
1676 1296 1762 1324 altum

978 1348 1083 1371 tantum
1098 1343 1220 1370 videmus
1229 1350 1290 1370 e5se
1304 1341 1402 1369 animae
1413 1340 1566 1377 profectum
1579 1350 1587 1370 :
1600 1342 1705 1377 primus
1717 1349 1762 1369 as-

979 1397 1080 1417 census
1088 1392 1130 1416 est
1141 1388 1288 1416 assimilari
1297 1388 1375 1423 equis
1386 1388 1432 1422 qui
1443 1389 1568 1415 virtutem
1579 1387 1762 1416 adversariam

979 1442 995 1462 e
1007 1434 1096 1462 medio
1106 1434 1287 1468 sustulerunt;
1297 1433 1435 1461 secundus
1445 1432 1518 1468 quod
1529 1432 1601 1460 facta
1612 1432 1647 1460 sit
1656 1433 1763 1468 propin-

978 1487 1032 1515 qua
1044 1479 1149 1513 sibique
1158 1478 1253 1506 fecerit
1264 1478 1359 1506 oculos
1370 1477 1501 1505 colomba:
1511 1486 1518 1510 ;
1528 1477 1636 1510 tertius,
1650 1477 1705 1512 jam
1721 1485 1764 1505 as-

979 1531 1084 1552 census
1097 1523 1168 1558 quod
1184 1524 1264 1551 etiam
1289 1531 1368 1551 soror
1384 1523 1491 1551 Domini
1502 1524 1668 1552 nominetur.
1686 1533 1695 1550 ι
1711 1523 1764 1557 Qui

139 1564 188 1590 τοῦ
205 1563 341 1590 Δεσπότου
368 1562 562 1597 ὁνομασϐἦναι.
580 1563 646 1593 (Ὃς
669 1562 701 1589 ἂν
723 1563 834 1599 ποιήσῃ,
848 1563 926 1597 φησὶ,

982 1569 1052 1596 enim
1079 1568 1183 1601 fecerit,
1212 1568 1311 1603 inquit,
1328 1569 1496 1596 voluntatem
1522 1568 1612 1597 Patris
1631 1569 1701 1602 mei,
1720 1569 1765 1596 hic

139 1610 171 1637 τὸ
187 1610 295 1644 θέλημα
325 1607 371 1635 τοῦ
391 1608 497 1644 Πατρός
522 1604 573 1643 μου
590 1608 637 1634 τοῦ
657 1609 685 1635 ὲν
709 1610 765 1639 τοῖς
792 1609 924 1644 οὐρανοῖς,

139 1653 222 1686 οὗτος
242 1655 256 1680 ὁ
277 1654 390 1688 ἀδελφός
417 1662 478 1688 μου,
496 1654 542 1680 καὶ
562 1648 663 1689 ἀδελφῆ
685 1662 749 1688 μου,
766 1654 812 1680 καὶ
836 1654 927 1689 μήτηρ

140 1702 229 1728 ἐστίν.
250 1710 258 1726 ι
282 1701 359 1727 Ἐπεὶ
382 1699 429 1727 οὖν
443 1701 555 1735 γέγονεν
583 1700 677 1732 ἄνθος,
703 1700 785 1735 μηδὲν
801 1701 853 1727 ὑπὸ
873 1700 928 1726 τῶν

139 1747 340 1782 ἀκανθηφὸρων
363 1746 526 1781 πειρασμῶν
553 1746 622 1781 πρὸς
648 1746 678 1773 τὺ
695 1746 822 1780 γενέσθαι
836 1746 928 1782 κρίνον

140 1792 361 1828 παραϐλαϐεἴσα,
381 1791 564 1826 ἐπιλαϐομένη
583 1790 611 1817 δὲ
624 1791 669 1817 τοῦ
680 1791 746 1817 λαοῦ
762 1791 808 1817 καὶ
825 1791 871 1817 τοῦ
886 1790 927 1817 οῖς

139 1847 191 1865 κου
207 1837 257 1864 τοῦ
273 1838 375 1873 πατρὸς
402 1837 498 1871 αὐτῆς,
517 1836 585 1871 πρὸς
605 1836 650 1862 τὸν
664 1835 789 1871 ἀληθινὸν
800 1833 853 1862 εἶδε
870 1837 926 1863 Πα-

139 1886 220 1920 τέρα,
233 1885 273 1911 διὸ
287 1884 334 1911 καὶ
355 1883 456 1919 ἀδελφὴ
481 1883 528 1910 τοῦ
552 1882 617 1909 Υἱοῦ
640 1882 811 1918 ὀνομάζεται,
827 1884 866 1920 τῷ
879 1883 930 1919 τῆς

138 1931 280 1961 υἱοθεσίας
315 1930 449 1964 πνεύματι
473 1929 542 1964 πρὸς
567 1929 617 1964 τὴν
644 1930 805 1964 συγγένειαν
829 1930 930 1965 ταύτην

140 1974 367 2011 μεταποιηθεῖσα,
375 1975 420 2001 καὶ
431 1974 480 2009 τῆς
494 1974 561 2008 πρὸς
574 1974 623 2005 τὰς
634 1974 785 2010 θυγατέρας
798 1975 845 2001 τοῦ
856 1975 932 2009 ψευδ-

981 1614 1066 1642 frater
1083 1618 1110 1641 et
1128 1621 1206 1641 soror
1225 1618 1252 1641 et
1270 1618 1356 1641 mater
1379 1620 1422 1641 cst
1442 1613 1474 1641 ".
1494 1623 1504 1640 ›
1523 1613 1670 1649 Postquam
1696 1622 1764 1650 ergo

980 1660 1053 1687 facta
1072 1664 1114 1687 est
1127 1659 1188 1695 llos,
1203 1659 1270 1686 nihil
1282 1667 1297 1686 a
1316 1659 1434 1694 spinosis
1451 1660 1515 1687 laesa
1531 1660 1584 1687 fuit
1605 1660 1764 1687 tentationi-

980 1705 1031 1733 hus
1048 1705 1192 1740 quominus
1209 1709 1281 1732 esset
1296 1705 1396 1737 lilium,
1415 1705 1498 1732 oblita
1513 1705 1606 1741 populi
1618 1710 1646 1733 et
1665 1705 1764 1734 domus

981 1751 1066 1787 patris
1081 1756 1108 1778 et
1125 1751 1220 1779 matris
1236 1759 1303 1784 suat,
1319 1751 1427 1785 aspexit
1444 1751 1477 1778 ad
1491 1759 1584 1779 verum
1604 1751 1722 1785 Patrem,
1736 1757 1764 1780 et

981 1803 996 1823 a
1009 1795 1063 1824 Deo
1079 1799 1195 1823 voeatur
1209 1803 1289 1823 soror
1303 1795 1376 1828 Filii,
1401 1795 1498 1831 spiritu
1510 1795 1625 1823 filiorum
1638 1796 1763 1831 adoptio-

981 1842 1026 1869 nis
1045 1842 1072 1869 in
1087 1841 1157 1868 hanc
1176 1840 1303 1875 adoptata
1316 1841 1523 1876 cognationem;
1539 1845 1566 1869 et
1585 1842 1620 1868 ab
1640 1841 1686 1869 illa
1700 1841 1764 1869 falsi

982 1885 1101 1913 nominis
1115 1885 1200 1919 patris
1213 1883 1343 1920 [filiarum
1358 1885 1563 1921 communione]
1580 1886 1694 1914 liberata
1719 1895 1763 1914 se-

983 1930 1041 1965 ipsa
1057 1937 1153 1958 rursus
1173 1929 1201 1956 fit
1212 1929 1367 1962 sublimior,
1383 1935 1410 1958 et
1422 1931 1521 1966 aspicit
1542 1932 1702 1967 mysterium
1715 1939 1764 1968 per

985 1976 1080 2003 ocuIOs
1092 1975 1236 2008 columbae,
1261 1975 1371 2010 spiritu,
1391 1976 1513 2010 inquam,
1526 1976 1684 2011 prophetiae.

139 2023 253 2058 ωνύμου
266 2023 369 2057 πατρὸς
388 2021 530 2052 κοινωνίας
545 2021 746 2062 ἀπαλλαγεῖσα,
760 2022 840 2049 πάλιν
855 2023 947 2056 γίνετα
966 2022 1065 2058 ἑαυτῆς
1078 2022 1246 2058 ὑψηλοτέρα,
1262 2022 1309 2049 καὶ
1326 2021 1419 2057 βλέπει
1430 2023 1460 2049 τὸ
1477 2024 1636 2059 μυστήριον,
1651 2023 1695 2051 διὰ
1709 2025 1763 2052 τῶν

138 2069 190 2105 τῆς
219 2069 386 2104 περιστερᾶς
411 2067 557 2103 ὀφθαλμῶν
570 2075 576 2083 ·
596 2067 668 2102 λέγω
681 2067 709 2094 δὲ
726 2067 765 2103 τῷ
779 2068 914 2102 πνεύματι
925 2068 976 2103 τῆς
991 2068 1168 2104 προφητείας.

173 2138 251 2173 Αὕτη
263 2137 331 2172 (ΞΤ)
344 2136 390 2163 τοῦ
403 2136 529 2171 Νυμφίου
540 2136 613 2162 ἐστὶν
621 2136 638 2171 ἠ
654 2136 743 2171 φωνὴ,
754 2135 930 2171 μαρτυροῦσα

138 2186 173 2221 τῇ
188 2183 296 2219 Ni}an
310 2183 390 2209 πλέον
401 2179 438 2209 ὧν
449 2183 530 2217 ἑαυτῇ
547 2181 822 2217 ιιιροσεμαρτύρησεν⁵
836 2181 928 2217 ἐπειδὴ

139 2232 195 2265 γὰρ
215 2229 317 2264 ἑαυτὴν
332 2227 393 2256 εἷπε
408 2229 510 2264 κρίνον,
537 2228 586 2259 τὰς
600 2228 628 2255 δὲ
644 2228 740 2259 λοιπὰς
759 2227 848 2262 ψυχὰς
870 2236 927 2254 κοι-

1020 2135 1086 2162 Nili.
1103 2148 1138 2157 -ι
1156 2136 1220 2163 Haec
1239 2138 1280 2162 est
1303 2141 1356 2162 vox
1375 2134 1474 2169 Sponsi
1503 2135 1616 2170 Sponsae
1641 2137 1764 2165 testimo-

982 2180 1058 2208 nium
1084 2180 1231 2216 prtebentis
1259 2181 1338 2215 longe
1358 2180 1524 2209 luculentius
1548 2188 1630 2216 quam
1648 2182 1706 2217 ipsa
1729 2183 1763 2211 de

981 2234 1012 2254 se
1024 2231 1103 2254 antea
1114 2226 1302 2261 perhibuerat.
1314 2225 1460 2261 Postquam
1471 2227 1544 2254 enim
1561 2228 1620 2262 ipsa
1633 2235 1663 2256 se
1675 2228 1761 2256 lilium

140 2274 236 2306 λάδος,
251 2272 268 2307 ἢ
284 2271 527 2308 μετριοφρονοῦσα,
542 2271 558 2307 ἢ
575 2271 622 2298 καὶ
637 2272 794 2307 ἀγνοήσασα
806 2281 814 2288 ·
829 2272 860 2299 οὐ
873 2272 926 2299 πᾶν

982 2276 1102 2305 vocarat,
1118 2276 1230 2300 ceteras
1244 2279 1309 2300 vero
1323 2272 1430 2300 animas
1442 2273 1536 2304 valles,
1550 2274 1671 2302 modeste
1685 2274 1719 2303 de
1733 2283 1763 2304 se

143 2320 329 2356 στοχαζομένη
346 2320 395 2355 τῆς
412 2319 540 2355 ἀληθείας
554 2318 604 2354 τὴν
619 2318 763 2354 σύγκρισιν
782 2319 927 2354 ἐποιήσατο

143 2366 223 2397 αὐτὸς
237 2367 250 2391 ὁ
271 2365 372 2400 μᾶλλον
393 2364 472 2396 εἰδὼς
486 2365 541 2391 τῶν
563 2365 713 2400 γινομένων
734 2364 928 2392 καταστάσεων

143 2411 192 2442 τὰς
217 2410 368 2446 ἰδιότηταςο
391 2410 439 2437 καὶ
460 2410 545 2445 κρίνῳ
560 2410 609 2444 μὲν
628 2410 729 2446 ταύτην
756 2410 927 2446 παρεικάζει,

143 2456 184 2483 διὰ
198 2457 230 2483 τὸ
249 2456 370 2491 μηδόλως
386 2456 435 2490 τὴν
452 2456 506 2482 ἀπὸ
528 2456 582 2482 τῶν
605 2455 770 2490 σωματικῶν
795 2456 929 2491 μέριμναν

144 2501 332 2536 ἀναδέχεσθαι,
353 2500 541 2536 ἀφροντίστως
557 2501 584 2527 δὲ
596 2502 652 2532 τοῖς
667 2501 865 2536 παρατυχοῦσι,
879 2501 929 2538 τὴν

143 2546 190 2573 τοῦ
217 2546 345 2581 σώματος
369 2546 524 2581 ἐκπληροῦν
548 2547 653 2582 χρείαν,
673 2547 862 2582 ἀταλαίπωρον
883 2549 930 2575 καὶ

145 2590 317 2625 αὐτοσχέδιον
330 2590 380 2626 τὴν
409 2590 549 2626 διαγωγὴν
577 2590 708 2626 ἑλομένην
724 2591 769 2617 διὰ
790 2591 840 2626 τὴν
866 2592 930 2627 περὶ

179 2674 201 2690 ¹¹
223 2673 321 2701 Matth.
336 2681 384 2706 xu,
404 2673 450 2700 49.

981 2319 1100 2346 sentiens
1119 2318 1161 2346 vel
1176 2318 1258 2346 etiam
1273 2318 1418 2353 ignorans;
1436 2322 1490 2345 non
1508 2320 1619 2347 omnino
1635 2326 1763 2348 assecuta

981 2363 1161 2398 coniectando
1175 2363 1336 2395 veritatem;
1355 2364 1586 2398 comparationem
1610 2365 1665 2393 illis
1684 2366 1764 2394 insti-

982 2411 1035 2437 tuit
1058 2410 1106 2445 qtti
1128 2416 1224 2437 eorum
1251 2416 1312 2442 qua:
1338 2408 1407 2436 ﬁunt
1432 2413 1554 2436 statuum
1582 2411 1762 2446 proprietates

982 2456 1069 2491 magis
1082 2456 1167 2489 novit,
1186 2459 1213 2483 et
1228 2454 1285 2482 lilio
1297 2454 1406 2490 quidem
1422 2455 1506 2490 ipsam
1527 2456 1672 2489 assimilat,
1689 2457 1762 2492 quod

980 2502 1093 2529 omnino
1107 2501 1211 2528 nullam
1226 2507 1319 2528 rerum
1335 2501 1520 2536 corporalium
1536 2500 1662 2529 admittat
1685 2503 1762 2530 solli-

981 2548 1149 2580 citudinem;
1165 2546 1213 2574 sed
1228 2546 1287 2574 sine
1301 2551 1369 2573 cura
1383 2545 1418 2573 iis
1432 2552 1493 2581 quae
1508 2547 1654 2582 obtingunt
1666 2555 1762 2583 corpo-

981 2593 1020 2620 ris
1037 2593 1144 2628 expleat
1156 2592 1360 2625 necessitatem,
1372 2592 1477 2619 beatam
1494 2599 1526 2620 ac
1537 2593 1632 2628 paucis
1646 2598 1760 2622 conten-

915 2738 1030 2767 NOTAE.

195 2823 240 2855 Ἦ)
257 2821 360 2849 Ραινοί.
378 2825 399 2848 ι.
416 2819 499 2851 XVII,
513 2820 567 2848 col.
582 2819 646 2851 260,
663 2819 726 2847 26!.

196 2854 252 2892 17')
275 2856 337 2884 Haec
353 2857 380 2883 in
402 2855 434 2883 C.
455 2855 484 2882 ν.
505 2855 556 2882 sub
579 2856 688 2882 nomine
717 2854 838 2890 Gregorii
859 2861 924 2882 con-

309 2903 446 2934 PA'mOL.
469 2901 529 2932 Gn.
540 2900 728 2932 LXXXVII.

980 2817 1131 2857 ﬁrmantur,
1149 2821 1304 2857 eturevera
1329 2825 1382 2846 non
1398 2819 1573 2848 inveniuntur
1592 2820 1618 2848 in
1637 2822 1764 2857 operibus

978 2853 1059 2882 editis
1076 2853 1161 2882 sancti
1181 2851 1244 2880 Nili.

1545 2901 1584 2930 ὅθ
