1966 3074
188 132 256 164 1570

845 125 1020 156 PROCOPII
1035 124 1156 154 GAZ/El

1730 122 1798 153 1.580

183 194 239 216 tam
263 188 366 223 eligens
386 186 492 215 vivendi
507 185 651 218 rationent,
666 188 775 220 propter
801 191 862 212 eam
878 192 959 219 quant

1029 182 1064 217 ἧς
1079 181 1218 216 βασιλείας
1235 181 1290 207 τῶν
1313 179 1435 215 οὐρανῶν
1457 179 1597 215 φροντίδα,
1613 177 1649 210 ὡς
1667 179 1695 205 ἐν
1711 180 1798 212 Εὐαγ-

184 235 253 270 gerit
269 241 361 261 curam
373 233 406 260 de
419 239 502 267 regno
519 232 662 264 cmlorum,
673 235 754 266 prout
769 231 803 258 in-
813 230 965 265 Evangeliis

186 279 344 307 ostettditur
362 287 369 305 :
388 278 475 313 spinis
496 284 560 304 vero
582 282 696 304 exteras
719 276 875 303 assimilans
900 276 964 311 quia

185 331 279 352 curant
291 331 401 351 omnem
414 324 486 350 circa
504 321 645 350 saecularia
657 321 802 354 habebant,
812 327 837 348 et
850 321 965 348 necdum

185 372 282 397 norant
305 376 386 396 curas
412 368 447 396 iis
474 368 613 402 impensas
633 366 690 393 lieri
712 367 815 401 spinas,
833 368 882 395 sed
906 368 967 395 illas

184 415 260 450 ipsas
282 422 314 442 ex
342 422 440 449 magno
465 414 540 441 circa
567 412 628 440 illas
652 413 851 442 sollicitudines
876 414 967 441 studio

183 459 306 487 evasisse
321 459 425 494 spinas.

220 515 303 543 Vens.
320 515 347 542 5.
367 515 441 542 Sicut
462 515 563 542 malum
585 515 612 542 in
631 514 717 550 ,lignis
736 513 827 547 silvae,
846 513 885 540 sic
907 514 967 548 [ra-

186 562 277 589 truetis
299 569 370 589 meus
389 562 458 588 inter
481 560 582 588 medios
608 561 690 595 ﬁlios.

221 616 351 651 Gregorii.
369 632 404 637 —
421 616 492 649 Quid
511 623 553 644 est
567 624 632 651 ergo
657 616 729 651 quod
755 616 840 643 vidit?
866 615 966 642 Silvam

185 662 253 690 solet
269 662 410 689 nontinare
434 662 575 697 Scriptura
596 662 748 690 silvestrem
772 662 909 689 hominum
926 662 968 689 vi-

186 709 241 733 tam
256 707 284 734 in
302 714 355 742 qua
375 707 516 734 luxuriant
532 707 607 734 varia
627 715 725 742 genera
749 708 918 742 passionum,
940 707 966 734 in

186 759 239 787 qua
262 752 422 779 nidulantur
441 751 504 779 ferte
527 752 658 785 exitiosae,
675 756 702 779 et
720 752 843 779 homines
868 752 968 779 laedunt

185 805 301 832 quarum
319 803 414 825 natura
429 798 455 825 in
473 799 533 825 luce
545 805 576 825 ac
590 798 647 825 sole
664 798 751 825 otiosa
766 806 927 832 permanens
941 799 966 826 itt

185 844 306 871 tenebris
324 844 377 870 vim
393 851 469 871 suam
484 844 580 871 exerit.
595 843 740 878 Propterea
757 843 782 870 itt
805 843 872 871 silva
888 845 965 879 plan-

185 894 259 916 tatur
286 889 385 916 malum
409 899 416 917 .'

186 936 301 970 reliquis
312 939 354 962 est
367 935 489 969 ejusdem
507 934 648 962 essentiae:
663 944 672 960 ι
691 934 824 963 Tentatus
836 936 907 963 enim
923 944 970 970 per

185 982 278 1008 omnia
305 989 354 1016 pro
373 980 553 1008 similitudine
581 980 684 1015 absque
706 984 818 1015 peccato
841 982 874 1007 ¹¹.
906 990 915 1006 ι
941 981 970 1009 ln

185 1031 317 1060 quantum
331 1034 396 1054 vero
410 1026 501 1053 fructu
518 1033 568 1054 suo
589 1025 762 1053 dulcedinem
791 1026 869 1053 all'ert
886 1027 970 1054 animi

186 1072 325 1104 sensibus,
342 1072 471 1106 majorem
490 1072 644 1098 habetcum
660 1072 733 1106 ligno
749 1073 970 1106 inaequalitatem,

186 1126 267 1153 quattt
283 1118 370 1144 lilittnt
389 1125 451 1145 cum
469 1117 568 1152 spinis,
585 1122 613 1145 ιιι
635 1117 707 1152 quod
728 1119 850 1145 suaviter
865 1122 970 1148 tantum

188 1163 276 1198 spirat
286 1167 313 1190 et
324 1163 384 1190 visu
400 1163 531 1193 oblectat.
546 1170 656 1197 pomum
670 1167 761 1190 autem
776 1168 802 1189 et
818 1163 932 1190 odoratu
946 1166 973 1190 et

187 1212 269 1241 gustu
290 1214 322 1234 ac
344 1207 404 1234 visu
429 1207 510 1234 dttlce
527 1210 579 1233 est.
598 1205 680 1234 Recte
697 1215 761 1242 ergo
782 1207 850 1233 vidit
862 1206 971 1242 Sponsa

188 1260 249 1287 qua:
264 1252 299 1279 sit
315 1252 358 1279 sui
374 1259 388 1278 a
403 1251 518 1279 Domino
533 1251 698 1285 diﬂ'erentia,
710 1252 839 1287 quoniaut
856 1253 901 1279 ille
912 1253 973 1287 qui-

188 1297 251 1324 dem
270 1300 297 1323 et
312 1296 392 1323 nobis
414 1296 443 1322 [it
461 1295 554 1322 laetitia
565 1295 717 1329 oculorum,
736 1301 764 1323 ut
779 1297 825 1331 qui
843 1297 869 1323 itt
884 1298 924 1325 eis
938 1298 974 1324 sit

189 1340 236 1368 lux
257 1344 285 1367 et
307 1344 476 1374 unguentum
497 1339 623 1367 odoratui
640 1345 665 1367 et
679 1341 732 1367 vita
752 1342 972 1369 comedentibus.

190 1387 315 1413 Humana
339 1393 422 1421 porro
450 1390 547 1413 natura
566 1394 613 1421 per
636 1386 763 1413 virtutem
791 1386 920 1421 perfecta,
946 1388 975 1415 lit

190 1432 251 1464 llos,
269 1440 324 1459 non
348 1432 437 1459 solum
457 1431 606 1467 agricolam
629 1433 764 1464 nutriens,
785 1433 831 1460 sed
855 1433 972 1468 seipsam

188 1486 337 1505 exornans.
363 1478 460 1505 Cibum
489 1483 579 1505 autent
609 1486 664 1505 non
689 1473 739 1513 ipsi
759 1479 846 1506 datori
873 1485 972 1514 parat:

189 1525 320 1558 quoniam
335 1523 469 1551 bonorum
495 1527 651 1550 nostrorum
673 1531 726 1550 non
754 1528 823 1560 eget.
840 1524 973 1551 C:I‘l(‘l‘llm

1017 227 1117 261 γελίοις
1130 226 1282 253 δείκνυται·
1303 225 1434 256 ἀκάνθαις
1451 225 1480 251 δὲ
1506 224 1555 256 τὰς
1572 223 1669 255 λοιπὰς
1689 225 1798 258 ὁμοιῶν,

1016 273 1060 300 διὰ
1079 273 1109 300 τὸ
1123 273 1213 300 πᾶσαν
1227 273 1277 308 τὴν
1300 272 1434 308 μέριμναν
1450 270 1515 306 περὶ
1535 271 1569 296 τὰ
1585 270 1700 304 βιωτικὰ
1716 271 1798 305 ἐσχη-

1017 320 1110 346 κέναι·
1130 319 1177 346 καὶ
1193 319 1289 353 μηκέτι
1305 318 1334 344 ὲν
1353 318 1413 349 ταῖς
1430 317 1550 352 φροντίσι
1569 315 1695 350 γενέσθαι
1716 316 1797 342 ἀκὰνο

1017 366 1076 398 θας,
1090 366 1147 392 ἀλλ’
1163 365 1247 396 αὐτὰς
1260 364 1367 399 ὲκείνης
1383 363 1421 399 τῷ
1441 364 1473 390 ἐκ
1487 363 1586 398 πολλῆς
1600 362 1650 397 τῆς
1666 362 1732 397 περὶ
1748 362 1798 393 τὰς

1018 412 1152 448 μερίμνας
1164 411 1280 446 σπουδῆς
1295 410 1458 446 πεποιῆσθαι
1470 409 1540 436 κατὰ
1551 409 1660 440 ταύτας.

1058 513 1106 545 Ὧς
1115 511 1217 546 μῆλον
1234 512 1269 539 ἐν
1294 511 1356 544 τοῖς
1382 511 1486 543 ξύλοις
1502 511 1555 537 τοῦ
1567 509 1692 544 δρυμοῦ,
1706 508 1801 542 οὕτως

1017 557 1178 591 ἀδελφιδός
1185 565 1244 591 μου
1267 556 1325 583 ἀνὰ
1335 555 1432 590 μέσον
1443 555 1502 582 τῶν
1516 554 1599 582 υἱῶν.

1053 611 1229 646 Γρηγορίου.
1244 625 1279 631 -—
1291 610 1324 636 Τί
1337 609 1384 637 οὖν
1401 610 1474 637 ἐστιν
1494 609 1508 636 δ
1529 609 1674 641 τεθέαταις
1693 608 1801 643 Δρυμῆν

1018 657 1144 692 ὀνομάζει
1171 656 1294 692 συνήθως
1316 657 1332 691 ἡ
1364 656 1430 690 ἁγία
1458 655 1553 691 Γραφὴ
1577 655 1622 682 τὸν
1646 655 1733 690 ὑλώδη
1747 654 1802 680 τῶν

1018 702 1065 729 ἀνθ
1071 703 1167 738 ρώπων
1181 703 1246 737 βίον,
1259 702 1304 729 τὸν
1318 702 1351 728 τὰ
1363 702 1470 728 ποικίλα
1485 703 1538 729 τῶν
1553 702 1723 737 παθημάτων
1745 700 1802 735 εἴδη

1019 748 1234 782 ὑλομανήσαντα,
1251 748 1278 773 ὲν
1331 747 1364 773 τὰ
1379 747 1515 782 φθαρτικὰ
1529 747 1611 782 θηρία
1630 746 1745 781 φωλεύει
1757 746 1802 772 καί¹

1019 793 1081 824 τσὺς
1099 793 1257 827 ἀνθρώπους
1274 793 1444 827 λυμαίνεται,
1464 789 1500 818 ὧν
1515 793 1534 827 ἡ
1545 792 1624 826 φύσις
1637 792 1665 818 ὲν
1677 792 1744 826 φωτὶ
1757 791 1804 817 καὶ

1022 839 1088 873 ἡλίῳ
1107 840 1286 874 ἀνενέργητος
1316 839 1442 873 μένουσα,
1463 838 1506 865 διὰ
1525 838 1636 868 σκύτους
1655 837 1704 872 τὴν
1727 838 1804 871 ίσχῦν

443 889 470 916 itt
491 893 622 924 quantum
640 889 748 923 quidem
767 889 879 924 lignum,
905 898 966 917 cum

1027 884 1088 918 ἔχει.
1104 885 1152 910 Διὰ
1167 884 1246 910 ’τοῦτο
1261 884 1357 918 φύεται
1373 884 1401 910 ὲν
1416 883 1453 918 τῷ
1464 883 1558 918 δρυμῷ
1569 883 1598 909 τὸ
1614 883 1696 917 μῆλον
1706 891 1713 897 ·
1738 882 1804 908 καθὸ

1023 931 1071 965 μὲν
1084 930 1160 962 ξύλον
1176 931 1232 961 τοῖς
1247 929 1350 961 λοιποῖς
1368 930 1510 964 ὁμοούσιον
1536 929 1673 964 ὑπάρχον·
1690 938 1698 954 ι
1715 929 1805 954 Ἐπει-

1022 975 1109 1010 ράσθη
1122 975 1176 1010 γὰρ
1202 975 1260 1002 καθ’
1288 975 1433 1010 ὁμοιότητα
1459 975 1578 1005 πάντων,
1607 974 1690 1009 χωρὶς
1711 974 1803 1008 ἀμαρ-

1021 1021 1080 1052 τίας
1090 1029 1097 1036 ·
1113 1030 1122 1047 ι
1140 1021 1207 1047 καθὸ
1222 1021 1251 1047 δὲ
1266 1020 1406 1054 γλυκαίνει
1421 1020 1459 1055 τῷ
1477 1019 1574 1055 καρπῷ
1597 1020 1632 1046 τὰ
1651 1019 1700 1054 τῆς
1713 1019 1804 1054 ψυχῆς

1023 1067 1198 1101 αἰσθητήρια,
1216 1066 1327 1093 πλείονα
1337 1067 1387 1101 τὴν
1401 1067 1468 1102 πρδς
1484 1066 1529 1093 τὸν
1546 1065 1648 1100 δρυμὸν
1664 1065 1720 1100 ἔχει
1737 1073 1807 1099 παρ-

1022 1112 1156 1147 αλλαγήν·
1174 1112 1190 1148 ἢ
1206 1113 1267 1138 ὅσον
1282 1113 1339 1147 ἔχει
1362 1112 1431 1147 πρὸς
1451 1112 1499 1144 τὰς
1511 1112 1632 1143 ἀκάνθας
1653 1111 1683 1138 τὸ
1704 1111 1806 1144 κρίνον,

1021 1159 1090 1193 ὅπερ
1116 1157 1230 1184 εῠπνουν
1252 1159 1309 1184 ἐστὶ
1339 1159 1418 1193 μόνον
1443 1158 1490 1185 καὶ
1512 1158 1607 1192 τέρπει
1634 1159 1667 1192 τῇ
1689 1157 1754 1192 θέᾳο
1778 1157 1807 1182 τὸ

1022 1205 1049 1231 δὲ
1077 1204 1161 1240 μῆλον
1192 1205 1239 1239 ἡδὺ
1266 1202 1335 1240 πρὸς
1369 1205 1455 1239 ὀσμὴν
1491 1204 1541 1240 τὴν
1566 1204 1612 1231 καὶ
1637 1203 1731 1238 γεῦσιν
1761 1204 1808 1229 καὶ

1023 1251 1096 1278 θὲαν.
1122 1251 1220 1282 Καλῶς
1243 1251 1289 1278 οὖν
1301 1249 1369 1278 εἶδεν
1380 1253 1395 1286 ἡ
1407 1251 1498 1286 νύμφη
1512 1252 1542 1277 τὸ
1565 1251 1665 1285 ἑαυτῆς
1680 1250 1748 1286 πρὸς
1762 1250 1808 1276 τὸν

1023 1297 1161 1332 Δεσπότην
1176 1298 1303 1332 διάφορον
1313 1306 1320 1313 ·
1332 1298 1372 1324 δτι
1388 1298 1491 1327 ἐκεῖνος
1505 1297 1637 1332 μὲνήμῶν
1648 1297 1695 1323 καὶ
1707 1296 1810 1330 ὀφθαλ-

1025 1342 1082 1376 μῶν
1096 1343 1201 1376 γίνεται
1217 1343 1307 1377 χάρις,
1324 1343 1382 1378 φῶς
1398 1342 1550 1378 γινόμενος,
1562 1343 1609 1369 καὶ
1622 1342 1708 1377 μύρον
1727 1342 1755 1368 ὲν
1776 1343 1808 1376 τῇ

1023 1388 1165 1422 ὀσφρήσει,
1193 1388 1241 1414 καὶ
1269 1388 1326 1423 ζωὴ
1349 1389 1403 1420 τοῖς
1427 1388 1570 1414 ἐσθίουσιν.
1595 1387 1627 1414 Ἦ
1658 1387 1686 1414 δὲ
1704 1387 1811 1422 ἀνθρω-

1024 1434 1088 1469 πίνη
1102 1433 1181 1468 φύσις
1208 1434 1241 1460 δι’
1253 1433 1353 1469 ἀρετῆς
1382 1433 1564 1464 τελειωθετσα,
1585 1433 1662 1464 ἄνθος
1695 1433 1811 1466 γίνεται,

1026 1480 1104 1514 μόνον
1124 1480 1154 1506 οὐ
1167 1479 1213 1506 τὸν
1236 1479 1356 1514 γεωργὸν
1370 1479 1515 1514 τρέφουσα,
1539 1478 1608 1506 ἀλλὰ
1627 1479 1726 1513 ἑαυτὴν
1748 1479 1812 1505 καλ-

1024 1525 1190 1557 λωπίζουσα·
1202 1526 1305 1561 τροφὴν
1314 1525 1341 1551 δὲ
1352 1525 1388 1560 μὴ
1403 1526 1561 1560 γεωργοῦσα
1573 1525 1611 1560 τῷ
1618 1524 1738 1560 χορηγῷ-
1749 1524 1812 1550 Τῶν

192 1569 324 1596 Dominus
340 1569 430 1596 lactus
447 1573 489 1596 est
501 1569 578 1604 quasi
595 1570 695 1596 malum
708 1570 734 1596 itt
758 1570 836 1603 silva,
848 1571 910 1604 quia
925 1571 972 1596 htt-

1027 1571 1081 1606 γὰρ
1096 1570 1206 1605 ἀγαθῶν
1222 1580 1271 1606 μου
1287 1571 1317 1598 οὐ
1330 1570 1423 1605 χρείαν
1435 1570 1538 1605 ἐχεις,ὁ
1559 1570 1700 1605 θεοπάτωρ
1714 1569 1812 1604 φησίν*

192 1623 301 1642 manant
318 1615 435 1644 inseruit
450 1620 574 1642 naturam
596 1616 629 1642 ad
645 1616 762 1650 speciem
777 1620 804 1643 et
828 1616 861 1642 ad
883 1616 975 1643 odoris

189 1661 331 1697 eduliique
349 1662 522 1689 suavitatem.
543 1661 597 1688 Nos
616 1662 688 1689 enim
715 1662 795 1689 bonis
817 1662 890 1689 illius
911 1671 976 1697 ege-

192 1715 270 1740 mus;
296 1712 474 1742 quapropter,
493 1707 532 1733 ait
555 1707 677 1742 Sponsa,
701 1708 764 1742 quia
790 1707 892 1742 fructus
918 1708 975 1743 ejus

193 1752 279 1779 dulcis
294 1753 319 1780 in
332 1757 437 1788 gutture
450 1761 505 1780 mea
522 1760 531 1779 :
546 1752 666 1780 Fructus
679 1757 770 1780 autem
787 1757 828 1780 est
851 1753 975 1780 doctrina

191 1798 227 1826 de
246 1798 400 1833 qua‘David
420 1799 458 1826 ait
476 1807 484 1826 :
504 1808 514 1824 ‹
536 1798 622 1831 Quam
643 1799 734 1826 dulcia
759 1799 884 1827 faucibus
908 1799 976 1826 meis

193 1843 301 1877 eloquia
316 1847 375 1875 tua,
393 1851 475 1878 super
494 1845 547 1870 mel
563 1844 602 1871 ori
619 1851 679 1871 meo
693 1844 726 1870 ".
744 1853 753 1870 t
772 1843 856 1871 Filios
886 1847 975 1870 autem

194 1888 261 1915 dicit
277 1895 328 1915 nos
345 1889 449 1915 amicos
465 1888 569 1924 sponsi,
585 1888 632 1915 sed
648 1888 822 1915 tenebrarum
835 1888 881 1923 qui
893 1892 920 1915 et
932 1888 978 1915 nlii

194 1932 241 1959 irae
257 1937 450 1968 nuncupantur
470 1934 503 1959 ab
523 1932 718 1960 communitate
737 1940 861 1966 operum.

1030 1617 1121 1650 κρίνον
1142 1616 1192 1650 μὲν
1224 1624 1272 1642 ουν
1298 1616 1336 1647 ὡς
1362 1615 1467 1651 ἔφημεν
1488 1616 1693 1651 ὴτελειουμένη
1723 1615 1812 1650 ψυχὴ,

1029 1661 1128 1695 ἑαυτὴν
1144 1661 1234 1696 μὶνον,
1251 1660 1287 1692 ὡς
1308 1660 1425 1696 ἔφημεν,
1449 1661 1672 1693 καλλο›πίζουσα’
1687 1661 1700 1687 ὁ
1713 1661 1740 1687 δὲ
1757 1660 1814 1686 Κύ-

1030 1715 1086 1742 ριος
1098 1706 1135 1738 ὡς
1151 1707 1235 1741 μῆλον
1246 1706 1357 1740 γέγονεν
1372 1707 1400 1732 ὲν
1411 1706 1516 1742 δρυμῷ
1528 1707 1568 1733 ὃτι
1581 1707 1630 1742 τὴν
1643 1706 1815 1741 ἀνθρωπίνην

1028 1753 1214 1788 ὲνεκέντρισεν
1229 1752 1319 1786 φύσιν,
1341 1752 1408 1787 πρὸς
1427 1753 1457 1778 τὸ
1480 1752 1581 1787 ὡραῖόν
1606 1761 1634 1778 τε
1654 1753 1701 1778 καὶ
1717 1752 1815 1783 εὐῶδες

1030 1797 1077 1824 καὶ
1093 1797 1231 1832 βρώσιμον
1244 1806 1252 1820 ·‹
1266 1798 1345 1831 ἡμεῖς
1359 1797 1412 1832 γὰρ
1426 1797 1480 1823 τῶν
1501 1797 1604 1823 ἐκείνου
1624 1795 1740 1830 δεόμεθα
1752 1802 1758 1810 ·
1772 1796 1814 1822 διὸ

1030 1843 1111 1877 φησὶν
1125 1844 1141 1877 ἡ
1153 1843 1265 1877 Νύμφη,
1276 1843 1317 1868 ὅτι
1329 1843 1360 1869 ’0
1371 1841 1482 1875 καρπὸς
1490 1841 1582 1868 αὑτοῦ
1598 1840 1712 1875 γλυκὺς
1728 1840 1763 1866 ἐν
1776 1839 1816 1872 τῷ

1029 1887 1157 1921 λάρυγγί
1165 1897 1224 1922 μου
1234 1896 1240 1902 ⁸
1257 1888 1359 1923 καρπὸς
1372 1888 1399 1913 δὲ
1412 1888 1427 1922 ή
1440 1886 1607 1919 διδασκαλία,
1621 1887 1685 1921 περὶ
1696 1883 1728 1922 ἦς
1741 1885 1815 1920 λέγει

1031 1933 1113 1959 Δαϐίδ
1124 1941 1130 1947 ·
1151 1942 1159 1958 ι
1185 1933 1228 1963 Ὠς
1243 1933 1344 1965 γλυκέα
1359 1932 1398 1967 τῷ
1419 1931 1535 1967 λάρυγγί
1556 1940 1606 1966 μου
1618 1932 1652 1957 τὰ
1665 1931 1742 1965 λόγιά
1756 1940 1814 1963 σου,

194 1978 264 2014 ὑπὲρ
276 1978 335 2014 μέλι
347 1979 386 2015 τῷ
400 1979 513 2014 στόματί
524 1980 590 2014 μουί
609 1988 618 2004 ι
632 1978 721 2005 ’Υίῶν
739 1978 767 2005 δὲ
777 1979 852 2013 λέγει
868 1979 897 2005 οὐ
917 1979 1001 2014 φίλων
1019 1979 1099 2006 τινῶν
1113 1979 1160 2005 τοῦ
1173 1978 1309 2013 Νυμφίυυ,
1327 1978 1394 2005 ἀλλὰ
1408 1977 1455 2004 τοῦ
1473 1978 1595 2009 σκότους,
1617 1976 1642 2003 οἳ
1666 1977 1712 2003 καὶ
1732 1976 1817 2004 τέκνα

193 2022 279 2058 ὀργῆς
293 2025 325 2059 τῇ
344 2024 472 2059 κοινωνίᾳ
488 2023 542 2050 τῶν
557 2023 644 2058 ἔργων
661 2023 848 2058 ὀνομάζονται.

235 2081 349 2108 Nili.—-
366 2081 540 2116 Cotnparatio
566 2081 675 2116 quidem
701 2081 824 2108 ostendit
843 2081 972 2109 excellen-

1063 2083 1186 2109 Νείλου.
1199 2081 1324 2108 Δείκνυσι
1338 2081 1388 2116 τὴν
1409 2081 1560 2117 ὑπεροχήν·
1577 2081 1682 2113 πάντας
1698 2081 1752 2117 γὰρ
1767 2082 1815 2108 ἀν-

195 2126 273 2152 tiam.
296 2124 402 2159 Sponsa
418 2132 535 2159 namque
547 2132 643 2152 omnes
666 2125 790 2152 homines
807 2125 879 2159 ligna
901 2125 976 2152 silvae

195 2170 351 2205 appellavit,
369 2173 397 2196 at
415 2170 551 2204 Sponsum
570 2177 650 2197 suum
671 2170 739 2197 dixit
764 2170 864 2196 ntalqu
892 2169 979 2203 frugi—

195 2216 295 2242 ferum.
315 2215 382 2242 Cum
405 2215 478 2241 enim
507 2214 566 2249 ipse
594 2215 665 2241 illam
689 2214 745 2249 jam
768 2215 826 2242 suis
851 2215 977 2243 laudibus

196 2259 371 2294 pravenisset
385 2262 412 2285 et
424 2265 487 2285 cum
504 2257 559 2285 lilio
576 2257 738 2285 contulisset
752 2259 830 2293 quasi
849 2259 875 2286 in
890 2259 979 2286 medio

196 2305 338 2337 spinarum
355 2302 500 2329 mulierum
523 2301 711 2336 reliquarum:
728 2301 786 2336 ipse
805 2302 892 2329 vicem
918 2301 980 2328 red-

196 2349 237 2375 dit
251 2348 352 2375 utalum
369 2355 430 2375 eutn
446 2347 587 2382 appellans
602 2347 628 2373 in
639 2346 729 2373 ntedio
743 2346 879 2381 lignorum
892 2347 978 2378 silvae,

197 2393 329 2428 quoniam
346 2393 403 2428 ipse
418 2393 528 2428 quidem
547 2392 639 2427 planta
664 2391 797 2427 frugifera
825 2399 885 2424 est,
904 2392 977 2426 ligna

198 2446 262 2466 vero
282 2439 357 2466 silvae
382 2437 540 2473 infrugil‘era
555 2458 563 2470 ,
578 2441 605 2465 et
632 2445 662 2465 ea
684 2445 737 2472 qua
761 2442 890 2472 petantur
911 2445 981 2472 aqua

197 2492 274 2511 suam
287 2484 321 2511 ab
332 2491 365 2511 eo
377 2483 557 2510 ditferentiam
575 2483 717 2510 manifeste
729 2482 880 2515 declarant,
895 2483 981 2517 siqui-

196 2530 258 2557 dem
274 2529 307 2557 de
326 2529 368 2556 his
392 2528 572 2555 Ecclesiastes
586 2529 622 2555 ait
636 2537 642 2554 ε
666 2537 675 2553 ι
690 2527 753 2554 Feci
770 2527 836 2554 milti
861 2527 981 2562 piscinas

198 2582 331 2610 aquarum
343 2574 376 2601 ad
393 2573 560 2608 irrigandunt
571 2580 602 2600 ex
615 2573 655 2600 eis
672 2573 769 2600 saltum
782 2573 980 2607 germinantem

197 2621 271 2656 ligna
285 2621 316 2648 ἰ.
334 2630 343 2646 ι
363 2620 400 2647 De
413 2619 472 2655 ipso
487 2623 578 2646 autem
602 2618 704 2645 David:
727 2627 736 2643 ι
753 2618 785 2644 Et
802 2618 865 2651 erit,
880 2618 978 2653 inquit,

198 2667 271 2694 sicut
297 2667 412 2701 lignum,
427 2665 498 2700 quod
522 2665 671 2700 plantatum
694 2668 734 2692 est
750 2672 829 2692 secus
846 2664 979 2694 decursus

236 2810 261 2827 “
279 2808 361 2838 Hebr.
377 2817 413 2843 tv,
429 2808 471 2837 l5.
509 2808 614 2837 “Psal.
630 2816 723 2844 cxvtn,
742 2809 801 2838 103.

1030 2126 1154 2162 θρώπους
1176 2126 1237 2154 εἷπε
1264 2127 1330 2159 ξύλα
1357 2127 1459 2162 δρυμοῦ
1473 2128 1490 2161 ἡ
1515 2127 1617 2163 Νύμφη
1634 2127 1671 2159 ὼς
1686 2128 1815 2162 ἄκαρπα·

1031 2174 1115 2208 μῆλον
1130 2174 1158 2200 δὲ
1174 2172 1249 2201 εἶπεν
1269 2174 1305 2206 ὡς
1325 2173 1463 2210 ἔγκαρπον
1484 2174 1529 2200 τὸν
1549 2174 1648 2208 ἑαυτῆς
1669 2174 1816 2208 Νυμφίον.

1037 2219 1138 2245 Ἐείνου
1169 2219 1223 2255 γὰρ
1246 2219 1296 2254 ήδη
1323 2219 1475 2253 φθάσαντος
1495 2220 1580 2254 αὐτὴν
1606 2221 1663 2250 τοῖς
1696 2219 1817 2251 ἐπαίνοις

1031 2263 1081 2289 καὶ
1112 2263 1198 2298 κρίνῳ
1222 2264 1449 2298 παρεικάσαντος,
1466 2263 1504 2295 ὡς
1527 2265 1555 2290 ὲν
1587 2264 1662 2299 μέσῳ
1690 2264 1818 2290 ἀκανθῶν

1033 2307 1087 2333 τῶν
1100 2307 1202 2333 λοιπῶν
1214 2307 1361 2341 γυναικῶν,
1377 2307 1445 2342 αὕτη
1462 2308 1542 2334 πάλιν
1558 2308 1751 2342 ἀνταμείϐεται
1764 2310 1819 2344 μῆ-

1032 2353 1077 2379 λον
1093 2353 1172 2379 αὑτὸν
1189 2354 1217 2379 ἐν
1235 2352 1310 2388 μέσῳ
1334 2353 1421 2386 ξύλων
1443 2353 1546 2388 δρυμοῦ
1562 2353 1816 2388 προσαγορεύουσα,

1033 2399 1073 2425 ὃτι
1089 2398 1169 2429 αὐτὸς
1187 2399 1234 2433 μὲν
1253 2398 1391 2433 ἔγκαρπόν
1406 2399 1463 2425 ὲστι
1488 2399 1581 2433 φυτὸν,
1591 2399 1626 2425 τὰ
1638 2399 1666 2425 δὲ
1687 2399 1753 2431 ξύλα
1770 2400 1817 2426 τοῦ

1034 2445 1139 2480 δρυμοῦ
1164 2446 1296 2481 ἄκαρπα*
1321 2446 1367 2473 καὶΙ
1380 2447 1419 2481 τῷ
1435 2447 1482 2481 ἀφ’
1497 2444 1527 2474 οὗ
1552 2447 1707 2478 ποτίξονται
1729 2447 1816 2480 ὕδατι,

1033 2490 1082 2526 τὴν
1094 2490 1161 2526 πρὸς
1175 2491 1244 2517 αὐτὰ
1258 2491 1300 2517 δια
1307 2491 1393 2526 φορὰν
1412 2492 1506 2526 σαφῶς
1524 2492 1737 2527 ἐνδεικνύμενος·
1754 2501 1785 2518 πε
1792 2493 1817 2527 pi

1034 2535 1083 2570 μὲν
1094 2536 1148 2570 γὰρ
1165 2536 1266 2562 τούτων
1276 2537 1290 2563 ὁ
1304 2536 1519 2572 Ἐκκλησιαστής
1531 2545 1553 2563 'l
1565 2538 1754 2573 Ἑποιησάμην
1770 2546 1818 2563 κο-

1035 2579 1204 2616 λυμϐήθρας,
1226 2581 1319 2616 φησὶν,
1342 2582 1459 2614 ὑδάτων,
1474 2582 1522 2609 τοῦ
1544 2583 1652 2609 ποτίσαι
1667 2583 1714 2609 ἀπ’
1727 2582 1817 2608 αὐτῶν

1033 2625 1135 2660 δρυμὸν
1152 2625 1274 2660 βλαστῶν
1290 2627 1339 2654 καὶ⁹
1349 2627 1384 2654 τὰ
1402 2627 1470 2660 ξύλα
1480 2637 1502 2654 -ι
1517 2637 1550 2654 πε
1557 2629 1582 2664 ρΣ
1596 2628 1623 2656 δὲ
1632 2628 1725 2655 τούτου
1738 2627 1818 2653 Δαὸίδ

1032 2678 1109 2705 φησι·
1125 2681 1134 2698 ι
1149 2672 1203 2699 Καὶ
1215 2673 1290 2700 ἔσται
1300 2674 1338 2705 ὡς
1350 2674 1379 2700 τὸ
1394 2673 1470 2707 ξύλον
1483 2674 1513 2701 τὸ
1526 2675 1726 2710 πεφυτευμένον
1744 2673 1818 2709 παρὰ
