1966 3074
148 170 214 202 1581

622 169 889 200 COMMENTARII
908 170 949 200 IN
967 170 1125 201 CANTICA
1146 172 1292 202 CANTIC.

1709 175 1718 206 1
1724 175 1775 206 58:2

143 229 193 258 τὰς
208 224 342 257 διεξόδους
358 224 411 251 τῶν
438 223 554 250 ὑδάτων·
574 232 583 249 ›
601 223 651 258 οὐχ
665 223 757 258 ὅμοιον
770 223 796 249 δὲ
809 223 931 256 ἀεννάοις

991 231 1116 258 tquarum
1130 225 1163 251 ".
1180 235 1189 250 ι
1208 225 1265 252 Non
1280 230 1370 253 autem
1386 227 1475 255 similc
1487 231 1528 255 est
1543 230 1709 264 perennibus
1723 233 1777 259 cir-

145 270 360 306 περερρεόμενον
388 268 466 295 ὕδασι
485 267 656 300 ποτίζεσθαι,
670 268 716 294 καὶ
735 267 870 299 ἐπινοίαις
886 268 931 293 ἁν-

145 316 298 351 θρωπίναις
311 316 340 340 ὲν
365 313 545 349 κολυμϐήθρᾳ
571 312 745 348 συναχθεῖσιν
771 312 932 347 ἀρδεύεσθαι

145 361 233 388 ὕδασι·
246 361 276 387 τὸ
294 359 345 394 μὲν
358 359 411 394 γὰρ
435 358 483 384 τὸν
505 358 630 393 οὐράνιον
656 357 783 392 σημαίνει
798 357 888 391 λόγον,
903 356 933 383 τὸ

144 407 232 441 δὲτὴν
260 405 434 440 ἀνθρωπίνην
460 403 655 430 διδασκαλίαν·
683 402 770 429 ἔπειθ’
793 402 887 437 ὥσπερ
903 401 933 428 τὸ

146 452 232 486 μῆλον
259 449 496 485 ὲμπεριεχομένην
514 448 553 483 τῷ
566 448 683 483 δέρματι
717 448 859 483 φυλάττων
884 447 934 482 τὴν

146 497 272 529 εὐωδίαν,
288 497 336 523 καὶ
354 497 401 522 ἐπὶ
411 496 442 522 τὸ
456 495 508 528 ἔξω
523 494 607 530 αὐτὴν
622 494 784 526 διαδίδωσιν,
802 493 874 520 οὕτω
885 493 935 520 καὶ

145 543 162 578 ἡ
178 542 273 576 θεότης
301 540 484 576 ὲνεκρύπτετο
496 538 536 574 τῷ
552 538 660 572 σώματι
671 546 679 554 ο
692 538 767 573 ὅμως
790 537 838 572 τὴν
860 536 935 572 ὲνέρ-

145 597 223 623 γειαν
235 587 358 618 διεδίδου,
371 587 417 613 καὶ
430 586 478 612 ἐπὶ
495 585 542 612 τοῦ
561 585 614 617 ἔξω
629 583 794 619 φαινομένου
808 582 933 618 σαρκίουο

147 633 249 661 σκιὰδὲ
260 634 289 659 ὲν
341 631 515 666 ἐπεθύμησεν
541 630 654 657 καθὶσαι
676 630 693 664 ἡ
710 628 822 664 Νύμφη,
839 628 935 664 ἐπειδὴ

147 680 249 715 μᾶλλον
262 679 294 705 ἐκ
310 678 364 705 τῶν
387 677 494 712 φύλλων
512 677 529 712 ἡ
545 676 608 703 σκιὰ
638 676 759 710 πέφυκεν
781 676 818 706 ὡς
844 675 891 701 ὲπὶ
906 674 937 701 τὸ

145 725 272 753 πλεῖστον
286 724 419 759 γίνεσθαι,
433 723 472 758 τῷ
489 723 672 758 συγκραιφνεί
681 724 730 758 τῆς
742 721 796 748 τῶν
812 721 936 748 πετάλων

147 772 283 803 ἐνώσεως.
295 771 346 806 τὴν
361 771 478 806 ἡλιακὴν
501 770 601 796 ἀκτῖνα
624 768 868 804 ἀποτειχείζουσα·
887 768 938 795 ὅσα

146 817 194 845 οὖν
209 817 280 844 κατὰ
307 817 390 851 φύσιν
417 817 466 851 τῆς
481 815 691 851 ἀνθρωπότητος
707 814 832 841 ἐπετέλει
848 815 862 841 ὁ
882 815 938 840 Κυ-

146 865 242 899 ριακδς
253 862 399 898 ἄνθρωπος
412 861 511 888 ἐσθίων
523 862 570 888 καὶ
589 861 685 891 πίνων,
702 861 749 887 καὶ
763 861 813 887 ὅσα
829 859 937 894 φύσεως

985 269 1133 296 cumtluum
1149 270 1227 304 aquis
1245 271 1331 304 potari
1346 276 1372 298 et
1388 271 1516 300 humanis
1531 274 1776 305 adinventionibus

986 314 1012 340 in
1036 315 1142 349 piscina
1167 316 1272 343 coactis
1295 317 1376 351 aquis
1412 318 1543 353 irrigari:
1563 319 1631 348 illud
1656 329 1776 358 namque

985 360 1124 388 caelestem
1137 368 1303 394 sermonem,
1319 362 1370 390 hoc
1384 370 1448 390 vero
1462 364 1609 392 humanam
1620 366 1775 395 doctrinam

985 406 1130 441 signiﬁcat.
1156 407 1259 435 Deinde
1276 407 1342 442 quia
1359 409 1470 442 malum,
1497 410 1696 439 circumdatam
1713 420 1777 440 cor-

986 451 1039 478 tice
1060 451 1221 479 custodiens
1247 452 1341 480 odoris
1359 455 1532 486 suavitatem,
1552 455 1625 483 illam
1642 456 1710 486 foris
1725 458 1777 485 dif-

985 495 1074 523 fundit
1095 505 1102 524 :
1122 497 1162 525 sic
1188 498 1270 525 etiam
1296 499 1425 527 divinitas
1455 508 1572 535 corpore
1606 502 1775 536 abdebatur,

986 541 1054 570 loris
1072 547 1162 571 tamen
1178 544 1260 571 etiam
1278 545 1306 572 in
1325 553 1409 572 carne
1426 551 1602 581 apparentem
1619 556 1696 576 suam
1711 557 1777 584 pro-

986 587 1068 616 debat
1084 588 1278 617 ellicacitatem.
1308 590 1410 618 Umbra
1440 599 1522 627 porro
1551 593 1578 620 in
1607 602 1659 629 qua
1681 595 1777 624 sedere

988 632 1094 668 Sponsa
1117 635 1282 663 desideravit
1300 638 1373 671 (cum
1388 641 1415 663 ut
1429 638 1575 672 plurimum
1590 647 1625 667 ex
1640 639 1712 668 foliis
1727 649 1776 676 po-

988 681 1043 708 tius
1073 688 1154 716 quam
1185 682 1295 709 aliunde
1311 682 1405 709 umbra
1432 682 1489 710 ﬁeri
1509 689 1591 719 amet,
1623 686 1688 713 dum
1712 687 1778 714 viri-

987 727 1112 754 dantium
1131 727 1217 755 densa
1233 728 1431 763 conjunctione
1455 729 1582 757 foliorum
1602 731 1718 759 solarem
1733 739 1777 759 ra-

987 772 1062 799 dium
1079 773 1169 809 arcet)
1183 794 1191 805 ,
1207 778 1271 801 sunt
1282 782 1313 801 ea
1325 782 1386 809 qua:
1402 774 1560 804 Dominicus
1577 776 1658 804 homo
1679 785 1778 805 secun-

988 817 1052 843 dum
1079 822 1202 844 naturam
1227 817 1376 846 humanam
1402 819 1569 854 perﬁciebat,
1585 820 1734 848 comedens
1751 826 1779 849 et

990 859 1086 888 bibens
1105 864 1132 888 et
1160 869 1330 896 quaecunque
1355 866 1435 889 erant
1460 870 1540 897 opera
1568 869 1694 897 natum,
1713 865 1778 900 quia

142 907 178 945 ἦν
191 909 279 944 ἔργα·
299 908 395 942 ἐπειδὴ
420 907 490 942 μετά
517 915 589 938 τινος
617 906 752 941 ὠφελείας
777 905 864 932 ἐποίει
889 904 937 931 καὶ

991 911 1049 930 cum
1066 904 1156 940 aliqua
1174 905 1294 932 utilitate
1318 906 1401 932 etiam
1426 906 1484 933 haec
1506 907 1600 934 obibat
1622 908 1730 935 modum
1749 909 1777 935 in

143 954 232 982 ταῦτα
251 953 361 989 μέτρον,
379 952 463 979 αὑτοῦ
479 953 528 987 τῆς
537 952 654 987 ὀρέξεως
666 951 695 978 τὺ
705 951 856 986 ἄπληστον,
868 949 938 977 ἀλλὰ

143 1000 195 1035 τῆς
209 1000 304 1035 χρείας
319 999 464 1034 γινώσκων
478 998 509 1024 τὸ
524 997 662 1032 αὖταρκες
675 1006 682 1014 ι
703 997 809 1033 καρπδς
824 997 878 1032 γὰρ
889 995 937 1022 τοῦ

145 1045 235 1080 μήλου
258 1045 286 1071 αἱ
300 1045 360 1071 κατ’
376 1043 477 1080 ἀρετὴν
495 1043 622 1078 πράξεις,
638 1042 669 1074 ὃς
682 1043 729 1069 καὶ
742 1043 846 1077 γλυκὺς
856 1042 936 1076 γεγέ-

143 1099 225 1126 νηται
236 1091 264 1116 ὲν
278 1089 317 1124 τῷ
329 1089 448 1125 λάρυγγι
464 1090 550 1124 αὐτῆς
561 1098 568 1105 ·
585 1089 634 1124 τὴν
660 1089 711 1123 τῆς
723 1088 814 1123 ψυχῆς
838 1087 936 1123 αἴσθη-

143 1144 188 1163 σιν
205 1136 344 1171 εὐφράνας
357 1137 389 1171 τῇ
405 1136 511 1171 χρηστῇ
527 1135 655 1169 ποιότητι
671 1135 720 1167 τῆς
734 1134 867 1168 γεύσεως·
880 1133 936 1168 ἔχει

142 1181 173 1208 δὲ
190 1182 258 1216 πρὸς
273 1183 306 1216 τῇ
317 1180 399 1216 ηθικῇ
414 1180 502 1216 ταύτῃ
520 1180 633 1215 θεωρίᾳ,
650 1179 698 1207 καὶ
723 1178 897 1214 δογματικὴν
907 1179 938 1205 τὸ

144 1228 241 1263 ῥητόν.
267 1227 298 1253 Et
311 1227 365 1262 γὰρ
394 1227 472 1253 σκιὰν
500 1226 556 1261 ἔχει
571 1227 586 1252 ὸ
606 1226 687 1260 νόμος
708 1224 762 1251 τῶν
788 1223 937 1259 μελλόντων

143 1272 269 1306 ἀγαθῶν,
285 1272 333 1298 καὶ
347 1270 476 1297 ἑστιτινὰ
492 1271 546 1297 τῶν
561 1270 712 1305 μελλόντων
723 1277 730 1285 ·
748 1269 779 1296 τὸ
804 1269 831 1295 δὲ
858 1268 937 1303 σῶμα

142 1316 276 1352 Χριστοῦ,
288 1316 336 1351 ἀφ’
349 1313 379 1343 οὗ
393 1315 465 1351 καὶὴ
483 1316 547 1342 σκιὰ
561 1315 777 1350 παρυφίσταται,
791 1315 820 1340 ὲν
828 1315 862 1350 τῇ
872 1314 936 1349 σκιᾷ

142 1363 193 1390 τοῦ
207 1363 302 1396 νόμον,
316 1363 364 1389 καὶ
374 1362 412 1393 ὡς
424 1361 550 1388 ἐκάθισεν
562 1362 578 1396 ή
592 1361 695 1396 Νύμφη
705 1369 712 1376 ·
735 1361 785 1387 οὐκ
797 1360 879 1391 αὐτὸν
890 1360 937 1386 τὸν

144 1408 227 1443 νόμον
244 1407 361 1434 ποιοῦσα
375 1407 538 1443 σωματικῶς
550 1427 558 1439 ,
569 1407 637 1434 ἀλλὰ
647 1407 680 1433 τὰ
691 1406 721 1439 ἐξ
742 1406 825 1433 αὐτοῦ
838 1415 937 1441 σημαι-

143 1454 262 1488 νόμενα“
279 1453 402 1488 ἀργοῦσα
417 1453 466 1488 μὲν
480 1453 534 1479 τῶν
544 1452 669 1489 τυπικῶν
681 1452 936 1487 παραγγελμάτων

145 1498 246 1533 ἀργίαν
265 1498 319 1532 γὰρ
335 1498 351 1533 ἡ
369 1497 478 1529 κάθισις
491 1497 630 1533 σημαίνει,
646 1496 692 1523 τοῦ
708 1496 817 1532 καρποῦ
830 1496 858 1523 δὲ
869 1497 937 1523 ἀπο-

144 1545 267 1572 λαύουσα
290 1544 429 1575 πλουσίως
459 1545 506 1570 καὶ
529 1544 618 1577 τούτῳ
644 1544 862 1578 ὲνευωχουμένη,
889 1542 937 1570 καὶ

990 949 1023 976 iis
1036 957 1090 976 non
1106 950 1266 984 cupiditatis
1285 951 1525 978 immoderantiam
1542 952 1589 980 sed
1605 954 1779 981 necessitatis

989 994 1178 1023 suﬁicientiam
1193 997 1295 1024 sciens.
1306 996 1425 1024 Fructus
1440 997 1513 1024 enim
1530 998 1593 1025 mali
1610 1004 1674 1026 sunt
1695 1007 1777 1034 opera

988 1042 1119 1069 virtutum
1131 1042 1178 1077 qui
1193 1045 1221 1070 et
1234 1042 1323 1070 dulcis
1342 1042 1431 1072 factus
1444 1047 1485 1071 est
1502 1043 1530 1070 in
1546 1048 1656 1078 gutture
1673 1045 1777 1079 ipsius;

988 1085 1089 1120 optima
1103 1086 1237 1120 qualitate
1248 1091 1345 1122 gustus
1361 1087 1502 1115 oblectans
1515 1096 1521 1114 :
1535 1092 1632 1123 praeter
1645 1089 1777 1116 moralem

988 1135 1079 1158 autem
1109 1131 1180 1158 hanc
1201 1133 1460 1167 contemplationem
1484 1133 1566 1160 etiam
1590 1133 1776 1168 dogmaticam

988 1178 1141 1205 doctrinam
1160 1179 1204 1206 hic
1222 1183 1318 1207 textus
1333 1180 1477 1211 continet,
1497 1180 1632 1215 siquidem
1652 1182 1776 1208 umbram

989 1224 1068 1252 habet
1091 1225 1133 1252 lex
1152 1225 1309 1253 futurorum
1335 1226 1470 1253 honorum
1488 1227 1521 1258 ",
1534 1232 1560 1254 et
1575 1232 1637 1254 sunt
1652 1227 1776 1262 quzrdam

988 1268 1084 1295 umbra
1110 1268 1283 1302 futurorum,
1309 1276 1410 1304 corpus
1435 1277 1498 1297 vero
1522 1270 1625 1298 Christi
1641 1278 1725 1306 aquo
1749 1275 1778 1298 et

989 1315 1085 1342 umbra
1099 1314 1206 1342 exsistit
1220 1315 1246 1341 in
1260 1315 1354 1342 umbra
1365 1315 1569 1351 legis.Pulchre
1583 1317 1655 1344 dedit
1671 1316 1776 1351 Sponsa

987 1367 1042 1386 non
1063 1359 1149 1394 ipsum
1174 1360 1259 1395 legem
1283 1360 1386 1388 faciens
1402 1361 1593 1396 corporaliter,
1611 1361 1658 1389 sed
1674 1369 1734 1396 quae
1750 1362 1777 1388 in

987 1405 1224 1440 ea'signiﬁcantur
1235 1415 1242 1439 ;
1255 1402 1359 1433 vacans
1368 1406 1478 1441 quidem
1494 1407 1594 1442 typicis
1611 1407 1710 1434 edictis
1720 1407 1778 1441 (va-

987 1452 1122 1479 cationem
1134 1451 1206 1479 enim
1217 1452 1303 1479 sessio
1317 1452 1465 1487 designat),
1482 1452 1529 1479 sed
1547 1451 1682 1480 fructibus
1696 1452 1776 1479 abun-

987 1497 1086 1524 danter
1098 1497 1192 1525 fruens
1208 1498 1302 1532 eisque
1316 1504 1346 1524 se
1357 1504 1498 1529 recreans,
1513 1500 1571 1523 tum
1587 1497 1702 1530 olfactu,
1718 1501 1777 1525 tum

987 1547 1080 1578 gustu,
1100 1550 1162 1570 cum
1179 1543 1361 1570 delectatione
1378 1546 1460 1578 atque
1479 1543 1626 1576 fruitione;
1649 1544 1712 1578 quia
1724 1544 1777 1571 cibi

144 1591 291 1626 δσψρήσει,
315 1590 364 1617 καὶ
389 1589 494 1624 γεύσει,
521 1590 569 1616 καὶ
581 1589 676 1625 τέρψει
703 1590 750 1616 καὶ
777 1588 935 1616 ἀπολαύσει·

991 1589 1097 1626 quidem
1121 1593 1229 1624 gustus,
1255 1589 1446 1617 delectationis
1471 1596 1537 1616 vero
1562 1589 1776 1617 instrumentum

146 1637 244 1674 ἐπειδὴ
260 1637 367 1673 τροφῆς
381 1637 431 1672 μὲν
448 1637 465 1673 ὴ
481 1636 576 1671 γεῦσις
593 1636 719 1672 ὄργανον,
732 1635 853 1671 τέρψεως
864 1635 881 1670 ή
893 1635 939 1661 δσ-

146 1692 259 1719 φρησις-

189 1728 412 1763 Ὦριγέινουςμ-
423 1728 549 1763 Ἐπρεπε
565 1729 599 1763 τῇ
611 1727 724 1764 Νύμφῃ,
741 1735 769 1755 κ.
784 1736 810 1755 τ.
829 1727 854 1756 λ.
871 1727 938 1763 (28).

185 1775 330 1806 Φίλωνος.
346 1789 380 1794 —
397 1774 502 1807 Ἥγουν
529 1774 595 1800 υἱῶν
617 1773 671 1800 τῶν
687 1773 821 1800 Ἰουδαίων
845 1774 938 1808 φησὶν,

148 1821 220 1848 κατα
231 1821 370 1856 τδ,‹ὶ“ἱοὺς
381 1820 477 1855 ὲγέννη
483 1828 542 1852 ea,»
555 1819 602 1851 οὓς
614 1819 650 1851 ὡς
661 1819 804 1854 ἀκάρπους
817 1820 862 1845 καὶ
874 1819 940 1851 ξύλα

148 1867 254 1902 δρυμοῦ
284 1867 516 1901 προσωνόμασεν·
535 1862 572 1892 ὦν
591 1866 620 1891 έν
643 1865 720 1900 μέσῳ
745 1865 817 1891 κατὰ
847 1865 938 1899 σάρκα

148 1912 267 1948 Χριστὸς
280 1932 288 1944 ,
307 1913 354 1939 ἆτε
381 1910 561 1946 μετασχηκὼς
575 1911 691 1945 αἵματος
707 1911 754 1936 καὶ
770 1909 882 1945 σαρκὸς,
903 1907 940 1936 ὦν

147 1959 181 1985 τὸ
191 1959 274 1994 μῆλον
285 1957 367 1984 είκὼν
381 1957 409 1983 έν
426 1957 515 1991 ἑαυτῷ
532 1955 616 1992 φέρον
625 1956 656 1982 τὸ
669 1954 785 1991 ἐρυθρὸν
806 1955 853 1982 καὶ
877 1955 941 1981 λευ-

148 2005 210 2037 κὸν,
226 2004 273 2030 καὶ
285 2003 334 2038 μὲν
349 2004 397 2029 καὶ
410 2002 568 2034 εὐωδιάζον.

192 2104 417 2139 Ἀπολιναρίου.
430 2118 466 2124 -
486 2103 553 2130 Τότε
583 2102 611 2129 δὲ
633 2102 741 2139 ἀληθῶς
765 2103 941 2138 γλυκαίνεται

148 2152 185 2180 τὰ
197 2153 247 2187 τῆς
260 2151 348 2186 ψυχῆς
365 2158 416 2185 μου
434 2149 614 2185 αἰσθητήρια,
628 2150 693 2176 ὅταν
709 2150 783 2184 ἡμᾶς
805 2150 873 2185 πρὸς
895 2150 942 2176 τὸν

149 2200 183 2226 ἐκ
194 2198 251 2225 τῶν
261 2197 422 2233 πειρασμῶν
434 2196 556 2231 φλογμὸν
568 2197 584 2231 ἡ
599 2195 648 2222 τοῦ
662 2196 748 2231 μήλου
765 2196 830 2223 σκιὰ
841 2195 942 2222 διατει-
954 2221 960 2226 ,

988 1640 1030 1664 est
1041 1636 1184 1663 odoratus.

1026 1727 1158 1763 Origem's.
1174 1742 1208 1748 —
1228 1728 1346 1755 Decebat
1361 1728 1508 1763 Sponsam,
1525 1732 1579 1755 etc.

1024 1773 1193 1800 Plzilouis.—
1204 1772 1252 1801 Vel
1269 1781 1315 1808 per
1337 1774 1408 1802 ﬁlios
1421 1773 1531 1801 Judmos
1549 1774 1688 1809 intelligit,
1700 1773 1778 1808 juxta

991 1818 1057 1846 illud
1075 1828 1082 1846 :
1103 1828 1112 1845 ι
1125 1819 1209 1847 Filios
1224 1820 1304 1853 genui
1321 1820 1364 1852 ¹⁶;
1382 1828 1390 1844 ι
1409 1827 1479 1854 quos
1493 1819 1575 1846 etiam
1591 1823 1722 1854 tanquam
1739 1819 1780 1845 in-

991 1864 1138 1900 frugiferos
1153 1865 1223 1901 ligna
1247 1865 1323 1892 silva:
1338 1865 1495 1900 appellavit.
1509 1873 1626 1900 quorum
1648 1866 1674 1892 in
1689 1865 1780 1892 medio

991 1911 1141 1938 secundum
1160 1918 1271 1939 carnem
1288 1910 1425 1942 Christus,
1442 1916 1537 1945 utpote
1562 1911 1698 1945 particeps
1714 1918 1780 1938 san-

991 1956 1082 1991 guinis
1098 1960 1126 1984 et
1140 1958 1242 1988 carnis,
1261 1964 1378 1991 quorum
1402 1957 1492 1991 imago
1515 1960 1559 1983 est
1583 1955 1685 1982 malum
1708 1955 1736 1982 in
1752 1963 1781 1982 se

991 2002 1121 2030 ruborem
1138 2007 1166 2030 et
1181 2003 1328 2030 candorem
1348 2003 1448 2034 terens,
1466 2009 1516 2029 nec
1531 2009 1586 2028 non
1607 2001 1701 2029 odoris
1717 2009 1781 2029 sua-

992 2049 1115 2077 vitalem.

1027 2103 1199 2138 Apollinarii.
1222 2118 1255 2125 ρ
1272 2104 1350 2132 Tunc
1373 2107 1465 2130 autem
1489 2110 1552 2130 vero
1573 2102 1670 2129 dulces
1694 2102 1781 2129 reddit

993 2149 1076 2177 animi
1108 2157 1226 2182 sensus,
1255 2150 1365 2185 quando
1393 2157 1444 2176 nos
1479 2151 1574 2175 contra
1603 2147 1781 2174 tentationum

993 2199 1089 2223 aestum
1101 2195 1222 2223 defendit
1231 2203 1265 2223 ne
1275 2204 1289 2222 a
1303 2195 1348 2222 tali
1360 2195 1417 2223 sole
1428 2195 1584 2221 aduramur.
1595 2192 1680 2220 Aliter
1690 2198 1781 2220 autem

148 2243 278 2280 χίσῃ,ὠς
289 2243 326 2278 μὴ
336 2242 388 2268 ὑπὸ
415 2241 462 2268 τοῦ
485 2240 606 2268 τοιούτου
633 2240 708 2276 ἡλίου
738 2241 937 2275 συγκαίεσϐαι·

994 2247 1048 2268 non
1067 2247 1214 2275 possumus
1239 2241 1291 2268 sub
1307 2242 1402 2268 umbra
1431 2240 1496 2274 ligni
1524 2240 1587 2266 vita:
1611 2238 1778 2273 refrigerari,

148 2291 203 2317 οὐκ
225 2289 284 2316 ἐστι
295 2288 323 2315 δὲ
335 2287 425 2319 ἄλλως
438 2287 476 2318 ὡς
487 2286 540 2313 ὑπὸ
556 2287 605 2322 τὴν
621 2285 701 2312 σκιὰν
722 2286 770 2312 τοῦ
787 2286 868 2319 ξύλου
890 2286 941 2322 τῆς

150 2335 226 2370 ζωῆς
251 2333 387 2368 ἀναψύξαι
404 2340 411 2348 ·
428 2332 466 2367 μὴ
476 2333 525 2366 τῆς
540 2331 692 2367 ἐπιθυμίας
708 2332 776 2367 πρὸς
799 2331 879 2358 τοῦτο
891 2331 941 2367 τὴν

149 2379 242 2416 ψυχὴν
251 2379 415 2415 ἀναγούσης.

186 2435 210 2463 δ’
212 2457 220 2465 .
233 2435 418 2471 Εἱσαγάγετέ
429 2444 468 2470 με
482 2437 526 2469 εις
539 2433 623 2463 οἷκον
636 2436 688 2463 τοῦ
705 2435 800 2463 οἴνου.

193 2492 373 2528 Ὠριγένους.
386 2507 421 2512 -
435 2491 530 2519 Ταῦτα
547 2492 626 2527 πρὸς,
643 2500 707 2519 κ.τ.
723 2491 750 2518 λ.
768 2491 835 2526 (ἳθ).

186 2537 368 2572 Γρηγοριου.
383 2552 419 2557 ——
433 2537 469 2563 Ἦ
484 2537 542 2568 πῶς
567 2538 660 2572 τρέχει
672 2537 718 2563 τὸν
735 2536 817 2563 καλὸν
841 2536 942 2572 δρόμον

148 2585 200 2612 καὶ
231 2585 303 2610 θεῖον
315 2585 333 2619 ἡ
346 2583 436 2615 καλῶς
449 2585 482 2618 τῇ
499 2583 576 2618 ἵππῳ
600 2582 817 2618 παρεικασθεῖσα
848 2582 940 2617 ψυκή;

147 2631 209 2661 τοῖς
226 2630 280 2664 γὰρ
295 2629 451 2665 ἔμπροσθεν
465 2629 693 2664 ἐπεκτεινομένη,
704 2629 754 2655 οὐκ
768 2628 943 2664 ἅρκεϊταιτῷ

148 2676 201 2710 τῆς
221 2674 319 2709 σοφίας
336 2674 473 2710 κρατῆρν
489 2674 548 2701 ἀλλ’
561 2674 601 2706 εἰς
615 2674 702 2709 αὐτὴν
727 2673 776 2709 τὴν
792 2673 872 2709 ληνὸν
893 2674 941 2701 τοῦ

187 2756 213 2772 ³⁸
232 2755 323 2784 Eccle.
336 2764 367 2790 ιι,
377 2756 404 2784 6.
441 2757 464 2772 "
476 2755 549 2784 Psal.
564 2755 618 2790 1,5.
653 2755 676 2771 ¹⁶
687 2755 739 2784 lsa.
755 2763 774 2789 ι,
790 2755 820 2783 ‘2.

995 2286 1049 2314 nisi
1066 2285 1231 2314 desiderium
1244 2293 1277 2314 eo
1290 2286 1411 2314 animum
1428 2285 1582 2313 adduxerit.

1032 2436 1115 2465 Vens.
1131 2437 1158 2464 ι.
1174 2435 1340 2463 Introducite
1356 2444 1397 2463 me
1411 2436 1438 2462 in
1454 2436 1561 2464 domum
1575 2437 1638 2464 vini.

1031 2491 1163 2527 Origem's.
1182 2506 1217 2512 —-
1233 2490 1295 2519 Haec
1312 2491 1357 2524 ad,
1374 2496 1427 2519 etc.

1032 2537 1195 2572 Gregorii.0
1205 2537 1344 2572 quomodo
1362 2537 1396 2565 ad
1414 2538 1538 2565 divinum
1557 2546 1669 2567 cursum
1686 2545 1783 2574 prope-

996 2587 1037 2610 rat
1050 2583 1139 2609 anima
1152 2589 1212 2616 quae
1225 2586 1298 2609 recte
1307 2582 1384 2617 prius
1394 2590 1470 2617 equa:
1480 2583 1632 2610 assimilata
1642 2583 1705 2610 est?
1715 2582 1782 2610 Nam

996 2629 1029 2656 ad
1045 2629 1185 2656 anteriora
1199 2636 1228 2656 se
1241 2629 1392 2657 extendens
1407 2637 1460 2657 nun
1477 2635 1519 2657 cst
1532 2633 1660 2657 contenta
1677 2632 1784 2657 cratere

996 2674 1147 2710 sapientia,
1167 2674 1215 2702 sed
1237 2674 1265 2702 in
1292 2675 1410 2710 ipsemet
1440 2675 1572 2704 torculari
1590 2675 1648 2703 vini
1671 2675 1781 2711 mystici

916 2811 1034 2841 ΝΟΤΛΞ.

188 2877 247 2911 (28)
260 2875 366 2904 Patrol.
384 2879 405 2903 t.
420 2874 503 2908 XVII,
515 2876 568 2902 col.
579 2875 644 2902 261.

1032 2870 1087 2906 (29)
1107 2870 1208 2898 Patrol.
1220 2874 1240 2899 t.
1261 2869 1342 2905 XVII,
1360 2871 1413 2899 col.
1430 2871 1493 2900 261.
