1966 3074
197 139 266 172 i583

842 141 1016 173 PROCOPII
1031 140 1152 171 GAZEEI

1752 140 1822 174 ἴω

195 195 297 223 versari
312 194 459 229 desiderat,
471 199 497 223 et
514 195 541 223 in
557 195 610 224 vite
626 195 679 232 iilaj
694 203 754 232 qua:
778 197 861 224 talem
879 197 977 224 botrnn

1039 195 1173 231 μυστὶκὸιῖ
1199 195 1270 223 ῡῖνου
1297 195 1423 230 γενέσθαι
1448 195 1545 222 ποοετ·
1567 196 1613 223 καὶ
1631 195 1683 232 τὴν
1700 196 1823 232 ἄμπελον

196 241 256 268 alit.

229 286 326 314 Merito
348 285 452 320 expetit
468 282 575 319 Sponsa
594 284 724 320 deinceps
740 285 879 313 introduci
894 286 921 313 in
935 286 985 314 do-

194 340 269 360 mum
294 331 349 358 vini
367 340 374 358 :
389 338 452 358 cum
467 331 540 358 enim
559 331 586 357 in
603 338 684 359 cruce
702 331 782 358 botro
798 339 936 366 suspenso
956 336 984 358 et.

195 379 229 406 ab
267 377 396 404 omnibus
423 377 566 404 exinanito
595 377 685 412 (quod
704 377 795 404 adhuc
826 376 983 412 vernarct),

194 431 248 452 non
259 423 386 450 omnibus
398 427 541 457 appareret
550 422 605 448 vini
623 430 702 455 usus;
714 423 771 450 haec
785 423 842 450 sola
856 428 916 458 post
929 430 985 449 ma-

194 469 380 497 nifestandum
411 473 476 496 ante
500 469 616 496 credidit
637 468 753 496 firmiter
778 470 871 496 animo
899 469 983 496 istius

193 515 283 549 modi;
300 515 461 550 praecipiens
478 515 681 549 cogitationem,
697 515 776 550 quasi
794 520 861 542 ante
875 520 983 550 tempus

192 562 248 589 vini
263 581 271 594 ,
286 562 381 588 vinum
396 561 423 588 in
443 565 576 587 vcrnante
592 568 646 587 uva
661 561 873 596 contemplanda
885 580 892 592 ,
912 566 939 588 et
955 561 981 587 in

192 615 276 635 cruce
303 607 422 634 versanti
438 607 627 634 testimonium
643 607 760 642 desuper
775 607 928 633 adhibendo
941 606 981 632 di-

192 653 327 685 vinitatis,
340 657 367 680 et
377 652 440 679 dmn
454 653 642 682 tribuiaretur,
656 652 774 679 futuram
786 653 845 688 ejus
860 653 888 680 in
898 660 982 680 cruce

190 699 336 733 panniculis
346 705 403 725 uvae
411 697 648 732 praedicationem,
661 699 740 732 quasi
753 698 809 732 jam
825 698 981 733 promulga-

191 749 246 771 tam
261 744 376 771 ﬁrmiter
390 749 495 776 tenens,
510 743 632 778 illudque
650 744 701 778 ipsi
717 748 781 771 ante
793 751 883 770 rerum
896 751 980 771 even-

191 793 248 816 tum
264 810 271 822 ,
287 789 361 824 quod
379 789 440 816 aliis
459 793 520 824 pOst
537 792 664 816 eventum
682 789 836 816 accidebat.
856 790 913 817 Hoc
929 790 979 825 igi-

190 840 234 862 tur
248 835 379 862 eximium
397 835 476 861 istius
493 835 565 861 modi
583 834 682 868 judicii
699 835 841 869 prmmium
859 837 977 870 postulat

191 882 219 908 in
237 881 348 907 domum
374 881 430 907 vini
456 881 673 915 ingressumzsi
698 886 790 908 autent
816 881 909 908 vinum
936 886 978 909 est

190 924 310 952 Verbum
341 925 432 959 utique
453 924 552 951 domus
568 925 624 951 vini
637 924 717 952 Pater
731 926 777 957 sit,
791 926 817 953 in
834 927 894 961 ipso
907 927 980 953 enim

189 970 327 1005 reperitur
339 969 466 998 Verbum.
481 969 627 1005 Postquam
641 978 707 1005 ergo
720 971 746 998 in
763 972 810 998 tali
826 972 907 998 domo
919 979 980 998 ver-

189 1016 311 1046 sabatur,
335 1019 409 1042 recte
423 1015 504 1042 etiam
521 1016 644 1043 ordinari
668 1017 695 1042 in
710 1024 739 1043 se
752 1017 872 1051 postulat
888 1017 980 1044 citari-

189 1067 271 1089 tatcm
283 1083 291 1095 ,
315 1065 344 1088 ut
365 1070 426 1096 (tua:
445 1069 492 1096 per
512 1062 592 1089 talent
605 1062 774 1095 instantiam,
793 1062 849 1097 jam
875 1062 978 1096 pridem

187 1109 306 1136 evaserit
323 1108 405 1143 digna
427 1108 583 1139 dilectione,
600 1116 655 1143 qua
674 1108 796 1136 cltaritas
813 1108 840 1135 in
861 1107 919 1143 ipsa
934 1115 980 1135 or-

187 1155 342 1188 dinaretur,
352 1163 406 1182 non
420 1155 537 1190 amplius
549 1159 579 1182 ut
592 1154 694 1182 accidit
707 1154 781 1181 illam
796 1154 980 1188 diligentium,

188 1200 239 1228 sed
256 1205 285 1228 ut
302 1201 338 1228 sit
351 1201 423 1228 inter
435 1201 579 1228 ordinatos
592 1204 619 1228 et
632 1200 743 1233 electos,
753 1207 786 1227 ex
799 1199 891 1226 debito
901 1199 979 1226 dein-

186 1255 252 1281 cops
275 1247 442 1274 diiectorum
468 1253 585 1273 numero
611 1245 750 1273 exsistens
774 1250 801 1273 et
821 1246 911 1272 locum
928 1245 979 1272 ob-

192 1293 212 1319 ti
217 1299 293 1319 nens.
463 1298 466 1301 '

220 1385 389 1420 Apollinarii.
407 1401 442 1406 —
469 1385 556 1412 Etiam
572 1385 665 1413 vinum
692 1385 725 1413 ad
747 1385 867 1412 laetitiam
886 1384 977 1412 cordis

186 1431 259 1465 iuxta
296 1429 468 1457 Psalmistam
488 1429 601 1463 dicitur,
630 1434 658 1456 et
679 1429 771 1456 vinum
792 1428 860 1456 bene
889 1429 976 1461 olens,

185 1479 261 1512 iuxta
279 1476 451 1504 Zachariam.

218 1522 352 1556 Congruit
381 1529 471 1549 autem
508 1521 655 1549 extrahere
682 1521 796 1557 Sponsa:
821 1522 886 1548 illud
904 1529 910 1548 :
928 1520 963 1548 In
991 1529 1012 1557 ο

185 1569 316 1596 traducite
338 1576 378 1595 me
394 1569 420 1595 in
441 1568 549 1594 domum
569 1568 634 1600 vini,
652 1569 788 1604 siquidem
819 1569 895 1603 prius
919 1576 974 1595 non

183 1620 244 1642 erat
274 1615 301 1642 in
332 1615 412 1642 vinea
430 1623 437 1640 ι
455 1622 518 1642 nam
544 1619 606 1649 post
629 1622 676 1642 eos
696 1615 741 1648 qui
762 1615 835 1641 circa
867 1612 974 1641 tertiam

184 1664 211 1686 et
233 1663 339 1686 sextam
366 1663 393 1685 et
415 1667 514 1685 nonam
539 1659 634 1685 horam
654 1659 740 1686 vocati
763 1664 837 1688 sunt.
854 1659 905 1686 sub
924 1667 974 1685 uu-

184 1705 317 1732 decimam
331 1706 387 1731 haec
407 1708 531 1736 vocatur,
547 1707 691 1738 postquam
707 1704 864 1731 audiverat:
881 1713 889 1729 ι
905 1703 974 1736 Quid

184 1750 229 1776 bic
254 1749 333 1777 statis
357 1752 413 1775 tota
442 1748 486 1775 die
513 1748 607 1777 otiosi.
620 1748 662 1782 IIte
681 1753 707 1774 et
734 1756 783 1775 vos
815 1749 843 1775 in
867 1748 973 1774 vincant

184 1802 272 1822 meam
287 1795 321 1821 ³⁷.
341 1803 350 1819 ι
367 1794 462 1821 ()tiosa
488 1801 607 1828 namque
631 1799 691 1821 erat
710 1794 774 1829 quia
795 1794 845 1821 sibi
864 1795 973 1829 propria

185 1848 239 1867 non
263 1840 438 1874 operabatur,
463 1840 510 1867 sed
526 1847 588 1866 cum
613 1839 716 1867 alienas
732 1840 828 1866 vineas
850 1839 974 1866 custodi-

184 1889 237 1916 ret,
251 1885 334 1911 etiant
357 1884 476 1919 primum
493 1884 596 1919 accipit
609 1885 751 1919 prwiuium
767 1884 973 1916 charitatis,si-

184 1938 267 1965 gnum
297 1932 413 1965 regium,
430 1930 531 1957 donum
563 1930 705 1965 spiritale:
724 1929 796 1956 unde
820 1934 847 1956 et
861 1929 971 1962 Aquila,

185 1976 325 2003 Ordinavit
344 1975 371 2001 iu
391 1982 430 2001 me
446 1975 612 2006 charitalem,
629 1974 835 2002 ait.Charitatis
846 1975 919 2001 enim
930 1978 974 2001 est

184 2023 251 2050 illud
269 2031 277 2049 :
300 2032 309 2047 (
328 2021 392 2048 Volo
400 2021 463 2048 huic
477 2022 627 2049 novissimo
641 2022 707 2049 dare
723 2021 795 2048 sicut
806 2025 833 2048 et
849 2020 897 2048 tibi
909 2021 942 2047 ³⁸.
961 2030 970 2046 ι

220 2068 349 2096 Urdinate
364 2068 392 2094 in
409 2074 448 2093 me
458 2067 629 2094 charitatcm.

219 2113 386 2148 Gregorii.-
398 2112 427 2139 In
445 2112 602 2139 desiderato
615 2111 669 2146 jam
685 2111 830 2144 exsistens,
841 2110 874 2137 ad
887 2111 975 2144 majus

183 2160 281 2186 iterum
291 2157 425 2188 cxsilit,et
435 2157 472 2183 ait
484 2156 565 2183 :Cum
577 2156 632 2190 jam
644 2156 694 2184 sim
707 2156 823 2183 indomo
832 2156 897 2187 vini.
910 2156 975 2183 sub~

1035 242 1144 277 ἐκείνην
1155 243 1205 277 τὴν
1217 241 1336 269 τοιοῦτον
1351 241 1448 277 βότρυν
1461 242 1643 278 ἐκτρέφουσα.

1069 289 1234 315 Νείλουπ-
1247 289 1303 324 (50)
1315 289 1435 320 Εξκότως
1451 289 1588 324 ἀπαιτείή
1601 289 1704 324 Νύμφη
1715 290 1819 322 λοιπὸν,

1034 333 1064 359 τὸ
1079 334 1239 369 εἰσαχθῆναι
1264 335 1305 366 εἰς
1318 335 1363 361 τὸν
1379 333 1455 362 οἷκον
1474 335 1520 362 τοῦ
1535 335 1620 362 οῐνου.
1640 335 1748 371 Ἐπειδὴ
1765 336 1819 371 γὰρ

1034 379 1064 406 ὲν
1081 379 1120 414 τῷ
1135 379 1243 414 σταυρῷ
1261 379 1307 406 τὸν
1335 380 1432 415 βότρυν
1457 380 1644 415 κρεμάμενον,
1668 381 1715 407 καὶ
1743 381 1819 417 παρὰ

1034 425 1142 452 πάντων
1167 425 1374 460 ὲξουθενηθέντα
1399 426 1443 453 διὰ
1467 427 1497 453 τὸ
1520 426 1560 453 ἔτι
1584 426 1763 462 κυπρεζοντα,
1780 428 1820 462 μὴ

1034 471 1116 496 πᾶσιν
1131 471 1283 505 ἐπιφαίνειν
1297 471 1346 506 τὴν
1357 471 1405 498 τοῦ
1420 473 1490 498 alveo
1508 472 1606 508 χρῆσιν
1620 473 1686 507 μόνη
1698 471 1728 498 τὸ
1739 471 1818 498 ὕστε-

1033 524 1082 551 ρον
1096 516 1359 552 ἀποδειχθησόμενον
1379 517 1592 552 προεπίστευσεν
1605 519 1634 544 ὲν
1644 517 1681 553 τῷ
1696 517 1819 552 λογισμῴ

1032 562 1081 598 τὴν
1098 563 1225 598 τοιαύτην
1241 563 1482 599 τφοκαοιδρύσασα
1498 563 1604 591 εὔνοιαν
1615 572 1623 580 ο
1641 564 1678 595 ὡς
1695 564 1747 599 πρὸ
1758 573 1818 591 και-

1034 608 1080 643 ροῦ
1103 609 1150 635 τοῦ
1177 609 1249 635 οἴνου
1271 610 1299 635 ὲν
1314 610 1346 645 τῇ
1365 608 1537 646 κυπριζούσῃ
1566 609 1687 644 σταφυλῇ
1703 609 1818 644 θεωρεῖν

1031 655 1061 680 ἐν
1078 654 1116 690 τῷ
1143 655 1252 690 σταυρῷ
1280 655 1336 681 ὄντι
1358 655 1425 688 ἄνω,
1457 656 1571 690 θεότητα
1584 657 1815 690 προσμαρτυρεῖν,

1030 700 1078 727 καὶ
1094 701 1125 727 τὸ
1138 701 1312 727 ὲκθλίόεσθαι
1338 700 1435 736 μέλλον
1464 701 1514 736 τῆς
1528 702 1558 728 ὲν
1574 700 1613 736 τῷ
1627 700 1736 736 σταυρῷ
1754 709 1817 727 στα-

1029 747 1116 782 φυλῆς
1130 748 1268 783 κήρνγμα,
1285 747 1323 778 ὡς
1335 747 1385 782 ἠδη
1412 746 1576 782 λαλούμενον
1609 745 1726 781 βεϐαίως
1748 755 1816 773 κατ-

1029 792 1129 827 έχουσα
1141 800 1148 808 '
1163 794 1274 820 κάκεῖνο
1297 792 1423 819 παθοῦσα
1446 792 1501 828 πρὸ
1515 794 1564 827 τῆς
1575 792 1630 819 τῶν
1642 793 1816 827 πραγμάτων

1030 839 1178 870 ἒκὸἀσεως,
1195 838 1262 873 ὅπερ
1273 840 1297 865 οἱ
1313 838 1405 865 πολλοὶ
1420 839 1489 873 μετὰ
1501 839 1551 874 τὴν
1566 838 1680 865 ἔκϐασιν
1703 837 1814 864 ἔπαθον·

1030 884 1097 919 ὅπερ
1111 884 1194 919 γέρας
1224 884 1364 919 ἐξαίρετον
1390 884 1439 918 τῆς
1455 884 1582 918 τοιαύτης
1599 883 1727 918 κρίσεως,
1744 882 1815 909 αἰτεῖ

1028 930 1079 965 τὴν
1097 931 1126 956 ὲν
1141 929 1179 965 τῷ
1190 930 1256 965 οἴκῳ
1270 930 1317 956 τοῦ
1331 930 1403 956 οῐνου
1418 929 1523 956 εἴσοδον
1534 938 1541 945 ·
1558 931 1582 956 εἰ
1599 929 1628 955 δὲ
1648 926 1720 960 οἶνός
1740 930 1816 955 ἐστιν

1028 976 1043 1002 ὸ
1057 975 1145 1009 λόγος,
1172 973 1246 1007 οἶκος
1258 975 1305 1002 τοῦ
1334 975 1407 1002 οῐνου
1429 976 1472 1010 εἴη
1488 974 1521 1001 ἂν
1536 977 1549 1001 6
1564 975 1673 1009 Πατήρ·
1687 975 1715 1000 ὲν
1726 974 1816 1009 τούτῳ

1027 1020 1081 1056 γὰρ
1093 1021 1249 1056 εὑρίσκεται
1267 1022 1280 1048 ὀ
1302 1021 1404 1055 Λόγος,
1420 1021 1488 1055 μετὰ
1508 1021 1536 1047 δὲ
1552 1021 1584 1047 τὸ
1595 1020 1722 1055 γενέσθαι
1733 1022 1762 1047 ὲν
1774 1020 1814 1055 τῷ

1027 1065 1141 1100 τοιούτῳ
1151 1065 1217 1101 οἴκῳ
1233 1065 1332 1098 καλῶς,
1349 1065 1397 1092 καὶ
1417 1066 1537 1101 ταγῆναι
1560 1065 1609 1101 τὴν
1644 1066 1754 1101 ἀγάπην
1770 1066 1814 1092 ἐπ’

1028 1110 1098 1145 αὐτῇ
1114 1109 1248 1145 βούλεται,
1274 1110 1353 1143 ἀξίαν
1374 1110 1484 1146 ἀγάπης
1497 1110 1547 1145 ήδη
1562 1109 1606 1136 διὰ
1618 1109 1668 1144 τὴν
1686 1108 1814 1144 τοιαύτην

1028 1156 1153 1183 ἔνστασιν
1168 1157 1357 1192 γεγενημένην
1369 1165 1376 1172 ·
1392 1156 1464 1183 ὥστε
1488 1155 1609 1191 ταγῆναι
1625 1156 1669 1182 ἐπ’
1683 1155 1750 1190 αὐτῇ
1764 1155 1813 1189 τὴν

1028 1202 1147 1236 ἀγάπην,
1181 1202 1279 1236 μηκέτι
1291 1202 1328 1233 ὼς
1346 1202 1441 1236 ἔτυχεν
1458 1202 1542 1237 αὐτὴν
1556 1201 1737 1235 ἀγαπώντων,
1754 1201 1814 1228 ἀλλ’

1027 1247 1124 1278 ἐντοῖς
1148 1249 1326 1282 τεταγμένοις
1350 1249 1398 1274 καὶ
1430 1248 1595 1283 ὡρισμένοις
1622 1247 1677 1274 τῶν
1704 1247 1734 1279 ἐξ
1762 1248 1812 1281 ὑφ·

1028 1293 1102 1328 ειλῆς
1133 1292 1226 1319 λοιπὸν
1255 1293 1445 1329 ἀγαπωμένων
1474 1293 1580 1326 οὖσαν,
1610 1292 1739 1328 ἀριθμεῖν
1765 1294 1814 1320 καί.

1027 1339 1070 1375 ἔχε
1075 1348 1108 1367 ιν.

1070 1385 1286 1418 ’Δπολιναρίομ
1297 1399 1326 1404 -
1338 1384 1394 1411 Καὶ
1411 1382 1482 1416 οἶνος
1495 1384 1534 1416 εἰς
1550 1384 1723 1420 εὐφροσύνην
1741 1393 1811 1421 καρ-

1027 1431 1086 1462 δίας
1099 1431 1169 1457 κατὰ
1184 1431 1230 1457 τὸν
1244 1430 1389 1465 ψαλμῳδδν
1401 1431 1510 1465 λέγεται
1522 1439 1529 1446 ·
1547 1431 1596 1457 καὶ
1613 1430 1684 1463 οἶνος
1700 1432 1813 1459 εύωδιά-

1028 1475 1081 1508 ζων
1093 1475 1164 1502 κατά
1180 1475 1224 1501 τὸν
1240 1476 1389 1510 Ζαχαρίαν.

1065 1520 1186 1555 Ἥρμοζε
1209 1520 1237 1547 δὲ
1259 1522 1291 1555 τῇ
1312 1520 1426 1555 ὲπήλυδι
1449 1519 1542 1555 νύμφῃ
1558 1520 1602 1552 τὸ,
1627 1520 1814 1556 Εἰσαγάτετέ

1025 1574 1064 1600 με
1077 1567 1119 1598 εις
1136 1563 1220 1592 οἶκον
1241 1565 1295 1592 τοῦ
1324 1566 1426 1592 οῑνου·
1445 1565 1475 1591 ού
1489 1566 1544 1600 γὰρ
1566 1563 1600 1600 ἦν
1626 1566 1657 1591 τὺ
1679 1567 1812 1601 πρότερον

1027 1612 1093 1639 εἴσω
1103 1612 1149 1638 τοῦ
1163 1611 1323 1647 ἀμπελῶνος
1335 1620 1341 1626 ·
1362 1611 1430 1646 μετά
1442 1611 1496 1648 γὰρ
1513 1612 1562 1643 τὰς
1577 1612 1640 1647 περὶ
1653 1612 1750 1647 τρίτην
1766 1614 1813 1639 καὶ

1027 1658 1109 1693 ἕκτην
1135 1659 1182 1684 καὶ
1199 1658 1313 1692 ὲννάτην
1341 1657 1500 1691 κληθέντας.
1532 1657 1583 1683 ὑπὸ
1600 1657 1650 1692 τὴν
1667 1658 1813 1692 ἑνδεκάτην

1027 1702 1096 1738 αὕτη
1111 1703 1250 1743 καλεῖται·
1263 1703 1417 1735 ἀκούσασα,
1437 1713 1446 1728 ι
1461 1703 1493 1729 Τί
1511 1700 1561 1729 ὦδε
1588 1703 1724 1738 ἑστήκατε
1747 1703 1812 1738 ὅλην

1026 1750 1075 1784 τὴν
1086 1750 1192 1785 ἡμέραν
1205 1750 1283 1784 ἀργοί
1298 1758 1305 1782 ;
1326 1759 1335 1775 ι
1347 1749 1504 1782 Πορεύεσθε
1517 1750 1558 1780 εἰς
1587 1749 1633 1776 τὸν
1648 1749 1810 1784 ἀμπελῶνα·

1027 1796 1106 1831 ἧργει
1137 1796 1202 1830 γὰρ,
1218 1796 1260 1822 ὅτι
1274 1794 1311 1830 μὴ
1326 1794 1360 1821 τὰ
1381 1796 1470 1821 οεκεῖα
1503 1794 1655 1829 εἰργάζετο,
1670 1795 1813 1830 ἀλλοτρίας

1027 1840 1166 1875 ἀμπέλους
1191 1839 1381 1873 φυλάττουσα·
1403 1839 1451 1865 καὶ
1475 1838 1610 1873 λαμϐάνει
1635 1839 1743 1873 πρῶτον
1763 1840 1812 1873 τὴν

1027 1886 1057 1918 ἐξ
1069 1886 1179 1921 ἀγάπης
1206 1885 1302 1920 τιμὴν,
1319 1885 1364 1911 τὸν
1378 1884 1543 1919 χαρακτῆρα
1561 1885 1607 1910 τὸν
1619 1884 1769 1918 βασιλικὸν,
1781 1886 1812 1911 τὸ

1026 1932 1112 1967 δῶρον
1125 1931 1156 1958 τδ
1186 1930 1370 1965 πνευματικόν
1385 1937 1392 1945 ο
1409 1930 1449 1955 διὸ
1472 1929 1519 1956 καὶ
1539 1929 1666 1962 Ἀκύλας,
1685 1930 1812 1962 Ἔταξεν

1026 1977 1073 2003 ἐπ’
1087 1975 1138 2011 ἐμὲ
1150 1976 1280 2010 ἀγάπην,
1308 1975 1390 2009 φησίν
1401 1983 1408 1990 ·
1429 1975 1539 2008 ἀγάπης
1563 1974 1627 2010 γὰρ⁷
1644 1975 1675 2001 τὸ
1685 1996 1692 2008 ,
1714 1985 1724 2001 ι
1735 1976 1812 2002 Θέλω

1026 2020 1113 2055 τούτῳ
1125 2020 1163 2056 τῷ
1178 2020 1283 2054 ἐσχάτῳ
1297 2018 1388 2045 δοῦναι
1402 2018 1439 2050 ὡς
1456 2018 1502 2044 καὶ
1517 2019 1567 2046 σοί.
1586 2028 1595 2044 ι

1065 2066 1174 2098 Tifata
1184 2065 1229 2091 ἐπ’
1245 2065 1297 2099 ἐμὲ
1311 2064 1441 2098 ἀγάπην.

1062 2111 1237 2146 Γρητρρίου.
1251 2125 1287 2132 —-
1305 2110 1394 2141 Ἐντὸς
1412 2109 1459 2136 τοῦ
1477 2109 1650 2144 ποθουμένου
1663 2110 1812 2146 γενομένη,

1028 2157 1074 2184 ἐπὶ
1088 2157 1117 2184 τὸ
1135 2157 1225 2192 μεῖζον
1238 2156 1319 2182 πάλιν
1335 2154 1484 2187 ἐξάλλεται,
1499 2155 1546 2181 καὶ
1562 2157 1654 2190 φησίν·
1681 2156 1811 2192 Ἐπείπερ

181 2204 259 2242 jieite
269 2211 311 2230 me
322 2202 529 2236 charitati,qua:
541 2206 583 2229 est
594 2209 683 2235 secus,
694 2203 750 2230 sive
764 2203 886 2229 Ordinate
899 2202 925 2228 in
935 2209 977 2228 me

1031 2203 1131 2236 γέγονα
1142 2203 1170 2229 ἐν
1187 2202 1225 2236 τῷ
1240 2202 1306 2236 οἴκῳ
1321 2200 1368 2227 τοῦ
1383 2201 1465 2230 οἴνου.
1485 2201 1636 2232 ὑποτάξατέ
1653 2211 1685 2236 με
1698 2204 1730 2237 τῇ
1746 2204 1812 2236 ἀγά-

184 2249 356 2275 eliaritatem.
370 2248 620 2282 Quomodocunque
627 2248 697 2274 enim
708 2249 793 2275 utaris
802 2248 874 2275 verbi
888 2248 976 2275 inver-

183 2294 261 2320 sione
272 2293 341 2319 idem
350 2297 391 2319 est
400 2292 471 2327 (illud
485 2300 532 2327 per
540 2296 577 2318 nti
585 2300 683 2327 umque
692 2292 930 2327 signiﬁcatur,sive
941 2302 972 2321 cx

184 2347 216 2366 eo
227 2338 299 2373 quod
317 2329 374 2372 ipsa
392 2337 521 2364 charitati
532 2338 771 2372 subjiciatur,sive
782 2347 814 2365 ex
823 2346 854 2366 c0
864 2339 934 2373 quod
946 2339 973 2366 in

184 2384 243 2418 ipsa
257 2383 377 2410 Charitas
400 2383 552 2410 ordinetur.
571 2383 615 2410 Vel
627 2384 830 2411 forsitaneliam
843 2385 973 2412 docemur

185 2427 382 2462 cujusmodisit
398 2427 453 2454 Deo
463 2428 615 2455 exhibenda
623 2428 743 2456 Charitas
758 2433 784 2456 et
795 2429 973 2464 quemadmo»

185 2473 250 2501 dum
269 2473 295 2500 in
316 2480 345 2500 se
365 2473 481 2499 invicem
496 2473 607 2501 aifeetas
629 2481 690 2501 esse
703 2478 838 2508 oporteat,
856 2482 889 2501 ne
902 2475 970 2501 forte

188 2518 346 2547 inordinata
365 2521 393 2545 et
418 2519 526 2545 inversa
551 2518 594 2545 liat
620 2519 766 2546 charitatis
798 2520 967 2554 adimpletio.

190 2566 301 2600 Oportet
311 2564 384 2591 enim
397 2563 480 2592 Deum
493 2563 605 2598 diligere
617 2572 649 2590 ex
663 2569 718 2592 tota
733 2570 867 2597 anima,rt
879 2566 971 2597 corde.

191 2617 219 2638 et
234 2611 343 2643 virtute,
361 2610 514 2645 proximum
529 2616 618 2638 autem
633 2611 704 2638 sicut
716 2612 847 2646 seipsnm,
859 2616 887 2638 et
900 2619 967 2639 uxo-

221 2711 242 2726 "
259 2709 354 2736 Matth.
371 2718 416 2742 xx,
442 2709 469 2736 6.
504 2710 527 2725 "'
545 2709 610 2736 ibid.
628 2710 670 2736 Η.

1029 2256 1078 2284 πῃ,
1095 2248 1112 2283 ἥ
1132 2248 1173 2279 τις
1188 2248 1262 2274 ἐστιν
1279 2248 1292 2274 ὁ
1308 2247 1383 2278 Θεός⁶
1402 2247 1418 2281 ἢ
1436 2246 1534 2278 τάξατε
1549 2247 1595 2272 ἐπὶ
1611 2247 1660 2280 ἐμὲ
1676 2247 1723 2283 τὴν
1741 2248 1812 2282 ἀγά-

1028 2302 1081 2329 πην
1096 2301 1103 2308 ’
1121 2293 1218 2319 ταυτὸν
1229 2293 1283 2328 γάρ
1301 2294 1358 2318 ἐστι
1367 2291 1396 2318 τὸ
1409 2291 1610 2326 σημαινόμενον
1623 2292 1655 2318 δι’
1666 2293 1810 2327 ἑκατέρου,

1027 2341 1100 2371 ὅπως
1117 2339 1150 2366 ἂν
1165 2340 1253 2374 χρήσῃ
1267 2340 1299 2374 τῇ
1315 2338 1471 2373 ἀναστροφῇ
1499 2338 1544 2364 τοῦ
1568 2338 1659 2372 λόγου,
1672 2338 1703 2364 ἐκ
1719 2347 1747 2364 τε
1763 2338 1809 2365 τοῦ

1025 2386 1077 2412 ὑπὸ
1087 2385 1135 2420 τὴν
1148 2385 1257 2420 ἀγάπην
1284 2384 1415 2420 ταχθῆναι
1445 2384 1492 2411 καὶ
1505 2385 1533 2410 ὲν
1544 2385 1576 2419 τῇ
1594 2383 1640 2410 τοῦ
1671 2384 1718 2419 τὴν
1743 2384 1811 2417 ἁγά-

1024 2439 1078 2466 πτῖν
1116 2431 1184 2465 αὐτῇ
1218 2430 1350 2464 ταχθῆναι
1374 2437 1381 2444 ⁸
1413 2430 1429 2464 ἢ
1460 2429 1530 2464 τάχα
1560 2429 1606 2455 καὶ
1629 2428 1810 2464 δῐδῖσκᾶμξοι

1022 2476 1081 2502 οἵαν
1109 2474 1270 2509 ἀνατεθῆναι
1304 2474 1438 2508 προσήκει
1464 2474 1503 2508 τῷ
1527 2473 1586 2508 Θεῷ
1606 2473 1655 2509 τὴν
1680 2474 1808 2508 ἀγάπην.

1021 2523 1068 2548 καὶ
1085 2522 1158 2552 ὅπως
1173 2521 1241 2556 πρὸς
1257 2521 1319 2551 τοὺς
1346 2520 1443 2551 ἄλλους
1461 2520 1550 2554 ἔχειν’
1570 2520 1676 2554 μήποτε
1692 2520 1809 2551 ἄτακτός

1024 2576 1065 2598 τις
1084 2568 1132 2593 καὶ
1152 2565 1345 2601 ἀνηλλαγμένη
1371 2566 1484 2601 γένηται
1511 2566 1561 2600 τῆς
1586 2566 1697 2600 ἀγάπης
1715 2565 1809 2599 ﬁdim-

1025 2613 1162 2646 ’πλήρωσις
1177 2619 1184 2626 ·
1200 2611 1267 2638 Θεὸν
1280 2611 1334 2646 γὰρ
1348 2611 1378 2646 δὴ
1393 2612 1503 2646 ἀγαπᾷν
1518 2610 1548 2643 ἐξ
1558 2611 1622 2647 ὅλης
1645 2610 1733 2646 ψυχῆς
1761 2610 1808 2636 καὶ

954 2763 1068 2792 ΝΟΤᾹί.

219 2826 276 2861 (50)
297 2825 436 2853 Scholium
464 2826 515 2853 hoc
535 2825 564 2854 in
584 2825 616 2852 C.
639 2824 669 2852 B.
689 2823 821 2860 Gregorio
843 2821 1003 2850 ascribitur.
