1966 3074
137 140 206 173 1585

610 143 881 174 COMMENTARII
901 142 942 173 IN
954 143 1112 174 CANTICA
1128 144 1275 176 CANTIC.

1695 146 1762 181 1586

135 195 250 230 καρδίας
275 196 322 222 καὶ
344 195 500 231 δυνάμεως,
525 197 570 224 τὸν
584 198 613 224 δὲ
630 199 744 234 πληπιον
759 199 796 231 ὡς
810 199 917 226 ὲαυτάνκ

979 207 1034 226 rem
1051 201 1074 227 si
1093 201 1214 236 purioris
1236 201 1346 236 quidem
1362 204 1405 229 est
1422 201 1531 234 animae,
1545 201 1618 230 sicut
1636 202 1762 231 Christus

134 243 251 275 γυναῖκα
269 241 308 273 δὲ,
321 242 346 267 εί
364 243 414 276 μέν
442 243 486 274 τίς
513 243 582 275 ἐστι,
608 244 805 280 καθαρωτέραν
822 245 923 279 ψυχῆς,

134 287 172 317 ὡς
187 287 200 312 ὁ
215 287 332 320 Χριστὸς
364 288 414 322 τὴν
433 288 596 323 Ἐκκλησίαν
607 297 613 303 ·
627 290 641 315 ὁ
654 289 683 315 δὲ
706 290 925 325 ἐμπαθέστερος,

132 332 171 361 ὼε
187 333 216 358 τὸ
230 333 296 358 ἴδιον
325 332 404 367 σῶμα
415 341 421 348 ·
443 333 488 359 τὸν
512 334 609 369 ἐχθρὸν
635 334 673 367 δὲ,
690 335 719 361 ὲν
734 336 771 370 τῷ
788 336 824 371 μὴ
839 336 925 362 κακὸν

133 377 195 403 ἀντὶ
210 377 296 403 κακοῦ
309 378 410 410 δοῦναι,
425 379 482 404 ἀλλ’
492 379 637 415 εὐεργεσίᾳ
651 381 700 416 τὴν
721 381 826 408 ἀδικίαν
845 382 926 416 ἀμεί-

133 421 254 455 ψασθαι·
273 423 355 457 (matr;
374 421 421 449 οὖν
445 424 554 458 ἀγάπην
582 425 753 459 τεταγμένην
773 426 923 461 ποιήσατε·

135 469 174 501 μὴ
189 469 235 494 καὶ
249 468 330 495 πάλιν
352 469 474 500 ὲκπέσω,
508 470 704 505 συντηροῦντες
729 471 778 506 τὴν
810 472 878 507 πρὸς
893 473 924 499 τὺ

134 514 259 547 κρεῖττον
275 514 362 549 ῥοπήν
373 521 380 527 ·
393 515 439 541 καὶ
453 515 510 546 πῶς
526 515 576 550 μὲν
589 517 698 552 ἀγαπᾷν
714 517 759 544 τὸν
775 517 842 544 Θεὸν
858 518 922 553 χρὴ,

134 559 195 590 πῶς
209 559 236 584 δὲ
251 559 296 585 τὸν
309 559 425 594 πλησίον
449 561 625 592 διδάσκοντα,
643 562 658 597 ἣ
676 563 723 589 καὶ
739 563 818 589 τοῦτο
843 565 922 598 τυχόν

132 603 208 630 ἐστιν
225 604 373 639 ὐπονοῆται
387 606 430 632 διὰ
453 605 500 632 τοῦ
517 606 596 640 λόγου
608 615 616 622 ·
630 607 725 644 ἐπειδὴ
745 609 920 643 ἀγαπηθεῖσα

133 649 210 684 παρὰ
225 649 274 684 τὴν
287 650 398 685 πρώτην
413 651 458 678 διὰ
472 652 520 686 τῆς
534 653 688 687 παρακοῆς,
704 655 798 683 ἐντοῖς
815 655 921 689 ἐχθροῖς

131 695 276 730 ἐλογίσθην
288 704 296 710 ·
320 695 367 722 νῦν
384 696 412 723 δὲ
431 697 513 724 πάλιν
538 698 578 729 είς
603 698 653 733 τὴν
672 699 756 734 αὐτὴν
770 700 921 735 ἐπανῆλθον

130 741 213 776 χάριν
230 742 264 768 δι’
278 742 388 778 ἀγάπης
406 743 445 778 τῷ
461 744 586 779 Δεσπότῃ
618 746 837 780 συναρμοσθεῖσα
850 756 856 762 '
873 755 921 773 κυ-

132 787 240 822 ρώσατέ
258 796 303 822 μοι
314 788 343 814 τὸ
354 789 398 815 διὰ
412 790 461 824 τῆς
473 791 583 826 χάριτος
597 792 767 827 τεταγμένην
789 793 836 820 καὶ
846 791 921 829 ¹διμε-

128 831 274 863 τάστατον,
286 832 363 867 ὑμεῖς
374 834 399 859 οἱ
414 834 487 868 φίλοι
500 835 547 861 τοῦ
560 835 700 871 Νυμφίου,
710 837 744 864 δι’
760 838 921 873 ἐπιμελείας

127 878 179 903 καὶ
209 879 346 914 προσοχῆς
360 879 389 906 ὲν
405 879 444 915 τῷ
460 881 553 917 παγίῳ
582 883 778 918 συντηροῦντὲς
801 893 846 920 μοι
871 886 920 921 τὴν

127 924 201 958 arpi;
211 924 242 950 τὺ
261 926 385 960 κρεῖττον
400 927 497 961 μονήν.

164 978 197 1006 ε’.
217 980 382 1014 Στηρίσατέ
395 989 432 1016 με
442 982 477 1008 ἑν
486 983 604 1016 μύροις.

162 1034 391 1068 Γρηγορίου.-
410 1035 541 1063 Τουτέστι
568 1038 628 1068 ταῖς
655 1038 785 1073 ἀρεταῖς·
812 1040 859 1066 καὶ
887 1041 917 1066 οὐ

127 1079 211 1113 μόνον
232 1080 262 1106 τὸ
289 1079 399 1114 βλέπειν
413 1081 445 1107 τὸ
460 1082 572 1115 ἀγαθὸν,
602 1084 650 1109 καὶ
664 1084 694 1109 ἐν
711 1085 843 1119 μετουσίᾳ.
871 1085 916 1112 τοῦ

124 1125 284 1160 κρείττονος
295 1127 419 1160 γίνεσθαί
445 1129 519 1154 ἐστιν
549 1129 645 1163 ἀρετὴ,
660 1122 792 1157 άλλὰᾶαὶ
807 1132 837 1158 τὺ
851 1131 918 1166 ἁμε-

122 1171 270 1197 τὰπτωτον
285 1172 313 1197 ὲν
338 1171 376 1206 τῷ
399 1171 474 1207 καλῷ
501 1173 698 1201 διασώσασθαι·
716 1175 730 1201 ὁ
745 1175 834 1201 τοίνυν
851 1185 918 1212 στη-

124 1214 258 1249 ριχθῆναι
283 1214 446 1250 βουλόμενος
466 1217 494 1243 ἐν
510 1219 567 1249 τοῖς
591 1218 699 1254 μύροις,
716 1219 747 1245 τὸ
764 1219 872 1254 βέόαιον
888 1221 917 1247 ὲν

122 1264 186 1292 ταῖς
202 1262 316 1296 ἀρεταῖς
333 1263 407 1298 αὐτῷ
425 1265 626 1298 προσγενέσθαι
646 1265 723 1301 ζητεί
734 1275 741 1282 ·
757 1267 842 1303 ἀρετὴ
862 1267 917 1303 γὰρ

122 1307 155 1332 τὸ
170 1306 268 1341 μύρον.
282 1308 349 1334 διότι
361 1309 450 1344 πάσης
459 1310 591 1342 δυσωδίας
605 1311 813 1346 ἁμαρτημάτων
829 1313 917 1349 κεχώ-

124 1360 235 1386 ρισται·
255 1353 270 1388 ή
284 1353 337 1388 γὰρ
353 1354 475 1389 ἁμαρτία
491 1355 620 1390 δυτὼδης.
639 1357 688 1384 Διὰ
700 1358 794 1390 τοῦτο,
812 1361 918 1394 Σῖηρί-

123 1397 202 1423 σατέ
212 1406 250 1432 με
264 1399 299 1424 ἐν
310 1399 426 1433 μύροις,
447 1402 628 1429 στοιϐάσατέ
641 1411 678 1437 με
689 1403 724 1430 ἐν
735 1404 846 1439 μήλοις
855 1413 862 1419 ·
873 1405 918 1432 ὅτι

122 1443 293 1478 τετρωμένη
309 1444 426 1480 ἀγάπης
443 1445 510 1481 ἐγώ.

160 1499 282 1527 Νείλου.
299 1516 331 1521 -
354 1502 441 1537 Τάχα,
454 1503 470 1537 ἦ
482 1503 519 1534 ὠς
532 1504 652 1540 ἀμοιϐὴν
664 1507 721 1532 τῶν
735 1507 916 1542 κατορθωμέ-

123 1554 181 1572 νων
194 1546 306 1572 ἀπαιτεῖ
314 1547 345 1573 τὸ
358 1548 388 1573 ὲν
402 1548 509 1580 τούτοις
529 1549 666 1583 γενέσθαι,
681 1551 698 1586 ἢ
713 1551 751 1583 ὡς
763 1552 915 1588 ὲπιτετρω-

126 1592 197 1627 μένη
210 1592 249 1627 τῷ
271 1593 357 1628 πόθῳ,
385 1595 563 1630 παραμυθίαν
580 1596 618 1628 ὡς
640 1596 674 1624 ἂν
693 1596 766 1624 εῐποι
795 1607 838 1630 τις
867 1599 915 1626 καὶ

124 1638 317 1673 ψυχαγωγίαν.
337 1640 445 1677 Ἐπειδὴ
457 1642 510 1677 γὰρ
529 1641 624 1678 ὥσπερ
648 1643 772 1676 ἐξελύετο
795 1644 847 1672 ὑπὸ
866 1646 917 1681 τῆς

125 1683 197 1718 πρὸς
213 1685 260 1710 τὸν
274 1685 456 1720 ἀγαπώμενον
473 1688 594 1723 μνήμης,
613 1690 791 1725 στηριχθῆναι
820 1691 870 1726 μὲν
885 1692 914 1718 ὲν

127 1728 228 1764 μύροις
240 1730 289 1765 τῆς
304 1730 429 1766 θεωρίας,
444 1733 639 1767 στοισασθῆναι
652 1734 679 1761 δὲ
693 1735 723 1761 ἐν
740 1736 836 1771 μήλοις
861 1737 916 1764 τῶν

126 1773 277 1807 θαυμάτων
290 1775 337 1802 τοῦ
350 1776 476 1811 Νυμφίου
488 1779 535 1804 καὶ
549 1779 596 1805 τοῦ
607 1780 714 1816 καρποῦ
727 1781 781 1808 τῶν
791 1782 916 1817 πράξεων

126 1818 274 1854 ἐπιθυμεῖ·
307 1821 402 1857 ἐπειδὴ
417 1823 433 1858 ἠ
449 1824 499 1858 μὲν
525 1824 626 1860 θεωρία
641 1827 674 1862 τῇ
688 1826 742 1854 τῶν
771 1829 916 1863 νοημάτων

125 1864 268 1900 τέρπουσα
294 1867 482 1904 γλαφυρότητι
503 1866 575 1905 ὀσμή
608 1871 718 1906 μύρων’
736 1873 753 1908 ἡ
767 1873 795 1900 δὲ
815 1874 916 1910 πρᾶξις

127 1910 199 1945 μετὰ
208 1911 254 1958 τοῦ
266 1909 410 1947 τροξρίμου,
426 1915 474 1941 καὶ
492 1916 522 1942 τὸ
542 1917 642 1949 εὑῶδες
671 1917 739 1952 ἔχει.
757 1918 833 1946 [ιοιεῖ
860 1920 915 1958 γὰρ

126 1958 176 1984 καὶ
190 1957 225 1984 τὰ
237 1959 287 1993 τῆς
304 1959 406 1994 ἀρετῆς
416 1961 484 1996 ἔργα
500 1962 597 1998 χαρὰν,
609 1965 641 1999 τῇ
657 1965 711 1991 τῶν
727 1966 849 2000 ἀμοιόὦν
869 1957 914 1994 ἑλέ

124 2003 185 2029 πίδι
198 2003 248 2037 τὴν
263 2005 415 2040 συνείδησιν
430 2006 477 2033 τοῦ
498 2008 692 2043 ὲογαζομένου,
714 2010 894 2046 εὐφραίνοντα
906 2020 914 2028 ·

123 2050 198 2080 τινες
212 2049 241 2075 δὲ
253 2050 292 2083 τὸ,
304 2052 484 2079 Στοιϐάσατέ
494 2062 532 2088 με
548 2055 583 2081 ἐν
591 2055 711 2089 μήλοις,
727 2058 792 2092 περὶ
809 2058 856 2085 τοῦ
869 2059 915 2085 θα-

123 2094 209 2120 νάτου
226 2093 317 2122 εἴποιμ
330 2096 367 2128 ὡς
381 2098 430 2132 τῆς
444 2098 563 2135 Νύμφης
585 2099 752 2138 βουλομένης
776 2103 845 2139 μετὰ
861 2104 916 2132 τῶν

123 2140 214 2174 ἁγίων
241 2141 388 2178 ἀξιωθῆναι
417 2145 506 2180 ταφῆς
522 2154 528 2160 ·
555 2146 664 2178 πάντως
691 2148 811 2180 ἐκείνους
838 2151 912 2185 μῆλα

977 245 1126 274 Ecclesiam
1141 256 1148 280 ;
1166 247 1209 274 sin
1223 253 1313 274 autem
1329 253 1371 275 est
1384 248 1476 275 anitno
1495 248 1704 283 perturbatiori,
1724 249 1762 276 si-

976 296 1022 318 cut
1038 299 1138 326 corpus
1155 293 1293 328 proprium
1310 302 1317 326 ;
1334 293 1476 321 inimicum
1489 297 1579 321 autem
1597 294 1625 320 in
1644 301 1677 321 eo
1688 294 1761 328 quod

975 345 1029 364 non
1054 337 1200 365 reddatnus
1222 338 1322 364 malum
1346 344 1395 371 pro
1423 338 1506 369 malo,
1528 338 1575 365 scd
1593 346 1642 372 pro
1660 338 1761 373 injuria

974 381 1138 408 beneﬁcium
1164 382 1326 409 referamus.
1353 381 1521 409 Churitalem
1548 382 1640 417 igitur,
1660 383 1760 416 inquit,

973 426 1127 453 ordinatam
1143 427 1233 459 facile,
1257 435 1291 454 ne
1307 427 1406 454 iterum
1425 427 1551 454 excidam
1565 436 1572 458 ;
1590 435 1762 456 conservan-

975 477 1015 499 tes
1031 473 1065 499 ad
1084 472 1109 499 id
1131 473 1203 506 quod
1219 473 1316 500 melius
1333 477 1375 500 est
1391 473 1623 508 propensionem,
1645 477 1673 501 et
1689 482 1759 508 quo-

974 515 1055 543 modo
1079 516 1189 550 quidem
1212 515 1295 543 Deum
1318 516 1432 551 diligere
1452 521 1599 551 oporteat,
1622 517 1760 552 quomoda

973 568 1038 587 vero
1056 561 1210 595 proximum
1228 560 1370 588 docentes.
1389 560 1439 588 Vel
1455 560 1527 588 forte
1543 569 1592 596 per
1609 561 1661 588 hoc
1676 562 1760 588 etiam

973 605 1036 632 licet
1057 605 1218 641 intelligere.
1244 605 1321 638 Quod
1334 607 1464 640 quoniam
1481 614 1541 640 quae
1559 607 1677 640 primum
1698 605 1759 633 fue-

972 658 1030 677 ram
1047 651 1157 682 dilecta,
1181 655 1292 685 propter
1310 651 1528 684 inobedientiam
1546 652 1617 679 inter
1633 651 1759 678 initnicos

972 696 1012 723 fui
1028 701 1197 731 computata,
1217 703 1290 723 nunc
1304 697 1337 723 ad
1353 696 1481 723 eamdem
1498 703 1607 723 reversa
1623 703 1683 723 sum
1700 704 1760 731 gra-

972 742 1049 774 tiam,
1068 749 1116 776 per
1135 741 1296 768 charitatem
1316 741 1433 768 Domino
1456 741 1611 776 conjuncta
1634 751 1640 768 :
1659 741 1760 768 contir-

972 792 1044 815 mate
1064 788 1129 815 mihi
1147 787 1228 822 hujus
1246 788 1341 823 gratiae
1364 788 1541 824 stabilitatem
1555 792 1582 815 et
1603 788 1760 816 immutabi'

973 833 1087 866 litatem,
1114 842 1161 862 vos
1187 834 1268 861 amici
1292 833 1391 869 Sponsi
1410 834 1502 862 studio
1521 837 1548 861 et
1563 834 1713 869 diligentia,
1733 833 1760 860 in

938 868 958 895 Β
973 879 1110 916 soliditate
1125 868 1323 907 conservantes
1339 880 1405 907 mihi
1417 879 1453 907 ad
1469 879 1496 906 id
1514 879 1588 915 quod
1605 868 1704 907 melius
1717 883 1760 907 est

970 924 1192 960 propensionem.

1007 979 1088 1006 Vens.
1105 979 1131 1006 5.
1155 978 1258 1006 Fulcite
1269 986 1308 1006 me
1321 978 1348 1005 in
1361 977 1512 1013 unguentis.

1005 1034 1137 1070 Gregorii.
1152 1050 1187 1055 -—
1207 1033 1263 1062 Hoc
1278 1037 1320 1061 est
1338 1033 1497 1061 virtutibus.
1517 1031 1613 1060 Virtus
1626 1031 1700 1059 enim
1717 1036 1759 1059 est

972 1088 1026 1107 non
1047 1080 1136 1107 solum
1154 1080 1256 1107 bonum
1279 1080 1391 1113 intueri,
1407 1083 1434 1106 et
1450 1086 1511 1106 esse
1524 1078 1685 1113 participem
1697 1078 1758 1112 ejus

968 1131 1011 1152 est
1036 1125 1154 1157 melius;
1177 1125 1226 1152 sed
1249 1125 1331 1152 etiam
1353 1124 1602 1151 immutabilitatcm
1628 1123 1656 1149 in
1681 1122 1752 1149 bono

968 1178 1141 1198 censcrvnrc.
1158 1169 1209 1203 Qui
1229 1177 1293 1204 ergo
1309 1169 1365 1196 vult
1380 1169 1506 1196 iulciriin
1521 1167 1668 1202 unguentis
1677 1174 1757 1201 qua:-

970 1218 1006 1244 rit
1031 1217 1084 1244 sibi
1110 1216 1209 1243 adesse
1228 1215 1381 1242 ﬁrmitatem
1407 1214 1435 1241 in
1463 1213 1621 1241 virtutibus.
1649 1211 1744 1239 Virtus

968 1262 1040 1289 enim
1057 1265 1099 1288 est
1115 1259 1429 1295 unguentum,quoniam
1437 1263 1480 1286 est
1490 1258 1613 1293 seiuncta
1636 1257 1753 1286 abomni

969 1311 1038 1334 tetro
1054 1306 1139 1333 odore
1161 1309 1347 1340 peccatorum.
1369 1304 1516 1331 Peccatum
1544 1304 1615 1330 enim
1638 1302 1750 1329 fetidum

967 1356 1009 1380 est
1026 1360 1031 1378 :
1050 1352 1197 1386 Propterea
1213 1350 1304 1384 fulcite
1325 1357 1363 1376 me
1382 1349 1410 1376 in
1426 1349 1577 1384 unguentis,
1599 1348 1699 1382 stipata
1715 1354 1756 1375 nte

967 1398 994 1424 in
1011 1397 1102 1429 malis,
1118 1397 1182 1432 quia
1200 1396 1338 1423 uulnerata
1353 1395 1494 1422 clmritatis
1511 1402 1558 1429 ego
1578 1401 1647 1421 sum.

1005 1504 1074 1531 Nili.
1091 1519 1126 1524 -—
1138 1502 1186 1530 Vel
1203 1502 1322 1530 fortasse
1346 1501 1425 1537 quasi
1441 1501 1693 1536 compensationem
1713 1508 1756 1528 re—

971 1555 1015 1578 cte
1027 1554 1181 1584 gestorum,
1195 1549 1222 1576 in
1241 1549 1282 1575 his
1298 1548 1400 1575 versari
1416 1547 1548 1582 postulat,
1564 1547 1606 1574 vcl
1626 1551 1755 1582 tanquam

970 1595 1060 1622 adhuc
1082 1601 1176 1621 amore
1195 1593 1339 1621 vulnerata
1357 1592 1588 1623 consolationem,
1612 1599 1644 1619 ac
1658 1592 1681 1618 si
1693 1591 1756 1626 quis

970 1641 1043 1668 dicat
1058 1640 1268 1668 recreationem.
1286 1638 1354 1666 Cum
1365 1638 1437 1665 enim
1445 1638 1481 1669 ad
1493 1637 1585 1664 dilecti
1597 1636 1755 1664 tuemoriam

969 1685 1049 1721 quasi
1070 1684 1190 1713 resoluta
1203 1684 1249 1717 sit,
1264 1683 1355 1711 fulciri
1366 1681 1476 1716 quidem
1487 1682 1514 1708 in
1529 1681 1675 1716 unguentis
1688 1688 1756 1708 con-

970 1730 1168 1765 templationis,
1190 1728 1288 1763 stipari
1306 1735 1373 1755 vero
1389 1727 1418 1755 in
1438 1727 1537 1760 malis,
1558 1726 1756 1753 miraculorum

970 1776 1070 1810 Sponsi
1089 1779 1116 1802 et
1133 1774 1224 1802 fructu
1254 1774 1395 1801 actionutn
1418 1772 1599 1807 concupiscit.
1621 1771 1756 1805 Quoniam

970 1819 1167 1854 contemplatio
1189 1818 1300 1854 quidem
1324 1817 1578 1845 considerationum
1605 1817 1754 1848 varietate,

969 1870 1100 1900 tanquam
1114 1861 1317 1900 unguentorum
1332 1863 1401 1891 odor
1411 1863 1548 1896 oblectat;
1573 1861 1645 1890 actio
1661 1865 1755 1889 autent

970 1918 1023 1938 una
1031 1917 1094 1937 cum
1105 1909 1236 1937 alimento
1247 1910 1349 1936 bonum
1359 1909 1471 1937 odorem
1485 1908 1577 1935 habet.
1585 1907 1673 1942 Opera
1683 1905 1755 1933 enim

969 1956 1081 1983 virtutis
1097 1955 1224 1990 gaudium
1246 1955 1368 1990 pariunt,
1387 1954 1460 1989 quod
1479 1951 1676 1981 conscientiam
1690 1957 1756 1985 ope-

969 2002 1057 2032 rantis
1087 2009 1135 2037 spe
1159 2001 1417 2036 compensationum
1445 2001 1591 2028 exhilarat.
1622 1996 1755 2026 Nonnulli

968 2056 1034 2077 vero
1052 2046 1173 2082 :Stipate
1186 2047 1213 2073 in
1238 2046 1317 2073 malis
1337 2046 1370 2073 de
1391 2051 1479 2073 morte
1501 2045 1661 2080 accipiunt,
1682 2051 1714 2070 ac
1727 2043 1752 2071 si

970 2095 1077 2130 Sponsa
1101 2097 1261 2120 sanctorqu
1285 2091 1428 2127 sepultura
1450 2091 1556 2126 dignari
1579 2090 1665 2121 velit,
1692 2090 1755 2118 illos

968 2141 1081 2168 omnino
1101 2139 1171 2166 mala
1190 2138 1343 2172 intelligens
1366 2137 1414 2173 qui
1436 2137 1565 2164 dixerunt
1586 2145 1621 2164 ς(
1643 2135 1746 2164 Christi

123 2186 274 2219 νοήσαντες
303 2188 367 2219 τοὺς
398 2189 525 2221 εἰπόντας
541 2198 548 2206 ·
575 2200 585 2216 ‹
604 2192 723 2227 Χριστοῦ
744 2184 843 2222 εὐωδία
866 2184 914 2222 ἐσ-

974 2188 1057 2214 bonus
1070 2185 1138 2213 odor
1155 2191 1252 2212 sumus
1267 2184 1328 2211 '3‘.»

124 2240 190 2266 μεν.
202 2240 212 2256 ›

160 2286 345 2315 Στοιὸἀσατέ
351 2297 390 2321 με
401 2289 436 2315 ἐν
444 2288 558 2323 μήλοις

161 2342 325 2376 Κιιρίλλου.
338 2343 449 2375 -Τοῖς
474 2345 662 2380 εὐαγγελικοῖς
689 2356 723 2382 με
745 2348 916 2384 ἀαφαλίσατε

123 2386 232 2420 λόγοις
247 2384 319 2414 οὗτοι
343 2388 398 2423 γὰρ
412 2390 479 2424 ἡμῖν
502 2391 677 2423 εὐωδιὰζουσι
698 2394 829 2428 Χριστόν.
847 2396 914 2422 Συν-

121 2431 255 2466 ταχθείην
269 2433 308 2466 δὲ,
324 2434 403 2469 φησὶ,
422 2435 498 2469 κάγὼ
515 2437 584 2471 μετὰ
600 2438 655 2464 τῶν
666 2439 750 2473 ἁγίων
761 2440 842 2467 αὑτοῦ
853 2449 860 2456 ·
876 2441 915 2474 ὡς

122 2478 181 2512 γὰρ
204 2478 284 2510 αὐτὸς
314 2479 408 2515 μῆλον,
424 2481 510 2513 οὕτως
526 2481 665 2518 σύσσωμοι
684 2484 730 2511 καὶ
746 2486 914 2522 συμμέτοχοι

121 2522 211 2549 αὐτοῦ
227 2523 310 2558 μῆλα.

157 2579 343 2612 Προκοπίου.
366 2596 399 2602 --
427 2582 490 2614 Τοῖς
516 2584 588 2612 κατὰ
614 2586 681 2612 Θεὸν
706 2586 910 2624 πλεονεκτήμα·

123 2633 179 2652 σιν.

155 2674 339 2716 Τρηῇορίου.
351 2698 384 2704 --
403 2683 458 2720 (ἒὶΙ)
474 2685 534 2712 "Iv:
549 2686 663 2714 πάντοτε
678 2689 718 2719 εἰς
732 2688 798 2724 ὕψος
811 2673 912 2723 optima,

157 2772 193 2790 ’δ’
209 2771 229 2800 ll
244 2771 310 2802 Cor.
327 2783 358 2805 tt.
377 2774 416 2803 l5.

1004 2294 1106 2329 Stipate
1117 2302 1157 2321 me
1171 2294 1200 2320 in
1215 2293 1306 2321 malis.

1004 2351 1110 2388 Cyrilli.
1132 2350 1306 2384 Evangelicis
1331 2347 1499 2376 communito
1520 2353 1563 2373 me
1591 2343 1726 2373 doctrinis
1744 2353 1752 2371 :

968 2398 1010 2426 hae
1032 2398 1133 2432 quippe
1154 2396 1234 2423 nobis
1256 2394 1360 2422 Christi
1382 2393 1496 2421 odorem
1517 2391 1671 2419 aﬂundunt.
1688 2388 1752 2417 Uti-

967 2451 1031 2471 nam
1045 2443 1164 2470 collocer
1178 2449 1228 2476 ego
1238 2448 1357 2476 quoque,
1370 2439 1472 2474 inquit,
1489 2445 1551 2466 cum
1564 2437 1666 2465 sanctis
1673 2435 1750 2470 ejus!

968 2487 1034 2516 Nam
1051 2487 1124 2515 sicut
1143 2487 1202 2522 ipse
1216 2493 1326 2521 pomum
1339 2489 1391 2518 est,
1406 2485 1442 2511 ita
1459 2483 1541 2511 etiam
1552 2482 1598 2518 qui
1613 2485 1752 2510 suntcum

967 2541 1001 2562 eo
1013 2533 1152 2568 corporali
1166 2536 1193 2560 et
1203 2532 1364 2567 participes,
1385 2537 1466 2566 poma
1486 2529 1561 2557 ﬁent.

1002 2589 1135 2624 Procopii.
1153 2604 1188 2610 -
1200 2588 1228 2616 ld
1241 2591 1284 2615 est
1300 2587 1421 2615 sortibus
1435 2584 1589 2614 secundum
1601 2583 1685 2611 Deum
1694 2588 1750 2609 me-

964 2637 1091 2664 lioribus.

1001 2693 1035 2722 Ut
1065 2700 1173 2729 semper
1199 2691 1228 2720 in
1253 2691 1345 2720 album
1372 2689 1510 2726 aspiciens
1537 2688 1609 2716 bona
1637 2685 1747 2714 intuear

884 2821 1000 2850 NOTAE.

158 2879 218 2914 (ει)
233 2879 300 2913 Quae
317 2884 470 2915 sequuntur
500 2881 526 2908 iu
543 2881 575 2908 C.
598 2880 627 2909 Β.
645 2884 674 2908 ιιι
691 2881 772 2909 verla
793 2881 918 2917 Procopii
937 2881 1146 2909 continuantur.
