1966 3074
192 105 258 138 1587

841 107 1019 137 PHOCOPII
1036 102 1164 137 GAZAEII

1744 98 1812 133 1588

192 160 314 195 exempla
344 161 370 187 in
389 167 489 196 sponso
509 160 642 189 exhibita.
662 158 718 186 Illic
744 159 815 186 enim
853 166 977 186 mansue-

1034 157 1120 190 βλέπω
1151 156 1220 192 πρὸς
1232 156 1267 183 τὰ
1284 156 1338 183 τῶν
1365 155 1475 190 ἀγαθῶν
1506 154 1704 190 ὑποδείγματα,
1721 155 1748 182 ὲν
1772 154 1811 190 τῷ

192 205 269 237 tudo,
288 206 344 233 illic
359 205 515 240 placiditas,
533 204 588 231 illic
611 203 773 238 injuriarum
798 203 898 231 oblivio
912 211 977 238 erga

191 251 318 279 inimicos
349 254 376 278 et
403 250 560 285 benignitas
580 257 644 284 erga
664 249 798 284 lugentes,
813 249 868 275 illic
888 248 974 276 conti-

192 295 297 328 nentia,
323 295 528 331 longanimitas,
553 299 636 329 atque
665 294 765 321 similia
783 301 844 328 qme
863 293 979 325 pulchro

192 342 287 369 ordine
303 341 468 368 concinnata
499 340 686 375 gratissimum
701 340 888 374 spectaculum
902 339 979 366 exhi-

190 388 256 415 bent
284 387 349 414 dtttn
371 386 405 413 ad
425 386 545 414 caelestis
576 386 639 413 vitm
659 386 794 413 rationem
827 385 977 412 adducunt.

190 432 291 460 Malum
305 435 397 459 autem
414 432 540 459 Christus
563 434 605 458 est
627 435 741 466 propter
754 430 901 458 candorem
916 429 978 456 ear-

192 478 234 506 nis
250 482 277 505 et
290 478 417 506 ruborem
429 478 585 513 sanguinis,
598 485 630 505 ac
646 484 757 505 suavem
772 475 977 511 praedicationis

190 525 315 553 odorem.

227 569 360 604 Origenis.
380 585 415 590 —
428 569 615 605 ,Symmachus
632 567 673 596 sic
691 567 786 601 edidlt,
802 571 856 595 etc.

226 657 298 690 Quia
318 665 407 684 amore
421 657 558 684 vulnerata
573 664 642 683 sum.

227 703 357 738 Gregorii.
378 702 474 730 —llis
494 701 576 729 dictis
596 694 688 728 laudat
713 700 886 736 sagittarium
908 699 975 733 aja-

192 749 302 777 culandi
319 748 428 784 peritia,
444 753 473 775 ut
492 748 538 782 qui
558 748 642 775 telutn
664 751 738 774 recte
760 746 787 772 in
802 746 890 780 ipsam
907 745 975 772 diri-

191 801 246 830 gat.
271 794 417 822 Vulnerata
436 794 520 824 enim.
548 793 646 827 inquit,
664 791 815 818 dilectionis
834 799 892 817 sum
917 799 972 825 ego.

1030 203 1149 238 Νυμῳίῳ
1156 202 1317 237 δεικνύμενα
1328 211 1334 218 ·
1345 203 1403 229 ἐκεῖ
1417 202 1470 238 γὰρ
1483 202 1616 238 πραότης,
1634 202 1692 228 ἐκεῖ
1705 201 1736 228 τδ
1746 202 1812 236 ἀόρ-

1031 257 1123 284 γητον,
1140 249 1199 275 ἐκεῖ
1211 248 1241 274 τὸ
1258 248 1326 283 πρὸς
1342 249 1406 279 τοὺς
1421 248 1533 283 ἐχθροὺς
1550 247 1749 282 ἀμνησίκακον,
1765 255 1813 274 και

1028 295 1060 333 το
1070 295 1138 330 πρὸς
1161 295 1224 326 τοὺς
1252 294 1410 326 λυποῦντας
1428 294 1619 329 φιλάνθρωπον
1630 302 1637 310 ·
1649 295 1706 321 ἐκεῖ
1720 294 1750 320 τὸ
1767 295 1812 328 ὲγ-

1028 340 1130 375 κρατὲς
1144 340 1190 366 καὶ
1202 340 1386 375 μακρόθυμον,
1407 340 1456 367 καὶ
1470 341 1503 367 τὰ
1515 341 1606 375 ὃμοια·
1622 340 1640 367 ἃ
1656 340 1726 367 κατὰ
1737 340 1814 372 τάξιν

1028 385 1278 421 ἐπισυναπτόμενα,
1298 385 1483 421 χαριεστάτην
1497 386 1561 412 θέαν
1576 386 1733 421 ἐργάζεται,
1745 386 1814 422 πρὸς

1028 430 1095 465 ὕψος
1125 431 1263 463 πολιτείας
1289 432 1475 466 ἐπανάγοντα·
1502 432 1588 466 μῆλον
1605 431 1633 458 δὲ
1650 432 1663 458 ό
1678 431 1812 467 Χριστὸς,

1026 475 1070 503 διὰ
1078 477 1108 503 τὸ
1115 476 1210 503 λευκὸν
1224 476 1275 511 τῆς
1286 476 1388 512 σαρκὸς
1403 477 1451 503 καὶ
1463 476 1494 503 τὸ
1502 476 1618 513 ἐρυθρὸν
1629 476 1676 503 τοῦ
1687 476 1812 512 αἵματος,

1027 523 1074 550 καὶ
1088 523 1137 558 τὴν
1150 522 1199 549 τοῦ
1216 522 1395 558 κηρύγματος
1410 522 1534 550 εὐωδίαν.

1067 568 1244 602 Ὦριτένους.
1269 583 1306 589 -
1339 569 1367 595 '0
1397 568 1546 604 Σύμμαχος
1582 568 1668 601 οὕτως
1699 568 1814 595 ἐκδέδω-

1026 622 1085 640 κεν.
1111 623 1138 641 κ.
1151 623 1177 641 τ.
1193 614 1218 641 λ.
1234 613 1301 649 (3‘2).

1062 659 1123 685 Ὅτι
1142 659 1307 693 τετρωμένη
1328 658 1445 692 ἀγάπης
1463 658 1529 692 ἐγώ.

1059 704 1371 739 Γρηγσρίου.-Ταΰτα
1385 703 1510 732 εἰποῦσα.
1520 704 1627 730 ἐπαινεῖ
1642 703 1688 730 τὸν
1702 702 1816 738 τοξότην

1024 750 1073 785 τῆς
1088 750 1230 785 εὐστοχίας
1240 750 1277 781 ὡς
1289 749 1381 780 ’καλῶς
1392 749 1435 786 ἐπ’
1449 749 1535 784 αὐτὴν
1544 748 1576 775 τὸ
1585 749 1660 780 τέλος
1679 748 1812 774 ἰθύνοντα·

1027 795 1194 830 Τετρωμένη
1221 795 1287 830 γὰρ,
1306 794 1399 830 φησὶν,
1420 794 1538 829 ἀγάπης
1554 794 1610 827 ἐγὼ
1623 802 1630 808 ·
1641 794 1759 821 δείκνυσι
1776 794 1815 828 τῷ

192 839 318 866 Ostendit
337 839 388 866 hac
409 837 533 865 oratione
549 838 632 864 telum
647 837 718 871 quod
735 836 811 864 cordi
829 836 884 862 alte
908 836 975 862 insi-

1034 840 1101 875 λόγῳ
1111 840 1140 867 τὸ
1156 839 1232 874 βέλος
1247 839 1277 866 τὸ
1292 841 1325 874 τῇ
1340 839 1439 874 καρδίᾳ
1455 838 1553 874 βάθους
1565 839 1724 873 ἐγκείμενον
1736 847 1742 853 “
1757 841 1771 865 ὁ
1785 839 1814 865 δὲ

193 884 257 911 det:
277 883 439 919 sagittarius
455 886 546 910 autem
567 882 651 917 hujus
675 881 721 908 teli
738 885 780 908 est
804 879 914 907 dilectio
927 887 975 906 seu

192 929 315 956 oharitas
328 937 335 956 :
347 928 509 960 charitatem
521 931 612 954 autem
628 933 690 954 esse
704 926 788 952 Deum
805 924 950 952 didicimus
961 932 976 952 a

196 974 338 1010 Scriptura
349 975 384 1007 ’9,
400 974 447 1008 qui
461 973 577 1000 electunt
591 980 672 1000 suunt
687 972 859 1006 unigenitum
881 970 975 998 Jesutn

192 1020 335 1048 Christum
349 1020 449 1048 emittit
467 1019 494 1046 in
509 1027 556 1046 eos
573 1019 619 1053 qui
634 1022 780 1045 servantur
800 1017 897 1052 spiritu
915 1017 976 1043 vitae

194 1066 329 1101 triplicem
347 1065 434 1092 aculei
446 1064 589 1099 cuspidem
603 1063 734 1090 illiniens.
744 1062 871 1089 Aculens
884 1065 975 1088 autent

192 1117 234 1141 est
254 1113 331 1144 tides,
350 1115 379 1138 ιιι
393 1118 454 1145 quae
471 1111 564 1145 inquo
583 1109 676 1140 fuerit.
693 1116 755 1136 cum
773 1109 872 1144 sagitta
894 1107 976 1136 simttl

195 1158 314 1186 adducat
329 1157 514 1192 sagittarium,
542 1160 571 1182 ut
585 1156 651 1184 dicit
670 1155 802 1183 Dominus
816 1165 822 1182 :
841 1155 976 1188 Quoniam

195 1212 205 1229 ι
222 1203 276 1238 ligo
287 1207 313 1230 et
331 1201 413 1229 Pater
426 1201 567 1228 veniemus
583 1206 610 1228 et
629 1200 801 1227 mansionem
825 1201 895 1234 apud
915 1207 975 1226 eam

195 1247 326 1275 iaciemus
344 1246 375 1273 ’°.
394 1256 402 1273 ι
425 1245 504 1274 Videt
525 1254 590 1280 ergo
604 1253 665 1281 qua!
683 1253 730 1280 per
749 1245 858 1272 divinas
876 1252 976 1272 ascen--

194 1295 287 1321 siones
309 1293 336 1320 in
361 1293 445 1318 altum
473 1292 578 1319 sublata
600 1296 642 1319 est
661 1291 763 1324 anima,
787 1291 867 1318 dulce
892 1291 976 1317 telum

194 1339 339 1366 charitatis
354 1346 408 1373 qtto
438 1338 564 1365 sauciata
580 1337 630 1364 l‘uit
646 1337 672 1364 in
687 1336 846 1370 semetipsa.
860 1340 886 1362 et
897 1336 929 1363 dc
944 1343 976 1363 eo

194 1385 305 1412 vulnere
325 1384 459 1420 gloriatur
478 1383 573 1410 dicens
595 1392 601 1410 :
621 1383 753 1415 Quoniam
773 1382 913 1408 ruluerata
935 1382 976 1408 di-

195 1430 314 1457 lectionis
327 1438 386 1456 sum
406 1437 451 1464 ego
467 1437 475 1456 :
494 1428 549 1456 Nec
568 1429 619 1456 hoc
640 1429 743 1460 solum,
761 1428 809 1455 sed
832 1431 859 1454 et
873 1428 930 1462 ipsa
948 1428 977 1455 tit

195 1476 278 1503 telum
301 1476 328 1502 in
347 1474 474 1502 manibus
491 1474 625 1508 sagittarii
645 1483 651 1500 :
672 1473 784 1500 sinistra
805 1473 915 1508 quidem
930 1480 977 1498 ca-

1029 886 1140 920 τοξότης
1147 885 1194 912 τοῦ
1203 885 1307 920 βέλους,
1316 885 1332 919 ἡ
1342 885 1435 919 ἀγάπη
1453 884 1510 910 ἐστι
1523 892 1529 898 ·
1539 884 1588 919 τὴν
1603 884 1630 910 δὲ
1644 885 1754 919 ἀγάπην
1769 885 1815 911 τὸν

1029 931 1095 958 Θεὸν
1114 929 1183 958 εἶναι
1204 931 1281 966 παρὰ
1305 931 1355 965 τῆς
1368 930 1480 965 Γραφῆς
1506 931 1719 965 μεμαθήκαμεν,
1734 930 1763 962 ὃς
1786 930 1816 956 τὸ

1029 977 1158 1004 ἐκλεκτὸν
1175 977 1252 1012 βέλος
1266 976 1311 1003 τὸν
1328 975 1460 1011 μονογενῆ
1476 975 1540 1002 Υἱὺν
1556 975 1602 1002 ἐπὶ
1615 977 1677 1007 τοὺς
1695 975 1816 1009 σωζομέ-

1029 1031 1091 1054 νους
1101 1022 1248 1058 ἐκπέμπει,
1260 1021 1298 1057 τῷ
1314 1021 1451 1056 πνεύματι
1464 1021 1514 1055 τῆς
1530 1021 1603 1055 ζωῆς
1612 1030 1619 1037 ·
1633 1021 1683 1056 τὴν
1698 1021 1816 1056 τριπλῆν

1029 1068 1079 1103 τῆς
1100 1068 1191 1099 ἀκίδος
1215 1067 1307 1102 ἀκμὴν
1336 1066 1527 1101 περιχρῶσαν’
1551 1067 1614 1097 dixit:
1637 1066 1665 1092 δὲ
1689 1066 1705 1101 ἠ
1725 1066 1816 1096 πίστις

1029 1113 1102 1141 ἐστίν
1114 1120 1121 1128 ³
1146 1114 1189 1140 ἴνα
1212 1114 1240 1139 ὲν
1255 1110 1277 1147 ᾧ
1292 1112 1324 1138 ἂν
1337 1112 1450 1146 γένηται
1475 1112 1659 1147 συνεισαγάγῃ
1688 1112 1756 1146 μετὰ
1767 1111 1815 1138 τοῦ

1031 1159 1124 1195 βέλους
1137 1160 1184 1185 καὶ
1199 1158 1244 1185 τὸν
1258 1158 1380 1192 τοξότην,
1403 1157 1441 1189 ὥς
1457 1165 1538 1192 φησιν
1558 1158 1572 1184 ό
1588 1157 1705 1192 Κύριον
1725 1167 1734 1183 ἰ
1745 1157 1816 1191 Ἐγὼ

1029 1206 1077 1232 καὶ
1100 1206 1114 1232 ὁ
1139 1204 1235 1239 Πατὴρ
1258 1202 1447 1238 ἐλευσόμεθα,
1473 1203 1520 1229 καὶ
1548 1203 1632 1237 μονὴν
1653 1203 1719 1239 παρ’
1742 1203 1816 1238 αὐτῷ

1029 1252 1188 1285 ποιήσομεν.
1199 1259 1209 1275 ›
1231 1250 1296 1285 Ὁρᾷ
1312 1249 1400 1275 τοίνυν
1416 1249 1433 1284 ή
1445 1248 1488 1275 διὰ
1502 1248 1555 1275 τῶν
1566 1248 1645 1274 θείων
1657 1249 1816 1276 ἀναϐάσεων

1029 1296 1168 1331 ὑψωθείσα
1182 1294 1257 1330 ψυχὴ
1268 1295 1297 1321 τὺ
1309 1294 1395 1328 γλυκὺ
1409 1294 1458 1328 τῆς
1470 1294 1582 1330 ἀγάπης
1598 1294 1675 1329 βέλος
1690 1296 1718 1321 ἐν
1729 1296 1814 1329 ἑαυτῇ

1029 1337 1051 1376 ᾧ
1067 1340 1172 1376 ἐτρώθη
1183 1349 1190 1356 ’
1207 1340 1254 1368 καὶ
1273 1338 1404 1375 καύχημα
1415 1340 1532 1366 ποιεῖται
1546 1339 1595 1372 τὴν
1607 1340 1736 1373 τοιαύτην
1748 1340 1816 1375 πλη-

1028 1389 1080 1423 γὴν
1096 1387 1471 1422 λέγουσα·”οτιτετρωμένη
1489 1386 1607 1421 ἀγάπης
1621 1387 1677 1421 ἐγώ
1688 1396 1695 1402 ·
1714 1387 1744 1413 οὗ
1763 1387 1817 1422 μὴν

1029 1434 1097 1461 ἀλλὰ
1111 1434 1158 1460 καὶ
1175 1432 1243 1468 αὑτὴ
1258 1432 1363 1466 γίνεται
1379 1431 1456 1467 βέλος
1471 1433 1499 1459 ὲν
1511 1433 1571 1463 ταῖς
1588 1433 1667 1468 χερσὶ¹
1680 1432 1727 1459 τοῦ
1740 1432 1816 1464 τοξό-

1029 1488 1087 1510 του.
1104 1479 1155 1514 τῆς
1173 1479 1221 1513 μὲν
1239 1477 1379 1513 εὐωνύμου
1402 1478 1451 1513 τὴν
1471 1478 1592 1513 κεφαλὴν
1612 1477 1680 1513 πρὸς
1696 1478 1741 1504 τὸν
1761 1478 1817 1505 ἄνω

195 1525 243 1556 put
259 1521 291 1548 ad
311 1528 462 1556 supernum
484 1528 597 1554 scuputtt
614 1519 761 1554 dirigente,
783 1519 893 1546 dextera
915 1526 977 1546 vero

1034 1524 1132 1551 σκοπὸν
1145 1523 1311 1559 εὐθυνούσης
1321 1542 1328 1555 ,
1343 1525 1393 1559 τῆς
1412 1524 1503 1556 δεξιᾶς
1519 1524 1546 1550 δὲ
1563 1523 1629 1559 πρὸς
1645 1523 1743 1559 ἑαυτὴν
1759 1523 1817 1550 δια-

195 1569 280 1595 telum
294 1567 327 1593 ad
340 1575 370 1594 se
387 1566 540 1593 attrahentc
563 1566 617 1592 :ait
629 1573 694 1600 ergo
707 1575 713 1592 :

231 1612 315 1641 Vsus.
331 1613 357 1640 6.
382 1612 462 1640 Lceva
476 1612 533 1648 ejus
549 1612 596 1638 sub
617 1613 702 1646 capite
718 1620 774 1638 meo
790 1616 813 1638 et
826 1611 934 1639 dextera
946 1611 979 1638 il-

199 1660 250 1686 lius
267 1659 440 1691 amplectetur
451 1666 501 1685 me.

232 1703 340 1738 Cyrilli.
357 1719 389 1723 —
402 1703 520 1730 Sinistra
539 1702 639 1729 dicitur
654 1702 708 1734 lex,
725 1701 837 1729 dextera
860 1701 980 1735 Evange-

197 1748 276 1775 liutn.
304 1748 349 1774 νει
373 1748 481 1775 sinistra
505 1747 679 1782 intelligenda
702 1751 745 1774 est
772 1754 893 1781 praesens
912 1748 980 1778 vita,

197 1794 309 1821 dextera
333 1797 425 1820 autem
455 1792 569 1820 futura:
590 1800 651 1827 qua:
669 1792 777 1827 quidem
796 1799 840 1819 me
860 1792 982 1826 comple-

198 1843 298 1872 ctetur,
309 1843 452 1872 postquam
468 1838 500 1865 iis
511 1838 583 1872 quia
599 1837 704 1865 dextris
718 1843 798 1865 erunt
806 1837 910 1864 dictum
920 1837 980 1864 l'ue-

197 1885 234 1912 t'it
251 1893 257 1911 :
279 1894 288 1910 ι
309 1884 417 1916 Venite,
432 1884 566 1911 benedicti
583 1884 671 1911 Patris
687 1876 744 1910 mei
758 1883 789 1910 ".
810 1892 819 1909 ι

233 1928 364 1965 Gregorii.
379 1945 413 1950 —
434 1929 502 1956 Dicil
514 1929 596 1956 etiam
613 1929 676 1956 alibi
695 1938 702 1956 :
724 1939 732 1954 ι
750 1928 906 1963 Longitudo
920 1928 982 1955 vita:

198 1980 225 2004 et
241 1976 306 2003 anni
323 1975 384 2003 vita:
400 1980 464 2002 sunt
484 1975 510 2002 itt
528 1975 639 2002 dextera
653 1975 794 2009 sapientia;
807 1984 813 2000 :
826 1975 853 2001 in
868 1973 980 2001 sinistra

199 2029 264 2048 vero
284 2021 387 2048 divitia:
416 2025 444 2047 et
460 2019 546 2054 gloria
563 2018 596 2045 “.
618 2028 627 2044 ι
652 2017 769 2045 Dextera
796 2018 880 2053 igitur
907 2017 981 2045 illius

199 2067 357 2094 divinorum
384 2065 502 2093 srientia
518 2068 562 2092 est
583 2072 616 2092 ex
633 2071 687 2098 qua
706 2069 807 2090 a'terna
833 2063 886 2090 vita
909 2063 981 2090 exsi-

1028 1569 1219 1605 λαμϐανούσης
1238 1569 1269 1596 τὸ
1289 1569 1379 1603 βέλος·
1401 1569 1476 1603 φωνὴ
1496 1567 1554 1595 οὗν-

1065 1618 1100 1647 ς’.
1123 1615 1284 1648 Εὐώνυμος
1307 1615 1400 1641 αὑτοῦ
1422 1615 1481 1641 ὑπὸ
1507 1614 1565 1647 τὴν
1587 1615 1725 1649 κεφαλήν
1744 1623 1816 1649 μου,

1030 1661 1078 1688 καὶ
1096 1660 1115 1694 ἡ
1136 1660 1220 1692 δεξιὰ
1238 1660 1331 1687 αὑτοῦ
1351 1659 1552 1694 περιλήψεταί
1571 1669 1617 1695 με.

1065 1707 1260 1741 Κυρίλλου.-
1273 1703 1440 1740 Εὐώνυμοςό
1452 1706 1543 1741 νόμος,
1558 1706 1632 1739 δεξιὰ
1647 1706 1676 1733 τι.
1694 1707 1817 1741 Εὐαγγέ-

1029 1751 1087 1778 λιον
1097 1760 1104 1768 ι
1123 1751 1139 1786 ἢ
1153 1751 1200 1777 καὶ
1215 1750 1354 1786 εὐώνυμος
1369 1751 1383 1776 ό
1398 1749 1492 1786 παρὼν
1510 1750 1577 1785 βίος,
1587 1751 1662 1783 δεξιὰ
1672 1752 1685 1777 ὁ
1701 1751 1815 1786 μέλλων·

1029 1799 1047 1834 ἦ
1063 1808 1105 1830 τις
1128 1807 1162 1834 με
1178 1791 1371 1833 περιλήψεται,
1388 1798 1452 1824 ὅταν
1470 1788 1532 1828 Ντοίς
1550 1799 1593 1824 »ὲκ
1617 1797 1711 1830 δεξιῶν
1733 1798 1816 1833 εἴπῃ·

1035 1853 1043 1870 ι
1059 1843 1142 1870 Δεῦτε
1160 1844 1184 1869 οἱ
1203 1842 1383 1878 εὐλογημένοι
1401 1842 1448 1869 τοῦ
1467 1843 1574 1878 Πατρός
1594 1851 1656 1878 μου,
1672 1852 1681 1868 ι

1066 1931 1148 1965 Λέγει
1159 1930 1214 1965 (55)
1225 1929 1253 1956 δὲ
1266 1929 1314 1956 καὶ
1327 1929 1441 1965 ἑτέρωθι
1457 1930 1544 1964 μῆκος
1558 1928 1616 1963 βίου
1628 1928 1674 1955 καὶ
1687 1927 1735 1963 ἐτη
1746 1927 1819 1962 ζωῆς

1031 1978 1060 2004 ὲν
1074 1979 1107 2012 τῇ
1124 1976 1198 2012 δεξιᾷ
1209 1976 1258 2011 τῆς
1276 1975 1371 2010 σοφίας
1384 1983 1391 1990 ·
1409 1976 1439 2001 ὲν
1454 1975 1482 2001 δὲ
1495 1976 1527 2010 τῇ
1544 1975 1686 2009 ἀριστερᾷ,
1706 1973 1819 2006 πλοῦτος

1032 2023 1079 2050 καὶ
1092 2022 1155 2056 δόξα.
1166 2031 1173 2038 ·
1189 2022 1264 2054 δεξιὰ
1277 2021 1342 2056 γοῦν
1360 2021 1445 2055 αὐτῆς
1461 2021 1477 2056 ἡ
1493 2020 1546 2047 τῶν
1562 2020 1642 2047 θείων
1658 2020 1797 2055 ἐπιστήμη
1810 2028 1818 2034 ·

1031 2068 1061 2101 ἐξ
1072 2067 1106 2104 ἧς
1121 2069 1138 2103 ἡ
1155 2068 1263 2098 αἰώνιος
1279 2067 1334 2102 ζωή
1347 2075 1353 2083 ³
1372 2066 1505 2102 ἀριστερὰ
1529 2066 1557 2092 δὲ
1575 2067 1591 2100 ὴ
1607 2066 1661 2093 τῶν
1681 2065 1821 2101 ἀνθρωπί-

199 2114 265 2147 stit;
292 2113 404 2140 sinistra
426 2119 491 2139 vero
511 2111 631 2146 cognitio
649 2118 739 2137 rerum
765 2110 943 2136 humanarum
966 2116 977 2136 e

1034 2123 1084 2142 νων
1094 2114 1204 2148 γνῶσις,
1215 2113 1245 2145 ἐξ
1257 2109 1294 2140 ὧν
1306 2112 1422 2144 πλοῦτος
1435 2112 1484 2139 καὶ
1494 2113 1558 2144 δόξα
1568 2120 1574 2126 ·
1589 2112 1662 2146 λέγει
1677 2111 1767 2138 τοίνυν
1779 2111 1820 2137 ὅτι

199 2159 300 2193 quibus
315 2159 418 2186 divitia:
435 2162 460 2186 et
475 2157 573 2192 gloria,
586 2157 624 2183 ait
641 2155 724 2190 igitur
743 2165 749 2182 :
767 2155 842 2183 Mens
854 2162 913 2181 mea
933 2163 977 2182 su-

1034 2159 1159 2194 ὑπερέχει
1174 2159 1188 2185 ό
1203 2157 1265 2189 νοῦς
1281 2166 1333 2192 μου
1347 2157 1381 2184 τὰ
1395 2157 1553 2192 ἀνθρώπινα
1565 2165 1571 2171 ·
1586 2156 1632 2182 καὶ
1645 2157 1662 2190 ὴ
1677 2156 1738 2182 θεία
1748 2155 1820 2190 γνῶ-

201 2208 278 2239 perat
292 2204 411 2231 humana
427 2208 454 2230 et
467 2203 558 2230 ditina
575 2202 695 2237 cognitio
710 2206 782 2236 teget
800 2209 853 2229 me.
871 2201 977 2228 Etenim

1034 2214 1076 2237 σις
1093 2204 1207 2239 καλύψει
1230 2212 1278 2238 με.
1301 2203 1356 2230 Καὶ
1380 2203 1434 2238 γὰρ
1457 2203 1564 2237 εἴρηται
1589 2202 1687 2229 πάλιν·
1701 2201 1821 2236 Τίμησον

200 2256 297 2276 rursus
316 2248 419 2276 dictttm
441 2251 485 2275 est
506 2255 511 2273 :
527 2245 634 2274 llonora
651 2246 725 2273 illam
746 2250 775 2273 ut
796 2250 822 2273 te
838 2246 977 2280 amplecta-

1034 2250 1128 2286 αὐτὴν,
1142 2250 1185 2277 ἵνα
1199 2258 1228 2276 σε
1240 2249 1386 2285 περιλάϐῃ.
1403 2249 1529 2275 Δείκνυσι
1542 2248 1641 2277 τοίνυν,
1657 2248 1698 2274 ὃτι
1714 2249 1728 2274 ό
1740 2247 1822 2278 αὐτὸς

202 2298 258 2322 tur.
282 2292 408 2321 Ostendit
425 2292 516 2327 itaque
533 2291 658 2319 eumdem
676 2298 737 2318 esse
753 2295 780 2318 et
801 2290 936 2325 Sponsum
955 2295 977 2318 et

1035 2297 1083 2323 καὶ
1100 2296 1225 2331 Νυμφίος
1240 2295 1286 2322 καὶ
1301 2295 1411 2329 τοξότης
1427 2293 1504 2329 ἡμῶν
1519 2294 1577 2320 ἔστι
1600 2294 1701 2328 Νύμφη
1723 2301 1753 2319 τε
1775 2293 1822 2320 καὶ

201 2339 372 2372 sagittarium
388 2342 523 2369 nostrum,
541 2340 568 2363 et
588 2335 722 2371 Sponsam
735 2343 767 2363 ac
781 2337 908 2371 sagittam
921 2343 977 2363 esse

1038 2342 1113 2376 βέλος
1128 2342 1144 2376 ἡ
1160 2340 1353 2376 κεκαθαρμένη
1369 2340 1460 2375 ψυχή·
1479 2340 1517 2371 ὡς
1533 2339 1608 2374 βέλος
1623 2336 1670 2364 οὗν
1689 2337 1758 2373 πρὸς
1776 2337 1822 2364 τὸν

202 2391 298 2418 puram
312 2383 442 2410 animam.
461 2381 538 2409 Sicut
563 2381 645 2409 telum
660 2388 725 2416 ergo
750 2381 782 2409 ad
799 2382 899 2409 bonum
917 2382 977 2409 diri-

1038 2387 1140 2422 ἀγαθὸν
1166 2387 1273 2413 εὐθύνει
1295 2386 1412 2412 σκοπόν·
1436 2386 1474 2417 ὣς
1486 2385 1606 2420 Νύμφην
1624 2383 1663 2416 εις
1681 2383 1823 2410 κοινωνίαν

203 2440 218 2467 g
233 2437 388 2465 tscopum;
406 2430 446 2457 sic
458 2433 485 2456 et
496 2428 631 2464 Sponsam
649 2429 682 2457 ad
697 2430 919 2458 communionem
941 2439 977 2458 as-

1038 2432 1222 2467 ἀναλαμϐάνει
1238 2432 1287 2466 τῆς
1308 2431 1447 2467 ἀφθάρτου
1471 2431 1639 2465 ἁῖδιότητος·
1661 2430 1748 2465 μῆκος
1765 2429 1823 2465 βίου

203 2477 287 2505 sumit
303 2475 470 2510 incorrupta;
483 2475 686 2509 perpetuitatis.
700 2473 912 2508 Longitudinem
925 2477 977 2503 vita

1039 2480 1086 2506 καὶ
1102 2479 1149 2513 ἔτη
1168 2478 1250 2512 ζωῆς,
1265 2478 1309 2504 διὰ
1331 2478 1381 2512 τῆς
1404 2477 1493 2509 δεξιᾶς
1518 2476 1697 2512 χαριζόμενος
1709 2484 1716 2492 η
1736 2476 1779 2503 διὰ
1795 2475 1823 2503 δὲ

203 2527 288 2553 etiam
313 2525 339 2551 itt
358 2524 409 2550 hac
427 2523 479 2549 vita
505 2530 554 2558 per
573 2522 714 2550 dexteram
735 2522 868 2557 praebens,
893 2527 921 2549 et
936 2530 977 2556 pet

1036 2524 1086 2558 τῆς
1098 2523 1256 2558 ἀριστερᾶς,
1268 2523 1313 2549 τὸν
1325 2522 1379 2548 τῶν
1395 2521 1510 2548 αἰωνίων
1524 2521 1635 2555 ἀγαθῶν
1650 2519 1765 2547 πλοῦτον
1778 2521 1824 2546 καὶ

204 2567 343 2595 sinistram
367 2565 478 2594 divitias
509 2566 642 2593 bonorum
667 2571 832 2593 aeternorum
869 2566 903 2593 de
936 2565 977 2593 Del

1035 2569 1085 2605 τὴν
1097 2569 1142 2596 τοῦ
1154 2568 1222 2595 Θεοῦ
1235 2569 1314 2600 δόξαν
1324 2590 1330 2601 ,
1342 2567 1374 2604 ἦς
1389 2569 1413 2595 οί
1427 2567 1475 2603 τὴν
1492 2567 1539 2594 τοῦ
1560 2567 1662 2602 κόσμου
1681 2565 1824 2601 ζητοῦντες

204 2614 328 2648 gloriam,
352 2613 432 2647 cujus
451 2616 577 2647 expertes
595 2616 659 2640 sunt
673 2612 720 2648 qui
742 2613 837 2640 tuuttdi
869 2613 977 2647 gloriatt‘

1039 2615 1118 2647 δόξαν
1137 2615 1264 2650 ἀμέτοχοι
1280 2614 1399 2648 γίνονται
1410 2621 1417 2629 ’
1433 2613 1478 2641 διὰ
1491 2613 1570 2653 τοῦτό
1585 2621 1669 2648 φησιν
1680 2632 1688 2646 ,
1702 2613 1753 2647 ὃςι,
1767 2612 1824 2639 Εὐ-

189 2677 192 2680 ’
241 2682 263 2698 ’⁸
276 2681 286 2708 l
299 2682 378 2710 Joau.
391 2690 427 2716 tv,
442 2682 484 2710 16.
523 2682 546 2697 ³ο
560 2681 639 2708 .loan.
656 2681 764 2713 xtx,23.
801 2680 822 2696 ⁸¹
839 2679 920 2708 Prov.
939 2689 979 2714 Ill,
996 2681 1042 2709 26.
1081 2683 1103 2699 "
1119 2681 1215 2710 Matth.
1231 2689 1295 2714 xxv,
1316 2682 1361 2709 5L

942 2726 1054 2754 NOTIE.

243 2775 300 2809 (52)
315 2775 416 2803 Patrol.
433 2775 547 2807 LXVII,
564 2776 616 2803 col.
628 2775 691 2802 261.

245 2811 300 2847 (55)
320 2811 346 2838 In
362 2812 391 2838 (1.
405 2811 434 2837 lt.
458 2811 513 2838 haec
531 2817 593 2838 sunt
607 2810 742 2846 Gregorii,
770 2809 832 2838 dum
852 2810 878 2838 iu
895 2809 925 2838 (ἰ.
955 2809 984 2837 ν.
1000 2810 1051 2839 sub
1068 2809 1177 2838 nomine
1192 2809 1284 2844 Cyrilli
1296 2808 1497 2836 inseribuntur.
