1966 3074
167 97 236 130 1589

166 209 243 227 νεται
258 201 310 227 ὑπὸ
321 201 367 227 τὸν
380 202 480 228 σκοπὸν
492 203 521 228 τὸ
533 203 617 237 βέλος.
627 204 659 230 Ἦ
673 205 701 230 δὲ
711 205 784 238 δεξιὰ
794 206 874 232 αὐτοῦ
887 207 954 241 πρὸς

167 246 265 272 ἑαυτὸν
281 255 314 280 με
329 246 493 273 διαλαϐοῦσα
509 249 555 274 καὶ
570 249 792 286 ἐφελκυσαμένη,
805 252 909 286 κούφην
922 262 954 286 με

168 291 238 325 πρὶς
252 291 300 326 τὴν
316 291 372 318 ἄνω
388 293 473 326 φορὰν
489 294 690 329 ἀπεργάζεται·
714 297 795 329 κᾲκεῖ
810 299 954 333 πεμπομέ-

167 345 229 371 νην,
252 337 299 362 καὶ
317 337 362 363 τοῦ
385 338 493 369 τοξότου
513 341 550 375 μὴ
575 340 774 377 χωριζομένην,
792 343 893 377 μᾶλλον
911 344 956 370 ἐπ-

167 380 374 408 αναπαύεσθαι*
401 379 460 409 εἶτα
485 384 552 418 πρὸς
576 385 626 416 τὰς
651 386 805 422 θυγατέρας
828 388 877 422 τῆς
900 389 955 415 ἀνω

174 425 357 461 Ἰερουσαλὴμ
372 428 467 463 τρέπει
482 430 527 455 τὸν
541 430 620 464 λόγον
632 439 638 446 ·
651 432 665 458 ὁ
675 432 703 459 δὲ
717 432 795 466 λόγος
810 434 954 470 παράκλη-

168 470 210 501 σίς
225 471 300 496 ἐστιν
316 472 344 498 ὲν
358 473 431 507 ὅρκῳ
449 476 641 510 προσαγομένη
652 497 659 509 ,
672 477 719 503 τοῦ
733 477 892 510 πλεονάζειν
908 481 956 506 καὶ

167 516 295 548 ἐπαύξειν
316 518 360 544 ἀεὶ
376 518 425 554 τὴν
447 521 574 555 ἀγάπην
602 522 654 553 ἕως
676 523 709 550 ἂν
728 525 839 559 ἐνεργὸν
858 526 954 553 ἑαυτοῦ

166 563 268 598 ποιήσῃ
283 563 311 590 τὸ
330 564 454 600 θέλημα,
470 568 483 593 ὁ
499 567 584 594 θέλων
606 569 711 600 πάντας
724 560 886 606 ἀνθρώπους
900 581 954 599 σω-

166 608 245 643 θῆναι
265 611 312 636 καὶ
331 611 372 642 είς
390 611 537 646 ἐπίγνωσιν
556 614 685 649 ἀληθείας
704 616 802 645 ἐλθεῖν.

200 739 250 765 Διὰ
268 740 323 774 (34)
343 741 392 776 μὲν
410 742 457 769 τοῦ
477 744 618 780 εὐωνύμου
633 746 668 773 τὰ
682 747 730 774 τοῦ
747 748 880 782 παρόντος
897 750 955 785 βίου

163 785 376 833 αἰνίττεταιῖὠς
401 788 472 815 ἔοικε
496 791 580 823 καλὰ,
599 789 635 818 ὧν
660 793 709 828 τὴν
735 795 884 822 ἀπόλαυσιν
905 797 954 833 ἤδη

163 829 221 864 ἔχει
232 838 239 844 '
254 831 298 857 διὰ
321 832 349 858 δὲ
371 833 422 867 τῆς
436 833 536 868 δεξιᾶς,
551 836 601 871 τὴν
619 837 674 864 τῶν
692 839 844 874 μελλόντων
858 842 886 867 ὲν
903 829 953 868 έᾶτζ

162 875 308 920 αγγελίαις
318 877 482 912 προσδοκίαν
492 887 500 894 ”
515 876 551 906 ὧν
562 881 610 916 τὴν
625 883 723 917 χρῆσιν
735 885 763 910 ὲν
775 885 953 920 ἐπαγγελίαις

164 919 203 951 ὡς
220 919 343 948 λέλεκται
361 922 406 948 καὶ
421 923 512 950 ἐλπίσι
528 928 691 960 προσκείθαί
706 937 799 963 φησιν,
815 929 844 957 εὖ
862 931 890 957 δὲ
907 933 954 958 καὶ

163 966 194 991 τὶ
209 966 304 999 φάναι,
317 968 351 1002 τῇ
367 968 416 1002 μὲν
430 969 506 1005 δεξιᾷ
521 970 785 1007 περιλαμῦἀνεσθαι,
800 977 832 1012 τῇ
847 976 874 1002 δὲ
891 978 953 1012 ἀρι-

166 1012 252 1056 στερᾷ
268 1012 317 1047 τὴν
332 1013 454 1049 κεφαλὴν
474 1017 700 1046 ἐπαναπαύεσϐαι
713 1028 720 1035 ·
736 1021 777 1047 δεῖ
788 1021 842 1056 γὰρ
859 1023 892 1049 τὰ
906 1023 953 1049 τοῦ

164 1055 300 1101 παρόντος
315 1056 374 1090 βίου
390 1059 442 1085 κᾶν
456 1059 524 1086 πολὺ
540 1061 686 1095 νομίζηται
701 1066 805 1099 χρηστὰ
816 1055 861 1092 καὶ
876 1067 954 1101 περί-

164 1100 280 1148 δλεπτα,
297 1103 482 1139 ὑποτετάχθαι
496 1107 529 1141 τῇ
551 1108 654 1144 κεφαλῇ
670 1109 720 1144 τῆς
733 1111 842 1143 τελείας
853 1100 953 1148 ψυχῆς,

166 1145 252 1198 μόνην
265 1147 314 1182 τὴν
329 1148 481 1198 ἀναγκαίαν
496 1152 590 1186 χρείαν
606 1155 760 1189 παρέχοντα
776 1156 814 1191 τῷ
836 1145 953 1193 σώματι,

163 1190 202 1221 ὡς
220 1190 252 1216 τὸ
268 1193 490 1227 προσκεφάλαιον
503 1197 536 1231 τῇ
550 1199 654 1233 κεφαλῇ
666 1207 673 1214 ·
690 1199 723 1226 τὰ
737 1200 765 1226 δὲ
781 1190 827 1227 τοῦ
845 1190 955 1236 μέλλονξ

163 1243 214 1283 τοςῄ
224 1236 331 1269 αἰῶνος,
350 1239 443 1275 ἐπειδὴ
459 1241 518 1267 θεῖα
535 1242 598 1269 ὄντα
612 1244 704 1271 ἐπάνω
718 1246 767 1280 τῆς
781 1247 955 1283 ἀνθρωπίνης

165 1281 302 1330 tetri-“xz
320 1283 438 1317 φύσεως,
453 1286 498 1313 διὰ
518 1288 568 1323 τῆς
590 1290 761 1325 περιλήψεως
777 1293 806 1319 τὸ
823 1281 955 1330 ὑπερέχον

165 1327 276 1374 ᾐνίξατο
287 1336 296 1344 ·
308 1329 378 1365 τάχα
398 1330 437 1363 δὲ,
451 1332 600 1369 ἐπειδήπερ
615 1336 644 1362 αἱ
661 1338 751 1373 χεῖρες
769 1327 893 1374 πράξεών
902 1327 955 1368 alat

166 1372 320 1422 σύμϐολον,
333 1375 361 1401 αἱ
380 1375 408 1401 δὲ
424 1376 474 1411 τῆς
497 1377 643 1414 ἀριστερᾶς
667 1372 757 1416 χειρὸς
781 1372 903 1418 πράξεις,
921 1387 956 1412 τὰ

166 1418 213 1465 τοῦ
225 1418 360 1465 ᾲσώματος
375 1422 570 1455 σημαίνουσιν·
589 1425 618 1450 at
633 1425 661 1451 δὲ
683 1426 732 1459 τῆς
753 1427 843 1460 δεξιᾶς
859 1429 892 1455 τὰ
907 1431 955 1465 τῆς

154 1463 258 1510 ,φυχῆς
268 1471 275 1479 ·
293 1464 369 1497 δεξιὰ
381 1465 445 1493 ὄντα
458 1467 504 1493 τὸν
518 1468 624 1503 ἀμείνω
640 1471 740 1507 κλῆρον
753 1472 845 1508 εἴληχε
854 1495 861 1506 ,
878 1463 955 1510 περί-

166 1509 275 1556 ξχονται
291 1511 341 1542 τὰς
353 1513 513 1547 σωματικὰς
523 1515 646 1549 ἀνάγκας
656 1525 662 1531 ·
674 1517 711 1548 ὡς
727 1518 781 1553 γὰρ
794 1519 810 1553 ἡ
822 1520 954 1556 περιλαμ-

167 1555 287 1601 dimouere
302 1557 374 1592 χεὶρ,
390 1559 436 1584 καὶ
457 1559 550 1586 ἐπάνω
575 1561 633 1587 ἐστὶ
657 1562 704 1589 καὶ
728 1564 804 1595 ἐντὸς
832 1565 955 1601 ἀγκάλην

166 1599 223 1635 ἔχει
238 1601 268 1627 τὸ
287 1603 464 1638 περιληφθὲν,
480 1605 566 1637 οὕτως
581 1607 609 1633 αἱ
625 1607 693 1642 πρὸς
717 1608 761 1635 τὸν
783 1610 883 1636 σκοπὸν
907 1599 955 1645 τῆς

168 1645 318 1681 μελλούσης
331 1648 404 1683 ζωῆς
414 1650 636 1685 ἀποτεταγμέναι
649 1651 773 1687 πράξεις,
783 1655 838 1681 πᾶν
854 1655 955 1690 κίνημα

165 1691 214 1717 τοῦ
238 1692 365 1727 σώματος
384 1694 481 1729 ἄλογον
498 1698 743 1732 περισφίγγουσαι,
759 1699 890 1728 εὔτακτον
909 1703 956 1729 καὶ

166 1737 365 1774 συνδεδομένην
388 1741 552 1774 φυλάττουσι
573 1744 622 1778 τὴν
637 1744 727 1780 ζωὴνι
748 1746 803 1773 οὐδ’
813 1747 873 1779 ἐνὸς
897 1749 956 1774 ἐπι-

166 1781 307 1828 δουλεύειν
323 1783 482 1820 δυναμένου,
499 1788 531 1822 τῇ
549 1789 744 1826 περιληφθείσῃ
761 1791 813 1818 ὑπὸ
823 1791 869 1818 τοῦ
881 1792 956 1828 Νυμ-

166 1827 230 1861 (pinu
244 1828 328 1863 ψυχῇ.

202 1870 236 1910 ζ’.
250 1872 376 1906 Ὠρκισα
409 1875 498 1909 ὑμᾶς,
512 1877 672 1912 θυγατέρες
697 1879 896 1916 Ἰερουσαλὴμ
921 1881 956 1908 ἐν

165 1917 232 1950 ταῖς
248 1917 396 1953 δυνάμεσι
414 1921 463 1947 καὶ
483 1921 518 1948 ἐν
533 1923 597 1956 ταῖς
615 1924 759 1958 ίσχύσεσι
777 1926 832 1953 τοῦ
846 1927 953 1961 ἀγροῦ·

164 1962 370 2040 ἓὰέήὲτείρητε
383 1967 432 1993 καὶ
451 1966 618 2003 ἐξεγεῲητε
638 1969 694 2004 τὴν
708 1971 830 2006 ἀγάπην
850 1973 905 2007 ἕως
919 1971 955 2002 οὗ

186 2016 201 2033 ε
245 2017 298 2040 σῃ.

186 2016 220 2034 εκ
226 2016 298 2042 non.

188 2053 346 2102 :PlJAon'ac.
360 2069 397 2102 -—_-
409 2055 465 2102 Τάς
478 2056 534 2083 τῶν
549 2057 634 2091 ἁγίων
652 2059 756 2094 ὀρκίζει
776 2060 865 2096 ψυχὰς
886 2062 956 2089 κατὰ

166 2097 222 2123 τῶν
248 2097 417 2133 θεοσημειῶν
433 2100 466 2131 ἃς
488 2101 588 2135 ἔδειξεν
611 2104 641 2131 ἐν
666 2103 716 2140 βίῳ
730 2106 856 2140 Χριστὸς,
873 2116 956 2142 πρεσ-

165 2142 256 2174 ὕείαις
271 2144 419 2180 ἐξεγείρειν
431 2147 475 2172 τὸν
492 2147 573 2175 πόθον
588 2149 670 2176 αὐτοῦ
687 2150 755 2186 πρὸς
771 2151 866 2187 αὐτήν.
876 2152 955 2178 Ἀκύ-

166 2188 217 2219 λας
233 2189 261 2215 δὲ
277 2191 344 2224 φησὶ
357 2191 405 2217 καὶ
417 2191 580 2228 Σύμμαχος,
597 2196 644 2220 καὶ
658 2196 675 2231 ἡ
692 2197 805 2231 πέμπτη
828 2198 933 2230 ἔκδοσις
945 2207 952 2214 '

167 2233 298 2267 Ὠρκισα
311 2235 401 2269 ὑμᾶς,
414 2238 572 2272 θυγατέρες
588 2239 786 2275 Ἰερουσαλὴμ
798 2242 834 2268 ἐν
846 2242 953 2276 δορκά-

166 2286 232 2311 σίνν
257 2280 276 2313 ἧ
294 2280 329 2306 έν
350 2281 476 2316 ἐλάφοις
498 2283 555 2318 τῆς
578 2285 677 2319 χώρας
698 2286 889 2314 ἐκδιδόασιν·
906 2288 956 2316 καὶ

167 2324 236 2355 tam;
248 2325 274 2350 οἱ
288 2325 337 2359 μὲν
351 2326 502 2362 διορατικοὶ
512 2329 650 2365 δορκάδες,
662 2331 717 2357 ἀπὸ
730 2331 778 2357 τοῦ
790 2332 898 2366 δέρκειν
909 2333 955 2359 καὶ

168 2369 282 2404 βλέπειν
292 2379 299 2385 ·
316 2373 340 2398 oi
353 2372 382 2399 δὲ
398 2376 518 2406 γενναῖοι
532 2376 602 2402 κατὰ
616 2377 665 2412 τῆς
681 2377 779 2409 κακίας
795 2378 954 2412 ἀγωνισταὶ,

166 2416 218 2442 καὶ
233 2416 358 2449 ἀϐλαϐῶς
375 2418 550 2454 ἀναιροῦντες
568 2421 653 2457 αὐτῆς
664 2423 699 2450 τὰ
710 2425 877 2458 γεννήματα,
893 2423 955 2451 ἕλα-

167 2469 226 2510 φοι,
244 2461 304 2510 ἐπεὶ
317 2464 363 2510 καλ
376 2463 407 2510 τὸ
422 2464 490 2510 ζῶον
503 2465 591 2500 ὄφεών
608 2468 682 2494 ἐστιν
693 2468 877 2503 ἀναιρετικὸν,
887 2469 955 2504 πρὸς

165 2507 217 2532 τοῦ
233 2507 336 2533 τούτων
352 2508 393 2534 toﬁ
408 2509 445 2544 μὴ
460 2510 646 2545 βλαπτόμενον
656 2520 663 2528 ·
687 2513 740 2539 καθ
760 2510 798 2539 ὧν
812 2514 893 2548 ἀρκεῖ
907 2514 956 2550 τὴν

167 2553 284 2587 ἀγάπην
297 2553 435 2590 ἐξεγεῖραι
448 2556 528 2592 μέχρι
544 2557 651 2593 Θελήσει
665 2559 835 2594 χρηματίσαι
845 2560 957 2592 ταύταις

167 2600 186 2634 ἠ
206 2598 256 2625 τοῦ
270 2599 397 2633 Νυμφεου
416 2603 502 2636 φωνή.

206 2678 230 2694 ³³
249 2676 343 2704 ITim.
361 2683 393 2709 ιι,
404 2676 432 2704 ι.

643 103 908 135 COMMENTARII
927 105 968 136 IN
989 106 1149 136 CANTICA
1168 105 1312 136 CANTIC-

166 155 286 190 ώνυμος
299 156 392 183 αὐτοῦ
406 156 455 183 ἐπὶ
470 156 526 188 τὴν
544 158 681 192 κεφαλήν
692 168 768 193 μου,
785 160 818 187 δι’
830 158 864 196 ἦς
879 161 958 188 εὐθύ-

969 1498 990 1526 C

1718 105 1788 137 1590

973 165 993 191 A
1008 167 1134 196 (prterunt
1152 170 1158 188 :
1179 166 1321 195 propterea
1332 160 1398 188 dicit
1414 171 1419 188 :
1436 161 1552 188 Sinistra
1565 162 1622 196 ejus
1639 162 1686 188 sub
1702 163 1787 195 capita

1006 215 1073 237 mea.
1092 213 1140 240 per
1152 213 1232 240 quam
1250 205 1372 240 jaculum
1384 206 1511 241 dirigitur
1522 206 1555 232 ad
1572 213 1685 241 scopum
1703 207 1788 233 :dcx-

1005 256 1063 279 tera
1083 259 1148 278 vero
1169 252 1229 285 ejus
1250 258 1293 278 me
1315 251 1525 286 apprehendens
1540 256 1567 279 et
1585 252 1618 278 ad
1632 259 1662 278 se
1676 251 1787 279 trahens

1003 295 1085 324 ellicit
1102 297 1145 324 me
1160 297 1244 327 levem
1262 300 1291 323 ut
1307 305 1417 324 sursum
1431 297 1514 328 ferar,
1524 301 1551 323 et
1569 297 1632 324 illuc
1648 297 1787 328 mittanet

1005 350 1019 368 a
1028 342 1168 376 sagittario
1185 341 1298 368 minime
1309 348 1428 376 scparer,
1442 341 1510 368 adeo
1521 345 1550 368 ut
1557 345 1583 368 et
1592 341 1674 368 simul
1684 340 1788 368 feratur

1005 393 1053 420 per
1065 386 1260 420 jaculationem
1277 390 1304 413 et
1316 394 1331 412 a
1345 386 1479 420 sagittarii
1498 385 1624 413 manibus
1637 393 1690 413 non
1705 393 1788 420 sepa-

1005 434 1092 464 retur,
1117 432 1183 466 quin
1205 432 1295 466 potius
1314 432 1341 458 in
1359 432 1393 459 iis
1412 432 1602 465 conquiescat.
1623 431 1726 459 Deinde
1753 431 1787 458 ad

1006 475 1074 503 tilias
1090 484 1214 510 superna!
1231 475 1382 503 Jerusalem
1401 475 1535 503 convertit
1558 475 1721 503 orationem.
1739 476 1788 503 Est

1005 526 1095 548 autent
1108 521 1196 548 oratio
1212 521 1377 552 adhortatio,
1390 528 1451 555 quae
1463 521 1609 547 adhibetur
1630 528 1692 547 cum
1708 521 1787 556 adju-

1005 566 1120 599 rationc,
1137 571 1166 593 ut
1176 566 1296 593 charitas
1310 573 1418 600 semper
1437 565 1633 600 multiplicetur
1643 569 1670 592 et
1685 572 1785 600 augea-

1006 617 1059 646 tur,
1076 613 1163 640 donec
1191 613 1224 639 ad
1246 613 1371 640 ell‘ectum
1393 611 1536 639 deduxerit
1560 619 1637 639 suam
1664 611 1788 638 volunta-

1005 661 1071 688 tem.
1090 658 1136 692 qui
1160 657 1217 683 vult
1234 664 1330 684 omnes
1350 656 1440 684 salvos
1453 655 1513 683 ﬁeri
1527 660 1554 684 et
1566 656 1599 683 ad
1620 655 1786 690 agnitionem

1005 703 1098 729 venire
1115 702 1240 729 veritatis
1250 702 1283 729 ³⁸.

1041 745 1112 773 Nili.
1129 748 1224 774 —Per
1238 747 1380 774 sinistram
1398 745 1508 780 quidem
1526 744 1680 779 praesentis,
1697 747 1726 771 ut
1741 751 1787 772 so-

1006 793 1052 825 let,
1069 792 1131 818 vita:
1151 791 1223 818 bona
1241 791 1332 818 innuit
1347 798 1466 825 quorum
1484 790 1541 824 jam
1556 789 1661 816 obtinet
1678 788 1789 815 fruitioo

971 835 991 863 Β
1006 846 1067 866 nem
1085 847 1092 865 :
1110 845 1157 872 per
1173 837 1315 865 dexteram
1338 844 1403 864 vero
1420 836 1574 863 futurorum
1597 835 1624 861 in
1643 833 1788 869 promissis

1004 884 1237 919 exspectationem
1259 889 1376 917 quorum
1404 889 1483 908 usum
1498 881 1524 907 in
1542 880 1644 914 spebus
1660 879 1788 913 proposi-

1005 935 1060 957 tum
1076 930 1114 956 ait
1127 938 1133 956 :
1145 929 1228 956 Recte
1244 932 1334 956 autem
1354 927 1466 959 dicitur,
1482 925 1593 952 dextera
1609 924 1716 959 quidem
1729 931 1789 950 am-

1005 977 1096 1014 plecti,
1120 977 1233 1004 sinistra
1252 982 1317 1003 vero
1331 975 1415 1010 capiti
1430 974 1509 1009 quies
1528 971 1658 1007 impendi.
1673 970 1789 1005 Oportet

1003 1024 1076 1050 enim
1099 1022 1244 1057 praesentis
1257 1021 1319 1048 vitae
1334 1020 1417 1052 bona,
1431 1018 1557 1052 quamvis
1567 1017 1645 1044 valde
1663 1016 1742 1043 utilia
1761 1020 1789 1043 et

1004 1068 1154 1102 conspicua
1184 1066 1338 1098 videantur,
1362 1063 1463 1098 subjici
1485 1071 1532 1090 seu
1563 1061 1681 1101 supponi
1704 1060 1788 1095 capiti

1005 1113 1105 1140 animae
1135 1112 1270 1146 perfectm,
1285 1114 1314 1137 ut
1331 1109 1518 1137 necessarium
1531 1108 1665 1136 duntaxat
1679 1105 1788 1141 corpori

1005 1166 1083 1185 usum
1114 1148 1262 1192 prtebeant'
1284 1163 1338 1182 non
1370 1162 1450 1182 secus
1479 1161 1512 1181 ac
1542 1153 1625 1188 capiti
1647 1151 1787 1179 cervical:

1005 1202 1089 1230 futuri
1106 1209 1171 1230 vero
1190 1201 1282 1228 saeculi
1296 1200 1378 1231 bona,
1390 1203 1483 1234 utpote
1493 1198 1594 1229 divina.
1612 1197 1640 1224 in
1661 1203 1788 1231 supremo

1006 1249 1131 1275 humanm
1142 1252 1246 1274 natura:
1261 1247 1314 1274 sita
1327 1253 1375 1281 per
1393 1245 1537 1280 amplexus
1550 1243 1727 1270 eminentiam
1743 1241 1788 1268 in-

1005 1294 1138 1322 sinuavit.
1157 1293 1295 1321 Fortassis
1310 1299 1377 1319 vero
1393 1291 1456 1325 quia
1469 1289 1712 1317 manusactionum
1725 1290 1789 1315 sunt

1006 1339 1171 1375 symbolum,
1196 1339 1316 1366 sinistne
1336 1340 1426 1364 autem
1445 1343 1542 1363 manus
1557 1341 1641 1370 opera
1662 1334 1788 1368 corporis

1006 1384 1181 1418 signiﬁcant,
1208 1383 1329 1410 dextera:
1351 1389 1417 1409 vero
1441 1381 1561 1412 animm;
1586 1380 1638 1406 hoc
1662 1385 1789 1406 sermone

1006 1429 1175 1460 declarante,
1196 1427 1269 1463 quod
1292 1427 1390 1454 anima:
1411 1426 1521 1453 dextera
1535 1432 1597 1452 cum
1618 1424 1674 1451 sint
1694 1423 1789 1450 melio-

1006 1482 1063 1502 rem
1090 1479 1193 1501 sortem
1219 1472 1388 1500 obtinuerint
1421 1477 1567 1505 corporeas
1609 1468 1789 1495 necessitates

1006 1518 1217 1554 complectentia
1236 1526 1242 1544 :
1267 1517 1496 1552 quemadmodum
1513 1515 1585 1542 enim
1610 1521 1708 1540 manus
1729 1521 1789 1548 quae

1006 1565 1197 1600 complectitur
1219 1568 1246 1591 et
1267 1563 1386 1597 dcmper
1408 1566 1451 1589 est
1471 1565 1498 1589 et
1517 1561 1544 1588 in
1568 1560 1640 1587 ulnis
1658 1559 1740 1587 habet
1760 1559 1789 1586 id

1006 1610 1078 1644 quod
1101 1609 1279 1637 continetur:
1297 1609 1335 1636 ita
1349 1615 1411 1643 quae
1427 1607 1460 1634 ad
1477 1607 1575 1633 futurae
1593 1606 1656 1632 vitae
1670 1612 1784 1639 scopum

1005 1655 1139 1682 ordinatae
1154 1657 1218 1682 sunt
1231 1654 1363 1686 actiones,
1380 1659 1488 1679 omnem
1501 1654 1604 1677 motum
1614 1649 1738 1684 corporis
1750 1648 1798 1675 ir--

1006 1700 1167 1727 rationalem
1179 1699 1371 1734 suecingentes
1386 1699 1455 1725 bene
1470 1695 1649 1730 compositam
1661 1698 1690 1721 et
1708 1693 1788 1721 colli-

1006 1750 1096 1780 gatam
1118 1745 1203 1771 vitam
1224 1748 1345 1776 servant,
1371 1743 1411 1770 sic
1433 1746 1463 1769 ut
1485 1748 1566 1768 nemo
1585 1738 1788 1767 circumvenire

1005 1791 1093 1826 possit
1111 1791 1230 1818 animam
1245 1795 1327 1824 quam
1342 1788 1466 1824 Sponsus
1479 1786 1666 1822 amplectitur.

1040 1878 1126 1905 Vens.
1140 1878 1165 1904 7.
1182 1877 1313 1911 Adjuravi
1331 1884 1386 1908 vos,
1406 1875 1470 1910 ﬁlim
1483 1873 1647 1906 Jerusalem,
1663 1873 1691 1900 in
1707 1873 1788 1900 virm-

1007 1923 1075 1950 tibus
1090 1927 1115 1948 et
1134 1923 1162 1948 ἄη
1182 1922 1281 1948 viribus
1299 1921 1358 1955 agri
1373 1929 1381 1947 :
1394 1919 1622 1947 sisuscitaveritis
1643 1923 1669 1945 et
1693 1926 1787 1952 exper-

1005 1968 1069 2004 gisci
1084 1967 1192 2002 faciatis
1207 1966 1363 1993 c/iaritatem
1378 1963 1549 2000 quoadusque
1572 1963 1644 1990 velit.

1042 2057 1175 2083 Philonis.
1187 2071 1219 2076 —
1238 2054 1403 2082 Sanctorum
1421 2053 1528 2080 animas
1553 2053 1661 2087 adiurat
1674 2059 1723 2088 per
1736 2053 1789 2079 tui-

1006 2104 1099 2130 racula
1119 2110 1180 2137 qua
1199 2101 1336 2132 Christus,
1354 2100 1418 2127 dum
1433 2100 1460 2127 in
1478 2100 1530 2127 hac
1547 2100 1603 2126 vita
1615 2102 1785 2131 versaretur,

971 2158 992 2186 ι)
1008 2148 1139 2176 divinitus
1150 2147 1278 2182 patravit,
1295 2150 1324 2172 ut
1333 2145 1458 2180 precibus
1468 2145 1528 2172 suis
1544 2144 1715 2178 interpOsitis
1723 2143 1784 2178 ejus

1006 2201 1126 2221 amorem
1141 2193 1167 2220 in
1182 2200 1242 2220 eam
1255 2192 1386 2219 excitent.
1399 2191 1496 2226 Aquila
1508 2193 1598 2217 autem
1615 2197 1647 2217 ac
1660 2189 1783 2225 Symma-

1007 2241 1076 2268 chus
1087 2243 1113 2267 et
1126 2238 1221 2273 quinta
1239 2237 1324 2266 editio
1333 2238 1373 2264 sic
1387 2237 1490 2264 habent
1507 2245 1514 2263 :
1529 2236 1635 2270 Adjuro
1648 2243 1704 2267 vos.
1721 2235 1787 2269 ﬁlia;

1006 2285 1167 2317 Jerusalem,
1181 2291 1226 2318 per
1238 2291 1348 2318 capreas
1366 2282 1406 2310 vel
1418 2290 1508 2309 cervos
1522 2281 1618 2315 campi.
1633 2280 1665 2307 Et
1688 2281 1789 2308 fortas—

1008 2331 1046 2358 sis
1068 2330 1240 2364 perspicaces
1258 2328 1389 2355 dicuntur
1412 2334 1520 2362 capreae
1544 2324 1695 2361 (δορκάδες)
1711 2333 1726 2352 a
1746 2325 1789 2352 vi-

1008 2374 1097 2402 dendo
1121 2373 1249 2409 (δέρκειν)
1266 2377 1293 2399 et
1317 2372 1465 2402 cernendo,
1492 2371 1510 2398 ii
1527 2378 1593 2398 vero
1608 2370 1654 2405 qui
1682 2369 1789 2397 fortiter

1008 2425 1102 2448 contra
1129 2419 1334 2454 improbitatem
1365 2418 1504 2445 luctantur
1532 2417 1648 2452 ejusque
1667 2416 1787 2444 sobolem

1007 2466 1134 2492 tollentes
1147 2464 1216 2491 nihil
1230 2463 1386 2491 detrimenti
1408 2462 1533 2497 capiunt.
1551 2463 1625 2490 cervi
1644 2465 1786 2492 vocantur.

1009 2511 1144 2545 siquidem
1157 2517 1255 2537 cervus
1274 2513 1416 2544 serpentes
1429 2508 1531 2536 occidit
1541 2514 1629 2542 neque
1643 2506 1679 2534 ab
1691 2513 1786 2533 eorum

1009 2563 1115 2582 veneno
1133 2554 1257 2586 laeditur;
1277 2557 1373 2581 contra
1397 2560 1468 2587 quos
1491 2553 1651 2579 charitatem
1667 2549 1787 2578 excitare

1009 2600 1120 2633 sullicit,
1131 2599 1217 2627 donec
1228 2598 1327 2634 Sponsi
1339 2605 1389 2626 vox
1406 2598 1460 2625 illis
1476 2597 1641 2633 respondere
1656 2595 1785 2624 voluerit.

921 2731 1025 2761 NOTAE
1030 2752 1037 2761 .

207 2781 265 2812 (Si)
282 2780 343 2809 ΙΙπο
354 2785 450 2809 sancto
466 2779 528 2808 Nilo
543 2779 664 2808 vindicat
675 2777 706 2807 C.
721 2778 753 2805 Β.
