1966 3074
189 77 255 109 1591

850 78 1025 110 PROCOPII
1039 80 1160 111 GAZIEI

1735 75 1808 108 1592

223 131 352 168 Gregorii.
367 148 401 152 —
413 132 511 159 Anima
522 132 549 160 in
568 132 686 162 sublime
702 133 888 166 ascendendo,
903 141 967 169 pro-

1055 136 1231 171 Γρη-γορίου.
1243 135 1317 162 -Ἦ
1329 134 1397 171 πρὸς
1407 134 1438 160 τὺ
1451 133 1519 169 ὕψος
1529 132 1721 168 ἀναδραμοῦσα
1733 131 1810 167 ψυχὴ

188 185 287 212 perans
315 177 485 205 discontibus
511 178 658 206 animabus
681 186 856 214 progressum
879 179 913 206 ad
943 179 971 207 id

188 222 262 257 quod
283 222 434 257 perfectum
459 226 503 251 est
518 230 669 258 exponens,
697 231 745 259 per
768 224 969 258 adjurationem

188 275 236 295 eas
257 267 290 295 ad
308 267 376 294 iram
399 267 512 295 virtutis
529 267 693 301 manudicit,
708 268 803 296 dicens
817 277 824 297 ε
837 269 915 301 Quod
935 267 969 301 si,

189 319 206 339 ο
221 313 364 348 discipulae
373 313 482 346 animae,
494 313 630 349 prohcitis
642 313 788 340 virtutibus
804 321 890 349 usque
904 313 969 341 dum

188 359 326 387 suscitetis
345 359 551 394 et-expergisci
573 359 681 387 faciatis
700 360 874 392 charitatem,
896 359 970 395 quod

188 403 293 438 estjam
311 404 424 431 elevata:
439 408 467 431 et
484 411 593 439 semper
607 412 656 439 per
666 404 820 440 profectum
842 404 868 431 in
882 404 970 439 majus

188 453 285 482 auctae,
297 448 385 478 donec
403 449 435 477 ad
452 449 532 478 ﬁnem
547 450 638 479 veniat
651 451 722 477 bona
733 450 820 486 ipsius
831 450 969 483 voluntas,

187 497 218 521 ut
230 494 256 521 in
274 501 358 522 carne
370 495 465 523 vivens
474 503 527 522 non
545 496 664 530 amplius
680 495 833 529 secundum
858 503 969 523 carnem

187 539 272 573 vivat,
287 543 315 568 et
336 541 363 568 in
380 548 445 575 agro
463 540 544 576 hujus
565 540 658 568 mundi
671 540 784 575 degens,
800 540 915 568 virtutes
930 540 971 567 in-

188 589 298 612 tueatur
315 585 465 621 angelicas,
483 593 532 620 per
544 587 702 621 passionum
720 586 896 618 vacuitatem,
921 593 972 612 an-

187 630 304 665 golicam
316 630 463 665 puritatem
480 631 626 662 imitando.
644 630 766 659 Virtutes
781 630 854 657 enim
863 630 971 657 etvires

188 673 247 708 agri
264 674 322 701 sive
341 674 435 701 mundi
456 675 528 701 sicut
550 675 681 710 angelicae
706 675 844 708 virtutes;
866 674 971 702 amrmo

187 727 235 749 vos
248 719 403 754 angelicum
422 721 449 748 in
473 721 680 756 regeneratione
696 725 797 751 statum
816 720 969 748 habituros.

187 763 235 793 Vis
253 769 344 793 autem
356 770 398 794 est
415 767 557 804 potentia;
576 767 598 794 si
611 767 722 802 quidem
737 766 914 801 singulariter
930 766 971 797 di-

185 811 258 838 citur
271 811 304 838 ad
319 811 441 840 divinum
450 820 550 841 numen
563 813 681 840 refertur
689 819 788 842 sensus
801 813 881 840 istius
891 811 967 839 modi
984 805 1005 835 Β

185 858 279 891 Vocis;
295 857 338 890 sin
361 865 426 885 vero
444 858 586 892 pluraliter
600 858 753 893 angelicam
770 862 898 884 naturam
920 865 970 885 ex-

185 901 272 930 hibet.
294 902 363 929 lllud
385 906 474 930 autent
502 902 627 937 adjuravi
643 910 693 941 pro
713 902 810 937 adjuro
837 901 967 936 positum.

185 945 375 978 .lttramentum
388 953 469 981 porro
484 949 526 979 est
535 953 627 973 sermo
641 954 688 988 per
699 954 728 973 se
744 945 886 973 veritatem
900 952 970 972 con-

186 989 309 1020 firmans.
324 989 426 1021 dicitur
439 995 529 1018 autem
541 990 740 1026 jar-amentum,
752 990 809 1018 sive
821 989 895 1024 juret
907 989 969 1024 quis

186 1035 242 1062 sive
254 1035 406 1069 adjuvetur.

221 1087 398 1121 Nili.—lllud
406 1092 523 1122 excitare
532 1092 674 1121 manifeste
683 1091 793 1127 quidem
807 1085 914 1118 filiabus
923 1089 969 1118 Je-

186 1136 304 1165 rusalem
316 1136 431 1170 dictum.
441 1137 489 1165 sed
501 1138 527 1165 in
540 1145 595 1172 quo
603 1137 776 1169 charitatem,
787 1145 820 1164 an
831 1136 858 1163 in
870 1135 968 1171 seipsis

185 1188 221 1208 an
232 1181 258 1208 in
274 1188 386 1215 sponso,
396 1189 429 1208 au
440 1182 466 1208 in
478 1182 537 1217 ipsa
547 1183 684 1217 loquente,
699 1189 753 1209 non
763 1182 864 1216 liquet:
879 1180 967 1215 siqui-

185 1225 246 1253 dem
269 1226 352 1261 igitur
378 1227 404 1254 in
425 1227 480 1255 illis
505 1227 664 1255 charitatem
675 1227 790 1254 excitari
808 1227 865 1253 vult
879 1228 968 1261 potest

185 1271 339 1299 istiusmodi
358 1272 421 1306 quid
436 1273 528 1301 dieare
539 1281 546 1300 :
558 1272 580 1300 0
592 1273 675 1300 tardae
685 1277 712 1300 et
723 1280 781 1308 quae
794 1272 900 1307 prosint
913 1279 968 1299 non

186 1315 348 1350 sentientes,
368 1324 500 1353 quantum
514 1319 583 1347 lucri
599 1327 647 1355 per
658 1320 793 1347 inscitiam
817 1318 967 1354 negligitis.

184 1364 258 1398 quod
269 1364 448 1399 diligentibus
467 1364 604 1400 Sponsum
619 1373 652 1392 ex
665 1365 812 1392 dilectione
828 1365 945 1400 obtingit
958 1365 966 1392 ι

185 1408 291 1443 Adjuro
307 1417 355 1438 vos
369 1417 416 1445 per
425 1411 540 1438 virtutes
553 1411 611 1445 agri
624 1419 685 1446 quae
696 1419 740 1438 res
758 1411 851 1438 mundi
867 1411 967 1446 guber-

184 1450 293 1481 naut'ct
308 1454 380 1482 vires
391 1455 621 1490 ipsarumquibus
637 1456 810 1486 adversarios
823 1459 968 1490 enervant!

184 1500 307 1527 excitare
324 1501 440 1536 sopitam
468 1501 495 1530 in
520 1501 598 1528 vobis
617 1506 645 1533 et
666 1501 872 1537 expergefacere
901 1508 967 1536 erga

186 1544 323 1580 Sponsum
334 1546 496 1575 charitatem
506 1549 534 1577 et
544 1553 693 1581 agnoscere
709 1547 876 1581 voluptatem
885 1553 966 1581 quam

184 1598 217 1617 ex
231 1590 290 1625 ejus
303 1591 471 1625 experientia
492 1590 581 1625 capio.
600 1590 770 1619 Adhortatur
784 1597 877 1620 autem
893 1591 967 1626 ipsas

186 1635 294 1662 illarum
311 1635 419 1663 lucrum
432 1639 559 1670 spectans
569 1639 596 1667 et
607 1636 752 1669 utilitatem
766 1644 860 1665 earum
879 1636 968 1664 consi-

186 1680 285 1708 derans
300 1680 341 1714 ζειί
361 1685 452 1710 autem
466 1681 567 1716 Sponsi
582 1681 746 1714 charitatem
764 1682 879 1710 excitari
895 1681 967 1717 vult‘

186 1725 249 1757 hoc,
258 1725 359 1761 inquit,
371 1725 471 1760 adjuro
484 1733 542 1759 vos,
556 1726 617 1754 filim
631 1725 795 1760 Jerusalem,
805 1730 836 1759 ut
852 1726 886 1759 ad
897 1726 966 1754 dile-

185 1774 259 1797 ctum
276 1778 366 1801 meum
384 1770 535 1802 accedatis,
548 1778 694 1805 meumque
708 1770 832 1804 affectum
851 1771 902 1806 ipsi
919 1779 966 1798 an-

186 1815 328 1848 nuntietis,
357 1815 494 1850 quomodo
519 1815 607 1850 ipsum
629 1815 746 1851 diligens
763 1816 837 1843 domi
856 1823 968 1844 manere

185 1868 241 1887 non
257 1860 335 1888 valeo
349 1860 502 1895 expellente
523 1868 565 1891 me
579 1860 717 1893 desiderio
742 1865 769 1888 et
793 1868 891 1890 omnes
909 1861 966 1891 vias

184 1903 262 1932 obire
276 1908 401 1939 cogente,
418 1912 483 1933 num
497 1905 568 1932 forte
586 1904 700 1935 fortuna
714 1905 796 1935 etiam
815 1909 906 1932 amato
922 1912 967 1932 oc-

183 1959 306 1979 curram.
326 1951 494 1979 Subdubitat
515 1952 589 1988 enim
607 1952 735 1982 tortztssis
759 1959 794 1981 an
812 1959 907 1980 revera
926 1951 967 1979 di-

184 1998 296 2033 ligatur,
313 1997 420 2025 tametsi
443 1998 500 2032 jam
518 1997 622 2032 pridem
638 1998 697 2026 visa
714 1998 751 2025 sit
764 1998 921 2026 occurrisse
934 2005 967 2025 ac

184 2051 327 2074 sermones
341 2051 355 2070 a
371 2042 479 2078 Sponso
503 2043 642 2071 iuaudisse
666 2043 714 2078 qui
730 2043 905 2070 dilectionem
922 2043 968 2070 de-

183 2092 337 2117 monstrent
352 2097 359 2116 :
376 2088 503 2116 subducit
518 2096 547 2115 se
563 2096 681 2123 namque
695 2088 818 2123 Sponsus
835 2095 889 2115 non
902 2095 966 2115 raro

1020 182 1081 212 ταῖς
1098 181 1333 217 μαθητευομέναις
1355 180 1466 215 ψυχαῖς,
1488 178 1537 214 τὴν
1563 178 1631 213 πρὸς
1652 177 1683 204 τὸ
1704 177 1809 204 τέλειον

1020 227 1134 263 πρόοδον
1150 226 1326 262 ὑφηγουμένη
1338 225 1382 252 διὰ
1392 224 1439 251 τοῦ
1453 222 1586 260 ὁρκισμοῦ
1602 222 1730 258 πρὺςιτδν
1741 231 1791 249 κατ
1800 222 1809 233 '

1020 273 1122 308 ἀρετὴν
1139 272 1304 308 χειραγωγεῖ
1322 272 1378 307 βίον
1394 270 1554 306 φάσκουσα·
1574 269 1615 295 ὅτι
1638 268 1686 295 ἐὰν
1706 268 1733 295 αἶ
1755 276 1809 302 μα-

1021 319 1197 354 θητευόμεναι
1210 318 1295 353 ψυχαὶ
1310 316 1481 353 προκόπτητε
1498 315 1558 346 ταῖς
1581 315 1694 349 ἀρεταῖς
1711 313 1808 349 μέχρις

1020 365 1053 392 ἂν
1067 364 1191 400 ἐγείρητε
1208 363 1255 391 καὶ
1271 363 1427 398 ὲξεγείρητε
1441 361 1490 397 τὴν
1505 360 1632 395 ἀγάπην,
1650 360 1718 394 ὅπερ
1734 359 1808 386 ἐστὶν

1020 410 1176 445 ὑψουμένης
1189 412 1219 436 τε
1237 409 1284 436 καὶ
1297 409 1341 436 ἀεὶ
1354 408 1398 435 διὰ
1414 406 1573 444 προσθήκης
1590 405 1659 440 πρὸς
1669 405 1699 431 τὺ
1715 404 1806 439 μεῖζον

1021 455 1234 490 ἐπαυξουμένης,
1253 454 1302 482 καὶ
1314 455 1353 486 είς
1367 453 1454 488 πέρας
1474 452 1536 487 ἔλθῃ
1556 451 1587 478 τὸ
1608 450 1708 485 ἀγαθὸν
1721 449 1806 477 αὑτοῦ

1021 501 1136 536 θέλημα,
1151 500 1221 527 ὥστε
1243 500 1272 526 ἐν
1289 499 1371 534 σαρκὶ
1388 498 1488 530 ζῶσαν,
1506 497 1604 532 μηκέτι
1623 496 1693 523 κατά
1716 495 1807 530 σάρκα

1021 547 1079 582 ζῇν,
1090 546 1137 573 καὶ
1151 546 1179 572 ἐν
1191 545 1229 581 τῷ
1242 544 1320 581 ἀγρῷ
1334 543 1380 571 τοῦ
1397 543 1500 578 κόσμου
1511 543 1668 576 διάγουσαν,
1677 541 1744 575 πρὸς
1756 540 1808 572 τὰς

1020 592 1151 627 δυνάμεις
1177 591 1284 627 βλέπειν
1308 590 1357 622 τὰς
1384 588 1552 624 ἀγγελικάς·
1568 587 1740 623 μιμουμένας
1765 586 1807 613 δι’

1021 638 1155 669 ἀπαθείας
1166 637 1215 672 τὴν
1232 635 1379 672 ἀγγελικὴν
1395 634 1569 670 καθαρότητα
1579 640 1585 648 '
1607 632 1736 667 δυνάμεις
1751 631 1806 666 γὰρ

1020 684 1068 710 τοῦ
1090 683 1175 718 ἀγροῦ
1199 683 1258 718 ἦτοι
1282 682 1329 709 τοῦ
1359 681 1472 716 κόσμου,
1489 678 1635 714 ἀγγελικαὶ
1656 677 1804 712 δυνάμεις·

1022 730 1117 757 πιστοῦ
1122 739 1199 765 μεναι
1213 729 1287 764 ἡμᾶς
1300 727 1448 761 ἀγγελικὴν
1459 725 1515 758 ’ἐξιν
1525 727 1554 752 ἐν
1566 726 1598 761 τῇ
1609 722 1806 758 παλιγγενεσία

1022 775 1191 803 κατάστασιν
1201 782 1207 789 ·
1226 775 1302 808 ἰσχὺς
1316 774 1344 800 δὲ
1359 773 1405 800 καὶ
1417 772 1531 806 δύναμις
1544 771 1567 798 εἰ
1584 770 1634 806 μὲν
1650 769 1745 800 ἑνικῶς
1760 768 1806 794 λέ-

1019 830 1109 856 γεται,
1119 821 1187 856 πρὸς
1203 819 1233 846 τὺ
1246 820 1321 846 Θεῐον
1335 818 1523 853 ἀναπέμπεται
1537 818 1553 852 ἠ
1569 816 1673 843 διάνοια
1690 815 1739 849 τῆς
1750 823 1806 841 τοι-

1021 866 1106 901 αύτης
1132 865 1239 901 φωνῆς·
1257 865 1282 891 εἰ
1305 865 1333 891 δέ
1353 862 1568 899 πληνθυντικῶς,
1583 862 1633 896 τὴν
1656 859 1805 895 ἀγγελικὴν

1021 911 1100 946 φύσιν
1117 912 1266 947 παρίστησι
1278 918 1285 925 '
1303 910 1333 936 τὸ
1348 909 1377 936 δὲ
1391 909 1515 943 ὦρκισα,
1528 907 1587 934 ἀντὶ
1608 906 1656 933 τοῦ
1679 905 1782 938 ὁρκίζω
1794 913 1802 921 ’

1020 957 1101 991 ὅρκος
1113 957 1141 982 δέ
1155 956 1214 982 ἐστι
1227 955 1305 989 λόγος
1318 953 1498 989 πιστούμενος
1513 952 1546 979 δι’
1560 951 1657 979 ἑαυτοῦ
1673 950 1721 986 τὴν
1737 950 1804 985 ἀλή-

1020 1002 1111 1029 θειαν-
1134 1002 1215 1037 ὅρκος
1235 1000 1264 1028 δὲ
1286 1000 1412 1035 λέγεται,
1431 998 1484 1026 κᾶν
1500 998 1598 1034 ὖμνυσί
1619 1006 1661 1029 τις
1683 996 1734 1024 κᾶν
1755 995 1804 1032 ὀρ-

1020 1047 1106 1082 κωθῇ.

1054 1093 1173 1120 Νείλου.
1188 1105 1221 1112 —-
1236 1091 1274 1118 Τὸ
1290 1090 1339 1126 μὲν
1355 1088 1504 1124 διεγεῖραι,
1520 1087 1614 1123 σαφῶς
1633 1088 1694 1118 ταῖς
1718 1086 1804 1118 θυγα-

1019 1140 1115 1174 τράσιν
1131 1137 1309 1173 Ἰερουσαλὴμ
1322 1136 1449 1171 εἴρηται·
1465 1134 1515 1170 τὴν
1529 1135 1558 1162 ἐν
1571 1134 1625 1161 τίνι
1640 1133 1669 1160 δὲ
1681 1133 1803 1167 ἀγάπην,

1019 1185 1068 1219 τὴν
1083 1185 1112 1210 tv
1131 1184 1236 1215 αὑταῖς,
1252 1182 1268 1218 ἢ
1285 1181 1335 1217 τὴν
1347 1182 1377 1208 ἐν
1394 1180 1433 1216 τῷ
1445 1181 1563 1216 νυμφίῳ,
1582 1179 1598 1214 ἢ
1611 1179 1661 1214 τὴν
1675 1179 1745 1213 αὐτῇ
1758 1177 1803 1204 λε-

1018 1230 1114 1265 γούσῃ,
1135 1230 1241 1264 ἄδηλον.
1259 1230 1289 1255 Εἰ
1307 1228 1356 1264 μὲν
1372 1227 1418 1254 οὖν
1432 1227 1483 1262 τὴν
1507 1226 1536 1252 tv
1561 1225 1678 1256 ἐκείναις
1693 1223 1805 1258 ἀγάπην

1018 1275 1189 1310 διεγερθῆναι
1203 1274 1333 1309 βούλεται,
1345 1273 1456 1300 δύναται
1471 1270 1592 1298 τοιοῦτόν
1605 1278 1632 1296 τι
1646 1269 1749 1304 λέγειν·
1761 1269 1803 1295 ὅτι

1018 1318 1053 1347 Ὠ
1067 1320 1173 1355 βραδεῖς
1184 1319 1231 1346 καὶ
1239 1318 1430 1353 ἀσυναίσθητοι
1445 1316 1499 1343 τῶν
1510 1324 1541 1342 συ
1546 1314 1712 1350 μφερόντων.
1722 1313 1805 1340 πόσον

1018 1365 1113 1400 κέρδος
1129 1365 1268 1400 παρορᾶτε
1284 1364 1328 1391 διὰ
1343 1362 1488 1398 ἁπειρίανῐ
1506 1361 1592 1396 Ὅπερ
1605 1360 1660 1391 τοῖς
1675 1359 1804 1392 ἀγαπῶσι

1018 1410 1064 1437 τὸν
1085 1409 1222 1444 Νυμφίον,
1246 1410 1278 1435 ἐκ
1298 1408 1346 1435 τοῦ
1361 1407 1471 1442 ἀγαπᾷν
1494 1405 1663 1442 περιγίνεται
1677 1413 1684 1419 ·
1700 1402 1806 1438 ὁρκίζω

1019 1456 1091 1490 ὑμᾶς
1106 1454 1176 1482 κατά
1190 1454 1244 1481 τῶν
1256 1454 1396 1489 δυνάμεων
1411 1452 1457 1480 τοῦ
1471 1451 1569 1487 ἀγροῦ,
1584 1450 1637 1477 τῶν
1650 1449 1685 1476 τὰ.
1695 1448 1742 1475 τοῦ
1757 1448 1804 1475 κό-
1813 1487 1819 1495 ⁹

1020 1509 1088 1535 σμου
1103 1499 1271 1531 διοικουσῶν,
1280 1499 1327 1526 καὶ
1340 1499 1388 1532 τῆς
1402 1497 1491 1532 ἰσχύος
1506 1492 1623 1531 αὐτῶνῇ
1637 1493 1804 1528 καταργοῦσι

1017 1545 1080 1577 τοὺς
1103 1544 1252 1576 ἐναντίους,
1268 1544 1372 1578 ἐγεῖραι
1397 1541 1579 1570 καθεύδουσαν
1602 1541 1631 1567 ἐν
1656 1540 1739 1575 ἡμῖν,
1757 1539 1803 1566 καὶ

1017 1591 1152 1626 ἐξεγεῖραι
1164 1590 1213 1626 τὴν
1231 1590 1298 1626 πρὸς
1312 1589 1357 1616 τὸν
1366 1588 1492 1624 Νυμφὶον
1500 1586 1611 1621 ἀγάπην
1621 1594 1627 1602 ·
1640 1586 1688 1613 καὶ
1701 1585 1803 1620 γνῶναι

1016 1637 1067 1673 τὴν
1082 1636 1178 1672 ἡδονὴν
1189 1636 1239 1671 τὴν
1251 1635 1332 1671 ἐμὴν,
1346 1635 1378 1662 ἐκ
1392 1633 1439 1661 τοῦ
1462 1634 1491 1660 tv
1507 1632 1590 1668 πείρᾳ
1611 1630 1737 1667 γενέσθαι
1754 1631 1804 1657 αὑ-

1016 1682 1082 1718 τῆςο
1107 1681 1262 1717 παρακαλεῖ
1277 1681 1306 1708 δὲ
1323 1680 1409 1712 αὐτάς
1430 1680 1461 1707 τὺ
1481 1680 1594 1707 ἐκείνων
1617 1678 1713 1712 κέρδος
1738 1685 1802 1703 σκο-

1016 1727 1116 1761 ποῦσα,
1130 1727 1178 1755 καὶ
1191 1727 1240 1763 τὴν
1253 1727 1385 1761 ὠφέλειαν
1403 1726 1492 1752 αὐτῶν
1512 1724 1687 1760 λογιζομένη·
1705 1723 1753 1764 ἐάν
1774 1723 1802 1749 δὲ

1015 1774 1065 1809 τὴν
1087 1773 1133 1800 τοῦ
1147 1773 1273 1808 Νυμφίου
1294 1773 1405 1807 ἀγάπην
1430 1770 1601 1806 διεγερθῆναι
1627 1769 1711 1806 θέλῃ,
1724 1769 1803 1796 τοῦτό

1017 1827 1114 1854 φησιν·
1134 1817 1249 1854 Ὁρκίζω
1265 1818 1347 1854 ὑμᾶς.
1359 1811 1507 1852 θυγατέρες
1524 1815 1710 1851 Ἰερουσαλὴμ,
1721 1823 1803 1850 προσ-

1017 1865 1104 1891 ελθεῖν
1120 1863 1159 1899 τῷ
1181 1863 1226 1890 ὑπ’
1238 1863 1308 1898 ἐμοῦ
1331 1861 1513 1898 ἠγαπημένῳ,
1528 1861 1576 1888 καὶ
1592 1861 1622 1887 τὸ
1637 1860 1703 1895 ἐμὸν
1718 1859 1803 1890 πάθος

1017 1908 1176 1942 ἀναγγεῖλαι
1189 1907 1264 1943 αὐτῷ
1274 1916 1281 1922 ⁸
1294 1908 1368 1939 ὅπως
1382 1906 1464 1934 αὑτὸν
1477 1905 1612 1940 ἀγαπῶσα
1626 1906 1694 1932 οἴκοι
1711 1903 1773 1938 μένε
1779 1913 1802 1930 ιν

1016 1954 1046 1981 οὐ
1059 1954 1187 1988 δύναμαι,
1203 1952 1389 1986 ὲξελαύνοντός
1407 1960 1457 1987 μου
1472 1951 1519 1978 τοῦ
1534 1951 1634 1983 πόθου,
1652 1950 1698 1977 καὶ
1712 1950 1802 1981 πάσας

1017 1999 1122 2025 ἐπιέναι
1135 1998 1184 2030 τὰς
1196 1998 1273 2029 ὀδοὺς
1285 1996 1495 2032 ἀναγκάζοντος,
1514 1997 1596 2031 μήπω
1612 1995 1660 2022 καὶ
1674 1996 1706 2021 ἐκ
1717 1995 1803 2030 τύχης

1018 2046 1134 2079 συναντῇ
1159 2044 1197 2079 τῷ
1222 2043 1398 2078 ἰιιοθουμένῳ⁸
1423 2043 1564 2078 ἀμφιϐάλῃ
1588 2041 1642 2077 γὰρ
1666 2041 1746 2076 τάχα,
1764 2041 1801 2076 μή

1017 2097 1083 2115 ποτε
1104 2089 1155 2115 οὐκ
1178 2088 1287 2123 ἀληθῶς
1309 2088 1466 2121 ἀγαπᾶται·
1485 2087 1532 2113 καὶ
1547 2086 1596 2123 ἤδη
1612 2086 1737 2120 φαίνεται
1755 2085 1802 2112 καὶ.

183 2139 214 2162 ut
229 2134 359 2169 majorem
375 2133 475 2161 excitet
490 2141 611 2161 amorem
625 2139 651 2161 et
677 2134 862 2162 tabescentem
889 2141 966 2161 resu-

1018 2135 1184 2170 συντυχοῦσα
1205 2135 1253 2161 καὶ
1275 2134 1352 2168 λόγον
1368 2133 1508 2160 ἀκούσασα
1524 2132 1600 2167 παρά
1614 2131 1660 2158 τοῦ
1675 2131 1801 2166 Νυμφίου

183 2182 263 2210 scitet
277 2180 468 2215 cupiditatem.
486 2178 514 2206 ln
525 2180 691 2214 quibusdam
706 2184 796 2207 autem
806 2179 967 2214 exemplari-

183 2226 235 2253 bus
256 2224 372 2251 habetur
389 2232 395 2250 :
412 2223 448 2251 Ne
461 2224 594 2250 suscitatis
611 2232 692 2259 neque
704 2224 829 2259 evigilare
846 2224 964 2258 faciatis.

183 2271 254 2303 Quia
276 2277 329 2297 non
350 2277 419 2304 opus
441 2269 530 2297 habeo
553 2270 720 2301 mcdiatore;
750 2270 807 2302 scio
828 2270 899 2297 enim
923 2276 966 2299 me

182 2316 290 2350 dignam
306 2315 366 2350 ipso
380 2314 524 2345 redditam,
543 2315 614 2342 unde
624 2315 790 2342 voluntatem
801 2315 861 2350 ejus
877 2314 910 2345 ad
922 2314 965 2344 di—

182 2361 326 2388 lectionem
352 2367 439 2387 meam
469 2360 582 2388 excito‘:
606 2368 660 2388 non
691 2361 763 2388 enim
793 2361 964 2388 lenocinatur

182 2405 305 2432 caelestis
317 2412 404 2436 amor.
420 2405 467 2432 sed
484 2405 543 2440 ipse
557 2405 664 2432 accedit
680 2405 890 2440 pulchritudine
903 2405 964 2433 ani-

182 2458 233 2478 ma:
252 2455 356 2477 tractus
378 2453 405 2478 et
425 2450 554 2484 operibus
575 2450 708 2479 virtutum
734 2451 835 2479 certior
854 2451 963 2484 factus,

182 2503 236 2523 non
259 2496 417 2523 rumoribus
444 2500 584 2530 gestorum
614 2503 789 2531 persuasus:
821 2497 844 2525 si
873 2500 963 2524 autem

181 2540 288 2567 i!lorum
313 2547 346 2567 ne
362 2539 502 2567 suscitatis
516 2547 582 2576 erga
599 2541 688 2576 ipsum
703 2541 888 2569 dilectionem.
909 2541 964 2568 Ad-

180 2584 233 2611 huc
244 2584 317 2610 enim
341 2584 419 2611 vobis
432 2583 549 2612 necdum
567 2585 695 2613 stabilem
712 2585 885 2620 diligentium
904 2589 962 2613 sta-

179 2634 237 2658 tum
265 2631 400 2658 assecutis
415 2638 484 2664 opus
501 2634 553 2661 est.
570 2634 601 2658 ut
616 2631 668 2659 hoc
684 2635 805 2666 tempore
820 2631 872 2666 ipsi
886 2631 914 2658 in
929 2631 963 2659 ti-

179 2683 255 2703 more
269 2676 407 2708 serviatis,
418 2683 452 2703 ne
467 2675 583 2704 forsitan
597 2677 788 2712 intempestive
801 2677 961 2705 dilationem

178 2720 330 2747 excitantes
352 2720 513 2754 lasciviatis,
531 2724 624 2757 utpote
645 2721 763 2749 necdum
787 2721 890 2749 edoctzc
915 2722 958 2757 ip-

178 2765 235 2791 lius
250 2764 382 2792 charitate
399 2765 438 2792 uti
452 2769 534 2793 recte.

1016 2179 1065 2215 τὴν
1093 2178 1204 2213 ἀγάπην
1227 2177 1387 2213 δηλοῦντος·
1414 2178 1551 2212 ὑποχωρεῖ
1572 2177 1626 2211 γὰρ
1648 2177 1662 2203 ὁ
1676 2176 1801 2211 Νυμφίος

1017 2225 1161 2256 πολλάκις,
1177 2225 1268 2251 πλεῖον
1284 2224 1368 2258 αὐτῆς
1382 2224 1428 2250 τὸν
1445 2223 1533 2259 ἔρωτα
1546 2223 1696 2257 διεγείρων,
1710 2222 1756 2249 καὶ
1772 2222 1801 2248 τὸ

1019 2271 1217 2306 μαραινόμενον
1229 2270 1278 2305 τῆς
1287 2269 1434 2304 ἐπιθυμίας
1443 2268 1629 2304 ἀναρριπίζων
1639 2276 1646 2284 ’
1665 2268 1693 2294 ἔν
1706 2276 1760 2294 τισι
1773 2267 1801 2293 δὲ

1016 2315 1070 2342 τῶν
1090 2314 1265 2350 ἀντιγράφων
1282 2314 1349 2350 ἔχει,
1364 2313 1412 2348 Μὴ
1427 2314 1569 2348 ἐγείρητε.
1597 2312 1670 2346 μηδὲ
1688 2313 1800 2347 ἐξεγεί-

1012 2369 1097 2399 (ante,
1114 2361 1160 2387 ἐὰν
1175 2360 1224 2395 μὲν
1236 2360 1285 2396 τὴν
1301 2360 1369 2395 πρὸς
1384 2359 1486 2394 ἑαυτὴν
1499 2359 1546 2386 τοῦ
1559 2359 1695 2394 Νυμφίου,
1712 2359 1753 2385 ὅτι
1770 2359 1800 2385 οὺ

1015 2405 1110 2441 χρείαν
1126 2405 1180 2441 ἔχω
1193 2406 1304 2440 μεσίτου
1314 2414 1320 2421 ·
1336 2403 1395 2432 οἶδα
1411 2405 1465 2440 γὰρ
1478 2405 1520 2431 ὅτι
1534 2404 1596 2437 ἀξία
1607 2405 1740 2439 γενομένη
1751 2405 1800 2431 αὺ-

1017 2451 1075 2480 τοῦ.
1090 2451 1120 2477 τὸ
1134 2450 1239 2486 θέλημα
1253 2451 1335 2477 αὑτοῦ
1348 2451 1414 2486 πρὶς
1430 2450 1479 2486 τὴν
1499 2450 1568 2485 ἐμὴν
1581 2451 1692 2487 ἀγάπην
1705 2451 1800 2484 διεγεί-

1020 2505 1058 2531 ρω
1068 2504 1074 2510 '
1093 2496 1123 2522 οὐ
1137 2496 1191 2531 γὰρ
1207 2496 1425 2531 μαστροςπεύεται
1439 2497 1453 2523 ό
1467 2497 1591 2532 οὐράνιος
1612 2496 1682 2532 ἔρως
1692 2504 1698 2511 ·
1719 2497 1800 2528 αὐτὸς

1016 2540 1044 2567 δὲ
1057 2536 1183 2576 ἐπιφοιτᾷ
1195 2540 1233 2576 τῷ
1246 2540 1338 2567 κάλλει
1353 2541 1403 2575 τῆς
1416 2541 1505 2576 ψυχῆς
1520 2541 1674 2576 ἑλκόμενος,
1688 2541 1800 2573 καὶτοῖς

1015 2586 1107 2622 ἔργοις
1120 2586 1174 2612 τῶν
1187 2586 1292 2622 ἀρετῶν
1303 2587 1568 2623 πληροφοροὺμενος.
1581 2587 1639 2622 οὐχὶ
1652 2587 1680 2613 δὲ
1696 2587 1800 2621 φήμαις

1015 2632 1070 2658 τῶν
1085 2631 1235 2666 γινομένων
1256 2632 1418 2667 πειθόμενος
1429 2640 1436 2647 ·
1460 2633 1509 2660 ἐὰν
1525 2632 1554 2659 δὲ
1569 2632 1618 2668 τὴν
1635 2632 1745 2659 ἐκείνων
1762 2631 1800 2666 μὴ

1014 2677 1139 2712 ἐγείρητε
1150 2678 1200 2713 τὴν
1211 2677 1278 2713 πρὸς
1291 2678 1374 2705 αὐτὸν
1385 2679 1495 2714 ἀγάπην
1503 2687 1510 2695 ·
1524 2678 1565 2705 ἔτι
1577 2679 1631 2713 γὰρ
1643 2679 1709 2713 ἡμῖν
1721 2678 1800 2712 χρεία

1014 2720 1110 2755 καιροῦ
1135 2721 1182 2747 τοῦ
1204 2722 1234 2747 tv
1252 2721 1326 2757 φόϐῳ
1350 2722 1485 2750 δουλεύειν
1500 2722 1583 2757 αὐτῷ,
1600 2723 1650 2749 οὐκ
1673 2722 1800 2757 ἐχούσαις

1013 2767 1080 2798 τέως
1105 2766 1251 2803 βεῦηκυῖαν
1273 2768 1322 2803 τὴν
1346 2768 1401 2797 τῶν
1423 2768 1592 2804 ἀγαπώντων
1621 2767 1799 2801 κατάστασιν,
