1966 3074
214 90 282 120 1595

872 86 1049 123 PROCOPII
1066 84 1189 116 GAZEI

1769 77 1838 110 1596

211 151 300 173 autem
315 143 370 172 dici
385 147 501 179 possunt
522 144 660 178 prophetae
684 145 728 178 qui
747 144 779 170 [lC
800 144 887 178 ipsius
909 149 993 178 agunt

1050 142 1181 168 διεστάναι
1197 141 1327 167 δοκουντα
1350 138 1400 174 ὄρη
1414 138 1468 165 τῶν
1483 137 1595 169 λέξεων·
1611 135 1661 172 ὅρη
1677 135 1705 162 δὲ
1717 135 1839 169 λέγοιντ’

210 191 364 218 divinitate.
381 189 472 217 Colles
494 197 559 216 vero
577 189 623 223 qui
644 190 677 216 de
693 189 885 216 incarnatione
903 198 909 215 :
928 197 989 215 nam

211 236 294 263 colles
318 235 379 262 licet
398 242 453 270 prae
469 236 522 261 alia
537 239 612 261 terra
626 235 775 266 emineant,
795 238 927 262 terrestre
953 239 992 261 ta—

212 291 272 310 men
297 283 361 317 quid
386 283 497 309 habent.
525 282 631 310 Montes
654 287 743 309 autem
771 286 836 310 sunt
856 285 992 317 praerupta

212 336 302 364 rupes.
313 329 451 356 terrestris
466 337 560 356 exsors
575 329 745 356 substantiae.

248 414 368 450 Origenis
404 431 439 436 —
465 415 522 442 Iloc
555 416 678 443 nonnulli
707 416 921 451 pra-cedentibus
945 425 995 444 an-

213 464 337 491 nectunt,
352 465 405 486 etc.
821 460 827 469 ’

249 503 310 530 llaec
326 504 358 530 ad
373 513 465 531 eorum
483 513 543 539 quze
557 505 705 533 dramatico
722 506 932 534 introducuntur
946 507 995 534 de-

212 546 388 575 clarationem
404 557 490 583 usque
503 550 535 576 ad
550 550 616 576 illud
631 558 638 576 :
655 550 710 577 V0.17
722 555 765 577 tun
776 551 862 578 dulcis
877 557 900 578 et
914 553 995 586 facies

213 597 258 618 tua
287 593 392 621 decora.
422 595 462 622 Ac
491 596 665 622 manifestum
693 601 735 623 est
767 598 886 624 animam
913 597 995 624 Verbi

213 639 347 671 Sponsam
375 641 432 668 sive
460 641 609 669 Ecclesiam
633 642 735 669 Christi
759 651 853 670 vocem
876 644 995 671 divinam

212 683 371 718 priusquam
400 686 532 721 intelligat
559 688 647 720 ipsam
674 689 832 723 przecipere.
861 690 917 716 Hoc
945 698 995 717 usu

212 729 286 755 venit
301 729 427 758 ﬁdelibus
445 731 603 766 priusquam
621 733 783 768 intelligant,
797 734 899 767 legales
915 739 996 770 atque

213 774 385 808 prophetieas
399 783 481 804 voces
504 781 532 803 ut
553 778 652 805 divin:e
674 779 767 813 gratiae
787 780 882 813 plenas
909 779 997 813 perci-

1046 187 1079 214 ἂν
1091 187 1116 213 οἱ
1130 186 1164 212 τὰ
1175 186 1223 220 τῆς
1237 185 1361 219 θεότητος
1372 184 1454 211 αὗτοῦ
1467 184 1591 218 λέγοντες
1602 183 1741 218 προφῆται
1751 190 1757 196 ·
1775 181 1838 216 βου-

1047 233 1087 258 vo‘.
1112 231 1140 258 δὲ
1166 232 1190 257 οξ
1216 230 1287 257 κατὰ
1303 230 1353 264 τῆς
1369 229 1541 264 οίκονομίας-
1556 230 1580 255 οἱ
1595 229 1650 263 γὰρ
1675 227 1763 262 βουνοὶ
1785 226 1838 253 κᾶν

1047 277 1235 311 ὑπερανέχωσι
1245 276 1294 309 τῆς
1307 275 1389 310 ἄλλης
1403 275 1453 310 γῆς
1464 295 1471 308 ,
1487 275 1562 309 ὅμως
1574 273 1665 308 ἔχουσί
1679 281 1705 298 τι
1716 272 1816 306 γεῶδες
1828 280 1835 286 ·

1046 324 1079 350 τὰ
1089 324 1115 350 δὲ
1124 323 1185 358 ὅρη,
1193 322 1264 353 λίθος
1274 321 1346 348 ἐστὶν
1358 321 1511 356 ἀκραιφνὴς
1521 320 1638 354 γεώδους
1648 318 1739 350 οὐσίας
1751 317 1838 352 ἀμέτ-

1047 378 1117 397 ονοζ.
1328 376 1331 387 '

1062 379 1265 449 λῗὲριγέτ-ους.
1278 429 1312 435 -
1329 413 1413 439 Τοῦτό
1426 420 1498 444 τινες
1512 412 1567 443 τοῖς
1585 410 1765 446 προλαϐοῦσιν
1781 409 1836 436 ἀπ-

1048 457 1161 487 έδωκαν,
1178 466 1205 483 κ.
1220 466 1246 484 τ.
1264 456 1289 483 λ.
1307 456 1376 491 (55).

1083 503 1244 536 Κυρίλλου.
1257 518 1290 522 --
1309 502 1365 537 (56)
1378 501 1471 527 Ταῦτα
1496 500 1564 536 πρὸς
1581 500 1630 535 τὴν
1650 500 1704 526 τῶν
1734 499 1839 534 δραμα-

1048 548 1131 579 τικῶς
1156 548 1334 582 ἐπαγομένων
1350 548 1515 581 σαφήνειαν;
1537 545 1617 580 μέχρι
1634 545 1692 577 τοῦ,
1713 544 1837 579 Ήφωνή

1049 601 1108 620 σου
1125 588 1224 628 ἡδεῖα,⁴
1243 594 1292 620 καί
1310 595 1329 628 ὴ
1345 594 1415 628 ὄψις
1432 601 1489 621 σου
1504 593 1611 627 ὡραία·
1630 593 1677 619 καὶ
1695 592 1774 626 δῆλον
1799 591 1838 622 ὡς

1049 640 1066 674 ἡ
1083 639 1186 674 Νύμφη
1201 640 1248 666 τοῦ
1261 640 1348 673 Λόγου
1359 639 1442 674 ψυχὴ,
1455 638 1695 674 ἡγουνΪΕκκλησία
1706 637 1836 672 Χριστοῦ,

1050 685 1144 721 φωνῆς
1179 686 1244 721 πρὶν
1267 686 1362 720 νοῆσαι
1392 686 1477 720 αὐτὴν
1501 685 1538 716 ὡς
1562 685 1638 715 θείας
1669 683 1837 717 ἀντιλαμϐά-

1049 740 1135 764 νεται,
1151 732 1220 766 ὅπερ
1248 732 1388 766 πάσχομεν
1412 732 1438 757 οἱ
1459 731 1560 762 πιστοὶ,
1584 731 1648 764 πρὶν
1668 730 1764 764 νοῆσαι
1788 729 1837 761 τὰς

1050 778 1165 813 νομικὰς
1186 779 1233 804 καὶ
1253 777 1426 813 προφητικὰς
1449 777 1540 812 φωνὰς
1567 776 1605 808 ὡς
1629 776 1703 807 θείας
1725 775 1838 810 χάριτος

212 819 361 853 pientibus.
376 820 440 848 Tale
455 826 497 849 est
512 822 578 849 illud
595 833 602 850 :
621 823 678 850 Vox
691 824 827 854 fratruelis
844 825 903 852 mei.
918 825 995 857 Quod

1050 824 1165 858 πλήρεις
1192 823 1459 858 καταπληττόμενοι·
1486 822 1605 849 τοιοῦτόν
1627 822 1684 847 ὲστι
1707 821 1738 847 τὸ
1761 820 1837 855 φωνὴ

211 865 380 898 praeponitur
392 868 500 895 eminus
516 869 677 903 apparitioni
691 869 784 901 Verbi.
798 878 867 905 quas
882 879 995 905 magnas

210 911 457 945 centemplationes
476 914 572 941 videns
593 919 749 942 assecutum
774 921 918 951 postquam
942 917 994 944 mi<

211 962 295 983 nores
306 964 359 984 non
372 958 538 992 neglexerat,
548 960 585 985 ait
596 960 678 995 igitur
689 969 695 988 :
708 960 774 987 Ecce
784 962 825 988 hic
835 963 902 988 venit
914 970 995 996 supra

212 1007 312 1028 monte:
329 1003 481 1031 transiliens
495 1011 541 1038 per
556 1005 646 1032 colles.
664 1005 714 1033 Per
729 1011 815 1033 totum
832 1008 921 1034 autem
938 1016 994 1035 ser-

211 1053 319 1073 monem
349 1048 472 1081 quzedam
497 1049 605 1083 quidem
633 1055 762 1085 tanquam
786 1052 928 1086 pratseutia
953 1053 995 1080 di-

210 1095 312 1118 cuntur
339 1092 458 1127 Sponso,
492 1098 622 1129 tanquam
653 1103 716 1123 vero
748 1096 781 1124 de
807 1102 958 1131 qlurrente,
980 1106 994 1125 a

211 1136 331 1171 Sponsa,
348 1139 568 1175 quandoquidem
589 1142 670 1168 etiam
693 1143 719 1169 in
739 1143 926 1177 problematis,
944 1145 994 1172 ali-

211 1183 322 1217 quando
338 1184 448 1218 quidem
470 1186 592 1220 qua‘dam
607 1188 756 1221 quaerimus
773 1189 931 1222 ignorantes
950 1198 994 1217 so-

212 1227 361 1260 lutionem,
388 1230 536 1264 aliquando
567 1237 658 1260 autem
690 1235 827 1262 solutione
858 1235 992 1268 fruimur,

212 1273 322 1308 Sponso
352 1274 441 1303 Verbo
454 1278 538 1304 corda
564 1283 657 1305 nostra
683 1280 864 1307 illuminante.
893 1281 995 1310 Deinde

211 1327 321 1347 rursum
337 1321 493 1349 dubitamus
508 1323 533 1349 in
550 1324 623 1355 aliis,
638 1332 669 1351 ac
685 1333 795 1352 rursum
819 1327 898 1353 nobis
915 1335 995 1362 appa-

211 1369 263 1396 ret,
279 1365 359 1400 idque
378 1366 535 1402 frequenter
549 1369 636 1397 donec
652 1370 771 1404 perfecte
786 1370 892 1405 Sponsa
909 1374 995 1407 potia-

211 1419 283 1444 mur,
309 1420 363 1439 non
390 1414 476 1440 solum
504 1414 536 1441 ad
568 1423 618 1442 nos
644 1416 778 1449 veniente,
797 1425 890 1444 verum
913 1419 994 1446 etiam

211 1457 380 1485 mansionem
397 1459 524 1488 faciente.
540 1460 572 1487 Et
593 1461 713 1489 Ecclesia
729 1463 869 1490 desiderat
884 1464 993 1498 quidem

211 1503 238 1530 in
264 1505 461 1532 tentationibus
485 1505 633 1546 derelicta,
659 1508 706 1534 sed
733 1513 848 1542 apparet
874 1510 924 1544 ipsi
948 1518 995 1544 per

211 1549 334 1584 gratias:
353 1550 457 1578 Idcirco
478 1552 514 1578 ait
531 1561 538 1579 ε
559 1551 624 1579 Ecce
645 1553 687 1579 hic
707 1554 775 1580 venit
798 1555 896 1582 saliens
915 1564 996 1590 supra

211 1600 322 1626 montes,
340 1597 415 1624 venit
438 1602 528 1624 autem
547 1602 574 1625 et
590 1606 672 1633 super
686 1600 753 1626 retia
775 1608 835 1635 qua:
848 1609 861 1627 a
879 1602 997 1637 maligno

209 1640 288 1675 juxta
311 1641 460 1669 Ecclesiam
477 1651 596 1677 expansa
622 1649 695 1677 sunt,
717 1653 777 1679 qua:
792 1654 934 1680 rumpens,
951 1648 996 1675 illa

211 1687 395 1721 contemptius
412 1687 573 1714 convulcare
588 1688 677 1716 docet.
697 1689 826 1718 Ecclesize
841 1699 923 1726 porro
938 1700 997 1719 om-

211 1737 273 1756 nem
298 1730 413 1757 hiemem
435 1733 594 1760 tentationis
612 1741 807 1769 supergressm,
825 1737 903 1770 signa
919 1738 992 1766 veris
1019 1747 1022 1750 ‘

212 1776 332 1802 ostendit
353 1780 382 1804 et
403 1784 544 1805 aceeSsum
569 1780 682 1812 astatis,
701 1781 735 1808 de
758 1789 812 1816 quo
836 1782 862 1809 in
885 1784 998 1818 psalmis

212 1821 279 1847 illud
301 1830 309 1847 :
327 1831 335 1848 ι
351 1821 444 1849 Αἰδιιιε
463 1828 489 1850 et
507 1832 551 1851 ver
565 1825 596 1852 ³⁵,
614 1835 623 1851 ι
647 1826 841 1860 Apparuerunt
859 1829 930 1855 enim
946 1830 997 1864 ipsi

212 1867 293 1894 ﬂores
321 1871 348 1894 et
374 1870 603 1905 appropinquavit
637 1872 795 1901 omnimodo
829 1875 998 1908 emendatio,

213 1916 320 1948 tempus
336 1914 485 1948 putationis
502 1917 653 1944 nominata.

247 1988 330 2018 Vens.
350 1990 377 2018 9.
397 1990 502 2019 Similis
522 1998 560 2020 est
582 1993 718 2027 fratruelis
736 2003 807 2022 meus
833 2003 946 2030 capreaz,
960 1997 1000 2025 rel

211 2033 320 2060 hinnulo
337 2043 471 2062 caruerunt
483 2037 510 2063 in
526 2037 660 2064 montibus
676 2038 777 2066 Bethcl.

248 2078 377 2114 Gregorii.
394 2096 429 2101 —
444 2080 495 2109 Per
518 2083 569 2109 hoc
590 2083 726 2116 significat
743 2084 820 2112 visus
838 2092 952 2113 acumen
971 2092 999 2114 et

1047 869 1095 896 τοῦ
1114 868 1254 903 ἀδελφιδοῦ
1283 877 1333 903 μου
1359 868 1597 902 προστεταγμένον
1622 867 1672 901 τῆς
1698 865 1835 900 μακρόθεν

1047 914 1211 948 ἐπιφανείας
1237 914 1286 940 τοῦ
1306 914 1409 947 Λόγου·
1442 913 1471 939 ὃν
1497 912 1590 939 ἰδοῦσα
1618 911 1743 946 μεγάλων
1769 911 1837 937 θεω-

1049 960 1180 996 ρημάτων
1205 960 1366 995 ἀπτόμενον,
1393 959 1462 994 μετὰ
1481 959 1528 986 τοῦ
1565 958 1632 993 μηδὲ
1658 959 1712 984 τῶν
1736 958 1838 993 βραχυ-

1047 1005 1135 1040 τέρων
1165 1006 1367 1039 καταφρονεῖν,
1401 1003 1501 1038 φησιν’
1537 1003 1616 1030 Ἰδοὺ
1641 1003 1734 1035 αὐτὸς
1769 1002 1837 1035 ἣκει

1047 1050 1152 1084 πηδῶν
1186 1050 1235 1077 ἐπὶ
1262 1050 1326 1085 ὅρη,
1357 1050 1552 1083 διαλλόμενος
1580 1049 1628 1075 ἐπὶ
1660 1048 1731 1081 τοὺς
1759 1047 1836 1080 ,βου-

1047 1096 1134 1127 νούς.
1158 1095 1197 1121 Δι’
1212 1095 1274 1121 ὅλου
1291 1095 1318 1121 δὲ
1331 1095 1379 1121 τοῦ
1399 1094 1498 1128 Λόγου,
1515 1093 1576 1120 τινὰ
1593 1093 1642 1128 μὲν
1666 1093 1704 1124 ὡς
1721 1093 1836 1128 παρόντι

1047 1141 1157 1175 λέγεται
1172 1140 1210 1175 τῷ
1219 1139 1337 1174 Νυμφίῳ
1346 1148 1353 1155 ·
1365 1139 1426 1166 τινὰ
1439 1139 1570 1171 δὲῶσπερ
1582 1138 1745 1173 ζητουμένου
1761 1138 1837 1173 παρὰ

1047 1186 1097 1220 τῆς
1113 1185 1242 1219 Νύμφης,
1257 1185 1317 1210 ἐπεὶ
1334 1184 1382 1211 καὶ
1400 1184 1455 1210 τῶν
1474 1183 1688 1218 προϐλημάτων,
1704 1183 1769 1209 ποτὲ
1785 1183 1836 1217 μὲν

1047 1231 1108 1257 τινὰ
1122 1230 1256 1264 ζητοῦμεν
1273 1229 1443 1266 ἀποροῦντες
1459 1230 1509 1263 τῆς
1525 1229 1628 1261 λύσεως
1639 1237 1645 1244 ·
1663 1229 1727 1255 ποτὲ
1743 1228 1836 1268 δὲ-τῆς

1047 1277 1152 1307 λύσεως
1179 1276 1363 1311 ἀπολαύομεν,
1381 1276 1427 1302 τοῦ
1438 1276 1565 1310 Νυμφίου
1588 1276 1674 1309 Λόγου
1696 1275 1836 1309 καταυγὰ-

1049 1321 1142 1354 ζοντος
1159 1322 1238 1357 ἡμῶν
1256 1322 1306 1354 τὰς
1323 1322 1452 1357 καρδίας·
1468 1320 1527 1348 εἶτα
1542 1321 1622 1348 πάλιν
1638 1321 1793 1356 ἀποροῦμεν
1807 1322 1835 1347 ὲν

1049 1370 1164 1404 ἑτέροις,
1178 1369 1225 1396 καὶ
1243 1368 1323 1396 πάλιν
1335 1370 1402 1403 ἡμῖν
1417 1369 1607 1403 ἐπιφαίνεται·
1623 1368 1670 1394 καὶ
1682 1367 1760 1394 τοῦτο
1773 1367 1836 1394 πολ-

1048 1408 1135 1447 λάκις,
1157 1416 1238 1450 μέχρι
1253 1415 1442 1447 τελειωθέντες
1455 1415 1500 1442 τοῦ
1519 1415 1646 1449 Νυμφίου
1664 1415 1790 1449 τύχωμεν
1804 1414 1834 1440 οὐ

1051 1462 1129 1496 μόνον
1144 1461 1293 1496 ἐρχομένου
1310 1461 1378 1496 πρὸς
1399 1462 1484 1496 ἡμᾶς,
1498 1461 1566 1488 ἀλλὰ
1583 1462 1630 1488 καὶ
1650 1461 1732 1496 μονὴν
1744 1469 1836 1487 ποιου-

1049 1507 1141 1542 μένου.
1158 1507 1238 1542 Καὶή
1259 1506 1407 1542 Ἐκκλησία
1423 1507 1501 1534 ποθεῖ
1518 1508 1566 1542 μὲν
1581 1506 1835 1541 ὲγκαταλειπομένη

1046 1553 1102 1584 τοῖς
1115 1554 1290 1587 πειρασμοῖς,
1299 1552 1474 1587 ἐπιφαίνεται
1485 1553 1513 1579 δὲ
1525 1554 1593 1588 αὺτῇ
1606 1554 1660 1584 τοῖς
1671 1553 1835 1587 χαρίσμασι·

1047 1597 1087 1624 διό
1102 1606 1184 1631 φησιν
1195 1606 1201 1612 ·
1220 1597 1309 1628 Ἰδοὺ,
1328 1598 1421 1632 φησὶν,
1434 1595 1522 1630 οὗτος
1537 1597 1602 1627 ἣκει
1615 1597 1719 1630 πηδῶν
1735 1596 1785 1623 ἐπὶ
1799 1596 1836 1623 τὰ

1048 1640 1100 1674 ὅρη
1111 1649 1118 1656 ο
1133 1640 1241 1676 ἔρχεται
1255 1641 1282 1667 δὲ
1298 1642 1345 1668 καὶ
1360 1641 1407 1668 ἐπὶ
1423 1641 1456 1668 τὰ
1471 1642 1569 1668 δίκτυα
1582 1644 1615 1668 τὰ
1638 1641 1836 1675 πεπετασμένα

1047 1686 1100 1712 ὑπὸ
1127 1686 1174 1712 τοῦ
1203 1687 1323 1722 πονηροῦ
1353 1686 1466 1721 πλησίον
1481 1687 1532 1721 τῆς
1555 1686 1735 1720 Ἐκκλησίας·
1764 1686 1835 1720 ἅπερ

1049 1732 1144 1766 σχίσας
1161 1732 1406 1767 καταφρονητικῶς
1430 1732 1520 1759 αὐτῶν
1543 1732 1694 1758 ἐπιϐαίνειν
1715 1731 1835 1758 διδάσκει

1048 1780 1080 1814 τῇ
1093 1778 1244 1814 ὑπερϐἀσει
1263 1779 1411 1814 Ἐκκλησία
1428 1778 1517 1805 πάντα
1535 1778 1658 1813 χειμῶνα
1670 1776 1836 1812 πειρασμοῦ.

1048 1824 1083 1851 τὰ
1097 1825 1199 1858 σημεῖα
1216 1823 1262 1850 τοῦ
1288 1824 1368 1859 ἀέρος
1384 1824 1532 1853 δείκνυται,
1550 1825 1596 1850 καὶ
1621 1824 1651 1850 τὺ
1670 1823 1790 1856 ἐγγίζειν
1806 1823 1836 1849 τὸ

1049 1870 1138 1904 θέρος,
1154 1871 1217 1905 περὶ
1242 1866 1272 1897 οὗ
1294 1871 1323 1896 ὲν
1339 1869 1464 1904 Ψαλμοῖς
1476 1878 1483 1885 ”
1507 1879 1516 1895 ι
1536 1869 1572 1896 Τὸ
1589 1869 1666 1904 θέρος
1681 1870 1728 1895 καὶ
1747 1869 1807 1903 ἔαρ.
1823 1878 1832 1894 ι

1051 1915 1139 1950 Ὠφθη
1156 1914 1210 1950 γὰρ
1230 1915 1298 1949 αὐτῇ
1311 1914 1388 1948 ἄνθη,
1412 1914 1459 1940 καὶ
1472 1914 1613 1948 ἧγγισενή
1635 1913 1769 1948 παντελὴς
1790 1913 1837 1940 κά.-

1049 1961 1156 1996 θαρσις,
1174 1960 1270 1996 καιρὸς
1300 1961 1348 1994 τῆς
1363 1960 1448 1994 τομῆς
1461 1958 1660 1994 ὀνομαζομένη.

1085 2007 1116 2033 0’.
1137 2006 1259 2040 ’Ὧμοιός
1270 2006 1355 2032 ἐστιν
1370 2005 1530 2039 ἀδελφιδός
1544 2014 1602 2039 μου
1619 2005 1656 2038 τῇ
1676 2003 1799 2037 δορκάδι
1816 2003 1835 2037 ἢ

1048 2049 1141 2085 νεῦρῷ
1158 2050 1279 2084 ἐλάφων
1295 2051 1343 2077 ἐπὶ
1360 2051 1395 2077 τὰ
1410 2051 1463 2084 ὄρη
1478 2050 1601 2083 Βαιθήλ.

1084 2096 1260 2131 Γρηγορίου.
1277 2111 1310 2115 -
1326 2095 1375 2122 Διὰ
1391 2095 1470 2122 τοῦτο
1488 2095 1613 2130 σημαίνει
1635 2095 1684 2129 τὴν
1699 2093 1837 2127 όξυωπίαν

212 2126 448 2160 perspicacitatem
473 2126 534 2161 ejus
559 2128 604 2161 qui
631 2129 723 2156 omnia
748 2131 869 2164 respicit.
895 2131 947 2159 Sed
970 2137 996 2160 ct

1050 2142 1095 2168 τοῦ
1105 2126 1203 2168 aest,
1226 2141 1440 2173 ἐπιϐλέποντοςθ
1455 2126 1627 2176 ἀλλά-νεϐρῷ
1652 2126 1771 2174 Elaeam,
1793 2139 1837 2166 διὰ

214 2171 330 2198 hinnulo
345 2179 486 2199 cervorum
508 2174 679 2202 assimilatas
698 2179 740 2202 est
761 2183 794 2203 eo
814 2178 887 2216 quod
903 2179 996 2206 habitu
1012 2163 1034 2190 Β

213 2220 240 2242 et
252 2216 354 2244 coloris
372 2218 539 2252 proprietate
553 2224 752 2247 venenatorum
764 2221 848 2256 fugiet
860 2224 999 2258 operatio-

213 2267 274 2287 nem
289 2269 371 2296 quam
394 2265 500 2289 montes
521 2267 548 2289 et
568 2263 653 2290 colles
671 2265 833 2298 nominavit,
845 2274 907 2294 cum
928 2268 998 2296 inle-

213 2307 313 2332 riorem
347 2310 403 2333 tum
435 2308 617 2342 superiorem.
649 2309 705 2337 Hoc
736 2311 807 2338 enim
838 2313 948 2340 collium
983 2322 999 2341 a

213 2352 354 2379 montibus
387 2352 541 2380 diﬂ'erentia
576 2354 699 2382 insinuat
726 2365 733 2382 :
763 2357 892 2385 similiter
925 2359 999 2386 enim

213 2398 412 2428 conculcanlur
431 2390 483 2426 Ileo
511 2404 538 2426 et
565 2399 649 2427 draco
676 2401 721 2435 qui
752 2403 889 2437 eminent,
914 2408 996 2439 atque

214 2449 328 2477 serpens
348 2448 376 2471 et
397 2445 523 2479 scorpius
539 2446 585 2480 qui
602 2446 731 2474 videntur
747 2449 902 2478 inferiores.
925 2451 996 2484 Quin

213 2493 240 2515 et
254 2488 404 2524 discipulos
417 2490 523 2524 perﬂcit
539 2491 564 2517 in
583 2495 709 2519 naturam
725 2501 870 2523 cervorum
884 2497 996 2527 dicens:

217 2543 226 2558 ι
249 2534 317 2562 Ecce
333 2535 394 2563 dedi
415 2536 493 2564 vobis
512 2541 673 2571 potestatem
692 2539 815 2568 calcandi
837 2549 921 2578 super
941 2552 999 2571 ser-

215 2584 309 2614 pentes
326 2585 351 2608 et
368 2589 527 2616 scorpiones
542 2583 575 2615 “,
595 2591 605 2609 ι
625 2583 663 2610 ita
682 2588 711 2610 ut
727 2585 872 2616 altitudine
888 2589 998 2619 virtutis

214 2631 321 2654 montes
347 2627 412 2654 liant
438 2627 547 2662 Bethel,
577 2629 604 2656 id
629 2633 671 2656 est
699 2631 773 2666 quod
808 2633 849 2661 vis
881 2637 1002 2666 nominis

266 2672 289 2689 ³⁵
304 2672 374 2701 Psal.
391 2681 487 2707 Lxxni,
506 2674 549 2701 t7.
586 2675 608 2691 "
623 2673 690 2701 Luc.
712 2685 790 2708 χχιιι,
809 2678 852 2706 19.

1048 2188 1078 2214 τὸ
1095 2187 1259 2222 φυγαδεύειν
1271 2188 1310 2223 τῷ
1326 2187 1445 2222 ἄσθματι
1461 2187 1507 2213 καὶ
1523 2188 1556 2222 τῇ
1579 2186 1626 2213 τοῦ
1643 2186 1746 2220 χρωτὸς
1772 2184 1835 2211 ίδιό-

1048 2241 1122 2267 τητι,
1139 2233 1188 2268 τὴν
1213 2233 1267 2259 τῶν
1285 2232 1396 2259 ίοϐόλων
1413 2233 1566 2267 ἐνέργειαν,
1585 2232 1619 2267 ἣν
1640 2231 1689 2266 ὖρη
1707 2230 1754 2256 καὶ
1775 2229 1836 2264 βου-

1047 2279 1110 2310 νοὺς
1125 2278 1313 2313 ἐπωνόμασεν,
1330 2278 1381 2312 τήν
1400 2287 1429 2304 τε
1443 2277 1642 2311 ὐποδεεστέραν
1655 2277 1700 2302 καὶ
1712 2276 1763 2311 τὴν
1774 2284 1837 2309 προ-

1048 2323 1185 2357 άγουσαν·
1200 2323 1279 2350 τοῦτο
1293 2323 1348 2359 γὰρ
1362 2325 1378 2360 ὴ
1402 2324 1434 2350 ὲκ
1450 2324 1505 2350 τῶν
1529 2322 1633 2359 βουνῶν
1647 2322 1715 2358 πρὸς
1736 2322 1771 2349 τὰ
1785 2322 1834 2357 δρη

1049 2369 1175 2404 διαστολὴ
1195 2369 1400 2396 ὑπαινίττεται·
1417 2370 1518 2405 ὁμοίως
1534 2370 1588 2405 γὰρ
1610 2369 1807 2396 καταπατεῖται
1823 2369 1837 2395 ὃ

1048 2422 1078 2440 τε
1093 2413 1162 2440 λέων
1181 2414 1227 2440 καὶ
1241 2415 1255 2441 ὁ
1273 2415 1381 2449 δράκων
1396 2415 1430 2441 τὰ
1443 2415 1610 2450 ὑπερέχοντα
1621 2423 1627 2430 ·
1644 2414 1691 2441 καὶ
1714 2414 1774 2448 lict;
1790 2413 1837 2440 καὶ

1051 2459 1180 2493 σκορπίος
1195 2459 1230 2485 τὰ
1246 2459 1377 2486 δοκοῦντα
1398 2460 1616 2496 καταδεέστερα·
1638 2460 1684 2486 καὶ
1699 2459 1762 2491 τοὺς
1784 2467 1836 2492 μα-

1050 2504 1135 2539 θητὰς
1158 2505 1187 2531 δὲ
1211 2505 1279 2540 πρὸς
1295 2506 1345 2541 τὴν
1357 2505 1411 2532 τῶν
1439 2506 1546 2540 ἐλάφων
1561 2505 1642 2540 φύσιν
1664 2504 1836 2539 καταρτῐξειν

1051 2550 1149 2576 εἰπών·
1174 2560 1183 2577 ι
1209 2551 1275 2578 Ἰδοὺ
1298 2551 1402 2578 δέδωκα
1428 2552 1493 2587 ὑμῖν
1521 2552 1646 2585 ἐξουσίαν
1670 2551 1716 2577 τοῦ
1741 2551 1836 2576 πατεζν

1052 2596 1145 2623 ἐπάνω
1160 2596 1248 2631 ὂφεων
1265 2596 1312 2623 καὶ
1328 2597 1477 2632 σκορπίων,
1495 2607 1504 2623 ι
1524 2597 1561 2629 ὡς
1577 2596 1615 2632 τῷ
1634 2596 1695 2629 ὕψει
1709 2595 1758 2629 τῆς
1770 2594 1835 2628 ἀρε-

1048 2641 1109 2677 τῆς,
1134 2642 1185 2677 ὄρη
1208 2642 1336 2676 γενέσθαι
1352 2642 1469 2678 Βαιθήλ·
1499 2643 1568 2679 ὅπερ
1591 2643 1608 2678 ὴ
1634 2640 1681 2668 τοῦ
1703 2639 1835 2674 ὀνόματος

966 2713 1082 2743 NOTAE.

251 2743 307 2778 (ὄιτῇ
325 2743 429 2778 ﬂatrol.
448 2753 527 2778 gra'c.
545 2750 564 2772 t.
578 2745 659 2778 XVII,
673 2747 726 2775 col.
740 2747 802 2774 τοι.

250 2777 307 2812 (36)
328 2777 389 2806 llaec
411 2779 438 2806 in
454 2780 484 2807 (Σ.
507 2781 534 2808 Β.
557 2782 606 2810 sub
623 2777 733 2810 nomine
757 2783 885 2819 Urigcnis
901 2784 1107 2812 continuantur.
