1966 3074
144 87 208 122 1597

632 89 897 120 COMMENTARH
919 90 958 120 IN
974 91 1130 123 CANTICA
1145 93 1289 124 CANTIC.

1699 91 1766 123 1598

142 145 262 180 ἔμφασις
276 144 398 171 δείκνυσι
424 144 470 170 τὶν
491 143 593 178 ὑψηλὸν
611 143 659 169 καὶ
680 143 805 178 οὐράνιον
822 142 878 177 βίον
889 150 896 157 ·
913 143 929 177 ἡ

985 143 1056 171 illius
1070 144 1192 171 declarat
1207 152 1303 179 nempe.
1315 145 1452 172 emlestem
1467 151 1499 171 ac
1511 143 1652 171 sublimem
1669 144 1763 172 vitam.

149 191 204 225 γὰρ
217 190 291 222 λέξις
309 187 383 217 οἷκον
396 190 523 224 σημαίνει
536 188 616 216 Θεοῦ.

179 237 302 264 Νείλου.
316 251 349 256 -
364 235 465 270 Βαιθήλ
485 235 554 265 ἐστι,
577 236 623 262 καὶ
647 234 828 269 ἑρμηνεύεται
850 233 932 267 οἶκος

144 283 232 310 Θεοῦ·
252 282 303 317 ὅρη
326 282 353 308 δὲ
380 280 482 315 ταύτης
505 281 530 307 οἱ
552 281 598 307 διὰ
621 280 735 315 μέγεθος
761 280 861 315 ἀρετῆς
880 280 931 314 ὅρη

142 327 379 363 χρηματίσαντες·
404 326 442 357 ὡς
463 325 518 360 γὰρ
542 326 764 361 ὑπερανέστηκεν
794 326 855 360 ὕψει
884 325 932 352 καὶ

142 374 267 408 διαφέρει
282 373 458 408 κραταιότητι
474 373 524 408 τῆς
542 372 638 406 λοιπῆς
655 372 706 407 γῆς
721 372 754 398 τὰ
768 371 830 406 ὅρη.
846 370 931 402 οὕτως

143 420 172 445 ἐν
187 420 242 450 τοῖς
257 418 414 453 ἀνθρώποις
427 418 606 453 ὑπερέχουσιν
629 418 701 451 ἃγιοι
713 417 752 448 τῶ
773 416 867 452 ὑψηλῷ
882 416 931 452 τῆς

143 465 281 496 πολιτείας
295 465 519 499 διεγηγερμένοι’
532 463 638 495 τούτοις
651 463 698 490 οὖν
711 463 931 499 ἐπιδιατρίόοντα

142 512 188 538 τὶν
204 511 341 545 ὰδελφιδὺν
357 511 456 545 ἑαυτῆς
469 511 486 544 ἡ
501 510 604 545 Νύμφη
628 510 733 545 βλέπει,
754 509 932 544 ὁμοιούμενον

141 557 186 583 διὰ
203 557 251 591 μὲν
267 556 316 591 τὴν
341 556 514 591 θεωρητικὴν
539 555 667 590 δύναμιν,
683 556 731 581 καὶ
755 555 785 581 τὸ
808 554 931 590 κριτικὸν

142 600 212 629 εἶναι
237 602 413 637 ἐνθυμήσεων
440 601 488 628 καὶ
514 600 625 627 ἐννοιῶν
651 601 842 635 ἀνθρωπίνων,
867 600 930 635 δορ-

141 648 204 674 κάδι
217 656 223 662 “
239 647 283 674 διὰ
295 647 322 673 δὲ
335 647 384 682 τὴν
403 646 558 682 πρακτικὴν
572 646 620 672 καὶ
634 645 683 680 τὴν
703 647 771 680 πρὸς
790 646 839 677 τὰς
852 647 930 672 ἐναν-

140 692 202 723 τίας
218 692 347 726 δυνάμεις
361 690 552 722 ἀντιπάθειαν,
573 690 663 726 νεϐρῷ
684 690 805 724 ἐλάφων·
819 691 931 725 ἀναιρε-

140 739 205 773 τικὴ
220 737 275 773 γὰρ
295 738 350 764 τῶν
370 737 479 764 ἰοϐόλων
495 736 619 771 ἑρπετῶν
634 737 650 772 ἡ
666 736 782 771 ἕλαφος’
798 737 842 764 διὰ
857 738 883 763 τί
902 737 930 763 δέ

140 782 202 811 εἶπε
214 784 305 820 νεσρῷ
319 783 427 817 ἐλάφων
443 782 491 809 καὶ
501 783 550 808 οὐκ
560 781 659 816 ἔλαφον
669 791 676 815 ;
687 782 727 808 ὅτι
738 782 763 808 οῑ
778 782 827 817 μὲν
838 781 930 808 πολλοὶ

139 831 195 857 τῶν
226 830 389 866 ἀνθρώπων,
407 829 424 864 ἢ
455 828 557 859 πάντες
589 827 681 862 σχεδὸν
711 828 739 854 ἑν
767 829 799 862 τῇ
818 828 928 863 παιδικῇ

140 875 245 910 ἡλικίᾳ,
264 876 288 901 εξ
304 875 351 901 καὶ
370 874 406 909 μὴ
426 874 480 900 τῶν
497 872 629 907 αἰσχρῶν,
644 872 702 899 ἀλλ’
720 870 766 899 οὖν
782 881 862 899 τινων
878 880 930 899 πα-

140 919 196 945 θῶν
212 918 385 954 ήττήθησαν”
403 917 451 951 ὀψὲ
467 917 514 943 καὶ
529 917 606 952 μόλις
626 916 807 952 πρεσϐυτικὸν
828 916 929 944 ἀναλα-

140 965 236 996 ϐόντες
250 965 296 991 καὶ
325 964 452 999 σώερρονα
468 963 598 998 λογισμόν
609 970 616 977 ·
643 963 657 989 ὁ
677 962 705 988 δὲ
726 963 866 998 Κυριακὸς
883 963 930 989 ἇν-

140 1011 252 1045 θρωπος
276 1010 341 1044 πρὶν
369 1009 386 1044 ἥ
417 1009 517 1043 γνῶναι
535 1008 627 1035 καλεῖν
655 1009 760 1043 πατέρα
778 1009 793 1044 ἣ
813 1008 929 1044 μητέρα,

143 1055 276 1090 ηπείθησε
291 1055 434 1090 πονηρίαν,
453 1055 503 1086 τὰς
519 1054 686 1089 νεωτερικὰς
699 1054 848 1088 ἐπιθυμίας
865 1063 931 1090 πρε-

141 1101 258 1136 σϐυτικῇ
274 1101 474 1136 καταπατήσας
495 1099 602 1136 γνώμῃ.
618 1100 689 1136 τάχα
710 1100 810 1135 δορκὰς
826 1099 875 1134 ἦν,”
886 1100 930 1126 ὅτε

139 1146 199 1179 ὀξεῖ
218 1146 258 1181 τῷ
275 1146 412 1181 βλέμματι
434 1145 483 1177 τὰς
501 1146 665 1181 ἐνθυμήσεις
678 1146 771 1180 ἔλεγεν
785 1146 855 1181 ὁρῶν
877 1146 931 1173 τῶν

141 1191 311 1227 ἀνθρώπων
332 1201 341 1217 ί
356 1191 413 1218 ’Ἰνα
428 1191 454 1218 τί
472 1191 550 1225 ὑμεῖς
567 1191 725 1226 ἐνθυμεῖσθε
743 1193 772 1218 ἐν
790 1193 849 1223 ταῖς
865 1201 932 1228 καρ-

138 1237 211 1268 δίαις
224 1238 302 1272 ὑμῶν
317 1239 441 1272 πονηρά;
461 1248 470 1262 ι
493 1237 598 1273 Νεὸρὺς
613 1237 640 1264 δὲ
654 1238 761 1272 ἐλάφων
775 1239 818 1265 ὅτε
828 1238 869 1273 ,τῷ
885 1239 930 1265 λε-

139 1284 225 1317 γεῶνι
239 1283 294 1309 τῶν
304 1283 439 1318 δαιμόνων
453 1283 547 1316 ἔλεγεν
556 1292 563 1298 ’
583 1293 592 1309 ‹
600 1283 712 1316 Ἔξελθε
726 1284 757 1310 ἐκ
768 1283 816 1310 τοῦ
828 1284 932 1320 ἀνθρώ-

140 1339 194 1357 που
210 1331 240 1357 τὸ
260 1330 371 1365 πνεῦμα
383 1330 413 1357 τὸ
429 1330 586 1365 ἀκάθαρτον
604 1339 613 1355 ι
635 1330 673 1360 ὡς
685 1330 718 1356 ὲκ
732 1330 864 1365 χηραμῶν
877 1330 931 1357 τῶν

139 1375 323 1410 ἀνθρωπίνων
354 1375 488 1409 σωμάτων
515 1375 727 1410 ἐνδομηχοῦντα.
753 1375 875 1403 ἀνέλκων
897 1376 931 1403 τὰ

137 1421 195 1448 τῶν
209 1420 344 1455 δαιμόνων
359 1420 599 1456 συνεσπειραμένα
615 1421 791 1454 συστήματα.

177 1467 312 1499 Φίλωνος
337 1466 386 1493 καὶ
417 1466 592 1501 Ὠριγένους.
611 1482 645 1486 -
666 1466 702 1491 ἸΙ
727 1468 774 1492 καὶ
796 1466 845 1501 ὅρη
868 1466 929 1498 τοὺς
945 1483 966 1511 c

139 1514 286 1547 προφήτας
299 1513 381 1546 φησὶν
399 1512 509 1547 ἀρτίους
525 1512 565 1546 τῷ
580 1513 746 1548 φρονήματι,
765 1513 819 1539 τῶν
834 1512 930 1548 ἀληθι-

136 1558 195 1585 νῶν
207 1558 359 1592 θεωρητὰς,
379 1556 456 1592 οἶμαι
469 1558 496 1584 δὲ
514 1558 560 1584 καὶ
583 1559 648 1590 τοὺς
662 1558 830 1590 ἀποστόλους
840 1566 846 1573 ·
868 1559 931 1585 ἐπεὶ

136 1603 212 1631 κατὰ
223 1604 318 1637 γενεὰν
337 1604 354 1639 ἡ
374 1603 464 1637 σοφία,
485 1604 524 1635 είς
538 1603 626 1638 ψυχὰς
645 1604 820 1638 μεταδαίνει-
838 1604 888 1639 ὅρη
903 1604 930 1630 δὲ

136 1649 237 1684 ἐπειδὴ
262 1649 422 1684 ἀνίσχοντος
447 1649 535 1684 ἡλίου,
564 1650 662 1684 πρῶτα
688 1650 929 1685 καταλάμπονται·

138 1694 255 1727 βουνοὺς
274 1695 302 1720 δὲ
318 1695 380 1725 τοὺς
396 1694 507 1720 ἔλαττον
521 1695 703 1730 χωρήσαντας
716 1695 765 1731 τὴν
787 1695 834 1722 τοῦ
851 1695 932 1721 πνεύ-

139 1749 229 1776 ματος
244 1740 406 1774 ἐπιφάνειαν
416 1749 422 1755 ·
438 1740 528 1774 λέγοις
542 1740 564 1766 δ’
577 1741 610 1766 ἂν
627 1741 674 1767 καὶ.
685 1740 746 1776 ὅρη,
765 1741 797 1767 τὰ
811 1742 840 1768 ἐν
856 1742 931 1776 νόμῳ

137 1787 283 1821 ιοὴματαο
307 1786 417 1820 βουνοὺς
430 1786 458 1812 δὲ
483 1785 516 1812 τὰ
536 1786 589 1812 τῶν
611 1786 715 1813 λοιπῶν
736 1786 929 1822 προφητῶν-ἢ

137 1833 189 1859 καὶ
205 1832 348 1866 θεωρήσας
363 1832 409 1858 τὺν
423 1833 452 1857 ὲν
470 1832 558 1867 Rat-vf]
582 1832 704 1867 Διαθὴκῃ
725 1832 815 1866 λόγον,
837 1832 931 1867 βλέπει

136 1879 177 1905 τὰ
188 1879 240 1913 ὅρη
259 1879 398 1913 πηδῶντα,
425 1878 471 1904 ἐπὶ
488 1878 516 1904 δὲ
532 1878 595 1909 τοὺς
612 1877 722 1913 βουνοὺς
744 1879 929 1913 διαλλόμενον,

136 1925 187 1951 τὸν
206 1925 235 1950 ἐν
255 1924 293 1958 τῷ
316 1923 425 1958 παλαιῷ
444 1923 606 1958 γράμματι·
630 1923 719 1959 νεῦρῷ
741 1923 769 1950 δὲ
794 1923 901 1958 ἐλάφων
917 1925 931 1950 ὀ

137 1970 259 2004 νυμφίος
284 1970 462 2000 ἀπείκασται,
479 1969 509 1995 οὐ
526 1969 606 2003 μόνον
625 1969 663 2001 ὡς
686 1969 838 1996 ἀναλίσκων
866 1969 931 2001 τοὺς

137 2018 230 2050 ὄφεις,
246 2016 304 2042 ἀλλ’
324 2016 365 2041 ὅτι
394 2015 439 2042 καὶ
455 2015 562 2041 παιδίον
579 2015 710 2050 ἐγεννήθη
725 2015 790 2050 ἡμῖν
807 2015 863 2046 υίὸς
884 2015 930 2041 καὶ

137 2062 221 2097 ἐδόθη
237 2063 320 2096 ἡμῖν·
341 2061 388 2087 καὶ
402 2061 442 2087 ὅτι
457 2057 642 2087 ἐταπείνωσεν
663 2061 758 2087 ἑαυτόν
769 2069 776 2076 ·
792 2059 809 2096 ἦ
829 2060 884 2096 γὰρ
898 2060 932 2087 ἂν

137 2107 241 2139 ἔλαφος
256 2107 363 2141 ὑπῆρχε
380 2106 480 2132 τελεία.

983 188 1039 216 Vox
1056 190 1128 217 enim
1149 190 1261 216 Domum
1280 190 1326 217 Dei
1343 194 1432 219 sonat.

1018 234 1088 262 Nili.
1101 251 1136 256 —
1152 236 1245 263 Bethel
1259 241 1311 268 est,
1331 241 1357 264 et
1373 238 1571 272 interpretatur
1584 237 1677 264 domus
1695 236 1742 263 Dei
1756 244 1766 263 :

982 285 1089 308 montes
1107 289 1170 308 vero
1188 281 1269 316 hujus
1289 283 1336 317 qui
1359 283 1395 310 ob
1418 283 1632 318 magnitudinem
1657 283 1766 309 virtutis

982 331 1090 354 montes
1107 328 1279 362 appellantur
1295 337 1302 355 :
1320 329 1393 355 sicut
1407 329 1479 356 enim
1496 333 1602 356 montes
1621 328 1766 356 altitudine

982 377 1114 406 superant
1138 377 1165 400 et
1192 373 1353 401 fortitudine
1370 374 1531 401 antecellunt
1556 374 1689 408 reliquam
1708 379 1765 400 ter-

982 426 1039 445 ram
1063 427 1070 446 :
1093 418 1134 445 sic
1160 419 1241 446 etiam
1270 419 1342 446 inter
1366 420 1491 447 homines
1515 420 1651 446 excellunt
1677 419 1765 447 sancti

982 464 1092 491 Sublimi
1118 465 1180 491 vitae
1204 465 1310 492 ratione
1332 465 1466 493 excitati:
1484 465 1510 492 in
1529 465 1571 492 his
1594 466 1676 500 igitur
1698 473 1765 492 con-

982 516 1135 537 versautcul
1159 510 1316 538 iratruelem
1333 520 1414 539 suum
1436 512 1542 547 Sponsa
1560 511 1636 542 vidit,
1653 516 1765 546 propter

982 556 1184 591 contemplandi
1211 557 1320 591 quidem
1346 562 1374 584 et
1396 557 1531 585 humanas
1555 558 1637 585 etiam
1661 558 1764 592 cogita-

981 601 1071 628 tiones
1108 601 1284 629 discernendi
1315 603 1369 629 vim
1406 610 1510 637 eapreaa
1545 603 1726 630 assimilatum
1756 611 1762 630 :

982 652 1092 681 propter
1110 647 1205 682 agr-udi
1227 656 1290 675 vero
1305 648 1490 675 cilicacitatem
1514 653 1541 676 et
1561 654 1656 676 contra
1678 649 1765 676 virtu-

982 697 1022 719 tes
1051 693 1221 720 adversarias
1249 694 1427 728 antipathiam
1457 694 1573 721 hinnulo
1601 701 1764 728 cervorum;

982 746 1080 765 cervus
1099 739 1172 766 enim
1195 745 1342 767 venenatos
1360 740 1479 767 absumit
1499 745 1651 774 serpentes.
1665 740 1698 767 At
1717 748 1767 767 cur

981 784 1019 811 ait
1034 784 1149 811 hinnulo
1165 792 1309 812 cervorqu
1326 790 1352 812 et
1368 793 1421 812 non
1445 786 1546 813 cervo?
1561 785 1630 819 Quia
1654 785 1766 820 plurimi

982 829 1092 863 quidem
1112 830 1234 857 homines
1250 830 1291 857 vel
1316 831 1372 857 fere
1391 838 1486 858 onmes
1507 831 1534 857 in
1555 831 1652 865 puerili
1675 836 1763 864 aetate,

983 874 1005 901 si
1036 882 1089 901 non
1121 875 1256 909 turpibus.
1279 879 1396 903 attamen
1429 876 1566 910 aliquibus
1595 876 1765 903 succubuere

982 921 1166 956 passiouihus.
1186 929 1217 948 ac
1233 929 1296 948 sero
1315 926 1342 948 et
1358 922 1403 948 vix
1421 922 1534 949 senilem
1557 929 1588 948 ac
1608 926 1766 955 temperan-

982 972 1035 994 tem
1062 971 1208 994 assutnnnt
1232 967 1437 1001 cogitationem.
1455 966 1542 993 llomo
1565 970 1654 993 autem
1673 966 1764 993 Domi-

983 1013 1060 1039 nicus
1077 1013 1235 1046 priusquam
1253 1015 1346 1038 nosset
1361 1018 1458 1037 vocare
1475 1015 1578 1046 patrem
1596 1011 1637 1037 rel
1652 1015 1765 1037 matrem

983 1065 1037 1084 non
1055 1058 1144 1091 paruit
1164 1057 1284 1087 malitiae,
1306 1056 1441 1088 iuveniles
1465 1057 1705 1090 concupiscentias
1725 1063 1768 1082 se-

983 1103 1030 1130 nili
1057 1103 1156 1130 mentis
1181 1103 1316 1130 sententia
1342 1102 1519 1128 conculcans.
1545 1101 1683 1128 Fortassis
1708 1104 1767 1128 erat

983 1158 1079 1184 caprea
1102 1149 1212 1185 quando
1233 1149 1309 1175 visus
1332 1148 1459 1174 acumine
1481 1148 1660 1182 cogitationes
1680 1147 1768 1173 homi-

982 1204 1047 1223 num
1064 1203 1173 1222 cervum
1190 1194 1300 1221 dicebat
1317 1203 1324 1220 :
1344 1202 1352 1219 ι
1374 1192 1473 1227 thnid
1499 1192 1623 1226 cogitatis
1647 1191 1717 1218 mala
1738 1191 1766 1218 in

982 1241 1112 1269 cordibus
1137 1241 1238 1268 vestris
1263 1240 1303 1266 ³⁷2
1332 1249 1340 1265 ι
1373 1238 1509 1265 llinnulus
1533 1245 1597 1264 vero
1623 1243 1766 1264 cervorum

982 1282 1092 1323 quando
1116 1286 1214 1321 legioni
1240 1285 1395 1312 diemonum
1418 1284 1547 1311 dicebat:
1566 1292 1575 1308 ‹
1592 1282 1641 1310 Εκί
1663 1283 1697 1310 ab
1718 1283 1768 1309 ho-

983 1334 1066 1365 mine,
1087 1332 1201 1367 spiritus
1224 1329 1364 1358 immunde
1379 1330 1412 1362 ³⁸,
1432 1339 1441 1355 ι
1473 1333 1602 1363 tanquam
1619 1336 1633 1354 e
1650 1327 1767 1362 porcinis

983 1379 1124 1406 hominum
1149 1376 1310 1412 corporibus
1333 1375 1490 1402 nidulantes
1515 1373 1662 1402 extrahens
1686 1373 1768 1402 simul

983 1424 1100 1451 insertas
1118 1423 1185 1457 ipsis
1204 1422 1359 1449 daemonum
1377 1421 1508 1455 legiones.

1019 1469 1153 1496 Philonis.
1166 1483 1202 1489 —
1216 1467 1265 1495 Vel
1282 1468 1364 1495 etiam
1388 1472 1495 1494 montes
1519 1470 1598 1494 vocat
1621 1466 1768 1502 prophetas

983 1523 1064 1543 sensu
1077 1515 1209 1542 sublimes
1222 1514 1367 1540 veritatum
1381 1512 1612 1547 contemplatores
1623 1520 1629 1538 :
1639 1512 1768 1538 existimo

981 1569 1047 1589 vero
1075 1562 1156 1588 etiam
1187 1560 1342 1594 apostolos,
1363 1558 1587 1594 quandoquidem
1616 1556 1766 1584 secundum

982 1606 1185 1641 generationem
1208 1605 1341 1639 sapientia
1360 1605 1385 1631 in
1407 1604 1513 1630 animas
1529 1602 1643 1636 transit,
1660 1606 1768 1630 montes

982 1657 1073 1679 autem
1092 1652 1156 1686 quia
1171 1652 1277 1679 oriente
1289 1651 1347 1677 sole
1361 1650 1440 1685 primi
1458 1649 1661 1679 illuminantur,
1683 1648 1768 1675 colles

981 1704 1046 1723 Vero
1078 1697 1124 1731 qui
1155 1696 1246 1723 minus
1275 1695 1388 1730 capiunt
1416 1695 1529 1729 spiritus
1557 1693 1766 1728 apparitionem.

982 1742 1052 1776 Quin
1068 1748 1094 1770 et
1114 1746 1220 1770 montes
1245 1746 1326 1768 vocat
1349 1748 1447 1768 sensus
1471 1740 1583 1775 legales,
1598 1740 1682 1767 colles
1704 1747 1768 1766 vero

981 1790 1140 1815 cancrorum
1154 1787 1358 1821 prophetarum,
1371 1786 1412 1813 vel
1428 1786 1509 1813 etiam
1521 1785 1588 1812 Novi
1600 1784 1767 1812 Tcstamenti

982 1840 1138 1860 scrumnem
1158 1832 1359 1866 contemplans,
1382 1830 1456 1857 videt
1482 1838 1564 1864 super
1592 1835 1698 1857 montes
1725 1836 1768 1856 sa-

982 1879 1105 1910 lientem,
1127 1886 1177 1912 per
1196 1878 1282 1905 colles
1309 1885 1375 1904 vero
1400 1877 1600 1903 transilientem
1627 1876 1653 1902 in
1681 1876 1768 1902 veteri

981 1924 1083 1951 littera.
1105 1923 1226 1950 Hinnulo
1247 1929 1328 1956 porro
1346 1929 1490 1949 cervorum
1516 1928 1633 1955 sponsus
1658 1920 1769 1947 assimi-

980 1971 1054 1998 latnr
1078 1977 1131 1996 non
1151 1969 1240 1996 solum
1257 1973 1285 1995 ιιι
1300 1971 1440 2002 serpentes
1461 1967 1618 1997 absumens,
1641 1966 1687 1993 sed
1702 1965 1768 2000 quia

982 2017 1061 2044 etiam
1092 2022 1160 2050 puer
1191 2019 1271 2041 natus
1310 2018 1353 2040 est
1380 2013 1460 2040 nobis
1480 2016 1507 2039 et
1525 2011 1597 2038 [ilius
1621 2011 1702 2038 datus
1726 2014 1769 2037 est

981 2061 1073 2092 nobis.
1099 2064 1125 2088 et
1150 2060 1215 2095 quia
1241 2059 1396 2086 humiliavit
1426 2059 1603 2093 semetipsum
1633 2056 1767 2091 siquidem

982 2114 1081 2134 cervus
1099 2110 1158 2132 erat
1175 2105 1323 2140 perfectus.

183 2152 257 2179 Ἰδοὺ
272 2150 361 2184 οὗτος
375 2152 504 2184 ἕστηκεν
528 2151 624 2178 ὀπίσω
644 2151 697 2179 τοῦ
718 2152 821 2186 τοίχου
845 2151 930 2186 ἡμῶν

1019 2152 1086 2180 Ecce
1107 2152 1148 2179 llic
1165 2157 1218 2179 stat
1239 2157 1297 2186 post
1320 2152 1447 2186 parietem
1470 2155 1590 2178 nostrum
1608 2150 1768 2184 prospiciens

138 2198 346 2231 παρακύπτων
359 2197 408 2224 διὰ
422 2197 481 2224 τῶν
496 2195 624 2232 θυρίδων
637 2197 794 2224 ἐκκύπτων
808 2197 857 2224 διὰ
872 2197 931 2224 τῶν

136 2244 282 2270 δικτύων.

174 2290 460 2323 Rupilium—dam;
471 2289 498 2316 δὲ
509 2289 556 2317 καίι
564 2290 627 2321 τοὺς
638 2289 804 2321 ἀποστόλους
814 2289 931 2324 ἐδήλωσε

138 2334 187 2360 διὰ
201 2335 251 2368 τῆς
271 2333 429 2368 ἁλιευτικῆς
441 2334 539 2369 τέχνης
549 2343 556 2350 ·
574 2333 659 2360 ταῦτα
671 2333 760 2360 τοίνυν
776 2333 870 2360 ἀκούει
886 2333 931 2360 τοῦ

137 2380 224 2413 λόγου
241 2380 257 2414 ἡ
276 2379 424 2414 Ἐκκλησία
439 2379 482 2406 διὰ
496 2379 551 2406 τῶν
565 2379 743 2415 προφητικῶν
753 2379 867 2414 θυρίδων
882 2379 930 2405 καὶ

138 2426 196 2452 τῶν
213 2426 335 2460 νομικῶν
362 2425 479 2452 δικτύων
503 2425 635 2461 δεχομένη
651 2425 702 2460 τὴν
726 2425 778 2460 τῆς
800 2425 929 2461 ἀληθείας

137 2471 246 2505 αὐγήν·
264 2471 305 2497 ἔτι
318 2471 485 2502 συνεστῶτος
499 2471 547 2497 τοῦ
561 2471 676 2498 τυπικοῦ
692 2471 740 2507 τῆς
756 2471 930 2503 διδασκαλίας

137 2515 245 2550 τοίχου,
262 2515 309 2542 τοῦ
333 2515 416 2551 νόμου
443 2515 525 2550 λέγω,
541 2515 587 2542 τοῦ
617 2515 666 2550 τὴν
684 2516 764 2542 σκιὰν
789 2515 929 2547 ποιοῦντος

138 2562 196 2587 τῶν
213 2560 366 2595 μελλόντων
380 2561 502 2595 ἀγαθῶν,
524 2561 574 2588 οὐκ
596 2562 682 2594 αὐτὴν
700 2561 748 2596 τὴν
771 2561 862 2587 εἰκόνα
877 2561 932 2587 τῶν

140 2607 316 2643 πραγμάτων
331 2607 499 2638 δεικνύντος·
517 2604 548 2634 οὗ
571 2607 660 2633 ὀπίσω
677 2607 764 2633 στᾶσα
785 2608 802 2642 ἡ
817 2607 931 2642 ἀλήθεια

139 2653 261 2688 ἐχομένη
275 2652 324 2679 τοῦ
334 2653 417 2679 τόπου
433 2652 545 2688 ὕστερον
558 2652 718 2687 ἐπιλάμπει.

173 2698 356 2733 Γρηγορίου.
377 2712 407 2719 —-
422 2699 500 2726 Κατὰ
513 2699 544 2725 τὸ
569 2699 650 2734 ῥητὸν
672 2697 746 2725 ἔνδον
767 2697 930 2734 οίκουρούσῃ

176 2786 199 2804 ⁸⁷
215 2785 313 2813 Matth.
331 2794 369 2817 Ix,
384 2785 411 2813 4.
451 2786 472 2802 ³⁸
491 2785 573 2814 Mare.
591 2794 617 2819 v,
636 2785 663 2814 8.

702 2785 724 2802 ³⁸
738 2785 838 2813 Jerem.
855 2791 894 2817 Ix,
910 2783 958 2811 21.

981 2207 1026 2234 νει·
1041 2199 1181 2234 fenestras,
1198 2206 1328 2233 apparens
1344 2206 1390 2232 per
1407 2198 1486 2225 retia.

1019 2286 1125 2322 Cyrilli.
1144 2301 1178 2307 -—
1191 2285 1332 2312 Fortassis
1344 2291 1411 2311 vero
1427 2284 1510 2311 etiam
1526 2283 1666 2317 apostolos
1678 2282 1770 2309 decla-

983 2334 1052 2360 ravit
1068 2336 1178 2367 propter
1194 2330 1320 2366 piscandi
1337 2333 1434 2357 artem.
1456 2329 1512 2356 Hos
1529 2328 1613 2363 igitur
1629 2335 1770 2355 sermones

983 2378 1061 2405 audit
1088 2377 1211 2404 Ecclesia
1237 2385 1286 2412 per
1314 2375 1471 2410 prophetias
1497 2375 1632 2402 fenestras
1653 2379 1679 2401 et
1701 2373 1770 2400 retia

982 2424 1079 2459 legalia
1110 2424 1234 2451 veritatis
1266 2422 1442 2454 splendorem
1472 2421 1647 2457 percipiens.
1680 2419 1770 2446 adhuc

983 2473 1127 2496 constante
1156 2468 1272 2502 ﬁgurato
1308 2467 1441 2494 doctrina!
1472 2467 1540 2501 legis
1572 2465 1695 2500 pariete,
1722 2464 1769 2498 qui

983 2514 1109 2541 umbram
1134 2513 1245 2540 exhibet
1267 2513 1422 2540 futurorum
1442 2513 1585 2542 bonorum.
1603 2519 1656 2538 non
1680 2511 1768 2545 ipsam

984 2559 1131 2595 imaginem
1164 2560 1302 2592 ostendit,
1333 2563 1408 2586 retro
1434 2567 1515 2594 quem
1544 2558 1645 2586 veritas
1674 2557 1769 2592 ﬁgurae

983 2607 1074 2635 vicina
1090 2606 1259 2638 consistens,
1275 2605 1415 2641 posterius
1431 2605 1576 2632 illucescit.

1021 2695 1150 2732 Gregorii.
1165 2711 1200 2717 —
1214 2695 1371 2724 Secundum
1394 2694 1513 2722 litteram
1539 2701 1547 2720 :
1566 2692 1633 2720 Cum
1656 2690 1767 2728 Sponsa
