1966 3074
182 94 249 126 1590

828 94 1004 124 PHOCOPII
1024 95 1145 125 GAZIEI

1736 92 1805 124 1600

181 154 257 182 intus
287 152 396 180 domum
423 152 596 181 custodiente
625 160 674 186 per
695 152 829 178 fenestras
857 157 979 179 amator

1031 153 1046 185 ᾗ
1068 150 1173 186 Νύμφῃ
1196 149 1240 176 διὰ
1255 149 1309 176 τῶν
1334 149 1448 185 θυρίδων
1461 149 1475 175 ὁ
1497 149 1613 184 ἐραστὴς
1633 147 1804 182 διαλέγεται⁸

180 197 302 228 disserit,
321 202 347 224 et
369 198 472 232 pariete
497 197 660 225 intermedio
685 202 833 230 utrumque
858 200 968 222 arcente

181 244 251 271 citra
271 243 357 270 ullunt
380 243 604 277 impedimentum
621 242 650 269 fit
665 242 801 270 sermonis
816 241 968 268 communi-

181 289 263 321 catio,
279 297 328 324 per
354 288 488 315 fenestras
505 288 616 323 quidem
636 295 664 314 se.
683 287 844 315 dcmittcnle
868 287 966 321 capite,

181 341 228 367 per
245 334 312 361 retia
329 341 393 361 vero
406 342 467 368 qua:
489 338 555 361 sunt
570 334 596 360 in
610 333 739 360 fenestris
759 332 873 359 interius
888 332 968 358 uculo

181 380 350 415 despicit-nte
366 388 372 405 :
389 381 432 406 via
450 385 541 406 autent
565 383 592 406 et
616 379 813 413 consequentia
839 386 968 413 anagogm

183 425 329 452 humanam
346 430 472 452 naturam
489 425 543 452 Deo
559 426 735 458 conjunctam
752 424 841 452 reddit
857 424 945 451 oratio
959 433 966 451 :

183 470 300 504 pl‘illllllll
326 459 435 504 quident
462 471 549 505 ipsam
575 478 622 505 per
648 470 795 504 prophetas
818 469 897 504 quasi
921 476 969 504 per

182 515 317 542 fenestras
339 520 366 542 et
383 523 429 550 per
448 516 572 550 legalium
600 521 797 550 praceptorum
821 515 970 541 connexio-

183 568 245 588 nem
266 561 343 595 quasi
362 569 409 595 per
425 563 492 588 retia
512 561 654 588 illustrans
669 569 675 587 :
691 561 733 588 sic
748 561 819 586 cnint
839 560 969 594 intelligi-

184 614 244 634 mus
259 606 393 633 fenestras
408 606 517 641 quidem
535 606 682 640 prophetas
698 605 744 640 qui
769 605 860 632 lumen
882 605 970 631 intro-

183 653 299 683 ducunt,
316 651 383 678 rctia
399 658 463 677 γει-ο
489 651 617 684 legalium
642 649 833 676 tnatnlatorum
858 657 969 682 nexum,

185 702 233 729 per
248 702 308 729 (pne
323 698 438 729 utraque
456 694 584 729 splendor
595 695 651 722 veri
666 694 777 721 luminis
793 694 867 720 intro
883 693 968 720 subil.

185 740 251 768 Post
278 741 334 767 hac
361 745 452 766 autent
483 744 527 766 est
558 739 678 774 perfecta
710 739 779 766 lucis
806 739 971 766 illuminatio

185 783 296 818 quando
312 784 438 818 apparuit
455 784 511 818 ipsa
529 784 573 810 lux
589 792 651 811 vera
671 791 719 819 per
741 784 972 818 conieutperatio-

186 837 249 857 nettt
267 837 329 857 cum
348 833 442 857 nostra
461 833 570 856 natura.

223 918 292 946 Nili.
307 934 342 939 —
360 918 494 946 Parietent
515 927 614 954 corpus
638 923 717 946 vocat
739 918 861 946 hominis
880 918 971 945 Dami—

189 964 258 997 ttici,
275 965 491 991 incarnationem
512 964 558 991 Dei
575 963 655 991 Verbi
673 964 879 991 abscondentis.
899 964 976 991 Videt

188 1013 279 1036 autem
305 1009 394 1044 ipsunt
417 1010 501 1036 etiam
530 1009 742 1044 prospicientem
769 1017 816 1043 per
841 1008 976 1035 fenestras

189 1062 348 1082 sermonum
365 1055 641 1089 propltclicorumfet
655 1059 832 1089 apparentem
847 1055 976 1096 per.retia

188 1100 395 1135 praedicationis
411 1102 577 1135 apostolicae.
599 1101 636 1128 Ex
657 1106 732 1136 parte
749 1109 866 1135 nantqne
887 1102 976 1136 ipsum

189 1146 268 1181 quasi
284 1154 299 1173 e
312 1146 433 1174 fenestra
449 1148 663 1182 prospicientem
679 1148 833 1182 prophetici
848 1148 978 1174 exhibent

190 1199 343 1226 sermones,
365 1197 452 1219 totum
477 1201 544 1220 vero
564 1193 683 1220 dilucide
706 1195 827 1221 ostendit
852 1195 977 1221 doctrina

191 1238 352 1272 apostolim.
372 1237 435 1265 Sola
454 1238 537 1273 igitur
554 1239 611 1267 bzec
627 1244 737 1267 ostensa
757 1243 798 1267 cst
815 1247 847 1266 ex
871 1240 903 1267 iis
919 1248 978 1273 qua:

192 1283 225 1310 de
246 1284 305 1318 ipso
327 1284 488 1317 prophetata
501 1289 559 1312 erat
578 1290 604 1312 et
622 1293 653 1311 cx
677 1285 868 1320 prmuuntiatls
890 1286 978 1320 signis

193 1329 274 1355 oculo
285 1328 383 1356 animas
400 1337 449 1363 per
464 1330 677 1357 crassitudinem
701 1330 813 1364 parietis
836 1336 979 1365 penetrare

192 1379 218 1400 ct
237 1375 263 1400 in
279 1382 394 1408 cor-pere
415 1375 606 1402 absconditum
631 1376 733 1403 videre.
757 1376 864 1403 Rursus
888 1381 978 1403 autent

194 1419 285 1453 paries
299 1423 341 1445 est
359 1419 411 1450 lex,
428 1423 502 1446 retro
518 1427 599 1454 quem
624 1424 678 1448 stat
697 1428 815 1455 sponsus
835 1420 978 1448 abscondi-

195 1468 238 1491 tus
254 1463 338 1498 legem
357 1465 496 1497 sanciens,
510 1469 537 1492 ct
558 1473 611 1492 non
633 1467 760 1501 cognitus
776 1466 811 1493 ab
825 1466 858 1493 iis
876 1467 976 1501 quibus

194 1509 239 1536 lcx
263 1509 410 1538 ferebatur.
438 1510 517 1538 Videt
537 1516 627 1538 autem
658 1507 746 1546 ipsum
773 1511 879 1546 Sponsa
905 1516 978 1539 retro

195 1553 281 1589 legem
309 1559 437 1588 stantem,
465 1556 591 1590 plurimis
619 1557 887 1592 incomprehensunt.
916 1559 980 1592 quia

196 1600 224 1627 in
239 1600 300 1634 hac,
317 1608 350 1628 ea
365 1609 425 1636 qua:
440 1601 473 1629 de
494 1602 554 1636 ipso
573 1606 638 1629 sttnt
651 1602 768 1631 obscure
787 1606 813 1630 et
827 1603 981 1630 inumbrata

195 1647 268 1673 dicta
285 1651 359 1674 sunt.
382 1646 428 1674 Sic
451 1652 528 1682 petra
544 1648 697 1681 Christum,
713 1653 739 1676 et
757 1656 833 1676 mare
849 1649 982 1683 baptisma

196 1692 378 1727 signiﬁcabat.
412 1693 503 1721 Possit
532 1701 598 1721 vero
627 1701 725 1722 rursus
754 1694 891 1722 fenestras
920 1694 984 1728 quis

196 1736 288 1764 dicere
312 1745 411 1764 sensus
435 1738 550 1772 Sponsa
575 1745 646 1772 quos
672 1746 734 1764 cum
761 1738 874 1765 haberet
900 1745 983 1773 puros

199 1790 246 1816 per
264 1790 311 1809 eos
330 1781 419 1810 solent
433 1791 464 1810 ac
481 1784 566 1810 vitam
588 1784 710 1818 suscepit
730 1784 921 1819 peccatoribus
937 1792 985 1819 per

197 1827 307 1857 eosdem
338 1832 453 1856 mortem
485 1828 751 1861 intromittentibus,
780 1828 857 1863 juxta
885 1829 950 1856 illud
976 1838 984 1858 :

200 1882 210 1897 ε
229 1873 357 1900 Ascendit
373 1881 445 1901 mors
470 1882 518 1909 per
540 1874 675 1903 fenestras
698 1879 805 1902 vestras
821 1875 855 1902 '°.
875 1884 884 1901 ι
909 1875 985 1903 Retia

199 1926 265 1945 vero
280 1919 447 1947 tentationes
463 1920 513 1954 ipsi
532 1928 546 1947 a
564 1920 666 1948 Satana
683 1920 709 1948 in
725 1920 834 1949 deserto
852 1921 986 1954 objectas,

199 1965 310 1999 quando
325 1969 443 1992 tentator
462 1965 550 1999 ipsqu
568 1966 646 2000 quasi
664 1967 741 1993 retiis
762 1974 859 2002 capere
875 1967 988 2002 putabat

200 2010 407 2041 tentationibus.
425 2011 525 2045 quibus
540 2011 686 2038 sublimior
703 2019 839 2046 apparens
855 2012 988 2039 Dominus

200 2059 228 2083 e‘.
238 2055 350 2089 laqueos
364 2057 487 2091 retiaque
500 2061 657 2089 conteretts,
669 2063 743 2084 recte
753 2058 866 2085 directis
878 2066 988 2093 respon-

1020 197 1067 222 καὶ
1083 196 1134 222 τοῦ
1143 197 1234 231 τοίχου
1256 195 1428 230 ἀμφοτέρους
1444 194 1515 221 κατὰ
1529 194 1558 220 τὸ
1580 195 1661 229 μέτον
1676 194 1806 228 διείργον-

1019 248 1078 270 τος,
1091 240 1287 274 ἀνεμπόδιστος
1298 239 1402 273 γίνεται
1416 239 1463 265 τοῦ
1476 238 1555 272 λόγου
1571 239 1586 272 ὴ
1605 237 1730 264 κοινωνία
1740 245 1746 251 ·
1762 237 1806 264 διὰ

1023 286 1072 320 μὲν
1088 286 1142 311 τῶν
1157 285 1272 320 θυρίδων
1292 284 1342 319 τῆς
1366 284 1487 318 κεφαλῆς
1504 283 1747 319 παρακυπτούσης,
1763 284 1806 310 διὰ

1019 331 1047 357 δὲ
1062 330 1117 356 τῶν
1145 332 1173 356 ἐν
1198 331 1258 361 ταῖς
1274 329 1364 364 θυρίσι
1390 328 1506 355 δικτύων
1528 328 1594 363 πρὸς
1615 329 1649 354 τὰ
1665 328 1738 359 ὲντδς
1760 328 1807 354 τοῦ

1020 375 1161 410 ὀφθαλμοῦ
1182 375 1392 406 διακόπτοντος·
1411 374 1463 408 6δῴ
1483 374 1511 400 δὲ
1529 374 1575 400 καὶ
1589 374 1735 409 ἀκολουθίᾳ
1758 375 1809 407 τῆς

1020 422 1131 456 ἀγωγῆς
1151 422 1317 456 προσοικειοῖ
1349 420 1388 454 τῷ
1408 420 1467 454 (⁸)εῷ
1490 419 1539 454 τὴν
1564 419 1737 454 ἀνθρωπίνην
1757 418 1809 452 φύ-

1022 475 1063 493 σιν
1080 468 1094 492 ὀ
1113 467 1208 500 λόγος·
1233 466 1340 501 πρῶτον
1366 466 1414 500 μὲν
1430 465 1514 500 αὐτὴν
1533 465 1576 491 διὰ
1590 464 1642 491 τῶν
1664 464 1810 500 προφητῶν

1019 512 1055 543 ὡς
1066 513 1108 539 διὰ
1124 513 1238 547 θυρίδων
1253 512 1440 544 καταυγὰζων·
1454 513 1500 538 καὶ
1510 511 1553 538 διὰ
1566 511 1615 545 τῆς
1627 512 1681 537 τῶν
1690 511 1812 546 νομικῶν

1020 557 1258 592 παραγγελμάτων
1278 557 1380 591 πλοκῆς
1404 556 1441 584 (it:
1455 556 1498 583 διὰ
1525 557 1656 583 δικτύων*
1673 556 1743 583 οὕτω
1757 556 1812 592 γὰρ

1019 603 1142 638 νοοῦμεν,
1153 603 1261 637 θυρίδας
1278 602 1396 636 μὲντοὺς
1412 603 1563 637 προφήτας,
1574 603 1636 634 τοὺς
1644 601 1674 628 τὸ
1688 601 1744 635 φῶς
1758 603 1813 628 εἴση

1021 649 1147 682 άγοντας,
1159 648 1253 674 δίκτυα
1266 648 1304 679 δὲ,
1316 647 1364 683 τὴν
1378 647 1432 673 τῶν
1446 647 1564 682 νομικῶν
1574 647 1812 681 παραγγελμάτων

1022 693 1142 729 πλοκήν·
1171 693 1204 719 δι’
1234 690 1270 719 ὧν
1295 693 1456 727 ἀμφοτέρων
1483 693 1500 728 ή
1519 693 1589 727 αὐγὴ
1620 693 1667 719 τοῦ
1686 693 1812 728 ἀληθινοῦ

991 767 1009 792 Β
1024 739 1111 774 φωτὸς
1142 739 1188 765 ἐπὶ
1216 738 1252 765 τὰ
1274 738 1348 769 ἐντος
1367 738 1552 772 παραδύεται·
1571 738 1640 771 μετὰ
1654 738 1740 764 ταῦτα
1757 739 1784 765 δὲ
1798 740 1813 771 ὴ

1024 784 1114 810 τελεία
1137 784 1184 810 τοῦ
1210 784 1297 817 φωτὶ,
1321 783 1454 817 ἐλλαμψις
1475 782 1597 816 γίνεται·
1615 782 1678 809 ὅταν
1695 783 1814 817 ἐπιφανῇ

1026 830 1106 860 αὐτὸς
1125 829 1156 856 τδ
1183 829 1239 863 φῶς
1258 828 1288 855 τὺ
1304 828 1430 864 ἀληθινὸν
1455 827 1500 854 διὰ
1514 828 1564 862 τῆς
1580 828 1648 862 πρὸς
1672 828 1720 863 τὴν
1733 821 1816 863 ἶρύσιν

1030 875 1108 910 ἡμῶν
1124 874 1313 909 ἀνακράσεως.

1060 921 1179 948 Νείλου.
1192 934 1228 940 -—
1252 920 1358 954 Τοῖχον,
1376 919 1406 945 τὸ
1423 918 1505 953 σῶμα
1523 917 1569 944 τοῦ
1587 917 1728 957 Κυριακοῢ
1743 918 1817 952 λέγει

1026 965 1182 1001 ἀνθρώπου,
1209 964 1381 1001 κρύπτοντος
1397 964 1444 990 τοῦ
1468 964 1536 990 Θεοῦ
1560 964 1646 998 Λόγου
1672 964 1721 999 τὴν
1739 965 1816 990 ὲναν-

1028 1011 1187 1045 θρώπησιν·
1216 1011 1310 1046 βλέπει
1335 1010 1362 1036 δὲ
1379 1010 1459 1037 αὐτον
1476 1010 1523 1036 καὶ
1548 1010 1761 1045 παρακύπτοντα
1775 1010 1819 1036 διὰ

1029 1058 1081 1084 τῶν
1092 1057 1220 1092 θυρίδων,
1233 1057 1287 1083 τῶν
1303 1056 1388 1090 λόγων
1400 1056 1454 1083 τῶν
1467 1057 1644 1090 προφητικῶν
1653 1065 1659 1071 ·
1674 1057 1721 1083 καὶ
1734 1056 1818 1090 ἐγκύ-

1028 1100 1129 1130 πτοκῗτα
1149 1103 1193 1129 διὰ
1208 1103 1262 1129 τῶν
1277 1102 1394 1129 δικτύων
1410 1102 1457 1129 τοῦ
1473 1102 1654 1129 ἀποστολικοῦ
1672 1103 1818 1138 κηρύγμα-

1029 1158 1091 1181 τος-
1114 1149 1236 1184 μερικῶς
1251 1149 1305 1183 γὰρ
1320 1149 1401 1175 αὑτὸν
1423 1149 1518 1184 ὥσπερ
1538 1149 1591 1176 ἀπὸ
1608 1149 1715 1184 θυρίδος
1729 1158 1820 1184 παρα-

1028 1194 1165 1220 κύπτοντα
1179 1195 1202 1220 ot
1215 1194 1378 1229 προφητικοὶ
1400 1194 1601 1229 παραφαίνουσι
1615 1194 1687 1228 λόγοι
1699 1202 1707 1209 ⁸
1723 1194 1781 1220 ὅλον
1791 1193 1820 1220 δὲ

1027 1239 1196 1275 τηλαυγῶςὴ
1212 1240 1376 1274 ἀποστολικὴ
1388 1239 1505 1266 δείκνυσι
1515 1240 1684 1266 διδασκαλία·
1697 1240 1763 1274 μόνη
1773 1236 1821 1266 οὖν

1030 1285 1099 1320 αὕτη
1115 1285 1257 1320 δεδύνηται
1272 1286 1303 1311 ὲκ
1319 1285 1372 1311 τῶν
1389 1286 1453 1320 περὶ
1467 1285 1550 1312 αὐτοῦ
1568 1285 1819 1320 προφητευθέντων.

1031 1330 1078 1356 καὶ
1098 1330 1129 1356 ὲκ
1150 1329 1206 1356 τῶν
1231 1330 1463 1365 προηγγελμένων
1487 1329 1609 1364 σημείων
1632 1328 1670 1362 τῷ
1689 1326 1822 1362 ὀφθαλμῷ

1030 1376 1081 1410 τῆς
1094 1375 1195 1410 ψυχῆς,
1210 1375 1254 1401 διὰ
1276 1375 1325 1410 τῆς
1346 1374 1500 1410 παχύτητος
1523 1373 1569 1401 τοῦ
1584 1374 1674 1408 τοίχου
1699 1372 1822 1399 διελάσαι

1031 1422 1078 1448 καὶ
1101 1422 1165 1448 ίδείν
1179 1421 1209 1447 τὸ
1238 1421 1427 1457 κρυπτόμενον
1453 1422 1482 1446 ἐν
1509 1419 1548 1454 τῷ
1574 1421 1697 1454 σώματι·
1720 1419 1777 1445 ἐστι
1793 1418 1822 1445 δὲ

1029 1467 1109 1493 πάλιν
1123 1468 1210 1501 τοῖχος
1228 1467 1241 1493 ὁ
1266 1467 1357 1502 νόμος,
1373 1463 1403 1492 οὗ
1426 1466 1514 1492 ὀπίσω
1528 1465 1646 1500 ἕστηκεν
1667 1464 1822 1499 ὁΝυμφίου

1029 1513 1232 1548 κρυπτόμενος,
1254 1512 1386 1543 θεσπίσας
1414 1511 1459 1537 τὸν
1482 1511 1563 1545 νόμον
1583 1511 1630 1538 καὶ
1644 1510 1674 1537 οὗ
1689 1510 1821 1545 γνωριζό-

1033 1567 1112 1593 μενος
1143 1559 1198 1590 τοῖς
1227 1557 1466 1593 νομοθετουμένοις
1485 1565 1491 1572 ·
1513 1556 1607 1591 βλέπει
1633 1555 1663 1582 δὲ
1701 1555 1781 1581 αὑτὸν
1805 1555 1822 1590 ἡ

1031 1604 1135 1639 Νύμφη
1161 1603 1250 1630 ὀπίσω
1277 1603 1383 1630 ἑστῶτα
1407 1602 1454 1629 τοῦ
1475 1603 1559 1638 νόμου
1578 1603 1635 1634 τοῖς
1657 1601 1764 1632 πολλοῖς
1775 1600 1825 1637 οὐχ

1032 1649 1184 1686 ὁρώμενον¹
1201 1648 1245 1675 διὰ
1269 1648 1300 1675 τὸ
1321 1648 1414 1683 σαφῶς
1437 1649 1465 1675 ὲν
1483 1647 1571 1682 τούτῳ
1585 1647 1619 1673 τὰ
1640 1647 1704 1682 περὶ
1730 1645 1823 1678 αὑτοῦ,

1033 1697 1080 1723 καὶ
1104 1694 1340 1729 συνεσκιασμὲνης
1360 1694 1503 1730 εἰρῆσθαι·
1529 1694 1571 1725 ὡς
1586 1694 1603 1728 ἡ
1618 1694 1707 1727 πέτρα
1729 1692 1825 1728 ἐδήλου

1033 1739 1162 1775 Χριστὸν,
1191 1739 1238 1765 καὶ
1267 1739 1391 1766 θάλασσα
1420 1739 1450 1765 τὺ
1478 1738 1637 1774 βάπτισμα·
1664 1737 1774 1763 δύναται
1797 1737 1826 1764 δὲ

1035 1785 1115 1812 πάλιν
1128 1784 1239 1819 θυρίδας
1249 1792 1292 1815 τις
1306 1784 1405 1818 λέγειν,
1417 1784 1465 1810 καὶ
1476 1783 1525 1819 τῆς
1548 1782 1666 1818 Νύμφης
1680 1782 1713 1808 τὰ
1731 1780 1825 1815 αἰσθη-

1035 1832 1135 1867 τήρια·
1156 1831 1227 1866 ἅπερ
1256 1830 1357 1866 ἔχουσα
1380 1829 1485 1866 καθορᾷ
1508 1829 1584 1865 ἥλιον
1612 1829 1645 1855 δι’
1663 1827 1763 1857 αὐτῶν,
1779 1829 1827 1853 καὶ

1037 1877 1110 1912 ζωὴν
1133 1877 1250 1911 ἐδέχετο,
1275 1876 1329 1903 τῶν
1348 1875 1518 1911 ἁμαρτωλῶν
1544 1875 1658 1902 θάνατον
1678 1874 1712 1900 δι’
1737 1873 1827 1900 αὐτῶν

1037 1923 1249 1958 εἰσδεχομένων·
1268 1922 1340 1948 κατὰ
1363 1922 1411 1948 τό*
1428 1930 1437 1946 ι
1451 1921 1572 1951 Θάνατος
1598 1919 1683 1955 ἀνέϐη
1707 1918 1753 1945 διὰ
1773 1918 1829 1945 τῶν

1038 1967 1155 2003 θυρίδων
1168 1967 1260 2002 ὑμῶν·
1281 1977 1289 1992 ι
1300 1967 1395 1993 δίκτυα
1412 1967 1451 1997 δὲ.
1466 1967 1529 1997 τοὺς
1544 1966 1573 1991 ὲν
1588 1967 1621 2000 τῇ
1637 1965 1733 2000 ἐρήμῳ
1749 1972 1830 1999 προσ-

1039 2013 1170 2047 αχθέντας
1193 2012 1267 2047 αὐτῷ
1285 2012 1361 2047 παρὰ
1376 2011 1423 2038 τοῦ
1449 2011 1557 2038 Σατανᾶ
1581 2009 1766 2045 πειρασμούς·
1782 2009 1828 2036 ὅτε

1040 2059 1178 2093 πειράζων
1193 2058 1274 2085 αὑτὸν
1289 2054 1416 2092 καθᾶπερ
1432 2056 1550 2088 δικτύοις
1565 2056 1705 2092 περιέχειν
1721 2055 1829 2090 ἐνόμιζε
1847 2070 1849 2072 -

200 2099 324 2127 sionihus
344 2101 553 2135 supereminens
573 2102 700 2136 apparuit
721 2110 769 2136 per
794 2103 863 2129 retia
887 2103 979 2130 divini-

1037 2107 1091 2137 τοῖς
1107 2106 1286 2140 πειρασμοῖς·
1299 2101 1335 2130 ὧν
1353 2105 1489 2138 ἀνώτερος
1507 2104 1602 2137 φανεὶς
1617 2103 1630 2129 ὁ
1647 2102 1765 2136 Κύριοςς
1782 2100 1831 2127 καὶ

200 2147 264 2173 tatis
282 2147 334 2172 vim
355 2147 507 2181 perspicaci
523 2147 620 2174 animas
642 2148 796 2176 insinuans.
816 2148 894 2179 Unde
909 2149 987 2178 dein-

201 2198 265 2225 ceps
277 2191 359 2218 etiam
377 2192 484 2226 Sponsa
500 2192 629 2220 edisserit
650 2193 756 2221 filiabus
777 2193 942 2227 Jerusalem,
958 2199 988 2222 ut

201 2237 382 2271 prmsentibus
402 2239 512 2272 quidem
529 2239 709 2266 illis-locutus
732 2240 769 2267 sit
790 2239 924 2274 Sponsus,
940 2240 988 2268 scd

202 2286 302 2316 pt‘aatcr
315 2282 403 2316 ipsum
416 2276 495 2310 nerito
511 2284 647 2311 audiverit
658 2292 718 2320 qua:
732 2285 900 2313 subduntur.
915 2286 987 2319 Quin

203 2333 230 2356 et
250 2335 349 2355 sensus
363 2328 417 2355 dici
431 2329 536 2364 possint
551 2326 686 2363 feneélrw,
703 2338 751 2365 per
766 2339 833 2366 quas
847 2332 880 2358 ad
897 2340 1000 2368 pecca-p

205 2376 278 2400 tores
300 2373 409 2407 quidem
426 2381 500 2401 ntors
524 2375 630 2402 transit.
648 2374 700 2402 Sed
717 2376 750 2402 ad
763 2377 887 2402 animam.
897 2384 992 2404 amore

207 2418 286 2445 Verbi
305 2418 444 2453 praeditam
465 2420 598 2454 prospicit
615 2420 738 2453 verbum,
756 2429 818 2461 cum
835 2421 874 2461 ad
885 2430 915 2449 ea
931 2429 991 2456 quae

205 2463 300 2490 decem
332 2463 460 2491 settsibus
488 2468 590 2496 utatur,
615 2469 643 2492 et
668 2465 696 2492 in
727 2458 874 2500 super—lori.
892 2467 993 2494 aedium

206 2513 284 2542 parte
303 2509 468 2536 cancellatas
490 2510 590 2537 habeat.
611 2511 756 2543 fenestras.
772 2512 806 2538 ad
822 2520 891 2546 quas
907 2511 994 2547 Spon-

209 2561 257 2581 sus
280 2554 439 2586 adveniens,
455 2563 503 2590 per
526 2556 586 2583 illas
611 2557 743 2592 prospicit
764 2556 898 2592 Sponsam
915 2558 948 2585 ad
965 2566 995 2586 se

210 2607 312 2627 vocans
335 2601 369 2628 ab
385 2602 516 2629 extremis
536 2602 663 2630 sensibus
683 2603 716 2630 ad
743 2603 951 2631 inasoectabilia
968 2607 996 2631 et

248 2688 269 2705 ⁸³
285 2688 384 2716 Jerem.
404 2697 440 2723 Ix,
455 2689 500 2716 2i.

251 2779 307 2816 (57)
323 2781 524 2816 Λέγοιντοέλθέ
538 2781 564 2808 in
577 2781 607 2809 (Σ.
625 2781 653 2808 Β.
669 2781 778 2817 Origcni
796 2782 907 2809 dantur.

1041 2151 1189 2186 συντρίψας
1204 2151 1253 2181 τὰς
1276 2150 1393 2184 παγίδας
1407 2151 1453 2176 καὶ
1471 2149 1504 2175 τὰ
1517 2149 1623 2179 δίκτυα,
1644 2148 1691 2175 καὶ
1712 2149 1770 2179 ταῖς
1786 2146 1831 2173 εὗ-

1041 2197 1163 2228 θυϐό).οις
1181 2194 1370 2231 ἀποκρύψεσιν
1387 2195 1557 2230 ὑπερκύψας,
1573 2193 1703 2226 ἐξέκυπτε
1717 2193 1760 2219 διὰ
1775 2192 1831 2218 τῶν

1041 2243 1168 2273 δικτύων,
1194 2242 1243 2277 τὴν
1258 2243 1309 2277 τῆς
1335 2242 1462 2276 θεότητος
1477 2241 1592 2275 δύναμιν
1617 2239 1772 2273 ὑποφαίνων

1041 2287 1183 2322 διορατικῇ
1208 2285 1298 2320 ψυχῇ·
1320 2286 1382 2312 ὅθεν
1399 2285 1492 2314 λοιπὸν
1514 2284 1647 2319 διηγεῖται
1662 2284 1722 2313 ταῖς
1746 2282 1831 2315 θυγα-

1042 2331 1338 2367 τράσιν-Ἰερουσαλὴμ
1354 2332 1370 2366 ἡ
1387 2331 1502 2365 Νύμφη·
1521 2330 1535 2356 ὃ
1553 2329 1689 2364 παρουσίᾳ
1706 2328 1754 2363 μὲν
1773 2328 1832 2354 ἐλε-

1043 2385 1091 2411 γεν
1106 2378 1218 2403 ἐκείνων
1229 2378 1243 2403 ὁ
1254 2374 1392 2411 Νυμφίος,
1406 2377 1488 2411 ἤκουε
1498 2375 1526 2402 δὲ
1543 2375 1611 2410 πλὴν
1624 2374 1732 2408 ἐκείνης
1744 2373 1831 2405 οὐδεὶς

1043 2423 1079 2450 τὰ
1094 2423 1252 2458 ὲπαγόμενα
1266 2423 1332 2457 (57).
1357 2423 1487 2456 Λέγοιντο
1511 2421 1533 2448 δ’
1548 2421 1581 2448 ἂν
1597 2417 1704 2456 θυρίδες
1729 2419 1776 2446 καὶ
1799 2418 1833 2446 τὰ

1044 2469 1222 2503 αἰσθητήρια,
1238 2468 1272 2495 δι’
1287 2465 1324 2495 ὧν
1340 2469 1385 2494 ἐπὶ
1402 2468 1450 2503 μὲν
1467 2467 1521 2494 τῶν
1534 2465 1706 2502 ἁμαρτωλῶν
1719 2465 1832 2495 θάνατος

1044 2513 1194 2539 διαϐαίνει·
1213 2513 1261 2539 ἐπὶ
1271 2512 1299 2539 δὲ
1317 2513 1366 2547 τῆς
1391 2511 1531 2547 ἐρωτικῶς
1546 2510 1723 2544 διακειμένης
1744 2509 1833 2544 ψυχῆς

1045 2558 1113 2594 πρδς
1131 2558 1176 2585 τὸν
1191 2559 1285 2592 Λόγον,
1305 2558 1481 2593 παρακύπτει
1493 2558 1507 2583 ὁ
1521 2557 1600 2591 λόγος
1627 2557 1666 2587 εἰς
1687 2555 1721 2581 τὰ
1741 2555 1833 2581 δέοντα

1045 2606 1105 2636 ταῖς
1118 2604 1260 2640 αἰσθήσεσι
1276 2604 1461 2640 κεχρημένης,
1477 2603 1524 2630 καὶ
1538 2601 1639 2637 δικτύῳ
1661 2599 1834 2627 κατασκευά-

965 2724 1081 2755 ΝΟΤέΕ.
