1966 3074
205 119 271 152 i603

870 119 1049 151 PROCOPII
1074 119 1194 149 ΟΑΖίΕΙ

1754 118 1822 149 1001.

201 182 275 206 ctum
299 176 460 212 ῃτιυιιιλιιυιιι
484 184 534 204 suo
559 183 692 211 tempore.
718 176 833 211 Oportet
856 177 940 213 igitur
963 178 989 205 in

1049 177 1087 204 ταὶ
1104 177 1161 208 τοῖς
1179 176 1253 207 ἰδίοις
1266 175 1375 202 ἄνθεσιν
1392 177 1408 211 ὴ
1423 176 1503 211 φύσις
1519 176 1694 211 ὡραΐζεσθσι,
1712 177 1760 203 εἰτ’
1776 177 1823 203 οὖν

201 225 306 252 varium
332 224 383 250 hoc
411 228 518 257 pratum
550 224 690 259 ingressos
717 231 750 250 ex
776 223 889 250 tioribus
913 223 988 250 hisee

200 270 365 302 decerpere,
394 268 501 302 sibique
520 276 637 296 coronas
658 276 766 303 parare.
787 268 856 296 Nam
881 273 989 303 tempus

201 315 290 349 ipsius
305 315 453 349 putationis
469 314 588 341 advenit.
609 314 666 341 lloc
685 314 848 341 testiﬁcatur
863 322 915 341 vos
932 318 989 340 tur-

203 360 282 391 turis,
299 360 349 386 hoc
371 363 413 386 est
435 367 486 386 vox
511 359 657 386 clamantis
680 360 706 386 in
729 360 849 386 deserto.
870 359 989 386 Joannes

202 405 275 431 enim
292 409 334 432 est
351 408 453 437 turtur,
479 405 502 432 is
518 409 559 432 est
580 405 704 439 praeclari
722 406 804 440 hujus
827 406 897 432 veris
913 405 989 432 Prae-

203 458 310 481 cursor,
325 451 370 484 qui
387 450 480 477 ﬂorent
497 451 531 477 de
546 451 638 477 radice
652 449 729 478 Jcsse
745 450 874 483 ostendit,
884 451 989 485 Agnum

205 496 251 522 Dei
272 495 316 530 qui
340 496 410 522 tollit
433 500 573 530 peccatum
595 496 700 527 mundi,
717 501 743 523 et
759 497 838 523 docet
857 497 890 523 de
912 497 990 524 malis

204 540 334 575 agendam
349 540 537 574 paenitentiam
549 540 663 567 etvitam
675 540 825 575 degendam
837 549 869 567 ex
880 542 990 568 virtute.

204 585 304 611 Audita
330 590 380 616 est,
406 585 504 620 inqttit,
529 593 577 613 vom
603 587 715 612 lurtttris
740 587 766 612 in
793 591 863 612 terra
887 592 990 619 nostra,

205 636 306 657 terram
333 631 402 657 forte
431 631 576 658 nominans
595 624 648 661 eos
670 632 715 666 qui
744 636 808 659 sunt
830 632 896 659 vitio
913 632 990 659 dant--

206 675 276 708 nati,
293 683 363 707 quos
382 677 539 703 meretrices
556 681 584 703 et
603 677 765 711 publicanos
781 677 847 704 dicit
871 677 992 712 Evange-

206 721 284 753 lium,
306 729 320 747 a
346 722 446 754 quibus
472 722 582 750 auditus
602 727 642 750 est
670 730 761 749 sermo
784 722 909 756 Joannis,
930 731 990 750 cum

207 767 305 801 reliqui
328 767 440 793 minime
462 767 639 795 admisissent
661 768 892 802 praedicationem.
914 769 992 802 Quod

208 817 297 839 autent
312 813 415 839 dictum
431 817 472 840 est
488 813 521 840 de
538 814 599 846 lien,
616 815 745 848 qttoniant
762 815 872 848 protulit
886 823 992 849 gressus

207 865 284 889 suos,
309 858 415 885 ratione
437 858 477 885 sic
501 859 695 894 intelligamus.
717 859 798 886 Ficus
820 861 854 886 0h
875 860 993 886 calorem

208 904 321 938 praedita
351 909 391 930 est
421 903 521 938 insigni
561 904 586 931 vi
617 904 772 932 attrahendi
809 905 931 933 humoris
960 913 994 932 ex

208 948 344 983 profundo
362 957 368 975 :
386 956 447 975 eum
463 953 555 976 autent
576 950 679 976 multus
697 950 795 976 ltttntor
815 950 946 977 consistat
966 950 994 977 in

209 994 344 1025 medulla,
377 995 534 1021 necessario
564 999 661 1021 natura
689 1003 737 1030 per
762 995 907 1023 ltumorum
928 1003 995 1022 con-

209 1040 360 1066 coctionent
385 1039 412 1066 iu
433 1040 536 1074 planta,
559 1040 671 1075 expellit
689 1048 703 1067 e
723 1042 806 1068 ramis
826 1041 948 1068 inutilem
968 1045 996 1068 et

210 1090 367 1113 terrestrem
393 1087 547 1113 ltuntorent.
564 1086 648 1120 quue
665 1094 736 1121 saepe
754 1086 819 1114 iacit
839 1087 925 1114 donec
940 1087 996 1114 sin-

210 1140 302 1158 ceruttt
317 1136 343 1158 et
357 1132 388 1159 ad
403 1132 578 1159 nutriendum
591 1138 682 1166 aptum
699 1133 841 1159 humorem
857 1138 919 1167 apto
933 1141 996 1168 pro-

211 1178 280 1205 ferat
303 1183 444 1212 tempore,
469 1178 504 1205 ab
531 1178 624 1205 inutili
648 1183 828 1212 expurgatum
853 1179 996 1213 qualitate.

209 1224 286 1256 Quod
303 1231 368 1258 ergo
383 1228 446 1250 ante
457 1223 561 1251 dulcem
578 1229 604 1251 et
617 1223 765 1259 perfectum
780 1223 908 1256 fructum,
922 1233 936 1250 a
946 1224 996 1251 ticu

211 1269 298 1296 instar
309 1269 414 1296 frttcttts
425 1269 593 1303 producitur,
602 1277 714 1304 gressus
723 1269 931 1303 dicitur,estque
940 1269 996 1295 fru-

211 1318 272 1341 ctus
286 1315 458 1348 protemium,
471 1322 524 1341 nott
537 1315 595 1349 ipse
607 1315 721 1342 fructus.
734 1314 784 1347 Qui
802 1323 866 1349 ergo
887 1323 918 1342 ea
931 1315 999 1343 vidit

212 1360 330 1387 fructum
347 1367 454 1394 quoque
469 1368 531 1387 mox
553 1360 680 1387 futurum
693 1366 850 1395 exspectat,
869 1368 929 1387 cum
946 1362 997 1395 igi-

212 1410 258 1433 tur
280 1406 403 1440 spiritale
420 1413 466 1433 ver
485 1405 596 1440 Sponsae
615 1405 755 1433 describat
771 1407 862 1433 oratio
879 1415 885 1432 :
901 1407 935 1433 sit
951 1415 999 1434 au--

213 1455 267 1479 tem
289 1451 341 1478 hoc
364 1457 470 1486 tempus
492 1451 519 1478 in
541 1451 659 1478 confinio
684 1451 804 1478 tristitiae
827 1452 952 1479 hiemalis
973 1456 999 1480 et

214 1497 353 1525 fructuum
379 1498 425 1532 qui
450 1497 617 1532 colliguntur
644 1501 738 1524 aestate
768 1498 997 1533 participationis.

214 1543 361 1578 Propterea
387 1544 457 1570 mala
482 1544 591 1578 quidem
622 1544 790 1578 przeteriisse
814 1544 935 1571 dilucide
954 1552 1000 1571 an-

215 1590 334 1621 nuntiat,
353 1589 490 1624 perfectos
510 1594 601 1616 autent
624 1589 731 1617 l‘ructus
751 1590 860 1617 virttttis
880 1590 999 1617 nondum

216 1639 310 1670 aperte
326 1635 457 1667 ostemlit,
475 1634 522 1662 sed
538 1635 586 1662 hos
602 1634 711 1670 quidem
736 1636 859 1662 recondit
884 1636 910 1662 in
931 1639 1000 1662 letu-

216 1687 268 1715 pus
283 1683 481 1714 opportunum,
500 1680 609 1714 quando
627 1684 707 1707 aestas
725 1681 865 1713 institerit,
885 1689 946 1714 qum
959 1686 1001 1708 est

217 1725 311 1753 saeculi
326 1725 527 1752 consummatio
542 1733 548 1752 :
567 1733 640 1752 nunc
656 1729 746 1752 autem
763 1726 884 1753 ostendit
902 1727 1000 1754 lloren-

217 1774 259 1798 tes
285 1778 346 1805 spes
376 1771 525 1803 virtutum,
552 1778 669 1805 quarunt
701 1770 807 1799 fruetus
836 1775 948 1807 apparet
973 1773 1000 1799 in

219 1821 340 1851 tentpore
368 1824 429 1843 suo.
455 1816 523 1843 Cum
554 1817 636 1851 igitur
666 1817 783 1845 humana
812 1823 910 1845 natura
933 1826 1001 1845 con-

218 1867 347 1897 gruenter
371 1861 445 1893 licui,
471 1861 504 1889 de
526 1870 579 1897 qua
603 1862 646 1890 hic
671 1862 700 1889 ﬁt
722 1864 836 1896 mentio,
856 1872 905 1899 per
923 1865 1002 1891 intel-

219 1907 315 1935 lectam
339 1916 354 1935 a
376 1908 454 1935 nobis
472 1908 599 1940 hiemem,
617 1909 718 1935 malum
741 1909 881 1943 collegerit
903 1910 1002 1936 humo-

218 1960 287 1985 rem,
304 1956 376 1980 recte
400 1953 445 1987 qui
471 1953 594 1987 spiritale
615 1960 662 1980 ver
686 1953 713 1980 in
739 1953 819 1980 nobis
836 1953 927 1986 edicit,
946 1954 1003 1988 pri-

218 2005 292 2024 mum
310 1997 417 2031 quidem
438 2005 452 2023 a
470 2001 569 2024 natura
587 1997 700 2033 expellit
713 1997 845 2034 quidquid
860 2002 901 2025 est
917 2003 1003 2025 terre-

218 2049 284 2069 num
307 2047 334 2069 et
357 2042 463 2074 inutile,
480 2049 619 2068 ramorum
646 2042 706 2068 loco
733 2049 781 2076 per
803 2041 1003 2069 confessionem

219 2088 356 2122 expellens
379 2093 563 2114 excrementa.
594 2086 695 2114 Deinde
720 2091 836 2121 speratae
859 2088 1005 2115 beatitudi-

220 2131 264 2158 nis
290 2131 433 2165 quemdam
461 2131 647 2158 characterem
677 2131 718 2158 sic
745 2139 793 2166 per
819 2132 1003 2159 honestiorem

1039 225 1098 254 ταῖς
1116 223 1244 258 ἁρεταῖς’
1261 222 1288 249 αἳ
1313 221 1360 249 νῦν
1380 223 1429 257 μὲν
1458 222 1594 254 ἀνθοῦσιν,
1615 222 1671 257 ἰδίῳ
1696 223 1723 248 δὲ
1737 222 1824 258 καιρῷ

1038 267 1187 303 παρέξουσι
1202 265 1247 293 τὸν
1260 267 1366 302 καρπόν
1377 274 1383 281 ·
1403 267 1444 292 δεῖ
1458 264 1504 293 οὖν
1519 269 1547 293 ὲν
1558 266 1596 301 τῷ
1615 266 1728 302 ποικίλῳ
1738 267 1825 302 τούτῳ

1038 313 1153 348 χειμῶνι
1178 311 1350 343 εἰσελθόντας
1365 314 1397 338 ὲκ
1411 312 1466 338 τῶν
1485 313 1586 339 ἀνθέων
1603 313 1704 339 τούτων
1724 313 1825 348 δρέψα-

1039 358 1112 391 σθαι,
1129 358 1177 385 καῖ¹
1202 358 1351 390 στεφάνους
1372 359 1478 390 ἑαυτοῖς
1502 359 1721 386 κατασκευάσαι’
1741 361 1754 386 ὁ
1771 359 1826 396 γὰρ

1039 404 1135 439 καιρδις
1146 404 1194 439 τῆς
1205 404 1294 438 τομῆς
1305 405 1394 430 αὐτῶν
1405 403 1518 438 ἔφθακε·
1531 404 1610 431 τοῦτό
1623 413 1662 431 σοι
1674 405 1826 440 διαμαρτύ-

1042 458 1116 485 ρεται
1130 450 1146 485 ἡ
1158 449 1204 475 τοῦ
1223 450 1355 484 τρυγόνος
1371 450 1445 485 φωνή
1457 450 1622 476 ’τουτέστιν
1642 451 1658 485 ἡ
1683 450 1757 485 ctuti]
1779 450 1826 476 τοῦ

1041 495 1155 531 βοῶντος
1167 496 1195 521 ἐν
1205 497 1238 530 τῇ
1251 496 1355 530 ὲρήμῳ”
1370 495 1496 530 Ἰωάννης
1508 496 1561 529 γάρ
1574 497 1647 522 ἐστιν
1659 496 1672 522 ὁ
1684 495 1802 530 τρυγὼν,
1813 497 1827 521 ὁ

1040 540 1086 567 τοῦ
1103 540 1213 575 φαιδροῦ
1238 540 1316 575 ἔαρος
1330 540 1496 575 Πρόδρομος,
1511 541 1525 567 ὁ
1541 541 1571 566 τὸ
1588 542 1619 566 ἐκ
1633 541 1709 576 ῥίζης
1730 541 1828 567 Ἰεσσαὶ

1041 587 1119 619 ἄνθος
1139 586 1319 612 ὑποδεικνύων
1334 586 1379 612 τὸν
1399 586 1495 620 Ἀμνδν
1513 586 1558 612 τοῦ
1576 585 1642 612 Θεοῦ
1660 586 1705 612 τὸν
1719 587 1828 621 αἴροντα

1041 633 1091 668 τὴν
1117 632 1256 668 ἁμαρτίαν
1270 631 1317 658 τοῦ
1343 633 1457 666 κόσμου,
1481 632 1528 658 καὶ
1541 631 1590 667 τὴν
1615 634 1647 658 ἐκ
1668 632 1721 658 τῶν
1737 633 1829 658 κακῶν

1041 679 1174 705 διδάσκων
1192 679 1346 713 μετάνοιαν,
1360 678 1408 704 καὶ
1423 677 1471 712 τὴν
1484 678 1543 704 κατ’
1556 678 1658 712 ἀρετὴν
1670 677 1807 704 πολιτείαν
1819 686 1826 692 ι

1049 725 1198 757 Ἠκούσθη
1219 723 1281 758 γὰρ.
1293 723 1385 758 φησὶν,
1403 722 1486 757 ρωνὴ
1507 722 1559 749 τοῦ
1581 724 1724 756 τρυγόνος
1743 723 1777 749 ὲν
1794 722 1830 756 τῇ

1042 769 1082 804 γῇ
1096 768 1194 804 ἡμῶν·
1211 770 1279 803 τάχα
1292 769 1357 803 γῆν,
1370 769 1432 799 τοὺς
1448 768 1687 803 κατεγνωσμένους
1702 769 1731 794 ἐν
1746 769 1830 803 κακίᾳ.

1043 814 1247 850 κατονομάζων,
1263 813 1309 845 οὒς
1328 814 1442 848 πόρνους
1458 813 1504 840 καὶ
1519 812 1637 844 τελώνας
1657 813 1687 839 τὸ
1707 813 1831 846 Εὐαγγέ-

1011 854 1030 880 Β
1045 861 1114 891 λιον,
1132 861 1161 885 ἑν
1174 856 1214 890 οἷς
1233 858 1354 893 ἠκούσθη
1370 858 1417 884 τοῦ
1432 858 1557 884 Ἰωάννου
1570 859 1583 884 ὁ
1597 858 1687 891 λόγος,
1706 857 1760 884 τῶν
1775 858 1826 884 λοι-

1046 905 1105 931 πῶν
1119 904 1148 931 οὑ
1167 903 1398 939 παραδεξαμένων
1411 903 1441 929 τὸ
1455 903 1586 938 κήρυγμα
1597 911 1603 918 ·
1614 903 1644 929 τὺ
1659 903 1687 929 δὲ
1704 903 1766 936 περὶ
1782 902 1831 937 τῆς

1047 951 1132 984 συκῆς
1158 949 1303 985 εἰρημένον
1328 950 1369 976 ὅτι
1399 948 1545 984 ἐξήνεγκεν
1577 948 1704 979 ὀλύνθους
1727 949 1830 981 αὐτῆς,

1045 995 1146 1022 οὑτωσὶ
1165 996 1203 1030 τῷ
1229 995 1301 1030 λόγῳ
1325 996 1557 1029 κατανοήσωμεν”
1580 993 1711 1028 ἑλκητικὴ
1731 994 1780 1028 τῆς
1803 995 1831 1019 ὲν

1045 1041 1085 1077 τῷ
1100 1041 1176 1076 βάθει
1192 1041 1293 1071 νοτίδος
1309 1039 1492 1075 διαφερόντως
1503 1039 1555 1065 ὑπὸ
1574 1039 1742 1074 θερμότητος
1759 1041 1832 1066 ἐστιν

1047 1087 1063 1121 ἡ
1080 1086 1167 1120 συκῆ·
1194 1086 1294 1120 πολλῆς
1306 1086 1334 1112 δὲ
1346 1085 1416 1112 κατὰ
1437 1085 1486 1116 τὰς
1501 1085 1663 1119 ὲντεριὼνας
1682 1086 1730 1120 τῆς
1749 1085 1831 1119 ἰκμά-

1046 1132 1089 1162 δος
1100 1131 1311 1166 συνισταμένης,
1339 1131 1494 1164 ἀναγκαίως
1509 1131 1525 1165 ἡ
1551 1131 1639 1166 ῥύσις,
1657 1131 1701 1158 διὰ
1717 1131 1765 1164 τῆς
1779 1131 1834 1157 τῶν

1047 1175 1138 1211 ὑγρῶν
1151 1175 1259 1209 πέψεως
1273 1177 1321 1210 τῆς
1336 1177 1364 1202 ὲν
1376 1175 1416 1209 τῷ
1431 1175 1504 1210 φυτῷ
1515 1176 1672 1210 γινομένης,
1682 1176 1712 1201 τὸ
1725 1175 1834 1210 ἀχρεῖόν

1046 1229 1075 1247 τε
1086 1221 1132 1247 καὶ
1146 1221 1246 1254 γεῶδες
1259 1223 1308 1255 τῆς
1324 1221 1445 1255 ἰκμάδος,
1457 1222 1488 1247 ἐκ
1502 1221 1556 1247 τῶν
1584 1222 1745 1257 ἀχρημόνων
1768 1222 1835 1248 ἀπο-

1049 1266 1229 1299 σκευάζεται·
1248 1267 1377 1298 πολλάκις
1405 1267 1482 1293 τοῦτο
1500 1268 1588 1299 ποιεῖ,
1610 1268 1662 1298 ἓως
1683 1267 1715 1294 ἂν
1737 1267 1767 1294 τὸ
1795 1268 1836 1293 εἰ-

1051 1311 1173 1346 λικρινές
1198 1321 1228 1338 τε
1255 1312 1304 1338 καὶ
1318 1313 1451 1347 τρόφιμον
1468 1313 1496 1339 ὲν
1513 1312 1551 1346 τῷ
1579 1313 1726 1347 καθήκοντι
1748 1312 1836 1348 καιρῷ

1050 1357 1196 1392 προϐάλλει
1217 1358 1422 1394 κεκαθαρμένον
1447 1358 1495 1393 τῆς
1522 1359 1658 1393 ἀχρήστου
1678 1359 1834 1393 ποιότητος·

1049 1404 1079 1429 τὸ
1092 1403 1181 1429 τοίνυν
1201 1403 1253 1438 πρὸ
1267 1403 1313 1430 τοῦ
1329 1404 1443 1437 γλυκέος
1466 1413 1495 1430 τε
1512 1405 1558 1430 καὶ
1572 1404 1706 1439 τροφίμου
1728 1405 1776 1431 καὶ
1791 1413 1836 1431 τε-

1049 1448 1120 1474 λείου
1136 1449 1188 1475 ὑπῦ
1205 1448 1255 1483 τῆς
1270 1450 1354 1484 συκῆς
1369 1451 1398 1476 ὲν
1412 1450 1526 1485 καρπῶν
1538 1450 1602 1476 εῖδει
1617 1450 1837 1486 προϐαλλόμενον

1053 1493 1162 1524 amco;
1179 1493 1300 1526 λέγεται,
1317 1494 1384 1529 ὅπερ
1401 1494 1448 1520 τοῦ
1476 1494 1582 1530 καρποῦ
1601 1495 1742 1530 προοίμιον
1764 1494 1836 1529 γίνε-

1050 1547 1104 1569 ται,
1118 1538 1168 1564 οὐκ
1191 1539 1257 1565 αὐτὸ
1282 1539 1389 1574 καρπός
1400 1548 1406 1555 ⁸
1435 1540 1449 1565 ό
1464 1540 1550 1566 ταῦτα
1564 1540 1652 1565 τοίνυν
1669 1539 1838 1574 θεασάμενος

1051 1584 1098 1610 καὶ
1113 1584 1158 1610 τὸν
1175 1585 1280 1619 καρπον
1300 1585 1361 1611 ὅσον
1381 1584 1456 1611 οὔπω
1470 1585 1627 1620 ἐκδέχεται·
1642 1585 1735 1620 ἐπειδὴ
1749 1585 1838 1611 τοίνυν

1051 1631 1081 1656 τὸ
1098 1630 1282 1664 πνευματικὸν
1295 1631 1344 1665 ἔαρ
1362 1631 1515 1666 ὑπογράφει
1526 1632 1557 1666 τῇ
1573 1630 1674 1666 Νύμφῃ
1689 1632 1702 1657 ὁ
1715 1631 1792 1664 λόγος
1803 1639 1809 1645 ·
1824 1631 1839 1656 ὀ

1051 1675 1078 1702 δὲ
1101 1676 1196 1710 καιρὸς
1216 1674 1292 1707 οὗτος
1319 1676 1444 1711 μεθόριος
1463 1678 1531 1709 ἐστι,
1549 1677 1598 1711 τῆς
1626 1685 1656 1702 τε
1678 1675 1840 1711 χειμερινῆς

1052 1722 1214 1757 κατηφείας,
1237 1722 1283 1747 καὶ
1299 1722 1348 1756 τῆς
1366 1723 1394 1747 ἐν
1410 1722 1449 1757 τῷ
1472 1722 1546 1757 θέρει
1572 1722 1626 1748 τῶν
1642 1723 1755 1757 καρπῶν
1773 1730 1840 1757 μετ-

1052 1768 1220 1798 ουσίας⁴διὰ
1247 1768 1327 1793 τοῦτο
1352 1767 1383 1793 τὸ
1402 1768 1450 1802 μὲν
1474 1767 1669 1803 παρῳχηκέναι
1693 1767 1728 1793 τὰ
1753 1767 1840 1799 κακὰ,

1052 1813 1199 1848 διαρρήδην
1216 1812 1432 1846 εὐαγγελίζεται,
1451 1813 1515 1845 τοὺς
1529 1813 1556 1839 δὲ
1575 1813 1697 1848 καρποὺς
1711 1813 1758 1846 τῆς
1775 1813 1840 1847 ἁρε-

1053 1859 1111 1892 τῆς,
1127 1856 1204 1883 οὔπω
1221 1857 1332 1888 τελείως
1348 1857 1556 1892 προδείκνυσιν·
1575 1857 1643 1883 ἀλλὰ
1664 1856 1773 1885 τούτους
1791 1856 1841 1890 μὲν

1054 1905 1082 1931 ἑν
1095 1903 1133 1937 τί)
1155 1903 1301 1937 καθήκοντι
1327 1901 1418 1938 καιρῷ
1441 1902 1615 1937 ταμιεύεται,
1634 1902 1698 1928 ὅταν
1718 1903 1797 1936 ἐνστῇ
1811 1901 1842 1927 τὸ

1054 1946 1133 1980 θέρος
1146 1947 1215 1981 ὅπερ
1237 1946 1295 1972 ἐστὶ
1323 1947 1463 1973 συντέλεια
1479 1947 1527 1973 τοῦ
1553 1947 1668 1978 αἰῶνος·
1687 1946 1733 1973 νῦν
1745 1946 1774 1972 δὲ
1794 1945 1842 1976 τὰς

1054 1993 1165 2025 ἐλπίδας
1191 1994 1311 2021 δείκνυσι
1334 1995 1377 2021 διὰ
1398 1994 1453 2021 τῶν
1477 1995 1585 2030 ἀρετῶν
1601 1994 1744 2026 ἁνθούσας,
1768 1991 1805 2020 ὧν
1829 1995 1843 2020 ὁ

1055 2041 1162 2074 καρπὸς
1184 2041 1214 2066 ἐν
1237 2039 1275 2074 τῷ
1290 2041 1347 2075 ἰδίῳ
1370 2040 1460 2076 καιρῷ
1475 2041 1671 2075 προφαίνεται·
1692 2041 1741 2074 τῆς
1755 2040 1844 2066 τοίνυν

1055 2086 1230 2121 ἀνθρωπίνης
1247 2086 1355 2120 φύσεως
1381 2087 1450 2114 κατὰ
1472 2087 1520 2121 τὴν
1546 2085 1780 2121 μνημονευθεῖσαν
1799 2087 1842 2112 ἐν-

1055 2130 1142 2157 ταῦθα
1161 2132 1257 2166 συκῆν,
1271 2131 1372 2167 πολλὴν
1384 2132 1428 2158 διὰ
1441 2131 1488 2157 τοῦ
1506 2131 1647 2166 νοηθέντος
1661 2131 1727 2166 ἡμῖν
1740 2131 1843 2165 χειμῶ-

218 2177 326 2203 vivendi
344 2176 476 2203 ratiouettt
493 2176 630 2210 injiciens,
645 2177 728 2203 veluti
746 2177 909 2212 quibusdam
924 2186 997 2212 gros~

1056 2184 1100 2207 νος
1125 2177 1175 2211 τὴν
1199 2177 1288 2212 κακὴν
1320 2177 1422 2211 ἰκμάδα
1447 2177 1662 2212 συλλεξαμένης·
1688 2177 1734 2202 καὶ
1757 2176 1794 2206 ὼς
1813 2175 1844 2201 τὸ

220 2223 277 2254 sis,
304 2222 403 2248 licuum
424 2222 577 2248 futurarum
600 2223 772 2250 dulcedinetn
787 2225 940 2251 annuntiat.
958 2224 1003 2252 Sic

221 2268 304 2295 etiam
347 2268 466 2302 intelligo
499 2268 639 2295 ﬂorentem
666 2269 764 2300 vitem,
790 2268 868 2303 cujus
893 2269 1002 2304 quidem

222 2313 315 2339 vinum
335 2320 383 2340 eor
402 2313 544 2340 laetilicans
561 2313 685 2348 itttplebit
700 2314 847 2349 aliquando
868 2320 1003 2343 craterem

223 2359 365 2394 sapientia;
391 2363 418 2386 et
445 2359 478 2385 ad
508 2360 651 2386 fruendum
669 2359 791 2387 convivis
820 2361 1003 2395 proponitur:

223 2405 304 2432 modo
330 2412 426 2439 nempe
447 2404 509 2431 vitis
532 2412 578 2438 per
593 2404 674 2433 ﬂores
691 2410 797 2433 vernat.
814 2406 876 2434 Htec
893 2407 1006 2442 Sponsae

223 2450 311 2477 oratio
336 2451 411 2484 prius
435 2449 555 2476 ostendit
582 2449 681 2476 indicia
704 2455 730 2476 et
751 2454 829 2479 notas
849 2451 913 2478 boni
936 2453 1006 2480 veris

223 2496 387 2526 animarum,
404 2501 518 2528 eamque
543 2494 639 2520 incitat
665 2494 699 2520 ad
720 2502 814 2521 eorum
832 2503 892 2529 qua:
909 2504 1004 2531 propo-

223 2541 274 2568 sita
289 2545 352 2567 sunt
368 2539 524 2566 fruitiortem
540 2542 563 2565 ct
581 2539 671 2566 verbis
685 2547 745 2566 eam
761 2540 896 2567 excitans.

1057 2221 1171 2256 ψυχικὴν
1190 2222 1240 2256 ἔαρ
1254 2223 1452 2257 ἐργασάμενος,
1466 2223 1575 2258 πρῶτον
1589 2223 1638 2257 μὲν
1655 2221 1780 2248 ἐκϐάλλει
1795 2222 1842 2255 τῆς

1058 2268 1165 2302 φύσεως
1183 2269 1307 2295 πᾶνὸσον
1323 2269 1423 2302 γεῶδες
1441 2270 1487 2295 καὶ
1508 2270 1653 2303 ἇχρηστϋνν
1669 2267 1729 2293 ἀντὶ
1757 2267 1843 2301 ἀχρη-

1060 2314 1148 2349 μόνων
1171 2314 1204 2340 δι’
1235 2315 1457 2349 ἑξομολογήσεως
1485 2314 1680 2346 ἁποσκευάζων
1709 2312 1744 2339 τὰ
1765 2321 1844 2347 περι-

1061 2359 1207 2394 πτώματα,
1225 2358 1274 2386 εἷθ’
1294 2360 1365 2387 οὕτω
1382 2361 1543 2396 χαρακτῆρα
1557 2369 1618 2386 τινα
1630 2359 1680 2393 τῆς
1701 2357 1845 2393 ἐλπιζομέ-

1063 2415 1110 2441 νης
1127 2407 1328 2442 μακαριότητος
1355 2406 1398 2432 διὰ
1413 2406 1462 2440 τῆς
1490 2405 1664 2441 ἁστειοτέρας
1688 2405 1760 2439 ζωῆς
1785 2405 1846 2430 ἐπι-

1062 2451 1168 2478 ϐάλλων
1180 2451 1218 2487 τῷ
1237 2452 1297 2486 βίῳ,
1323 2450 1378 2478 οἷόν
1394 2461 1465 2478 τισιν
1486 2451 1617 2483 ὀλύνθοις,
1632 2451 1681 2486 τὴν
1698 2450 1846 2485 μέλλουσαν

1059 2496 1217 2532 γλυκύτητα
1235 2498 1289 2523 τῶν
1309 2497 1399 2523 συκῶν
1422 2496 1645 2530 εὐαζδγελίζεται·
1662 2495 1735 2521 οὕτω
1752 2496 1846 2529 νόησον

1058 2542 1104 2569 καὶ
1124 2542 1174 2578 τὴν
1188 2542 1373 2577 κυπρὶζουσαν
1387 2543 1509 2578 ἄμπελον
1520 2550 1526 2557 ·
1543 2539 1577 2577 ἧς
1590 2543 1604 2569 ὁ
1621 2542 1670 2577 μὲν
1684 2539 1754 2572 οἶνος
1768 2541 1782 2566 ὁ
1797 2541 1846 2574 τὴν

222 2588 335 2623 καρδίαν
348 2587 511 2622 εὐφραίνων,
526 2586 665 2621 πληρώσει
675 2586 739 2613 ποτὲ
756 2587 802 2613 τὸν
813 2588 861 2622 τῆς
873 2587 967 2621 socia;
984 2590 1120 2625 κρατῆρα,
1135 2590 1183 2616 καὶ
1195 2590 1371 2625 προκείσεται
1385 2591 1441 2621 τοῖς
1457 2590 1610 2624 συμπόταις
1626 2590 1666 2620 εἰς
1679 2588 1844 2615 ἀπόλαυσιν·

222 2634 269 2662 νῦν
283 2634 332 2669 μέν
347 2642 387 2659 τοι
401 2632 528 2667 κυπρίςει
541 2632 583 2658 διὰ
599 2632 643 2658 τοῦ
657 2632 754 2663 ἄνθους
766 2633 782 2668 ή
795 2632 916 2666 ἄμπελος
929 2642 936 2648 ·
954 2633 1040 2660 ταῦτα
1057 2635 1231 2670 προδείκνυσι
1242 2637 1275 2671 τῇ
1287 2635 1390 2671 Νύμφῃ
1402 2636 1415 2661 ὁ
1429 2635 1506 2669 λόγος
1517 2633 1564 2660 τοῦ
1585 2633 1669 2661 καλοῦ
1687 2633 1741 2659 τῶν
1753 2632 1847 2667 ψυχῶν

222 2683 302 2718 ἔαρος
311 2682 344 2708 τὰ
355 2681 541 2716 γνωρίσματον
550 2681 596 2707 καὶ
606 2680 762 2706 ἐπισπεύδει
770 2681 837 2715 πρὸς
847 2681 895 2716 τὴν
905 2681 959 2707 τῶν
968 2683 1157 2718 προκειμένων
1166 2683 1324 2715 ἀπόλαυσιν,
1332 2682 1473 2717 διεγείρων
1482 2682 1566 2717 αὐτὴν
1575 2682 1613 2716 τῷ
1620 2682 1691 2716 λόγῳ
1700 2681 1745 2707 καί
1755 2689 1846 2715 φησιν.

258 2725 328 2756 Nili.
344 2744 377 2749 ——
393 2728 465 2756 Istud
480 2736 569 2763 surge,
586 2729 710 2755 vocantis
727 2733 769 2755 est
786 2733 812 2755 et
832 2729 979 2755 excitantis
999 2739 1004 2756 :

223 2775 257 2802 ab
278 2773 427 2801 humilibus
452 2781 569 2807 namque
591 2774 733 2809 praeceptis
753 2774 886 2808 legalibus
906 2775 938 2801 ad
962 2783 1008 2801 stl—

222 2820 363 2847 hlimiores
387 2819 606 2854 evangelicorum
628 2819 824 2846 miraculorum
846 2819 1007 2855 disciplinas

223 2866 311 2901 ipsam
342 2865 466 2893 excitans
492 2870 580 2894 vocat.
608 2865 759 2901 Relinque,
788 2865 892 2901 inquit,
922 2866 1007 2901 legem

1095 2731 1216 2757 Νείλου.
1230 2746 1264 2751 -
1277 2731 1312 2756 Τὸ
1329 2730 1446 2762 ἀνάστα,
1463 2729 1610 2760 καλοῦντός
1623 2731 1680 2755 ἐστι
1696 2729 1742 2755 καὶ
1753 2728 1849 2762 διεγεί-

1060 2785 1153 2810 ροντος
1168 2784 1174 2791 '
1187 2776 1240 2802 ἀπὸ
1255 2777 1309 2811 γὰρ
1320 2776 1374 2802 τῶν
1393 2776 1464 2802 κατὰ
1477 2775 1522 2802 τὶν
1536 2775 1616 2809 νόμον
1631 2774 1766 2800 ταπεινῶν
1781 2782 1849 2808 παρ-

1060 2819 1259 2853 αγγελμάτων,
1288 2819 1334 2845 ἐπὶ
1362 2819 1396 2845 τὰ
1424 2819 1578 2854 ὑψηλότερα
1617 2819 1767 2853 μαθήματα
1795 2818 1848 2843 τῶν

1060 2864 1246 2898 εὐαγγελικὼν
1273 2865 1448 2900 παραδόσεων
1481 2865 1564 2900 αὐτὴν
1587 2865 1727 2900 διεγείρων
1753 2864 1846 2891 καλεῖ·
