1966 3074
121 144 189 176 1605

599 141 870 171 COMMENTARII
884 140 923 170 ΙΝ
944 140 1104 170 CANTICA
1123 139 1270 170 CANTltI.

1677 140 1744 173 1606

119 199 269 228 κατάλιπε,
286 197 380 232 φησιν,
396 197 442 222 τὸν
457 194 579 230 νηπιὼδη
595 196 694 230 νόμον,
709 195 754 221 τὸν
772 196 821 230 τὴν
833 195 908 230 ἐνέρ-

965 195 1096 228 puerilem
1119 202 1180 228 qtue
1195 198 1369 228 peccatorum
1393 194 1581 228 operationem
1605 195 1743 230 prohibet,

119 255 198 281 γειαν
209 245 263 271 τῶν
278 243 487 279 ἁμαρτημάτων
501 243 651 274 κωλύοντα,
665 244 712 269 καὶ
727 242 786 269 ἐλθὲ
801 243 848 269 ἐπὶ
859 242 908 278 τὴν

118 293 202 329 χάριν
224 290 274 326 τὴν
295 289 484 316 ἐκκόπτουσαν
505 289 554 315 καὶ
581 289 612 315 τὺ
637 288 738 323 φαῦλον
763 288 906 324 ἐνθύμιον·

118 337 227 364 ἀνάστα
251 335 305 362 ἀπὸ
321 334 375 361 τῶν
392 334 505 369 γηΐνων,
521 334 658 369 πρόκοψον
675 334 722 360 ἐπὶ
732 334 765 360 τὰ
779 334 906 369 οὐράνιοι·

119 383 227 409 ἀνάστα
243 381 297 407 ἀπὸ
317 380 372 406 τῶν
392 379 506 413 τύπων,
533 380 684 415 πορεύθητι
702 380 749 406 ἐπὶ
769 379 818 415 τὴν
842 380 909 415 ἀλή-

120 429 197 454 θειαν
207 435 214 442 ⁶
231 426 365 460 ἀνάστηθι
375 425 430 452 ἀπὺ
443 425 491 452 τοῦ
504 425 689 460 στοιχειώδους
699 425 793 459 νόμου,
808 424 909 459 φθάσον

120 472 169 498 ἐπὶ
186 471 234 506 τὴν
257 471 430 504 τελειότητα·
446 470 568 505 χειμῶνα
589 470 662 504 λέγει
677 470 723 496 τὸν
745 470 793 496 τοῦ
807 470 909 501 πάθους

121 518 230 552 καιρὸν,
244 518 273 543 ὲν
324 517 425 548 πάντες
441 515 644 551 ὲχειμάσθησαν
662 515 701 550 τῷ
713 516 761 550 τῆς
780 515 908 548 ἀπιστίας

121 563 260 598 πνεύματι
269 571 276 578 ⁸
292 563 340 589 καὶ
353 562 408 597 γὰρ
422 563 469 589 καὶ
484 562 612 597 αἰσθητὸς
627 561 730 597 χειμὼν
741 560 775 597 ἦν
784 562 853 589 κατὰ
864 562 909 589 τὸν

121 610 217 645 καιρὸν
234 610 336 635 ἐκεῖνον
349 617 355 623 ·
372 605 403 635 οὗ
420 608 601 642 παρελθόντος
616 610 630 634 6
653 609 729 640 ὑετὸς
745 610 758 635 ὁ
776 617 910 645 προφητι-

121 655 179 686 κδς,
198 655 242 680 καὶ
255 655 269 680 ὁ
284 654 396 689 νομικὸς
414 654 494 686 λόγος
506 653 643 679 ἐπαύσατο
654 661 660 668 ·
676 654 724 688 τῆς
746 655 799 689 γὰρ
818 655 909 690 φωνῆς

121 700 168 727 τοῦ
191 700 322 735 τρυγόνος
347 699 527 734 ἀκουσθείσης
554 700 603 733 τῆς
636 699 784 734 λεγούσης’
804 709 813 725 ι
828 700 909 726 Δεῦτε

120 745 222 776 πάντες
239 746 262 770 οἱ
277 745 428 776 κοπιῶντες
442 745 488 770 καὶ
506 745 729 779 πεφορτισμένοι,
745 744 824 777 κάγὼ
842 745 909 771 ἀνα-

120 790 221 816 παύσω
237 790 319 824 ὑμᾶς,
343 799 352 815 ι
369 790 419 816 οὐκ
438 789 478 815 ἔτι
493 787 527 824 ἦν
542 790 620 824 χρεία
635 790 680 816 τοῦ
701 790 910 821 καταϐαίνοντος

119 836 157 866 ὡς
184 834 261 862 ὑετοῦ
283 835 494 869 ἀποφθέγματος
518 834 630 868 νομικοῦ
659 834 754 868 λόγου·
782 835 827 860 καὶ
858 834 909 860 τῶν

958 244 985 268 et
999 241 1060 268 veni
1075 241 1107 267 ad
1121 241 1247 275 gratiam,
1262 249 1322 275 qua:
1336 248 1447 276 pravam
1466 241 1548 268 etiam
1562 241 1654 269 evctlit
1668 244 1745 278 cogi-

959 287 1109 320 tationem;
1128 293 1245 320 exsurge
1260 294 1273 312 a
1290 286 1420 320 terrenis,
1434 286 1535 322 proﬁce
1553 287 1585 314 ad
1601 288 1741 315 calli-stin:

958 339 1076 366 exsurge
1099 339 1113 358 a
1141 332 1238 366 primis
1261 331 1368 367 ﬁguris,
1391 333 1492 359 accede
1516 333 1549 359 ad
1572 334 1713 360 veritatem
1735 342 1742 360 :

958 384 1075 412 exsurge
1092 376 1127 404 ab
1146 377 1304 404 elementari
1323 378 1390 412 lege,
1409 385 1534 413 grassare
1549 379 1582 405 ad
1599 380 1745 414 perfectio-

957 429 1032 448 ucm.
1058 421 1180 449 lliemem
1204 426 1294 449 autem
1321 423 1389 449 dicit
1417 427 1525 458 tempus
1551 423 1698 457 passionis,
1717 424 1743 451 in

959 474 1014 500 quo
1039 475 1135 495 omnes
1163 468 1335 495 inﬁdelitatis
1354 468 1451 502 spiritu
1475 469 1549 496 velut
1569 469 1654 503 glacie
1678 477 1744 496 con-

960 513 1049 540 stricti
1067 517 1164 540 erant:
1179 513 1280 540 etenim
1299 514 1438 541 sensibilis
1459 521 1568 548 quoque
1586 514 1672 541 hiems
1688 519 1745 541 crat

960 558 1012 585 isto
1036 563 1167 592 tempore.
1187 559 1220 586 Et
1247 559 1336 593 pluvia
1362 559 1522 594 prophetica
1544 567 1689 593 sermoque
1707 559 1745 586 lc-

959 604 1028 638 galis
1044 603 1197 631 stillarerat
1212 613 1219 631 :
1236 612 1297 631 nam
1315 612 1382 632 voce
1400 605 1517 632 turturis
1539 605 1630 632 audita
1647 605 1744 631 dicen-

961 651 995 677 tis
1011 659 1018 677 :
1039 650 1161 683 (Venite,
1177 658 1270 677 omnes
1285 651 1331 685 qui
1352 651 1480 678 laboratis
1497 655 1523 678 et
1541 652 1646 678 onerati
1666 652 1745 683 estis,

959 700 986 722 ct
1011 703 1063 730 ego
1088 696 1208 722 reﬁciant
1236 703 1284 723 vos
1304 696 1355 728 “,i
1376 703 1428 722 non
1453 696 1572 730 amplius
1597 701 1655 722 crat
1678 703 1746 731 opus

961 741 1038 776 legali
1062 749 1188 768 sermone
1211 741 1298 768 instar
1323 741 1420 775 pluvize
1444 742 1612 768 sententiose
1631 741 1746 768 descen-

960 787 1041 814 dculc.
1059 797 1065 814 :
1083 791 1111 814 et
1134 786 1256 819 ﬂoribus,
1275 787 1302 814 id
1326 792 1368 814 est
1393 787 1458 814 viris
1483 787 1599 818 sanctis,
1625 787 1650 813 in
1673 791 1745 814 terra

961 831 1164 860 Christianismi
1183 833 1389 868 apparentibus,
1409 838 1515 867 tempus
1535 833 1683 867 putationis
1699 832 1746 859 ad-

119 881 223 906 ἀνθέων
235 880 372 915 ὀφθέντων
388 881 417 906 ὲν
433 881 465 915 τῇ
480 882 514 915 γῇ
530 881 583 906 τῶν
600 881 628 906 ἐν
647 880 686 915 τῷ
706 880 909 916 Χριστιανισμῴ

965 879 1045 910 venit.
1062 879 1220 906 rcfectionis
1241 878 1395 906 Judmorum
1410 887 1417 905 :
1432 885 1459 906 ct
1476 879 1543 906 ﬁcus
1558 884 1639 913 quam
1655 884 1747 913 pater-

119 927 206 960 ἀγίων
227 925 342 961 ἀνδρῶν,
362 926 457 961 καιρὸς
481 926 529 960 τῆς
550 926 636 960 τομῆς
655 925 756 959 ἔφθακε
771 925 820 959 τῆς
837 926 905 951 ἀπο-

119 971 203 1005 ϐολῆς
220 971 274 997 τῶν
295 971 450 997 Ἰουδαίων·
472 971 550 1005 καὶὴ
571 971 640 1004 συκῆ
664 971 696 1005 ἢν
712 970 793 1004 κόψαι
819 970 863 996 διὰ
875 969 906 996 τὸ

120 1017 159 1050 μὴ
175 1016 269 1050 φέρειν
295 1017 429 1051 καρπὺνὸ
453 1016 645 1050 οἰκοδεσπότης
667 1015 820 1048 ἐκέλευσεν,
844 1017 907 1046 τοὺς

116 1062 168 1095 τῆς
182 1061 327 1095 μετανοίας
351 1061 499 1097 ἐξήνθησεν
526 1061 664 1092 ὀλύνθους,
689 1061 759 1096 μετὰ
773 1062 823 1096 τὴν
849 1061 908 1088 ἐπι-

117 1107 219 1142 δημίαν
238 1107 368 1142 Χριστοῦ,
394 1106 428 1133 τὰ
442 1106 493 1140 τῆς
517 1107 655 1140 ἰδιωτικῆς
673 1106 847 1137 διδασκαλίας
863 1107 907 1132 δε-

118 1153 224 1187 ξαμένη
238 1153 353 1188 κόπρια⁹
376 1154 422 1179 καὶ
437 1154 453 1187 ὴ
473 1152 594 1186 ἄμπελος
609 1153 636 1179 δὲ
653 1153 686 1179 ὲκ
704 1153 754 1188 τῆς
776 1152 906 1188 ἀληθινῆς

117 1198 243 1232 ἀμπέλου
263 1197 500 1232 μεταφυτευθεῖσα
515 1198 547 1224 ὲκ
566 1197 613 1224 τοῦ
632 1197 787 1232 κυπρισμοῦ
805 1198 907 1224 ἔδωκεν

119 1242 218 1277 ὀσμὴν,
230 1243 254 1269 οἱ
268 1242 394 1277 λέγοντες
416 1243 463 1269 τοῦ
482 1242 601 1277 Χριστοῦ
613 1250 620 1258 ·
642 1242 856 1277 Εὐωὸίαέσμὲν
870 1242 910 1276 τῷ

119 1288 181 1321 Θεῷ
187 1289 222 1315 ἐν
232 1289 294 1321 τοῖς
303 1289 482 1323 σωζομένοις
498 1289 545 1315 καί
560 1289 596 1315 ὲν
604 1289 666 1322 τοῖς
679 1289 910 1323 ἀπολλυμένοις-⁸

960 924 1092 957 familias,
1110 924 1184 959 quod
1205 924 1311 951 fructus
1334 932 1387 951 non
1413 925 1507 956 ferret,
1529 924 1633 951 succidi
1656 924 1747 958 jusse-

960 974 1013 1002 rat,
1035 970 1202 1005 ptenitentia:
1228 977 1339 1005 grossos
1368 970 1483 1004 protulit
1510 975 1573 1004 post
1598 969 1744 997 adventum

960 1016 1082 1049 Christi,
1116 1017 1227 1051 privata:
1261 1017 1393 1044 doctrinae
1430 1021 1552 1044 stercora
1579 1018 1744 1051 suscipiens.

962 1061 1033 1094 Quin
1051 1065 1078 1088 et
1091 1062 1178 1089 vineae
1194 1070 1226 1089 ex
1244 1070 1307 1089 vera
1328 1063 1382 1089 vite
1395 1063 1601 1096 transplantatae
1617 1062 1745 1089 ﬂorentes

961 1107 1096 1134 dederunt
1114 1107 1237 1140 odorem,
1253 1108 1376 1135 dicentes
1392 1116 1399 1134 :
1413 1107 1512 1134 Christi
1524 1109 1606 1134 bonus
1619 1107 1685 1134 odor
1700 1116 1746 1134 su-

960 1160 1017 1178 mus
1029 1151 1083 1179 Deo
1098 1153 1123 1178 in
1136 1153 1168 1180 iis
1185 1153 1229 1188 qui
1245 1153 1312 1180 salvi
1322 1153 1388 1187 ﬁunt
1403 1157 1427 1179 et
1448 1154 1474 1180 in
1490 1154 1522 1180 iis
1533 1153 1577 1188 qui
1593 1153 1744 1186 pereunt”.

961 1197 1029 1226 Nam
1042 1203 1067 1226 et
1083 1199 1135 1233 ipsi
1151 1200 1196 1233 qui
1215 1207 1267 1226 non
1283 1198 1400 1226 credunt
1415 1199 1571 1233 Evangelio,
1588 1205 1743 1226 sermonem

963 1251 1074 1279 quoque
1100 1245 1303 1279 praedicationis
1336 1245 1505 1271 mirabantur
1530 1248 1557 1272 et
1596 1244 1630 1271 ad
1666 1243 1744 1279 signa

966 1289 1208 1323 obstupescebant.

116 1335 167 1362 καὶ
183 1336 260 1362 αὐτοὶ
276 1336 331 1371 γὰρ
346 1337 369 1362 oi
384 1336 562 1367 ἀπιστοῦντες
576 1335 614 1371 τῷ
625 1336 791 1371 Εὑαγγελίῳ,
807 1337 854 1363 καὶ
869 1336 917 1364 τὸν
934 1336 1012 1371 λόγον
1031 1337 1188 1372 ἐθαύμαζον
1202 1337 1248 1364 τοῦ
1269 1336 1457 1372 κηρύγματος,
1477 1336 1524 1363 καὶ
1538 1335 1593 1363 τῶν
1624 1335 1746 1371 σημείων

115 1381 321 1415 ἐξεπλήσσοντο
331 1381 381 1416 τὴν
394 1381 520 1415 δύναμιν.

155 1427 319 1459 Κιιρῐλςῑου.
332 1442 366 1447 -
382 1428 417 1454 ‘ll
437 1428 484 1454 καὶ
498 1427 528 1453 τὸ
546 1427 595 1462 τῆς
616 1427 703 1462 τομῆς
717 1427 768 1461 ἔφη
783 1427 831 1454 τοῦ
846 1437 909 1463 νοη-

115 1470 164 1496 τοῦ
179 1471 323 1505 θερισμοῦ·
341 1473 404 1506 περὶ
419 1469 450 1499 οὗ
464 1473 478 1499 ὁ
491 1473 587 1508 Σωτὴρ
601 1481 684 1507 φησιν
696 1481 703 1488 ·
721 1483 729 1498 ι
751 1473 781 1500 '0
795 1473 844 1508 μὲν
864 1473 908 1500 θε-

115 1516 218 1550 ρισμὸς
233 1515 326 1548 πολύς.
343 1526 352 1542 ι

160 1560 341 1594 Ὠριγένους.
353 1576 388 1581 —
406 1562 546 1595 Ἀνάστα,
571 1563 663 1598 φησιν,
681 1571 708 1590 κ.
721 1572 745 1590 τ.
761 1563 786 1590 λ.
801 1563 868 1598 (58).

155 1606 286 1638 Ἄλλως.
302 1621 337 1626 -—
358 1607 412 1633 Καὶ
439 1607 568 1642 τρυγόνος
582 1608 656 1642 λέγει
683 1608 732 1643 τῆς
754 1609 909 1644 ἀπορρήτου

114 1651 167 1678 καὶ
181 1651 322 1684 ἀγνώστου
339 1653 435 1687 σοφίας
448 1661 454 1667 ·
475 1653 624 1688 φιλὲρημον
648 1653 702 1688 γὰρ
723 1653 754 1680 τὶί
780 1653 860 1686 ζῶον,
877 1651 911 1689 ἧς

117 1697 134 1732 ἡ
157 1696 235 1732 φωνὴ
253 1697 382 1724 ἀκούεται
405 1700 461 1729 τοῖς
482 1698 522 1725 ἔτι
536 1700 629 1734 γήϊνον
647 1699 726 1734 σῶμα
750 1700 910 1734 περικειμέ-

114 1751 176 1774 νοις
189 1751 196 1757 ·
213 1744 299 1778 τομῆς
311 1744 417 1779 καιρὸς,
428 1745 442 1770 ὁ
459 1744 509 1778 τῆς
524 1744 578 1771 τῶν
592 1745 729 1779 περιττῶν
743 1745 909 1776 ἀποθέσεως,

115 1784 199 1819 οὗτος
222 1788 250 1814 δέ
266 1790 365 1815 ἐστινὸ
380 1790 428 1823 τῆς
450 1790 533 1816 αὐτοῦ
554 1789 716 1825 παρουσίας,
735 1791 763 1816 ὲν
787 1786 809 1817 ὧ
825 1790 865 1816 δεῖ
876 1791 910 1816 τὰ

115 1834 266 1868 σωματικά
287 1834 334 1861 τοῦ
354 1834 456 1869 νόμου.
483 1836 529 1862 καὶ.
550 1835 599 1867 τὰς
615 1836 644 1862 ὲν
670 1838 725 1867 τοῖς
754 1837 908 1871 προφήταις

115 1879 263 1914 ἱστορίας,
289 1881 579 1915 περιπεφυκόταιτοίς
607 1883 803 1916 πνευματικοῖς
831 1891 908 1917 περι-

112 1925 266 1959 τέμνεσθαι
290 1926 337 1953 καὶ¹
355 1928 444 1961 μεῖναι
459 1927 493 1953 τὰ
513 1927 654 1962 κρείττονα
669 1935 676 1942 ⁸
695 1928 789 1962 καιρὸς
813 1928 842 1954 δὲ
859 1928 910 1954 πά-

113 1970 158 1998 λιν
183 1971 232 1997 καὶ
248 1971 298 2006 τῆς
325 1972 380 1998 τῶν
400 1973 605 2008 ἁμαρτημάτων
626 1974 746 2008 ὲκκοπῆς
774 1974 821 2000 καὶ
845 1974 911 2008 ἀφὲ-

114 2024 189 2046 σεως
211 2016 256 2042 διὰ
282 2016 396 2052 λουτροῦ
422 2018 633 2052 παλιγγενεσίας
647 2027 654 2034 ·
676 2020 723 2045 καὶ
748 2019 784 2054 μὴ
803 2018 910 2054 θαυμά-

113 2069 170 2096 σῃς
194 2062 219 2087 εἰ
245 2061 259 2087 ὁ
278 2061 404 2097 Νυμφίας
421 2063 459 2095 ὡς
483 2066 546 2099 περὶ
567 2065 660 2099 ἑτέρου
686 2065 760 2098 λέγει
782 2065 828 2091 τοῦ
845 2073 910 2100 τρυ-

113 2107 219 2140 γόνος,
253 2108 388 2144 πολλαχοῦ
422 2110 476 2146 γὰρ
511 2111 590 2137 τοῦτο
624 2110 684 2142 ἔθος
717 2111 766 2145 τῆς
798 2110 817 2136 Γ
821 2110 910 2145 ραφῆς

113 2160 186 2179 εστι.

151 2198 196 2225 ιδ’.
220 2199 360 2233 Ἀνάστα,
371 2200 451 2234 ἐλθὲ,
466 2201 485 2234 ἠ
500 2202 634 2235 πλησίον
652 2211 720 2235 μου,
741 2201 820 2235 καλή
838 2211 909 2237 μου,

998 1426 1103 1460 Cyrilli.
1117 1426 1211 1453 -νεὶ
1233 1426 1314 1453 etiam
1335 1430 1442 1460 tempus
1465 1425 1618 1460 putationis
1641 1430 1746 1460 tempus

963 1477 1041 1500 vocat
1067 1473 1219 1508 spiritualis
1249 1472 1346 1499 messis
1378 1472 1412 1499 de
1444 1480 1496 1507 qua
1528 1471 1654 1499 Salvator
1685 1471 1746 1499 ait:

963 1527 973 1544 ι
993 1517 1090 1545 Messis
1101 1518 1208 1551 quidem
1221 1518 1304 1544 multa
1315 1517 1359 1544 ⁵⁸⁵.
1368 1526 1377 1543 ι

999 1563 1130 1598 Origenis.
1145 1578 1180 1583 —-
1195 1562 1289 1598 Surge,
1324 1563 1424 1598 inquit,
1448 1568 1500 1589 etc.

998 1608 1102 1635 Aliter:
1115 1607 1161 1635 Vel
1178 1609 1259 1635 etiam
1276 1609 1392 1635 tut-turis
1406 1608 1471 1634 dicit
1485 1615 1592 1634 arcanae
1607 1611 1634 1635 et
1648 1607 1747 1642 ignotae

964 1654 1106 1688 sapientia:
1120 1663 1128 1681 :
1144 1661 1239 1681 amans
1253 1654 1323 1680 enim
1340 1653 1498 1681 solitudinis
1517 1653 1618 1679 animal
1635 1657 1677 1680 est
1694 1661 1745 1681 cn-

961 1699 1007 1734 jus
1028 1707 1078 1726 vox
1095 1700 1204 1726 auditur
1219 1699 1253 1726 ab
1271 1699 1313 1727 his
1333 1699 1378 1733 qui
1397 1699 1486 1726 adhuc
1504 1703 1612 1726 tcrrcno
1630 1707 1746 1734 corpore

964 1746 1127 1773 vestiuntur.
1167 1745 1319 1772 Putationis
1350 1751 1456 1780 tempus
1483 1749 1523 1772 est
1547 1745 1746 1780 Superﬂuorum

963 1792 1163 1826 dispositionis,
1180 1792 1231 1818 hoc
1257 1796 1347 1818 autem
1369 1795 1410 1818 est
1427 1791 1577 1825 prmsentiie
1601 1792 1687 1825 ipsius
1715 1792 1742 1819 in

963 1846 1017 1872 quo
1033 1837 1161 1864 nimirtun
1175 1837 1326 1872 corporalia
1344 1838 1420 1871 legis.
1442 1841 1539 1872 etqum
1557 1837 1583 1863 in
1607 1838 1747 1872 prophetis

964 1885 1086 1912 historia:
1111 1883 1210 1910 adusta
1234 1888 1313 1911 erant
1336 1883 1517 1917 spiritalibus,
1542 1883 1746 1917 prmscimlenda

964 1935 1038 1963 sunt,
1057 1933 1086 1957 ut
1111 1931 1222 1957 meliora
1249 1934 1385 1956 maneant.
1411 1927 1530 1962 Tempus
1545 1936 1608 1955 vero
1637 1937 1746 1955 rursum

963 1977 1045 2004 etiam
1073 1976 1222 2004 excisionis
1251 1979 1424 2009 peccatorum
1449 1977 1476 2000 et
1501 1974 1672 2001 remissionis
1700 1981 1747 2009 per

964 2022 1102 2049 lavacrum
1123 2020 1348 2055 regenerationis.
1366 2019 1459 2054 Neque
1483 2019 1592 2046 mireris
1609 2019 1631 2046 si
1656 2019 1746 2053 Spon—

964 2075 1010 2094 sus
1027 2067 1104 2102 quasi
1120 2068 1153 2094 de
1166 2067 1219 2093 alio
1233 2066 1307 2094 dicat
1323 2069 1430 2093 turture
1443 2086 1451 2099 ,
1471 2065 1599 2101 frequens
1631 2066 1703 2093 enim
1723 2065 1746 2093 is

965 2113 1112 2148 Scriptura:
1123 2117 1164 2140 est
1177 2119 1254 2140 usus.

1000 2201 1082 2229 Vens.
1104 2201 1147 2228 Η.
1167 2200 1261 2236 Surge,
1287 2201 1352 2235 rem',
1379 2200 1502 2235 proxima
1525 2208 1596 2231 mea,
1628 2199 1746 2234 formosa

114 2244 280 2278 περιστερά
301 2253 376 2279 μου·
401 2246 449 2273 καί
470 2246 540 2274 ἐλθὲ
565 2247 610 2273 σὺ.
627 2247 786 2281 περιστερά
800 2257 859 2282 μου
876 2249 909 2274 ἐν

965 2259 1031 2281 mea,
1048 2249 1168 2276 columba
1182 2257 1249 2280 mea,
1262 2253 1286 2274 et
1307 2248 1364 2275 veni
1378 2254 1406 2275 tu
1422 2247 1543 2275 columba
1557 2255 1613 2273 mea
1628 2248 1654 2273 in
1672 2252 1746 2281 tegu—

115 2288 220 2322 σχέο-τῃ
247 2288 302 2322 τῆς
324 2289 434 2323 πέτρας
462 2290 591 2325 ἐχόμενα
610 2291 663 2318 τοῦ
684 2292 911 2326 προτειχείσμα-

116 2342 169 2366 τος
186 2342 193 2348 ⁸
208 2334 310 2365 δεῖξον
321 2343 372 2369 μοι
387 2336 444 2370 τὴν
454 2336 526 2370 ὄψιν
539 2344 609 2368 σου,
622 2337 671 2364 καὶ
688 2337 853 2364 ἀκούτισόν
874 2345 911 2371 με

117 2380 179 2413 τὴν
193 2380 300 2414 φωνήν
320 2389 378 2408 σου
390 2389 398 2396 ·
417 2383 460 2409 ὅτι
475 2383 494 2417 ἠ
519 2382 604 2417 φωνή
629 2390 688 2410 σου
703 2383 796 2417 ἡδεῖα,
811 2383 860 2410 καὶ
890 2383 908 2416 ἠ

117 2424 191 2458 ὄψις
203 2432 262 2450 σου
281 2425 383 2459 ὡραία.

152 2471 320 2504 Κιιρίλλου.
333 2485 368 2490 -
384 2471 417 2498 Ἦ
439 2472 526 2508 πέτρα
546 2473 620 2498 ἐστὶν
636 2473 650 2499 ὁ
675 2472 791 2507 Χριστός
806 2479 814 2487 ·
830 2472 912 2503 αὐτὸς

117 2516 173 2552 γὰρ
200 2517 266 2551 ἡμῖν
289 2518 376 2552 τεῖχος
398 2518 502 2552 γίνεται
527 2520 583 2550 τοῖς
605 2520 713 2549 πιστοῖς
736 2519 782 2544 καὶ
809 2518 910 2552 σκέπη,

117 2562 164 2588 καὶ
180 2562 257 2588 πᾶσα
277 2562 412 2596 ἀσφάλεια
433 2563 477 2590 διὰ
503 2563 549 2590 τοῦ
571 2563 799 2599 προτειχίσματος
817 2563 914 2597 δηλου-

121 2608 190 2642 μένη
206 2615 214 2622 ·
243 2607 306 2635 ἔνθα
329 2608 473 2644 γενομένη,
497 2610 575 2644 φησι,
593 2609 677 2644 τεύξῃ
699 2609 787 2644 πάσης
805 2609 914 2635 ἐπικου-

120 2654 194 2689 plac.

154 2726 179 2743 ³⁵
195 2725 292 2752 Matth.
304 2733 342 2758 ιι,
357 2725 404 2753 28.
443 2725 467 2742 ⁸ο
487 2725 510 2753 ll
527 2725 590 2754 Cor.
605 2734 635 2758 ιι,
655 2726 695 2753 15.

746 2726 785 2742 ⁸ο*
802 2725 869 2755 Luc.
885 2733 911 2757 κ,
928 2725 955 2751 '2.

962 2301 1051 2322 mento
1066 2300 1146 2330 ρων-ω
1158 2293 1238 2328 juxta
1253 2293 1403 2327 promat-ale
1416 2300 1425 2318 :
1444 2291 1549 2319 ostende
1571 2291 1634 2318 mihi
1651 2291 1746 2326 faciem

965 2345 1048 2370 tuum,
1065 2344 1089 2365 et
1105 2339 1225 2366 auditam
1251 2338 1294 2372 [ac
1309 2337 1371 2363 mihi
1392 2345 1478 2363 votem
1503 2341 1575 2362 luant
1589 2343 1598 2362 :
1620 2337 1682 2371 quia
1699 2344 1747 2362 vox

964 2389 1010 2411 tua
1029 2385 1127 2416 suavis,
1146 2389 1170 2411 et
1184 2384 1266 2418 [acies
1282 2388 1327 2410 tua
1340 2384 1444 2409 decora.

999 2473 1104 2509 Cyrilli.
1121 2487 1155 2492 -—
1170 2472 1248 2498 Petra
1271 2475 1312 2498 cst
1328 2470 1467 2498 Christus.
1485 2470 1544 2506 Ipse
1562 2470 1640 2497 nobis
1659 2470 1747 2497 ﬁdeli-

965 2521 1016 2548 lnts
1031 2520 1112 2547 etiam
1131 2527 1226 2545 murus
1243 2518 1280 2548 lit,
1297 2521 1324 2543 et
1345 2521 1539 2550 tegumentum,
1561 2521 1587 2543 et
1603 2517 1745 2547 securitas,

965 2575 1012 2602 per
1027 2565 1263 2602 promtgnaculum
1290 2563 1444 2598 designata,
1469 2563 1513 2590 ubi
1529 2563 1677 2594 cxsisteus,
1705 2561 1747 2587 iu-

966 2614 1035 2648 quit,
1052 2620 1133 2639 omne
1149 2611 1284 2638 auxilium
1297 2610 1487 2645 consequeris.

879 2784 992 2813 NOTAE.

164 2823 212 2854 δι)
227 2818 334 2855 Pqtrol.
347 2825 367 2848 ι.
383 2820 466 2853 XVII,
485 2821 538 2849 col.
555 2820 617 2849 264.
