1966 3074
86 151 155 184 Ῑῦὓξ)

567 149 834 180 COMMENTARII
853 149 893 179 IN
903 149 1063 180 CANTICA
1078 150 1224 181 CANTIC.

1649 150 1718 185 1810

85 207 136 239 λεῖ,
153 206 215 231 ἐκεῖ
228 204 389 239 βουλόμενος
415 202 529 229 ἀκοῦσαι
553 201 598 228 διὰ
618 202 667 236 τῆς
686 201 779 236 ἡδείας
794 201 878 235 αὐτῆς

934 205 956 228 et
976 201 1102 229 decoram
1132 203 1192 237 ejus
1217 202 1315 230 facient
1342 211 1517 239 cognoscere.
1542 205 1600 233 Vox
1627 213 1720 236 autem

85 252 189 288 φωνῆς,
205 252 253 278 καὶ
267 250 434 285 κατανοῆσαι
448 249 478 275 τὸ
493 248 594 283 ὡραῖον
611 248 697 281 αὐτῆς
712 247 874 282 πρόσωπον.

85 298 164 333 Φωνὴ
181 298 210 324 δὲ
223 296 299 331 ἡδεῖά
316 297 399 328 ἐστιν,
416 294 519 329 ἠθικῶς
535 294 595 329 μὲν,
611 294 706 329 σεμνοὶ
728 293 803 327 λόγοι
830 292 876 319 καὶ

85 346 165 380 χάριν
182 344 300 374 διδόντες
316 343 372 373 τοῖς
385 340 515 368 ἀκούουσι
529 348 535 354 ·
554 339 727 374 δογματικῶς
742 338 781 371 δὲ,
796 338 814 372 ἡ
827 337 876 364 τοῦ

84 391 114 419 ἐν
130 389 240 425 σταυρῷ
255 388 371 423 βοῶντος
388 385 499 421 λῃστοῦ,
518 394 528 411 ι
541 384 686 420 Μνήσθητί
699 392 761 419 μου,
779 383 875 418 Κύριε,

85 438 149 464 ὅταν
166 437 246 471 ἔλθῃς
263 436 292 461 ὲν
314 435 348 469 τῇ
363 431 494 468 ξβασιλείᾳ
513 439 572 457 σου.
594 440 603 457 ι
626 429 708 456 Ὅθεν
732 429 800 464 πρὸς
828 428 877 463 μὲν

85 487 135 520 τὴν
158 483 323 518 Ἐκκλησίαν
334 481 427 516 φησὶν,
453 479 489 506 Ἠ
501 477 586 513 φωνή
606 485 665 504 σου
677 475 768 510 ἡδεῖα
787 475 878 510 βοῶσα

85 532 129 559 διὰ
151 531 202 566 τῆς
217 529 344 565 ἀπαρχῆς
369 527 416 554 τοῦ
435 526 535 563 λῃστοῦ
558 526 598 558 τὸ,
615 525 790 558 Μνήσθητι·
809 523 878 558 πρὸς

85 578 113 604 δὲ
126 575 349 612 τὴνξΣυναγωγὴν
363 574 413 610 τὴν
427 573 570 607 λέγουσαν,
584 572 773 606 Σταύρωσον,
785 570 818 605 ἣν
831 569 878 596 καὶ

88 622 171 656 μισεῖ,
194 621 261 655 φησι
280 619 324 646 διὰ
345 619 393 645 τοῦ
417 618 576 654 προφήτου⁸
595 616 644 651 ὀψὲ
671 616 762 651 φωνὴν
791 615 879 649 αὐτῆς

85 666 213 698 ὡλόλυξε,
241 675 250 691 ι
265 666 319 692 Καὶ
340 665 442 691 ἔδωκεν
462 663 505 690 ἐπ’
522 663 573 698 ἐμὲ
592 663 642 697 τὴν
665 662 758 696 φωνὴν
781 661 878 696 αὐτῆς,

85 715 128 740 διὰ
168 713 248 740 τοῦτο
283 711 404 746 ἐμίσησα
437 710 540 744 αὑτήν
572 718 582 735 ι
622 709 708 742 Ὄψις
732 706 766 734 δέ
794 707 879 733 ἐστιν

85 761 187 794 ὡραία,
205 760 222 794 ἡ
237 759 269 784 ἐκ
291 758 341 792 τῆς
368 756 510 792 εἰρηνικῆς
526 755 721 785 καταστάσεως
745 753 878 788 γαληνιά-

85 807 185 838 ζουσα·
202 805 292 838 Δεῖξον
322 812 366 839 μοι
387 803 445 835 οὖν,
474 803 576 837 φησὶν,
591 801 640 836 τὴν
664 800 725 836 ὄψιν
750 806 808 833 σου,
832 800 879 827 καὶ

86 850 230 878 ἀκοὺτισόν
257 858 291 884 με
308 848 357 884 τὴν
383 847 476 883 φωνήν
502 855 548 873 σου
563 854 570 862 ο
597 846 645 873 καὶ
658 844 719 881 ήθει
736 846 783 872 καὶ
807 845 879 880 λόγῳ

86 896 154 931 πρὸς
167 896 238 930 ἐμὴν
255 882 430 929 κοσμουμένη
448 893 606 928 ἀρέσκειαν,
628 892 676 918 καὶ
697 891 794 923 κάλλος
808 891 879 927 πρά-
893 882 917 912 Β

86 942 154 974 ξεων
173 942 223 968 καὶ
242 940 402 975 ἐπιμέλειαν
427 939 570 973 δογμάτων
601 937 747 973 σύμφωνον
780 937 881 964 ἐπιδει-

85 988 209 1024 κνυμένη
254 988 279 1013 εἰ
299 987 328 1013 δέ
352 995 395 1018 τις
408 985 473 1021 εἴπῃ
489 986 578 1020 τεῖχος
598 984 645 1010 τὸν
661 985 752 1019 νόμον,
768 983 880 1019 προτεί-

85 1043 174 1070 χισμα
195 1034 242 1060 τὸν
260 1032 375 1068 φυσικὸν
397 1032 456 1068 ἐρεῖ
476 1031 570 1066 νόμον,
590 1026 622 1056 οὗ
636 1030 756 1065 ἐχόμενά
774 1031 848 1056 ἐστιν
863 1030 880 1066 ἡ

85 1081 194 1116 πέτρα·
225 1079 327 1114 μᾶλλον
352 1079 407 1114 γὰρ
431 1077 478 1104 τοῦ
505 1076 589 1112 ῥητοῦ
615 1076 698 1112 νόμου
725 1077 740 1102 ό
767 1076 882 1110 φυσικὸς

85 1126 281 1161 πλησιαίτερος
295 1125 343 1157 ὢν,
367 1123 498 1159 τυγχάνει
513 1121 633 1158 Χριστοῦ
646 1130 652 1136 ·
672 1123 701 1148 ὲν
718 1117 741 1155 ᾧ
757 1121 881 1148 πολιτευ-

85 1173 200 1206 σάμενοι
222 1172 247 1197 οἱ
271 1171 343 1205 ἅγιοι
372 1169 562 1205 εὖηρέστησαν
589 1168 628 1204 τῷ
652 1167 728 1203 Θεῷ·
753 1168 883 1202 φυσικαῖς

84 1219 186 1253 ὁρμαῖς
196 1217 316 1252 γνῶντες
329 1217 360 1243 τὸ
373 1216 479 1243 δίκαιον
491 1223 499 1230 ·
517 1215 564 1242 κα)¹
578 1213 735 1241 διδάσκαλοι
750 1213 806 1239 τῶν
816 1213 884 1239 καθ-

85 1263 208 1297 ηκόντων
237 1263 316 1289 αὐτοὶ
339 1262 447 1292 ἑαυτοῖς
480 1260 624 1296 γενόμενοι
641 1266 649 1275 ·
671 1259 720 1286 καὶ
738 1260 752 1285 ὁ
778 1259 883 1290 Παῦλος

83 1309 111 1335 δέ
122 1318 200 1345 φηςι,
217 1319 227 1335 ι
243 1309 336 1344 Νόμος
347 1308 376 1335 δὲ
391 1306 570 1343 παρεισῆλθε,
587 1316 596 1332 ι
620 1306 671 1341 τὴν
700 1305 817 1340 ἀρχαίαν
836 1305 884 1332 καὶ

84 1355 132 1390 τὴν
155 1355 276 1390 ὑστάτην
312 1354 378 1389 μίαν
403 1351 487 1380 οὖσαν
514 1352 705 1388 μεσολαϐήσας
731 1350 881 1377 πολιτείαν.

125 1399 306 1434 Ὠριγένους.
320 1415 353 1421 -
365 1399 497 1426 Βούλεται
512 1398 562 1433 τὴν
576 1398 675 1433 ψυχὴν,
690 1405 717 1424 κ.
730 1405 756 1423 τ.
770 1397 795 1423 λ.
812 1395 884 1431 (59).

119 1449 162 1473 ιε’.
192 1445 325 1472 [luimus
353 1444 426 1479 ἡμῖν
452 1443 612 1475 ἀλώπεκας
635 1441 759 1477 μικροὺς
776 1441 884 1476 ἀφανί-

85 1490 192 1523 ζοντας
217 1489 399 1525 ἀμπελῶνας
416 1497 424 1504 ·
454 1489 504 1516 καὶ
528 1490 556 1515 οἱ
583 1488 712 1523 ἄμπελοι
735 1487 820 1522 ἡμῶν
833 1495 885 1513 κυ-

85 1536 252 1570 πρίζουσιν.

927 246 1017 275 dulcis
1032 248 1174 275 moraliter:
1188 249 1297 283 quidem
1311 254 1375 276 sunt
1395 251 1460 278 aerii
1476 260 1619 280 sermones
1631 259 1659 280 et
1671 257 1718 289 qui

930 293 1045 328 gratiam
1060 295 1182 329 priebcnt
1205 295 1397 329 audientibus;
1421 297 1574 332 dogtnatice
1588 307 1655 327 vero
1668 306 1720 328 vos

931 338 1049 365 latronis
1061 339 1088 365 in
1101 346 1184 367 cruce
1199 341 1349 368 clamantis
1372 352 1378 369 :
1407 353 1416 368 (
1433 343 1567 371 Memento
1584 347 1646 377 tnei,
1663 346 1718 373 Do-

929 383 1012 416 mine,
1022 385 1131 419 quando
1143 386 1288 414 venerisin
1305 395 1416 422 regnum
1429 394 1506 416 tuum
1521 389 1553 417 ιι.
1572 399 1581 416 ›
1595 391 1672 420 Unde
1687 394 1720 420 ad

929 430 1079 459 Ecclesium
1100 431 1208 466 quidem
1233 433 1291 461 ait:
1317 433 1372 460 Vua;
1402 440 1447 461 tua
1474 435 1572 469 dulcis,
1599 438 1722 466 clamans

928 485 976 511 per
993 478 1127 512 primitias
1151 479 1265 506 latronis
1283 480 1348 506 illud
1365 478 1520 508 Memenlo:
1537 482 1569 508 ad
1596 482 1718 519 Symth-

929 531 988 558 gatn
1003 531 1068 551 vero
1083 524 1220 552 dicentem
1235 525 1376 561 Cruciﬁge,
1395 534 1476 561 quant
1496 531 1524 554 et
1537 528 1605 559 odit,
1625 529 1721 557 dicens

929 576 978 603 per
992 569 1152 604 prophetam
1170 579 1177 598 :
1192 578 1254 598 sero
1272 579 1323 598 vox
1336 572 1397 606 ejus
1416 572 1541 605 ululavit,
1566 581 1574 599 ι
1597 574 1629 601 Et
1643 575 1721 602 dedit

929 622 1011 649 super
1026 623 1068 642 tne
1082 623 1175 643 vocem
1189 624 1277 650 suam,
1292 617 1353 644 ideo
1376 618 1449 645 odivi
1479 626 1540 646 eam
1555 618 1588 646 “.
1621 628 1630 645 ι
1663 619 1722 647 Fa-

929 661 980 688 cies
995 667 1083 688 autem
1098 667 1137 689 est
1161 663 1268 694 decora,
1287 671 1348 698 quae
1364 671 1397 691 ex
1421 664 1536 698 paciﬁca
1553 669 1627 692 statu
1644 671 1721 694 tran-

930 706 1015 741 quillo
1034 707 1142 734 exsistit
1163 706 1304 736 :05tende
1327 709 1395 736 mihi
1409 717 1485 744 ergo,
1503 710 1602 745 inquit,
1621 711 1719 739 facient

932 757 1018 786 tuam,
1031 757 1058 780 et
1069 754 1189 780 auditam
1204 755 1271 781 mihi
1286 754 1330 782 fac
1342 763 1436 783 vocem
1449 760 1536 788 tuam,
1552 761 1579 784 et
1596 758 1720 786 moribus

931 801 958 825 et
971 799 1062 826 verbis
1078 799 1110 827 ad
1124 799 1255 834 placitum
1266 808 1357 828 meum
1370 807 1514 835 exornata,
1531 807 1558 830 et
1568 804 1721 838 pttlcltt'iltt-

931 843 1021 871 dinem
1039 852 1153 880 operum
1173 850 1201 873 et
1215 854 1309 873 curam
1326 847 1484 882 dogmatum
1505 854 1720 878 consentaneum

931 890 1080 924 exhibens;
1096 891 1118 918 si
1134 891 1197 926 quis
1210 898 1276 919 vero
1291 892 1392 920 dixerit
1414 901 1524 922 murum
1549 895 1647 930 legem,
1670 903 1722 924 an-

931 937 1065 964 temurale
1085 937 1164 965 decet
1176 946 1240 965 esse
1255 939 1341 973 legem
1359 940 1523 974 naturalem,
1542 941 1621 976 juxta
1638 950 1721 978 quam

931 987 973 1009 est
988 987 1075 1017 petra.
1091 984 1151 1011 Prae
1167 985 1225 1020 lege
1241 985 1314 1012 enim
1330 985 1413 1019 dicta,
1437 986 1478 1014 lex
1502 988 1637 1016 naturalis
1653 990 1722 1016 vici-

932 1028 994 1055 nior
1006 1033 1048 1056 est
1061 1030 1112 1064 legi
1125 1030 1240 1064 Christi,
1257 1031 1282 1058 in
1303 1039 1358 1066 quo
1380 1033 1426 1067 qui
1445 1033 1528 1060 vitam
1546 1041 1624 1062 suam
1642 1036 1722 1063 insti-

933 1076 1046 1100 tucrunt
1060 1074 1148 1102 sancti
1163 1075 1326 1109 placuerunt
1345 1075 1409 1110 Deo,
1430 1079 1603 1106 naturalibus
1621 1080 1722 1108 iustine

933 1119 1024 1146 ctibus
1047 1119 1072 1146 id
1088 1120 1161 1155 quod
1179 1120 1285 1155 justum
1307 1126 1349 1149 est
1364 1129 1548 1157 agnoscentes
1563 1129 1591 1152 et
1613 1126 1724 1160 ipsimct

933 1163 1061 1192 doctores
1086 1173 1182 1192 eorum
1200 1173 1262 1201 qua
1286 1173 1316 1194 se
1343 1167 1473 1195 decerent
1502 1169 1579 1197 facti.
1605 1170 1676 1203 Quin
1695 1177 1723 1199 et

935 1208 1035 1237 Paulus
1055 1211 1094 1238 ait
1113 1219 1119 1237 :
1139 1220 1148 1236 ι
1169 1211 1224 1239 Lex
1242 1216 1333 1240 autem
1349 1213 1515 1241 subintravit
1542 1215 1582 1247 ι’,
1610 1225 1620 1242 ι
1644 1221 1722 1244 ante-

933 1262 1016 1290 quam
1037 1261 1064 1283 οι
1081 1257 1261 1284 novissimam
1275 1265 1337 1292 quae
1352 1265 1406 1285 una
1424 1262 1467 1286 est
1490 1259 1669 1295 intercipieus
1680 1261 1722 1289 vi-

934 1301 1015 1328 vendi
1031 1302 1176 1330 rationem.

971 1392 1106 1428 Origenis.
1121 1408 1157 1413 —
1169 1394 1233 1422 Vult
1250 1395 1382 1429 animam,
1399 1401 1453 1424 etc.

969 1436 1053 1465 Vsus.
1072 1439 1115 1466 15.
1131 1439 1223 1475 Capite
1241 1441 1315 1468 nobis
1332 1442 1419 1476 vulpes
1433 1450 1530 1477 parva:
1555 1451 1615 1479 quae
1630 1445 1723 1472 dema-

936 1483 1038 1511 liunmr
1065 1485 1174 1518 vineas;
1195 1490 1220 1513 et
1237 1487 1317 1514 vinem
1339 1493 1437 1515 nostra:
1456 1489 1561 1523 ﬂorent.

119 1565 301 1615 Γρηγορίου.
330 1594 364 1600 --
381 1579 422 1606 Τὰ
440 1579 677 1615 προγεγραμμένα
699 1578 748 1613 τῆς
762 1577 881 1612 Νύμςιης

967 1574 1098 1610 Gregorii.
1110 1591 1146 1596 —
1157 1575 1290 1605 Pltcdicta
1314 1583 1381 1606 sunt
1395 1579 1514 1614 Sponsa:
1538 1580 1677 1615 loquentis
1694 1584 1722 1610 et

85 1627 228 1661 εἰπούσης,
249 1625 298 1653 καὶ
313 1626 363 1660 τῆς
390 1625 475 1660 εὐχῆς
491 1625 578 1661 αὐτῆς
595 1624 663 1660 πρὸς
679 1625 726 1650 τὸν
753 1623 880 1657 Νυμφίον

86 1671 332 1704 κατευοεωοείσης.
346 1670 461 1697 Μέλλων
479 1671 560 1702 αὐτὸς
574 1670 670 1696 ἑαυτὸν
683 1669 793 1704 ἐμφανῆ
815 1669 882 1695 καο-

88 1718 176 1753 ιστᾷν,
211 1717 320 1752 πρῶτον
333 1717 397 1747 τοὺς
411 1716 546 1751 θηρευτὰς
567 1715 709 1751 παρορμᾷ,
725 1715 780 1741 εἴτε
797 1716 882 1748 ἀγγε-

87 1762 166 1796 λικὰς
180 1772 258 1794 τινας
274 1762 413 1797 δυνάμεις,
430 1762 485 1788 εἴτε
501 1762 548 1788 καὶ
563 1760 741 1792 ἀποστόλους,
751 1760 818 1796 πρὸς
833 1760 883 1796 τὴν

88 1809 140 1834 τῶν
162 1808 317 1834 ἀλωπέκων
332 1807 431 1842 ἄγραν,
458 1806 488 1832 αῖ
509 1805 582 1836 τινές
608 1806 678 1831 εἰσιν
697 1804 884 1831 ἁποστατικαὶ

87 1852 227 1887 δυνάμεις,
242 1852 286 1878 διὰ
299 1851 330 1878 τὸ
341 1851 448 1886 δολερὸν
463 1850 534 1878 οὕτω
555 1849 799 1885 κατονομασθεῖσαι
810 1858 817 1865 ·
837 1858 882 1883 μι-

88 1900 171 1933 κροίις
199 1898 249 1933 μὲν
270 1898 351 1929 ὄντας
368 1898 418 1933 ἤδη
439 1898 472 1932 τῇ
487 1897 601 1931 δυνάμει
622 1896 672 1931 τῆς
700 1896 812 1932 χάριτος
835 1895 883 1922 τοῦ

88 1943 220 1978 Χριστοῦ,
237 1942 432 1977 ἀφανιστικοὺς
450 1942 480 1968 δὲ
496 1941 551 1968 τῶν
564 1941 736 1976 ἀμπελώνων
749 1940 884 1976 ὑπάρχον-

88 1997 135 2020 τις
147 1997 155 2004 υ
168 1989 209 2019 ὡς
225 1987 327 2022 μηκέτι
339 1988 385 2013 τὸν
409 1986 560 2022 ἀμπελῶνα
573 1985 624 2021 τὴν
641 1985 816 2021 ἀνθρωπίνην
832 1984 883 2019 φύ-

90 2043 130 2061 σιν
142 2035 176 2062 δι’
203 2034 295 2060 αὐτῶν
314 2033 383 2068 πρὸς
404 2032 563 2067 κυπρισμδν
588 2031 636 2058 καὶ
658 2030 780 2066 βοτρύων
797 2029 885 2065 φορὰν

90 2078 295 2114 ἐμποδίζεσθαι,
311 2078 362 2105 εἰτ’
383 2076 430 2104 οὖν
453 2078 503 2113 τὴν
527 2076 665 2112 διαγωγὴν
680 2076 732 2111 τῆς
755 2076 885 2110 ἐναρέτου

90 2124 229 2155 πολιτείας
239 2131 246 2138 ·
265 2123 361 2149 τούτου
376 2122 429 2157 γὰρ
445 2121 603 2157 γενομένου,
627 2122 783 2156 μεταχωρεῖ
794 2121 827 2148 τὰ
838 2121 885 2147 δύο

91 2171 128 2199 εἰς
146 2170 253 2204 ἄλληλα
265 2177 272 2183 ·
287 2170 302 2196 ὅ
315 2177 346 2195 τε
361 2169 416 2203 γὰρ
430 2168 496 2200 Θεὸς
520 2169 550 2194 ὲν
570 2169 603 2202 τῇ
618 2167 691 2202 ψυχῇ
707 2167 822 2201 γίνεται,
838 2166 886 2193 καὶ

92 2217 168 2243 πόλιν
185 2217 229 2248 εἰς
245 2216 292 2242 τὸν
307 2215 374 2242 Θεὸν
392 2216 409 2249 ἡ
425 2215 498 2250 ψυχὴ
519 2213 723 2249 μετοικίζεται·
750 2212 819 2241 εἶδεν
837 2212 885 2241 οὖν

93 2261 118 2286 ὲν
130 2263 162 2296 τῇ
174 2261 293 2295 δυνάμει
307 2259 355 2286 τοῦ
375 2258 553 2290 κελεύσαντος
569 2258 679 2293 ἑαυτὴνἡ
697 2257 750 2292 τῆς
772 2257 804 2284 ὲκ
829 2257 884 2285 τῶν

93 2306 191 2341 Θηρίων
203 2306 295 2341 λύμης
311 2305 414 2332 τούτων
430 2304 652 2340 κεκαθαρμένην,
673 2304 690 2338 ὴ
708 2303 746 2334 ὡς
761 2303 885 2338 ἄμπελος

932 1626 1025 1648 votum
1039 1629 1120 1648 snunt
1136 1623 1169 1650 ad
1188 1622 1326 1658 Sponsum
1350 1625 1506 1660 dirigentis.
1523 1625 1574 1655 llic
1599 1627 1721 1662 seipsum

932 1671 1026 1701 aperte
1049 1673 1224 1701 ostensurus,
1243 1670 1363 1704 primum
1380 1671 1476 1698 incitat
1491 1675 1647 1704 venatores,
1665 1673 1724 1701 sive

937 1712 1077 1746 angelicas
1091 1713 1224 1747 quasdam
1240 1716 1367 1749 virtutes,
1391 1716 1449 1744 sive
1469 1717 1552 1744 etiatn
1572 1719 1723 1752 apostolos,

934 1757 969 1784 ad
986 1758 1109 1793 vulpium
1126 1759 1297 1788 venationem
1314 1761 1386 1796 (qua:
1403 1767 1467 1789 sunt
1483 1763 1597 1791 virtutes
1610 1768 1721 1798 aposta~

933 1803 1005 1836 ticze,
1022 1809 1133 1839 propter
1147 1806 1239 1833 dolum
1262 1807 1302 1834 sic
1318 1807 1476 1839 nominatae,
1496 1815 1558 1843 quae
1582 1812 1646 1835 sunt
1661 1809 1725 1844 qui-

934 1849 996 1877 dem
1018 1858 1108 1884 parvae
1125 1851 1215 1885 quoad
1231 1852 1361 1880 virtutem
1387 1853 1482 1888 gratia:
1497 1854 1612 1887 Christi,
1628 1856 1723 1882 demo-

935 1897 1039 1923 liuntur
1053 1901 1144 1924 autent
1162 1898 1289 1933 vineas);
1312 1906 1347 1927 nc
1364 1899 1482 1934 amplius
1499 1900 1591 1932 vinea,
1606 1901 1726 1928 lmmana

935 1946 1032 1970 natura
1049 1950 1097 1977 per
1114 1943 1177 1970 illos
1200 1944 1368 1979 impediatur
1388 1952 1444 1980 quo
1461 1945 1553 1973 minus
1578 1945 1673 1973 ﬂoreat
1698 1950 1727 1973 et

934 1987 1030 2015 botros
1045 1987 1130 2021 ferat;
1154 1988 1213 2016 sive
1234 1998 1267 2017 ex
1283 1990 1386 2018 virtute
1404 1991 1488 2019 vitam
1507 1992 1647 2020 instituat.
1667 1992 1725 2020 lloc

934 2033 1008 2060 enini
1030 2032 1104 2060 facto
1130 2033 1185 2062 duo
1211 2036 1238 2062 in
1263 2043 1293 2063 se
1318 2036 1433 2064 invicem
1455 2041 1623 2071 transeunt;
1652 2038 1725 2066 Deus

935 2085 1054 2113 namque
1078 2079 1104 2106 in
1122 2080 1214 2107 anima
1231 2081 1365 2114 nascitur,
1388 2087 1415 2109 et
1431 2082 1553 2110 vicissim
1581 2083 1672 2110 anima
1697 2083 1724 2110 in

936 2122 1023 2150 Deum
1045 2125 1156 2160 migrat.
1167 2124 1242 2153 Vidit
1267 2126 1351 2161 igitur
1367 2127 1394 2155 in
1410 2128 1510 2156 virtute
1532 2128 1657 2163 jubentis
1680 2136 1725 2156 sed

935 2170 1079 2205 metipsam
1115 2178 1131 2197 a
1163 2179 1234 2199 noxa
1263 2172 1385 2200 ferarum
1422 2173 1518 2201 harum
1545 2178 1724 2209 expurgatam

937 2221 1048 2249 sponsa,
1065 2223 1127 2251 qum
1145 2217 1218 2245 sicut
1235 2219 1302 2245 vitio
1331 2218 1494 2250 abundans,
1526 2220 1620 2247 statim
1644 2220 1727 2247 etiam

939 2260 1023 2288 tradit
1042 2269 1073 2289 se
1095 2263 1222 2298 agricola
1237 2264 1284 2298 qui
1315 2264 1390 2299 scpis
1412 2265 1608 2292 intermedium
1633 2265 1726 2301 parie-

938 2308 993 2332 tem
1019 2307 1123 2335 solvit:
1144 2317 1233 2344 neque
1248 2310 1322 2337 enim
1347 2310 1464 2346 amplius
1490 2316 1600 2339 arcetur
1622 2312 1727 2347 pariete

94 2353 244 2381 εὐθύνουσα
261 2351 378 2387 Νύμφη,
405 2351 454 2378 καὶ
479 2350 561 2381 εὐθὺς
590 2349 698 2376 δίδωσιν
721 2348 821 2384 ἑαυτὴν
844 2348 881 2384 τῷ

938 2350 1015 2386 legis,
1032 2361 1085 2386 quo
1099 2354 1190 2382 minus
1206 2362 1268 2382 eum
1283 2355 1440 2383 desiderato
1456 2356 1652 2392 conjungatur.

94 2401 204 2435 γεωργῷ
234 2399 264 2426 τὺ
285 2398 443 2434 μεσότοιχον
471 2397 518 2424 τοῦ
549 2395 679 2432 φραγμοῦ
693 2395 815 2422 λύσαντι·
831 2396 881 2422 οὐκ
899 2395 941 2423 ἐτι
959 2398 1014 2434 γὰρ
1027 2400 1066 2435 τῷ
1081 2400 1163 2436 τοίχῳ
1177 2401 1223 2428 τοῦ
1240 2402 1324 2437 νόμον
1336 2402 1406 2438 πρὸς
1418 2402 1467 2438 τὴν
1499 2403 1646 2438 συνάφειαν
1676 2402 1725 2431 τοῦ

95 2446 260 2481 ποθουμένου
272 2446 478 2481 διατειχίζεται,
491 2445 560 2473 ἀλλά
572 2453 639 2479 φησι
655 2443 721 2479 (40).

126 2493 188 2525 Τοῖς
204 2494 258 2527 τῆς
279 2493 445 2528 Ἐκκλησίας
460 2492 605 2527 τροφίμοις
620 2492 772 2526 προτάσσει
793 2490 886 2518 λοιπὸν

95 2540 146 2570 τοῖς
157 2539 197 2565 ἔτι
225 2539 256 2564 τὸ
272 2539 352 2570 ἄνθος
373 2539 608 2573 ἐπιδεικνυμένοις
628 2537 679 2572 τῆς
698 2537 812 2572 ἀρετῆς,
839 2536 887 2563 καὶ

97 2583 253 2619 δυναμένοις
284 2585 405 2620 εὐχερῶς
428 2584 592 2619 ἀδικηθῆναι
617 2583 670 2609 ὑπὸ
696 2583 750 2609 τῶν
773 2583 885 2609 παθῶν·

97 2631 141 2665 οὺχ
167 2631 242 2657 οὕτω
267 2630 322 2665 γὰρ
347 2630 526 2665 ἀνδρυνθεῖσα
555 2630 704 2665 βλάπτεται
728 2630 744 2664 ἡ
764 2629 886 2664 ἄμπελος

98 2676 130 2708 ὡς
145 2678 173 2703 ἐν
187 2677 346 2712 προοιμίοις
363 2676 594 2712 ὲπιὸουλευομένη
607 2684 614 2692 θ
630 2675 666 2707 ὡς
683 2676 736 2711 γὰρ
754 2676 771 2711 ἡ
787 2675 885 2702 ἀνθού-

127 2748 147 2762 υ
165 2747 232 2774 Luc.
254 2755 334 2779 χχιιι,
347 2746 392 2773 4%.
430 2745 452 2762 ⁸³
463 2745 562 2774 Jcrcnt.
585 2755 633 2779 χιι,
650 2747 677 2774 8.

971 2492 1039 2520 Nili.
1058 2507 1091 2512 —
1112 2493 1247 2521 Caeterum
1264 2493 1322 2522 haec
1339 2493 1465 2530 prmcipit
1484 2494 1614 2523 Ecclesia:
1635 2495 1724 2522 alunt-

935 2538 990 2571 nis,
1005 2538 1094 2566 adhuc
1108 2539 1219 2567 virtutis
1242 2539 1337 2568 ﬂorem
1357 2541 1578 2574 ostendentibus,
1599 2546 1626 2569 et
1640 2542 1687 2577 qui
1708 2549 1724 2569 a

935 2584 1112 2619 passionibus
1141 2585 1202 2612 lardi
1230 2585 1311 2614 facile
1341 2591 1481 2621 possunt:
1508 2595 1563 2614 non
1588 2587 1661 2615 enim
1682 2588 1724 2615 sic

936 2629 1029 2656 adulta
1043 2629 1106 2656 vitis
1123 2629 1241 2663 laeditur,
1258 2631 1332 2658 sicut
1344 2639 1376 2659 ea
1391 2639 1452 2666 quae
1466 2632 1492 2660 in
1510 2632 1653 2667 principiis
1668 2632 1725 2667 pri-

936 2675 988 2702 mis
1005 2675 1480 2712 circumvenitur;quemadmodum
1501 2685 1597 2712 nempe
1623 2676 1725 2705 ﬂorens

729 2745 752 2762 ⁸³
765 2745 843 2779 Ιξοιιι.
861 2753 886 2777 v,
904 2745 949 2772 ΞΟ.

851 2793 966 2821 NOTAE.

131 2833 182 2866 (5n)
198 2831 302 2859 Patrol.
321 2835 340 2858 ι.
354 2829 437 2861 XVII.
451 2830 505 2857 col.
525 2830 588 2866 26L
601 2830 665 2856 265.

131 2863 183 2904 (to)
200 2868 266 2901 Qua:
291 2870 445 2901 sequuntur
466 2866 492 2891 in
514 2865 545 2892 Ο.
565 2866 593 2892 Β.
618 2867 669 2892 sub
690 2865 802 2893 nomine
829 2863 881 2891 Nili
904 2863 1102 2892 inscribuntur.

205 2917 344 2947 ιἈτιιυι.
366 2915 425 2946 Gn.
445 2914 569 2945 LXXV
585 2915 622 2945 ll.

1508 2913 1542 2943 ’ὁὶ
