  <div class='ocr_page' id='page_1' title='image "/cluster/home/n/w/nwhite01/storage/ocr_20150623/87, pt.2/njp.32101010943809/043.png"; bbox 0 0 1966 3074; ppageno 0'>
   <div class='ocr_carea' id='block_1_1' title="bbox 223 126 283 158">
    <p class='ocr_par' dir='ltr' id='par_1_1' title="bbox 223 126 283 158">
     <span class='ocr_line' id='line_1_1' title="bbox 223 126 283 158; baseline -0.017 0"><span class='ocrx_word' id='word_1_1' title='bbox 223 126 283 158; x_wconf 75' lang='grc'><strong>1611</strong></span> 
     </span>
    </p>
   </div>
   <div class='ocr_carea' id='block_1_2' title="bbox 869 127 1186 158">
    <p class='ocr_par' dir='ltr' id='par_1_2' title="bbox 869 127 1186 158">
     <span class='ocr_line' id='line_1_2' title="bbox 869 127 1186 158; baseline 0 -1"><span class='ocrx_word' id='word_1_2' title='bbox 869 127 1047 158; x_wconf 79' lang='lat' dir='ltr'><strong>PROCOI’II</strong></span> <span class='ocrx_word' id='word_1_3' title='bbox 1064 128 1186 157; x_wconf 71' lang='lat' dir='ltr'><strong>GAZ/El</strong></span> 
     </span>
    </p>
   </div>
   <div class='ocr_carea' id='block_1_3' title="bbox 1797 131 1866 167">
    <p class='ocr_par' dir='ltr' id='par_1_3' title="bbox 1797 131 1866 167">
     <span class='ocr_line' id='line_1_3' title="bbox 1797 131 1866 167; baseline -0.029 -1"><span class='ocrx_word' id='word_1_4' title='bbox 1797 131 1866 167; x_wconf 74' lang='grc'><strong>1612</strong></span> 
     </span>
    </p>
   </div>
   <div class='ocr_carea' id='block_1_4' title="bbox 221 183 1006 226">
    <p class='ocr_par' dir='ltr' id='par_1_4' title="bbox 221 183 1006 218">
     <span class='ocr_line' id='line_1_4' title="bbox 221 183 1006 218; baseline 0.003 -8"><span class='ocrx_word' id='word_1_5' title='bbox 221 191 273 210; x_wconf 86' lang='lat' dir='ltr'><strong>uva</strong></span> <span class='ocrx_word' id='word_1_6' title='bbox 297 183 319 210; x_wconf 90' lang='lat' dir='ltr'><strong>si</strong></span> <span class='ocrx_word' id='word_1_7' title='bbox 345 183 530 216; x_wconf 87' lang='lat' dir='ltr'><strong>concutiatur,</strong></span> <span class='ocrx_word' id='word_1_8' title='bbox 564 183 724 218; x_wconf 76' lang='lat' dir='ltr'><strong>palmitibus</strong></span> <span class='ocrx_word' id='word_1_9' title='bbox 749 183 841 212; x_wconf 84' lang='lat' dir='ltr'><strong>adhuc</strong></span> <span class='ocrx_word' id='word_1_10' title='bbox 861 186 970 212; x_wconf 80' lang='lat' dir='ltr'><strong>tenellis</strong></span> <span class='ocrx_word' id='word_1_11' title='bbox 985 189 1006 211; x_wconf 89' lang='lat' dir='ltr'><strong>el</strong></span> 
     </span>
    </p>
   </div>
   <div class='ocr_carea' id='block_1_5' title="bbox 1061 183 1863 226">
    <p class='ocr_par' dir='ltr' id='par_1_5' title="bbox 1064 185 1863 226">
     <span class='ocr_line' id='line_1_5' title="bbox 1064 185 1863 226; baseline 0.01 -16"><span class='ocrx_word' id='word_1_12' title='bbox 1064 193 1099 211; x_wconf 90' lang='grc' dir='ltr'><strong>σα</strong></span> <span class='ocrx_word' id='word_1_13' title='bbox 1126 185 1249 221; x_wconf 78' lang='grc' dir='ltr'>σταφυλὴ</span> <span class='ocrx_word' id='word_1_14' title='bbox 1278 185 1326 212; x_wconf 80' lang='grc' dir='ltr'>ἐὰν</span> <span class='ocrx_word' id='word_1_15' title='bbox 1352 187 1478 223; x_wconf 82' lang='grc' dir='ltr'>τιναχθῇ,</span> <span class='ocrx_word' id='word_1_16' title='bbox 1498 187 1595 223; x_wconf 82' lang='grc' dir='ltr'>ἀφίησι</span> <span class='ocrx_word' id='word_1_17' title='bbox 1622 188 1672 223; x_wconf 82' lang='grc' dir='ltr'>μὲν</span> <span class='ocrx_word' id='word_1_18' title='bbox 1694 189 1744 221; x_wconf 84' lang='grc' dir='ltr'>τὰς</span> <span class='ocrx_word' id='word_1_19' title='bbox 1773 191 1863 226; x_wconf 78' lang='grc' dir='ltr'>ράγας</span> 
     </span>
    </p>
   </div>
   <div class='ocr_carea' id='block_1_6' title="bbox 222 229 1012 266">
    <p class='ocr_par' dir='ltr' id='par_1_6' title="bbox 222 229 1012 266">
     <span class='ocr_line' id='line_1_6' title="bbox 222 229 1012 266; baseline 0.003 -10"><span class='ocrx_word' id='word_1_20' title='bbox 222 229 349 261; x_wconf 81' lang='lat' dir='ltr'><strong>infirmis.</strong></span> <span class='ocrx_word' id='word_1_21' title='bbox 368 229 462 256; x_wconf 83' lang='lat' dir='ltr'><strong>statim</strong></span> <span class='ocrx_word' id='word_1_22' title='bbox 480 230 676 266; x_wconf 84' lang='lat' dir='ltr'><strong>disrumpitur.</strong></span> <span class='ocrx_word' id='word_1_23' title='bbox 691 230 738 258; x_wconf 87' lang='lat' dir='ltr'><strong>Sic</strong></span> <span class='ocrx_word' id='word_1_24' title='bbox 760 231 908 258; x_wconf 85' lang='lat' dir='ltr'><strong>immatura</strong></span> <span class='ocrx_word' id='word_1_25' title='bbox 923 232 1012 259; x_wconf 85' lang='lat' dir='ltr'><strong>virtus</strong></span> 
     </span>
    </p>
   </div>
   <div class='ocr_carea' id='block_1_7' title="bbox 221 274 1011 312">
    <p class='ocr_par' dir='ltr' id='par_1_7' title="bbox 221 274 1011 312">
     <span class='ocr_line' id='line_1_7' title="bbox 221 274 1011 312; baseline 0.003 -12"><span class='ocrx_word' id='word_1_26' title='bbox 221 274 256 301; x_wconf 87' lang='lat' dir='ltr'><strong>ab</strong></span> <span class='ocrx_word' id='word_1_27' title='bbox 271 275 435 304; x_wconf 86' lang='lat' dir='ltr'><strong>inordinatis</strong></span> <span class='ocrx_word' id='word_1_28' title='bbox 458 274 651 303; x_wconf 82' lang='lat' dir='ltr'><strong>aﬂ‘ectionibus</strong></span> <span class='ocrx_word' id='word_1_29' title='bbox 678 280 875 312; x_wconf 87' lang='lat' dir='ltr'><strong>conquassata,</strong></span> <span class='ocrx_word' id='word_1_30' title='bbox 894 276 928 303; x_wconf 90' lang='lat' dir='ltr'><strong>ad</strong></span> <span class='ocrx_word' id='word_1_31' title='bbox 950 277 1011 303; x_wconf 93' lang='lat' dir='ltr'><strong>cul-</strong></span> 
     </span>
    </p>
   </div>
   <div class='ocr_carea' id='block_1_8' title="bbox 221 321 1012 356">
    <p class='ocr_par' dir='ltr' id='par_1_8' title="bbox 221 321 1012 356">
     <span class='ocr_line' id='line_1_8' title="bbox 221 321 1012 356; baseline 0.004 -10"><span class='ocrx_word' id='word_1_32' title='bbox 221 328 282 347; x_wconf 79' lang='lat' dir='ltr'><strong>men</strong></span> <span class='ocrx_word' id='word_1_33' title='bbox 298 321 476 356; x_wconf 80' lang='lat' dir='ltr'><strong>perfectionis</strong></span> <span class='ocrx_word' id='word_1_34' title='bbox 492 329 546 348; x_wconf 84' lang='lat' dir='ltr'><strong>non</strong></span> <span class='ocrx_word' id='word_1_35' title='bbox 565 322 690 356; x_wconf 88' lang='lat' dir='ltr'><strong>pervenit</strong></span> <span class='ocrx_word' id='word_1_36' title='bbox 703 322 837 350; x_wconf 80' lang='lat' dir='ltr'><strong>studiosis</strong></span> <span class='ocrx_word' id='word_1_37' title='bbox 855 322 1012 349; x_wconf 77' lang='lat' dir='ltr'><strong>actionibus</strong></span> 
     </span>
    </p>
   </div>
   <div class='ocr_carea' id='block_1_9' title="bbox 220 367 1011 403">
    <p class='ocr_par' dir='ltr' id='par_1_9' title="bbox 220 367 1011 403">
     <span class='ocr_line' id='line_1_9' title="bbox 220 367 1011 403; baseline 0.004 -11"><span class='ocrx_word' id='word_1_38' title='bbox 220 374 280 400; x_wconf 73' lang='lat' dir='ltr'><strong>qua:</strong></span> <span class='ocrx_word' id='word_1_39' title='bbox 295 367 470 395; x_wconf 85' lang='lat' dir='ltr'><strong>eﬂlorescere</strong></span> <span class='ocrx_word' id='word_1_40' title='bbox 495 367 644 400; x_wconf 84' lang='lat' dir='ltr'><strong>debebant,</strong></span> <span class='ocrx_word' id='word_1_41' title='bbox 671 373 820 403; x_wconf 84' lang='lat' dir='ltr'><strong>antequam</strong></span> <span class='ocrx_word' id='word_1_42' title='bbox 843 368 877 395; x_wconf 90' lang='lat' dir='ltr'><strong>ad</strong></span> <span class='ocrx_word' id='word_1_43' title='bbox 903 369 1011 396; x_wconf 83' lang='lat' dir='ltr'><strong>firmum</strong></span> 
     </span>
    </p>
   </div>
   <div class='ocr_carea' id='block_1_10' title="bbox 221 413 1011 449">
    <p class='ocr_par' dir='ltr' id='par_1_10' title="bbox 221 413 1011 449">
     <span class='ocr_line' id='line_1_10' title="bbox 221 413 1011 449; baseline 0 -9"><span class='ocrx_word' id='word_1_44' title='bbox 221 413 393 441; x_wconf 83' lang='lat' dir='ltr'><strong>liabitudinis</strong></span> <span class='ocrx_word' id='word_1_45' title='bbox 417 417 519 441; x_wconf 88' lang='lat' dir='ltr'><strong>statum</strong></span> <span class='ocrx_word' id='word_1_46' title='bbox 545 414 705 449; x_wconf 75' lang='lat' dir='ltr'><strong>pertingant</strong></span> <span class='ocrx_word' id='word_1_47' title='bbox 721 414 919 442; x_wconf 85' lang='lat' dir='ltr'><strong>diﬂluentibus.</strong></span> <span class='ocrx_word' id='word_1_48' title='bbox 938 414 1011 441; x_wconf 88' lang='lat' dir='ltr'><strong>Vana</strong></span> 
     </span>
    </p>
   </div>
   <div class='ocr_carea' id='block_1_11' title="bbox 220 459 1011 494">
    <p class='ocr_par' dir='ltr' id='par_1_11' title="bbox 220 459 1011 494">
     <span class='ocr_line' id='line_1_11' title="bbox 220 459 1011 494; baseline 0 -8"><span class='ocrx_word' id='word_1_49' title='bbox 220 467 342 494; x_wconf 80' lang='lat' dir='ltr'><strong>namque</strong></span> <span class='ocrx_word' id='word_1_50' title='bbox 357 459 444 494; x_wconf 80' lang='lat' dir='ltr'><strong>gloria</strong></span> <span class='ocrx_word' id='word_1_51' title='bbox 461 459 609 494; x_wconf 84' lang='lat' dir='ltr'><strong>depascere</strong></span> <span class='ocrx_word' id='word_1_52' title='bbox 630 460 702 488; x_wconf 87' lang='lat' dir='ltr'><strong>solet</strong></span> <span class='ocrx_word' id='word_1_53' title='bbox 723 460 818 488; x_wconf 93' lang='lat' dir='ltr'><strong>ﬂorem</strong></span> <span class='ocrx_word' id='word_1_54' title='bbox 831 460 951 492; x_wconf 90' lang='lat' dir='ltr'><strong>virtutis,</strong></span> <span class='ocrx_word' id='word_1_55' title='bbox 968 464 1011 487; x_wconf 92' lang='lat' dir='ltr'><strong>at-</strong></span> 
     </span>
    </p>
   </div>
   <div class='ocr_carea' id='block_1_12' title="bbox 218 504 1012 541">
    <p class='ocr_par' dir='ltr' id='par_1_12' title="bbox 218 504 1012 541">
     <span class='ocr_line' id='line_1_12' title="bbox 218 504 1012 541; baseline 0.003 -10"><span class='ocrx_word' id='word_1_56' title='bbox 218 513 273 539; x_wconf 86' lang='lat' dir='ltr'><strong>que</strong></span> <span class='ocrx_word' id='word_1_57' title='bbox 285 504 418 539; x_wconf 87' lang='lat' dir='ltr'><strong>jactantia</strong></span> <span class='ocrx_word' id='word_1_58' title='bbox 434 504 564 539; x_wconf 84' lang='lat' dir='ltr'><strong>pietatem</strong></span> <span class='ocrx_word' id='word_1_59' title='bbox 589 505 800 539; x_wconf 85' lang='lat' dir='ltr'><strong>auspicantibus</strong></span> <span class='ocrx_word' id='word_1_60' title='bbox 828 505 1012 541; x_wconf 88' lang='lat' dir='ltr'><strong>impedimen-</strong></span> 
     </span>
    </p>
   </div>
   <div class='ocr_carea' id='block_1_13' title="bbox 219 548 1012 584">
    <p class='ocr_par' dir='ltr' id='par_1_13' title="bbox 219 548 1012 584">
     <span class='ocr_line' id='line_1_13' title="bbox 219 548 1012 584; baseline 0.003 -8"><span class='ocrx_word' id='word_1_61' title='bbox 219 555 275 576; x_wconf 86' lang='lat' dir='ltr'><strong>tum</strong></span> <span class='ocrx_word' id='word_1_62' title='bbox 296 549 327 576; x_wconf 85' lang='lat' dir='ltr'><strong>ﬁt</strong></span> <span class='ocrx_word' id='word_1_63' title='bbox 344 548 496 584; x_wconf 86' lang='lat' dir='ltr'><strong>profectus,</strong></span> <span class='ocrx_word' id='word_1_64' title='bbox 511 549 576 576; x_wconf 92' lang='lat' dir='ltr'><strong>dum</strong></span> <span class='ocrx_word' id='word_1_65' title='bbox 598 553 707 578; x_wconf 88' lang='lat' dir='ltr'><strong>tumore</strong></span> <span class='ocrx_word' id='word_1_66' title='bbox 728 551 834 578; x_wconf 80' lang='lat' dir='ltr'><strong>excutit</strong></span> <span class='ocrx_word' id='word_1_67' title='bbox 861 551 1012 578; x_wconf 88' lang='lat' dir='ltr'><strong>correctio-</strong></span> 
     </span>
    </p>
   </div>
   <div class='ocr_carea' id='block_1_14' title="bbox 219 593 1012 622">
    <p class='ocr_par' dir='ltr' id='par_1_14' title="bbox 219 593 1012 622">
     <span class='ocr_line' id='line_1_14' title="bbox 219 593 1012 622; baseline 0 0"><span class='ocrx_word' id='word_1_68' title='bbox 219 602 268 622; x_wconf 87' lang='lat' dir='ltr'><strong>nes</strong></span> <span class='ocrx_word' id='word_1_69' title='bbox 281 599 308 622; x_wconf 91' lang='lat' dir='ltr'><strong>et</strong></span> <span class='ocrx_word' id='word_1_70' title='bbox 334 593 360 621; x_wconf 91' lang='lat' dir='ltr'><strong>in</strong></span> <span class='ocrx_word' id='word_1_71' title='bbox 377 594 444 621; x_wconf 88' lang='lat' dir='ltr'><strong>ﬂore</strong></span> <span class='ocrx_word' id='word_1_72' title='bbox 471 594 657 621; x_wconf 86' lang='lat' dir='ltr'><strong>tabescentem</strong></span> <span class='ocrx_word' id='word_1_73' title='bbox 687 593 806 622; x_wconf 85' lang='lat' dir='ltr'><strong>fructum</strong></span> <span class='ocrx_word' id='word_1_74' title='bbox 835 595 936 622; x_wconf 85' lang='lat' dir='ltr'><strong>abolet.</strong></span> <span class='ocrx_word' id='word_1_75' title='bbox 963 595 1012 622; x_wconf 85' lang='lat' dir='ltr'><strong>llic</strong></span> 
     </span>
    </p>
   </div>
   <div class='ocr_carea' id='block_1_15' title="bbox 217 639 1011 675">
    <p class='ocr_par' dir='ltr' id='par_1_15' title="bbox 217 639 1011 675">
     <span class='ocr_line' id='line_1_15' title="bbox 217 639 1011 675; baseline 0.001 -8"><span class='ocrx_word' id='word_1_76' title='bbox 217 641 301 675; x_wconf 79' lang='lat' dir='ltr'><strong>igitur</strong></span> <span class='ocrx_word' id='word_1_77' title='bbox 317 647 408 668; x_wconf 87' lang='lat' dir='ltr'><strong>sermo</strong></span> <span class='ocrx_word' id='word_1_78' title='bbox 423 639 523 668; x_wconf 87' lang='lat' dir='ltr'><strong>suadet</strong></span> <span class='ocrx_word' id='word_1_79' title='bbox 536 639 626 667; x_wconf 87' lang='lat' dir='ltr'><strong>adhuc</strong></span> <span class='ocrx_word' id='word_1_80' title='bbox 640 641 770 675; x_wconf 89' lang='lat' dir='ltr'><strong>parvulas</strong></span> <span class='ocrx_word' id='word_1_81' title='bbox 799 648 900 675; x_wconf 83' lang='lat' dir='ltr'><strong>capere</strong></span> <span class='ocrx_word' id='word_1_82' title='bbox 916 641 1011 675; x_wconf 86' lang='lat' dir='ltr'><strong>vulpe—</strong></span> 
     </span>
    </p>
   </div>
   <div class='ocr_carea' id='block_1_16' title="bbox 217 686 1011 721">
    <p class='ocr_par' dir='ltr' id='par_1_16' title="bbox 217 686 1011 721">
     <span class='ocr_line' id='line_1_16' title="bbox 217 686 1011 721; baseline 0.001 -8"><span class='ocrx_word' id='word_1_83' title='bbox 217 687 305 719; x_wconf 87' lang='lat' dir='ltr'><strong>culas,</strong></span> <span class='ocrx_word' id='word_1_84' title='bbox 324 686 350 713; x_wconf 92' lang='lat' dir='ltr'><strong>id</strong></span> <span class='ocrx_word' id='word_1_85' title='bbox 368 690 410 714; x_wconf 90' lang='lat' dir='ltr'><strong>est</strong></span> <span class='ocrx_word' id='word_1_86' title='bbox 420 687 534 715; x_wconf 85' lang='lat' dir='ltr'><strong>tenellas</strong></span> <span class='ocrx_word' id='word_1_87' title='bbox 550 686 640 714; x_wconf 85' lang='lat' dir='ltr'><strong>adhuc</strong></span> <span class='ocrx_word' id='word_1_88' title='bbox 655 689 682 714; x_wconf 89' lang='lat' dir='ltr'><strong>et</strong></span> <span class='ocrx_word' id='word_1_89' title='bbox 708 686 858 714; x_wconf 85' lang='lat' dir='ltr'><strong>imbecilles</strong></span> <span class='ocrx_word' id='word_1_90' title='bbox 881 694 1011 721; x_wconf 85' lang='lat' dir='ltr'><strong>superare</strong></span> 
     </span>
    </p>
   </div>
   <div class='ocr_carea' id='block_1_17' title="bbox 217 731 1009 767">
    <p class='ocr_par' dir='ltr' id='par_1_17' title="bbox 217 731 1009 767">
     <span class='ocr_line' id='line_1_17' title="bbox 217 731 1009 767; baseline -0.001 -8"><span class='ocrx_word' id='word_1_91' title='bbox 217 732 370 767; x_wconf 84' lang='lat' dir='ltr'><strong>passiones,</strong></span> <span class='ocrx_word' id='word_1_92' title='bbox 386 732 547 767; x_wconf 89' lang='lat' dir='ltr'><strong>priusquam</strong></span> <span class='ocrx_word' id='word_1_93' title='bbox 574 733 685 760; x_wconf 86' lang='lat' dir='ltr'><strong>habitus</strong></span> <span class='ocrx_word' id='word_1_94' title='bbox 708 736 816 759; x_wconf 86' lang='lat' dir='ltr'><strong>mutatu</strong></span> <span class='ocrx_word' id='word_1_95' title='bbox 841 732 960 759; x_wconf 86' lang='lat' dir='ltr'><strong>diﬂicilis</strong></span> <span class='ocrx_word' id='word_1_96' title='bbox 983 731 1009 758; x_wconf 93' lang='lat' dir='ltr'><strong>in</strong></span> 
     </span>
    </p>
   </div>
   <div class='ocr_carea' id='block_1_18' title="bbox 217 778 1010 814">
    <p class='ocr_par' dir='ltr' id='par_1_18' title="bbox 217 778 1010 814">
     <span class='ocr_line' id='line_1_18' title="bbox 217 778 1010 814; baseline -0.001 -8"><span class='ocrx_word' id='word_1_97' title='bbox 217 779 282 806; x_wconf 89' lang='lat' dir='ltr'><strong>mali</strong></span> <span class='ocrx_word' id='word_1_98' title='bbox 298 779 377 806; x_wconf 82' lang='lat' dir='ltr'><strong>abeat</strong></span> <span class='ocrx_word' id='word_1_99' title='bbox 394 779 636 806; x_wconf 86' lang='lat' dir='ltr'><strong>consuetudinem.</strong></span> <span class='ocrx_word' id='word_1_100' title='bbox 660 778 708 806; x_wconf 88' lang='lat' dir='ltr'><strong>Vel</strong></span> <span class='ocrx_word' id='word_1_101' title='bbox 723 778 774 806; x_wconf 88' lang='lat' dir='ltr'><strong>hoc</strong></span> <span class='ocrx_word' id='word_1_102' title='bbox 791 778 873 814; x_wconf 76' lang='lat' dir='ltr'><strong>igitur</strong></span> <span class='ocrx_word' id='word_1_103' title='bbox 884 783 925 806; x_wconf 91' lang='lat' dir='ltr'><strong>est</strong></span> <span class='ocrx_word' id='word_1_104' title='bbox 937 778 1010 813; x_wconf 87' lang='lat' dir='ltr'><strong>quod</strong></span> 
     </span>
    </p>
   </div>
   <div class='ocr_carea' id='block_1_19' title="bbox 215 825 1010 859">
    <p class='ocr_par' dir='ltr' id='par_1_19' title="bbox 215 825 1010 859">
     <span class='ocr_line' id='line_1_19' title="bbox 215 825 1010 859; baseline 0 -7"><span class='ocrx_word' id='word_1_105' title='bbox 215 825 330 857; x_wconf 88' lang='lat' dir='ltr'><strong>dicitur,</strong></span> <span class='ocrx_word' id='word_1_106' title='bbox 343 825 421 859; x_wconf 72' lang='lat' dir='ltr'><strong>juxta</strong></span> <span class='ocrx_word' id='word_1_107' title='bbox 437 825 537 852; x_wconf 83' lang='lat' dir='ltr'><strong>dictam</strong></span> <span class='ocrx_word' id='word_1_108' title='bbox 561 825 784 858; x_wconf 83' lang='lat' dir='ltr'><strong>distinctionem;</strong></span> <span class='ocrx_word' id='word_1_109' title='bbox 802 825 844 853; x_wconf 91' lang='lat' dir='ltr'><strong>vel</strong></span> <span class='ocrx_word' id='word_1_110' title='bbox 857 825 896 852; x_wconf 91' lang='lat' dir='ltr'><strong>sic</strong></span> <span class='ocrx_word' id='word_1_111' title='bbox 911 825 1010 853; x_wconf 87' lang='lat' dir='ltr'><strong>distin-</strong></span> 
     </span>
    </p>
   </div>
   <div class='ocr_carea' id='block_1_20' title="bbox 1064 230 1864 270">
    <p class='ocr_par' dir='ltr' id='par_1_20' title="bbox 1064 230 1864 270">
     <span class='ocr_line' id='line_1_20' title="bbox 1064 230 1864 270; baseline 0.009 -14"><span class='ocrx_word' id='word_1_112' title='bbox 1064 230 1188 257; x_wconf 80' lang='grc' dir='ltr'><strong>ἀσθενῶν</strong></span> <span class='ocrx_word' id='word_1_113' title='bbox 1214 231 1261 257; x_wconf 76' lang='grc' dir='ltr'><strong>ἐπὶ</strong></span> <span class='ocrx_word' id='word_1_114' title='bbox 1281 230 1338 258; x_wconf 89' lang='grc' dir='ltr'><strong>τῶν</strong></span> <span class='ocrx_word' id='word_1_115' title='bbox 1354 232 1518 267; x_wconf 73' lang='grc' dir='ltr'>στεμφύλων</span> <span class='ocrx_word' id='word_1_116' title='bbox 1541 233 1745 270; x_wconf 77' lang='grc' dir='ltr'>ἐξηρτημένων.</span> <span class='ocrx_word' id='word_1_117' title='bbox 1773 235 1864 269; x_wconf 80' lang='grc' dir='ltr'>οὕτως</span> 
     </span>
    </p>
   </div>
   <div class='ocr_carea' id='block_1_21' title="bbox 1064 275 1861 317">
    <p class='ocr_par' dir='ltr' id='par_1_21' title="bbox 1064 275 1861 317">
     <span class='ocr_line' id='line_1_21' title="bbox 1064 275 1861 317; baseline 0.009 -16"><span class='ocrx_word' id='word_1_118' title='bbox 1064 275 1153 310; x_wconf 76' lang='grc' dir='ltr'>ἄωρος</span> <span class='ocrx_word' id='word_1_119' title='bbox 1178 276 1231 302; x_wconf 71' lang='grc' dir='ltr'><strong>ὑπὸ</strong></span> <span class='ocrx_word' id='word_1_120' title='bbox 1249 276 1303 303; x_wconf 88' lang='grc' dir='ltr'><strong>τῶν</strong></span> <span class='ocrx_word' id='word_1_121' title='bbox 1330 277 1425 303; x_wconf 87' lang='grc' dir='ltr'>παθῶν</span> <span class='ocrx_word' id='word_1_122' title='bbox 1440 278 1603 314; x_wconf 83' lang='grc' dir='ltr'>κλονηθεῖσα</span> <span class='ocrx_word' id='word_1_123' title='bbox 1632 281 1648 314; x_wconf 89' lang='grc' dir='ltr'>ἡ</span> <span class='ocrx_word' id='word_1_124' title='bbox 1672 280 1769 316; x_wconf 84' lang='grc' dir='ltr'>ἀρετὴ,</span> <span class='ocrx_word' id='word_1_125' title='bbox 1791 283 1861 317; x_wconf 74' lang='grc' dir='ltr'>πρὸς</span> 
     </span>
    </p>
   </div>
   <div class='ocr_carea' id='block_1_22' title="bbox 1063 321 1861 362">
    <p class='ocr_par' dir='ltr' id='par_1_22' title="bbox 1063 321 1861 362">
     <span class='ocr_line' id='line_1_22' title="bbox 1063 321 1861 362; baseline 0.01 -15"><span class='ocrx_word' id='word_1_126' title='bbox 1063 321 1156 356; x_wconf 89' lang='grc' dir='ltr'>ἀκμὴν</span> <span class='ocrx_word' id='word_1_127' title='bbox 1171 321 1221 357; x_wconf 88' lang='grc' dir='ltr'><strong>τῆς</strong></span> <span class='ocrx_word' id='word_1_128' title='bbox 1234 322 1404 358; x_wconf 82' lang='grc' dir='ltr'><strong>τελειότητος</strong></span> <span class='ocrx_word' id='word_1_129' title='bbox 1420 324 1471 350; x_wconf 86' lang='grc' dir='ltr'>οὑκ</span> <span class='ocrx_word' id='word_1_130' title='bbox 1493 324 1603 360; x_wconf 77' lang='grc' dir='ltr'>ἔρχεται</span> <span class='ocrx_word' id='word_1_131' title='bbox 1615 334 1622 342; x_wconf 89' lang='grc'><strong>·</strong></span> <span class='ocrx_word' id='word_1_132' title='bbox 1644 325 1699 352; x_wconf 86' lang='grc' dir='ltr'><strong>τῶν</strong></span> <span class='ocrx_word' id='word_1_133' title='bbox 1717 328 1861 362; x_wconf 86' lang='grc' dir='ltr'>πεπανθῆ-</span> 
     </span>
    </p>
   </div>
   <div class='ocr_carea' id='block_1_23' title="bbox 1063 367 1864 408">
    <p class='ocr_par' dir='ltr' id='par_1_23' title="bbox 1063 367 1864 408">
     <span class='ocr_line' id='line_1_23' title="bbox 1063 367 1864 408; baseline 0.01 -16"><span class='ocrx_word' id='word_1_134' title='bbox 1063 374 1108 393; x_wconf 88' lang='grc' dir='ltr'><strong>ναι</strong></span> <span class='ocrx_word' id='word_1_135' title='bbox 1135 367 1296 401; x_wconf 77' lang='grc' dir='ltr'>ὀφειλόντων</span> <span class='ocrx_word' id='word_1_136' title='bbox 1321 368 1546 404; x_wconf 78' lang='grc' dir='ltr'><strong>ἐπιτηδευμάτων</strong></span> <span class='ocrx_word' id='word_1_137' title='bbox 1576 370 1772 406; x_wconf 76' lang='grc' dir='ltr'>διαρρυέντων,</span> <span class='ocrx_word' id='word_1_138' title='bbox 1807 373 1864 408; x_wconf 74' lang='grc' dir='ltr'>πρὸ</span> 
     </span>
    </p>
   </div>
   <div class='ocr_carea' id='block_1_24' title="bbox 1062 411 1859 455">
    <p class='ocr_par' dir='ltr' id='par_1_24' title="bbox 1062 411 1859 455">
     <span class='ocr_line' id='line_1_24' title="bbox 1062 411 1859 455; baseline 0.009 -17"><span class='ocrx_word' id='word_1_139' title='bbox 1062 411 1113 446; x_wconf 84' lang='grc' dir='ltr'><strong>τῆς</strong></span> <span class='ocrx_word' id='word_1_140' title='bbox 1131 411 1280 447; x_wconf 75' lang='grc' dir='ltr'>βεϐηκυίας</span> <span class='ocrx_word' id='word_1_141' title='bbox 1296 414 1344 440; x_wconf 74' lang='grc' dir='ltr'>καὶ</span> <span class='ocrx_word' id='word_1_142' title='bbox 1358 414 1471 450; x_wconf 84' lang='grc' dir='ltr'>ἑκτικῆς</span> <span class='ocrx_word' id='word_1_143' title='bbox 1490 416 1684 449; x_wconf 73' lang='grc' dir='ltr'><strong>καταστάσεως</strong></span> <span class='ocrx_word' id='word_1_144' title='bbox 1696 425 1703 433; x_wconf 91' lang='grc'><strong>·</strong></span> <span class='ocrx_word' id='word_1_145' title='bbox 1721 418 1859 455; x_wconf 69' lang='grc' dir='ltr'>κενοδοξία</span> 
     </span>
    </p>
   </div>
   <div class='ocr_carea' id='block_1_25' title="bbox 1065 457 1861 497">
    <p class='ocr_par' dir='ltr' id='par_1_25' title="bbox 1065 457 1861 497">
     <span class='ocr_line' id='line_1_25' title="bbox 1065 457 1861 497; baseline 0.01 -14"><span class='ocrx_word' id='word_1_146' title='bbox 1065 457 1121 491; x_wconf 83' lang='grc' dir='ltr'><strong>γὰρ</strong></span> <span class='ocrx_word' id='word_1_147' title='bbox 1134 457 1315 492; x_wconf 78' lang='grc' dir='ltr'><strong>λυμαίνεσθαι</strong></span> <span class='ocrx_word' id='word_1_148' title='bbox 1327 459 1434 493; x_wconf 79' lang='grc' dir='ltr'>πέφυκε</span> <span class='ocrx_word' id='word_1_149' title='bbox 1445 460 1476 487; x_wconf 84' lang='grc' dir='ltr'>τὸ</span> <span class='ocrx_word' id='word_1_150' title='bbox 1496 461 1551 487; x_wconf 88' lang='grc' dir='ltr'><strong>τῶν</strong></span> <span class='ocrx_word' id='word_1_151' title='bbox 1571 462 1678 497; x_wconf 82' lang='grc' dir='ltr'><strong>ἀρετῶν</strong></span> <span class='ocrx_word' id='word_1_152' title='bbox 1693 463 1775 495; x_wconf 83' lang='grc' dir='ltr'>ἄνθος</span> <span class='ocrx_word' id='word_1_153' title='bbox 1787 472 1794 478; x_wconf 90' lang='grc'>·</span> <span class='ocrx_word' id='word_1_154' title='bbox 1815 466 1861 491; x_wconf 67' lang='grc' dir='ltr'>καὶ</span> 
     </span>
    </p>
   </div>
   <div class='ocr_carea' id='block_1_26' title="bbox 1063 501 1863 543">
    <p class='ocr_par' dir='ltr' id='par_1_26' title="bbox 1063 501 1863 543">
     <span class='ocr_line' id='line_1_26' title="bbox 1063 501 1863 543; baseline 0.011 -16"><span class='ocrx_word' id='word_1_155' title='bbox 1063 501 1208 534; x_wconf 80' lang='grc' dir='ltr'>ἀλαζονεία</span> <span class='ocrx_word' id='word_1_156' title='bbox 1222 504 1279 534; x_wconf 82' lang='grc' dir='ltr'>τοῖς</span> <span class='ocrx_word' id='word_1_157' title='bbox 1301 504 1463 539; x_wconf 82' lang='grc' dir='ltr'><strong>ἀρχομένοις</strong></span> <span class='ocrx_word' id='word_1_158' title='bbox 1484 505 1535 540; x_wconf 88' lang='grc' dir='ltr'><strong>τῆς</strong></span> <span class='ocrx_word' id='word_1_159' title='bbox 1549 505 1707 538; x_wconf 80' lang='grc' dir='ltr'>θεοσεϐείας</span> <span class='ocrx_word' id='word_1_160' title='bbox 1731 509 1863 543; x_wconf 77' lang='grc' dir='ltr'>ἐμπόδιον</span> 
     </span>
    </p>
   </div>
   <div class='ocr_carea' id='block_1_27' title="bbox 1062 547 1860 589">
    <p class='ocr_par' dir='ltr' id='par_1_27' title="bbox 1062 547 1860 589">
     <span class='ocr_line' id='line_1_27' title="bbox 1062 547 1860 589; baseline 0.013 -16"><span class='ocrx_word' id='word_1_161' title='bbox 1062 547 1168 581; x_wconf 83' lang='grc' dir='ltr'>γίνεται</span> <span class='ocrx_word' id='word_1_162' title='bbox 1191 548 1346 583; x_wconf 86' lang='grc' dir='ltr'><strong>προκοπῆς,</strong></span> <span class='ocrx_word' id='word_1_163' title='bbox 1365 550 1415 581; x_wconf 87' lang='grc' dir='ltr'>τὰς</span> <span class='ocrx_word' id='word_1_164' title='bbox 1438 550 1596 585; x_wconf 80' lang='grc' dir='ltr'>βελτιώσεις</span> <span class='ocrx_word' id='word_1_165' title='bbox 1622 554 1656 588; x_wconf 87' lang='grc' dir='ltr'>τῇ</span> <span class='ocrx_word' id='word_1_166' title='bbox 1677 553 1764 589; x_wconf 69' lang='grc' dir='ltr'>οἰήσει</span> <span class='ocrx_word' id='word_1_167' title='bbox 1789 556 1860 582; x_wconf 90' lang='grc' dir='ltr'>ἀπο-</span> 
     </span>
    </p>
   </div>
   <div class='ocr_carea' id='block_1_28' title="bbox 1062 592 1861 634">
    <p class='ocr_par' dir='ltr' id='par_1_28' title="bbox 1062 592 1861 634">
     <span class='ocr_line' id='line_1_28' title="bbox 1062 592 1861 634; baseline 0.011 -16"><span class='ocrx_word' id='word_1_168' title='bbox 1062 592 1240 626; x_wconf 82' lang='grc' dir='ltr'>τινάσσουσα,</span> <span class='ocrx_word' id='word_1_169' title='bbox 1257 594 1305 620; x_wconf 77' lang='grc' dir='ltr'>καὶ</span> <span class='ocrx_word' id='word_1_170' title='bbox 1319 595 1348 621; x_wconf 72' lang='grc' dir='ltr'>ἐν</span> <span class='ocrx_word' id='word_1_171' title='bbox 1363 595 1439 622; x_wconf 82' lang='grc' dir='ltr'>ἄνθει</span> <span class='ocrx_word' id='word_1_172' title='bbox 1454 597 1655 633; x_wconf 83' lang='grc' dir='ltr'><strong>μαραινόμενον</strong></span> <span class='ocrx_word' id='word_1_173' title='bbox 1672 599 1861 634; x_wconf 79' lang='grc' dir='ltr'>ἐμφανίζουσα</span> 
     </span>
    </p>
   </div>
   <div class='ocr_carea' id='block_1_29' title="bbox 1062 638 1862 681">
    <p class='ocr_par' dir='ltr' id='par_1_29' title="bbox 1062 638 1862 681">
     <span class='ocr_line' id='line_1_29' title="bbox 1062 638 1862 681; baseline 0.011 -18"><span class='ocrx_word' id='word_1_174' title='bbox 1062 638 1109 664; x_wconf 80' lang='grc' dir='ltr'>τὸν</span> <span class='ocrx_word' id='word_1_175' title='bbox 1128 639 1234 674; x_wconf 89' lang='grc' dir='ltr'>καρπόν</span> <span class='ocrx_word' id='word_1_176' title='bbox 1250 647 1257 654; x_wconf 81' lang='grc'><em>’</em></span> <span class='ocrx_word' id='word_1_177' title='bbox 1283 639 1463 675; x_wconf 76' lang='grc' dir='ltr'>συμϐουλεύει</span> <span class='ocrx_word' id='word_1_178' title='bbox 1490 642 1582 669; x_wconf 85' lang='grc' dir='ltr'>τοίνυν</span> <span class='ocrx_word' id='word_1_179' title='bbox 1605 644 1619 669; x_wconf 99' lang='lat'><strong>6</strong></span> <span class='ocrx_word' id='word_1_180' title='bbox 1644 644 1735 678; x_wconf 85' lang='grc' dir='ltr'>λόγος,</span> <span class='ocrx_word' id='word_1_181' title='bbox 1758 645 1799 671; x_wconf 77' lang='grc' dir='ltr'><strong>ἔτι</strong></span> <span class='ocrx_word' id='word_1_182' title='bbox 1815 655 1862 681; x_wconf 89' lang='grc' dir='ltr'>μι-</span> 
     </span>
    </p>
   </div>
   <div class='ocr_carea' id='block_1_30' title="bbox 1062 684 1861 726">
    <p class='ocr_par' dir='ltr' id='par_1_30' title="bbox 1062 684 1861 726">
     <span class='ocr_line' id='line_1_30' title="bbox 1062 684 1861 726; baseline 0.009 -16"><span class='ocrx_word' id='word_1_183' title='bbox 1062 684 1131 719; x_wconf 73' lang='grc' dir='ltr'>κρὰς</span> <span class='ocrx_word' id='word_1_184' title='bbox 1147 684 1243 711; x_wconf 81' lang='grc' dir='ltr'>πιάσαι</span> <span class='ocrx_word' id='word_1_185' title='bbox 1254 684 1420 717; x_wconf 80' lang='grc' dir='ltr'>ἀλώπεκας·</span> <span class='ocrx_word' id='word_1_186' title='bbox 1438 687 1579 714; x_wconf 73' lang='grc' dir='ltr'>τουτέστιν</span> <span class='ocrx_word' id='word_1_187' title='bbox 1600 689 1715 716; x_wconf 78' lang='grc' dir='ltr'>ἁπαλῶν</span> <span class='ocrx_word' id='word_1_188' title='bbox 1737 690 1777 716; x_wconf 82' lang='grc' dir='ltr'>ἐτι</span> <span class='ocrx_word' id='word_1_189' title='bbox 1790 699 1861 726; x_wconf 87' lang='grc' dir='ltr'>κρα-</span> 
     </span>
    </p>
   </div>
   <div class='ocr_carea' id='block_1_31' title="bbox 1061 729 1860 770">
    <p class='ocr_par' dir='ltr' id='par_1_31' title="bbox 1061 729 1860 770">
     <span class='ocr_line' id='line_1_31' title="bbox 1061 729 1860 770; baseline 0.01 -15"><span class='ocrx_word' id='word_1_190' title='bbox 1061 729 1142 764; x_wconf 86' lang='grc' dir='ltr'>τῆσαι</span> <span class='ocrx_word' id='word_1_191' title='bbox 1158 730 1206 756; x_wconf 77' lang='grc' dir='ltr'>καὶ</span> <span class='ocrx_word' id='word_1_192' title='bbox 1224 730 1347 757; x_wconf 82' lang='grc' dir='ltr'>ἀσθενῶν</span> <span class='ocrx_word' id='word_1_193' title='bbox 1364 731 1419 758; x_wconf 86' lang='grc' dir='ltr'><strong>τῶν</strong></span> <span class='ocrx_word' id='word_1_194' title='bbox 1440 732 1546 766; x_wconf 83' lang='grc' dir='ltr'>παθῶν,</span> <span class='ocrx_word' id='word_1_195' title='bbox 1567 734 1631 769; x_wconf 76' lang='grc' dir='ltr'>πρὶν</span> <span class='ocrx_word' id='word_1_196' title='bbox 1654 734 1711 766; x_wconf 70' lang='grc' dir='ltr'>ἕξις</span> <span class='ocrx_word' id='word_1_197' title='bbox 1725 735 1860 770; x_wconf 84' lang='grc' dir='ltr'>δυσμετα-</span> 
     </span>
    </p>
   </div>
   <div class='ocr_carea' id='block_1_32' title="bbox 1061 775 1858 815">
    <p class='ocr_par' dir='ltr' id='par_1_32' title="bbox 1061 775 1858 815">
     <span class='ocr_line' id='line_1_32' title="bbox 1061 775 1858 815; baseline 0.008 -13"><span class='ocrx_word' id='word_1_198' title='bbox 1061 775 1172 810; x_wconf 86' lang='grc' dir='ltr'>κίνητος</span> <span class='ocrx_word' id='word_1_199' title='bbox 1187 775 1218 802; x_wconf 85' lang='grc' dir='ltr'>τὸ</span> <span class='ocrx_word' id='word_1_200' title='bbox 1233 775 1293 808; x_wconf 72' lang='grc' dir='ltr'>ἔθος</span> <span class='ocrx_word' id='word_1_201' title='bbox 1305 776 1417 812; x_wconf 83' lang='grc' dir='ltr'>γένηται</span> <span class='ocrx_word' id='word_1_202' title='bbox 1431 778 1480 804; x_wconf 84' lang='grc' dir='ltr'>τοῦ</span> <span class='ocrx_word' id='word_1_203' title='bbox 1494 779 1580 805; x_wconf 81' lang='grc' dir='ltr'>κακοῦ</span> <span class='ocrx_word' id='word_1_204' title='bbox 1592 788 1598 794; x_wconf 90' lang='grc'><strong>·</strong></span> <span class='ocrx_word' id='word_1_205' title='bbox 1616 779 1632 815; x_wconf 80' lang='grc' dir='ltr'>ἢ</span> <span class='ocrx_word' id='word_1_206' title='bbox 1650 780 1729 806; x_wconf 83' lang='grc' dir='ltr'>τοῦτο</span> <span class='ocrx_word' id='word_1_207' title='bbox 1739 779 1785 808; x_wconf 86' lang='grc' dir='ltr'>οὖν</span> <span class='ocrx_word' id='word_1_208' title='bbox 1798 783 1858 808; x_wconf 77' lang='grc' dir='ltr'>ἐστι</span> 
     </span>
    </p>
   </div>
   <div class='ocr_carea' id='block_1_33' title="bbox 1060 819 1858 861">
    <p class='ocr_par' dir='ltr' id='par_1_33' title="bbox 1060 819 1858 861">
     <span class='ocr_line' id='line_1_33' title="bbox 1060 819 1858 861; baseline 0.01 -15"><span class='ocrx_word' id='word_1_209' title='bbox 1060 819 1091 846; x_wconf 77' lang='grc' dir='ltr'><strong>τὺ</strong></span> <span class='ocrx_word' id='word_1_210' title='bbox 1109 820 1256 855; x_wconf 85' lang='grc' dir='ltr'>λεγόμενον</span> <span class='ocrx_word' id='word_1_211' title='bbox 1270 822 1341 848; x_wconf 88' lang='grc' dir='ltr'><strong>κατά</strong></span> <span class='ocrx_word' id='word_1_212' title='bbox 1359 823 1409 858; x_wconf 83' lang='grc' dir='ltr'><strong>τὴν</strong></span> <span class='ocrx_word' id='word_1_213' title='bbox 1431 823 1582 860; x_wconf 82' lang='grc' dir='ltr'>εἰρημένην</span> <span class='ocrx_word' id='word_1_214' title='bbox 1595 825 1738 861; x_wconf 84' lang='grc' dir='ltr'>διαίρεσιν,</span> <span class='ocrx_word' id='word_1_215' title='bbox 1754 827 1770 861; x_wconf 85' lang='grc' dir='ltr'>ἢ</span> <span class='ocrx_word' id='word_1_216' title='bbox 1786 827 1858 854; x_wconf 88' lang='grc' dir='ltr'>διαι-</span> 
     </span>
    </p>
   </div>
   <div class='ocr_carea' id='block_1_34' title="bbox 216 865 1006 907">
    <p class='ocr_par' dir='ltr' id='par_1_34' title="bbox 216 870 1006 906">
     <span class='ocr_line' id='line_1_34' title="bbox 216 870 1006 906; baseline 0.003 -10"><span class='ocrx_word' id='word_1_217' title='bbox 216 870 362 905; x_wconf 82' lang='lat' dir='ltr'><strong>guentibns</strong></span> <span class='ocrx_word' id='word_1_218' title='bbox 382 870 534 905; x_wconf 80' lang='lat' dir='ltr'><strong>legendam,</strong></span> <span class='ocrx_word' id='word_1_219' title='bbox 553 878 601 898; x_wconf 87' lang='lat' dir='ltr'><strong>cas</strong></span> <span class='ocrx_word' id='word_1_220' title='bbox 626 878 687 906; x_wconf 64' lang='lat' dir='ltr'><strong>quae</strong></span> <span class='ocrx_word' id='word_1_221' title='bbox 703 871 833 906; x_wconf 84' lang='lat' dir='ltr'><strong>parvulas</strong></span> <span class='ocrx_word' id='word_1_222' title='bbox 858 871 1006 898; x_wconf 90' lang='lat' dir='ltr'><strong>demoliun-</strong></span> 
     </span>
    </p>
   </div>
   <div class='ocr_carea' id='block_1_35' title="bbox 1061 865 1857 907">
    <p class='ocr_par' dir='ltr' id='par_1_35' title="bbox 1062 865 1857 907">
     <span class='ocr_line' id='line_1_35' title="bbox 1062 865 1857 907; baseline 0.011 -17"><span class='ocrx_word' id='word_1_223' title='bbox 1062 865 1176 900; x_wconf 85' lang='grc' dir='ltr'>ροῦντας</span> <span class='ocrx_word' id='word_1_224' title='bbox 1188 866 1353 900; x_wconf 83' lang='grc' dir='ltr'>ἀναγνῶναι,</span> <span class='ocrx_word' id='word_1_225' title='bbox 1379 869 1496 904; x_wconf 84' lang='grc' dir='ltr'>μικροὺς</span> <span class='ocrx_word' id='word_1_226' title='bbox 1513 869 1643 904; x_wconf 79' lang='grc' dir='ltr'>ἀφανίζον</span> <span class='ocrx_word' id='word_1_227' title='bbox 1667 871 1834 907; x_wconf 79' lang='grc' dir='ltr'>ἀμπελῶνας</span> <span class='ocrx_word' id='word_1_228' title='bbox 1848 881 1857 888; x_wconf 90' lang='grc'><strong>·</strong></span> 
     </span>
    </p>
   </div>
   <div class='ocr_carea' id='block_1_36' title="bbox 216 916 1008 951">
    <p class='ocr_par' dir='ltr' id='par_1_36' title="bbox 216 916 1008 951">
     <span class='ocr_line' id='line_1_36' title="bbox 216 916 1008 951; baseline 0.001 -9"><span class='ocrx_word' id='word_1_229' title='bbox 216 919 261 942; x_wconf 90' lang='lat' dir='ltr'><strong>tur</strong></span> <span class='ocrx_word' id='word_1_230' title='bbox 276 918 347 943; x_wconf 83' lang='lat' dir='ltr'><strong>vites</strong></span> <span class='ocrx_word' id='word_1_231' title='bbox 364 916 492 950; x_wconf 80' lang='lat' dir='ltr'><strong>subigere</strong></span> <span class='ocrx_word' id='word_1_232' title='bbox 507 921 616 951; x_wconf 85' lang='lat' dir='ltr'><strong>oportet</strong></span> <span class='ocrx_word' id='word_1_233' title='bbox 634 924 666 943; x_wconf 90' lang='lat' dir='ltr'><strong>ac</strong></span> <span class='ocrx_word' id='word_1_234' title='bbox 681 924 780 951; x_wconf 89' lang='lat' dir='ltr'><strong>capere</strong></span> <span class='ocrx_word' id='word_1_235' title='bbox 805 917 913 951; x_wconf 87' lang='lat' dir='ltr'><strong>vulpes,</strong></span> <span class='ocrx_word' id='word_1_236' title='bbox 944 916 1008 944; x_wconf 88' lang='lat' dir='ltr'><strong>dum</strong></span> 
     </span>
    </p>
   </div>
   <div class='ocr_carea' id='block_1_37' title="bbox 215 963 1010 998">
    <p class='ocr_par' dir='ltr' id='par_1_37' title="bbox 215 963 1010 998">
     <span class='ocr_line' id='line_1_37' title="bbox 215 963 1010 998; baseline 0.001 -9"><span class='ocrx_word' id='word_1_237' title='bbox 215 963 304 990; x_wconf 79' lang='lat' dir='ltr'><strong>adhuc</strong></span> <span class='ocrx_word' id='word_1_238' title='bbox 329 970 420 998; x_wconf 49' lang='lat' dir='ltr'><strong>parva).</strong></span> <span class='ocrx_word' id='word_1_239' title='bbox 443 967 510 990; x_wconf 91' lang='lat' dir='ltr'><strong>sunt</strong></span> <span class='ocrx_word' id='word_1_240' title='bbox 535 963 626 990; x_wconf 85' lang='lat' dir='ltr'><strong>vites:</strong></span> <span class='ocrx_word' id='word_1_241' title='bbox 652 963 786 997; x_wconf 89' lang='lat' dir='ltr'><strong>siquidem</strong></span> <span class='ocrx_word' id='word_1_242' title='bbox 806 964 876 990; x_wconf 86' lang='lat' dir='ltr'><strong>vites</strong></span> <span class='ocrx_word' id='word_1_243' title='bbox 897 970 1010 998; x_wconf 75' lang='lat' dir='ltr'><strong>magnas</strong></span> 
     </span>
    </p>
   </div>
   <div class='ocr_carea' id='block_1_38' title="bbox 215 1007 1007 1043">
    <p class='ocr_par' dir='ltr' id='par_1_38' title="bbox 215 1007 1007 1043">
     <span class='ocr_line' id='line_1_38' title="bbox 215 1007 1007 1043; baseline 0.001 -9"><span class='ocrx_word' id='word_1_244' title='bbox 215 1007 340 1035; x_wconf 90' lang='lat' dir='ltr'><strong>demoliri</strong></span> <span class='ocrx_word' id='word_1_245' title='bbox 357 1007 453 1043; x_wconf 87' lang='lat' dir='ltr'><strong>vulpes</strong></span> <span class='ocrx_word' id='word_1_246' title='bbox 468 1012 608 1042; x_wconf 86' lang='lat' dir='ltr'><strong>nequeunt</strong></span> <span class='ocrx_word' id='word_1_247' title='bbox 623 1007 732 1034; x_wconf 82' lang='lat' dir='ltr'><strong>ﬁrmato</strong></span> <span class='ocrx_word' id='word_1_248' title='bbox 746 1007 803 1041; x_wconf 89' lang='lat' dir='ltr'><strong>jam</strong></span> <span class='ocrx_word' id='word_1_249' title='bbox 819 1007 883 1034; x_wconf 93' lang='lat' dir='ltr'><strong>boni</strong></span> <span class='ocrx_word' id='word_1_250' title='bbox 902 1007 1007 1039; x_wconf 85' lang='lat' dir='ltr'><strong>habitu,</strong></span> 
     </span>
    </p>
   </div>
   <div class='ocr_carea' id='block_1_39' title="bbox 214 1053 1010 1089">
    <p class='ocr_par' dir='ltr' id='par_1_39' title="bbox 214 1053 1010 1089">
     <span class='ocr_line' id='line_1_39' title="bbox 214 1053 1010 1089; baseline 0.001 -10"><span class='ocrx_word' id='word_1_251' title='bbox 214 1054 315 1081; x_wconf 70' lang='lat' dir='ltr'><strong>ctenim</strong></span> <span class='ocrx_word' id='word_1_252' title='bbox 343 1054 520 1089; x_wconf 84' lang='lat' dir='ltr'><strong>parvulorum</strong></span> <span class='ocrx_word' id='word_1_253' title='bbox 544 1057 587 1081; x_wconf 90' lang='lat' dir='ltr'><strong>est</strong></span> <span class='ocrx_word' id='word_1_254' title='bbox 613 1053 820 1081; x_wconf 84' lang='lat' dir='ltr'><strong>scandalizari:</strong></span> <span class='ocrx_word' id='word_1_255' title='bbox 851 1053 929 1088; x_wconf 83' lang='lat' dir='ltr'><strong>quasi</strong></span> <span class='ocrx_word' id='word_1_256' title='bbox 944 1061 1010 1080; x_wconf 88' lang='lat' dir='ltr'><strong>vcro</strong></span> 
     </span>
    </p>
   </div>
   <div class='ocr_carea' id='block_1_40' title="bbox 214 1098 1007 1127">
    <p class='ocr_par' dir='ltr' id='par_1_40' title="bbox 214 1098 1007 1127">
     <span class='ocr_line' id='line_1_40' title="bbox 214 1098 1007 1127; baseline -0.001 -2"><span class='ocrx_word' id='word_1_257' title='bbox 214 1099 361 1127; x_wconf 88' lang='lat' dir='ltr'><strong>intendens</strong></span> <span class='ocrx_word' id='word_1_258' title='bbox 382 1106 414 1126; x_wconf 84' lang='lat' dir='ltr'><strong>ex</strong></span> <span class='ocrx_word' id='word_1_259' title='bbox 433 1102 504 1126; x_wconf 89' lang='lat' dir='ltr'><strong>metu</strong></span> <span class='ocrx_word' id='word_1_260' title='bbox 521 1098 721 1126; x_wconf 87' lang='lat' dir='ltr'><strong>dubitationem</strong></span> <span class='ocrx_word' id='word_1_261' title='bbox 736 1099 775 1125; x_wconf 88' lang='lat' dir='ltr'><strong>ait</strong></span> <span class='ocrx_word' id='word_1_262' title='bbox 793 1107 800 1125; x_wconf 87' lang='lat'><strong>:</strong></span> <span class='ocrx_word' id='word_1_263' title='bbox 815 1102 842 1126; x_wconf 90' lang='lat' dir='ltr'><strong>et</strong></span> <span class='ocrx_word' id='word_1_264' title='bbox 859 1099 945 1126; x_wconf 71' lang='lat' dir='ltr'><strong>viuere</strong></span> <span class='ocrx_word' id='word_1_265' title='bbox 959 1105 1007 1125; x_wconf 82' lang='lat' dir='ltr'><strong>no-</strong></span> 
     </span>
    </p>
   </div>
   <div class='ocr_carea' id='block_1_41' title="bbox 215 1142 1007 1175">
    <p class='ocr_par' dir='ltr' id='par_1_41' title="bbox 215 1142 1007 1175">
     <span class='ocr_line' id='line_1_41' title="bbox 215 1142 1007 1175; baseline -0.003 -4"><span class='ocrx_word' id='word_1_266' title='bbox 215 1148 281 1171; x_wconf 81' lang='lat' dir='ltr'><strong>strae</strong></span> <span class='ocrx_word' id='word_1_267' title='bbox 303 1142 401 1170; x_wconf 81' lang='lat' dir='ltr'><strong>ﬂorent</strong></span> <span class='ocrx_word' id='word_1_268' title='bbox 417 1152 424 1170; x_wconf 88' lang='lat'><strong>:</strong></span> <span class='ocrx_word' id='word_1_269' title='bbox 450 1151 505 1170; x_wconf 89' lang='lat' dir='ltr'><strong>non</strong></span> <span class='ocrx_word' id='word_1_270' title='bbox 520 1143 610 1170; x_wconf 87' lang='lat' dir='ltr'><strong>solum</strong></span> <span class='ocrx_word' id='word_1_271' title='bbox 635 1143 707 1170; x_wconf 90' lang='lat' dir='ltr'><strong>enim</strong></span> <span class='ocrx_word' id='word_1_272' title='bbox 721 1143 798 1171; x_wconf 87' lang='lat' dir='ltr'><strong>visus</strong></span> <span class='ocrx_word' id='word_1_273' title='bbox 813 1146 856 1170; x_wconf 89' lang='lat' dir='ltr'><strong>est</strong></span> <span class='ocrx_word' id='word_1_274' title='bbox 870 1142 1007 1175; x_wconf 82' lang='lat' dir='ltr'><strong>timuisse,</strong></span> 
     </span>
    </p>
   </div>
   <div class='ocr_carea' id='block_1_42' title="bbox 214 1187 1007 1223">
    <p class='ocr_par' dir='ltr' id='par_1_42' title="bbox 214 1187 1007 1223">
     <span class='ocr_line' id='line_1_42' title="bbox 214 1187 1007 1223; baseline -0.003 -8"><span class='ocrx_word' id='word_1_275' title='bbox 214 1189 287 1223; x_wconf 81' lang='lat' dir='ltr'><strong>quod</strong></span> <span class='ocrx_word' id='word_1_276' title='bbox 313 1189 438 1216; x_wconf 85' lang='lat' dir='ltr'><strong>delicatae</strong></span> <span class='ocrx_word' id='word_1_277' title='bbox 460 1195 491 1215; x_wconf 93' lang='lat' dir='ltr'><strong>ac</strong></span> <span class='ocrx_word' id='word_1_278' title='bbox 511 1195 608 1216; x_wconf 85' lang='lat' dir='ltr'><strong>recens</strong></span> <span class='ocrx_word' id='word_1_279' title='bbox 633 1188 760 1223; x_wconf 76' lang='lat' dir='ltr'><strong>plantatze</strong></span> <span class='ocrx_word' id='word_1_280' title='bbox 773 1188 829 1216; x_wconf 87' lang='lat' dir='ltr'><strong>sint</strong></span> <span class='ocrx_word' id='word_1_281' title='bbox 847 1194 939 1222; x_wconf 65' lang='lat' dir='ltr'><strong>parva:</strong></span> <span class='ocrx_word' id='word_1_282' title='bbox 959 1187 1007 1213; x_wconf 85' lang='lat' dir='ltr'><strong>ad-</strong></span> 
     </span>
    </p>
   </div>
   <div class='ocr_carea' id='block_1_43' title="bbox 214 1233 1008 1268">
    <p class='ocr_par' dir='ltr' id='par_1_43' title="bbox 214 1233 1008 1268">
     <span class='ocr_line' id='line_1_43' title="bbox 214 1233 1008 1268; baseline -0.001 -7"><span class='ocrx_word' id='word_1_283' title='bbox 214 1234 268 1261; x_wconf 83' lang='lat' dir='ltr'><strong>huc</strong></span> <span class='ocrx_word' id='word_1_284' title='bbox 292 1234 373 1265; x_wconf 79' lang='lat' dir='ltr'><strong>vites,</strong></span> <span class='ocrx_word' id='word_1_285' title='bbox 391 1235 438 1261; x_wconf 88' lang='lat' dir='ltr'><strong>sed</strong></span> <span class='ocrx_word' id='word_1_286' title='bbox 454 1234 536 1261; x_wconf 89' lang='lat' dir='ltr'><strong>etiam</strong></span> <span class='ocrx_word' id='word_1_287' title='bbox 560 1234 593 1261; x_wconf 87' lang='lat' dir='ltr'><strong>ad</strong></span> <span class='ocrx_word' id='word_1_288' title='bbox 610 1233 764 1261; x_wconf 84' lang='lat' dir='ltr'><strong>ﬂorendum</strong></span> <span class='ocrx_word' id='word_1_289' title='bbox 787 1233 939 1268; x_wconf 57' lang='lat' dir='ltr'><strong>dispositae,</strong></span> <span class='ocrx_word' id='word_1_290' title='bbox 963 1241 1008 1260; x_wconf 79' lang='lat' dir='ltr'><strong>ex-</strong></span> 
     </span>
    </p>
   </div>
   <div class='ocr_carea' id='block_1_44' title="bbox 213 1279 1006 1315">
    <p class='ocr_par' dir='ltr' id='par_1_44' title="bbox 213 1279 1006 1315">
     <span class='ocr_line' id='line_1_44' title="bbox 213 1279 1006 1315; baseline -0.001 -8"><span class='ocrx_word' id='word_1_291' title='bbox 213 1280 381 1307; x_wconf 81' lang='lat' dir='ltr'><strong>cutieutibus</strong></span> <span class='ocrx_word' id='word_1_292' title='bbox 401 1279 494 1306; x_wconf 88' lang='lat' dir='ltr'><strong>ﬂorem</strong></span> <span class='ocrx_word' id='word_1_293' title='bbox 509 1279 638 1315; x_wconf 89' lang='lat' dir='ltr'><strong>vulpibus</strong></span> <span class='ocrx_word' id='word_1_294' title='bbox 655 1279 787 1314; x_wconf 72' lang='lat' dir='ltr'><strong>exposita:</strong></span> <span class='ocrx_word' id='word_1_295' title='bbox 803 1279 878 1311; x_wconf 86' lang='lat' dir='ltr'><strong>sint;</strong></span> <span class='ocrx_word' id='word_1_296' title='bbox 896 1279 923 1306; x_wconf 94' lang='lat' dir='ltr'><strong>in</strong></span> <span class='ocrx_word' id='word_1_297' title='bbox 943 1279 1006 1314; x_wconf 90' lang='lat' dir='ltr'><strong>qui-</strong></span> 
     </span>
    </p>
   </div>
   <div class='ocr_carea' id='block_1_45' title="bbox 213 1324 1005 1361">
    <p class='ocr_par' dir='ltr' id='par_1_45' title="bbox 213 1324 1005 1361">
     <span class='ocr_line' id='line_1_45' title="bbox 213 1324 1005 1361; baseline -0.001 -8"><span class='ocrx_word' id='word_1_298' title='bbox 213 1327 266 1354; x_wconf 89' lang='lat' dir='ltr'><strong>bus</strong></span> <span class='ocrx_word' id='word_1_299' title='bbox 288 1325 442 1353; x_wconf 83' lang='lat' dir='ltr'><strong>istiusmodi</strong></span> <span class='ocrx_word' id='word_1_300' title='bbox 473 1326 664 1354; x_wconf 85' lang='lat' dir='ltr'><strong>excussionem</strong></span> <span class='ocrx_word' id='word_1_301' title='bbox 691 1326 816 1361; x_wconf 79' lang='lat' dir='ltr'><strong>agnoscit</strong></span> <span class='ocrx_word' id='word_1_302' title='bbox 850 1324 1005 1360; x_wconf 84' lang='lat' dir='ltr'><strong>Scriptura,</strong></span> 
     </span>
    </p>
   </div>
   <div class='ocr_carea' id='block_1_46' title="bbox 213 1369 1007 1405">
    <p class='ocr_par' dir='ltr' id='par_1_46' title="bbox 213 1369 1007 1405">
     <span class='ocr_line' id='line_1_46' title="bbox 213 1369 1007 1405; baseline 0.003 -9"><span class='ocrx_word' id='word_1_303' title='bbox 213 1369 248 1396; x_wconf 89' lang='lat' dir='ltr'><strong>de</strong></span> <span class='ocrx_word' id='word_1_304' title='bbox 266 1369 299 1396; x_wconf 88' lang='lat' dir='ltr'><strong>iis</strong></span> <span class='ocrx_word' id='word_1_305' title='bbox 313 1369 431 1396; x_wconf 77' lang='lat' dir='ltr'><strong>(licens:</strong></span> <span class='ocrx_word' id='word_1_306' title='bbox 455 1378 464 1395; x_wconf 78' lang='grc' dir='ltr'><strong>ι</strong></span> <span class='ocrx_word' id='word_1_307' title='bbox 490 1369 529 1396; x_wconf 86' lang='lat' dir='ltr'><strong>ita</strong></span> <span class='ocrx_word' id='word_1_308' title='bbox 556 1370 605 1397; x_wconf 88' lang='lat' dir='ltr'><strong>lilii</strong></span> <span class='ocrx_word' id='word_1_309' title='bbox 633 1377 813 1398; x_wconf 77' lang='lat' dir='ltr'><strong>excussorum</strong></span> <span class='ocrx_word' id='word_1_310' title='bbox 840 1369 881 1402; x_wconf 68' lang='grc'><strong>⁸⁵,</strong></span> <span class='ocrx_word' id='word_1_311' title='bbox 899 1380 908 1396; x_wconf 78' lang='grc' dir='ltr'><strong>ι</strong></span> <span class='ocrx_word' id='word_1_312' title='bbox 937 1378 1007 1405; x_wconf 90' lang='lat' dir='ltr'><strong>quos</strong></span> 
     </span>
    </p>
   </div>
   <div class='ocr_carea' id='block_1_47' title="bbox 212 1414 1006 1452">
    <p class='ocr_par' dir='ltr' id='par_1_47' title="bbox 212 1414 1006 1452">
     <span class='ocr_line' id='line_1_47' title="bbox 212 1414 1006 1452; baseline 0.003 -10"><span class='ocrx_word' id='word_1_313' title='bbox 212 1414 315 1443; x_wconf 81' lang='lat' dir='ltr'><strong>Paulus</strong></span> <span class='ocrx_word' id='word_1_314' title='bbox 343 1423 434 1443; x_wconf 89' lang='lat' dir='ltr'><strong>ramos</strong></span> <span class='ocrx_word' id='word_1_315' title='bbox 463 1415 569 1444; x_wconf 86' lang='lat' dir='ltr'><strong>fractos</strong></span> <span class='ocrx_word' id='word_1_316' title='bbox 591 1416 672 1444; x_wconf 75' lang='lat' dir='ltr'><strong>oliva:</strong></span> <span class='ocrx_word' id='word_1_317' title='bbox 705 1417 827 1452; x_wconf 88' lang='lat' dir='ltr'><strong>appellat</strong></span> <span class='ocrx_word' id='word_1_318' title='bbox 852 1416 894 1449; x_wconf 75' lang='grc'><strong>⁸⁵,</strong></span> <span class='ocrx_word' id='word_1_319' title='bbox 919 1416 1006 1444; x_wconf 87' lang='lat' dir='ltr'><strong>David</strong></span> 
     </span>
    </p>
   </div>
   <div class='ocr_carea' id='block_1_48' title="bbox 213 1461 1005 1497">
    <p class='ocr_par' dir='ltr' id='par_1_48' title="bbox 213 1461 1005 1497">
     <span class='ocr_line' id='line_1_48' title="bbox 213 1461 1005 1497; baseline 0.003 -10"><span class='ocrx_word' id='word_1_320' title='bbox 213 1465 305 1488; x_wconf 80' lang='lat' dir='ltr'><strong>mrtem</strong></span> <span class='ocrx_word' id='word_1_321' title='bbox 329 1461 418 1496; x_wconf 74' lang='lat' dir='ltr'><strong>fenum</strong></span> <span class='ocrx_word' id='word_1_322' title='bbox 446 1467 575 1489; x_wconf 76' lang='lat' dir='ltr'><strong>tectorum</strong></span> <span class='ocrx_word' id='word_1_323' title='bbox 590 1463 631 1492; x_wconf 78' lang='grc'><strong>⁸⁸.</strong></span> <span class='ocrx_word' id='word_1_324' title='bbox 650 1462 783 1490; x_wconf 88' lang='lat' dir='ltr'><strong>Dominus</strong></span> <span class='ocrx_word' id='word_1_325' title='bbox 808 1470 884 1493; x_wconf 87' lang='lat' dir='ltr'><strong>vero,</strong></span> <span class='ocrx_word' id='word_1_326' title='bbox 910 1463 1005 1497; x_wconf 80' lang='lat' dir='ltr'><strong>pallui-</strong></span> 
     </span>
    </p>
   </div>
   <div class='ocr_carea' id='block_1_49' title="bbox 214 1506 1004 1543">
    <p class='ocr_par' dir='ltr' id='par_1_49' title="bbox 214 1506 1004 1543">
     <span class='ocr_line' id='line_1_49' title="bbox 214 1506 1004 1543; baseline 0.001 -10"><span class='ocrx_word' id='word_1_327' title='bbox 214 1511 269 1534; x_wconf 93' lang='lat' dir='ltr'><strong>tem</strong></span> <span class='ocrx_word' id='word_1_328' title='bbox 297 1511 375 1534; x_wconf 83' lang='lat' dir='ltr'><strong>extra</strong></span> <span class='ocrx_word' id='word_1_329' title='bbox 400 1507 482 1535; x_wconf 87' lang='lat' dir='ltr'><strong>vitem</strong></span> <span class='ocrx_word' id='word_1_330' title='bbox 510 1507 663 1542; x_wconf 82' lang='lat' dir='ltr'><strong>projectum</strong></span> <span class='ocrx_word' id='word_1_331' title='bbox 688 1511 715 1534; x_wconf 90' lang='lat' dir='ltr'><strong>et</strong></span> <span class='ocrx_word' id='word_1_332' title='bbox 738 1506 930 1543; x_wconf 80' lang='lat' dir='ltr'><strong>infrugifcrum</strong></span> <span class='ocrx_word' id='word_1_333' title='bbox 960 1507 981 1523; x_wconf 74' lang='grc'><strong>⁸⁷</strong></span> <span class='ocrx_word' id='word_1_334' title='bbox 996 1527 1004 1540; x_wconf 82' lang='grc'><strong>,</strong></span> 
     </span>
    </p>
   </div>
   <div class='ocr_carea' id='block_1_50' title="bbox 213 1553 810 1589">
    <p class='ocr_par' dir='ltr' id='par_1_50' title="bbox 213 1553 810 1589">
     <span class='ocr_line' id='line_1_50' title="bbox 213 1553 810 1589; baseline 0 -9"><span class='ocrx_word' id='word_1_335' title='bbox 213 1560 309 1580; x_wconf 85' lang='lat' dir='ltr'><strong>eorum</strong></span> <span class='ocrx_word' id='word_1_336' title='bbox 324 1560 435 1589; x_wconf 88' lang='lat' dir='ltr'><strong>quoque</strong></span> <span class='ocrx_word' id='word_1_337' title='bbox 452 1553 597 1581; x_wconf 86' lang='lat' dir='ltr'><strong>insinuans</strong></span> <span class='ocrx_word' id='word_1_338' title='bbox 614 1553 810 1588; x_wconf 89' lang='lat' dir='ltr'><strong>abjectionem.</strong></span> 
     </span>
    </p>
   </div>
   <div class='ocr_carea' id='block_1_51' title="bbox 250 1644 913 1681">
    <p class='ocr_par' dir='ltr' id='par_1_51' title="bbox 250 1644 913 1681">
     <span class='ocr_line' id='line_1_51' title="bbox 250 1644 913 1681; baseline 0 -9"><span class='ocrx_word' id='word_1_339' title='bbox 250 1644 384 1681; x_wconf 77' lang='lat' dir='ltr'><strong>Origsm&#39;s.</strong></span> <span class='ocrx_word' id='word_1_340' title='bbox 398 1661 433 1666; x_wconf 94' lang='lat'><em>—</em></span> <span class='ocrx_word' id='word_1_341' title='bbox 446 1645 510 1674; x_wconf 63' lang='lat' dir='ltr'><strong>Haec</strong></span> <span class='ocrx_word' id='word_1_342' title='bbox 524 1646 563 1674; x_wconf 88' lang='lat' dir='ltr'><strong>ait</strong></span> <span class='ocrx_word' id='word_1_343' title='bbox 579 1646 679 1673; x_wconf 87' lang='lat' dir='ltr'><strong>amicis</strong></span> <span class='ocrx_word' id='word_1_344' title='bbox 697 1645 834 1681; x_wconf 87' lang='lat' dir='ltr'><strong>Sponsus,</strong></span> <span class='ocrx_word' id='word_1_345' title='bbox 859 1650 913 1673; x_wconf 88' lang='lat' dir='ltr'><strong>etc.</strong></span> 
     </span>
    </p>
   </div>
   <div class='ocr_carea' id='block_1_52' title="bbox 249 1734 1002 1770">
    <p class='ocr_par' dir='ltr' id='par_1_52' title="bbox 249 1734 1002 1770">
     <span class='ocr_line' id='line_1_52' title="bbox 249 1734 1002 1770; baseline 0.001 -9"><span class='ocrx_word' id='word_1_346' title='bbox 249 1734 332 1762; x_wconf 70' lang='lat' dir='ltr'><strong>Vens.</strong></span> <span class='ocrx_word' id='word_1_347' title='bbox 353 1735 395 1768; x_wconf 84' lang='lat' dir='ltr'><strong>i6,</strong></span> <span class='ocrx_word' id='word_1_348' title='bbox 414 1735 458 1762; x_wconf 79' lang='grc' dir='ltr'><strong>Π.</strong></span> <span class='ocrx_word' id='word_1_349' title='bbox 476 1734 627 1763; x_wconf 69' lang='lat' dir='ltr'><strong>Fratruelis</strong></span> <span class='ocrx_word' id='word_1_350' title='bbox 645 1743 718 1762; x_wconf 74' lang='lat' dir='ltr'><strong>meus</strong></span> <span class='ocrx_word' id='word_1_351' title='bbox 744 1735 809 1762; x_wconf 85' lang='lat' dir='ltr'><strong>mihi</strong></span> <span class='ocrx_word' id='word_1_352' title='bbox 836 1740 862 1762; x_wconf 82' lang='lat' dir='ltr'><strong>et</strong></span> <span class='ocrx_word' id='word_1_353' title='bbox 886 1743 933 1770; x_wconf 86' lang='lat' dir='ltr'><strong>ego</strong></span> <span class='ocrx_word' id='word_1_354' title='bbox 950 1735 1002 1768; x_wconf 85' lang='lat' dir='ltr'><strong>illi,</strong></span> 
     </span>
    </p>
   </div>
   <div class='ocr_carea' id='block_1_53' title="bbox 213 1779 1004 1815">
    <p class='ocr_par' dir='ltr' id='par_1_53' title="bbox 213 1779 1004 1815">
     <span class='ocr_line' id='line_1_53' title="bbox 213 1779 1004 1815; baseline 0 -9"><span class='ocrx_word' id='word_1_355' title='bbox 213 1780 259 1815; x_wconf 85' lang='lat' dir='ltr'><strong>qui</strong></span> <span class='ocrx_word' id='word_1_356' title='bbox 269 1780 355 1814; x_wconf 76' lang='lat' dir='ltr'><strong>pascit</strong></span> <span class='ocrx_word' id='word_1_357' title='bbox 365 1780 435 1806; x_wconf 81' lang='lat' dir='ltr'><strong>inter</strong></span> <span class='ocrx_word' id='word_1_358' title='bbox 444 1779 502 1807; x_wconf 81' lang='lat' dir='ltr'><strong>lilia</strong></span> <span class='ocrx_word' id='word_1_359' title='bbox 517 1780 599 1807; x_wconf 79' lang='lat' dir='ltr'><strong>donec</strong></span> <span class='ocrx_word' id='word_1_360' title='bbox 614 1780 743 1815; x_wconf 81' lang='lat' dir='ltr'><strong>perspiret</strong></span> <span class='ocrx_word' id='word_1_361' title='bbox 755 1779 810 1806; x_wconf 82' lang='lat' dir='ltr'><strong>dies</strong></span> <span class='ocrx_word' id='word_1_362' title='bbox 823 1784 847 1806; x_wconf 74' lang='lat' dir='ltr'><strong>et</strong></span> <span class='ocrx_word' id='word_1_363' title='bbox 864 1787 1004 1806; x_wconf 79' lang='lat' dir='ltr'><strong>amovean-</strong></span> 
     </span>
    </p>
   </div>
   <div class='ocr_carea' id='block_1_54' title="bbox 214 1826 396 1854">
    <p class='ocr_par' dir='ltr' id='par_1_54' title="bbox 214 1826 396 1854">
     <span class='ocr_line' id='line_1_54' title="bbox 214 1826 396 1854; baseline 0.011 -2"><span class='ocrx_word' id='word_1_364' title='bbox 214 1831 258 1852; x_wconf 79' lang='lat' dir='ltr'><strong>tur</strong></span> <span class='ocrx_word' id='word_1_365' title='bbox 279 1826 396 1854; x_wconf 62' lang='lat' dir='ltr'><strong>umbra.</strong></span> 
     </span>
    </p>
   </div>
   <div class='ocr_carea' id='block_1_55' title="bbox 251 1871 1004 1907">
    <p class='ocr_par' dir='ltr' id='par_1_55' title="bbox 251 1871 1004 1907">
     <span class='ocr_line' id='line_1_55' title="bbox 251 1871 1004 1907; baseline 0 -9"><span class='ocrx_word' id='word_1_366' title='bbox 251 1871 382 1907; x_wconf 82' lang='lat' dir='ltr'><strong>Gregorii.</strong></span> <span class='ocrx_word' id='word_1_367' title='bbox 397 1887 432 1893; x_wconf 88' lang='lat'><strong><em>—</em></strong></span> <span class='ocrx_word' id='word_1_368' title='bbox 449 1871 523 1905; x_wconf 83' lang='lat' dir='ltr'><strong>Vidi,</strong></span> <span class='ocrx_word' id='word_1_369' title='bbox 538 1872 643 1907; x_wconf 82' lang='lat' dir='ltr'><strong>inquit,</strong></span> <span class='ocrx_word' id='word_1_370' title='bbox 661 1879 723 1900; x_wconf 85' lang='lat' dir='ltr'><strong>eum</strong></span> <span class='ocrx_word' id='word_1_371' title='bbox 740 1872 812 1900; x_wconf 88' lang='lat' dir='ltr'><strong>facie</strong></span> <span class='ocrx_word' id='word_1_372' title='bbox 838 1871 872 1899; x_wconf 89' lang='lat' dir='ltr'><strong>ad</strong></span> <span class='ocrx_word' id='word_1_373' title='bbox 894 1871 1004 1905; x_wconf 85' lang='lat' dir='ltr'><strong>faciem,</strong></span> 
     </span>
    </p>
   </div>
   <div class='ocr_carea' id='block_1_56' title="bbox 215 1917 1004 1953">
    <p class='ocr_par' dir='ltr' id='par_1_56' title="bbox 215 1917 1004 1953">
     <span class='ocr_line' id='line_1_56' title="bbox 215 1917 1004 1953; baseline 0.001 -9"><span class='ocrx_word' id='word_1_374' title='bbox 215 1925 326 1952; x_wconf 87' lang='lat' dir='ltr'><strong>semper</strong></span> <span class='ocrx_word' id='word_1_375' title='bbox 338 1918 449 1953; x_wconf 86' lang='lat' dir='ltr'><strong>quidem</strong></span> <span class='ocrx_word' id='word_1_376' title='bbox 465 1919 657 1950; x_wconf 81' lang='lat' dir='ltr'><strong>exsistentem,</strong></span> <span class='ocrx_word' id='word_1_377' title='bbox 667 1917 714 1946; x_wconf 88' lang='lat' dir='ltr'><strong>sed</strong></span> <span class='ocrx_word' id='word_1_378' title='bbox 727 1922 842 1953; x_wconf 90' lang='lat' dir='ltr'><strong>propter</strong></span> <span class='ocrx_word' id='word_1_379' title='bbox 855 1926 898 1946; x_wconf 89' lang='lat' dir='ltr'><strong>me</strong></span> <span class='ocrx_word' id='word_1_380' title='bbox 910 1926 943 1946; x_wconf 81' lang='lat' dir='ltr'><strong>ex</strong></span> <span class='ocrx_word' id='word_1_381' title='bbox 959 1926 1004 1945; x_wconf 88' lang='lat' dir='ltr'><strong>so-</strong></span> 
     </span>
    </p>
   </div>
   <div class='ocr_carea' id='block_1_57' title="bbox 214 1963 1001 1999">
    <p class='ocr_par' dir='ltr' id='par_1_57' title="bbox 214 1963 1001 1999">
     <span class='ocr_line' id='line_1_57' title="bbox 214 1963 1001 1999; baseline 0 -9"><span class='ocrx_word' id='word_1_382' title='bbox 214 1970 279 1990; x_wconf 89' lang='lat' dir='ltr'><strong>rore</strong></span> <span class='ocrx_word' id='word_1_383' title='bbox 294 1971 354 1990; x_wconf 89' lang='lat' dir='ltr'><strong>mea</strong></span> <span class='ocrx_word' id='word_1_384' title='bbox 367 1963 513 1999; x_wconf 78' lang='lat' dir='ltr'><strong>Svnagoga</strong></span> <span class='ocrx_word' id='word_1_385' title='bbox 529 1964 557 1991; x_wconf 91' lang='lat' dir='ltr'><strong>in</strong></span> <span class='ocrx_word' id='word_1_386' title='bbox 570 1964 688 1991; x_wconf 82' lang='lat' dir='ltr'><strong>humana</strong></span> <span class='ocrx_word' id='word_1_387' title='bbox 703 1967 801 1990; x_wconf 85' lang='lat' dir='ltr'><strong>natura</strong></span> <span class='ocrx_word' id='word_1_388' title='bbox 819 1963 1001 1995; x_wconf 78' lang='lat' dir='ltr'><strong>exorientem,</strong></span> 
     </span>
    </p>
   </div>
   <div class='ocr_carea' id='block_1_58' title="bbox 213 2010 1003 2045">
    <p class='ocr_par' dir='ltr' id='par_1_58' title="bbox 213 2010 1003 2045">
     <span class='ocr_line' id='line_1_58' title="bbox 213 2010 1003 2045; baseline 0.001 -10"><span class='ocrx_word' id='word_1_389' title='bbox 213 2014 240 2036; x_wconf 82' lang='lat' dir='ltr'><strong>et</strong></span> <span class='ocrx_word' id='word_1_390' title='bbox 254 2010 280 2036; x_wconf 93' lang='lat' dir='ltr'><strong>iu</strong></span> <span class='ocrx_word' id='word_1_391' title='bbox 294 2017 328 2037; x_wconf 92' lang='lat' dir='ltr'><strong>eo</strong></span> <span class='ocrx_word' id='word_1_392' title='bbox 341 2010 494 2045; x_wconf 86' lang='lat' dir='ltr'><strong>requiesco</strong></span> <span class='ocrx_word' id='word_1_393' title='bbox 508 2016 536 2037; x_wconf 88' lang='lat' dir='ltr'><strong>et</strong></span> <span class='ocrx_word' id='word_1_394' title='bbox 551 2010 586 2038; x_wconf 84' lang='lat' dir='ltr'><strong>fio</strong></span> <span class='ocrx_word' id='word_1_395' title='bbox 596 2010 656 2045; x_wconf 80' lang='lat' dir='ltr'><strong>ejus</strong></span> <span class='ocrx_word' id='word_1_396' title='bbox 668 2010 869 2037; x_wconf 86' lang='lat' dir='ltr'><strong>habitaculum.</strong></span> <span class='ocrx_word' id='word_1_397' title='bbox 880 2010 933 2042; x_wconf 84' lang='lat' dir='ltr'><strong>Qui</strong></span> <span class='ocrx_word' id='word_1_398' title='bbox 948 2017 1003 2036; x_wconf 92' lang='lat' dir='ltr'><strong>non</strong></span> 
     </span>
    </p>
   </div>
   <div class='ocr_carea' id='block_1_59' title="bbox 214 2054 1004 2091">
    <p class='ocr_par' dir='ltr' id='par_1_59' title="bbox 214 2054 1004 2091">
     <span class='ocr_line' id='line_1_59' title="bbox 214 2054 1004 2091; baseline 0.001 -9"><span class='ocrx_word' id='word_1_399' title='bbox 214 2054 277 2083; x_wconf 87' lang='lat' dir='ltr'><strong>feno</strong></span> <span class='ocrx_word' id='word_1_400' title='bbox 295 2056 384 2090; x_wconf 87' lang='lat' dir='ltr'><strong>pascit</strong></span> <span class='ocrx_word' id='word_1_401' title='bbox 401 2063 522 2091; x_wconf 73' lang='lat' dir='ltr'><strong>gregem.</strong></span> <span class='ocrx_word' id='word_1_402' title='bbox 540 2055 588 2083; x_wconf 88' lang='lat' dir='ltr'><strong>sed</strong></span> <span class='ocrx_word' id='word_1_403' title='bbox 606 2056 682 2090; x_wconf 90' lang='lat' dir='ltr'><strong>puris</strong></span> <span class='ocrx_word' id='word_1_404' title='bbox 704 2055 782 2088; x_wconf 84' lang='lat' dir='ltr'><strong>liliis,</strong></span> <span class='ocrx_word' id='word_1_405' title='bbox 801 2055 828 2082; x_wconf 85' lang='lat' dir='ltr'><strong>id</strong></span> <span class='ocrx_word' id='word_1_406' title='bbox 844 2059 886 2083; x_wconf 87' lang='lat' dir='ltr'><strong>est</strong></span> <span class='ocrx_word' id='word_1_407' title='bbox 901 2055 1004 2083; x_wconf 82' lang='lat' dir='ltr'><strong>divinis</strong></span> 
     </span>
    </p>
   </div>
   <div class='ocr_carea' id='block_1_60' title="bbox 213 2100 1004 2137">
    <p class='ocr_par' dir='ltr' id='par_1_60' title="bbox 213 2100 1004 2137">
     <span class='ocr_line' id='line_1_60' title="bbox 213 2100 1004 2137; baseline -0.001 -9"><span class='ocrx_word' id='word_1_408' title='bbox 213 2102 389 2129; x_wconf 87' lang='lat' dir='ltr'><strong>sermonibus</strong></span> <span class='ocrx_word' id='word_1_409' title='bbox 404 2103 494 2137; x_wconf 85' lang='lat' dir='ltr'><strong>pascit</strong></span> <span class='ocrx_word' id='word_1_410' title='bbox 515 2109 590 2134; x_wconf 88' lang='lat' dir='ltr'><strong>oves,</strong></span> <span class='ocrx_word' id='word_1_411' title='bbox 605 2105 634 2128; x_wconf 92' lang='lat' dir='ltr'><strong>ut</strong></span> <span class='ocrx_word' id='word_1_412' title='bbox 660 2101 707 2136; x_wconf 91' lang='lat' dir='ltr'><strong>qui</strong></span> <span class='ocrx_word' id='word_1_413' title='bbox 721 2108 789 2135; x_wconf 87' lang='lat' dir='ltr'><strong>pura</strong></span> <span class='ocrx_word' id='word_1_414' title='bbox 815 2100 1004 2136; x_wconf 83' lang='lat' dir='ltr'><strong>fragrantique</strong></span> 
     </span>
    </p>
   </div>
   <div class='ocr_carea' id='block_1_61' title="bbox 214 2147 1004 2183">
    <p class='ocr_par' dir='ltr' id='par_1_61' title="bbox 214 2147 1004 2183">
     <span class='ocr_line' id='line_1_61' title="bbox 214 2147 1004 2183; baseline 0.001 -9"><span class='ocrx_word' id='word_1_415' title='bbox 214 2148 265 2175; x_wconf 85' lang='lat' dir='ltr'><strong>hac</strong></span> <span class='ocrx_word' id='word_1_416' title='bbox 277 2155 341 2175; x_wconf 81' lang='lat' dir='ltr'><strong>esca</strong></span> <span class='ocrx_word' id='word_1_417' title='bbox 359 2155 439 2175; x_wconf 90' lang='lat' dir='ltr'><strong>suam</strong></span> <span class='ocrx_word' id='word_1_418' title='bbox 463 2147 583 2175; x_wconf 89' lang='lat' dir='ltr'><strong>animam</strong></span> <span class='ocrx_word' id='word_1_419' title='bbox 606 2147 852 2183; x_wconf 75' lang='lat' dir='ltr'><strong>impinguaverint,</strong></span> <span class='ocrx_word' id='word_1_420' title='bbox 876 2155 939 2174; x_wconf 89' lang='lat' dir='ltr'><strong>cum</strong></span> <span class='ocrx_word' id='word_1_421' title='bbox 968 2147 1004 2175; x_wconf 89' lang='lat' dir='ltr'><strong>ab</strong></span> 
     </span>
    </p>
   </div>
   <div class='ocr_carea' id='block_1_62' title="bbox 213 2193 1002 2229">
    <p class='ocr_par' dir='ltr' id='par_1_62' title="bbox 213 2193 1002 2229">
     <span class='ocr_line' id='line_1_62' title="bbox 213 2193 1002 2229; baseline 0 -9"><span class='ocrx_word' id='word_1_422' title='bbox 213 2194 290 2220; x_wconf 88' lang='lat' dir='ltr'><strong>omni</strong></span> <span class='ocrx_word' id='word_1_423' title='bbox 307 2193 399 2221; x_wconf 84' lang='lat' dir='ltr'><strong>fallaci</strong></span> <span class='ocrx_word' id='word_1_424' title='bbox 419 2197 448 2221; x_wconf 90' lang='lat' dir='ltr'><strong>et</strong></span> <span class='ocrx_word' id='word_1_425' title='bbox 467 2193 606 2220; x_wconf 87' lang='lat' dir='ltr'><strong>umbratili</strong></span> <span class='ocrx_word' id='word_1_426' title='bbox 630 2193 829 2229; x_wconf 82' lang='lat' dir='ltr'><strong>imaginatione</strong></span> <span class='ocrx_word' id='word_1_427' title='bbox 849 2201 944 2221; x_wconf 90' lang='lat' dir='ltr'><strong>eorum</strong></span> <span class='ocrx_word' id='word_1_428' title='bbox 973 2193 1002 2220; x_wconf 88' lang='lat' dir='ltr'><strong>in</strong></span> 
     </span>
    </p>
   </div>
   <div class='ocr_carea' id='block_1_63' title="bbox 213 2238 1001 2273">
    <p class='ocr_par' dir='ltr' id='par_1_63' title="bbox 213 2238 1001 2273">
     <span class='ocr_line' id='line_1_63' title="bbox 213 2238 1001 2273; baseline 0.004 -10"><span class='ocrx_word' id='word_1_429' title='bbox 213 2245 273 2271; x_wconf 65' lang='lat' dir='ltr'><strong>qua:</strong></span> <span class='ocrx_word' id='word_1_430' title='bbox 284 2238 408 2265; x_wconf 85' lang='lat' dir='ltr'><strong>studium</strong></span> <span class='ocrx_word' id='word_1_431' title='bbox 425 2238 453 2265; x_wconf 92' lang='lat' dir='ltr'><strong>in</strong></span> <span class='ocrx_word' id='word_1_432' title='bbox 469 2238 521 2265; x_wconf 86' lang='lat' dir='ltr'><strong>hac</strong></span> <span class='ocrx_word' id='word_1_433' title='bbox 539 2238 596 2265; x_wconf 92' lang='lat' dir='ltr'><strong>vita</strong></span> <span class='ocrx_word' id='word_1_434' title='bbox 608 2238 754 2266; x_wconf 89' lang='lat' dir='ltr'><strong>confertur</strong></span> <span class='ocrx_word' id='word_1_435' title='bbox 764 2258 772 2271; x_wconf 89' lang='lat'><strong>,</strong></span> <span class='ocrx_word' id='word_1_436' title='bbox 785 2247 816 2266; x_wconf 86' lang='lat' dir='ltr'><strong>se</strong></span> <span class='ocrx_word' id='word_1_437' title='bbox 826 2238 1001 2273; x_wconf 74' lang='lat' dir='ltr'><strong>abduxerim,</strong></span> 
     </span>
    </p>
   </div>
   <div class='ocr_carea' id='block_1_64' title="bbox 213 2283 1002 2318">
    <p class='ocr_par' dir='ltr' id='par_1_64' title="bbox 213 2283 1002 2318">
     <span class='ocr_line' id='line_1_64' title="bbox 213 2283 1002 2318; baseline 0.004 -8"><span class='ocrx_word' id='word_1_438' title='bbox 213 2291 284 2318; x_wconf 87' lang='lat' dir='ltr'><strong>quas</strong></span> <span class='ocrx_word' id='word_1_439' title='bbox 304 2284 417 2311; x_wconf 87' lang='lat' dir='ltr'><strong>umbras</strong></span> <span class='ocrx_word' id='word_1_440' title='bbox 435 2283 480 2311; x_wconf 86' lang='lat' dir='ltr'><strong>hic</strong></span> <span class='ocrx_word' id='word_1_441' title='bbox 497 2291 590 2311; x_wconf 89' lang='lat' dir='ltr'><strong>sermo</strong></span> <span class='ocrx_word' id='word_1_442' title='bbox 607 2283 775 2317; x_wconf 85' lang='lat' dir='ltr'><strong>nominavit,</strong></span> <span class='ocrx_word' id='word_1_443' title='bbox 791 2285 825 2312; x_wconf 87' lang='lat' dir='ltr'><strong>ad</strong></span> <span class='ocrx_word' id='word_1_444' title='bbox 844 2293 936 2312; x_wconf 87' lang='lat' dir='ltr'><strong>rerum</strong></span> <span class='ocrx_word' id='word_1_445' title='bbox 956 2293 1002 2313; x_wconf 86' lang='lat' dir='ltr'><strong>ve-</strong></span> 
     </span>
    </p>
   </div>
   <div class='ocr_carea' id='block_1_65' title="bbox 214 2329 1000 2364">
    <p class='ocr_par' dir='ltr' id='par_1_65' title="bbox 214 2329 1000 2364">
     <span class='ocr_line' id='line_1_65' title="bbox 214 2329 1000 2364; baseline 0.005 -10"><span class='ocrx_word' id='word_1_446' title='bbox 214 2336 271 2355; x_wconf 84' lang='lat' dir='ltr'><strong>ram</strong></span> <span class='ocrx_word' id='word_1_447' title='bbox 280 2329 416 2364; x_wconf 87' lang='lat' dir='ltr'><strong>aspiciant</strong></span> <span class='ocrx_word' id='word_1_448' title='bbox 426 2329 621 2363; x_wconf 85' lang='lat' dir='ltr'><strong>substantiam,</strong></span> <span class='ocrx_word' id='word_1_449' title='bbox 638 2329 687 2356; x_wconf 89' lang='lat' dir='ltr'><strong>ﬂlii</strong></span> <span class='ocrx_word' id='word_1_450' title='bbox 705 2330 775 2358; x_wconf 88' lang='lat' dir='ltr'><strong>lueis</strong></span> <span class='ocrx_word' id='word_1_451' title='bbox 784 2338 816 2358; x_wconf 89' lang='lat' dir='ltr'><strong>ac</strong></span> <span class='ocrx_word' id='word_1_452' title='bbox 828 2330 882 2358; x_wconf 89' lang='lat' dir='ltr'><strong>diei</strong></span> <span class='ocrx_word' id='word_1_453' title='bbox 900 2331 1000 2358; x_wconf 84' lang='lat' dir='ltr'><strong>eﬂ&#39;ccti.</strong></span> 
     </span>
    </p>
   </div>
   <div class='ocr_carea' id='block_1_66' title="bbox 214 2373 1001 2413">
    <p class='ocr_par' dir='ltr' id='par_1_66' title="bbox 214 2373 1001 2413">
     <span class='ocr_line' id='line_1_66' title="bbox 214 2373 1001 2413; baseline 0.005 -12"><span class='ocrx_word' id='word_1_454' title='bbox 214 2373 276 2401; x_wconf 74' lang='lat' dir='ltr'><strong>llaec</strong></span> <span class='ocrx_word' id='word_1_455' title='bbox 294 2374 361 2402; x_wconf 89' lang='lat' dir='ltr'><strong>dicit</strong></span> <span class='ocrx_word' id='word_1_456' title='bbox 377 2374 469 2402; x_wconf 85' lang='lat' dir='ltr'><strong>anima</strong></span> <span class='ocrx_word' id='word_1_457' title='bbox 482 2382 564 2409; x_wconf 91' lang='lat' dir='ltr'><strong>quam</strong></span> <span class='ocrx_word' id='word_1_458' title='bbox 577 2376 666 2410; x_wconf 88' lang='lat' dir='ltr'><strong>pascit</strong></span> <span class='ocrx_word' id='word_1_459' title='bbox 682 2375 814 2409; x_wconf 81' lang='lat' dir='ltr'><strong>Verbum,</strong></span> <span class='ocrx_word' id='word_1_460' title='bbox 832 2384 886 2404; x_wconf 87' lang='lat' dir='ltr'><strong>non</strong></span> <span class='ocrx_word' id='word_1_461' title='bbox 902 2377 930 2404; x_wconf 94' lang='lat' dir='ltr'><strong>in</strong></span> <span class='ocrx_word' id='word_1_462' title='bbox 944 2378 1001 2413; x_wconf 89' lang='lat' dir='ltr'><strong>spi-</strong></span> 
     </span>
    </p>
   </div>
   <div class='ocr_carea' id='block_1_67' title="bbox 213 2419 998 2454">
    <p class='ocr_par' dir='ltr' id='par_1_67' title="bbox 213 2419 998 2454">
     <span class='ocr_line' id='line_1_67' title="bbox 213 2419 998 2454; baseline 0.005 -9"><span class='ocrx_word' id='word_1_463' title='bbox 213 2419 257 2446; x_wconf 90' lang='lat' dir='ltr'><strong>nis</strong></span> <span class='ocrx_word' id='word_1_464' title='bbox 269 2419 434 2454; x_wconf 84' lang='lat' dir='ltr'><strong>quibusdam</strong></span> <span class='ocrx_word' id='word_1_465' title='bbox 446 2420 490 2447; x_wconf 89' lang='lat' dir='ltr'><strong>vel</strong></span> <span class='ocrx_word' id='word_1_466' title='bbox 515 2419 590 2452; x_wconf 85' lang='lat' dir='ltr'><strong>feno,</strong></span> <span class='ocrx_word' id='word_1_467' title='bbox 600 2420 648 2448; x_wconf 87' lang='lat' dir='ltr'><strong>sed</strong></span> <span class='ocrx_word' id='word_1_468' title='bbox 661 2421 687 2447; x_wconf 95' lang='lat' dir='ltr'><strong>in</strong></span> <span class='ocrx_word' id='word_1_469' title='bbox 696 2420 769 2448; x_wconf 88' lang='lat' dir='ltr'><strong>bono</strong></span> <span class='ocrx_word' id='word_1_470' title='bbox 779 2421 866 2450; x_wconf 84' lang='lat' dir='ltr'><strong>odore</strong></span> <span class='ocrx_word' id='word_1_471' title='bbox 878 2421 998 2450; x_wconf 91' lang='lat' dir='ltr'><strong>liliorum</strong></span> 
     </span>
    </p>
   </div>
   <div class='ocr_carea' id='block_1_68' title="bbox 212 2465 1001 2502">
    <p class='ocr_par' dir='ltr' id='par_1_68' title="bbox 212 2465 1001 2502">
     <span class='ocr_line' id='line_1_68' title="bbox 212 2465 1001 2502; baseline 0.004 -10"><span class='ocrx_word' id='word_1_472' title='bbox 212 2472 282 2500; x_wconf 87' lang='lat' dir='ltr'><strong>pure</strong></span> <span class='ocrx_word' id='word_1_473' title='bbox 297 2465 407 2493; x_wconf 88' lang='lat' dir='ltr'><strong>vivendi</strong></span> <span class='ocrx_word' id='word_1_474' title='bbox 420 2465 549 2498; x_wconf 86' lang='lat' dir='ltr'><strong>rationis,</strong></span> <span class='ocrx_word' id='word_1_475' title='bbox 559 2471 586 2493; x_wconf 91' lang='lat' dir='ltr'><strong>et</strong></span> <span class='ocrx_word' id='word_1_476' title='bbox 603 2471 684 2502; x_wconf 73' lang='lat' dir='ltr'><strong>urget</strong></span> <span class='ocrx_word' id='word_1_477' title='bbox 697 2465 820 2494; x_wconf 82' lang='lat' dir='ltr'><strong>Verbum</strong></span> <span class='ocrx_word' id='word_1_478' title='bbox 831 2471 860 2494; x_wconf 90' lang='lat' dir='ltr'><strong>ut</strong></span> <span class='ocrx_word' id='word_1_479' title='bbox 874 2467 1001 2496; x_wconf 87' lang='lat' dir='ltr'><strong>celeriter</strong></span> 
     </span>
    </p>
   </div>
   <div class='ocr_carea' id='block_1_69' title="bbox 212 2511 737 2548">
    <p class='ocr_par' dir='ltr' id='par_1_69' title="bbox 212 2511 737 2548">
     <span class='ocr_line' id='line_1_69' title="bbox 212 2511 737 2548; baseline 0.004 -11"><span class='ocrx_word' id='word_1_480' title='bbox 212 2511 239 2537; x_wconf 91' lang='lat' dir='ltr'><strong>in</strong></span> <span class='ocrx_word' id='word_1_481' title='bbox 259 2519 329 2546; x_wconf 84' lang='lat' dir='ltr'><strong>opus</strong></span> <span class='ocrx_word' id='word_1_482' title='bbox 341 2511 477 2547; x_wconf 83' lang='lat' dir='ltr'><strong>producat</strong></span> <span class='ocrx_word' id='word_1_483' title='bbox 493 2519 572 2548; x_wconf 83' lang='lat' dir='ltr'><strong>spem</strong></span> <span class='ocrx_word' id='word_1_484' title='bbox 589 2512 737 2540; x_wconf 85' lang='lat' dir='ltr'><strong>bonorum.</strong></span> 
     </span>
    </p>
   </div>
   <div class='ocr_carea' id='block_1_70' title="bbox 249 2638 998 2675">
    <p class='ocr_par' dir='ltr' id='par_1_70' title="bbox 249 2638 998 2675">
     <span class='ocr_line' id='line_1_70' title="bbox 249 2638 998 2675; baseline 0.003 -9"><span class='ocrx_word' id='word_1_485' title='bbox 249 2639 305 2666; x_wconf 90' lang='lat' dir='ltr'><strong>Soli</strong></span> <span class='ocrx_word' id='word_1_486' title='bbox 318 2639 426 2674; x_wconf 85' lang='lat' dir='ltr'><strong>Sponso</strong></span> <span class='ocrx_word' id='word_1_487' title='bbox 441 2646 471 2667; x_wconf 87' lang='lat' dir='ltr'><strong>se</strong></span> <span class='ocrx_word' id='word_1_488' title='bbox 488 2639 607 2674; x_wconf 81' lang='lat' dir='ltr'><strong>addicit,</strong></span> <span class='ocrx_word' id='word_1_489' title='bbox 618 2643 645 2667; x_wconf 88' lang='lat' dir='ltr'><strong>et</strong></span> <span class='ocrx_word' id='word_1_490' title='bbox 662 2638 801 2675; x_wconf 84' lang='lat' dir='ltr'><strong>Sponsum</strong></span> <span class='ocrx_word' id='word_1_491' title='bbox 818 2639 940 2668; x_wconf 85' lang='lat' dir='ltr'><strong>vicissim</strong></span> <span class='ocrx_word' id='word_1_492' title='bbox 955 2641 998 2669; x_wconf 86' lang='lat' dir='ltr'><strong>sui</strong></span> 
     </span>
    </p>
   </div>
   <div class='ocr_carea' id='block_1_71' title="bbox 1064 911 1858 953">
    <p class='ocr_par' dir='ltr' id='par_1_71' title="bbox 1064 911 1858 953">
     <span class='ocr_line' id='line_1_71' title="bbox 1064 911 1858 953; baseline 0.01 -16"><span class='ocrx_word' id='word_1_493' title='bbox 1064 911 1153 937; x_wconf 78' lang='grc' dir='ltr'>εἵτουν</span> <span class='ocrx_word' id='word_1_494' title='bbox 1173 913 1310 946; x_wconf 85' lang='grc' dir='ltr'>κρατῆσαι</span> <span class='ocrx_word' id='word_1_495' title='bbox 1333 913 1381 940; x_wconf 75' lang='grc' dir='ltr'><strong>καὶ</strong></span> <span class='ocrx_word' id='word_1_496' title='bbox 1399 914 1496 941; x_wconf 81' lang='grc' dir='ltr'>πιάσαι</span> <span class='ocrx_word' id='word_1_497' title='bbox 1518 915 1570 947; x_wconf 81' lang='grc' dir='ltr'><strong>τὰς</strong></span> <span class='ocrx_word' id='word_1_498' title='bbox 1593 916 1738 948; x_wconf 81' lang='grc' dir='ltr'>ἀλώπεκας</span> <span class='ocrx_word' id='word_1_499' title='bbox 1755 917 1795 944; x_wconf 73' lang='grc' dir='ltr'><strong>ἔτι</strong></span> <span class='ocrx_word' id='word_1_500' title='bbox 1810 927 1858 953; x_wconf 61' lang='lat' dir='ltr'><strong>ys.-</strong></span> 
     </span>
    </p>
   </div>
   <div class='ocr_carea' id='block_1_72' title="bbox 1064 956 1858 997">
    <p class='ocr_par' dir='ltr' id='par_1_72' title="bbox 1064 956 1858 997">
     <span class='ocr_line' id='line_1_72' title="bbox 1064 956 1858 997; baseline 0.01 -15"><span class='ocrx_word' id='word_1_501' title='bbox 1064 956 1138 992; x_wconf 88' lang='grc' dir='ltr'>κρῶν</span> <span class='ocrx_word' id='word_1_502' title='bbox 1152 957 1240 984; x_wconf 78' lang='grc' dir='ltr'>οὐσῶν</span> <span class='ocrx_word' id='word_1_503' title='bbox 1254 957 1309 985; x_wconf 89' lang='grc' dir='ltr'><strong>τῶν</strong></span> <span class='ocrx_word' id='word_1_504' title='bbox 1326 958 1497 993; x_wconf 81' lang='grc' dir='ltr'>ἀμπελώνων</span> <span class='ocrx_word' id='word_1_505' title='bbox 1514 967 1520 975; x_wconf 90' lang='grc'><strong>·</strong></span> <span class='ocrx_word' id='word_1_506' title='bbox 1538 960 1673 995; x_wconf 84' lang='grc' dir='ltr'>μεγάλους</span> <span class='ocrx_word' id='word_1_507' title='bbox 1691 962 1745 997; x_wconf 70' lang='grc' dir='ltr'>γὰρ</span> <span class='ocrx_word' id='word_1_508' title='bbox 1760 963 1858 997; x_wconf 78' lang='grc' dir='ltr'>ἀφανί-</span> 
     </span>
    </p>
   </div>
   <div class='ocr_carea' id='block_1_73' title="bbox 1063 1002 1857 1042">
    <p class='ocr_par' dir='ltr' id='par_1_73' title="bbox 1063 1002 1857 1042">
     <span class='ocr_line' id='line_1_73' title="bbox 1063 1002 1857 1042; baseline 0.01 -14"><span class='ocrx_word' id='word_1_509' title='bbox 1063 1002 1120 1033; x_wconf 84' lang='grc' dir='ltr'>ζειν</span> <span class='ocrx_word' id='word_1_510' title='bbox 1134 1003 1300 1037; x_wconf 83' lang='grc' dir='ltr'>ἀμπελῶνας</span> <span class='ocrx_word' id='word_1_511' title='bbox 1323 1005 1351 1031; x_wconf 87' lang='grc' dir='ltr'>αῑ</span> <span class='ocrx_word' id='word_1_512' title='bbox 1368 1004 1512 1035; x_wconf 77' lang='grc' dir='ltr'>ἀλώπεκες</span> <span class='ocrx_word' id='word_1_513' title='bbox 1526 1006 1556 1032; x_wconf 89' lang='grc' dir='ltr'>οὐ</span> <span class='ocrx_word' id='word_1_514' title='bbox 1580 1006 1718 1040; x_wconf 87' lang='grc' dir='ltr'>δύνανται,</span> <span class='ocrx_word' id='word_1_515' title='bbox 1748 1009 1777 1034; x_wconf 82' lang='grc' dir='ltr'>ἐν</span> <span class='ocrx_word' id='word_1_516' title='bbox 1797 1008 1857 1042; x_wconf 71' lang='grc' dir='ltr'>ἕξει</span> 
     </span>
    </p>
   </div>
   <div class='ocr_carea' id='block_1_74' title="bbox 1061 1048 1857 1090">
    <p class='ocr_par' dir='ltr' id='par_1_74' title="bbox 1061 1048 1857 1090">
     <span class='ocr_line' id='line_1_74' title="bbox 1061 1048 1857 1090; baseline 0.009 -16"><span class='ocrx_word' id='word_1_517' title='bbox 1061 1048 1110 1074; x_wconf 83' lang='grc' dir='ltr'><strong>τοῦ</strong></span> <span class='ocrx_word' id='word_1_518' title='bbox 1125 1048 1229 1082; x_wconf 80' lang='grc' dir='ltr'>ἀγαθοῦ</span> <span class='ocrx_word' id='word_1_519' title='bbox 1247 1050 1416 1085; x_wconf 83' lang='grc' dir='ltr'>γενομένους</span> <span class='ocrx_word' id='word_1_520' title='bbox 1427 1059 1433 1066; x_wconf 93' lang='grc'><strong>·</strong></span> <span class='ocrx_word' id='word_1_521' title='bbox 1455 1051 1502 1078; x_wconf 77' lang='grc' dir='ltr'>καὶ</span> <span class='ocrx_word' id='word_1_522' title='bbox 1519 1051 1574 1087; x_wconf 86' lang='grc' dir='ltr'><strong>γὰρ</strong></span> <span class='ocrx_word' id='word_1_523' title='bbox 1590 1052 1644 1079; x_wconf 88' lang='grc' dir='ltr'><strong>τῶν</strong></span> <span class='ocrx_word' id='word_1_524' title='bbox 1668 1054 1775 1090; x_wconf 83' lang='grc' dir='ltr'>μικρῶν</span> <span class='ocrx_word' id='word_1_525' title='bbox 1791 1055 1857 1082; x_wconf 83' lang='grc' dir='ltr'>ῐδιον</span> 
     </span>
    </p>
   </div>
   <div class='ocr_carea' id='block_1_75' title="bbox 1061 1094 1857 1134">
    <p class='ocr_par' dir='ltr' id='par_1_75' title="bbox 1061 1094 1857 1134">
     <span class='ocr_line' id='line_1_75' title="bbox 1061 1094 1857 1134; baseline 0.009 -14"><span class='ocrx_word' id='word_1_526' title='bbox 1061 1094 1092 1121; x_wconf 88' lang='grc' dir='ltr'><strong>τὺ</strong></span> <span class='ocrx_word' id='word_1_527' title='bbox 1104 1094 1330 1126; x_wconf 78' lang='grc' dir='ltr'>σκανδαλίζεσθαι</span> <span class='ocrx_word' id='word_1_528' title='bbox 1341 1105 1348 1112; x_wconf 93' lang='grc'>·</span> <span class='ocrx_word' id='word_1_529' title='bbox 1373 1095 1469 1132; x_wconf 82' lang='grc' dir='ltr'>ὥσπερ</span> <span class='ocrx_word' id='word_1_530' title='bbox 1491 1097 1520 1124; x_wconf 84' lang='grc' dir='ltr'>δὲ</span> <span class='ocrx_word' id='word_1_531' title='bbox 1534 1098 1679 1126; x_wconf 75' lang='grc' dir='ltr'>ἐπιτείνων</span> <span class='ocrx_word' id='word_1_532' title='bbox 1695 1099 1745 1134; x_wconf 78' lang='grc' dir='ltr'><strong>τὴν</strong></span> <span class='ocrx_word' id='word_1_533' title='bbox 1759 1101 1791 1126; x_wconf 85' lang='grc' dir='ltr'>ὲκ</span> <span class='ocrx_word' id='word_1_534' title='bbox 1807 1100 1857 1127; x_wconf 81' lang='grc' dir='ltr'>τοῦ</span> 
     </span>
    </p>
   </div>
   <div class='ocr_carea' id='block_1_76' title="bbox 1062 1139 1856 1181">
    <p class='ocr_par' dir='ltr' id='par_1_76' title="bbox 1062 1139 1856 1181">
     <span class='ocr_line' id='line_1_76' title="bbox 1062 1139 1856 1181; baseline 0.009 -16"><span class='ocrx_word' id='word_1_535' title='bbox 1062 1139 1145 1173; x_wconf 77' lang='grc' dir='ltr'>φόῦου</span> <span class='ocrx_word' id='word_1_536' title='bbox 1164 1140 1290 1175; x_wconf 81' lang='grc' dir='ltr'>ἀπορίαν,</span> <span class='ocrx_word' id='word_1_537' title='bbox 1307 1141 1390 1175; x_wconf 85' lang='grc' dir='ltr'>φησί·</span> <span class='ocrx_word' id='word_1_538' title='bbox 1410 1142 1456 1168; x_wconf 76' lang='grc' dir='ltr'>καὶ</span> <span class='ocrx_word' id='word_1_539' title='bbox 1471 1142 1499 1169; x_wconf 73' lang='lat' dir='ltr'><strong>at</strong></span> <span class='ocrx_word' id='word_1_540' title='bbox 1513 1142 1631 1178; x_wconf 80' lang='grc' dir='ltr'>ἄμπελοι</span> <span class='ocrx_word' id='word_1_541' title='bbox 1650 1144 1729 1179; x_wconf 80' lang='grc' dir='ltr'>ἡμῶν</span> <span class='ocrx_word' id='word_1_542' title='bbox 1756 1145 1856 1181; x_wconf 78' lang='grc' dir='ltr'>κυπρί-</span> 
     </span>
    </p>
   </div>
   <div class='ocr_carea' id='block_1_77' title="bbox 1061 1185 1856 1226">
    <p class='ocr_par' dir='ltr' id='par_1_77' title="bbox 1061 1185 1856 1226">
     <span class='ocr_line' id='line_1_77' title="bbox 1061 1185 1856 1226; baseline 0.009 -16"><span class='ocrx_word' id='word_1_543' title='bbox 1061 1185 1155 1217; x_wconf 78' lang='grc' dir='ltr'>ζουσιν</span> <span class='ocrx_word' id='word_1_544' title='bbox 1168 1193 1174 1199; x_wconf 91' lang='grc'><strong>·</strong></span> <span class='ocrx_word' id='word_1_545' title='bbox 1202 1185 1232 1212; x_wconf 86' lang='grc' dir='ltr'>οὺ</span> <span class='ocrx_word' id='word_1_546' title='bbox 1258 1186 1339 1221; x_wconf 87' lang='grc' dir='ltr'>μόνον</span> <span class='ocrx_word' id='word_1_547' title='bbox 1358 1187 1414 1222; x_wconf 89' lang='grc' dir='ltr'><strong>γὰρ</strong></span> <span class='ocrx_word' id='word_1_548' title='bbox 1428 1187 1500 1214; x_wconf 72' lang='grc' dir='ltr'>ἔοικε</span> <span class='ocrx_word' id='word_1_549' title='bbox 1519 1188 1677 1221; x_wconf 85' lang='grc' dir='ltr'>δεδοικέναι,</span> <span class='ocrx_word' id='word_1_550' title='bbox 1700 1190 1741 1216; x_wconf 84' lang='grc' dir='ltr'>ὅτι</span> <span class='ocrx_word' id='word_1_551' title='bbox 1755 1199 1856 1226; x_wconf 77' lang='grc' dir='ltr'>τρυφε-</span> 
     </span>
    </p>
   </div>
   <div class='ocr_carea' id='block_1_78' title="bbox 1062 1230 1854 1271">
    <p class='ocr_par' dir='ltr' id='par_1_78' title="bbox 1062 1230 1854 1271">
     <span class='ocr_line' id='line_1_78' title="bbox 1062 1230 1854 1271; baseline 0.008 -15"><span class='ocrx_word' id='word_1_552' title='bbox 1062 1231 1105 1265; x_wconf 81' lang='grc' dir='ltr'>ροὶ</span> <span class='ocrx_word' id='word_1_553' title='bbox 1121 1230 1168 1257; x_wconf 81' lang='grc' dir='ltr'>καὶ</span> <span class='ocrx_word' id='word_1_554' title='bbox 1183 1232 1327 1265; x_wconf 84' lang='grc' dir='ltr'>νεοπαγεῖς</span> <span class='ocrx_word' id='word_1_555' title='bbox 1343 1233 1413 1259; x_wconf 78' lang='grc' dir='ltr'>εἰσιν</span> <span class='ocrx_word' id='word_1_556' title='bbox 1428 1233 1453 1259; x_wconf 79' lang='lat' dir='ltr'><strong>ot</strong></span> <span class='ocrx_word' id='word_1_557' title='bbox 1466 1233 1628 1268; x_wconf 85' lang='grc' dir='ltr'>ἀμπελῶνες</span> <span class='ocrx_word' id='word_1_558' title='bbox 1643 1235 1736 1270; x_wconf 82' lang='grc' dir='ltr'>μικροὶ</span> <span class='ocrx_word' id='word_1_559' title='bbox 1751 1236 1854 1271; x_wconf 82' lang='grc' dir='ltr'>τυγχά-</span> 
     </span>
    </p>
   </div>
   <div class='ocr_carea' id='block_1_79' title="bbox 1061 1278 1854 1318">
    <p class='ocr_par' dir='ltr' id='par_1_79' title="bbox 1061 1278 1854 1318">
     <span class='ocr_line' id='line_1_79' title="bbox 1061 1278 1854 1318; baseline 0.009 -15"><span class='ocrx_word' id='word_1_560' title='bbox 1061 1286 1162 1310; x_wconf 83' lang='grc' dir='ltr'>νοντες,</span> <span class='ocrx_word' id='word_1_561' title='bbox 1192 1278 1250 1304; x_wconf 76' lang='grc' dir='ltr'>ἀλλ’</span> <span class='ocrx_word' id='word_1_562' title='bbox 1277 1278 1319 1304; x_wconf 86' lang='grc' dir='ltr'><strong>ὅτι</strong></span> <span class='ocrx_word' id='word_1_563' title='bbox 1345 1280 1394 1306; x_wconf 83' lang='grc' dir='ltr'><strong>καὶ</strong></span> <span class='ocrx_word' id='word_1_564' title='bbox 1422 1279 1492 1314; x_wconf 82' lang='grc' dir='ltr'>πρὸς</span> <span class='ocrx_word' id='word_1_565' title='bbox 1518 1281 1674 1316; x_wconf 82' lang='grc' dir='ltr'>κυπρισμὺν</span> <span class='ocrx_word' id='word_1_566' title='bbox 1695 1282 1854 1318; x_wconf 81' lang='grc' dir='ltr'>εὐχείρωτοι</span> 
     </span>
    </p>
   </div>
   <div class='ocr_carea' id='block_1_80' title="bbox 1060 1324 1853 1361">
    <p class='ocr_par' dir='ltr' id='par_1_80' title="bbox 1060 1324 1853 1361">
     <span class='ocr_line' id='line_1_80' title="bbox 1060 1324 1853 1361; baseline 0.008 -12"><span class='ocrx_word' id='word_1_567' title='bbox 1060 1324 1118 1355; x_wconf 82' lang='grc' dir='ltr'>ταῖς</span> <span class='ocrx_word' id='word_1_568' title='bbox 1144 1324 1371 1357; x_wconf 80' lang='grc' dir='ltr'>ὲκτινασσούσαις</span> <span class='ocrx_word' id='word_1_569' title='bbox 1397 1326 1427 1352; x_wconf 78' lang='grc' dir='ltr'>τὸ</span> <span class='ocrx_word' id='word_1_570' title='bbox 1450 1325 1530 1358; x_wconf 81' lang='grc' dir='ltr'>ἄνθος</span> <span class='ocrx_word' id='word_1_571' title='bbox 1554 1327 1583 1352; x_wconf 81' lang='grc' dir='ltr'>ὲν</span> <span class='ocrx_word' id='word_1_572' title='bbox 1612 1328 1673 1359; x_wconf 86' lang='grc' dir='ltr'>ταῖς</span> <span class='ocrx_word' id='word_1_573' title='bbox 1694 1328 1853 1361; x_wconf 79' lang='grc' dir='ltr'>ἀλώπεξιν·</span> 
     </span>
    </p>
   </div>
   <div class='ocr_carea' id='block_1_81' title="bbox 1060 1369 1852 1410">
    <p class='ocr_par' dir='ltr' id='par_1_81' title="bbox 1060 1369 1852 1410">
     <span class='ocr_line' id='line_1_81' title="bbox 1060 1369 1852 1410; baseline 0.008 -15"><span class='ocrx_word' id='word_1_574' title='bbox 1060 1369 1179 1396; x_wconf 80' lang='grc' dir='ltr'>τοιοῦτον</span> <span class='ocrx_word' id='word_1_575' title='bbox 1199 1370 1366 1406; x_wconf 75' lang='grc' dir='ltr'>ὲκτιναγμὸν</span> <span class='ocrx_word' id='word_1_576' title='bbox 1376 1369 1445 1398; x_wconf 84' lang='grc' dir='ltr'>οἶδεν</span> <span class='ocrx_word' id='word_1_577' title='bbox 1460 1372 1477 1407; x_wconf 84' lang='grc' dir='ltr'>ὴ</span> <span class='ocrx_word' id='word_1_578' title='bbox 1495 1372 1589 1408; x_wconf 86' lang='grc' dir='ltr'>Γραφή</span> <span class='ocrx_word' id='word_1_579' title='bbox 1604 1381 1611 1388; x_wconf 72' lang='grc'><strong>⁸</strong></span> <span class='ocrx_word' id='word_1_580' title='bbox 1625 1374 1690 1408; x_wconf 74' lang='grc' dir='ltr'>περὶ</span> <span class='ocrx_word' id='word_1_581' title='bbox 1707 1371 1745 1401; x_wconf 84' lang='grc' dir='ltr'><strong>ὧν</strong></span> <span class='ocrx_word' id='word_1_582' title='bbox 1759 1383 1852 1410; x_wconf 82' lang='grc' dir='ltr'>φησιν,</span> 
     </span>
    </p>
   </div>
   <div class='ocr_carea' id='block_1_82' title="bbox 1063 1415 1854 1452">
    <p class='ocr_par' dir='ltr' id='par_1_82' title="bbox 1063 1415 1854 1452">
     <span class='ocr_line' id='line_1_82' title="bbox 1063 1415 1854 1452; baseline 0.008 -11"><span class='ocrx_word' id='word_1_583' title='bbox 1063 1415 1178 1447; x_wconf 79' lang='grc' dir='ltr'>«Οὕτως</span> <span class='ocrx_word' id='word_1_584' title='bbox 1199 1416 1253 1442; x_wconf 68' lang='grc' dir='ltr'>υἱοὶ</span> <span class='ocrx_word' id='word_1_585' title='bbox 1279 1416 1332 1443; x_wconf 83' lang='grc' dir='ltr'><strong>τῶν</strong></span> <span class='ocrx_word' id='word_1_586' title='bbox 1358 1417 1613 1452; x_wconf 81' lang='grc' dir='ltr'>ὲκτετιναγμένων·</span> <span class='ocrx_word' id='word_1_587' title='bbox 1633 1428 1642 1444; x_wconf 73' lang='grc' dir='ltr'><strong>ι</strong></span> <span class='ocrx_word' id='word_1_588' title='bbox 1675 1419 1723 1451; x_wconf 88' lang='grc' dir='ltr'>οὒς</span> <span class='ocrx_word' id='word_1_589' title='bbox 1747 1420 1854 1452; x_wconf 78' lang='grc' dir='ltr'>Παῦλος</span> 
     </span>
    </p>
   </div>
   <div class='ocr_carea' id='block_1_83' title="bbox 1060 1460 1855 1496">
    <p class='ocr_par' dir='ltr' id='par_1_83' title="bbox 1060 1460 1855 1496">
     <span class='ocr_line' id='line_1_83' title="bbox 1060 1460 1855 1496; baseline 0.006 -10"><span class='ocrx_word' id='word_1_590' title='bbox 1060 1460 1176 1492; x_wconf 85' lang='grc' dir='ltr'>κλάδους</span> <span class='ocrx_word' id='word_1_591' title='bbox 1195 1461 1435 1496; x_wconf 80' lang='grc' dir='ltr'>ἐκκεκλασμένους</span> <span class='ocrx_word' id='word_1_592' title='bbox 1459 1462 1552 1494; x_wconf 82' lang='grc' dir='ltr'>ἐλαίας</span> <span class='ocrx_word' id='word_1_593' title='bbox 1576 1463 1674 1489; x_wconf 82' lang='grc' dir='ltr'>καλεῖ¹</span> <span class='ocrx_word' id='word_1_594' title='bbox 1699 1465 1713 1491; x_wconf 92' lang='lat'><strong>6</strong></span> <span class='ocrx_word' id='word_1_595' title='bbox 1729 1465 1757 1491; x_wconf 81' lang='grc' dir='ltr'>δὲ</span> <span class='ocrx_word' id='word_1_596' title='bbox 1771 1465 1855 1491; x_wconf 79' lang='grc' dir='ltr'>Δαῦὶδ</span> 
     </span>
    </p>
   </div>
   <div class='ocr_carea' id='block_1_84' title="bbox 1060 1506 1854 1545">
    <p class='ocr_par' dir='ltr' id='par_1_84' title="bbox 1060 1506 1854 1545">
     <span class='ocr_line' id='line_1_84' title="bbox 1060 1506 1854 1545; baseline 0.006 -13"><span class='ocrx_word' id='word_1_597' title='bbox 1060 1506 1169 1541; x_wconf 84' lang='grc' dir='ltr'>χόρτον</span> <span class='ocrx_word' id='word_1_598' title='bbox 1193 1506 1353 1541; x_wconf 82' lang='grc' dir='ltr'>δωμάτων·</span> <span class='ocrx_word' id='word_1_599' title='bbox 1384 1507 1399 1534; x_wconf 98' lang='lat'><strong>6</strong></span> <span class='ocrx_word' id='word_1_600' title='bbox 1420 1507 1449 1534; x_wconf 82' lang='grc' dir='ltr'>δὲ</span> <span class='ocrx_word' id='word_1_601' title='bbox 1474 1508 1587 1544; x_wconf 83' lang='grc' dir='ltr'>Κύριος,</span> <span class='ocrx_word' id='word_1_602' title='bbox 1617 1509 1709 1544; x_wconf 84' lang='grc' dir='ltr'>κλῆμα</span> <span class='ocrx_word' id='word_1_603' title='bbox 1728 1510 1780 1543; x_wconf 77' lang='grc' dir='ltr'><strong>ἐξω</strong></span> <span class='ocrx_word' id='word_1_604' title='bbox 1802 1511 1854 1545; x_wconf 82' lang='grc' dir='ltr'><strong>τῆς</strong></span> 
     </span>
    </p>
   </div>
   <div class='ocr_carea' id='block_1_85' title="bbox 1017 1542 1852 1589">
    <p class='ocr_par' dir='ltr' id='par_1_85' title="bbox 1017 1542 1852 1589">
     <span class='ocr_line' id='line_1_85' title="bbox 1017 1542 1852 1589; baseline 0.007 -14"><span class='ocrx_word' id='word_1_605' title='bbox 1017 1542 1039 1573; x_wconf 83' lang='lat' dir='ltr'><strong>C</strong></span> <span class='ocrx_word' id='word_1_606' title='bbox 1055 1550 1180 1585; x_wconf 82' lang='grc' dir='ltr'>ἀμπέλου</span> <span class='ocrx_word' id='word_1_607' title='bbox 1196 1550 1374 1586; x_wconf 81' lang='grc' dir='ltr'>βεϐλημένον,</span> <span class='ocrx_word' id='word_1_608' title='bbox 1386 1551 1417 1578; x_wconf 80' lang='grc' dir='ltr'><strong>τὸ</strong></span> <span class='ocrx_word' id='word_1_609' title='bbox 1433 1542 1559 1586; x_wconf 74' lang='grc' dir='ltr'>ἄκαρπον</span> <span class='ocrx_word' id='word_1_610' title='bbox 1576 1552 1622 1578; x_wconf 66' lang='grc' dir='ltr'><strong>καὶ¹</strong></span> <span class='ocrx_word' id='word_1_611' title='bbox 1636 1542 1790 1589; x_wconf 69' lang='grc' dir='ltr'>ἀπόϐλητον</span> <span class='ocrx_word' id='word_1_612' title='bbox 1804 1542 1852 1581; x_wconf 36' lang='lat' dir='ltr'><strong>ad;</strong></span> 
     </span>
    </p>
   </div>
   <div class='ocr_carea' id='block_1_86' title="bbox 1053 1595 1513 1636">
    <p class='ocr_par' dir='ltr' id='par_1_86' title="bbox 1053 1595 1513 1636">
     <span class='ocr_line' id='line_1_86' title="bbox 1053 1595 1513 1636; baseline 0.007 -14"><span class='ocrx_word' id='word_1_613' title='bbox 1053 1595 1109 1622; x_wconf 83' lang='grc' dir='ltr'><strong>τῶν</strong></span> <span class='ocrx_word' id='word_1_614' title='bbox 1125 1597 1326 1632; x_wconf 81' lang='grc' dir='ltr'>αίνιττόμενος.</span> <span class='ocrx_word' id='word_1_615' title='bbox 1511 1633 1513 1636; x_wconf 24' lang='grc' dir='ltr'><strong>ν</strong></span> 
     </span>
    </p>
   </div>
   <div class='ocr_carea' id='block_1_87' title="bbox 1096 1641 1849 1680">
    <p class='ocr_par' dir='ltr' id='par_1_87' title="bbox 1096 1641 1849 1680">
     <span class='ocr_line' id='line_1_87' title="bbox 1096 1641 1849 1680; baseline 0.005 -12"><span class='ocrx_word' id='word_1_616' title='bbox 1096 1641 1272 1676; x_wconf 75' lang='grc' dir='ltr'>Ὠριγένους.</span> <span class='ocrx_word' id='word_1_617' title='bbox 1288 1657 1323 1662; x_wconf 91' lang='grc'><strong>-</strong></span> <span class='ocrx_word' id='word_1_618' title='bbox 1337 1642 1428 1670; x_wconf 77' lang='grc' dir='ltr'>Ταῦτα</span> <span class='ocrx_word' id='word_1_619' title='bbox 1446 1644 1502 1675; x_wconf 85' lang='grc' dir='ltr'>τοῖς</span> <span class='ocrx_word' id='word_1_620' title='bbox 1518 1643 1608 1678; x_wconf 81' lang='grc' dir='ltr'>φίλοις</span> <span class='ocrx_word' id='word_1_621' title='bbox 1635 1645 1649 1671; x_wconf 94' lang='lat'><strong>6</strong></span> <span class='ocrx_word' id='word_1_622' title='bbox 1669 1644 1803 1680; x_wconf 78' lang='grc' dir='ltr'>Νυμφίος,</span> <span class='ocrx_word' id='word_1_623' title='bbox 1822 1654 1849 1672; x_wconf 88' lang='grc' dir='ltr'>κ-</span> 
     </span>
    </p>
   </div>
   <div class='ocr_carea' id='block_1_88' title="bbox 1054 1687 1213 1722">
    <p class='ocr_par' dir='ltr' id='par_1_88' title="bbox 1054 1687 1213 1722">
     <span class='ocr_line' id='line_1_88' title="bbox 1054 1687 1213 1722; baseline 0.013 -9"><span class='ocrx_word' id='word_1_624' title='bbox 1054 1695 1079 1713; x_wconf 76' lang='grc' dir='ltr'>τ.</span> <span class='ocrx_word' id='word_1_625' title='bbox 1098 1687 1123 1714; x_wconf 86' lang='grc' dir='ltr'>λ.</span> <span class='ocrx_word' id='word_1_626' title='bbox 1141 1687 1213 1722; x_wconf 72' lang='grc' dir='ltr'>(ιιι).</span> 
     </span>
    </p>
   </div>
   <div class='ocr_carea' id='block_1_89' title="bbox 1092 1733 1846 1772">
    <p class='ocr_par' dir='ltr' id='par_1_89' title="bbox 1092 1733 1846 1772">
     <span class='ocr_line' id='line_1_89' title="bbox 1092 1733 1846 1772; baseline 0.009 -14"><span class='ocrx_word' id='word_1_627' title='bbox 1092 1736 1140 1765; x_wconf 80' lang='grc' dir='ltr'>ις’,</span> <span class='ocrx_word' id='word_1_628' title='bbox 1156 1733 1199 1765; x_wconf 72' lang='grc' dir='ltr'>ιζ’.</span> <span class='ocrx_word' id='word_1_629' title='bbox 1227 1733 1402 1769; x_wconf 65' lang='grc' dir='ltr'>Ἀδελςοιδός</span> <span class='ocrx_word' id='word_1_630' title='bbox 1421 1745 1482 1770; x_wconf 84' lang='grc' dir='ltr'><strong>μου</strong></span> <span class='ocrx_word' id='word_1_631' title='bbox 1501 1737 1576 1771; x_wconf 80' lang='grc' dir='ltr'>ἐμοὶ.</span> <span class='ocrx_word' id='word_1_632' title='bbox 1606 1737 1688 1772; x_wconf 70' lang='grc' dir='ltr'>κάγὼ</span> <span class='ocrx_word' id='word_1_633' title='bbox 1713 1737 1804 1771; x_wconf 84' lang='grc' dir='ltr'>αὐτῷ,</span> <span class='ocrx_word' id='word_1_634' title='bbox 1828 1739 1846 1765; x_wconf 77' lang='grc' dir='ltr'><em>ὁ</em></span> 
     </span>
    </p>
   </div>
   <div class='ocr_carea' id='block_1_90' title="bbox 1055 1778 1851 1819">
    <p class='ocr_par' dir='ltr' id='par_1_90' title="bbox 1055 1778 1851 1819">
     <span class='ocr_line' id='line_1_90' title="bbox 1055 1778 1851 1819; baseline 0.006 -14"><span class='ocrx_word' id='word_1_635' title='bbox 1055 1778 1204 1812; x_wconf 81' lang='grc' dir='ltr'>ποιμένων</span> <span class='ocrx_word' id='word_1_636' title='bbox 1212 1779 1247 1806; x_wconf 80' lang='grc' dir='ltr'><strong>ἐν</strong></span> <span class='ocrx_word' id='word_1_637' title='bbox 1257 1779 1320 1813; x_wconf 84' lang='grc' dir='ltr'>τοῖς</span> <span class='ocrx_word' id='word_1_638' title='bbox 1331 1781 1455 1815; x_wconf 77' lang='grc' dir='ltr'>κρίνοις,</span> <span class='ocrx_word' id='word_1_639' title='bbox 1466 1782 1521 1815; x_wconf 75' lang='grc' dir='ltr'>ἕως</span> <span class='ocrx_word' id='word_1_640' title='bbox 1530 1780 1566 1810; x_wconf 83' lang='grc' dir='ltr'>οὗ</span> <span class='ocrx_word' id='word_1_641' title='bbox 1576 1782 1746 1819; x_wconf 83' lang='grc' dir='ltr'>διαπνεύσῃ</span> <span class='ocrx_word' id='word_1_642' title='bbox 1756 1783 1851 1818; x_wconf 76' lang='grc' dir='ltr'>ἡμέρα</span> 
     </span>
    </p>
   </div>
   <div class='ocr_carea' id='block_1_91' title="bbox 1055 1825 1444 1859">
    <p class='ocr_par' dir='ltr' id='par_1_91' title="bbox 1055 1825 1444 1859">
     <span class='ocr_line' id='line_1_91' title="bbox 1055 1825 1444 1859; baseline 0.01 -8"><span class='ocrx_word' id='word_1_643' title='bbox 1055 1825 1104 1851; x_wconf 78' lang='grc' dir='ltr'>καὶ</span> <span class='ocrx_word' id='word_1_644' title='bbox 1119 1825 1286 1859; x_wconf 81' lang='grc' dir='ltr'>κινηθῶσιν</span> <span class='ocrx_word' id='word_1_645' title='bbox 1303 1827 1334 1853; x_wconf 84' lang='lat' dir='ltr'><strong>al</strong></span> <span class='ocrx_word' id='word_1_646' title='bbox 1350 1828 1444 1855; x_wconf 85' lang='grc' dir='ltr'>σκιαί.</span> 
     </span>
    </p>
   </div>
   <div class='ocr_carea' id='block_1_92' title="bbox 1091 1869 1850 1909">
    <p class='ocr_par' dir='ltr' id='par_1_92' title="bbox 1091 1869 1850 1909">
     <span class='ocr_line' id='line_1_92' title="bbox 1091 1869 1850 1909; baseline 0.008 -14"><span class='ocrx_word' id='word_1_647' title='bbox 1091 1870 1305 1904; x_wconf 60' lang='grc' dir='ltr'>Γρηγορίουυ-</span> <span class='ocrx_word' id='word_1_648' title='bbox 1313 1869 1390 1898; x_wconf 76' lang='grc' dir='ltr'>Εἶδον</span> <span class='ocrx_word' id='word_1_649' title='bbox 1404 1872 1458 1908; x_wconf 84' lang='grc' dir='ltr'><strong>γὰρ</strong></span> <span class='ocrx_word' id='word_1_650' title='bbox 1469 1873 1560 1906; x_wconf 79' lang='grc' dir='ltr'>αὐτὸν,</span> <span class='ocrx_word' id='word_1_651' title='bbox 1573 1874 1665 1909; x_wconf 76' lang='grc' dir='ltr'>φησὶν,</span> <span class='ocrx_word' id='word_1_652' title='bbox 1679 1875 1747 1909; x_wconf 69' lang='grc' dir='ltr'>προς</span> <span class='ocrx_word' id='word_1_653' title='bbox 1762 1874 1850 1908; x_wconf 72' lang='grc' dir='ltr'>πρόσ-</span> 
     </span>
    </p>
   </div>
   <div class='ocr_carea' id='block_1_93' title="bbox 1055 1914 1848 1955">
    <p class='ocr_par' dir='ltr' id='par_1_93' title="bbox 1055 1914 1848 1955">
     <span class='ocr_line' id='line_1_93' title="bbox 1055 1914 1848 1955; baseline 0.008 -15"><span class='ocrx_word' id='word_1_654' title='bbox 1055 1923 1141 1947; x_wconf 88' lang='grc' dir='ltr'>ωπον,</span> <span class='ocrx_word' id='word_1_655' title='bbox 1156 1914 1202 1941; x_wconf 77' lang='grc' dir='ltr'>τὸν</span> <span class='ocrx_word' id='word_1_656' title='bbox 1215 1916 1258 1942; x_wconf 69' lang='grc' dir='ltr'><strong>ἀεὶ</strong></span> <span class='ocrx_word' id='word_1_657' title='bbox 1272 1917 1321 1950; x_wconf 77' lang='grc' dir='ltr'>μὲν</span> <span class='ocrx_word' id='word_1_658' title='bbox 1336 1916 1508 1954; x_wconf 74' lang='grc' dir='ltr'>όντα,δι’ὲμὲ</span> <span class='ocrx_word' id='word_1_659' title='bbox 1517 1919 1546 1945; x_wconf 78' lang='grc' dir='ltr'>δὲ</span> <span class='ocrx_word' id='word_1_660' title='bbox 1557 1920 1588 1946; x_wconf 80' lang='grc' dir='ltr'>ὲκ</span> <span class='ocrx_word' id='word_1_661' title='bbox 1603 1920 1651 1954; x_wconf 87' lang='grc' dir='ltr'><strong>τῆς</strong></span> <span class='ocrx_word' id='word_1_662' title='bbox 1665 1920 1780 1955; x_wconf 79' lang='grc' dir='ltr'>ἀδελφῆς</span> <span class='ocrx_word' id='word_1_663' title='bbox 1797 1929 1848 1955; x_wconf 84' lang='grc' dir='ltr'><strong>μου</strong></span> 
     </span>
    </p>
   </div>
   <div class='ocr_carea' id='block_1_94' title="bbox 1054 1959 1849 1997">
    <p class='ocr_par' dir='ltr' id='par_1_94' title="bbox 1054 1959 1849 1997">
     <span class='ocr_line' id='line_1_94' title="bbox 1054 1959 1849 1997; baseline 0.008 -12"><span class='ocrx_word' id='word_1_664' title='bbox 1054 1959 1104 1994; x_wconf 86' lang='grc' dir='ltr'><strong>τῆς</strong></span> <span class='ocrx_word' id='word_1_665' title='bbox 1127 1959 1292 1996; x_wconf 83' lang='grc' dir='ltr'>Συναγωγῆς</span> <span class='ocrx_word' id='word_1_666' title='bbox 1311 1961 1494 1997; x_wconf 78' lang='grc' dir='ltr'>ἀνθρωπικῶς</span> <span class='ocrx_word' id='word_1_667' title='bbox 1519 1965 1716 1991; x_wconf 82' lang='grc' dir='ltr'>ἀνατείλαντα·</span> <span class='ocrx_word' id='word_1_668' title='bbox 1746 1965 1794 1992; x_wconf 75' lang='grc' dir='ltr'>καὶ</span> <span class='ocrx_word' id='word_1_669' title='bbox 1819 1966 1849 1991; x_wconf 80' lang='grc' dir='ltr'>ὲν</span> 
     </span>
    </p>
   </div>
   <div class='ocr_carea' id='block_1_95' title="bbox 1055 2005 1846 2047">
    <p class='ocr_par' dir='ltr' id='par_1_95' title="bbox 1055 2005 1846 2047">
     <span class='ocr_line' id='line_1_95' title="bbox 1055 2005 1846 2047; baseline 0.008 -15"><span class='ocrx_word' id='word_1_670' title='bbox 1055 2005 1131 2041; x_wconf 86' lang='grc' dir='ltr'><strong>αὑτῷ</strong></span> <span class='ocrx_word' id='word_1_671' title='bbox 1144 2006 1322 2042; x_wconf 81' lang='grc' dir='ltr'>ἀναπαύομαι</span> <span class='ocrx_word' id='word_1_672' title='bbox 1338 2009 1384 2035; x_wconf 82' lang='grc' dir='ltr'><strong>καὶ</strong></span> <span class='ocrx_word' id='word_1_673' title='bbox 1399 2009 1512 2045; x_wconf 83' lang='grc' dir='ltr'>γίνομαι</span> <span class='ocrx_word' id='word_1_674' title='bbox 1528 2010 1602 2046; x_wconf 82' lang='grc' dir='ltr'><strong>αὐτῷ</strong></span> <span class='ocrx_word' id='word_1_675' title='bbox 1618 2011 1828 2047; x_wconf 84' lang='grc' dir='ltr'>κατοικητήριον</span> <span class='ocrx_word' id='word_1_676' title='bbox 1839 2021 1846 2027; x_wconf 61' lang='grc' dir='ltr'>ν</span> 
     </span>
    </p>
   </div>
   <div class='ocr_carea' id='block_1_96' title="bbox 1054 2051 1848 2092">
    <p class='ocr_par' dir='ltr' id='par_1_96' title="bbox 1054 2051 1848 2092">
     <span class='ocr_line' id='line_1_96' title="bbox 1054 2051 1848 2092; baseline 0.009 -15"><span class='ocrx_word' id='word_1_677' title='bbox 1054 2051 1083 2083; x_wconf 80' lang='grc' dir='ltr'>ὃς</span> <span class='ocrx_word' id='word_1_678' title='bbox 1101 2053 1130 2078; x_wconf 81' lang='grc' dir='ltr'>οὺ</span> <span class='ocrx_word' id='word_1_679' title='bbox 1146 2052 1243 2088; x_wconf 79' lang='grc' dir='ltr'>χόρτον</span> <span class='ocrx_word' id='word_1_680' title='bbox 1258 2054 1376 2081; x_wconf 84' lang='grc' dir='ltr'>ποιεῖται</span> <span class='ocrx_word' id='word_1_681' title='bbox 1388 2055 1438 2090; x_wconf 87' lang='grc' dir='ltr'>τὴν</span> <span class='ocrx_word' id='word_1_682' title='bbox 1451 2056 1507 2082; x_wconf 92' lang='grc' dir='ltr'><strong>τῶν</strong></span> <span class='ocrx_word' id='word_1_683' title='bbox 1524 2057 1657 2091; x_wconf 82' lang='grc' dir='ltr'>ποιμνίων</span> <span class='ocrx_word' id='word_1_684' title='bbox 1667 2057 1763 2092; x_wconf 80' lang='grc' dir='ltr'>νομὴν,</span> <span class='ocrx_word' id='word_1_685' title='bbox 1779 2057 1848 2084; x_wconf 65' lang='grc' dir='ltr'>ἀλλὰ</span> 
     </span>
    </p>
   </div>
   <div class='ocr_carea' id='block_1_97' title="bbox 1055 2097 1848 2136">
    <p class='ocr_par' dir='ltr' id='par_1_97' title="bbox 1055 2097 1848 2136">
     <span class='ocr_line' id='line_1_97' title="bbox 1055 2097 1848 2136; baseline 0.008 -13"><span class='ocrx_word' id='word_1_686' title='bbox 1055 2097 1185 2132; x_wconf 83' lang='grc' dir='ltr'>καθαροῖς</span> <span class='ocrx_word' id='word_1_687' title='bbox 1203 2098 1306 2133; x_wconf 84' lang='grc' dir='ltr'>κρίνοις</span> <span class='ocrx_word' id='word_1_688' title='bbox 1320 2099 1415 2133; x_wconf 87' lang='grc' dir='ltr'>τρέφει</span> <span class='ocrx_word' id='word_1_689' title='bbox 1429 2100 1463 2126; x_wconf 86' lang='grc' dir='ltr'><strong>τὰ</strong></span> <span class='ocrx_word' id='word_1_690' title='bbox 1477 2101 1612 2136; x_wconf 78' lang='grc' dir='ltr'>πρόϐατα,</span> <span class='ocrx_word' id='word_1_691' title='bbox 1626 2102 1752 2128; x_wconf 81' lang='grc' dir='ltr'>τουτέστι</span> <span class='ocrx_word' id='word_1_692' title='bbox 1765 2102 1848 2133; x_wconf 83' lang='grc' dir='ltr'>θείοις</span> 
     </span>
    </p>
   </div>
   <div class='ocr_carea' id='block_1_98' title="bbox 1054 2143 1847 2184">
    <p class='ocr_par' dir='ltr' id='par_1_98' title="bbox 1054 2143 1847 2184">
     <span class='ocr_line' id='line_1_98' title="bbox 1054 2143 1847 2184; baseline 0.008 -15"><span class='ocrx_word' id='word_1_693' title='bbox 1054 2143 1173 2176; x_wconf 86' lang='grc' dir='ltr'>λογίοις’</span> <span class='ocrx_word' id='word_1_694' title='bbox 1195 2144 1269 2175; x_wconf 81' lang='grc' dir='ltr'>ὅπως</span> <span class='ocrx_word' id='word_1_695' title='bbox 1285 2143 1318 2171; x_wconf 79' lang='grc' dir='ltr'>ἂν</span> <span class='ocrx_word' id='word_1_696' title='bbox 1341 2145 1367 2171; x_wconf 84' lang='grc' dir='ltr'>οι</span> <span class='ocrx_word' id='word_1_697' title='bbox 1392 2147 1425 2181; x_wconf 85' lang='grc' dir='ltr'>τῇ</span> <span class='ocrx_word' id='word_1_698' title='bbox 1446 2147 1556 2183; x_wconf 81' lang='grc' dir='ltr'>καθαρᾷ</span> <span class='ocrx_word' id='word_1_699' title='bbox 1575 2156 1605 2174; x_wconf 89' lang='grc' dir='ltr'><strong>τε</strong></span> <span class='ocrx_word' id='word_1_700' title='bbox 1627 2147 1674 2174; x_wconf 79' lang='grc' dir='ltr'>καὶ</span> <span class='ocrx_word' id='word_1_701' title='bbox 1695 2148 1847 2184; x_wconf 84' lang='grc' dir='ltr'>εὐπνοούσῃ</span> 
     </span>
    </p>
   </div>
   <div class='ocr_carea' id='block_1_99' title="bbox 1055 2188 1847 2226">
    <p class='ocr_par' dir='ltr' id='par_1_99' title="bbox 1055 2188 1847 2226">
     <span class='ocr_line' id='line_1_99' title="bbox 1055 2188 1847 2226; baseline 0.008 -13"><span class='ocrx_word' id='word_1_702' title='bbox 1055 2188 1141 2222; x_wconf 82' lang='grc' dir='ltr'>ταύτῃ</span> <span class='ocrx_word' id='word_1_703' title='bbox 1158 2189 1246 2224; x_wconf 83' lang='grc' dir='ltr'>τροφῇ</span> <span class='ocrx_word' id='word_1_704' title='bbox 1262 2189 1312 2224; x_wconf 83' lang='grc' dir='ltr'>τὴν</span> <span class='ocrx_word' id='word_1_705' title='bbox 1333 2189 1422 2224; x_wconf 76' lang='grc' dir='ltr'>ψυχὴν</span> <span class='ocrx_word' id='word_1_706' title='bbox 1447 2192 1629 2226; x_wconf 81' lang='grc' dir='ltr'>πιαινόμενοι,</span> <span class='ocrx_word' id='word_1_707' title='bbox 1650 2192 1740 2219; x_wconf 77' lang='grc' dir='ltr'>πᾶσάν</span> <span class='ocrx_word' id='word_1_708' title='bbox 1755 2201 1785 2219; x_wconf 85' lang='grc' dir='ltr'><strong>τε</strong></span> <span class='ocrx_word' id='word_1_709' title='bbox 1799 2193 1847 2218; x_wconf 77' lang='grc' dir='ltr'>καὶ</span> 
     </span>
    </p>
   </div>
   <div class='ocr_carea' id='block_1_100' title="bbox 1056 2233 1846 2273">
    <p class='ocr_par' dir='ltr' id='par_1_100' title="bbox 1056 2233 1846 2273">
     <span class='ocr_line' id='line_1_100' title="bbox 1056 2233 1846 2273; baseline 0.006 -13"><span class='ocrx_word' id='word_1_710' title='bbox 1056 2233 1176 2269; x_wconf 86' lang='grc' dir='ltr'>σκιοειδῆ</span> <span class='ocrx_word' id='word_1_711' title='bbox 1191 2235 1343 2268; x_wconf 83' lang='grc' dir='ltr'>φαντασίαν</span> <span class='ocrx_word' id='word_1_712' title='bbox 1364 2236 1418 2262; x_wconf 84' lang='grc' dir='ltr'><strong>τῶν</strong></span> <span class='ocrx_word' id='word_1_713' title='bbox 1435 2237 1506 2264; x_wconf 83' lang='grc' dir='ltr'>κατὰ</span> <span class='ocrx_word' id='word_1_714' title='bbox 1522 2237 1567 2264; x_wconf 75' lang='grc' dir='ltr'><strong>τὸν</strong></span> <span class='ocrx_word' id='word_1_715' title='bbox 1584 2238 1641 2273; x_wconf 89' lang='grc' dir='ltr'>βίον</span> <span class='ocrx_word' id='word_1_716' title='bbox 1654 2238 1748 2264; x_wconf 81' lang='grc' dir='ltr'>τοῦτον</span> <span class='ocrx_word' id='word_1_717' title='bbox 1763 2246 1846 2264; x_wconf 84' lang='grc' dir='ltr'>σπου-</span> 
     </span>
    </p>
   </div>
   <div class='ocr_carea' id='block_1_101' title="bbox 1052 2280 1845 2318">
    <p class='ocr_par' dir='ltr' id='par_1_101' title="bbox 1052 2280 1845 2318">
     <span class='ocr_line' id='line_1_101' title="bbox 1052 2280 1845 2318; baseline 0.003 -12"><span class='ocrx_word' id='word_1_718' title='bbox 1052 2280 1210 2315; x_wconf 78' lang='grc' dir='ltr'>δαζομένων</span> <span class='ocrx_word' id='word_1_719' title='bbox 1225 2281 1330 2308; x_wconf 79' lang='grc' dir='ltr'>ἑαυτῶν</span> <span class='ocrx_word' id='word_1_720' title='bbox 1352 2283 1568 2318; x_wconf 78' lang='grc' dir='ltr'>ἀποστήσαντες,</span> <span class='ocrx_word' id='word_1_721' title='bbox 1590 2283 1622 2315; x_wconf 82' lang='grc' dir='ltr'>ἂς</span> <span class='ocrx_word' id='word_1_722' title='bbox 1638 2283 1718 2315; x_wconf 88' lang='grc' dir='ltr'>σκιὰς</span> <span class='ocrx_word' id='word_1_723' title='bbox 1736 2283 1750 2308; x_wconf 91' lang='lat'><strong>6</strong></span> <span class='ocrx_word' id='word_1_724' title='bbox 1768 2282 1845 2316; x_wconf 87' lang='grc' dir='ltr'>λόγος</span> 
     </span>
    </p>
   </div>
   <div class='ocr_carea' id='block_1_102' title="bbox 1051 2326 1846 2364">
    <p class='ocr_par' dir='ltr' id='par_1_102' title="bbox 1051 2326 1846 2364">
     <span class='ocr_line' id='line_1_102' title="bbox 1051 2326 1846 2364; baseline 0.003 -12"><span class='ocrx_word' id='word_1_725' title='bbox 1051 2326 1186 2362; x_wconf 85' lang='grc' dir='ltr'>ὠνόμασε,</span> <span class='ocrx_word' id='word_1_726' title='bbox 1201 2328 1262 2359; x_wconf 83' lang='grc' dir='ltr'>ταῖς</span> <span class='ocrx_word' id='word_1_727' title='bbox 1274 2327 1321 2354; x_wconf 84' lang='grc' dir='ltr'><strong>τοῦ</strong></span> <span class='ocrx_word' id='word_1_728' title='bbox 1335 2328 1403 2355; x_wconf 81' lang='grc' dir='ltr'>Θεοῦ</span> <span class='ocrx_word' id='word_1_729' title='bbox 1419 2329 1580 2363; x_wconf 82' lang='grc' dir='ltr'>Πνεύματος</span> <span class='ocrx_word' id='word_1_730' title='bbox 1596 2329 1701 2362; x_wconf 86' lang='grc' dir='ltr'>ἀκτῖσι,</span> <span class='ocrx_word' id='word_1_731' title='bbox 1716 2327 1784 2364; x_wconf 82' lang='grc' dir='ltr'>πρὸς</span> <span class='ocrx_word' id='word_1_732' title='bbox 1796 2328 1846 2364; x_wconf 80' lang='grc' dir='ltr'>τὴν</span> 
     </span>
    </p>
   </div>
   <div class='ocr_carea' id='block_1_103' title="bbox 1051 2371 1842 2408">
    <p class='ocr_par' dir='ltr' id='par_1_103' title="bbox 1051 2371 1842 2408">
     <span class='ocr_line' id='line_1_103' title="bbox 1051 2371 1842 2408; baseline 0 -10"><span class='ocrx_word' id='word_1_733' title='bbox 1051 2371 1198 2407; x_wconf 84' lang='grc' dir='ltr'>ἁληθεινὴν</span> <span class='ocrx_word' id='word_1_734' title='bbox 1213 2372 1268 2399; x_wconf 88' lang='grc' dir='ltr'><strong>τῶν</strong></span> <span class='ocrx_word' id='word_1_735' title='bbox 1288 2373 1460 2408; x_wconf 79' lang='grc' dir='ltr'>πραγμάτων</span> <span class='ocrx_word' id='word_1_736' title='bbox 1479 2374 1630 2401; x_wconf 78' lang='grc' dir='ltr'>ὑπόστασιν</span> <span class='ocrx_word' id='word_1_737' title='bbox 1652 2371 1842 2407; x_wconf 75' lang='grc' dir='ltr'>διαὸλέψωσιν,</span> 
     </span>
    </p>
   </div>
   <div class='ocr_carea' id='block_1_104' title="bbox 1054 2417 1843 2455">
    <p class='ocr_par' dir='ltr' id='par_1_104' title="bbox 1054 2417 1843 2455">
     <span class='ocr_line' id='line_1_104' title="bbox 1054 2417 1843 2455; baseline 0.004 -12"><span class='ocrx_word' id='word_1_738' title='bbox 1054 2417 1108 2443; x_wconf 74' lang='grc' dir='ltr'>υἱοὶ</span> <span class='ocrx_word' id='word_1_739' title='bbox 1123 2418 1212 2452; x_wconf 81' lang='grc' dir='ltr'>φωτὸς</span> <span class='ocrx_word' id='word_1_740' title='bbox 1225 2419 1272 2445; x_wconf 75' lang='grc' dir='ltr'>καὶ</span> <span class='ocrx_word' id='word_1_741' title='bbox 1291 2419 1398 2454; x_wconf 79' lang='grc' dir='ltr'>ἡμέρας</span> <span class='ocrx_word' id='word_1_742' title='bbox 1413 2420 1574 2455; x_wconf 88' lang='grc' dir='ltr'>γενόμενοι·</span> <span class='ocrx_word' id='word_1_743' title='bbox 1587 2420 1676 2448; x_wconf 80' lang='grc' dir='ltr'>ταῦτα</span> <span class='ocrx_word' id='word_1_744' title='bbox 1693 2420 1843 2454; x_wconf 74' lang='grc' dir='ltr'>φθέγγεται</span> 
     </span>
    </p>
   </div>
   <div class='ocr_carea' id='block_1_105' title="bbox 1053 2462 1843 2500">
    <p class='ocr_par' dir='ltr' id='par_1_105' title="bbox 1053 2462 1843 2500">
     <span class='ocr_line' id='line_1_105' title="bbox 1053 2462 1843 2500; baseline 0 -11"><span class='ocrx_word' id='word_1_745' title='bbox 1053 2462 1070 2496; x_wconf 84' lang='grc' dir='ltr'><strong>ὴ</strong></span> <span class='ocrx_word' id='word_1_746' title='bbox 1086 2462 1170 2498; x_wconf 80' lang='grc' dir='ltr'>ψυχὴ,</span> <span class='ocrx_word' id='word_1_747' title='bbox 1187 2463 1220 2499; x_wconf 82' lang='grc' dir='ltr'>ἢν</span> <span class='ocrx_word' id='word_1_748' title='bbox 1237 2464 1377 2499; x_wconf 82' lang='grc' dir='ltr'>ποιμαίνει</span> <span class='ocrx_word' id='word_1_749' title='bbox 1392 2466 1406 2491; x_wconf 88' lang='grc' dir='ltr'>ὁ</span> <span class='ocrx_word' id='word_1_750' title='bbox 1424 2465 1513 2500; x_wconf 82' lang='grc' dir='ltr'>λόγος,</span> <span class='ocrx_word' id='word_1_751' title='bbox 1528 2466 1579 2493; x_wconf 83' lang='grc' dir='ltr'>οὐκ</span> <span class='ocrx_word' id='word_1_752' title='bbox 1591 2466 1620 2492; x_wconf 78' lang='grc' dir='ltr'>ὲν</span> <span class='ocrx_word' id='word_1_753' title='bbox 1631 2465 1762 2496; x_wconf 79' lang='grc' dir='ltr'>ἀκάνθαις</span> <span class='ocrx_word' id='word_1_754' title='bbox 1772 2463 1843 2490; x_wconf 74' lang='grc' dir='ltr'>τισὶν</span> 
     </span>
    </p>
   </div>
   <div class='ocr_carea' id='block_1_106' title="bbox 1054 2508 1841 2548">
    <p class='ocr_par' dir='ltr' id='par_1_106' title="bbox 1054 2508 1841 2548">
     <span class='ocr_line' id='line_1_106' title="bbox 1054 2508 1841 2548; baseline 0.001 -14"><span class='ocrx_word' id='word_1_755' title='bbox 1054 2508 1072 2543; x_wconf 75' lang='grc' dir='ltr'>ἢ</span> <span class='ocrx_word' id='word_1_756' title='bbox 1089 2509 1208 2544; x_wconf 82' lang='grc' dir='ltr'>χόρτοις,</span> <span class='ocrx_word' id='word_1_757' title='bbox 1223 2509 1281 2536; x_wconf 79' lang='grc' dir='ltr'>ἀλλ’</span> <span class='ocrx_word' id='word_1_758' title='bbox 1296 2510 1325 2536; x_wconf 80' lang='grc' dir='ltr'>ἐν</span> <span class='ocrx_word' id='word_1_759' title='bbox 1336 2512 1370 2546; x_wconf 78' lang='grc' dir='ltr'><strong>τῇ</strong></span> <span class='ocrx_word' id='word_1_760' title='bbox 1389 2511 1505 2547; x_wconf 74' lang='grc' dir='ltr'>εὐοσμίᾳ</span> <span class='ocrx_word' id='word_1_761' title='bbox 1515 2512 1569 2539; x_wconf 84' lang='grc' dir='ltr'><strong>τῶν</strong></span> <span class='ocrx_word' id='word_1_762' title='bbox 1582 2512 1684 2548; x_wconf 87' lang='grc' dir='ltr'>κρίνων</span> <span class='ocrx_word' id='word_1_763' title='bbox 1695 2510 1746 2546; x_wconf 82' lang='grc' dir='ltr'><strong>τῆς</strong></span> <span class='ocrx_word' id='word_1_764' title='bbox 1759 2509 1841 2536; x_wconf 81' lang='grc' dir='ltr'>καθα-</span> 
     </span>
    </p>
   </div>
   <div class='ocr_carea' id='block_1_107' title="bbox 1056 2554 1842 2591">
    <p class='ocr_par' dir='ltr' id='par_1_107' title="bbox 1056 2554 1842 2591">
     <span class='ocr_line' id='line_1_107' title="bbox 1056 2554 1842 2591; baseline 0.008 -11"><span class='ocrx_word' id='word_1_765' title='bbox 1056 2554 1107 2589; x_wconf 79' lang='grc' dir='ltr'><strong>ρᾶς</strong></span> <span class='ocrx_word' id='word_1_766' title='bbox 1125 2554 1274 2587; x_wconf 84' lang='grc' dir='ltr'>πολιτείας,</span> <span class='ocrx_word' id='word_1_767' title='bbox 1290 2555 1338 2582; x_wconf 75' lang='grc' dir='ltr'>καὶ</span> <span class='ocrx_word' id='word_1_768' title='bbox 1352 2557 1513 2591; x_wconf 85' lang='grc' dir='ltr'>κατεπείγει</span> <span class='ocrx_word' id='word_1_769' title='bbox 1526 2558 1573 2585; x_wconf 86' lang='grc' dir='ltr'>τὸν</span> <span class='ocrx_word' id='word_1_770' title='bbox 1589 2558 1667 2591; x_wconf 84' lang='grc' dir='ltr'>λόγον</span> <span class='ocrx_word' id='word_1_771' title='bbox 1685 2556 1728 2582; x_wconf 84' lang='grc' dir='ltr'>διὰ</span> <span class='ocrx_word' id='word_1_772' title='bbox 1744 2555 1842 2590; x_wconf 75' lang='grc' dir='ltr'>τάχους</span> 
     </span>
    </p>
   </div>
   <div class='ocr_carea' id='block_1_108' title="bbox 1054 2599 1709 2637">
    <p class='ocr_par' dir='ltr' id='par_1_108' title="bbox 1054 2599 1709 2637">
     <span class='ocr_line' id='line_1_108' title="bbox 1054 2599 1709 2637; baseline -0.002 -11"><span class='ocrx_word' id='word_1_773' title='bbox 1054 2599 1095 2631; x_wconf 83' lang='grc' dir='ltr'><strong>είς</strong></span> <span class='ocrx_word' id='word_1_774' title='bbox 1109 2599 1189 2636; x_wconf 77' lang='grc' dir='ltr'>ἔργον</span> <span class='ocrx_word' id='word_1_775' title='bbox 1202 2602 1336 2636; x_wconf 87' lang='grc' dir='ltr'>προάγειν</span> <span class='ocrx_word' id='word_1_776' title='bbox 1349 2601 1403 2628; x_wconf 88' lang='grc' dir='ltr'><strong>τῶν</strong></span> <span class='ocrx_word' id='word_1_777' title='bbox 1417 2602 1527 2636; x_wconf 82' lang='grc' dir='ltr'>ἀγαθῶν</span> <span class='ocrx_word' id='word_1_778' title='bbox 1541 2602 1589 2637; x_wconf 81' lang='grc' dir='ltr'>τὴν</span> <span class='ocrx_word' id='word_1_779' title='bbox 1603 2600 1709 2627; x_wconf 72' lang='grc' dir='ltr'>ἐλπίδα.</span> 
     </span>
    </p>
   </div>
   <div class='ocr_carea' id='block_1_109' title="bbox 1089 2644 1845 2683">
    <p class='ocr_par' dir='ltr' id='par_1_109' title="bbox 1089 2644 1845 2683">
     <span class='ocr_line' id='line_1_109' title="bbox 1089 2644 1845 2683; baseline -0.003 -10"><span class='ocrx_word' id='word_1_780' title='bbox 1089 2645 1208 2674; x_wconf 77' lang='grc' dir='ltr'>Νείλου,</span> <span class='ocrx_word' id='word_1_781' title='bbox 1222 2661 1257 2666; x_wconf 89' lang='grc'><strong>-</strong></span> <span class='ocrx_word' id='word_1_782' title='bbox 1272 2646 1339 2682; x_wconf 70' lang='grc'><strong>(62).</strong></span> <span class='ocrx_word' id='word_1_783' title='bbox 1351 2647 1433 2683; x_wconf 88' lang='grc' dir='ltr'>Μόνῳ</span> <span class='ocrx_word' id='word_1_784' title='bbox 1447 2647 1547 2682; x_wconf 82' lang='grc' dir='ltr'>ἑαυτὴν</span> <span class='ocrx_word' id='word_1_785' title='bbox 1559 2645 1701 2681; x_wconf 85' lang='grc' dir='ltr'>ἀνατίθησι</span> <span class='ocrx_word' id='word_1_786' title='bbox 1711 2644 1750 2680; x_wconf 85' lang='grc' dir='ltr'>τῷ</span> <span class='ocrx_word' id='word_1_787' title='bbox 1766 2644 1845 2679; x_wconf 85' lang='grc' dir='ltr'>Νυμ-</span> 
     </span>
    </p>
   </div>
   <div class='ocr_carea' id='block_1_110' title="bbox 248 2708 1006 2748">
    <p class='ocr_par' dir='ltr' id='par_1_110' title="bbox 248 2708 1006 2742">
     <span class='ocr_line' id='line_1_110' title="bbox 248 2708 1006 2742; baseline 0.003 -7"><span class='ocrx_word' id='word_1_788' title='bbox 248 2708 271 2723; x_wconf 68' lang='grc'><strong>⁵⁸</strong></span> <span class='ocrx_word' id='word_1_789' title='bbox 286 2708 361 2737; x_wconf 88' lang='lat' dir='ltr'><strong>Psal.</strong></span> <span class='ocrx_word' id='word_1_790' title='bbox 374 2717 466 2742; x_wconf 80' lang='lat' dir='ltr'><strong>cxxvr,</strong></span> <span class='ocrx_word' id='word_1_791' title='bbox 481 2710 510 2737; x_wconf 72' lang='grc'><strong>4.</strong></span> <span class='ocrx_word' id='word_1_792' title='bbox 547 2709 570 2726; x_wconf 75' lang='grc'><strong>⁸⁵</strong></span> <span class='ocrx_word' id='word_1_793' title='bbox 584 2708 664 2737; x_wconf 80' lang='lat' dir='ltr'><strong>Rom.</strong></span> <span class='ocrx_word' id='word_1_794' title='bbox 681 2717 719 2742; x_wconf 69' lang='grc' dir='ltr'>ιι,</span> <span class='ocrx_word' id='word_1_795' title='bbox 733 2708 780 2736; x_wconf 63' lang='grc' dir='ltr'>το.</span> <span class='ocrx_word' id='word_1_796' title='bbox 819 2709 841 2725; x_wconf 68' lang='grc'><strong>⁸⁸</strong></span> <span class='ocrx_word' id='word_1_797' title='bbox 859 2708 932 2737; x_wconf 85' lang='lat' dir='ltr'><strong>Psal.</strong></span> <span class='ocrx_word' id='word_1_798' title='bbox 947 2717 1006 2737; x_wconf 50' lang='lat' dir='ltr'><strong>cui</strong></span> 
     </span>
    </p>
   </div>
   <div class='ocr_carea' id='block_1_111' title="bbox 1061 2708 1376 2748">
    <p class='ocr_par' dir='ltr' id='par_1_111' title="bbox 1079 2712 1376 2748">
     <span class='ocr_line' id='line_1_111' title="bbox 1079 2712 1376 2748; baseline 0.007 -8"><span class='ocrx_word' id='word_1_799' title='bbox 1079 2712 1106 2741; x_wconf 86' lang='lat'><em>6.</em></span> <span class='ocrx_word' id='word_1_800' title='bbox 1145 2715 1167 2730; x_wconf 72' lang='grc' dir='ltr'><strong>δ’</strong></span> <span class='ocrx_word' id='word_1_801' title='bbox 1187 2713 1268 2743; x_wconf 83' lang='lat' dir='ltr'><strong>Joan.</strong></span> <span class='ocrx_word' id='word_1_802' title='bbox 1284 2722 1332 2748; x_wconf 81' lang='lat' dir='ltr'><strong>xv,</strong></span> <span class='ocrx_word' id='word_1_803' title='bbox 1350 2715 1376 2743; x_wconf 84' lang='lat'><em>6.</em></span> 
     </span>
    </p>
   </div>
   <div class='ocr_carea' id='block_1_112' title="bbox 969 2767 1086 2796">
    <p class='ocr_par' dir='ltr' id='par_1_112' title="bbox 969 2767 1086 2796">
     <span class='ocr_line' id='line_1_112' title="bbox 969 2767 1086 2796; baseline 0.017 -2"><span class='ocrx_word' id='word_1_804' title='bbox 969 2767 1086 2796; x_wconf 72' lang='lat' dir='ltr'><strong>NOTIE.</strong></span> 
     </span>
    </p>
   </div>
   <div class='ocr_carea' id='block_1_113' title="bbox 249 2809 716 2882">
    <p class='ocr_par' dir='ltr' id='par_1_113' title="bbox 249 2809 716 2882">
     <span class='ocr_line' id='line_1_113' title="bbox 249 2809 716 2876; baseline -0.002 -38"><span class='ocrx_word' id='word_1_805' title='bbox 249 2810 306 2876; x_wconf 43' lang='lat' dir='ltr'><strong>(ei?</strong></span> <span class='ocrx_word' id='word_1_806' title='bbox 322 2811 425 2838; x_wconf 76' lang='lat' dir='ltr'><strong>Pati-at.</strong></span> <span class='ocrx_word' id='word_1_807' title='bbox 442 2815 462 2838; x_wconf 85' lang='grc' dir='ltr'>ι.</span> <span class='ocrx_word' id='word_1_808' title='bbox 478 2809 563 2844; x_wconf 75' lang='lat' dir='ltr'><strong>XVII,</strong></span> <span class='ocrx_word' id='word_1_809' title='bbox 580 2811 634 2838; x_wconf 91' lang='lat' dir='ltr'><strong>col.</strong></span> <span class='ocrx_word' id='word_1_810' title='bbox 651 2810 716 2838; x_wconf 76' lang='lat'><strong>265.</strong></span> 
     </span>
     <span class='ocr_line' id='line_1_114' title="bbox 249 2845 716 2882; baseline 0.002 -8"><span class='ocrx_word' id='word_1_811' title='bbox 249 2847 294 2882; x_wconf 69' lang='grc'><strong>(42</strong></span> <span class='ocrx_word' id='word_1_812' title='bbox 331 2846 360 2874; x_wconf 93' lang='lat' dir='ltr'><strong>lu</strong></span> <span class='ocrx_word' id='word_1_813' title='bbox 382 2846 414 2874; x_wconf 86' lang='lat' dir='ltr'><strong>C.</strong></span> <span class='ocrx_word' id='word_1_814' title='bbox 439 2845 471 2874; x_wconf 84' lang='grc' dir='ltr'><strong>Β.</strong></span> <span class='ocrx_word' id='word_1_815' title='bbox 487 2847 538 2875; x_wconf 81' lang='lat' dir='ltr'><strong>sub</strong></span> <span class='ocrx_word' id='word_1_816' title='bbox 572 2846 683 2875; x_wconf 82' lang='lat' dir='ltr'><strong>nomine</strong></span> <span class='ocrx_word' id='word_1_817' title='bbox 711 2858 716 2882; x_wconf 58' lang='grc' dir='ltr'><strong>ρ</strong></span> 
     </span>
    </p>
   </div>
   <div class='ocr_carea' id='block_1_114' title="bbox 331 2844 1045 2882">
    <p class='ocr_par' dir='ltr' id='par_1_114' title="bbox 331 2844 1045 2882">
     <span class='ocr_line' id='line_1_115' title="bbox 331 2844 1045 2882; baseline 0 -8"><span class='ocrx_word' id='word_1_818' title='bbox 331 2846 360 2874; x_wconf 93' lang='lat' dir='ltr'><strong>lu</strong></span> <span class='ocrx_word' id='word_1_819' title='bbox 382 2846 414 2874; x_wconf 85' lang='lat' dir='ltr'><strong>C.</strong></span> <span class='ocrx_word' id='word_1_820' title='bbox 439 2845 471 2874; x_wconf 84' lang='grc' dir='ltr'><strong>Β.</strong></span> <span class='ocrx_word' id='word_1_821' title='bbox 487 2847 538 2875; x_wconf 80' lang='lat' dir='ltr'><strong>sub</strong></span> <span class='ocrx_word' id='word_1_822' title='bbox 572 2846 683 2875; x_wconf 87' lang='lat' dir='ltr'><strong>nomine</strong></span> <span class='ocrx_word' id='word_1_823' title='bbox 711 2844 841 2882; x_wconf 66' lang='lat' dir='ltr'><strong>Gregorii</strong></span> <span class='ocrx_word' id='word_1_824' title='bbox 878 2845 1045 2874; x_wconf 89' lang='lat' dir='ltr'><strong>babeuntur.</strong></span> 
     </span>
    </p>
   </div>
  </div>
