1966 3074
151 123 219 155 liii?)
612 122 684 151 (203d
692 123 715 151 Μ
723 121 880 152 ENTARII
900 121 941 151 IN

148 181 212 214 φὶῳ,
231 177 335 204 καὶτὸν
350 178 475 213 Νυμφίον
489 176 569 204 πάλιν
585 177 669 211 μόνης
686 177 786 212 ἑαυτῆς
802 176 886 211 λέγει,
900 175 944 203 διὰ

145 224 196 258 τὴν
216 224 248 249 ἐκ
260 223 314 249 τῶν
329 222 553 257 κατορθωμάτων
573 222 737 256 οἰκειότητα.
759 221 870 255 Ἐπειδὴ
885 219 940 254 γὰρ

146 269 178 295 τὸ
193 268 273 304 σῶμα
299 269 400 303 ἑαυτῆς
415 269 445 295 οὐ
461 269 494 303 τῇ
510 267 634 302 πορνείᾳ,
656 267 724 294 ἀλλὰ
738 267 777 301 τῷ
790 266 884 301 Κυρίῳ
898 266 942 292 δέ·

147 316 230 348 δωκε,
254 315 297 341 διὰ
315 314 395 340 τοῦτο
417 313 465 339 καὶ
485 314 499 339 ὁ
523 313 626 345 Κύριος
648 312 687 347 τῷ
707 312 814 347 ἐκείνης
834 311 941 346 σώματι

147 360 364 395 ὲνανορωπήσας
384 359 548 393 γεγένηται·
573 357 753 392 ποιμαίνοντα
772 354 800 382 δὲ
817 355 898 382 αὑτὸν
912 355 941 381 ὲν

148 407 205 436 τοῖς
223 405 337 439 κρίνοις,
355 403 405 434 τὰς
417 402 588 438 ἀμερίμνους
604 402 679 435 λέγει
693 402 780 436 ψυχὰς
795 401 841 427 ὑπ’
859 399 941 427 αὑτοῦ

149 449 344 484 ποιμαίνεσθαι
370 447 553 483 σημαίνουσα,
577 447 615 478 ὡς
642 447 698 473 τῶν
722 445 941 482 περισπωμένων

150 494 203 521 ὑπὸ
218 494 267 529 τῆς
294 493 455 528 σωματικῆς
479 492 607 527 ἀσχολίας
627 492 680 524 ἔξω
702 491 752 526 τῆς
767 491 864 517 τούτου
882 499 942 517 ποι-

151 538 286 573 μαντικῆς
300 537 397 563 ὄντων.
413 536 555 571 [Ιοιμαίνει
568 536 596 562 δὲ
609 537 637 563 ἐν
652 535 756 571 κρίνοις
774 536 804 562 οὐ
819 534 862 561 διὰ
876 543 943 562 παν-

153 586 209 617 τδς,
227 585 284 612 ἀλλ’
296 584 348 616 ἓως
360 583 408 610 τοῦ
422 583 583 610 διαπνεῦσαι
597 585 646 616 τὴν
663 583 814 618 μέλλουσαν
824 583 941 618 ἡμέραν,

152 633 199 658 καὶ
214 629 359 664 κινηθῆναι
375 630 424 660 τὰ,
437 628 516 660 σκιὰς
527 629 581 655 τῶν
596 628 741 664 παρόντων
754 628 940 662 πραγμάτων.

156 675 187 702 'U
204 675 231 701 δὲ
243 675 403 709 Σύμμαχος,
432 673 592 709 πεποιηκὼς
615 673 630 699 ὁ
657 672 808 708 ποιμαίνων
822 673 856 699 τὰ
874 672 942 708 ἄνθη

150 721 262 755 ἔδειξεν,
275 722 315 748 ὅτι
327 721 378 747 οὐκ
394 721 423 746 ἐν
434 720 510 754 τόπῳ
525 720 637 755 κρίνων,
651 719 709 745 ἀλλ’
726 718 798 745 αὐτὰ.
815 718 849 744 τὰ
861 718 944 753 κρίνα

151 769 292 804 ποιμαίνει
305 768 356 799 τὰς
368 767 540 802 ἀμερίμνους
551 765 652 800 ψυχὰς,
668 764 781 791 καὶτῶν
796 764 898 799 γηΐνων
911 764 942 790 οὐ

151 814 358 850 φροντιζούσας,
368 812 459 844 καθὼς
470 811 769 845 ἀποδέδοται,Ἔφαμεν
777 809 806 836 δὲ
815 809 944 844 ἀνωτέρω

151 859 220 893 ἂνθη
237 857 376 891 λέγεσθαι,
395 857 459 887 τοὺς
475 857 504 882 ὲν
525 854 564 890 τῷ
581 853 789 890 Χριστιανισμῷ
807 853 944 888 ἀνθήσαν-

151 913 202 935 vra;
226 903 339 937 ἁγίους·
359 902 405 929 καὶ
426 900 546 928 ἐνταῦθα
568 900 615 927 οὖν
642 899 730 926 ταῦτα
751 898 890 934 ποιμαίνει
914 898 948 924 τὰ

152 949 233 984 ἄνθη·
245 949 292 975 καὶ
305 948 336 975 τδ
344 946 490 981 utr-110601.
503 945 537 973 δὲ
551 945 680 977 αΙσκιαὶ,
693 945 742 980 τὴν
758 945 813 972 τῶν
828 943 948 980 νομικῶν

154 995 242 1029 ἔργων
259 992 434 1028 περιαίρεσιν
450 991 591 1026 σημαίνει,
607 991 688 1022 σκιὰς
703 990 757 1017 ὑπὸ
776 988 824 1016 τοῦ
840 989 947 1016 Παῦλον

154 1040 285 1070 πολλάκις
301 1037 462 1074 εἰρημένας.

196 1084 374 1119 Ὧριτένους.
395 1098 430 1103 —-
452 1082 485 1109 Ἦ
508 1081 613 1117 Νύμφη
638 1081 706 1117 προς
735 1083 797 1113 τοὺς
823 1081 949 1116 ἑταίρους

155 1131 202 1158 τοῦ
217 1130 345 1165 Νυμφίου
361 1129 454 1164 φησίν,
474 1137 500 1154 κ.
516 1137 542 1154 τ,
558 1127 583 1156 λ.
596 1127 666 1162 (45).

196 1175 411 1208 Ἀπόστρεψον,
428 1171 597 1206 ὁμοιώθητι,
614 1170 655 1197 σὺ
667 1169 811 1204 ἁδελφιὸἑ
825 1178 896 1204 μου,
911 1168 949 1203 τῇ

154 1219 277 1254 δορκάδι
293 1219 311 1253 ἢ
328 1217 422 1254 νεϐρῷ
441 1217 562 1252 ἐλάφων
576 1216 626 1243 ἐπὶ
650 1215 687 1243 τὰ
701 1216 754 1251 ὄρη
772 1215 832 1244 τῶν
845 1217 950 1243 uotiu-

152 1267 266 1302 μάτων.

191 1312 368 1346 Γρηγορίου.
382 1325 417 1330 -
435 1309 620 1345 Ἀπόστρεψον
644 1309 698 1336 τῶν
720 1307 814 1335 κακῶν
833 1308 883 1343 τὴν
900 1316 949 1342 φο-

157 1358 224 1394 ράν·
242 1357 280 1383 ἴδε
294 1357 332 1389 ὠς
346 1355 446 1391 δορκὰς
464 1356 479 1382 ὁ
491 1355 540 1387 τὰς
559 1354 726 1389 ἐνθυμήσεις
745 1353 799 1380 τῶν
811 1352 950 1389 ἀνθρωπί-

155 1413 209 1431 νων
227 1403 334 1437 βλέπων
346 1410 353 1417 ·
369 1402 502 1434 ἀφάνισον
516 1400 566 1435 τὴν
581 1399 663 1435 γονὴν
673 1399 722 1434 τῆς
739 1398 838 1430 κακίας
850 1399 888 1430 ὡς
905 1407 949 1425 νε-

156 1449 223 1483 ϐρδς
238 1448 347 1482 ﬁdqu
362 1446 544 1479 ἐξαναλίσκων
558 1445 589 1472 τὺ
610 1444 688 1479 γένος
703 1444 750 1470 τοῦ
768 1444 856 1478 ὄφεως
866 1451 872 1457 ·
884 1444 950 1478 ὁρᾷς

156 1495 213 1530 γὰρ
229 1494 263 1520 τὰ
279 1493 356 1520 κοῖλα
370 1492 415 1519 τοῦ
428 1491 601 1527 ἀνθρωπείου
614 1490 673 1525 βίου
684 1498 691 1504 ·
707 1490 762 1516 πᾶν
773 1489 828 1524 γὰρ
839 1489 869 1515 τὸ
879 1489 950 1516 κατά

223 1539 351 1574 ἀληθείας
365 1525 516 1573 ὑψούμενον
527 1536 665 1572 βάραθρόν
679 1536 738 1562 ἐστι
752 1536 801 1561 καὶ
812 1535 862 1561 οὑκ
874 1535 948 1570 ὅρος,
961 1525 984 1558 C

157 1585 297 1618 κοίλωμα,
313 1583 361 1609 καὶ
373 1582 422 1608 οὐκ
437 1582 599 1616 ἀνάστημα·
615 1580 663 1607 ἐὰν
678 1577 724 1606 οὖν
735 1578 889 1614 ὲπιδράμῃς
903 1579 950 1604 ἐπὶ

156 1629 257 1661 ταῦτα,
270 1628 366 1663 φησὶν,
382 1627 457 1653 πᾶσα
476 1625 588 1660 φάραγξ
599 1623 822 1659 πληρωθήσεται,
833 1623 881 1649 καὶ
895 1622 950 1650 πᾶν

159 1677 190 1701 τὸ
203 1673 324 1700 τοιοῦτον
336 1673 398 1708 ὅρος
408 1671 657 1706 ταπεινωθήσεται.

193 1719 314 1746 Νείλου.
334 1733 368 1738 -
382 1717 442 1747 Πῶς
460 1716 510 1751 ἤδη
530 1714 646 1742 εἰποῦσα
665 1715 708 1741 ὅτι
720 1713 841 1748 Ὅμοιός
864 1712 950 1739 ἐστιν

160 1767 177 1792 ὁ
191 1764 349 1799 ἀδελφιδός
373 1772 432 1798 μου
459 1762 500 1795 τῷ
521 1762 658 1796 δόρκωνι,
684 1761 732 1787 καὶ
752 1760 787 1787 τὰ
811 1760 886 1794 ἑξῆς,
901 1760 950 1787 νῦν

160 1810 244 1836 πάλιν
265 1809 358 1844 φησιν,
389 1808 593 1842 Ἀπόστρεψον
618 1807 669 1833 οὐκ
686 1806 734 1833 ἐπὶ
757 1806 807 1841 ὅρη
836 1805 948 1840 Βαιθὴλ,

160 1856 219 1883 ἀλλ’
235 1855 284 1881 ἐπὶ
300 1855 354 1888 ὅρη
372 1852 573 1888 κοιλωμάτων.
591 1852 629 1878 Τὸ
653 1852 702 1888 μὲν
718 1851 755 1883 ὡς
772 1852 822 1886 ἥδη
837 1851 950 1886 γενόμε-

160 1912 205 1930 νον
223 1903 349 1934 εἰποῦσα,
367 1901 397 1927 τὸ
421 1901 450 1927 δὲ
474 1899 684 1936 προστακτικῶς
698 1899 845 1926 ἀναλαϐεῖν
867 1898 949 1925 αὐτὸν

160 1948 418 1984 παρακελευομένη·
442 1946 510 1972 ἀλλὰ
527 1945 635 1981 μήποτε
656 1945 673 1980 ἡ
689 1944 806 1980 διαφορὰ
832 1944 881 1980 τῆς
895 1944 949 1970 τῶν

159 1994 231 2030 ὀρῶν
246 1992 394 2027 ὀνομασίας
407 1992 435 2018 ἐν
451 1989 491 2022 οἷς
503 1990 608 2024 γίνεται
623 1989 681 2016 λύει
697 1990 729 2016 τὸ
741 1989 947 2025 ἀπορούμενον;

161 2041 218 2066 ἐκεῖ
231 2039 285 2073 γὰρ
299 2035 374 2064 εἶπεν
389 2037 438 2064 ἐπὶ
450 2036 486 2064 τὰ
501 2036 554 2070 ὅρη
571 2036 696 2070 Βαιθὴλ,
712 2035 829 2062 ἐνταῦθα
842 2035 880 2068 δὲ,
900 2035 949 2062 ἐπὶ

160 2085 196 2112 τὰ
214 2085 267 2118 ὄρη
281 2084 472 2118 κοιλωμάτων
483 2091 490 2099 ·
504 2082 575 2117 τάχα
588 2080 644 2114 οὖν,
658 2081 690 2108 τὸ
703 2081 752 2115 μὲν
765 2081 891 2116 σημαίνει
902 2081 948 2107 τὸν

161 2131 301 2166 περίγειον
313 2130 404 2160 τὸπον,
420 2128 449 2155 τὸ
461 2128 489 2154 δὲ
503 2129 550 2154 τὸν
563 2127 640 2163 ᾅδην,
652 2127 706 2153 ἀπὸ
719 2127 768 2162 τῆς
781 2127 945 2161 κοιλότητος·

969 121 1129 151 CANTICA
1148 121 1292 152 CANTIC.
1709 118 1776 153 1614

957 176 983 206 Α
995 177 1081 204 solius
1094 177 1215 212 appellat
1225 184 1273 211 per
1288 176 1435 211 proborum
1447 183 1558 211 operum
1570 177 1777 212 proprietatem.

995 220 1065 253 Quia
1080 221 1153 249 enim
1172 226 1273 255 corpus
1287 227 1367 247 suum
1381 227 1436 248 non
1458 220 1646 252 fornicationi.
1661 222 1708 248 sed
1723 221 1778 248 Do-

993 268 1071 294 mino
1083 267 1207 299 dederat,
1219 272 1364 302 propterea
1383 267 1466 294 etiam
1483 266 1615 294 Dominus
1638 267 1725 302 ipsius
1750 267 1778 294 in

995 311 1187 339 incarnatione
1207 319 1310 347 corpus
1333 313 1496 347 assumpsit.
1515 312 1676 340 Pascentem
1698 321 1780 348 porro

994 357 1084 392 ipsum
1103 358 1130 385 in
1148 357 1213 385 liliis
1225 358 1303 391 dicit,
1324 358 1432 386 animas
1449 366 1578 385 curarum
1595 362 1720 393 expertes
1745 360 1780 386 ah

995 403 1058 438 ipso
1074 403 1149 437 pasci
1176 402 1349 438 signiﬁcans,
1363 403 1405 431 sic
1427 407 1457 430 ut
1476 405 1574 431 animae
1589 404 1781 439 corporalibus

995 448 1227 484 occupationibus
1244 449 1394 481 distractae.
1416 449 1451 477 ab
1471 449 1531 484 ipso
1544 458 1597 477 non
1618 455 1780 486 pascantur.

996 494 1089 521 Pascit
1109 498 1200 521 autem
1216 494 1287 521 inter
1299 494 1355 521 lilia
1369 501 1424 522 non
1442 502 1561 530 semper,
1575 495 1620 523 sed
1633 495 1719 522 donec
1732 496 1781 522 ad-

996 541 1084 576 spiret
1110 540 1201 568 futura
1225 540 1296 574 dies,
1310 545 1338 568 et
1358 541 1462 569 umbrae
1485 549 1576 568 rerum
1605 542 1782 576 praesentium

996 592 1191 614 amoveantur.
1206 586 1388 622 Symmachus
1399 592 1490 614 autem
1506 595 1568 614 cum
1586 587 1652 614 fecit
1668 595 1780 621 pascen-

997 636 1051 660 tem
1068 633 1159 664 ﬂores,
1177 632 1298 660 ostendit
1314 640 1376 660 eum
1389 640 1444 659 non
1459 632 1485 659 in
1505 633 1567 660 loco
1588 632 1720 665 liliorum,
1736 629 1782 660 sed

997 679 1055 713 ipsa
1076 678 1131 706 lilia
1149 686 1272 713 pascere.
1289 676 1396 706 animas
1409 686 1507 713 nempe
1519 686 1646 706 curarum
1657 684 1783 714 expertes

996 728 1023 751 et
1034 723 1105 751 nihil
1120 731 1214 750 rerum
1229 727 1398 751 terrenarUm
1411 727 1566 757 satagentes
1583 727 1612 750 ut
1628 723 1782 758 expositum

996 773 1050 798 est.
1073 769 1196 797 Diximus
1217 774 1308 796 autem
1322 768 1450 803 superius
1465 768 1545 796 ﬂores
1560 768 1614 795 dici
1630 773 1744 796 sanctos
1753 769 1782 796 itt

997 814 1214 842 Christianismo
1229 814 1359 842 ﬂorentes
1373 823 1379 841 :
1396 818 1423 841 et
1440 815 1484 841 hic
1502 814 1587 850 igitur
1605 814 1686 842 liores
1701 815 1785 842 hosce

959 857 984 886 B
999 861 1099 896 pascit.
1118 861 1209 896 Atque
1240 861 1306 888 illud
1322 869 1330 888 :
1353 860 1510 888 .Iloveantur
1531 860 1642 893 umbraz,
1658 860 1785 896 legalium

999 914 1113 942 operum
1133 907 1320 934 sublationem
1339 906 1475 942 designat,
1491 913 1552 942 quae
1563 911 1591 934 et
1605 906 1715 934 aPaulo
1732 906 1786 934 [res

998 958 1116 987 quenter
1133 953 1235 980 umbra:
1248 952 1388 980 dicuntur.

1035 1089 1166 1124 Origenis.
1180 1103 1214 1108 —
1229 1087 1336 1124 Sponsa
1358 1088 1391 1115 ad
1407 1089 1516 1116 sodales
1529 1087 1628 1122 Spousi
1647 1088 1728 1115 verba
1744 1088 1787 1116 fab

999 1135 1047 1166 cit,
1063 1139 1118 1162 etc.

1033 1179 1180 1213 Revertere,
1189 1180 1283 1207 similis
1291 1178 1399 1215 efﬁcere,
1411 1179 1549 1215 fratruelis
1562 1180 1609 1211 mi.
1631 1184 1731 1213 capreae
1748 1179 1786 1206 vel

999 1225 1108 1253 [tinnula
1121 1232 1256 1253 cervorum
1268 1233 1348 1260 supra
1365 1230 1464 1253 montes
1479 1226 1684 1252 concavitatum.

1035 1311 1167 1348 Gregorii.
1181 1329 1218 1334 —
1229 1313 1330 1340 Averte
1345 1314 1482 1341 malorum
1496 1315 1637 1342 incursum
1655 1323 1663 1342 :
1683 1315 1746 1343 vide
1758 1318 1788 1343 ut

999 1366 1098 1394 caprea
1113 1363 1140 1386 tu
1157 1359 1205 1393 qui
1231 1358 1334 1393 aspicis
1355 1359 1540 1394 cogitationes
1554 1360 1707 1388 hominum.
1724 1360 1788 1388 Dele

999 1403 1106 1438 peccati
1123 1403 1328 1438 generationem
1337 1403 1409 1431 sicut
1425 1404 1554 1432 hinnulus
1565 1413 1709 1433 cervorum
1722 1414 1789 1433 con-

1000 1448 1084 1476 sumit
1099 1456 1186 1484 genus
1209 1453 1378 1483 serpentum.
1396 1448 1477 1477 Vides
1493 1457 1631 1478 concavos
1648 1452 1712 1478 vitm
1735 1451 1787 1478 hit-

1001 1501 1089 1521 mante
1102 1498 1212 1521 montes
1234 1503 1240 1520 :
1256 1494 1391 1528 quidquid
1404 1495 1477 1522 enim
1494 1495 1627 1524 adversus
1646 1497 1788 1524 veritatem

1001 1538 1143 1565 extollitur
1165 1538 1327 1565 barathrum
1344 1543 1396 1571 est,
1415 1545 1507 1566 etnon
1522 1547 1612 1573 mons,
1630 1543 1789 1569 concavitas

1001 1587 1028 1612 et
1042 1591 1096 1611 non
1111 1591 1260 1619 assurgens
1273 1584 1422 1620 fastigium.
1440 1585 1468 1612 Si
1484 1593 1558 1621 ergo,
1576 1587 1675 1622 inquit,
1688 1588 1720 1615 ad
1734 1589 1789 1616 lucc

1001 1630 1180 1662 accurreris,
1208 1638 1218 1655 ι
1250 1630 1340 1658 omnis
1364 1631 1442 1659 vallis
1474 1631 1633 1667 implebitur
1660 1637 1687 1660 et
1711 1641 1789 1662 mons

1001 1675 1193 1702 humiliabitur
1221 1675 1254 1702 "‘.
1275 1684 1284 1700 ι

1037 1719 1105 1747 Nili.
1116 1735 1152 1740 —
1166 1720 1235 1748 Cum
1250 1721 1328 1754 prius
1349 1721 1465 1749 dixisset
1480 1731 1486 1748 :
1502 1722 1603 1750 Similis
1615 1729 1653 1750 est
1671 1724 1790 1758 fratrue-

1001 1765 1033 1792 lis
1050 1774 1122 1793 meus
1137 1773 1249 1800 capt-em,
1278 1771 1346 1798 εισι,
1366 1774 1442 1794 nune
1455 1767 1553 1795 iterum
1569 1769 1608 1796 ait
1625 1778 1631 1796 :
1645 1769 1788 1804 Revertere,

1000 1818 1056 1837 non
1073 1811 1106 1837 ad
1124 1815 1231 1839 montes
1250 1811 1355 1844 Bethel,
1372 1812 1417 1838 sed
1430 1820 1511 1847 supra
1526 1818 1625 1840 montes
1638 1817 1790 1843 concavitao

1001 1861 1065 1882 tum.
1080 1855 1151 1883 Illud
1170 1855 1280 1891 quidem
1299 1860 1328 1883 ut
1343 1856 1447 1890 pridem
1460 1856 1564 1885 factum
1585 1866 1713 1891 narrans,
1737 1861 1790 1888 hoc

1000 1906 1091 1928 autent
1108 1901 1270 1936 imperative
1279 1908 1422 1929 assumere
1438 1902 1527 1937 ipsqu
1542 1902 1652 1938 jubeus.
1666 1903 1719 1932 Sed
1735 1905 1790 1932 for-

999 1946 1071 1974 sitan
1083 1946 1229 1974 diversitas
1254 1947 1488 1974 denominationis
1500 1949 1633 1975 montium
1648 1949 1675 1976 in
1689 1950 1790 1984 quibus

1000 1992 1042 2024 ﬁt,
1056 1991 1171 2019 dubium
1188 1991 1279 2019 solvit.
1298 1992 1337 2019 Ibi
1352 1992 1425 2019 enim
1442 1992 1524 2025 dixit,
1537 1993 1563 2020 in
1578 1994 1712 2022 montibus
1737 1995 1789 2023 Βε-

1000 2040 1064 2073 thel,
1078 2040 1120 2067 hic
1132 2048 1213 2074 supra
1229 2044 1333 2067 montes
1355 2041 1559 2067 concavilatum.
1573 2040 1709 2070 Fortassis
1722 2043 1789 2078 igitu

999 2087 1068 2118 illud
1082 2086 1223 2121 signiﬁcat
1242 2086 1332 2113 locum
1353 2091 1433 2114 terra“
1450 2086 1583 2120 vicinum,
1600 2088 1652 2115 hoc
1662 2096 1733 2116 -vero
1749 2090 1790 2117 iu-

999 2132 1106 2159 fernum
1116 2139 1166 2167 per
1176 2132 1387 2164 concavitatem,
1398 2132 1461 2159 utid
1472 2133 1544 2167 quod
1557 2133 1657 2161 dicitur
1665 2135 1701 2162 sit
1709 2135 1790 2170 hujus

159 2176 197 2207 ὡς
209 2174 278 2202 εἶναι
292 2175 323 2201 τὸ
333 2175 479 2209 λεγόμενον
489 2173 696 2208 τοιοῦτον.Ἢδη
711 2173 759 2207 μὲν
770 2172 849 2207 φύσει
863 2173 946 2208 ὡμοι-

1003 2177 1078 2205 modi
1097 2186 1105 2205 ι
1122 2176 1290 2213 Jampridem
1310 2178 1435 2212 quidem,
1454 2185 1470 2204 o
1486 2178 1603 2213 Sponse,
1620 2180 1790 2209 assimilatus

159 2222 245 2255 ώθης,
260 2218 283 2248 ὦ
299 2221 420 2256 Νυμφίε,
433 2220 472 2255 τῷ
486 2221 601 2254 δόρκωνι
617 2219 665 2246 καὶ
678 2218 767 2254 νεϐρῷ
777 2218 886 2253 ἐλάφων
903 2219 946 2245 ἐπὶ

1005 2230 1036 2250 es
1055 2230 1160 2258 capreae
1172 2222 1344 2257 hinnuloque
1369 2230 1515 2250 cervorum
1535 2224 1563 2251 in
1581 2225 1720 2253 montibus
1738 2226 1790 2254 Be-

160 2268 196 2294 τὰ
209 2267 260 2302 ὅρη
276 2266 389 2302 Βαιθὴλ,
402 2266 585 2302 εὐεργετήσας
599 2266 663 2296 τοὺς
676 2264 750 2300 τῇδε,
759 2264 861 2296 καὶτὰς
875 2266 952 2291 ὲναν-

159 2313 221 2344 sla;
235 2312 365 2347 δυνάμεις
389 2311 545 2345 ὑποτάξας·
572 2312 697 2338 λείπεται
717 2309 745 2337 δὲ
767 2310 815 2336 καὶ
841 2310 904 2341 τοὺς
920 2311 950 2337 ἐν

161 2357 330 2392 καταχθονίῳ
344 2356 420 2391 τόπῳ
442 2355 643 2391 κατεχομένους
658 2354 703 2381 διὰ
716 2355 762 2381 τὸν
785 2353 832 2381 ἐπὶ
845 2354 949 2386 πάντας

162 2402 272 2437 βασιλεύ
277 2411 360 2429 σαντα
370 2402 483 2429 θάνατον
491 2400 646 2428 ἀπολαῦσαι
653 2402 703 2436 τῆς
714 2399 765 2435 σῆς
778 2399 949 2434 εὐεργεσίας,

162 2448 203 2474 ἑτι
218 2448 247 2474 δὲ
259 2448 304 2475 καὶ
317 2448 366 2480 τὰς
384 2449 442 2474 ὲκεῖ
457 2447 611 2483 κρατούσας
628 2447 757 2481 δυνάμεις
771 2447 804 2481 τῇ
817 2446 950 2482 ὀσφρήσει

162 2493 289 2529 καθάπερ
302 2493 401 2528 ἔλαφος
412 2493 618 2528 ἀνιμησάμενος
629 2492 816 2527 κατάργησον.

203 2539 382 2573 Ὠριγένους.
399 2538 487 2564 -Τὰ
511 2538 632 2573 πρότερα
661 2537 730 2573 πρὸς
758 2537 805 2569 τὰς
826 2536 950 2568 νεάνιδας

162 2580 240 2609 εἶπεν
256 2584 273 2618 ἡ
290 2583 404 2619 Νύμφη,
420 2592 448 2611 κ.
467 2592 494 2611 τ.
509 2583 534 2611 λ.
548 2583 614 2618 (Μ).

197 2629 342 2661 Φίλωνος.
356 2643 391 2648 -
405 2629 440 2655 Ἣ
463 2629 510 2656 καὶ
534 2629 707 2665 ἁπόστρεψον
728 2627 784 2655 ἀπὸ
803 2627 858 2654 τῶν
881 2627 948 2654 Ἰου-

198 2709 221 2725 ⁵³
236 2708 290 2736 Isa.
311 2717 356 2742 ιι..
371 2710 388 2736 4
403 2718 411 2744 ;
428 2710 494 2738 Luc.
507 2717 546 2743 ιιι,
567 2710 592 2738 5.

1006 2267 1074 2300 thel,
1092 2266 1130 2293 ibi
1153 2266 1311 2294 habitantes
1320 2266 1461 2294 beneﬂciis
1470 2267 1592 2295 alliciens
1602 2270 1791 2298 etcontrarias

1002 2313 1123 2341 virtutes
1139 2311 1280 2346 subigens.
1295 2310 1390 2339 Restat
1402 2315 1493 2338 autem
1506 2317 1537 2339 ut
1549 2317 1575 2340 et
1587 2313 1614 2340 Ili
1631 2313 1678 2348 qui
1698 2314 1725 2341 iu
1740 2315 1793 2342 sub

1002 2363 1133 2386 terraneo
1150 2358 1211 2384 loco
1227 2364 1274 2392 per
1291 2361 1407 2384 mortem
1434 2357 1462 2384 in
1484 2365 1580 2385 omnes
1605 2357 1791 2386 dominantem

1000 2403 1171 2435 detinentur,
1181 2401 1322 2430 beneﬁciis
1338 2402 1395 2429 tuis
1407 2401 1601 2437 perfruantur:
1620 2402 1693 2431 Vade
1710 2404 1792 2438 igitur

1001 2453 1029 2478 et
1041 2449 1157 2477 virtutes
1165 2455 1227 2482 quae
1237 2447 1294 2475 illic
1310 2447 1449 2482 imperant
1463 2447 1578 2475 odoratu
1595 2449 1676 2482 quasi
1694 2457 1791 2478 cervus

1000 2494 1163 2522 exanimans
1178 2493 1249 2520 dele.

1039 2539 1172 2574 Origenis.
1184 2553 1219 2558 —
1234 2537 1334 2565 Priora
1346 2537 1379 2565 ad
1394 2538 1618 2567 adolescentulas
1627 2539 1734 2576 Sponsa
1749 2539 1792 2567 di-

1003 2586 1090 2614 xerat,
1105 2587 1159 2609 etc.

1041 2627 1174 2655 Philonis.
1184 2642 1219 2646 —
1232 2626 1282 2655 Vel
1294 2627 1376 2654 etiam
1393 2633 1530 2656 revertere
1542 2636 1555 2656 a
1566 2627 1668 2658 Iudicis
1681 2630 1715 2658 ad
1726 2638 1791 2666 gen-

916 2765 1039 2803 _NOT)E.

201 2814 258 2842 Ml’ﬂ
273 2813 379 2843 Patrol.
396 2818 416 2842 t.
434 2814 516 2849 XVII,
534 2815 586 2843 col.
599 2814 662 2848 265,
677 2814 741 2843 268.

1046 2810 1104 2846 (Η)
1121 2807 1226 2838 Patrol.
1243 2813 1263 2836 t.
1277 2807 1358 2841 XVII,
1372 2807 1424 2836 col.
1439 2808 1503 2837 ὅίϐ.
