1966 3074
140 123 207 155 1315

806 123 984 154 PROCOPII
1001 123 1122 153 GAZ/EI

1707 119 1776 152 1616

139 184 189 207 tes.
206 178 307 206 Montes
323 183 412 205 autem
429 179 519 214 iustos
533 179 612 211 dixit,
633 183 745 214 propter
760 179 919 205 suhliniita-

988 177 1054 204 αίων
1070 179 1108 209 εἰς
1124 178 1158 204 τὰ
1172 177 1235 213 ἔθνη
1247 199 1254 206 .
1273 178 1341 210 Ὄρη
1357 177 1384 203 δὲ
1406 177 1470 208 τοὺς
1486 177 1608 208 δικαίους
1623 176 1676 211 ἔφη
1690 176 1734 203 διὰ
1745 176 1775 202 τὸ

139 228 206 256 tein;
226 223 423 250 cancavilutum
435 231 499 250 vero
515 226 628 258 propter
642 222 836 249 humilitatem.

178 269 285 305 Cyrilli.
302 284 337 290 —
353 269 440 304 Rogat
456 274 485 296 ιιι
502 269 627 304 Sponsus
645 267 834 303 inl'rugil'eram
854 266 924 302 Syn-

138 323 253 350 agogam
273 315 420 349 relinquat,
438 320 465 342 et
484 316 575 342 veniat
594 314 627 342 ad
656 322 705 341 eos
735 313 781 349 qui
798 321 832 340 ex
858 321 924 340 cun-

138 367 204 385 cava
220 362 247 386 ct
258 359 402 386 humiliata
416 360 493 392 olim,
503 364 585 394 atque
602 359 773 386 idololatrica
786 357 877 384 anima
893 357 926 384 ad

138 405 280 432 caelestem
294 405 486 433 celsitudinem
506 405 700 433 ascenderunt.

465 450 541 478 CAP.
557 450 600 478 Ill.

176 495 259 524 Vnus.
284 497 338 524 1-4.
369 496 402 524 1η
436 497 518 524 cubili
543 505 610 529 meo,
637 497 665 523 in
687 496 806 523 noctibus
819 496 928 531 qua'sivi

137 549 213 575 quem
226 541 318 568 dilexit
333 542 424 568 anima
437 549 513 574 mea;
528 542 635 577 qumivi
654 549 724 574 cuin,
740 546 763 569 et
779 550 830 568 non
843 542 929 568 inveni

139 594 218 619 eum;
234 588 322 614 vocavi
338 595 397 614 cum
409 592 433 614 ct
449 596 498 614 non
512 587 612 614 audivit
629 595 679 614 me.
697 586 849 622 Emaurgam
862 595 930 614 nunc

139 637 163 659 et
181 633 298 660 circuibo
317 634 343 659 in
360 633 477 666 civitate,
489 633 516 659 in
533 633 600 667 foris
613 639 638 659 et
656 633 684 659 in
699 632 806 667 plutei»,
821 637 845 658 et
858 640 932 667 quie-

139 686 197 705 ram
209 687 284 714 quem
299 678 394 705 dilexit
415 681 505 705 anima
526 687 604 712 mea;
625 679 736 714 quwsiui
757 686 817 705 eum
831 684 855 705 et
878 686 930 704 non

139 725 225 752 inveni
243 732 312 751 eum:
328 724 419 751 vocavi
432 732 490 751 eum
502 729 528 751 et
546 733 598 752 non
617 724 753 752 obaudivit
779 732 829 751 me.
857 723 930 750 Inve-

140 776 235 799 nerunt
245 779 284 798 me
293 771 412 798 custodes
423 771 467 806 qui
479 770 643 797 circumeunt
666 770 830 797 incivitate:
848 769 932 796 Nunt-

139 818 202 851 quid
220 825 294 852 quem
306 817 398 843 dilexit
411 817 503 843 anima
528 824 588 843 mea
600 817 703 843 vidistis
719 816 731 843 ?
746 816 833 849 Quam
850 815 933 842 modi-

979 223 1097 259 ὑψηλόν
1115 223 1308 257 κοιλωμάτων
1323 224 1351 249 δὲ
1375 224 1418 251 διὰ
1439 225 1489 259 τὴν
1510 223 1774 257 ταπεινοφροσύνην,

1015 269 1175 303 Κυρίλλου.
1192 270 1316 295 -Λὶτεί
1339 269 1384 295 τὸν
1411 269 1548 304 Νυμφὶον,
1575 267 1625 303 τὴν
1650 267 1777 303 ἄκαρπον

979 314 1127 348 ἀπαλεῖψαι
1144 315 1319 349 συναγωγὴν,
1339 314 1385 341 καὶ
1402 315 1489 341 ἐλθεῖν
1505 314 1552 341 ἐπὶ
1574 315 1639 345 τοὺς
1653 314 1702 349 τῆς
1718 314 1776 340 κοι-

980 360 1030 396 λης
1043 361 1090 387 καὶ
1109 361 1349 397 τεταπεινωμένης
1366 360 1449 387 πάλαι
1467 360 1514 387 καὶ
1527 359 1776 395 εἰδωλολατρούσης

982 407 1071 442 ψυχῆς
1086 407 1134 433 ἐπὶ
1149 407 1277 443 οὐράνιον
1291 407 1357 442 ὕψος
1375 407 1532 438 ἀναὸἀντας

1291 452 1416 479 ΚΕΦΑΛ.
1437 451 1475 477 I".

1019 497 1103 524 α’.-δ’.
1122 497 1188 524 Ἐπὶ
1203 497 1259 530 τὴν
1268 498 1377 530 κοίτην
1390 505 1448 531 μου
1460 495 1496 522 ἐν
1507 495 1597 528 ’νυξὶν
1610 494 1776 529 εξεζητησα

983 542 1019 569 ὃν
1035 542 1194 577 ἠγάπησεν
1213 543 1232 577 ἠ
1249 541 1334 576 ψυχή
1355 550 1434 575 μου·
1451 540 1582 575 ἐζήτησα
1600 540 1704 571 αὑτὸν,
1723 539 1772 566 καὶ

983 589 1039 622 οὐκ
1059 586 1150 622 εὗρον
1165 588 1277 615 αὐτόν·
1294 588 1429 615 ἐκάλεσα
1445 588 1542 614 αὐτὸν
1559 588 1619 619 ,καὶ
1642 588 1698 620 οὐχ
1716 587 1774 613 ὺπ-

983 634 1099 668 ήκουσέ
1108 643 1168 669 μου
1179 642 1186 649 ·
1196 634 1406 669 ἀναστήσομαι
1415 633 1452 668 δὴ
1468 634 1517 660 καὶ
1528 633 1675 660 κυκλώσω
1688 633 1723 659 ἐν
1737 631 1775 667 τῇ

984 681 1082 711 πόλει.
1099 680 1135 706 ὲν
1155 679 1220 712 ταῖς
1237 679 1368 714 ἀγοραῖς,
1386 679 1434 706 καὶ
1453 679 1489 705 ἐν
1510 678 1575 711 ταῖς
1600 679 1754 710 πλατείαις
1767 686 1773 692 -

984 725 1034 752 καὶ
1048 725 1163 759 ζητήσω
1177 724 1213 752 ὃν
1229 725 1390 759 ἠγάπησεν
1412 725 1430 759 ἠ
1446 724 1531 759 ψυχή
1553 733 1612 758 μου
1622 731 1631 739 ’
1645 723 1775 756 ἐζήτησα

985 771 1088 803 αὑτὸν,
1108 771 1157 798 καὶ
1170 771 1226 805 οὐχ
1239 768 1330 804 εὖρον
1341 770 1435 797 αὐτόν
1445 777 1452 785 ·
1465 770 1599 796 ἐκάλεσα
1611 769 1714 800 αὑτὸν,
1725 768 1774 795 καὶ

984 818 1041 852 οὐχ
1058 816 1216 850 ὑπήκουσέ
1226 825 1302 852 μου·
1317 815 1451 851 εὖροσάν
1470 825 1509 851 με
1525 817 1552 842 ol
1563 815 1732 850 τηροῦντες,
1747 815 1775 841 οἱ

139 871 197 890 cum
215 863 277 897 fuit,
293 870 352 889 cum
369 862 480 888 transivi
495 861 527 887 ab
556 861 633 896 ipsis,
649 860 818 896 7uoadusque
839 860 925 887 inveni

987 862 1165 895 ιυκλοῦντες
1189 862 1225 889 ἐν·
1247 861 1285 896 τῇ
1300 862 1404 889 πόλει·
1432 863 1480 895 Μὴ
1505 861 1543 888 ὃν
1572 862 1732 896 ἠγάπησεν
1753 861 1774 895 ἡ

140 917 215 944 quem
226 909 319 936 dilexit
342 908 432 934 anima
458 915 528 936 mea.
548 906 632 934 Tenui
645 915 716 939 eum,
729 910 755 933 et
771 915 823 934 non
838 906 928 933 dimisi

140 964 210 985 eum,
225 955 307 982 donec
318 953 454 981 introduci
471 961 531 981 eum
542 953 569 980 in
582 953 691 980 domum
703 953 800 980 matris
823 960 888 980 mea:
904 958 930 980 et

140 1003 168 1027 in
182 1001 335 1028 cubiculum
348 1000 406 1035 ejus
421 1007 480 1035 ηοω
496 1000 616 1034 concepit
630 1008 680 1027 me.

177 1131 309 1167 Gregorii.
325 1131 483 1166 —Spons:n
508 1131 630 1157 narratio
656 1130 844 1165 philosophica
867 1134 929 1158 est:

141 1185 189 1214 per
210 1185 242 1204 ea
256 1183 317 1212 quae
340 1176 374 1204 de
397 1184 426 1203 se
438 1180 543 1209 narrat,
568 1177 666 1204 statuit
687 1184 719 1204 ac
742 1177 822 1204 docet
839 1183 933 1211 quein-

141 1223 289 1252 admodum
309 1230 374 1257 erga
394 1222 516 1249 divinum
540 1230 639 1250 numen
658 1230 688 1250 se
700 1230 795 1257 gerere
813 1222 933 1250 debeant

143 1276 270 1304 superna:
298 1266 514 1303 pulchritudinis
531 1272 679 1294 amatores.
696 1267 830 1294 Bil'ariam
857 1267 932 1295 enim

141 1314 273 1342 dividitur
290 1319 382 1340 rerum
398 1317 552 1340 creatarum
581 1316 679 1339 natura
694 1320 726 1340 ex
745 1321 874 1348 suprema
895 1312 934 1340 di-

141 1359 259 1387 visione.
272 1358 340 1385 Nam
355 1358 432 1385 aliud
451 1358 560 1392 quidem
581 1363 624 1385 est
642 1362 669 1386 et
688 1359 790 1387 sensile
803 1364 831 1387 et
851 1364 935 1387 mate-

142 1405 265 1438 riatum;
282 1404 355 1431 aliud
376 1408 466 1431 autem
482 1404 556 1439 quod
574 1403 754 1440 intelligentia
782 1406 935 1441 percipitur

141 1455 170 1478 et
186 1454 228 1478 est
241 1457 339 1485 expers
355 1451 487 1477 materne.
502 1449 610 1477 Rursus
620 1454 711 1477 autem
734 1457 798 1478 cum
815 1459 876 1486 qua:
890 1451 933 1478 iii-

144 1496 297 1532 telligentia
330 1496 482 1531 percipitur
506 1500 607 1523 natura
624 1495 754 1524 bifariam
777 1497 813 1523 sit
831 1497 932 1531 divisa,

142 1543 196 1570 alia
217 1541 329 1577 quidem
340 1544 381 1569 est
394 1542 517 1569 inci-eata
533 1545 560 1569 et
579 1543 698 1570 creatrix
709 1550 817 1578 semper
836 1543 933 1571 eodem

147 1589 228 1615 modo
263 1595 293 1615 se
326 1587 432 1625 habens
451 1589 529 1622 ;alia
555 1597 620 1617 vero
649 1593 743 1616 creata
768 1593 794 1616 et
821 1589 935 1624 partici-

143 1634 255 1669 patione
275 1633 336 1669 ejus
365 1634 438 1669 quod
463 1635 660 1669 supereminet,
679 1634 708 1662 in
733 1634 807 1662 bono
828 1642 937 1671 semper

145 1684 327 1707 conservatur
340 1682 367 1707 et
380 1680 408 1706 in
420 1687 453 1707 eo
468 1685 597 1715 augetur,
613 1685 641 1709 et
656 1681 684 1708 in
696 1681 785 1716 majus
802 1684 935 1714 mutatur,

145 1734 253 1761 semper
267 1726 300 1753 ad
316 1727 343 1753 id
358 1727 431 1761 quod
443 1726 541 1754 melius
555 1730 598 1754 est
617 1734 647 1754 se
663 1728 815 1755 extendens
828 1730 856 1755 et
869 1735 937 1755 nun-

143 1779 225 1806 quam
246 1779 261 1798 a
283 1772 422 1799 desiderio
441 1779 568 1799 cessans.
582 1771 733 1807 Postquam
748 1772 835 1807 igitur
850 1773 934 1800 etiam

145 1816 351 1852 Sponsatantis
372 1816 536 1845 ascensibus
563 1817 723 1850 sublimata,
739 1822 766 1845 et
780 1825 813 1845 ex
835 1818 936 1846 virtute

144 1863 172 1890 in
197 1863 327 1890 virtutem
351 1862 485 1898 profecta,
502 1867 531 1890 ut
557 1870 695 1890 summum
716 1863 774 1899 spei
800 1863 936 1891 bonorum

145 1913 273 1936 assecuta
291 1917 355 1937 esse
366 1908 513 1943 videatur;
527 1909 591 1937 boni
606 1912 699 1937 tamen
714 1909 835 1945 indigam
851 1917 881 1938 se
896 1910 937 1937 vi-

144 1955 196 1988 dit,
213 1956 311 1983 merito
339 1955 518 1989 lamentatur,
534 1959 561 1983 et
582 1961 612 1984 ut
625 1963 687 1991 qua:
701 1956 818 1984 necdum
839 1956 936 1984 habeat

144 2002 292 2036 diligentiae
308 2003 482 2038 propositum
497 2002 608 2038 angitur
618 2006 693 2030 etest
707 2003 847 2039 perplexa,
860 2011 937 2031 eam-

144 2055 198 2082 que
215 2048 424 2088 perplexitatem
447 2047 532 2075 aninii
548 2049 708 2076 narratione
722 2055 772 2076 sua
789 2048 894 2083 profert
909 2049 936 2075 in

145 2093 300 2128 publicum.
317 2093 350 2120 Et
365 2093 410 2121 ubi
430 2093 531 2127 reperit
548 2101 628 2128 quem
642 2093 783 2129 quaerebat
804 2094 937 2123 describit

146 2145 274 2166 sermone
282 2147 289 2165 :
297 2137 492 2172 perfectiorem
504 2137 617 2173 insuper
624 2138 689 2166 boni
699 2139 935 2174 participationem

981 909 1066 944 ψυχή
1089 918 1150 944 μου
1176 908 1323 941 ιδετε;ὼς
1345 908 1454 942 μικρὸν
1480 907 1530 934 ὅτε
1551 906 1710 942 παρῆλθον
1723 907 1774 933 ἀπ’

981 954 1091 987 αὐτῶν,
1106 955 1162 988 ἕως
1182 952 1218 982 οὗ
1233 952 1324 988 εὗρον
1340 953 1375 980 ὃν
1388 953 1548 988 ἠγάπησεν
1563 953 1583 987 ἡ
1598 953 1683 987 ψυχή
1696 961 1755 987 μου
1765 959 1773 967 ⁸

982 999 1134 1034 ἐκράτησα
1148 998 1250 1030 αὐτὸν,
1265 998 1315 1024 καὶ
1335 998 1391 1024 οὐκ
1411 997 1515 1031 ἀφῆκα
1539 996 1633 1023 αὑτὸν
1643 1015 1652 1028 ,
1668 996 1724 1026 ἓως
1737 992 1775 1023 οὗ

982 1045 1144 1080 εἰσήγαγον
1156 1045 1249 1070 αὐτὸν
1268 1044 1311 1076 εις
1327 1040 1412 1070 οἷκον
1420 1041 1535 1076 μητρός
1548 1050 1608 1076 μου
1621 1040 1671 1068 καὶ
1684 1041 1728 1073 εις
1740 1040 1774 1066 τὸ

982 1091 1115 1126 ταμιεῖον
1129 1089 1184 1123 τῆς
1200 1089 1420 1121 συλλαϐούσης
1431 1096 1480 1122 με.

1018 1138 1194 1172 Γρηγορῐου.
1208 1151 1243 1156 -
1258 1136 1294 1162 Τὸ
1305 1136 1355 1170 τῆς
1369 1135 1489 1170 Νύμφης
1513 1133 1646 1169 διήγημα,
1667 1133 1777 1167 φιλοσο-

985 1183 1049 1217 φίας
1062 1183 1120 1209 ἐστι
1132 1191 1139 1198 ·
1155 1182 1189 1208 δι’
1204 1178 1241 1209 ὧν
1253 1181 1288 1208 τὰ
1303 1180 1368 1216 περὶ
1384 1179 1469 1216 αὐτὴν
1489 1179 1657 1214 διεξέρχεται
1669 1187 1677 1195 ο
1702 1179 1776 1210 ὅπως

984 1228 1024 1254 δεῖ
1040 1227 1107 1262 περὶ
1121 1226 1152 1253 τὸ
1165 1226 1242 1253 Θεῖον
1254 1225 1327 1261 ἔχειν
1342 1225 1408 1257 τοὺς
1419 1225 1537 1261 ἐραστὰς
1551 1225 1597 1251 τοῦ
1610 1224 1777 1260 ὑπερκειμέ-

985 1282 1031 1300 νου
1042 1273 1158 1304 κάλλους
1173 1271 1401 1307 δογματιζούσης.
1415 1271 1481 1306 Διχῆ
1494 1271 1548 1306 γὰρ
1559 1271 1689 1306 τέτρηται
1707 1269 1777 1296 κατὰ

986 1318 1036 1354 τὴν
1061 1318 1192 1345 ἀνωτάτω
1211 1317 1345 1353 διαίρεσιν
1366 1318 1383 1352 ἡ
1399 1319 1452 1343 τῶν
1466 1317 1551 1343 ὄντων
1566 1317 1647 1351 φύσις
1658 1324 1664 1331 ·
1682 1316 1713 1343 τὸ
1726 1315 1779 1351 μὲν

988 1363 1044 1399 γὰρ
1063 1364 1137 1390 ἐστιν
1162 1363 1292 1399 αἰσθητὸν
1310 1363 1356 1390 καὶ
1379 1362 1488 1395 ὑλῶδες,
1511 1363 1541 1388 τὸ
1559 1362 1589 1389 δὲ
1611 1361 1706 1397 νοητὸν
1730 1362 1778 1389 καὶ

987 1410 1079 1437 ἄῡλον.
1103 1409 1187 1436 Πάλιν
1211 1409 1240 1436 δὲ
1255 1409 1304 1444 τῆς
1327 1408 1426 1444 νοητῆς
1443 1407 1551 1442 φύσεως
1566 1407 1628 1443 διχῆ
1643 1407 1777 1443 διῃρημέν-

987 1464 1046 1491 νης,
1073 1457 1090 1491 ὴ
1109 1456 1159 1491 μὲν
1183 1455 1310 1486 ἄκτιστός
1337 1455 1396 1481 ἐστι
1420 1454 1469 1480 ita).
1495 1454 1634 1489 ποιητικὴ,
1661 1454 1777 1480 πάντοτε

988 1501 1119 1533 ὡσαύτως
1132 1501 1244 1537 ἔχουσα·
1263 1502 1281 1536 ἡ
1295 1500 1323 1528 δὲ
1346 1500 1456 1535 κτιστὴ,
1472 1500 1520 1527 καὶ
1535 1501 1567 1535 τῇ
1583 1499 1714 1535 μετουσίᾳ
1729 1498 1778 1526 τοῦ

986 1548 1168 1584 ὑπερέχοντος
1185 1549 1214 1574 ὲν
1232 1547 1271 1582 τῷ
1292 1546 1385 1582 ἀγαθῷ
1401 1547 1445 1573 διὰ
1460 1546 1560 1577 παντὸς
1581 1548 1776 1582 συντηρείται·

987 1594 1034 1621 καὶ
1049 1593 1116 1628 πρὸς
1138 1593 1205 1620 αὐτὸ
1219 1592 1331 1626 αὒξεται
1351 1592 1398 1619 καὶ
1415 1592 1483 1628 πρὸς
1495 1591 1526 1618 τδ
1546 1590 1637 1627 μεῖζον
1655 1591 1778 1618 ἀλλοιοῦ-

986 1647 1047 1666 ται·
1063 1639 1107 1666 ἀεὶ¹
1125 1638 1193 1674 πρὸς
1205 1638 1236 1665 τὺ
1252 1639 1379 1673 κρεῖττον
1394 1637 1618 1672 ἑπεκτεινομένη,
1635 1638 1682 1664 καὶ
1695 1637 1779 1672 μηδέ-

989 1693 1054 1712 ποτε
1068 1684 1118 1719 τῆς
1133 1685 1253 1719 ἐφέσεως
1275 1683 1412 1719 λήγουσα·
1436 1683 1498 1709 ἐπεὶ
1520 1681 1567 1710 οὖν
1581 1683 1628 1710 καὶ
1645 1683 1662 1718 ἡ
1675 1682 1779 1718 Νύμφη

988 1730 1134 1762 τοσαύταις
1156 1730 1262 1762 ἀνόόοις
1283 1729 1434 1764 ὑψωθεῖσα,
1451 1728 1500 1756 καὶ
1524 1730 1556 1756 ἐκ
1579 1728 1719 1763 δυνάμεως
1738 1729 1779 1760 εἰς

987 1777 1102 1813 δύναμιν
1114 1776 1298 1812 πορευομένη,
1309 1775 1356 1803 τοῦ
1374 1776 1526 1811 ἀκροτάτου
1541 1775 1595 1802 τῶν
1609 1775 1719 1810 ἀγαθῶν
1736 1775 1779 1802 ἐλ-

988 1824 1064 1856 πίδος
1076 1823 1256 1858 τετυχηκέναι
1272 1823 1370 1854 ἐδόκει,
1386 1822 1464 1849 ὲνδεᾶ
1480 1822 1509 1848 δὲ
1531 1821 1632 1857 ἑαυτὴν
1648 1822 1695 1848 τοῦ
1707 1823 1778 1856 ἀγα-

988 1869 1035 1896 θοῦ
1055 1868 1193 1905 καθεώρα,
1215 1868 1329 1900 εἰκότως
1353 1867 1537 1902 ἀποδύρεται“
1554 1868 1602 1894 καὶ
1628 1867 1667 1899 ὼς
1694 1868 1780 1902 μήπω

987 1915 1091 1951 σχοῦσα
1103 1914 1132 1942 τὸ
1152 1915 1202 1950 τῆς
1216 1914 1372 1949 προθυμίας
1392 1913 1574 1950 προκείμενον
1595 1913 1778 1948 ἀμηχανεῖται

987 1961 1035 1989 καὶ
1054 1961 1260 1997 δυσχεραίνεται
1273 1962 1320 1987 καὶ
1344 1960 1393 1995 τὴν
1410 1959 1539 1995 τοιαύτην
1559 1960 1714 1995 ἀμηχανίαν
1731 1959 1778 1996 δη-

989 2007 1110 2044 μοσιεύει
1121 2007 1160 2042 τῷ
1172 2006 1341 2042 διηγήματι·
1356 2006 1405 2033 καὶ
1415 2006 1489 2037 ὅπως
1506 2003 1568 2040 εὗρε
1579 2005 1625 2032 τὸν
1641 2005 1779 2041 ζητούμε-

989 2061 1034 2079 νον
1048 2051 1204 2087 ὑπογράφει
1225 2050 1265 2086 τῷ
1288 2051 1362 2086 λόγῳ
1374 2058 1381 2066 ⁸
1400 2051 1450 2086 τὴν
1467 2051 1518 2086 μὲν
1539 2049 1586 2077 οὗν
1605 2051 1778 2086 τελειοτέραν

988 2097 1035 2125 τοῦ
1060 2096 1164 2132 ἀγαθοῦ
1186 2096 1344 2131 μετουσίαν,
1362 2096 1457 2131 κοίτην
1482 2096 1609 2131 ὀνομάζει
1623 2096 1670 2124 καὶ
1693 2096 1780 2123 νύκτα

988 2143 1064 2178 λέγει
1079 2142 1125 2170 τδν
1150 2141 1202 2177 τῆς
1216 2141 1311 2177 κοίτης
1335 2142 1431 2177 καιρόν
1442 2150 1450 2158 ο
1465 2141 1511 2168 διὰ
1530 2141 1560 2168 δὲ
1583 2141 1632 2168 τοῦ
1647 2141 1778 2176 ὀνόματος

146 2184 247 2211 lectum
261 2183 391 2218 appellat,
407 2187 433 2210 et
451 2188 559 2211 noctem
573 2183 641 2211 dicit
657 2187 766 2219 tempus
783 2185 911 2213 concubii
926 2194 933 2212 :

987 2190 1036 2225 τῆς
1051 2188 1159 2220 νυκτὸς,
1180 2187 1348 2215 ἐνδείκνυται
1358 2187 1414 2215 τῶν
1439 2187 1564 2223 ἀοράτων
1586 2187 1635 2222 τὴν
1650 2187 1778 2222 θεωρίαν,

146 2236 196 2263 per
208 2236 311 2256 nomen
330 2234 420 2257 autem
434 2229 524 2257 noctis
547 2229 667 2257 ostendit
674 2230 934 2265 contemplationem

146 2282 241 2302 eorum
257 2282 319 2310 quae
336 2282 391 2303 non
412 2275 514 2303 cadunt
529 2276 582 2304 sub
596 2279 749 2311 aspectum,
761 2275 841 2311 juxta
859 2276 936 2313 Moy-

146 2328 203 2349 sem
215 2321 242 2348 in
258 2320 375 2356 caligine
395 2325 566 2355 versantem,
582 2321 611 2349 in
637 2329 691 2357 qua
706 2326 767 2349 erat
779 2321 852 2350 Deus
863 2341 872 2356 ,
888 2323 936 2358 qui

150 2375 159 2392 t
178 2366 274 2401 posuit
301 2367 432 2395 tenebras
449 2367 592 2394 latibulum
610 2375 703 2402 suum,
727 2377 737 2395 ι
753 2371 780 2396 ct
799 2367 938 2404 Propheta

147 2412 223 2439 canit
237 2421 247 2438 ι
265 2412 294 2439 lu
308 2412 428 2440 circuitu
443 2420 494 2441 suo
505 2414 540 2440 δ’.
554 2422 564 2439 ι
578 2412 608 2441 1η
625 2421 679 2449 qua
695 2421 757 2441 cum
777 2414 860 2442 fuerit
876 2419 935 2443 tum

148 2458 262 2486 docetur
275 2462 382 2485 tantum
401 2458 499 2486 abesse
511 2462 541 2486 ut
559 2460 716 2488 ascenderit
737 2459 773 2487 ad
794 2460 936 2496 perfectio-

148 2511 224 2537 nem,
244 2508 274 2531 ut
296 2504 343 2539 qui
364 2512 398 2531 ne
413 2504 577 2540 principium
597 2505 708 2540 quidem
724 2506 855 2541 attigerit.
876 2505 935 2534 Jam

148 2549 232 2581 enim,
249 2549 350 2584 inquit,
366 2553 496 2585 tanquam
524 2549 559 2578 iis
583 2558 645 2585 quae
667 2556 732 2578 sunt
749 2551 882 2587 perfecta,
898 2552 938 2580 di-

148 2598 240 2629 gnata.
258 2598 285 2621 et
299 2599 429 2630 tanquam
459 2594 487 2622 in
515 2595 586 2623 lecto
614 2596 744 2631 quopiam
760 2604 857 2625 eorum
876 2605 936 2633 quac

150 2644 215 2667 sunt
227 2640 337 2675 cognita
349 2640 606 2675 comprehensionis
623 2642 812 2676 requiescens,
825 2643 937 2677 quando

149 2691 224 2711 cram
242 2685 314 2711 intra
329 2692 360 2712 ea
372 2692 433 2720 qua:
455 2693 509 2713 non
525 2685 629 2713 cadunt
638 2686 690 2714 sub
704 2693 856 2722 aspectum,
872 2689 937 2716 reli-

149 2729 200 2756 ctis
215 2729 352 2762 sensibus,
363 2729 475 2764 quando
485 2731 647 2758 continebar
668 2731 760 2759 divina
772 2738 853 2761 nocte
863 2742 940 2762 uua:-

188 2817 210 2833 δ’
226 2818 269 2850 lll,
282 2815 349 2850 Reg.
370 2825 417 2850 xx,
432 2816 488 2849 li;
504 2815 577 2844 Psal.
600 2825 667 2852 xm,
683 2817 726 2844 12.

987 2233 1059 2262 κατὰ
1072 2233 1118 2260 τὸν
1132 2233 1161 2259 ὲν
1184 2233 1225 2268 τῷ
1245 2233 1338 2268 γνόφῳ
1357 2232 1471 2265 Μωσέα,
1490 2233 1518 2259 ὲν
1531 2229 1553 2266 ᾧ
1574 2230 1608 2267 ἦν
1622 2233 1636 2258 ὁ
1656 2232 1721 2264 Θεὸς
1736 2232 1778 2265 ὃς,

988 2289 998 2306 ι
1020 2278 1118 2306 Ἐθετο
1132 2276 1228 2309 σκότος
1246 2277 1413 2313 ἁποκρυφὴν
1425 2276 1517 2307 αὑτοῦ,
1533 2286 1543 2303 ι
1564 2275 1635 2302 κατά
1647 2275 1693 2302 τὸν
1709 2277 1780 2311 Προ-

985 2325 1088 2361 φήτην,
1106 2333 1117 2350 ε
1137 2322 1238 2359 Κύκλῳ
1252 2323 1336 2350 αὑτοῦ
1351 2331 1359 2339 ο
1379 2331 1390 2351 ν
1408 2324 1436 2350 έν
1452 2319 1474 2356 ᾧ
1489 2323 1650 2349 καταστᾶσα
1666 2321 1727 2348 τότε
1740 2321 1780 2348 δι-

984 2370 1118 2399 δάσκεται
1140 2368 1268 2396 τοσοῦτον
1287 2368 1430 2404 ἀπέχουσα
1445 2368 1491 2395 τοῦ
1515 2367 1644 2403 ὲπιὸῆναι
1666 2367 1716 2402 τῆς
1731 2375 1779 2393 τε·

985 2416 1137 2450 λειότητος,
1155 2415 1217 2441 ὅσον
1231 2415 1256 2441 οἱ
1282 2414 1351 2450 μηδὲ
1375 2414 1425 2448 τὴν
1442 2414 1530 2450 ἀρχὴν
1549 2413 1777 2448 ἐγχειρήσαντες·

986 2462 1040 2498 ἢδη
1051 2461 1107 2496 γάρ
1122 2469 1206 2496 φησιν
1225 2460 1263 2492 ὡς
1275 2459 1330 2487 τῶν
1341 2458 1453 2486 τελείων
1471 2458 1628 2491 ἀξιωθεῖσα,
1651 2457 1780 2491 καθάπερ

985 2507 1035 2534 ἐπὶ
1048 2506 1142 2542 κοίτης
1163 2505 1236 2538 τινος
1251 2506 1302 2541 τῆς
1322 2505 1377 2532 τῶν
1401 2505 1582 2540 ὲγνωσμένων
1601 2503 1779 2538 καταλήψεως

986 2552 1110 2588 ἐμαυτὴν
1128 2551 1308 2579 ἀναπαύουσσ.
1319 2559 1326 2567 ·
1340 2551 1386 2578 ὅτε
1400 2550 1456 2578 τῶν
1481 2550 1607 2586 ἀοράτων
1626 2549 1700 2579 ἐντὸς
1715 2549 1778 2582 ἐγε-

988 2598 1074 2634 νόμην
1087 2596 1280 2625 καταλιτιοῦσα
1293 2597 1327 2624 τὰ
1337 2596 1454 2632 αἰσθητή
1460 2605 1518 2632 pta:
1537 2596 1582 2623 ὅτε
1595 2593 1778 2630 περιεσχέθην

989 2645 1021 2678 τῇ
1034 2643 1094 2679 Θείᾳ.
1109 2642 1200 2675 νυκτὶ,
1215 2642 1261 2669 τὸν
1277 2642 1370 2678 γνόφῳ
1383 2641 1575 2678 κεκρυμμένον
1593 2639 1777 2675 ἀναζητοῦσα,

988 2688 1049 2715 τότε
1074 2688 1124 2723 μὲν
1141 2689 1190 2723 τὴν
1207 2688 1317 2723 ἀγάπην
1344 2688 1413 2724 πρὸς
1431 2689 1462 2715 τὸ
1484 2686 1653 2722 ποθούμενον
1677 2685 1776 2721 ἔσχον·

989 2735 1055 2762 αὐτὸ
1070 2735 1099 2763 δὲ
1122 2735 1153 2762 τὸ
1167 2735 1362 2771 ἀγαπώμενον,
1385 2735 1465 2771 διέπη
1487 2734 1541 2761 τῶν
1565 2732 1705 2768 λογισμῶν
1728 2732 1778 2767 τὴν
