1966 3074
162 165 229 198 1617

632 170 900 201 COMMENTARII
911 171 952 202 ΙΝ
964 171 1124 203 CANTICA
1139 171 1285 203 CANTIC.

1728 173 1796 205 1018

159 221 314 256 συλλαὸήν.
338 221 452 257 ἐζήτουν
475 223 530 259 γάρ
548 223 627 250 αὐτὴν
649 225 696 251 ἐπὶ
719 225 768 261 τὴν
783 226 879 261 κοίτην
896 235 958 261 μου,

1012 235 1076 255 rens
1095 235 1157 255 eum
1176 228 1223 263 qui
1247 227 1354 256 latebat
1369 227 1422 257 sub
1435 228 1571 264 caligine;
1599 232 1664 256 tunc
1683 229 1795 263 quidem

159 267 230 295 ὥστε
242 268 344 302 γνῶναι
358 269 399 300 τίς
414 269 443 295 ὲν
457 269 532 301 νυξὶν
546 271 563 305 ἡ
579 270 669 303 οὐσία,
682 271 765 298 ποθεν
778 271 900 307 ἔρχεται,
914 273 954 305 είς

159 314 186 340 τί
201 314 364 348 καταλήγει,
380 315 409 340 ὲν
431 315 485 341 τίνι
497 315 555 350 ἔχει
567 315 598 342 τὸ
611 314 692 348 εἶναι,
711 316 770 343 ἀλλ’
790 318 840 352 οὐχ
861 315 950 353 εὗρον.

161 358 227 386 Εἷτά
247 368 339 395 φησιν,
357 360 490 387 Ἐκάλεσα
512 361 594 388 αὑτὸν
603 362 648 388 τὸν
663 362 894 397 ἀκατανόμαστον
915 364 954 394 ὡς

161 406 225 440 ὲνῆν
240 405 411 440 ὀνομάξουσα
428 407 477 434 καὶ
490 407 541 433 οὐκ
567 408 706 442 ἐπήκουσέ
731 417 796 444 μου·
810 408 840 435 οὑ
853 409 908 444 γὰρ
921 407 956 444 ἦν

160 452 291 487 ὀνόματος
307 451 429 487 ἔμφασις
441 454 458 488 ἡ
479 453 681 489 καθικνουμένη
703 455 750 481 τοῦ
767 454 954 490 ζητουμένου·

161 497 222 524 τότε
237 497 325 525 τοίνυν
342 498 439 533 ἔγνων,
456 499 499 526 ὅτι
516 499 567 534 τῆς
591 500 831 536 μεγαλοπρεπείας
849 501 899 536 τῆς
913 501 957 528 δό-
981 495 985 500 ’

162 542 211 578 ξης
224 543 274 579 τῆς
295 544 451 580 ἁγιωσύνης
465 545 550 572 αὐτοῦ
567 545 618 572 οὐκ
631 545 690 573 εστι
709 546 809 582 πέρας.
821 546 904 573 Ὅθεν
915 547 956 574 δι-

161 589 301 624 ανίστησιν
315 591 415 626 ἑαυτὴν
425 591 473 617 καὶ
485 590 630 625 περιπολεῖ
645 592 678 627 τῇ
690 591 796 627 διανοίᾳ
808 592 856 628 τὴν
868 592 955 628 ὑπερ-

162 635 275 670 κόσμιον
289 635 380 670 φύσιν,
403 637 436 672 ἢν
458 637 574 664 ὲκάλεσε
598 637 689 670 πόλιν,
711 638 742 664 ὲν
811 638 894 674 ἀρχαὶ
909 639 957 665 καὶ

162 682 324 717 κυριότητες
340 683 387 709 καὶ
399 683 424 710 οι
437 685 498 715 ταῖς
509 684 648 717 ἐξουσίαις
663 685 880 719 ἀποτεταγμένοι
891 684 956 720 θρό-

162 735 214 759 νοι,
232 728 250 763 ἥ
265 736 295 754 τε
313 728 369 755 τῶν
382 729 554 765 ἐπουρανίων
568 731 722 766 πανήγυρις
732 739 738 746 ·
748 730 762 756 ὂ
775 731 806 756 τὸ
820 730 870 765 τῆς
888 731 958 757 πλα-

162 772 238 804 τείας
249 773 425 809 διασημαίνει
437 775 568 810 ὀνόματι·
583 775 622 811 μὴ
639 775 758 810 εὑροῦσα
774 775 803 802 δὲ
819 776 848 802 ὲν
862 776 957 808 αὐτοῖς

163 819 195 844 τὸ
209 818 389 854 ποθούμενον,
405 821 467 847 καθ’
486 821 586 856 ἑαυτὴν
597 821 756 856 ἐλογίσατο·
777 821 815 857 μὴ
837 822 892 857 ἀρα
903 823 956 850 κᾶν

163 865 281 896 ἐκείνοις
293 865 395 901 ληπτόν
410 867 467 893 ἐστι
484 867 515 893 τὸ
529 867 594 902 παρ’
606 867 675 902 ὲμού
695 867 877 902 ἀγαπώμενον
888 876 895 883 ·
911 868 955 895 διὰ

163 910 192 937 δὲ
207 912 257 945 τῆς
277 912 384 946 σιωπῆς
408 912 601 946 ὲνδειξαμὲνου
619 913 651 939 τὸ
672 913 877 948 ἀκατάληπτον,
899 914 954 940 πᾶν

162 956 194 982 τὸ
209 957 405 992 εὑρισκόμενον
425 959 526 992 ἀφεῖσα
545 959 623 994 μόλις
639 958 711 993 ἔγνω
729 959 761 985 τὸ
776 959 953 994 ζητούμενον,

161 1001 200 1033 ὡς
215 1002 244 1029 ὲν
257 1001 296 1037 τῷ
312 1001 350 1038 μὴ
361 1003 537 1038 εὑρίσκεσθαι
553 1004 579 1030 τί
591 1005 677 1038 ἐστιν,
692 1004 734 1031 ὅτι
749 1004 808 1031 ἐστὶ
819 1004 954 1039 γινώσκε-

162 1055 218 1074 ται.
242 1047 289 1074 Διό
300 1056 405 1083 -φησιν,
417 1049 485 1076 "Ou
507 1049 606 1085 μικρὸν
631 1050 771 1086 παρῆλοον
796 1050 851 1077 ἀπὸ
864 1050 955 1085 πάσης

164 1093 289 1126 κτίσεως,
315 1095 405 1121 πᾶσαν
431 1095 533 1129 ἀφεῖσα
550 1095 761 1131 καταληπτικὴν
784 1096 891 1131 ἔφοδον,
919 1097 953 1132 τῇ

164 1139 255 1165 πίστει
271 1139 316 1166 τὸν
331 1140 515 1176 ἀγαπώμενον
526 1138 606 1176 εὗρον
616 1150 623 1156 ·
637 1142 671 1168 δι’
684 1139 717 1177 ἧς
733 1143 815 1169 αὐτὸν
827 1143 875 1169 καὶ
890 1151 957 1177 κρα-

163 1185 250 1218 τήσω,
268 1185 322 1217 ἕως
337 1185 371 1213 ἂν
384 1186 460 1218 ἐντὸς
480 1187 593 1223 γένηται
609 1187 656 1214 τοῦ
676 1188 744 1224 ἐμοῦ
762 1188 901 1223 ταμιείου,
916 1188 955 1214 εῖ-

163 1238 228 1256 τουν
243 1231 357 1266 καρδίας
367 1239 375 1247 ·
390 1231 406 1267 ἦ
427 1232 487 1258 τότε
502 1233 608 1267 γίνεται
622 1233 733 1270 δεκτικὴ
750 1234 800 1269 τῆς
815 1234 891 1266 Θείας
905 1234 956 1261 αὺ-

163 1276 212 1303 τοῦ
238 1277 415 1312 ἐνοικήσεως,
439 1278 504 1305 ὅταν
527 1278 592 1314 ἔλθῃ
620 1279 689 1314 πρὸς
714 1279 763 1315 τὴν
788 1279 955 1307 κατάστασιν

164 1323 274 1361 εκείνην
288 1324 317 1350 ὲν
365 1324 397 1351 τὸ
409 1326 470 1352 κατ’
482 1327 570 1362 ἀρχὰς
583 1325 616 1362 ἦν
630 1327 675 1353 ὅτε
690 1326 829 1362 ὲπλάσοην
844 1327 895 1353 ὑπὸ
906 1326 955 1362 τῆς

164 1370 352 1406 συλλαϐούσης
380 1375 498 1409 μητρός·
514 1373 576 1409 ἣτις
596 1373 670 1400 ἐστὶν
686 1374 703 1408 ἡ
722 1375 820 1409 πρώτη
837 1373 888 1408 τῆς
908 1381 955 1400 συ-

165 1416 289 1447 στάσεως
308 1419 386 1453 ήμῶν
400 1420 487 1447 αἰτία.

1008 272 1139 300 habebam
1159 273 1333 301 dilectionem
1361 273 1388 301 in
1411 281 1473 302 eum
1499 274 1546 309 qui
1565 273 1796 308 desiderabatur;

1009 319 1130 354 idipsum
1151 323 1242 347 autem
1256 319 1330 355 quod
1340 319 1508 355 diligebatur
1523 320 1653 348 evolahat
1666 325 1696 348 ut
1709 320 1736 348 id
1748 327 1797 355 ap-

1009 365 1177 401 prehendere
1198 373 1252 393 non
1282 370 1398 400 possent
1424 366 1621 400 cogitationes.
1637 365 1796 399 Quaerebam

1007 411 1080 438 enim
1096 410 1184 446 ipsum
1199 411 1226 438 in
1249 411 1321 438 lecto
1337 418 1398 439 meo
1412 416 1496 440 noctu
1517 416 1547 438 ut
1562 418 1673 439 nossem
1688 419 1750 447 quae
1761 412 1798 439 sit

1007 456 1068 491 ejus
1083 456 1214 488 essentia,
1230 456 1303 484 unde
1329 456 1455 492 incipiat,
1471 465 1526 492 quo
1543 457 1661 490 desinat,
1679 458 1707 485 in
1729 465 1798 493 quo-

1008 509 1071 529 nam
1088 509 1166 529 suam
1180 502 1279 530 habeat
1296 502 1448 530 essentiam
1465 511 1472 530 :
1488 502 1535 530 sed
1560 510 1615 530 non
1631 503 1735 531 inveni.
1748 503 1798 531 De-

1007 547 1081 580 inde,
1094 547 1206 580 Vocavi,
1216 547 1316 583 inquit,
1330 547 1470 584 ipsumqui
1481 555 1536 575 non
1548 552 1638 584 potest
1646 549 1797 581 nominari,

1007 592 1098 627 quoad
1114 592 1172 621 ﬁeri
1189 597 1299 628 poterat
1325 601 1387 621 eum
1402 593 1568 622 nominans:
1587 597 1615 622 et
1632 601 1687 621 non
1711 594 1798 621 obau-

1006 638 1074 666 divit
1095 646 1138 666 me
1160 646 1167 665 :
1186 645 1241 666 non
1252 638 1327 666 enim
1342 643 1402 666 erat
1416 639 1539 666 nominis
1555 638 1721 674 signiﬁcatio
1737 645 1798 673 qute

1006 684 1174 718 pertingeret
1194 691 1282 719 usque
1301 683 1335 711 ad
1363 683 1390 711 id
1420 683 1495 719 quod
1518 684 1706 719 quaerebatur.
1726 683 1796 710 Tum

1007 729 1090 764 igitur
1115 730 1230 764 cognovi
1242 729 1317 765 quod
1332 730 1556 765 magniﬁcentiae,
1573 729 1676 766 gloriae.
1695 729 1798 757 sancti-

1006 776 1071 802 tatis
1085 774 1147 810 ejus
1165 782 1218 802 non
1249 778 1292 802 est
1313 774 1388 803 linis.
1409 774 1487 803 Unde
1501 775 1604 802 excitat
1619 775 1797 810 semetipsam

1006 825 1034 847 et
1059 821 1117 848 obit
1145 821 1314 856 cogitatione
1344 828 1428 856 super
1457 821 1623 849 mundanam
1651 825 1798 853 naturam,

1006 874 1088 902 quam
1120 872 1202 894 vocat
1237 867 1394 901 civitatem,
1418 867 1448 894 in
1480 874 1535 902 qua
1570 871 1635 895 sunt
1661 867 1798 903 principa-

1006 918 1051 942 tus
1082 921 1110 942 et
1143 914 1365 948 dominationes,
1392 921 1425 942 ac
1457 915 1639 950 potestatibus
1667 914 1798 949 assignati

1006 960 1107 993 throni,
1130 964 1169 988 'et
1187 960 1341 988 cmlestium
1372 964 1536 993 conventus,
1557 967 1637 995 quem
1664 959 1800 995 signiﬁcat

1007 1005 1118 1033 nomine
1136 1006 1243 1040 plateae.
1263 1005 1324 1033 Non
1341 1005 1484 1033 inveniens
1504 1005 1541 1033 ibi
1565 1005 1706 1039 dilectum,
1728 1004 1798 1040 apud

1007 1058 1037 1078 se
1049 1051 1189 1086 cogitabat
1202 1059 1208 1078 :
1219 1049 1291 1078 Num
1303 1050 1374 1078 forte
1385 1051 1469 1078 etiam
1488 1051 1516 1078 in
1529 1051 1587 1078 illis
1602 1050 1799 1085 comprehendi

1008 1100 1098 1132 potest
1114 1096 1180 1123 illud
1195 1096 1268 1131 quod
1284 1103 1299 1123 a
1315 1104 1357 1124 me
1368 1096 1495 1131 diligitur
1506 1096 1515 1123 ἓ
1527 1095 1596 1124 Cum
1612 1100 1702 1123 autem
1719 1095 1801 1123 silen-

1011 1142 1050 1170 tio
1075 1142 1246 1170 iudicassent
1270 1146 1381 1177 captum
1402 1150 1511 1170 onmem
1543 1149 1687 1177 superare,
1704 1142 1800 1170 relicto

1011 1188 1143 1215 universo
1168 1186 1241 1222 quod
1267 1186 1473 1220 inveniebatur,
1505 1186 1550 1214 vix
1577 1186 1704 1222 cognovit
1727 1185 1800 1220 quod

1010 1233 1196 1267 quaerebatur,
1213 1232 1293 1268 quasi
1310 1232 1336 1259 in
1352 1239 1385 1260 eo
1394 1232 1466 1267 quod
1485 1239 1538 1259 non
1550 1232 1722 1260 inveniretur
1734 1232 1799 1266 quill

1009 1282 1095 1312 esset,
1107 1283 1332 1313 cognosceretur.
1344 1277 1495 1313 Propterea
1509 1277 1577 1305 dicit
1589 1287 1596 1305 :
1609 1276 1726 1310 Quando
1736 1284 1801 1311 pan~

1009 1326 1094 1354 lulnm
1110 1328 1256 1362 pertransii
1276 1327 1309 1354 ab
1333 1326 1408 1354 omni
1423 1331 1548 1355 creatura
1565 1333 1674 1354 omnem
1703 1325 1796 1353 dimit-

1007 1375 1070 1400 tens
1093 1373 1368 1408 comprehensibilem
1390 1373 1462 1401 viam
1486 1381 1520 1401 ac
1547 1373 1692 1405 rationem,
1710 1371 1800 1399 inveni

1009 1417 1207 1451 ﬁdcdilectum,
1227 1427 1276 1454 per
1292 1427 1373 1455 quam
1390 1419 1478 1455 ipsum
1490 1419 1573 1446 etiam
1588 1418 1696 1451 tenebo,
1715 1417 1803 1445 donec

164 1461 250 1489 fuerit
283 1463 357 1492 intra
368 1474 457 1492 meum
472 1466 613 1499 conclave,
629 1466 687 1494 sive
707 1473 766 1498 cor,
782 1466 854 1501 quod
867 1470 932 1494 tunc
945 1466 975 1493 lit
992 1473 1079 1501 capax
1103 1465 1202 1494 divinte
1230 1464 1291 1500 eius
1311 1465 1502 1497 habitationis,
1516 1464 1627 1499 quando
1643 1464 1753 1492 redierit
1767 1464 1801 1491 ad

165 1510 242 1537 illum
258 1515 359 1539 statum
376 1513 403 1539 in
416 1521 471 1547 quo
487 1519 545 1541 erat
559 1513 594 1541 ab
623 1513 703 1541 initio
718 1515 830 1550 quando
857 1514 909 1542 fuit
939 1514 1098 1542 eﬂictumah
1108 1521 1140 1542 ea
1150 1518 1237 1541 matre
1248 1521 1308 1550 quae
1326 1514 1462 1548 concepit.
1483 1520 1543 1548 quae
1553 1517 1595 1540 est
1606 1512 1693 1548 prima
1718 1519 1802 1540 causa

163 1560 268 1584 nostra:
280 1558 500 1586 constitutionis.

200 1603 322 1630 Νείλου.
334 1619 370 1624 -
385 1604 576 1637 Καταστάσεις
594 1604 696 1639 ἑαυτῆς
707 1604 736 1631 ὲν
754 1601 798 1635 αἷς
813 1603 922 1637 ἐγένετο
937 1603 954 1638 ἡ

1045 1601 1112 1630 Nili.
1128 1601 1264 1630 —Slatus
1279 1609 1344 1630 suos
1354 1603 1381 1630 in
1393 1603 1495 1638 quibus
1505 1607 1613 1631 versata
1632 1602 1683 1630 fuit
1696 1603 1802 1639 Sponsa

163 1648 269 1684 Νύμφη
290 1649 424 1684 διηγεῖται
437 1650 483 1677 τὸν
498 1651 584 1685 Λόγον
597 1650 717 1685 ςητοῦσα
735 1650 783 1677 καὶ
799 1649 848 1685 τὴν
859 1649 961 1676 τελειό-

163 1703 236 1729 τητα
252 1694 299 1721 καὶ
313 1695 363 1730 τὴν
389 1696 419 1722 ὲν
445 1695 597 1730 τελειότητι
621 1696 759 1731 ἑπομένην
773 1703 780 1711 ·
805 1694 854 1722 καὶ
873 1693 961 1722 ταῦτά

164 1749 234 1774 φησι
251 1741 319 1775 πρὸς
333 1741 383 1776 τὴν
399 1740 454 1768 τῶν
469 1741 574 1768 λοιπῶν
587 1741 723 1776 ὠφέλειαν
732 1750 739 1757 ·
752 1741 909 1768 διδάσκουσι
919 1740 961 1767 ὅτι

164 1786 217 1812 οὐκ
230 1786 289 1812 ἔστι
307 1787 376 1821 μετά
395 1787 577 1819 ἀναπαύσεως
598 1787 733 1822 ζητοῦντα
747 1787 777 1814 τὸ
792 1786 960 1823 ποθούμενον

164 1832 260 1866 εὑρεῖν
270 1841 277 1848 ·
291 1833 409 1868 ἀσκήσει
421 1832 475 1868 γὰρ
487 1833 541 1860 τῶν
552 1833 654 1864 καλῶν,
672 1832 797 1869 ῥᾳστώνη
813 1832 958 1868 πολέμιον’

163 1877 196 1904 τὸ
209 1877 276 1911 γὰρ,
304 1877 370 1905 Ἐπὶ
389 1878 447 1912 τὴν
462 1879 568 1912 κοίτην
580 1887 641 1913 μου
663 1879 698 1907 ὲν
719 1879 810 1910 νυξὶν
830 1878 961 1912 ἐζήτησα

164 1924 202 1951 ὃν
218 1923 381 1958 ἠγάπησεν
394 1925 413 1959 ὴ
428 1924 513 1959 ψυχή
530 1934 601 1959 μου,
616 1924 736 1951 τοιοῦτόν
752 1926 841 1956 ἐστιν,
858 1924 960 1950 ὡσανεὶ

163 1970 214 2005 τῆς
231 1970 350 2005 Νύμφης
365 1970 548 2006 διηγουμένης
562 1971 622 1999 ταῖς
640 1971 770 2003 νεάνισιν,
791 1971 833 1997 ὅτι
847 1971 960 2006 ἐνόμισα

163 2015 270 2050 κοῦφον
286 2014 356 2043 εἶναι
375 2017 423 2043 καὶ
434 2016 558 2052 εὐχερὲς,
574 2017 604 2043 τὸ
619 2016 773 2052 κτήσασθαι
788 2017 838 2052 τὴν
858 2017 959 2054 ἀρετὴν

163 2064 213 2090 καὶ
224 2062 276 2098 τὴν
297 2063 394 2096 σοφίαν
417 2062 630 2090 οἰκειώσασθαι·
647 2063 695 2090 καὶ
710 2063 825 2099 ἐζήτουν
841 2063 872 2090 οὐ
890 2064 961 2098 μετά

163 2108 263 2140 πόνου,
278 2108 338 2134 ἀλλ’
351 2108 503 2143 ἀνειμένως
515 2108 562 2135 καὶ
577 2108 718 2144 ῥᾳθύμως,
732 2110 779 2135 καὶ
793 2109 850 2141 τοῖς
865 2117 958 2144 σωμα-

163 2155 254 2185 τικοῖς
270 2154 308 2186 ὡς
320 2154 400 2191 κλίνῃ
415 2154 665 2189 ἑπαναπαυομένη⁸
681 2154 774 2190 ἐπειδὴ
793 2154 822 2181 δὲ
846 2155 862 2190 ἡ
877 2153 961 2189 ζήτη-

164 2209 208 2233 σις
223 2200 296 2235 αὕτη
311 2201 361 2235 τῆς
376 2200 555 2236 καταλήψεως
569 2201 690 2235 ἠστόχει,
705 2201 853 2236 μετέΰαλον
871 2202 918 2228 ἐπὶ
930 2201 959 2228 τὸ

164 2245 336 2281 ἐργάζεσθαι
355 2245 404 2282 τὴν
429 2246 549 2282 ἀρετήν·
572 2247 612 2273 διδ
629 2245 715 2278 εἷπον.
736 2247 959 2282 Ἀναστήσομαι

163 2292 216 2324 δὴ.
234 2291 284 2318 καὶ
299 2291 333 2318 τὰ
346 2292 440 2322 λοιπὰ,
464 2292 652 2319 καταλιποῦσα
666 2293 716 2327 τὴν
740 2292 845 2328 κλίνην,
861 2293 907 2320 ἐπὶ
920 2292 959 2328 τῷ

163 2337 198 2363 δι’
216 2337 308 2372 ἔργων
325 2337 490 2372 ποιήσασῡαι
503 2338 554 2373 τὴν
574 2338 704 2374 ζήτησιν·
724 2339 781 2365 ἀλλ’
802 2339 864 2365 οὐδὲ
879 2338 959 2366 τοῦτό

167 2391 200 2416 με
217 2382 290 2417 πρὸς
299 2382 350 2417 τὴν
367 2382 476 2418 εὕρεσιν
492 2384 630 2419 ὡδήγησε.
646 2384 710 2411 Δέον
732 2385 786 2420 γὰρ
807 2384 960 2420 ἐργαζομέ-

165 2437 215 2462 νης
231 2428 269 2454 τὰ
283 2428 333 2462 τῆς
348 2429 449 2463 ἀρετῆς
463 2429 566 2464 κρύψαι
581 2431 627 2457 τὸν
648 2430 740 2461 πόνον,
765 2429 959 2457 ἑπιδεικτιῶσα

165 2473 264 2500 τοῦτον
289 2473 465 2508 ὲδημοσίευον
483 2475 514 2501 ὲν
531 2475 683 2506 πλατείαις,
703 2475 751 2502 καὶ
771 2476 895 2510 ἀγοραῖς,
914 2475 960 2501 τὸν

165 2519 324 2554 ἀνθρώπιον
346 2519 457 2546 ἔπαινον
470 2520 643 2556 θηρωμένην.
652 2522 696 2547 Διὸ
708 2521 762 2547 οὐδ’
774 2520 860 2552 οὕτως
869 2521 960 2556 εὑρεῖν

165 2565 320 2600 δεδύνημαι
335 2573 341 2579 ’
359 2565 437 2592 οὐδὲν
452 2566 506 2602 γὰρ
531 2567 653 2592 συντελεῖ
668 2566 736 2601 πρὸς
755 2567 805 2601 τὴν
820 2567 875 2594 τῶν
888 2568 960 2601 ἀγα-

166 2609 223 2636 θῶν
241 2609 340 2644 κτῆσιν
362 2610 455 2641 πόνος,
478 2611 543 2637 ὁταν
573 2611 643 2644 μετά
667 2610 820 2644 φιλοδοξίας
841 2609 961 2645 γίνηται.

173 2655 247 2681 Ἀλλ’
263 2656 328 2682 ὅταν
343 2653 435 2689 εὖρον
450 2657 548 2689 αὐτὴν
561 2657 589 2683 οι
609 2656 745 2690 φύλακες
762 2657 788 2683 οι
804 2656 964 2689 τηροῦντες

168 2701 204 2728 ἐν
220 2701 258 2735 τῇ
275 2701 363 2727 πόλει
375 2708 382 2715 ·
394 2697 468 2727 οὗτοι
488 2701 516 2728 δὲ
539 2701 593 2727 εἰσὶ
615 2700 793 2737 λειτουργικὰ
819 2700 965 2735 πνεύματα

167 2745 350 2774 διακοιιοῦντα
362 2747 394 2781 τῇ
412 2746 535 2782 σωτηρίᾳ
548 2746 602 2773 τῶν
614 2745 778 2781 ἀνθρώπων,
790 2746 850 2780 ἦτοι
861 2746 965 2780 διοική-

171 2800 212 2817 σει
231 2790 280 2817 τοῦ
298 2791 356 2824 βίου
381 2791 539 2824 ἐψεστῶτα·
556 2792 603 2818 κει).
623 2791 808 2826 ἐρωτηθέντες
833 2791 896 2825 περὶ
916 2790 962 2817 τοῦ

170 2836 372 2869 ἀγαπωμένου,
396 2837 485 2870 σιωπῇ
510 2836 651 2871 παρῆλθον
665 2835 750 2871 αὐτὴν
765 2835 802 2867 ὡς
824 2836 874 2862 οὐκ
886 2835 964 2868 ἀξίαν

173 2883 368 2916 ἁποκρίσεως”
396 2882 427 2908 ἐκ
444 2883 491 2917 τῆς
514 2883 690 2918 ἀποστροφῆς
714 2882 903 2917 στοχοσςιμένη
927 2882 964 2914 ὡς

1011 1652 1210 1676 commemorat
1229 1647 1346 1676 Verbum
1365 1656 1493 1684 quarens
1505 1657 1536 1677 ac
1553 1648 1760 1684 perfectionem,
1775 1655 1803 1677 et

1011 1693 1038 1721 in
1057 1694 1226 1728 perfectione
1240 1694 1414 1721 mansionem
1429 1702 1437 1722 :
1459 1699 1542 1730 atque
1558 1695 1616 1723 haec
1636 1695 1669 1722 ad
1684 1695 1804 1731 reliquo-

1011 1747 1072 1766 rum
1087 1739 1154 1766 dicit
1168 1739 1328 1772 utilitatem,
1347 1739 1449 1768 docens
1465 1740 1524 1767 llcri
1541 1747 1596 1768 non
1614 1748 1696 1776 posse
1727 1746 1757 1768 ut
1775 1742 1802 1769 in

1010 1785 1103 1820 quiete
1117 1792 1244 1820 quarens
1273 1786 1337 1821 quis
1359 1785 1546 1814 desideratum
1571 1787 1701 1815 inveniat.
1718 1787 1804 1815 Exer-

1011 1831 1136 1858 citationi
1173 1831 1247 1858 cnim
1279 1832 1412 1859 virtutum
1446 1832 1556 1860 inimica
1586 1833 1700 1861 desidia.
1735 1833 1803 1861 Illud

1010 1878 1082 1904 enim
1099 1885 1106 1904 :
1125 1876 1158 1903 In
1175 1877 1270 1904 lectulo
1299 1885 1356 1904 meo
1371 1878 1398 1904 in
1413 1878 1531 1905 noctibus
1544 1879 1653 1913 quwsivi
1669 1887 1744 1913 quem
1763 1880 1805 1906 di-

1010 1923 1075 1950 lexit
1094 1923 1184 1950 anima
1196 1931 1252 1949 mea
1271 1941 1278 1954 ,
1293 1926 1335 1950 est
1360 1923 1441 1951 istius
1459 1924 1531 1951 modi
1548 1932 1580 1951 ac
1595 1924 1619 1952 si
1639 1924 1746 1959 Sponsa
1765 1925 1804 1952 di-

1011 1973 1087 1996 ceret
1109 1968 1325 1996 adolescentulis
1341 1977 1348 1996 :
1367 1969 1559 1996 existimabam
1586 1970 1674 1997 levem
1693 1978 1755 1998 esse
1771 1977 1804 1998 ac

1011 2015 1121 2044 facilem
1134 2015 1246 2043 virtutis
1261 2015 1463 2049 possessionem
1478 2019 1505 2042 et
1526 2015 1668 2050 sapientiae
1691 2015 1804 2044 fainilin-

1010 2062 1131 2095 ritatem,
1146 2065 1174 2089 et
1188 2061 1304 2096 quaesivi
1320 2068 1376 2088 non
1402 2068 1465 2088 cum
1482 2062 1587 2094 labore,
1607 2061 1655 2089 sed
1677 2062 1803 2094 remisse,

1010 2114 1042 2135 ac
1054 2107 1082 2135 in
1094 2107 1177 2135 rebus
1199 2105 1340 2141 corporeis
1356 2108 1488 2140 tanquam
1507 2106 1534 2132 in
1559 2106 1630 2133 lecto
1644 2105 1802 2141 quiescens.

1011 2152 1064 2180 Sed
1078 2160 1141 2180 cum
1155 2152 1280 2187 quaesitio
1298 2152 1349 2179 ista
1374 2151 1622 2186 comprehensione
1633 2152 1802 2183 aberrasset,

1009 2206 1144 2227 conversa
1174 2206 1235 2226 sum
1251 2198 1285 2225 ad
1308 2197 1420 2225 virtutis
1449 2198 1657 2232 operationem:
1674 2197 1804 2232 quocirca

1010 2234 1084 2274 dlxi:
1099 2245 1250 2281 Exsurgam
1264 2248 1415 2276 nunc.etc.,
1428 2243 1591 2279 relinquens
1602 2243 1702 2272 lectum
1717 2248 1746 2271 ut
1757 2251 1805 2278 per

1011 2298 1094 2326 opera
1110 2290 1252 2318 instituam
1264 2289 1471 2325 inquisitionem
1486 2289 1554 2317 :sed
1575 2296 1628 2316 nec
1641 2289 1693 2317 hoc
1710 2295 1754 2315 me
1771 2289 1804 2315 ad

1011 2335 1196 2363 inventionem
1213 2334 1336 2362 adduxit.
1357 2334 1474 2362 Decebat
1487 2334 1560 2362 enim
1576 2341 1607 2362 ea
1619 2341 1681 2369 quae
1697 2333 1806 2360 virtutis

1011 2386 1075 2409 sunt
1087 2385 1245 2416 operantem
1264 2380 1436 2408 abscondere
1453 2380 1576 2408 laborem
1593 2389 1600 2413 ;
1618 2379 1666 2408 sed
1678 2380 1752 2407 hunc
1763 2387 1805 2408 os-

1012 2432 1119 2455 tentans
1135 2426 1273 2461 publicavi
1291 2426 1318 2453 in
1328 2426 1436 2461 plateis.
1451 2429 1479 2454 et
1494 2425 1521 2453 in
1537 2425 1617 2460 foris,
1634 2426 1740 2453 laudem
1755 2425 1804 2452 ho-

1011 2473 1115 2500 minum
1131 2477 1236 2499 venata.
1250 2470 1339 2505 Quare
1351 2479 1401 2499 nec
1415 2472 1455 2500 sic
1469 2472 1595 2500 invenire
1608 2472 1685 2508 potui
1708 2480 1715 2498 :
1735 2470 1802 2498 nihil

1011 2519 1084 2546 enim
1102 2517 1210 2545 confert
1224 2517 1257 2545 ad
1272 2517 1405 2545 bonorum
1424 2519 1630 2553 possessionem
1645 2518 1724 2545 labor
1737 2525 1801 2544 cum

1012 2564 1198 2591 ostentatione
1212 2562 1311 2591 factus.
1324 2563 1378 2590 Sed
1392 2563 1503 2597 quando
1517 2564 1671 2591 inuenerunt
1684 2571 1741 2590 eam
1757 2570 1804 2589 cu—

1013 2609 1101 2636 stodes
1117 2609 1163 2644 qui
1189 2609 1377 2636 circumierunt
1395 2609 1422 2636 in
1439 2609 1568 2641 ciuitate;
1592 2608 1619 2636 hi
1635 2612 1728 2635 autem
1746 2615 1800 2635 sun

1014 2654 1243 2682 administratorii
1258 2653 1385 2689 spiritus,
1407 2654 1453 2688 qui
1473 2653 1556 2681 saluti
1579 2652 1720 2680 hominum
1737 2652 1803 2679 sub-

1013 2698 1140 2730 veniunt,
1150 2698 1207 2725 sive
1217 2698 1410 2733 gubernationi
1424 2698 1486 2725 vitze
1497 2702 1618 2732 prazsunt
1631 2705 1639 2730 ;
1651 2702 1678 2723 et
1692 2697 1805 2724 interro-

1014 2744 1069 2778 gati
1087 2743 1121 2771 de
1139 2743 1238 2771 dilecto
1253 2743 1340 2778 ipsam
1358 2744 1429 2771 velut
1444 2750 1578 2778 responso
1604 2742 1743 2777 indignam
1765 2743 1803 2769 si-

1017 2789 1101 2817 lentio
1119 2788 1350 2824 pertransicrunt,
1362 2797 1394 2816 cx
1412 2789 1464 2815 hac
1489 2788 1633 2816 aversione
1652 2788 1804 2822 conjicicns

1017 2835 1172 2863 istiusmodi
1188 2842 1361 2870 nequaquam
1382 2835 1435 2861 illis
1451 2835 1558 2869 placere
1572 2842 1580 2867 ;
1595 2837 1749 2869 opportune
1758 2840 1805 2860 co-

1016 2882 1111 2917 gitavit
1126 2889 1159 2909 ne
1179 2881 1287 2909 inutilia
1304 2880 1452 2913 laboraret,
1470 2889 1558 2916 nequc
1575 2880 1684 2908 virtutis
1701 2879 1804 2914 asperi-
