1966 3074
139 181 205 214 1619

798 180 974 211 PROCOPII
992 179 1114 210 GAZBI

1701 170 1770 203 lf20

138 243 219 264 tatem
237 236 379 264 sustinens
392 239 505 271 propter
528 236 670 271 quaesitam
703 236 737 264 ab
757 237 928 265 intuentibus

991 237 1028 263 in:
1044 236 1129 263 εστιν·
1143 234 1231 270 αὑτῆς
1247 234 1396 269 εὐάρεστος
1413 233 1428 259 ό
1451 230 1570 263 τοιοῦτος
1591 229 1656 265 βίος,
1680 229 1769 263 ἐλογί-

137 283 257 315 laudem,
273 282 397 317 profectu
412 282 607 316 frustraretur,
628 286 655 310 ct
669 282 711 310 sic
724 283 870 318 quaesitum
888 283 930 310 in-

137 329 222 361 venit,
239 328 340 356 nullius
347 328 460 355 alterius
470 336 551 363 quam
562 327 626 355 boni
638 328 814 363 ipsiuscausa
829 329 930 356 bonum

136 380 248 409 operata
261 381 293 401 ac
306 373 381 408 juste
397 373 470 408 quod
487 373 593 407 justum
607 377 650 401 est
664 373 932 409 persequenswnde

136 419 218 446 etiam
229 425 283 444 non
295 418 380 444 multo
391 421 463 452 post.
477 417 524 445 sed
536 417 644 449 statim,
657 425 687 444 se
700 418 841 445 invenisse
854 417 931 446 dicit.

137 465 273 492 Modicum
289 465 362 492 enim
381 469 407 491 ut
424 465 549 497 transivi.
568 465 713 499 requirens
740 464 833 492 inveni
851 472 948 502 quem_

137 510 226 546 diliglt
238 510 329 537 anima
343 517 415 537 mea.
426 509 576 537 Praedictos
588 510 660 537 enim
673 513 762 538 status
777 507 932 538 transeunti

137 559 164 583 et
183 556 215 582 ad
235 555 428 590 perfectionem
447 555 584 589 grassanti
607 555 711 590 absque
733 563 811 583 mora
828 555 933 591 reperi-

140 607 186 628 tur
212 601 295 633 Deus.
308 601 372 629 dum
397 601 475 636 quasi
501 601 589 628 lucem
606 605 800 636 cooperantem
817 601 934 636 suscipit

137 646 280 674 veritatem
296 645 328 672 ad
343 646 403 680 ejus
419 645 492 681 quod
508 646 640 681 quaeritur
649 646 932 681 comprehensionem.

139 692 216 725 Quod
233 692 304 719 enim
320 696 362 719 est
377 692 421 719 lux
434 692 533 724 oculis,
552 692 603 719 hoc
625 692 662 719 il-li
675 692 786 719 veritas.
800 691 932 727 Magnum

140 744 222 772 porro
230 737 383 764 encomium
392 736 506 772 Sponsa:
515 736 587 772 quod
598 738 625 763 in
634 737 811 771 sequentibus
822 737 933 764 dicitur:

141 782 224 810 Tenui
236 790 306 815 eum,
318 786 384 816 etc.,
398 782 533 817 siquidem
547 782 700 817 postulasse
710 789 771 808 cum
785 781 876 808 labore
886 780 935 808 bo—

140 835 206 854 num
218 827 335 855 fortasse
350 827 509 859 multorum,
518 826 564 854 sed
577 826 760 854 constantiam
773 833 936 854 conservare

142 881 292 908 paucorum
311 881 319 900 :
341 872 419 900 multi
442 879 561 907 namque
583 879 648 899 cum
663 872 841 907 pervenerint
853 871 887 898 ad
902 870 928 898 id

142 917 214 953 quod
230 917 352 945 studiose
368 917 539 952 quaerebant,
565 917 609 945 vel
625 916 778 944 satietatem
794 916 854 951 eius
869 923 934 943 suc-
947 911 971 940 B

142 971 222 991 ccssu
234 963 366 998 temporis
375 963 525 998 capientes,
538 962 581 990 vel
593 963 646 989 alio
659 961 780 989 studium
792 961 935 990 deﬂecten-

143 1013 185 1036 tes
197 1009 335 1036 desistunt
349 1012 376 1036 et
400 1009 531 1043 paulatim
556 1008 725 1043 negligentes
754 1007 883 1035 excidunt
897 1007 932 1034 ab

143 1055 249 1090 Optimo
263 1055 367 1089 habitu,
380 1055 532 1090 plurimum
544 1054 650 1081 inutilis
663 1057 837 1081 assumentes
854 1053 932 1080 labo-

142 1099 257 1127 ris.lla:c
268 1107 334 1127 vero
349 1103 378 1126 ut
393 1099 515 1127 laborum
531 1103 642 1134 experta
656 1102 698 1125 est
709 1098 932 1130 bonitatem,non

143 1146 313 1178 retrocessit,
329 1145 378 1173 sed
392 1145 523 1180 aequalem
541 1144 660 1172 servavit
672 1143 930 1179 promptitudinem,

143 1191 232 1219 donec
260 1198 324 1219 vere
341 1191 503 1218 familiarem
517 1190 570 1218 sibi
588 1190 714 1217 redderet
732 1189 930 1222 desideratum,

143 1244 232 1272 usque
255 1237 289 1264 ad
305 1237 400 1264 intima
424 1236 574 1271 penetralia
594 1235 774 1263 introducens
792 1235 931 1263 virtutem.

143 1279 296 1309 Introduxit
308 1281 381 1309 enim
395 1281 468 1308 illam
478 1280 567 1307 nonin
580 1279 724 1313 vestibula,
737 1279 779 1307 vel
791 1279 872 1312 atria,
885 1279 933 1307 sed

142 1328 241 1356 domus
252 1326 413 1362 penuarium
425 1334 474 1354 seu
493 1326 594 1353 cubile.

981 291 1049 309 σατο
1061 282 1177 313 δεόντως
1194 281 1231 316 μὴ
1253 280 1372 314 ἀνόνητα
1389 278 1499 314 μοχθεῖν
1512 298 1520 311 ,
1538 277 1605 312 μηδὲ
1633 276 1664 303 τὸ
1681 277 1769 311 τραχὺ

981 329 1031 362 τῆς
1047 327 1149 362 ἀρετῆς
1172 326 1358 361 ὑπομένουσα,
1383 323 1535 359 ὑστερίζειν
1556 323 1605 357 τῆς
1629 323 1770 357 προκοπῆς

982 372 1026 399 διὰ
1040 372 1094 399 τῶν
1110 371 1237 407 ὁρώντων
1262 371 1388 398 ἔπαινον·
1410 370 1457 397 καὶ
1478 369 1564 400 οὕτως
1586 365 1649 403 εὗρε
1668 367 1700 393 τὸ
1720 367 1769 401 ζη-

982 418 1115 454 τούμενον
1125 426 1131 433 ·
1146 417 1254 449 οὐδενὸς
1265 417 1360 452 ἑτέρου
1379 416 1469 451 χάριν,
1483 415 1499 449 ἡ
1522 414 1605 442 αὑτοῦ
1620 413 1665 440 τοῦ
1686 411 1770 439 καλοῦ

982 465 1013 492 τὺ
1029 463 1132 503 ἀγαθὸν
1147 462 1320 498 ἐργαζομένη
1332 470 1338 478 ·
1356 462 1402 489 καὶ
1423 461 1535 492 δικαίως
1547 460 1577 486 τὺ
1590 459 1694 486 δίκαιον
1707 457 1770 484 διώ-

982 520 1086 539 κουσα·
1101 511 1163 537 ὅθεν
1177 509 1224 537 καὶ
1237 509 1267 536 οὑ
1285 508 1354 544 μετὰ
1369 507 1450 540 πολὺ,
1465 507 1523 533 ἀλλ’
1541 505 1642 536 εὐθέως
1656 504 1771 539 εὑρηκέ-

983 565 1028 584 ναι
1053 556 1140 591 λέγει.
1168 554 1276 589 Μικρὸν
1298 554 1352 589 γὰρ
1366 553 1405 585 ὡς
1432 551 1574 587 παρῆλθον
1597 549 1644 578 ἀπ’
1669 549 1770 581 αὐτῶν,

984 599 1064 638 εὗρον
1077 601 1106 628 ὃν
1122 601 1266 637 ἠγάπησεν
1282 601 1298 636 ή
1315 599 1387 635 ψυχή
1403 607 1454 633 μου
1464 607 1472 613 ·
1486 598 1525 633 τῷ
1540 596 1595 632 γὰρ
1610 595 1771 631 παρελθόντι

984 648 1034 679 τὰς
1050 647 1254 682 προειρημένας
1276 645 1470 677 καταστάσεις,
1496 643 1544 670 καὶ
1571 642 1705 678 φθάσαντι
1725 642 1772 668 ἐπὶ

984 692 1034 728 τὴν
1060 692 1228 728 τελειότητα,
1252 691 1445 727 ἀνυπερθέτως
1467 690 1626 726 εὑρίσκεται
1649 689 1664 716 ὁ
1688 688 1770 720 Θεός·

985 737 1117 774 συνεργὸν
1141 736 1178 768 ὡς
1194 736 1252 770 φῶς
1273 736 1324 771 τὴν
1339 734 1492 769 κατάληψιν
1513 733 1561 760 τοῦ
1583 733 1750 768 ζητουμένου
1763 751 1770 758 .

986 783 1076 818 Ὅπερ
1091 782 1146 818 γάρ
1160 783 1219 808 ἐστι
1231 782 1289 817 φῶς
1297 781 1461 816 ὀφθαλμοῖς,
1477 780 1557 807 τοῦτο
1579 780 1616 815 νῷ
1639 779 1771 815 ἀλήθεια³

987 828 1059 864 μέγα
1071 828 1100 854 δὲ
1114 827 1254 863 ἐγκώμιον
1266 828 1294 853 ὲν
1304 829 1360 858 τοῖς
1379 827 1444 861 ἑξῆς
1458 827 1564 862 εἴρηται
1578 826 1626 861 τῆς
1642 826 1772 860 Νύμφης,

986 874 1027 904 τὸ,
1044 873 1210 908 Ἐκράτησα
1220 873 1323 906 αὐτὸν,
1339 874 1386 900 καὶ
1398 873 1461 908 ὲξῆς
1472 881 1479 888 ·
1493 872 1647 907 κτήσασθαι
1660 871 1709 906 μὲν
1719 871 1773 906 γὰρ

987 919 1060 954 πόνῳ
1071 918 1102 945 τὺ
1117 918 1209 951 καλὸν,
1229 919 1295 950 ῐσως
1318 918 1438 945 πολλῶνι
1462 918 1579 952 φυλάξαι
1595 917 1624 944 δὲ
1645 917 1696 952 τὴν
1714 916 1774 942 ὲπι-

989 965 1084 1000 μονὴν,
1100 965 1218 999 ὀλίγωνο
1241 965 1267 991 οί
1290 964 1340 1000 μὲν
1355 964 1410 999 γὰρ
1432 964 1526 990 πολλοὶ
1548 965 1611 990 ὅταν
1633 962 1774 997 φθάσωσιν

986 1010 1033 1036 ἐπὶ
1050 1010 1081 1036 τὸ
1097 1009 1324 1045 σπουδαζόμενον,
1338 1009 1355 1045 ἢ
1375 1010 1459 1046 πόρον
1483 1009 1612 1041 λαϐόντες
1637 1007 1719 1035 αὑτοῦ
1735 1007 1774 1042 τῷ

985 1056 1085 1092 χρόνῳ,
1101 1056 1118 1091 ἤ
1142 1056 1207 1091 περί
1221 1056 1303 1092 ἔτερα
1317 1056 1367 1092 τὴν
1391 1055 1546 1091 προθυμίαν
1568 1054 1772 1086 ἀποκλίναντες,

985 1100 1163 1135 ἀφίστανται·
1188 1101 1237 1127 καὶ
1261 1101 1360 1136 μικρὸν
1381 1100 1582 1136 ἀμελήσουσιν,
1609 1099 1774 1126 ἐκπίπτουσι

983 1146 1034 1181 τῆς
1048 1146 1163 1182 ἀρίστης
1176 1146 1270 1179 ἕξεως,
1291 1146 1375 1173 πολὺν
1391 1145 1565 1182 ὰχρειοῦντες
1589 1145 1687 1172 πόνον·
1704 1144 1773 1179 αὕτη

985 1192 1015 1218 δὲ
1034 1192 1150 1227 καμάτῳ
1163 1192 1280 1227 εὑροῦσα
1293 1192 1323 1219 τὸ
1335 1192 1449 1226 ἀγαθὸν,
1464 1192 1514 1218 οὐκ
1529 1192 1675 1226 ὲνόστησεν
1690 1191 1729 1222 εἰς
1740 1190 1775 1217 τὰ

985 1235 1084 1269 ὀπίσω,
1102 1236 1160 1263 ἀλλ’
1177 1237 1239 1272 ῐσην
1261 1237 1379 1272 ἐτήρησε
1393 1236 1443 1272 τὴν
1464 1235 1631 1272 προθυμίαν,
1645 1235 1697 1265 ἓως
1709 1243 1775 1269 γνη-

987 1281 1053 1313 σίως
1070 1281 1227 1317 ᾠκειώσατο
1245 1281 1278 1308 τὸ
1293 1281 1461 1317 ποθούμενον
1473 1290 1480 1298 ο
1498 1281 1580 1316 μέχρι
1597 1282 1653 1308 τῶν
1667 1281 1774 1307 ἐνδοτά-

985 1335 1040 1353 των
1063 1327 1196 1362 ταμιείων
1219 1327 1392 1355 είσοικίσασα
1415 1328 1465 1364 τὴν
1488 1328 1600 1363 ἀρετὴν,
1626 1327 1776 1362 εἰσήγαγεν

145 1373 227 1403 αὑτὸν
241 1372 291 1402 οὑχ
311 1372 340 1399 ὲν
363 1371 509 1408 προθύροις
529 1371 546 1407 ἢ
572 1370 739 1407 προαυλίοις,
767 1370 825 1398 ἀλλ’
863 1371 893 1398 ἐν
929 1371 968 1408 τῷ
987 1374 1106 1409 ταμιείῳ
1124 1374 1172 1401 τοῦ
1190 1374 1278 1402 οἴκου,

183 1419 325 1454 οτὶςιηίε.
356 1434 390 1439 -
423 1417 491 1446 Cum
525 1417 560 1446 de
592 1417 733 1453 mysteriis
767 1417 930 1452 nuptiarum

145 1465 254 1501 przeviis
268 1464 378 1500 egisset,
394 1467 447 1492 etc.

1031 1419 1207 1454 Ὤριγένους.
1224 1434 1261 1441 —-
1278 1419 1346 1454 Περὶ
1363 1419 1418 1446 τῶν
1434 1419 1486 1455 πρὸ
1501 1418 1549 1446 τοῦ
1566 1419 1655 1453 γάμου
1671 1426 1776 1454 μυστη-

991 1465 1057 1500 ρίων
1073 1464 1169 1498 εἰπὼν,
1187 1473 1215 1492 κ.
1233 1473 1258 1492 τ.
1278 1465 1303 1492 λ.
1321 1465 1390 1500 (45).

186 1510 292 1546 Cyrilli.
309 1526 344 1531 —
356 1509 485 1538 Mulieres
500 1509 637 1545 signiﬁcat
651 1516 714 1544 quae
729 1514 865 1537 venerunt
879 1516 933 1535 una

1021 1511 1184 1545 Κυρίλλου.
1197 1526 1232 1531 -
1248 1511 1304 1543 Τὰς
1315 1512 1446 1545 γυναῖκας
1467 1510 1552 1546 δηλοῖ,
1577 1509 1626 1542 τὰς
1646 1509 1777 1541 ἐλθούσας

149 1557 332 1584 Sabbatorum
350 1563 432 1584 mane
447 1556 569 1584 diluculo
585 1555 618 1583 ad
641 1559 844 1583 monumentum
869 1553 934 1582 Jesu

152 1607 180 1631 et
195 1609 250 1630 non
268 1602 432 1634 invenerunt
446 1609 509 1628 eum
527 1609 534 1628 :
554 1601 626 1635 quod
643 1600 728 1635 igitur
743 1600 771 1627 in
792 1599 863 1627 lecto
889 1599 933 1626 vel

151 1655 167 1677 ο
184 1647 255 1675 lecto
271 1646 310 1675 ait
323 1646 365 1674 vel
380 1646 480 1674 lectum
499 1653 580 1674 suum
600 1645 708 1672 Domini
727 1648 935 1672 monumentum

149 1695 238 1725 vocat,
255 1691 406 1721 secundum
420 1690 493 1726 quod
509 1690 547 1718 illi
562 1689 779 1725 consepelimur,
810 1689 857 1717 sed
881 1696 935 1716 non

153 1738 255 1773 reperit
279 1738 369 1773 ipsum
399 1736 515 1767 audiens
532 1745 538 1762 :
556 1745 567 1763 ι
588 1735 648 1763 Non
671 1739 714 1763 est
736 1735 792 1768 hic,
818 1736 937 1762 surrexit

149 1783 222 1814 enim
237 1784 275 1818 ὀἱ
295 1791 305 1809 δ
321 1787 349 1810 et
362 1783 525 1810 invenerunt
551 1789 610 1809 eam
626 1781 753 1809 custodes
764 1781 852 1815 angeli
868 1787 937 1815 quos

149 1829 230 1858 etiam
247 1829 396 1864 interrogat
410 1837 418 1855 :
438 1837 447 1853 ι
467 1827 517 1859 Ubi
531 1827 665 1863 posuistis
681 1827 846 1854 Dominum?
864 1836 873 1853 ν
889 1826 938 1855 sed

150 1876 333 1910 interrogatos
359 1873 513 1901 transeunti
537 1874 658 1901 occurrit
677 1872 795 1901 dicens:
811 1872 930 1900 Salvete.

149 1919 263 1953 Propter
279 1927 311 1947 ea
327 1919 393 1947 dicit
410 1929 416 1946 :
437 1918 523 1952 Quam
540 1918 674 1947 modicum
691 1918 742 1946 fuit
752 1926 814 1946 eum
825 1918 939 1946 transivi

152 1964 187 1991 ab
203 1964 270 1999 ipsis
301 1963 482 1999 quoadusque
501 1963 604 1990 inveni.
631 1962 660 1990 Id
682 1967 735 1995 est,
746 1966 774 1990 et
797 1962 887 1989 inveni
912 1967 939 1990 et

154 2016 209 2036 non
223 2008 358 2036 dimittam
376 2016 450 2036 eum.
466 2007 566 2035 Tenuit
578 2007 651 2035 enim
667 2007 749 2042 pedes
764 2006 825 2041 ejus
841 2010 868 2034 et
884 2014 934 2033 au-

151 2054 242 2082 divit:
271 2063 281 2080 (
315 2053 376 2084 Noli
408 2062 451 2081 me
480 2059 590 2088 tangere
603 2053 637 2080 ".
656 2062 666 2079 ι
696 2053 810 2080 Domum
847 2055 939 2079 autem

154 2101 252 2129 matris
265 2100 503 2135 congregationem
516 2099 703 2134 apostolorum
716 2101 796 2129 vocat
810 2097 844 2124 ad
857 2105 939 2133 quam

154 2146 260 2178 abiens,
280 2145 417 2173 nuntiavit
434 2145 537 2172 Christi
552 2144 797 2172 resurrectionem.

190 2192 271 2219 Vsus.
280 2191 307 2219 5.
321 2191 450 2226 Adjuravi
459 2190 587 2225 vos,ﬁliw
595 2189 755 2220 Jerusalem,
764 2190 791 2216 in
802 2188 943 2217 uirtutibus

152 2242 176 2264 et
192 2237 219 2264 in
235 2236 333 2264 viribus
349 2237 417 2272 agri,
431 2237 455 2264 si
481 2236 677 2264 suscitaveriti:
692 2239 717 2262 et
733 2235 940 2267 exsuscitavéri-

155 2283 188 2310 (is
202 2282 356 2316 charitatem
367 2281 535 2318 quoadusque
551 2281 621 2309 velit.

190 2371 370 2408 Gregorii.—
394 2371 501 2401 Rursus
526 2375 638 2406 propter
663 2374 788 2398 mutuum
817 2377 941 2399 amorem

155 2417 305 2452 discipulas
329 2425 438 2453 qu0que
453 2418 561 2445 animas
581 2417 742 2451 alloquitur,
759 2423 829 2451 quas
859 2419 941 2443 antea

154 2463 357 2498 comparatione
383 2463 594 2498 pulchritudinis
624 2463 748 2497 Sponsa,
775 2469 857 2497 quam
884 2462 942 2489 lilio

157 2509 369 2541 assimilaverat,
386 2509 482 2543 spinas
494 2509 606 2536 omnino
624 2508 821 2544 appellaverat.
836 2512 863 2535 et
889 2515 937 2543 per

156 2553 357 2588 adjurationem
375 2553 470 2580 mundi
489 2557 655 2588 potestatum
670 2552 736 2580 facit
748 2560 893 2588 assurgere
908 2553 942 2581 ad

156 2606 248 2633 parem
264 2598 373 2625 modum
399 2598 542 2626 cbaritatis
572 2603 602 2626 ut
629 2598 757 2626 voluntas
775 2597 879 2633 Sponsi
907 2599 944 2627 sit

156 2644 280 2671 etiamin
291 2645 332 2674 eis
351 2644 440 2677 fortis.
470 2644 584 2679 Reliqua
618 2651 682 2671 vero
716 2643 744 2671 in
773 2643 941 2679 praecedenti

157 2696 284 2716 sermone
303 2689 442 2717 declarata
456 2693 532 2717 sunt.

195 2733 266 2762 Nili.
285 2749 317 2755 —-
331 2736 390 2763 Hoc
407 2734 556 2765 secundum
584 2734 692 2769 adjurat
707 2732 776 2762 ﬁlias
790 2733 943 2764 Jerusalem

210 2802 233 2819 ”
250 2801 346 2829 Matth.
366 2802 506 2834 uvm,6.
562 2802 585 2818 “
604 2801 682 2828 Joan.
703 2808 749 2832 xx,
768 2799 810 2826 ΓΙ.

989 1557 1039 1592 μιᾷ
1053 1555 1199 1583 Σαὸΰάτων
1215 1555 1314 1592 ὄρθρου
1329 1555 1434 1591 βαθέως
1447 1555 1493 1582 επὶ
1505 1555 1535 1582 τὺ
1556 1555 1650 1590 μνῆμα
1661 1554 1708 1581 τοῦ
1723 1554 1778 1589 ’1η-

987 1602 1045 1634 σοῦ,
1059 1602 1108 1629 καὶ
1123 1602 1161 1638 μὴ
1177 1602 1310 1637 εὑρούσας
1323 1602 1422 1629 αὑτόν·
1438 1602 1469 1628 τὸ
1483 1600 1529 1629 οὖν
1544 1602 1589 1628 ἐπὶ
1603 1601 1651 1637 τὴν
1668 1602 1775 1636 κοίτην,

986 1647 1003 1682 ἢ
1015 1647 1070 1674 ἀπὸ
1085 1647 1180 1682 κοίτης
1198 1647 1292 1683 φησὶν,
1308 1647 1324 1682 ἢ
1339 1647 1431 1682 κοίτην
1444 1647 1545 1682 ἑαυτῆς
1568 1646 1599 1673 τὸ
1614 1646 1660 1673 τοῦ
1672 1646 1776 1679 Κυρίου

989 1693 1084 1728 μνῆμα
1099 1694 1185 1726 καλεῖ,
1211 1693 1280 1720 καθὸ
1306 1693 1516 1728 συνθαπτόμεθα
1538 1691 1629 1727 αὐτῷ·
1655 1692 1714 1719 ἀλλ¹
1729 1692 1779 1726 οὐχ

988 1737 1067 1774 εὗρεν
1082 1739 1163 1766 αὐτὸν
1177 1739 1329 1771 ἀκούσασα,
1345 1739 1396 1766 οὑκ
1411 1739 1484 1765 ἔστιν
1497 1735 1547 1765 ὧδε
1560 1747 1567 1754 ·
1581 1738 1684 1773 ἠγέρθη
1704 1738 1760 1772 γάρ
1770 1745 1778 1753 ·

989 1785 1037 1812 καὶ
1050 1783 1131 1820 εὗρον
1145 1785 1230 1820 αὐτὴν
1245 1785 1269 1811 οί
1284 1784 1432 1820 τηροῦντες
1448 1784 1569 1818 ἄγγελοι,
1583 1783 1629 1815 οὓς
1645 1784 1692 1810 καὶ
1707 1785 1778 1820 ὲρω-

989 1831 1034 1867 τᾷ.
1053 1840 1062 1857 ι
1085 1830 1140 1858 Ποῦ
1154 1831 1289 1866 τεθήκατε
1300 1830 1345 1857 τὸν
1361 1830 1482 1865 Κύριον;
1504 1839 1513 1855 ι
1528 1829 1596 1856 ἀλλὰ
1607 1829 1780 1865 παρελθούσῃ

989 1875 1053 1908 τοὺς
1068 1875 1268 1912 ὲρωτηθέντας,
1295 1875 1436 1911 ὑπήντησε
1461 1875 1558 1909 λέγων,
1581 1875 1717 1910 Χαίρετε·
1740 1874 1781 1901 διό

991 1929 1084 1956 φησιν,
1103 1921 1147 1953 Ὠς
1163 1921 1260 1957 μικρὸν
1284 1920 1424 1956 παρῆλθον
1439 1921 1486 1947 ἀπ’
1505 1920 1596 1947 αὐτῶν
1616 1920 1669 1952 ἕως
1683 1917 1761 1956 εὗρον
1772 1928 1779 1935 ”

990 1966 1039 1994 καὶ
1051 1967 1102 1993 οὐκ
1115 1967 1213 2002 ἀφήσω
1227 1966 1308 1993 αὑτόν
1318 1974 1325 1982 ·
1343 1967 1479 2001 ἐκράτησε
1495 1966 1549 2002 γὰρ
1561 1966 1623 1998 τοὺς
1633 1966 1718 1997 πόδας
1733 1966 1782 1993 αὑ-

990 2012 1104 2046 τοῦ,κα“ι
1118 2013 1229 2048 ἢκουσε,
1248 2022 1258 2038 ι
1273 2012 1317 2048 Μὴ
1332 2012 1384 2047 μοῦ
1399 2014 1496 2040 ἅπτου.
1513 2023 1523 2039 ι
1540 2010 1621 2040 Οἴκον
1633 2012 1662 2038 δὲ
1679 2012 1782 2047 μητρὸς

990 2059 1040 2093 τὴν
1054 2058 1215 2094 συναγωγὴν
1230 2059 1389 2086 ἀποστόλων
1416 2059 1492 2094 φησὶ,
1507 2059 1547 2090 είς
1568 2059 1602 2095 ῆν
1626 2058 1783 2085 ἀπελθοῦσα

992 2104 1184 2139 εὐηγγελίζετο
1193 2104 1241 2131 τοῦ
1255 2104 1373 2140 Χριστοῦ
1385 2105 1435 2140 τὴν
1449 2105 1606 2132 ἀνάστασιν.

1031 2197 1062 2222 ε’,
1076 2194 1204 2229 Ὥρκισα
1229 2193 1318 2229 ὑμᾶς,
1335 2194 1493 2228 θυγατέρες
1514 2192 1723 2227 Ἰερουσαλὴμ,
1749 2192 1785 2218 ἐν

995 2239 1060 2272 ταῖς
1073 2239 1219 2274 δυνάμεσι
1234 2240 1282 2266 καὶ
1309 2239 1344 2266 ἐν
1358 2239 1423 2272 ταῖς
1437 2240 1579 2273 ἱσχύσεσι
1604 2238 1657 2265 τοῦ
1678 2237 1781 2273 ἁῃοοῦ,

996 2284 1051 2311 ἐὰν
1066 2285 1197 2319 ἐγείρητε
1208 2284 1258 2311 καί
1270 2285 1440 2319 ἐξεγείρῃτε
1451 2284 1508 2318 τὴν
1521 2283 1653 2319 ἀγάπην,
1667 2283 1722 2316 ἓως
1745 2283 1785 2311 ἂν

995 2330 1123 2364 θελήσῃ.

1032 2377 1211 2412 Γρηγορίου.
1227 2392 1261 2397 --
1273 2376 1356 2404 Πάλιν
1372 2375 1424 2402 ὑπὸ
1442 2375 1629 2410 φιλαλληλίας,
1649 2374 1698 2402 καὶ
1724 2375 1784 2407 ταῖς

998 2422 1231 2458 μαθητευομέναις
1241 2422 1342 2457 ψυχαῖς
1353 2422 1520 2455 διαλέγεται·
1532 2421 1564 2453 ἃς
1575 2422 1604 2447 ὲν
1614 2422 1669 2452 τοῖς
1684 2421 1786 2456 ἐμπρο-

998 2467 1060 2497 σθεν
1074 2467 1215 2503 συγκρίσει
1234 2467 1281 2494 τοῦ
1295 2467 1343 2503 τῆς
1361 2467 1479 2502 Νύμφης
1504 2467 1618 2497 κάλλους
1630 2466 1676 2492 τοῦ
1689 2474 1786 2501 παρει-

998 2512 1144 2544 κασθέντος
1157 2512 1195 2548 τῷ
1207 2512 1304 2547 κρίνῳ,
1318 2513 1438 2543 ἀκάνθας
1453 2513 1467 2538 ὁ
1478 2512 1555 2546 λόγος
1568 2512 1724 2547 ὠνόμασενν
1739 2512 1786 2538 καὶ

997 2558 1041 2584 διὰ
1051 2557 1097 2584 τοῦ
1116 2558 1198 2593 ὅρκου
1217 2558 1270 2584 τῶν
1289 2559 1319 2585 ὲν
1333 2558 1372 2593 τῷ
1394 2558 1489 2593 κόσμῳ
1510 2558 1651 2593 δυνάμεων
1671 2557 1738 2592 πρὶς
1756 2557 1787 2583 τὸ

1001 2604 1058 2630 [σον
1071 2603 1120 2639 τῆς
1133 2603 1244 2638 ἀγάπης
1257 2603 1408 2640 διανίστησι
1424 2604 1522 2639 μέτρον
1532 2612 1540 2620 ο
1555 2603 1625 2630 ὥστε
1639 2603 1669 2629 τὸ
1681 2602 1787 2637 θέλημα

998 2649 1044 2676 τοῦ
1058 2649 1183 2685 Νυμφίου
1197 2651 1244 2677 καὶ
1257 2651 1299 2677 ἐπ’
1313 2650 1393 2677 αὑτὸν
1411 2650 1522 2685 ἐνεργὸν
1544 2648 1669 2683 γενέσθαι
1680 2656 1686 2663 ·
1700 2648 1734 2674 τὰ
1758 2647 1787 2673 δὲ

999 2694 1080 2722 λοιπά
1095 2696 1123 2722 ὲν
1137 2696 1175 2732 τῷ
1189 2696 1322 2731 φθάσαντι
1332 2696 1403 2730 λόγῳ
1421 2695 1579 2731 δεδήλωται.

1031 2741 1151 2769 Νείλου.
1167 2756 1195 2762 -—
1212 2741 1299 2769 Τοῦτο
1310 2741 1436 2777 δεύτερον
1451 2741 1557 2777 όρκίζει
1572 2740 1621 2773 τὰς
1633 2739 1787 2775 θυγατέρας

914 2847 1030 2876 NOTAE.

195 2883 251 2919 (45)
266 2883 368 2913 Patrol.
383 2887 404 2911 t.
419 2883 501 2917 XVII,
515 2884 568 2912 col.
581 2883 643 2915 268,
662 2883 725 2913 269.
