1966 3074
162 126 227 159 1621

659 126 928 157 COMMENTARII
945 126 986 156 IN
1007 125 1167 156 CANTICA
1184 123 1330 155 CANTIC.

1725 118 1790 149 1(322

165 184 342 220 Ἰερουσαλὴμ
354 186 371 220 ἠ
383 184 485 220 Νύμφη
500 185 636 220 ἐξεγεῖραι
650 186 700 220 τὴν
716 185 826 219 ἀγάπην
846 185 952 216 πάντως

1011 189 1033 211 ιι
1062 184 1233 211 exsuscitth
1256 181 1429 210 dilectionem
1459 179 1573 206 omnino
1598 178 1788 207 dormientem,

161 230 345 258 καθεύδουσαν
355 239 362 247 -
378 232 394 265 ἡ
408 231 436 256 δὲ
447 230 536 256 ἔννοια
552 230 713 265 δεδήλωται.

199 278 234 307 ς’.
254 276 303 308 Τίς
317 275 393 309 αὕτη
408 276 427 310 ἡ
441 276 646 302 ἀναϐαίνουσα
661 276 696 302 ἐκ
707 275 763 310 τῆς
781 275 893 310 ἐρήμου
912 276 952 308 ὡς

161 321 292 355 στελέχη
305 322 422 348 καπνοῦ
437 321 651 356 τεθυμιαμένη;
667 322 787 356 σμύρνα
806 323 857 349 καὶ
870 322 951 349 λίϐα-

162 374 216 398 νος
228 366 286 393 ἀπὸ
304 367 423 393 πάντων
433 367 595 400 κονιορτῶν
606 368 763 402 μυρεψοῦ;

197 411 374 445 Γρηγοριου.
388 426 423 431 -
440 411 484 438 Ἐν
498 412 558 442 ταῖς
570 412 630 438 κατ’
647 413 747 447 ἀρετὴν
759 413 911 447 προκοπαῖς
921 412 951 438 οὐ

163 456 277 482 πάντοτε
288 456 327 491 τῷ
342 456 416 492 αὐτῷ
439 457 629 492 παραμένουσι
652 458 828 494 χαρακτῆρι,
851 458 876 485 ot
899 457 953 484 ἀπὸ

162 501 242 536 δόξης
255 502 295 533 εις
309 501 388 534 δόξαν
405 502 449 529 διὰ
463 502 512 537 τῆς
529 503 583 529 τῶν
602 503 778 538 ὑψηλοτέρων
804 503 953 538 ἐπιθυμίαν

165 547 420 582 μεταμορφούμενοι
433 555 440 562 θ
457 547 526 574 ἀλλὰ
539 547 608 582 πρὸς
618 548 665 575 τὸν
677 548 756 582 λόγον
767 549 817 583 τῆς
830 549 874 575 ἀεὶ
888 557 953 575 κατ-

163 591 329 627 ορθωθείσης
339 593 446 628 ἑκάστῳ
460 593 504 619 διὰ
518 595 566 628 τῆς
581 593 635 620 τῶν
649 594 760 628 ἀγαθῶν
773 594 951 630 τελειότητος,

164 637 231 668 ἴδιός
247 646 287 669 τις
298 640 443 673 χαρακτὴρ
460 638 500 673 τῷ
516 638 565 673 βίῳ
581 638 744 673 ἐπιλάμπει,
762 639 841 670 ἄλλος
856 639 885 672 ἐξ
904 639 951 665 ἅλ-

164 682 210 708 λου
226 682 371 718 γενόμενός
385 691 414 709 τε
430 683 476 709 καὶ
492 683 664 718 φαινόμενος,
686 684 730 710 διὰ
743 683 795 718 τῆς
811 683 865 710 τῶν
884 685 952 718 ἀγα-

164 729 219 755 θῶν
244 728 430 764 ἑπαυξήσεως.
448 728 493 755 Διό
523 737 568 762 μοι
588 729 697 755 δοκοῦσι
713 729 866 761 ξενίζεσθαι
884 729 953 763 πρὸς

163 774 194 800 τὸ
206 774 368 808 φαινόμενον
380 774 404 800 οἱ
420 774 491 808 φίλοι
504 774 551 800 τοῦ
563 774 691 809 Νυμφίου
700 782 706 788 ·
721 775 745 800 οἱ
760 775 891 810 πρότερον
904 775 954 809 μὲν

163 819 248 853 αὐτὴν
262 819 414 852 ἐγνωκότες
428 819 523 854 καλὴν,
542 819 600 846 ἀλλ’
618 819 655 850 ὼς
680 820 709 845 ὲν
724 819 833 853 γυναιξὶ
856 819 953 855 καλὴν,

165 865 234 898 μετὰ
244 864 272 890 δὲ
285 864 372 890 ταῦτα
386 864 420 890 δι’
430 864 590 899 ὁμοιότητος
613 864 728 899 χρυσίου
747 865 817 899 μετὰ
839 865 955 899 στιγμά-
969 855 993 884 Β

163 918 216 935 των
228 910 371 944 ἀργυρίου,
387 910 417 936 τὸ
434 911 533 941 κάλλος
548 910 633 945 αὐτῆς
655 909 819 945 ὠραϊζοντες
829 917 837 926 ·
853 910 911 936 νυνὶ
927 910 955 936 δὲ

165 956 248 989 μηδὲν
264 956 317 982 τῶν
339 955 532 990 προλαϐόντων
556 955 680 989 σημείων
695 955 759 989 περὶ
787 955 870 990 αὐτὴν
887 956 954 981 καθ-

162 1001 289 1036 ορῶντες,
305 1001 374 1028 ἀλλὰ
387 1001 417 1029 τὺ
431 1001 485 1027 τῶν
501 1001 680 1036 ὑψηλοτέρων
695 1000 954 1036 χαρακτηρίζοντες,

163 1046 359 1080 Θαυμάζουσιν,
385 1047 415 1073 οὐ
435 1046 516 1081 μόνον
532 1047 582 1080 τὴν
608 1045 712 1076 ἄνοδον,
740 1045 809 1072 ἀλλὰ
831 1045 878 1071 καὶ
894 1044 955 1071 ὅθεν

163 1092 298 1127 ἀνέδραμε
308 1100 316 1107 ·
328 1092 407 1119 τοῦτο
424 1092 479 1127 γάρ
494 1093 569 1118 ἐστιν
591 1091 605 1117 ὃ
621 1093 668 1118 καὶ
679 1091 804 1117 ἐπίτασιν
817 1092 889 1117 ποιεῖ
904 1091 956 1125 τῆς

163 1138 341 1172 ἐκπλήξεως·
369 1138 438 1172 ὅπερ
464 1137 594 1172 μέγιστον
618 1138 651 1172 τῇ
681 1137 785 1172 Νύμφῃ
805 1135 953 1171 ἐγκώμιον,

165 1183 322 1219 μαρτυροῦν
350 1184 398 1218 τὴν
424 1183 492 1218 πρὸς
510 1184 541 1210 τὺ
560 1184 686 1218 κρεῖττον
708 1181 886 1217 παραλλαγὴν
908 1181 956 1207 καὶ

164 1230 346 1264 μετάστασιν·
364 1230 478 1265 μέλαινα
491 1229 545 1264 γὰρ
556 1230 632 1264 ἡμῖν,
650 1229 743 1263 φησιν,
761 1228 867 1262 ἑωρᾶτο
885 1227 954 1262 πρό-

163 1285 252 1311 τερον,
266 1276 336 1310 αὕτη
351 1277 368 1311 ἡ
384 1275 569 1303 ἀναὸαίνουσα
584 1276 617 1300 ὲκ
631 1274 682 1309 τῆς
699 1274 817 1312 ἐρήμουθ
834 1273 881 1299 καὶ
898 1273 955 1304 πῶς

161 1324 213 1359 τὴν
225 1323 364 1358 σκοτεινὴν
378 1323 485 1358 μορφὴν
498 1320 670 1353 ἀπεδύσατο;
688 1319 746 1350 πῶς
770 1319 838 1354 αὐτῇ
857 1317 956 1354 χιονῶ-

161 1370 207 1402 δες
223 1369 412 1404 ἀπαστράπτει
424 1368 455 1394 τὸ
469 1367 585 1398 κάλλοςς
605 1366 622 1401 ἢ
643 1365 746 1401 ἔρημός
761 1365 835 1392 ἐστιν
847 1365 886 1396 ὡς
900 1364 954 1391 Eat-

164 1424 212 1442 κεν
227 1415 274 1441 καὶ
286 1414 362 1442 αἰτία
372 1414 484 1447 τούτων,
501 1415 518 1449 ὴ
538 1413 664 1448 καθάπερ
691 1412 768 1447 ἔρνος
795 1411 955 1438 ἀναθάλλειν

163 1461 249 1497 αὑτὴν
262 1462 301 1493 εἰς
314 1460 381 1496 ὕψος
394 1461 532 1495 ποιήσασα
549 1460 596 1486 καὶ
610 1458 678 1494 πρὸς
693 1458 722 1484 τὺ
739 1458 861 1484 τοιοῦτον
874 1466 956 1492 μετα-

164 1507 301 1534 ϐἁλλουσα
316 1507 429 1539 κάλλος;
444 1506 473 1538 ἐξ
497 1505 606 1532 οἰκείων
621 1504 677 1540 γὰρ
690 1504 780 1531 πόνων
804 1503 837 1530 δι’
853 1505 955 1539 ἐγκρα-

163 1553 240 1584 τείας
250 1562 279 1579 τε
294 1553 342 1579 καὶ
365 1552 525 1586 ἐπιμελείας
542 1551 678 1586 ἐκτήσατο
689 1559 696 1566 ·
719 1550 798 1577 τοῦτο
809 1550 863 1586 γὰρ
876 1551 906 1576 τὺ
923 1550 956 1577 ὲκ

163 1599 214 1633 τῆς
230 1599 334 1634 ἐρήμου
346 1598 503 1625 ἀναϐαίνειν
518 1598 603 1633 αὐτήν
613 1606 620 1614 ·
635 1597 708 1624 οὕτω
727 1596 792 1623 ποτὲ
813 1598 861 1624 καὶ
880 1597 896 1632 ή
910 1597 957 1623 τοῦ

164 1647 307 1680 προφήτου
420 1643 538 1679 διψώδης
554 1643 662 1677 ἐγένετο
683 1642 733 1678 τῆς
757 1641 833 1674 Θείας
854 1642 957 1678 πηγῆς,

164 1692 262 1727 ἐπειδὴ
273 1692 346 1727 αὐτῷ
360 1693 377 1727 ἡ
394 1691 463 1727 σὰρξ
478 1690 580 1722 ἄϐατος
594 1699 624 1716 τε
642 1690 690 1717 καὶ
711 1689 813 1725 ἕρημος
832 1689 880 1715 καὶ
892 1689 958 1716 ἄνυ-

163 1738 229 1774 δρος
242 1738 385 1772 γενομένη,
397 1737 428 1763 τὸ
442 1737 513 1763 Θείον
525 1736 600 1770 δίψος
616 1735 705 1770 ἑαυτῷ
716 1734 898 1770 παρεδέξατο·
915 1734 959 1761 διὰ

165 1783 272 1811 πολλῶν
293 1784 384 1810 τοίνυν
400 1782 607 1817 ὑποδειγμάτων
621 1781 652 1808 τδ
663 1781 762 1812 κάλλος
773 1780 858 1815 αὐτῆς
872 1781 960 1815 ἑρμη-

165 1830 276 1857 νεύουσι
287 1837 294 1845 '
309 1829 404 1863 ἐπειδὴ
416 1828 450 1855 δι’
464 1828 522 1859 ἑνὸς
536 1827 609 1854 ἅπαν
623 1825 825 1861 περιληφθῆναι
840 1826 889 1860 οὐχ
904 1822 960 1852 οἷόν

165 1885 198 1902 τε
209 1874 244 1911 ἧν
255 1884 261 1890 ·
279 1874 386 1910 πρῶτον
400 1873 517 1909 μὲν-γὰρ
529 1872 634 1905 στέλεξι
647 1873 696 1906 τὴν
709 1871 783 1907 ὥραν
794 1871 879 1906 αὐτῆς
890 1871 962 1897 εἰκάς

165 1921 256 1952 ζουσι,
273 1919 319 1945 καὶ
333 1918 394 1945 οὐδὲ
416 1918 495 1944 τοῦτο
509 1917 549 1944 ἑνί
561 1925 569 1932 ·
580 1917 648 1943 ἀλλὰ
668 1916 712 1943 διὰ
727 1916 774 1942 τοῦ
796 1915 916 1951 πλήθους
932 1915 961 1942 τὸ

165 1965 310 1997 πολυειδὲς
327 1966 374 1991 καὶ
386 1964 521 1996 ποικίλον,
538 1963 594 1990 τῶν
610 1963 718 1999 ἀρετῶν
739 1962 957 1998 ὕπογράφουσιψ

166 2009 232 2038 εἶτα
244 2010 347 2041 καπνὸς
362 2010 394 2036 ἐκ
404 2009 598 2044 θυμιαμάτων,
609 2010 649 2040 εἰς
661 2008 711 2044 τὴν
728 2008 821 2036 εἰκόνα
834 2008 882 2035 τοῦ
897 2008 962 2035 κάλ-

167 2057 232 2088 λους
247 2056 507 2091 παραλαμϐάνεταιο
524 2056 572 2082 καὶ
586 2055 648 2081 οὐδὲ
671 2051 748 2086 οὗτος
765 2054 877 2086 ἁπλοῦς,
893 2054 962 2081 ἀλλὰ

167 2102 279 2138 σμύρνῃ
294 2101 341 2128 καὶ
353 2101 456 2136 λιϐάνῳ
476 2100 711 2136 συγκεκραμένος,
735 2099 773 2131 ὡς
796 2099 862 2134 μίαν
886 2099 962 2133 γενέ-

166 2148 233 2175 σθαι
243 2147 298 2174 τῶν
315 2146 411 2182 ἀτμῶν
429 2147 479 2181 τὴν
489 2146 568 2181 χάριν
579 2154 586 2161 ·
601 2147 615 2172 ὁ
632 2146 722 2172 τοίνυν
743 2145 846 2180 μέλλων
864 2146 961 2172 ἑαυτὸν

1007 237 1104 258 sensus
1118 233 1207 256 autem
1225 229 1380 255 declaratus
1396 226 1457 253 fuit.

1042 274 1160 301 Vans.6.
1179 274 1244 306 Qua:
1257 277 1296 300 est
1307 273 1361 299 ista
1371 279 1430 306 quae
1447 270 1565 298 ascendit
1582 278 1595 297 ε
1606 269 1719 302 deserto,
1732 275 1790 296 lan-

1006 329 1085 356 quam
1103 325 1211 347 truncus
1224 320 1291 354 fumi
1305 319 1423 349 incensa,
1439 317 1557 353 myrrha,
1573 317 1632 344 titus
1655 316 1688 343 ab
1704 316 1790 343 omni-

1008 368 1055 394 bus
1071 366 1219 401 palearibus
1233 364 1421 400 unguentarii?

1042 413 1171 448 Gregorii.
1191 411 1266 438 -—-ln
1291 412 1399 439 virtutis
1416 409 1603 446 progressibus
1617 416 1669 436 non
1686 415 1791 443 semper

1007 457 1131 485 eamdem
1148 457 1267 483 retinent
1286 456 1402 483 formam
1419 454 1467 490 qui
1485 461 1499 480 a
1518 454 1644 481 claritate
1662 454 1690 480 in
1706 453 1789 480 clari-

1007 508 1089 530 tatem
1105 509 1152 537 per
1180 501 1371 529 sublimiorum
1391 500 1527 528 desideria
1548 498 1789 530 transformamur,

1007 549 1055 577 sed
1071 555 1121 583 pro
1143 548 1251 575 ratione
1267 546 1447 582 perfectionis
1478 546 1613 573 bonorum
1640 545 1667 572 in
1691 545 1791 580 quibus

1007 602 1036 621 se
1049 594 1165 628 quisque
1181 600 1288 626 semper
1304 591 1437 621 exercuit.
1454 591 1580 626 proprius
1597 590 1707 625 quidam
1729 589 1791 617 vitae

1007 640 1141 666 illucescit
1154 639 1305 670 character,
1320 637 1389 664 alius
1401 637 1488 664 factus
1502 644 1533 663 ex
1546 636 1610 668 alio,
1623 639 1650 663 et
1658 642 1792 670 apparens

1007 693 1056 720 per
1075 688 1254 720 augmentum
1286 684 1431 711 honorum.
1459 682 1550 715 Quare
1575 681 1641 708 mihi
1665 681 1793 708 videntur

1006 730 1088 757 amici
1099 729 1198 764 Sponsi
1214 733 1342 763 tanquam
1357 736 1413 754 rem
1428 734 1524 754 novam
1539 726 1668 753 admirari
1680 726 1706 753 id
1719 727 1791 761 quod

1008 780 1139 810 apparet;
1156 774 1203 810 qui
1236 774 1311 809 prius
1326 773 1434 808 quidem
1455 779 1515 799 eam
1535 778 1720 806 cogitaverunt
1734 771 1794 805 pul-

1008 823 1102 849 chram
1118 841 1125 854 ,
1142 826 1237 856 postea
1248 828 1314 847 vero
1330 819 1390 846 auri
1409 827 1519 854 quoque
1534 818 1714 846 similitudine
1729 825 1792 846 cum

1008 868 1080 895 notis
1109 867 1214 902 argenti
1250 866 1312 901 ejus
1342 865 1575 900 pulchritudinem
1607 864 1791 891 decorarunt.

1008 913 1085 940 Nunc
1100 917 1190 940 autem
1208 911 1420 946 praecedentium
1439 914 1565 938 notarum
1579 910 1680 937 mulam
1694 911 1720 936 in
1734 910 1792 945 ipsa

1007 960 1156 991 intuentes,
1185 958 1232 985 sed
1251 965 1266 984 a
1283 957 1482 985 sublimoribus
1499 956 1572 984 illam
1601 955 1792 991 iusignienlcs,

1007 1004 1141 1031 mirantur
1156 1010 1211 1030 non
1228 1002 1315 1030 solum
1325 1009 1484 1035 ascensum,
1496 1003 1543 1030 sed
1560 1002 1642 1030 etiam
1657 1002 1728 1028 unde
1748 1009 1794 1028 as-

1007 1050 1138 1077 cenderit.
1153 1049 1210 1077 lloc
1224 1054 1266 1077 est
1280 1049 1353 1077 enim
1367 1048 1439 1084 quod
1457 1048 1590 1082 majorem
1606 1047 1683 1075 aliert
1697 1052 1793 1082 stupo-

1007 1103 1073 1128 rem,
1091 1095 1163 1130 quod
1177 1096 1324 1122 maximum
1339 1099 1381 1122 est
1394 1094 1507 1128 Sponsa:
1519 1094 1684 1126 encomium,
1699 1093 1795 1121 testiﬁv

1007 1149 1072 1169 caus
1085 1141 1144 1176 ejus
1159 1141 1187 1168 in
1201 1141 1302 1168 virtute
1317 1147 1506 1176 progressum,
1525 1144 1553 1167 ct
1565 1139 1593 1167 id
1609 1139 1681 1174 quod
1695 1139 1795 1166 melius

1007 1190 1049 1214 est
1067 1189 1244 1214 mutationem
1261 1194 1293 1214 ac
1306 1185 1592 1213 transformationem.
1621 1185 1687 1218 Quae
1710 1186 1794 1217 enim,

1008 1232 1106 1267 inquit,
1122 1232 1199 1267 prius
1215 1231 1358 1259 videbatur
1369 1231 1448 1259 nobis
1459 1231 1548 1266 nigra,
1565 1231 1622 1258 hinc
1643 1231 1796 1259 ascendens

1007 1278 1041 1305 de
1069 1278 1188 1311 deserto,
1212 1277 1409 1305 tenebricosam
1426 1277 1543 1312 quodam
1573 1277 1652 1305 modo
1682 1277 1796 1305 formam

1007 1323 1081 1350 exuit
1088 1327 1114 1350 ct
1128 1324 1207 1351 nivea
1217 1322 1332 1358 refulget
1341 1323 1554 1358 pulchritudine.
1565 1322 1634 1350 Num
1643 1323 1795 1355 desertum,

1009 1375 1037 1396 ut
1053 1369 1168 1401 videtur,
1186 1373 1228 1396 est
1244 1376 1328 1396 causa
1346 1367 1420 1403 quod
1435 1369 1494 1403 ipsa
1505 1368 1576 1395 sicut
1589 1369 1736 1403 virgultum
1751 1376 1796 1395 as-

1008 1419 1103 1449 surgat
1119 1414 1147 1441 in
1164 1415 1262 1447 altum,
1278 1414 1364 1449 ipsam
1381 1415 1407 1441 in
1425 1422 1485 1442 eam
1500 1419 1610 1442 ululans
1640 1413 1797 1450 pulchritu-

1008 1461 1117 1488 dinem?
1136 1460 1174 1488 Ex
1190 1461 1308 1496 propriis
1325 1468 1423 1495 nempe
1437 1460 1579 1487 laboribus
1595 1467 1643 1495 per
1654 1460 1798 1487 continen-

1010 1506 1075 1533 tiam
1087 1510 1114 1533 et
1128 1507 1297 1542 diligentiam
1310 1506 1456 1542 acquisivit
1469 1506 1713 1541 pulchritudinem.
1733 1506 1796 1533 Ilaec

1008 1557 1049 1580 est
1082 1553 1154 1580 enim
1183 1552 1271 1587 ipsius
1298 1553 1332 1580 de
1352 1553 1460 1580 deserto
1487 1553 1624 1580 ascensio.
1647 1552 1688 1579 lla
1715 1552 1796 1579 etiam

1009 1598 1155 1633 aliquando
1184 1598 1325 1632 Propheta:
1354 1599 1445 1625 anima
1474 1598 1526 1625 fuit
1549 1599 1645 1626 sitiens
1674 1598 1796 1626 divinqu

1009 1644 1111 1671 fontem
1127 1645 1161 1676 ³³,
1177 1650 1321 1679 postquam
1335 1651 1400 1671 caro
1416 1652 1477 1679 quae
1487 1644 1511 1671 ei
1527 1648 1653 1671 evaserat
1675 1643 1796 1675 deserta,

1008 1693 1036 1716 et
1048 1689 1132 1720 invia,
1144 1693 1171 1716 et
1187 1689 1330 1723 inaqnosa,
1347 1689 1467 1716 divinam
1484 1689 1511 1716 in
1526 1697 1556 1716 se
1575 1688 1697 1724 suscepit
1712 1689 1796 1716 sitim.

1009 1733 1197 1769 Multisigitur
1221 1734 1353 1769 exemplis
1376 1734 1436 1769 ejus
1460 1735 1597 1769 explicant
1612 1734 1796 1769 pulchritudi-

1010 1788 1083 1812 nem,
1111 1779 1337 1815 quandoquidem
1362 1787 1418 1806 uno
1445 1788 1501 1807 non
1529 1784 1636 1815 poterat
1666 1781 1794 1807 universa

1010 1826 1214 1860 comprehendi.
1233 1825 1299 1852 Nam
1315 1826 1432 1860 primunt
1448 1825 1558 1860 quidem
1573 1826 1736 1853 caudicibus
1748 1834 1797 1853 seu

1011 1872 1138 1907 virgultis
1153 1873 1214 1908 ejus
1230 1872 1387 1900 assimilant
1412 1872 1648 1906 pulchritudinem
1667 1880 1717 1899 nec
1746 1873 1792 1898 uni

1012 1918 1100 1945 solum
1112 1925 1145 1945 ex
1162 1919 1227 1951 illis,
1243 1918 1290 1945 sed
1306 1925 1353 1952 per
1369 1917 1573 1945 multitudinem
1588 1926 1620 1944 ac
1643 1919 1797 1952 specierum

1011 1963 1207 1996 diversitatem,
1216 1964 1348 1990 virtutum
1357 1964 1515 1991 varietatem
1534 1963 1705 1991 describunt.
1718 1963 1799 1990 Dein-

1012 2009 1045 2036 dc
1078 2008 1168 2036 fumus
1197 2015 1230 2036 ex
1255 2008 1392 2036 suflitibus
1423 2008 1577 2036 assumitur
1602 2009 1634 2034 ad
1650 2008 1795 2043 imaginem

1013 2054 1238 2089 pulchritudinis,
1267 2062 1356 2089 neque
1375 2053 1421 2081 hic
1443 2054 1569 2090 simplex,
1590 2055 1637 2082 sed
1665 2055 1799 2083 suflitihus

1014 2099 1131 2134 myrrlue
1155 2104 1181 2126 et
1209 2099 1298 2127 thuris
1319 2100 1401 2127 simul
1436 2101 1599 2133 commistis,
1631 2105 1661 2127 ut
1683 2109 1736 2127 una
1765 2100 1800 2128 sit

1015 2145 1123 2180 vaporis
1135 2146 1234 2180 gratia.
1244 2146 1295 2179 Qui
1308 2154 1375 2182 ergo
1387 2154 1416 2174 se
1429 2147 1487 2174 vult
1500 2146 1548 2174 Dei
1561 2147 1690 2175 dedicare
1701 2148 1798 2179 cultui,

165 2192 325 2222 ἀνατιθέναι
347 2193 381 2227 τῇ
400 2191 449 2218 τοῦ
467 2190 535 2217 Θεοῦ
560 2190 705 2225 Θεραπεία,
717 2190 768 2216 οὐκ
785 2189 865 2221 ἄλλος
877 2190 956 2216 ἔσται

1012 2199 1066 2218 non
1079 2191 1158 2218 aliter
1169 2193 1221 2219 erit
1240 2193 1303 2219 thus
1319 2192 1386 2226 Deo,
1403 2193 1457 2221 nisi
1486 2194 1564 2228 prius
1593 2193 1800 2222 mortiﬁcaverit

165 2239 277 2270 λίϐανος
291 2237 339 2265 τοῦ
353 2237 422 2265 Θεοῦ
447 2236 632 2273 θυμιώμενος,
661 2235 741 2262 τοῦτο
765 2235 819 2270 γὰρ
847 2236 881 2270 τῇ
912 2235 958 2262 τοῦ

165 2285 238 2312 Θεοῦ
266 2285 332 2320 τιμῇ
357 2284 526 2319 ἀφιέρωται,
557 2283 581 2308 εἰ
609 2281 647 2317 μὴ
663 2281 796 2317 πρότερον
811 2279 958 2315 νεκρώσειε

165 2332 203 2359 τὰ
221 2332 268 2358 ἐπὶ
280 2331 397 2366 τῆςτγῆς
409 2330 477 2366 μέλη
487 2338 494 2345 ·
508 2331 525 2365 ἡ
539 2329 594 2364 γὰρ
609 2327 718 2364 σμύρνα
737 2326 806 2361 πρὸς
823 2325 867 2352 τὸν
881 2326 958 2352 ἐντα-

166 2378 291 2413 φιασμόν
301 2377 356 2404 τῶν
373 2376 507 2411 σωμάτων
519 2374 626 2405 οἰκείως
642 2373 699 2408 ἔχει
710 2380 717 2387 ·
741 2369 779 2399 ὧν
790 2371 957 2406 γενομένων,

168 2425 225 2451 πᾶν
235 2422 305 2455 εῐδος
318 2423 373 2450 τῶν
385 2422 446 2449 κατ’
458 2421 558 2456 ἀρετὴν
565 2420 719 2455 ἀρωμάτων
731 2419 759 2444 ὲν
766 2417 804 2452 τῷ
813 2416 904 2450 κύκλῳ
911 2416 958 2443 τοῦ

169 2469 241 2504 βίου,
253 2468 378 2504 καθάπερ
388 2467 527 2503 θυείᾳτινι
537 2465 740 2492 λεπτυνθέντων
754 2463 801 2489 τὸν
812 2462 878 2498 ἡδὺν
889 2463 959 2489 ὲκεῖο

167 2524 215 2542 νον
225 2514 373 2549 κονιορτὸν,
382 2513 411 2539 ὃν
421 2512 562 2539 ἀναλαὸὼν
575 2512 603 2537 ὲν
613 2511 651 2546 τῷ
659 2510 778 2544 ἄσθματι
787 2507 903 2540 εὔπνους
912 2507 957 2542 γί-

167 2567 245 2586 νεται
254 2557 301 2584 τοῦ
310 2557 514 2592 μεμυρισμένον
525 2556 590 2582 meo
596 2563 680 2591 ματος
686 2555 794 2590 πλήρης
803 2553 958 2588 γενόμενος.

212 2604 388 2640 Ὡριγένους.
413 2620 448 2625 -—
468 2604 544 2638 Καλὴ
571 2603 632 2630 λίαν
663 2603 679 2638 ἡ
706 2600 906 2630 ἁναῦαίνουσα,
932 2608 958 2625 κ.

168 2661 194 2679 τ,
212 2651 238 2678 λ.
251 2651 318 2686 (ιθ).

226 2733 249 2748 ¹²
266 2731 338 2760 Psal.
360 2740 414 2764 ut,
434 2732 460 2759 3.

1014 2237 1135 2265 membra
1154 2245 1214 2273 quae
1229 2243 1292 2266 sunt
1307 2246 1389 2273 super
1399 2244 1510 2266 terram.
1525 2239 1637 2275 Myrrha
1651 2241 1723 2267 enim
1737 2244 1798 2275 apta

1013 2286 1055 2310 est
1070 2283 1103 2310 ad
1119 2290 1265 2318 corporum
1276 2284 1445 2319 sepulturam
1461 2293 1468 2311 :
1485 2292 1546 2319 qua
1563 2292 1627 2312 cum
1642 2284 1713 2312 facta
1741 2285 1800 2312 fue-

1012 2329 1077 2361 rint,
1099 2336 1179 2357 omne
1214 2337 1302 2364 genus
1328 2335 1480 2357 aromatum
1498 2338 1530 2358 cx
1560 2331 1660 2358 virtute
1687 2330 1714 2358 in
1737 2332 1800 2359 vita:

1011 2375 1114 2402 circulo
1137 2378 1266 2410 tanquam
1295 2376 1322 2402 in
1353 2376 1444 2410 aliquo
1468 2377 1607 2410 mortario,
1636 2377 1664 2404 in
1687 2376 1800 2405 subtiles

1012 2423 1103 2454 partes
1118 2419 1360 2451 connuinutorum,
1374 2428 1485 2448 suavem
1505 2421 1581 2448 illum
1605 2422 1687 2449 efficit
1705 2422 1800 2456 pulrc-

1012 2472 1068 2491 rem
1086 2473 1166 2500 quem
1182 2465 1227 2499 qui
1248 2465 1356 2500 accepit
1371 2466 1397 2492 iu
1413 2466 1534 2493 anhelitu
1550 2466 1653 2494 odorus
1670 2466 1797 2498 efﬁcitur.

1012 2509 1109 2544 plenus
1124 2510 1220 2544 spiritu
1250 2514 1388 2546 unguenta
1403 2511 1551 2539 redolente.

1051 2599 1181 2634 Origem‘s.
1196 2613 1230 2619 —--
1250 2599 1333 2627 Valde
1360 2601 1474 2635 pulchra
1496 2606 1537 2629 est
1555 2601 1645 2628 anima
1667 2608 1726 2635 qutc
1745 2601 1799 2628 vita

1016 2646 1174 2680 rationequc
1191 2645 1323 2680 eset-adit,
1341 2649 1393 2673 etc.

931 2787 1046 2816 ΝΟΤΛΞ..

208 2834 267 2870 (46)
289 2834 425 2863 ΡαινυΙ.ι.
443 2834 524 2867 XVII,
543 2835 594 2863 col.
614 2835 675 2863 269.
