1966 3074
172 89 240 122 1623

837 94 1013 124 PROCOPH
1033 95 1156 126 GAZ.‘EI

1738 101 1805 133 1624

205 150 274 179 Nili.
293 150 453 185 -—Sponsa
486 154 628 186 stuporem
663 152 749 179 movit
779 151 947 179 intuentibus

1001 179 1003 181 ,
1050 155 1172 183 Νείλου,
1197 171 1232 177 -ν
1254 155 1405 191 Ἐκπληξιν
1429 155 1552 192 παρέσχε
1576 158 1631 189 τοῖς
1662 158 1763 193 ὁρῶσιν
1788 161 1805 196 ἡ

167 197 240 233 quod
255 201 282 225 et
296 206 310 224 a
326 198 435 226 deserto
452 199 611 226 ascenderet
637 203 664 226 et
677 199 748 227 sicut
763 202 879 227 truncus
894 199 960 227 fumi

167 244 280 271 incensa
308 244 388 275 foret.
420 252 471 272 nec
488 245 600 273 aliunde
614 245 728 273 incensa
744 253 826 281 quam
847 254 862 273 a
880 254 960 282 myr-

166 290 215 317 rha
231 295 258 318 et
273 291 364 322 thure,
385 299 416 318 ac
436 292 547 327 pulvere
562 292 754 328 unguentario.
779 292 841 320 ihec
867 297 957 320 autem

166 334 257 361 omnia
285 335 441 371 significant
467 344 608 364 recessum
638 345 652 364 a
677 338 797 365 terrenis
831 339 958 371 negotiis.

164 378 262 407 Anima
278 382 350 408 enim
364 389 377 408 a
392 382 464 410 malo
480 383 622 411 abstinens
645 387 672 411 et
689 390 704 410 ο
725 384 818 418 pravis
846 391 960 411 Cessans

165 427 332 461 actionibus,
354 432 436 464 atque
464 430 631 458 zizaniorum
656 434 806 458 sementem
832 431 959 464 rejiciens

163 473 192 500 in
208 473 318 502 deserto
333 480 385 503 est.
406 476 434 503 in
458 476 539 504 bouis
562 484 628 504 vero
653 477 785 512 operibus
810 477 958 512 proficiens

163 519 260 554 incipit
275 521 426 548 ascendere
451 521 484 549 de
509 522 620 550 deserto
643 522 715 550 sicut
743 527 858 550 trunnatus
890 522 957 550 fumi

163 565 287 594 incvusa.
305 567 541 600 Quemadmodum
557 568 630 596 enim
647 568 741 597 fumus
755 576 769 595 a
791 574 863 597 terra
888 569 957 597 inci-

162 612 241 648 piens
253 609 415 641 caudi'catur
437 614 560 649 quidem,
576 615 623 643 sed
639 615 666 642 in
682 623 745 643 aere
769 615 854 643 haaret
879 616 956 650 quasi

161 658 256 685 radice
279 666 341 686 cum
366 658 626 694 tlammalignorum
654 661 801 696 implexam
828 661 955 689 habens:

160 707 259 731 atcum
278 704 385 733 inferne
401 706 515 734 materia
533 706 662 740 defuerit,
682 714 697 734 a
718 711 792 735 terra
811 707 956 742 seiunctus

159 751 274 778 omnino
291 751 404 784 secedit,
426 753 496 788 parti
511 753 675 781 eommistus
687 753 752 781 etin
776 754 954 789 semetipsum

159 798 310 831 resolutus;
327 799 366 826 sic
382 799 473 826 anima
489 799 622 827 recedens
637 807 651 827 a
670 801 796 833 terrenis,
810 804 837 827 et
855 801 876 827 si
891 808 954 835 pro-

1013 200 1117 236 Νύμφη
1130 209 1136 216 ·
1154 201 1195 228 ὅτι
1212 202 1258 229 καὶ
1272 202 1327 229 ἀπὸ
1343 203 1446 239 ὲρήμου
1461 203 1598 236 ἀνέϐαινε,
1614 205 1661 231 καὶ
1682 204 1719 237 ὡς
1743 214 1805 232 στε-

1012 246 1078 282 λέχη
1094 247 1200 274 καπνοῦ
1216 248 1415 284 τεθυμιαμὲνη,
1440 249 1487 276 καὶ
1502 250 1544 276 ὅτι
1566 249 1616 276 οὐκ
1631 250 1741 277 ἄλλοθεν
1760 259 1805 278 τε.

1013 291 1173 328 θυμίασται,
1192 294 1251 320 ἀλλ’
1266 294 1319 320 ἀπὸ
1344 294 1467 330 σμύρνης
1489 295 1536 322 καὶ
1558 295 1681 327 λιϐάνου,
1697 296 1744 323 καὶ
1758 305 1804 323 κο-

1012 338 1127 373 νιορτῶν
1156 338 1277 374 μυρεψοῦ
1291 347 1299 354 ·
1321 338 1409 366 ταῦτα
1433 339 1462 366 δὲ
1490 339 1579 368 πάντα
1603 340 1730 376 σημαίνει
1753 340 1804 377 τὴν

1011 382 1185 419 ἀναχώρησιν
1210 384 1265 411 τῶν
1282 384 1403 419 γηΐνων·
1432 385 1449 420 ή
1478 384 1532 420 γὰρ
1559 386 1734 420 ἁποσχομένη
1753 386 1803 421 τῆς

1011 429 1111 460 κακίας
1124 428 1209 464 ψυχὴ,
1222 429 1270 456 καὶ
1279 430 1335 456 τῶν
1349 429 1459 464 φαύλων
1474 429 1602 465 πράξεων
1610 431 1709 465 ἀργίαν
1718 430 1803 465 ἄγου-

1011 475 1118 507 σα,καὶ
1144 475 1190 502 τὸν
1218 475 1272 502 τῶν
1296 474 1423 508 ζιζανίων
1449 475 1553 511 σπορέα
1579 476 1758 511 ἀρνησαμένη
1773 476 1803 502 ὲν

1010 521 1107 557 ἐρήμῳ
1120 522 1189 555 ἐστὶ,
1207 521 1401 557 προκύπτουσα
1416 522 1445 548 ὲν
1461 523 1518 554 τοῖς
1532 521 1645 556 ἀγαθοῖς
1657 522 1749 557 ἔργοις
1761 522 1801 554 δὲ,

1009 568 1124 602 ἄρχεται
1139 567 1295 595 ἀναϐαίνειν
1308 567 1364 594 ἀπὸ
1378 567 1428 602 τῆς
1449 568 1553 604 ἐρήμου
1573 568 1611 599 ὡς
1626 567 1740 603 στελέχη
1754 577 1802 595 κα-

1009 613 1077 641 πνοῦ
1093 613 1283 650 τεθυμιαμένη
1296 623 1302 630 ·
1320 614 1358 646 ὼς
1369 614 1424 650 γὰρ
1435 615 1450 641 ὀ
1465 615 1568 646 καπνδς
1579 614 1733 649 ἀρξάμενος
1747 614 1803 641 ἀπὺ

1008 660 1059 694 τῆς
1074 660 1136 695 γῆς,
1153 660 1328 696 στε).εχοῦται
1343 660 1371 687 δὲ
1387 660 1434 687 ἐπὶ
1450 660 1496 687 τὸν
1512 660 1593 696 ἀέρα,
1608 660 1684 695 ὅμως
1694 661 1802 695 δέχεται

1008 706 1046 737 ὡς
1059 705 1138 742 ῥίζης
1151 707 1201 740 τῆς
1228 705 1474 741 συμπεπνιγμένης
1496 706 1552 738 τοῖς
1578 705 1668 738 ξύλοις
1681 707 1780 740 φλογός
1791 714 1800 723 ·

1007 752 1073 778 ὅταν
1089 752 1117 779 δὲ
1132 752 1233 789 ἐκλίπῃ
1246 752 1369 779 κάτωθεν
1386 753 1403 787 ἡ
1417 752 1478 788 ὕλη,
1492 752 1663 788 διαζευχθεὶς
1674 753 1723 788 τῆς
1737 754 1799 788 γῆς.

1007 797 1076 829 ὅλως
1092 798 1230 834 ἀναχωρεῖ
1243 799 1281 835 τῷ
1298 801 1356 836 ἰδίῳ
1370 801 1450 837 μέρει
1464 802 1737 837 συναναμιγνύμενος
1753 801 1801 829 καὶ

160 844 234 872 liciat
246 844 279 871 ad
295 845 428 877 caelestia,
446 853 500 873 non
513 846 601 881 primo
615 846 642 874 in
655 847 707 879 ista
724 847 845 882 perfecte
859 850 947 873 trans-

1004 843 1279 881 ἀναστοιχειούμενος
1291 847 1331 878 εἰς
1347 847 1456 874 ἑαυτὸν·
1473 847 1561 880 οὕτως
1581 849 1598 883 ἡ
1615 847 1670 875 τῶν
1696 849 1800 883 γηΐνων

157 890 180 916 it
208 897 290 925 quam
306 891 539 927 omninointegre
562 896 669 919 terrena
692 892 844 927 reliquerit.
870 891 956 919 Porro

158 937 297 972 myrrham
335 942 362 965 et
388 938 452 965 thus
477 945 539 967 esse
564 938 736 966 commistam
764 943 862 966 trunco
888 938 954 966 fumi

158 983 271 1010 odorem
298 984 411 1018 bonum,
440 984 567 1020 corporis
593 985 834 1013 mortificationem
866 990 894 1014 et
921 994 953 1014 ex

158 1029 329 1058 continentia
336 1030 525 1058 subactionem
532 1031 666 1063 declarat,
681 1039 742 1059 eum
755 1032 858 1067 quibus
869 1033 955 1068 proti-

158 1075 236 1104 cieus
245 1076 317 1104 velut
327 1081 466 1112 unguento
480 1078 644 1106 accedentes
660 1078 768 1106 imbuit.
785 1078 839 1106 Sed
851 1083 877 1107 et
889 1087 953 1107 aro-

158 1126 262 1150 matum
276 1123 367 1158 pulvis
382 1124 588 1158 pnedicalionis
604 1125 699 1153 sensui
712 1127 865 1159 consentit,
888 1135 951 1154 nam

157 1175 184 1196 ct
211 1170 255 1198 hic
287 1174 417 1198 contactu
453 1175 534 1199 terra:
555 1171 649 1204 tritus,
676 1175 843 1200 extenuatus
872 1172 950 1200 faciei

157 1216 245 1251 ipsius
273 1221 446 1251 supernatat;
473 1222 564 1246 motus
581 1225 647 1245 vero
675 1217 791 1252 pedibus
807 1223 952 1246 transeun-

156 1263 224 1290 tium
238 1263 364 1292 sublimis
384 1263 488 1290 tollitur
506 1264 532 1290 in
553 1263 638 1291 altum
659 1263 765 1292 abiens.
785 1263 850 1292 item
864 1265 951 1292 luere-

155 1308 208 1335 tica
219 1308 329 1343 quidem
344 1309 433 1335 anima
441 1329 447 1339 ,
459 1316 520 1335 cum
532 1308 600 1336 forte
614 1309 713 1336 bonum
723 1314 834 1344 propter
845 1310 948 1345 aliquid

155 1358 182 1381 et
198 1358 309 1389 propter
325 1362 355 1382 se
370 1355 446 1387 facit,
460 1356 549 1390 pulvis
566 1359 609 1383 est
628 1356 830 1391 aliquantulum
845 1363 860 1383 a
873 1360 948 1384 terra

154 1401 290 1434 elevatus,
306 1405 333 1428 et
352 1409 461 1429 rursum
488 1402 569 1429 facile
592 1402 618 1429 in
640 1402 782 1438 proprium
803 1403 947 1430 descendit

155 1447 258 1478 locum.
276 1455 325 1483 per
344 1455 424 1475 suum
439 1447 473 1475 ad
488 1447 620 1476 inferiora
634 1448 762 1476 aﬂ‘ectum
779 1449 841 1476 :sin
857 1449 946 1477 eccle-

1007 890 1188 927 ἀναχωροῦσα
1200 891 1286 928 ψυχὴ,
1301 892 1353 919 κᾶν
1368 893 1512 929 προκόπτῃ
1529 893 1575 920 ἐπὶ
1585 893 1619 920 τὰ
1632 894 1757 929 οὐράνια,
1767 893 1799 921 οὺ

1007 937 1141 973 πρότερον
1155 937 1317 972 μεθίσταται
1327 939 1439 971 τελείως
1453 940 1496 967 ἐπ’
1512 940 1593 971 αὐτὰ,
1610 940 1677 975 πρὶν
1692 939 1801 975 ὁλοσχε-

1008 983 1062 1018 ρῶς
1078 983 1176 1020 ἐκλίπῃ
1203 984 1238 1011 τὰ
1264 985 1365 1019 γήϊνα·
1388 985 1418 1012 τὸ
1439 985 1469 1013 δὲ
1490 986 1614 1022 σμύρναν
1633 986 1679 1012 καὶ
1692 986 1800 1013 λίῦανον

1005 1027 1074 1057 εἶναι
1089 1029 1137 1064 τὴν
1158 1031 1436 1067 συναναμεμιγμένην
1447 1031 1562 1058 εὐωδίαν
1577 1033 1609 1067 τῇ
1625 1031 1738 1068 στελέχῃ
1751 1031 1798 1058 τοῦ

1005 1075 1124 1109 καπνοῦ,
1142 1076 1193 1111 τὴν
1212 1077 1348 1111 νέκρωσιν
1371 1077 1419 1104 τοῦ
1437 1077 1574 1113 σώματος,
1587 1079 1634 1105 καὶ
1653 1078 1699 1105 τὸν
1713 1078 1742 1111 ἐξ
1753 1079 1785 1112 ἐγ

1004 1122 1134 1157 κρατείας
1149 1123 1326 1158 ὑποπιασμδν
1347 1123 1439 1160 δηλοῖ·
1468 1124 1530 1159 μεθ’
1544 1120 1583 1152 ὧν
1604 1125 1798 1160 προκόπτουσα

1003 1168 1118 1204 ἐμύριζε
1130 1170 1194 1201 τοὺς
1222 1171 1499 1205 παρατυγχάνοντας·
1522 1171 1569 1198 καὶ
1582 1171 1597 1198 ὁ
1613 1171 1751 1207 κονιορτὸς
1768 1171 1796 1198 δὲ

1002 1215 1057 1242 τῶν
1071 1215 1238 1252 ἀρωμάτων,
1257 1216 1404 1252 σύμφωνός
1425 1218 1483 1244 ἔστι
1504 1216 1544 1253 τῷ
1557 1217 1604 1244 τοῦ
1616 1218 1796 1253 κηρύγματος

1001 1263 1118 1298 νοήματι
1127 1271 1134 1278 ·
1147 1262 1196 1290 καὶ¹
1213 1263 1268 1299 γὰρ
1280 1260 1358 1295 οὗτος
1370 1263 1424 1290 ἀπὸ
1433 1264 1530 1300 τριϐῆς
1541 1264 1591 1299 τῆς
1605 1265 1720 1300 παχείας
1731 1265 1796 1301 γῆς,

1000 1309 1098 1341 λεπτος
1115 1309 1276 1342 ἐπιπολάζει
1293 1309 1333 1345 τῷ
1347 1311 1487 1345 προσώπῳ
1501 1310 1620 1345 ταύτης“
1635 1310 1796 1346 κινούμενος

999 1355 1027 1382 δὲ
1043 1356 1101 1388 τοῖς
1125 1356 1180 1382 τῶν
1195 1356 1410 1392 ὁδοιπορούντων
1433 1357 1498 1384 ποσὶ
1522 1357 1660 1393 μετέωρος
1676 1359 1795 1394 αἴρεται,

998 1400 1068 1436 πρὸς
1091 1400 1160 1436 ὕψος
1188 1401 1298 1437 χωρῶν.
1319 1401 1393 1428 Ἀλλ’
1413 1401 1460 1428 ἐὰν
1479 1401 1605 1437 αἱρετικὴ
1628 1401 1701 1437 ψυχὴ
1726 1401 1795 1428 οὖσα

996 1447 1078 1483 τύχῃ.
1095 1447 1111 1482 ἦ
1124 1447 1154 1474 τὸ
1167 1447 1248 1474 καλὸν
1273 1447 1319 1474 διά.
1341 1455 1367 1474 τι
1397 1447 1513 1474 ποιοῦσα
1529 1447 1576 1474 καὶ
1592 1447 1622 1474 τδ
1635 1447 1669 1474 δι’
1685 1447 1793 1480 ἑαυτὸν,

155 1493 267 1521 siastica
286 1499 417 1529 rectaque
441 1494 493 1522 fide
519 1495 574 1523 Deo
598 1495 723 1530 placendi
753 1495 806 1523 fine
834 1504 944 1524 sursum

1001 1493 1139 1529 κονιορτός
1152 1494 1211 1520 ἐστι
1230 1495 1292 1530 γῆς,
1308 1493 1398 1528 ὀλίγον
1412 1493 1563 1529 ὖψουμένη,
1586 1494 1634 1521 καὶ
1650 1494 1732 1522 πάλιν
1747 1494 1793 1521 εὐ-

153 1541 314 1576 germinans
330 1541 421 1576 pulvis
440 1542 468 1569 tit
484 1542 671 1577 unguentarii,
688 1550 749 1577 quae
768 1542 878 1570 sublimi
899 1550 944 1569 ra-

153 1587 228 1615 tione
240 1586 348 1615 vivendi
370 1587 472 1615 bonum
495 1588 652 1623 dogmatum
668 1588 781 1616 odorem
798 1588 945 1616 adinistum

154 1633 265 1666 habeat,
291 1637 383 1668 potest
406 1635 488 1661 etiam
516 1634 670 1670 dogmatice
686 1634 741 1662 dici
761 1634 795 1662 de
812 1634 944 1662 Ecclesia.

152 1679 293 1715 Siquidem
317 1680 375 1708 haec
392 1680 426 1708 de
439 1681 551 1708 deserto
566 1689 622 1708 non
639 1681 757 1709 habente
778 1681 869 1709 virum
899 1689 946 1709 as-

154 1727 247 1755 cendit
268 1727 405 1763 myrrham
421 1732 449 1754 et
462 1727 526 1755 thus
543 1727 664 1762 spirans,
678 1735 711 1755 eo
737 1728 810 1762 quod
829 1728 946 1763 conjun-

152 1778 195 1801 cta
205 1775 239 1801 sit
249 1774 371 1806 Christo,
381 1773 510 1808 quodque
518 1774 630 1808 pulvere
640 1781 730 1801 rerum
742 1773 944 1801 mundanarum

152 1824 236 1856 prout
254 1827 304 1854 par
318 1824 361 1848 est
381 1824 484 1853 utatur,
500 1824 531 1847 ut
550 1828 583 1847 ex
601 1820 643 1846 his
659 1819 800 1856 pulverem
816 1819 945 1847 conficiat

154 1865 329 1900 unguentarii
347 1872 412 1900 eper
428 1873 507 1892 usum
523 1865 716 1892 rationabilem
736 1865 763 1892 id
787 1865 861 1899 quod
881 1865 944 1900 pul-

150 1911 324 1939 verulentum
337 1915 379 1939 est
391 1911 417 1938 in
431 1911 532 1939 bonum
544 1911 647 1939 Christi
659 1915 802 1939 convertat
817 1911 941 1938 odorem.

149 1957 219 1986 Nam
245 1957 290 1992 qui
326 1957 439 1985 minime
470 1957 651 1985 consistentia
680 1956 727 1984 sed
747 1964 762 1983 a
795 1956 944 1984 mundana:

151 2012 226 2032 aurae
242 2004 333 2032 ventis
349 2004 438 2031 delata
459 2004 531 2032 bona
558 2012 607 2039 per
628 2004 832 2039 elcemosynam
853 2003 943 2031 reddit

149 2052 280 2086 pretiosa,
290 2054 370 2078 terra:
381 2051 520 2086 pulverem
533 2049 598 2077 facit
609 2050 747 2084 pulverem
755 2049 942 2084 unguentarii,

149 2097 281 2124 laudabili
296 2104 446 2132 egenorum
461 2104 523 2129 usu,
541 2096 613 2131 quod
628 2097 654 2123 in
671 2096 706 2123 iis
717 2095 940 2131 pulverulentum

148 2148 176 2171 et
192 2143 355 2178 dissipabile
372 2146 426 2173 est,
441 2146 619 2170 comminans
631 2142 659 2169 in
675 2143 857 2169 aromalieum
875 2141 942 2169 odo-

147 2198 205 2218 rem
219 2197 331 2218 suavem
350 2193 378 2217 et
398 2189 454 2216 fere
470 2189 590 2215 amicum
609 2187 675 2215 Deo.

998 1539 1086 1576 χερῶς
1101 1540 1170 1576 πρὸς
1182 1540 1228 1567 τὸν
1242 1540 1341 1567 οἰκεῖον
1353 1540 1562 1576 καταφερομένη
1576 1541 1670 1573 τόπον,
1684 1540 1728 1568 διὰ
1743 1541 1794 1576 τὴν

997 1586 1066 1622 πρὸς
1079 1586 1113 1613 τὰ
1130 1586 1207 1613 κάτω
1220 1586 1426 1622 προσπάθειαν·
1455 1585 1503 1613 ἐὰν
1525 1586 1553 1613 δὲ
1578 1587 1791 1622 ὲκκλησιαστικῇ

997 1632 1088 1659 πίστει
1106 1632 1200 1668 σκοπῷ
1224 1632 1275 1667 τῆς
1291 1632 1360 1667 πρὸς
1383 1632 1413 1659 τὸ
1429 1633 1506 1659 Θεῖον
1532 1633 1739 1668 εὐαρεστήσεως
1761 1633 1792 1659 τὸ

996 1678 1053 1705 ἄνω
1064 1678 1146 1713 φυτὸν
1157 1678 1267 1714 ἔχουσα,
1281 1679 1421 1714 κονιορτός
1433 1679 1491 1705 ἐστι
1504 1678 1637 1714 μυρεψοῦ,
1651 1680 1686 1714 τῇ
1702 1679 1791 1714 ὑψηὶῇ

997 1723 1121 1759 πολιτείᾳ
1135 1724 1186 1759 τὴν
1202 1723 1257 1751 τῶν
1274 1724 1419 1759 δογμάτων
1434 1724 1552 1751 εὐωδίαν
1575 1724 1791 1759 ἀνακεκραμμέ-

995 1779 1045 1805 νην
1060 1770 1176 1806 ἔχουσα·
1202 1770 1315 1798 δύναται
1332 1771 1361 1797 δὲ
1389 1771 1437 1798 καὶ
1461 1770 1635 1805 δογματικῶς
1652 1771 1717 1804 περὶ
1741 1771 1791 1805 τῆς

1003 1816 1167 1851 Ἐκκλησίας
1178 1816 1306 1850 λέγεσθαι
1320 1824 1327 1833 ι
1345 1815 1399 1842 ἀπὸ
1409 1816 1515 1851 ἐρήμου
1531 1816 1586 1851 γὰρ
1600 1816 1650 1850 τῆς
1664 1816 1702 1851 μὴ
1715 1816 1791 1850 ἑχού-

997 1870 1045 1896 σης
1062 1862 1157 1897 ἄνδρα,
1173 1861 1242 1897 αὓτη
1263 1861 1346 1896 ἀνέϐη
1357 1869 1364 1877 ·
1386 1861 1510 1896 σμύρναν
1525 1861 1573 1887 καὶ
1591 1860 1701 1887 λίϐανον
1726 1861 1791 1887 πνέ-

995 1918 1062 1936 ουσα
1078 1910 1122 1936 διὰ
1131 1909 1162 1936 τὸ
1180 1909 1361 1943 συντετάφθαι
1373 1908 1502 1944 Χριστῷ-
1519 1909 1566 1936 καὶ
1579 1909 1624 1936 διὰ
1643 1909 1673 1935 τὸ
1688 1908 1734 1935 τὸν
1746 1917 1792 1935 κο-

994 1956 1100 1992 νιορτδν
1114 1955 1168 1982 τῶν
1179 1956 1321 1991 κοσμικῶν
1341 1955 1513 1990 πραγμάτων
1528 1955 1559 1982 τὸ
1582 1956 1622 1986 είς
1645 1955 1705 1982 δέον
1719 1957 1789 1991 χρή-

996 2002 1094 2029 σασθαι
1111 2002 1228 2036 τούτοις,
1242 2001 1380 2036 κονιορτὸν
1393 2002 1506 2037 ποιῆσαι
1527 2002 1647 2038 μυρεψοῦ
1659 2011 1665 2018 ·
1686 2003 1733 2029 καὶ
1745 2003 1789 2030 διὰ

993 2049 1043 2084 τὴν
1057 2048 1168 2083 εΰλογον
1183 2048 1295 2084 χρῆσιν,
1321 2048 1352 2074 τὸ
1374 2048 1553 2084 κονιορτῶδες
1570 2048 1734 2084 μεταϐαλεῖν
1749 2049 1789 2079 εἰς

993 2095 1108 2122 εὐωδίαν
1123 2094 1241 2131 Χριστοῦ
1255 2102 1261 2110 ⁸
1283 2095 1297 2120 ὸ
1311 2094 1366 2130 γὰρ
1381 2094 1414 2121 τὰ
1429 2095 1466 2129 μὴ
1492 2094 1610 2127 ἑστῶτα,
1626 2094 1694 2121 ἀλλὰ
1706 2095 1787 2130 φερό-

995 2149 1064 2176 μενα
1084 2139 1137 2167 ὑπὸ
1161 2139 1216 2166 τῶν
1243 2139 1352 2174 ἀνέμων
1381 2141 1431 2175 τῆς
1461 2140 1598 2176 κοσμικῆς
1618 2140 1716 2176 αὔρας,
1743 2141 1788 2167 διὰ

955 2183 983 2213 D
996 2186 1183 2223 ἐλεημοσύνην
1211 2186 1296 2213 ποιῶν
1320 2186 1399 2221 τίμια
1412 2207 1419 2218 ,
1441 2186 1487 2213 τὸν
1513 2188 1652 2221 κονιορτὸν
1669 2189 1719 2222 τῆς
1736 2187 1787 2221 γῆς

147 2236 261 2272 ἐποίησε
280 2235 419 2270 κονιορτὸν
441 2233 563 2269 μυρεψοῦ
576 2241 582 2249 ’
597 2234 630 2269 τῇ
644 2233 748 2268 εὐλόγῳ
764 2234 862 2269 χρήσει
887 2233 941 2260 τῶν
958 2232 1104 2267 δεομένων,
1133 2232 1163 2259 τὸ
1180 2231 1359 2267 κονιορτῶδες
1393 2232 1484 2258 αὐτῶν
1508 2232 1556 2259 καὶ
1578 2233 1784 2267 ἐσκεδασμένον,

149 2282 310 2319 μεταϐαλὼν
321 2283 362 2313 εἱς
377 2281 556 2316 ἁρωματικὴν
571 2280 684 2307 εὐωδίαν
701 2281 750 2306 καὶ
774 2280 861 2316 φίλιον
873 2281 957 2312 ὅντως
968 2279 1047 2306 Θεοῦ.

184 2329 291 2365 Cyrilli.
316 2344 344 2350 —-
362 2329 471 2364 Myrrha
485 2328 596 2363 quidem
635 2328 746 2362 quando
779 2328 939 2363 consepulta

147 2377 270 2409 Christo,
287 2376 351 2403 thus
370 2383 436 2402 vero
449 2374 562 2409 quando
575 2375 656 2401 simul
673 2382 735 2401 cum
758 2374 818 2410 ipso
845 2382 938 2402 resur-

145 2424 219 2452 rexit
232 2428 259 2451 et
275 2423 446 2450 divinitatem
461 2422 521 2456 ejus
535 2422 710 2457 participavit
726 2431 733 2449 :
749 2426 776 2448 ct
794 2429 848 2448 non
860 2422 938 2449 hisce

145 2471 213 2498 solis
236 2469 427 2497 ecclesiastica
445 2468 615 2495 ineensa‘est
630 2467 735 2497 anima,
749 2475 844 2494 verum
854 2467 936 2493 ctiam

146 2515 229 2543 variis
251 2514 419 2549 cognitionis
460 2513 760 2548 contemplationibus;
785 2512 832 2546 qui
863 2513 937 2539 enim

98 2590 102 2598 Ι
144 2565 274 2588 accurate
299 2560 455 2595 distinguit,
480 2563 508 2586 et
522 2566 566 2586 res
589 2559 672 2584 etiam
707 2558 804 2585 obvias
831 2558 937 2584 minute

144 2613 286 2636 scrutatur
313 2607 367 2634 dici
383 2606 471 2641 possit
503 2605 705 2639 unguentarius
732 2605 936 2639 quodammodo

142 2663 214 2687 esse,
236 2662 298 2681 cum
312 2653 482 2680 comminuat
495 2657 522 2678 et
536 2652 562 2678 in
581 2651 719 2686 pulverem
735 2651 828 2677 odoris
844 2651 937 2677 suavi-

143 2701 208 2728 tatis
222 2703 335 2727 renucat
351 2699 443 2726 omnia
458 2698 570 2725 oracula
582 2705 643 2731 qum
654 2704 727 2723 utine
742 2704 844 2731 sponsa
868 2696 938 2723 dici-

144 2753 188 2777 tur
202 2746 369 2778 adolevisse.
382 2744 521 2772 Fortassis
530 2751 597 2770 vero
609 2743 691 2770 etiam
709 2743 757 2778 qui
767 2750 821 2769 non
833 2750 935 2770 secun-

140 2797 205 2822 dum
222 2803 334 2823 carnem
348 2790 482 2824 Vit‘it,scd
499 2789 652 2816 secundum
669 2788 810 2823 spiritum,
830 2796 930 2822 nequa-

142 2850 223 2876 quam
244 2842 327 2870 corde
342 2842 511 2870 inmissuus
526 2835 687 2864 varietatem
704 2839 731 2862 ct
745 2834 931 2863 omnimudam

1030 2327 1193 2360 Ki.-pl.t..‘iov.
1207 2341 1242 2346 -——
1257 2324 1368 2360 Σμύρνα
1381 2325 1439 2360 μὲν,
1460 2325 1504 2352 ὅτε
1524 2325 1705 2352 συντὲθαπται
1718 2326 1786 2361 Χρι-

994 2373 1048 2407 στῷ
1067 2373 1111 2399 διὰ
1136 2373 1181 2398 τοῦ
1204 2372 1339 2399 Λιϐάνου·
1355 2372 1464 2402 λίϐανος
1482 2371 1522 2405 δὲ,
1553 2372 1597 2398 ὅτε
1616 2372 1786 2404 συναναστὰς

992 2419 1068 2454 αὐτῷ
1083 2418 1266 2454 κεκοινώνηκε
1288 2418 1340 2453 τῆς
1367 2418 1494 2453 θεότητος
1514 2418 1611 2444 αὐτοῦ·
1628 2418 1676 2444 καὶ
1688 2418 1719 2445 οὐ
1735 2420 1784 2452 μό-

992 2473 1048 2497 νοις
1075 2463 1182 2495 τούτοις
1211 2465 1228 2499 ὴ
1257 2463 1474 2499 ἐκκλησιαστικὴ
1495 2464 1676 2498 τεθυμίασται
1698 2464 1783 2500 ψυχὴ,

992 2511 1060 2538 ἀλλὰ
1089 2510 1135 2538 καὶ
1156 2510 1289 2542 ποικίλοις
1315 2510 1445 2544 γνώσεως
1475 2510 1666 2545 θεωρήμασιν
1688 2512 1702 2538 ὁ
1729 2511 1783 2547 γὰρ

991 2558 1084 2593 ἄκρως
1097 2556 1209 2592 διαιρῶν
1224 2557 1271 2583 καὶ
1286 2557 1367 2591 μέχρι
1380 2555 1427 2583 τοῦ
1443 2556 1569 2590 τυχόντος
1583 2556 1690 2588 λεπτῶς
1706 2558 1784 2591 ὲρευ.

991 2604 1045 2630 νῶν
1060 2605 1094 2630 τὰ
1119 2604 1281 2639 πράγματα,
1299 2603 1398 2638 λέγοιτ’
1417 2603 1450 2630 ἂν
1472 2603 1592 2638 μυρεψός
1622 2612 1680 2635 πως
1701 2601 1780 2636 εἶναι,

992 2651 1134 2677 λεπτύνων
1145 2651 1191 2677 καὶ
1207 2651 1248 2682 εἰς
1261 2650 1336 2676 κόνιν
1349 2650 1424 2684 ἄγων
1439 2652 1528 2677 πάντα
1549 2650 1583 2676 τὰ
1603 2650 1652 2684 τῆς
1667 2650 1782 2682 εὐωδία,

992 2697 1070 2730 λόγια
1081 2705 1087 2712 ·
1102 2697 1120 2724 ἃ
1136 2696 1183 2722 νῦν
1199 2696 1327 2732 ήΝύμφη
1344 2696 1453 2730 λέγεται
1466 2696 1656 2731 τεθυμίασται.
1667 2696 1743 2731 Τάχα
1754 2696 1782 2722 δὲ

992 2743 1038 2769 καὶ
1049 2744 1064 2769 ὀ
1082 2743 1119 2778 μὴ
1132 2743 1202 2769 κατὰ
1226 2743 1316 2778 σάρκα
1330 2742 1414 2777 βιοῦς,
1431 2742 1500 2769 ἀλλὰ
1514 2743 1585 2768 κατὰ
1600 2741 1719 2777 πνεῦμα,
1731 2750 1769 2776 μη

989 2788 1084 2822 δαμῶς
1099 2789 1247 2823 παχυνθεὶς
1265 2789 1315 2822 τὴν
1334 2789 1449 2823 καρδίαν
1467 2788 1496 2815 τὸ
1512 2788 1633 2815 ποικίλον
1650 2789 1696 2815 καὶ
1712 2797 1780 2815 παν-

988 2834 1104 2863 τοδαπὸν
1133 2834 1218 2867 σῶζον
1247 2834 1297 2869 τῆς
1319 2835 1444 2867 causa“,
1466 2834 1579 2861 εὐωδῐαν
1603 2834 1657 2862 ἀπὸ
1672 2835 1781 2864 πάντων
