  <div class='ocr_page' id='page_1' title='image "/cluster/home/n/w/nwhite01/storage/ocr_20150623/87, pt.2/njp.32101010943809/050.png"; bbox 0 0 1966 3074; ppageno 0'>
   <div class='ocr_carea' id='block_1_1' title="bbox 148 160 217 191">
    <p class='ocr_par' dir='ltr' id='par_1_1' title="bbox 148 160 217 191">
     <span class='ocr_line' id='line_1_1' title="bbox 148 160 217 191; baseline 0 0"><span class='ocrx_word' id='word_1_1' title='bbox 148 160 217 191; x_wconf 78' lang='lat'><strong>1625</strong></span> 
     </span>
    </p>
   </div>
   <div class='ocr_carea' id='block_1_2' title="bbox 620 160 1280 194">
    <p class='ocr_par' dir='ltr' id='par_1_2' title="bbox 620 160 1280 194">
     <span class='ocr_line' id='line_1_2' title="bbox 620 160 1280 194; baseline 0.006 -4"><span class='ocrx_word' id='word_1_2' title='bbox 620 160 890 191; x_wconf 77' lang='lat' dir='ltr'><strong>COMMENTARII</strong></span> <span class='ocrx_word' id='word_1_3' title='bbox 909 160 951 190; x_wconf 78' lang='grc' dir='ltr'>ΙΝ</span> <span class='ocrx_word' id='word_1_4' title='bbox 962 160 1122 192; x_wconf 84' lang='lat' dir='ltr'><strong>CANTICA</strong></span> <span class='ocrx_word' id='word_1_5' title='bbox 1136 163 1280 194; x_wconf 83' lang='lat' dir='ltr'><strong>CANTIC.</strong></span> 
     </span>
    </p>
   </div>
   <div class='ocr_carea' id='block_1_3' title="bbox 1704 162 1770 194">
    <p class='ocr_par' dir='ltr' id='par_1_3' title="bbox 1704 162 1770 194">
     <span class='ocr_line' id='line_1_3' title="bbox 1704 162 1770 194; baseline 0.03 -2"><span class='ocrx_word' id='word_1_6' title='bbox 1704 162 1713 192; x_wconf 86' lang='grc'>1</span> <span class='ocrx_word' id='word_1_7' title='bbox 1719 163 1770 194; x_wconf 74' lang='lat'><strong>0‘26</strong></span> 
     </span>
    </p>
   </div>
   <div class='ocr_carea' id='block_1_4' title="bbox 146 214 937 251">
    <p class='ocr_par' dir='ltr' id='par_1_4' title="bbox 146 214 934 251">
     <span class='ocr_line' id='line_1_4' title="bbox 146 214 934 251; baseline -0.001 -9"><span class='ocrx_word' id='word_1_8' title='bbox 146 216 219 243; x_wconf 79' lang='grc' dir='ltr'>ποιεῖ</span> <span class='ocrx_word' id='word_1_9' title='bbox 233 215 288 241; x_wconf 83' lang='grc' dir='ltr'><strong>τῶν</strong></span> <span class='ocrx_word' id='word_1_10' title='bbox 300 214 348 241; x_wconf 82' lang='grc' dir='ltr'><strong>νῦν</strong></span> <span class='ocrx_word' id='word_1_11' title='bbox 366 214 453 246; x_wconf 76' lang='grc' dir='ltr'>οὕτως</span> <span class='ocrx_word' id='word_1_12' title='bbox 467 214 678 250; x_wconf 78' lang='grc' dir='ltr'><strong>ὀνομαζομένων</strong></span> <span class='ocrx_word' id='word_1_13' title='bbox 696 216 832 250; x_wconf 83' lang='grc' dir='ltr'>κονιορτὸν</span> <span class='ocrx_word' id='word_1_14' title='bbox 850 223 934 251; x_wconf 81' lang='grc' dir='ltr'>μυρε-</span> 
     </span>
    </p>
   </div>
   <div class='ocr_carea' id='block_1_5' title="bbox 991 214 1769 251">
    <p class='ocr_par' dir='ltr' id='par_1_5' title="bbox 991 216 1769 250">
     <span class='ocr_line' id='line_1_5' title="bbox 991 216 1769 250; baseline 0.004 -8"><span class='ocrx_word' id='word_1_15' title='bbox 991 217 1078 244; x_wconf 74' lang='lat' dir='ltr'><strong>)doris</strong></span> <span class='ocrx_word' id='word_1_16' title='bbox 1095 225 1208 245; x_wconf 85' lang='lat' dir='ltr'><strong>servans</strong></span> <span class='ocrx_word' id='word_1_17' title='bbox 1226 217 1402 250; x_wconf 83' lang='lat' dir='ltr'><strong>suavitatem,</strong></span> <span class='ocrx_word' id='word_1_18' title='bbox 1420 224 1454 244; x_wconf 76' lang='lat' dir='ltr'><strong>ex</strong></span> <span class='ocrx_word' id='word_1_19' title='bbox 1478 216 1607 244; x_wconf 86' lang='lat' dir='ltr'><strong>omnibus</strong></span> <span class='ocrx_word' id='word_1_20' title='bbox 1622 224 1682 250; x_wconf 71' lang='lat' dir='ltr'><strong>qua:</strong></span> <span class='ocrx_word' id='word_1_21' title='bbox 1697 225 1769 245; x_wconf 87' lang='lat' dir='ltr'><strong>nunc</strong></span> 
     </span>
    </p>
   </div>
   <div class='ocr_carea' id='block_1_6' title="bbox 146 259 935 295">
    <p class='ocr_par' dir='ltr' id='par_1_6' title="bbox 146 259 935 295">
     <span class='ocr_line' id='line_1_6' title="bbox 146 259 935 295; baseline 0.001 -10"><span class='ocrx_word' id='word_1_22' title='bbox 146 259 208 294; x_wconf 73' lang='grc' dir='ltr'><strong>ψοῦ.</strong></span> <span class='ocrx_word' id='word_1_23' title='bbox 220 260 303 293; x_wconf 77' lang='grc' dir='ltr'>Λέγει</span> <span class='ocrx_word' id='word_1_24' title='bbox 319 260 341 285; x_wconf 77' lang='grc' dir='ltr'>δ’</span> <span class='ocrx_word' id='word_1_25' title='bbox 351 259 384 286; x_wconf 77' lang='grc' dir='ltr'>ἄν</span> <span class='ocrx_word' id='word_1_26' title='bbox 397 268 439 291; x_wconf 85' lang='grc' dir='ltr'><strong>τις</strong></span> <span class='ocrx_word' id='word_1_27' title='bbox 449 259 496 286; x_wconf 76' lang='grc' dir='ltr'>καὶ</span> <span class='ocrx_word' id='word_1_28' title='bbox 508 259 545 291; x_wconf 88' lang='grc' dir='ltr'>ὠς</span> <span class='ocrx_word' id='word_1_29' title='bbox 586 260 652 293; x_wconf 78' lang='grc' dir='ltr'>ἁγία</span> <span class='ocrx_word' id='word_1_30' title='bbox 665 261 712 286; x_wconf 77' lang='grc' dir='ltr'>καὶ</span> <span class='ocrx_word' id='word_1_31' title='bbox 723 260 935 295; x_wconf 84' lang='grc' dir='ltr'>ὲκκλησιαστικὴ</span> 
     </span>
    </p>
   </div>
   <div class='ocr_carea' id='block_1_7' title="bbox 146 304 936 340">
    <p class='ocr_par' dir='ltr' id='par_1_7' title="bbox 146 304 936 340">
     <span class='ocr_line' id='line_1_7' title="bbox 146 304 936 340; baseline 0.001 -10"><span class='ocrx_word' id='word_1_32' title='bbox 146 304 230 339; x_wconf 81' lang='grc' dir='ltr'>ψυχὴ,</span> <span class='ocrx_word' id='word_1_33' title='bbox 247 304 277 330; x_wconf 86' lang='grc' dir='ltr'>τὺ</span> <span class='ocrx_word' id='word_1_34' title='bbox 292 304 387 331; x_wconf 84' lang='grc' dir='ltr'>τέκνον</span> <span class='ocrx_word' id='word_1_35' title='bbox 401 304 466 331; x_wconf 82' lang='grc' dir='ltr'>ποτὲ</span> <span class='ocrx_word' id='word_1_36' title='bbox 483 306 587 340; x_wconf 76' lang='grc' dir='ltr'>ἐρήμου</span> <span class='ocrx_word' id='word_1_37' title='bbox 603 305 682 339; x_wconf 82' lang='grc' dir='ltr'>Θεοῦ,</span> <span class='ocrx_word' id='word_1_38' title='bbox 698 305 752 332; x_wconf 79' lang='grc' dir='ltr'>ἀπὸ</span> <span class='ocrx_word' id='word_1_39' title='bbox 776 305 936 339; x_wconf 81' lang='grc' dir='ltr'><strong>συναγωγῆς</strong></span> 
     </span>
    </p>
   </div>
   <div class='ocr_carea' id='block_1_8' title="bbox 146 349 937 386">
    <p class='ocr_par' dir='ltr' id='par_1_8' title="bbox 146 349 937 386">
     <span class='ocr_line' id='line_1_8' title="bbox 146 349 937 386; baseline 0 -9"><span class='ocrx_word' id='word_1_40' title='bbox 146 351 232 377; x_wconf 78' lang='grc' dir='ltr'>ἐθνῶν</span> <span class='ocrx_word' id='word_1_41' title='bbox 246 349 386 377; x_wconf 79' lang='grc' dir='ltr'>ἀναὸαίνει</span> <span class='ocrx_word' id='word_1_42' title='bbox 403 350 458 377; x_wconf 83' lang='grc' dir='ltr'>ἀπὺ</span> <span class='ocrx_word' id='word_1_43' title='bbox 471 350 521 384; x_wconf 79' lang='grc' dir='ltr'>τῆς</span> <span class='ocrx_word' id='word_1_44' title='bbox 538 351 642 386; x_wconf 74' lang='grc' dir='ltr'>ἐρήμου</span> <span class='ocrx_word' id='word_1_45' title='bbox 653 360 660 367; x_wconf 92' lang='grc'><strong>·</strong></span> <span class='ocrx_word' id='word_1_46' title='bbox 680 351 869 378; x_wconf 78' lang='grc' dir='ltr'>καταλιποῦσα</span> <span class='ocrx_word' id='word_1_47' title='bbox 887 351 937 386; x_wconf 84' lang='grc' dir='ltr'>μὲν</span> 
     </span>
    </p>
   </div>
   <div class='ocr_carea' id='block_1_9' title="bbox 147 396 934 432">
    <p class='ocr_par' dir='ltr' id='par_1_9' title="bbox 147 396 934 432">
     <span class='ocr_line' id='line_1_9' title="bbox 147 396 934 432; baseline 0 -10"><span class='ocrx_word' id='word_1_48' title='bbox 147 397 272 430; x_wconf 83' lang='grc' dir='ltr'>δόγματα</span> <span class='ocrx_word' id='word_1_49' title='bbox 291 396 337 423; x_wconf 77' lang='grc' dir='ltr'>καὶ</span> <span class='ocrx_word' id='word_1_50' title='bbox 355 396 452 430; x_wconf 81' lang='grc' dir='ltr'><strong>λόγους</strong></span> <span class='ocrx_word' id='word_1_51' title='bbox 470 397 517 422; x_wconf 82' lang='grc' dir='ltr'>καὶ</span> <span class='ocrx_word' id='word_1_52' title='bbox 536 396 662 432; x_wconf 79' lang='grc' dir='ltr'>πράξεις,</span> <span class='ocrx_word' id='word_1_53' title='bbox 687 397 722 424; x_wconf 79' lang='grc' dir='ltr'><strong>τὰ</strong></span> <span class='ocrx_word' id='word_1_54' title='bbox 741 396 832 432; x_wconf 74' lang='grc' dir='ltr'>ἔρημα</span> <span class='ocrx_word' id='word_1_55' title='bbox 846 396 914 423; x_wconf 79' lang='grc' dir='ltr'><strong>Θεοῦ</strong></span> <span class='ocrx_word' id='word_1_56' title='bbox 927 404 934 412; x_wconf 73' lang='grc'><strong><em>⁸</em></strong></span> 
     </span>
    </p>
   </div>
   <div class='ocr_carea' id='block_1_10' title="bbox 147 441 594 469">
    <p class='ocr_par' dir='ltr' id='par_1_10' title="bbox 147 441 594 469">
     <span class='ocr_line' id='line_1_10' title="bbox 147 441 594 469; baseline 0 -1"><span class='ocrx_word' id='word_1_57' title='bbox 147 441 332 469; x_wconf 78' lang='grc' dir='ltr'>ἀνασαίνουσα</span> <span class='ocrx_word' id='word_1_58' title='bbox 345 442 392 468; x_wconf 76' lang='grc' dir='ltr'><strong>ἐπὶ</strong></span> <span class='ocrx_word' id='word_1_59' title='bbox 405 442 440 469; x_wconf 84' lang='grc' dir='ltr'>τὰ</span> <span class='ocrx_word' id='word_1_60' title='bbox 454 441 501 468; x_wconf 81' lang='grc' dir='ltr'>τοῦ</span> <span class='ocrx_word' id='word_1_61' title='bbox 515 442 594 469; x_wconf 84' lang='grc' dir='ltr'>Θεοῦ.</span> 
     </span>
    </p>
   </div>
   <div class='ocr_carea' id='block_1_11' title="bbox 183 530 935 568">
    <p class='ocr_par' dir='ltr' id='par_1_11' title="bbox 183 530 935 568">
     <span class='ocr_line' id='line_1_11' title="bbox 183 530 935 568; baseline 0 -9"><span class='ocrx_word' id='word_1_62' title='bbox 183 531 218 564; x_wconf 75' lang='grc' dir='ltr'><strong>ζ’,</strong></span> <span class='ocrx_word' id='word_1_63' title='bbox 235 534 270 568; x_wconf 88' lang='grc' dir='ltr'><strong>η’.</strong></span> <span class='ocrx_word' id='word_1_64' title='bbox 293 531 372 559; x_wconf 85' lang='grc' dir='ltr'>Ἰδοὺ</span> <span class='ocrx_word' id='word_1_65' title='bbox 389 532 409 565; x_wconf 80' lang='grc' dir='ltr'><strong><em>ἠ</em></strong></span> <span class='ocrx_word' id='word_1_66' title='bbox 426 532 516 564; x_wconf 74' lang='grc' dir='ltr'>κλίνη</span> <span class='ocrx_word' id='word_1_67' title='bbox 533 531 692 565; x_wconf 69' lang='grc' dir='ltr'><strong>Σολομὼν·</strong></span> <span class='ocrx_word' id='word_1_68' title='bbox 717 530 866 565; x_wconf 70' lang='grc' dir='ltr'>ἑξήκοντα</span> <span class='ocrx_word' id='word_1_69' title='bbox 881 531 935 559; x_wconf 81' lang='grc' dir='ltr'>δυ-</span> 
     </span>
    </p>
   </div>
   <div class='ocr_carea' id='block_1_12' title="bbox 146 575 936 610">
    <p class='ocr_par' dir='ltr' id='par_1_12' title="bbox 146 575 936 610">
     <span class='ocr_line' id='line_1_12' title="bbox 146 575 936 610; baseline -0.003 -5"><span class='ocrx_word' id='word_1_70' title='bbox 146 577 230 605; x_wconf 78' lang='grc' dir='ltr'>νατοὶ</span> <span class='ocrx_word' id='word_1_71' title='bbox 246 577 348 610; x_wconf 77' lang='grc' dir='ltr'>κύκλῳ</span> <span class='ocrx_word' id='word_1_72' title='bbox 359 575 454 610; x_wconf 82' lang='grc' dir='ltr'>αὐτῆς</span> <span class='ocrx_word' id='word_1_73' title='bbox 469 576 528 603; x_wconf 80' lang='grc' dir='ltr'><strong>ἀπὸ</strong></span> <span class='ocrx_word' id='word_1_74' title='bbox 543 576 680 603; x_wconf 78' lang='grc' dir='ltr'><strong>δυνατῶν</strong></span> <span class='ocrx_word' id='word_1_75' title='bbox 699 576 818 609; x_wconf 72' lang='grc' dir='ltr'><strong>Ἰσραήλ</strong></span> <span class='ocrx_word' id='word_1_76' title='bbox 829 584 837 592; x_wconf 85' lang='grc'><strong>·</strong></span> <span class='ocrx_word' id='word_1_77' title='bbox 858 577 936 603; x_wconf 75' lang='grc' dir='ltr'><em>πᾶν·</em></span> 
     </span>
    </p>
   </div>
   <div class='ocr_carea' id='block_1_13' title="bbox 147 620 934 656">
    <p class='ocr_par' dir='ltr' id='par_1_13' title="bbox 147 620 934 656">
     <span class='ocr_line' id='line_1_13' title="bbox 147 620 934 656; baseline -0.004 -6"><span class='ocrx_word' id='word_1_78' title='bbox 147 632 196 656; x_wconf 83' lang='grc' dir='ltr'><strong>τες</strong></span> <span class='ocrx_word' id='word_1_79' title='bbox 209 622 388 656; x_wconf 77' lang='grc' dir='ltr'>κατέχοντες</span> <span class='ocrx_word' id='word_1_80' title='bbox 395 621 559 656; x_wconf 70' lang='grc' dir='ltr'>ῥομφαίαν,</span> <span class='ocrx_word' id='word_1_81' title='bbox 574 620 779 656; x_wconf 76' lang='grc' dir='ltr'>δεδιδαγμένοι</span> <span class='ocrx_word' id='word_1_82' title='bbox 792 623 934 656; x_wconf 61' lang='grc' dir='ltr'><strong>πόλεμονυ</strong></span> 
     </span>
    </p>
   </div>
   <div class='ocr_carea' id='block_1_14' title="bbox 147 667 936 703">
    <p class='ocr_par' dir='ltr' id='par_1_14' title="bbox 147 667 936 703">
     <span class='ocr_line' id='line_1_14' title="bbox 147 667 936 703; baseline -0.004 -6"><span class='ocrx_word' id='word_1_83' title='bbox 147 669 224 703; x_wconf 78' lang='grc' dir='ltr'><strong>ἀνὴρ</strong></span> <span class='ocrx_word' id='word_1_84' title='bbox 239 669 391 703; x_wconf 70' lang='grc' dir='ltr'>ῥομφαίαν</span> <span class='ocrx_word' id='word_1_85' title='bbox 406 667 499 695; x_wconf 80' lang='grc' dir='ltr'>αὐτοῦ</span> <span class='ocrx_word' id='word_1_86' title='bbox 522 667 572 694; x_wconf 74' lang='grc' dir='ltr'><strong>ἐπὶ</strong></span> <span class='ocrx_word' id='word_1_87' title='bbox 595 668 647 694; x_wconf 79' lang='grc' dir='ltr'><strong>τὸν</strong></span> <span class='ocrx_word' id='word_1_88' title='bbox 656 668 755 702; x_wconf 80' lang='grc' dir='ltr'>μηρὸν</span> <span class='ocrx_word' id='word_1_89' title='bbox 765 667 859 695; x_wconf 85' lang='grc' dir='ltr'>αὑτοῦ</span> <span class='ocrx_word' id='word_1_90' title='bbox 877 667 936 696; x_wconf 80' lang='grc' dir='ltr'><strong>ἀπὸ</strong></span> 
     </span>
    </p>
   </div>
   <div class='ocr_carea' id='block_1_15' title="bbox 147 714 428 750">
    <p class='ocr_par' dir='ltr' id='par_1_15' title="bbox 147 714 428 750">
     <span class='ocr_line' id='line_1_15' title="bbox 147 714 428 750; baseline -0.011 -7"><span class='ocrx_word' id='word_1_91' title='bbox 147 715 278 750; x_wconf 76' lang='grc' dir='ltr'>θάμϐους</span> <span class='ocrx_word' id='word_1_92' title='bbox 292 715 326 741; x_wconf 77' lang='grc' dir='ltr'><strong>ἐν</strong></span> <span class='ocrx_word' id='word_1_93' title='bbox 336 714 428 746; x_wconf 76' lang='grc' dir='ltr'>νυξίν</span> 
     </span>
    </p>
   </div>
   <div class='ocr_carea' id='block_1_16' title="bbox 183 759 934 796">
    <p class='ocr_par' dir='ltr' id='par_1_16' title="bbox 183 759 934 796">
     <span class='ocr_line' id='line_1_16' title="bbox 183 759 934 796; baseline -0.001 -9"><span class='ocrx_word' id='word_1_94' title='bbox 183 762 325 793; x_wconf 76' lang='grc' dir='ltr'>Φίλωνος.</span> <span class='ocrx_word' id='word_1_95' title='bbox 334 775 370 780; x_wconf 93' lang='lat'><strong>——</strong></span> <span class='ocrx_word' id='word_1_96' title='bbox 379 760 435 795; x_wconf 72' lang='grc'><strong>(47)</strong></span> <span class='ocrx_word' id='word_1_97' title='bbox 450 759 550 795; x_wconf 84' lang='grc' dir='ltr'>Κλίνην</span> <span class='ocrx_word' id='word_1_98' title='bbox 561 759 593 786; x_wconf 76' lang='grc' dir='ltr'>τὸ</span> <span class='ocrx_word' id='word_1_99' title='bbox 610 759 704 795; x_wconf 86' lang='grc' dir='ltr'>μνῆμα</span> <span class='ocrx_word' id='word_1_100' title='bbox 717 759 838 796; x_wconf 77' lang='grc' dir='ltr'>Χριστοῦ</span> <span class='ocrx_word' id='word_1_101' title='bbox 848 759 934 794; x_wconf 80' lang='grc' dir='ltr'><strong>λέγει.</strong></span> 
     </span>
    </p>
   </div>
   <div class='ocr_carea' id='block_1_17' title="bbox 187 806 937 842">
    <p class='ocr_par' dir='ltr' id='par_1_17' title="bbox 187 806 937 842">
     <span class='ocr_line' id='line_1_17' title="bbox 187 806 937 842; baseline 0 -9"><span class='ocrx_word' id='word_1_102' title='bbox 187 806 337 841; x_wconf 83' lang='grc' dir='ltr'>Ἐξήκοντα</span> <span class='ocrx_word' id='word_1_103' title='bbox 352 806 515 837; x_wconf 67' lang='grc' dir='ltr'>δυνατοὶ,τὺ</span> <span class='ocrx_word' id='word_1_104' title='bbox 536 806 675 841; x_wconf 78' lang='grc' dir='ltr'>πλήρωμα</span> <span class='ocrx_word' id='word_1_105' title='bbox 696 807 745 842; x_wconf 87' lang='grc' dir='ltr'><strong>τῆς</strong></span> <span class='ocrx_word' id='word_1_106' title='bbox 769 806 937 838; x_wconf 75' lang='grc' dir='ltr'><strong>τελειώσεως</strong></span> 
     </span>
    </p>
   </div>
   <div class='ocr_carea' id='block_1_18' title="bbox 146 851 936 887">
    <p class='ocr_par' dir='ltr' id='par_1_18' title="bbox 146 851 936 887">
     <span class='ocr_line' id='line_1_18' title="bbox 146 851 936 887; baseline 0 -9"><span class='ocrx_word' id='word_1_107' title='bbox 146 852 173 878; x_wconf 80' lang='grc' dir='ltr'><strong>οι</strong></span> <span class='ocrx_word' id='word_1_108' title='bbox 189 851 339 886; x_wconf 79' lang='grc' dir='ltr'>τηροῦντες</span> <span class='ocrx_word' id='word_1_109' title='bbox 350 851 395 878; x_wconf 81' lang='grc' dir='ltr'>τὸν</span> <span class='ocrx_word' id='word_1_110' title='bbox 410 851 510 886; x_wconf 79' lang='grc' dir='ltr'>τάφον·</span> <span class='ocrx_word' id='word_1_111' title='bbox 528 852 553 878; x_wconf 76' lang='grc' dir='ltr'><strong>οἳ</strong></span> <span class='ocrx_word' id='word_1_112' title='bbox 565 852 613 879; x_wconf 81' lang='grc' dir='ltr'><strong>καὶ</strong></span> <span class='ocrx_word' id='word_1_113' title='bbox 634 851 680 878; x_wconf 84' lang='grc' dir='ltr'>τοῦ</span> <span class='ocrx_word' id='word_1_114' title='bbox 695 851 808 886; x_wconf 83' lang='grc' dir='ltr'><strong>σεισμοῦ</strong></span> <span class='ocrx_word' id='word_1_115' title='bbox 822 852 936 887; x_wconf 81' lang='grc' dir='ltr'>γενομέ-</span> 
     </span>
    </p>
   </div>
   <div class='ocr_carea' id='block_1_19' title="bbox 146 897 935 933">
    <p class='ocr_par' dir='ltr' id='par_1_19' title="bbox 146 897 935 933">
     <span class='ocr_line' id='line_1_19' title="bbox 146 897 935 933; baseline 0 -9"><span class='ocrx_word' id='word_1_116' title='bbox 146 906 204 930; x_wconf 86' lang='grc' dir='ltr'>νου,</span> <span class='ocrx_word' id='word_1_117' title='bbox 216 897 443 933; x_wconf 75' lang='grc' dir='ltr'>ὲξεθαμὸἡθησαν</span> <span class='ocrx_word' id='word_1_118' title='bbox 455 897 515 924; x_wconf 90' lang='grc' dir='ltr'>καθ’</span> <span class='ocrx_word' id='word_1_119' title='bbox 527 897 560 933; x_wconf 80' lang='grc' dir='ltr'>ἢν</span> <span class='ocrx_word' id='word_1_120' title='bbox 568 898 667 933; x_wconf 78' lang='grc' dir='ltr'>ἀνέστη</span> <span class='ocrx_word' id='word_1_121' title='bbox 683 899 697 924; x_wconf 79' lang='grc' dir='ltr'><strong><em>ὁ</em></strong></span> <span class='ocrx_word' id='word_1_122' title='bbox 707 897 825 932; x_wconf 83' lang='grc' dir='ltr'>Χριστὸς</span> <span class='ocrx_word' id='word_1_123' title='bbox 837 897 935 925; x_wconf 82' lang='grc' dir='ltr'><strong>νύκτα.</strong></span> 
     </span>
    </p>
   </div>
   <div class='ocr_carea' id='block_1_20' title="bbox 151 942 937 978">
    <p class='ocr_par' dir='ltr' id='par_1_20' title="bbox 151 942 937 978">
     <span class='ocr_line' id='line_1_20' title="bbox 151 942 937 978; baseline -0.001 -9"><span class='ocrx_word' id='word_1_124' title='bbox 151 944 203 969; x_wconf 82' lang='grc' dir='ltr'><strong>Δύο</strong></span> <span class='ocrx_word' id='word_1_125' title='bbox 219 944 246 970; x_wconf 83' lang='grc' dir='ltr'>δὲ</span> <span class='ocrx_word' id='word_1_126' title='bbox 260 943 398 977; x_wconf 68' lang='grc' dir='ltr'>ῥομφαίας</span> <span class='ocrx_word' id='word_1_127' title='bbox 426 942 534 978; x_wconf 76' lang='grc' dir='ltr'>ἔχουσιν</span> <span class='ocrx_word' id='word_1_128' title='bbox 551 944 576 969; x_wconf 80' lang='grc' dir='ltr'><strong>οἱ</strong></span> <span class='ocrx_word' id='word_1_129' title='bbox 595 942 642 969; x_wconf 85' lang='grc' dir='ltr'>τοῦ</span> <span class='ocrx_word' id='word_1_130' title='bbox 666 942 785 978; x_wconf 85' lang='grc' dir='ltr'><strong>Χριστοῦ</strong></span> <span class='ocrx_word' id='word_1_131' title='bbox 797 950 805 958; x_wconf 77' lang='lat'>&#39;</span> <span class='ocrx_word' id='word_1_132' title='bbox 826 943 875 977; x_wconf 87' lang='grc' dir='ltr'>τὴν</span> <span class='ocrx_word' id='word_1_133' title='bbox 887 943 937 978; x_wconf 85' lang='grc' dir='ltr'>μὲν</span> 
     </span>
    </p>
   </div>
   <div class='ocr_carea' id='block_1_21' title="bbox 147 987 936 1024">
    <p class='ocr_par' dir='ltr' id='par_1_21' title="bbox 147 987 936 1024">
     <span class='ocr_line' id='line_1_21' title="bbox 147 987 936 1024; baseline -0.001 -10"><span class='ocrx_word' id='word_1_134' title='bbox 147 989 294 1024; x_wconf 85' lang='grc' dir='ltr'>εῐργουσαν</span> <span class='ocrx_word' id='word_1_135' title='bbox 320 988 354 1014; x_wconf 81' lang='grc' dir='ltr'>τὰ</span> <span class='ocrx_word' id='word_1_136' title='bbox 381 988 569 1024; x_wconf 72' lang='grc' dir='ltr'>σπερματικὰ,</span> <span class='ocrx_word' id='word_1_137' title='bbox 584 987 602 1023; x_wconf 84' lang='grc' dir='ltr'>ἦ</span> <span class='ocrx_word' id='word_1_138' title='bbox 615 989 657 1020; x_wconf 89' lang='grc' dir='ltr'><strong>τίς</strong></span> <span class='ocrx_word' id='word_1_139' title='bbox 675 989 749 1015; x_wconf 74' lang='grc' dir='ltr'>ἐστιν</span> <span class='ocrx_word' id='word_1_140' title='bbox 767 988 814 1014; x_wconf 74' lang='grc' dir='ltr'><strong>ἐπὶ</strong></span> <span class='ocrx_word' id='word_1_141' title='bbox 830 987 936 1023; x_wconf 84' lang='grc' dir='ltr'><strong>μηρῶν,</strong></span> 
     </span>
    </p>
   </div>
   <div class='ocr_carea' id='block_1_22' title="bbox 146 1034 938 1070">
    <p class='ocr_par' dir='ltr' id='par_1_22' title="bbox 146 1034 938 1070">
     <span class='ocr_line' id='line_1_22' title="bbox 146 1034 938 1070; baseline 0 -10"><span class='ocrx_word' id='word_1_142' title='bbox 146 1034 191 1061; x_wconf 80' lang='grc' dir='ltr'>διὰ</span> <span class='ocrx_word' id='word_1_143' title='bbox 204 1034 253 1068; x_wconf 80' lang='grc' dir='ltr'>τὴν</span> <span class='ocrx_word' id='word_1_144' title='bbox 269 1034 318 1068; x_wconf 85' lang='grc' dir='ltr'>τῆς</span> <span class='ocrx_word' id='word_1_145' title='bbox 334 1035 513 1069; x_wconf 73' lang='grc' dir='ltr'><strong>σωφροσύνης</strong></span> <span class='ocrx_word' id='word_1_146' title='bbox 527 1035 691 1069; x_wconf 72' lang='grc' dir='ltr'><strong>ἐγκράτειαν</strong></span> <span class='ocrx_word' id='word_1_147' title='bbox 703 1043 711 1050; x_wconf 89' lang='grc'>·</span> <span class='ocrx_word' id='word_1_148' title='bbox 724 1034 775 1070; x_wconf 81' lang='grc' dir='ltr'>τὴν</span> <span class='ocrx_word' id='word_1_149' title='bbox 788 1034 816 1060; x_wconf 80' lang='grc' dir='ltr'>δὲ</span> <span class='ocrx_word' id='word_1_150' title='bbox 828 1034 862 1061; x_wconf 83' lang='grc' dir='ltr'>τὰ</span> <span class='ocrx_word' id='word_1_151' title='bbox 872 1034 938 1069; x_wconf 81' lang='grc' dir='ltr'>ψευ-</span> 
     </span>
    </p>
   </div>
   <div class='ocr_carea' id='block_1_23' title="bbox 147 1078 938 1116">
    <p class='ocr_par' dir='ltr' id='par_1_23' title="bbox 147 1078 938 1116">
     <span class='ocr_line' id='line_1_23' title="bbox 147 1078 938 1116; baseline 0 -11"><span class='ocrx_word' id='word_1_152' title='bbox 147 1078 180 1114; x_wconf 87' lang='grc' dir='ltr'>δῆ</span> <span class='ocrx_word' id='word_1_153' title='bbox 204 1079 402 1106; x_wconf 77' lang='grc' dir='ltr'>διακόπτουσαν</span> <span class='ocrx_word' id='word_1_154' title='bbox 425 1079 565 1114; x_wconf 77' lang='grc' dir='ltr'>δόγματαο</span> <span class='ocrx_word' id='word_1_155' title='bbox 585 1081 602 1115; x_wconf 82' lang='grc' dir='ltr'>ἠ</span> <span class='ocrx_word' id='word_1_156' title='bbox 623 1079 653 1106; x_wconf 79' lang='grc' dir='ltr'>δὲ</span> <span class='ocrx_word' id='word_1_157' title='bbox 671 1080 809 1116; x_wconf 57' lang='grc' dir='ltr'>ῥομφαία,</span> <span class='ocrx_word' id='word_1_158' title='bbox 826 1079 894 1114; x_wconf 71' lang='grc' dir='ltr'>πρὸς</span> <span class='ocrx_word' id='word_1_159' title='bbox 907 1079 938 1105; x_wconf 73' lang='grc' dir='ltr'><strong>τδ</strong></span> 
     </span>
    </p>
   </div>
   <div class='ocr_carea' id='block_1_24' title="bbox 149 1125 695 1161">
    <p class='ocr_par' dir='ltr' id='par_1_24' title="bbox 149 1125 695 1161">
     <span class='ocr_line' id='line_1_24' title="bbox 149 1125 695 1161; baseline 0.002 -10"><span class='ocrx_word' id='word_1_160' title='bbox 149 1125 189 1161; x_wconf 82' lang='grc' dir='ltr'>μὴ</span> <span class='ocrx_word' id='word_1_161' title='bbox 201 1125 366 1160; x_wconf 79' lang='grc' dir='ltr'>θαμϐεῖσθαι</span> <span class='ocrx_word' id='word_1_162' title='bbox 383 1125 414 1152; x_wconf 76' lang='grc' dir='ltr'><strong>τὸ</strong></span> <span class='ocrx_word' id='word_1_163' title='bbox 427 1125 533 1157; x_wconf 82' lang='grc' dir='ltr'><strong>σκότος.</strong></span> <span class='ocrx_word' id='word_1_164' title='bbox 692 1132 695 1135; x_wconf 72' lang='lat'><strong>‘</strong></span> 
     </span>
    </p>
   </div>
   <div class='ocr_carea' id='block_1_25' title="bbox 184 1169 938 1206">
    <p class='ocr_par' dir='ltr' id='par_1_25' title="bbox 184 1169 938 1206">
     <span class='ocr_line' id='line_1_25' title="bbox 184 1169 938 1206; baseline -0.001 -9"><span class='ocrx_word' id='word_1_165' title='bbox 184 1171 361 1205; x_wconf 74' lang='grc' dir='ltr'>Γρητυρίου.</span> <span class='ocrx_word' id='word_1_166' title='bbox 377 1185 413 1190; x_wconf 92' lang='grc'><strong><em>-</em></strong></span> <span class='ocrx_word' id='word_1_167' title='bbox 428 1170 505 1197; x_wconf 82' lang='grc' dir='ltr'>Μετὰ</span> <span class='ocrx_word' id='word_1_168' title='bbox 523 1171 573 1205; x_wconf 80' lang='grc' dir='ltr'>τὴν</span> <span class='ocrx_word' id='word_1_169' title='bbox 601 1170 648 1197; x_wconf 69' lang='grc' dir='ltr'><strong>ἐπὶ</strong></span> <span class='ocrx_word' id='word_1_170' title='bbox 672 1170 710 1205; x_wconf 84' lang='grc' dir='ltr'>τῷ</span> <span class='ocrx_word' id='word_1_171' title='bbox 726 1169 819 1197; x_wconf 83' lang='grc' dir='ltr'>κάλλει</span> <span class='ocrx_word' id='word_1_172' title='bbox 835 1179 938 1206; x_wconf 85' lang='grc' dir='ltr'>μαρτυ-</span> 
     </span>
    </p>
   </div>
   <div class='ocr_carea' id='block_1_26' title="bbox 149 1215 936 1252">
    <p class='ocr_par' dir='ltr' id='par_1_26' title="bbox 149 1215 936 1252">
     <span class='ocr_line' id='line_1_26' title="bbox 149 1215 936 1252; baseline 0.001 -10"><span class='ocrx_word' id='word_1_173' title='bbox 149 1216 220 1252; x_wconf 81' lang='grc' dir='ltr'>ρίαν,</span> <span class='ocrx_word' id='word_1_174' title='bbox 240 1217 266 1242; x_wconf 80' lang='lat' dir='ltr'><strong>ot</strong></span> <span class='ocrx_word' id='word_1_175' title='bbox 282 1216 353 1250; x_wconf 74' lang='grc' dir='ltr'>φίλοι</span> <span class='ocrx_word' id='word_1_176' title='bbox 368 1216 416 1243; x_wconf 78' lang='grc' dir='ltr'>τοῦ</span> <span class='ocrx_word' id='word_1_177' title='bbox 435 1215 572 1251; x_wconf 74' lang='grc' dir='ltr'>Νυμφίου,</span> <span class='ocrx_word' id='word_1_178' title='bbox 585 1217 632 1244; x_wconf 72' lang='grc' dir='ltr'>καὶ</span> <span class='ocrx_word' id='word_1_179' title='bbox 645 1217 874 1252; x_wconf 81' lang='grc' dir='ltr'>παρασκευασταὶ</span> <span class='ocrx_word' id='word_1_180' title='bbox 888 1216 936 1243; x_wconf 84' lang='grc' dir='ltr'><strong>τοῦ</strong></span> 
     </span>
    </p>
   </div>
   <div class='ocr_carea' id='block_1_27' title="bbox 149 1260 938 1296">
    <p class='ocr_par' dir='ltr' id='par_1_27' title="bbox 149 1260 938 1296">
     <span class='ocr_line' id='line_1_27' title="bbox 149 1260 938 1296; baseline 0 -9"><span class='ocrx_word' id='word_1_181' title='bbox 149 1261 227 1295; x_wconf 83' lang='grc' dir='ltr'>ἁγίου</span> <span class='ocrx_word' id='word_1_182' title='bbox 239 1261 373 1296; x_wconf 80' lang='grc' dir='ltr'>θαλάμου,</span> <span class='ocrx_word' id='word_1_183' title='bbox 389 1261 437 1288; x_wconf 78' lang='grc' dir='ltr'><strong>καὶ</strong></span> <span class='ocrx_word' id='word_1_184' title='bbox 452 1261 503 1295; x_wconf 81' lang='grc' dir='ltr'>τῆς</span> <span class='ocrx_word' id='word_1_185' title='bbox 528 1261 651 1296; x_wconf 75' lang='grc' dir='ltr'>καθαρᾶς</span> <span class='ocrx_word' id='word_1_186' title='bbox 675 1260 796 1296; x_wconf 80' lang='grc' dir='ltr'><strong>Νύμφης</strong></span> <span class='ocrx_word' id='word_1_187' title='bbox 813 1261 938 1296; x_wconf 72' lang='grc' dir='ltr'>προμνή-</span> 
     </span>
    </p>
   </div>
   <div class='ocr_carea' id='block_1_28' title="bbox 149 1306 937 1343">
    <p class='ocr_par' dir='ltr' id='par_1_28' title="bbox 149 1306 937 1343">
     <span class='ocr_line' id='line_1_28' title="bbox 149 1306 937 1343; baseline -0.001 -9"><span class='ocrx_word' id='word_1_188' title='bbox 149 1316 254 1343; x_wconf 82' lang='grc' dir='ltr'>στορες,</span> <span class='ocrx_word' id='word_1_189' title='bbox 272 1306 495 1333; x_wconf 83' lang='grc' dir='ltr'><strong>ὑποδεικνύουσιν</strong></span> <span class='ocrx_word' id='word_1_190' title='bbox 523 1307 591 1342; x_wconf 87' lang='grc' dir='ltr'>αὐτῇ</span> <span class='ocrx_word' id='word_1_191' title='bbox 611 1306 662 1341; x_wconf 86' lang='grc' dir='ltr'>τῆς</span> <span class='ocrx_word' id='word_1_192' title='bbox 687 1307 830 1341; x_wconf 76' lang='grc' dir='ltr'>βασιλικῆς</span> <span class='ocrx_word' id='word_1_193' title='bbox 843 1307 937 1341; x_wconf 79' lang='grc' dir='ltr'><strong>κλίνης</strong></span> 
     </span>
    </p>
   </div>
   <div class='ocr_carea' id='block_1_29' title="bbox 147 1352 938 1388">
    <p class='ocr_par' dir='ltr' id='par_1_29' title="bbox 147 1352 938 1388">
     <span class='ocr_line' id='line_1_29' title="bbox 147 1352 938 1388; baseline 0.001 -8"><span class='ocrx_word' id='word_1_194' title='bbox 147 1353 179 1380; x_wconf 79' lang='grc' dir='ltr'>τὺ</span> <span class='ocrx_word' id='word_1_195' title='bbox 190 1353 289 1385; x_wconf 78' lang='grc' dir='ltr'>κάλλος</span> <span class='ocrx_word' id='word_1_196' title='bbox 298 1352 336 1384; x_wconf 83' lang='grc' dir='ltr'>ὡς</span> <span class='ocrx_word' id='word_1_197' title='bbox 349 1353 449 1387; x_wconf 78' lang='grc' dir='ltr'>μᾶλλον</span> <span class='ocrx_word' id='word_1_198' title='bbox 462 1353 502 1384; x_wconf 88' lang='grc' dir='ltr'><strong>είς</strong></span> <span class='ocrx_word' id='word_1_199' title='bbox 515 1352 663 1387; x_wconf 72' lang='grc' dir='ltr'><strong>ἐπιθυμίαν</strong></span> <span class='ocrx_word' id='word_1_200' title='bbox 674 1352 723 1388; x_wconf 84' lang='grc' dir='ltr'>τὴν</span> <span class='ocrx_word' id='word_1_201' title='bbox 738 1353 854 1388; x_wconf 81' lang='grc' dir='ltr'><strong>Νύμφην</strong></span> <span class='ocrx_word' id='word_1_202' title='bbox 866 1354 938 1388; x_wconf 83' lang='grc' dir='ltr'>ἀγά-</span> 
     </span>
    </p>
   </div>
   <div class='ocr_carea' id='block_1_30' title="bbox 149 1397 937 1433">
    <p class='ocr_par' dir='ltr' id='par_1_30' title="bbox 149 1397 937 1433">
     <span class='ocr_line' id='line_1_30' title="bbox 149 1397 937 1433; baseline 0.001 -9"><span class='ocrx_word' id='word_1_203' title='bbox 149 1406 232 1432; x_wconf 78' lang='grc' dir='ltr'>γοιεν,</span> <span class='ocrx_word' id='word_1_204' title='bbox 246 1398 297 1433; x_wconf 78' lang='grc' dir='ltr'>τῆς</span> <span class='ocrx_word' id='word_1_205' title='bbox 311 1397 388 1428; x_wconf 82' lang='grc' dir='ltr'>θείας</span> <span class='ocrx_word' id='word_1_206' title='bbox 407 1406 436 1424; x_wconf 85' lang='grc' dir='ltr'><strong>τε</strong></span> <span class='ocrx_word' id='word_1_207' title='bbox 455 1398 502 1424; x_wconf 76' lang='grc' dir='ltr'>καὶ</span> <span class='ocrx_word' id='word_1_208' title='bbox 518 1397 654 1432; x_wconf 80' lang='grc' dir='ltr'>ἁχράντου</span> <span class='ocrx_word' id='word_1_209' title='bbox 681 1397 740 1433; x_wconf 77' lang='grc' dir='ltr'>μετ’</span> <span class='ocrx_word' id='word_1_210' title='bbox 765 1399 849 1425; x_wconf 78' lang='grc' dir='ltr'>αὐτοῦ</span> <span class='ocrx_word' id='word_1_211' title='bbox 867 1407 937 1433; x_wconf 87' lang='grc' dir='ltr'>συμ-</span> 
     </span>
    </p>
   </div>
   <div class='ocr_carea' id='block_1_31' title="bbox 149 1441 937 1479">
    <p class='ocr_par' dir='ltr' id='par_1_31' title="bbox 149 1441 937 1479">
     <span class='ocr_line' id='line_1_31' title="bbox 149 1441 937 1479; baseline 0.001 -10"><span class='ocrx_word' id='word_1_212' title='bbox 149 1442 282 1474; x_wconf 70' lang='grc' dir='ltr'>ϐιώσεως.</span> <span class='ocrx_word' id='word_1_213' title='bbox 297 1442 360 1469; x_wconf 80' lang='grc' dir='ltr'>’Ὁτι</span> <span class='ocrx_word' id='word_1_214' title='bbox 382 1442 431 1476; x_wconf 82' lang='grc' dir='ltr'>μὲν</span> <span class='ocrx_word' id='word_1_215' title='bbox 452 1441 498 1468; x_wconf 81' lang='grc' dir='ltr'><strong>οὖν</strong></span> <span class='ocrx_word' id='word_1_216' title='bbox 521 1443 553 1468; x_wconf 81' lang='grc' dir='ltr'>ὲκ</span> <span class='ocrx_word' id='word_1_217' title='bbox 568 1441 618 1476; x_wconf 84' lang='grc' dir='ltr'>τῆς</span> <span class='ocrx_word' id='word_1_218' title='bbox 637 1442 758 1477; x_wconf 74' lang='grc' dir='ltr'><strong>ἱστορίας</strong></span> <span class='ocrx_word' id='word_1_219' title='bbox 780 1444 794 1469; x_wconf 85' lang='grc' dir='ltr'>ὀ</span> <span class='ocrx_word' id='word_1_220' title='bbox 809 1443 873 1479; x_wconf 69' lang='grc' dir='ltr'>περὶ</span> <span class='ocrx_word' id='word_1_221' title='bbox 887 1443 937 1478; x_wconf 77' lang='grc' dir='ltr'>τῆς</span> 
     </span>
    </p>
   </div>
   <div class='ocr_carea' id='block_1_32' title="bbox 149 1487 937 1523">
    <p class='ocr_par' dir='ltr' id='par_1_32' title="bbox 149 1487 937 1523">
     <span class='ocr_line' id='line_1_32' title="bbox 149 1487 937 1523; baseline 0.001 -9"><span class='ocrx_word' id='word_1_222' title='bbox 149 1488 244 1523; x_wconf 80' lang='grc' dir='ltr'><strong>κλίνης</strong></span> <span class='ocrx_word' id='word_1_223' title='bbox 257 1487 336 1521; x_wconf 84' lang='grc' dir='ltr'>λόγος</span> <span class='ocrx_word' id='word_1_224' title='bbox 350 1488 400 1514; x_wconf 79' lang='grc' dir='ltr'>οὐκ</span> <span class='ocrx_word' id='word_1_225' title='bbox 416 1487 498 1517; x_wconf 77' lang='grc' dir='ltr'>ἐστιν,</span> <span class='ocrx_word' id='word_1_226' title='bbox 515 1487 627 1522; x_wconf 68' lang='grc' dir='ltr'>εὔδηλον</span> <span class='ocrx_word' id='word_1_227' title='bbox 646 1489 679 1514; x_wconf 82' lang='grc' dir='ltr'>ὲκ</span> <span class='ocrx_word' id='word_1_228' title='bbox 702 1487 757 1514; x_wconf 89' lang='grc' dir='ltr'><strong>τῶν</strong></span> <span class='ocrx_word' id='word_1_229' title='bbox 772 1489 937 1523; x_wconf 76' lang='grc' dir='ltr'>σωματικῶς</span> 
     </span>
    </p>
   </div>
   <div class='ocr_carea' id='block_1_33' title="bbox 988 261 1768 296">
    <p class='ocr_par' dir='ltr' id='par_1_33' title="bbox 988 261 1768 296">
     <span class='ocr_line' id='line_1_33' title="bbox 988 261 1768 296; baseline 0.001 -8"><span class='ocrx_word' id='word_1_230' title='bbox 988 266 1053 288; x_wconf 89' lang='lat' dir='ltr'><strong>sunt</strong></span> <span class='ocrx_word' id='word_1_231' title='bbox 1067 262 1156 296; x_wconf 77' lang='lat' dir='ltr'><strong>pulvis</strong></span> <span class='ocrx_word' id='word_1_232' title='bbox 1169 261 1308 289; x_wconf 87' lang='lat' dir='ltr'><strong>nominata</strong></span> <span class='ocrx_word' id='word_1_233' title='bbox 1336 261 1400 288; x_wconf 85' lang='lat' dir='ltr'><strong>facit</strong></span> <span class='ocrx_word' id='word_1_234' title='bbox 1426 261 1563 296; x_wconf 78' lang='lat' dir='ltr'><strong>pulverem</strong></span> <span class='ocrx_word' id='word_1_235' title='bbox 1584 262 1768 295; x_wconf 75' lang='lat' dir='ltr'><strong>unguentarii.</strong></span> 
     </span>
    </p>
   </div>
   <div class='ocr_carea' id='block_1_34' title="bbox 989 307 1769 343">
    <p class='ocr_par' dir='ltr' id='par_1_34' title="bbox 989 307 1769 343">
     <span class='ocr_line' id='line_1_34' title="bbox 989 307 1769 343; baseline -0.004 -8"><span class='ocrx_word' id='word_1_236' title='bbox 989 309 1092 335; x_wconf 75' lang='lat' dir='ltr'><strong>Dixerit</strong></span> <span class='ocrx_word' id='word_1_237' title='bbox 1110 316 1191 343; x_wconf 91' lang='lat' dir='ltr'><strong>porro</strong></span> <span class='ocrx_word' id='word_1_238' title='bbox 1205 308 1305 343; x_wconf 84' lang='lat' dir='ltr'><strong>aliquis</strong></span> <span class='ocrx_word' id='word_1_239' title='bbox 1318 307 1456 342; x_wconf 85' lang='lat' dir='ltr'><strong>quomodo</strong></span> <span class='ocrx_word' id='word_1_240' title='bbox 1474 312 1569 334; x_wconf 79' lang='lat' dir='ltr'><strong>sancta</strong></span> <span class='ocrx_word' id='word_1_241' title='bbox 1595 310 1622 333; x_wconf 87' lang='lat' dir='ltr'><strong>et</strong></span> <span class='ocrx_word' id='word_1_242' title='bbox 1638 307 1769 334; x_wconf 86' lang='lat' dir='ltr'><strong>ecclesia-</strong></span> 
     </span>
    </p>
   </div>
   <div class='ocr_carea' id='block_1_35' title="bbox 987 351 1770 389">
    <p class='ocr_par' dir='ltr' id='par_1_35' title="bbox 987 351 1770 389">
     <span class='ocr_line' id='line_1_35' title="bbox 987 351 1770 389; baseline -0.003 -9"><span class='ocrx_word' id='word_1_243' title='bbox 987 353 1056 381; x_wconf 87' lang='lat' dir='ltr'><strong>stica</strong></span> <span class='ocrx_word' id='word_1_244' title='bbox 1070 354 1161 380; x_wconf 88' lang='lat' dir='ltr'><strong>anima</strong></span> <span class='ocrx_word' id='word_1_245' title='bbox 1174 354 1229 380; x_wconf 90' lang='lat' dir='ltr'><strong>lilia</strong></span> <span class='ocrx_word' id='word_1_246' title='bbox 1244 354 1383 389; x_wconf 79' lang='lat' dir='ltr'><strong>quondam</strong></span> <span class='ocrx_word' id='word_1_247' title='bbox 1400 353 1516 380; x_wconf 69' lang='lat' dir='ltr'><strong>desertae</strong></span> <span class='ocrx_word' id='word_1_248' title='bbox 1529 361 1542 379; x_wconf 87' lang='lat' dir='ltr'><strong>a</strong></span> <span class='ocrx_word' id='word_1_249' title='bbox 1563 351 1619 379; x_wconf 87' lang='lat' dir='ltr'><strong>Deo</strong></span> <span class='ocrx_word' id='word_1_250' title='bbox 1650 359 1770 386; x_wconf 75' lang='lat' dir='ltr'><strong>congre-</strong></span> 
     </span>
    </p>
   </div>
   <div class='ocr_carea' id='block_1_36' title="bbox 987 397 1771 434">
    <p class='ocr_par' dir='ltr' id='par_1_36' title="bbox 987 397 1771 434">
     <span class='ocr_line' id='line_1_36' title="bbox 987 397 1771 434; baseline -0.001 -9"><span class='ocrx_word' id='word_1_251' title='bbox 987 399 1105 434; x_wconf 71' lang='lat' dir='ltr'><strong>gationis</strong></span> <span class='ocrx_word' id='word_1_252' title='bbox 1118 400 1252 434; x_wconf 81' lang='lat' dir='ltr'><strong>gentium,</strong></span> <span class='ocrx_word' id='word_1_253' title='bbox 1267 399 1401 428; x_wconf 75' lang='lat' dir='ltr'><strong>ascendat</strong></span> <span class='ocrx_word' id='word_1_254' title='bbox 1416 399 1450 426; x_wconf 82' lang='lat' dir='ltr'><strong>de</strong></span> <span class='ocrx_word' id='word_1_255' title='bbox 1476 399 1596 429; x_wconf 84' lang='lat' dir='ltr'><strong>deserto,</strong></span> <span class='ocrx_word' id='word_1_256' title='bbox 1613 397 1771 432; x_wconf 87' lang='lat' dir='ltr'><strong>relinquens</strong></span> 
     </span>
    </p>
   </div>
   <div class='ocr_carea' id='block_1_37' title="bbox 986 444 1772 481">
    <p class='ocr_par' dir='ltr' id='par_1_37' title="bbox 986 444 1772 481">
     <span class='ocr_line' id='line_1_37' title="bbox 986 444 1772 481; baseline -0.003 -9"><span class='ocrx_word' id='word_1_257' title='bbox 986 446 1097 480; x_wconf 83' lang='lat' dir='ltr'><strong>quidem</strong></span> <span class='ocrx_word' id='word_1_258' title='bbox 1113 446 1240 481; x_wconf 76' lang='lat' dir='ltr'><strong>dogmata</strong></span> <span class='ocrx_word' id='word_1_259' title='bbox 1251 450 1278 473; x_wconf 85' lang='lat' dir='ltr'><strong>et</strong></span> <span class='ocrx_word' id='word_1_260' title='bbox 1292 446 1413 473; x_wconf 78' lang='lat' dir='ltr'><strong>rationes</strong></span> <span class='ocrx_word' id='word_1_261' title='bbox 1437 449 1519 479; x_wconf 89' lang='lat' dir='ltr'><strong>atque</strong></span> <span class='ocrx_word' id='word_1_262' title='bbox 1538 451 1619 479; x_wconf 82' lang='lat' dir='ltr'><strong>opera</strong></span> <span class='ocrx_word' id='word_1_263' title='bbox 1645 444 1699 471; x_wconf 90' lang='lat' dir='ltr'><strong>Deo</strong></span> <span class='ocrx_word' id='word_1_264' title='bbox 1725 451 1772 470; x_wconf 89' lang='lat' dir='ltr'><strong>va-</strong></span> 
     </span>
    </p>
   </div>
   <div class='ocr_carea' id='block_1_38' title="bbox 986 489 1598 525">
    <p class='ocr_par' dir='ltr' id='par_1_38' title="bbox 986 489 1598 525">
     <span class='ocr_line' id='line_1_38' title="bbox 986 489 1598 525; baseline -0.003 -7"><span class='ocrx_word' id='word_1_265' title='bbox 986 498 1048 522; x_wconf 85' lang='lat' dir='ltr'><strong>cua,</strong></span> <span class='ocrx_word' id='word_1_266' title='bbox 1060 490 1093 518; x_wconf 88' lang='lat' dir='ltr'><strong>ad</strong></span> <span class='ocrx_word' id='word_1_267' title='bbox 1103 498 1134 517; x_wconf 88' lang='lat' dir='ltr'><strong>ea</strong></span> <span class='ocrx_word' id='word_1_268' title='bbox 1150 498 1214 518; x_wconf 85' lang='lat' dir='ltr'><strong>vero</strong></span> <span class='ocrx_word' id='word_1_269' title='bbox 1225 498 1286 525; x_wconf 67' lang='lat' dir='ltr'><strong>qua:</strong></span> <span class='ocrx_word' id='word_1_270' title='bbox 1301 490 1346 517; x_wconf 87' lang='lat' dir='ltr'><strong>Dei</strong></span> <span class='ocrx_word' id='word_1_271' title='bbox 1358 494 1422 518; x_wconf 87' lang='lat' dir='ltr'><strong>sunt</strong></span> <span class='ocrx_word' id='word_1_272' title='bbox 1437 489 1598 517; x_wconf 87' lang='lat' dir='ltr'><strong>ascendens.</strong></span> 
     </span>
    </p>
   </div>
   <div class='ocr_carea' id='block_1_39' title="bbox 1022 534 1773 569">
    <p class='ocr_par' dir='ltr' id='par_1_39' title="bbox 1022 534 1773 569">
     <span class='ocr_line' id='line_1_39' title="bbox 1022 534 1773 569; baseline -0.005 -6"><span class='ocrx_word' id='word_1_273' title='bbox 1022 536 1104 564; x_wconf 71' lang='lat' dir='ltr'><strong>Vsus.</strong></span> <span class='ocrx_word' id='word_1_274' title='bbox 1123 536 1149 569; x_wconf 85' lang='lat'><strong>7,</strong></span> <span class='ocrx_word' id='word_1_275' title='bbox 1165 536 1192 564; x_wconf 85' lang='lat'><strong>8.</strong></span> <span class='ocrx_word' id='word_1_276' title='bbox 1210 536 1276 563; x_wconf 84' lang='lat' dir='ltr'><strong>Ecce</strong></span> <span class='ocrx_word' id='word_1_277' title='bbox 1288 537 1370 563; x_wconf 81' lang='lat' dir='ltr'><strong>lectus</strong></span> <span class='ocrx_word' id='word_1_278' title='bbox 1383 535 1536 563; x_wconf 71' lang='lat' dir='ltr'><strong>Salomonis</strong></span> <span class='ocrx_word' id='word_1_279' title='bbox 1550 543 1560 563; x_wconf 89' lang='lat'><em>:</em></span> <span class='ocrx_word' id='word_1_280' title='bbox 1572 534 1711 569; x_wconf 70' lang='lat' dir='ltr'><strong>sexaginta</strong></span> <span class='ocrx_word' id='word_1_281' title='bbox 1724 541 1773 568; x_wconf 82' lang='lat' dir='ltr'><strong>po-</strong></span> 
     </span>
    </p>
   </div>
   <div class='ocr_carea' id='block_1_40' title="bbox 987 579 1773 616">
    <p class='ocr_par' dir='ltr' id='par_1_40' title="bbox 987 579 1773 616">
     <span class='ocr_line' id='line_1_40' title="bbox 987 579 1773 616; baseline -0.004 -8"><span class='ocrx_word' id='word_1_282' title='bbox 987 586 1068 609; x_wconf 79' lang='lat' dir='ltr'><strong>tentes</strong></span> <span class='ocrx_word' id='word_1_283' title='bbox 1081 583 1108 609; x_wconf 78' lang='lat' dir='ltr'><strong>in</strong></span> <span class='ocrx_word' id='word_1_284' title='bbox 1123 583 1236 609; x_wconf 79' lang='lat' dir='ltr'><strong>circuitu</strong></span> <span class='ocrx_word' id='word_1_285' title='bbox 1247 582 1304 616; x_wconf 82' lang='lat' dir='ltr'><strong>ejus</strong></span> <span class='ocrx_word' id='word_1_286' title='bbox 1316 590 1348 609; x_wconf 75' lang='lat' dir='ltr'><strong>ex</strong></span> <span class='ocrx_word' id='word_1_287' title='bbox 1360 581 1510 616; x_wconf 79' lang='lat' dir='ltr'><strong>potentibus</strong></span> <span class='ocrx_word' id='word_1_288' title='bbox 1525 579 1623 609; x_wconf 75' lang='lat' dir='ltr'><strong>Israel.</strong></span> <span class='ocrx_word' id='word_1_289' title='bbox 1635 587 1724 606; x_wconf 83' lang='lat' dir='ltr'><strong>omnes</strong></span> <span class='ocrx_word' id='word_1_290' title='bbox 1734 583 1773 605; x_wconf 83' lang='lat' dir='ltr'><strong>te-</strong></span> 
     </span>
    </p>
   </div>
   <div class='ocr_carea' id='block_1_41' title="bbox 986 625 1774 666">
    <p class='ocr_par' dir='ltr' id='par_1_41' title="bbox 986 625 1774 666">
     <span class='ocr_line' id='line_1_41' title="bbox 986 625 1774 666; baseline -0.004 -12"><span class='ocrx_word' id='word_1_291' title='bbox 986 633 1075 655; x_wconf 80' lang='lat' dir='ltr'><strong>nentes</strong></span> <span class='ocrx_word' id='word_1_292' title='bbox 1088 628 1216 663; x_wconf 78' lang='lat' dir='ltr'><strong>gladium,</strong></span> <span class='ocrx_word' id='word_1_293' title='bbox 1235 628 1306 654; x_wconf 79' lang='lat' dir='ltr'><strong>docti</strong></span> <span class='ocrx_word' id='word_1_294' title='bbox 1323 627 1434 666; x_wconf 64' lang='lat' dir='ltr'><strong>(Ie/lupi;</strong></span> <span class='ocrx_word' id='word_1_295' title='bbox 1447 628 1486 653; x_wconf 84' lang='lat' dir='ltr'><strong>vir</strong></span> <span class='ocrx_word' id='word_1_296' title='bbox 1498 625 1605 661; x_wconf 78' lang='lat' dir='ltr'><strong>gladius</strong></span> <span class='ocrx_word' id='word_1_297' title='bbox 1620 625 1677 660; x_wconf 78' lang='lat' dir='ltr'><strong>ejus</strong></span> <span class='ocrx_word' id='word_1_298' title='bbox 1696 632 1774 659; x_wconf 73' lang='lat' dir='ltr'><strong>super</strong></span> 
     </span>
    </p>
   </div>
   <div class='ocr_carea' id='block_1_42' title="bbox 987 673 1467 708">
    <p class='ocr_par' dir='ltr' id='par_1_42' title="bbox 987 673 1467 708">
     <span class='ocr_line' id='line_1_42' title="bbox 987 673 1467 708; baseline 0 -8"><span class='ocrx_word' id='word_1_299' title='bbox 987 674 1072 708; x_wconf 77' lang='lat' dir='ltr'><strong>femur</strong></span> <span class='ocrx_word' id='word_1_300' title='bbox 1085 673 1141 708; x_wconf 83' lang='lat' dir='ltr'><strong>ejus</strong></span> <span class='ocrx_word' id='word_1_301' title='bbox 1151 682 1167 700; x_wconf 89' lang='lat' dir='ltr'><strong>a</strong></span> <span class='ocrx_word' id='word_1_302' title='bbox 1182 681 1277 708; x_wconf 76' lang='lat' dir='ltr'><strong>pavore</strong></span> <span class='ocrx_word' id='word_1_303' title='bbox 1298 674 1325 700; x_wconf 84' lang='lat' dir='ltr'><strong>t&#39;u</strong></span> <span class='ocrx_word' id='word_1_304' title='bbox 1337 673 1467 700; x_wconf 80' lang='lat' dir='ltr'><strong>noctibus.</strong></span> 
     </span>
    </p>
   </div>
   <div class='ocr_carea' id='block_1_43' title="bbox 1020 759 1772 789">
    <p class='ocr_par' dir='ltr' id='par_1_43' title="bbox 1020 759 1772 789">
     <span class='ocr_line' id='line_1_43' title="bbox 1020 759 1772 789; baseline -0.001 -2"><span class='ocrx_word' id='word_1_305' title='bbox 1020 761 1152 789; x_wconf 75' lang='lat' dir='ltr'><strong>Philonis.</strong></span> <span class='ocrx_word' id='word_1_306' title='bbox 1183 761 1296 788; x_wconf 80' lang='lat' dir='ltr'><strong>Lectum</strong></span> <span class='ocrx_word' id='word_1_307' title='bbox 1321 764 1401 787; x_wconf 86' lang='lat' dir='ltr'><strong>vocat</strong></span> <span class='ocrx_word' id='word_1_308' title='bbox 1425 759 1527 787; x_wconf 90' lang='lat' dir='ltr'><strong>Christi</strong></span> <span class='ocrx_word' id='word_1_309' title='bbox 1555 762 1772 786; x_wconf 85' lang='lat' dir='ltr'><strong>monumentum.</strong></span> 
     </span>
    </p>
   </div>
   <div class='ocr_carea' id='block_1_44' title="bbox 987 804 1775 842">
    <p class='ocr_par' dir='ltr' id='par_1_44' title="bbox 987 804 1775 842">
     <span class='ocr_line' id='line_1_44' title="bbox 987 804 1775 842; baseline -0.005 -8"><span class='ocrx_word' id='word_1_310' title='bbox 987 806 1132 842; x_wconf 79' lang='lat' dir='ltr'><strong>Sexaginta</strong></span> <span class='ocrx_word' id='word_1_311' title='bbox 1145 806 1230 834; x_wconf 83' lang='lat' dir='ltr'><strong>fortes</strong></span> <span class='ocrx_word' id='word_1_312' title='bbox 1240 809 1306 834; x_wconf 88' lang='lat' dir='ltr'><strong>sunt</strong></span> <span class='ocrx_word' id='word_1_313' title='bbox 1315 805 1454 840; x_wconf 88' lang='lat' dir='ltr'><strong>plenitudo</strong></span> <span class='ocrx_word' id='word_1_314' title='bbox 1463 804 1649 839; x_wconf 82' lang='lat' dir='ltr'><strong>perfectionis,</strong></span> <span class='ocrx_word' id='word_1_315' title='bbox 1659 805 1704 838; x_wconf 88' lang='lat' dir='ltr'><strong>qui</strong></span> <span class='ocrx_word' id='word_1_316' title='bbox 1713 811 1775 831; x_wconf 83' lang='lat' dir='ltr'><strong>cus-</strong></span> 
     </span>
    </p>
   </div>
   <div class='ocr_carea' id='block_1_45' title="bbox 986 849 1773 887">
    <p class='ocr_par' dir='ltr' id='par_1_45' title="bbox 986 849 1773 887">
     <span class='ocr_line' id='line_1_45' title="bbox 986 849 1773 887; baseline -0.005 -8"><span class='ocrx_word' id='word_1_317' title='bbox 986 852 1272 887; x_wconf 89' lang='lat' dir='ltr'><strong>todiuntsepulcrum,</strong></span> <span class='ocrx_word' id='word_1_318' title='bbox 1291 851 1338 886; x_wconf 90' lang='lat' dir='ltr'><strong>qui</strong></span> <span class='ocrx_word' id='word_1_319' title='bbox 1351 856 1378 878; x_wconf 92' lang='lat' dir='ltr'><strong>et</strong></span> <span class='ocrx_word' id='word_1_320' title='bbox 1389 855 1469 878; x_wconf 74' lang='lat' dir='ltr'><strong>terrae</strong></span> <span class='ocrx_word' id='word_1_321' title='bbox 1479 854 1552 877; x_wconf 92' lang='lat' dir='ltr'><strong>motu</strong></span> <span class='ocrx_word' id='word_1_322' title='bbox 1563 850 1636 877; x_wconf 87' lang='lat' dir='ltr'><strong>facto</strong></span> <span class='ocrx_word' id='word_1_323' title='bbox 1651 849 1773 877; x_wconf 79' lang='lat' dir='ltr'><strong>exterriti</strong></span> 
     </span>
    </p>
   </div>
   <div class='ocr_carea' id='block_1_46' title="bbox 988 894 1774 932">
    <p class='ocr_par' dir='ltr' id='par_1_46' title="bbox 988 894 1774 932">
     <span class='ocr_line' id='line_1_46' title="bbox 988 894 1774 932; baseline -0.005 -8"><span class='ocrx_word' id='word_1_324' title='bbox 988 897 1100 925; x_wconf 84' lang='lat' dir='ltr'><strong>fuerunt</strong></span> <span class='ocrx_word' id='word_1_325' title='bbox 1124 905 1157 925; x_wconf 86' lang='lat' dir='ltr'><strong>ea</strong></span> <span class='ocrx_word' id='word_1_326' title='bbox 1180 901 1261 925; x_wconf 86' lang='lat' dir='ltr'><strong>nocte</strong></span> <span class='ocrx_word' id='word_1_327' title='bbox 1276 904 1330 932; x_wconf 87' lang='lat' dir='ltr'><strong>qua</strong></span> <span class='ocrx_word' id='word_1_328' title='bbox 1355 896 1482 924; x_wconf 88' lang='lat' dir='ltr'><strong>Christus</strong></span> <span class='ocrx_word' id='word_1_329' title='bbox 1517 896 1680 923; x_wconf 80' lang='lat' dir='ltr'><strong>resurrexit.</strong></span> <span class='ocrx_word' id='word_1_330' title='bbox 1717 894 1774 921; x_wconf 85' lang='lat' dir='ltr'><strong>Duo</strong></span> 
     </span>
    </p>
   </div>
   <div class='ocr_carea' id='block_1_47' title="bbox 988 941 1774 978">
    <p class='ocr_par' dir='ltr' id='par_1_47' title="bbox 988 941 1774 978">
     <span class='ocr_line' id='line_1_47' title="bbox 988 941 1774 978; baseline -0.005 -7"><span class='ocrx_word' id='word_1_331' title='bbox 988 948 1079 971; x_wconf 87' lang='lat' dir='ltr'><strong>autem</strong></span> <span class='ocrx_word' id='word_1_332' title='bbox 1097 943 1201 978; x_wconf 74' lang='lat' dir='ltr'><strong>gladios</strong></span> <span class='ocrx_word' id='word_1_333' title='bbox 1214 943 1317 973; x_wconf 86' lang='lat' dir='ltr'><strong>habent</strong></span> <span class='ocrx_word' id='word_1_334' title='bbox 1342 943 1368 970; x_wconf 88' lang='lat' dir='ltr'><strong>hi</strong></span> <span class='ocrx_word' id='word_1_335' title='bbox 1388 943 1433 977; x_wconf 90' lang='lat' dir='ltr'><strong>qui</strong></span> <span class='ocrx_word' id='word_1_336' title='bbox 1451 941 1628 969; x_wconf 87' lang='lat' dir='ltr'><strong>suntChristi</strong></span> <span class='ocrx_word' id='word_1_337' title='bbox 1645 949 1653 967; x_wconf 83' lang='lat'><strong>:</strong></span> <span class='ocrx_word' id='word_1_338' title='bbox 1685 947 1774 967; x_wconf 84' lang='lat' dir='ltr'><strong>unum</strong></span> 
     </span>
    </p>
   </div>
   <div class='ocr_carea' id='block_1_48' title="bbox 988 986 1775 1026">
    <p class='ocr_par' dir='ltr' id='par_1_48' title="bbox 988 986 1775 1026">
     <span class='ocr_line' id='line_1_48' title="bbox 988 986 1775 1026; baseline -0.008 -9"><span class='ocrx_word' id='word_1_339' title='bbox 988 989 1096 1026; x_wconf 84' lang='lat' dir='ltr'><strong>quidem</strong></span> <span class='ocrx_word' id='word_1_340' title='bbox 1113 989 1256 1016; x_wconf 87' lang='lat' dir='ltr'><strong>seminalia</strong></span> <span class='ocrx_word' id='word_1_341' title='bbox 1270 993 1420 1019; x_wconf 74' lang='lat' dir='ltr'><strong>arcentem,</strong></span> <span class='ocrx_word' id='word_1_342' title='bbox 1444 987 1490 1022; x_wconf 92' lang='lat' dir='ltr'><strong>qui</strong></span> <span class='ocrx_word' id='word_1_343' title='bbox 1508 991 1551 1014; x_wconf 87' lang='lat' dir='ltr'><strong>est</strong></span> <span class='ocrx_word' id='word_1_344' title='bbox 1571 994 1657 1021; x_wconf 85' lang='lat' dir='ltr'><strong>super</strong></span> <span class='ocrx_word' id='word_1_345' title='bbox 1686 986 1775 1013; x_wconf 82' lang='lat' dir='ltr'><strong>femur</strong></span> 
     </span>
    </p>
   </div>
   <div class='ocr_carea' id='block_1_49' title="bbox 989 1032 1775 1070">
    <p class='ocr_par' dir='ltr' id='par_1_49' title="bbox 989 1032 1775 1070">
     <span class='ocr_line' id='line_1_49' title="bbox 989 1032 1775 1070; baseline -0.005 -9"><span class='ocrx_word' id='word_1_346' title='bbox 989 1039 1100 1070; x_wconf 89' lang='lat' dir='ltr'><strong>propter</strong></span> <span class='ocrx_word' id='word_1_347' title='bbox 1116 1034 1304 1068; x_wconf 64' lang='lat' dir='ltr'><strong>temperantiae</strong></span> <span class='ocrx_word' id='word_1_348' title='bbox 1323 1033 1533 1064; x_wconf 80' lang='lat' dir='ltr'><strong>continentiam,</strong></span> <span class='ocrx_word' id='word_1_349' title='bbox 1561 1032 1677 1058; x_wconf 88' lang='lat' dir='ltr'><strong>alterum</strong></span> <span class='ocrx_word' id='word_1_350' title='bbox 1708 1039 1775 1058; x_wconf 86' lang='lat' dir='ltr'><strong>vero</strong></span> 
     </span>
    </p>
   </div>
   <div class='ocr_carea' id='block_1_50' title="bbox 989 1078 1776 1115">
    <p class='ocr_par' dir='ltr' id='par_1_50' title="bbox 989 1078 1776 1115">
     <span class='ocr_line' id='line_1_50' title="bbox 989 1078 1776 1115; baseline -0.006 -7"><span class='ocrx_word' id='word_1_351' title='bbox 989 1081 1056 1108; x_wconf 86' lang='lat' dir='ltr'><strong>falsa</strong></span> <span class='ocrx_word' id='word_1_352' title='bbox 1084 1081 1210 1115; x_wconf 82' lang='lat' dir='ltr'><strong>dogmata</strong></span> <span class='ocrx_word' id='word_1_353' title='bbox 1236 1084 1417 1107; x_wconf 86' lang='lat' dir='ltr'><strong>resecantem.</strong></span> <span class='ocrx_word' id='word_1_354' title='bbox 1447 1078 1563 1106; x_wconf 87' lang='lat' dir='ltr'><strong>Gladius</strong></span> <span class='ocrx_word' id='word_1_355' title='bbox 1577 1083 1668 1105; x_wconf 87' lang='lat' dir='ltr'><strong>autem</strong></span> <span class='ocrx_word' id='word_1_356' title='bbox 1697 1078 1776 1104; x_wconf 86' lang='lat' dir='ltr'><strong>adest</strong></span> 
     </span>
    </p>
   </div>
   <div class='ocr_carea' id='block_1_51' title="bbox 988 1125 1312 1153">
    <p class='ocr_par' dir='ltr' id='par_1_51' title="bbox 988 1125 1312 1153">
     <span class='ocr_line' id='line_1_51' title="bbox 988 1125 1312 1153; baseline -0.003 0"><span class='ocrx_word' id='word_1_357' title='bbox 988 1133 1023 1153; x_wconf 84' lang='lat' dir='ltr'><strong>ne</strong></span> <span class='ocrx_word' id='word_1_358' title='bbox 1040 1125 1166 1153; x_wconf 80' lang='lat' dir='ltr'><strong>tenebras</strong></span> <span class='ocrx_word' id='word_1_359' title='bbox 1179 1128 1312 1152; x_wconf 87' lang='lat' dir='ltr'><strong>metuant.</strong></span> 
     </span>
    </p>
   </div>
   <div class='ocr_carea' id='block_1_52' title="bbox 1024 1167 1775 1206">
    <p class='ocr_par' dir='ltr' id='par_1_52' title="bbox 1024 1167 1775 1206">
     <span class='ocr_line' id='line_1_52' title="bbox 1024 1167 1775 1206; baseline -0.005 -8"><span class='ocrx_word' id='word_1_360' title='bbox 1024 1170 1153 1206; x_wconf 80' lang='lat' dir='ltr'><strong>Gregorii.</strong></span> <span class='ocrx_word' id='word_1_361' title='bbox 1169 1184 1203 1190; x_wconf 93' lang='lat'><strong>—</strong></span> <span class='ocrx_word' id='word_1_362' title='bbox 1219 1169 1282 1197; x_wconf 87' lang='lat' dir='ltr'><strong>Post</strong></span> <span class='ocrx_word' id='word_1_363' title='bbox 1293 1169 1388 1197; x_wconf 86' lang='lat' dir='ltr'><strong>datum</strong></span> <span class='ocrx_word' id='word_1_364' title='bbox 1407 1169 1441 1196; x_wconf 90' lang='lat' dir='ltr'><strong>de</strong></span> <span class='ocrx_word' id='word_1_365' title='bbox 1474 1167 1680 1203; x_wconf 87' lang='lat' dir='ltr'><strong>pulchritudine</strong></span> <span class='ocrx_word' id='word_1_366' title='bbox 1696 1168 1775 1194; x_wconf 90' lang='lat' dir='ltr'><strong>testi-</strong></span> 
     </span>
    </p>
   </div>
   <div class='ocr_carea' id='block_1_53' title="bbox 990 1213 1775 1250">
    <p class='ocr_par' dir='ltr' id='par_1_53' title="bbox 990 1213 1775 1250">
     <span class='ocr_line' id='line_1_53' title="bbox 990 1213 1775 1250; baseline -0.006 -6"><span class='ocrx_word' id='word_1_367' title='bbox 990 1217 1125 1247; x_wconf 87' lang='lat' dir='ltr'><strong>monium,</strong></span> <span class='ocrx_word' id='word_1_368' title='bbox 1153 1215 1234 1242; x_wconf 89' lang='lat' dir='ltr'><strong>amici</strong></span> <span class='ocrx_word' id='word_1_369' title='bbox 1250 1215 1351 1249; x_wconf 83' lang='lat' dir='ltr'><strong>Sponsi</strong></span> <span class='ocrx_word' id='word_1_370' title='bbox 1383 1218 1410 1241; x_wconf 90' lang='lat' dir='ltr'><strong>et</strong></span> <span class='ocrx_word' id='word_1_371' title='bbox 1424 1214 1473 1250; x_wconf 87' lang='lat' dir='ltr'><strong>qui</strong></span> <span class='ocrx_word' id='word_1_372' title='bbox 1497 1217 1597 1249; x_wconf 88' lang='lat' dir='ltr'><strong>parant</strong></span> <span class='ocrx_word' id='word_1_373' title='bbox 1626 1213 1775 1240; x_wconf 80' lang='lat' dir='ltr'><strong>thalamum</strong></span> 
     </span>
    </p>
   </div>
   <div class='ocr_carea' id='block_1_54' title="bbox 989 1258 1775 1298">
    <p class='ocr_par' dir='ltr' id='par_1_54' title="bbox 989 1258 1775 1298">
     <span class='ocr_line' id='line_1_54' title="bbox 989 1258 1775 1298; baseline -0.008 -7"><span class='ocrx_word' id='word_1_374' title='bbox 989 1263 1159 1298; x_wconf 87' lang='lat' dir='ltr'><strong>impollutum</strong></span> <span class='ocrx_word' id='word_1_375' title='bbox 1174 1268 1207 1288; x_wconf 86' lang='lat' dir='ltr'><strong>ac</strong></span> <span class='ocrx_word' id='word_1_376' title='bbox 1217 1267 1292 1295; x_wconf 73' lang='lat' dir='ltr'><strong>pune</strong></span> <span class='ocrx_word' id='word_1_377' title='bbox 1309 1260 1426 1295; x_wconf 70' lang='lat' dir='ltr'><strong>Sponsa:</strong></span> <span class='ocrx_word' id='word_1_378' title='bbox 1447 1259 1567 1294; x_wconf 85' lang='lat' dir='ltr'><strong>pronuhi</strong></span> <span class='ocrx_word' id='word_1_379' title='bbox 1582 1258 1736 1286; x_wconf 86' lang='lat' dir='ltr'><strong>ostendunt</strong></span> <span class='ocrx_word' id='word_1_380' title='bbox 1750 1258 1775 1285; x_wconf 85' lang='lat' dir='ltr'><strong>ei</strong></span> 
     </span>
    </p>
   </div>
   <div class='ocr_carea' id='block_1_55' title="bbox 988 1303 1776 1344">
    <p class='ocr_par' dir='ltr' id='par_1_55' title="bbox 988 1303 1776 1344">
     <span class='ocr_line' id='line_1_55' title="bbox 988 1303 1776 1344; baseline -0.009 -7"><span class='ocrx_word' id='word_1_381' title='bbox 988 1308 1087 1344; x_wconf 75' lang='lat' dir='ltr'><strong>regalis</strong></span> <span class='ocrx_word' id='word_1_382' title='bbox 1115 1307 1176 1335; x_wconf 87' lang='lat' dir='ltr'><strong>lecti</strong></span> <span class='ocrx_word' id='word_1_383' title='bbox 1191 1306 1434 1341; x_wconf 88' lang='lat' dir='ltr'><strong>pulchritudinem,</strong></span> <span class='ocrx_word' id='word_1_384' title='bbox 1463 1310 1492 1332; x_wconf 94' lang='lat' dir='ltr'><strong>ut</strong></span> <span class='ocrx_word' id='word_1_385' title='bbox 1505 1305 1642 1340; x_wconf 85' lang='lat' dir='ltr'><strong>Sponsam</strong></span> <span class='ocrx_word' id='word_1_386' title='bbox 1675 1303 1776 1339; x_wconf 74' lang='lat' dir='ltr'><strong>maiori</strong></span> 
     </span>
    </p>
   </div>
   <div class='ocr_carea' id='block_1_56' title="bbox 989 1351 1775 1383">
    <p class='ocr_par' dir='ltr' id='par_1_56' title="bbox 989 1351 1775 1383">
     <span class='ocr_line' id='line_1_56' title="bbox 989 1351 1775 1383; baseline -0.006 -1"><span class='ocrx_word' id='word_1_387' title='bbox 989 1354 1139 1383; x_wconf 82' lang='lat' dir='ltr'><strong>accendant</strong></span> <span class='ocrx_word' id='word_1_388' title='bbox 1154 1352 1292 1380; x_wconf 87' lang='lat' dir='ltr'><strong>desiderio</strong></span> <span class='ocrx_word' id='word_1_389' title='bbox 1305 1352 1404 1379; x_wconf 69' lang='lat' dir='ltr'><strong>divinae</strong></span> <span class='ocrx_word' id='word_1_390' title='bbox 1412 1356 1440 1379; x_wconf 88' lang='lat' dir='ltr'><strong>et</strong></span> <span class='ocrx_word' id='word_1_391' title='bbox 1450 1351 1634 1378; x_wconf 75' lang='lat' dir='ltr'><strong>immaculata:</strong></span> <span class='ocrx_word' id='word_1_392' title='bbox 1648 1358 1711 1378; x_wconf 89' lang='lat' dir='ltr'><strong>eum</strong></span> <span class='ocrx_word' id='word_1_393' title='bbox 1740 1357 1775 1377; x_wconf 88' lang='lat' dir='ltr'><strong>eo</strong></span> 
     </span>
    </p>
   </div>
   <div class='ocr_carea' id='block_1_57' title="bbox 988 1397 1774 1433">
    <p class='ocr_par' dir='ltr' id='par_1_57' title="bbox 988 1397 1774 1433">
     <span class='ocr_line' id='line_1_57' title="bbox 988 1397 1774 1433; baseline -0.005 -5"><span class='ocrx_word' id='word_1_394' title='bbox 988 1402 1052 1429; x_wconf 55' lang='lat' dir='ltr'><strong>vitae</strong></span> <span class='ocrx_word' id='word_1_395' title='bbox 1066 1399 1286 1428; x_wconf 83' lang='lat' dir='ltr'><strong>consuetudinis.</strong></span> <span class='ocrx_word' id='word_1_396' title='bbox 1301 1399 1391 1433; x_wconf 82' lang='lat' dir='ltr'><strong>Atque</strong></span> <span class='ocrx_word' id='word_1_397' title='bbox 1419 1398 1493 1425; x_wconf 89' lang='lat' dir='ltr'><strong>hunc</strong></span> <span class='ocrx_word' id='word_1_398' title='bbox 1507 1398 1619 1432; x_wconf 85' lang='lat' dir='ltr'><strong>quidem</strong></span> <span class='ocrx_word' id='word_1_399' title='bbox 1639 1397 1674 1424; x_wconf 87' lang='lat' dir='ltr'><strong>de</strong></span> <span class='ocrx_word' id='word_1_400' title='bbox 1702 1397 1774 1424; x_wconf 88' lang='lat' dir='ltr'><strong>lecto</strong></span> 
     </span>
    </p>
   </div>
   <div class='ocr_carea' id='block_1_58' title="bbox 988 1444 1778 1479">
    <p class='ocr_par' dir='ltr' id='par_1_58' title="bbox 988 1444 1778 1479">
     <span class='ocr_line' id='line_1_58' title="bbox 988 1444 1778 1479; baseline -0.006 -4"><span class='ocrx_word' id='word_1_401' title='bbox 988 1455 1140 1475; x_wconf 83' lang='lat' dir='ltr'><strong>sermonem</strong></span> <span class='ocrx_word' id='word_1_402' title='bbox 1160 1454 1213 1473; x_wconf 88' lang='lat' dir='ltr'><strong>non</strong></span> <span class='ocrx_word' id='word_1_403' title='bbox 1224 1453 1286 1473; x_wconf 87' lang='lat' dir='ltr'><strong>esse</strong></span> <span class='ocrx_word' id='word_1_404' title='bbox 1300 1453 1332 1472; x_wconf 79' lang='lat' dir='ltr'><strong>ex</strong></span> <span class='ocrx_word' id='word_1_405' title='bbox 1349 1445 1463 1472; x_wconf 88' lang='lat' dir='ltr'><strong>historia</strong></span> <span class='ocrx_word' id='word_1_406' title='bbox 1480 1444 1682 1479; x_wconf 89' lang='lat' dir='ltr'><strong>depromptum,</strong></span> <span class='ocrx_word' id='word_1_407' title='bbox 1703 1446 1778 1478; x_wconf 88' lang='lat' dir='ltr'><strong>patet</strong></span> 
     </span>
    </p>
   </div>
   <div class='ocr_carea' id='block_1_59' title="bbox 988 1490 1777 1527">
    <p class='ocr_par' dir='ltr' id='par_1_59' title="bbox 988 1490 1777 1527">
     <span class='ocr_line' id='line_1_59' title="bbox 988 1490 1777 1527; baseline -0.004 -7"><span class='ocrx_word' id='word_1_408' title='bbox 988 1500 1020 1520; x_wconf 76' lang='lat' dir='ltr'><strong>ex</strong></span> <span class='ocrx_word' id='word_1_409' title='bbox 1035 1493 1069 1520; x_wconf 91' lang='lat' dir='ltr'><strong>iis</strong></span> <span class='ocrx_word' id='word_1_410' title='bbox 1086 1499 1146 1527; x_wconf 67' lang='lat' dir='ltr'><strong>quae</strong></span> <span class='ocrx_word' id='word_1_411' title='bbox 1158 1491 1338 1526; x_wconf 80' lang='lat' dir='ltr'><strong>carporaliter</strong></span> <span class='ocrx_word' id='word_1_412' title='bbox 1346 1490 1379 1517; x_wconf 89' lang='lat' dir='ltr'><strong>de</strong></span> <span class='ocrx_word' id='word_1_413' title='bbox 1392 1490 1541 1518; x_wconf 89' lang='lat' dir='ltr'><strong>Salomone</strong></span> <span class='ocrx_word' id='word_1_414' title='bbox 1557 1490 1682 1518; x_wconf 60' lang='lat' dir='ltr'><strong>historiae</strong></span> <span class='ocrx_word' id='word_1_415' title='bbox 1698 1497 1777 1517; x_wconf 62' lang='lat' dir='ltr'><strong>man«</strong></span> 
     </span>
    </p>
   </div>
   <div class='ocr_carea' id='block_1_60' title="bbox 149 1530 937 1575">
    <p class='ocr_par' dir='ltr' id='par_1_60' title="bbox 149 1530 937 1570">
     <span class='ocr_line' id='line_1_60' title="bbox 149 1530 937 1570; baseline -0.001 -9"><span class='ocrx_word' id='word_1_416' title='bbox 149 1534 213 1570; x_wconf 85' lang='grc' dir='ltr'>περὶ</span> <span class='ocrx_word' id='word_1_417' title='bbox 226 1534 274 1560; x_wconf 79' lang='grc' dir='ltr'>τοῦ</span> <span class='ocrx_word' id='word_1_418' title='bbox 286 1533 464 1568; x_wconf 72' lang='grc' dir='ltr'>Σολομῶντος</span> <span class='ocrx_word' id='word_1_419' title='bbox 481 1532 691 1568; x_wconf 74' lang='grc' dir='ltr'>ἱστορηθέντων,</span> <span class='ocrx_word' id='word_1_420' title='bbox 706 1530 736 1560; x_wconf 80' lang='grc' dir='ltr'><strong>οὗ</strong></span> <span class='ocrx_word' id='word_1_421' title='bbox 751 1533 799 1560; x_wconf 73' lang='grc' dir='ltr'><strong>καὶ</strong></span> <span class='ocrx_word' id='word_1_422' title='bbox 810 1533 845 1560; x_wconf 86' lang='grc' dir='ltr'><strong>τὰ</strong></span> <span class='ocrx_word' id='word_1_423' title='bbox 861 1533 937 1568; x_wconf 83' lang='grc' dir='ltr'>βασί-</span> 
     </span>
    </p>
   </div>
   <div class='ocr_carea' id='block_1_61' title="bbox 991 1530 1777 1575">
    <p class='ocr_par' dir='ltr' id='par_1_61' title="bbox 991 1534 1777 1570">
     <span class='ocr_line' id='line_1_61' title="bbox 991 1534 1777 1570; baseline -0.004 -6"><span class='ocrx_word' id='word_1_424' title='bbox 991 1537 1053 1564; x_wconf 87' lang='lat' dir='ltr'><strong>data</strong></span> <span class='ocrx_word' id='word_1_425' title='bbox 1071 1540 1144 1567; x_wconf 89' lang='lat' dir='ltr'><strong>sunt,</strong></span> <span class='ocrx_word' id='word_1_426' title='bbox 1162 1536 1242 1570; x_wconf 78' lang='lat' dir='ltr'><strong>Cujus</strong></span> <span class='ocrx_word' id='word_1_427' title='bbox 1259 1540 1286 1563; x_wconf 90' lang='lat' dir='ltr'><strong>et</strong></span> <span class='ocrx_word' id='word_1_428' title='bbox 1302 1535 1413 1569; x_wconf 79' lang='lat' dir='ltr'><strong>regalia,</strong></span> <span class='ocrx_word' id='word_1_429' title='bbox 1439 1539 1467 1563; x_wconf 90' lang='lat' dir='ltr'><strong>et</strong></span> <span class='ocrx_word' id='word_1_430' title='bbox 1483 1542 1604 1562; x_wconf 83' lang='lat' dir='ltr'><strong>mensam</strong></span> <span class='ocrx_word' id='word_1_431' title='bbox 1620 1542 1651 1562; x_wconf 82' lang='lat' dir='ltr'><strong>ac</strong></span> <span class='ocrx_word' id='word_1_432' title='bbox 1672 1534 1777 1569; x_wconf 87' lang='lat' dir='ltr'><strong>reliqua</strong></span> 
     </span>
    </p>
   </div>
   <div class='ocr_carea' id='block_1_62' title="bbox 147 1577 938 1613">
    <p class='ocr_par' dir='ltr' id='par_1_62' title="bbox 147 1577 938 1613">
     <span class='ocr_line' id='line_1_62' title="bbox 147 1577 938 1613; baseline 0.001 -8"><span class='ocrx_word' id='word_1_433' title='bbox 147 1579 207 1605; x_wconf 85' lang='grc' dir='ltr'>λεια</span> <span class='ocrx_word' id='word_1_434' title='bbox 224 1580 272 1605; x_wconf 75' lang='grc' dir='ltr'><strong>καὶ</strong></span> <span class='ocrx_word' id='word_1_435' title='bbox 286 1579 336 1613; x_wconf 78' lang='grc' dir='ltr'>τὴν</span> <span class='ocrx_word' id='word_1_436' title='bbox 351 1578 499 1613; x_wconf 77' lang='grc' dir='ltr'>τράπεζαν,</span> <span class='ocrx_word' id='word_1_437' title='bbox 516 1578 562 1605; x_wconf 80' lang='grc' dir='ltr'>καὶ</span> <span class='ocrx_word' id='word_1_438' title='bbox 587 1577 622 1604; x_wconf 81' lang='grc' dir='ltr'>τὰ</span> <span class='ocrx_word' id='word_1_439' title='bbox 647 1578 740 1611; x_wconf 80' lang='grc' dir='ltr'>λοιπὰ,</span> <span class='ocrx_word' id='word_1_440' title='bbox 757 1579 771 1605; x_wconf 78' lang='grc' dir='ltr'><strong>ὀ</strong></span> <span class='ocrx_word' id='word_1_441' title='bbox 783 1578 862 1613; x_wconf 82' lang='grc' dir='ltr'>λόγος</span> <span class='ocrx_word' id='word_1_442' title='bbox 886 1579 938 1606; x_wconf 82' lang='grc' dir='ltr'><strong>ὐπ-</strong></span> 
     </span>
    </p>
   </div>
   <div class='ocr_carea' id='block_1_63' title="bbox 149 1623 939 1660">
    <p class='ocr_par' dir='ltr' id='par_1_63' title="bbox 149 1623 939 1660">
     <span class='ocr_line' id='line_1_63' title="bbox 149 1623 939 1660; baseline -0.001 -9"><span class='ocrx_word' id='word_1_443' title='bbox 149 1624 268 1660; x_wconf 70' lang='grc' dir='ltr'>έγραψεν</span> <span class='ocrx_word' id='word_1_444' title='bbox 285 1624 422 1660; x_wconf 66' lang='grc' dir='ltr'>ἀκριϐῶςθ</span> <span class='ocrx_word' id='word_1_445' title='bbox 439 1623 531 1650; x_wconf 79' lang='grc' dir='ltr'>καινὸν</span> <span class='ocrx_word' id='word_1_446' title='bbox 545 1623 600 1659; x_wconf 82' lang='grc' dir='ltr'>γάρ</span> <span class='ocrx_word' id='word_1_447' title='bbox 610 1632 637 1650; x_wconf 82' lang='grc' dir='ltr'><strong>τι</strong></span> <span class='ocrx_word' id='word_1_448' title='bbox 652 1624 699 1650; x_wconf 73' lang='grc' dir='ltr'><strong>καὶ</strong></span> <span class='ocrx_word' id='word_1_449' title='bbox 713 1623 939 1659; x_wconf 80' lang='grc' dir='ltr'>παρηλλαγμένον</span> 
     </span>
    </p>
   </div>
   <div class='ocr_carea' id='block_1_64' title="bbox 149 1666 939 1704">
    <p class='ocr_par' dir='ltr' id='par_1_64' title="bbox 149 1666 939 1704">
     <span class='ocr_line' id='line_1_64' title="bbox 149 1666 939 1704; baseline -0.003 -8"><span class='ocrx_word' id='word_1_450' title='bbox 149 1671 212 1704; x_wconf 73' lang='grc' dir='ltr'>περὶ</span> <span class='ocrx_word' id='word_1_451' title='bbox 226 1670 277 1704; x_wconf 81' lang='grc' dir='ltr'>τῆς</span> <span class='ocrx_word' id='word_1_452' title='bbox 288 1669 382 1704; x_wconf 86' lang='grc' dir='ltr'>κλίνης</span> <span class='ocrx_word' id='word_1_453' title='bbox 394 1669 471 1695; x_wconf 82' lang='grc' dir='ltr'>οὐδὲν</span> <span class='ocrx_word' id='word_1_454' title='bbox 484 1666 570 1695; x_wconf 74' lang='grc' dir='ltr'>εἶπε).</span> <span class='ocrx_word' id='word_1_455' title='bbox 580 1669 663 1696; x_wconf 82' lang='grc' dir='ltr'>Ὥστε</span> <span class='ocrx_word' id='word_1_456' title='bbox 677 1669 784 1704; x_wconf 83' lang='grc' dir='ltr'>ἀνάγκη</span> <span class='ocrx_word' id='word_1_457' title='bbox 798 1668 835 1704; x_wconf 85' lang='grc' dir='ltr'>μὴ</span> <span class='ocrx_word' id='word_1_458' title='bbox 851 1676 939 1703; x_wconf 85' lang='grc' dir='ltr'>παρα-</span> 
     </span>
    </p>
   </div>
   <div class='ocr_carea' id='block_1_65' title="bbox 149 1713 939 1750">
    <p class='ocr_par' dir='ltr' id='par_1_65' title="bbox 149 1713 939 1750">
     <span class='ocr_line' id='line_1_65' title="bbox 149 1713 939 1750; baseline -0.001 -9"><span class='ocrx_word' id='word_1_459' title='bbox 149 1717 239 1749; x_wconf 85' lang='grc' dir='ltr'>μεῖναι</span> <span class='ocrx_word' id='word_1_460' title='bbox 251 1715 291 1749; x_wconf 86' lang='grc' dir='ltr'>τῷ</span> <span class='ocrx_word' id='word_1_461' title='bbox 307 1715 462 1750; x_wconf 83' lang='grc' dir='ltr'>γράμματι,</span> <span class='ocrx_word' id='word_1_462' title='bbox 478 1714 545 1741; x_wconf 84' lang='grc' dir='ltr'>ἀλλὰ</span> <span class='ocrx_word' id='word_1_463' title='bbox 555 1714 589 1740; x_wconf 85' lang='grc' dir='ltr'>δι’</span> <span class='ocrx_word' id='word_1_464' title='bbox 604 1713 736 1749; x_wconf 78' lang='grc' dir='ltr'>ἀκριόοὗς</span> <span class='ocrx_word' id='word_1_465' title='bbox 748 1715 939 1749; x_wconf 76' lang='grc' dir='ltr'>κατανοήσεως</span> 
     </span>
    </p>
   </div>
   <div class='ocr_carea' id='block_1_66' title="bbox 151 1757 939 1793">
    <p class='ocr_par' dir='ltr' id='par_1_66' title="bbox 151 1757 939 1793">
     <span class='ocr_line' id='line_1_66' title="bbox 151 1757 939 1793; baseline 0 -9"><span class='ocrx_word' id='word_1_466' title='bbox 151 1758 313 1792; x_wconf 73' lang='grc' dir='ltr'>μεταϐαλεῖν</span> <span class='ocrx_word' id='word_1_467' title='bbox 329 1757 375 1784; x_wconf 83' lang='grc' dir='ltr'>τὸν</span> <span class='ocrx_word' id='word_1_468' title='bbox 394 1757 474 1791; x_wconf 84' lang='grc' dir='ltr'>λόγον</span> <span class='ocrx_word' id='word_1_469' title='bbox 491 1758 531 1788; x_wconf 80' lang='lat' dir='ltr'><strong>at;</strong></span> <span class='ocrx_word' id='word_1_470' title='bbox 547 1758 736 1793; x_wconf 86' lang='grc' dir='ltr'>πνευματικὴν</span> <span class='ocrx_word' id='word_1_471' title='bbox 749 1757 876 1792; x_wconf 81' lang='grc' dir='ltr'>θεωρίαν,</span> <span class='ocrx_word' id='word_1_472' title='bbox 888 1757 939 1792; x_wconf 80' lang='grc' dir='ltr'>τῆς</span> 
     </span>
    </p>
   </div>
   <div class='ocr_carea' id='block_1_67' title="bbox 148 1803 939 1838">
    <p class='ocr_par' dir='ltr' id='par_1_67' title="bbox 148 1803 939 1838">
     <span class='ocr_line' id='line_1_67' title="bbox 148 1803 939 1838; baseline 0.001 -9"><span class='ocrx_word' id='word_1_473' title='bbox 148 1803 245 1838; x_wconf 76' lang='grc' dir='ltr'>ὑλικῆς</span> <span class='ocrx_word' id='word_1_474' title='bbox 257 1803 405 1838; x_wconf 74' lang='grc' dir='ltr'>ἐμφάσεως</span> <span class='ocrx_word' id='word_1_475' title='bbox 421 1803 467 1829; x_wconf 76' lang='grc' dir='ltr'>τὸν</span> <span class='ocrx_word' id='word_1_476' title='bbox 490 1803 553 1830; x_wconf 81' lang='grc' dir='ltr'>νοῦν</span> <span class='ocrx_word' id='word_1_477' title='bbox 577 1804 783 1838; x_wconf 80' lang='grc' dir='ltr'>ἀποστήσαντες</span> <span class='ocrx_word' id='word_1_478' title='bbox 795 1813 801 1820; x_wconf 90' lang='grc'><strong>·</strong></span> <span class='ocrx_word' id='word_1_479' title='bbox 822 1803 894 1830; x_wconf 75' lang='grc' dir='ltr'>ἔοικε</span> <span class='ocrx_word' id='word_1_480' title='bbox 910 1803 939 1830; x_wconf 80' lang='grc' dir='ltr'>τὸ</span> 
     </span>
    </p>
   </div>
   <div class='ocr_carea' id='block_1_68' title="bbox 149 1849 939 1884">
    <p class='ocr_par' dir='ltr' id='par_1_68' title="bbox 149 1849 939 1884">
     <span class='ocr_line' id='line_1_68' title="bbox 149 1849 939 1884; baseline 0.001 -9"><span class='ocrx_word' id='word_1_481' title='bbox 149 1849 221 1875; x_wconf 81' lang='grc' dir='ltr'>θεῖον</span> <span class='ocrx_word' id='word_1_482' title='bbox 236 1849 345 1881; x_wconf 77' lang='grc' dir='ltr'>κάλλος,</span> <span class='ocrx_word' id='word_1_483' title='bbox 361 1850 391 1876; x_wconf 85' lang='grc' dir='ltr'>ὲν</span> <span class='ocrx_word' id='word_1_484' title='bbox 404 1849 444 1884; x_wconf 89' lang='grc' dir='ltr'><strong>τῷ</strong></span> <span class='ocrx_word' id='word_1_485' title='bbox 461 1849 569 1884; x_wconf 73' lang='grc' dir='ltr'>φοϐερῴ</span> <span class='ocrx_word' id='word_1_486' title='bbox 581 1849 611 1875; x_wconf 71' lang='grc' dir='ltr'>τὸ</span> <span class='ocrx_word' id='word_1_487' title='bbox 629 1850 762 1884; x_wconf 77' lang='grc' dir='ltr'>ἐράσμιον</span> <span class='ocrx_word' id='word_1_488' title='bbox 785 1850 868 1884; x_wconf 78' lang='grc' dir='ltr'>ἔχειν,</span> <span class='ocrx_word' id='word_1_489' title='bbox 886 1849 939 1876; x_wconf 80' lang='grc' dir='ltr'>ἀπὸ</span> 
     </span>
    </p>
   </div>
   <div class='ocr_carea' id='block_1_69' title="bbox 146 1895 937 1931">
    <p class='ocr_par' dir='ltr' id='par_1_69' title="bbox 146 1895 937 1931">
     <span class='ocr_line' id='line_1_69' title="bbox 146 1895 937 1931; baseline 0.001 -9"><span class='ocrx_word' id='word_1_490' title='bbox 146 1896 202 1922; x_wconf 85' lang='grc' dir='ltr'><strong>τῶν</strong></span> <span class='ocrx_word' id='word_1_491' title='bbox 231 1896 362 1922; x_wconf 79' lang='grc' dir='ltr'>ἐναντίων</span> <span class='ocrx_word' id='word_1_492' title='bbox 383 1895 422 1931; x_wconf 83' lang='grc' dir='ltr'><strong>τῷ</strong></span> <span class='ocrx_word' id='word_1_493' title='bbox 451 1896 599 1930; x_wconf 78' lang='grc' dir='ltr'>σωματικῷ</span> <span class='ocrx_word' id='word_1_494' title='bbox 624 1896 718 1922; x_wconf 83' lang='grc' dir='ltr'>κάλλει</span> <span class='ocrx_word' id='word_1_495' title='bbox 743 1896 937 1931; x_wconf 85' lang='grc' dir='ltr'>δεικνύμενον.</span> 
     </span>
    </p>
   </div>
   <div class='ocr_carea' id='block_1_70' title="bbox 153 1941 940 1978">
    <p class='ocr_par' dir='ltr' id='par_1_70' title="bbox 153 1941 940 1978">
     <span class='ocr_line' id='line_1_70' title="bbox 153 1941 940 1978; baseline 0.001 -11"><span class='ocrx_word' id='word_1_496' title='bbox 153 1941 262 1976; x_wconf 78' lang='grc' dir='ltr'><strong>Ἐπειδὴ</strong></span> <span class='ocrx_word' id='word_1_497' title='bbox 279 1941 334 1976; x_wconf 71' lang='grc' dir='ltr'>γὰρ</span> <span class='ocrx_word' id='word_1_498' title='bbox 346 1942 364 1976; x_wconf 79' lang='grc' dir='ltr'>ἡ</span> <span class='ocrx_word' id='word_1_499' title='bbox 375 1941 502 1976; x_wconf 75' lang='grc' dir='ltr'>ἐμπαθὴς</span> <span class='ocrx_word' id='word_1_500' title='bbox 515 1941 569 1968; x_wconf 85' lang='grc' dir='ltr'><strong>τῶν</strong></span> <span class='ocrx_word' id='word_1_501' title='bbox 582 1942 715 1976; x_wconf 84' lang='grc' dir='ltr'>σωμάτων</span> <span class='ocrx_word' id='word_1_502' title='bbox 726 1941 858 1978; x_wconf 80' lang='grc' dir='ltr'>ἐπιθυμία</span> <span class='ocrx_word' id='word_1_503' title='bbox 884 1943 940 1973; x_wconf 85' lang='grc' dir='ltr'>τοῖς</span> 
     </span>
    </p>
   </div>
   <div class='ocr_carea' id='block_1_71' title="bbox 146 1986 940 2022">
    <p class='ocr_par' dir='ltr' id='par_1_71' title="bbox 146 1986 940 2022">
     <span class='ocr_line' id='line_1_71' title="bbox 146 1986 940 2022; baseline 0.003 -10"><span class='ocrx_word' id='word_1_504' title='bbox 146 1988 196 2022; x_wconf 72' lang='grc' dir='ltr'>τῆς</span> <span class='ocrx_word' id='word_1_505' title='bbox 212 1987 312 2021; x_wconf 79' lang='grc' dir='ltr'>σαρκὸς</span> <span class='ocrx_word' id='word_1_506' title='bbox 329 1986 438 2021; x_wconf 81' lang='grc' dir='ltr'>μέλεσιν</span> <span class='ocrx_word' id='word_1_507' title='bbox 456 1986 644 2022; x_wconf 78' lang='grc' dir='ltr'>ἐγκαθημένη.</span> <span class='ocrx_word' id='word_1_508' title='bbox 661 1986 789 2022; x_wconf 84' lang='grc' dir='ltr'>καθάπερ</span> <span class='ocrx_word' id='word_1_509' title='bbox 801 1996 827 2014; x_wconf 87' lang='grc' dir='ltr'><strong>τι</strong></span> <span class='ocrx_word' id='word_1_510' title='bbox 843 1987 940 2014; x_wconf 80' lang='grc' dir='ltr'>σύντα-</span> 
     </span>
    </p>
   </div>
   <div class='ocr_carea' id='block_1_72' title="bbox 147 2032 939 2068">
    <p class='ocr_par' dir='ltr' id='par_1_72' title="bbox 147 2032 939 2068">
     <span class='ocr_line' id='line_1_72' title="bbox 147 2032 939 2068; baseline 0.001 -10"><span class='ocrx_word' id='word_1_511' title='bbox 147 2041 206 2067; x_wconf 87' lang='grc' dir='ltr'><strong>γμα</strong></span> <span class='ocrx_word' id='word_1_512' title='bbox 233 2032 379 2068; x_wconf 72' lang='grc' dir='ltr'>λῃστρικὸν</span> <span class='ocrx_word' id='word_1_513' title='bbox 396 2032 532 2067; x_wconf 78' lang='grc' dir='ltr'>ὲνεδρεύει</span> <span class='ocrx_word' id='word_1_514' title='bbox 544 2033 590 2059; x_wconf 83' lang='grc' dir='ltr'><strong>τὸν</strong></span> <span class='ocrx_word' id='word_1_515' title='bbox 609 2032 672 2059; x_wconf 82' lang='grc' dir='ltr'><strong>νοῦν</strong></span> <span class='ocrx_word' id='word_1_516' title='bbox 693 2033 740 2060; x_wconf 73' lang='grc' dir='ltr'><strong>καὶ</strong></span> <span class='ocrx_word' id='word_1_517' title='bbox 764 2033 939 2068; x_wconf 75' lang='grc' dir='ltr'>αἰχμάλωτον</span> 
     </span>
    </p>
   </div>
   <div class='ocr_carea' id='block_1_73' title="bbox 146 2077 940 2114">
    <p class='ocr_par' dir='ltr' id='par_1_73' title="bbox 146 2077 940 2114">
     <span class='ocr_line' id='line_1_73' title="bbox 146 2077 940 2114; baseline 0.001 -10"><span class='ocrx_word' id='word_1_518' title='bbox 146 2078 220 2111; x_wconf 80' lang='grc' dir='ltr'>ἄγει.</span> <span class='ocrx_word' id='word_1_519' title='bbox 236 2077 303 2112; x_wconf 72' lang='grc' dir='ltr'>πρὸς</span> <span class='ocrx_word' id='word_1_520' title='bbox 331 2078 363 2103; x_wconf 74' lang='grc' dir='ltr'>τὸ</span> <span class='ocrx_word' id='word_1_521' title='bbox 392 2078 490 2113; x_wconf 78' lang='grc' dir='ltr'>ἑαυτῆς</span> <span class='ocrx_word' id='word_1_522' title='bbox 519 2077 644 2113; x_wconf 85' lang='grc' dir='ltr'>βούλημα</span> <span class='ocrx_word' id='word_1_523' title='bbox 660 2079 860 2114; x_wconf 82' lang='grc' dir='ltr'>συναρπάσασα</span> <span class='ocrx_word' id='word_1_524' title='bbox 872 2099 879 2111; x_wconf 90' lang='grc'><strong>,</strong></span> <span class='ocrx_word' id='word_1_525' title='bbox 895 2079 940 2105; x_wconf 83' lang='grc' dir='ltr'><strong>διὰ</strong></span> 
     </span>
    </p>
   </div>
   <div class='ocr_carea' id='block_1_74' title="bbox 146 2121 940 2158">
    <p class='ocr_par' dir='ltr' id='par_1_74' title="bbox 146 2121 940 2158">
     <span class='ocr_line' id='line_1_74' title="bbox 146 2121 940 2158; baseline 0.003 -10"><span class='ocrx_word' id='word_1_526' title='bbox 146 2121 226 2148; x_wconf 79' lang='grc' dir='ltr'>τοῦτο</span> <span class='ocrx_word' id='word_1_527' title='bbox 239 2121 387 2148; x_wconf 83' lang='grc' dir='ltr'>ἀκόλουθόν</span> <span class='ocrx_word' id='word_1_528' title='bbox 403 2121 477 2148; x_wconf 80' lang='grc' dir='ltr'>ἐστιν</span> <span class='ocrx_word' id='word_1_529' title='bbox 504 2123 536 2149; x_wconf 83' lang='grc' dir='ltr'>ὲκ</span> <span class='ocrx_word' id='word_1_530' title='bbox 551 2122 607 2148; x_wconf 84' lang='grc' dir='ltr'><strong>τῶν</strong></span> <span class='ocrx_word' id='word_1_531' title='bbox 624 2122 755 2149; x_wconf 75' lang='grc' dir='ltr'>ἐναντίων</span> <span class='ocrx_word' id='word_1_532' title='bbox 772 2123 822 2157; x_wconf 79' lang='grc' dir='ltr'>τῆς</span> <span class='ocrx_word' id='word_1_533' title='bbox 845 2132 940 2158; x_wconf 89' lang='grc' dir='ltr'>σωμα-</span> 
     </span>
    </p>
   </div>
   <div class='ocr_carea' id='block_1_75' title="bbox 145 2168 936 2204">
    <p class='ocr_par' dir='ltr' id='par_1_75' title="bbox 145 2168 936 2204">
     <span class='ocr_line' id='line_1_75' title="bbox 145 2168 936 2204; baseline 0.001 -9"><span class='ocrx_word' id='word_1_534' title='bbox 145 2169 227 2202; x_wconf 85' lang='grc' dir='ltr'>τικῆς</span> <span class='ocrx_word' id='word_1_535' title='bbox 240 2168 386 2198; x_wconf 80' lang='grc' dir='ltr'>διαθέσεως</span> <span class='ocrx_word' id='word_1_536' title='bbox 402 2168 448 2194; x_wconf 83' lang='grc' dir='ltr'>τὸν</span> <span class='ocrx_word' id='word_1_537' title='bbox 463 2168 534 2195; x_wconf 85' lang='grc' dir='ltr'>θεῖον</span> <span class='ocrx_word' id='word_1_538' title='bbox 556 2168 647 2204; x_wconf 80' lang='grc' dir='ltr'>ἔρωτα</span> <span class='ocrx_word' id='word_1_539' title='bbox 662 2169 804 2202; x_wconf 83' lang='grc' dir='ltr'>γίνεσθαι·</span> <span class='ocrx_word' id='word_1_540' title='bbox 824 2169 895 2196; x_wconf 83' lang='grc' dir='ltr'>ὥστε</span> <span class='ocrx_word' id='word_1_541' title='bbox 912 2170 936 2196; x_wconf 80' lang='lat' dir='ltr'><strong>sl</strong></span> 
     </span>
    </p>
   </div>
   <div class='ocr_carea' id='block_1_76' title="bbox 145 2213 939 2251">
    <p class='ocr_par' dir='ltr' id='par_1_76' title="bbox 145 2213 939 2251">
     <span class='ocr_line' id='line_1_76' title="bbox 145 2213 939 2251; baseline 0.004 -12"><span class='ocrx_word' id='word_1_542' title='bbox 145 2214 178 2240; x_wconf 78' lang='grc' dir='ltr'>ἐκ</span> <span class='ocrx_word' id='word_1_543' title='bbox 192 2213 296 2248; x_wconf 82' lang='grc' dir='ltr'>ταύτης</span> <span class='ocrx_word' id='word_1_544' title='bbox 324 2213 428 2247; x_wconf 82' lang='grc' dir='ltr'>γίνεται</span> <span class='ocrx_word' id='word_1_545' title='bbox 452 2213 531 2245; x_wconf 87' lang='grc' dir='ltr'>λύσις</span> <span class='ocrx_word' id='word_1_546' title='bbox 556 2214 602 2240; x_wconf 78' lang='grc' dir='ltr'><strong>καὶ</strong></span> <span class='ocrx_word' id='word_1_547' title='bbox 621 2215 713 2246; x_wconf 75' lang='grc' dir='ltr'>ἄνεσις</span> <span class='ocrx_word' id='word_1_548' title='bbox 738 2215 786 2242; x_wconf 77' lang='grc' dir='ltr'><strong>καὶ</strong></span> <span class='ocrx_word' id='word_1_549' title='bbox 800 2215 939 2251; x_wconf 83' lang='grc' dir='ltr'>βλακώδης</span> 
     </span>
    </p>
   </div>
   <div class='ocr_carea' id='block_1_77' title="bbox 145 2261 938 2296">
    <p class='ocr_par' dir='ltr' id='par_1_77' title="bbox 145 2261 938 2296">
     <span class='ocr_line' id='line_1_77' title="bbox 145 2261 938 2296; baseline 0.003 -9"><span class='ocrx_word' id='word_1_550' title='bbox 145 2261 276 2293; x_wconf 79' lang='grc' dir='ltr'>διάθεσις,</span> <span class='ocrx_word' id='word_1_551' title='bbox 291 2262 349 2288; x_wconf 74' lang='grc' dir='ltr'>ἐκεῖ</span> <span class='ocrx_word' id='word_1_552' title='bbox 364 2261 413 2296; x_wconf 83' lang='grc' dir='ltr'>τὴν</span> <span class='ocrx_word' id='word_1_553' title='bbox 440 2262 486 2288; x_wconf 73' lang='grc' dir='ltr'><strong>ἐπὶ</strong></span> <span class='ocrx_word' id='word_1_554' title='bbox 512 2261 596 2295; x_wconf 77' lang='grc' dir='ltr'>φόϐον</span> <span class='ocrx_word' id='word_1_555' title='bbox 616 2270 646 2288; x_wconf 82' lang='grc' dir='ltr'><strong>τε</strong></span> <span class='ocrx_word' id='word_1_556' title='bbox 660 2263 708 2288; x_wconf 74' lang='grc' dir='ltr'>καὶ</span> <span class='ocrx_word' id='word_1_557' title='bbox 728 2262 938 2295; x_wconf 77' lang='grc' dir='ltr'>ἀκατάπληκτον</span> 
     </span>
    </p>
   </div>
   <div class='ocr_carea' id='block_1_78' title="bbox 147 2305 938 2343">
    <p class='ocr_par' dir='ltr' id='par_1_78' title="bbox 147 2305 938 2343">
     <span class='ocr_line' id='line_1_78' title="bbox 147 2305 938 2343; baseline 0.003 -11"><span class='ocrx_word' id='word_1_558' title='bbox 147 2306 284 2340; x_wconf 74' lang='grc' dir='ltr'>ἀνδρείαν,</span> <span class='ocrx_word' id='word_1_559' title='bbox 304 2305 372 2341; x_wconf 78' lang='grc' dir='ltr'>ὓλην</span> <span class='ocrx_word' id='word_1_560' title='bbox 388 2306 435 2332; x_wconf 78' lang='grc' dir='ltr'><strong>τοῦ</strong></span> <span class='ocrx_word' id='word_1_561' title='bbox 453 2306 525 2332; x_wconf 81' lang='grc' dir='ltr'>θείου</span> <span class='ocrx_word' id='word_1_562' title='bbox 537 2305 636 2341; x_wconf 76' lang='grc' dir='ltr'>ἔρωτος</span> <span class='ocrx_word' id='word_1_563' title='bbox 656 2306 799 2340; x_wconf 84' lang='grc' dir='ltr'>γίνεσθαι·</span> <span class='ocrx_word' id='word_1_564' title='bbox 821 2307 868 2333; x_wconf 80' lang='grc' dir='ltr'><strong>τοῦ</strong></span> <span class='ocrx_word' id='word_1_565' title='bbox 883 2307 938 2343; x_wconf 79' lang='grc' dir='ltr'>γὰρ</span> 
     </span>
    </p>
   </div>
   <div class='ocr_carea' id='block_1_79' title="bbox 146 2351 937 2389">
    <p class='ocr_par' dir='ltr' id='par_1_79' title="bbox 146 2351 937 2389">
     <span class='ocr_line' id='line_1_79' title="bbox 146 2351 937 2389; baseline 0 -11"><span class='ocrx_word' id='word_1_566' title='bbox 146 2351 298 2387; x_wconf 75' lang='grc' dir='ltr'>ἀνδρώδους</span> <span class='ocrx_word' id='word_1_567' title='bbox 312 2352 400 2387; x_wconf 82' lang='grc' dir='ltr'>θυμοῦ</span> <span class='ocrx_word' id='word_1_568' title='bbox 416 2352 461 2378; x_wconf 79' lang='grc' dir='ltr'>τὸν</span> <span class='ocrx_word' id='word_1_569' title='bbox 483 2352 534 2387; x_wconf 86' lang='grc' dir='ltr'><strong>τῆς</strong></span> <span class='ocrx_word' id='word_1_570' title='bbox 562 2352 662 2388; x_wconf 77' lang='grc' dir='ltr'>ἡδονῆς</span> <span class='ocrx_word' id='word_1_571' title='bbox 686 2353 765 2386; x_wconf 83' lang='grc' dir='ltr'>λόγον</span> <span class='ocrx_word' id='word_1_572' title='bbox 779 2354 937 2389; x_wconf 83' lang='grc' dir='ltr'>καταπτοή-</span> 
     </span>
    </p>
   </div>
   <div class='ocr_carea' id='block_1_80' title="bbox 147 2397 938 2434">
    <p class='ocr_par' dir='ltr' id='par_1_80' title="bbox 147 2397 938 2434">
     <span class='ocr_line' id='line_1_80' title="bbox 147 2397 938 2434; baseline 0.001 -9"><span class='ocrx_word' id='word_1_573' title='bbox 147 2399 242 2430; x_wconf 75' lang='grc' dir='ltr'>σαντὸς</span> <span class='ocrx_word' id='word_1_574' title='bbox 261 2407 291 2425; x_wconf 85' lang='grc' dir='ltr'><strong>τε</strong></span> <span class='ocrx_word' id='word_1_575' title='bbox 309 2399 356 2425; x_wconf 79' lang='grc' dir='ltr'>καὶ</span> <span class='ocrx_word' id='word_1_576' title='bbox 372 2397 602 2432; x_wconf 70' lang='grc' dir='ltr'>φυγαδεύσαντος,</span> <span class='ocrx_word' id='word_1_577' title='bbox 621 2398 694 2425; x_wconf 75' lang='grc' dir='ltr'>οὕτω</span> <span class='ocrx_word' id='word_1_578' title='bbox 706 2399 737 2425; x_wconf 71' lang='grc' dir='ltr'>τὸ</span> <span class='ocrx_word' id='word_1_579' title='bbox 752 2398 873 2434; x_wconf 76' lang='grc' dir='ltr'>καθαρὸν</span> <span class='ocrx_word' id='word_1_580' title='bbox 888 2400 938 2434; x_wconf 78' lang='grc' dir='ltr'><strong>τῆς</strong></span> 
     </span>
    </p>
   </div>
   <div class='ocr_carea' id='block_1_81' title="bbox 145 2444 939 2480">
    <p class='ocr_par' dir='ltr' id='par_1_81' title="bbox 145 2444 939 2480">
     <span class='ocr_line' id='line_1_81' title="bbox 145 2444 939 2480; baseline 0.001 -10"><span class='ocrx_word' id='word_1_581' title='bbox 145 2445 237 2479; x_wconf 72' lang='grc' dir='ltr'>ψυχῆς</span> <span class='ocrx_word' id='word_1_582' title='bbox 248 2444 427 2479; x_wconf 76' lang='grc' dir='ltr'>ἀναφαίνεται</span> <span class='ocrx_word' id='word_1_583' title='bbox 445 2444 554 2476; x_wconf 80' lang='grc' dir='ltr'>κάλλος,</span> <span class='ocrx_word' id='word_1_584' title='bbox 569 2445 665 2480; x_wconf 75' lang='grc' dir='ltr'>μηδενὶ</span> <span class='ocrx_word' id='word_1_585' title='bbox 683 2445 766 2472; x_wconf 82' lang='grc' dir='ltr'>πάθει</span> <span class='ocrx_word' id='word_1_586' title='bbox 779 2446 939 2480; x_wconf 80' lang='grc' dir='ltr'>σωματικῆς</span> 
     </span>
    </p>
   </div>
   <div class='ocr_carea' id='block_1_82' title="bbox 146 2490 938 2525">
    <p class='ocr_par' dir='ltr' id='par_1_82' title="bbox 146 2490 938 2525">
     <span class='ocr_line' id='line_1_82' title="bbox 146 2490 938 2525; baseline 0 -9"><span class='ocrx_word' id='word_1_587' title='bbox 146 2490 295 2524; x_wconf 67' lang='grc' dir='ltr'>ἐπιθυμίας</span> <span class='ocrx_word' id='word_1_588' title='bbox 321 2490 594 2525; x_wconf 73' lang='grc' dir='ltr'>καταῤῥυπούμενον,</span> <span class='ocrx_word' id='word_1_589' title='bbox 620 2491 726 2517; x_wconf 68' lang='grc' dir='ltr'>Οὐκοῦν</span> <span class='ocrx_word' id='word_1_590' title='bbox 749 2491 906 2525; x_wconf 84' lang='grc' dir='ltr'>ἀναγκαίως</span> <span class='ocrx_word' id='word_1_591' title='bbox 920 2492 938 2525; x_wconf 77' lang='grc' dir='ltr'>ἡ</span> 
     </span>
    </p>
   </div>
   <div class='ocr_carea' id='block_1_83' title="bbox 146 2535 940 2570">
    <p class='ocr_par' dir='ltr' id='par_1_83' title="bbox 146 2535 940 2570">
     <span class='ocr_line' id='line_1_83' title="bbox 146 2535 940 2570; baseline 0.001 -9"><span class='ocrx_word' id='word_1_592' title='bbox 146 2535 271 2570; x_wconf 75' lang='grc' dir='ltr'>νυμφική</span> <span class='ocrx_word' id='word_1_593' title='bbox 289 2535 336 2561; x_wconf 82' lang='grc' dir='ltr'><strong>τοῦ</strong></span> <span class='ocrx_word' id='word_1_594' title='bbox 353 2535 488 2569; x_wconf 76' lang='grc' dir='ltr'>βασιλέως</span> <span class='ocrx_word' id='word_1_595' title='bbox 502 2535 592 2570; x_wconf 85' lang='grc' dir='ltr'>κλίνη,</span> <span class='ocrx_word' id='word_1_596' title='bbox 618 2537 675 2567; x_wconf 84' lang='grc' dir='ltr'>τοῖς</span> <span class='ocrx_word' id='word_1_597' title='bbox 691 2536 815 2568; x_wconf 83' lang='grc' dir='ltr'>ὁπλίταις</span> <span class='ocrx_word' id='word_1_598' title='bbox 843 2537 873 2562; x_wconf 86' lang='grc' dir='ltr'>ὲν</span> <span class='ocrx_word' id='word_1_599' title='bbox 890 2535 940 2562; x_wconf 90' lang='grc' dir='ltr'>κύ-</span> 
     </span>
    </p>
   </div>
   <div class='ocr_carea' id='block_1_84' title="bbox 147 2577 938 2617">
    <p class='ocr_par' dir='ltr' id='par_1_84' title="bbox 147 2577 938 2617">
     <span class='ocr_line' id='line_1_84' title="bbox 147 2577 938 2617; baseline 0.003 -11"><span class='ocrx_word' id='word_1_600' title='bbox 147 2581 205 2616; x_wconf 81' lang='grc' dir='ltr'>κλῳ</span> <span class='ocrx_word' id='word_1_601' title='bbox 228 2581 459 2614; x_wconf 69' lang='grc' dir='ltr'>διαλαμϐάνεται·</span> <span class='ocrx_word' id='word_1_602' title='bbox 484 2577 522 2607; x_wconf 84' lang='grc' dir='ltr'>ὢν</span> <span class='ocrx_word' id='word_1_603' title='bbox 546 2581 563 2616; x_wconf 86' lang='grc' dir='ltr'>ἠ</span> <span class='ocrx_word' id='word_1_604' title='bbox 579 2580 626 2607; x_wconf 72' lang='grc' dir='ltr'><strong>τοῦ</strong></span> <span class='ocrx_word' id='word_1_605' title='bbox 642 2581 770 2616; x_wconf 82' lang='grc' dir='ltr'>πολεμεῖν</span> <span class='ocrx_word' id='word_1_606' title='bbox 795 2581 938 2617; x_wconf 76' lang='grc' dir='ltr'>ἐμπειρία,</span> 
     </span>
    </p>
   </div>
   <div class='ocr_carea' id='block_1_85' title="bbox 147 2625 937 2662">
    <p class='ocr_par' dir='ltr' id='par_1_85' title="bbox 147 2625 937 2662">
     <span class='ocr_line' id='line_1_85' title="bbox 147 2625 937 2662; baseline -0.001 -8"><span class='ocrx_word' id='word_1_607' title='bbox 147 2628 196 2654; x_wconf 75' lang='grc' dir='ltr'>καὶ</span> <span class='ocrx_word' id='word_1_608' title='bbox 213 2627 244 2653; x_wconf 69' lang='grc' dir='ltr'>τὸ</span> <span class='ocrx_word' id='word_1_609' title='bbox 255 2627 404 2662; x_wconf 69' lang='grc' dir='ltr'>πρόχειρον</span> <span class='ocrx_word' id='word_1_610' title='bbox 418 2627 491 2661; x_wconf 75' lang='grc' dir='ltr'>ἔχειν</span> <span class='ocrx_word' id='word_1_611' title='bbox 502 2627 549 2652; x_wconf 71' lang='grc' dir='ltr'><strong>ἐπὶ</strong></span> <span class='ocrx_word' id='word_1_612' title='bbox 562 2625 610 2653; x_wconf 82' lang='grc' dir='ltr'>τοῦ</span> <span class='ocrx_word' id='word_1_613' title='bbox 623 2627 713 2662; x_wconf 77' lang='grc' dir='ltr'>μηροῦ</span> <span class='ocrx_word' id='word_1_614' title='bbox 724 2627 774 2662; x_wconf 82' lang='grc' dir='ltr'>τὴν</span> <span class='ocrx_word' id='word_1_615' title='bbox 791 2627 937 2662; x_wconf 79' lang='grc' dir='ltr'>ῥομφαίαν,</span> 
     </span>
    </p>
   </div>
   <div class='ocr_carea' id='block_1_86' title="bbox 148 2672 940 2708">
    <p class='ocr_par' dir='ltr' id='par_1_86' title="bbox 148 2672 940 2708">
     <span class='ocr_line' id='line_1_86' title="bbox 148 2672 940 2708; baseline 0 -9"><span class='ocrx_word' id='word_1_616' title='bbox 148 2673 254 2708; x_wconf 75' lang='grc' dir='ltr'>θάμϐος</span> <span class='ocrx_word' id='word_1_617' title='bbox 271 2674 318 2698; x_wconf 77' lang='grc' dir='ltr'>καὶ</span> <span class='ocrx_word' id='word_1_618' title='bbox 332 2672 462 2707; x_wconf 75' lang='grc' dir='ltr'>ἔκπληξιν</span> <span class='ocrx_word' id='word_1_619' title='bbox 480 2673 590 2708; x_wconf 74' lang='grc' dir='ltr'>ἐμποιεῖ</span> <span class='ocrx_word' id='word_1_620' title='bbox 614 2674 672 2704; x_wconf 88' lang='grc' dir='ltr'>τοῖς</span> <span class='ocrx_word' id='word_1_621' title='bbox 696 2674 844 2704; x_wconf 85' lang='grc' dir='ltr'>σκοτεινοῖς</span> <span class='ocrx_word' id='word_1_622' title='bbox 866 2673 940 2707; x_wconf 87' lang='grc' dir='ltr'>λογι-</span> 
     </span>
    </p>
   </div>
   <div class='ocr_carea' id='block_1_87' title="bbox 147 2718 937 2755">
    <p class='ocr_par' dir='ltr' id='par_1_87' title="bbox 147 2718 937 2755">
     <span class='ocr_line' id='line_1_87' title="bbox 147 2718 937 2755; baseline 0.001 -10"><span class='ocrx_word' id='word_1_623' title='bbox 147 2720 240 2754; x_wconf 78' lang='grc' dir='ltr'>σμοῖς,</span> <span class='ocrx_word' id='word_1_624' title='bbox 253 2720 308 2750; x_wconf 76' lang='grc' dir='ltr'>τοῖς</span> <span class='ocrx_word' id='word_1_625' title='bbox 319 2718 348 2745; x_wconf 83' lang='grc' dir='ltr'>ὲν</span> <span class='ocrx_word' id='word_1_626' title='bbox 364 2719 421 2751; x_wconf 80' lang='grc' dir='ltr'>νυξί</span> <span class='ocrx_word' id='word_1_627' title='bbox 433 2727 463 2744; x_wconf 84' lang='grc' dir='ltr'><strong>τε</strong></span> <span class='ocrx_word' id='word_1_628' title='bbox 480 2719 528 2746; x_wconf 77' lang='grc' dir='ltr'><strong>καὶ</strong></span> <span class='ocrx_word' id='word_1_629' title='bbox 543 2719 698 2754; x_wconf 77' lang='grc' dir='ltr'>σκοτομήνῃ</span> <span class='ocrx_word' id='word_1_630' title='bbox 716 2719 773 2750; x_wconf 81' lang='grc' dir='ltr'>τοῖς</span> <span class='ocrx_word' id='word_1_631' title='bbox 788 2719 879 2745; x_wconf 83' lang='grc' dir='ltr'>εύθέσι</span> <span class='ocrx_word' id='word_1_632' title='bbox 904 2721 937 2755; x_wconf 84' lang='grc' dir='ltr'>τῇ</span> 
     </span>
    </p>
   </div>
   <div class='ocr_carea' id='block_1_88' title="bbox 990 1580 1778 1617">
    <p class='ocr_par' dir='ltr' id='par_1_88' title="bbox 990 1580 1778 1617">
     <span class='ocr_line' id='line_1_88' title="bbox 990 1580 1778 1617; baseline -0.003 -7"><span class='ocrx_word' id='word_1_633' title='bbox 990 1583 1059 1610; x_wconf 89' lang='lat' dir='ltr'><strong>liber</strong></span> <span class='ocrx_word' id='word_1_634' title='bbox 1076 1582 1178 1617; x_wconf 77' lang='lat' dir='ltr'><strong>Regum</strong></span> <span class='ocrx_word' id='word_1_635' title='bbox 1197 1585 1324 1608; x_wconf 84' lang='lat' dir='ltr'><strong>accurate</strong></span> <span class='ocrx_word' id='word_1_636' title='bbox 1349 1580 1519 1616; x_wconf 85' lang='lat' dir='ltr'><strong>descripsit:</strong></span> <span class='ocrx_word' id='word_1_637' title='bbox 1542 1580 1606 1607; x_wconf 89' lang='lat' dir='ltr'><strong>novi</strong></span> <span class='ocrx_word' id='word_1_638' title='bbox 1627 1584 1718 1608; x_wconf 79' lang='lat' dir='ltr'><strong>autem</strong></span> <span class='ocrx_word' id='word_1_639' title='bbox 1751 1584 1778 1608; x_wconf 87' lang='lat' dir='ltr'><strong>et</strong></span> 
     </span>
    </p>
   </div>
   <div class='ocr_carea' id='block_1_89' title="bbox 990 1626 1777 1660">
    <p class='ocr_par' dir='ltr' id='par_1_89' title="bbox 990 1626 1777 1660">
     <span class='ocr_line' id='line_1_89' title="bbox 990 1626 1777 1660; baseline -0.004 -5"><span class='ocrx_word' id='word_1_640' title='bbox 990 1627 1094 1656; x_wconf 81' lang='lat' dir='ltr'><strong>diversi</strong></span> <span class='ocrx_word' id='word_1_641' title='bbox 1116 1627 1149 1654; x_wconf 90' lang='lat' dir='ltr'><strong>de</strong></span> <span class='ocrx_word' id='word_1_642' title='bbox 1164 1627 1235 1654; x_wconf 78' lang='lat' dir='ltr'><strong>lecto</strong></span> <span class='ocrx_word' id='word_1_643' title='bbox 1250 1626 1317 1653; x_wconf 89' lang='lat' dir='ltr'><strong>nihil</strong></span> <span class='ocrx_word' id='word_1_644' title='bbox 1330 1626 1410 1654; x_wconf 74' lang='lat' dir='ltr'><strong>dixit.</strong></span> <span class='ocrx_word' id='word_1_645' title='bbox 1423 1627 1517 1660; x_wconf 86' lang='lat' dir='ltr'><strong>Itaque</strong></span> <span class='ocrx_word' id='word_1_646' title='bbox 1526 1633 1640 1654; x_wconf 87' lang='lat' dir='ltr'><strong>necesse</strong></span> <span class='ocrx_word' id='word_1_647' title='bbox 1652 1630 1705 1658; x_wconf 88' lang='lat' dir='ltr'><strong>est,</strong></span> <span class='ocrx_word' id='word_1_648' title='bbox 1721 1633 1777 1653; x_wconf 91' lang='lat' dir='ltr'><strong>non</strong></span> 
     </span>
    </p>
   </div>
   <div class='ocr_carea' id='block_1_90' title="bbox 991 1670 1778 1705">
    <p class='ocr_par' dir='ltr' id='par_1_90' title="bbox 991 1670 1778 1705">
     <span class='ocr_line' id='line_1_90' title="bbox 991 1670 1778 1705; baseline -0.004 -5"><span class='ocrx_word' id='word_1_649' title='bbox 991 1673 1126 1700; x_wconf 77' lang='lat' dir='ltr'><strong>inhaerere</strong></span> <span class='ocrx_word' id='word_1_650' title='bbox 1139 1671 1245 1703; x_wconf 83' lang='lat' dir='ltr'><strong>litterae,</strong></span> <span class='ocrx_word' id='word_1_651' title='bbox 1260 1671 1308 1699; x_wconf 87' lang='lat' dir='ltr'><strong>sed</strong></span> <span class='ocrx_word' id='word_1_652' title='bbox 1324 1678 1372 1705; x_wconf 90' lang='lat' dir='ltr'><strong>per</strong></span> <span class='ocrx_word' id='word_1_653' title='bbox 1386 1675 1548 1698; x_wconf 85' lang='lat' dir='ltr'><strong>accuratam</strong></span> <span class='ocrx_word' id='word_1_654' title='bbox 1569 1670 1778 1705; x_wconf 79' lang='lat' dir='ltr'><strong>intelligentiam</strong></span> 
     </span>
    </p>
   </div>
   <div class='ocr_carea' id='block_1_91' title="bbox 990 1715 1777 1750">
    <p class='ocr_par' dir='ltr' id='par_1_91' title="bbox 990 1715 1777 1750">
     <span class='ocr_line' id='line_1_91' title="bbox 990 1715 1777 1750; baseline -0.004 -5"><span class='ocrx_word' id='word_1_655' title='bbox 990 1725 1143 1745; x_wconf 86' lang='lat' dir='ltr'><strong>sermonem</strong></span> <span class='ocrx_word' id='word_1_656' title='bbox 1162 1717 1234 1743; x_wconf 90' lang='lat' dir='ltr'><strong>hunc</strong></span> <span class='ocrx_word' id='word_1_657' title='bbox 1244 1716 1278 1743; x_wconf 91' lang='lat' dir='ltr'><strong>ad</strong></span> <span class='ocrx_word' id='word_1_658' title='bbox 1301 1716 1455 1750; x_wconf 85' lang='lat' dir='ltr'><strong>spiritalem</strong></span> <span class='ocrx_word' id='word_1_659' title='bbox 1478 1715 1628 1744; x_wconf 82' lang='lat' dir='ltr'><strong>transferre</strong></span> <span class='ocrx_word' id='word_1_660' title='bbox 1652 1719 1777 1743; x_wconf 88' lang='lat' dir='ltr'><strong>contem-</strong></span> 
     </span>
    </p>
   </div>
   <div class='ocr_carea' id='block_1_92' title="bbox 990 1761 1779 1798">
    <p class='ocr_par' dir='ltr' id='par_1_92' title="bbox 990 1761 1779 1798">
     <span class='ocr_line' id='line_1_92' title="bbox 990 1761 1779 1798; baseline -0.001 -9"><span class='ocrx_word' id='word_1_661' title='bbox 990 1763 1150 1798; x_wconf 88' lang='lat' dir='ltr'><strong>plationem,</strong></span> <span class='ocrx_word' id='word_1_662' title='bbox 1163 1770 1178 1790; x_wconf 90' lang='lat' dir='ltr'><strong>a</strong></span> <span class='ocrx_word' id='word_1_663' title='bbox 1194 1761 1327 1789; x_wconf 83' lang='lat' dir='ltr'><strong>materiali</strong></span> <span class='ocrx_word' id='word_1_664' title='bbox 1345 1761 1546 1796; x_wconf 78' lang='lat' dir='ltr'><strong>significatione</strong></span> <span class='ocrx_word' id='word_1_665' title='bbox 1560 1765 1678 1789; x_wconf 86' lang='lat' dir='ltr'><strong>mentem</strong></span> <span class='ocrx_word' id='word_1_666' title='bbox 1691 1761 1779 1788; x_wconf 85' lang='lat' dir='ltr'><strong>abdu-</strong></span> 
     </span>
    </p>
   </div>
   <div class='ocr_carea' id='block_1_93' title="bbox 990 1807 1780 1842">
    <p class='ocr_par' dir='ltr' id='par_1_93' title="bbox 990 1807 1780 1842">
     <span class='ocr_line' id='line_1_93' title="bbox 990 1807 1780 1842; baseline -0.003 -6"><span class='ocrx_word' id='word_1_667' title='bbox 990 1809 1096 1842; x_wconf 79' lang='lat' dir='ltr'><strong>cendo;</strong></span> <span class='ocrx_word' id='word_1_668' title='bbox 1110 1812 1323 1836; x_wconf 85' lang='lat' dir='ltr'><strong>consentaneum</strong></span> <span class='ocrx_word' id='word_1_669' title='bbox 1340 1811 1382 1835; x_wconf 88' lang='lat' dir='ltr'><strong>est</strong></span> <span class='ocrx_word' id='word_1_670' title='bbox 1397 1807 1503 1835; x_wconf 91' lang='lat' dir='ltr'><strong>ostendi</strong></span> <span class='ocrx_word' id='word_1_671' title='bbox 1520 1807 1641 1834; x_wconf 86' lang='lat' dir='ltr'><strong>divinam</strong></span> <span class='ocrx_word' id='word_1_672' title='bbox 1654 1807 1780 1842; x_wconf 87' lang='lat' dir='ltr'><strong>pulchri-</strong></span> 
     </span>
    </p>
   </div>
   <div class='ocr_carea' id='block_1_94' title="bbox 991 1854 1779 1889">
    <p class='ocr_par' dir='ltr' id='par_1_94' title="bbox 991 1854 1779 1889">
     <span class='ocr_line' id='line_1_94' title="bbox 991 1854 1779 1889; baseline 0 -7"><span class='ocrx_word' id='word_1_673' title='bbox 991 1855 1112 1882; x_wconf 89' lang='lat' dir='ltr'><strong>tudinem</strong></span> <span class='ocrx_word' id='word_1_674' title='bbox 1127 1855 1153 1882; x_wconf 88' lang='lat' dir='ltr'><strong>in</strong></span> <span class='ocrx_word' id='word_1_675' title='bbox 1166 1859 1269 1881; x_wconf 76' lang='lat' dir='ltr'><strong>terrore</strong></span> <span class='ocrx_word' id='word_1_676' title='bbox 1281 1854 1382 1882; x_wconf 86' lang='lat' dir='ltr'><strong>habere</strong></span> <span class='ocrx_word' id='word_1_677' title='bbox 1401 1854 1465 1889; x_wconf 89' lang='lat' dir='ltr'><strong>quid</strong></span> <span class='ocrx_word' id='word_1_678' title='bbox 1485 1854 1672 1886; x_wconf 86' lang='lat' dir='ltr'><strong>amabilitatis,</strong></span> <span class='ocrx_word' id='word_1_679' title='bbox 1688 1862 1721 1881; x_wconf 82' lang='lat' dir='ltr'><strong>ex</strong></span> <span class='ocrx_word' id='word_1_680' title='bbox 1745 1855 1779 1882; x_wconf 88' lang='lat' dir='ltr'><strong>iis</strong></span> 
     </span>
    </p>
   </div>
   <div class='ocr_carea' id='block_1_95' title="bbox 990 1899 1778 1936">
    <p class='ocr_par' dir='ltr' id='par_1_95' title="bbox 990 1899 1778 1936">
     <span class='ocr_line' id='line_1_95' title="bbox 990 1899 1778 1936; baseline 0 -10"><span class='ocrx_word' id='word_1_681' title='bbox 990 1909 1051 1936; x_wconf 67' lang='lat' dir='ltr'><strong>qua:</strong></span> <span class='ocrx_word' id='word_1_682' title='bbox 1066 1904 1131 1928; x_wconf 89' lang='lat' dir='ltr'><strong>sunt</strong></span> <span class='ocrx_word' id='word_1_683' title='bbox 1144 1900 1282 1928; x_wconf 86' lang='lat' dir='ltr'><strong>contraria</strong></span> <span class='ocrx_word' id='word_1_684' title='bbox 1304 1908 1444 1935; x_wconf 78' lang='lat' dir='ltr'><strong>corporea:</strong></span> <span class='ocrx_word' id='word_1_685' title='bbox 1471 1899 1681 1935; x_wconf 86' lang='lat' dir='ltr'><strong>pulchritudini.</strong></span> <span class='ocrx_word' id='word_1_686' title='bbox 1710 1899 1778 1927; x_wconf 83' lang='lat' dir='ltr'><strong>Nam</strong></span> 
     </span>
    </p>
   </div>
   <div class='ocr_carea' id='block_1_96' title="bbox 990 1945 1779 1982">
    <p class='ocr_par' dir='ltr' id='par_1_96' title="bbox 990 1945 1779 1982">
     <span class='ocr_line' id='line_1_96' title="bbox 990 1945 1779 1982; baseline 0 -9"><span class='ocrx_word' id='word_1_687' title='bbox 990 1947 1122 1982; x_wconf 86' lang='lat' dir='ltr'><strong>quoniam</strong></span> <span class='ocrx_word' id='word_1_688' title='bbox 1140 1946 1317 1981; x_wconf 86' lang='lat' dir='ltr'><strong>passionibus</strong></span> <span class='ocrx_word' id='word_1_689' title='bbox 1331 1946 1450 1973; x_wconf 82' lang='lat' dir='ltr'><strong>obnoxia</strong></span> <span class='ocrx_word' id='word_1_690' title='bbox 1478 1953 1627 1980; x_wconf 88' lang='lat' dir='ltr'><strong>corporum</strong></span> <span class='ocrx_word' id='word_1_691' title='bbox 1642 1945 1779 1980; x_wconf 83' lang='lat' dir='ltr'><strong>cupiditas</strong></span> 
     </span>
    </p>
   </div>
   <div class='ocr_carea' id='block_1_97' title="bbox 992 1990 1780 2025">
    <p class='ocr_par' dir='ltr' id='par_1_97' title="bbox 992 1990 1780 2025">
     <span class='ocr_line' id='line_1_97' title="bbox 992 1990 1780 2025; baseline -0.005 -4"><span class='ocrx_word' id='word_1_692' title='bbox 992 1993 1123 2021; x_wconf 84' lang='lat' dir='ltr'><strong>membris</strong></span> <span class='ocrx_word' id='word_1_693' title='bbox 1139 1993 1232 2019; x_wconf 88' lang='lat' dir='ltr'><strong>carnis</strong></span> <span class='ocrx_word' id='word_1_694' title='bbox 1245 1991 1379 2022; x_wconf 83' lang='lat' dir='ltr'><strong>insidens,</strong></span> <span class='ocrx_word' id='word_1_695' title='bbox 1392 1992 1466 2018; x_wconf 88' lang='lat' dir='ltr'><strong>velut</strong></span> <span class='ocrx_word' id='word_1_696' title='bbox 1477 1991 1601 2025; x_wconf 68' lang='lat' dir='ltr'><strong>quaedam</strong></span> <span class='ocrx_word' id='word_1_697' title='bbox 1619 1990 1780 2024; x_wconf 61' lang='lat' dir='ltr'><strong>pratdonum</strong></span> 
     </span>
    </p>
   </div>
   <div class='ocr_carea' id='block_1_98' title="bbox 992 2035 1779 2070">
    <p class='ocr_par' dir='ltr' id='par_1_98' title="bbox 992 2035 1779 2070">
     <span class='ocr_line' id='line_1_98' title="bbox 992 2035 1779 2070; baseline -0.006 -5"><span class='ocrx_word' id='word_1_698' title='bbox 992 2042 1081 2065; x_wconf 89' lang='lat' dir='ltr'><strong>turma</strong></span> <span class='ocrx_word' id='word_1_699' title='bbox 1101 2037 1183 2064; x_wconf 91' lang='lat' dir='ltr'><strong>menti</strong></span> <span class='ocrx_word' id='word_1_700' title='bbox 1197 2037 1353 2068; x_wconf 85' lang='lat' dir='ltr'><strong>insidiatur,</strong></span> <span class='ocrx_word' id='word_1_701' title='bbox 1368 2043 1427 2062; x_wconf 78' lang='lat' dir='ltr'><strong>eam</strong></span> <span class='ocrx_word' id='word_1_702' title='bbox 1444 2042 1631 2070; x_wconf 71' lang='lat' dir='ltr'><strong>Saepenumero</strong></span> <span class='ocrx_word' id='word_1_703' title='bbox 1643 2035 1779 2069; x_wconf 83' lang='lat' dir='ltr'><strong>captivam</strong></span> 
     </span>
    </p>
   </div>
   <div class='ocr_carea' id='block_1_99' title="bbox 991 2083 1780 2118">
    <p class='ocr_par' dir='ltr' id='par_1_99' title="bbox 991 2083 1780 2118">
     <span class='ocr_line' id='line_1_99' title="bbox 991 2083 1780 2118; baseline -0.006 -7"><span class='ocrx_word' id='word_1_704' title='bbox 991 2084 1025 2111; x_wconf 90' lang='lat' dir='ltr'><strong>ad</strong></span> <span class='ocrx_word' id='word_1_705' title='bbox 1037 2092 1113 2112; x_wconf 76' lang='lat' dir='ltr'><strong>suam</strong></span> <span class='ocrx_word' id='word_1_706' title='bbox 1129 2083 1263 2118; x_wconf 83' lang='lat' dir='ltr'><strong>a.ripiens</strong></span> <span class='ocrx_word' id='word_1_707' title='bbox 1285 2083 1473 2115; x_wconf 86' lang='lat' dir='ltr'><strong>voluntatem;</strong></span> <span class='ocrx_word' id='word_1_708' title='bbox 1500 2085 1645 2116; x_wconf 86' lang='lat' dir='ltr'><strong>propterea</strong></span> <span class='ocrx_word' id='word_1_709' title='bbox 1657 2084 1699 2107; x_wconf 87' lang='lat' dir='ltr'><strong>est</strong></span> <span class='ocrx_word' id='word_1_710' title='bbox 1712 2088 1780 2107; x_wconf 87' lang='lat' dir='ltr'><strong>con-</strong></span> 
     </span>
    </p>
   </div>
   <div class='ocr_carea' id='block_1_100' title="bbox 992 2127 1781 2164">
    <p class='ocr_par' dir='ltr' id='par_1_100' title="bbox 992 2127 1781 2164">
     <span class='ocr_line' id='line_1_100' title="bbox 992 2127 1781 2164; baseline -0.006 -7"><span class='ocrx_word' id='word_1_711' title='bbox 992 2137 1110 2164; x_wconf 87' lang='lat' dir='ltr'><strong>sequens</strong></span> <span class='ocrx_word' id='word_1_712' title='bbox 1126 2133 1157 2157; x_wconf 89' lang='lat' dir='ltr'><strong>ut</strong></span> <span class='ocrx_word' id='word_1_713' title='bbox 1171 2129 1281 2156; x_wconf 87' lang='lat' dir='ltr'><strong>divinus</strong></span> <span class='ocrx_word' id='word_1_714' title='bbox 1302 2136 1379 2156; x_wconf 86' lang='lat' dir='ltr'><strong>amor</strong></span> <span class='ocrx_word' id='word_1_715' title='bbox 1393 2128 1440 2155; x_wconf 86' lang='lat' dir='ltr'><strong>ﬁat</strong></span> <span class='ocrx_word' id='word_1_716' title='bbox 1453 2135 1487 2155; x_wconf 81' lang='lat' dir='ltr'><strong>ex</strong></span> <span class='ocrx_word' id='word_1_717' title='bbox 1514 2127 1548 2155; x_wconf 90' lang='lat' dir='ltr'><strong>iis</strong></span> <span class='ocrx_word' id='word_1_718' title='bbox 1560 2134 1621 2161; x_wconf 75' lang='lat' dir='ltr'><strong>qua:</strong></span> <span class='ocrx_word' id='word_1_719' title='bbox 1636 2129 1700 2153; x_wconf 90' lang='lat' dir='ltr'><strong>sunt</strong></span> <span class='ocrx_word' id='word_1_720' title='bbox 1715 2134 1781 2153; x_wconf 87' lang='lat' dir='ltr'><strong>con-</strong></span> 
     </span>
    </p>
   </div>
   <div class='ocr_carea' id='block_1_101' title="bbox 993 2170 1781 2209">
    <p class='ocr_par' dir='ltr' id='par_1_101' title="bbox 993 2170 1781 2209">
     <span class='ocr_line' id='line_1_101' title="bbox 993 2170 1781 2209; baseline -0.006 -7"><span class='ocrx_word' id='word_1_721' title='bbox 993 2175 1077 2203; x_wconf 89' lang='lat' dir='ltr'><strong>traria</strong></span> <span class='ocrx_word' id='word_1_722' title='bbox 1087 2174 1223 2209; x_wconf 81' lang='lat' dir='ltr'><strong>corporali</strong></span> <span class='ocrx_word' id='word_1_723' title='bbox 1235 2173 1390 2209; x_wconf 83' lang='lat' dir='ltr'><strong>cupiditati.</strong></span> <span class='ocrx_word' id='word_1_724' title='bbox 1405 2172 1466 2206; x_wconf 86' lang='lat' dir='ltr'><strong>Quo</strong></span> <span class='ocrx_word' id='word_1_725' title='bbox 1484 2172 1513 2199; x_wconf 86' lang='lat' dir='ltr'><strong>lit</strong></span> <span class='ocrx_word' id='word_1_726' title='bbox 1536 2177 1566 2198; x_wconf 94' lang='lat' dir='ltr'><strong>ut</strong></span> <span class='ocrx_word' id='word_1_727' title='bbox 1580 2173 1602 2199; x_wconf 90' lang='lat' dir='ltr'><strong>si</strong></span> <span class='ocrx_word' id='word_1_728' title='bbox 1617 2171 1700 2206; x_wconf 87' lang='lat' dir='ltr'><strong>hujus</strong></span> <span class='ocrx_word' id='word_1_729' title='bbox 1725 2170 1781 2198; x_wconf 72' lang='lat' dir='ltr'><strong>dux</strong></span> 
     </span>
    </p>
   </div>
   <div class='ocr_carea' id='block_1_102' title="bbox 951 2207 1779 2253">
    <p class='ocr_par' dir='ltr' id='par_1_102' title="bbox 951 2207 1779 2253">
     <span class='ocr_line' id='line_1_102' title="bbox 951 2207 1779 2253; baseline -0.007 -5"><span class='ocrx_word' id='word_1_730' title='bbox 951 2207 977 2237; x_wconf 83' lang='lat' dir='ltr'>D</span> <span class='ocrx_word' id='word_1_731' title='bbox 993 2221 1074 2248; x_wconf 87' lang='lat' dir='ltr'><strong>fuerit</strong></span> <span class='ocrx_word' id='word_1_732' title='bbox 1106 2207 1278 2251; x_wconf 39' lang='lat' dir='ltr'><strong>dissolutio,-</strong></span> <span class='ocrx_word' id='word_1_733' title='bbox 1292 2219 1438 2253; x_wconf 88' lang='lat' dir='ltr'><strong>mollisque</strong></span> <span class='ocrx_word' id='word_1_734' title='bbox 1468 2222 1496 2245; x_wconf 89' lang='lat' dir='ltr'><strong>et</strong></span> <span class='ocrx_word' id='word_1_735' title='bbox 1511 2221 1640 2244; x_wconf 88' lang='lat' dir='ltr'><strong>enervata</strong></span> <span class='ocrx_word' id='word_1_736' title='bbox 1656 2216 1779 2247; x_wconf 67' lang='lat' dir='ltr'><strong>dilfusio,</strong></span> 
     </span>
    </p>
   </div>
   <div class='ocr_carea' id='block_1_103' title="bbox 989 2263 1780 2301">
    <p class='ocr_par' dir='ltr' id='par_1_103' title="bbox 989 2263 1780 2301">
     <span class='ocr_line' id='line_1_103' title="bbox 989 2263 1780 2301; baseline -0.008 -6"><span class='ocrx_word' id='word_1_737' title='bbox 989 2269 1045 2296; x_wconf 90' lang='lat' dir='ltr'><strong>illic</strong></span> <span class='ocrx_word' id='word_1_738' title='bbox 1056 2268 1203 2295; x_wconf 84' lang='lat' dir='ltr'><strong>vehemens</strong></span> <span class='ocrx_word' id='word_1_739' title='bbox 1218 2271 1246 2294; x_wconf 84' lang='lat' dir='ltr'><strong>et</strong></span> <span class='ocrx_word' id='word_1_740' title='bbox 1260 2274 1321 2301; x_wconf 75' lang='lat' dir='ltr'><strong>quae</strong></span> <span class='ocrx_word' id='word_1_741' title='bbox 1338 2265 1492 2301; x_wconf 84' lang='lat' dir='ltr'><strong>perturbari</strong></span> <span class='ocrx_word' id='word_1_742' title='bbox 1521 2272 1575 2291; x_wconf 88' lang='lat' dir='ltr'><strong>non</strong></span> <span class='ocrx_word' id='word_1_743' title='bbox 1590 2267 1680 2299; x_wconf 88' lang='lat' dir='ltr'><strong>potest</strong></span> <span class='ocrx_word' id='word_1_744' title='bbox 1695 2263 1780 2290; x_wconf 88' lang='lat' dir='ltr'><strong>animi</strong></span> 
     </span>
    </p>
   </div>
   <div class='ocr_carea' id='block_1_104' title="bbox 990 2308 1781 2348">
    <p class='ocr_par' dir='ltr' id='par_1_104' title="bbox 990 2308 1781 2348">
     <span class='ocr_line' id='line_1_104' title="bbox 990 2308 1781 2348; baseline -0.01 -7"><span class='ocrx_word' id='word_1_745' title='bbox 990 2312 1153 2348; x_wconf 76' lang='lat' dir='ltr'><strong>magnitudo</strong></span> <span class='ocrx_word' id='word_1_746' title='bbox 1171 2313 1206 2340; x_wconf 89' lang='lat' dir='ltr'><strong>sit</strong></span> <span class='ocrx_word' id='word_1_747' title='bbox 1221 2311 1335 2338; x_wconf 87' lang='lat' dir='ltr'><strong>materia</strong></span> <span class='ocrx_word' id='word_1_748' title='bbox 1349 2311 1435 2337; x_wconf 88' lang='lat' dir='ltr'><strong>divini</strong></span> <span class='ocrx_word' id='word_1_749' title='bbox 1463 2310 1585 2341; x_wconf 87' lang='lat' dir='ltr'><strong>amoris;</strong></span> <span class='ocrx_word' id='word_1_750' title='bbox 1615 2316 1677 2336; x_wconf 90' lang='lat' dir='ltr'><strong>eum</strong></span> <span class='ocrx_word' id='word_1_751' title='bbox 1707 2308 1781 2336; x_wconf 89' lang='lat' dir='ltr'><strong>enim</strong></span> 
     </span>
    </p>
   </div>
   <div class='ocr_carea' id='block_1_105' title="bbox 990 2354 1782 2389">
    <p class='ocr_par' dir='ltr' id='par_1_105' title="bbox 990 2354 1782 2389">
     <span class='ocr_line' id='line_1_105' title="bbox 990 2354 1782 2389; baseline -0.01 -3"><span class='ocrx_word' id='word_1_752' title='bbox 990 2360 1029 2386; x_wconf 85' lang='lat' dir='ltr'><strong>ira</strong></span> <span class='ocrx_word' id='word_1_753' title='bbox 1048 2358 1127 2386; x_wconf 86' lang='lat' dir='ltr'><strong>fortis</strong></span> <span class='ocrx_word' id='word_1_754' title='bbox 1144 2365 1176 2385; x_wconf 89' lang='lat' dir='ltr'><strong>ac</strong></span> <span class='ocrx_word' id='word_1_755' title='bbox 1193 2357 1281 2384; x_wconf 90' lang='lat' dir='ltr'><strong>virilis</strong></span> <span class='ocrx_word' id='word_1_756' title='bbox 1311 2355 1469 2384; x_wconf 85' lang='lat' dir='ltr'><strong>insidiantis</strong></span> <span class='ocrx_word' id='word_1_757' title='bbox 1496 2354 1646 2389; x_wconf 84' lang='lat' dir='ltr'><strong>voluptatis</strong></span> <span class='ocrx_word' id='word_1_758' title='bbox 1677 2357 1782 2380; x_wconf 73' lang='lat' dir='ltr'><strong>turritas</strong></span> 
     </span>
    </p>
   </div>
   <div class='ocr_carea' id='block_1_106' title="bbox 990 2400 1786 2439">
    <p class='ocr_par' dir='ltr' id='par_1_106' title="bbox 990 2400 1786 2439">
     <span class='ocr_line' id='line_1_106' title="bbox 990 2400 1786 2439; baseline -0.01 -8"><span class='ocrx_word' id='word_1_759' title='bbox 990 2403 1217 2439; x_wconf 80' lang='lat' dir='ltr'><strong>perterruerit,et</strong></span> <span class='ocrx_word' id='word_1_760' title='bbox 1233 2402 1259 2428; x_wconf 92' lang='lat' dir='ltr'><strong>in</strong></span> <span class='ocrx_word' id='word_1_761' title='bbox 1270 2401 1361 2436; x_wconf 85' lang='lat' dir='ltr'><strong>fugam</strong></span> <span class='ocrx_word' id='word_1_762' title='bbox 1374 2400 1501 2431; x_wconf 87' lang='lat' dir='ltr'><strong>verterit,</strong></span> <span class='ocrx_word' id='word_1_763' title='bbox 1518 2403 1575 2426; x_wconf 92' lang='lat' dir='ltr'><strong>tum</strong></span> <span class='ocrx_word' id='word_1_764' title='bbox 1592 2401 1786 2434; x_wconf 78' lang='lat' dir='ltr'><strong>apparetpura.</strong></span> 
     </span>
    </p>
   </div>
   <div class='ocr_carea' id='block_1_107' title="bbox 992 2445 1782 2483">
    <p class='ocr_par' dir='ltr' id='par_1_107' title="bbox 992 2445 1782 2483">
     <span class='ocr_line' id='line_1_107' title="bbox 992 2445 1782 2483; baseline -0.009 -7"><span class='ocrx_word' id='word_1_765' title='bbox 992 2450 1090 2476; x_wconf 70' lang='lat' dir='ltr'><strong>anima:</strong></span> <span class='ocrx_word' id='word_1_766' title='bbox 1110 2448 1296 2483; x_wconf 86' lang='lat' dir='ltr'><strong>pulchritudo,</strong></span> <span class='ocrx_word' id='word_1_767' title='bbox 1314 2447 1388 2474; x_wconf 89' lang='lat' dir='ltr'><strong>nullo</strong></span> <span class='ocrx_word' id='word_1_768' title='bbox 1403 2451 1478 2473; x_wconf 84' lang='lat' dir='ltr'><strong>motu</strong></span> <span class='ocrx_word' id='word_1_769' title='bbox 1496 2445 1632 2472; x_wconf 89' lang='lat' dir='ltr'><strong>maculata</strong></span> <span class='ocrx_word' id='word_1_770' title='bbox 1650 2451 1782 2478; x_wconf 82' lang='lat' dir='ltr'><strong>corpora-</strong></span> 
     </span>
    </p>
   </div>
   <div class='ocr_carea' id='block_1_108' title="bbox 993 2487 1789 2528">
    <p class='ocr_par' dir='ltr' id='par_1_108' title="bbox 993 2487 1789 2528">
     <span class='ocr_line' id='line_1_108' title="bbox 993 2487 1789 2528; baseline -0.006 -8"><span class='ocrx_word' id='word_1_771' title='bbox 993 2494 1028 2521; x_wconf 91' lang='lat' dir='ltr'><strong>lis</strong></span> <span class='ocrx_word' id='word_1_772' title='bbox 1043 2493 1215 2528; x_wconf 83' lang='lat' dir='ltr'><strong>cupiditatis.</strong></span> <span class='ocrx_word' id='word_1_773' title='bbox 1235 2491 1524 2526; x_wconf 68' lang='lat' dir='ltr'><strong>Necessario,igitur,</strong></span> <span class='ocrx_word' id='word_1_774' title='bbox 1558 2489 1687 2523; x_wconf 89' lang='lat' dir='ltr'><strong>nuptialis</strong></span> <span class='ocrx_word' id='word_1_775' title='bbox 1716 2487 1789 2522; x_wconf 70' lang='lat' dir='ltr'><strong>legis</strong></span> 
     </span>
    </p>
   </div>
   <div class='ocr_carea' id='block_1_109' title="bbox 993 2532 1786 2571">
    <p class='ocr_par' dir='ltr' id='par_1_109' title="bbox 993 2532 1786 2571">
     <span class='ocr_line' id='line_1_109' title="bbox 993 2532 1786 2571; baseline -0.011 -4"><span class='ocrx_word' id='word_1_776' title='bbox 993 2540 1080 2567; x_wconf 90' lang='lat' dir='ltr'><strong>lectus</strong></span> <span class='ocrx_word' id='word_1_777' title='bbox 1094 2539 1128 2566; x_wconf 90' lang='lat' dir='ltr'><strong>ab</strong></span> <span class='ocrx_word' id='word_1_778' title='bbox 1140 2538 1254 2565; x_wconf 86' lang='lat' dir='ltr'><strong>armatis</strong></span> <span class='ocrx_word' id='word_1_779' title='bbox 1264 2537 1465 2567; x_wconf 85' lang='lat' dir='ltr'><strong>circumdatur,</strong></span> <span class='ocrx_word' id='word_1_780' title='bbox 1475 2543 1592 2571; x_wconf 91' lang='lat' dir='ltr'><strong>quorum</strong></span> <span class='ocrx_word' id='word_1_781' title='bbox 1602 2535 1664 2561; x_wconf 85' lang='lat' dir='ltr'><strong>belli</strong></span> <span class='ocrx_word' id='word_1_782' title='bbox 1675 2532 1786 2568; x_wconf 75' lang='lat' dir='ltr'><strong>peritia,</strong></span> 
     </span>
    </p>
   </div>
   <div class='ocr_carea' id='block_1_110' title="bbox 991 2582 1788 2620">
    <p class='ocr_par' dir='ltr' id='par_1_110' title="bbox 991 2582 1788 2620">
     <span class='ocr_line' id='line_1_110' title="bbox 991 2582 1788 2620; baseline -0.011 -8"><span class='ocrx_word' id='word_1_783' title='bbox 991 2593 1024 2612; x_wconf 88' lang='lat' dir='ltr'><strong>eo</strong></span> <span class='ocrx_word' id='word_1_784' title='bbox 1038 2584 1110 2620; x_wconf 87' lang='lat' dir='ltr'><strong>quod</strong></span> <span class='ocrx_word' id='word_1_785' title='bbox 1120 2591 1203 2619; x_wconf 86' lang='lat' dir='ltr'><strong>super</strong></span> <span class='ocrx_word' id='word_1_786' title='bbox 1215 2583 1304 2610; x_wconf 86' lang='lat' dir='ltr'><strong>femur</strong></span> <span class='ocrx_word' id='word_1_787' title='bbox 1319 2588 1446 2618; x_wconf 86' lang='lat' dir='ltr'><strong>paratum</strong></span> <span class='ocrx_word' id='word_1_788' title='bbox 1464 2582 1583 2609; x_wconf 84' lang='lat' dir='ltr'><strong>habeant</strong></span> <span class='ocrx_word' id='word_1_789' title='bbox 1605 2587 1712 2610; x_wconf 81' lang='lat' dir='ltr'><strong>ensem,</strong></span> <span class='ocrx_word' id='word_1_790' title='bbox 1725 2583 1788 2604; x_wconf 80' lang='lat' dir='ltr'><strong>ter-</strong></span> 
     </span>
    </p>
   </div>
   <div class='ocr_carea' id='block_1_111' title="bbox 992 2624 1786 2663">
    <p class='ocr_par' dir='ltr' id='par_1_111' title="bbox 992 2624 1786 2663">
     <span class='ocr_line' id='line_1_111' title="bbox 992 2624 1786 2663; baseline -0.008 -8"><span class='ocrx_word' id='word_1_791' title='bbox 992 2637 1080 2656; x_wconf 87' lang='lat' dir='ltr'><strong>rorem</strong></span> <span class='ocrx_word' id='word_1_792' title='bbox 1098 2628 1178 2656; x_wconf 82' lang='lat' dir='ltr'><strong>aﬂ&#39;ert</strong></span> <span class='ocrx_word' id='word_1_793' title='bbox 1192 2632 1219 2655; x_wconf 89' lang='lat' dir='ltr'><strong>et</strong></span> <span class='ocrx_word' id='word_1_794' title='bbox 1234 2635 1374 2663; x_wconf 76' lang='lat' dir='ltr'><strong>Stuporem</strong></span> <span class='ocrx_word' id='word_1_795' title='bbox 1391 2627 1546 2655; x_wconf 84' lang='lat' dir='ltr'><strong>tenebrosis</strong></span> <span class='ocrx_word' id='word_1_796' title='bbox 1554 2624 1786 2660; x_wconf 74' lang='lat' dir='ltr'><strong>cogitationibus,</strong></span> 
     </span>
    </p>
   </div>
   <div class='ocr_carea' id='block_1_112' title="bbox 993 2670 1785 2710">
    <p class='ocr_par' dir='ltr' id='par_1_112' title="bbox 993 2670 1785 2710">
     <span class='ocr_line' id='line_1_112' title="bbox 993 2670 1785 2710; baseline -0.01 -8"><span class='ocrx_word' id='word_1_797' title='bbox 993 2679 1021 2702; x_wconf 87' lang='lat' dir='ltr'><strong>ct</strong></span> <span class='ocrx_word' id='word_1_798' title='bbox 1034 2675 1068 2702; x_wconf 90' lang='lat' dir='ltr'><strong>iis</strong></span> <span class='ocrx_word' id='word_1_799' title='bbox 1083 2674 1128 2710; x_wconf 86' lang='lat' dir='ltr'><strong>qui</strong></span> <span class='ocrx_word' id='word_1_800' title='bbox 1145 2674 1172 2701; x_wconf 91' lang='lat' dir='ltr'><strong>in</strong></span> <span class='ocrx_word' id='word_1_801' title='bbox 1186 2675 1307 2702; x_wconf 85' lang='lat' dir='ltr'><strong>obscuro</strong></span> <span class='ocrx_word' id='word_1_802' title='bbox 1320 2673 1497 2704; x_wconf 86' lang='lat' dir='ltr'><strong>insidiantur.</strong></span> <span class='ocrx_word' id='word_1_803' title='bbox 1514 2676 1541 2698; x_wconf 88' lang='lat' dir='ltr'><strong>et</strong></span> <span class='ocrx_word' id='word_1_804' title='bbox 1567 2670 1676 2704; x_wconf 78' lang='lat' dir='ltr'><strong>sagittis</strong></span> <span class='ocrx_word' id='word_1_805' title='bbox 1700 2675 1785 2703; x_wconf 89' lang='lat' dir='ltr'><strong>appe-</strong></span> 
     </span>
    </p>
   </div>
   <div class='ocr_carea' id='block_1_113' title="bbox 994 2716 1788 2750">
    <p class='ocr_par' dir='ltr' id='par_1_113' title="bbox 994 2716 1788 2750">
     <span class='ocr_line' id='line_1_113' title="bbox 994 2716 1788 2750; baseline -0.008 -4"><span class='ocrx_word' id='word_1_806' title='bbox 994 2723 1053 2747; x_wconf 87' lang='lat' dir='ltr'><strong>tuut</strong></span> <span class='ocrx_word' id='word_1_807' title='bbox 1064 2725 1152 2748; x_wconf 87' lang='lat' dir='ltr'><strong>rectos</strong></span> <span class='ocrx_word' id='word_1_808' title='bbox 1167 2720 1258 2747; x_wconf 80' lang='lat' dir='ltr'><strong>corde.</strong></span> <span class='ocrx_word' id='word_1_809' title='bbox 1278 2719 1357 2748; x_wconf 91' lang='lat' dir='ltr'><strong>Ouod</strong></span> <span class='ocrx_word' id='word_1_810' title='bbox 1380 2719 1451 2746; x_wconf 89' lang='lat' dir='ltr'><strong>eniul</strong></span> <span class='ocrx_word' id='word_1_811' title='bbox 1480 2718 1614 2745; x_wconf 79' lang='lat' dir='ltr'><strong>obscenas</strong></span> <span class='ocrx_word' id='word_1_812' title='bbox 1631 2716 1788 2750; x_wconf 85' lang='lat' dir='ltr'><strong>voluptates</strong></span> 
     </span>
    </p>
   </div>
   <div class='ocr_carea' id='block_1_114' title="bbox 912 2789 1028 2817">
    <p class='ocr_par' dir='ltr' id='par_1_114' title="bbox 912 2789 1028 2817">
     <span class='ocr_line' id='line_1_114' title="bbox 912 2789 1028 2817; baseline 0.009 -1"><span class='ocrx_word' id='word_1_813' title='bbox 912 2789 1028 2817; x_wconf 79' lang='lat' dir='ltr'><strong>NOT/E.</strong></span> 
     </span>
    </p>
   </div>
   <div class='ocr_carea' id='block_1_115' title="bbox 188 2812 937 2872">
    <p class='ocr_par' dir='ltr' id='par_1_115' title="bbox 188 2812 937 2872">
     <span class='ocr_line' id='line_1_115' title="bbox 188 2812 937 2872; baseline 0.004 -12"><span class='ocrx_word' id='word_1_814' title='bbox 188 2834 244 2867; x_wconf 68' lang='grc'><strong>(47)</strong></span> <span class='ocrx_word' id='word_1_815' title='bbox 264 2833 462 2872; x_wconf 50' lang='grc' dir='ltr'>Ιξλίνηνέλέγει,</span> <span class='ocrx_word' id='word_1_816' title='bbox 481 2835 507 2861; x_wconf 84' lang='lat' dir='ltr'><strong>in</strong></span> <span class='ocrx_word' id='word_1_817' title='bbox 523 2835 554 2862; x_wconf 84' lang='lat' dir='ltr'><strong>C.</strong></span> <span class='ocrx_word' id='word_1_818' title='bbox 578 2835 608 2861; x_wconf 82' lang='grc' dir='ltr'>Β.</span> <span class='ocrx_word' id='word_1_819' title='bbox 631 2835 734 2870; x_wconf 74' lang='lat' dir='ltr'><strong>Cyrillo</strong></span> <span class='ocrx_word' id='word_1_820' title='bbox 761 2812 937 2869; x_wconf 57' lang='lat' dir='ltr'><strong>tribttuuttfr;</strong></span> 
     </span>
    </p>
   </div>
   <div class='ocr_carea' id='block_1_116' title="bbox 991 2812 1784 2872">
    <p class='ocr_par' dir='ltr' id='par_1_116' title="bbox 991 2833 1784 2872">
     <span class='ocr_line' id='line_1_116' title="bbox 991 2833 1784 2872; baseline -0.006 -8"><span class='ocrx_word' id='word_1_821' title='bbox 991 2846 1018 2865; x_wconf 77' lang='lat' dir='ltr'><strong>lt:</strong></span> <span class='ocrx_word' id='word_1_822' title='bbox 1039 2843 1127 2865; x_wconf 72' lang='lat' dir='ltr'><strong>autem</strong></span> <span class='ocrx_word' id='word_1_823' title='bbox 1151 2841 1302 2872; x_wconf 56' lang='lat' dir='ltr'><strong>sequuntur</strong></span> <span class='ocrx_word' id='word_1_824' title='bbox 1327 2836 1361 2863; x_wconf 86' lang='lat' dir='ltr'><strong>ab</strong></span> <span class='ocrx_word' id='word_1_825' title='bbox 1390 2835 1521 2870; x_wconf 67' lang='grc' dir='ltr'>ἑξήκοντα</span> <span class='ocrx_word' id='word_1_826' title='bbox 1551 2833 1584 2861; x_wconf 84' lang='lat' dir='ltr'><strong>ad</strong></span> <span class='ocrx_word' id='word_1_827' title='bbox 1624 2834 1653 2860; x_wconf 66' lang='grc' dir='ltr'>τὺ</span> <span class='ocrx_word' id='word_1_828' title='bbox 1679 2833 1784 2865; x_wconf 65' lang='grc' dir='ltr'>σκότος,</span> 
     </span>
    </p>
   </div>
   <div class='ocr_carea' id='block_1_117' title="bbox 152 2869 412 2905">
    <p class='ocr_par' dir='ltr' id='par_1_117' title="bbox 152 2869 412 2905">
     <span class='ocr_line' id='line_1_117' title="bbox 152 2869 412 2905; baseline 0 -9"><span class='ocrx_word' id='word_1_829' title='bbox 152 2874 253 2897; x_wconf 81' lang='lat' dir='ltr'><strong>sancto</strong></span> <span class='ocrx_word' id='word_1_830' title='bbox 270 2869 412 2905; x_wconf 69' lang='lat' dir='ltr'><strong>Gregorio.</strong></span> 
     </span>
    </p>
   </div>
  </div>
