1966 3074
187 125 254 157 162⁵1

853 115 1031 164 ΡΗοοοιὶΠ
1045 133 1166 164 eam

1743 131 1810 162 1628

183 182 273 209 delent
293 185 321 208 et
342 182 468 216 perimat,
484 190 579 211 eorum
595 184 642 219 qui
665 185 766 214 lectum
782 188 908 215 ambiunt
924 197 970 216 ar-

1031 192 1119 227 ιαρδίᾳ
1139 191 1242 226 λαχῶσι
1264 191 1312 218 κοιλ⁴
1331 191 1485 223 τοξεύουσιν
1498 199 1504 205 ³
1520 190 1629 226 ὅτιγὰρ
1653 190 1812 225 ἀναιρετικὴ

182 231 289 254 matura
309 227 483 262 perspicuum
495 229 588 264 fuerit,
605 235 631 258 et
649 231 708 266 ejus
725 233 798 267 quod
812 235 893 262 estin
904 243 972 262 con-

183 276 258 299 textu
276 273 470 307 descriptione.
487 283 576 302 omnes
588 277 661 302 enim
673 279 756 311 periti
771 286 864 314 pugna:
889 288 898 306 :
934 281 973 307 vir

182 318 288 352 gladius
297 319 354 352 ejus
368 327 446 353 super
459 320 547 354 femur
559 322 627 356 ejus.
640 322 745 351 Revera
785 326 857 352 enim
872 327 974 361 perito-
990 355 993 357 _

183 371 244 390 rum
278 369 321 391 est
344 365 389 392 ubi
411 366 542 394 reluctari
561 373 668 402 oportet
693 370 769 397 carni
788 375 816 398 et
833 372 972 406 sanguini,

183 413 313 444 tanquam
327 409 421 437 femori
440 419 533 439 ensem
548 412 648 440 habere
662 416 908 444 acconnuodatum.
922 417 972 449 Qui

184 462 250 489 ergo
256 457 443 490 temperantiae
449 458 538 493 gladio
551 460 692 487 accinctus
702 465 755 493 est,
765 461 808 489 hic
817 462 974 498 incorrupto

185 500 255 527 lecto
276 502 401 529 amabilis
423 504 542 535 exsistit,
564 513 634 533 unus
651 514 684 533 cx
706 506 823 535 fortibus
840 507 932 540 Israel,
949 513 976 537 et

185 546 284 581 dignus
314 548 359 582 qui
379 548 513 576 referatur
529 551 556 576 in
568 551 719 586 catalogum
739 553 888 588 sexaginta.
906 554 975 582 Cum

185 597 275 620 autem
289 593 370 621 Israel
387 595 433 621 fiat
447 596 535 623 omnis
552 598 597 634 qui
615 603 748 631 servatur,
760 603 888 634 tanquam
900 609 976 629 meus

185 637 270 665 Deum
288 639 516 676 intelligens;qui
544 643 616 669 cnim
648 644 730 671 Deum
753 645 845 673 vident
869 648 978 682 proprie

187 684 257 711 hanc
271 684 371 712 habent
393 686 652 716 denominatioucm.
669 689 812 725 Proprium
831 696 873 719 est
886 697 977 720 autem

187 729 340 758 istiusmodi
353 733 429 760 nullo
439 741 522 761 sensu
537 735 660 768 aspicere
675 736 708 763 ad
724 741 875 771 peccatum.
891 739 929 766 Ea
945 739 979 767 de

187 784 269 804 causa
284 777 311 804 fit
328 785 398 806 unus
416 777 502 806 lectus
518 780 589 814 regis
614 781 745 816 quidquid
762 788 897 809 servatur.
909 783 977 811 Cum

187 822 258 850 cnim
273 823 327 850 sint
344 824 487 852 duodecim
502 825 590 853 tribus
607 826 702 859 lsrael,
726 835 780 855 uno
808 828 918 863 quidem
945 829 979 856 de

187 869 307 903 qualibet
324 874 399 902 parte
428 871 604 905 plenitudinis
618 873 780 907 optimatum
809 857 929 909 sumpto,
950 875 977 902 in
993 857 1016 886 Β

188 915 309 949 quinque
324 921 414 943 autem
440 921 559 945 armatos
582 926 631 952 pro
651 927 766 946 numero
780 927 909 947 sensuum
927 921 980 948 hoc

188 968 242 987 uno
252 960 499 992 diriso.duodecim
513 963 601 991 tribus
613 964 694 991 lsrael
710 965 812 992 faciunt
825 967 977 1001 sexaginta.

187 1005 233 1039 qui
250 1006 304 1033 sint
318 1014 371 1033 una
385 1007 505 1040 acies,et
518 1016 590 1036 unus
605 1011 740 1038 exercitus
753 1015 780 1038 ct
795 1019 866 1038 unus
880 1011 978 1045 lectus,

187 1051 213 1077 id
230 1055 272 1078 est
287 1060 339 1078 una
357 1052 478 1080 Ecclesia
487 1058 511 1080 et
531 1055 648 1089 populus
661 1064 743 1087 Intus.
754 1061 780 1083 ct
796 1065 848 1084 una
859 1057 977 1092 Sponsa,

189 1097 253 1123 lian
272 1105 368 1125 omnes
388 1099 440 1126 sub
456 1107 512 1126 uno
527 1101 638 1127 tribuno
651 1102 779 1134 militum,
808 1107 835 1129 et
863 1104 975 1132 concio-

188 1143 438 1177 natoreetSponso
453 1146 589 1180 compacti
615 1151 643 1173 ct
657 1148 815 1175 concinnati
844 1149 871 1176 in
895 1157 977 1177 unam

189 1188 312 1222 corporis
325 1188 559 1223 conjunctionem,
573 1192 599 1218 in
611 1191 761 1220 femoribus
774 1201 841 1221 ense
850 1196 977 1229 accincti,

189 1233 247 1260 sive
264 1234 411 1269 unicuique
426 1237 520 1263 sensui
532 1238 770 1265 accommodatum
786 1239 838 1266 sibi
856 1240 978 1275 gladium

189 1278 222 1304 ad
239 1280 427 1312 percelleudas
447 1283 600 1310 contrarias
616 1285 796 1319 cogitationes
812 1286 978 1320 protcudeu-

189 1326 241 1350 tcs.
256 1323 308 1350 Tot
334 1324 425 1359 itaque
443 1325 564 1354 divinam
587 1328 612 1355 in
633 1330 760 1357 sensibus
791 1331 880 1358 induti
894 1339 979 1366 pauo-

189 1368 272 1404 pliam
293 1370 406 1406 cingunt
423 1371 522 1399 lectum
538 1374 622 1408 regis,
646 1376 787 1410 proprium
810 1384 908 1412 nempe
931 1386 980 1405 cor

189 1415 217 1442 in
233 1423 288 1450 quo
303 1416 427 1452 Sponsus
453 1419 602 1454 requiescit
621 1428 627 1446 :
650 1429 697 1456 per
714 1422 814 1449 lectum
836 1423 908 1450 enim
934 1432 979 1451 re-

189 1461 281 1495 quiem
294 1462 432 1497 desiguat,
449 1472 532 1498 quam
550 1469 690 1500 tamquam
703 1467 801 1494 armati
815 1469 977 1495 custodiunt

1023 237 1078 264 τῶν
1095 238 1225 272 ῥυπαρῶν
1250 237 1353 272 ἡδονῶν
1379 236 1519 272 λογισμῶν
1539 237 1622 270 ἐστιν,
1637 237 1654 272 ἡ
1669 236 1723 262 τῶν
1736 244 1812 270 περι-

1023 284 1222 318 εστοχισμένων
1235 285 1268 319 τῇ
1287 285 1363 321 κλίνῃ
1380 284 1518 317 ἐξόπλισις
1533 305 1540 316 ,
1552 284 1632 318 δῆλον
1655 284 1688 310 ἂν
1708 283 1813 318 γένοιτο

1023 329 1066 356 διὰ
1082 330 1131 364 τῆς
1148 330 1311 365 ὑπογραφῆς
1336 329 1383 356 τοῦ
1407 330 1486 364 λόγου
1499 338 1507 345 ·
1524 329 1639 362 Πάντες
1665 329 1719 364 γὰρ
1734 328 1811 355 δεδι-

1025 375 1164 409 δαγμένοι
1186 376 1330 409 πόλεμον,
1352 375 1430 409 ἀνὴρ
1463 376 1512 402 καὶ
1536 375 1554 408 ἡ
1572 375 1705 409 ῥομφαία
1719 374 1812 401 αὐτοῦ

1024 420 1072 447 ἐπὶ
1086 421 1139 448 τὸν
1149 421 1247 456 μηρὸν
1262 421 1365 448 αὐτοῦ.
1382 421 1500 456 Ἀληθῶς
1515 421 1568 455 γὰρ
1593 420 1701 447 εἰδότων
1727 419 1813 452 ἐστὶν,

1025 466 1099 497 ὅπως
1121 466 1379 501 ἀντιστρατεύεσοαι
1403 467 1457 502 χρὴ
1482 467 1515 501 τῇ
1544 466 1626 500 σαρκί
1654 475 1684 492 τε
1710 466 1758 492 καὶ
1774 464 1813 500 τῷ

1026 512 1139 547 αἴματι’
1161 513 1189 539 ἐν
1214 512 1253 546 τῷ
1268 512 1317 547 τὴν
1335 513 1471 547 ῥομφαίαν
1485 511 1524 546 τῷ
1544 511 1623 546 μηρῷ
1641 510 1713 546 ἔχειν
1727 511 1813 544 ἐφηρ-

1028 558 1177 592 μοσμένην.
1196 557 1225 584 Ὁ
1250 558 1338 584 τοίνυν
1361 559 1393 593 τῇ
1417 558 1466 593 τῆς
1493 556 1671 592 σωφροσύνης
1692 556 1815 591 ῥομφαίᾳ

1027 603 1219 637 διεζωσμένος,
1237 600 1315 634 οὗτός
1330 604 1404 630 ἐστιν
1419 604 1433 630 δ
1449 605 1482 638 τῇ
1497 603 1629 639 ἀφθάρτῳ
1655 603 1733 637 κλίνῃ
1751 603 1816 637 ἐρά-

1029 658 1118 684 σμιος,
1133 646 1173 680 εἷς
1188 649 1241 675 τῶν
1256 649 1378 676 δυνατῶν
1402 648 1520 684 Ἰσραὴλ,
1539 649 1586 675 καὶ
1600 647 1647 674 τοῦ
1665 647 1744 682 λόγου
1762 647 1816 673 τῶν

1029 695 1159 730 ἐξήκοντα
1174 695 1259 727 ἄξιος.
1277 695 1388 730 Ἐπειδὴ
1404 695 1432 721 δὲ
1447 694 1556 730 Ἰσραὴλ
1582 693 1686 728 γίνεται
1713 693 1786 724 ἄπας
1802 693 1816 719 ὁ

1029 741 1193 775 σωζόμενος,
1209 741 1268 775 ἦτοι
1280 740 1342 771 νοῦς
1356 739 1427 775 ὁρῶν
1446 739 1492 765 τὸν
1510 739 1576 765 Θεόν
1590 747 1597 754 ⁸
1615 739 1672 764 ὅσοι
1688 738 1742 773 γὰρ
1754 738 1815 772 βλέ-

1029 795 1111 813 πουσι
1127 787 1173 813 τὸν
1194 786 1259 813 Θεὸν
1273 786 1306 812 ἐκ
1320 786 1368 820 τῆς
1383 786 1535 821 ἐνεργείας,
1555 784 1656 820 κυρίως
1676 785 1709 820 τῇ
1733 793 1817 820 προσ-

1029 833 1129 868 ηγορίᾳ
1139 832 1226 868 ταύτῃ
1235 831 1477 867 κατονομάζονται.
1489 831 1569 857 Ἰδιον
1583 830 1610 856 δὲ
1622 829 1669 856 τοῦ
1683 830 1816 862 τοιούτου,

1029 879 1059 905 τὸ
1077 878 1171 913 μηδενὶ
1186 877 1240 904 τῶν
1254 877 1440 912 αἰσθητηρίων
1457 877 1525 912 πρὸς
1542 876 1681 911 ἁμαρτίαν
1697 875 1815 910 βλέπειν·

1030 922 1124 949 τούτου
1136 923 1216 957 χάριν
1235 922 1284 957 μία
1296 922 1374 957 κλίνη
1397 921 1506 956 λέγεται
1530 921 1654 955 γίνεσθαι
1673 920 1720 947 τοῦ
1737 920 1817 954 βασι-

1029 967 1097 998 λέως
1112 968 1166 994 πᾶν
1183 967 1212 993 τὸ
1229 966 1380 1002 σωζόμενον
1393 975 1400 982 ·
1420 966 1525 992 δώδεκα
1541 966 1595 1000 γὰρ
1618 965 1673 991 τῶν
1695 964 1742 991 τοῦ
1768 964 1818 990 Ἰσ-

1032 1012 1099 1047 ραὴλ
1114 1012 1205 1046 φυλῶν
1230 1011 1328 1042 ὅντων,
1354 1011 1414 1043 ἑνὺς
1442 1011 1491 1046 μὲν
1515 1012 1562 1045 ἀφ’
1579 1011 1694 1037 ἑκάστου
1719 1009 1818 1045 μέρους

1029 1057 1234 1092 λαμῦανομὲνου
1248 1056 1295 1083 τοῦ
1312 1056 1367 1083 τῶν
1386 1057 1540 1091 ἀριστερῶν
1561 1055 1760 1091 πληρώματος·
1778 1055 1818 1086 εἰς

1029 1105 1084 1130 πᾶν
1095 1112 1124 1130 τε
1136 1104 1163 1130 δὲ
1177 1093 1290 1135 ὁπλίτας
1307 1103 1377 1130 κατὰ
1392 1103 1437 1130 τὸν
1452 1103 1568 1138 ἀριθμὸν
1583 1102 1638 1128 τῶν
1652 1102 1817 1136 αἰσθήσεων.

1029 1149 1076 1176 τοῦ
1098 1150 1157 1181 ἐνὸς
1177 1149 1273 1176 τούτου
1300 1149 1494 1185 μεριζομένου,
1511 1150 1538 1175 al
1555 1148 1659 1175 δώδεκα
1674 1147 1755 1182 φυλαὶ
1770 1146 1818 1173 τοῦ

1036 1195 1144 1231 Ἰσραὴλ
1156 1194 1279 1221 ποιοῦσιν
1292 1195 1424 1230 ἐξήκοντα
1434 1203 1441 1209 ”
1459 1195 1486 1221 οἴ
1501 1202 1573 1226 τινες
1587 1194 1635 1228 μία
1654 1193 1817 1228 παράταξις,

1029 1240 1075 1266 καὶ
1093 1239 1208 1274 στρατὸς
1219 1238 1259 1271 εἷς
1269 1247 1275 1253 “
1286 1239 1332 1266 καὶ
1345 1240 1394 1274 μία
1410 1239 1499 1274 κλίνη.
1513 1239 1654 1265 τουτέστιν
1671 1237 1818 1272 Ἐκκλησία

1031 1285 1090 1319 μία,
1108 1285 1155 1311 καὶ
1166 1285 1240 1317 λαὸς,
1254 1285 1302 1312 καὶ
1313 1285 1415 1320 Νύμφη
1429 1285 1477 1320 μία
1488 1285 1514 1311 οἱ
1532 1285 1632 1316 πάντες
1648 1285 1818 1319 γενήσονται,

1030 1332 1074 1366 ὑφ’
1090 1332 1131 1359 ἐνὶ
1145 1331 1279 1367 ταξιάρχῃ
1293 1330 1339 1357 καὶ
1353 1331 1537 1366 ἐκκλησιαστῇ
1553 1331 1601 1356 καὶ
1617 1329 1736 1365 Νυμφίῳ
1751 1329 1819 1363 πρὸς

1030 1377 1089 1408 ἐνὸς
1104 1377 1230 1412 σώματος
1256 1377 1399 1404 κοινωνίαν
1418 1375 1683 1411 προσαρμοζόμενοι,
1701 1374 1745 1400 διὰ
1766 1373 1820 1400 τῶν

1031 1420 1127 1457 μηρῶν
1140 1421 1189 1456 τὴν
1205 1421 1344 1456 ῥομφαίαν
1360 1420 1578 1456 προόαλλόμενοι
1591 1428 1598 1436 ·
1624 1419 1674 1446 εἰτ’
1695 1419 1742 1446 οῦν
1757 1419 1821 1446 ἐκά-

1030 1475 1080 1502 στῃ
1098 1467 1221 1501 αἰσθήσει
1239 1466 1290 1502 τὴν
1315 1466 1473 1501 πρὸσῳορον
1503 1466 1586 1501 ἐαυτῇ
1620 1465 1757 1499 ῥομφαίαν
1781 1465 1821 1497 είς

189 1506 248 1533 sine
280 1508 407 1541 passione
435 1513 462 1536 et
489 1517 551 1536 cum
580 1510 733 1545 puritate.’
750 1512 790 1540 sic
820 1517 850 1540 ut
878 1513 978 1541 diuino-

1031 1511 1200 1546 κατάπληξιν
1213 1511 1268 1539 τῶν
1280 1511 1411 1538 ἐναντίων
1432 1510 1570 1545 λογισμῶν
1588 1509 1803 1545 προϐαλλόμενοι
1813 1529 1820 1536 .

190 1560 241 1579 nas
259 1553 284 1579 iu
302 1554 424 1581 tenebris
438 1562 470 1582 ac
486 1555 615 1583 noctibus
632 1556 795 1586 insidiantes
809 1563 978 1587 exterreant.

189 1596 290 1626 Lectus
306 1606 387 1633 porro
398 1600 477 1628 aliter
491 1605 534 1629 est
558 1602 655 1629 notitia
678 1602 736 1636 Dei,
756 1603 783 1630 in
795 1611 848 1639 qua
860 1605 979 1639 quiescit

190 1643 214 1670 is
228 1644 274 1678 qui
284 1644 317 1671 ad
334 1645 422 1680 ipsum
441 1647 558 1674 accedit.

1033 1558 1161 1585 Τοσοῦτοι
1176 1557 1266 1584 τοίνυν
1285 1557 1309 1584 οἱ
1326 1557 1375 1593 τὴν
1391 1557 1467 1584 θείαν
1484 1558 1511 1583 ἐν
1531 1558 1591 1588 ταῖς
1606 1557 1766 1591 αἰσθήσεσιν
1780 1557 1822 1582 ἐν-

1032 1604 1177 1638 δυσάμενοι
1188 1603 1352 1634 πανοπλίαν,
1370 1602 1533 1634 κυκλοῦντες
1554 1602 1608 1629 τοῦ
1625 1602 1757 1637 βασιλέως
1773 1601 1822 1636 τὴν

1035 1651 1103 1677 ἰδίαν
1115 1649 1236 1686 δηλονότι
1253 1650 1377 1685 καρδίαν,
1393 1647 1450 1687 ἐνῇ
1466 1649 1637 1676 ἀναπαύεται
1651 1649 1664 1674 δ
1680 1648 1822 1683 Nepete;-

189 1689 234 1716 διὰ
246 1690 301 1725 γὰρ
313 1692 362 1726 τῆς
375 1691 468 1728 κλίνης
479 1693 528 1728 τὴν
545 1694 699 1721 ἀνάπαυσιν
712 1695 798 1731 δηλοῖ,
820 1696 854 1732 ἢν
868 1696 977 1723 ὁπλῖται
998 1697 1180 1731 φυλάττουσιν
1196 1697 1226 1723 ἐν
1240 1696 1361 1732 ἀπαθείᾳ
1374 1695 1421 1722 καὶ
1435 1695 1618 1731 καθαρότητι·
1650 1694 1687 1726 ὡς
1718 1694 1824 1728 ἐκθαμ-

191 1735 249 1762 δεῖν
259 1737 320 1768 τοὺς
340 1738 369 1764 ὲν
385 1739 474 1774 σκότῳ
493 1740 541 1766 καὶ
562 1741 636 1773 νυξὶν
660 1742 864 1777 ἐπηρεάζοντας
885 1743 1034 1779 δαίμονας·
1053 1743 1173 1779 κλίνηδέ
1187 1743 1274 1775 ἄλλως
1288 1743 1438 1778 ἐπίγνωσις
1468 1741 1555 1775 Θεοῦ,
1590 1741 1625 1769 δι’
1658 1739 1691 1776 ἧς
1721 1741 1824 1766 ἐπανα-

191 1783 307 1811 παύξται
319 1785 374 1817 τοῖς
389 1785 456 1820 πρὸς
472 1786 553 1813 αὐτὸν
569 1787 720 1821 ἐγγίζουσι.

228 1829 298 1857 Nili.
311 1844 348 1850 —
364 1830 477 1859 Lectum
490 1832 559 1860 dixit
572 1841 674 1869 corpus
700 1834 886 1868 Dominicum,
900 1843 979 1864 sexa-

192 1875 267 1909 ginta
278 1884 341 1903 vero
355 1877 450 1911 fortes,
471 1880 528 1907 sive
543 1881 606 1914 quis
622 1881 762 1916 angelicas
778 1882 851 1909 dicat
863 1882 980 1910 virtutes

193 1921 220 1947 in
237 1921 354 1949 circuitu
367 1923 486 1952 hominis
507 1925 651 1960 Dominici,
667 1927 745 1961 juxta
772 1927 838 1955 illud
856 1935 863 1954 :
887 1937 896 1954 ι
927 1928 982 1955 Ac—

193 1972 336 1994 cesserunt
346 1974 372 1996 et
392 1970 586 1998 ministrabant
610 1972 647 1999 illi
666 1972 702 2000 ".
725 1982 735 1998 ι
753 1972 786 2000 Et
804 1981 811 1999 :
832 1983 841 1999 ι
862 1974 976 2009 Angelis

196 2013 353 2041 mandatum
367 2019 409 2043 est
425 2016 457 2043 de
472 2021 498 2044 te
513 2017 550 2050 ιη
575 2027 584 2044 ι
601 2018 659 2046 sive
684 2019 791 2047 animas
807 2024 980 2053 sanctorum,

193 2066 227 2086 eo
241 2060 314 2094 quod
329 2061 416 2088 doctae
428 2062 482 2089 sint
497 2063 529 2090 ad
542 2064 664 2098 praelium
681 2065 814 2092 adversus
826 2065 980 2098 inimicum;

194 2106 234 2132 sic
247 2107 414 2139 nominatas,
430 2115 485 2135 non
501 2109 670 2136 aberraverit
692 2118 707 2137 a
721 2118 862 2145 congruo;
881 2111 929 2146 qui
954 2116 981 2138 et

194 2151 313 2185 gladium
341 2160 423 2188 super
447 2153 661 2188 femnrhabent,
678 2164 740 2183 nam
760 2161 787 2184 et
805 2157 852 2191 qui
880 2157 980 2192 agendi

1068 1835 1188 1862 Νείλου.
1203 1850 1240 1855 —
1257 1833 1366 1869 Κλίνην
1393 1833 1487 1868 εἴρηκε
1510 1831 1541 1858 τὺ
1560 1830 1700 1866 Κυριακδν
1727 1829 1822 1865 σῶμα¹

1034 1880 1167 1915 ἐξήκοντα
1183 1880 1211 1907 δὲ
1225 1880 1366 1912 δυνατοὺς,
1382 1879 1436 1906 εἴτε
1452 1887 1493 1909 τις
1513 1878 1563 1909 ’τὰς
1577 1877 1659 1911 ἁγίας
1679 1877 1736 1911 ἐρεῖ
1748 1876 1825 1902 δυνα-

1036 1934 1097 1960 μεις
1122 1926 1214 1960 κύκλῳ
1238 1925 1286 1951 τοῦ
1314 1924 1456 1960 Κυριακοῦ
1478 1923 1624 1959 ἀνθρώπου
1640 1942 1647 1955 ,
1683 1921 1754 1948 κατὰ
1777 1921 1824 1952 τὸ.

1038 1982 1046 1998 ι
1065 1973 1221 2008 Προσῆλοον
1233 1972 1281 2000 καὶ
1295 1972 1436 2007 διηκόνουν
1458 1970 1547 2006 αὐτῷ·
1567 1979 1577 1996 ι
1595 1971 1652 2001 καὶ,
1674 1979 1683 1995 ι
1705 1971 1761 2000 τοῖς
1775 1969 1826 2002 ἀγ-

1034 2018 1124 2052 γέλοις
1141 2018 1224 2045 αὐτοῦ
1247 2017 1397 2045 ἐντελεῖται
1424 2018 1489 2051 περὶ
1507 2015 1573 2042 σοῦ’
1595 2025 1604 2042 ι
1629 2015 1684 2042 εἴτε
1707 2015 1757 2046 τὰς
1771 2015 1826 2040 τῶν

1034 2064 1120 2098 ἁγίων
1133 2063 1222 2099 ψυχὰς
1233 2064 1282 2096 τὰς
1302 2063 1345 2091 διὰ
1357 2063 1387 2090 τὸ
1400 2062 1552 2097 δεδιδάχθαι
1580 2061 1626 2088 τὸν
1647 2061 1766 2094 πόλεμον
1781 2060 1826 2086 τὸν

1034 2110 1107 2137 κατὰ
1127 2110 1175 2136 τοῦ
1192 2109 1289 2146 ἐχθροῦ
1312 2108 1400 2140 οὕτως
1420 2107 1630 2143 ὠνομασμένας,
1649 2106 1698 2141 οὐχ
1714 2106 1825 2141 ἁμάρτῃ

1034 2156 1081 2182 τοῦ
1098 2156 1297 2191 προσήκοντος·
1316 2155 1427 2186 οἵτινες
1448 2153 1586 2190 ῥομφαίαν
1610 2153 1655 2179 ἐπὶ
1672 2152 1718 2179 τοῦ
1735 2152 1825 2187 μηροῦ

199 2198 354 2225 tacuitatem
369 2199 493 2227 oratione
524 2205 634 2233 ornant,
649 2204 676 2228 et
697 2202 842 2236 passiones
869 2203 978 2231 ratione

1035 2202 1196 2237 κατέχουσιν
1206 2210 1212 2217 ·
1226 2201 1251 2228 of
1274 2201 1329 2236 γὰρ
1344 2201 1392 2227 καὶ
1406 2200 1436 2227 τὸ
1461 2200 1614 2245 πρακτικὸν
1630 2200 1702 2233 λόγῳ
1720 2199 1826 2245 κοσμὴ-

196 2244 370 2275 mortificant.
384 2244 446 2279 jure
458 2246 557 2273 merito
572 2254 664 2281 regem
691 2247 816 2283 cingunt.
831 2248 980 2284 Sexaginta

197 2295 278 2323 porro
287 2297 401 2317 numero
411 2291 583 2325 appellantur
598 2292 712 2327 perfecti
728 2301 777 2328 per
792 2295 883 2322 omnia
892 2295 980 2324 effecti

195 2334 242 2368 qui
252 2339 278 2362 et
289 2339 448 2364 constanter
460 2343 491 2364 ac
510 2337 616 2366 fortiter
627 2339 670 2366 vix
683 2345 776 2367 erunt.
792 2339 888 2368 Cubus
903 2341 978 2368 enim

195 2386 222 2408 ιιι
232 2381 382 2416 quadratus
393 2391 523 2411 numerus
540 2385 693 2419 sexaginta,
710 2386 823 2421 aequalis
851 2387 980 2415 omnibus

195 2426 254 2453 suis
269 2427 388 2462 undique
403 2428 525 2463 partibus
538 2434 565 2457 et
578 2430 773 2464 inconcussus,
800 2439 834 2459 ex
860 2437 981 2467 quatuor

195 2473 351 2507 quindenis,
368 2477 396 2501 et
416 2482 464 2502 sex
481 2475 642 2508 dccaﬂibus,
668 2480 695 2504 et
722 2477 867 2505 duodecim
881 2478 980 2512 quina-

196 2518 245 2545 riis
270 2522 297 2545 et
325 2519 420 2554 viginti
440 2519 574 2549 triadibus
607 2526 755 2556 constans;
770 2526 852 2558 atque
873 2530 905 2551 ex
937 2524 982 2552 his

196 2572 274 2591 suam
290 2564 394 2593 habens
407 2565 562 2594 firmitatem
579 2575 611 2594 ac
636 2568 813 2595 densitatem.
831 2567 893 2595 Ideo
907 2569 979 2596 enim

196 2612 241 2645 qui
258 2611 326 2639 tales
338 2616 402 2639 sunt
421 2613 503 2640 etiam
518 2621 550 2640 ex
575 2613 693 2641 fortibus
709 2613 792 2641 Israel
810 2614 889 2641 eleCIi
917 2620 982 2643 sunt

198 2661 335 2691 tamquam
352 2657 470 2685 fortibus
487 2658 624 2686 fortiores.
656 2658 792 2687 Fortassis
807 2667 874 2687 vero
896 2660 980 2687 etiam

197 2703 244 2737 qui
265 2711 338 2731 nunc
354 2703 503 2731 Ecclesiam
524 2705 675 2732 defendunt
687 2709 716 2732 et
731 2706 815 2732 verbo
839 2709 866 2733 et
889 2706 980 2740 operi-

199 2748 450 2784 bus,procorpore
472 2749 574 2778 Christi
602 2750 777 2778 decertantes
805 2751 832 2778 iu
862 2751 979 2779 circuitu

237 2836 261 2852 "
277 2836 372 2864 Matth.
393 2844 430 2870 ια,
448 2837 494 2864 21.
550 2837 572 2853 ⁵³
586 2836 657 2864 Psul.
678 2845 719 2870 ac,
738 2836 782 2864 2|.

1035 2256 1140 2280 σαντες,
1153 2247 1240 2275 καὶτὸ
1256 2246 1410 2282 παθητικὸν
1433 2246 1503 2280 λόγῳ
1527 2244 1726 2280 νεκρώσαντες,
1750 2244 1825 2270 εὐλό-

1033 2303 1089 2328 γως
1104 2293 1232 2321 κυκλοῦσι
1249 2295 1294 2320 τὸν
1307 2292 1431 2328 βασιλέα,
1445 2291 1489 2327 Τῷ
1500 2291 1634 2326 ἐξήκοντα
1651 2291 1680 2316 δὲ
1695 2299 1817 2325 προσαγο

1035 2339 1158 2374 ρεύονται
1171 2338 1291 2374 ἀριθμῷ,
1312 2339 1413 2365 τέλειοι
1432 2337 1503 2364 κατὰ
1518 2337 1606 2363 πάντα
1632 2336 1824 2373 γεγενημένοι,

1034 2385 1082 2412 καὶ
1092 2384 1238 2419 βεϐηκότες
1253 2385 1368 2420 ἐδραίως
1391 2385 1438 2411 καὶ
1455 2383 1562 2418 παγίως
1574 2391 1581 2397 ·
1600 2382 1684 2414 κύὸος
1699 2383 1754 2417 γὰρ
1780 2382 1826 2408 καὶ

1033 2431 1204 2466 τετράγωνος
1216 2431 1344 2467 ἀριθμὸς,
1357 2431 1371 2457 ὁ
1382 2431 1525 2465 ἐξήκοντα,
1543 2429 1600 2460 ἶσος
1616 2430 1683 2455 πᾶσι
1695 2429 1751 2459 τοῖς
1763 2428 1826 2454 ἐαυ-

1034 2477 1082 2504 τοῦ
1099 2477 1233 2504 πάντοθεν
1248 2477 1345 2512 μέρεσι
1357 2484 1364 2492 ’
1382 2476 1430 2503 καὶ
1448 2475 1615 2507 ἀσάλευτος,
1633 2475 1666 2501 ἐκ
1682 2475 1825 2509 τέσσαρων

1036 2523 1117 2549 πέντε
1130 2522 1176 2549 καὶ
1188 2522 1319 2554 δεκάδων,
1339 2523 1387 2549 καὶ
1402 2521 1431 2554 ἐξ
1448 2520 1495 2548 καὶ
1509 2521 1629 2547 δεκάδων
1642 2540 1649 2552 ,
1665 2520 1713 2547 καὶ
1727 2519 1826 2546 πεντά-

1035 2569 1088 2596 δων
1097 2569 1126 2595 δὲ
1141 2569 1187 2596 καὶ
1200 2568 1247 2595 δύο
1260 2588 1267 2600 ,
1291 2569 1338 2595 καὶ
1361 2568 1479 2603 τριάδων
1495 2568 1582 2594 εἴκοσι
1606 2565 1760 2599 συνεστὼς,
1777 2565 1825 2591 καὶ

1033 2616 1136 2642 τούτων
1159 2615 1229 2651 ἔχων
1254 2615 1284 2642 τὺ
1311 2615 1456 2650 εἰρημένον
1469 2615 1580 2649 πάγιον.
1607 2613 1658 2640 Διὰ
1676 2611 1756 2639 τοῦτο
1771 2611 1825 2645 γὰρ

1034 2661 1111 2693 ὅντες
1123 2661 1239 2688 τοιοῦτοι
1256 2662 1303 2687 καὶ
1317 2661 1371 2687 ἀπὸ
1386 2660 1507 2687 δυνατῶν
1531 2659 1640 2695 Ἰσραὴλ
1661 2658 1825 2692 ἐξελέγησαν

1035 2707 1072 2738 ὡς
1088 2707 1209 2734 δυνατῶν
1222 2707 1419 2743 δυνατώτεροι·
1440 2707 1511 2742 τάχα
1532 2706 1561 2733 δὲ
1578 2706 1626 2732 καὶ
1642 2705 1667 2731 of
1688 2704 1735 2731 νῦν
1757 2712 1824 2738 προ-

1036 2752 1194 2786 ασλτίζοντες
1205 2753 1254 2789 τῆς
1270 2753 1444 2788 Ἐκκλησίας,
1462 2753 1509 2780 καὶ
1528 2752 1600 2787 λόγῳ
1623 2751 1670 2778 καὶ
1693 2749 1824 2786 πράξεσιν
