1966 3074
119 177 193 210 1629

586 174 855 206 COMMENTARII
876 174 919 204 ΙΝ
930 173 1090 204 CANTICA
1102 173 1249 203 CANTIC.

1686 166 1752 200 1630

117 232 350 269 ὑπερμαχοῦντες
373 230 420 258 τοῦ
450 229 575 266 αώματος
589 230 721 265 Χριστοῦ,
745 229 838 264 κύκλῳ
861 229 915 255 εἰσὶ

982 232 1030 255 υηι
1041 227 1104 255 lecti
1118 226 1286 254 Salomonis.
1304 224 1374 258 Quia
1389 224 1474 252 verbo
1487 223 1597 258 quidem
1613 222 1752 249 haereticis

118 281 174 314 τῆς
193 279 289 314 κλίνης
304 278 351 304 τοῦ
364 277 510 312 Σαλομών¹
527 277 572 302 διὰ
593 277 642 310 μὲν
666 275 714 302 τοῦ
735 274 914 302 ἀνθίστασθαι

118 326 164 361 τῷ
179 325 251 360 λόγῳ
265 325 322 355 τοῖς
333 324 493 359 αἱρετικοῖς,
507 323 536 348 ὲν
546 323 578 357 τῇ
592 321 665 357 χειρὶ
675 321 838 356 κατέχοντες
850 321 915 354 ῥομ-

120 372 228 405 φαίαν·
249 370 293 396 διὰ
317 370 346 396 δὲ
363 369 410 395 τοῦ
426 368 572 403 σωφρόνως
594 368 641 394 καὶ
670 366 812 402 ἐγκρατῶς
829 364 914 400 βιοῦν,

122 418 174 443 ἐπὶ
187 416 276 452 μηροῦ
287 415 336 450 τὴν
349 414 486 451 ῥομφαίαν
503 413 649 449 φοροῦντες
662 413 707 439 διὰ
720 413 782 443 τοὺς
795 419 916 445 νυκτερι-

122 464 190 494 νοὺς
203 461 315 497 φόϐους·
335 460 422 493 Ἀνὴρ
434 460 499 494 γὰρ,
515 459 592 494 φησὶ,
611 457 744 492 ῥομφαία
757 457 850 483 αὑτοῦ
866 455 916 482 ἐπὶ

125 507 183 534 τὸν
189 507 288 541 μηρὸν
300 506 394 533 αὐτοῦ
405 505 464 532 ἀπὸ
481 504 612 540 θάμϐους
622 504 657 530 ἐν
669 503 758 536 νυξίν
767 511 775 518 ·
793 502 823 528 οὐ
838 502 916 536 μόνον

123 554 182 588 γὰρ
193 554 258 584 τοὺς
272 552 405 587 φανεροὺς
416 551 530 586 ἐχθροὺς
542 550 654 577 ἔϐαλλον
664 550 721 581 τοῖς
731 550 780 584 τῆς
789 548 917 583 ἀληθείας

124 597 269 631 ἐλέγχοις,
294 596 361 623 ἀλλὰ
384 596 431 622 καὶ
451 596 501 627 τὰς
516 595 665 630 λαθραίους
693 593 843 624 δεδοικότες
866 593 917 619 ὲπ-

125 643 236 678 ηρείας,
246 642 289 668 διὰ
300 642 364 673 τοὺς
378 642 408 668 ὲν
419 642 576 676 σκοτομήνῃ
589 640 758 672 τοξεύοντας,
767 639 815 666 καὶ
829 640 857 665 ἐν
870 647 917 665 νυ-

125 688 174 715 κτὶ
187 687 283 722 ἔμενον
296 686 522 722 ὁπλοφοροῦντες,
545 687 595 717 τὰς
617 685 761 721 ἐφεδρείας
783 684 838 711 τῶν
855 685 917 710 ἐπι-

125 733 232 761 6ούλων
247 733 429 768 ὑφορώμενοι.

165 779 200 812 θ’,
216 782 243 805 ι’.
255 778 376 812 Φορεῖον
384 779 530 811 ἐποίησεν
542 777 638 810 ἐαυτῷ
662 779 678 805 ὁ
695 777 846 810 βασιλεὺς
862 778 919 804 Σα-

124 825 241 859 λομὼν,
256 825 316 851 ἀπὸ
335 824 437 856 ξύλων
449 824 501 850 τοῦ
518 825 648 851 Λιϐάνου
658 831 665 838 θ
682 824 816 855 στύλους
826 822 920 850 αὑτοῦ

125 872 275 904 ἐποίησεν
284 871 437 905 ἀργύριον,
446 870 495 896 καὶ
506 869 670 896 ἀνάκλιτον
678 869 772 896 αὑτοῦ
780 869 919 902 χρυσίον·

965 273 1100 301 resistunt
1119 273 1145 299 in
1163 279 1245 299 manu
1260 271 1366 306 gladios
1382 270 1513 296 habentes
1532 276 1539 295 :
1556 273 1585 295 at
1600 268 1666 303 quia
1682 272 1752 294 tem-

967 324 1093 353 peranter
1105 326 1136 346 ac
1152 318 1324 345 continenter
1335 316 1430 343 vivunt
1443 323 1524 349 super
1534 314 1622 341 femur
1630 313 1751 348 gladium

967 366 1085 392 ferentes
1103 368 1200 391 contra
1228 363 1341 390 timores
1366 366 1525 388 nocturnos.
1544 360 1590 386 Vir
1606 360 1689 390 enim,
1710 359 1752 385 in-

967 410 1036 444 quit,
1047 408 1153 443 gladius
1164 408 1221 442 eius
1246 401 1325 441 super
1343 407 1429 440 fetnur
1443 406 1501 439 ejus
1517 413 1532 431 a
1543 411 1638 439 pavore
1653 404 1681 429 in
1705 411 1754 429 no-

967 455 1061 482 eli/Ius.
1071 455 1130 482 Non
1146 454 1234 482 solum
1247 453 1318 480 enim
1343 452 1502 479 manifestos
1523 450 1646 478 inimicos
1664 449 1753 483 ejece—

967 506 1032 528 runt
1044 500 1213 536 argumentis
1223 499 1356 530 veritatis,
1367 505 1460 525 verum
1471 497 1553 524 etiam
1567 495 1753 522 clandestinos

969 548 1088 574 insultus
1114 553 1177 572 cum
1202 549 1365 577 metuerent,
1392 547 1504 579 propter
1517 550 1564 570 eos
1580 542 1624 576 qui
1640 541 1754 575 sagittas

968 592 1140 626 ejaculantur
1174 595 1253 617 nocte
1279 589 1368 620 illuni,
1403 590 1485 616 etiam
1514 588 1543 614 in
1569 591 1650 614 nocte
1675 593 1754 612 man-

971 637 1164 665 seruntarmis
1189 635 1490 671 induti,insidiantium
1518 633 1639 662 insultus
1666 631 1757 667 suspi-

970 688 1075 710 cantes.

1005 772 1090 799 Vnus.
1106 772 1133 804 9,
1151 772 1195 799 το.
1216 771 1357 799 Ferculum
1377 770 1500 804 fecitsiln'
1516 777 1562 796 rex
1574 768 1703 796 Salomon
1725 775 1757 795 ex

972 819 1050 853 lignis
1063 818 1168 844 Libani.
1181 817 1325 845 Columnas
1340 816 1399 850 ejus
1416 815 1475 849 fecit
1498 819 1635 848 argentum
1646 818 1670 840 et
1681 813 1758 839 ret-li.-

972 865 1105 892 notarium
1115 864 1171 898 ejus
1183 871 1315 893 aureum;
1331 870 1453 889 ascensus
1474 861 1531 894 ejus
1546 868 1679 894 purpura,
1696 858 1760 884 iutiw

126 902 266 950 ἐπίϐάσις
279 902 372 943 apem-3
388 917 536 950 πορφύρα,
550 915 637 948 ἐντὸς
653 916 705 941 αὐτ
711 915 746 942 οὗ
760 908 922 949 λιοόιγτρω-

979 911 1109 944 numejus
1126 909 1259 943 lapidibus
1270 913 1396 939 stratum,
1427 907 1587 934 charitatem
1610 914 1626 932 (ι
1651 904 1757 939 ﬁliabus

126 972 184 990 τον
196 972 203 979 ·
223 962 345 996 ἀγάπην
361 962 421 989 ἀπὸ
433 960 601 996 θυγατέρων
619 961 824 995 Ἰερουσαλήμ.

167 1009 324 1043 Θεοφίλου.
334 1023 369 1029 -
385 1007 469 1034 Ξύλον
496 1007 543 1034 τοῦ
560 1007 688 1039 Λιϐάνου,
709 1006 787 1033 Ῥοὺθ
802 1007 818 1042 ὴ
834 1007 920 1033 Μωα-

130 1054 213 1087 6ῖτις,
229 1053 259 1086 ἐξ
273 1051 304 1081 οὗ
316 1053 415 1080 Ἰεσσαί
424 1061 432 1068 ⁸
449 1054 559 1088 φορεῖον
572 1053 663 1080 τοίνυν
675 1052 733 1079 ἐστὶ
751 1053 782 1078 τὸ
799 1052 880 1087 σῶμα
891 1052 923 1079 τὸ

131 1099 283 1135 Κυριακόν.

170 1145 390 1180 Γρηγορίου.-
408 1145 470 1171 Ὀτι
488 1145 537 1179 μὲν
551 1143 598 1171 οὖν
614 1144 643 1171 ὲν
657 1144 766 1176 πολλοῖς
778 1143 921 1179 Σαλομὼν,

132 1192 174 1224 είς
188 1191 274 1218 τύπον
297 1191 345 1217 τοῦ
371 1189 498 1225 ἀληθινοῦ
517 1189 651 1224 βασιλέως
664 1189 922 1224 παραλαμϐάνεται,

132 1237 214 1272 δῆλον
228 1236 275 1264 καὶ
289 1236 321 1262 τὸ
337 1236 402 1272 περὶ
422 1235 469 1262 τοῦ
487 1235 592 1271 Κυρίου
614 1236 764 1270 μυστήριον
781 1236 810 1262 ὲν
825 1236 923 1270 ἐκείνῳ

132 1284 173 1318 τῷ
186 1283 325 1318 προσώπῳ
339 1282 518 1317 διαγράφεται
528 1289 535 1296 '
551 1280 596 1307 διὰ
611 1281 660 1316 τῆς
676 1281 723 1307 τοῦ
742 1281 851 1316 φορείου
866 1282 924 1307 τοί-

133 1338 182 1356 νυν
194 1327 380 1362 κατασκευῆς,
390 1328 407 1361 ἡ
426 1327 490 1362 περὶ
507 1326 586 1361 ἡμῶν
603 1326 745 1361 οἰκονομία
758 1326 804 1352 τοῦ
820 1326 922 1361 Κυρίου

133 1373 364 1408 διασημαίνεται’
381 1372 560 1407 πολυτρόπως
585 1371 642 1407 γὰρ
666 1372 681 1397 ὁ
712 1372 779 1403 Θεὸς
813 1373 842 1399 ὲν
867 1373 923 1404 τοῖς

134 1419 221 1451 ἀξίοις
235 1418 332 1445 ἑαυτοῦ
346 1417 452 1451 γίνεται
466 1425 473 1432 ·
497 1416 589 1448 καθὼς
605 1416 638 1443 ἂν
655 1416 768 1448 ἕκαστος
782 1417 831 1452 ἔχῃ
843 1417 923 1445 δυνά-

137 1464 210 1501 μεώς
223 1473 254 1491 τε
266 1464 314 1491 καὶ
341 1463 429 1496 ἀξίας,
456 1462 542 1495 οὕτως
556 1463 585 1490 ὲν
601 1463 708 1498 ἑκάστῳ
725 1463 869 1498 γινόμενος
881 1472 887 1479 ·
905 1464 922 1500 ἢ

135 1512 219 1541 ἵππος
235 1511 342 1546 εὐήνιος
356 1510 500 1545 δεχόμενος
512 1509 556 1544 ἐφ’
571 1509 669 1536 ἑαυτοῦ
685 1510 731 1536 τὸν
745 1509 847 1543 ἀγαθὸν
860 1510 924 1537 ἀνα-

135 1558 236 1593 ϐάτην·
248 1557 337 1589 οὕτως
355 1555 401 1584 οὖν
425 1557 494 1584 καὶὸ
508 1557 554 1584 τὸν
566 1557 632 1583 Θεὸν
646 1556 736 1592 ἑαυτῷ
754 1556 856 1591 φέρων.
875 1564 924 1590 φο-

137 1602 250 1638 ρεῖονᾶν
264 1602 378 1634 εἰκότως
391 1602 437 1629 τοῦ
454 1601 595 1637 εἰρηνικοῦ
609 1601 742 1637 βασιλέως
753 1600 924 1635 ὀνομάζοιτοο

137 1649 275 1684 Πολλαχοῦ
290 1649 319 1676 δὲ
333 1649 415 1675 πάλιν
428 1649 442 1675 ὁ
455 1648 571 1679 Λίϐανος
584 1649 614 1674 ὲν
627 1649 659 1683 τῇ
680 1648 775 1684 Γραφῇ
790 1647 839 1682 τὴν
855 1648 927 1674 ἀντι-

137 1696 268 1730 κειμένην
285 1695 454 1721 ἐνδείκνυται
468 1694 584 1729 δύναμιν
595 1702 602 1709 ·
621 1694 659 1724 ὡς
674 1694 703 1720 ὲν
722 1693 773 1729 τῷ,
801 1693 926 1727 Evrth-

137 1742 187 1775 ψει
201 1741 308 1774 Κύριος
322 1741 376 1773 τὰς
391 1739 518 1773 κέδροιις
530 1739 583 1766 τοῦ
596 1739 736 1770 Λιϐάνου.
751 1738 802 1766 καὶ
815 1741 927 1766 λεπτυ-

137 1786 186 1813 νεῖ
201 1786 304 1818 αὑτὰς,
324 1786 370 1812 καὶ
380 1786 414 1812 τὰ
428 1785 502 1821 ἑξῆς.
517 1785 666 1820 Δηλοῦντος
678 1785 725 1811 τοῦ
738 1785 827 1819 λόγου,
846 1785 927 1811 ὅτιού

139 1831 220 1866 μόνον
230 1831 265 1857 τὰ
277 1831 412 1864 ὲκφυέντα
423 1831 499 1865 παρὰ
512 1830 563 1864 τῆς
579 1829 773 1864 ἀντικειμένης
787 1828 928 1864 δυνάμεως

138 1877 224 1908 κακὰ,
241 1876 309 1903 ἀλλὰ
334 1876 382 1902 καὶ
403 1876 470 1902 αὐτὸ
483 1875 513 1902 τὸ
524 1875 597 1910 ὅρος,
615 1877 632 1910 ἡ
646 1875 740 1911 πρώτη
767 1875 812 1901 τοῦ
842 1874 928 1901 κακοῦ

139 1922 214 1958 ῥίζα,
230 1923 260 1948 τὸ
273 1922 426 1956 ὑποτρέφον
445 1921 499 1948 τῶν
514 1921 644 1947 τοιούτων
663 1920 767 1956 κέδρων
796 1920 845 1956 τὴν
862 1920 929 1956 ὕλην

139 1970 180 2000 εἰς
195 1969 225 1995 τὸ
241 1969 278 2003 μὴ
288 1968 317 1994 ὃν
330 1968 536 2002 περιστήσεται.
557 1966 662 1994 Οὐκοῦν
677 1968 758 2002 ἡμεῖς
773 1965 845 2002 ἦμέν
862 1975 929 1993 ποτε

137 2013 188 2040 τοῦ
204 2013 322 2040 Διῦἀνου
351 2011 427 2044 ξύλα,
441 2012 495 2043 ἓως
513 2012 546 2039 ἂν
560 2012 656 2046 ἐκείνῳ
670 2009 741 2047 ἦμεν
758 2012 929 2047 ἑριζωμένοι,

138 2059 184 2086 διὰ
192 2067 221 2085 τε
232 2058 279 2085 τοῦ
291 2057 410 2093 πονηροῦ
419 2058 477 2093 βίου
491 2059 540 2084 xal
555 2058 605 2092 τῆς
616 2058 670 2084 τῶν
680 2058 798 2085 εἰδώλων
809 2058 928 2092 ἀπάτης·

139 2104 201 2132 ἀλλ’
215 2104 309 2139 ἐπειδὴ
325 2103 429 2129 ἐκεῖθεν
440 2103 494 2129 ὑπὸ
509 2103 557 2138 τῆς
571 2103 683 2138 λογικῆς
694 2103 788 2139 ὰξίνης
810 2103 932 2138 ἐτμήθη-

141 2160 206 2186 μεν,
236 2150 285 2176 καὶ
301 2152 328 2176 ὲν
341 2151 400 2180 ταῖς
430 2149 477 2176 τοῦ
501 2149 622 2184 τεχνίτου
651 2149 746 2184 χερσὶν
769 2149 931 2184 ἐγενόμεθα,

140 2197 252 2231 φορεῖον
269 2196 343 2231 ἡμᾶς
364 2195 460 2222 ἑαυτοῦ
475 2195 598 2230 ἐποίησε,
615 2194 863 2229 μεταστοιχειώσας
885 2194 932 2220 τοῦ

971 956 1132 984 Jerusalem.

1010 1002 1157 1036 Theophili.
1174 1015 1210 1023 -—
1222 1000 1338 1036 Lignum
1353 998 1450 1026 Libani
1470 1001 1513 1025 est
1531 996 1603 1023 Ruth
1629 994 1759 1022 Moabitis

972 1057 1032 1085 quae
1042 1049 1146 1084 peperit
1161 1046 1246 1074 Jobed
1262 1052 1290 1073 et.
1320 1044 1411 1073 Iesse.
1438 1043 1584 1071 Ferculum
1603 1041 1686 1076 igitur
1717 1043 1760 1067 est

973 1103 1072 1130 corpus
1086 1094 1268 1121 Dominicum.

1010 1138 1219 1175 Gregorii.—ln
1238 1137 1331 1164 multis
1352 1136 1460 1172 quidem
1480 1142 1569 1170 regem
1586 1132 1760 1160 Salomonem

973 1187 1001 1215 in
1019 1191 1112 1222 typum
1124 1185 1182 1212 veri
1197 1184 1271 1218 regis
1280 1183 1383 1210 assumi
1396 1181 1571 1209 manifestum
1583 1183 1636 1210 est.
1651 1186 1683 1206 ac
1708 1178 1761 1204 Do-

973 1232 1041 1259 mini
1070 1230 1230 1266 mysterium
1255 1229 1282 1255 in
1298 1228 1386 1262 ipsius
1402 1234 1519 1262 persona
1537 1224 1668 1253 describi.
1707 1223 1761 1249 Per

973 1278 1068 1306 ferculi
1087 1277 1169 1312 igitur
1184 1274 1415 1302 constructionem
1439 1272 1473 1300 de
1494 1272 1571 1299 nobis
1589 1269 1694 1297 Domini
1721 1268 1764 1295 di-

973 1323 1114 1359 spensatio
1126 1320 1316 1356 significatur;
1332 1319 1427 1346 multis
1443 1319 1515 1346 enim
1533 1317 1620 1344 modis
1632 1319 1674 1343 est
1687 1315 1760 1341 Deus

973 1370 1000 1397 in
1016 1369 1056 1396 eis
1075 1368 1121 1403 qui
1136 1372 1200 1395 sunt
1212 1374 1242 1394 se
1271 1365 1357 1400 digni,
1376 1367 1457 1399 prout
1475 1363 1520 1391 flet
1547 1361 1764 1396 uniuscujusque

974 1416 1091 1444 facultas
1107 1419 1133 1442 et
1147 1414 1279 1449 dignitas,
1293 1413 1333 1440 sic
1345 1412 1371 1438 in
1384 1417 1549 1446 unoquoque
1563 1408 1708 1436 exsistens.
1721 1406 1765 1433 Fit

973 1463 1046 1492 enim
1069 1461 1172 1496 aliquis
1188 1459 1298 1495 quidem
1314 1459 1390 1486 locus
1408 1458 1465 1489 llei,
1477 1457 1548 1484 alius
1563 1462 1628 1482 vero
1653 1454 1763 1483 domus.

973 1509 1043 1536 alius
1064 1512 1155 1535 autem
1172 1506 1263 1537 sedes,
1278 1510 1305 1534 et
1327 1506 1397 1532 alius
1428 1503 1590 1532 scabellum.
1612 1501 1660 1528 Est
1681 1500 1763 1527 etiam

937 1568 960 1599 ρ
976 1555 1076 1590 aliquis
1085 1554 1129 1589 qui
1142 1553 1257 1582 ell'ectus
1267 1552 1304 1580 sit
1321 1559 1432 1581 currus,
1449 1549 1492 1577 vel
1506 1555 1593 1583 eqttus
1608 1547 1653 1582 qui
1676 1545 1763 1572 hahe-

977 1601 1021 1629 nis
1035 1600 1114 1628 facile
1129 1599 1244 1634 regitur.
1268 1597 1424 1631 suscipiens
1452 1595 1555 1622 bonum
1574 1600 1653 1620 suum
1671 1598 1765 1619 sesso-

977 1653 1045 1674 rem.
1057 1645 1102 1672 Sic
1117 1645 1200 1680 igitur
1217 1644 1301 1671 etiam
1317 1643 1364 1678 qui
1379 1642 1461 1668 Deum
1478 1641 1504 1667 in
1520 1640 1612 1674 seipso
1629 1637 1692 1667 fort.
1703 1637 1765 1670 jure

977 1691 1077 1719 merito
1104 1689 1238 1718 ferculum
1256 1688 1364 1724 pacifici
1385 1686 1459 1721 regis
1472 1684 1640 1712 nominetur.
1673 1680 1765 1708 Multis

977 1744 1087 1764 rursum
1103 1735 1172 1763 locis
1183 1734 1305 1761 Libanus
1323 1733 1350 1759 in
1373 1731 1513 1766 Scriptura
1529 1729 1630 1756 indicat
1639 1727 1766 1754 adversa-

980 1782 1049 1809 riam
1065 1785 1230 1817 potestatem
1244 1786 1274 1807 ut
1294 1779 1321 1806 in
1336 1779 1390 1806 isto
1412 1787 1417 1804 :
1439 1786 1448 1803 ‹
1474 1777 1604 1803 Conteret
1633 1774 1766 1800 Dominus

979 1829 1076 1856 cedros
1087 1827 1183 1854 Libani
1195 1830 1222 1853 et
1234 1826 1403 1853 comminuet
1423 1831 1471 1851 eas
1486 1824 1520 1854 ⁵⁵,
1536 1826 1591 1849 etc.
1610 1831 1619 1847 ι
1649 1820 1702 1847 l‘er
1722 1819 1768 1846 Li-

979 1875 1079 1902 banum
1092 1872 1264 1907 signiﬁcante
1278 1877 1415 1901 sermone,
1431 1867 1504 1904 quod
1517 1875 1570 1895 non
1583 1867 1671 1894 solum
1698 1864 1768 1892 mala

979 1927 1041 1955 que
1057 1923 1116 1946 orta
1130 1922 1238 1945 suntex
1254 1915 1413 1944 adversaria
1442 1917 1587 1948 potestate,
1615 1911 1662 1939 sed
1684 1910 1767 1938 etiam

980 1966 1039 2001 ipse
1059 1972 1138 1992 muns
1155 1963 1241 1997 prima
1260 1962 1323 1988 mali
1342 1960 1422 1988 radix
1442 1959 1488 1994 qui
1504 1958 1574 1984 clam
1595 1956 1668 1983 fovet
1694 1955 1769 1988 ejus-

980 2000 1053 2040 modi
1069 2011 1215 2038 cedrorum
1243 2009 1347 2044 sylvam
1367 2006 1400 2032 ad
1419 2004 1534 2031 nihilum
1554 2002 1704 2037 redigetur.
1715 2000 1770 2026 Nos

980 2059 1063 2095 igitur
1077 2057 1180 2085 fuimus
1203 2053 1352 2089 aliquando
1377 2052 1447 2087 ligna
1464 2049 1572 2082 Libani,
1585 2048 1648 2075 dum
1666 2047 1694 2073 in
1723 2046 1771 2072 illo

981 2091 1088 2133 radices
1102 2108 1249 2138 ageremus
1261 2107 1310 2135 per
1323 2098 1423 2125 malam
1441 2097 1525 2123 vitam
1542 2097 1569 2122 et
1581 2101 1630 2129 per
1645 2091 1769 2119 fraudem

982 2137 1137 2178 daemonum
1153 2157 1159 2175 :
1177 2145 1226 2175 sed
1259 2149 1404 2181 p05tquam
1430 2142 1507 2169 illinc
1533 2148 1582 2175 per
1609 2137 1770 2166 rationalem

983 2197 1101 2225 securim
1117 2193 1202 2222 excisi
1216 2199 1313 2220 sumus
1327 2193 1355 2217 et
1369 2189 1473 2217 fuimus
1504 2186 1531 2214 in
1559 2184 1686 2212 manibus
1703 2181 1771 2208 arti-

141 2226 223 2276 ξύλου
236 2226 387 2276 τὴνηφῦυιν,
405 2241 450 2268 διὰ
461 2242 511 2277 τῆς
522 2226 732 2276 παλιγγενεσίας
747 2226 787 2272 είς
797 2240 925 2277 ἀργύριον

985 2243 1055 2274 ficis.
1072 2241 1095 2268 is
1110 2248 1160 2267 nos
1173 2245 1252 2267 suum
1262 2236 1328 2264 fecit
1340 2234 1486 2265 ferculum,
1503 2234 1684 2259 transmutata
1705 2226 1772 2262 ligni

142 2289 191 2315 καὶ
209 2289 332 2324 χρυσίον,
347 2289 394 2315 καὶ
412 2289 452 2319 είς
469 2287 570 2322 εὐανθῆ
595 2287 749 2323 πορφύραν,
767 2288 815 2315 καὶ
833 2288 873 2320 είς
885 2287 935 2319 τὰς

141 2334 197 2360 τῶν
229 2334 407 2369 χαρισμάτων
432 2330 630 2369 διανομὰς-*ρ
651 2332 708 2366 μὲν
726 2332 781 2367 γὰρ
808 2331 934 2364 δίδοται,

142 2380 270 2408 meam
277 2378 450 2410 Ἀπόο-τολον,
457 2379 549 2412 λόγος
558 2378 680 2412 σοφίας,
689 2377 774 2409 ἄλλῳ
787 2377 935 2411 χαρίσμα-

143 2435 181 2453 τα
201 2425 394 2459 προφητείας,
412 2424 483 2459 ἄλλῳ
492 2424 520 2450 δὲ
533 2423 596 2450 ἄλλο
609 2431 634 2449 τι
649 2422 703 2449 τῶν
729 2422 935 2457 ἐνεργημάτων,

143 2473 216 2507 προς
226 2472 241 2497 ὃ
256 2470 362 2504 πέφυκέ
373 2479 404 2496 τε
419 2470 466 2496 καὶ
478 2469 591 2496 δύναται
604 2469 720 2499 ἕκαστος
734 2469 782 2504 τὴν
793 2468 874 2503 χάριν
890 2467 935 2494 δέ-

144 2518 263 2552 ξασθαι·
282 2516 448 2552 ἦὸφθαλμὺς
471 2515 519 2542 τοῦ
549 2515 676 2550 σώματος
699 2516 749 2550 τῆς
768 2515 935 2551 Ἐκιιλησίας

143 2564 305 2599 γενόμενος,
324 2563 341 2599 ἣ
357 2565 397 2594 εις
419 2565 514 2598 χεῖρας
531 2562 709 2596 τασσόμενος,
729 2561 746 2596 ἢ
768 2562 829 2588 ἀντὶ
856 2561 937 2592 ποδὸς

144 2608 349 2644 ὑποστηρίζωψ
360 2608 430 2635 οὕτω
440 2608 486 2634 καὶ
499 2609 527 2634 ὲν
537 2608 569 2642 τῇ
584 2607 631 2633 τοῦ
643 2607 752 2642 φορείου
768 2607 937 2641 κατασκευῇ,

143 2657 158 2685 ὁ
171 2655 224 2690 μέν
249 2663 292 2686 τις
318 2654 423 2687 στύλος,
437 2655 451 2680 ὸ
463 2654 492 2680 δὲ
504 2653 631 2684 ὲπίϐασις
661 2653 778 2686 γίνεται,
802 2652 896 2687 ἕτερος
906 2651 937 2678 τὸ

145 2701 217 2736 πρὸς
231 2701 266 2734 τῇ
279 2700 383 2734 κεφαλῇ
409 2699 500 2734 μέρος,
513 2698 526 2724 ὃ
537 2698 681 2725 ἀνάκλιτον
699 2697 793 2733 φησίν.
809 2697 869 2723 Εἰσὶ
881 2696 937 2723 τοί-

144 2756 195 2774 νυν
209 2745 341 2782 ἀργύριον
358 2746 417 2781 μὲν,
428 2746 452 2772 οἱ
469 2745 559 2771 στύλοι
580 2744 629 2771 τοῦ
644 2744 772 2779 φορείου·
789 2743 855 2770 αἰδὲ
871 2742 935 2769 τού-

144 2802 202 2825 των
228 2793 332 2828 βάσεις,
359 2791 488 2827 πορφύρα
499 2799 506 2806 ·
521 2792 553 2818 ἐκ
567 2791 679 2827 χρυσίου
694 2789 722 2817 δὲ
738 2790 767 2816 τὸ
779 2789 935 2821 ἀνάκλιτον,

203 2882 226 2898 ⁸⁵
239 2880 310 2908 Psal.
329 2888 425 2911 xsvut,
444 2880 470 2912 Ei,
486 2880 511 2907 6.
568 2880 591 2895 ⁸⁸
608 2878 628 2907 ll
645 2879 707 2907 Cor.
721 2887 769 2913 ιιι,
782 2879 808 2907 8.

983 2292 1081 2316 natura
1098 2293 1146 2321 per
1159 2282 1396 2320 regenerationem
1414 2281 1441 2307 in
1456 2281 1600 2313 argentum
1613 2280 1641 2303 et
1662 2281 1772 2305 aurum,

984 2338 1012 2362 et
1028 2334 1172 2360 florentem
1189 2335 1351 2365 purpuram.
1365 2326 1432 2353 etin
1462 2323 1623 2358 splendores
1652 2326 1772 2355 gemma-

984 2364 1202 2410 rum,niiuirum
1227 2375 1254 2401 in
1274 2371 1485 2401 distributiones
1511 2369 1675 2404 gratiarum.
1705 2364 1775 2391 Nam

986 2425 1033 2452 alii
1055 2423 1171 2458 quidem,
1199 2419 1349 2449 secundum
1372 2416 1547 2452 Apostolum,
1576 2415 1657 2441 datur
1689 2419 1776 2439 sermo

986 2456 1133 2505 sapientia}.
1150 2469 1199 2495 alii
1218 2467 1315 2494 donum
1341 2463 1485 2498 prophetia:
1497 2462 1543 2495 59;
1561 2460 1607 2487 alii
1635 2465 1699 2485 vero
1724 2456 1775 2483 ali-

985 2502 1040 2552 qua
1069 2516 1123 2542 alia
1150 2513 1338 2548 operationum
1356 2531 1364 2543 ,
1390 2512 1471 2544 prout
1500 2510 1544 2534 est
1578 2502 1776 2537 unusquisque

987 2545 1067 2595 aptus
1096 2563 1196 2587 natura
1223 2562 1249 2586 et
1275 2560 1366 2592 potest
1392 2554 1534 2588 suscipere
1565 2550 1704 2587 gratiam;
1734 2545 1776 2573 vel

986 2608 1083 2635 oculus
1091 2605 1217 2641 corporis
1229 2603 1359 2631 Ecclesiae
1369 2601 1468 2632 factus,
1483 2599 1524 2626 vel
1538 2602 1668 2624 manuum
1683 2598 1777 2620 tenens

989 2653 1091 2684 locum,
1119 2652 1161 2679 vel
1182 2651 1243 2677 loco
1258 2649 1335 2684 pedis
1345 2647 1464 2674 fulciens
1495 2651 1528 2671 ac
1559 2641 1711 2670 stabiliens.
1738 2638 1776 2664 lta

990 2699 1072 2726 etiam
1103 2697 1131 2724 in
1159 2696 1255 2724 ferculi
1271 2692 1479 2722 constructione
1506 2689 1576 2716 alius
1604 2685 1715 2721 quidem
1736 2686 1778 2710 est

990 2744 1130 2776 columna,
1153 2743 1223 2769 alius
1239 2748 1304 2768 vero
1326 2744 1469 2769 ascensus,
1498 2734 1568 2761 alius
1587 2738 1656 2759 vero
1680 2732 1723 2757 est
1745 2735 1778 2755 ea

991 2798 1054 2825 pars
1069 2797 1128 2825 quae
1139 2792 1181 2817 cst
1191 2787 1223 2815 ad
1237 2789 1330 2822 caput,
1343 2783 1415 2820 quod
1438 2780 1547 2810 vocavit
1560 2775 1777 2806 reclinatorinm,
