1966 3074
196 135 262 168 1631

858 138 1036 171 PROCOPII
1053 139 1176 170 GAZrEl

1761 136 1829 169 1632

194 192 223 219 in
239 199 294 226 quo
308 196 390 226 capttt
399 199 478 219 suum
495 192 631 228 Sponsus,
648 193 762 221 reclinat
782 203 789 222 :
805 195 921 230 gemmis
932 202 981 221 au-

1038 195 1059 219 ὲν
1070 190 1092 227 ᾧ
1109 194 1158 228 τὴν
1182 193 1305 228 κεφαλὴν
1322 191 1406 219 αὑτοῦ
1439 189 1524 218 κλίνει
1541 191 1555 218 ὸ
1573 190 1714 226 Νυμφίος’
1725 192 1782 223 τοῖς
1798 191 1828 219 δὲ

195 243 250 265 tetu
266 241 293 265 et
308 237 445 273 lapidibus
473 239 602 273 pretiosis
629 240 754 267 variatur
781 241 913 275 quidquid
941 245 984 268 est

195 283 281 311 intus.
315 284 409 318 Itaque
438 284 573 312 columnae
588 285 699 320 quidem
723 286 906 321 intelligenda!
934 294 983 320 pro

195 328 327 356 Ecclesiae
352 330 500 362 columnis,
518 331 620 366 quibus
648 331 731 367 plane
752 339 850 367 purum
872 337 899 359 et
921 333 984 367 igne

195 376 382 403 examinatum
407 380 551 412 argentum
582 381 625 404 est
665 378 803 412 eloquium
835 378 909 413 regni
949 378 983 405 ad

196 422 340 449 sublimem
357 423 475 450 evehens
492 423 554 450 vitae
566 424 712 451 rationem.
730 423 899 458 Prmeipuum
910 424 983 451 enim

195 466 273 500 regni
291 465 422 493 indicium
443 471 573 494 censetur
589 475 652 496 esse
673 475 796 503 purpura
816 476 823 494 :
841 468 984 503 principa-

195 515 253 538 tum
274 516 364 539 autem
382 512 509 541 obtinens
533 513 650 541 facultas
669 514 695 540 iu
717 521 771 549 qua
793 519 877 549 caput
901 522 983 542 suum

195 557 310 585 reclinet
339 558 362 586 is
374 559 420 593 qui
450 559 605 586 construxit
627 558 774 592 ferculum,
791 564 833 587 est
850 567 983 595 purorum

195 603 352 638 dogmatum
370 611 477 631 aurum.
490 603 666 639 Qurecunque
679 609 771 632 autem
786 605 871 632 latent
887 610 915 633 et
928 613 984 633 non

196 654 328 683 apparent
339 650 507 677 decorantur
522 658 591 685 pura
617 658 788 685 gemmarum
801 651 984 684 conseientia,

195 696 295 730 quibus
315 696 443 724 omnibus
462 700 570 724 constat
588 696 711 724 charitas
739 696 857 724 ﬁliarum
872 696 985 725 Jerusa~

195 741 259 768 lem.
284 740 312 769 Si
333 743 396 777 quis
411 746 500 769 autem
518 742 583 769 velit
603 741 738 769 ferculum
751 738 866 777 qu'idem
892 743 985 771 dicere

197 787 354 814 universam
370 788 534 821 Ecclesiam,
546 788 650 815 dividat
666 793 759 815 autem
772 796 807 816 ex
821 788 984 817 differentiis

196 832 388 866 operationum
408 833 435 860 itt
459 841 593 868 personas
626 834 734 869 aliquas
753 839 847 870 partes
873 835 982 869 ferculi,

195 878 236 906 sic
255 886 363 913 quoque
377 883 420 907 est
433 879 593 907 facillimum
608 880 759 916 unicuique
780 881 872 908 ordini
883 888 981 908 eorum

195 924 249 958 qui-
273 928 337 951 sunt
369 925 396 952 in
422 925 543 953 Ecclesia
572 926 704 959 adaptare
736 931 830 961 partes
862 926 982 954 ferculi:

197 979 207 996 c
225 970 319 998 Posuit
335 971 407 998 enim
431 971 501 998 Deus
513 972 539 998 in
555 971 676 1000 Ecclesia
697 973 814 1007 primum
831 973 982 1007 apostolos,

195 1015 346 1042 secundum
364 1016 512 1050 prophetas
527 1016 563 1046 ⁸⁷,
581 1020 638 1044 etc.
661 1026 670 1042 ι
699 1017 738 1043 Ita
756 1021 787 1044 ut
801 1024 849 1052 per
862 1017 919 1044 haec
936 1025 986 1044 uo-

194 1060 269 1087 mina
284 1067 343 1094 quae
352 1061 384 1087 ad
400 1061 539 1095 opificium
557 1061 652 1089 ferculi
668 1063 816 1097 pertinent,
826 1064 985 1091 sacerdotes

194 1114 227 1134 ac
242 1107 369 1135 doctores
386 1108 585 1142 intelligantur,
597 1115 624 1136 et
646 1110 831 1137 venerandam
851 1118 915 1138 esse
929 1110 986 1136 vir-

194 1152 335 1186 ginitatem
353 1161 414 1189 quae
433 1154 459 1181 in
489 1154 593 1182 fercu'o
619 1155 763 1188 virtutum,
781 1157 902 1191 puritate
925 1161 985 1184 tan-

194 1207 277 1234 quam
292 1201 378 1228 radiis
393 1201 556 1236 quibusdam
588 1203 772 1236 pretiosorunt
789 1203 912 1238 lapidum
940 1211 987 1231 co-

194 1251 286 1274 ruscct
304 1256 312 1273 :
328 1254 360 1273 ac
377 1256 423 1282 per
437 1248 499 1275 vitae
517 1249 664 1283 puritatem
677 1257 804 1284 superna:
830 1250 982 1279 Jerusalem

196 1292 266 1321 ﬁlias
277 1293 395 1320 ostendi.
407 1293 433 1320 iu
450 1294 552 1329 quibus
571 1294 616 1321 Dei
633 1295 754 1324 charitas
772 1301 916 1332 operatur.

235 1422 301 1451 Nili.
317 1438 352 1444 —
365 1423 512 1453 Ferculum
525 1431 568 1454 est
582 1431 723 1461 gestamen
736 1429 794 1456 sedi
812 1429 901 1458 simile
912 1431 986 1465 quod

195 1469 297 1504 excipit
315 1469 455 1498 sedentem
473 1480 480 1498 :
497 1472 549 1500 hoc
565 1478 655 1500 autem
673 1473 792 1502 fortasse
809 1475 912 1503 Paulus
942 1480 986 1504 est

199 1525 208 1541 ι
228 1523 276 1543 vas
290 1517 470 1545 electionis".
489 1527 499 1544 ›
514 1518 621 1546 Etenim
640 1520 769 1548 thronum
798 1522 889 1558 ipsum
904 1527 985 1550 vocat

196 1561 330 1596 sapientia
345 1563 409 1590 alibi
423 1563 518 1599 dicens
537 1573 544 1592 :
564 1574 574 1590 ‹
592 1566 709 1594 Aderam
740 1575 801 1595 cum
830 1575 987 1598 secerneret

196 1616 276 1636 suam
294 1610 386 1637 sedem
403 1617 486 1645 super
501 1615 596 1640 ventos
611 1613 645 1639 ⁸³³.
659 1621 669 1638 ι
690 1612 778 1648 Super
792 1619 888 1642 ventos
897 1620 986 1643 autent

196 1660 321 1683 secretus
334 1656 383 1683 fuit
400 1664 449 1691 per
465 1657 666 1685 multitudinem
700 1660 881 1687 tentationum
895 1668 927 1688 ac
940 1669 988 1697 pe-

196 1702 358 1734 riculorum,
372 1707 398 1730 et
412 1703 476 1737 quia
489 1703 595 1730 ferebat
609 1712 718 1740 semper
732 1713 764 1733 ac
779 1705 928 1740 referebat,
944 1708 987 1736 vel

196 1749 278 1775 etiam
291 1749 355 1783 quia
375 1749 479 1777 levibus
495 1751 612 1784 pedibus
638 1752 816 1786 percurrebat
829 1754 987 1781 universum

197 1794 290 1821 orbctu
320 1794 412 1822 studio
440 1796 655 1831 praedicationis.
670 1796 816 1826 Ferculum
833 1799 916 1834 igitur
945 1800 988 1827 hic

197 1843 255 1873 est;
269 1845 386 1868 mentem
402 1842 512 1876 quidem
531 1843 631 1870 habens
646 1851 758 1871 aureum
782 1844 986 1872 reclinatorium

198 1886 227 1912 in
240 1894 295 1920 quo
313 1886 437 1921 Sponsus
453 1888 612 1923 requiescit.
640 1897 795 1917 sermonem
808 1899 871 1918 vero
879 1892 988 1919 colum-

198 1940 249 1959 nas
261 1933 377 1968 argenti.
391 1933 481 1961 Verbo
500 1935 573 1962 enim
591 1936 743 1970 apostolico
761 1937 887 1964 tinuatur
898 1939 988 1966 eccle-

199 1979 310 2006 siastica
324 1980 492 2014 pratdicatio.
508 1981 647 2009 Columna:
660 1982 745 2018 igitur
761 1988 826 2011 sunt
841 1992 986 2013 sermones

199 2029 310 2058 propter
324 2024 482 2053 ﬁrmitatem
497 2031 524 2054 et
556 2027 825 2062 immutabilitatem;
844 2033 986 2065 argentum

198 2077 263 2097 vero
274 2075 385 2105 propter
399 2072 587 2106 probationem
597 2078 624 2100 et
633 2073 843 2102 indeﬁcientiam
852 2075 987 2110 Apostoli.

198 2115 269 2148 Quin
285 2121 311 2143 et
325 2123 459 2144 ascensus
477 2118 542 2144 huic
558 2122 600 2144 est
617 2126 738 2153 purpura
757 2127 842 2146 :nam
870 2121 917 2155 qui
940 2129 989 2156 per

197 2163 259 2196 ejus
274 2171 416 2191 sermones
431 2163 560 2191 incedunt
573 2164 606 2190 ad
624 2173 737 2199 regnum
764 2166 898 2193 ecclorum
923 2175 988 2202 per-

1034 239 1136 274 τιμίοις
1152 238 1237 270 λίθοις
1249 238 1279 264 τὸ
1294 238 1367 264 ἔνδον
1379 237 1454 264 ἅπαν
1482 236 1739 264 καταπεποίκιλται.
1756 237 1828 263 Οὐκ-

1034 283 1083 310 οῦν
1099 283 1212 315 στύλους
1230 283 1279 319 μὲν
1303 283 1425 317 νοητέον,
1441 283 1490 317 τῆς
1507 281 1672 317 Ἐκκλησίας
1682 282 1747 312 τοὺς
1763 281 1826 308 στύ-

1035 328 1098 360 λους
1107 336 1113 343 ·
1130 327 1170 360 οἷς
1182 328 1307 364 ἀκριὸῶς
1322 328 1455 364 ἀργύριον
1467 327 1587 362 καθαρὸν
1599 327 1646 353 καὶ
1662 327 1828 361 πεπυρωμέ-

1034 382 1080 400 νον
1094 375 1108 400 ὁ
1122 374 1202 408 λόγος
1227 374 1324 400 ὲστὶνό
1334 373 1386 408 τῆς
1405 372 1553 408 βασιλείας.
1569 372 1598 398 ἐν
1607 371 1645 407 τῷ
1663 372 1758 407 ὑψηλῷ
1779 373 1828 407 τῆς

1035 419 1173 451 πολιτείας
1205 418 1390 454 ἐπιϐεϐηκώς.
1414 418 1570 454 Ἐεαίρετον
1596 418 1651 453 γὰρ
1682 418 1828 453 γνώρισμα

1034 464 1085 500 τῆς
1108 464 1246 500 βασιλείας
1262 465 1279 499 ὴ
1297 463 1425 500 πορφύρα
1444 463 1604 499 νομίζεται·
1615 463 1648 490 τὸ
1659 463 1687 490 δὲ
1701 464 1829 498 ἡγεμονι-

1035 509 1083 536 κὺν
1107 509 1198 536 αὐτῶν
1210 511 1238 536 ὲν
1251 506 1274 544 ᾧ
1289 509 1337 545 τὴν
1366 510 1489 544 κεφαλὴν
1499 509 1586 535 αὐτοῦ
1603 509 1690 536 κλίνει
1706 508 1720 534 ὸ
1735 509 1765 535 τὸ
1782 518 1830 543 φο-

1037 556 1108 589 ρεῖον
1128 555 1350 587 κατασκευάσας,
1374 555 1405 581 τὺ
1435 556 1489 582 τῶν
1522 555 1652 590 καθαρῶν
1677 555 1824 589 δογμάτων

1035 601 1147 636 χρυσίον
1163 601 1307 628 ἐστίν-ὃσα
1317 601 1344 627 δὲ
1353 601 1445 636 ἀφανῆ
1459 609 1489 627 τε
1501 601 1548 627 καὶ
1560 600 1663 634 κρύφια
1671 601 1704 636 τῇ
1719 600 1830 635 καθαρᾷ

1036 644 1188 680 συνειδήσει
1205 644 1261 672 τῶν
1280 646 1380 680 τιμίων
1410 645 1493 671 λίθων
1521 644 1701 680 ὲνωραῖζεται
1717 653 1725 660 ·
1737 645 1771 671 δι’
1788 642 1828 672 ὧν

1035 691 1173 722 ἁπάντων,
1191 691 1285 726 ἀγάπη
1300 690 1355 718 ἀπὸ
1377 691 1431 717 τῶν
1460 690 1622 725 Θυγατέρων
1643 691 1829 726 Ἰερουσαλὴμ

1036 736 1203 764 συνίσταται.
1219 737 1251 764 Et
1266 737 1294 764 δὲ
1311 737 1432 772 βούλοιτό
1448 746 1500 770 τις,
1528 738 1636 772 φορεῖον
1662 738 1712 772 μὲν
1739 739 1829 765 πᾶσαν

1034 783 1110 818 λέγει
1134 783 1184 818 τὴν
1204 782 1380 818 Ἐκκλησίαν,
1409 783 1588 818 καταμερίζει
1598 783 1627 810 δὲ
1644 783 1691 810 καὶ
1710 783 1760 815 τὰς
1774 783 1829 810 τῶν

1035 829 1181 865 ἐνεργειῶν
1193 830 1324 865 διαφορὰς
1337 830 1377 861 είς
1388 830 1523 865 πρόσωπά
1535 838 1597 856 τινα
1607 829 1655 856 τοῦ
1666 830 1778 864 φορείου
1793 829 1829 856 τὰ

1036 876 1115 912 μέλη,
1129 876 1228 913 πολλὴν
1255 877 1303 903 καὶ¹
1314 876 1401 908 οὕτως
1414 876 1541 903 εὐκολίαν
1556 878 1570 903 ὁ
1584 876 1662 910 λόγος
1675 876 1741 911 ἔχει,
1761 877 1828 903 ἐκά-

1035 931 1090 958 στῳ
1104 922 1226 958 τάγματι
1237 922 1293 949 τῶν
1309 922 1380 949 κατὰ
1391 922 1441 957 τὴν
1458 923 1623 956 Ἐκκλησίαν
1638 922 1828 958 τεταγμένων,

1034 969 1190 1004 ἐφαρμόσαι
1218 968 1265 995 τοῦ
1290 968 1400 1003 φορείου
1415 968 1449 995 τὰ
1468 968 1540 1003 μέρη
1556 976 1563 983 ι
1595 976 1604 993 ι
1622 969 1720 995 Ἔθετο
1743 967 1798 1003 γὰρ
1815 969 1830 994 ὸ

1035 1014 1101 1046 Θεὸς
1110 1015 1140 1041 ἐν
1153 1016 1186 1050 τῇ
1203 1014 1363 1049 Ἐκκλησία,
1379 1014 1488 1049 πρῶτον
1507 1014 1685 1047 ἀποστόλους,
1701 1014 1829 1051 δεύτερον

1035 1061 1189 1096 προφήτας,
1202 1070 1211 1086 ι
1227 1061 1274 1087 καὶ
1288 1060 1323 1086 τὰ
1333 1059 1396 1094 ἑξῆς
1408 1068 1414 1075 ·
1431 1060 1469 1091 ὡς
1485 1060 1529 1086 διὰ
1542 1060 1598 1086 τῶν
1614 1060 1753 1095 ὀνομάτων
1765 1061 1828 1087 τού-

1035 1115 1100 1138 των,
1113 1106 1168 1134 τῶν
1183 1106 1250 1140 πρὸς
1266 1105 1316 1141 τὴν
1335 1106 1381 1132 τοῦ
1399 1106 1511 1141 φορείου
1533 1106 1707 1140 κατασκευὴν
1735 1115 1829 1132 συντε-

1036 1151 1165 1184 λούντων,
1196 1151 1288 1186 ἱερέας
1307 1151 1437 1182 νοεῖσθαι.
1452 1151 1498 1177 καὶ
1514 1151 1704 1184 διδασκάλους,
1722 1153 1768 1178 καὶ
1778 1152 1828 1187 τὴν

1037 1197 1139 1233 σεμνὴν
1155 1197 1317 1232 παρθενίαν,
1335 1196 1384 1231 τὴν
1405 1196 1481 1228 ἐντος
1500 1197 1547 1223 τοῦ
1573 1197 1684 1232 φορείου
1694 1198 1725 1232 τῇ
1741 1197 1829 1224 καθαο

1038 1246 1131 1281 ρότητι
1146 1245 1203 1271 τῶν
1213 1245 1318 1278 αὐγῶν,
1336 1241 1392 1271 οἶόν
1403 1253 1459 1271 τισι
1480 1243 1561 1271 λίθων
1577 1244 1675 1278 αὐγαῖς
1695 1243 1829 1278 ὲναστράο

1039 1299 1157 1318 πτουσαν
1167 1299 1174 1306 ·
1192 1291 1240 1317 καὶ
1255 1290 1299 1318 διὰ
1312 1290 1361 1325 τῆς
1371 1290 1417 1317 τοῦ
1428 1290 1486 1325 βίου
1504 1290 1690 1325 καθαρότητος
1704 1291 1752 1323 τῆς
1772 1290 1828 1317 ἄνω

1042 1336 1381 1372 Ὶερουσαλὴμθυγατέρας
1390 1335 1556 1367 δείκνυσθαι,
1571 1336 1600 1363 ὲν
1612 1333 1656 1368 αἷς
1667 1336 1683 1371 ἡ
1699 1335 1745 1362 τοῦ
1760 1335 1828 1362 Θεοῦ

1037 1384 1132 1419 ὰγᾶπη
1146 1384 1257 1419 ἐνεργὸς
1271 1383 1388 1418 γίνεται.

1072 1430 1237 1457 Νείλου.-
1253 1429 1289 1456 Τὸ
1305 1430 1424 1464 φορεῖον,
1451 1428 1549 1460 σκεῦος
1578 1428 1666 1464 θρόνῳ
1681 1427 1829 1463 παραπλή-

1039 1475 1096 1502 σίον
1112 1475 1256 1510 δεχόμενον
1281 1476 1327 1502 τὸν
1356 1474 1557 1509 καθεζόμενον·
1587 1474 1666 1501 τοῦτο
1690 1474 1718 1500 δὲ
1734 1474 1829 1509 τάχαὸ

1039 1520 1144 1553 Παῦλος
1168 1522 1226 1548 ἐστι
1256 1521 1297 1553 τδ,
1316 1531 1325 1547 ι
1337 1520 1437 1552 Σκεῦος
1456 1520 1507 1554 τῆς
1530 1520 1656 1554 ἐκλογῆς.
1671 1529 1680 1545 ι
1695 1519 1751 1546 Καὶ
1774 1519 1829 1555 γὰρ

1038 1567 1132 1603 θρόνον
1146 1567 1227 1593 αὐτὸν
1242 1567 1321 1593 καλεῖ
1332 1567 1349 1601 ὴ
1367 1567 1449 1601 σοφία
1460 1566 1578 1601 λέγουσα
1589 1565 1717 1601 ἀλλαχοῦ·
1736 1575 1746 1592 ι
1756 1566 1830 1600 Συμ-

1038 1614 1171 1648 παρήμην
1193 1613 1275 1648 ἡνίκα
1299 1613 1423 1648 ἁφώριζε
1453 1613 1500 1639 τὸν
1532 1611 1630 1639 ἑαυτοῦ
1659 1612 1753 1648 θρόνον
1785 1611 1830 1638 ἐπ’

1037 1659 1161 1694 ἀνέμων·
1176 1669 1185 1685 ι
1201 1659 1244 1686 ἐπ’
1268 1659 1377 1694 ἀνέμων
1387 1659 1415 1686 δὲ
1430 1659 1586 1694 ἀφωρίσθη,
1613 1659 1658 1685 διὰ
1678 1659 1709 1685 τὸ
1727 1658 1830 1693 πλῆθος

1036 1705 1091 1731 τῶν
1105 1705 1268 1740 πειρασμῶν
1285 1706 1332 1732 καὶ
1347 1705 1401 1732 τῶν
1418 1705 1609 1741 περιστάσεων
1621 1713 1629 1720 ·
1646 1705 1662 1739 ἢ
1678 1705 1724 1731 καὶ
1738 1705 1784 1731 διὰ
1799 1704 1831 1731 τὸ

1038 1751 1150 1784 κούφοις
1163 1751 1227 1777 ποσὶ
1242 1751 1425 1787 περιδραμεῖν
1444 1751 1494 1785 τὴν
1506 1751 1670 1786 οἰκουμένην
1678 1753 1710 1786 τῇ
1727 1751 1828 1787 σπουδῇ

1037 1796 1085 1822 τοῦ
1115 1795 1307 1831 κηρύγματος.
1334 1797 1445 1831 Φορεῖον
1460 1794 1507 1823 οὖν
1533 1797 1606 1823 ἐστιν
1621 1793 1709 1828 οὗτος,
1722 1797 1768 1823 τὸν
1780 1797 1831 1830 μὲν

1038 1841 1100 1868 νοῦν
1117 1841 1186 1876 ἔχων
1213 1842 1357 1869 ὰνάκλιτον
1382 1841 1509 1877 χρύσεον,
1526 1838 1610 1876 ἐφ’οῦ
1629 1842 1798 1869 ἀναπαύεται
1814 1843 1829 1868 ὁ

1038 1888 1178 1923 Νυμφίος·
1192 1889 1238 1914 τὸν
1252 1888 1280 1915 δὲ
1299 1888 1377 1922 λόγον
1392 1889 1506 1920 στύλους
1535 1889 1668 1924 ἀργυρίου
1682 1898 1688 1906 ·
1710 1889 1749 1925 τῷ
1775 1890 1830 1924 γὰρ

1037 1933 1210 1968 ἁποστολικῷ
1227 1934 1298 1969 λόγῳ
1316 1934 1472 1969 στηρίζεται
1487 1934 1518 1960 τὸ
1536 1934 1666 1969 κήρυγμα
1681 1935 1712 1961 τὸ
1729 1935 1831 1970 ἐκκλη-

1039 1980 1188 2007 σιαστικὸν.
1209 1980 1304 2006 Στύλοι
1330 1978 1376 2007 οὖν
1387 1980 1510 2015 οίλόγοι,
1535 1981 1578 2007 διὰ
1603 1981 1633 2006 τὺ
1648 1981 1756 2016 ἑδραῖον
1784 1982 1831 2008 καὶ

1038 2025 1206 2061 ἀμετάθετον
1218 2035 1225 2042 ’
1250 2027 1380 2060 ἁργυριον
1393 2027 1422 2053 δὲ
1436 2027 1479 2054 διὰ
1493 2027 1522 2053 τὸ
1535 2027 1646 2062 δόκιμον
1669 2028 1715 2054 καὶ
1734 2028 1829 2054 ἀνεπί-

1039 2072 1141 2106 ληπτον
1170 2071 1217 2098 τοῦ
1240 2073 1418 2099 ’Λποστόλου-
1441 2073 1488 2100 καὶ
1507 2073 1664 2109 η’ὲπίϐασις
1682 2073 1710 2100 δὲ
1727 2073 1829 2100 τούτων

1039 2118 1098 2145 ἐστὶ
1111 2119 1241 2154 πορφύρα
1255 2128 1261 2134 ·
1277 2119 1301 2145 oi
1316 2119 1370 2154 γὰρ
1383 2119 1427 2146 διὰ
1443 2120 1497 2146 τῶν
1511 2120 1607 2146 τούτου
1621 2119 1707 2154 λόγων
1722 2120 1829 2147 ὁδεύον-

1039 2174 1084 2197 τες
1101 2166 1140 2197 είς
1156 2165 1296 2200 βασιλείαν
1324 2166 1471 2200 φθάνουσιν
1491 2165 1624 2200 οὐρανῶν,
1642 2166 1680 2201 τῷ
1692 2166 1829 2201 ἀξιώματι

199 2209 323 2241 veniunt,
339 2217 394 2244 prae
409 2210 541 2244 dignitate
556 2212 634 2245 quasi
653 2213 797 2246 purpurati
817 2213 985 2247 incedentes,

1040 2212 1227 2243 ἐπιϐαίνοντες
1252 2212 1290 2244 ὡς
1304 2211 1443 2248 πορφύρα,
1475 2213 1522 2239 καὶ
1547 2213 1673 2246 λέγοντες
1701 2213 1769 2247 μετὰ
1783 2213 1830 2240 τοῦ

199 2261 232 2280 ac
245 2261 307 2281 cum
322 2254 406 2281 Paulo
420 2255 542 2283 dicentes
558 2264 565 2282 :
585 2265 595 2282 ‹
617 2256 715 2284 Nostra
729 2261 819 2284 autem
838 2266 986 2287 conversa-

199 2301 239 2327 tio
266 2301 292 2327 iu
322 2301 400 2329 ccelis
421 2306 464 2329 est
493 2303 526 2331 ‘°.
543 2312 552 2328 ι
577 2302 609 2329 Ει
625 2304 751 2332 intimttm
765 2305 825 2340 ejus
844 2305 985 2340 lapidibus

198 2350 380 2376 constratum.
405 2353 443 2374 est
465 2349 583 2382 pretiosa
609 2350 737 2377 virtutum
764 2355 792 2377 et
821 2352 935 2387 aequalis
960 2353 988 2379 in

199 2396 301 2416 arcano
315 2391 405 2418 cordis
422 2391 541 2426 aﬁ‘ectiu,
559 2401 639 2428 quas,
650 2394 871 2431 quandoquidem
889 2397 988 2424 funda-

200 2440 320 2463 mentum
333 2442 374 2464 est
389 2438 527 2471 Christus,
556 2445 694 2476 tamquam
715 2442 820 2476 lapides
851 2445 988 2478 pretiosos

199 2481 266 2509 ltuie
281 2483 479 2517 sutpertediticat
496 2493 503 2511 :
520 2486 630 2520 quando
643 2494 707 2514 vero
716 2492 757 2515 est
773 2496 896 2523 gressus.
914 2491 986 2518 hunc

199 2527 296 2555 fercnli
328 2529 484 2563 pavimento
515 2532 621 2558 varium
638 2536 665 2559 et
678 2533 886 2561 ﬁoridissintttnt
903 2536 986 2570 regiis

200 2575 316 2610 pedibus
330 2581 463 2610 praeparat
483 2584 628 2604 ascensum
645 2583 669 2605 et
684 2580 836 2606 secundum
856 2582 988 2615 apostoli-

164 2656 170 2662 .
201 2627 260 2646 eam
276 2621 449 2649 traditionem
463 2623 618 2650 virentibus
636 2623 742 2651 facilem
757 2629 785 2652 et
800 2626 909 2660 planqu
927 2635 989 2660 pro-

201 2665 302 2693 fectum
314 2673 452 2702 operatur.
473 2667 518 2695 Vel
528 2669 609 2696 etiam
630 2669 795 2697 ineffabilem
806 2671 987 2699 etobscurum

201 2712 337 2748 designat.
356 2714 422 2742 Nam
435 2716 496 2750 ejus
511 2718 556 2751 qui
571 2717 622 2744 sibi
634 2717 738 2751 placeat
758 2719 820 2745 vita:
835 2719 988 2746 institutum

202 2758 464 2788 absoonditumcssc
482 2764 569 2797 cupit.
588 2761 664 2789 Unde
687 2763 769 2790 etiam
787 2764 893 2798 perhoc
916 2765 987 2798 quod

260 2847 282 2862 ’τ
301 2847 320 2875 ll
334 2848 398 2876 Cor.
414 2857 468 2882 nt,
485 2850 529 2878 ‘29.
586 2851 607 2867 5‘
625 2851 684 2880 Act.
701 2860 737 2885 rx,
758 2854 799 2881 l3.

856 2854 879 2869 υ
899 2854 980 2882 l‘rov.
996 2863 1054 2887 Vill,
1071 2854 1115 2881 ‘27.

1040 2257 1158 2291 Παύλου,
1178 2267 1187 2283 ι
1204 2257 1298 2293 Ἠμῶν
1313 2257 1341 2284 δὲ
1356 2258 1386 2284 τὸ
1404 2257 1554 2293 πολίτευμα
1585 2259 1614 2284 ὲν
1642 2258 1750 2293 οὐρανῷ
1780 2260 1831 2285 ὐπ-

1039 2304 1156 2339 άρχειη
1176 2305 1223 2330 καὶ
1236 2305 1266 2330 τὸ
1288 2303 1362 2335 ὲντδς
1395 2304 1479 2330 αὑτοῦ
1502 2304 1724 2339 λιθόστρωτον,ἡ
1752 2305 1831 2338 τιμία

1039 2350 1093 2375 τῶν
1106 2349 1212 2383 ἀρετῶν
1223 2350 1269 2376 καὶ
1281 2349 1351 2384 καλὴ
1367 2350 1396 2375 ὲν
1408 2350 1554 2385 ἀπορρήτῳ
1565 2349 1684 2381 διάθεςις
1696 2358 1702 2364 ·
1715 2350 1748 2381 ἃς
1766 2351 1830 2377 ὅταν

1042 2395 1091 2430 μὲν
1117 2395 1241 2430 οεμέλιός
1267 2396 1340 2422 ἐστιν
1355 2397 1368 2422 ὁ
1386 2396 1514 2430 Χριστος,
1546 2395 1583 2427 ὡς
1608 2396 1700 2427 λίθους
1723 2396 1830 2431 τιμίους

1041 2440 1127 2476 τούτῳ
1153 2442 1341 2477 ὲποικοδομεί’
1367 2442 1431 2469 ὅταν
1444 2442 1471 2468 δὲ
1484 2442 1561 2476 βάσις
1579 2442 1618 2476 τῷ
1640 2442 1687 2468 τοῦ
1721 2442 1830 2478 φορείου

1041 2487 1133 2519 ἐδάφει
1154 2487 1308 2523 ψηφολογῇ,
1334 2488 1460 2521 ποικίλην
1485 2489 1534 2514 καὶ
1560 2488 1764 2522 εὐανθεστατην
1774 2489 1831 2520 τοῖς

1043 2531 1192 2567 βασιλικοῖς
1215 2532 1279 2558 ποσὶ
1309 2532 1513 2564 κατασκευάζει
1538 2533 1588 2567 τὴν
1618 2533 1760 2559 ὲπίὸασιν·
1784 2534 1832 2560 καὶ

1042 2580 1098 2610 τοῖς
1112 2578 1331 2613 πολιτευομένοις
1351 2578 1423 2605 κατὰ
1444 2579 1494 2613 τὴν
1515 2579 1696 2614 ἀποστολικὴν
1714 2579 1832 2613 παράδο-

1043 2633 1096 2656 σιν,
1120 2624 1228 2659 εὐμαρῆ
1244 2625 1290 2650 καὶ
1300 2623 1375 2650 λείαν
1403 2624 1453 2658 τὴν
1478 2624 1620 2659 προκοπὴν
1637 2624 1829 2658 ἐργαζόμενος·

1043 2672 1060 2707 ἣ
1076 2672 1145 2706 τάχα
1174 2671 1220 2697 καὶ
1239 2671 1269 2697 τὸ
1284 2670 1468 2704 ἅνεπίφαντον
1478 2670 1526 2696 καὶ
1548 2671 1707 2705 ἀτράγῳδον
1736 2670 1829 2704 δηλοῖ·

1043 2717 1092 2752 τὴν
1104 2717 1158 2751 γὰρ
1172 2715 1219 2742 τοῦ
1234 2715 1361 2750 ἐναρέτου
1371 2715 1508 2741 πολιτείαν
1523 2715 1662 2750 κρυφαίαν
1675 2713 1744 2740 εἶναι
1769 2713 1833 2749 βού-

1043 2763 1116 2790 λεται
1126 2771 1132 2778 ·
1149 2762 1210 2789 ὅθεν
1229 2761 1275 2788 καὶ
1291 2761 1335 2787 διὰ
1346 2761 1394 2788 τοῦ
1408 2761 1495 2794 ἐντὸς
1510 2762 1609 2795 εἰπεῖν,
1625 2761 1655 2787 τὸ
1667 2760 1832 2796 ἀδημοσίευ-

1174 2854 1194 2870 ⁵ο
1213 2853 1331 2888 Philipp.
1354 2861 1393 2886 tu,
1406 2852 1451 2879 ‘10.
