1966 3074
89 131 161 162 16513

573 128 844 159 COMMENTARII
865 126 905 157 ΙΝ
922 126 1079 157 CANTICA
1099 128 1248 159 CANTIC.

1667 129 1734 162 1634

87 196 137 229 τον
154 185 274 220 εδήλωσε
305 184 355 218 τῆς
380 183 486 219 ἀρετῆς
497 191 504 198 '
522 183 569 209 καὶ
593 182 704 216 ἀγάπην
712 182 740 208 δὲ
758 189 892 215 συγκατα-

949 180 1016 208 dixit
1034 183 1168 215 intimum,
1186 183 1316 211 virtutem
1329 184 1444 211 minime
1460 183 1486 211 in
1515 183 1614 220 vulgus
1642 186 1734 220 publi-

87 227 242 259 σκευάοθαι
268 231 335 266 φησὶ
344 231 378 265 τῇ
397 229 442 256 τοῦ
473 228 584 263 φορείου
611 227 888 262 κατασκευῇ-χωρὶς

87 280 144 314 γὰρ
160 278 264 312 ταύτης
284 277 360 303 οὐδὲν
381 276 436 302 τῶν
451 274 555 302 λοιπῶν
573 275 681 309 ἀρετῶν
695 273 802 308 δφελος.
822 273 889 300 Ἀπὸ

88 324 179 356 ξύλων
192 324 221 350 δὲ
236 323 283 350 τοῦ
310 322 428 349 Λιϐάνου
451 321 510 348 ἐστὶ
525 321 555 346 τὸ
569 322 679 356 φορεῖον
699 320 730 346 ἐκ
745 319 799 346 τῶν
816 318 889 345 κατὰ

89 372 186 405 σάρκα
202 368 344 403 συγγενῶν
359 367 443 394 αὑτοῦ
468 365 647 403 Ἰσραηλιτῶν
658 374 665 382 ·
681 364 794 396 τούτους
807 364 861 398 γὰρ
874 364 889 390 ὁ

87 417 210 447 Λίϐανος
227 414 368 450 σημαίνει.

123 506 235 540 Φορεῖον
249 504 304 539 (48)
322 501 461 537 Σαλομὼν,
478 502 500 528 οἱ
516 501 590 535 ἅγιοι
600 501 629 527 ὲν
640 498 681 531 οἷς
695 499 812 534 Χριστὸς
827 500 890 526 ἀνα-

89 551 225 577 παύεται·
244 549 311 582 ξύλα
323 549 352 576 δὲ
363 548 482 575 Λιϐάνου
497 548 521 573 οἱ
536 546 591 573 ἀπὸ
614 545 725 582 Ἰσραὴλ
738 544 887 580 τροπικῶς.

96 596 166 623 Ἀλλ’
182 597 247 623 ὅταν
262 595 322 630 μὲν,
338 604 347 620 ‹
367 593 497 628 Συντρίϐε
521 591 624 627 Κύριος
649 591 698 621 τὰς
715 591 828 625 κέδρους
841 588 889 616 τοῦ

89 642 211 669 Λιϐάνου
226 641 273 667 καὶ
283 639 410 666 λεπτύνει
422 639 508 670 αὐτας
515 638 554 670 ὡς
568 638 614 664 τὸν
631 637 733 673 μόσχον
747 637 794 663 τὸν
805 636 890 663 Λίϐα-

89 698 147 720 νον,
165 698 175 715 ι
196 687 262 722 περὶ
285 687 342 713 τῶν
360 686 397 721 μὴ
422 685 604 720 τηρησάντων
634 684 710 718 λέγει
731 683 781 717 τὴν
798 682 891 708 θεοσέ-

89 735 168 762 ϐείαν
183 735 211 760 ὲν
260 732 504 767 κατεφυτεύθησαν
518 739 526 746 ·
553 731 618 766 περὶ
629 727 666 757 ὧν
682 730 733 756 καὶ
751 729 868 759 Ἡσαΐας
880 736 888 744 ·

93 790 103 806 ‹
121 781 153 806 ’0
168 780 196 806 δὲ
212 778 327 810 Λίϐανος
352 778 403 804 σὺν
430 777 488 807 τοῖς
503 776 616 810 ὑψηλοῖς
631 776 757 802 πεσεῖται
770 783 776 790 ·
795 784 804 800 ι
823 774 890 800 ὅταν

90 826 119 852 δὲ
140 825 186 852 διὰ
204 824 254 859 τὴν
282 824 330 850 τοῦ
354 821 420 850 ναοῦ
441 822 615 857 κατασκευὴν
638 821 712 855 λέγει
725 820 764 856 τῷ
779 819 890 854 Χειρὰμ

90 873 104 898 ὁ
120 870 265 906 Σιλομὼν,
284 879 294 896 ι
309 869 363 896 Καὶ
381 868 429 896 νῦν
444 868 572 901 Ξντειλαι,
592 867 639 894 καὶ
663 866 825 901 κοψάτωσαν
842 874 887 901 μοι

92 918 159 950 ξύλα
173 917 220 944 τοῦ
238 916 367 949 Λιϐάνου,
381 925 390 942 ι
407 915 472 950 περὶ
487 915 541 941 τῶν
559 913 772 949 ἀναφερομένων
782 914 795 940 ὁ
810 913 890 947 λόγος

92 964 140 990 ἐπὶ
166 963 217 997 τὴν
245 961 434 996 πνευματικὴν
447 961 479 986 ὲκ
494 959 578 986 λίθων
604 957 715 991 ζώντων
734 956 890 992 οἰκοδομὴν,

93 1010 149 1040 τοῖς
169 1007 238 1040 ζῶσι
252 1007 338 1038 λίθοις
364 1005 570 1040 ἀναλογούντων
594 1004 699 1037 ξύλων·
716 1003 755 1034 ὡς
775 1003 804 1030 δὲ
817 1003 891 1038 λόγῳ

93 1053 299 1089 κεκοσμημένοι
324 1051 458 1088 ἀργύριον
491 1051 628 1084 λέγονται.
643 1049 704 1076 Elei.
718 1049 747 1076 δὲ
760 1049 807 1075 καὶ
827 1049 893 1075 ἀνά-

93 1101 185 1126 κλιτον
199 1099 246 1126 τοῦ
259 1098 469 1133 ἀναπαυομένου
481 1097 575 1131 λόγου,
589 1096 637 1122 καὶ
653 1095 761 1131 ἔχοντος
774 1094 826 1121 ποῦ
840 1095 890 1130 τὴν

95 1146 218 1181 κεφαλὴν
241 1145 332 1172 κλῖναι
345 1152 353 1159 ‘
372 1144 403 1171 τὸ
423 1143 451 1170 δὲ
465 1143 579 1179 χρυσίον
593 1143 608 1169 ὁ
622 1141 694 1173 νοῦς.
717 1141 850 1176 ὀπηνίκα
864 1140 893 1167 δὲ

95 1193 176 1228 τυχὺν
186 1193 201 1219 ὁ
216 1191 324 1222 Παῦλος
354 1191 408 1217 ἀπὺ
421 1190 475 1217 τῶν
486 1190 515 1216 ὲν
524 1190 584 1220 ταῖς
597 1188 784 1225 περιστάσεσι
801 1187 892 1221 καμά-

95 1248 150 1265 των
165 1239 201 1274 μή
215 1237 325 1272 νικηθῇ,
341 1236 424 1264 οἱονεί
448 1244 502 1262 τινι
526 1235 600 1270 βαφῇ
626 1233 716 1269 ἑαυτῷ
747 1233 891 1269 πορίζεται

100 1284 261 1319 νηχόμενος·
279 1283 439 1318 πρέπουσαν
455 1280 598 1317 πορφύραν
606 1280 645 1316 τῷ
658 1280 687 1307 ὲν
700 1279 775 1314 αὐτῷ
788 1279 895 1314 βασιλεῖ

95 1331 168 1365 λόγῳ
183 1329 352 1366 ὲντρυφῶντι
366 1330 399 1364 τῇ
414 1328 469 1355 τῶν
481 1327 640 1355 ἀποστόλων
656 1326 723 1362 περὶ
744 1326 794 1357 τὰς
813 1334 893 1361 περι-

98 1377 206 1408 στάσεις
218 1376 352 1411 ὑπομονῇ·
365 1375 396 1401 τὸ
404 1374 433 1400 δὲ
446 1375 475 1400 ὲν
484 1374 540 1405 τοῖς
557 1372 605 1399 τοῦ
617 1372 730 1408 φορείου
744 1371 894 1407 λιθόστρω-

96 1432 142 1450 τον
157 1423 303 1458 ἒστρωται,
320 1421 350 1453 ἐξ
363 1417 400 1448 ὧν
412 1420 529 1450 ἕκαστος
558 1419 648 1454 ἐαυτῷ
675 1418 788 1452 συνάγει
811 1417 895 1444 λίθων

96 1469 196 1504 τιμίων
212 1467 408 1503 ἐπιοικυδομῶν
429 1466 529 1502 χρυσὸν
549 1466 670 1501 ἄργυρον
688 1465 736 1492 καὶ
750 1464 841 1497 λίθους
853 1472 894 1491 τι-

99 1515 189 1551 μίους.

134 1570 298 1605 Κυρίλλου.
309 1585 342 1592 -
355 1568 387 1595 Ἦ
399 1567 573 1604 πνευματικὴ
584 1567 613 1594 δὲ
627 1567 763 1602 συνάφεια
776 1566 892 1594 νοείσθω

97 1617 222 1653 χρυσίον,
233 1617 250 1651 ὴ
263 1615 342 1650 τιμία
354 1615 402 1642 καὶ
413 1614 488 1642 θεῖα·
505 1613 553 1641 καὶ
563 1613 612 1649 τὴν
628 1612 700 1640 κατὰ
720 1613 771 1648 τὴν
787 1611 892 1648 ἔρημον

97 1665 154 1699 γὰρ
169 1662 287 1690 κιϐωτὸν
299 1661 400 1688 ἔσωθεν
418 1661 465 1687 καὶ
481 1660 593 1693 ἔξωθεν,
618 1659 730 1695 χρυσίον
740 1658 891 1693 ὑπείληφεν

98 1711 139 1740 είς
153 1709 304 1744 ἐμφάνειαν
318 1707 369 1742 τῆς
382 1706 457 1738 θείας
474 1705 598 1737 ἑνώσεως
612 1715 620 1721 ·
635 1705 770 1732 ἐπιϐαίνει
785 1705 813 1731 δὲ
829 1713 894 1739 πορ-

99 1755 174 1790 φύρα
190 1753 228 1788 τῷ
243 1753 342 1789 πλήθει
356 1753 410 1779 τῶν
428 1752 469 1784 είς
493 1751 631 1786 βασιλείαν
647 1751 813 1787 κληθέντων.
831 1750 892 1777 Ἐπ’

98 1802 133 1828 ἂν
148 1801 178 1827 δέ
195 1809 237 1831 τις
265 1799 409 1834 πιστεύσῃ,
432 1798 540 1833 δέχεται
556 1799 589 1833 τῇ
602 1797 701 1833 καρδίᾳ
720 1797 848 1831 Χριστὸν,
864 1797 893 1827 ὅς

99 1848 159 1873 ἐστι
173 1845 263 1881 τίμιος
283 1844 458 1880 μαργαρίτης
470 1851 476 1857 ·
494 1843 563 1870 ἀλλά
579 1844 626 1869 καὶ
637 1843 668 1869 τὸ
680 1843 788 1878 φορεῖ-’όν
809 1850 891 1877 φησιν

99 1891 204 1926 ἐκτῶν
228 1891 386 1925 θυγατέρων
413 1890 562 1925 πεποίηται
587 1889 637 1924 τῆς
653 1888 831 1924 Ἰερουσαλὴμ
847 1889 891 1915 διὰ

101 1940 188 1974 μόνην
197 1938 308 1972 ἀγάπην
321 1945 328 1952 ·
342 1936 414 1963 οὕτω
428 1936 483 1971 γὰρ
500 1936 644 1971 ἠγάπησεν
657 1936 670 1961 ὁ
685 1935 751 1966 Θεὸς
774 1934 821 1960 τὸν
843 1934 890 1961 κό-

101 1994 182 2021 σμον,
196 1985 266 2011 ὥστε
280 1984 326 2010 τὸν
342 1983 472 2019 μονογενῆ
483 1982 566 2009 αὑτοῦ
580 1981 741 2009 ἀπέστειλεν
755 1981 830 2014 Υἱὺν,
848 1980 893 2008 ἴνα

100 2032 154 2063 πᾶς
171 2032 187 2058 ὀ
201 2029 338 2057 πιστεύων
366 2031 406 2061 είς
437 2029 518 2056 αὑτὸν
535 2029 573 2064 μὴ
601 2028 748 2063 ἀπόληται,
766 2027 824 2054 ἀλλ’
844 2027 894 2064 ἔχῃ

100 2078 174 2114 ζωὴν
191 2076 310 2103 αίώνιον.

138 2123 184 2151 id.
199 2123 352 2156 Ἐ’ξέλθετε
361 2121 411 2150 καί
427 2122 516 2154 ἴδετε,
529 2120 688 2156 θυγατέρες
701 2120 788 2154 Σιὼν,
805 2120 841 2147 ἐν
853 2119 893 2154 τῷ

942 227 1058 254 caudam
1077 236 1140 256 esse
1157 229 1331 264 signiﬁcavit.
1347 229 1418 263 Quin
1433 235 1459 257 et
1472 230 1634 258 charitalem
1651 231 1732 258 simul

939 279 1001 298 cum
1028 272 1125 299 ferculi
1141 278 1280 300 structura
1306 278 1475 302 exstructam
1502 282 1563 302 esse
1578 276 1640 302 ait:
1669 283 1734 302 nam

940 318 1000 345 sine
1015 318 1066 345 hac
1080 323 1243 346 exterarum
1262 320 1397 347 virtutum
1415 321 1489 347 nulla
1507 325 1549 348 est
1561 321 1677 348 utilitas.
1694 321 1734 349 Ex

940 363 1022 398 lignis
1057 371 1140 398 porro
1156 364 1250 392 Libani
1267 369 1309 392 est
1327 365 1473 397 ferculum,
1490 373 1523 393 ex
1539 366 1585 397 iis,
1602 367 1730 401 inquam,

941 409 987 444 qui
1002 410 1153 436 secundum
1169 418 1280 438 carnem
1301 412 1411 446 cognati
1428 416 1493 439 sunt
1516 411 1704 439 lsraelitarum
1725 421 1733 440 :

942 455 993 482 hos
1007 456 1079 483 enim
1094 455 1217 484 Libanus
1231 456 1377 491 signiﬁcat.

984 502 1116 531 Philonis.
1129 520 1164 524 —
1175 504 1321 532 Ferculqu
1341 504 1496 532 Salomonis
1515 510 1578 532 sunt
1591 505 1691 536 sancti,
1707 505 1734 532 in

940 550 1040 584 quibus
1055 550 1184 578 Christus
1212 551 1381 586 requiescit,
1398 551 1471 585 ligna
1490 559 1554 578 vero
1569 551 1663 578 Libani
1692 551 1736 579 ls-

940 596 1060 627 raelitaa,
1078 604 1127 630 per
1142 597 1267 631 li'gurain.
1293 597 1346 624 Sed
1363 597 1606 633 quandoquidem:
1626 607 1636 623 ι
1660 598 1735 624 Cou-

941 642 1041 677 fringet.
1071 641 1204 670 Dominus
1227 643 1325 670 cedros
1346 643 1443 671 Libani
1460 648 1487 671 et
1505 644 1673 671 counuinuet
1688 652 1735 671 eas

942 692 1071 722 tanquam
1091 688 1207 715 vitulum
1226 688 1322 716 Libani
1338 689 1372 720 ⁶¹.
1390 689 1423 716 de
1440 689 1474 717 iis
1489 690 1536 723 qui
1551 698 1605 716 non
1624 693 1736 717 servant

941 733 1100 768 religionem
1131 734 1158 761 iu
1193 742 1245 769 qua
1278 736 1394 770 plantati
1420 736 1537 763 fuerant.
1567 735 1605 762 De
1634 736 1736 771 quibus

940 780 1023 808 etiam
1047 780 1135 808 Isaias
1149 781 1206 808 ait:
1223 791 1232 807 ι
1251 781 1373 810 Libauus
1399 786 1490 810 autem
1521 791 1581 810 cum
1616 782 1734 809 excelsis

941 828 1028 854 Cedar
1040 828 1073 855 ε’.
1089 837 1098 853 ι
1116 828 1234 861 Quando
1256 833 1348 856 autem
1367 833 1478 863 propter
1495 829 1588 863 templi
1602 828 1736 855 fabricam

943 875 1010 902 dicit
1031 874 1066 902 ad
1078 874 1190 902 Chiram
1215 875 1344 902 Salomon
1370 884 1377 902 :
1407 885 1416 901 ι
1437 875 1469 902 Et
1485 882 1558 902 nunc
1575 877 1684 907 manda,
1710 877 1737 901 et

943 922 1052 949 cii-dant
1079 922 1145 949 mihi
1162 923 1234 957 ligna
1253 922 1287 950 de
1307 922 1453 955 Libano",
1473 932 1481 948 ι
1498 929 1589 950 scrmo
1603 926 1644 949 est
1656 921 1690 948 de
1703 921 1737 949 iis

943 976 1004 1003 qua:
1037 968 1070 995 ad
1093 968 1240 996 asdilicium
1265 968 1407 1003 spiritualc
1433 976 1465 996 ex
1495 969 1564 995 vivis
1591 968 1729 1003 lapidibus

946 1014 1102 1042 referentur
1119 1015 1191 1049 ligna
1208 1014 1278 1041 vivis
1292 1014 1430 1049 lapidibus
1452 1015 1673 1049 proportiouata.
1691 1014 1736 1041 Si-

942 1064 988 1087 cut
1019 1065 1108 1087 autem
1146 1060 1254 1087 ratione
1286 1060 1375 1087 ornati
1402 1064 1546 1094 argentum
1584 1061 1735 1087 dicuntur:

942 1106 1010 1141 quin
1050 1106 1132 1134 etiam
1175 1111 1240 1134 sunt
1287 1105 1493 1133 reclinatoriuin
1534 1105 1737 1140 requiescentis

943 1151 1024 1180 Verbi
1042 1157 1069 1179 et
1084 1152 1209 1180 habentis
1225 1153 1272 1180 ubi
1283 1157 1366 1188 caput
1381 1152 1496 1180 reclinet
1509 1161 1516 1179 :
1532 1160 1631 1179 aurum
1646 1156 1737 1179 autem

944 1205 1021 1225 meus
1035 1201 1086 1226 cst.
1105 1197 1220 1231 Quando
1239 1202 1329 1225 autem
1352 1198 1425 1226 forte
1450 1197 1552 1226 Paulus
1568 1206 1604 1225 ne
1620 1198 1655 1225 ab
1669 1202 1737 1224 aestu

945 1244 972 1271 in
995 1245 1148 1279 periculum
1172 1244 1344 1278 vinceretur,
1368 1245 1448 1279 quasi
1474 1245 1592 1271 tinctura
1617 1244 1736 1279 quadam

948 1289 1071 1316 imbutus
1100 1295 1242 1324 comparat
1275 1289 1327 1317 sibi
1354 1297 1504 1324 purpuram
1537 1293 1735 1324 congruentem

945 1335 978 1362 ad
1002 1343 1149 1363 ascensum
1172 1342 1266 1362 eorum
1296 1342 1357 1370 qua:
1381 1335 1409 1362 in
1429 1343 1458 1362 se
1487 1339 1551 1362 sunt
1569 1334 1633 1369 [legi
1648 1333 1739 1361 Verbo

944 1379 1085 1407 delicianti
1108 1380 1136 1407 in
1164 1380 1294 1416 patientia
1326 1381 1514 1415 apostolorum
1544 1381 1572 1407 iu
1597 1379 1737 1414 periculis.

945 1425 1085 1453 lutcrnum
1103 1430 1193 1453 autem
1219 1425 1318 1453 ferculi
1339 1426 1475 1461 lapidibus
1503 1430 1629 1457 stratum,
1643 1432 1658 1451 e
1675 1425 1739 1460 qui-

945 1472 998 1500 bus
1014 1473 1204 1507 uuusquisque
1224 1477 1373 1508 congregat
1396 1473 1448 1500 sibi
1466 1472 1498 1500 ad
1517 1472 1665 1501 aedilicium
1681 1470 1739 1501 ’θυι

905 1516 929 1549 C
945 1525 1016 1550 rum,
1033 1521 1176 1553 argentum
1187 1522 1213 1545 et
1226 1517 1329 1552 lapides
1346 1519 1492 1553 pretiosos.

981 1574 1088 1610 Cyrilli.
1108 1573 1301 1610 —Spiritalis
1332 1582 1416 1610 porro
1451 1575 1609 1610 coniunctio
1640 1583 1739 1603 aurum

949 1619 1132 1655 intelligatur,
1163 1624 1256 1654 utpote
1272 1621 1392 1654 pretiosa
1407 1623 1435 1648 et
1449 1621 1552 1648 divina.
1580 1621 1686 1648 Etenim
1707 1621 1736 1648 in

944 1665 1054 1693 deserto
1080 1674 1173 1693 arcam
1197 1666 1272 1693 intus
1291 1669 1319 1694 et
1346 1665 1414 1694 foris
1434 1674 1533 1693 aurum
1557 1666 1732 1701 excipiebat,

944 1713 979 1740 ad
1009 1712 1257 1740 manifestationem
1289 1712 1389 1740 divina:
1419 1713 1541 1740 uuiouis.
1567 1711 1736 1747 Supervenit

944 1767 1010 1787 vero
1036 1767 1159 1794 purpura
1181 1759 1351 1786 multitudini
1367 1767 1463 1786 eorum
1489 1759 1537 1794 qui
1564 1758 1597 1785 ad
1624 1766 1737 1794 regnum

945 1803 1033 1829 vocati
1060 1806 1135 1830 sunt.
1153 1801 1272 1834 Quando
1301 1807 1391 1829 autem
1426 1802 1489 1835 quis
1521 1803 1620 1835 credit,
1654 1803 1739 1841 corde

944 1847 1084 1876 Christum
1103 1848 1214 1882 accipit,
1237 1848 1284 1882 qui
1307 1852 1350 1875 est
1367 1848 1516 1883 margarita
1531 1849 1652 1883 pretiosa
1669 1858 1674 1875 :
1689 1849 1738 1875 sed

944 1898 972 1922 et
993 1893 1138 1925 ferculum,
1156 1893 1257 1928 inquit,
1274 1901 1308 1920 ex
1327 1893 1435 1921 ﬁliabus
1452 1893 1556 1921 factum
1574 1893 1737 1927 Jerusalem,

946 1947 994 1975 per
1026 1939 1113 1966 solam
1140 1939 1327 1967 cbaritatein:
1350 1948 1360 1964 ι
1381 1939 1427 1966 Sic
1450 1940 1523 1967 enim
1551 1939 1624 1968 Deus
1643 1940 1741 1968 dilexit

946 1985 1099 2018 mundum,
1126 1989 1158 2012 ut
1183 1985 1282 2012 Filium
1302 1993 1384 2012 suum
1401 1985 1573 2019 unigenitum
1591 1985 1686 2015 daret;
1710 1991 1740 2013 ut

945 2032 1037 2060 omnis
1055 2031 1103 2066 qui
1121 2032 1209 2059 credit
1223 2031 1251 2058 in
1274 2039 1336 2059 eum
1363 2038 1418 2058 non
1436 2036 1549 2066 pereat,
1573 2031 1622 2059 sed
1643 2031 1742 2060 habeat

945 2080 1028 2106 vitam
1043 2082 1176 2106 aeternam
1192 2078 1225 2094 “-
1248 2087 1257 2104 ι

983 2124 1064 2152 VIus.
1078 2124 1122 2151 Η.
1144 2122 1225 2151 Filia:
1246 2123 1322 2157 Sion,
1339 2123 1495 2159 egredimini
1508 2129 1533 2151 et
1556 2125 1692 2152 intuemini
1713 2125 1742 2153 in

99 2170 231 2204 βασαεῖ
253 2169 408 2203 suam,
423 2168 457 2195 ἐν
472 2166 513 2200 τῷ
525 2167 666 2201 στεφάνῳ
681 2164 705 2201 ᾧ
719 2165 891 2201 ἐστεφάνω-

949 2178 1033 2205 regem
1058 2169 1247 2202 Salomonem,
1276 2170 1305 2196 in
1322 2178 1422 2197 corona
1448 2178 1502 2204 qua
1526 2171 1660 2198 coronauit
1682 2180 1743 2198 eum

102 2226 160 2245 σεν
172 2216 267 2244 αὑτὸν
280 2216 299 2250 ἠ
309 2215 410 2250 μήτηρ
428 2214 522 2242 αὑτοῦ
535 2214 570 2240 ὲν
580 2213 676 2248 ἡμέρᾳ
699 2213 892 2248 νυμφεύσει-ως

951 2220 1037 2244 mater
1059 2215 1134 2250 ejus,
1153 2216 1180 2242 in
1208 2215 1250 2242 die
1274 2215 1486 2250 deapomationis
1507 2216 1591 2250 illius,
1610 2222 1635 2244 et
1660 2217 1686 2244 iu
1700 2217 1744 2244 die

102 2262 212 2295 αὐτοῦ,
238 2261 290 2289 καί
309 2261 346 2288 ἐν
359 2261 455 2296 ἡμέρᾳ
476 2260 673 2295 εὐφροσύνης
695 2259 820 2294 καρδίας
841 2261 896 2287 αὺ-

103 2318 169 2337 του.

138 2353 356 2387 Κυρίλλουυ-
377 2351 422 2384 Ἐξ
449 2350 534 2378 ἐθνῶν
565 2351 724 2386 Ἐκκλησία,
751 2351 819 2386 φησὶ
846 2350 895 2384 τὸ,

109 2398 251 2432 Ἔξελθε-ιε
262 2398 310 2425 καὶ
321 2397 401 2424 ἴδετε·
416 2398 522 2432 ἡμέραν
531 2397 560 2423 δὲ
568 2398 757 2432 νυμφεύσεως,
770 2397 820 2432 τὴν
834 2397 900 2432 ἡμέ-

105 2454 157 2480 ραν
186 2444 235 2471 τοῦ
259 2444 362 2476 πάθους
388 2444 484 2471 καλεῖ·
503 2443 563 2471 καθ’
575 2443 610 2480 ἢν
637 2444 828 2479 ὲνυμφεύσατο
850 2443 900 2480 τὴν

110 2489 278 2525 Ἐκκλησίαν
286 2488 331 2516 διὰ
342 2488 390 2516 τοῦ
401 2489 517 2524 αἵματος
531 2487 627 2528 αὐτοῦ.

141 2536 337 2568 Φίλωνος.-
356 2535 505 2567 Ἐξέλθετε,
522 2535 601 2570 φησὶ,
618 2535 665 2569 τῆς
684 2534 785 2566 κακίας
793 2534 840 2561 τοῦ
856 2534 900 2561 νό-

107 2582 259 2618 μου·τδετε
288 2581 407 2617 Χριστὸν
428 2581 476 2608 καὶ
502 2581 548 2608 τὸν
573 2581 603 2614 ἐξ
621 2581 747 2608 ἀκανθῶν
767 2580 900 2615 στέφανον

104 2629 135 2655 ὃν
148 2627 287 2664 ἐπέθηκεν
306 2626 408 2663 αὑτῷή
425 2627 585 2663 Συναγωγὴ,
598 2627 627 2660 ἐξ
639 2625 673 2663 ἦς
685 2627 715 2654 τὸ
727 2628 798 2654 κατά
813 2627 903 2663 σάρκα

143 2719 166 2735 ⁶¹
183 2717 272 2750 Psal.,
289 2724 388 2749 xxviii,
406 2716 433 2743 6.
485 2717 506 2732 ⁸³
525 2715 578 2744 lsa.
596 2724 623 2749 x,
657 2716 701 2743 54.

950 2263 1052 2291 laetitiae
1066 2262 1155 2290 cordis
1171 2261 1240 2296 ejus.

989 2352 1143 2388 Cyrilli.—-
1165 2350 1230 2384 Quae
1258 2359 1291 2378 ex
1322 2351 1450 2387 gentibus
1479 2355 1522 2379 est
1554 2350 1675 2378 Ecclesia
1705 2352 1745 2380 ait

955 2398 1022 2426 illud
1037 2408 1044 2425 :
1059 2397 1226 2433 Egredituini
1242 2402 1268 2424 et
1287 2397 1434 2425 intuemini
1451 2417 1459 2430 ,
1483 2398 1556 2424 dicm
1572 2402 1662 2424 autem
1695 2399 1745 2425 de-

954 2444 1142 2479 sponsationis
1155 2447 1236 2470 vocat
1253 2443 1324 2470 diem
1342 2443 1488 2478 passionis,
1499 2444 1527 2471 in
1544 2452 1596 2478 qua
1615 2451 1667 2472 suo
1681 2452 1745 2472 sau‘

955 2490 1038 2526 guine
1054 2487 1207 2516 Ecclesiam
1225 2487 1279 2514 sibi
1297 2488 1485 2523 desponsavit.

991 2534 1124 2562 Philonis.
1136 2548 1169 2554 ——
1192 2533 1371 2569 Egredimiui,
1389 2533 1498 2569 inquit,
1516 2541 1531 2561 a
1546 2533 1650 2561 malitia
1665 2534 1745 2569 legis,

959 2581 1103 2608 intuemini
1118 2579 1261 2608 Christum
1279 2586 1312 2607 ac
1343 2580 1466 2614 spineam
1489 2587 1619 2607 coronam
1632 2599 1640 2612 ,
1662 2586 1745 2614 quam

960 2628 1091 2663 imposuit
1114 2626 1138 2654 ei
1161 2625 1304 2662 Synagoga
1316 2647 1324 2660 ,
1341 2633 1374 2654 ex
1388 2633 1441 2662 qua
1465 2625 1618 2654 secundum
1633 2631 1745 2653 carnem

751 2716 773 2732 "
789 2716 833 2748 ΙΙΙ,
848 2716 914 2753 Βρετ
936 2725 964 2751 ν,
979 2718 1005 2744 6.
1045 2716 1067 2732 ⁸⁸
1082 2715 1160 2742 Joan.
1178 2723 1215 2742 uv
1245 2716 1275 2743 l6

872 2786 988 2815 NOTAE.

145 2851 204 2886 (83)
235 2849 344 2883 Φορεῑολ
375 2846 505 2882 Σαλομὼν
528 2859 564 2866 -—
591 2844 683 2876 λίθους
712 2845 819 2881 τιμίους
846 2853 892 2872 suu

951 2846 1052 2872 hilouis
1064 2845 1089 2871 iu
1104 2843 1134 2871 C.
1153 2843 1182 2871 Β.
