1966 3074
167 123 171 132 .
210 98 282 132 1635

872 96 1049 127 PROCOPII
1063 94 1186 126 GAZ/EI

1767 93 1777 123 1
1783 94 1834 124 6116

209 155 344 183 Chritus.
365 153 426 181 Dies
442 157 531 180 autem
550 151 651 180 laetitiae
663 172 670 185 ,
699 152 801 187 pascha
821 157 863 180 est
879 152 992 187 quando

1051 151 1158 186 Κριστός
1169 159 1175 166 ·
1187 150 1291 185 Ἡμέρα
1307 149 1355 184 μία
1370 149 1468 184 χαρᾶς,
1477 148 1507 175 τὸ
1514 148 1608 184 Πάσχα
1617 148 1700 178 ἐστὶν.
1712 147 1740 174 ὲν
1749 145 1771 182 ᾧ
1782 149 1834 185 ἔφη

208 200 299 226 dixit:
319 209 328 225 ι
349 198 491 226 Desiderio
504 197 660 226 desideravi
678 198 730 225 hoc
752 199 854 233 pascha
876 198 992 225 mundu-

210 254 274 273 care
294 245 434 272 vobiscum
444 245 469 261 ⁸⁸
488 254 511 271 ι.
961 238 963 241 ’

243 287 374 324 Gregorii.
387 303 419 308 —
434 287 484 315 llic
498 295 588 316 sermo
604 288 727 316 continet
742 288 961 316 exhortationem
978 295 992 314 a

208 334 314 369 Sponsa
329 333 361 361 ad
380 333 450 361 ﬁlias
464 334 543 366 Sion,
559 338 590 361 ut
604 342 618 361 a
631 334 788 361 carnalibus
805 339 920 366 exeant;
934 341 996 367 quae

209 378 325 413 intelligi
348 378 456 413 possint
485 378 584 405 anima:
615 377 818 404 salvandorum.
845 376 995 410 Quousque

208 424 329 455 tandem.
354 424 462 458 inquit,
485 424 560 451 intra
584 424 646 451 vita:
673 424 828 458 speluncam
847 422 992 450 concludi-

207 470 294 497 mini?
318 469 516 504 Progredimini
541 474 618 496 extra
636 473 744 496 natura:
761 469 915 496 velamenta
931 488 939 500 ,
968 471 996 494 ct

208 514 397 542 admirandum
409 515 461 542 hoc
474 514 662 549 spectaculum
676 515 791 550 aspicite
803 534 811 546 ,
836 514 917 541 factae
932 513 995 541 filiae

209 561 274 589 Sion
288 581 295 594 ,
315 561 352 588 ita
375 564 404 588 ut
435 561 469 588 ab
491 561 599 588 excelsa
624 561 734 595 specula
761 561 812 596 (sic
833 560 906 588 enim
931 560 994 587 Sion

209 607 413 642 interpretatur)
439 608 554 642 possitis
571 607 664 635 videre
687 607 821 641 Sponsum
843 609 994 642 gestantem

208 660 347 680 coronam.
363 652 411 680 Est
427 657 516 680 autem
545 660 646 680 corona
674 652 759 687 ipsius
782 652 906 680 Ecclesia
925 651 996 679 vivis

208 704 232 725 ct
241 698 367 726 animatis
381 698 517 733 lapidibus
524 702 607 734 caput
614 699 673 734 ejus
680 699 800 733 undique
808 697 994 725 circumdatis.

208 743 344 771 Coronam
369 748 459 771 autem
485 744 542 771 haec
570 744 690 771 charitas
713 743 882 775 connexuit,
911 750 996 778 quam

210 791 267 818 sive
282 790 344 825 quis
359 789 534 817 dilectionem
547 810 554 821 .
570 791 628 818 sive
644 795 758 817 matrem
779 789 917 824 appellet,
939 797 994 816 nun

1048 208 1056 223 ι
1076 197 1225 232 Ἐπιθυμίᾳ
1240 196 1400 231 ἐπεθύμησα
1414 196 1444 222 τὺ
1459 195 1551 231 πάσχα
1565 195 1644 222 τοῦτο
1655 196 1751 229 φαγεῖν
1775 195 1834 230 μεθ’

1045 243 1133 279 ὑμῶν.
1147 252 1156 268 ι

1080 289 1258 323 Γρηγορίου.
1269 303 1306 307 -
1323 286 1483 323 Προτροπὴν
1498 287 1512 313 6
1528 285 1606 320 λόγος
1620 282 1698 318 οὗτος
1713 287 1834 321 περιέχει

1045 336 1113 371 πρὸς
1124 335 1173 366 τὰς
1185 334 1337 369 Θυγατέρας
1357 333 1536 369 Ἰερουσαλὴμ
1562 333 1637 367 παρὰ
1650 332 1699 367 τῆς
1714 332 1834 367 Νύμφης

1044 381 1099 408 τῶν
1119 380 1259 416 σαρκικῶν
1270 380 1401 413 ἐξελθεῖν,
1417 379 1448 405 αῖ
1462 387 1534 410 τινες
1554 380 1657 404 νοοῖντο
1673 378 1705 404 ἂν
1716 379 1763 404 καὶ
1780 379 1835 403 τῶν

1046 425 1209 460 σωζομένων
1221 425 1316 460 ψυχαί.
1327 424 1398 455 Ἕως
1414 423 1490 455 πότε,
1504 423 1596 458 φησὶν,
1614 423 1642 448 ἐν
1661 422 1698 457 τῷ
1711 422 1836 457 σπηλαίῳ

1045 471 1092 498 τοῦ
1102 471 1160 506 βίου
1174 470 1363 504 συγκλείεσθε;
1379 469 1502 503 amem
1522 468 1578 495 τῶν
1593 467 1834 503 προκαλυμμάτων

1045 519 1095 553 τῆς
1111 516 1228 551 φύσεως,
1258 516 1305 543 καὶ
1323 516 1392 542 ἴδετε.
1404 515 1435 542 τὸ
1450 514 1607 549 θαυμαστὸν
1637 513 1737 548 Θέαμα¹
1763 512 1833 538 Σιὼν

1046 562 1195 598 Θυγατέρες
1217 561 1370 597 γινόμεναι,
1400 560 1471 587 ὥστε
1506 560 1562 586 ἀπὸ
1586 559 1702 590 σκοπιᾶς
1729 557 1835 593 ὑψηλῆς

1047 607 1130 643 (οὕτω
1141 607 1196 642 γὰρ
1205 608 1220 642 ἡ
1234 607 1302 633 Σιὼν
1309 605 1512 641 ἑρμηνεύεται),
1521 605 1667 639 δυνηθῆναι
1685 603 1835 630 θεάσασθαι

1048 652 1307 688 στεφανηφοροῦντα
1322 652 1367 678 τὸν
1385 651 1522 686 Νυμφίον.
1537 651 1671 684 Στέφανος
1687 650 1714 676 δὲ
1727 649 1800 683 αὐτῷ
1815 650 1831 683 ἡ

1047 699 1198 733 Ἐκκλησία
1210 697 1324 730 γίνεται.
1333 698 1378 724 διὰ
1385 697 1439 724 τῶν
1451 697 1579 731 ἐμψύχων
1594 696 1675 722 λίθων
1689 696 1737 730 τὴν
1748 703 1832 729 κεφα-

1047 744 1095 780 λὴν
1111 746 1139 772 ὲν
1149 744 1243 779 κύκλῳ
1259 744 1481 778 διαλαμὸἀνουσα
1491 750 1498 758 ’
1510 741 1731 776 στεφανηπλόκος
1746 741 1774 767 δὲ
1785 740 1832 767 τοῦ

1048 790 1167 817 τοιούτου
1193 790 1326 824 στεφάνου
1343 789 1360 823 ἡ
1377 789 1471 822 ἀγάπη
1491 787 1582 814 ἐστίν·
1599 788 1631 822 ἢν
1642 787 1696 813 εἴτε
1710 786 1832 820 ἀγάπην,

209 836 357 863 aherrabit.
376 845 386 861 ι
407 835 478 862 Deus
494 836 568 863 enim
591 841 634 863 est
649 835 787 867 charitas,
807 844 816 860 ι
834 839 862 861 ut
875 834 994 862 Joannes

1051 836 1100 862 εἴτε
1130 836 1236 871 μητέρα
1255 843 1297 866 τις
1324 834 1408 869 λέγει,
1439 834 1488 869 οὑχ
1514 833 1721 868 ἁμαρτήσεται·
1746 832 1834 863 «Θεὸς

210 880 293 908 ait”.
319 879 428 907 Nullum
454 884 545 907 autem
571 880 599 907 in
623 879 678 907 Deo
701 878 849 906 discrimen
871 878 993 911 dicitur;

209 933 298 961 neque
316 926 389 953 enim
405 926 545 953 masculus
557 946 565 958 ,
593 933 680 960 neque
697 925 798 953 femina
815 932 917 952 numcn
935 929 994 957 est;

209 971 347 1006 quomodo
378 971 472 998 enim?
506 979 569 998 cum
587 978 638 998 nec
671 970 700 998 in
725 971 805 999 nobis
837 970 995 998 hominibus

210 1017 260 1043 hoc
285 1020 417 1051 perpetuo
436 1024 645 1051 permansurum
671 1016 727 1043 sit?
761 1014 814 1043 Sed
841 1016 949 1050 quando
969 1015 995 1042 in

207 1062 318 1089 Christo
336 1069 431 1090 omnes
453 1070 536 1090 unum
554 1062 698 1094 ellicimur,
725 1063 803 1097 signa
825 1061 996 1089 discriminis

210 1108 291 1143 hujus
305 1115 359 1136 una
377 1116 440 1135 cum
455 1112 512 1135 toto
525 1108 609 1135 veteri
629 1108 738 1135 homine
751 1115 894 1135 extremus.
907 1107 997 1142 Atque

209 1154 237 1180 in
256 1153 404 1189 Evangelio
429 1154 540 1188 quidam
557 1157 633 1188 pater
649 1153 704 1180 lilio
720 1154 830 1188 nuptias
846 1153 935 1180 facere
953 1152 996 1179 di-

209 1199 316 1225 citur“
336 1206 343 1224 :
361 1202 388 1226 ct
406 1199 541 1234 propheta
556 1198 633 1231 dicit,
655 1207 664 1224 ι
683 1199 753 1231 Quia
777 1197 893 1232 posuisti
914 1205 997 1232 super

209 1247 292 1278 caput
317 1244 377 1278 ejus
392 1251 520 1271 coronam
530 1245 571 1276 '7;
599 1253 608 1269 ι
629 1244 672 1270 hic
697 1245 730 1270 de
757 1248 843 1270 matre
862 1242 901 1269 ait
923 1243 997 1277 quod

209 1290 341 1324 imposuit
358 1289 467 1324 Sponso
482 1297 622 1318 coronam.
635 1291 703 1323 Quia
723 1291 804 1326 igitur
819 1297 878 1317 una:
890 1293 996 1316 tantum

211 1335 311 1370 nupiize
333 1339 397 1361 sunt
421 1340 448 1362 et
480 1343 535 1362 una
562 1334 686 1369 Sponsa,
707 1340 734 1363 et
757 1335 792 1362 ab
817 1342 872 1362 uno
895 1341 997 1362 corona

211 1378 319 1414 Sponso
346 1379 506 1414 imponitur,
529 1380 641 1406 omnino
658 1380 724 1407 nihil
742 1379 912 1409 discriminis
933 1385 994 1412 est,

211 1425 271 1452 sive
282 1424 344 1460 quis
367 1423 414 1452 Dei
430 1423 528 1452 Filium
546 1425 690 1461 unigenam
710 1425 795 1454 Deum
810 1429 890 1453 vocet
902 1446 909 1458 ,
939 1426 997 1453 sive

211 1469 308 1497 Filium
324 1469 480 1497 dilectionis
495 1470 567 1504 ejus,
586 1478 648 1498 cum
664 1471 759 1499 eadem
778 1475 902 1506 potestas
917 1474 996 1498 utro-
1009 1489 1031 1520 Ο

212 1523 266 1550 que
282 1515 392 1542 nomine
408 1516 560 1550 significata
573 1519 685 1543 exornet
708 1517 797 1551 ipsum
816 1520 846 1543 ut
860 1515 997 1551 Sponsum

215 1561 248 1588 ad
266 1561 496 1588 cohabitationem
524 1565 659 1589 nostram.
686 1562 768 1596 Atqui
785 1561 837 1588 hac
851 1569 883 1588 ex
898 1568 1000 1588 corona

213 1610 378 1642 voluptatem
404 1614 466 1634 eum
492 1613 590 1642 capere
616 1607 656 1634 ait
683 1607 789 1642 Sponsa
803 1607 917 1634 mirifice
934 1615 1000 1642 gau-

205 1654 321 1689 dentem
338 1657 435 1679 ornatu
449 1652 495 1680 illo
511 1652 686 1687 sponsalitio.
708 1652 802 1680 Gratia
817 1653 890 1679 enim
905 1660 1000 1680 revera

214 1698 360 1732 conjugem
378 1705 455 1725 suam
480 1699 583 1726 faciens
606 1697 775 1730 Ecclesiam,
803 1698 912 1732 sibique
933 1698 1000 1724 ada-

215 1748 294 1778 ptans
307 1747 333 1770 et
348 1743 492 1771 virtutibus
504 1751 564 1778 quae
576 1744 602 1770 in
616 1751 647 1771 ea
661 1744 767 1771 eximia:
779 1748 843 1771 sunt
854 1743 1000 1771 redimitus

215 1788 308 1816 laetitia
323 1789 455 1815 adicitur.

251 1831 319 1859 Nili.
334 1847 369 1853 —
385 1832 453 1865 Quis
478 1833 588 1867 quidem
613 1833 671 1860 haec
698 1833 794 1866 dicat,
819 1841 873 1861 non
891 1833 999 1868 liquet:

215 1877 340 1906 fortassis
366 1882 460 1906 autem
491 1879 571 1906 amici
598 1879 697 1913 Sponsi
718 1887 725 1906 :
744 1878 845 1907 Verum
875 1880 1001 1915 quisquis

215 1922 308 1955 fuerit,
339 1930 386 1951 eos
414 1923 461 1958 qui
489 1931 522 1951 ex
552 1924 681 1959 gentibus
707 1929 772 1952 sunt
802 1929 907 1952 vocat:
935 1924 1001 1952 Sion

213 1968 287 1996 enim
304 1968 401 1995 horum
431 1973 519 1997 mater
542 1974 585 1997 est
599 1977 660 2005 qua:
676 1970 779 1998 Christi
797 1970 883 2005 legem
899 1971 1002 2006 germi-

215 2013 299 2040 navit.
315 2013 393 2041 Prior
409 2015 482 2042 enim
502 2015 545 2042 lex
561 2022 575 2042 a
589 2015 656 2042 Sina
671 2020 724 2047 est.
740 2016 876 2051 posterior
890 2023 956 2043 vero
969 2024 1001 2043 ex

216 2059 294 2086 Sion.
320 2059 388 2086 Cum
421 2061 502 2095 igitur
521 2061 547 2087 in
577 2061 698 2088 tenebris
729 2067 757 2088 et
785 2061 881 2089 umbra
905 2062 1002 2090 mortis

215 2105 340 2132 sederent
369 2110 463 2139 gentes
479 2125 487 2137 ,
525 2106 623 2132 invitat
648 2106 710 2134 illas
733 2106 849 2134 fortasse
871 2108 918 2142 qui
944 2108 1002 2135 inec

1045 882 1099 916 γάρ
1116 881 1190 906 ἐστιν
1205 881 1310 915 ἀγάπη,
1325 889 1334 906 ι
1353 880 1424 907 κατὰ
1438 879 1486 915 τὴν
1507 879 1630 906 Ἰωάννου
1655 879 1765 912 φωνήνο
1785 878 1832 904 ού-

1045 926 1089 952 δὲν
1099 926 1127 952 δὲ
1143 925 1266 960 διαφέρει
1279 927 1326 952 ἐπὶ
1338 924 1405 951 Θεοῦ
1421 924 1578 959 λεγόμενον”
1596 923 1659 949 οὔτε
1672 924 1726 958 γὰρ
1738 923 1833 958 ἄρρεν,

1046 971 1107 998 οὔτε
1121 971 1186 1006 θῆλυ
1198 971 1229 998 τὸ
1238 971 1325 998 Θεῖον.
1347 971 1408 1002 Πῶς
1422 971 1487 1006 γὰρ,
1498 969 1598 996 ὁπόταν
1612 969 1673 995 οὐδὲ
1694 969 1760 1003 ἡμῖν
1778 969 1835 998 τοῖς

1047 1017 1201 1053 ἀνθρώποις
1230 1017 1310 1044 τοῦτο
1336 1018 1376 1049 είς
1392 1016 1423 1043 τδ
1447 1016 1569 1051 διηνεκὲς
1594 1015 1750 1050 παραμένῃ,
1776 1014 1834 1041 ἀλλ’

1047 1064 1109 1090 ὅταν
1125 1065 1153 1090 ὲν
1165 1064 1277 1099 Χριστῷ
1289 1063 1318 1090 ἓν
1334 1063 1436 1094 πάντες
1448 1062 1595 1097 γενόμεθα.
1616 1061 1650 1088 τὰ
1667 1063 1768 1096 σημεῖα
1785 1060 1834 1095 τῆς

1047 1109 1178 1144 διαφορᾶς
1193 1110 1294 1144 ταύτης
1315 1110 1384 1144 μετὰ
1399 1109 1459 1135 ὅλου
1474 1107 1522 1134 τοῦ
1546 1106 1662 1133 παλαιοῦ
1687 1106 1833 1140 ἀνθρώπου

1048 1155 1251 1190 συνεκδυόμεοα
1261 1163 1268 1170 ·
1285 1155 1337 1182 κάν
1347 1154 1387 1188 τῷ
1404 1153 1562 1188 [εὐαγγελίῳ
1576 1154 1589 1179 6
1605 1152 1698 1187 Πατὴρ
1726 1152 1834 1185 λέγεται

1047 1202 1133 1228 ποιεῖν
1148 1201 1188 1235 τῷ
1204 1200 1260 1236 Υίῷ
1272 1200 1336 1231 τοὺς
1350 1199 1470 1234 γάμους·
1486 1200 1533 1225 καὶ
1548 1200 1562 1225 6
1577 1199 1723 1233 Προφήτης
1741 1197 1835 1232 φησιν,

1050 1256 1059 1272 ι
1073 1247 1133 1272 Ὀτι
1150 1245 1251 1280 ἔθηκας
1269 1245 1315 1271 ἐπὶ
1335 1245 1384 1280 τὴν
1404 1244 1524 1279 κεφαλὴν
1547 1244 1629 1270 αὑτοῦ
1653 1244 1786 1277 στέφανον
1801 1251 1808 1258 ⁶
1822 1251 1832 1268 ι

1047 1292 1162 1319 ἐνταῦθα
1175 1292 1202 1318 δὲ
1213 1291 1287 1326 παρὰ
1300 1291 1349 1325 τῆς
1373 1291 1476 1326 μητρὸς
1500 1291 1567 1325 φησι
1597 1290 1783 1316 ἐπιτεοεῖσϋαι
1795 1289 1834 1324 τῷ

1048 1338 1165 1374 Νυμφίῳ
1176 1338 1220 1365 τὸν
1232 1337 1371 1373 στέφανον.
1381 1338 1457 1364 Ἐπεὶ
1469 1335 1516 1364 οὖν
1528 1333 1566 1368 εἷς
1582 1337 1654 1363 ἐστιν
1666 1336 1678 1362 6
1690 1335 1776 1371 γάμος
1789 1336 1836 1362 καὶ

1049 1385 1099 1421 μία
1111 1387 1127 1421 ἡ
1139 1385 1252 1421 Νύμφη,
1267 1385 1313 1411 καὶ
1327 1386 1391 1419 παρ’
1410 1384 1468 1415 svo;
1481 1383 1654 1410 ἐπιϐάλλεται
1667 1382 1705 1418 τῷ
1718 1382 1837 1417 Νυμφιῳ

1049 1430 1190 1464 στέφανος,
1217 1430 1294 1456 οὐδὲν
1309 1429 1433 1464 διαφέρει
1446 1428 1461 1463 ἢ
1477 1427 1538 1454 Υἱον
1554 1428 1622 1454 Θεοῦ
1635 1428 1680 1453 τὸν
1700 1428 1834 1462 μονογενῆ

1047 1476 1138 1510 λέγειν
1155 1475 1231 1508 Θεὸν,
1250 1475 1265 1510 ἢ
1281 1475 1344 1501 Υἱὺν
1362 1475 1409 1510 τῆς
1426 1475 1536 1510 ἀγάπης
1551 1473 1633 1510 αὐτῷ
1644 1481 1650 1488 ·
1669 1474 1735 1508 μιᾶς
1750 1473 1835 1507 οὔσης

1050 1520 1111 1547 καθ’
1127 1520 1255 1554 ἑκάτερον
1271 1519 1356 1554 ὄνομα
1374 1521 1423 1555 τῆς
1438 1518 1674 1554 νυμφοστολούσης
1694 1518 1775 1545 αὐτὸν
1792 1519 1837 1544 ἐπὶ

1050 1567 1083 1600 τῇ
1100 1565 1222 1601 ἡμετέρᾳ
1243 1567 1396 1598 συνοικήσει
1425 1564 1576 1599 δυνάμεως.
1595 1563 1838 1598 Ἐνευφραὶνεσοαι

1050 1610 1078 1637 δὲ
1093 1611 1180 1646 τούτῳ
1192 1610 1231 1645 τῷ
1245 1610 1370 1645 στεφάνῳ
1382 1610 1456 1644 λέγει
1478 1610 1559 1637 αὐτὸν
1571 1611 1587 1645 ἡ
1601 1609 1702 1645 Νύμφη
1719 1609 1756 1644 τῷ
1768 1618 1836 1643 νυμ-

1051 1657 1123 1692 φικῷ
1137 1657 1233 1692 κόσμῳ
1246 1657 1470 1692 ὲναγαλλόμενον·
1488 1657 1579 1691 χάριτι
1607 1656 1660 1690 γὰρ
1674 1655 1712 1687 ὡς
1729 1655 1837 1691 ἀληθῶς

1052 1704 1173 1730 σύνοικον
1191 1703 1288 1730 ἑαυτοῦ
1307 1703 1357 1738 τὴν
1376 1703 1540 1738 Ἐκκλησίαν
1567 1702 1763 1737 ποιησάμενος,
1777 1704 1838 1733 ταῖς

1051 1749 1162 1784 ἀρεταῖς
1170 1749 1375 1784 διαπρεπόντων
1384 1750 1412 1775 ὲν
1421 1749 1490 1784 αὐτῇ
1501 1749 1718 1783 στεφανούμενος
1727 1749 1838 1782 εὐφραί-

1051 1804 1136 1822 νεται.

1086 1842 1206 1868 Νείλου.
1219 1856 1253 1862 -
1266 1841 1314 1872 Τίς
1330 1841 1378 1876 μὲν
1391 1841 1405 1867 6
1418 1840 1506 1867 ταῦτα
1526 1841 1625 1874 λέγων,
1643 1840 1738 1875 ἄδηλον
1751 1848 1756 1853 ·
1773 1840 1813 1865 Em-
1824 1848 1838 1871 ς

1051 1889 1079 1915 δὲ
1089 1889 1113 1914 οι
1128 1887 1174 1914 τοῦ
1192 1887 1319 1922 Νυμφῖου
1341 1887 1413 1922 φίλοι
1423 1895 1430 1902 ·
1446 1887 1515 1922 πλὴν
1524 1887 1553 1919 ὃς
1568 1887 1601 1913 ἂν
1615 1885 1642 1924 ᾗ,
1654 1887 1716 1918 τοὺς
1733 1887 1839 1912 61:350-

1052 1932 1105 1959 νῶν
1128 1933 1222 1960 καλεῖ-
1242 1932 1311 1959 Σιὼν
1334 1933 1388 1968 γάρ
1410 1934 1483 1959 ἐστιν
1497 1933 1514 1968 ὴ
1531 1933 1633 1959 τούτων
1654 1934 1775 1968 μήτηρή
1796 1933 1838 1959 τὸν

1052 1979 1098 2005 τοῦ
1112 1978 1230 2014 Χριστοῦ
1237 1977 1318 2013 νόμον
1337 1977 1522 2013 βλαστήσασα.
1540 1978 1568 2004 '0
1579 1978 1627 2012 μὲν
1638 1979 1693 2013 γὰρ
1707 1978 1839 2013 πρότερος

1053 2025 1143 2059 νόμος,
1161 2024 1216 2050 ἀπδ
1238 2024 1314 2055 Σινᾶ,
1330 2025 1344 2050 ὁ
1357 2023 1385 2050 δὲ
1399 2023 1527 2058 δεύτερος
1551 2024 1606 2050 ἀπὸ
1633 2022 1712 2050 Σιών.
1730 2023 1838 2058 Ἐπειδὴ

1053 2069 1140 2096 τοίνυν
1151 2070 1179 2096 ἐν
1191 2069 1282 2096 σκότει
1303 2069 1351 2096 καὶ
1371 2070 1435 2104 σκιᾷ
1449 2070 1563 2096 θανάτου
1581 2069 1698 2103 ἐκάθητο
1712 2069 1746 2095 τὰ
1763 2069 1838 2103 ἔθνη,

1055 2115 1255 2150 προσκαλεῖται
1266 2116 1366 2147 αὐτοὺς
1394 2117 1464 2150 τάχα
1474 2116 1488 2141 ὁ
1503 2115 1588 2141 ταῦτα
1603 2114 1721 2150 εἰρηκὼς
1734 2115 1840 2149 προφή-

214 2150 281 2177 dixit
298 2151 430 2186 propheta
452 2151 569 2179 dicens:
587 2161 597 2177 ι
616 2151 738 2187 Populus
762 2153 862 2180 sedens
880 2153 908 2180 in
925 2158 996 2181 tene-

1052 2169 1102 2194 της
1116 2160 1218 2194 λέγων·
1238 2170 1248 2186 ι
1270 2161 1298 2187 'O
1312 2160 1377 2192 λαδς
1389 2160 1403 2186 ὁ
1419 2161 1573 2195 καθήμενος
1593 2161 1622 2186 ὲν
1638 2160 1739 2190 σκότει,
1756 2169 1766 2186 ι
1788 2160 1839 2191 ἐξ·

215 2195 315 2223 bris“.
338 2205 346 2222 ι
368 2196 446 2223 Exite
459 2201 484 2223 et
502 2197 594 2224 videte.
619 2198 711 2230 Quid?
734 2198 833 2226 Subdit
860 2200 999 2228 admirans

216 2241 304 2268 audax
321 2241 428 2270 facinus
445 2243 470 2269 in
483 2251 581 2270 corona
597 2251 650 2278 qua
662 2245 796 2271 coronat-il
810 2245 896 2279 ipsum
915 2252 1001 2273 mater

215 2295 265 2314 sua
278 2288 303 2314 in
318 2288 361 2315 die
374 2289 584 2323 desponsalionis
593 2298 658 2317 sure.
673 2291 735 2318 Dies
745 2298 835 2319 autem
851 2293 1002 2327 desponsa-

216 2333 298 2360 tionis
321 2333 422 2361 Christi
446 2338 472 2362 et
492 2334 551 2362 dies
567 2335 665 2363 lmtitize
691 2337 782 2364 cordis
812 2338 926 2365 suierat
943 2338 1002 2365 dies

215 2382 308 2409 crucis
334 2382 362 2410 in
392 2391 445 2418 qua
461 2383 611 2412 Ecclesiam
626 2393 660 2413 ex
677 2387 803 2420 gentibus
816 2389 922 2423 accepit
938 2395 1000 2416 tan—

215 2435 297 2462 quam
322 2428 455 2464 Sponsam
481 2431 534 2458 sibi
557 2439 605 2465 per
627 2433 776 2467 prophetas
792 2434 998 2468 desponsatam.

214 2473 319 2501 Videns
344 2475 427 2510 igitur
457 2476 590 2511 propheta
623 2478 793 2513 Synagogam
823 2480 999 2509 creberrimis

216 2518 340 2546 alfeclam
362 2520 503 2548 beneflciis
521 2521 613 2555 justas
628 2522 704 2549 vices
723 2523 834 2550 Christo
860 2532 914 2552 non
939 2526 1000 2553 red-

215 2564 293 2597 dere,
308 2564 354 2592 sed
371 2565 454 2600 capiti
476 2565 537 2600 ejus
550 2566 672 2601 spineam
688 2567 828 2602 imponere
845 2576 975 2597 coronam
991 2591 998 2602 .

217 2610 263 2636 tali
291 2609 413 2638 facinore
429 2611 638 2645 obstupefactus
653 2612 691 2639 ait
705 2622 711 2639 :
723 2613 886 2648 Egredimini
909 2621 934 2643 et
960 2617 1001 2643 iu-

216 2656 326 2682 tuemini
346 2656 373 2683 in
395 2665 479 2691 regem
502 2657 671 2685 Salomone»:
689 2659 716 2685 in
733 2668 830 2687 corona
849 2669 901 2696 qua
923 2670 1000 2689 coro-

215 2702 289 2728 navit
303 2710 361 2728 eum
377 2708 462 2730 mater
469 2703 538 2738 ejus.
548 2703 633 2731 Vocat
646 2708 737 2732 autem
752 2704 854 2734 Christi
871 2711 995 2741 matrem,

251 2770 274 2785 “
288 2769 352 2807 Luc.
369 2778 436 2803 nn,
450 2771 506 2807 15._
542 2771 565 2787 "
581 2771 645 2807 Reg.
664 2771 725 2800 558.

217 2811 255 2836 lx,
269 2806 301 2838 2;
315 2806 408 2833 Matth.
423 2814 458 2838 tv,
475 2805 519 2834 Ιϐ.

783 2774 804 2790 ⁸⁷
821 2774 828 2801 Ι
849 2775 926 2803 Joan.
945 2784 983 2809 Ix,
1003 2776 1030 2804 6.

1052 2206 1154 2232 ἐλθετε
1172 2206 1220 2232 καὶ
1230 2205 1325 2232 ἴδετε·
1341 2206 1366 2232 τί
1381 2206 1420 2239 δὲ,
1435 2206 1559 2240 ἐπιφέρει
1574 2205 1721 2240 θαυμάζων
1735 2205 1766 2232 τὺ
1779 2205 1840 2231 τόλ-

1053 2260 1144 2287 μημα,
1171 2253 1214 2278 Er
1234 2252 1274 2284 τῷ
1299 2251 1439 2286 στεφάνῳ
1462 2248 1486 2285 ᾦ
1509 2251 1721 2286 ἐστεφάνωσεν·
1747 2250 1840 2278 αὐτὸν

1051 2298 1071 2330 ἡ
1088 2297 1188 2332 μήτηρ
1214 2298 1308 2325 αὑτοῦ
1335 2298 1370 2324 ἐν
1397 2297 1492 2332 ἡμέρᾳ
1517 2298 1711 2332 νυμφεύσεως
1735 2296 1838 2324 αὐτοῦ.

1058 2343 1166 2378 Ἡμέρα
1177 2343 1206 2369 δὲ
1222 2343 1400 2378 νυμφεύσεως
1421 2343 1468 2370 τοῦ
1486 2343 1604 2378 Χριστοῦ
1629 2343 1676 2369 καὶ
1692 2342 1783 2377 ἡμέρα
1796 2342 1842 2368 εὑ-

1053 2387 1192 2423 φροσύνης
1215 2388 1330 2423 καρδίας
1359 2388 1442 2414 αὑτοῦ
1463 2385 1507 2422 ἦν,
1521 2387 1592 2422 ἡτοῦ
1607 2387 1723 2423 σταυροῦ
1738 2386 1838 2422 ἡμέρα,

1053 2435 1084 2461 ὲν
1130 2434 1180 2469 τὴν
1194 2434 1223 2467 ἐξ
1238 2434 1322 2460 ἐθνῶν
1341 2434 1504 2469 Ἐκκλησίαν
1515 2433 1551 2464 ὡς
1568 2433 1687 2468 Νύμφην
1701 2432 1780 2460 ἔλαϐε
1794 2441 1840 2467 με-

1055 2479 1262 2515 μνηστευμένην
1288 2479 1364 2514 αύτῴ
1381 2479 1424 2506 διὰ
1448 2479 1502 2506 τῶν
1520 2479 1774 2514 προφητῶν.’ορῶν
1793 2478 1840 2504 οὖν

1052 2525 1104 2561 τὴν
1115 2525 1246 2556 πολλάκις
1258 2525 1390 2560 εὐεργετη
1396 2525 1481 2559 μένην
1491 2525 1676 2559 Συναγωγὴνὸ
1687 2524 1839 2559 προφήτης,

1053 2571 1083 2597 οὺ
1097 2570 1205 2601 δικαίας
1229 2570 1347 2605 ἀμοιϐὰς
1379 2570 1559 2597 ἀποδιδοῦσαν
1583 2570 1621 2605 τῷ
1633 2568 1753 2605 Χριστῷ,
1783 2568 1840 2596 ἀλλ’

1053 2616 1197 2643 ἀκάνθινον
1226 2616 1353 2642 ἐπιθεῖσα
1369 2617 1501 2650 στέφανον
1511 2618 1544 2652 τῇ
1560 2616 1675 2651 κεφαλῇ,
1692 2615 1842 2650 ἐκπληττό-

1056 2669 1136 2696 μενος
1146 2662 1192 2688 ὲπὶ
1208 2661 1247 2696 τῷ
1259 2663 1388 2689 τοιούτων
1398 2663 1623 2698 παρανομήματι,
1631 2662 1721 2697 φησίν·
1738 2661 1842 2692 Ἐξέλ-

1053 2710 1119 2736 0m
1134 2708 1183 2735 καὶ
1194 2707 1271 2734 ἴδετε
1282 2708 1316 2734 ἐν
1331 2708 1371 2741 τῷ
1380 2709 1505 2740 βασιλεῖ
1516 2707 1711 2742 Σαλομὼν,ὲν
1721 2707 1760 2740 τῷ
1771 2715 1841 2734 στε-

1085 2777 1107 2792 ⁶⁸
1123 2776 1216 2803 Mattb.
1249 2784 1318 2810 xin,
1341 2777 1358 2803 2
1374 2785 1450 2812 seqq.
1487 2778 1510 2792 ’θ
1540 2777 1612 2806 l‘sal.
1630 2783 1676 2809 xx,
1688 2775 1716 2803 9.
1754 2774 1776 2790 "
1789 2774 1842 2805 Isa-
