1966 3074
155 131 223 163 1637

650 131 918 162 COMMENTARII
942 133 984 163 IN
1003 133 1163 164 CANTICA
1177 135 1323 166 CANTIC.

1724 137 1791 169 16"8

153 187 239 222 φάν-ῳ
247 182 272 219 ᾦ
282 185 497 220 ἐστεφάνωσεν
508 185 599 212 αὑτὸν
614 186 633 218 ή
640 186 741 220 μητὴρ
756 186 850 212 αὑτοῦ
863 194 869 201 ·
877 196 887 212 ι
901 195 937 221 μη

1005 188 1069 222 quia
1085 196 1117 216 ex
1136 196 1168 216 eo
1192 189 1337 217 deducitur
1350 190 1411 226 ejus
1426 190 1585 227 genealogia
1599 196 1626 221 et
1639 194 1789 222 secundum

152 233 219 267 τέρα
227 231 256 257 δὲ
272 231 356 265 αὐτὴν
369 231 443 264 λέγει
455 230 585 265 Χριστοῦ,
598 230 693 265 ἐπειδὴ
703 231 731 264 ἐξ
740 232 847 267 ἐκείνης
861 232 948 258 κατά-

153 283 232 311 γεται
240 276 288 303 καὶ
301 277 333 311 τῇ
345 275 505 311 γενεαλογίᾳ
516 276 565 302 καὶ
572 277 605 310 τῇ
615 276 686 302 κατὰ
698 276 787 311 σάρκα
794 277 945 312 οἰκονομίᾳ.

455 352 582 380 ΚΕΦΑΛ.
607 351 644 380 Δ’.

187 409 312 437 α¹.ἰδοὺ
327 407 357 436 εἴ
369 408 461 442 καλὴ,
476 408 495 441 ’ἦ
511 409 647 442 πλησίον
654 418 726 443 μου,
737 409 803 436 ἰδοὺ
818 407 845 436 εἷ
855 410 945 442 καλή·

151 455 180 481 οι
196 454 346 489 ὀφθαλμοί
365 462 425 481 σου
438 453 621 488 περιστεραὶ,
638 454 725 487 ἐκτὸς
752 454 809 489 τῆς
833 455 947 489 σιωπή-

152 499 230 532 σεώς
243 508 313 526 σου.

187 555 365 590 Γρηγορίου.
376 570 412 576 -
423 554 473 581 Διὰ
484 554 535 589 τῆς
559 555 720 591 προτροπῆς
740 556 795 582 τῶν
816 564 947 592 προειρη-

154 600 242 634 μένων
260 600 311 635 τῆς
322 600 441 635 Νύμφης
452 600 502 635 τὴν
525 600 730 636 φιλανθρωπίαν
742 602 756 628 6
771 601 850 635 λόγος
876 602 945 628 ἀπο-

151 645 308 680 δεξάμενος,
323 646 363 672 ὂτι
376 646 448 672 κατὰ
467 646 583 681 μίμησιν
603 646 649 673 τοῦ
667 646 804 673 Δεσπότω
818 647 865 673 καὶ
877 647 945 682 αὑτὴ

152 691 224 718 θέλει
242 692 347 723 πάντας
372 692 492 728 σωθῆναι
514 693 562 719 καὶ
578 693 619 724 εἰς
643 693 794 727 ἐπίγνωσιν
815 693 945 728 ἀληθείας

151 737 250 769 ἐλθεῖν,
266 737 332 771 ὃλην
355 738 552 772 ἀποσεμνύνει,
567 739 615 764 καὶ
637 738 772 773 θαυμάζει
789 738 820 765 τὸ
834 739 943 771 κάλλος,

150 783 350 818 ἐμφιλοχωρῶν
362 783 401 818 τῷ
416 783 487 818 λόγῳ
502 785 557 814 τοῖς
579 784 641 810 καθ’
669 783 786 810 ἕκαστον
811 784 920 818 μέλεσιν
934 791 943 800 ⁸

151 828 216 855 ἴδιον
230 828 338 862 ἑκάστῳ
352 828 427 863 μέλει
438 828 482 854 διὰ
498 828 669 863 συγκρίσεώς
685 837 715 854 τε
727 829 775 855 καὶ
788 827 944 864 ὁμοιώσεως

149 873 333 909 χαριζόμενος
348 873 377 899 τὸ
388 872 542 907 ἐγκώμιον
560 873 631 908 καλὴ
646 871 703 905 οὖν,
718 874 795 909 φησὶ,
813 874 882 909 πρὸς
893 874 943 900 αὺ-

149 919 199 955 τὴν
211 920 226 945 6
237 919 327 953 λόγος,
341 920 375 954 τῇ
387 919 476 953 ἀγαθῇ
509 919 670 954 προαιρέσει
697 919 738 954 τῷ
762 919 838 954 καλῷ
861 928 944 955 προσ-
957 912 981 941 Β

150 964 288 998 εγγίσασα
303 972 310 979 ’
330 963 445 999 πλησίον
459 964 487 990 δὲ
507 964 592 999 αὐτὴν
608 964 696 996 καλεῖ,
720 964 764 990 διὰ
777 964 807 990 τὺ
823 965 944 999 μιμήσα-

151 1010 213 1036 σθαι
228 1010 278 1045 τὴν
307 1009 391 1037 αὑτοῦ
415 1010 633 1045 φιλανθρωπίαν,
650 1010 697 1036 καὶ
725 1010 942 1044 ὲγκελεύσασθοιι

149 1058 210 1087 ταῖς
238 1056 345 1087 λοιπαῖς
360 1056 460 1092 ψυχαῖς
475 1056 639 1083 καταλιπεῖν
662 1056 696 1083 τὰ
710 1057 878 1093 πρόσκαιρα,
896 1057 943 1084 καὶ

150 1099 313 1133 ἐξελθοῦσαν
330 1100 394 1126 [δεῖν
409 1100 456 1127 τὸν
467 1101 595 1135 Νυμφίον
611 1101 867 1136 στεφανηφοροῦντα
880 1109 886 1116 ·
898 1101 943 1128 διὰ

149 1144 178 1171 δὲ
190 1146 240 1180 τῆς
268 1145 467 1180 ὲπαναλήψεως
483 1145 530 1172 τοῦ
552 1145 666 1172 ἐπαίνου
683 1145 713 1172 τὸ
729 1145 862 1181 ἄψευστον
892 1147 942 1182 τῆς

151 1191 305 1226 μαρτυρίας
331 1191 500 1219 ἐνδείκνυται
516 1200 522 1207 ·
539 1193 569 1218 ὲν
588 1192 642 1227 γὰρ
653 1194 685 1228 τῇ
702 1192 783 1228 διπλῇ
802 1194 942 1228 μαρτυρίᾳ

151 1237 327 1272 βεῦαιοῦσθαι
336 1237 385 1273 τὴν
398 1238 529 1273 ἀλήθειαν
541 1239 555 1265 6
568 1238 640 1270 θεῖος
657 1239 837 1274 ἀποφαίνεται
849 1239 939 1274 λόγος,

157 1281 269 1317 Ἐπειδὴ
277 1282 306 1308 δὲ
319 1283 349 1309 ἓν
363 1283 443 1318 σῶμα
454 1283 640 1318 ήἘκκλησία,
654 1285 683 1310 ὲν
698 1284 726 1310 δὲ
736 1284 775 1319 τῷ
787 1284 826 1310 ἑνὶ
835 1284 941 1319 σώματι

151 1329 221 1364 μέλη
252 1329 348 1360 πολλὰ,
363 1329 394 1355 οὺ
412 1328 461 1364 τὴν
489 1329 574 1365 αὐτὴν
606 1329 702 1364 ἔχοντα
717 1330 828 1365 πρᾶξιν,
846 1331 941 1358 τούτου

149 1376 230 1411 χάριν
245 1376 261 1402 6
271 1375 389 1411 ἀκριϐὴς
416 1375 463 1402 τοῦ
489 1375 607 1407 κάλλους
620 1376 798 1411 δοκιμαστὴς.
810 1377 865 1403 τῶν
875 1377 942 1412 ἀρε-

150 1422 258 1448 σάντων
274 1421 350 1456 αὑτῷ
366 1421 457 1456 μελῶν
470 1421 499 1454 ἐξ
514 1422 577 1448 ὅλου
605 1422 742 1457 σώματος,
771 1422 837 1449 ἴδιόν
849 1431 878 1448 τε
895 1422 942 1449 καὶ

150 1468 307 1503 πρόσφορον
321 1467 437 1494 ἑκάστου
449 1469 569 1494 ποιεῖται
583 1468 630 1494 τὸν
649 1467 759 1494 ἔπαινον
768 1476 775 1483 ·
791 1468 941 1503 ἄρχεταιδὲ

150 1513 203 1540 ἀπὸ
212 1514 268 1539 τῶν
284 1513 432 1548 ὀφθαλμῶν
446 1520 453 1528 ·
470 1510 573 1540 οὗτοιδ¹
582 1513 615 1540 ἂν
632 1511 698 1545 εἶεν,
709 1511 764 1540 οἷον
777 1515 790 1540 6
804 1513 940 1549 Σαμουὴλ,

149 1560 164 1585 ὁ
179 1559 286 1593 βλέπων
318 1559 368 1593 γὰρ
392 1558 558 1593 ὀνομάζετο·
587 1558 635 1585 καὶ
647 1560 660 1585 6
679 1558 820 1594 Ἰεζεκιὴλ,
834 1560 849 1586 6
877 1568 940 1586 σκο-

150 1605 245 1631 πεὺειν
260 1604 312 1630 ὑπὸ
326 1603 393 1630 Θεοῦ
414 1604 581 1639 τεταγμένος
593 1604 640 1630 ἐπὶ
650 1606 684 1639 τῇ
698 1604 753 1631 τῶν
768 1605 942 1638 φυλασσομέ-

151 1658 202 1676 νων
217 1649 282 1685 παρ’
301 1649 384 1676 αὐτοῦ
411 1650 534 1685 σωτηρίᾳ
544 1658 550 1663 ·
569 1650 618 1676 καὶ
640 1650 760 1685 Μιχαίας
772 1651 786 1676 6
801 1650 881 1685 ὁρῶν,
895 1650 942 1677 καὶ

149 1694 254 1729 Μωσῆς
263 1695 276 1720 6
285 1694 430 1729 θεώμενος,
444 1695 490 1721 καὶ
501 1694 546 1721 διὰ
559 1694 639 1721 τοῦτο
650 1694 717 1726 Θεὸς
734 1695 940 1730 ὠνομασμένος·

149 1740 286 1775 ὀφθαλμοὶ
316 1741 416 1772 πάντες
445 1741 545 1767 ἐκεῖνοι
556 1741 580 1767 οἱ
594 1742 634 1772 εἰς
658 1741 772 1775 ὀδηγίαν
799 1741 846 1768 τοῦ
874 1741 940 1768 λαοῦ

149 1786 321 1821 τεταγμένοι,
335 1786 360 1812 οἳ
372 1786 419 1812 καὶ
449 1785 568 1820 ὁρῶντες
595 1785 790 1820 ὠνομάζοντο·
819 1785 865 1812 καὶ
893 1786 941 1813 νῦν

149 1833 178 1859 δὲ
203 1834 228 1859 οἱ
250 1833 300 1867 τῆς
331 1831 497 1866 Ἐκκλησίας
524 1831 708 1866 προεστῶτες,
736 1832 761 1857 οἱ
787 1831 832 1858 τὸν
861 1831 941 1858 αὐτὸν

148 1878 265 1910 ἐκείνοις
295 1877 395 1912 τρόπον
425 1877 580 1912 ἐπέχοντες,
609 1877 656 1903 καὶ
687 1877 756 1912 πρὸς
769 1876 798 1903 τὸ
817 1877 874 1912 φῶς
891 1877 942 1912 τῆς

148 1924 280 1960 ἀληθείας
290 1924 320 1950 τὸ
331 1923 423 1950 λοιπὸν
435 1923 514 1958 σῶμα
533 1921 757 1957 καθοδηγοῦντες.
777 1923 942 1958 Περιστεραὶ

147 1972 189 2004 δὲ,
204 1971 298 2006 φησὶν,
317 1971 407 1997 εῖτουν
431 1970 614 2004 ’πνευματικοὶ¹
639 1969 687 1995 καὶ
704 1969 771 2004 πρὸς
793 1969 869 1996 οὐδὲν
881 1969 941 2004 βλέ-

146 2025 248 2048 ποντες
271 2016 412 2050 ὑλικόνοῆ
435 2016 482 2042 καὶ
497 2015 547 2050 τὴν
571 2015 757 2050 ὰκεραιότητα
781 2014 824 2041 διὰ
839 2016 941 2042 τούτων

146 2062 269 2098 ᾐνίξατο.
293 2063 324 2088 Ἦ
340 2062 406 2093 δυὰς
426 2061 481 2088 τῶν
511 2060 658 2101 ὀφθαλμῶν
687 2060 839 2087 ἐπαινεῖται
856 2059 893 2091 ῶς
908 2060 941 2087 ἂν

148 2110 162 2135 6
173 2109 254 2142 λόγος
284 2108 389 2141 γένοιτο
403 2108 432 2133 ὲν
447 2107 551 2142 ἐπαίνῳ
562 2107 576 2133 6
589 2106 732 2141 ἄνθρωπος
747 2107 761 2132 6
777 2106 941 2141 φαινόμενὸς

146 2163 179 2182 τε
196 2155 242 2181 καὶ
258 2153 418 2189 νοούμενος·
433 2153 476 2179 διὰ
496 2152 550 2187 γὰρ
568 2152 647 2179 τοῦτό
660 2160 754 2187 φησιν,
775 2151 875 2184 Έκτὸς
886 2151 941 2185 τῆς

147 2199 330 2233 σιωπήσεώς
342 2205 416 2225 σου”
432 2197 480 2224 τοῦ
497 2197 551 2232 γὰρ
568 2197 672 2231 ἀγαθοῦ
701 2196 771 2232 βίου,
783 2197 814 2223 τὸ
830 2197 879 2231 μὲν
891 2196 939 2222 ἀν-

148 2246 270 2282 θρώποις
286 2244 431 2280 πρόδηλον,
446 2243 476 2270 τὸ
486 2243 515 2270 δὲ
532 2243 607 2278 μόνῳ
632 2242 708 2277 Θεῷ·
740 2244 875 2278 μαρτυρεῖ
889 2242 939 2269 τοί·
952 2253 978 2283 D

147 2301 197 2318 νυν
209 2292 223 2318 6
237 2291 272 2317 τὰ
287 2290 397 2326 κρυπτὰ
413 2289 520 2324 βλέπων
537 2288 620 2315 πλέον
652 2286 724 2316 εἶναι
739 2288 785 2315 τοῦ
798 2288 938 2324 ὁρωμένου

147 2338 180 2364 τὸ
195 2336 387 2372 σιωπώμενον.

188 2467 309 2495 Νείλου.
322 2481 358 2487 -
380 2466 480 2498 Ἐκτὸς
494 2464 548 2499 τῆς
563 2465 742 2498 σιωπήσεως
763 2463 917 2499 προσέθηκε
929 2470 937 2478 ·

147 2514 182 2542 τὰ
200 2513 257 2548 γὰρ
282 2511 453 2547 πνευματικὰ
477 2510 627 2546 θεωροῦσα,
646 2509 745 2546 μᾶλλον
763 2509 796 2536 ἃν
809 2508 844 2544 ἦς
869 2508 938 2544 καλὴ

148 2560 199 2587 καὶ
212 2559 332 2593 λέγουσα
345 2557 416 2584 αὑτά
428 2566 435 2574 ·
456 2557 592 2584 Σιωπῶσα
614 2556 642 2583 δὲ
663 2556 692 2589 ἐξ
706 2556 834 2591 ἡμισείας
850 2552 875 2581 εἶ
890 2564 939 2581 κα-

147 2606 194 2641 λὴ,
210 2605 245 2632 τὰ
262 2604 330 2639 πρὸς
343 2603 477 2638 ὠφέλειαν
490 2602 545 2629 τῶν
558 2601 664 2628 πολλῶν
685 2601 869 2637 ήσυχάζουσα,
887 2600 939 2627 xiv

150 2649 337 2687 μετριάζουσα
349 2648 429 2676 τοῦτο
453 2649 534 2684 ποιῇς
546 2656 553 2663 ·
568 2647 702 2683 κρύπτειν
727 2647 776 2682 μὲν
791 2645 845 2682 γὰρ
860 2645 940 2681 ἔργον

147 2696 253 2732 ἀρετῆς
269 2694 361 2727 καλὸν,
388 2694 452 2721 ὅταν
477 2694 494 2728 ή
516 2693 643 2728 πρόθεσις
660 2693 732 2729 ῥέπῃ
755 2692 801 2718 ἐπὶ
817 2692 847 2718 τὸ
864 2691 941 2725 φιλό-

146 2740 226 2772 δοξον
237 2747 245 2754 ·
262 2739 342 2773 λόγον
357 2738 386 2765 δὲ
400 2738 463 2769 τοὺς
487 2737 637 2769 ἀκούοντας
658 2736 809 2771 οἰκοδομεῖν
824 2735 942 2770 δυνάμε·

146 2794 206 2816 νον,
231 2785 281 2819 οὐχ
296 2783 474 2819 ἡσυχαστέον,
490 2783 543 2810 κᾶν
565 2783 634 2818 πρὸς
647 2782 757 2810 ἔπαινον
774 2782 805 2808 οὐ
827 2781 941 2813 δεόντως

144 2832 161 2859 ὁ
176 2830 225 2857 τοῦ
239 2829 364 2864 λέγοντος
381 2828 467 2865 βλέπῃ
481 2829 593 2860 σκοπός.

1002 241 1113 261 carnem
1129 235 1310 270 dispensatio.

1303 366 1380 394 CAP.
1401 367 1449 395 IV.

1034 421 1114 449 Vens.
1130 422 1156 448 Ι.
1176 422 1242 449 Ecce
1274 431 1300 449 es
1317 425 1443 458 pulchra,
1461 426 1582 460 proxima
1601 436 1670 457 mea.
1690 437 1747 457 ecce
1760 439 1788 457 es

996 466 1107 500 pulchra
1125 474 1135 493 :
1157 468 1227 494 oculi
1260 469 1298 495 tui
1331 469 1458 497 columba:
1479 476 1555 498 extra
1578 474 1787 503 taciturnitatem

998 517 1082 539 tuam.

1016 568 1237 604 Gregorii—Per
1248 572 1441 605 praedictorum
1449 574 1666 604 exhortationem
1675 577 1788 613 Sponsa;

999 615 1196 649 benignitatem
1211 614 1331 644 Verbum
1349 619 1490 652 excipiens
1503 640 1510 652 ,
1538 621 1611 654 quod
1630 629 1661 648 ea
1680 623 1787 650 Domini

997 664 1029 690 ad
1046 663 1229 692 imitationem
1244 663 1310 691 vclit
1322 663 1403 690 etiam
1421 671 1515 692 omnes
1532 666 1623 693 salvos
1637 667 1694 694 ﬁeri
1712 673 1737 694 et
1753 668 1788 695 ad

996 710 1179 744 cognitionem
1207 710 1334 737 veritatis
1357 712 1499 745 pervenire
1515 733 1522 745 ,
1554 716 1639 740 totam
1661 717 1788 743 concele‘

997 755 1060 782 brat
1088 758 1116 782 et
1143 754 1294 782 admiratur
1315 759 1427 789 propter
1463 757 1698 790 pulchritudinem
1729 768 1789 788 ser-

995 809 1075 829 mone
1091 802 1207 836 singulis
1221 802 1285 836 ejus
1308 802 1440 830 membris
1455 802 1604 835 inhaerens.
1626 810 1653 832 et
1674 805 1787 834 unicui-

996 855 1049 881 que
1063 848 1185 875 membro
1203 856 1251 882 per
1266 848 1501 882 comparationem
1521 857 1553 876 ac
1575 850 1786 879 similitudinem

998 894 1153 921 encomium
1176 894 1311 922 tribuens.
1328 893 1443 921 Pulchra
1458 894 1552 929 igitur,
1572 895 1671 931 inquit,
1686 905 1727 928 es,
1753 898 1787 924 ad

995 943 1083 978 ipsam
1117 943 1231 970 verbum
1262 947 1406 978 postquam
1435 944 1507 971 bono
1532 944 1616 970 animi
1642 944 1783 979 proposito

994 988 1028 1015 ad
1052 988 1285 1023 pulchritudinem
1327 989 1478 1018 accessisti.
1509 989 1664 1017 Proximam
1695 993 1785 1017 autem

996 1033 1083 1068 ipsam
1099 1038 1179 1060 vocat
1194 1052 1202 1065 ,
1230 1033 1303 1067 quod
1327 1033 1415 1068 ipsius
1432 1041 1496 1068 erga
1511 1034 1638 1062 homines
1662 1041 1784 1061 antorem

994 1078 1125 1105 imitatur
1156 1083 1183 1106 et
1216 1079 1333 1114 jusserit
1364 1079 1488 1114 reliquas
1516 1080 1623 1107 animas
1657 1079 1786 1107 deserere

993 1125 1155 1160 temporalia
1191 1131 1217 1154 et
1251 1134 1377 1163 egressas
1404 1127 1499 1155 videre
1524 1127 1658 1161 Sponsam
1682 1132 1785 1153 corona

993 1172 1163 1199 redimitum.
1181 1172 1234 1201 Per
1250 1174 1338 1201 laudis
1355 1179 1445 1202 autent
1460 1173 1660 1209 repetitionem,
1674 1171 1787 1199 minime

994 1217 1092 1245 falsum
1122 1218 1175 1246 hoc
1207 1220 1396 1247 testimonium
1425 1227 1487 1248 esse
1512 1219 1785 1246 demonstratznant

993 1265 1151 1292 testimonio
1165 1265 1269 1300 duplici
1289 1266 1431 1293 veritatem
1456 1265 1614 1292 conﬁrmari
1629 1263 1723 1290 divina
1740 1263 1785 1290 lex

993 1311 1164 1345 pronuntiat.
1198 1311 1268 1344 Quia
1283 1320 1348 1339 vero
1364 1311 1487 1339 Ecclesia
1501 1318 1586 1338 unum
1603 1317 1704 1344 corpus
1728 1313 1784 1341 est,

992 1360 1019 1383 et
1035 1356 1062 1382 in
1078 1357 1130 1384 ltoc
1155 1365 1212 1384 uno
1239 1365 1355 1392 corpore
1381 1357 1503 1384 membra
1531 1357 1617 1383 multa
1643 1360 1707 1383 sunt
1729 1361 1785 1381 non

994 1402 1120 1430 eumdem
1149 1408 1241 1429 actum
1260 1403 1401 1435 habentia,
1417 1402 1521 1430 idcirco
1550 1407 1695 1428 accuratus
1711 1401 1785 1427 illius

994 1446 1208 1482 pulchritudinis
1225 1448 1384 1482 explorator
1402 1447 1533 1474 membris
1547 1446 1662 1480 singuhs
1676 1452 1737 1479 qua
1751 1451 1785 1470 ex

995 1496 1053 1519 toto
1068 1499 1184 1527 corpore
1210 1493 1248 1519 illi
1266 1493 1440 1527 placuerunt,
1459 1492 1624 1527 peculiarem
1638 1490 1784 1526 quamdam

993 1543 1021 1565 et
1052 1539 1261 1566 convenientem
1285 1539 1392 1566 laudetn
1419 1539 1528 1568 tribuit.
1553 1538 1668 1566 Orditur
1692 1540 1785 1563 autent

957 1586 979 1617 C
996 1584 1030 1611 ab
1047 1584 1147 1612 oculis.
1159 1585 1193 1610 Hi
1211 1588 1302 1612 autent
1316 1583 1419 1611 fuerint
1447 1584 1520 1611 sicut
1550 1582 1670 1615 Samuel,
1690 1582 1786 1609 videtis

994 1629 1068 1657 enim
1095 1629 1297 1664 appellabatur,
1317 1634 1344 1658 et
1362 1630 1489 1657 Ezechiel
1507 1629 1554 1664 qui
1576 1637 1592 1655 a
1607 1628 1662 1655 Deo
1677 1628 1704 1655 itt
1721 1635 1785 1662 spe-

992 1676 1054 1702 cula
1079 1677 1232 1703 collocatus
1255 1680 1314 1704 erat
1337 1676 1373 1704 ob
1401 1676 1518 1703 salutem
1546 1674 1656 1702 illorum
1681 1673 1728 1708 qui
1750 1673 1785 1699 ab

991 1721 1052 1755 ipso
1081 1721 1320 1756 custodiebantur,
1351 1726 1378 1749 et
1404 1721 1533 1748 Michteas
1550 1721 1595 1748 ille
1618 1719 1733 1751 videns,
1757 1722 1786 1746 et

993 1765 1100 1801 Moyses
1117 1766 1162 1794 ille
1179 1771 1307 1801 spectans
1317 1785 1325 1799 ,
1349 1769 1376 1794 et
1391 1767 1427 1793 ob
1441 1773 1501 1792 eam
1515 1772 1627 1793 causam
1651 1764 1722 1791 Deus
1737 1772 1784 1798 ap-

992 1810 1124 1845 pellatus,
1145 1810 1218 1837 oculi
1237 1817 1333 1838 omnes
1361 1810 1401 1837 Ηιὶ
1414 1810 1461 1845 qui
1485 1810 1518 1837 ad
1535 1810 1664 1845 populum
1682 1809 1785 1836 duceti-

991 1856 1058 1883 dutn
1083 1856 1201 1883 ordinati
1223 1861 1284 1884 sunt
1302 1861 1329 1883 et
1349 1856 1473 1883 videntes
1489 1857 1632 1883 nominati.
1659 1856 1731 1889 Quin
1757 1860 1784 1883 et

992 1901 1045 1928 hoc
1067 1906 1188 1935 tetupore
1216 1900 1346 1928 Ecclesiae
1360 1900 1492 1934 pra'sules
1510 1900 1558 1934 qui
1574 1899 1699 1926 eumdem
1719 1906 1782 1925 cum

991 1946 1047 1973 illis
1063 1946 1153 1973 locum
1170 1945 1311 1977 obtinent,
1335 1951 1363 1972 et
1377 1945 1411 1972 ad
1431 1945 1523 1972 lumen
1547 1945 1670 1972 veritatis
1683 1952 1784 1980 corpus

993 1991 1125 2026 reliquam
1143 1991 1290 2018 deducent.
1319 1990 1461 2018 Columba:
1490 1994 1601 2022 autem,
1627 1990 1736 2025 inquit,
1754 1990 1780 2017 id

991 2044 1033 2066 est
1049 2038 1208 2073 spirituales
1221 2043 1248 2065 et
1264 2038 1298 2065 ad
1316 2038 1386 2065 nihil
1404 2038 1579 2065 materiatum
1595 2037 1778 2072 aspicientes:

990 2085 1034 2112 vel
1056 2085 1139 2112 etiam
1153 2085 1337 2112 innocentiam
1357 2092 1405 2119 per
1428 2084 1480 2111 hoc
1502 2083 1662 2111 insinuavit.
1690 2083 1778 2110 Ambo

991 2137 1081 2158 autem
1108 2131 1181 2158 oculi
1199 2130 1360 2162 laudantur,
1374 2133 1404 2156 ut
1431 2129 1561 2156 nimirum
1585 2133 1659 2156 totus
1686 2128 1779 2160 homo,

991 2181 1046 2203 tam
1058 2176 1081 2204 is
1091 2176 1138 2211 qui
1151 2179 1277 2210 apparet,
1292 2182 1372 2210 quam
1387 2175 1434 2209 qui
1448 2179 1539 2202 mente
1552 2174 1708 2208 concipitur
1723 2174 1782 2201 lau-

992 2224 1034 2251 dis
1052 2231 1166 2258 contpos
1180 2223 1304 2250 exsistat.
1319 2223 1424 2250 Idcirco
1448 2223 1521 2249 enim
1551 2223 1589 2249 ait
1613 2222 1679 2249 illud
1705 2227 1782 2249 extra

993 2269 1201 2295 taciturnitatem
1228 2273 1313 2296 tuam.
1330 2267 1425 2295 Probae
1439 2268 1625 2302 namquevitat
1636 2267 1711 2295 aliud
1720 2268 1782 2302 qui-

992 2314 1053 2342 dcm
1073 2314 1232 2341 hominibus
1251 2318 1338 2349 patet,
1352 2313 1426 2341 aliud
1440 2321 1504 2341 vero
1520 2314 1571 2341 soli
1595 2313 1661 2341 Deo.
1684 2313 1782 2341 Testa-

993 2364 1038 2386 tur
1051 2366 1117 2394 ergo
1133 2360 1157 2386 is
1172 2359 1219 2394 qtti
1231 2359 1340 2386 occulta
1351 2359 1436 2392 videt,
1454 2359 1480 2386 id
1499 2359 1572 2394 quod
1595 2363 1702 2387 tacetur
1719 2367 1781 2387 esse

991 2405 1056 2440 plus
1067 2405 1114 2431 illo
1126 2405 1200 2439 quod
1211 2405 1331 2432 videtur.

1028 2460 1097 2488 Nili.
1110 2461 1285 2496 ——Apposuit
1295 2461 1371 2494 illud,
1383 2466 1460 2488 extra
1472 2462 1680 2489 taciturnitatem
1695 2471 1704 2489 :
1718 2470 1780 2490 nam

992 2507 1128 2543 spiritalia
1142 2507 1332 2542 contemplans
1352 2507 1439 2542 magis
1450 2507 1565 2542 pulchra
1580 2507 1663 2535 fuerit
1678 2508 1779 2538 etiam;

992 2555 1088 2582 dicens
1105 2554 1150 2580 illa
1166 2562 1173 2580 :
1190 2553 1297 2581 Tacens
1312 2557 1404 2581 autem
1420 2561 1452 2581 ex
1471 2553 1559 2581 media
1573 2558 1649 2588 parte
1666 2553 1780 2588 pulchra

992 2608 1032 2633 es,
1059 2607 1090 2627 ea
1111 2606 1172 2634 qua:
1192 2599 1319 2634 plurimis
1337 2599 1414 2626 utilia
1440 2599 1496 2627 sint
1519 2600 1648 2630 reticens,
1672 2598 1779 2625 tametsi

994 2645 1134 2673 modestia:
1150 2651 1232 2672 causa
1250 2644 1277 2671 id
1295 2644 1390 2672 facias.
1405 2644 1472 2671 Nam
1486 2644 1654 2672 abscondere
1667 2643 1779 2678 quidem

994 2691 1104 2718 virtutis
1117 2697 1187 2724 opus
1202 2694 1244 2717 est
1259 2690 1360 2717 bonum
1377 2689 1486 2725 quando
1504 2689 1620 2716 intentio
1633 2689 1667 2716 ad
1682 2697 1780 2716 vanatn

994 2737 1109 2772 gloriam
1125 2736 1231 2771 vergit;
1251 2736 1299 2763 sed
1316 2743 1407 2763 sermo
1418 2736 1465 2770 qui
1488 2735 1631 2763 audientes
1645 2735 1781 2762 tediticare

994 2782 1081 2819 possit
1106 2789 1161 2809 non
1181 2781 1348 2814 reticendus,
1367 2782 1492 2816 quamvis
1517 2781 1551 2807 ad
1576 2781 1682 2809 laudem
1700 2787 1781 2808 secus

994 2834 1077 2863 quam
1092 2825 1189 2854 deceat
1206 2825 1326 2855 dicentis
1340 2829 1445 2860 spectet
1457 2825 1583 2852 intentio.
