1966 3074
163 112 230 144 1639

810 110 984 142 PROCOPII
999 109 1122 141 GAZEI

1719 105 1788 138 1640

198 168 305 204 Cyrilli.
325 183 360 188 —
377 167 520 195 Silentium
546 168 633 202 ipsius
661 167 796 202 significat
820 167 952 194 obedien-

1041 167 1202 201 Kvpbtlov.
1221 179 1256 184 -—
1276 165 1308 191 'H
1331 164 1419 199 σιωπὴ
1436 163 1522 198 αὐτῆς
1536 162 1662 197 σημαίνει
1678 163 1728 197 τὴν
1753 163 1792 193 είς

162 216 226 242 tiam
242 215 274 242 ad
290 213 475 248 omnia,juxta
492 213 556 240 illud
569 223 589 240 ι(
604 212 675 240 Tace
691 217 718 239 et
735 212 812 244 audi,
831 212 924 239 Israel.
938 223 948 238 ι

196 304 286 331 Coma:
305 308 358 330 mw
373 303 534 337 sicutgreget
551 309 690 336 caprorum
707 310 764 336 qua!
787 307 848 328 sunt
869 309 951 328 rever-

165 358 202 377 m
224 351 256 376 de
284 353 370 376 monte
385 348 498 375 Galaad.

199 395 327 430 Gregorii.
343 409 379 414 ——
392 394 443 420 Per
461 395 517 420 haec
532 392 628 420 virtuti
640 396 825 420 consentanea
843 393 953 420 vivendi

164 441 372 469 ratiolaudatur
388 449 394 466 :
412 447 473 466 nam
484 447 532 474 per
544 439 635 466 crines
644 438 735 466 omnis
751 438 841 466 vitalis
856 446 954 466 sensus

163 490 300 520 expertes.
316 485 439 511 insinuat
461 492 509 512 eos
529 483 576 519 qui
599 485 682 510 rebus
705 483 875 518 spiritalibus
889 483 956 511 dant

163 539 286 566 operam,
307 531 381 557 nullo
405 538 495 557 rerum
518 530 720 557 llllllldﬂllal‘lllll
739 537 822 556 5011511
841 529 953 561 ιιιονιτιί,

165 585 253 611 neque
267 584 364 603 vanam
385 576 512 609 gloriam,
532 583 620 609 neque
636 575 756 606 divitias,
773 583 861 610 neque
877 575 956 608 quiil-

165 631 248 658 quam
274 622 347 648 aliud
363 622 443 656 hujus
465 622 528 648 vita:
548 621 680 648 attonitos
705 620 846 648 admirari.
863 620 956 655 Capi]-

167 670 256 696 litium
285 669 359 695 enim
388 675 437 702 pro
466 668 619 694 velamento
651 667 813 694 mulieribus
839 667 955 699 datum,

163 715 242 750 juxta
250 717 306 749 Apo
314 714 408 740 ~tolunt
416 713 488 745 "'7',
499 717 526 739 et
539 712 702 740 verecundia
714 712 899 747 pudicitiaque
911 712 953 738 in-

167 761 300 795 telligitur
327 768 381 786 una
399 767 460 786 cttm
488 758 698 786 tnortiﬁcatione
717 766 777 792 quae
800 758 828 784 in
854 757 956 784 tnuntlo

165 808 219 830 est.
235 803 358 838 Capillus
372 803 443 829 enirn
467 810 566 830 sensus
582 809 682 836 expers
701 805 753 829 est.
770 801 847 833 Quod
863 805 954 828 autem

166 836 283 883 proptch
294 847 455 881 capillorum
469 847 671 879 excellentiam,
684 855 746 874 cttm
763 847 893 882 gregibus
908 854 955 874 ca-
969 836 992 865 Β

166 901 278 928 prarum
300 893 334 920 de
350 892 454 919 Galaad
471 892 600 919 revelatis
625 897 803 927 comparetur
816 913 823 925 ,
842 892 878 919 ita
897 897 955 919 Sla-

167 940 297 966 tnendum
319 944 360 966 est
387 938 420 966 e‘x
434 938 602 973 conjectura.
615 938 717 973 Nempe
731 938 802 965 sicut
813 938 846 964 de
860 937 956 965 Libani

166 986 249 1020 lignis
267 987 294 1012 in
312 993 409 1012 aurum
436 990 463 1012 et
485 990 628 1020 argentum
650 993 855 1020 purpuramque
878 991 953 1011 com-

168 1031 281 1058 mutatis
307 1030 441 1057 ferculum
467 1031 519 1058 sibi
546 1038 594 1057 rex
619 1030 757 1063 confecit,
791 1031 828 1057 ita
853 1031 955 1057 bonum

168 1083 306 1112 pastorem
327 1077 446 1111 acceptis
464 1084 609 1111 caprarum
625 1077 753 1112 gregibus
765 1083 846 1104 nosse
864 1077 955 1111 capri-

168 1123 203 1149 lia
219 1122 319 1149 montis
334 1121 439 1149 Galaad
455 1123 482 1149 in
498 1122 580 1150 ovilia
601 1127 772 1149 commutare
789 1130 796 1148 :
813 1123 887 1156 atqui
905 1122 957 1149 hoc

167 1168 253 1195 exteri
271 1168 370 1194 montis
388 1175 487 1194 nomen
504 1171 546 1194 est
564 1168 646 1195 talem
665 1169 780 1203 gratiam
799 1168 954 1200 revelantis,

168 1219 196 1239 et
217 1214 254 1240 ilti
275 1214 320 1247 qui
337 1221 370 1240 ex
390 1214 519 1248 gentibus
542 1213 643 1239 bonutn
661 1213 737 1239 illunt
755 1217 892 1248 pastorem
912 1221 957 1240 εο-

168 1259 225 1285 cuti
243 1263 318 1291 sunt,
347 1259 373 1285 iu
398 1263 497 1285 ornatu
527 1265 634 1293 sponsae
657 1259 819 1293 capillorum
846 1258 957 1286 nomine

168 1308 342 1337 censeantur,
369 1312 416 1339 per
430 1312 499 1339 quos
517 1305 648 1338 pudicitia
664 1310 690 1331 et
711 1305 807 1340 pudor,
827 1310 853 1332 et
869 1304 958 1332 conti-

170 1351 262 1378 nentia
290 1351 416 1385 corporis
444 1351 615 1386 intelligitur.
644 1350 783 1378 Fortassis
809 1355 900 1377 autent
930 1354 957 1378 et

170 1396 243 1424 Elias
269 1397 369 1431 aliquid
395 1397 473 1424 nobis
493 1397 526 1424 ad
544 1397 614 1424 hanc
638 1405 784 1432 caprarum
800 1397 958 1424 considera-

171 1445 271 1471 tionem
288 1443 422 1476 conferet,
434 1443 481 1478 qui
499 1444 580 1478 longo
593 1449 716 1478 tempore
732 1447 860 1471 versatus
875 1448 916 1470 est
930 1443 957 1470 in

172 1493 264 1516 monte
287 1487 390 1515 Galaad
409 1488 526 1523 insignia
553 1489 615 1516 vita:
640 1488 809 1515 continentis
831 1488 956 1522 exempla

171 1535 287 1569 praebuit
305 1543 311 1561 :
329 1534 417 1562 forma
435 1534 590 1569 squalidus,
608 1534 717 1569 capillis
733 1534 866 1565 hirsutus,
888 1533 958 1568 pelle

172 1588 261 1615 caprae
279 1584 377 1608 tectus.
395 1580 488 1614 itaque
499 1588 596 1608 omnes
612 1580 791 1615 quotquotad
803 1580 958 1614 exemplum

173 1627 312 1661 prophetat
330 1627 404 1654 illius
426 1626 510 1653 vitam
535 1633 612 1654 suam
633 1626 792 1658 instituunt,
813 1632 958 1652 ornamen-

174 1677 231 1699 tum
266 1673 396 1701 Ecclesite
425 1674 492 1699 ﬁunt
512 1673 590 1708 juxta
620 1672 829 1708 philosophandi
856 1679 959 1698 morem

173 1717 219 1751 qui
237 1717 293 1752 jam
309 1718 434 1750 invaluit,
451 1717 578 1745 virtutetn
597 1719 625 1744 in
640 1717 847 1744 conversatione
865 1723 958 1743 mttttta

174 1763 305 1790 colentes.
326 1763 404 1796 Quod
420 1769 509 1790 autem
525 1765 556 1791 de
572 1763 674 1791 Galaad
694 1763 849 1798 hujusmodi
865 1770 960 1797 greges

174 1810 339 1842 revelentur,
361 1809 387 1835 id
403 1809 565 1836 tniraculuut
583 1814 674 1844 auget,
693 1809 823 1836 nimirum
839 1808 912 1843 qttod
927 1816 960 1835 ex

174 1855 283 1882 ethnica
305 1855 360 1881 vita
384 1855 416 1882 ad
438 1863 528 1882 veram
547 1855 594 1882 Dci
610 1855 810 1890 philosophiam
835 1854 961 1881 conversi

175 1901 273 1927 simus.
289 1899 342 1928 Nec
354 1902 427 1927 enim
444 1908 459 1927 a
475 1900 540 1928 Sion
556 1905 648 1928 monte
659 1906 757 1928 sancto
781 1901 841 1936 ejus
860 1901 961 1928 factum

174 1949 217 1974 est
233 1946 394 1980 hujusmodi
410 1946 472 1973 vitae
489 1946 610 1978 initium,
625 1946 671 1974 sed
684 1946 791 1973 addicta
806 1947 962 1974 simulacris

175 1992 249 2020 natio
263 1996 404 2027 tantopere
415 1993 496 2019 vitam
508 2000 585 2019 suam
600 1993 765 2024 immutavit,
777 1996 805 2018 ut
823 1992 962 2027 pratclaris

175 2038 323 2065 virtutibus
334 2038 446 2072 Sponsa:
462 2041 543 2072 caput
552 2042 674 2065 exornet.

212 2123 282 2150 Nili.
294 2138 328 2143 —
340 2123 419 2156 Quod
433 2123 531 2151 attinet
546 2124 580 2150 ad
594 2124 725 2154 litteram.
754 2124 793 2152 nil
817 2132 964 2152 commune

1004 212 1078 239 ἅπαν
1102 211 1227 247 ὑπακοὴν
1248 211 1318 237 κατὰ
1343 210 1383 243 τὸ,
1412 219 1421 235 ε
1440 209 1533 235 Σιώπα
1560 209 1606 235 καὶ
1624 208 1718 240 ἄκουε,
1744 208 1795 234 Ἰσ-

1005 259 1085 294 ραήλ.
1104 269 1114 283 ι

1043 303 1176 339 Τρίχωμά
1191 311 1250 330 σου
1265 303 1302 336 ὡς
1318 302 1423 337 ἀγέλαι
1440 299 1499 328 τῶν
1518 301 1619 336 αἰγῶν,
1639 300 1672 326 αῖ
1686 301 1795 334 ἀνέϐη-

1004 356 1065 376 σαν
1077 349 1136 376 ἀπὸ
1152 348 1204 375 τοῦ
1221 347 1355 375 Γαλαὰδ.

1041 393 1217 428 Γρηγδορίου.
1228 406 1263 412 -·
1274 392 1324 419 Διὰ
1336 391 1440 419 τούτων
1455 391 1505 426 τὴν
1515 391 1643 425 ἐνάρετον
1656 390 1794 416 πολιτείαν

1006 441 1034 466 ἐν
1050 440 1153 474 ἐπαίνῳ
1168 440 1284 465 ποιεῖται
1297 439 1312 464 6
1331 438 1409 472 λόγος
1421 446 1428 452 ’
1444 437 1488 464 διὰ
1511 437 1565 472 γὰρ
1587 438 1641 463 τῶν
1667 436 1796 471 ἀναισθήο

1005 494 1059 511 των
1071 484 1185 520 τριχῶν,
1200 483 1250 518 τὴν
1258 483 1327 518 πρὸς
1341 483 1375 509 τὰ
1389 481 1509 516 κοσμικὰ
1522 481 1589 518 ἔργα
1602 481 1792 515 ἀναισθησίαν·

1006 530 1060 557 τῶν
1077 529 1127 565 τὴν
1146 529 1336 564 πνευματικὴν
1350 528 1481 563 ἐργασίαν
1500 528 1647 562 μετιόντων
1664 527 1710 553 τοῦ
1735 527 1794 561 βίου

1007 575 1201 610 πεποιημένων
1214 582 1220 589 ·
1246 574 1373 610 τρίχωμα
1389 573 1443 608 γὰρ
1455 593 1462 606 ,
1480 573 1511 599 τὸ
1537 573 1597 599 ἀντὶ
1622 573 1795 605 περιϐολαίου

1006 622 1149 656 δεδομένον
1162 622 1224 651 ταῖς
1247 620 1356 653 γυναιξὶ
1371 619 1442 645 κατὰ
1456 619 1502 645 τὸν
1518 619 1679 645 Ἀπόστολον
1693 628 1700 635 ·
1714 618 1796 650 αἰδώς

1006 676 1037 695 τε
1054 668 1101 694 καὶ
1123 666 1285 702 σωφροσύνη
1311 666 1411 692 νοεῖται
1430 666 1498 700 μετὰ
1514 665 1564 699 τῆς
1589 665 1618 690 ἐν
1632 665 1727 700 κόσμῳ
1752 673 1796 691 νε-

1008 713 1135 749 κρώσεως
1146 720 1153 727 '
1169 711 1333 747 ἀναίσθητον
1344 711 1399 746 γὰρ
1418 712 1434 746 ἡ
1450 709 1529 746 θρίξ·
1542 711 1584 738 διὰ
1595 711 1624 737 δὲ
1635 710 1682 737 τοῦ
1698 711 1795 737 πλεον-

1007 760 1072 793 εκ.τὴ
1078 767 1162 793 ματος
1193 758 1247 784 τῶν
1263 757 1374 792 τριχῶν,
1393 757 1504 790 ἀγέλαις
1520 756 1605 790 αἰγῶν
1623 757 1780 792 παραῦάλλε

1009 804 1071 830 σθαι
1086 804 1146 835 ταῖς
1161 803 1215 829 ἀπὸ
1236 803 1283 829 τοῦ
1300 802 1408 829 Γαλαὰδ
1430 802 1680 835 ἁνακαλυιρθείσαις
1694 808 1702 817 ⁸
1726 801 1796 829 οὕτω

1007 850 1059 885 χρὴ
1085 849 1277 884 στοχάζεσθαι,
1291 849 1332 875 ὅτι
1353 847 1448 883 ὥσπερ
1467 849 1500 875 τὰ
1518 847 1585 880 ξύλα
1598 847 1644 874 τοῦ
1668 848 1795 881 Λιϐάνου,

1008 896 1047 925 εἰς
1069 895 1169 930 χρυσόν
1183 903 1212 920 τε
1234 894 1281 920 καὶ
1305 893 1448 929 πορφύραν
1471 894 1667 928 μεταποιήσας,
1690 895 1797 928 φορεῖον

1007 939 1099 975 ἑαυτῷ
1112 941 1125 966 ὁ
1141 939 1268 974 βασιλεὺς
1282 939 1496 971 κατεσκεύασεν,
1519 938 1605 970 οὕτως
1618 936 1689 965 οἶδεν
1709 940 1723 965 ὁ
1739 948 1798 966 ποι-

1009 986 1062 1021 μὴν
1074 987 1088 1012 ὁ
1100 985 1191 1018 καλὸς,
1209 984 1294 1018 αἰγῶν
1310 984 1409 1019 ἀγέλας
1426 984 1602 1019 παραλαϐὼν,
1626 985 1665 1015 είς
1683 984 1798 1018 ποίμνια

1009 1031 1171 1066 μεταϐαλεῖν
1186 1030 1221 1056 τὰ
1233 1030 1343 1057 αἰπόλια
1357 1029 1404 1057 τοῦ
1422 1030 1503 1065 ὅρους
1525 1029 1631 1056 Γαλαὰδ
1643 1037 1649 1044 ·
1683 1029 1799 1064 ἀλλοφύ-

1008 1078 1054 1104 λου
1076 1077 1104 1103 δὲ
1119 1077 1198 1111 ὅρους
1213 1076 1300 1110 ονομα
1319 1075 1410 1107 τοῦτο,
1429 1074 1476 1101 τοῦ
1503 1075 1551 1110 τὴν
1566 1075 1696 1110 τοιαύτην
1718 1075 1799 1110 χάριν

1007 1123 1257 1154 ἀνακαλύπτοντος,
1273 1121 1344 1148 ὥστε
1369 1121 1434 1152 τοὺς
1449 1120 1479 1153 ὲξ
1497 1121 1581 1147 ἐθνῶν
1596 1121 1635 1156 τῷ
1648 1121 1722 1156 ιιαλῷ
1740 1129 1799 1146 ποι-

1010 1171 1072 1206 μένι
1097 1169 1350 1204 ἀκολουθήσαντας,
1372 1169 1413 1200 είς
1435 1168 1465 1194 τὸ
1487 1168 1613 1203 τρίχωμα
1643 1167 1799 1194 συντελέσαι

1007 1215 1054 1243 τοῦ
1070 1217 1118 1251 τῆς
1132 1214 1250 1250 Νύμφης
1264 1213 1377 1244 κάλλους
1388 1220 1395 1227 °
1413 1213 1446 1239 δι’
1470 1210 1506 1239 ῶν
1522 1212 1681 1248 σωφροσύνη
1701 1221 1729 1239 τε
1752 1212 1800 1239 καὶ

1008 1262 1100 1293 αἰδὼς,
1117 1262 1166 1288 καὶ
1186 1261 1344 1295 ἐγκράτεια,
1359 1259 1406 1286 καὶ
1425 1260 1442 1294 ἡ
1456 1259 1503 1285 τοῦ
1525 1259 1650 1294 σώματος
1667 1259 1800 1294 νέκρωσις

1007 1307 1215 1342 διασημαίνεται
1226 1314 1233 1319 ·
1249 1305 1266 1340 ἢ
1280 1305 1349 1340 τάχα
1363 1304 1547 1340 συμϐάλλεταί
1563 1313 1589 1331 τι
1602 1304 1670 1339 πρὸς
1683 1304 1730 1339 τὴν
1746 1304 1800 1330 τῶν

1009 1354 1094 1387 αἰγῶν
1123 1352 1250 1386 θεωρίαν,
1271 1352 1319 1378 καὶ
1346 1352 1360 1377 ὁ
1380 1351 1474 1382 Ἠλίας
1504 1350 1543 1386 τῷ
1558 1350 1616 1386 ὄρει
1636 1350 1675 1384 τῷ
1692 1350 1800 1376 Γαλαὰδ

1009 1400 1232 1436 ἐμφιλοσοφήσας
1249 1397 1346 1433 χρόνον
1362 1397 1458 1428 πολὺν,
1475 1396 1505 1428 ὃς
1533 1397 1650 1431 μάλιστα
1671 1395 1718 1422 τοῦ
1739 1395 1799 1422 κατ’

1010 1448 1172 1484 ἐγκράτειαν
1194 1447 1372 1481 καθηγήσατο
1404 1445 1481 1480 βίου·
1503 1444 1644 1479 αὐχμηρὸς
1665 1444 1696 1470 τὸ
1718 1442 1798 1475 εἶδος,

1009 1494 1101 1526 λάσιος
1128 1493 1178 1528 τὴν
1203 1492 1295 1528 τρίχα,
1322 1491 1438 1526 δέρματι
1467 1490 1545 1524 αἰγὸς
1576 1490 1798 1525 σκεπαζόμενος.

1011 1540 1119 1571 Πάντες
1133 1537 1180 1566 οὖν
1195 1539 1220 1565 οἱ
1234 1537 1294 1564 κατ’
1309 1538 1413 1564 ἐκεῖνον
1424 1537 1469 1563 τὸν
1484 1536 1586 1562 ἑαυτῶν
1604 1536 1799 1572 κατορθοῦντες

1011 1588 1079 1622 βίον,
1111 1587 1213 1621 κόσμος
1239 1586 1360 1619 γίνονται
1390 1585 1439 1619 τῆς
1462 1584 1641 1619 Ἐκκλησίας,
1668 1585 1799 1620 ἀγεληδὸν

1010 1633 1081 1660 κατὰ
1102 1633 1147 1659 τὸν
1174 1632 1221 1658 νῦν
1238 1630 1441 1664 ἐπικρατοῦντα
1456 1630 1508 1665 τῆς
1532 1630 1690 1664 φιλοσοφίας
1704 1630 1799 1662 τύπον,

1010 1679 1058 1714 τὴν
1076 1679 1176 1714 ἀρετὴν
1202 1677 1261 1713 μετ’
1288 1676 1411 1712 ἀλλήλων
1438 1676 1629 1712 ὲμπονοῦντες.
1653 1676 1690 1703 Τὸ
1717 1677 1744 1702 δὲ
1768 1678 1801 1703 ἐκ

1010 1724 1058 1751 τοῦ
1084 1724 1190 1750 Γαλαὰδ
1215 1723 1265 1754 τὰς
1292 1722 1420 1754 τοιαύτας
1439 1721 1666 1757 ἀποκαλυφθῆναι
1689 1722 1799 1755 ἀγέλας,

1013 1769 1124 1805 μείζονα
1138 1770 1186 1795 τοῦ
1205 1768 1346 1804 θαύματος
1368 1768 1416 1802 τὴν
1432 1767 1585 1803 ὑπερϐολὴν
1603 1767 1659 1803 ἔχει
1673 1776 1680 1782 ·
1706 1767 1746 1794 ὃτι
1769 1768 1800 1793 ἐκ

1010 1816 1059 1843 τοῦ
1079 1816 1187 1843 ἐθνικοῡ
1214 1815 1273 1849 βίου
1300 1814 1413 1849 γέγονεν
1437 1814 1515 1848 ἡμῖν,
1542 1815 1558 1848 ἠ
1583 1814 1650 1848 πρὸς
1666 1814 1715 1848 τὴν
1730 1814 1802 1840 κατὰ

1011 1862 1078 1889 Θεὸν
1101 1861 1261 1896 φιλοσοφίαν
1289 1860 1449 1895 μετάϐασις.
1478 1860 1515 1886 Οὐ
1531 1859 1585 1894 γὰρ
1607 1859 1677 1886 Σιὼν
1696 1859 1757 1894 ὅρος
1771 1859 1802 1885 τὸ

1012 1907 1088 1941 ἅγιον
1109 1907 1192 1934 αὑτοῦ
1220 1907 1271 1941 τῆς
1295 1906 1422 1940 τοιαύτης
1448 1905 1625 1940 καθηγήσατο
1652 1905 1799 1936 πολιτιίας.

1012 1953 1081 1981 ἀλλὰ
1095 1953 1126 1980 τὸ
1139 1955 1196 1985 τοῖς
1212 1953 1331 1984 εἰδώλοις
1354 1951 1532 1987 ἀνακείμενον
1547 1951 1622 1982 ἔθνος
1640 1952 1680 1982 είς
1703 1952 1801 1977 τοσαύ-

1012 2009 1062 2035 την
1088 1997 1153 2035 ἦλθε
1170 2000 1216 2026 τοῦ
1234 1999 1290 2034 βίου
1316 1998 1479 2033 μεταϐολὴν,
1501 1998 1572 2024 ὥστε
1598 1998 1736 2032 κοσμῆσαι
1753 1998 1802 2031 τὴν

1014 2045 1135 2080 κεφαλὴν
1162 2045 1211 2079 τῆς
1232 2044 1349 2080 Νύμφης
1365 2044 1421 2075 τοῖς
1443 2043 1502 2070 κατ’
1525 2043 1623 2079 ἀρετὴν
1639 2043 1803 2078 πλημμελή-

1016 2099 1109 2125 μασιν.

1050 2135 1170 2163 Νείλου.
1186 2150 1221 2154 -
1235 2135 1281 2166 Ὠς
1306 2134 1356 2170 μὲν
1382 2134 1451 2170 πρὸς
1473 2134 1505 2160 τὸ
1529 2133 1626 2169 ῥητὸν,
1642 2133 1718 2160 οὐδὲν
1746 2134 1802 2168 ἔχει

176 2170 298 2196 continet
325 2169 383 2196 htec
396 2169 576 2204 comparatio.
595 2169 664 2203 Quid
680 2170 752 2197 enim
770 2171 861 2198 simile
877 2172 958 2207 capil-

1015 2183 1104 2209 κοινὸν
1117 2183 1133 2216 ἡ
1149 2169 1312 2217 σύγκρισις-7
1321 2181 1347 2207 τί
1361 2169 1415 2216 γὰρ
1429 2181 1521 2216 ὅμοιον
1537 2181 1664 2216 τρίχωμα
1678 2181 1724 2206 καὶ
1739 2180 1804 2214 ἀγέ-

176 2215 237 2242 litio
264 2222 327 2242 cum
355 2215 485 2250 gregibus
507 2216 672 2250 caprarum?
693 2215 788 2247 Quoad
811 2217 964 2252 intelligen-

176 2261 243 2287 tiam
259 2267 323 2287 vcro
344 2267 442 2295 magna
459 2264 500 2287 est
516 2261 673 2288 consensio.
693 2261 756 2289 Sive
776 2262 848 2289 enim
873 2263 963 2289 anima

177 2307 213 2334 sit
231 2305 351 2340 perfecta
373 2306 406 2332 ad
422 2314 504 2341 quam
530 2307 585 2334 hac
607 2307 746 2341 dicuntur,
763 2308 821 2336 sive
843 2308 964 2336 Ecclesia

177 2353 309 2388 gloriosa,
337 2353 482 2387 quemdam
515 2354 637 2381 ordinem
668 2354 748 2382 habet
770 2355 965 2390 contemplatio

177 2403 280 2425 textus.
301 2397 408 2425 Etenim
425 2398 553 2433 perfecta:
571 2399 668 2426 anima:
686 2400 766 2435 quasi
788 2400 966 2435 rejectantina

177 2450 204 2472 ct
226 2444 365 2479 superﬂua
386 2451 447 2479 quae
462 2450 525 2472 sunt
541 2453 585 2473 ηις
595 2448 758 2474 necessaria:
773 2455 833 2482 qua:
849 2455 963 2482 corpore

177 2494 348 2526 peraguntur
363 2490 474 2524 quando
488 2490 529 2517 hae
542 2491 670 2519 decenter
679 2497 776 2519 etcum
790 2493 962 2520 convenienti

176 2541 275 2562 ornatu
290 2535 368 2569 ﬁunt,
387 2536 574 2563 assimilantur
589 2538 662 2573 gregi
688 2546 832 2573 caprarum
852 2547 962 2574 compo-

178 2580 231 2607 sito
242 2588 274 2607 ac
291 2581 360 2608 bene
375 2583 492 2615 munito,
505 2582 573 2609 nihil
595 2583 717 2610 hiulcum
731 2588 779 2611 aut
803 2585 961 2613 intercisum

178 2625 301 2659 habenti,
315 2634 348 2654 eo
363 2628 435 2661 quod
451 2628 605 2656 cohazreaut
627 2634 732 2657 natura:
749 2635 830 2658 rectae
847 2631 963 2659 rationis

179 2679 195 2698 a
217 2679 271 2707 qua
287 2673 372 2700 etiam
396 2674 522 2702 decenter
542 2675 738 2710 gubernantur.
756 2676 871 2709 Quando
889 2678 963 2705 enim

179 2717 353 2746 incontinens
374 2719 533 2747 deliciarum
554 2721 632 2749 luxus
653 2721 686 2749 ad
711 2729 791 2749 usum
811 2724 963 2752 necessita-

213 2809 272 2825 "-"‘
285 2809 294 2835 1
308 2808 370 2837 Cor.
387 2818 416 2842 ιι,
427 2810 443 2836 5
456 2818 531 2845 seqq.

1013 2229 1060 2256 λαι
1079 2228 1186 2263 αἰγῶν;
1208 2228 1253 2260 Ὧς
1270 2228 1299 2254 δὲ
1319 2228 1422 2263 πατρὸς
1441 2228 1489 2263 τὴν
1504 2227 1606 2254 ἔννοιαν
1618 2247 1626 2259 ,
1651 2227 1734 2262 πολλή
1761 2228 1803 2259 τίς

1015 2275 1088 2301 ἐστιν
1100 2274 1117 2307 ὴ
1135 2273 1296 2308 συμφωνίαο
1313 2274 1368 2299 εἴτε
1390 2273 1444 2307 γὰρ
1458 2273 1531 2308 ψυχή
1546 2274 1604 2299 ἐστι
1626 2273 1715 2299 τελεία
1735 2273 1803 2308 πρὸς

1015 2319 1049 2354 ἣν
1074 2319 1162 2344 ταῦτα
1179 2317 1306 2353 εἴρηται,
1322 2319 1377 2345 εἴτε
1399 2319 1416 2353 ή
1437 2319 1544 2351 ἔνδοξος
1566 2319 1723 2352 Ἐκκλησία,
1746 2319 1803 2354 ἔχει

1015 2364 1077 2391 τινὰ
1090 2363 1252 2390 ἀκολουθίαν
1269 2365 1286 2398 ἠ
1311 2363 1414 2399 θεωρία
1426 2365 1476 2398 τῆς
1489 2363 1603 2396 λέξεως·
1628 2365 1675 2390 καὶ
1687 2365 1740 2399 γὰρ
1753 2365 1802 2398 τῆς

1016 2407 1123 2438 τελείας
1136 2407 1225 2442 ψυχῆς
1238 2407 1274 2433 τὰ
1293 2408 1375 2434 οἱονεὶ
1387 2407 1569 2442 ἀποὸλήματα
1582 2408 1630 2435 καὶ
1643 2408 1768 2442 περιττὰ,
1785 2408 1804 2435 ἆ

1016 2454 1077 2480 τινά
1088 2453 1146 2480 ἐστι
1162 2452 1197 2478 τὰ
1210 2452 1252 2479 διὰ
1265 2452 1313 2478 τοῦ
1328 2452 1454 2487 σώματος
1476 2453 1672 2488 ἐπιτελούμενα
1686 2454 1802 2489 χρειώδη

1017 2499 1178 2535 πράγματα,
1192 2498 1285 2533 ἐπειδὴ
1299 2498 1473 2533 καθηκόντως
1484 2499 1599 2533 γίνεται,
1615 2499 1660 2526 καὶ
1676 2500 1744 2534 μετὰ
1755 2499 1802 2526 τοῦ

1016 2546 1165 2581 πρέποντος
1182 2544 1296 2579 κόσμου,
1324 2544 1410 2579 ἀγέλῃ
1432 2544 1517 2578 αἰγῶν
1537 2544 1677 2580 ὁμοιοῦται
1707 2554 1803 2571 συντε-

1015 2590 1139 2626 ταγμένῃ
1153 2589 1199 2616 καὶ
1217 2587 1245 2615 εὖ
1268 2590 1452 2626 πεφραγμένη
1471 2591 1516 2616 καὶ
1540 2590 1615 2616 οὐδὲν
1631 2591 1730 2626 ἐχούσῃ
1743 2591 1802 2617 δια-

1015 2635 1197 2669 τετμημένον,
1214 2633 1258 2660 διὰ
1278 2633 1309 2659 τὸ
1326 2633 1437 2668 ἔχεσθαι
1451 2634 1497 2660 τοῦ
1522 2635 1570 2670 τῆς
1589 2635 1696 2669 φύσεως
1720 2635 1802 2670 ὀρθοῦ

1015 2680 1106 2714 λόγου,
1126 2681 1171 2706 καὶ
1187 2678 1400 2713 ἡγεμονεύεσθαι
1416 2680 1460 2706 ὑπ’
1475 2680 1557 2707 αὐτοῦ
1580 2680 1703 2712 δεόντως.
1719 2680 1804 2707 ὐταν

1017 2726 1071 2760 γὰρ
1085 2725 1114 2752 τὸ
1129 2724 1279 2759 κεχυμένον
1293 2724 1342 2760 τῆς
1356 2724 1461 2753 ἀσώτου
1484 2726 1589 2762 τρυφῆς
1608 2727 1647 2758 εἰς
1661 2727 1692 2753 τὸ
1706 2725 1803 2762 χρειῶι
