1966 3074
176 94 242 127 1641

648 94 915 124 COMMENTARII
931 95 971 125 ΙΝ
991 90 1154 125 CANTICA
1173 95 1320 127 CANTIC.

1731 95 1799 128 lﬁl2

160 152 206 184 δες
221 151 268 178 καὶ
281 150 433 185 ἀναγκαῖον
459 149 598 185 στέληται,
617 149 694 176 ἔσται
712 150 798 185 άγὲλῃ
826 150 911 184 αἰγῶν
927 150 955 176 τὸ

1009 155 1117 186 temque
1139 152 1328 186 restringitur,
1345 155 1403 178 tum
1414 151 1518 179 dictutn
1531 151 1694 187 capillitium
1708 153 1799 181 simile

163 197 311 233 λεγόμενον
323 196 453 231 τρίχωμα
467 195 661 230 παραπλήσιον
671 204 679 211 ·
703 196 736 222 τὰ
751 191 841 222 τοίνυν
863 204 956 230 σωμα-

161 244 238 277 τικὰ,
253 243 284 270 ὲν
309 243 360 278 μὲν
376 243 433 275 τοῖς
455 242 612 277 ἀδιαφόροις
637 242 785 278 ἀδιάφορα,
808 243 837 269 ἐν
852 241 881 269 δὲ
900 243 956 275 τοῖς

162 289 387 326 ἐπιμελεστέραις
411 289 543 316 σπουδαῖα
571 289 620 315 καὶ
642 289 787 324 χρήσιμα·
813 288 861 316 ἐὰν
886 288 915 315 δὲ
938 290 955 324 ἡ

168 335 320 371 Ἐκκλησία
342 334 403 360 ἐστὶ
424 334 493 370 πρὸς
518 334 551 369 ἢν
575 334 685 368 λέγεται
703 334 802 366 ταῦτα,
830 333 956 369 τρίχωμα

161 382 247 417 αὐτῆς
260 383 331 408 εἰσιν
345 382 370 408 ol
392 380 586 416 μετανοοῦντες
613 381 660 407 ὲπὶ
674 382 731 411 τοῖς
751 380 936 416 ἁμαρτήμασι
947 388 955 396 ο

161 429 201 455 διὸ
217 428 265 454 καὶ
281 427 367 463 ἀγέλῃ
382 426 480 461 αἰγῶν,
497 426 556 454 ἀλλ’
576 427 607 453 οὒ
631 427 793 462 προϐάτων,
813 426 957 462 παραϐάλ-

161 474 252 501 λονται
263 482 270 489 ·
289 473 526 507 ἁπεκαλύφθησαν
538 472 565 499 δὲ
580 473 634 499 ἀπὸ
649 472 696 499 τοῦ
711 472 818 500 Γαλαὰδ
827 472 873 498 τοῦ
890 481 956 507 μετ-

161 521 323 557 οικήσαντος
355 520 410 546 ἀπὸ
424 519 480 545 τῶν
506 519 643 546 Ἰουδαίων
665 519 712 545 ἐπὶ
727 518 761 545 τὰ
780 518 844 554 ἔθνη
858 518 956 553 λόγου·

162 566 269 594 Γαλαὰδ
289 567 343 600 γὰρ
367 564 493 600 μετοικία
519 563 675 599 μαρτυρίας
694 563 894 599 ἑρμηνεύεται·
912 563 956 589 ὅτε

162 614 212 648 μὲν
225 612 280 647 γὰρ
294 612 333 647 τῷ
351 609 490 645 ’ἰουδαῖκῷ
507 609 600 644 ἔλεγεν
614 609 686 636 ἔθνει
697 617 703 625 ·
717 609 812 643 Ὑμεῖς
823 608 887 640 λαός
906 616 956 643 μου

161 659 209 685 καὶ
237 656 363 692 πρόϐατα
385 656 435 690 τῆς
454 654 641 689 κληρονομίας
669 662 733 689 μου,
758 652 872 680 ἐκείνων
891 650 925 688 ἦν
940 653 957 688 ἡ

163 703 321 739 μαρτυρία·
348 702 393 728 ὅτε
416 701 445 728 δὲ
466 700 500 727 τὰ
523 700 589 735 ἔθνη
608 700 673 726 λαὺν
692 699 835 733 ἐξελέξατο
856 698 956 734 ἑαυτῷ,

161 748 249 783 τούτῳ
270 747 367 782 γέγονε
394 745 556 782 μαρτύριον,
581 746 748 780 μετοικῆσαν
771 744 819 771 ἀπ’
846 744 957 770 ἐκείνων

161 795 208 822 ἐπὶ
220 793 330 821 τούτου.

1007 197 1059 224 erit
1075 198 1151 232 gregi
1168 205 1327 233 caprarum.
1346 198 1441 233 Itaque
1457 206 1501 226 res
1519 205 1660 233 corporeae
1675 199 1701 226 in
1717 199 1799 227 indif-

1010 243 1164 272 ferentibus
1178 244 1290 279 quidem
1314 244 1501 272 iridiﬂerentes
1524 248 1601 276 sunt,
1627 245 1654 272 in
1679 245 1800 273 Sedulio-

1008 290 1084 318 ribus
1103 295 1195 318 autem
1222 291 1301 318 bona:
1323 296 1351 319 et
1371 291 1464 318 utiles.
1488 291 1536 319 Sin
1557 291 1680 319 Ecclesia
1705 292 1742 319 sit
1765 293 1800 320 ad

1007 343 1089 370 quam
1112 335 1169 364 haec
1188 336 1328 369 dicuntur,
1347 336 1508 371 capillitium
1523 336 1584 371 ejus
1596 340 1661 364 sunt
1681 338 1727 372 qui
1743 344 1801 372 pat-

1007 382 1151 409 nitentiam
1182 387 1267 417 agunt
1294 382 1328 410 de
1354 382 1491 417 peccatis,
1519 389 1689 418 quapropter
1715 383 1798 411 etiam

1008 428 1082 463 gregi
1098 435 1243 463 caprarum
1261 432 1288 456 et
1298 436 1351 456 non
1373 429 1465 456 ovium
1487 429 1685 456 assimilantur.
1710 430 1800 458 Reve-

1008 474 1069 501 latae
1080 479 1171 502 autem
1188 479 1254 502 sunt
1267 474 1300 503 de
1309 474 1421 507 Galaad,
1437 475 1652 510 transmigrante
1667 482 1682 502 a
1698 475 1800 504 Judaeis

1008 519 1042 547 ad
1057 524 1151 555 gentes
1168 521 1265 548 verbo.
1283 520 1387 547 Galaad
1406 520 1478 548 enim
1503 521 1709 555 transmigratio
1723 522 1800 549 testi-

1008 566 1095 593 monii
1113 566 1322 602 interpretatur.
1342 566 1461 600 Quando
1479 567 1554 594 enim
1579 565 1701 594 Judaica:
1726 567 1800 602 genti

1008 611 1091 645 dixit,
1108 611 1164 639 Vos
1179 613 1296 647 populus
1313 620 1390 640 meus
1407 617 1431 639 ct
1452 619 1518 640 oves
1539 612 1705 640 baereditatis
1721 619 1799 642 meae.

1008 657 1130 692 ipsorum
1148 664 1209 685 erat
1230 658 1431 685 testimonium.
1451 657 1569 691 Quando
1591 662 1682 686 autem
1705 662 1800 694 gentes

1008 704 1059 731 sibi
1076 704 1102 730 in
1118 704 1249 739 populum
1266 704 1352 739 eligit.
1375 709 1442 731 tunc
1461 705 1496 732 ab
1520 705 1575 733 illis
1596 704 1629 732 ad
1652 704 1701 733 has
1722 705 1800 733 testi-

1009 749 1131 776 monium
1148 750 1362 785 transmigravit.

198 840 232 876 β’.
254 839 392 872 ὀδόντες
406 844 465 865 σου
488 837 528 870 ὡς
551 836 657 872 ἀγέλαι
681 834 742 863 τῶν
766 836 955 870 κεκαρμένων

1047 839 1126 868 Vens.
1143 841 1171 868 2.
1200 840 1296 868 Dentes
1320 843 1358 868 tui
1372 842 1440 868 sicut
1461 850 1550 877 greges
1565 847 1717 874 (ansarum,
1742 849 1801 878 qur:

158 887 192 914 at
209 885 366 920 ἀνέσησαν
386 885 447 912 ἀπὸ
462 883 514 910 τοῦ
534 882 665 917 λουτροῦ
677 891 684 898 ·
701 883 731 909 al
754 882 850 910 πᾶσαι
873 881 956 908 διδυ-

157 933 327 968 μεύουσαι,
359 930 409 957 καὶ
437 929 610 957 ὼεεκνοῦσα
637 929 694 955 οὐκ
724 928 811 955 ἔστιν
841 927 876 954 ἐν
901 928 957 953 ui)—

160 977 237 1007 ταῖς.

197 1023 373 1058 Γρηγορίου.
392 1037 426 1041 -
440 1021 554 1056 Πρῶτον
579 1020 654 1054 λέγει
675 1019 739 1055 περὶ
760 1019 886 1051 ὀδόντων,
902 1027 957 1046 πα-

161 1068 311 1106 ραδραμὼν
324 1068 372 1095 τοῦ
391 1068 528 1102 στόματος
545 1068 592 1094 καὶ
618 1066 672 1093 τῶν
686 1066 797 1101 χειλέων
818 1065 853 1092 τὰ
868 1065 957 1100 ἐγκώ-

162 1125 213 1151 μια
227 1124 234 1130 ·
260 1115 307 1141 καὶ
330 1112 380 1140 εἷθ’
403 1113 475 1140 οὕτω
496 1113 561 1148 περὶ
587 1112 702 1148 χειλῶν⁹
723 1111 833 1146 πρῶτον
845 1111 900 1147 γάρ
915 1120 957 1143 τις

160 1161 286 1187 ὲστιᾶται
300 1159 334 1186 τὰ
350 1158 526 1193 πνευματικὰ
542 1158 704 1193 μαθήματα,
721 1157 768 1183 καὶ
793 1154 850 1183 οἷον
873 1165 957 1184 κατα-

160 1206 262 1234 λεαίνει
277 1205 373 1240 ὥσπερ
399 1204 449 1239 τὴν
466 1203 571 1240 τροφὴν
593 1204 650 1235 τοῖς
675 1204 842 1238 σωματικοῖς
855 1201 955 1237 ὀδοῦσι,

159 1254 209 1280 καὶ
223 1252 284 1279 τότε
298 1251 374 1286 λέγει
386 1251 454 1286 περὶ
479 1250 568 1277 αὐτῶν
580 1257 586 1265 ·
605 1249 678 1285 ἆπερ
693 1258 735 1281 τις
758 1249 860 1285 ψυχικὴ
878 1249 957 1276 δύνα-

161 1307 209 1334 μις
221 1297 380 1324 λεπτοποιεί
394 1296 548 1331 ἐπιτήδεια,
570 1295 640 1331 προς
666 1296 697 1322 τὸ
720 1295 957 1330 παραπεμφθῆναι

157 1345 217 1375 τοῖς
232 1342 316 1370 οἱονεὶ
332 1341 499 1376 σπλάγχνοις
524 1340 775 1377 παρασκευάζουσα
786 1348 794 1355 ’
821 1340 884 1372 τοὺς
899 1340 956 1366 τοί-

158 1398 208 1416 νυν
232 1388 375 1425 κριτικούς
400 1397 430 1415 τε
446 1389 494 1414 καὶ
518 1387 703 1423 διαιρετικοὺς
735 1386 789 1413 τῶν
814 1387 956 1421 δογμάτων

159 1436 332 1472 καθηγητὰς,
355 1435 380 1462 οἱ
403 1435 439 1462 τὰ
469 1435 528 1461 θεῖα
553 1435 691 1470 μυστήρια
719 1433 764 1460 διὰ
787 1433 956 1469 σαφεστέρας

159 1483 321 1518 ἐξηγήσεως
358 1481 587 1513 λειττοπθιοῦσιν,
612 1481 654 1511 ὡς
677 1480 881 1517 εὐπαράδεκτον
908 1479 991 1526 τὴνο

161 1528 351 1564 πνευματικὴν
376 1527 479 1562 ταύτην
501 1526 604 1562 τροφὴν
635 1526 762 1561 γενέσθαι
786 1525 826 1561 τῷ
848 1525 955 1561 σώματι

159 1573 211 1607 τῆς
226 1573 401 1608 Ἑκκλησίας,
419 1572 530 1604 ὀδόντας
553 1572 683 1599 ἐκάλεσεν
705 1573 719 1598 ό
735 1571 824 1606 λόγος,
841 1571 889 1603 οὓς
909 1571 957 1598 καὶ

161 1620 287 1655 βούλεται
317 1619 421 1650 παντὸς
450 1619 550 1654 ἄχθους
585 1617 679 1645 ὑλικοΰ
707 1618 954 1654 γεγυμνωμένους·

160 1665 241 1693 τοῦτο
251 1665 306 1700 γὰρ
317 1665 348 1692 τὸ
361 1664 551 1700 κεκαρμένον⁴
574 1665 621 1691 καὶ
643 1664 749 1699 λουτρῷ
762 1664 812 1699 τῆς
832 1664 956 1699 συνειδή-

161 1719 232 1743 σεως
247 1710 347 1743 παντὸς
373 1710 514 1746 μολυσμοῦ
534 1710 636 1745 σαρκὸς
660 1709 884 1746 καθαρεύοντας·
909 1710 956 1737 καὶ

160 1757 231 1792 πρὸς
249 1755 357 1788 τούτοις
376 1756 421 1783 ἀεὶ
443 1755 488 1782 διὰ
505 1755 650 1791 προκοπῆς
674 1755 872 1786 ἀναϐαίνοντας
883 1762 890 1770 ·
909 1754 956 1781 καὶ

163 1802 299 1839 μηδέποτε
311 1804 352 1834 εἰς
366 1802 398 1829 τὸ
413 1802 533 1838 ἔμπαλιν
553 1801 792 1838 κατασυρομένους
808 1802 849 1832 εις
859 1800 890 1827 τὸ
905 1800 954 1835 βά-

161 1849 264 1885 ραθρον
277 1857 284 1864 ·
306 1849 353 1876 καὶ
365 1848 522 1884 διδυμεύειν
537 1849 571 1883 τῇ
592 1848 642 1883 μὲν
659 1848 733 1883 ψυχῇ
744 1847 794 1882 τὴν
808 1847 954 1879 ἀπάθειαν,

161 1895 201 1930 τῷ
219 1895 248 1922 δὲ
266 1894 417 1930 σωματικῷ
432 1894 483 1929 βίῳ
495 1894 545 1930 τὴν
564 1894 772 1929 εὐσχημοσύνην
792 1892 954 1927 γεννῶντας,

161 1941 210 1968 καλ
224 1941 292 1973 ὅλως
307 1941 337 1968 ἑν
352 1940 449 1976 μηδενὶ
462 1939 518 1967 τῶν
540 1939 632 1967 καλῶν
646 1939 872 1975 ἐπιτηδευμάτων
890 1939 955 1966 ἀτο-

161 1989 231 2016 νεῖν.

196 2033 318 2060 Νείλου.
334 2048 370 2052 -
390 2031 508 2067 *Ομοίως
527 2032 576 2058 καὶ
599 2030 689 2063 τοῦτο,
720 2030 793 2058 κατὰ
816 2031 867 2066 τὴν
882 2031 954 2065 λέξιν

160 2078 321 2112 ἀδιαιόητον
333 2086 341 2093 ·
361 2077 430 2112 πρὸς
453 2077 481 2104 δὲ
499 2078 619 2104 διάνοιαν
636 2077 791 2113 γέγραπται
810 2078 875 2113 περὶ
903 2077 954 2112 ψε-

160 2124 234 2151 κτῶν
246 2123 361 2150 ὀδόντων
372 2131 381 2139 ⁸
396 2133 407 2149 ‹
419 2123 542 2154 Ὀδόντας
556 2122 726 2158 ἁμαρτωλῶν
739 2123 903 2159 συνέτριψας
912 2143 920 2156 ,
941 2133 950 2149 ι

161 2171 208 2197 καὶ
219 2190 227 2202 ,
249 2179 258 2195 ι
270 2170 345 2196 Ἑκεῖ
360 2169 437 2195 ἔσται
455 2169 470 2195 ὸ
495 2167 617 2203 βρυγμὸς
635 2168 690 2195 τῶν
709 2169 841 2195 ὀδόντων
855 2178 865 2194 ι
891 2170 953 2205 περὶ
967 2175 994 2205 1)

158 2216 190 2242 δὲ
213 2214 376 2245 ἐπαινετῶν,
400 2224 410 2239 ι
422 2214 545 2246 Ὀδόντες
564 2214 646 2240 αὑτοῦ
670 2214 740 2248 γάλα
750 2222 756 2229 ·
771 2224 779 2240 ι
800 2215 847 2241 καὶ
860 2215 892 2241 τὸ
907 2224 959 2241 πα-

162 2260 210 2296 ρὸν
226 2260 309 2296 ῥητόν
320 2269 328 2276 ·
356 2261 427 2295 τάχα
449 2260 472 2287 δ’
498 2260 532 2287 ἂν
549 2257 605 2286 εἷεν
618 2260 748 2295 δυνάμεις
762 2260 862 2296 ψυχῆς,
873 2261 907 2288 δι’
921 2257 959 2288 ὧν

161 2307 349 2342 προτρέψεται
370 2306 443 2342 λόγῳ
461 2306 531 2342 αὕτη
545 2328 553 2339 ,
574 2306 624 2341 τὴν
649 2306 786 2342 διάκρισιν
809 2307 856 2333 τοῦ
876 2307 956 2342 λόγου

161 2352 380 2386 πεπιστευμέναι
400 2352 448 2378 καὶ
463 2351 690 2382 λεπτοποιοῦσαι.
706 2352 753 2379 καὶ
767 2352 853 2379 οἱονεὶ
869 2361 959 2388 μηρυ-

161 2397 318 2432 κιζόμεναι,
335 2397 382 2424 τὸν
397 2398 466 2429 τέως
484 2397 721 2433 ἁδρυμερέστερον
736 2397 782 2424 διὰ
800 2398 851 2432 τῆς
872 2399 959 2433 ἀκοῆς

161 2443 368 2479 παραδεχοέντα
383 2443 462 2477 λὸγον
475 2451 483 2459 ·
501 2443 691 2479 συντρίϐονται
706 2443 734 2470 δὲ
746 2441 818 2470 οὗτοι
836 2445 860 2470 οἱ
881 2444 957 2470 ὀδόν-

160 2496 217 2521 τες,
231 2489 295 2515 ὅταν
311 2488 455 2523 αἱρετικῆς
470 2488 647 2520 διδασκαλίας
668 2489 792 2523 φάγωσιν
804 2488 935 2524 ὅμφακας
947 2496 955 2504 '

160 2533 365 2569 ὠμοδιάσαντες
376 2534 440 2569 γὰρ,
457 2535 591 2569 ἄχρηστοι
616 2534 737 2568 γίνονται
751 2534 782 2561 τὸ
798 2534 891 2562 λεᾶναι
907 2535 956 2570 τὴν

160 2579 251 2615 άληθῆ
265 2580 372 2616 τροφήν
387 2589 394 2596 ·
411 2580 499 2617 ἀγέλῃ
518 2580 566 2606 οὖν
581 2581 761 2616 κεκαρμὲνιυν
775 2581 864 2615 ὁμοιοί
892 2581 956 2612 τοὺς

159 2626 272 2657 ὀδόντας
285 2626 335 2661 τῆς
352 2625 473 2661 Νύμφης
492 2635 498 2641 ·
523 2626 567 2652 διὰ
579 2626 608 2653 τὺ
627 2626 711 2661 μηδὲν
733 2625 806 2661 ἔχειν
820 2626 952 2658 τοιοῦτον,

159 2671 217 2699 οἷον
240 2672 265 2698 οἱ
291 2671 487 2707 προειρημένοι
514 2670 588 2707 εἶχον
616 2672 722 2703 ὀδόντες
750 2671 805 2698 τῶν
828 2671 954 2700 ἀσεϐῶν
976 2687 980 2689 >

160 2717 230 2744 ἀλλὰ
244 2718 292 2744 καὶ
306 2717 508 2753 περιαιρεῖσθαι
522 2719 611 2745 πάντα
626 2718 712 2754 ῥῦπον
725 2717 770 2744 διὰ
784 2717 814 2744 τὸ
829 2717 952 2753 λουτρὸν,

1007 885 1182 912 ascenderunt
1202 885 1234 912 de
1257 885 1374 918 lavacro,
1397 895 1456 922 quin
1479 895 1568 914 euntes
1593 887 1757 923 geminantes
1775 891 1801 914 et

1008 931 1150 965 inferum/4;
1165 939 1216 959 non
1233 937 1272 959 est
1296 933 1323 959 in
1340 933 1388 960 eis.

1044 1019 1176 1055 Gregorii.
1196 1036 1232 1041 —
1251 1020 1372 1049 Primum
1391 1022 1425 1050 de
1444 1023 1573 1051 dentibus
1598 1027 1666 1059 agit.
1685 1025 1743 1052 oris
1769 1032 1800 1052 ac

1008 1065 1144 1092 labiorqu
1170 1067 1303 1094 encomiis
1325 1068 1455 1102 omissis;
1484 1076 1515 1097 ac
1543 1069 1584 1096 sic
1610 1070 1740 1106 deinceps
1766 1071 1800 1098 de

1008 1111 1099 1139 labiis.
1120 1111 1242 1139 Primum
1261 1115 1335 1140 enim
1348 1114 1411 1148 quis
1428 1115 1547 1142 comedit
1563 1116 1702 1149 spiritales
1718 1117 1802 1144 disci-

1008 1158 1097 1193 plinas
1110 1163 1137 1186 et
1151 1159 1230 1193 quasi
1245 1161 1408 1188 comminuit
1423 1169 1478 1188 non
1492 1169 1572 1190 secus
1583 1170 1615 1190 ac
1630 1163 1721 1190 cibum
1737 1163 1801 1191 den-

1007 1203 1082 1230 tibus
1102 1205 1245 1239 corporeis
1262 1215 1269 1232 :
1286 1209 1313 1233 et
1331 1211 1395 1234 tunc
1412 1208 1451 1234 ait
1478 1207 1512 1235 de
1536 1207 1581 1241 iis,
1596 1216 1657 1243 quae
1671 1209 1800 1237 animalis

1008 1250 1133 1284 qtuedam
1160 1251 1202 1279 vis
1221 1256 1351 1279 extenuat
1364 1252 1460 1280 idonea
1481 1254 1611 1286 reddens,
1627 1258 1657 1281 ut
1668 1255 1745 1290 quasi
1765 1255 1800 1283 ad

1007 1296 1114 1324 viscera
1133 1297 1367 1326 transmittantur.
1392 1298 1454 1327 Illos
1475 1300 1558 1335 igitur
1582 1300 1727 1335 doctores,
1752 1302 1800 1337 qui

1007 1342 1148 1371 doctrinas
1162 1351 1225 1371 cum
1237 1344 1343 1379 judicio
1357 1346 1469 1373 tradunt
1483 1354 1516 1374 ac
1531 1347 1698 1382 partiuntur.
1712 1355 1744 1376 ac
1759 1349 1801 1376 di-

1008 1389 1071 1416 vina
1084 1390 1213 1424 mysteria
1222 1398 1269 1425 per
1277 1391 1420 1419 clariorem
1431 1396 1577 1419 extenuant
1588 1393 1799 1428 expositionem,

1008 1435 1047 1462 ita
1065 1439 1096 1462 ut
1111 1436 1266 1470 spiritualis
1282 1436 1361 1465 bicce
1375 1438 1453 1465 cibus
1476 1439 1583 1473 corpori
1602 1442 1712 1474 sumptu
1732 1439 1801 1467 faci-

1009 1479 1043 1508 lis
1060 1481 1188 1512 exsistat.
1206 1480 1336 1510 Ecclesia:
1356 1482 1452 1510 dentes
1473 1483 1620 1518 appellavit
1635 1484 1679 1511 hic
1698 1492 1800 1512 sermo.

1010 1525 1085 1559 Quos
1096 1527 1178 1554 etiam
1196 1528 1271 1555 omni
1289 1528 1433 1555 materiato
1445 1529 1566 1563 pondere
1585 1530 1705 1558 nudatos
1724 1531 1802 1565 cupit

1009 1571 1073 1607 (hoc
1087 1572 1160 1599 enim
1185 1578 1227 1601 est
1244 1581 1306 1601 esse
1319 1578 1413 1601 tonsos
1438 1579 1466 1602 et
1487 1575 1598 1603 lavacro
1623 1576 1802 1604 conscientiae

1008 1625 1070 1645 esse
1080 1625 1164 1653 puros
1171 1619 1205 1646 ab
1217 1619 1291 1646 omni
1307 1620 1516 1655 inquinamento
1528 1620 1620 1648 carnis
1631 1624 1658 1648 et
1671 1621 1799 1656 spiritus:

1009 1669 1141 1698 praterea
1173 1672 1282 1700 semper
1306 1673 1357 1701 per
1383 1666 1536 1701 profectum
1568 1667 1734 1701 ascendere,
1768 1675 1801 1696 ac

1009 1718 1150 1745 nunquam
1176 1715 1252 1739 retro
1270 1713 1344 1740 trahi
1364 1712 1398 1740 ad
1415 1712 1588 1747 barathrum,
1607 1722 1657 1742 nec
1675 1723 1729 1743 non
1752 1723 1801 1751 ge-

1010 1756 1105 1783 Inellos
1119 1763 1216 1790 parere
1225 1757 1440 1793 animaequidem
1453 1759 1613 1793 passionum
1626 1760 1801 1792 vacuitatem.

1008 1801 1071 1828 νίιιε
1099 1806 1192 1829 autem
1214 1803 1352 1838 corporali
1374 1808 1555 1839 procreantes
1577 1805 1759 1837 honestatem,
1774 1809 1802 1833 et

1010 1847 1036 1873 in
1064 1847 1139 1874 nullo
1166 1848 1279 1876 omnino
1307 1857 1408 1884 genere
1428 1850 1566 1878 bonarum
1588 1851 1728 1879 actionum
1751 1852 1801 1880 de-

1009 1892 1100 1920 ﬁcere.

1045 2023 1115 2051 Nili.
1133 2023 1175 2045 ’--
1199 2025 1335 2054 Similiter
1352 2030 1379 2054 et
1409 2027 1461 2054 hoc
1479 2028 1569 2063 quoad
1593 2028 1713 2056 litteram
1740 2037 1799 2057 sen-

1008 2077 1069 2098 sum
1093 2073 1231 2100 occultum
1246 2074 1372 2102 continet
1392 2082 1398 2100 :
1415 2075 1506 2110 quoad
1522 2076 1731 2111 intelligentiam
1751 2086 1799 2106 au-

1008 2120 1061 2144 tem
1079 2118 1212 2154 scriptum
1224 2118 1258 2147 de
1273 2120 1404 2149 dentibus
1420 2122 1558 2156 vituperio
1568 2122 1658 2157 dignis
1673 2132 1680 2150 :
1696 2133 1706 2150 ι
1726 2124 1798 2153 Den-

1008 2166 1048 2191 tes
1059 2170 1232 2198 peccatorum
1242 2166 1397 2194 contrivisti
1407 2167 1482 2201 ⁷⁸“⁶⁸;
1497 2178 1507 2195 ›
1517 2173 1560 2196 et:
1572 2178 1581 2195 ι
1591 2169 1629 2196 lbi
1637 2170 1689 2197 erit
1699 2171 1800 2200 stridor

1008 2208 1130 2236 dcntiutn
1148 2210 1182 2237 θ’.
1199 2220 1209 2236 ι
1229 2210 1265 2237 De
1276 2211 1461 2240 laudabilibus
1478 2221 1542 2241 vero
1559 2223 1566 2241 :
1582 2224 1592 2240 ι
1606 2215 1720 2243 Candidi
1735 2217 1787 2244 den

1007 2259 1048 2283 tes
1069 2256 1129 2290 ejus
1145 2260 1175 2282 ut
1191 2256 1233 2284 lac
1246 2257 1281 2290 ”,
1302 2267 1311 2282 ι
1332 2261 1360 2285 et
1383 2266 1505 2293 pra’sens
1526 2260 1638 2290 dictutn.
1663 2261 1800 2291 Fortassis

1008 2309 1074 2329 vero
1094 2302 1198 2330 fuerint
1220 2302 1364 2331 facultates
1390 2305 1489 2332 anim
1515 2313 1562 2340 per
1584 2314 1653 2342 quas
1679 2309 1800 2336 nutritur

1008 2348 1066 2383 ipsa
1083 2347 1178 2381 verbo,
1192 2349 1292 2383 quibus
1314 2351 1471 2378 concredita
1484 2351 1520 2378 sit
1532 2353 1607 2380 verbi
1624 2354 1757 2383 discretio
1773 2361 1800 2384 et

1007 2394 1172 2426 masticatio,
1191 2397 1218 2422 et
1233 2395 1311 2430 quasi
1327 2396 1484 2428 runiinatio,
1495 2397 1567 2432 ejus,
1585 2399 1707 2435 inquatn,
1721 2402 1798 2429 verbi

1004 2440 1080 2475 quod
1098 2446 1228 2475 tanquam
1245 2441 1338 2468 vinum
1364 2450 1488 2470 crassum
1516 2444 1553 2471 sit
1578 2445 1693 2473 auribus
1714 2454 1797 2475 exce-

1008 2491 1095 2520 ptum.
1114 2486 1306 2514 Conleruntur
1325 2495 1407 2523 porro
1424 2489 1452 2517 hi
1470 2491 1568 2519 dentes
1581 2493 1692 2526 quando
1711 2492 1798 2520 haere-

1007 2532 1068 2560 tica;
1081 2533 1216 2560 doctrinae
1231 2538 1368 2569 agrestam
1389 2536 1554 2570 comedunt;
1571 2537 1798 2573 obstupescentes

1005 2579 1078 2606 enim
1093 2579 1177 2613 inepti
1193 2579 1261 2607 lium.
1282 2580 1316 2607 ad
1329 2589 1422 2608 verum
1438 2582 1529 2610 cibum
1543 2584 1796 2612 comminuendum.

1005 2625 1080 2654 Grex
1106 2626 1187 2661 igitur
1207 2633 1351 2655 tonsarum
1374 2628 1458 2656 refert
1472 2629 1568 2658 dentes
1585 2629 1709 2665 Sponsae,
1733 2632 1798 2666 quia

1009 2672 1077 2699 nihil
1092 2673 1195 2700 habent
1209 2681 1306 2701 eorum
1325 2682 1388 2709 quae
1401 2675 1524 2710 praedicti
1537 2675 1632 2704 dentes
1650 2677 1797 2712 impiorum

1008 2719 1163 2753 habebant;
1184 2719 1233 2748 sed
1249 2721 1343 2749 sordes
1357 2729 1453 2750 onmes
1473 2729 1522 2758 per
1535 2722 1674 2751 lavacrum
1693 2725 1799 2753 abster-

199 2804 259 2821 ⁷³·⁶⁸
274 2803 346 2832 Psal.
362 2813 403 2837 nt,
418 2805 445 2833 8.
476 2806 498 2821 "
509 2806 604 2834 Matth.
627 2815 704 2839 xxiii,
722 2807 766 2834 42.
805 2807 828 2823 το
839 2807 908 2835 Gen.
927 2814 998 2840 xux,
1018 2806 1060 2835 12.

309 2851 446 2881 ΡΑι-ιιοι..
464 2852 521 2884 Gn.
547 2853 729 2884 LXXXVII.

1558 2855 1600 2886 52
