1966 3074
172 105 241 137 1643

807 101 983 133 PROCOPII
1003 101 1124 131 GAZ/EI

1734 103 1802 135 16H

165 167 270 196 serunt,
296 162 410 198 etquod
436 161 604 198 superﬂuum
632 167 691 189 erat
722 170 770 197 per
800 162 956 189 tonsionem

1016 160 1057 187 ιαὶ
1074 160 1234 196 περίττωμα
1246 160 1290 188 διὰ
1304 161 1353 196 τὴν
1363 161 1463 196 κουράν
1476 169 1483 177 ο
1497 161 1668 198 διδυμεύουσι
1690 162 1718 189 δὲ
1733 160 1807 190 οὗτοι

165 209 349 237 abstulerunt.
379 208 413 236 Hi
442 216 525 243 porro
558 209 654 236 dentes
689 210 798 244 pariunt
826 207 961 243 gemellos

164 255 275 291 quando
286 260 313 283 et
325 255 455 290 praesenti
471 255 533 283 vitae
547 255 625 282 utilia
642 255 813 290 prospiciunt
825 259 852 281 et
864 253 964 281 futura:

165 302 334 330 intellectilia
351 301 532 337 geminationi
557 309 671 337 operum
689 301 852 337 adjicientes
866 300 962 328 fecun-

165 349 289 376 ditatem.
306 347 374 375 Nam
391 347 538 375 inlecunda
552 355 606 375 non
622 351 664 375 est
677 347 704 375 in
723 347 775 380 eis,
792 347 818 374 id
833 351 886 378 est,
906 350 963 374 ste-

165 394 223 421 rilis
245 393 379 421 bonarum
409 393 549 420 actionum
574 393 649 420 nulla
671 397 713 420 est
736 400 769 420 ac
790 392 850 420 sine
874 393 962 427 prole.

163 440 233 473 Quia
248 446 275 467 et
300 440 328 467 lii
351 439 397 475 qui
425 440 452 466 in
473 439 596 466 Ecclesia
621 439 748 466 laborant
775 438 802 464 in
820 438 905 465 verbo
931 444 963 464 ac

163 485 290 512 doctrina
305 489 330 512 et
343 485 473 512 universo
489 484 600 519 corpori
618 484 778 511 alimentum
794 483 964 511 distribuunt

162 535 275 565 propter
306 530 483 558 concordiam
509 533 537 557 et
567 530 724 556 animorum
753 529 962 556 consensionem

162 577 236 611 gregi
261 576 408 604 assiutilati
432 581 508 608 sunt,
526 580 638 611 propter
665 576 803 603 levitatem
831 579 963 602 autemet

163 623 298 650 incuriam
325 622 536 657 possessionum
555 629 665 649 omnem
697 621 856 648 divitiarum
878 625 963 648 mate-

163 668 232 695 riam
255 667 418 696 abradentes
434 669 506 695 tonsi
524 668 703 695 nominantur
719 675 726 694 :
742 675 758 694 a
773 667 876 694 lavacri
899 675 964 694 vero

163 720 278 740 ascansu
294 717 360 741 sunt
372 713 552 747 geminantes,
568 720 632 740 cum
651 712 763 740 minime
779 712 899 740 sterilem
915 711 963 739 sed

163 758 308 786 fecundam
334 758 518 787 virtuosorum
546 767 658 794 operum
687 759 797 786 vulvam
827 758 962 794 habeant,

162 810 189 832 et
203 805 312 839 utrique
326 805 440 838 saeculo,
450 806 588 840 preesenti,
603 805 726 840 inquam,
742 808 769 832 ct
783 805 876 832 l‘nturo
893 811 962 832 con-

162 851 237 886 gruis
260 851 392 887 gemellos
418 851 527 886 pariant
545 851 770 878 meditationibus
799 861 806 878 :
833 851 960 879 fortassis

162 904 228 924 vero
244 897 345 925 dentes
371 901 400 924 ut
424 905 488 932 grex
520 902 662 925 tousarum
691 897 820 933 gemellos
838 897 960 932 pariunt,

161 944 225 979 quia
255 951 309 971 non
337 943 454 978 amplius
480 949 630 979 supersunt
656 945 759 975 crines,
784 949 961 979 peccatorum

162 996 246 1016 onere
262 988 389 1016 detouso.

200 1081 331 1116 Origenis.
356 1096 390 1101 —
404 1079 491 1107 Aliter
510 1083 601 1106 autem
627 1078 756 1114 gemellos
773 1079 883 1113 pariunt
898 1086 959 1113 pro-

163 1132 224 1163 pter
245 1126 383 1162 duplicem
401 1133 463 1154 cum
486 1125 584 1153 litterae
609 1131 665 1153 tum
683 1126 794 1160 spiritus
806 1125 961 1161 intelligen-

163 1174 240 1201 tiam.

197 1219 330 1246 Philonis.
345 1233 381 1238 -—
396 1218 444 1246 Vel
462 1218 545 1246 etiam
564 1218 638 1253 quod
656 1225 718 1245 cum
733 1218 799 1245 solae
818 1218 845 1244 in
859 1224 960 1251 aquam

163 1265 306 1301 mysticam
337 1264 548 1295 descenderint,
565 1271 628 1292 cum
658 1263 765 1299 Spiritu
794 1267 891 1291 saneto
917 1270 961 1290 as-

163 1311 292 1339 condant.

201 1355 285 1384 Vens.
302 1356 329 1382 5.
351 1355 428 1382 Sicut
454 1354 590 1389 funiculus
621 1355 757 1382 coccinea:
777 1354 850 1381 labia
871 1359 916 1382 tua
936 1360 960 1382 et

163 1403 296 1437 eloquium
313 1407 387 1428 tuum
400 1401 536 1428 decorant.

200 1446 329 1482 Gregorii.
347 1461 382 1466 —
398 1446 564 1474 Coccineum
580 1445 655 1473 lilum
670 1450 712 1473 est
730 1445 799 1474 lides
811 1453 859 1482 per
873 1446 962 1473 chari-

165 1497 248 1520 tatem
262 1492 394 1527 perfecta.
411 1491 517 1519 Laudat
532 1492 619 1528 igitur
636 1491 765 1520 Ecclesia
787 1493 960 1528 conjunctio-

164 1546 228 1566 ncm
246 1542 274 1566 et
292 1538 514 1571 consensionem,
530 1542 558 1566 ct
574 1538 659 1566 simul
682 1537 886 1566 confessionem
907 1546 960 1574 qua

165 1591 216 1620 pro
240 1591 271 1612 se
299 1584 375 1611 cruci
397 1583 505 1611 allii-um
525 1584 682 1617 comitetur,
708 1583 858 1612 secundum
879 1592 960 1618 quam

165 1630 288 1659 Ecclesia
303 1632 493 1663 consentiens,
515 1637 600 1658 unum
616 1632 647 1657 lit
664 1630 768 1658 labium
785 1634 812 1658 et
828 1638 878 1658 vox
896 1638 960 1662 una,

165 1684 197 1704 ex
213 1676 330 1705 diversis
347 1676 439 1704 verbis
453 1676 577 1711 ejusdem
594 1683 693 1705 sensus
715 1680 819 1704 catenae
845 1677 872 1703 in
902 1684 962 1704 mo-

166 1733 223 1753 rem
241 1728 370 1752 contexta
384 1733 390 1751 :
410 1724 572 1752 coccineum
585 1727 676 1752 autem
688 1723 804 1751 dicendo
821 1723 900 1751 docet
915 1731 962 1751 ore

165 1770 359 1807 proferendam
384 1778 446 1798 esse
468 1769 670 1798 confessionem
687 1770 747 1805 ejus
761 1771 806 1805 qui
832 1777 881 1797 nos
896 1777 961 1797 san-

167 1817 250 1853 guine
265 1817 380 1845 redemit
401 1824 461 1844 suo.
479 1815 547 1843 Nam
572 1824 620 1851 per
650 1822 767 1851 utraque
791 1816 849 1843 hac
877 1816 961 1844 labris

166 1862 296 1891 Ecclesia:
314 1863 469 1897 completus
490 1866 600 1890 constat
618 1870 686 1890 suus
700 1861 796 1894 decor,
810 1862 921 1897 quando
934 1865 962 1889 et

168 1909 234 1937 ﬁdes
252 1909 381 1944 prelucet
392 1908 560 1936 confessioni
575 1912 602 1936 et
617 1909 738 1936 cbaritas
753 1916 815 1936 cum
829 1907 882 1936 [ide
894 1916 962 1936 con-

167 1956 278 1983 texitur.
292 1954 387 1990 itaque
399 1962 447 1990 per
463 1954 538 1982 tilum
553 1954 704 1982 declaravit
718 1955 896 1986 cbaritatem,
913 1961 961 1988 per

167 2001 312 2028 coccinum
330 2004 422 2027 autem
437 2000 529 2033 ﬁdem,
542 2005 570 2028 et
591 2001 631 2028 sic
646 2000 754 2035 quuela
771 1999 884 2036 Sponsa:
900 2007 962 2035 spe-

167 2045 243 2073 ciosa
263 2045 292 2073 fit
307 2054 355 2081 per
379 2046 491 2074 verbum
511 2046 572 2074 lidei
589 2046 662 2081 quod
678 2047 860 2081 prredicamus
875 2051 904 2073 ut
918 2046 961 2073 di-

167 2091 248 2119 vinus
272 2092 311 2119 ait
330 2093 477 2126 Apostolus
506 2101 512 2119 :
544 2101 554 2118 ί
581 2092 611 2120 Si
633 2091 777 2120 confessus
802 2092 888 2119 fueris
914 2099 961 2120 ore

168 2142 214 2165 tuo
237 2137 381 2165 Dominum
399 2136 503 2170 Jesum,
530 2140 556 2164 et
571 2137 724 2165 credideris
746 2137 775 2164 in
802 2137 886 2164 corde
913 2141 962 2164 tuo

1014 206 1039 231 οἱ
1051 205 1166 239 ὀδόντες,
1179 206 1245 233 ὅταν
1261 207 1307 233 καὶ
1322 207 1391 242 πρὸς
1409 208 1456 235 τὸν
1477 208 1598 243 παρόντα
1616 208 1672 243 βίον
1683 209 1808 244 χρήσιμα

1015 251 1189 284 σκέπτονται,
1205 253 1253 279 καὶ
1272 253 1340 288 πρὸς
1355 253 1401 280 τὸν
1417 253 1550 288 μέλλοντα
1571 255 1604 290 τῇ
1621 254 1690 290 πρὸς
1706 255 1740 281 τὰ
1762 263 1807 282 νε-

1014 297 1134 333 νοημένα
1155 297 1341 334 διδυμοτοκίᾳ,
1355 298 1405 334 τὴν
1421 299 1513 326 αὐτῶν
1535 299 1624 334 ἔργων
1645 300 1807 336 προστιθέν-

1014 351 1061 375 τες
1072 343 1216 371 εὐτεκνίαν
1228 352 1235 358 ·
1250 344 1403 371 ἀτεκνοῦσα
1418 344 1473 380 γὰρ
1485 345 1535 372 οὐκ
1549 345 1624 372 ἔστιν
1645 346 1674 372 ὲν
1689 346 1784 378 αὐταῖς
1797 354 1805 361 ⁸

1013 390 1075 417 ἀντὶ
1097 389 1157 422 τοῦ,
1172 391 1266 426 στεῖρα
1292 390 1385 417 καλῶν
1407 390 1535 426 πράξεων
1557 391 1604 418 καὶ
1625 391 1723 425 ἄγονος
1745 391 1806 419 οὐδὲ

1015 436 1064 470 μία
1081 436 1140 462 ὲστί
1153 444 1159 451 ο
1176 436 1225 462 καὶ
1247 437 1270 462 oi
1295 436 1324 462 ὲν
1340 436 1372 471 τῇ
1394 435 1544 471 Ἐκκλησία
1564 437 1593 463 δὲ
1606 437 1756 469 κοπιῶντες
1777 437 1807 464 ἐν

1012 481 1084 518 λόγῳ
1100 481 1147 509 καὶ
1175 481 1345 518 διδασκαλίᾳ,
1362 482 1410 509 καὶ
1431 483 1481 517 τὴν
1502 477 1605 518 τροφὴν
1618 484 1700 510 παντὶ¹
1715 492 1807 519 παρα-

1014 528 1172 563 πέμποντες
1186 528 1226 563 τῷ
1240 528 1348 562 σώματι
1362 528 1406 555 διὰ
1420 528 1449 555 τὸ
1469 528 1615 564 σύμφωνον
1635 529 1682 555 καὶ
1701 529 1806 564 ὁμόψυ-

1013 583 1069 608 χον,
1088 574 1173 610 ἀγέλῃ
1191 573 1364 609 ὁμοιοῦνται”
1389 573 1435 601 διὰ
1456 574 1484 601 δὲ
1505 574 1535 600 τὺ
1549 573 1651 608 κοῦφον
1675 574 1722 600 καὶ
1735 574 1806 609 ἀμέ-

1014 628 1110 655 ριμνον
1125 620 1175 655 τῆς
1188 619 1393 655 ἀκτημοσύνης,
1407 621 1497 646 πᾶσαν
1513 619 1581 655 ὕλην
1607 619 1724 646 πλούτου
1738 621 1807 647 ἀπο-

1013 665 1184 701 κειράμενοι,
1203 666 1371 702 κεκαρμένοι
1394 665 1572 701 ὀνομάζονται
1586 674 1593 682 ·
1610 666 1657 693 καὶ
1678 666 1732 693 ἀπὸ
1756 666 1808 702 τῆς

1013 713 1059 738 τοῦ
1074 711 1190 747 λουτροῦ
1213 712 1243 739 δὲ
1264 712 1435 745 ἀναϐάσεως,
1454 712 1508 738 εἰσὶ
1532 712 1740 748 διδυμεῦοντες,
1756 713 1807 740 οὐκ

1013 758 1137 792 ἄτεκνον,
1153 758 1222 785 ἀλλὰ
1237 759 1412 794 καρποφόρον
1435 757 1485 794 τὴν
1499 758 1554 784 τῶν
1567 758 1704 793 ἐναρέτων
1718 759 1807 794 ἔργων

1014 804 1164 840 ἐσχηκότες
1194 804 1313 840 μήτραν,
1337 804 1384 830 καὶ
1403 805 1461 836 τοῖς
1486 804 1667 840 καταλλήλοις
1698 804 1806 840 ἑκάστῳ

1012 850 1101 883 αἰῶνι,
1117 850 1156 885 τῷ
1176 858 1206 876 τε
1226 850 1341 886 παρόντι
1368 850 1416 876 καὶ
1428 849 1466 885 τῷ
1485 849 1621 884 μέλλοντι,
1646 850 1806 886 θεωρήμασι

1011 895 1224 931 διδυμεύσαντες
1240 903 1246 909 ·
1275 895 1340 926 ἴσως
1362 895 1390 922 δὲ
1412 894 1456 921 διὰ
1477 897 1558 922 τοῦτο
1576 895 1692 928 ὀδόντες,
1719 895 1806 932 ἀγέλῃ

1011 942 1192 978 κεκαρμένων
1211 942 1409 978 παραπλήσιοι,
1421 941 1446 968 οἳ
1467 941 1659 976 διδυμεύουσιν
1671 950 1678 957 ·
1694 942 1756 968 ἐπεὶ
1776 942 1806 967 δὲ

1011 987 1061 1014 οὐκ
1075 987 1116 1014 ἔτι
1128 988 1183 1014 stat
1194 988 1297 1023 τρίχες,
1308 987 1339 1014 τὸ
1354 987 1409 1014 τῶν
1423 987 1633 1023 ἁμαρτημάτων
1647 987 1729 1023 ἄχθος
1739 988 1804 1014 ἁπο-

1012 1034 1186 1069 κειράμεναι.

1053 1079 1232 1114 Ὠριγένους.
1266 1094 1301 1099 -—
1327 1079 1527 1115 Διδυμεύουσαι
1565 1079 1593 1106 δὲ
1626 1079 1733 1113 ἄλλως,
1760 1080 1806 1107 διὰ

1011 1125 1042 1151 τὸ
1059 1124 1149 1151 διττὸν
1171 1125 1220 1160 τῆς
1235 1125 1354 1160 νοήσεως
1374 1124 1423 1160 τῆς
1438 1132 1467 1151 τε
1487 1125 1572 1160 ῥητῆς
1588 1125 1636 1150 καὶ
1653 1132 1804 1159 πνευματι-

1011 1171 1063 1206 κῆς
1079 1170 1146 1206 (49).

1048 1215 1190 1247 Φίλωνος.
1219 1215 1302 1241 -Ἦ
1328 1215 1369 1241 ὅτι
1395 1215 1473 1249 μόναι
1500 1213 1683 1242 κατελθοῦσαι
1706 1215 1746 1245 είς
1774 1214 1805 1241 τὸ

1012 1260 1083 1296 ὕδωρ
1098 1259 1129 1286 τὺ
1146 1260 1277 1295 μυστικὸν
1293 1260 1342 1287 σὺν
1358 1259 1429 1295 ἁγίῳ
1449 1259 1586 1294 ἀνέϐησαν
1601 1258 1751 1293 Πνεύματι.

1046 1354 1081 1384 γ’.
1102 1350 1150 1382 Ὡς
1170 1350 1320 1383 σπαρτιον
1341 1349 1486 1376 κόκκινον
1501 1348 1590 1383 χείλη
1612 1355 1683 1381 σου,
1712 1347 1762 1374 καί
1784 1347 1804 1382 ἠ

1011 1395 1102 1423 λαλιά
1114 1403 1173 1423 σου
1187 1396 1289 1430 ὡραία.

1046 1442 1273 1476 Γρηγορίου.-
1299 1441 1435 1467 Κόκκινον
1465 1442 1595 1477 σπαρτίον
1624 1440 1683 1466 ἐστὶ
1714 1439 1807 1472 πίστις

1011 1487 1045 1514 δι’
1060 1488 1172 1523 ἀγάπης
1196 1486 1395 1523 ἐπιτελουμένη
1409 1495 1416 1503 ·
1433 1487 1542 1513 ἐπαινεῖ
1560 1486 1650 1513 τοίνυν
1671 1485 1722 1522 τῆς
1745 1487 1806 1513 Ἐκ-

1012 1534 1126 1569 κλησίας
1156 1535 1201 1560 τὸν
1228 1533 1388 1569 σύνδεσμον,
1414 1533 1462 1560 καὶ
1490 1533 1540 1569 τὴν
1575 1532 1806 1568 ὁμογνωμυσύνην

1012 1581 1070 1615 ἅμα
1086 1581 1133 1608 καὶ
1151 1581 1201 1616 τὴν
1225 1580 1382 1615 ὁμολογίαν,
1400 1580 1434 1606 δι’
1461 1577 1495 1616 ἧς
1518 1580 1647 1614 ὁμολογεῖ
1669 1580 1714 1606 τὸν
1735 1580 1806 1615 ὑπὲρ

1012 1627 1098 1661 αὐτῆς
1119 1626 1332 1661 σταυρωθέντασ
1359 1626 1422 1653 καθ’
1438 1627 1472 1661 ἢν
1492 1627 1509 1661 ἡ
1531 1626 1678 1661 Ἐκκλησία
1693 1634 1807 1661 συμφω-

1012 1671 1095 1699 νοῦσα
1112 1671 1140 1698 ἓν
1155 1671 1261 1705 γίνεται
1277 1671 1386 1707 ’χεῖλος
1408 1672 1457 1698 καὶ
1484 1671 1534 1707 μισ.
1565 1671 1642 1706 φωνὴ
1657 1671 1690 1698 ὲκ
1708 1671 1805 1706 διαφόο

1013 1727 1068 1753 ρων
1089 1717 1136 1744 τοῦ
1156 1718 1230 1753 ἐρίου
1245 1718 1292 1744 τοῦ
1305 1718 1401 1754 νοητοῦ
1431 1717 1663 1753 συγκεκλωσμένη
1678 1717 1805 1752 καθάπερ

1013 1762 1108 1797 σειρά²
1132 1762 1177 1790 διὰ
1197 1763 1226 1790 δὲ
1249 1762 1297 1789 τοῦ
1323 1763 1411 1789 εἰπεῖν
1430 1763 1558 1789 κοκκίνου
1582 1762 1738 1790 διδάσκεται
1755 1762 1805 1797 τὴν

1011 1808 1158 1843 ὁμολογίαν
1173 1808 1217 1835 διὰ
1234 1809 1370 1844 στόματος
1385 1809 1481 1843 φέρειν
1492 1827 1500 1840 ,
1518 1807 1566 1834 τοῦ
1588 1807 1806 1843 ὲξαγοράσαντος

1012 1855 1086 1890 ἡμᾶς
1109 1854 1154 1881 διὰ
1182 1854 1228 1880 τοῦ
1256 1854 1324 1881 ίδίου
1349 1853 1486 1889 αἵματος·
1507 1853 1541 1880 δι’
1566 1853 1728 1890 ἀμφοτέρων
1751 1853 1805 1889 γάρ

1012 1902 1072 1927 ἐστι
1085 1900 1264 1936 πληρουμένη
1282 1901 1340 1932 τοῖς
1357 1899 1524 1935 Ἑκκλησίας
1537 1899 1655 1935 χείλεσιν
1671 1901 1688 1935 ἡ
1706 1899 1806 1934 εὐπρέ-

1013 1955 1095 1974 πεια·
1112 1947 1176 1973 ὅταν
1201 1947 1250 1973 καὶ
1274 1947 1291 1981 ἠ
1308 1946 1401 1978 πίστις
1422 1947 1456 1982 τῇ
1478 1945 1610 1982 ὁμολογίᾳ
1633 1945 1803 1982 προλάμπῃ,

1012 1994 1060 2020 καὶ
1079 1993 1173 2028 ἀγάπη
1192 1994 1224 2029 τῇ
1239 1993 1331 2020 πίστει
1348 1992 1554 2028 συμπλέκηται.
1574 1991 1622 2019 Διά
1638 1992 1687 2027 μὲν
1699 1990 1804 2018 οὖντοῦ

1014 2041 1150 2077 σπαρτίου
1167 2041 1287 2076 ἐδήλωσε
1301 2039 1353 2076 τὴν
1366 2040 1476 2074 ἀγάπην
1490 2047 1498 2054 ·
1513 2039 1560 2066 διὰ
1574 2038 1602 2065 δὲ
1618 2038 1665 2065 τοῦ
1676 2038 1804 2065 κοκκίνου

1012 2087 1061 2122 τὴν
1079 2087 1187 2113 πίστιν’
1205 2086 1253 2113 καὶ
1266 2085 1352 2118 οὕτως
1367 2087 1384 2121 ἡ
1400 2085 1482 2112 λαλιά
1507 2085 1558 2120 τῆς
1573 2084 1682 2119 νύμφης
1700 2084 1806 2119 γίνεται

1012 2131 1126 2167 ὡραίαή
1139 2130 1188 2158 τοῦ
1209 2131 1331 2167 ῥήματος
1356 2130 1406 2166 τῆς
1430 2131 1551 2162 πίστεως
1580 2129 1595 2156 ὁ
1618 2129 1804 2164 κηρύσσομεν,

169 2183 241 2219 quod
272 2184 343 2212 Deus
378 2183 455 2211 illum
487 2183 632 2211 suscitavit
661 2191 675 2210 a
709 2183 838 2216 mortuis,
865 2183 960 2211 salvus

1016 2178 1051 2211 ὥς
1067 2186 1150 2213 φησιν
1167 2178 1182 2204 ὁ
1201 2177 1273 2209 θεῖος
1294 2177 1457 2209 Ἀπόστολος
1467 2185 1473 2192 ·
1496 2185 1506 2202 ι
1517 2176 1582 2204 Ἐὰν
1591 2175 1761 2211 ὁμολογήσῃς
1776 2175 1806 2201 ὲν

168 2230 222 2258 eris
236 2230 271 2257 ⁷⁸.
295 2239 305 2256 ›

207 2359 275 2387 Nili.
289 2376 325 2381 —
338 2359 421 2388 Labia
438 2361 597 2397 frequenter
611 2369 767 2390 sermonem
786 2366 865 2390 vocat
885 2362 962 2390 Scri-

171 2411 250 2440 ptura
268 2406 346 2442 juxta
363 2406 430 2434 illud
452 2416 459 2435 :
480 2416 490 2434 ι
512 2407 657 2443 Disperdat
669 2409 798 2436 universa
819 2409 890 2436 labia
910 2409 961 2436 do-

171 2453 229 2479 losa
241 2452 274 2485 7',
288 2461 298 2479 ι
315 2455 342 2480 et
358 2462 364 2480 :
380 2462 389 2478 ι
409 2452 513 2481 Diﬂ‘usa
528 2456 570 2481 est
586 2453 674 2489 gratia
695 2453 723 2481 in
739 2454 819 2482 labiis
832 2454 885 2482 tuis
901 2454 935 2482 ⁷³.
947 2463 956 2480 ι

172 2496 236 2525 Sive
252 2497 335 2534 igitur
349 2498 439 2526 anima
451 2499 583 2534 perfecta,
602 2499 661 2527 sive
684 2499 712 2526 lii
726 2500 773 2534 qui
791 2500 818 2527 in
835 2499 960 2528 Ecclesia

171 2548 237 2571 sunt
262 2545 402 2578 doctores,
426 2545 538 2580 quando
555 2546 648 2572 vivum
672 2552 828 2573 sermonem
857 2545 960 2573 habent

171 2593 198 2617 et
215 2589 261 2625 qui
279 2589 434 2617 auditorem
447 2590 488 2618 sic
503 2590 617 2626 alligare
634 2590 723 2618 valeat
741 2594 770 2618 ut
787 2597 850 2618 cum
872 2591 958 2619 semel

170 2635 287 2664 audierit
302 2643 357 2664 non
373 2636 492 2672 atnplius
511 2636 600 2671 possit
623 2636 766 2664 discedere
783 2644 790 2664 :
810 2636 882 2664 labia
900 2636 961 2671 ejus

206 2718 227 2733 '”
246 2717 326 2745 Rom.
342 2725 370 2750 ι,
387 2717 414 2745 8.
453 2717 557 2746 "Psal.
578 2726 610 2752 ιι,
626 2719 653 2746 2.
694 2719 718 2734 "
735 2718 809 2747 Psal.
826 2726 900 2752 xuv,
913 2719 940 2747 5.

1014 2224 1055 2260 τῷ
1069 2223 1185 2259 στόματί
1206 2231 1253 2249 σου
1269 2222 1373 2257 Κύριον
1397 2222 1512 2256 Ἰησοῦν,
1537 2221 1584 2248 καὶ
1598 2220 1747 2256 πιστεύσῃς
1776 2221 1806 2247 ἐν

1012 2272 1046 2306 τῇ
1066 2270 1166 2306 καρδίᾳ
1180 2279 1240 2304 σου,
1253 2270 1294 2296 ὅτι
1309 2270 1323 2296 ὁ
1335 2269 1402 2301 Θεὸς
1420 2267 1502 2295 αὐτὸν
1516 2267 1626 2303 ἧγειρεν
1643 2267 1674 2293 ὲκ
1689 2265 1803 2302 νεκρῶν,

1015 2316 1138 2352 σωθήσῃ,
1160 2324 1169 2341 ι

1049 2363 1172 2389 Νείλου.
1186 2377 1221 2382 -
1234 2361 1319 2396 Χείλη
1341 2360 1472 2392 πολλάκις
1488 2359 1533 2386 τὸν
1554 2359 1632 2393 λόγον
1647 2356 1775 2392 ὀνομάζει
1788 2357 1804 2392 ἠ

1014 2409 1122 2444 Γραφὴ,
1137 2408 1175 2440 ὡς
1189 2409 1229 2441 τὸ,
1246 2417 1255 2434 ‹
1268 2407 1473 2442 Ἐξολοθρεύσαι
1489 2405 1590 2441 Κύριος
1601 2405 1690 2432 πάντα
1702 2404 1736 2431 τὰ
1750 2403 1806 2438 χεί-

1014 2455 1047 2490 λη
1062 2455 1098 2482 τὰ
1114 2454 1200 2481 δόλια.
1215 2463 1224 2480 ›
1251 2454 1317 2487 Καὶ,
1338 2463 1347 2479 ε
1368 2452 1498 2488 Ἐξεχύθη
1521 2454 1537 2487 ἡ
1555 2452 1635 2487 χάρις
1660 2451 1689 2477 ὲν
1704 2449 1806 2485 χείλεσι

1014 2510 1071 2528 σου.
1092 2510 1101 2526 ι
1128 2500 1191 2527 Είτε
1208 2497 1255 2526 οὖν
1275 2500 1292 2535 ὴ
1317 2499 1408 2526 τελεία
1424 2497 1507 2534 ψυχὴ,
1525 2498 1580 2524 εἴτε
1594 2496 1619 2523 oi
1637 2496 1667 2523 ὲν
1686 2497 1719 2531 τῇ
1740 2494 1805 2522 Ἐκ-

1012 2546 1112 2582 κλησίᾳ
1129 2546 1295 2577 διδάσκαλοι,
1314 2546 1378 2572 ὅταν
1393 2545 1485 2576 ζῶντα
1500 2544 1546 2570 τὸν
1560 2543 1639 2578 λόγον
1657 2542 1741 2577 ἔχωσι
1758 2541 1805 2568 καὶ

1010 2592 1121 2628 δεσμεῖν
1143 2593 1189 2619 τὸν
1213 2592 1354 2627 ἀκροατὴν
1382 2591 1542 2626 δυνάμενον,
1569 2590 1608 2622 ὡς
1635 2589 1733 2625 μηκέτι
1760 2588 1806 2614 τὸν

1012 2638 1086 2672 ἅπαξ
1106 2639 1239 2666 ἀκούοντα
1259 2638 1412 2673 ἀναχωρεῖν
1426 2636 1566 2670 δύνασθαι,
1597 2634 1730 2671 σπαρτίον
1743 2633 1805 2662 κόκ-

207 2824 262 2859 (λίθ)
278 2823 467 2860 διδυμεύουσαι
488 2839 518 2845 -
530 2823 663 2860 πνεύματι
677 2824 706 2853 C.
727 2824 756 2852 Β.
772 2830 868 2853 sant-t0
882 2777 1063 2853 Νἱῗιοῖίῖὶιιὶι.
