1966 3074
257 96 325 129 1645

716 93 984 124 COMMENTARII
1006 93 1046 124 IN
1067 93 1228 125 CANTICA
1247 95 1392 126 CANTIC.

1814 97 1881 129 16A6

251 159 326 182 κινον
336 153 430 189 ἔχουσι
441 152 474 180 τὰ
486 151 561 188 χείλη
581 160 587 167 ·
606 151 738 188 σπαρτίον
757 151 806 186 μὲν
820 151 864 178 δὴ
875 151 906 178 τὸ
918 150 1040 185 δεσμεῖν,

1103 149 1167 177 ilum
1181 151 1281 178 habent
1295 153 1472 186 coccineum;
1490 152 1564 180 tilum
1581 153 1690 188 quidem
1705 155 1767 188 quia
1785 154 1884 190 ligant.

251 198 379 226 κόκκινον
394 197 423 225 δὲ
447 197 491 225 διὰ
515 197 546 224 τὸ
565 196 681 229 ζωτικὸν
698 195 748 230 τῆς
776 195 878 222 τούτων
901 194 1045 228 δυνάμεως

251 246 298 273 καὶ
315 244 530 281 πεπυρωμένον
545 243 658 279 τοιαύτη
674 243 729 278 γὰρ
740 243 788 270 καὶ
799 242 875 274 ζῶσα
889 240 969 276 σὰρξ,
994 240 1044 274 τὴν

251 290 424 326 ἐρυθρότητα
442 289 570 325 μάρτυρα
586 289 635 324 τῆς
655 287 727 323 ζωῆς
742 286 925 322 ἐπιφερομένη
937 293 945 300 '
965 284 1044 312 τοῦτο

250 336 338 372 δηλῶν
363 337 377 363 ό
396 335 499 371 Κύριος
519 335 631 369 ἔλεγεν·
655 344 664 360 ι
681 334 714 361 0i.
740 334 803 368 ἐμοὶ
823 332 910 366 λόγοι,
935 331 1046 366 πνεῦμά

251 383 305 409 εισι
324 383 370 409 καὶ
387 382 464 418 ζωή·
482 391 492 407 ι
515 381 561 408 διὰ
575 381 626 416 μὲν
639 380 686 407 τοῦ
704 379 862 415 πνεύματος
881 378 927 405 τὸν
945 377 1045 412 δεσμὸν

252 429 300 456 τοῦ
315 428 459 465 σπαρτίου,
474 428 518 454 διὰ
539 427 569 454 δὲ
588 428 638 462 τῆς
660 427 733 461 ζωῆς
747 426 778 452 τὺ
793 425 920 452 κόκκινον
943 423 1045 458 σημαί-

253 484 307 504 νων
318 484 326 491 ·
341 475 416 511 καὶὴ
431 474 511 501 λαλιὰ
525 474 554 500 δὲ
568 472 672 500 τούτων
697 472 797 507 ὡραία,
815 471 883 498 πολὺ
904 470 974 506 μετὰ
997 469 1045 496 τοῦ

252 521 392 558 ὠφελίμου
408 521 456 548 καὶ
469 520 499 547 τὸ
507 520 622 554 τερπνὸν
633 519 744 554 ἔχουσα.

296 567 472 602 Ὠριτένους.
490 580 520 586 —-
533 566 638 599 Ἥγουν
654 564 726 591 ἔστω
744 563 876 598 διάπυρος
900 563 918 598 ἡ
932 561 980 590 τοῦ
1003 561 1046 588 λό-

251 621 303 649 γου
319 611 492 648 παρασκευὴ,
509 619 536 638 κ.
551 619 577 637 τ.
589 610 615 638 λ.
634 610 702 644 (50).

293 657 342 691 Ὠς
353 657 490 691 λέπυρον
504 655 559 691 τῆς
569 656 645 690 ῥόας
657 654 762 690 μῆλόν
783 662 841 682 σου
860 654 949 687 ἐκτὸς
972 661 1046 681 σιω-

253 702 375 737 πήσεώς
390 710 460 729 σου.

288 749 456 783 Γρηοηορίου
468 748 537 783 (5|).
552 762 590 768 -—-
607 747 768 783 ’Δρέσκεται
783 747 854 774 κατὰ
866 746 916 783 τὴν
927 746 975 773 τοῦ
985 745 1046 772 στό-

253 804 340 831 ματος
353 795 429 831 ὥραν
438 795 453 821 ό
472 794 608 830 Νυμφίος,
623 794 662 830 τῷ
675 795 726 830 τῆς
743 794 894 830 παρθενίας
907 793 1047 829 ἐρυθήμα-

253 827 291 873 τι,
308 827 384 877 arrep-
393 841 478 877 μῆλον
495 827 574 868 καλεῖ
591 842 608 876 ἠ
634 827 762 876 συνήθεια
774 827 849 868 ’.καὶ
869 827 1046 876 προσεικάζει
1061 827 1084 857 Β

253 888 321 915 αὐτὸ
336 887 454 924 λέπυρον
470 888 521 923 τῆς
535 888 601 924 ῥόας
615 895 623 903 ·
639 887 709 915 αἰδοῖ
720 888 774 923 γὰρ
791 886 986 923 ἐρυθραίνεται
1000 887 1046 914 καὶ

254 934 420 970 σωφροσύνῃ
432 942 440 949 ·
457 934 495 966 ὡς
509 935 565 970 γὰρ
582 934 634 970 τῆς
656 934 719 970 ῥόας
739 935 754 961 ό
770 934 877 970 καρπὸς
896 934 949 961 ὑπὸ
966 942 1047 968 στρυ-

254 980 321 1016 φνοῦ
332 990 362 1007 τε
377 981 424 1008 καὶ
439 980 557 1017 άΰρότου
571 981 623 1016 τῆς
638 981 800 1016 ἐπιφανείας
809 981 984 1016 φυλάττεται,
999 980 1045 1007 οὖ-

253 1034 294 1053 τω
313 1026 361 1053 καὶ
371 1027 385 1053 ό
398 1025 501 1061 στύφος
516 1034 546 1052 τε
566 1026 613 1053 καὶ
628 1026 765 1062 ἐγκρατὴς
786 1027 834 1053 καὶ
850 1026 1046 1062 κατεσκληκὼς

254 1071 324 1107 βίος,
344 1071 432 1106 φύλαξ
458 1072 563 1106 γίνεται
587 1072 643 1098 τῶν
665 1073 714 1108 τῆς
736 1072 915 1108 σωφροσύνης
935 1073 1044 1100 καλῶν·

254 1119 363 1145 ἐπαινεῖ
376 1118 406 1145 δὲ
424 1119 471 1145 καὶ
486 1118 536 1154 τὴν
550 1119 676 1154 προφανῆ
695 1119 742 1145 καὶ
759 1118 808 1154 τὴν
824 1118 898 1145 ἔνδον
919 1119 1029 1154 ἁγνείαν
1039 1127 1047 1135 ·

254 1164 368 1195 διπλοῦς
386 1163 440 1199 γὰρ
458 1164 505 1190 καὶ
523 1164 640 1191 ἐνταῦθα
661 1164 772 1196 ἔπαινος
797 1164 841 1191 διά
856 1173 885 1191 τε
910 1164 964 1191 τῶν
981 1173 1049 1200 προ-

255 1208 428 1243 φαινομένων
447 1208 520 1235 κατὰ
538 1210 585 1235 τὸν
603 1209 762 1245 εὐσχήμονα
784 1209 852 1244 βίον,
871 1210 919 1236 καὶ
935 1210 981 1236 διὰ
994 1209 1048 1236 τῶν

255 1254 286 1281 ὲν
299 1256 333 1290 τῇ
359 1254 411 1289 τῆς
436 1254 527 1290 ψυχῆς
540 1255 662 1291 ἀπαθείᾳ
677 1255 920 1291 κατορθουμένων·
938 1255 956 1283 ἃ
974 1256 1049 1291 μόνῳ

256 1301 408 1336 καθορᾶται
435 1301 474 1336 τῷ
494 1302 534 1333 είς
553 1301 587 1328 τὰ
610 1302 713 1336 κρύφια
738 1302 883 1337 βλέποντι’
903 1303 948 1330 διὰ
971 1302 1049 1329 τοῦτο

256 1348 349 1383 φησὶν.
373 1347 476 1380 Ἐκτὸς
491 1347 547 1382 τῆς
567 1348 746 1382 σιωπήσεώς
757 1357 826 1376 σου.

295 1394 417 1422 Νείλου.
432 1395 537 1421 -ιἙπὶ
550 1395 601 1430 μὲν
617 1395 668 1431 τῆς
682 1395 784 1431 ψυχῆς,
799 1396 830 1422 τὸ
844 1396 982 1432 αὐστηρὸν
1001 1397 1048 1424 τοῦ

255 1440 315 1476 βίου
332 1440 379 1466 καὶ
394 1441 449 1472 τοῖς
462 1440 576 1467 πάθεσιν
589 1441 749 1477 ἀπρόσιτον,
764 1442 848 1476 μῆλόν
861 1443 919 1470 ἐστι
932 1444 1049 1478 παρειᾶς

1095 196 1254 223 coccineum
1272 204 1338 225 vero
1349 202 1459 233 propter
1473 198 1607 226 viviﬁcam
1622 207 1716 226 eorum
1728 204 1756 228 ct
1767 201 1881 236 ignitum

1095 241 1234 271 virtutem.
1248 242 1316 270 Nam
1328 243 1482 272 istiusmodi
1498 244 1580 272 etiam
1597 252 1662 273 caro
1683 245 1743 272 viva
1755 251 1805 279 est,
1822 255 1883 280 qua:

1095 287 1223 315 ruborem
1241 289 1303 316 vitae
1323 294 1419 317 testem
1434 297 1490 325 prae
1502 298 1532 318 se
1545 291 1598 318 l‘ert
1613 300 1619 318 :
1638 290 1663 318 id
1680 291 1753 326 quod
1775 291 1882 327 signiti-

1095 339 1162 360 cans
1183 333 1314 362 Dominus
1333 335 1371 362 ait
1396 343 1404 363 :
1428 344 1438 362 ‹
1462 335 1548 363 Verba
1565 343 1624 364 mea
1645 337 1760 372 spiritus
1779 341 1807 364 et
1827 337 1883 364 vita

1095 383 1160 405 sunt
1170 378 1208 412 ";
1228 388 1238 405 ι
1256 387 1304 414 per
1321 379 1449 415 spiritum
1470 381 1580 414 quidem
1602 381 1639 408 lili
1665 381 1817 413 vinculum,
1835 389 1884 416 per

1096 423 1178 451 vitam
1203 432 1269 452 vero
1299 425 1442 453 coccinum
1469 425 1629 462 designans.
1655 426 1776 462 Loquela
1801 434 1884 461 porro

1096 469 1205 498 illorum
1222 471 1333 505 decora,
1350 479 1414 500 cum
1437 473 1556 502 utilitate
1580 473 1790 502 delectationem
1817 481 1884 501 con-

1095 516 1196 545 tinens.

1133 562 1265 599 Origettis.
1287 578 1322 584 —
1340 564 1443 601 Nempe
1468 564 1572 601 ignitus
1600 570 1644 595 est
1665 566 1741 595 verbi
1767 574 1884 602 appara-

1097 614 1151 640 IUS,
1167 613 1222 636 etc.

1133 654 1209 682 Sicut
1223 660 1315 683 cortex
1336 656 1403 684 mali
1420 657 1511 692 punici
1527 665 1593 693 gena
1614 661 1658 684 tua
1670 662 1747 684 extra
1772 658 1885 684 tacitur-

1097 702 1208 729 nitatem
1226 709 1310 730 luant.

1134 747 1265 783 Gregorii.
1280 764 1314 769 -—
1328 748 1393 776 Post
1407 749 1464 777 oris
1488 753 1660 778 venustatem
1688 757 1818 784 genarum
1838 758 1886 778 ru-

1098 793 1166 822 bore
1178 802 1299 829 sponsus
1314 795 1477 829 delectatur,
1495 796 1522 822 id
1531 795 1604 830 quod
1620 797 1792 824 consuetudo
1801 797 1887 826 malas

1099 843 1177 866 vacat
1190 845 1218 867 et
1237 839 1373 867 assimilat
1393 840 1444 874 ipsi
1467 841 1562 868 cortici
1582 841 1647 868 mali
1664 842 1768 876 punici.
1785 842 1888 876 Quem-

1098 884 1245 912 admodum
1273 885 1345 912 euim
1367 885 1430 912 mali
1458 885 1552 920 punici
1578 886 1685 914 fructus
1715 887 1767 915 sub
1796 893 1889 916 auste-

1098 933 1179 958 rltate
1202 935 1231 959 et
1250 932 1402 960 acerbitate
1430 933 1544 960 corticis
1565 933 1732 966 custoditur,
1749 934 1790 962 sic
1804 935 1887 962 etiam

1098 977 1190 1011 gravis
1207 982 1235 1005 et
1251 977 1397 1006 continens
1411 982 1438 1005 et
1452 983 1564 1006 austera
1580 979 1688 1008 vivendi
1705 980 1777 1008 ratio
1793 985 1888 1008 custos

1099 1023 1128 1048 tit
1144 1023 1276 1050 bonorum
1291 1024 1478 1052 continentiae.
1490 1024 1595 1053 Laudat
1603 1030 1695 1053 autem
1709 1026 1846 1061 publicam
1862 1032 1889 1055 et

1098 1068 1235 1095 interuam
1253 1069 1419 1098 castitatem.
1437 1070 1540 1105 Duplex
1552 1079 1671 1107 namque
1684 1072 1748 1100 hinc
1763 1073 1822 1101 laus
1838 1081 1889 1101 ex-

1098 1113 1174 1145 colit,
1190 1122 1252 1141 cum
1267 1121 1378 1150 propter
1397 1116 1480 1142 vitam
1496 1116 1522 1143 in
1544 1116 1577 1144 iis
1594 1125 1655 1152 qua
1673 1122 1806 1152 apparent
1821 1119 1889 1146 bene.

1098 1158 1290 1193 compositam,
1306 1164 1363 1186 tum
1378 1164 1490 1195 propter
1505 1168 1537 1188 ea
1555 1169 1616 1196 qua:
1629 1161 1655 1188 in
1671 1162 1764 1189 anima
1780 1163 1888 1197 passio—

1099 1210 1165 1230 num
1188 1209 1300 1239 esperte
1315 1209 1448 1240 geruntur
1466 1210 1550 1238 recte.
1567 1214 1628 1242 qua:
1655 1208 1706 1235 soli
1735 1213 1830 1243 patent
1850 1209 1888 1236 illi

1098 1250 1145 1284 qui
1159 1256 1259 1277 arcana
1276 1250 1440 1286 introspicit.
1451 1251 1634 1285 Quamobrem
1654 1254 1692 1281 ait
1707 1254 1773 1282 illud
1784 1263 1791 1282 :
1804 1254 1890 1282 Extra

1101 1296 1309 1324 taciturnitate»:
1326 1301 1409 1325 tuam.

1138 1387 1208 1415 Nili.
1221 1403 1255 1407 —
1266 1388 1383 1425 Propter
1393 1391 1490 1418 anima;
1502 1391 1612 1426 quidem
1625 1393 1814 1421 austeritatem
1829 1394 1890 1421 vitae

1102 1435 1278 1469 passionibus
1298 1435 1468 1465 inaccessam
1492 1439 1593 1465 malum
1613 1443 1678 1466 sunt
1693 1447 1768 1474 gena:
1792 1440 1891 1467 cortici

256 1485 368 1521 λεπύρῳ
380 1487 445 1521 ῥόας
458 1486 502 1513 διὰ
514 1487 563 1522 τὴν
575 1486 729 1522 στυφότητα
744 1487 949 1522 παραπλήσιον·
960 1488 1048 1523 τούτῳ

1103 1480 1164 1508 mali
1182 1481 1275 1516 punici
1299 1482 1335 1509 ob
1362 1483 1551 1511 austeritatem
1572 1492 1626 1512 non
1654 1485 1806 1514 absimiles.
1833 1485 1891 1514 lloc

256 1533 311 1567 γὰρ
329 1532 447 1568 μάλιστα
471 1532 511 1568 τῷ
535 1533 614 1567 μέρει
633 1532 757 1568 κρίνεται
773 1534 789 1568 ἡ
807 1534 1048 1566 κατάστασιςγτοῦ

257 1579 309 1614 μὲν
324 1578 462 1614 σώφρονος
478 1579 714 1614 σκυθρωπάζουσα
725 1599 731 1611 ,
750 1580 798 1605 καὶ
813 1580 870 1610 τοῖς
889 1579 1050 1612 ἀκολάστοις

256 1623 407 1658 ὀφθαλμοῖς
420 1623 460 1659 τῷ
474 1624 580 1659 ἁμειδεῖ
596 1625 732 1659 σχήματι,
749 1625 780 1650 τὸ
801 1625 933 1658 ἄγευστον
949 1626 1050 1660 σημαί-

257 1678 341 1697 νουσα
355 1669 406 1705 τῆς
421 1669 526 1704 ὂψεωςι
542 1669 590 1696 τοῦ
605 1670 633 1696 δὲ
648 1670 857 1706 διακεχυμένου,
871 1670 972 1698 ὡσανεὶ
984 1672 1050 1698 ὑπο-

259 1716 390 1752 μιιδιῶσα
406 1715 455 1742 καὶ
469 1715 659 1752 κεχαλασμένη
683 1717 730 1744 καὶ
751 1716 857 1752 λίχνους
881 1717 1050 1752 προσκαλου-

257 1761 327 1797 μένη
351 1761 494 1798 πόρρωθεν
519 1762 673 1797 ὀφθαλμούς
684 1770 691 1778 ·
708 1762 755 1789 καὶ
771 1762 802 1789 τὸ
817 1762 867 1798 τῆς
881 1763 979 1798 ἡδονῆς
1000 1764 1050 1790 αὺ-

255 1808 313 1839 τοῖς
328 1807 415 1839 πάθος
425 1807 656 1843 εὐαγγελιζομένη
668 1809 701 1843 τῇ
715 1808 876 1844 φαιδρότητι
884 1817 892 1825 ο
905 1809 951 1835 ἐπὶ
962 1809 991 1836 δὲ
1001 1810 1051 1844 τῆς

264 1854 429 1890 Ἐκκλησίας
439 1855 469 1881 τδ
482 1855 535 1882 τῶν
551 1855 772 1890 παρθενευόντων
783 1856 878 1890 τάγμα
891 1855 937 1882 καὶ
948 1856 1049 1882 ἀσκου-

259 1899 347 1935 μένων
358 1899 408 1936 τὴν
425 1900 588 1936 σεμνότητα,
602 1900 813 1935 αὐχμηροτέραν
838 1901 885 1928 καὶ
907 1901 1050 1928 δυσέντευ-

257 1954 322 1973 κτον
337 1948 393 1978 τοῖς
408 1947 556 1982 αίρετικοῖς
579 1946 708 1981 ἐρασταῖς
724 1947 902 1974 δεικνυόντων
921 1947 970 1982 τὴν
989 1947 1050 1982 tow

257 1992 309 2028 τῆς
330 1992 467 2028 Νύμφης·
492 1993 541 2020 καὶ
565 1992 641 2019 οὐδὲν
667 1993 767 2027 ἔχουσα
780 1994 812 2029 τῇ
829 1993 942 2020 ἐκείνων
957 1994 1051 2028 γεύσει

258 2037 390 2074 ἐδώδιμον
402 2046 410 2054 ⁸
427 2038 543 2074 λέπυρον
557 2039 612 2074 γὰρ
627 2039 701 2074 ῥόας,
717 2040 781 2071 τοὺς
795 2041 845 2074 μὲν
860 2039 960 2072 ἔξωθεν
977 2049 1052 2075 γενο-

258 2083 358 2119 μένους
373 2084 505 2111 ἀποσοϐεῖ
515 2105 522 2117 ,
539 2086 724 2120 ἀποτρόπαιον
738 2085 800 2121 ἕχον
813 2087 846 2121 τῇ
863 2086 956 2120 γεύσει
973 2087 1051 2114 ποιό-

257 2137 341 2165 τητα·
357 2130 475 2164 κρύπτει
487 2130 515 2156 δὲ
531 2129 577 2157 τὸν
594 2130 648 2157 ἱσω
664 2131 771 2166 καρπὸν
786 2131 915 2166 ἀσφαλῶς
925 2140 931 2146 ·
945 2132 1051 2168 λαώδης

1104 1535 1225 1563 namque
1233 1529 1356 1557 membro
1369 1530 1542 1565 potissimum
1552 1530 1694 1566 judicatur
1703 1533 1787 1559 animi
1802 1537 1891 1560 status

1101 1576 1281 1610 temperantis
1311 1577 1421 1612 quidem
1436 1577 1591 1608 subtristis.
1614 1582 1641 1606 et
1654 1579 1892 1608 incontinentibus

1101 1622 1190 1649 oculis
1213 1622 1355 1651 severitate
1378 1628 1473 1658 gestus
1496 1631 1528 1651 ac
1542 1624 1634 1652 vultus
1649 1624 1775 1652 indicans
1795 1625 1892 1660 displi—

1101 1668 1237 1702 centiam;
1257 1667 1336 1696 eﬂ‘usi
1352 1677 1415 1697 vero
1432 1670 1512 1705 quasi
1530 1670 1677 1698 subridens
1691 1675 1719 1698 et
1734 1670 1844 1698 effrenis
1860 1679 1892 1698 ae

1101 1713 1220 1742 lascivos
1234 1715 1342 1743 eminus
1356 1715 1480 1743 alliciens
1495 1716 1591 1744 oculos
1619 1720 1646 1744 et
1668 1715 1795 1744 aﬂectum
1812 1717 1892 1744 volu-

1100 1759 1185 1795 ptatis
1198 1761 1357 1788 amaanitate
1366 1761 1457 1788 vultus
1466 1761 1534 1796 ipsis
1544 1762 1723 1790 annuntians.
1731 1761 1759 1790 In
1770 1761 1894 1790 Ecclesia

1101 1811 1168 1832 vero
1188 1806 1372 1840 virginitatem
1387 1807 1537 1835 colentium
1555 1807 1625 1835 ordo
1642 1811 1695 1841 est,
1710 1812 1738 1837 et
1751 1812 1892 1836 austeram

1101 1851 1262 1885 gravitatem
1293 1854 1321 1879 et
1351 1852 1523 1880 inaccessum
1553 1853 1692 1881 hareticis
1719 1853 1893 1881 amatoribus

1100 1896 1208 1923 vultum
1236 1896 1351 1932 Sponsae
1378 1898 1593 1932 ostendentium,
1622 1902 1650 1927 et
1673 1899 1742 1927 nihil
1763 1899 1838 1935 quod
1859 1900 1894 1927 ad

1102 1942 1211 1970 illorum
1236 1949 1346 1979 gustum
1371 1945 1406 1971 sit
1430 1944 1588 1973 habentem.
1605 1945 1706 1973 Cortex
1729 1946 1804 1972 enim
1828 1945 1894 1973 mali

1104 1989 1197 2023 punici
1222 1988 1327 2017 deforis
1351 1989 1463 2025 quidem
1491 1989 1581 2025 ipsum
1608 1995 1752 2025 gustantes
1774 1991 1893 2027 repellit.

1104 2036 1178 2071 quod
1196 2036 1356 2071 qualitatem
1372 2036 1467 2063 haheat
1486 2036 1578 2072 gustui
1594 2037 1776 2069 contrariam,
1789 2040 1836 2065 sed
1853 2039 1896 2066 iu-

1106 2083 1235 2109 teriorem
1252 2081 1371 2109 fructum
1388 2089 1488 2109 secure
1503 2082 1636 2110 custodit.
1652 2082 1787 2111 Czeterum
1806 2091 1894 2120 popu-

1101 2127 1168 2156 laris
1177 2132 1203 2156 et
1219 2128 1348 2164 panegyri
1363 2129 1546 2156 multitudinis
1561 2136 1615 2156 non
1630 2129 1766 2157 absimilis
1774 2133 1816 2158 est
1829 2131 1895 2158 mali

257 2174 287 2202 δὲ
302 2176 348 2202 καὶ
364 2175 556 2211 παραπλήσιος
570 2177 723 2212 πανηγύρει
739 2177 859 2213 πλήθους
875 2179 970 2215 ἀγάπῃ
990 2188 1048 2206 συν-

1105 2175 1196 2210 punici
1231 2174 1337 2202 fructus
1371 2174 1507 2203 charitate
1536 2175 1695 2211 colligatus,
1725 2183 1781 2204 non
1815 2176 1895 2204 ﬁrmo

257 2223 413 2259 δεδεμένου,
428 2225 442 2250 ό
455 2224 504 2260 τῆς
519 2224 583 2258 ῥόας
601 2225 706 2260 καρπός
716 2233 723 2240 ·
740 2225 770 2252 ού
789 2226 870 2261 μόνον
883 2226 960 2261 ἕρκει
980 2236 1051 2261 κρα-

257 2269 327 2304 ταιῷ
350 2269 390 2305 τῷ
415 2269 467 2302 ἔξω
491 2270 577 2306 φλοιῷ
600 2271 813 2306 φρουρούμενος,
828 2271 896 2298 ἀλλὰ
911 2273 956 2299 καὶ
970 2273 1052 2308 ὑμέσι

258 2314 366 2347 λεπτοῖς
381 2316 421 2347 εἰς
435 2316 551 2352 διάφορα
566 2316 730 2352 διῃρημένος
747 2317 910 2353 συστήματα
921 2327 927 2333 ·
943 2319 990 2345 καὶ
1006 2328 1051 2354 μι-

260 2360 395 2396 μούμενος
408 2361 442 2387 τὰ
454 2361 582 2397 τάγματα
594 2362 644 2397 τῆς
658 2362 890 2398 ὲκκλησιαστικῆς
903 2363 1051 2391 ἀκολούθου

258 2407 379 2440 τάξεως·
397 2407 525 2435 τοσοῦτον
541 2408 695 2444 διῃρημένα
706 2429 714 2442 ,
731 2409 794 2436 ὅσον
814 2410 851 2445 μὴ
867 2410 1053 2446 συγκεχῦσθαι

257 2453 305 2480 τὸν
320 2453 469 2489 Ἐκκλησία
482 2454 621 2488 πρέποντα
636 2454 738 2490 κόσμον
748 2475 756 2488 ,
774 2456 821 2482 καὶ
835 2455 893 2491 λαῷ
904 2456 972 2483 Θεοῦ
987 2457 1054 2485 καθ-

257 2501 378 2536 ήκουσαν
389 2501 556 2528 κατάστασιν
569 2501 753 2536 φυλάττεσθαι
764 2509 770 2515 ·
781 2501 934 2538 ἀξιώμασιν
948 2504 1050 2540 ἀρετῆς

258 2547 306 2573 καὶ
321 2547 502 2581 λειτουργίαις
516 2547 667 2581 ἱερατικαῖς
678 2548 856 2583 οἱκονομικᾶκ¹
871 2549 1048 2585 μεριζόμενα,

259 2593 307 2620 καὶ
324 2592 354 2619 οὐ
369 2592 560 2628 κεχωρισμένα
570 2592 700 2625 διαθέσει,
711 2593 769 2620 ἀλλ’
779 2594 875 2631 ἀγάπῃ
889 2595 1050 2630 συνδεδεμέ-

257 2648 310 2667 να’
326 2640 373 2667 καὶ
397 2639 471 2672 ἐντὸς
493 2639 523 2666 δὲ
550 2639 598 2674 τῆς
631 2640 794 2675 σιωπήσεως
816 2641 928 2676 τοιαύτη
945 2642 1019 2668 ἐστὶν
1032 2644 1050 2678 ἡ

259 2686 362 2722 nupsit
376 2686 426 2720 τῆς
442 2685 572 2720 Νύμφης,
588 2685 656 2712 πολὺ
671 2685 701 2712 τὸ
715 2687 812 2722 σεμνὸν
828 2688 897 2723 μετὰ
911 2688 1053 2725 αὐστηρᾶς

257 2732 413 2767 κατέχουσα
431 2731 481 2766 τῆς
501 2731 680 2768 καταστολῆς.

294 2788 319 2805 ⁷⁸
336 2787 415 2816 Joan.
429 2795 466 2820 vl,
478 2787 523 2816 64.

1103 2221 1193 2249 solum
1219 2225 1297 2256 septo
1322 2226 1437 2249 externo
1463 2221 1566 2249 cortice
1591 2222 1765 2255 custoditus,
1796 2229 1894 2250 verum

1102 2268 1184 2296 etiam
1207 2267 1380 2296 tenuioribus
1407 2267 1578 2296 interrnediis
1603 2268 1631 2295 in
1659 2268 1784 2296 diversas
1808 2269 1895 2296 series

1102 2313 1279 2346 distributus.
1289 2313 1484 2341 ecclesiasticae
1493 2313 1696 2342 distributionis
1707 2314 1819 2342 ordines
1832 2314 1896 2342 imi-

1102 2364 1176 2387 tatur
1186 2365 1301 2387 eatenus
1312 2359 1429 2392 divisos,
1446 2367 1481 2387 ne
1492 2360 1594 2388 decens
1614 2360 1766 2388 Ecclesiam
1781 2365 1895 2388 ornatus

1102 2406 1286 2434 confundatur
1315 2413 1347 2433 ae
1363 2406 1464 2441 populo
1479 2405 1528 2434 Dei
1545 2407 1713 2435 conveniens
1735 2411 1822 2436 status
1844 2415 1895 2434 cu-

1103 2452 1251 2484 stodiatur,
1274 2451 1406 2479 virtutum
1424 2452 1606 2487 dignitatibus
1625 2455 1653 2480 et
1675 2452 1896 2480 sacerdotalibus

1103 2500 1278 2532 ministeriisI
1300 2499 1507 2535 dispensatione
1528 2507 1652 2535 congrua
1677 2500 1718 2527 sic
1739 2499 1896 2527 distributis

1104 2552 1132 2574 ut
1146 2547 1244 2574 alicctu
1264 2546 1378 2574 minime
1393 2549 1568 2580 separentur,
1586 2545 1635 2573 sed
1651 2545 1785 2573 charitate
1809 2545 1896 2572 colli-

1104 2599 1214 2629 gantur.
1247 2592 1320 2626 Quin
1350 2597 1378 2620 et
1406 2596 1485 2620 extra
1516 2592 1731 2620 taciturnitatem
1760 2592 1825 2619 talis
1853 2595 1896 2619 est

1106 2640 1222 2676 Sponsae
1244 2639 1366 2672 habitus,
1388 2639 1436 2674 qui
1453 2646 1515 2666 cum
1529 2637 1691 2666 austeritate
1713 2638 1830 2666 multum
1845 2637 1894 2665 ha-

1105 2688 1169 2715 beat
1182 2685 1343 2721 maiestatis.

1032 2824 1135 2854 NOTIE
1140 2844 1147 2852 .

292 2869 349 2906 (50)
370 2868 434 2897 Lac.
444 2867 490 2896 cit.
504 2868 556 2897 col.
571 2868 705 2897 269-272.

1106 2870 1162 2905 (51)
1178 2868 1236 2897 Hoc
1253 2867 1387 2898 scholium
1405 2866 1434 2896 in
1449 2867 1480 2896 C.
1501 2867 1531 2895 Β.
1549 2867 1677 2903 Procopii
1693 2874 1794 2896 nomen
1804 2867 1896 2895 habet.
