1966 3074
68 69 78 100 1
85 69 136 100 647

102 125 237 161 Origenis.
252 139 287 144 —
305 122 392 152 Laudi
405 123 607 158 temperantiae
624 122 749 158 adjungit
764 143 770 154 ,
800 125 854 149 etc.
869 125 895 154 A

103 214 186 241 Vsus.
207 213 235 241 4.
255 212 331 240 Sicut
346 212 429 238 turris
452 210 537 238 David
560 210 658 238 collum
683 216 757 237 tuum
772 229 780 242 ,
797 217 855 244 qua:

66 261 202 295 mdiﬁcata
216 264 254 286 est
270 259 297 285 in
316 257 469 291 T/talpioth,
489 257 564 284 mille
580 257 665 292 clypei
682 256 793 291 pendent
808 263 855 282 au-

65 315 112 342 per
125 314 194 339 eam,
211 305 298 333 omnia
310 303 406 338 jacula
421 305 579 338 potentium.

102 350 233 386 Gregorii.
248 364 284 370 —
301 349 340 376 Ex
361 348 404 376 his
424 348 559 376 discimus
571 355 603 375 ea
630 355 691 383 qua:
716 355 731 374 a
751 346 856 374 sanctis

68 396 169 425 ﬁebant
190 400 285 432 typum
302 393 449 430 quemdam
473 394 614 422 exstitisse
641 401 674 420 ac
701 393 856 420 doctrinam

68 452 164 472 eorum
182 451 244 479 quae
260 447 336 470 recte
347 441 417 469 ﬁunt
432 449 463 469 ex
481 442 582 468 virtute
595 462 601 473 ,
629 446 658 468 ut
674 440 775 475 nuptiae
793 440 856 475 qui-

68 491 120 518 bus
137 489 270 516 virtutum
283 488 429 515 convictus
444 487 525 514 nobis
550 494 599 522 per
623 486 769 521 aenigmata
792 492 857 520 pro-

68 535 190 571 ponitur.
202 534 328 569 Migratio
341 538 432 561 autem
443 533 573 561 virtuosa:
582 533 643 560 vita:
655 532 856 560 institutionem

68 583 197 610 denotat:
216 580 397 609 aediﬁciorum
414 580 617 608 exstructiones
639 586 690 606 nos
706 579 733 605 in
747 579 858 606 virtutis

69 632 239 656 structuram
258 626 380 654 studium
397 633 429 654 ac
443 626 613 660 diligentiam
637 625 796 660 impendere
811 625 856 659 ju-

69 674 135 701 bent
158 673 258 700 bellum
278 672 413 700 adversus
426 671 596 706 alienigenas
609 691 617 702 ,
633 670 714 698 docet
732 679 784 698 nos
800 671 858 697 I'or-

69 720 134 747 titer
150 725 245 753 gerere
261 717 396 745 adversus
417 717 590 752 iniquitates.
607 717 654 744 Sic
677 716 760 752 igitur
777 716 858 743 etiam

71 765 186 800 insignis
205 764 251 791 illa
267 763 353 790 turris
369 763 464 795 David,
481 763 508 789 in
521 770 576 798 qua
589 762 682 798 opima
697 763 784 797 spolia
799 770 860 790 sus-

70 811 175 847 pendit,
194 810 227 838 ad
252 809 382 838 Ecclesia:
411 808 565 844 profectum
582 813 697 843 spectat,
718 808 783 835 dum
814 816 861 842 per
874 811 898 841 Β

71 859 146 885 illam
173 857 283 884 divinos
307 855 442 890 quosdam
471 863 534 883 esse
551 855 681 882 doctores
712 854 859 887 insinuat,

70 904 118 939 qui
132 903 159 930 in
174 902 275 938 populo
288 901 352 929 colli
370 901 462 928 locum
478 900 611 932 obtinent,
622 907 655 927 ac
671 908 766 928 verum
781 904 862 936 caput

71 952 212 979 Christum
238 950 267 977 in
288 948 445 983 semetipsis
460 952 581 983 portant,
599 947 738 975 nutriendi
751 948 776 974 vi
790 955 862 982 pra:-

72 999 134 1031 diti,
148 1005 246 1032 nempe
265 1004 314 1031 per
330 995 485 1023 doctrinam
515 1002 569 1030 qua
589 996 715 1030 corporis
733 994 864 1021 Ecclesia

71 1044 147 1070 vires
163 1045 364 1070 conservantur
379 1048 386 1073 ;
399 1047 518 1074 cumque
532 1039 647 1074 spiritus
673 1047 789 1074 capaces
807 1039 864 1067 sint

71 1090 119 1125 qui
133 1097 181 1116 cur
197 1087 286 1115 reddit
299 1087 409 1122 igneum
427 1090 455 1113 et
470 1085 608 1118 calefacit,
629 1090 657 1114 et
677 1093 724 1121 per
733 1093 863 1113 sonoram

72 1143 166 1163 vocem
182 1134 339 1162 deserviant
364 1133 483 1161 sermoni
498 1137 524 1160 et
544 1132 710 1160 concinnum
726 1132 865 1160 vertebra-

72 1189 133 1208 rum
153 1181 236 1208 situm
256 1187 304 1215 per
319 1178 461 1206 vinculum
476 1178 552 1213 pacis
566 1178 593 1204 in
618 1178 718 1213 populo
745 1177 866 1205 eiiiciant

72 1231 100 1254 et
115 1226 247 1254 inclinent
263 1233 292 1252 se
309 1224 459 1251 humilibus
476 1223 734 1254 condescendendo,
752 1230 784 1249 ac
802 1230 864 1250 rur-

74 1281 122 1300 sus
147 1272 257 1307 erigant
274 1278 305 1298 ea
321 1277 382 1305 qua:
397 1277 507 1297 sursum
537 1273 603 1296 sunt
622 1269 757 1303 sapiendo
784 1273 812 1296 et
831 1268 865 1295 ad

76 1319 161 1346 latera
181 1325 211 1345 se
228 1317 309 1344 facile
325 1315 492 1351 obliquando
509 1319 670 1343 convertant
683 1315 710 1342 in
723 1314 865 1343 declinan-

77 1365 120 1392 dis
134 1368 162 1392 et
182 1362 315 1391 cavendis
328 1362 412 1389 variis
427 1361 530 1389 diaboli
546 1361 655 1388 insidiis
668 1382 675 1394 ,
691 1361 866 1389 ostendentes

77 1411 168 1447 qualis
188 1417 298 1446 quoque
328 1408 411 1436 fuerit
425 1408 522 1436 beatus
550 1407 651 1435 Paulus
667 1428 675 1440 ,
692 1408 739 1442 qui
763 1407 866 1435 Christi

77 1465 177 1485 nomen
193 1455 311 1492 portavit
327 1462 390 1483 cum
405 1458 480 1483 esset
504 1462 552 1482 vas
565 1454 712 1482 electionis
722 1458 749 1481 et
765 1461 866 1481 sonora

79 1502 181 1531 arteria
210 1500 387 1536 Evangelium
415 1500 587 1536 praedicaret,
606 1503 633 1527 et
647 1498 786 1526 Christum
816 1499 866 1526 ha-

76 1549 153 1576 beret
163 1547 191 1575 in
208 1554 238 1575 se
256 1547 417 1579 loquentem
443 1553 475 1573 ac
490 1545 684 1573 disserentem.
715 1544 782 1572 Tale
801 1551 867 1580 ergo

76 1592 177 1619 collum
206 1599 270 1619 vere
287 1590 339 1619 fuit
366 1597 382 1618 a
411 1589 513 1618 Davido
547 1589 722 1617 aediﬁcatum.
744 1589 868 1625 lntellige

77 1644 169 1666 autem
192 1638 321 1666 Davidem
338 1637 412 1672 regis
429 1636 537 1665 Patrem
555 1636 581 1663 in
608 1635 760 1671 conspicuo
771 1640 800 1663 ct
818 1644 867 1663 ex-

77 1686 152 1713 celso
167 1684 286 1719 quodam
304 1683 366 1711 loco
389 1683 398 1718 (
414 1683 466 1710 hoc
477 1683 549 1710 enim
566 1682 620 1709 sibi
634 1681 692 1709 vult
709 1680 866 1716 Thalpioth)

77 1731 124 1767 qui
148 1730 182 1758 ab
199 1730 278 1758 initio
293 1728 438 1757 constituit
457 1729 600 1755 hominem
627 1733 655 1755 ut
681 1731 756 1755 esset
783 1727 868 1754 turris

77 1782 104 1805 et
117 1785 171 1804 non
182 1776 207 1803 vi
223 1775 343 1808 caderet,
358 1778 385 1801 et
402 1782 450 1810 per
462 1774 577 1809 gratiam
593 1781 656 1801 eum
676 1780 775 1800 rursus
803 1772 870 1800 tedi-

79 1823 171 1851 ﬁcavit
187 1822 281 1849 multis
297 1821 431 1848 munitum
445 1820 547 1856 clypeis
562 1824 589 1848 et
602 1819 689 1847 hastis
699 1819 866 1855 potentium,

78 1877 134 1897 non
158 1869 186 1896 in
212 1873 284 1896 terra
305 1866 476 1901 iacentibus,
497 1866 544 1893 sed
575 1866 603 1893 in
631 1873 694 1893 aere
729 1866 869 1900 suspensis

78 1921 140 1948 qua:
157 1913 260 1940 iuerint
274 1912 403 1946 angelica;
416 1911 560 1943 custodia),
588 1915 617 1937 ut
636 1909 811 1938 inimicorum
825 1910 869 1937 in-

79 1959 198 1987 sultibus
217 1965 272 1985 non
300 1955 380 1984 facile
398 1956 519 1990 amplius
542 1961 637 1990 posset
654 1954 759 1987 invadi,
775 1961 867 1981 verum

78 2005 162 2032 etiam
180 2008 314 2032 terrorem
332 2002 401 2037 ipsis
417 2002 574 2028 incuterent
587 2021 595 2034 ,
611 2000 681 2028 adeo
696 2005 726 2027 ut
748 2007 783 2027 ne
810 2007 869 2026 om-

79 2050 146 2078 nino
162 2049 271 2085 quidem
290 2048 422 2076 auderent
436 2047 534 2074 turrim
560 2045 700 2074 invadere.
729 2045 869 2072 Numerus

80 2099 171 2122 autem
188 2093 362 2122 milleuarius
384 2092 506 2121 sumitur
524 2092 557 2119 ad
601 2091 776 2119 indicandam
796 2091 870 2118 mul-

80 2140 237 2167 titudinem.
253 2139 305 2167 Per
317 2139 447 2166 humeros
460 2144 551 2165 autem
564 2138 665 2172 quibus
675 2137 759 2164 hocce
767 2137 868 2164 collum
882 2150 909 2179 Β

80 2191 123 2214 est
139 2185 282 2216 adnatum.
298 2184 420 2219 intellige
449 2183 540 2211 studia
559 2183 658 2218 agendi
686 2186 714 2210 et
737 2182 869 2217 operaudi

80 2239 129 2267 per
143 2239 203 2266 quae
223 2234 319 2258 nostra
335 2229 449 2258 brachia
467 2236 545 2257 suam
575 2233 726 2264 operantur
740 2229 869 2257 salutem.

80 2276 199 2310 Quando
223 2275 308 2310 igitur
323 2275 411 2303 turris
428 2274 502 2309 regis
523 2275 654 2307 evaserit,
676 2274 872 2302 conscenderit

81 2326 171 2350 autent
189 2321 334 2348 sublimem
353 2319 458 2348 vivendi
482 2321 628 2351 rationem.
643 2323 709 2347 tunc
742 2320 872 2355 impletur

81 2368 108 2395 id
130 2368 203 2400 quod
219 2367 324 2395 dictum
340 2370 383 2394 est
399 2374 414 2394 a
434 2365 550 2394 Domino
565 2373 572 2392 :
594 2375 604 2392 ς
619 2365 678 2394 Νοιι
698 2370 788 2401 potest
808 2367 872 2394 abs-

82 2413 162 2442 condi
180 2414 280 2441 civitas
295 2421 379 2448 supra
407 2418 527 2440 ntoutem
561 2413 650 2449 posita
665 2410 692 2428 ’⁷⁵
711 2422 720 2439 ι
748 2413 869 2448 intelligo

82 2463 172 2488 autem
191 2459 289 2487 turrim
314 2467 364 2494 pro
388 2458 509 2486 civitate.

118 2593 188 2621 Nili.
202 2608 238 2614 —
251 2593 280 2621 In
291 2592 508 2629 praecedentibus
526 2593 636 2629 quidem
647 2600 755 2629 sponsae
766 2593 868 2621 collum

116 2685 138 2702 ⁷¹
154 2684 252 2713 Matth.
265 2693 292 2718 v,
309 2685 354 2712 Η.

732 63 909 95 PROCOPII
927 62 1049 93 GAZIEI

948 121 1125 156 Ὧριγένους.
1141 136 1176 141 -
1196 119 1363 156 Προστίοησι
1389 119 1427 155 τῷ
1449 119 1499 154 τῆς
1523 118 1701 153 σωφροσύνης

910 168 1027 202 ἐπαίνῳ,
1042 177 1070 195 κ.
1082 177 1108 194 τ.
1124 167 1149 194 λ.
1165 167 1233 202 (52).

943 212 975 239 δ’.
992 213 1040 244 Ὡς
1054 213 1166 247 πύργος
1178 211 1267 238 Δαϐἰδ
1281 210 1430 245 node
1441 218 1510 243 σου,
1522 211 1538 236 ό
1552 209 1703 244 ᾠκοδομη-

907 258 1000 293 μένος
1016 259 1051 284 ὲν
1071 257 1224 284 Θαλπιώθ·
1242 257 1334 291 χίλιοι
1354 257 1453 290 θυρεοί
1476 256 1636 290 κρέμανται
1652 256 1705 282 ἐπ’

909 304 1004 331 αὐτόν
1017 312 1023 318 ·
1044 302 1140 331 πᾶσαι
1157 304 1284 336 ,βολίδες
1303 303 1363 330 τῶν
1382 303 1530 329 δυνατῶν.

946 350 1123 384 Γρηγορίου.
1136 349 1226 376 -Ὲκ
1236 349 1340 376 τούτων
1352 348 1525 384 μανθάνομεν
1533 347 1574 374 ὅτι
1583 346 1617 373 τὰ
1629 346 1705 382 παρά

909 396 965 423 τῶν
979 396 1065 430 ἁγίων
1080 396 1221 431 γινόμενα,
1239 395 1325 427 τύπος
1340 404 1382 427 τις
1407 394 1455 421 καὶ
1478 393 1639 420 διδασκαλία
1651 394 1707 420 τῶν

911 443 952 474 εἰς
965 441 1066 478 ἀρετὴν
1081 442 1311 478 κατορθουμένων
1326 441 1464 475 ἐγίνοντο·
1480 437 1535 467 οἷον
1559 440 1584 466 οἱ
1608 439 1705 474 γάμοι,

911 489 944 516 δι’
953 485 991 516 ὧν
1001 489 1050 525 τὴν
1060 489 1115 516 τῶν
1128 489 1235 525 ἀρετῶν
1249 488 1405 523 συνοίκησιν
1416 488 1482 522 ἡμῖν
1492 487 1525 513 δι’
1536 486 1707 521 αἰνιγμάτων

912 535 1102 562 ὑποτίθενται·
1118 535 1272 570 ὴάποικία,
1302 534 1349 561 καὶ
1363 533 1418 569 γὰρ
1435 533 1482 560 τοῦ
1503 533 1631 569 ἐναρέτου
1649 533 1706 568 βίου

911 582 956 608 τὸν
971 581 1097 616 οἰκισμὸν
1109 581 1254 608 ὑποΰάλλει
1265 588 1272 595 ’
1297 580 1326 607 αἰ
1347 580 1401 607 τῶν
1417 579 1642 615 οἰκοδομημάτων
1656 587 1707 605 κα-

912 628 1056 659 τασκευαὶ,
1071 627 1122 663 τὴν
1135 627 1189 663 γὰρ
1203 627 1236 654 δι’
1250 627 1351 662 ἀρετῆς
1364 625 1593 660 οἰκοδομουμένην
1609 625 1708 660 ἐπιμέα

912 674 988 701 λειαν
1001 674 1136 701 ποιεῖσθαι
1151 674 1338 701 διακελεύεται
1348 682 1354 688 ·
1370 674 1384 700 ὁ
1398 672 1469 699 κατὰ
1481 672 1535 699 τῶν
1552 672 1709 707 ἀλλοφύλων

913 719 1032 754 πόλεμος
1044 740 1051 750 ,
1068 718 1202 745 διδάσκων
1216 718 1287 745 κατὰ
1302 718 1352 754 τῆς
1370 717 1476 749 ἀδικίας
1493 718 1565 753 ἡμᾶς
1585 717 1710 753 ἀνδρίζε-

914 763 994 790 σθαι·
1014 763 1086 790 οὕτω
1101 763 1192 790 τοίνυν
1206 763 1253 790 καὶ
1267 764 1281 790 ὁ
1298 765 1374 797 παρὰ
1389 764 1436 790 τοῦ
1455 763 1536 789 Δαὸἰδ
1555 762 1709 798 περιφανὴς

913 810 1027 845 πύργος,
1043 810 1072 836 ὲν
1094 806 1117 843 ᾧ
1139 809 1173 836 τὰ
1197 809 1342 844 ἀκροθίνια
1362 809 1417 836 τῶν
1432 809 1562 844 λαφύρων
1581 808 1708 843 ἀνέθηκε,

913 855 982 891 πρὸς
997 855 1046 891 τὴν
1057 855 1201 891 προκοπὴν
1216 855 1266 890 τῆς
1283 853 1445 891 Ἑκκλησίας
1461 855 1572 890 βλέπει·
1589 854 1633 881 διὰ
1646 854 1709 881 τού-

912 911 960 929 του
975 901 1175 937 παρεμφαίνων
1189 901 1278 934 θείους
1294 901 1370 932 τινὰς
1384 899 1452 928 εἶναι
1467 902 1531 934 τοὺς
1553 901 1582 928 ἐν
1599 901 1638 936 τῷ
1655 901 1711 936 λαῷ

913 948 958 974 τὸν
970 947 1108 983 τραχήλου
1122 946 1204 974 τόπον
1216 947 1328 982 ἔχοντας
1343 947 1531 979 διδασκάλους,
1551 946 1650 978 οἵτινες
1662 947 1711 982 τὴν

913 993 1044 1029 ἀληθινὴν
1059 993 1182 1028 κεφαλὴν
1200 993 1247 1020 τὸν
1270 993 1388 1029 Χριστὸν
1406 993 1568 1029 βαστάζοιεν
1584 993 1627 1027 ἐφ’
1645 993 1710 1020 ἐαυ-

914 1040 984 1067 τῶν·
1001 1039 1110 1075 ἔχοντες
1123 1040 1172 1067 καὶ
1188 1040 1239 1074 τὴν
1257 1039 1409 1075 θρεπτικὴν
1424 1039 1579 1076 ἐνέργειαν,
1597 1040 1668 1075 φημί
1679 1039 1712 1075 δὴ

914 1087 966 1122 τὴν
977 1086 1167 1114 διδασκαλίαν·
1184 1086 1218 1113 δι’
1229 1083 1263 1122 ἦς
1286 1086 1326 1121 τῷ
1354 1085 1461 1121 σώματι
1477 1086 1527 1121 τῆς
1547 1086 1712 1121 Ἐκκλησίας

916 1132 1090 1167 συντηρεϊται
1116 1132 1133 1166 ἡ
1157 1131 1288 1165 δύναμις·
1306 1131 1426 1158 δεκτικοί
1443 1140 1472 1157 τε
1486 1131 1533 1158 τοῦ
1552 1131 1712 1166 Πνεύματος

915 1178 1002 1209 ὀντες,
1018 1176 1066 1204 τοῦ
1091 1177 1140 1213 τὴν
1163 1177 1279 1212 καρδίαν
1299 1177 1428 1212 πυροειδῆ
1448 1177 1589 1208 ποιοῦντος
1602 1178 1651 1204 καὶ
1667 1178 1713 1204 ἐκ·

916 1223 1121 1259 θερμαίνοντος,
1134 1223 1181 1250 καὶ
1195 1223 1240 1250 διὰ
1255 1223 1306 1256 τῆς
1321 1223 1421 1259 εὺήχου
1436 1224 1528 1258 φωνῆς
1543 1223 1713 1258 ὑπηρετοῦν-

915 1277 962 1300 τες
978 1268 1016 1302 τῷ
1026 1268 1109 1303 λόγῳ,
1126 1268 1172 1295 καὶ
1186 1269 1238 1303 τὴν
1253 1268 1415 1303 ἐναρμόνιον
1430 1269 1484 1295 τῶν
1498 1269 1653 1296 σπονδύλων
1669 1269 1713 1296 θέ-

918 1323 970 1347 σιν,
987 1314 1032 1341 διὰ
1048 1314 1095 1340 τοῦ
1121 1314 1273 1349 συνδέσμου
1295 1315 1346 1349 τῆς
1369 1315 1480 1350 εἰρήνης
1506 1314 1647 1350 φέρεσθαι,
1667 1316 1714 1341 καὶ

917 1361 1116 1397 ὰνορθούμενον
1133 1360 1215 1388 πάλιν
1232 1362 1260 1387 ἐν
1276 1360 1315 1396 τῷ
1326 1362 1360 1388 τὰ
1377 1361 1434 1388 ἄνω
1450 1363 1569 1397 φρονεῖν,
1584 1362 1630 1388 καὶ
1646 1361 1714 1397 πρὸς

917 1406 952 1433 τὰ
968 1406 1071 1442 πλάγια
1083 1406 1339 1442 μεταστρεφόμενον
1355 1406 1474 1439 εὐκόλως
1487 1415 1494 1422 ⁸
1507 1408 1536 1433 ἐν
1550 1403 1573 1441 ᾧ
1587 1407 1637 1438 τὰς
1652 1416 1713 1433 ποι-

918 1452 997 1484 κίλας
1014 1452 1061 1479 τοῦ
1078 1452 1202 1479 διαϐόλου
1219 1453 1344 1488 μεθοδίας
1356 1453 1492 1480 ἐκκλίνειν
1506 1453 1554 1480 καὶ
1565 1453 1714 1487 ὰσςραλίζε-

919 1498 981 1525 σθαι
997 1498 1163 1531 δεικνύντες,
1180 1496 1235 1531 οἷος
1252 1497 1286 1534 ἦν
1305 1500 1352 1526 καὶ
1365 1500 1379 1526 ό
1399 1499 1535 1534 μακάριος
1550 1498 1666 1531 Παῦλος.
1685 1500 1715 1532 ὃς

918 1545 948 1571 τὸ
961 1544 1047 1578 ὄνομα
1063 1544 1109 1571 τοῦ
1122 1545 1241 1580 Χριστοῦ
1257 1545 1404 1578 ἐϐάστασε,
1422 1545 1518 1577 σκεῦος
1536 1546 1654 1581 ἐκλογῆς
1668 1555 1713 1581 γε·

918 1591 1042 1626 νόμενος,
1061 1592 1108 1618 καὶ
1133 1592 1225 1626 εὺήχῳ
1248 1592 1370 1627 ἀρτηρίᾳ
1387 1592 1530 1627 κηρύττων
1544 1592 1574 1619 τὸ
1589 1592 1712 1626 Εὐαγγέ-

918 1636 986 1670 λιον,
1003 1637 1052 1663 καὶ
1065 1636 1109 1663 τὸν
1125 1637 1242 1672 Χριστὸν
1256 1636 1326 1672 ἔχων
1340 1637 1474 1664 λαλοῦντα
1487 1645 1518 1664 τε
1534 1637 1581 1664 καὶ
1594 1638 1714 1672 φθεγγόι

920 1690 1016 1718 μενον·
1036 1683 1051 1708 ό
1063 1681 1182 1722 τοιοῦτος
1199 1679 1245 1709 οὖν
1260 1683 1406 1718 τράχηλος,
1417 1682 1502 1714 δντως
1519 1683 1595 1717 παρὰ
1610 1683 1656 1709 τὸν
1667 1685 1717 1709 Δα-

919 1728 962 1756 ϐιδ
983 1728 1174 1764 ᾠκοδόμηταιθ
1190 1729 1246 1755 νόει
1263 1729 1291 1755 δὲ
1305 1729 1350 1755 διὰ
1365 1729 1411 1755 τοῦ
1427 1728 1510 1755 Δασὶδ
1521 1748 1528 1760 ,
1544 1729 1589 1756 τὸν
1604 1729 1651 1755 τοῦ
1668 1729 1716 1764 βα-

921 1773 1018 1805 σιλέως
1035 1774 1152 1809 πατέρα,
1168 1774 1197 1800 ὲν
1219 1775 1360 1810 περιόπτῳ
1378 1775 1433 1802 τινὶ
1446 1775 1521 1810 τόπῳ
1536 1776 1584 1802 καὶ
1599 1775 1694 1811 ὑψηλῷ
1707 1784 1713 1790 ·

920 1818 998 1845 τοῦτο
1019 1819 1073 1854 γὰρ
1089 1819 1119 1846 τὸ
1133 1819 1260 1846 Θαλπιώθ
1274 1828 1280 1836 ·
1296 1820 1325 1852 ὃς
1349 1821 1378 1853 ἐξ
1394 1821 1482 1856 ἀρχῆς
1505 1821 1551 1847 τὸν
1572 1821 1716 1857 ἄνθρωπον

920 1865 1122 1892 κατεσκεύασεν
1135 1863 1205 1893 εἰναι
1217 1867 1332 1902 πύργον,
1344 1867 1391 1893 καὶ
1406 1867 1465 1902 οὐχὶ
1478 1866 1652 1902 σύμπτωμα·
1670 1867 1717 1893 καὶ

919 1909 964 1936 διὰ
979 1910 1027 1944 τῆς
1042 1909 1154 1945 χάριτος
1168 1911 1251 1937 αὐτοῦ
1270 1911 1352 1937 πάλιν
1366 1910 1553 1946 ᾠκοδόμησεν,
1568 1911 1717 1945 ἀσφαλισά-

922 1963 1003 1989 μενος
1018 1956 1074 1987 τοῖς
1087 1957 1194 1988 πολλοῖς
1210 1956 1327 1992 θυρεοῖς,
1340 1957 1386 1983 καὶ
1399 1958 1458 1988 ταῖς
1473 1956 1559 1991 βολίσι
1572 1957 1626 1984 τῶν
1639 1957 1718 1984 δυνα-

921 1999 985 2032 τῶν,
1003 2000 1033 2026 οὐ
1049 2001 1186 2036 κειμένοις
1202 2001 1248 2027 ἐπὶ
1261 2001 1328 2036 γῆς,
1345 2002 1413 2028 ἀλλὰ
1429 2001 1560 2037 διαερίοις
1572 2002 1717 2038 κρεμαμέ-

920 2054 987 2080 νοις,
1013 2046 1111 2078 οἵτινες
1126 2044 1181 2074 εἷεν
1195 2047 1341 2081 ἀγγελικαί
1355 2048 1483 2084 φρουραὶ,
1496 2048 1533 2079 ὡς
1549 2048 1651 2084 μηκέτι
1663 2049 1718 2075 τῶν

921 2090 1059 2126 πολεμίων
1073 2092 1179 2126 ἐφόδοις
1194 2093 1337 2120 ἐπίϐουλον
1348 2094 1482 2128 γίνεσθαι,
1493 2095 1561 2122 ἀλλὰ
1576 2095 1623 2121 καὶ
1635 2095 1718 2130 φόϐον

921 2137 1034 2168 ταύταις
1051 2138 1188 2173 ἐμποιεῖν,
1206 2139 1253 2166 τοῦ
1276 2139 1344 2176 μηδέ
1368 2139 1419 2175 τὴν
1442 2140 1531 2176 ἀρχὴν
1555 2141 1716 2176 ἐγχειρῆσαι

923 2181 1120 2217 καταδραμεῖν·
1130 2183 1161 2210 τὸ
1173 2183 1213 2216 δὲ,
1228 2184 1318 2219 χίλιοι,
1335 2184 1375 2216 εἰς
1387 2184 1499 2217 ἔνδειξιν
1512 2185 1632 2221 πλήθους
1648 2185 1718 2220 λαμ-

922 2226 1032 2255 ϐάνεται
1043 2236 1049 2243 ·
1064 2226 1156 2264 ὅλμους
1172 2229 1200 2256 δέ
1215 2230 1334 2265 νοήσεις,
1345 2227 1386 2262 οἷς
1399 2231 1520 2266 πέφυκεν
1532 2228 1609 2262 οὗτος
1623 2232 1637 2258 ὸ
1649 2232 1715 2267 τρά-

921 2273 1015 2308 χηλος,
1031 2274 1080 2306 τὰς
1100 2277 1256 2310 πρακτικάς
1277 2285 1307 2302 τε
1331 2277 1378 2303 καὶ
1393 2277 1574 2313 ὲνεργητικὰς
1589 2278 1715 2309 σπονδὰς,

922 2319 956 2346 δι’
966 2316 1003 2347 ὧν
1028 2321 1052 2347 οἰ
1070 2320 1213 2356 βραχίονες
1229 2323 1307 2358 ἡμῶν
1326 2323 1375 2359 τὴν
1399 2324 1537 2360 σωτηρίαν
1549 2324 1639 2351 αὐτῶν
1653 2332 1717 2350 κατ-

923 2366 1085 2401 εργάζονται
1095 2375 1101 2382 ·
1116 2368 1181 2394 ὅταν
1195 2369 1284 2396 τοίνυν
1301 2378 1342 2401 τις
1360 2369 1493 2404 βασιλέως
1507 2371 1557 2405 μὲν
1572 2370 1676 2405 πύργος
1686 2368 1716 2407 ᾖ,

924 2412 970 2438 ἐπὶ
981 2412 1009 2438 δὲ
1019 2414 1070 2448 τῆς
1082 2413 1188 2449 ὑψηλῆς
1200 2414 1337 2446 πολιτείας
1350 2414 1475 2450 βεϐηκὼς
1487 2415 1636 2451 τύχῃ,τότε
1649 2415 1718 2450 πλη-

925 2457 1020 2492 ροῦται
1032 2458 1064 2484 τὸ
1077 2459 1153 2494 παρὰ
1166 2459 1212 2486 τοῦ
1229 2461 1331 2496 Κυρίου
1347 2461 1492 2496 λεγόμενον
1503 2470 1511 2478 ο
1530 2471 1539 2487 ι
1554 2462 1590 2487 Οὐ
1605 2461 1716 2488 δύναται

925 2503 1004 2534 πόλις
1020 2504 1156 2540 κρυῦῆναι
1172 2505 1265 2533 ἐπάνω
1278 2506 1358 2542 ὅρους
1374 2507 1488 2542 κειμένη
1500 2514 1508 2524 ’
1522 2517 1531 2533 ›
1557 2507 1612 2534 νόει
1627 2508 1654 2534 δέ
1672 2516 1718 2542 μοι

924 2548 970 2573 τὸν
984 2548 1087 2584 πύργον
1102 2551 1163 2578 ἀντί
1174 2551 1224 2585 τῆς
1242 2551 1356 2584 πόλεως.

961 2595 990 2622 Εἰ
1014 2596 1063 2630 μὲν
1087 2598 1143 2629 τοῖς
1168 2598 1256 2625 ὀπίσω
1281 2600 1295 2626 ὁ
1316 2600 1450 2636 τράχηλος
1467 2600 1515 2635 τῆς
1531 2600 1663 2636 Νύμφης,
1679 2599 1717 2632 ὼς

840 2728 957 2758 NOTAE.

115 2776 173 2807 (52)
194 2775 296 2804 Palrol.
312 2780 333 2803 t.
346 2774 428 2808 XVII,
443 2775 488 2802 cil.
505 2775 558 2804 col.
572 2775 636 2803 272.
