1966 3074
258 188 325 220 1649

723 187 994 218 COMMENTARII
1007 187 1049 218 IN
1066 187 1227 218 CANTICA
1240 187 1389 220 CANTIC.

1819 187 1889 222 1650

254 243 386 277 ὀρμίσκος
401 243 457 279 (Ξὶῦ)
477 243 524 270 διὰ
538 244 569 270 τὸ
589 245 748 279 καμπύλον
761 245 870 280 ἐλέγετο
880 267 887 278 ,
903 246 950 272 νῦν
965 246 993 273 δὲ
1009 246 1043 278 ὡς

1099 247 1208 277 propter
1242 243 1371 270 ﬂexuram
1406 242 1483 279 quasi
1506 243 1693 270 redimiculum
1719 243 1864 273 dicebatur
1880 267 1888 280 ,

253 289 368 322 πύργος
379 288 476 318 Δαϐὶδ,
487 288 530 315 διὰ
541 289 570 315 τι)
581 289 670 324 ὄρθιον
684 290 732 317 καὶ
745 291 892 326 ἀνεστηκός
904 299 911 307 ·
928 291 996 318 ἀλλὰ
1011 290 1050 326 τῷ

255 333 304 367 μὲν
322 334 460 369 καμπύλῳ
479 335 510 361 τὸ
522 335 614 370 ὄρθιον
627 337 768 363 ἐναντίον·
787 339 804 373 ὴ
821 338 849 364 δὲ
863 337 900 370 ὡς
916 339 1049 374 ὀρμίσκος

254 379 420 411 κατάστασις
430 400 438 413 ,
451 382 483 415 τῇ
497 381 536 412 ὡς
548 381 646 417 πύργῳ
663 383 791 418 διάφορος
808 384 867 419 μὲν,
883 385 914 411 οὐ
934 384 987 420 μὴν
1004 385 1048 410 ὲν-

253 424 348 452 αντία-
363 426 407 451 ὅτε
421 426 471 461 μὲν
485 427 540 462 γὰρ
555 427 585 453 τὸ
604 428 672 463 πρὸς
686 428 748 461 τοὺς
760 429 970 466 ἀσθενεστέρους
982 438 1048 464 συγ-

253 470 437 498 καταὸατικδν
452 472 548 507 αὐτῆς,
564 474 613 499 καὶ
627 474 676 509 τὴν
689 475 736 501 ἐπὶ
750 476 811 506 ταῖς
828 476 939 511 ἀρεταῖς
952 484 1048 503 ταπει-

251 517 420 552 νοφροσύνην
443 517 569 552 βούλεται
591 520 689 555 δηλοῦν
712 521 726 546 ὀ
746 520 835 554 λόγος,
853 522 985 557 ὁρμίσκον
1001 522 1047 549 τὸν

250 563 386 598 τράχηλον
411 564 497 600 αὐτῆς
522 565 666 601 ὀνομάζει,
684 566 722 602 τῷ
741 567 846 604 μετρίῳ
867 568 1046 604 κεκαμμένην

251 609 422 644 φρονήματι·
435 611 480 637 ὅτε
494 611 524 638 δὲ
537 612 567 638 τὺ
581 612 649 648 πρὸς
663 612 697 640 τὰ
718 613 790 649 πάθη
804 614 851 640 καὶ
864 613 913 646 τὰς
928 614 1046 641 ἀντικει-

249 657 333 691 μένας
349 657 479 692 δυνάμεις
494 658 663 693 ὑπερανέχον
676 658 723 684 καὶ
741 658 930 694 διανεστηκὸς,
941 660 1047 696 πύργον

248 702 331 729 Δαϐὶδ
348 703 498 738 ἀπρόσιτον
520 703 623 740 δηλαδὴ
647 705 704 735 τοῖς
728 704 887 740 πολεμίοις·
903 706 999 732 Χιλιοι
1013 705 1047 732 δὲ

247 748 347 782 θυρεοὶ
369 749 532 784 κρέμανται
554 749 600 777 ἐπ’
613 750 717 783 αὐτὸν,
741 751 790 778 καὶ
812 750 908 779 πᾶσαι
921 752 1048 785 ,βολίδες

247 793 307 821 τῶν
318 795 467 829 δυνατῶν,
483 797 511 823 αί
524 797 580 824 τῶν
594 796 663 832 πρὸς
677 797 763 832 αὐτὴν
778 797 990 833 ἀγωνιζομένων
1003 799 1047 826 δυ-

247 841 374 875 νάμεων·
399 842 432 873 ἃς
455 843 649 878 χειρωσαμένη
668 843 715 870 καὶ
740 842 871 876 ὲξόπλους
895 844 1047 879 ποιήσασαν

245 887 294 913 τοῦ
319 888 420 923 ἑαυτῆς
446 888 580 924 ὲξήρτησε
598 889 747 924 τραχήλου,
766 891 879 925 σημεῖον
902 891 950 917 τοῦ
976 891 1047 926 παρ’

247 933 334 967 αὐτῆς
356 934 535 969 νενικημένου
553 934 674 969 πλήθους
696 935 846 970 ἐσομένας·
871 935 949 962 οὐδὲν
976 936 1045 962 ὐπο-

246 978 379 1014 λιπομένη
401 980 456 1011 τοῖς
476 979 585 1015 ἐχθροῖς
612 979 689 1015 βέλος
701 1001 709 1014 ,
724 978 746 1014 ᾧ
763 980 845 1008 πάλιν
863 981 955 1016 βαλεῖν
967 981 1045 1017 δυνή-

247 1033 339 1052 σονται
357 1025 532 1060 κατάὺτῆς·
557 1026 588 1052 οὐ
613 1026 669 1061 γὰρ
693 1026 811 1062 ἀριθμὸν
829 1026 950 1062 βολίδων,
976 1027 1045 1054 ἀλλὰ

246 1071 336 1102 πάσας
351 1071 408 1106 ἔχει
421 1071 542 1098 λαϐοῦσα
555 1071 620 1106 παρ’
633 1072 716 1108 ἑαυτῇ
728 1081 734 1087 ·
744 1072 818 1099 οὕτω
832 1073 881 1099 καὶ
893 1074 907 1099 ὁ
918 1073 1044 1108 Νυμφίος

246 1117 331 1152 αὐτῆς
346 1117 464 1144 ὲκένωσε
477 1117 524 1144 τοῦ
543 1116 642 1152 ὲχοροῦ
658 1117 841 1153 πολεμοῦντος
854 1118 903 1154 τὴν
913 1118 1026 1154 δύναμιν
1035 1127 1041 1134 ·

246 1163 305 1189 ἔστι
320 1163 348 1190 δὲ.
362 1163 477 1198 θυρεοὺς
492 1163 539 1189 καὶ
561 1163 612 1194 τὰς
632 1164 788 1199 περικοπὰς
801 1164 852 1198 τῆς
869 1164 987 1196 πίστεως
1003 1165 1042 1191 sl-

246 1211 308 1236 πεῖν
318 1217 325 1224 ·
340 1209 371 1235 τὸ
384 1209 412 1235 δὲ
430 1209 570 1243 Θαλπιὼο,
590 1209 625 1236 ἐν
640 1210 820 1243 ἐπάλξεσιν,
838 1211 1021 1246 ἑρμηνεύεται
1034 1218 1042 1227 ⁸

247 1256 339 1283 ἐπάνω
354 1255 400 1283 οὖν
416 1256 472 1282 τῶν
492 1256 655 1293 πειρασμῶν
669 1257 862 1293 ᾠκοδομῆσθαι
877 1258 924 1285 τὸν
939 1257 1043 1294 πύργον

247 1309 341 1337 φησιν.

287 1346 464 1381 Ὼριγένους.
474 1361 501 1367 -
509 1347 625 1379 Ἀκύλας
637 1347 669 1374 τὸ
681 1347 831 1381 Θαλπιὼθ,
843 1347 986 1382 ἐπάλξεις
998 1349 1043 1376 ὲκ-

246 1393 373 1424 δέδωκεν,
390 1401 416 1420 κ.
432 1401 457 1420 τ.
474 1393 499 1420 λ.
517 1393 584 1427 (54).

282 1442 313 1472 e’,
330 1442 367 1472 ς’.
387 1439 445 1466 Δύο
458 1439 570 1474 μαστοί
585 1446 654 1472 σου,
670 1439 712 1473 ὡς
730 1439 785 1466 δύο
807 1439 906 1474 νεϐροὶ
924 1440 1045 1476 δίδυμοι

246 1485 395 1520 δορκάδος
411 1487 439 1512 al
456 1485 616 1520 νεμόμενοι
637 1486 673 1513 ἐν
691 1485 754 1519 τοῖς
776 1487 909 1520 κρίνοις·
929 1486 985 1520 ἕως
1006 1485 1044 1516 οὗ

246 1532 416 1566 διαπνεύσῃ
436 1532 456 1566 ἠ
475 1531 571 1567 ’ἡμέρα
589 1532 641 1559 καὶ
659 1532 824 1566 πινηθὼσιν
844 1534 874 1560 al
893 1534 989 1561 σκιαί.

1099 296 1173 315 nunc
1195 292 1285 316 autem
1304 290 1372 316 sicut
1389 290 1472 316 turris
1488 289 1589 320 David,
1610 294 1722 325 propter
1744 291 1889 319 rectitudi-

1099 340 1160 360 nem
1182 337 1210 360 et
1234 335 1411 361 erectiouem.
1441 335 1524 370 Atqui
1543 334 1654 363 ﬂexum
1669 336 1779 370 quidem
1805 338 1890 365 recti-

1100 379 1175 412 Iudo,
1186 383 1275 407 status
1289 385 1378 407 autem
1392 381 1553 409 redimiculo
1569 382 1668 409 similis
1684 383 1727 410 sui
1750 383 1822 411 sicut
1835 388 1891 411 lur-

1099 426 1121 452 ri
1139 425 1301 454 adversatur
1315 434 1322 452 :
1335 426 1460 454 diversus
1476 427 1587 462 quidem
1601 435 1656 456 non
1672 432 1763 456 tamen
1777 433 1890 457 contra-

1098 472 1168 500 rius.
1187 471 1303 506 Quando
1325 473 1399 500 enim
1428 474 1516 508 ipsius
1544 481 1609 510 erga
1632 475 1800 504 inﬁrmiores
1821 483 1889 504 con-

1098 518 1308 546 descensionem
1323 523 1351 546 et
1367 519 1395 546 in
1411 520 1560 548 virtutibus
1586 520 1767 548 humilitatem
1796 522 1890 549 decla-

1099 572 1161 592 rare
1176 572 1268 592 sermo
1289 566 1366 600 cupit
1383 586 1390 599 ,
1417 566 1612 594 redimiculum
1647 572 1675 595 et
1691 568 1793 596 collum
1828 569 1890 604 ejus

1099 609 1287 638 moderatione
1299 610 1386 638 animi
1396 610 1524 637 inﬂexum
1534 611 1667 646 appellat;
1677 612 1788 647 quando
1798 617 1889 640 autent

1099 659 1195 682 contra
1212 656 1356 690 passiones
1369 661 1397 684 et
1409 657 1583 685 adversariae
1595 658 1711 686 virtutes
1724 659 1889 693 praeminen-

1099 703 1166 730 tiam
1181 708 1208 731 et
1223 704 1402 737 erectionem,
1420 705 1517 732 turrim
1550 705 1634 732 David
1655 709 1767 740 propter
1793 705 1889 732 altitu-

1098 749 1190 776 dinem
1217 750 1337 778 inimicis
1367 750 1549 779 inaccessam.
1575 750 1652 778 Mille
1683 754 1774 779 autem
1804 751 1889 786 clypei

1097 797 1210 830 pendent
1233 804 1311 830 super
1327 805 1386 824 eam
1403 801 1428 824 et
1445 798 1538 824 omnia
1550 797 1647 832 jacula
1674 797 1786 832 fortium
1805 805 1814 824 :
1829 805 1890 833 qua:

1098 846 1160 869 sunt
1177 841 1307 869 virtutum
1322 843 1455 870 adversus
1482 844 1569 878 ipsam
1598 844 1789 879 pugnantium,
1819 851 1890 878 quas

1099 887 1230 923 subigens
1246 893 1273 915 et
1291 896 1438 916 exarmans
1455 909 1462 921 ,
1489 890 1649 917 earumdem
1663 897 1738 917 arma
1755 889 1788 917 de
1816 890 1890 918 collo

1098 940 1148 961 suo
1163 934 1306 969 suspendit
1323 934 1351 962 in
1366 935 1475 970 signum
1490 935 1677 963 multitudinis
1691 943 1705 962 a
1723 943 1752 963 se
1774 934 1890 964 detictm

1098 980 1203 1007 nullum
1214 981 1374 1016 relinquens
1399 981 1520 1009 inimicis
1538 982 1621 1009 telum
1635 1001 1642 1015 ,
1659 989 1715 1017 quo
1732 982 1819 1017 ipsam
1835 982 1888 1009 ite-

1097 1034 1157 1053 rum
1174 1027 1307 1061 impetere
1319 1027 1448 1060 valeant;
1468 1035 1521 1054 non
1546 1027 1620 1055 enim
1645 1030 1751 1054 certum
1782 1026 1888 1061 jaculo-

1096 1079 1156 1099 rum
1174 1073 1390 1104 munerumysed
1405 1073 1498 1099 (llllﬂla
1518 1079 1602 1107 penes
1616 1079 1645 1100 se
1659 1072 1741 1100 habet
1763 1076 1887 1107 accepta.

1096 1119 1142 1146 Sic
1152 1119 1234 1147 etiam
1250 1119 1376 1154 Sponsus
1389 1119 1449 1153 cjus
1470 1118 1574 1146 inimici
1593 1119 1741 1154 pugnantis
1756 1118 1887 1145 virtutem

1094 1165 1248 1193 evacuavit.
1266 1164 1361 1193 Liceat
1374 1172 1484 1200 quoque
1502 1165 1613 1200 clypeos
1636 1171 1734 1192 vocare
1750 1163 1811 1191 ﬁdei
1823 1170 1887 1199 pro—

1095 1212 1204 1240 fectus:
1239 1211 1309 1239 Illud
1330 1215 1421 1239 autem
1450 1211 1598 1246 Tllalpioth
1625 1211 1653 1238 in
1680 1209 1887 1245 propugnaculi:

1095 1260 1311 1295 interpretatur,
1329 1260 1423 1295 itaque
1440 1267 1523 1294 supra
1556 1259 1657 1286 muenia
1678 1258 1777 1286 turrim
1800 1257 1888 1286 aedili-

1094 1311 1183 1332 catam
1201 1306 1249 1333 ait.

1131 1351 1254 1385 Origenis
1270 1367 1305 1371 —
1327 1352 1424 1387 Aquila
1442 1351 1589 1387 Tlialpioth
1621 1349 1822 1386 propugnacula
1839 1357 1887 1378 cx-

1094 1398 1196 1431 posuit,
1210 1401 1265 1425 etc.

1133 1444 1214 1471 Vens.
1236 1443 1263 1475 5,
1281 1443 1308 1470 6.
1329 1442 1386 1470 Duo
1401 1443 1482 1471 ubera
1502 1447 1548 1470 tua
1563 1443 1632 1470 sicut
1657 1441 1762 1477 gemelli
1782 1440 1887 1468 lu’mmli

1094 1497 1207 1524 capreae,
1223 1489 1267 1524 qui
1280 1493 1428 1523 pascuntur
1440 1488 1467 1515 in
1488 1488 1563 1519 llliia,
1586 1487 1667 1514 donec
1683 1487 1782 1522 aepiret
1794 1487 1849 1513 dies
1862 1490 1887 1513 et

1094 1539 1267 1563 amoveantur
1281 1534 1390 1561 umbrw.

282 1579 459 1612 Γρηγορίου.
478 1593 512 1598 -
526 1578 641 1613 Δίδυμος
663 1579 737 1605 ἐστιν
759 1579 774 1605 ὀ
798 1579 959 1615 ἄνθρωπος,
982 1581 996 1607 ὅ
1012 1588 1042 1607 τε

1131 1581 1261 1616 Gregorii.
1282 1595 1317 1601 -ι
1331 1579 1462 1608 Geminus
1475 1583 1517 1607 est
1528 1579 1620 1611 homo,
1637 1578 1745 1606 scilicet
1767 1577 1887 1606 exterior

247 1625 346 1657 ἔξωθεν
361 1625 408 1652 καὶ
425 1626 587 1660 φαινόμενος
599 1643 607 1657 ,
625 1625 673 1652 καὶ
687 1624 702 1651 ὀ
718 1625 820 1652 ἔσωθεν
845 1626 892 1653 καὶ
909 1627 1041 1661 κρυπτὸς,

248 1671 319 1697 κατὰ
334 1671 434 1697 ταυτὸν
447 1671 573 1706 ἀλλήλοις
588 1670 836 1707 συνεπιδημοῦντες
847 1671 887 1706 τῷ
900 1671 950 1707 βίῳ
959 1682 965 1688 ·
981 1671 1042 1699 οὔτε

248 1716 304 1752 γὰρ
319 1717 493 1754 προῦπάρχει
508 1716 555 1743 τοῦ
573 1716 699 1751 σώματος
715 1718 731 1752 ἡ
750 1717 836 1753 ψυχὴ,
860 1717 922 1744 οὔτε
940 1727 1043 1754 προκα-

246 1763 447 1795 τασκευάζεται
466 1763 515 1798 τῆς
534 1763 623 1799 ψυχῆς
640 1763 670 1789 τὸ
688 1763 769 1797 σῶμα
782 1771 788 1777 ·
813 1763 870 1790 ἀλλ’
887 1765 1043 1799 ὀμοχρόνως

247 1810 276 1836 ὲν
294 1811 327 1845 τῇ
351 1809 408 1845 ζωῇ
425 1810 561 1844 γίνονται·
577 1809 664 1845 τροφὴ
689 1809 717 1836 δὲ
741 1809 856 1843 τούτοις,
874 1812 945 1837 κατὰ
962 1811 1044 1846 φύσιν

249 1855 301 1891 μὲν
326 1856 343 1891 ή
364 1855 522 1891 καθαρότης
547 1856 594 1882 καὶ
620 1856 637 1890 ἡ
660 1856 778 1889 εὐωδία,
793 1853 831 1883 ὧν
849 1856 986 1891 ἐφορῶσιν
1013 1858 1041 1884 αι

247 1902 345 1937 ἀρεταί
356 1910 364 1918 ν
386 1901 444 1928 ἔστι
469 1902 497 1928 δὲ
516 1902 561 1928 ὅτε
583 1901 615 1928 τὸ
639 1901 803 1937 δηλητήριον
818 1910 902 1934 τισιν,
917 1903 979 1930 ἀντὶ
995 1901 1043 1930 τοῦ

247 1948 380 1984 τροφίμου
404 1948 596 1981 σπουδάζεται,
612 1949 637 1975 οἳ
652 1948 712 1983 οὐχὶ
726 1948 760 1975 τὰ
776 1949 844 1984 ἄνθη
866 1949 921 1976 τῶν
938 1950 1044 1985 ἀρετῶν

247 1994 453 2026 ὲπιὸόσκονται,
478 1995 535 2022 ἀλλ’
550 1995 682 2026 ἀκάνθαις
703 1995 752 2022 καὶ
774 1995 910 2031 τριϐόλοις
933 1996 1044 2032 ἐπιτέρ-

247 2050 356 2070 πονται.
375 2041 453 2068 Ἐπεὶ
481 2041 572 2068 τοίνυν
592 2042 768 2077 διακριτικῶς
793 2042 874 2077 χρεία
897 2042 1044 2078 ὀφθαλμῶν

248 2087 303 2114 τῶν
317 2088 473 2124 δυναμένων
489 2089 519 2115 ιν
538 2088 668 2124 ἀκριϐείᾳ
691 2088 839 2123 διαγνῶναι
857 2089 889 2116 τὸ
904 2090 999 2125 κρίνον
1014 2099 1044 2116 τε

248 2134 297 2160 καὶ
307 2134 357 2169 τὴν
374 2134 505 2167 ἄκανθαν,
520 2136 567 2161 καὶ
589 2134 620 2161 τὸ
644 2135 695 2169 μὲν
718 2135 853 2170 σωτήριον
870 2135 1044 2171 προελέσθαι,

247 2180 279 2206 τὸ
291 2180 319 2206 δὲ
336 2180 499 2216 φθοροποιὸν
513 2181 748 2216 ἀποπέμψασθαι,
765 2182 810 2208 διὰ
823 2181 902 2208 τοῦτο
916 2182 962 2209 τὸν
977 2183 1028 2209 καθ
1038 2183 1044 2193 ¹

247 2227 395 2262 ὁμοιότητα
407 2227 516 2254 Παύλου
536 2227 622 2263 μαζὸν
637 2229 694 2259 τοῖς
707 2227 816 2263 νηπίοις
829 2228 980 2263 γινόμενον,
997 2229 1044 2256 καὶ

1094 1635 1142 1655 seu
1165 1634 1301 1662 apparens
1327 1630 1355 1653 et
1375 1626 1487 1653 interior
1513 1633 1561 1653 seu
1588 1625 1734 1652 occultus:
1754 1631 1816 1652 cum
1834 1623 1888 1659 ipsi

1095 1674 1177 1703 simul
1199 1673 1270 1700 inter
1291 1681 1322 1701 se
1337 1671 1478 1707 conjuncti
1503 1671 1615 1699 veniant
1639 1671 1666 1698 in
1692 1670 1787 1697 vitam.
1816 1669 1887 1696 Nam

1095 1728 1183 1756 neque
1201 1720 1292 1746 anima
1315 1722 1358 1746 est
1373 1722 1436 1745 ante
1452 1725 1553 1753 corpus
1570 1723 1659 1752 neque
1675 1720 1740 1743 ante
1764 1715 1887 1742 animam

1094 1773 1195 1801 corpus
1221 1764 1411 1797 construitur,
1429 1764 1477 1792 sed
1503 1763 1598 1791 eodem
1622 1767 1744 1798 tempore
1771 1761 1799 1788 in
1830 1761 1888 1788 vita

1095 1811 1175 1839 simul
1191 1810 1339 1838 exsistunt.
1372 1809 1538 1836 Alimentum
1566 1813 1656 1835 autem
1672 1807 1713 1835 eis
1734 1806 1886 1834 secundum

1096 1861 1222 1884 naturam
1238 1856 1347 1890 quidem
1366 1860 1408 1882 est
1421 1855 1526 1890 puritas
1544 1859 1572 1882 et
1581 1854 1671 1882 bonus
1692 1853 1762 1881 odor
1770 1860 1887 1889 quorum

1096 1902 1201 1930 fertiles
1218 1905 1283 1929 sunt
1298 1902 1415 1928 virtutes
1431 1910 1438 1928 :
1457 1900 1571 1935 quidam
1582 1904 1674 1928 autem
1687 1907 1888 1935 nonnunquam

1096 1951 1224 1975 tenentur
1241 1947 1345 1981 majore
1369 1947 1463 1974 studio
1480 1946 1579 1973 veneni
1604 1953 1686 1980 quam
1712 1945 1886 1977 nutrimenti,

1095 1995 1141 2029 qui
1163 1994 1295 2021 virtutum
1310 1993 1424 2021 ﬂoribus
1445 2001 1498 2020 non
1514 1997 1683 2028 pascuntur,
1719 1991 1767 2020 sed
1799 1992 1888 2027 spinis

1096 2040 1270 2068 delectantur
1295 2043 1322 2067 et
1340 2039 1459 2066 tribulis.
1478 2039 1546 2066 Cum
1565 2039 1650 2073 Igitur
1661 2045 1732 2073 opus
1749 2037 1785 2065 sit
1798 2038 1888 2065 oculis

1096 2086 1270 2116 discernendi
1300 2087 1325 2113 vi
1345 2085 1466 2121 praeditis
1495 2085 1541 2120 qui
1576 2087 1673 2111 exacte
1707 2083 1816 2118 possint
1844 2084 1889 2110 di-

1095 2139 1228 2169 gnoscere
1242 2131 1327 2158 lilium
1346 2136 1373 2158 et
1389 2131 1497 2166 spinam
1513 2133 1540 2157 et
1553 2129 1625 2164 quod
1639 2129 1749 2164 quidem
1767 2129 1888 2157 salutare

1096 2182 1139 2207 est
1157 2179 1271 2214 eligere,
1288 2177 1361 2212 quod
1375 2184 1440 2204 vero
1455 2176 1564 2203 exitiale
1576 2179 1621 2202 est
1640 2175 1806 2208 amandare;
1823 2182 1888 2210 pro-

1098 2227 1189 2258 pterea
1205 2230 1266 2250 eum
1297 2221 1343 2256 qui
1371 2221 1403 2247 ad
1434 2220 1646 2248 similitudinem
1664 2219 1742 2247 Pauli
1770 2220 1888 2247 nutricis

248 2273 524 2309 γαλακτοτροφοῦντα
547 2274 611 2306 τοὺς
630 2274 785 2309 ἀρτιγενεϊς
799 2274 849 2308 τῆς
867 2274 1043 2310 Ἐκκλησίας,

1098 2269 1182 2296 instar
1199 2272 1241 2295 est
1262 2266 1424 2299 infantibus,
1438 2270 1465 2294 et
1491 2266 1560 2294 lacte
1577 2266 1681 2293 nutriet
1702 2273 1750 2294 eos
1767 2267 1814 2301 qui
1844 2273 1888 2294 re—

247 2319 292 2345 διὰ
305 2319 335 2345 δὲ
351 2319 445 2354 μαζῶν
461 2319 589 2356 ἀλλήλοις
604 2320 828 2355 συγγενηθέντων
838 2340 845 2352 ,
859 2319 915 2347 τῶν
930 2322 986 2353 τοῖς
1001 2330 1045 2348 νε-

249 2364 325 2400 ϐροίς
339 2365 388 2400 τῆς
400 2365 531 2401 δορκάδος
544 2365 751 2400 ὠνομασμένων
763 2366 777 2392 ὁ
791 2366 869 2400 λόγος
882 2367 1044 2394 ἀπείκασεν·

248 2412 292 2438 διὰ
308 2412 418 2438 πάντων
435 2412 585 2448 μαρτυρῶν
595 2412 634 2447 τῷ
648 2413 764 2444 τοιούτῳ
783 2412 859 2447 μέλει
872 2413 923 2447 τῆς
931 2413 1046 2448 Ἐκκλη-

249 2458 311 2486 σίας
327 2458 357 2484 τὸ
376 2458 489 2494 δόκιμον
501 2467 508 2474 ·
533 2458 574 2485 ὅτι
599 2458 662 2485 καθ’
675 2458 807 2494 ἑκάτερον
822 2458 962 2486 εὐοδοῦται
976 2460 1046 2495 πρὸς

251 2505 301 2538 τὴν
325 2504 380 2530 τῶν
389 2503 519 2538 καθαρῶν
534 2504 636 2539 κρίνων
651 2505 751 2539 νομήν·
770 2504 817 2536 ὀξὺ
833 2504 978 2540 δεδορκὼς,
995 2505 1043 2532 καὶ

247 2550 395 2586 διακρίνων
408 2550 456 2577 τοῦ
470 2551 605 2586 τροφίμου
627 2551 678 2586 τὴν
700 2550 821 2578 ἄκανθαν
834 2559 841 2566 ·
860 2551 908 2577 καὶ
922 2552 962 2578 ὃτι
978 2551 1044 2588 περὶ

247 2595 278 2622 τὸ
293 2595 457 2630 ἡγεμονικὸν
471 2596 691 2632 ἀναστρέφεται·
709 2593 740 2623 οὗ
758 2596 894 2632 σῦμὸολον
913 2597 929 2632 ή
944 2597 1044 2632 καρδία

247 2641 335 2673 ἐστὶν,
354 2641 371 2676 ἠ
395 2641 431 2668 δι’
443 2641 546 2677 ἑαυτῆς
567 2642 631 2673 τοὺς
649 2641 752 2677 μαζοὺς
771 2641 980 2677 ὕποτρέφουσα·
996 2645 1044 2671 καὶ

247 2686 289 2714 ἔτι
316 2687 385 2722 πρὸς
408 2687 526 2720 τούτοις,
546 2688 588 2714 ὅτι
603 2687 699 2723 οὐκ.ὲν
716 2687 805 2722 ἑαυτῷ
820 2687 979 2715 κατακλείει
992 2688 1044 2724 τὴν

248 2732 338 2768 χάριν,
348 2732 405 2760 ἀλλ’
415 2734 506 2768 ἐπιχεῖ
517 2734 574 2764 τοῖς
585 2733 723 2769 δεομένοις
737 2733 784 2760 τοῦ
795 2733 876 2768 λόγου
887 2733 936 2769 τὴν
947 2734 1042 2770 θηλήν⁸

248 2779 313 2811 ἕως,
325 2779 405 2814 φησὶ,
421 2779 558 2814 μηκέτιαί
571 2779 647 2806 σκιαὶ
656 2779 779 2815 κρατῶσι
787 2780 836 2814 τῆς
850 2779 916 2815 περὶ
928 2780 974 2806 τὸν
987 2780 1044 2815 βίον

1095 2322 1162 2343 cens
1178 2314 1235 2342 nati
1248 2318 1311 2341 sunt
1326 2313 1466 2344 Ecclesia,
1488 2311 1543 2339 duo
1569 2311 1654 2339 ubera
1674 2312 1757 2339 simul
1787 2319 1889 2347 conge-

1095 2362 1163 2394 nita,
1181 2364 1208 2388 et
1223 2366 1329 2395 capreae
1347 2358 1469 2386 hinnulis
1485 2357 1638 2385 assimilata
1659 2357 1704 2384 hic
1721 2364 1812 2384 sermo
1838 2364 1889 2384 no-

1096 2407 1211 2435 minavit
1223 2426 1231 2439 ,
1251 2413 1300 2441 per
1318 2405 1411 2433 omnia
1429 2404 1580 2433 testificaris
1590 2403 1757 2439 ejuscemodi
1772 2403 1887 2431 membri

1095 2454 1223 2482 Ecclesiae
1240 2452 1426 2488 praestantiam
1454 2451 1526 2487 quod
1556 2458 1604 2486 per
1635 2454 1783 2485 utrumque
1813 2453 1889 2477 recte

1097 2502 1251 2529 deducatur
1267 2500 1300 2527 ad
1317 2506 1418 2534 pascua
1443 2505 1577 2534 purorum
1603 2497 1723 2524 liiiorum
1759 2499 1889 2523 accurate

1101 2546 1263 2574 discernens
1280 2545 1387 2580 spinam
1418 2552 1433 2571 a
1468 2543 1639 2571 nutrimento
1671 2541 1800 2578 quodque
1813 2541 1887 2568 circa

1098 2597 1204 2628 partem
1224 2592 1323 2619 animae
1347 2590 1526 2626 principalem
1551 2592 1688 2621 versetur,
1706 2588 1787 2623 cujus
1814 2594 1888 2623 sym-

1097 2640 1190 2668 bolum
1204 2642 1247 2667 est
1262 2646 1312 2666 cor
1327 2660 1336 2672 ,
1364 2638 1438 2673 quod
1459 2645 1508 2672 per
1533 2644 1564 2664 se
1596 2635 1644 2663 alit
1663 2635 1748 2663 ubera
1766 2643 1773 2662 :
1806 2637 1889 2669 atque

1097 2686 1211 2720 insuper
1226 2692 1281 2712 non
1299 2684 1326 2711 in
1344 2683 1494 2718 semetipso
1521 2682 1637 2717 gratiam
1664 2680 1816 2713 concludit,
1840 2680 1888 2708 sed

1099 2731 1287 2767 indigentibus
1296 2729 1371 2757 verbi
1384 2727 1534 2756 mamillam
1546 2726 1662 2762 porrigit
1674 2726 1774 2759 donec,
1784 2725 1885 2760 inquit,

1098 2785 1154 2806 non
1175 2776 1296 2813 amplius
1313 2775 1418 2803 umbra
1432 2773 1599 2810 praevaleant
1626 2772 1679 2808 ipsi
1696 2780 1728 2800 ea
1760 2780 1821 2808 (piae
1854 2771 1887 2799 ad

1058 2837 1128 2863 ΤΑΞ.

288 2882 342 2913 (55)
357 2882 388 2908 Et
406 2882 456 2916 μὲν
468 2883 524 2914 τοῖς
541 2898 573 2904 -
588 2882 693 2917 πύργον
711 2881 802 2916 φησίν.
819 2883 882 2911 Πωο
899 2837 1043 2912 sancto

1098 2836 1202 2910 liidicat
1213 2879 1245 2908 C.
1256 2879 1276 2906 Β
1286 2887 1293 2913 ;
1303 2878 1368 2906 dum
1377 2877 1405 2906 in
1416 2877 1446 2906 Ο.
1457 2876 1490 2905 ν.
1500 2875 1625 2914 Gregorii
1638 2884 1737 2904 nomen
1754 2875 1880 2904 retinent.

288 2917 343 2951 (54)
363 2916 503 2952 Patrolog.
521 2922 540 2946 t.
553 2917 636 2951 XVII,
655 2918 698 2945 col
712 2917 775 2944 272.
