1966 3074
108 181 172 215 1651

762 191 939 223 PROCOPII
960 195 1081 227 GAZ/El

1667 200 1735 234 1652

103 243 187 269 vitam
206 243 359 272 conducant
374 247 521 281 satagenti,
539 247 586 275 sed
602 248 662 276 luce
675 249 775 285 ubique
788 252 890 279 lucente

945 256 1169 293 σπουδαζομένης
1180 258 1301 294 ἀπάτης·
1316 258 1432 294 ἀλλ’ἧδη
1447 258 1495 286 τοῦ
1507 259 1595 294 φωτὸς
1608 259 1734 296 πανταχῆ

103 288 335 322 irradietur,dum
351 291 410 319 dies
426 292 483 320 sive
493 292 613 328 Spiritus
627 296 715 323 sancti
726 295 817 325 lumen
831 305 891 326 om-

104 332 149 359 nia
163 341 334 370 quaecunque
350 336 468 364 voluerit
489 339 639 373 pet-spirat.

138 422 209 451 Nili.
223 439 258 445 —-
276 424 410 455 Parvulos
431 428 458 454 in
482 427 593 456 Christo
629 433 656 456 et
678 430 768 458 adhuc
813 431 892 460 lactis

102 469 229 498 alumnos
250 471 334 498 ubera
360 478 440 500 vocat
466 481 610 509 caprarum
628 475 748 504 hinnulis
765 477 863 504 similia
882 485 889 504 :

101 516 230 550 quoniam
254 517 336 544 etiam
356 517 421 545 dum
442 519 526 547 Deum
551 521 642 549 colere
664 522 800 556 incipiunt
827 532 890 558 pro-

102 565 163 595 pter
184 561 246 590 ﬁdei
271 563 439 592 nobilitatem
472 573 587 594 acumen
613 567 788 596 ltinnnlorum
819 569 891 597 obti-

101 612 208 641 nentes,
220 609 394 644 pcrspicaces
410 616 474 639 sunt
486 620 533 647 spe
548 613 643 640 futura
661 619 688 642 et
705 615 731 642 in
749 616 891 650 promissis

101 654 221 687 reposita
240 658 367 691 tanquam
389 658 535 692 praesentia
551 665 707 688 cernentes.
725 661 796 694 Quin
811 666 838 689 et
864 662 890 689 in

100 698 166 727 liliis
181 706 332 735 pascuntur
349 703 466 736 hinnuli,
483 704 547 732 dum
573 707 795 741 possessionibus
808 709 893 736 curis-

100 752 156 778 que
171 750 301 775 vacantes
317 747 422 777 ﬂoridis
440 750 573 778 Ecclesia:
602 751 739 780 fructibus
768 754 891 782 aluntur.

100 790 143 818 Ad
160 792 276 820 similem
293 801 411 830 namque
423 796 511 824 zelum
524 798 680 834 pertingere
690 798 890 832 desiderantes,

100 837 240 872 voluptate
252 839 290 866 rei
306 840 468 870 desideratte
483 844 655 877 nutriuntur,
672 845 750 879 quasi
770 845 796 872 in
816 846 891 880 prelo

100 882 271 919 exsultantes
285 892 380 913 eorum
406 893 467 920 qua:
490 893 606 923 prosunt
629 889 813 916 institutione.
831 891 891 918 Hoc

941 302 1157 338 διαλάμψαντος,
1168 304 1346 340 καταυγασθῇ
1357 305 1392 332 τά
1403 305 1495 333 πάντα
1505 306 1555 341 τῆς
1568 305 1675 342 ἡμέρας
1685 306 1735 341 τῆς

942 348 1010 375 ὅπου
1035 348 1107 376 θέλει
1121 348 1314 385 διαπνεοιὴης,
1329 351 1414 385 ἦγουν
1433 349 1481 377 τοῦ
1497 351 1631 386 παναγίου
1646 351 1733 377 Πνεύ-

943 401 1028 428 ματος
1046 393 1076 419 τὺ
1094 393 1161 428 φῶς.

977 439 1099 466 Νείλου.
1110 441 1221 473 -Τοὺς
1236 441 1349 476 νηπίους
1364 441 1394 468 ἐν
1408 440 1519 477 Χριστῷ
1535 441 1582 468 καὶ
1596 441 1732 476 γαλακτο-

940 487 1144 523 τροφουμένους
1159 488 1217 520 ἐτι,
1237 488 1278 516 ἔτι
1294 488 1398 524 μαζοὺς
1412 489 1541 524 ὀνομάζει
1553 488 1660 524 νεϐροῖς
1671 489 1734 524 dop-

941 534 1031 560 κάδων
1053 534 1262 570 παραπλησίους
1273 543 1280 550 ’
1295 535 1389 570 ἐπειδὴ
1413 534 1461 561 καὶ
1476 534 1501 561 οί
1518 534 1664 569 ἀρχόμενοι
1680 533 1733 568 τῆς

941 579 1097 612 θεοσεϐείας
1120 580 1164 607 διὰ
1187 581 1236 616 τὴν
1260 581 1309 615 τῆς
1326 581 1445 612 πίστεως
1468 581 1617 615 εὐγένειαν,
1632 580 1662 606 τὸ
1678 579 1733 607 τῶν

940 623 1078 658 δορκάδων
1090 623 1198 658 ἔχοντες
1214 623 1357 660 ὀξυδερκὲς
1367 645 1374 656 ,
1391 624 1540 660 διορατικοὶ
1557 625 1733 660 τυγχάνουσι,

940 668 974 702 τῇ
990 666 1077 694 ἐλπίδι
1095 667 1240 702 βλέποντες
1253 669 1290 700 ὼς
1304 669 1427 705 παρόντα
1439 670 1474 697 τὰ
1489 669 1620 705 μέλλοντα
1642 670 1690 697 καὶ
1704 670 1734 696 ὲν

941 712 1121 746 ἐπαγγελίαις
1137 713 1251 749 κείμενα
1263 722 1270 729 ·
1296 714 1343 740 καὶ
1359 715 1388 741 ὲν
1403 715 1507 749 κρίνοις
1521 715 1550 741 δὲ
1563 715 1691 750 νέμονται
1707 716 1732 742 οε

940 756 1043 793 νεϐροὶ,
1052 758 1091 794 τῷ
1103 758 1158 785 τῶν
1170 759 1333 794 ἀκτημόνων
1345 759 1395 794 τῆς
1403 760 1567 795 Ἐκκλησίας
1575 761 1622 787 καὶ
1632 761 1735 796 ἀφρον-

940 804 1020 830 τίδων
1033 805 1143 841 ἀνθηρῷ
1156 805 1336 840 τρεφόμενοι·
1349 805 1418 841 πρὸς
1427 805 1481 841 γάρ
1491 806 1537 832 τὸν
1549 806 1641 840 ὅμοιον
1651 806 1735 841 ζῆλον

941 849 1042 884 φθᾶσαι
1056 851 1212 884 ποθοῦντες,
1226 851 1371 887 τρέφονται
1385 853 1418 887 τῇ
1437 851 1518 887 ἡδονῇ
1532 852 1579 878 τοῦ
1596 852 1733 886 ποθουμέ-

941 904 998 928 νου,
1015 895 1052 927 ὡς
1075 897 1102 922 ὲν
1121 895 1234 931 λειμῶνι
1256 896 1421 932 σκιρτῶντες
1438 899 1471 932 τῇ
1486 897 1540 923 τῶν
1555 897 1733 932 ὠφελούντων

100 932 194 955 autem
212 929 327 963 faciunt,
342 931 406 959 dum
420 934 566 967 praesentia
579 942 640 969 quae
656 935 751 962 umbra
763 935 890 963 dicuntur

945 942 1081 977 πολιτείᾳ·
1107 942 1186 969 τοῦτο
1202 943 1230 969 δὲ
1246 943 1368 969 ποιοῦσιν
1391 943 1445 975 ἓως
1466 944 1500 971 τὰ
1524 943 1646 978 παρόντα
1669 942 1733 969 σκιὰ

100 973 227 1001 submota
239 974 503 1012 fuerint,(aspirante
519 987 550 1007 ac
565 980 725 1008 illucescere
742 981 890 1016 incipiente

106 1018 151 1046 die
163 1020 208 1054 qui
229 1028 261 1048 ex
277 1021 427 1050 intellectili
445 1024 503 1052 sole
515 1025 633 1053 exsistit.
659 1025 773 1054 Gemelli
797 1032 888 1054 autem

102 1069 175 1092 recte
202 1065 331 1094 dicuntur
348 1067 466 1102 hinnuli,
490 1073 584 1104 utpote
600 1078 633 1098 ex
655 1079 710 1097 uno
740 1071 890 1106 eodemque

101 1114 197 1137 ventre
218 1118 250 1138 ac
278 1117 356 1146 partu
377 1113 459 1140 simul
486 1118 609 1150 tempore
638 1115 666 1142 in
695 1116 782 1144 lucem
806 1118 889 1150 editi;

100 1153 233 1184 Ecclesia:
251 1164 370 1193 namque
402 1160 508 1194 parvuli
534 1169 589 1188 uno
606 1165 685 1196 partu
709 1169 756 1197 per
774 1163 889 1198 gratiam

101 1203 185 1237 geniti
203 1208 277 1233 sunt.

138 1247 269 1283 Origem'a.
286 1266 321 1272 —
341 1251 480 1285 Quantum
496 1253 529 1280 ad
558 1261 689 1289 sponsam
711 1255 795 1283 ubera
826 1259 891 1284 sunt

100 1295 262 1330 principalis
286 1297 385 1325 anima:
409 1299 508 1333 portio,
521 1304 575 1327 etc.

137 1341 244 1376 Cyrilli.
272 1343 319 1371 Vel
343 1345 425 1371 etiam
457 1345 512 1372 duo
541 1346 646 1374 ltinnnli
667 1352 733 1375 sunt
762 1349 889 1377 doctrina

101 1387 216 1415 moralis
230 1392 257 1415 et
272 1389 437 1424 dogmatica,
449 1399 509 1426 quae
521 1397 586 1419 sunt
598 1392 653 1419 duo
674 1401 783 1428 sponsae
796 1396 889 1428 ubera,

99 1432 202 1466 quibus
216 1435 330 1462 enutriti
345 1441 426 1463 acute
446 1437 512 1472 quid
536 1443 652 1465 cernunt
669 1440 759 1474 quoad
787 1441 889 1468 Deum:

101 1477 158 1505 lilia
183 1486 247 1507 vero
268 1484 348 1508 vocat
374 1482 586 1516 apostolieorum
621 1489 648 1512 et
670 1486 889 1521 evangelicornm

100 1528 500 1555 sermonumsuaveolentiam
534 1529 635 1564 quibus
664 1532 804 1566 paseimur
844 1541 891 1561 us-

99 1577 153 1605 que
164 1571 198 1598 ad
211 1573 476 1601 consummationem
493 1576 596 1603 smcnli.

135 1615 185 1644 Ibo
223 1617 288 1645 mihi
315 1619 349 1646 ad
373 1625 489 1647 montem
530 1622 645 1657 myrrhae
668 1628 693 1651 et
724 1624 758 1651 ad
797 1625 890 1653 collem

101 1662 198 1690 thuris.

136 1707 268 1744 Gregorii.
286 1726 322 1731 —
344 1712 412 1740 Cum
440 1715 612 1742 membratim
641 1716 781 1745 laudasset
802 1718 892 1753 Spon-

101 1760 180 1788 sam;
199 1754 330 1791 deinceps
344 1759 428 1787 totius
441 1761 566 1795 corporis
585 1761 678 1790 laudes
697 1770 892 1798 prosecuturus

100 1804 128 1828 et
157 1800 293 1836 integrum
322 1804 405 1832 simul
435 1805 557 1835 facturus
583 1809 758 1841 encomium,
778 1817 890 1838 causam

100 1846 220 1874 inseruit
235 1856 284 1876 cur
296 1849 360 1878 talis
373 1855 458 1884 esset,
474 1852 569 1882 dicens
583 1862 590 1881 :
607 1853 653 1881 Ibo
669 1854 734 1882 mihi
745 1861 828 1889 ,etc.;
842 1864 892 1891 per

100 1893 242 1928 myrrham
260 1895 371 1929 quidem
394 1898 551 1932 passionem
565 1918 572 1931 ,
591 1907 640 1934 per
657 1900 720 1929 thus
739 1909 805 1929 vero
821 1902 891 1930 divi-

100 1937 196 1966 nitatis
216 1939 331 1975 gloriam
347 1941 491 1971 insinuans
507 1953 513 1970 :
532 1952 593 1972 cum
615 1945 686 1974 dixit
703 1952 795 1975 autem
824 1949 891 1976 mihi

99 1984 162 2018 ipsi,
174 1985 323 2014 declaravit
331 1989 460 2023 quoniam
470 1997 550 2018 nemo
563 1992 597 2019 ab
606 1992 665 2027 ipso
676 1993 745 2020 tollit
756 1994 889 2028 animam,

100 2030 148 2058 sed
168 2031 249 2059 habet
269 2037 429 2068 potestatem
443 2036 562 2071 ponendi
579 2045 639 2065 eam
669 2044 696 2066 ct
714 2039 797 2067 habet
812 2046 891 2076 pote-

100 2081 198 2105 statem
213 2086 323 2106 rursum
338 2081 506 2116 accipiendi:
521 2090 568 2117 per
582 2088 702 2112 montem
728 2089 819 2113 autem
833 2093 893 2122 my-

100 2122 178 2150 sterii
195 2124 412 2159 magnitudinem
433 2127 684 2164 sublimitatemque
700 2130 830 2158 declarat.

138 2214 207 2243 Nili.
229 2231 265 2237 —
285 2216 386 2244 Deinde
413 2217 555 2253 subjunxit
573 2228 581 2246 :
599 2221 819 2256 quandoquidem
836 2227 890 2251 tam

940 988 1075 1023 εἰρημένα
1093 988 1192 1024 κινηθῇ
1205 997 1212 1004 ο
1227 989 1429 1024 διαπνευσάσης
1444 990 1491 1016 καὶ
1507 990 1666 1023 ὑποφαίνειν
1681 989 1733 1025 ἀρ-

941 1033 1059 1070 ξαμένης
1074 1036 1123 1070 τῆς
1137 1036 1168 1062 ἐκ
1185 1036 1233 1062 τοῦ
1249 1035 1345 1071 νοητοῦ
1362 1035 1438 1070 ἡλίου
1451 1035 1598 1071 γινομένης
1611 1035 1731 1070 ἡμέρας*

940 1081 1044 1116 δίδυμοι
1058 1081 1086 1107 δὲ
1101 1082 1125 1107 oi
1141 1081 1232 1116 νεϐροὶ
1244 1081 1333 1114 καλῶς
1349 1081 1482 1117 εἴρηνται,
1493 1083 1558 1117 μιᾶς
1569 1081 1672 1113 κοιλίας
1684 1080 1733 1108 καὶ

940 1126 1033 1159 ὠδῖνος
1050 1127 1126 1159 ὄντες
1147 1127 1305 1163 σύγχρονοι·
1331 1128 1379 1155 καὶ
1393 1128 1448 1164 γὰρ
1462 1129 1486 1155 oi
1502 1129 1552 1163 τῆς
1569 1127 1740 1171 ἘκκλησίαςΔ

940 1173 1048 1208 νήπιοι,
1069 1174 1120 1209 μιᾷ
1136 1173 1211 1201 ὠδῖνι
1230 1174 1275 1201 διὰ
1292 1173 1342 1209 τῆς
1361 1175 1471 1210 χάριτος
1490 1174 1696 1210 άπεκυήθησαν.

982 1263 1159 1298 Ὠριγένους.
1175 1278 1210 1284 -
1224 1264 1260 1291 Τὸ
1275 1263 1452 1300 ἡγεμονικδν,
1469 1272 1496 1290 κ.
1513 1272 1539 1291 τ.
1555 1263 1579 1291 λ.
1598 1262 1668 1298 (55).

975 1354 1136 1388 Κυρίλλου.
1155 1353 1229 1380 -Ἣ
1244 1353 1292 1380 καὶ
1312 1353 1360 1380 δύο
1375 1353 1476 1388 νεϐροὶ,
1490 1353 1507 1388 ή
1523 1351 1606 1387 ἠθικὴ
1626 1351 1674 1378 καὶ
1686 1350 1733 1378 δο-

940 1400 1063 1436 γματικὴ
1078 1399 1248 1431 διδασκαλία,
1265 1401 1288 1427 oi
1305 1400 1352 1426 δύο
1369 1400 1418 1434 τῆς
1433 1399 1552 1434 Νύμφης
1569 1397 1666 1433 μαστοί
1679 1406 1687 1413 ·
1703 1397 1735 1429 ἐξ

940 1443 976 1474 ὧν
989 1447 1014 1473 οί
1027 1447 1192 1481 τρεφόμενοι
1214 1446 1325 1481 ὀξύτητι
1343 1445 1471 1481 βλέπουσι
1487 1445 1553 1480 πρὸς
1570 1444 1653 1471 Θεὸν·
1671 1444 1734 1478 ῥῖνα

940 1492 969 1519 δὲ
982 1492 1037 1519 τῶν
1051 1491 1240 1518 ἀποστολικῶν
1258 1491 1305 1518 καὶ
1318 1490 1505 1525 εὐαγγελικῶν
1520 1489 1607 1524 λόγων
1620 1489 1670 1524 τὴν
1688 1488 1735 1515 εὐ-

941 1537 1023 1564 ωδίαν
1035 1557 1042 1571 ,
1063 1537 1135 1573 ᾇπερ
1154 1537 1293 1572 νεμόμεθα
1313 1536 1395 1573 μέχρι
1415 1535 1582 1568 συντελείας.

978 1627 1165 1662 Πορεύσομαι
1180 1625 1299 1662 ἐμαυτῷ
1321 1627 1397 1661 πρὸς
1417 1627 1451 1654 τὸ
1472 1625 1542 1661 ὄρος
1563 1625 1619 1661 τῆς
1640 1625 1735 1660 σμύρ-

941 1681 1009 1707 νης,
1029 1673 1078 1700 καὶ
1098 1673 1173 1708 πρὸς
1191 1673 1245 1700 τὸν
1261 1673 1379 1705 βουνὸν
1397 1673 1451 1700 τοῦ
1471 1673 1612 1700 Λιϐάνου.

976 1719 1154 1753 Γρηγσορίου.
1172 1734 1207 1739 -—
1220 1719 1299 1746 Κατὰ
1323 1720 1407 1759 μέρος
1430 1719 1578 1750 ἐπαινέσας
1591 1718 1640 1754 τὴν
1654 1718 1735 1754 Νύμ-

942 1772 1007 1799 φην,
1022 1762 1081 1791 εἶτα
1097 1763 1201 1799 μέλλων
1215 1764 1389 1800 ὁλοσώματον
1407 1764 1543 1791 ποιεῖσθαι
1555 1764 1601 1790 τὸν
1612 1764 1733 1796 ἔπαινον,

942 1812 990 1838 καὶ
1015 1811 1080 1846 ὅλην
1107 1811 1193 1846 ὑφ’ἓν
1219 1811 1420 1846 ἐγκωμιάζειν,
1446 1810 1547 1846 μεταξὺ
1572 1810 1622 1846 τὴν
1646 1810 1736 1837 αἰτίαν

941 1857 1070 1892 τοιαύτην
1094 1855 1165 1884 εἶναι
1196 1856 1389 1892 παραϐέϐληκε
1415 1857 1518 1891 λέγων·
1546 1858 1734 1892 Πορεύσομαι

941 1902 1070 1938 ἐμαυτῷ,
1085 1903 1133 1929 καὶ
1147 1903 1181 1930 τὰ
1197 1903 1259 1937 ἑξῆς
1270 1910 1277 1917 ·
1295 1902 1340 1929 διὰ
1355 1902 1405 1938 μὲν
1418 1900 1464 1929 οὖν
1481 1902 1531 1937 τῆς
1549 1902 1673 1938 σμύρνης
1683 1922 1690 1934 ,
1704 1903 1735 1929 τὸ

942 1949 1028 1981 πάθος
1038 1957 1045 1965 ·
1060 1949 1105 1976 διὰ
1120 1949 1149 1975 δὲ
1169 1948 1217 1976 τοῦ
1231 1949 1340 1976 λιϐάνου
1350 1967 1358 1978 .
1374 1949 1425 1983 τὴν
1439 1949 1519 1982 δόξαν
1534 1949 1584 1984 τῆς
1607 1948 1733 1984 θεότητος

942 1994 1146 2030 ἐνδειξάμενοςο
1172 1994 1256 2021 είπὼν
1280 1995 1320 2028 δὲ,
1337 1994 1470 2029 ἐμαυτῷ,
1496 1995 1668 2031 παρέστησεν
1692 1995 1735 2021 ὅτι

941 2041 1030 2073 οὐδεὶς
1044 2040 1117 2076 αἴρει
1131 2040 1181 2076 τὴν
1193 2040 1282 2076 ψυχὴν
1304 2040 1386 2067 αὑτοῦ
1411 2041 1459 2068 ἀπ’
1471 2040 1569 2068 αὐτοῦ·
1587 2040 1645 2067 ἀλλ’
1656 2040 1735 2074 ἐξου-

943 2086 1003 2112 σίαν
1023 2080 1080 2120 ἔχει
1094 2085 1180 2112 θεῖναι
1202 2085 1296 2121 αὐτὴν,
1311 2085 1359 2112 καὶ
1373 2085 1497 2118 ἐξουσίαν
1513 2085 1570 2121 ἔχει
1587 2085 1669 2112 πάλιν
1685 2085 1734 2112 λαι

941 2132 1000 2158 ϐεῖν
1019 2131 1106 2166 αὑτήν
1116 2139 1124 2146 ·
1149 2131 1193 2158 διὰ
1208 2131 1238 2158 δὲ
1254 2131 1301 2158 τοῦ
1317 2131 1408 2166 ὅρους,
1422 2132 1453 2158 τὸ
1467 2131 1540 2166 μέγα
1553 2131 1672 2158 δείκνυσι
1685 2131 1732 2158 τοῦ

943 2177 1093 2213 μυστηρίου
1113 2178 1161 2204 καὶ
1179 2177 1292 2214 ὑψηλόν.
1400 2207 1402 2210 ,

976 2225 1134 2251 Νείλου.-
1148 2221 1214 2250 Εἶτα
1229 2224 1377 2258 ἐπήγαγενσ
1391 2223 1485 2259 ἐπειδὴ
1497 2223 1570 2251 οὕτω
1586 2224 1672 2259 καλὴν
1683 2223 1734 2259 τὴν

101 2260 245 2295 pulchram
262 2260 331 2289 vidit
352 2270 415 2290 esse
427 2262 562 2297 Sponsam
575 2284 582 2297 ,
604 2265 663 2293 sive
677 2267 808 2301 animam,
832 2269 890 2298 sive

945 2269 1074 2304 Νύμφην,
1086 2269 1141 2296 εἴτε
1156 2268 1257 2305 ψυχὴν,
1271 2270 1327 2296 εἴτε
1341 2270 1388 2296 καὶ
1401 2269 1450 2305 τὴν
1465 2270 1640 2305 Ἐκκλησίαν,
1654 2269 1735 2297 σπεύ-

99 2306 182 2333 etiam
201 2306 350 2335 Ecclesiam
363 2328 370 2341 ,
388 2308 499 2338 festinat
523 2310 653 2347 deinceps
670 2314 704 2340 ad
727 2319 844 2342 mortem
859 2320 891 2343 ut

99 2350 152 2378 sibi
165 2351 216 2386 ipsi
235 2352 305 2380 hanc
320 2354 402 2381 sistat
417 2362 470 2382 non
487 2355 631 2384 habentem
650 2359 786 2387 maculam
801 2368 890 2397 neque

99 2404 196 2432 rugam
223 2405 273 2425 nec
288 2399 354 2432 quid
376 2400 476 2433 simile,
491 2406 575 2438 utque
590 2403 678 2439 ipsam
691 2405 801 2434 lavacro
813 2415 890 2443 aqum

100 2443 129 2470 in
139 2443 222 2470 verbo
234 2445 390 2473 mundaret.
406 2446 542 2476 Caeterum
555 2449 625 2477 haud
637 2450 722 2479 invita
734 2453 782 2480 sed
792 2459 890 2489 sponte

100 2489 243 2523 procedit:
261 2497 341 2519 mons
359 2499 478 2528 namque
494 2499 611 2522 mortem
625 2496 795 2532 declaravit;
811 2500 890 2528 collis

98 2542 165 2562 vero
178 2538 409 2567 resurrectionem
422 2543 449 2567 et
459 2539 494 2567 ad
509 2541 595 2569 caelos
607 2543 796 2571 ascensionem
811 2552 889 2573 esse:

100 2587 180 2608 mons
195 2581 306 2616 quidem
335 2589 451 2612 mortem
484 2591 598 2622 propter
615 2587 777 2620 horrorem,
808 2591 889 2618 collis

99 2634 165 2654 vero
189 2629 433 2663 resurrectionem,
461 2631 526 2666 quia
539 2632 636 2660 mortis
652 2634 814 2668 gravitatem
841 2643 889 2669 spe

99 2672 189 2699 reddit
203 2673 344 2704 leviorem.
377 2676 445 2704 Cum
476 2676 567 2705 autein
597 2678 738 2714 sigillatim
766 2681 888 2708 membra

100 2716 214 2749 Sponsa:
227 2718 393 2746 collaudavit
411 2729 461 2756 per
486 2722 513 2750 id
530 2723 604 2758 quod
629 2723 786 2758 subjicitur,
805 2729 889 2754 totam

99 2761 187 2796 ipsam
203 2764 324 2792 celebrat
349 2767 483 2795 encomiis
496 2786 504 2799 .
521 2768 724 2798 immaculatum
747 2775 889 2808 totamque

99 2806 242 2841 pulchram
265 2811 405 2846 appellans

943 2316 983 2342 δει
1000 2315 1094 2342 λοιπὸν
1116 2316 1164 2342 ἐπὶ
1183 2315 1230 2342 τὸν
1252 2314 1385 2342 θάνατον’
1401 2315 1445 2343 ἵνα
1457 2316 1622 2351 παραστήσῃ
1645 2314 1734 2350 ἑαυτῴ

943 2361 1056 2397 ταύτην,
1067 2362 1104 2397 μὴ
1122 2361 1237 2397 ἔχουσαν
1253 2361 1347 2388 σπῖλον
1364 2361 1380 2396 ἢ
1396 2362 1491 2396 ῥυτίδα
1504 2362 1519 2396 ἢ
1534 2361 1671 2388 τοιοῦτον·
1686 2361 1734 2388 καὶ.

944 2408 987 2434 ἵνα
1005 2407 1142 2443 καθαρίσῃ
1157 2406 1197 2442 τῷ
1211 2406 1317 2442 λουτρῷ
1332 2406 1379 2433 τοῦ
1394 2406 1489 2438 ὕδατος
1504 2408 1534 2434 ἐν
1547 2407 1649 2443 ῥήματι
1659 2415 1667 2423 ο
1683 2416 1733 2434 πο-

945 2451 1070 2486 ρεύσεται
1085 2451 1114 2478 δὲ
1131 2451 1181 2478 οὐκ
1204 2452 1288 2484 ἄκων,
1305 2451 1362 2478 ἀλλ’
1378 2452 1448 2478 ἑκών
1458 2458 1465 2465 ·
1481 2452 1543 2486 ὅρος
1558 2455 1612 2488 γὰρ
1627 2453 1672 2480 τὸν
1685 2453 1735 2480 θάα-

948 2505 1023 2524 νατον
1048 2497 1165 2532 ἐδήλωσε
1175 2505 1182 2512 ’
1209 2497 1269 2532 μεθ’
1282 2497 1312 2524 ὃν
1332 2497 1425 2531 βουνὸν
1440 2497 1489 2533 τὴν
1506 2498 1670 2530 ἀνάστασιν,
1686 2500 1735 2526 καὶ

942 2543 992 2578 τὴν
1010 2543 1050 2574 είς
1066 2543 1197 2578 οὐρανοὺς
1212 2543 1361 2578 ἀνάληψιν·
1386 2543 1448 2579 ὅρος
1463 2543 1513 2578 μὲν
1537 2544 1583 2571 τὸν
1607 2544 1733 2579 θάνατον,

942 2590 986 2616 διὰ
1003 2589 1034 2616 τὸ
1053 2589 1181 2624 φοϐερόν·
1201 2589 1295 2624 βουνὸν
1312 2589 1341 2616 δὲ
1354 2590 1402 2625 τὴν
1416 2590 1581 2621 ἀνάστασιν,
1596 2590 1640 2617 διὰ
1653 2591 1684 2618 τὸ
1699 2593 1733 2627 τῇ

942 2636 1030 2663 ἑλπίδι
1056 2635 1103 2662 τοῦ
1126 2636 1241 2663 θανάτου
1264 2636 1295 2663 τὸ
1318 2636 1403 2663 δεινὸν
1429 2636 1638 2673 ὲπελαφρίξειν·
1663 2638 1734 2665 κατὰ

945 2683 1029 2719 μέρος
1053 2682 1081 2710 δὲ
1098 2682 1245 2714 ἐπαινέσας
1264 2682 1300 2710 τὰ
1326 2682 1394 2718 μέλη
1411 2684 1460 2719 τῆς
1475 2683 1610 2720 Νύμφης.
1626 2684 1671 2711 διὰ
1683 2684 1732 2711 τοῦ

944 2729 1117 2764 ἐπαγομένου
1141 2729 1206 2764 ὅλην
1231 2720 1326 2765 αὐτὴν.
1340 2729 1521 2766 ἐγκωμιάζει,
1543 2730 1660 2766 ἄμωμον
1685 2732 1734 2758 καὶ

942 2775 1006 2810 ὅλην
1025 2775 1111 2810 καλὴν
1131 2775 1352 2811 προσαγορεύων.

846 2876 964 2904 NOTJS.

137 2911 193 2946 (55)
213 2913 348 2950 Patrolog.
368 2921 387 2943 t.
405 2915 487 2952 XVII,
503 2918 555 2948 col.
571 2919 632 2947 “2.72.
