1966 3074
174 132 243 165 1653

649 137 916 168 COMMENTARII
930 137 970 167 IN
989 138 1149 169 CANTICA
1167 139 1312 170 CANTIC.

1737 139 1806 172 1654

208 189 241 222 ζ’.
255 190 334 224 ’01η
354 191 432 225 καλὴ
449 189 486 222 εἴ.
508 191 527 226 ἡ
553 193 688 226 πλησίον
708 201 780 227 μου,
798 193 847 220 καὶ
860 193 963 228 μῶμος

1051 193 1132 222 Vens.
1160 195 1185 228 7,
1210 195 1277 222 Tota
1290 195 1402 230 pulchra
1417 203 1456 228 es,
1472 195 1599 230 proxima
1619 203 1688 228 mea,
1703 200 1729 222 et
1746 204 1804 223 ma-

173 235 229 262 οὐκ
244 234 333 262 ἐστιν
345 236 380 262 ἐν
396 237 458 264 σοί.

208 280 385 314 Γρηγορίου.
405 296 440 301 -
464 281 501 308 Οὐ
527 281 582 317 γὰρ
599 282 673 309 ἔστιν
687 282 774 315 ἄλλως
796 283 966 319 καθαρθῆναι

172 326 220 353 τοῦ
237 326 334 362 μώμου
349 327 399 362 τὴν
413 327 590 363 ἀνθρωπίνην
607 328 688 362 φύσιν
698 349 705 362 ,
725 329 763 364 μὴ
780 329 826 355 τοῦ
842 329 965 365 αἴροντος

173 371 223 407 τὴν
235 371 372 406 ἁμαρτίαν
385 372 432 399 τοῦ
448 373 567 408 κόσμου,
596 375 687 400 πᾶσαν
707 374 741 401 δι’
752 374 849 401 ἑαυτοῦ
865 374 966 409 ἐξαφα-

173 419 298 450 νίσαντος
313 418 362 453 τὴν
373 419 484 450 κακίαν.
494 420 669 455 καταργῆσαι
686 420 730 447 διὰ
743 421 790 447 τοῦ
805 421 921 448 θανάτου
935 421 965 448 τδ

173 464 274 499 κράτος
290 464 387 498 ἔχοντα
401 464 448 491 τοῦ
464 464 592 497 θανάτου,
609 466 658 492 καὶ
672 465 753 493 πάλιν
770 466 866 493 ἑαυτὸν
881 467 965 493 ἐπαν-

173 511 288 544 αγαγεῖν
304 510 374 545 πρὸς
389 510 440 545 τὴν
457 511 526 537 ἰδίαν
539 511 618 542 δόξαν
631 511 681 546 τῆς
693 511 829 547 θεότητος,
844 512 877 548 ῆν
893 510 966 547 εἶχεν

173 556 221 582 ἀπ’
239 555 327 591 ἀρχῆς
352 556 406 590 πρδ
427 556 475 583 τοῦ
496 556 542 583 τὸν
567 556 669 592 κόσμον
692 555 764 584 εἷναι
777 565 783 572 ·
807 557 847 584 διό
863 566 963 592 φησιν·

180 600 322 636 Ἅνέξομαι
337 600 462 633 θάνατον,
488 601 562 633 ὅπως
586 601 669 637 αὐτὴν
683 602 807 638 καθᾶρω.
837 603 866 629 '0
877 602 967 630 τοίνυν

174 646 375 682 συμμετασχὼν
388 647 439 682 τῆς
453 648 586 683 σμύρνης,
599 648 688 675 εῐτουν
702 648 748 675 τοῦ
761 648 885 679 θανάτου,
897 657 967 684 συμ-

175 690 283 725 μεθέξει
298 691 408 723 πάντως
424 692 471 718 καὶ
484 692 530 718 τοῦ
545 691 675 720 θανάτου·
690 693 704 720 ό
717 692 771 728 γὰρ
784 693 963 728 συμπάσχων,

174 738 222 764 καὶ
239 736 480 770 συνδοξάζεται.”0
494 738 522 765 δὲ
538 739 613 771 ἅπαξ
633 739 663 766 ὲν
683 740 716 774 τῇ
732 739 794 774 θείᾳ.
810 739 873 775 δόξῃ
889 739 966 774 γενό-

174 791 265 817 μενος,
279 783 339 814 ὅλος
354 784 458 817 γίνεται
475 784 567 816 καλὸς,
583 784 636 816 ἔξω
648 784 695 812 τοῦ
709 785 897 820 ἀντικειμένου
909 785 964 820 μώ-

173 837 226 863 μου
245 829 401 864 γενόμενος.

1017 239 1077 266 culo
1090 247 1141 266 non
1154 245 1193 266 est
1208 241 1234 267 in
1250 245 1283 267 te.

1053 283 1233 319 Gregorii.—
1251 285 1309 313 Non
1339 285 1419 313 aliter
1452 286 1525 313 enim
1555 286 1676 314 humana
1706 290 1804 313 natura

1016 331 1129 365 purgari
1145 335 1234 365 potest
1251 338 1266 358 a
1289 331 1393 358 macula
1410 332 1462 359 nisi
1481 339 1567 366 agnus
1582 332 1629 367 qui
1647 332 1720 359 tollit
1742 339 1805 367 pec-

1017 379 1078 404 cata
1100 376 1219 411 mundi,
1234 384 1282 412 per
1301 385 1332 404 se
1357 384 1438 405 omne
1459 378 1557 405 vitium
1577 377 1709 405 deleverit
1723 396 1731 409 ,
1756 385 1805 413 per

1016 425 1134 449 mortem
1149 430 1227 450 suam
1247 423 1323 450 illum
1352 423 1398 458 qui
1424 423 1521 451 mortis
1548 423 1694 458 imperium
1723 423 1804 451 habet

1017 466 1172 500 abolendo,
1201 475 1233 495 ac
1262 475 1359 496 rursus
1386 469 1564 504 semetipsum
1588 468 1744 496 reducendo
1769 469 1802 496 ad

1017 513 1156 547 propriam
1176 512 1327 542 divinitatis
1343 514 1457 550 gloriam
1470 522 1551 549 quam
1566 514 1661 542 habuit
1673 514 1708 543 ab
1725 515 1804 543 initio

1016 559 1176 593 priusquam
1213 559 1331 586 mundus
1368 564 1451 587 esset.
1487 560 1659 594 Propterea,
1689 560 1803 595 inquit,

1016 603 1157 630 sustinebo
1173 607 1287 631 mortem
1313 608 1342 631 ut
1362 604 1448 639 ipsam
1465 611 1480 632 e
1504 604 1593 632 medio
1619 604 1724 632 tollam.
1748 603 1802 638 Qui

1017 648 1100 683 igitur
1113 656 1176 676 cum
1199 649 1260 684 ipso
1286 649 1369 677 fuerit
1397 650 1514 686 myrrha:
1536 650 1673 686 particeps
1691 650 1804 678 omnino

1015 694 1097 721 ctiam
1113 694 1165 721 erit
1179 694 1314 729 particeps
1340 695 1444 728 thuris;
1465 695 1510 730 qui
1535 695 1608 723 enim
1625 696 1802 729 compatitur,

1016 739 1096 766 etiam
1110 739 1381 775 conglorilicabitur;
1402 741 1449 775 qui
1480 745 1571 768 autem
1604 741 1690 769 semel
1721 740 1804 775 fuerit

1016 785 1044 812 in
1078 785 1164 820 gloria
1193 785 1298 819 divina,
1316 790 1389 813 totus
1404 787 1432 813 tit
1453 787 1566 822 pulcher
1583 808 1591 821 ,
1618 793 1739 815 remotus
1768 788 1804 815 ab

1017 831 1091 858 omni
1113 831 1221 858 macula
1237 831 1363 859 adversa.

206 859 353 909 112.11de
367 859 426 902 (imi
441 875 580 908 Λιϐάνου,
597 876 717 911 Νύμφη,
736 875 825 910 δεῦρο
843 876 902 903 ἀπὸ
915 878 965 904 AL-

1052 875 1133 903 Vsns.
1151 876 1178 903 8.
1202 876 1265 904 Veni
1279 885 1294 903 ιι
1307 875 1419 910 Libano,
1435 876 1551 911 Sponsa,
1569 878 1627 905 veni
1645 886 1660 905 a
1676 877 1779 905 Libano
1793 886 1802 905 :

173 919 280 947 θάνον·
294 920 407 955 ἐλεὺσῃ
421 920 469 947 καὶ
483 920 626 955 διελεύσῃ
642 921 693 948 da."
704 921 802 956 ἀρχῆς
815 921 944 954 πίστεως
958 933 964 940 -

172 964 232 991 ἀπὸ
252 964 387 1000 κεφαλῆς
408 965 515 999 Σανεὶρ
536 965 587 993 καὶ
602 965 738 1000 Ἁερμών·
755 966 814 994 ἀπὸ
825 965 966 1001 μανδρὼν

172 1012 323 1038 λεόντων·
345 1011 402 1038 ἀπὸ
423 1011 517 1046 ὀρέων
535 1012 725 1046 παρδάλεων.

208 1057 372 1091 Κυρίλλου.
386 1072 422 1078 ——
434 1058 560 1085 Διδάσκει
572 1059 647 1094 ἡμᾶς
659 1059 740 1086 πόθεν
757 1060 773 1094 ἡ
785 1059 887 1095 Νύμφη
897 1081 904 1091 ,
920 1061 966 1086 καὶ

173 1104 215 1130 ὅτι
231 1103 262 1136 ἐξ
276 1103 499 1140 εἰδωλολατρεῑας
514 1105 623 1140 ἔρχεται
634 1113 641 1120 ·
659 1106 820 1133 κατείδωλον
835 1106 888 1141 γὰρ
905 1106 965 1142 ὄρος

173 1150 188 1176 ό
199 1149 313 1182 Λίὸανος
321 1157 327 1164 ·
343 1149 414 1182 ὅθεν,
423 1150 561 1184 Ἐλεύσῃ,
571 1150 661 1185 φησίν·
672 1150 814 1185 διελεύσῃ
824 1151 853 1178 δὲ
865 1151 908 1179 διὰ
919 1153 966 1178 τοῦ

173 1197 257 1231 νόμου
268 1205 275 1212 ·
291 1196 427 1231 ἀγνοοῦσα
442 1197 497 1232 γὰρ
515 1197 613 1230 αὐτὸν,
627 1197 659 1224 τὸ
674 1197 792 1233 Χριστοῦ
808 1198 967 1235 κατηχήθης

175 1243 337 1278 μυστήριον.

210 1284 517 1323 Γρηγορίου.-Ειπῶν
530 1290 595 1326 γὰρ,
603 1290 645 1317 ὅτι
655 1290 749 1326 «Καλὴ
762 1288 797 1323 εἴ,
806 1291 853 1318 καὶ
872 1292 967 1326 μῶμος

174 1335 225 1362 οὐχ
233 1335 306 1362 ἐστιν
319 1336 347 1362 ὲν
359 1336 399 1363 σοί
411 1344 419 1352 ·
434 1346 443 1362 ι
460 1335 498 1368 ὡς
514 1336 547 1363 ἂν
564 1337 602 1372 μὴ
617 1337 650 1372 τῇ
668 1337 806 1373 μαρτυρίᾳ
821 1338 907 1375 ταύτῃ
922 1339 967 1365 ὲκ-

175 1382 357 1417 καυνωθείσα,
374 1382 442 1418 πρὸς
457 1382 506 1417 τὴν
526 1381 581 1409 τῶν
596 1382 728 1417 μειζόνων
741 1382 834 1410 ᾶνοδον
856 1383 967 1419 ἐμποδι-

176 1427 282 1458 σθεῖσα,
298 1428 379 1455 πάλιν
403 1428 448 1455 διὰ
471 1428 520 1463 τῆς
537 1428 743 1463 προτρεπτικῆς
759 1428 862 1464 ταύτης
877 1429 968 1464 φωνῆς

174 1474 223 1500 ἐπὶ
239 1474 287 1510 τὴν
300 1474 354 1501 τῶν
369 1474 576 1510 ὑπερκειμένων
591 1474 725 1509 ἀναὸἦναι
738 1475 966 1510 παρακελεύεται.

174 1519 284 1552 Καλῶς,
294 1521 376 1555 φησὶν
387 1521 417 1547 ὲν
431 1522 487 1553 τοῖς
501 1520 652 1555 φθάσασιν,
661 1520 847 1556 ἡκολούθησας
859 1530 865 1537 ·
888 1519 968 1557 ἦλθες
982 1536 1004 1567 C

177 1567 237 1601 μετ’
253 1565 320 1601 ὲμοῦ
347 1566 414 1601 πρὸς
438 1566 470 1592 τὸ
496 1566 558 1601 ὅρος
582 1567 633 1602 τῆς
660 1565 800 1602 σμύρνης·
816 1567 967 1603 συνετάφης

175 1611 231 1646 γάρ
246 1620 291 1646 μοι
310 1611 355 1638 διὰ
368 1611 416 1638 τοῦ
432 1611 620 1646 βαπτίσματος
636 1612 675 1643 εις
687 1611 732 1637 τδν
746 1610 862 1638 θάνατον
872 1620 878 1627 ·
903 1620 967 1639 συν-

175 1656 293 1692 ανῆλθές
310 1665 356 1692 μοι
379 1656 427 1682 καὶ
449 1657 494 1683 ἐπὶ
517 1656 562 1683 τὸν
579 1656 673 1692 βουνὸν
685 1655 733 1683 τοῦ
751 1656 884 1683 Λιϐάνου·
903 1666 968 1684 συν-

175 1702 293 1738 ανέστης
307 1702 361 1738 γὰρ
383 1702 431 1730 καὶ
447 1701 558 1737 ὑψώθης
576 1703 606 1729 ὲν
622 1703 655 1738 τῇ
669 1702 718 1738 τῆς
731 1701 858 1738 θεότητος
873 1711 969 1730 κοινω-

175 1748 222 1784 νίᾳ
233 1757 240 1764 ·
265 1748 382 1783 ἀνάϐηθι
397 1749 443 1775 καὶ
459 1748 513 1775 ἀπὸ
526 1747 630 1775 τούτων
647 1749 694 1775 ἐπὶ
707 1748 789 1783 ἕτερα
803 1749 854 1785 ὅρη
872 1750 970 1785 προκό-

177 1803 283 1822 πτουσα
306 1795 353 1821 καὶ
375 1794 515 1829 ὑψουμένη
539 1793 584 1821 διὰ
608 1794 657 1829 τῆς
677 1794 810 1830 ’ἐνεργοῦς
822 1794 967 1828 γνώσεως·

176 1839 250 1874 ἀρχὴ
273 1839 328 1875 γάρ
350 1847 392 1866 σοι
413 1838 533 1869 πίστεως
548 1837 595 1865 καὶ
617 1838 662 1864 ἐπὶ
678 1837 727 1872 τῆς
744 1837 813 1873 πρὸς
830 1837 864 1864 τὰ
878 1837 968 1872 ὑψηλὰ

177 1883 302 1919 πορείας,
319 1879 397 1915 οὗτος
414 1885 428 1910 ό
442 1883 559 1914 Λίϐανος
579 1883 701 1917 γέγονεν,
725 1879 769 1909 οὖα
780 1882 910 1918 μετέσχες
926 1883 970 1909 διὰ

176 1927 227 1961 τῆς
240 1927 427 1959 ἀναστασέως,
440 1927 490 1953 οὐκ
504 1927 546 1953 ἐτι
559 1926 676 1962 μνηστὴ,
693 1926 760 1953 ἀλλὰ
775 1926 880 1962 Νύμφη
895 1934 969 1960 γινο-

179 1972 262 2008 μένη·
282 1972 337 1998 ἀπὸ
360 1971 451 1999 τοίνυν
466 1972 515 2007 τῆς
532 1972 619 2008 ἀρχῆς
632 1971 746 2006 ταύτης,
774 1972 837 2007 ἥτις
859 1972 932 1999 ἐστὶν
953 1973 970 2007 ή

178 2018 280 2050 πίστις.
296 2019 426 2052 Ἐλεύσῃ
449 2018 499 2046 καὶ
523 2017 681 2052 διελεύσῃ·
705 2017 828 2044 τουτέστι
853 2018 900 2044 καὶ
924 2017 971 2044 νῦν

178 2063 265 2099 ἥξεις,
283 2064 331 2091 καὶ
352 2064 393 2096 εἰς
415 2064 458 2091 ἀεὶ
477 2063 638 2100 διερχομένη
652 2063 695 2090 διὰ
711 2063 766 2090 τῶν
779 2064 906 2092 τοιούτων
922 2065 969 2091 ἀν-

178 2109 247 2136 όδων
267 2109 318 2136 οὐκ
343 2108 500 2144 ἀπολήξεις.
527 2109 594 2136 Ἀπὸ
620 2107 758 2143 κεφαλῆς
784 2109 891 2143 Σανεὶρ
920 2109 970 2136 καὶ

185 2154 323 2190 Ἀερμών.
341 2155 390 2182 Διὰ
404 2155 506 2182 τούτων
528 2154 567 2186 δὲ,
585 2154 615 2181 τὸ
630 2155 679 2190 τῆς
695 2154 798 2181 ἄνωθεν
819 2156 970 2190 γεννήσεως

1016 923 1102 949 venies
1115 928 1138 949 et
1156 922 1281 950 transibis
1302 932 1318 949 a
1333 924 1465 958 principio
1484 923 1558 958 ﬁdei,
1575 932 1591 950 ιι
1614 924 1701 958 capite
1721 923 1803 951 Sanir

1017 973 1040 995 et
1063 968 1173 1002 Ermon,
1190 977 1205 996 α
1226 969 1348 996 latibulis
1371 969 1486 1002 leonum,
1511 978 1528 996 ιι
1551 970 1684 997 montibus
1703 970 1803 1004 parde-

1016 1022 1086 1041 rum.

1052 1060 1159 1095 Cyrilli.
1184 1075 1217 1080 —
1242 1061 1325 1088 Docet
1341 1068 1391 1088 nos
1415 1061 1487 1088 unde
1512 1068 1623 1096 sponsa,
1650 1069 1748 1096 nempe
1768 1061 1802 1089 ab

1016 1105 1172 1133 idololatria
1198 1106 1300 1134 veniat.
1319 1106 1441 1134 Libanus
1459 1107 1530 1134 enim
1551 1115 1629 1135 mons
1651 1107 1803 1134 idololatri-

1017 1159 1076 1183 cus,
1092 1151 1172 1183 unde,
1194 1152 1297 1187 inquit;
1319 1154 1413 1185 veniet,
1442 1153 1564 1180 transibit
1582 1157 1670 1180 autem
1700 1160 1747 1188 per
1765 1153 1802 1180 le-

1017 1204 1089 1232 gem,
1099 1204 1162 1224 cum
1177 1198 1250 1226 enim
1263 1197 1403 1226 Christum
1418 1198 1558 1234 ignoraret
1570 1198 1630 1234 ejus
1642 1198 1802 1234 mysterium

1017 1242 1116 1271 edocta
1127 1247 1178 1271 est.

1053 1287 1186 1324 Gregorii.
1197 1304 1230 1311 —
1245 1289 1314 1318 Cum
1330 1290 1448 1319 dixisset
1463 1291 1594 1326 quoniam
1611 1290 1726 1326 pulchra
1739 1297 1767 1318 es
1777 1293 1804 1317 et

1018 1335 1126 1362 macula
1149 1343 1204 1363 non
1220 1339 1263 1364 est
1282 1336 1310 1364 in
1333 1341 1369 1370 te,
1392 1344 1426 1364 ne
1441 1337 1493 1365 hoc
1512 1337 1673 1365 testimonio
1690 1337 1761 1364 elata
1776 1340 1804 1363 et

1018 1379 1092 1408 facta
1104 1380 1268 1409 insolentior
1280 1382 1461 1418 impediretur
1474 1383 1623 1418 quominus
1642 1382 1803 1410 ascenderet

1018 1425 1053 1453 ad
1075 1426 1190 1461 majora,
1208 1435 1256 1463 per
1277 1427 1348 1455 hanc
1365 1428 1529 1456 adhortandi
1546 1436 1640 1456 vocem
1657 1428 1690 1455 ad
1712 1435 1803 1455 rerum

1020 1479 1200 1507 supernarum
1233 1473 1403 1501 desiderium
1442 1474 1592 1502 ascendere
1628 1473 1802 1501 admonetur.

1022 1518 1106 1547 Recte
1127 1523 1222 1547 secuta
1236 1527 1277 1552 es,
1298 1520 1396 1556 inquit,
1416 1519 1443 1547 in
1458 1519 1687 1556 praecedentibus,
1705 1518 1804 1553 venisti

1023 1570 1130 1590 mecum
1147 1563 1174 1590 in
1191 1569 1312 1592 montem
1329 1564 1447 1600 myrrha;
1460 1572 1467 1590 :
1480 1564 1638 1599 coasepulta
1653 1564 1725 1591 enim
1735 1563 1805 1590 fuis-

1020 1608 1039 1635 ti
1052 1616 1159 1636 mecum
1174 1616 1223 1644 per
1238 1608 1403 1644 baptismum
1419 1609 1447 1637 in
1461 1613 1590 1641 mortem,
1598 1609 1680 1637 simul
1697 1616 1805 1636 mecum

1018 1655 1102 1682 etiam
1117 1655 1268 1683 ascendisti
1278 1656 1304 1683 in
1316 1655 1413 1684 collem
1430 1655 1535 1689 turris;
1557 1663 1618 1682 nam
1631 1654 1806 1683 consurrexi—

1019 1700 1055 1728 sti
1067 1705 1093 1728 et
1109 1701 1136 1728 in
1153 1702 1237 1729 altum
1249 1701 1325 1730 fuisti
1342 1702 1450 1730 sublata
1460 1701 1487 1729 in
1498 1701 1693 1729 cornmunione
1706 1699 1806 1727 divitii-

1019 1746 1086 1774 tatis
1103 1755 1110 1773 :
1128 1747 1247 1775 ascende
1266 1747 1350 1775 etiam
1371 1747 1405 1774 ab
1421 1746 1464 1774 his
1478 1746 1511 1773 ad
1528 1746 1598 1774 alios
1614 1749 1720 1773 montes
1739 1752 1803 1780 pro-

1020 1791 1116 1819 ﬁciens
1132 1796 1159 1819 et
1182 1792 1208 1819 in
1225 1792 1311 1819 altum
1328 1796 1423 1820 evecta
1437 1799 1485 1826 per
1497 1791 1651 1819 evidentem
1675 1789 1807 1825 cognitio-

1020 1844 1094 1864 nem.
1117 1836 1193 1864 Fidei
1213 1844 1333 1871 namque
1355 1836 1403 1863 tibi
1420 1840 1447 1863 et
1469 1834 1502 1862 ad
1526 1835 1687 1862 sublimiora
1713 1832 1806 1868 profe-

1020 1882 1121 1909 ctionis
1132 1880 1296 1916 principium
1313 1881 1363 1908 fuit
1376 1881 1462 1908 hocce
1471 1880 1545 1911 thus,
1556 1879 1637 1914 cujus
1650 1886 1699 1914 per
1711 1885 1806 1905 resur-

1021 1928 1172 1955 rectionem
1187 1927 1326 1962 particeps
1343 1926 1486 1958 exstitisti,
1502 1932 1557 1952 non
1574 1924 1691 1960 amplius
1705 1924 1738 1951 ad
1754 1931 1808 1951 nu-

1022 1973 1092 2008 ptias
1111 1973 1195 2008 petita
1216 1973 1266 2000 sed
1285 1972 1343 2007 jam
1365 1978 1467 2006 sponsa
1481 1970 1578 1998 etfccta
1594 1981 1600 1997 :
1620 1969 1654 1996 ab
1673 1970 1725 1996 hoc
1741 1976 1806 2004 ergo

1021 2018 1167 2054 principio.
1182 2017 1255 2053 quod
1278 2021 1320 2045 est
1342 2017 1420 2049 ﬁdes,
1437 2017 1522 2043 venies
1538 2020 1563 2043 et
1577 2014 1705 2043 transibis
1727 2022 1736 2041 :
1754 2014 1808 2041 hoc

1021 2068 1074 2097 est,
1090 2067 1118 2091 et
1134 2071 1208 2091 nunc
1228 2063 1322 2091 venies
1336 2066 1365 2091 et
1384 2070 1439 2090 non
1454 2061 1576 2090 cessabis
1585 2068 1694 2096 semper
1716 2064 1808 2088 trans-

1022 2111 1062 2139 ire
1084 2117 1132 2146 per
1150 2109 1308 2144 huiusmodi
1334 2109 1512 2136 ascensiones
1537 2117 1554 2135 α
1579 2108 1665 2142 capite
1681 2106 1763 2135 Sam'r
1782 2110 1808 2134 et

1023 2155 1135 2184 Ermon.
1150 2154 1204 2182 Per
1220 2154 1271 2182 hoc
1286 2158 1378 2182 autem
1401 2154 1560 2182 subindicat
1575 2153 1736 2189 mysterium
1760 2160 1810 2180 su-

179 2201 324 2235 ὺποφαίνει
340 2200 506 2236 μυστήριον·
521 2199 646 2226 ἐντεῦθεν
666 2199 731 2236 γὰρ,
749 2200 826 2235 φησὶ,
845 2200 895 2232 τὰς
923 2199 967 2227 τοῦ

1024 2209 1116 2237 ρει-πω
1139 2200 1294 2228 nativitatis
1310 2209 1316 2227 :
1333 2200 1397 2228 hinc
1411 2200 1485 2228 enim
1503 2199 1596 2227 dicent
1613 2205 1726 2226 manare
1748 2198 1810 2225 fon-

186 2246 319 2281 Ἰορδάνου
344 2246 446 2281 πηγὰς,
463 2241 501 2272 ὧν
517 2245 677 2282 ὑπέρκειται
691 2245 771 2272 τοῦτο
787 2245 818 2272 τὺ
834 2245 909 2281 ὅρος,
924 2246 972 2273 δύο

180 2292 287 2326 λοφιαῖς
302 2292 482 2327 μεριζόμενον
491 2312 499 2324 ,
513 2289 558 2323 αἷς
575 2290 665 2318 ταῦτα
679 2291 817 2318 ὲπικειται
830 2291 951 2327 ὀνόματα
961 2301 969 2309 ·

179 2338 210 2365 τὸ
222 2338 250 2365 δὲ
264 2338 318 2365 ἀπὸ
331 2338 445 2365 λεόντων
459 2345 489 2364 τε
500 2337 548 2364 καὶ
560 2337 732 2372 παρδάλεων,
743 2337 797 2364 ἀπὸ
811 2337 972 2365 διαϐολικών

180 2383 297 2418 εἱρκτῶν
323 2383 371 2410 καὶ
397 2383 527 2410 ποικίλων
544 2381 753 2417 ἁμαρτημάτων
764 2401 771 2414 ,
787 2382 835 2417 ἀφ’
849 2379 886 2410 ὧν
899 2383 972 2419 ψυχὴ

180 2429 389 2461 καταστίζεταιο
406 2429 543 2464 ἀνέμνησε
564 2427 593 2454 δὲ
614 2427 670 2454 τῶν
693 2426 834 2462 λυπηρῶν,
849 2428 894 2455 διὰ
915 2429 970 2456 τῶν

180 2474 286 2509 θηριων
296 2473 409 2508 τούτων,
423 2473 490 2509 ἡδίω
502 2474 588 2501 ποιῶν
603 2474 638 2501 τὰ
651 2474 847 2510 εὐφραίνοντα·
865 2475 913 2501 καὶ
926 2475 969 2502 ἵνα

182 2520 285 2554 μᾶλλον
301 2520 443 2556 ἐντρυφῶν
456 2515 513 2552 τοῖς
532 2520 649 2556 παροῦσι
673 2521 782 2553 καλοῖς·
799 2521 970 2556 μανθάνουσα

181 2565 226 2592 διὰ
240 2566 289 2601 τῆς
304 2566 485 2601 παραθέσεως
498 2564 543 2593 οἷα
554 2566 613 2593 ἀνθ’
621 2567 686 2594 οἵων
698 2567 841 2603 ἠλλάξατο,
853 2568 901 2594 καὶ
912 2568 971 2602 ἅμα

181 2613 216 2647 τῇ
229 2613 385 2648 ἀποστροφῇ
396 2612 450 2639 τῶν
464 2612 593 2647 χειρόνων
603 2612 634 2639 τὸ
643 2613 752 2645 ἀκλινές
764 2622 793 2640 τε
805 2613 852 2640 καὶ
863 2613 971 2648 ἁπαρὰο

181 2666 299 2693 τρεπτον
318 2659 347 2685 ἐν
366 2659 422 2689 τοῖς
440 2658 553 2692 ἀγαθοῖς
573 2657 781 2693 κατορθώσειεν.

218 2748 337 2775 Νείλου.
348 2762 383 2768 --
400 2748 483 2774 Πάλιν
496 2747 689 2783 προσκαλεῖται
707 2747 756 2782 μέν
768 2756 810 2780 τις
826 2747 875 2784 τὴν
891 2748 970 2783 Νύμ-

184 2803 254 2829 φην·
269 2795 283 2822 ό
295 2794 323 2820 δὲ
341 2793 598 2830 προσκαλεσάμενος
612 2792 795 2828 σεσιώπηται*
807 2793 862 2820 εἴτε
877 2793 907 2820 δὲ
923 2794 972 2821 αὐ·-

185 2839 231 2871 τὸς
247 2839 261 2866 ὁ
275 2839 401 2875 Νυμῳίος
425 2840 510 2873 ἐστὶν,
523 2839 578 2866 εἴτε
601 2840 624 2866 ei
638 2836 683 2865 τοῦ
709 2837 834 2873 Νυμφίου
859 2838 941 2874 φίλοι,
956 2839 972 2874 ἢ

1024 2252 1065 2275 tes
1079 2246 1220 2279 Iordanis,
1238 2254 1320 2282 super
1342 2253 1413 2280 quos
1427 2245 1499 2273 situs
1515 2249 1558 2273 est
1575 2245 1621 2273 hic
1643 2252 1742 2277 mons;
1761 2244 1809 2279 qui

1023 2291 1156 2320 dividitur
1178 2291 1206 2318 in
1226 2290 1281 2318 duo
1306 2289 1450 2317 cacumina
1472 2289 1573 2324 quibus
1593 2288 1720 2324 imposita
1745 2291 1810 2316 sunt

1024 2339 1082 2366 haec
1098 2337 1210 2365 nomina
1223 2345 1230 2364 :
1249 2344 1264 2363 a
1279 2336 1408 2364 leonibus
1417 2339 1444 2364 et
1453 2335 1557 2370 pardis,
1573 2342 1589 2362 a
1599 2334 1810 2362 diaboliciscar-

1024 2384 1136 2412 ceribus
1149 2388 1176 2411 et
1194 2382 1279 2410 variis
1297 2381 1419 2416 peccatis
1431 2389 1447 2409 a
1459 2381 1560 2417 quibus
1575 2380 1666 2408 anima
1689 2379 1809 2407 suli'oca-

1024 2434 1080 2457 tur.
1094 2429 1216 2457 Meminit
1225 2432 1316 2456 autem
1326 2427 1446 2455 tristium
1459 2434 1507 2463 per
1523 2425 1596 2454 feras
1612 2426 1693 2453 hasce
1706 2429 1736 2452 ut
1746 2432 1810 2452 sua~

1023 2474 1102 2501 viora
1120 2473 1245 2501 redderet
1267 2479 1300 2499 ea
1313 2479 1376 2507 quae
1387 2471 1524 2499 delectant
1541 2475 1569 2498 et
1582 2475 1611 2497 ut
1629 2471 1655 2497 in
1668 2469 1809 2504 prmsenli-

1023 2519 1076 2546 bus
1093 2517 1174 2545 bonis
1190 2516 1325 2552 majorem
1343 2516 1436 2551 capiat
1448 2516 1628 2549 voluptatem,
1638 2514 1747 2542 discens
1761 2521 1813 2549 per.

1023 2562 1259 2598 comparationem
1285 2568 1414 2596 quaenam
1434 2560 1598 2595 quibuscum
1618 2559 1734 2586 mutavit
1743 2567 1755 2585 -:
1782 2562 1811 2585 et

1023 2608 1106 2637 simul
1123 2612 1153 2635 ut
1169 2615 1218 2643 per
1228 2607 1398 2635 aversionem
1413 2606 1448 2633 ab
1459 2606 1494 2633 iis
1505 2612 1566 2640 quae
1578 2608 1643 2632 sunt
1657 2603 1810 2636 deteriora,

1024 2656 1052 2683 in
1075 2654 1156 2683 bonis
1178 2653 1358 2682 stabilitatem
1380 2657 1408 2681 et
1429 2649 1681 2679 immutabilitatem
1702 2649 1810 2678 obtine-

1024 2705 1096 2729 rent.

1061 2747 1129 2776 Nili.
1141 2762 1174 2768 —
1193 2747 1312 2775 Rursum
1327 2746 1489 2773 adhortatur
1497 2744 1560 2780 quis
1586 2743 1732 2779 Sponsam,
1748 2750 1808 2770 mo—

1025 2793 1100 2821 nitor
1113 2796 1204 2820 autem
1223 2792 1331 2823 siletur,
1351 2791 1409 2819 sive
1422 2790 1538 2826 ipsemet
1549 2788 1674 2824 Sponsus
1685 2789 1733 2822 sit,
1749 2789 1808 2816 sive

1027 2838 1109 2873 hujus
1126 2837 1206 2866 amici
1226 2837 1272 2872 qui
1288 2843 1302 2863 a
1317 2835 1432 2871 profano
1448 2835 1507 2863 loco
1526 2834 1613 2870 ipsam
1628 2837 1744 2863 avocant
1767 2833 1810 2864 vel

1780 2997 1909 3028 Α
