2002 3078
257 193 329 227 2355

926 202 1104 234 PROCOPII
1124 204 1246 235 GAZ/EI

1825 206 1895 240 2356

293 248 416 282 CellSent
429 250 567 287 nonnulli,
578 254 722 291 postquam
732 262 827 293 gentes
841 260 982 295 mysteriis
997 261 1049 288 ini-

1139 262 1218 293 Τινὲς
1246 261 1275 288 δὲ
1299 261 1437 296 λέγουσιν,
1465 262 1503 294 ὼς
1533 263 1755 299 μυσταγωγήσας
1777 265 1841 297 τοὺς
1866 266 1895 298 ἐξ

257 298 363 330 tiasset,
376 300 516 335 apostolos
538 301 591 335 iam
612 304 753 338 proposito
769 305 915 337 sermonis,
933 310 960 334 et
975 311 1050 334 cate-

256 344 370 373 cheseos
377 351 552 382 argumento,
562 348 700 377 cont‘ldere
707 349 813 385 jubere,
823 355 987 387 patrumque
995 352 1051 379 vir-

256 395 355 424 tutem,
373 393 455 428 cujus
477 394 516 421 illi
540 395 652 423 nomine
668 396 724 424 Deo
739 397 832 425 dilecti
850 404 1007 430 evaserant,
1022 399 1050 426 in

256 435 416 464 memoriam
442 445 575 467 revocare
596 439 736 469 :Dilmo:
753 448 884 477 prmterea
906 447 933 472 et
954 444 1050 472 electas

257 486 350 516 patres
370 489 465 512 eorum
481 485 636 519 nominare,
653 490 685 514 ut
698 495 730 515 ex
749 488 868 524 ingenua
890 493 918 517 et
943 490 1049 518 liberali

256 528 343 564 stirpe
358 531 513 566 propagat't,
529 532 653 566 patrihus
679 533 735 561 fieri
763 535 877 568 similes,
900 543 1051 572 eorumque

257 575 385 609 pietatem
415 577 518 605 imitari
545 579 686 607 studeant.
715 580 863 614 Abraham,
883 582 982 617 inquit,
1007 591 1052 610 as-

257 623 370 657 sumpsi,
391 631 488 652 vocans
502 632 562 652 eum
577 625 609 652 ab
631 628 757 655 extremis
771 633 859 662 teme,
873 628 919 657 his
934 629 1027 658 verbis
1042 639 1049 657 :

261 675 271 692 I
291 666 428 701 Egredere
441 667 476 696 de
493 672 566 696 terra
583 674 640 704 tua,
657 675 682 699 et
699 670 734 699 de
746 673 912 707 cognatione
925 676 972 701 tua
988 673 1022 701 ".
1038 682 1049 700 ι

260 711 374 745 Deinde,
399 720 415 739 a
438 714 637 743 summitatibus
661 715 719 750 ait;
743 717 809 752 quia
837 722 963 746 montosa
991 725 1053 747 esse

257 757 447 786 Chaldaeorum
457 764 529 788 terra
540 765 669 790 narratur
681 764 770 796 )unde
780 763 934 792 idololatria
944 772 1052 794 summa

258 803 403 833 laborasse
416 805 567 833 Abrahami
580 811 708 842 posteros
719 809 894 843 signiﬁcavit.
906 809 1052 846 Deinceps,

260 853 390 885 tanquam
407 851 441 879 de
456 853 587 880 universo
615 853 715 882 lsraele
741 855 869 890 locutus;
897 856 963 884 Dixi
992 857 1052 891 tibi,

260 896 345 929 addit,
361 904 426 931 puer
440 906 566 934 meuset.
584 898 633 928 Est
648 900 722 928 enim
736 904 763 928 et
778 901 837 937 ipse
854 902 1055 938 primogenitus

261 947 447 978 nuncupatus,
476 952 566 980 neque
589 953 607 972 a
626 945 693 978 Deo,
719 954 734 974 a
753 934 808 982 quo
829 934 926 975 electus
944 934 1052 982 “fuerat,
1069 934 1090 962 Β

261 988 424 1023 derelictus;
437 998 499 1018 cum
514 991 549 1019 ab
558 991 656 1019 eodem
672 993 765 1021 audiat
778 1003 785 1021 :
799 993 841 1021 Ne
852 995 955 1028 timeas,
972 1004 1054 1032 neque

260 1043 343 1064 erres.
359 1035 414 1072 Ego
428 1037 498 1065 enim
514 1046 573 1065 sum
590 1038 661 1066 Deus
683 1043 755 1075 tatus,
778 1041 825 1076 qui
847 1041 996 1075 eonfartavi
1013 1047 1054 1076 te;

260 1089 293 1110 eo
309 1086 431 1118 tempore
455 1084 596 1117 nimirum,
615 1092 670 1120 quo
691 1085 794 1121 ipsum,
818 1087 878 1122 lege
901 1088 1053 1124 proposita,

261 1128 467 1166 Deumruttum,
492 1134 520 1157 et
536 1131 681 1159 Dominum
706 1139 789 1160 unum
815 1140 886 1167 esse,
905 1135 986 1169 eique
1002 1135 1054 1163 soli

261 1175 435 1203 serviendum
448 1176 559 1210 docuit;
575 1185 639 1205 cum
654 1178 773 1214 denique
786 1178 925 1215 Unigeniti
943 1181 1054 1209 dextera

261 1221 433 1250 devictarum
447 1223 570 1258 gentium
584 1224 771 1253 hmreditatem
788 1225 865 1254 adire
876 1226 951 1255 fecit.

299 1268 348 1296 Sin
365 1273 458 1297 autem
471 1270 505 1297 ad
519 1270 639 1305 priorem
652 1270 908 1306 interpretationem
920 1273 1052 1309 respicis:

263 1314 299 1342 ab
323 1315 383 1350 ipsa
409 1317 515 1344 seminis
539 1316 652 1344 Abrahw
677 1318 825 1352 mentione,
849 1319 882 1346 ad
908 1319 1054 1354 apostolici

261 1361 339 1389 chori
355 1361 517 1389 electionem
535 1362 636 1391 iterum
649 1364 816 1398 revertitur;
832 1365 878 1400 qui
902 1373 967 1400 puer
981 1374 1054 1393 meus

262 1407 353 1441 dicat;
369 1412 416 1435 aut
431 1407 515 1444 458
539 1409 690 1437 secundum
714 1410 872 1446 Symmachi
891 1411 1055 1447 interpreta-

263 1452 366 1479 tionem
383 1460 472 1480 servus
498 1461 582 1486 meus,
602 1461 656 1489 qua
681 1455 788 1483 ratione
811 1460 839 1483 et
857 1455 959 1484 Paulus
981 1456 1054 1484 servi

263 1497 396 1532 nomine,
428 1503 557 1533 tauquam
586 1500 723 1534 praeclarae
747 1501 889 1537 dignitatis
917 1502 1053 1538 alicujus,

261 1545 407 1576 gloriatur.
430 1544 502 1578 Quin
514 1549 541 1573 et
556 1546 627 1581 apud
647 1547 809 1582 prophetam
827 1553 920 1583 postea
944 1556 951 1574 :
971 1558 980 1575 ι
998 1548 1056 1576 Ma-

263 1598 347 1624 gnum
363 1590 412 1619 tibi
428 1595 470 1619 est
483 1591 578 1619 vocari
595 1599 704 1620 servum
727 1601 829 1628 meum,
845 1594 970 1622 invenias
985 1595 1019 1623 ".
1043 1605 1053 1622 ι
1071 1603 1093 1633 c

264 1636 298 1665 Et
310 1637 356 1666 hic
366 1641 499 1673 praeterea
512 1638 643 1671 electioni,
658 1639 809 1667 servitutem
830 1641 974 1676 praeponit.
994 1641 1059 1669 Ele-

265 1684 379 1711 ctionem
398 1691 465 1712 vero
482 1684 515 1712 ad
535 1684 714 1721 Evangelium
730 1687 860 1721 gentibus
879 1687 1059 1723 promulgan-

269 1731 335 1759 dutu
346 1730 482 1764 excitans,
499 1730 566 1759 Noli
576 1737 698 1765 metuere,
713 1733 814 1768 inquit,
829 1741 875 1769 ego
891 1738 974 1760 tecum
987 1742 1057 1762 sum.

269 1781 353 1810 Juxta
371 1779 454 1807 illud:
468 1788 479 1805 ι
489 1778 621 1815 Ecceego
636 1780 778 1807 vobiscum
789 1788 848 1808 sum
859 1780 988 1808 omnibus
1003 1779 1061 1808 die-

265 1828 329 1860 bus,
355 1834 444 1862 usque
466 1826 499 1854 ad
528 1826 796 1854 consummationem
820 1826 913 1853 saeculi
925 1825 958 1853 ³⁴.
977 1835 986 1851 ›
1005 1825 1059 1854 Sed

266 1875 339 1906 vide,
364 1882 397 1901 ne
421 1881 503 1904 erres,
531 1873 640 1907 adjicit;
659 1872 706 1908 qui
729 1876 776 1900 tua
800 1876 827 1900 te
849 1872 932 1900 unius
957 1872 1060 1900 virtute

266 1924 350 1948 tantae
375 1919 590 1956 promulgationi
613 1919 682 1947 satis
706 1926 768 1947 esse
793 1926 874 1954 posse
903 1918 1059 1947 arbitreris.

267 1967 338 2001 Quid
350 1967 423 1995 enim
435 1974 480 1994 me
496 1966 620 1999 absente,
637 1965 743 2000 tibique
756 1964 831 1993 vires
846 1964 980 1992 adversus
995 1968 1060 1992 tan-

269 2019 312 2042 tas
328 2014 457 2042 miserias
474 2021 526 2041 non
545 2012 750 2048 suppeditante,
767 2011 895 2040 facturus
907 2011 991 2039 eras?
1005 2011 1061 2047 Ego

267 2060 341 2089 enim
354 2065 389 2093 te,
408 2068 443 2087 ne
469 2066 623 2094 praeconem
652 2058 744 2093 agenti
762 2057 913 2094 quidquam
929 2057 1060 2091 olliceret,

267 2110 400 2141 tanquam
426 2104 556 2139 prmsidio
574 2103 742 2131 muniebam.
770 2102 867 2138 itaque
888 2106 951 2130 tuos
968 2102 1062 2130 adver-

269 2152 356 2179 sarios
369 2150 448 2178 nihili
463 2149 559 2178 iacias.
582 2149 669 2176 Erunt
684 2149 755 2176 enim
772 2149 850 2183 quasi
867 2157 919 2176 non
933 2149 998 2181 sint,
1013 2148 1061 2184 qui

268 2204 324 2224 non
345 2196 382 2223 ita
397 2195 503 2230 pridem
528 2194 672 2222 saevientes
688 2193 793 2229 aliquid
808 2201 871 2222 esse
884 2193 1061 2228 videbantur,

1101 307 1199 338 ἐθνῶν,
1216 307 1424 343 παραθαρῥύνει
1435 308 1498 340 τοὺς
1512 309 1690 343 ἀποστόλους,
1707 310 1742 336 δι’
1761 305 1800 337 ὧν
1815 310 1896 346 ἠμελ-

1101 352 1130 379 λε
1143 353 1189 380 τὸν
1211 352 1261 387 τῆς
1287 353 1468 389 κατηχήσεως
1485 354 1621 381 ποιεῖσθαι
1659 355 1754 389 λόγον·
1779 356 1826 382 καὶ
1845 356 1896 391 τῆς
1937 365 1944 370 ·

1101 398 1157 425 τῶν
1172 399 1300 434 πατέρων
1325 399 1424 430 αὐτοὺς
1448 399 1607 434 ὑπέμνησεν
1617 400 1729 436 ἀρετῆς,
1742 400 1772 434 ἐξ
1793 398 1868 437 ἥπερ
1882 405 1893 419 ι

1101 444 1261 480 ἠταπῶντο
1271 444 1348 480 παρὰ
1358 444 1436 472 Θεοῦ.
1455 445 1641 480 ’Δταπητοὺς
1653 445 1682 472 δὲ
1694 446 1742 473 καὶ
1755 446 1896 481 ἐκλελεγ-

1100 492 1215 527 μένους
1229 492 1293 523 τοὺς
1314 492 1437 526 πατέρας
1463 492 1572 525 καλῶν,
1591 491 1630 524 ὡς
1656 492 1689 519 ἐκ
1711 492 1791 528 ῥίζης
1816 492 1896 524 ὂντας

1102 539 1166 571 τοὺς
1185 538 1215 571 ἐξ
1236 538 1328 565 αὐτῶν
1358 538 1486 573 εὐγενοῦς
1504 538 1515 557 ⁸
1545 537 1665 574 ζηλῶσαι
1687 538 1752 571 τοὺς
1775 539 1897 575 πατέρας

1103 584 1270 621 παρακαλεῖ,
1284 584 1333 612 καὶ
1351 584 1401 620 τὴν
1424 585 1538 612 ἐκείνων
1553 584 1696 612 εὐσέϐειαν
1708 592 1715 599 ·
1734 584 1834 619 λέγων,
1857 584 1896 616 ὡς

1103 631 1157 658 τοῦ
1188 631 1316 666 Ἀϐραὰμ
1336 630 1534 662 ἀντελάϐετο,
1561 630 1696 664 καλέσας
1722 630 1831 658 τοῦτον
1861 630 1897 663 ἐξ

1102 677 1196 712 ἄκρου
1206 676 1262 712 τῆς
1280 676 1346 712 γῆς,
1362 676 1448 703 εἰπών
1459 685 1466 692 ·
1491 676 1620 709 «Ἔξελθε
1635 676 1689 703 ἀπὸ
1704 677 1755 712 τῆς
1770 677 1824 712 γῆς
1837 685 1897 711 σου,

1103 723 1150 750 καὶ
1169 722 1224 749 ἀπὸ
1239 723 1288 757 τῆς
1304 720 1465 756 συγγενείας
1484 729 1543 748 σου.
1561 731 1570 747 ι
1595 721 1734 749 Σκοπιῶν
1752 721 1781 748 δέ
1802 730 1897 758 φησιν.

1103 767 1254 803 ἐπειδήπερ
1270 767 1381 803 ὀρεινὴν
1399 764 1529 803 εἶναιτὴν
1541 767 1677 794 Χαλδαίαν
1693 768 1846 804 ἱστόρηται,
1864 769 1898 796 δι’

1103 809 1142 840 ὧν
1157 813 1186 839 ὲν
1201 811 1280 847 ἄκρῳ
1301 812 1351 847 τῆς
1373 811 1597 848 είδωλολατρείας
1615 810 1686 840 εἶναι
1700 813 1747 840 τὸν
1771 813 1900 849 Ἀϐραὰμ

1104 859 1279 896 ἐσημαίνετο.
1305 857 1373 886 Εἶτά
1401 867 1484 894 φησιν
1512 858 1551 890 ὡς
1567 859 1633 895 περὶ
1655 859 1757 891 παντὸς
1778 859 1898 895 Ἰσραὴλ,

1105 907 1146 933 ὅτι
1161 904 1239 933 Εῒπά
1255 913 1320 933 σοι·
1334 905 1408 938 Παῖς
1423 913 1484 940 μου
1501 902 1538 932 εἲ.
1559 904 1736 940 Πρωτότοκος
1752 905 1807 941 γὰρ
1832 905 1900 932 ὠνό-

1107 961 1218 988 μασται.
1236 951 1371 987 Γεγονότα
1388 960 1418 978 τε
1428 951 1523 979 τοῦτον
1547 951 1717 979 dadis-utor
1733 951 1783 979 οὐκ
1799 952 1899 986 ἐγκατ-

1105 999 1198 1027 έλιπεν
1217 999 1232 1026 ό
1251 997 1328 1030 Θεός.
1352 997 1426 1034 Πρὸς
1453 998 1484 1025 ὅν
1506 1006 1592 1033 φησι·
1620 997 1668 1032 Μὴ
1689 997 1793 1033 φοϐοῦ,
1820 997 1899 1033 μηδὲ

1105 1045 1228 1072 πλανῶ·
1246 1043 1304 1079 ἐγὼ
1324 1042 1380 1079 γάρ
1405 1045 1464 1078 ειμι
1480 1044 1497 1071 ό
1519 1044 1592 1077 Oed;-
1611 1051 1681 1076 σου,
1700 1044 1716 1070 d
1729 1043 1900 1078 ἐνισχύσας

1104 1099 1152 1119 σε.
1173 1090 1286 1124 Διδάξας
1301 1090 1383 1117 αὑτὸν
1407 1089 1452 1117 διὰ
1469 1089 1517 1116 τοῦ
1540 1089 1635 1125 νόμου,
1653 1090 1694 1117 ὅτι
1712 1089 1760 1116 καὶ
1779 1089 1844 1121 Θεὸς
1859 1087 1900 1121 εἷς

1105 1138 1174 1170 ἐστι,
1188 1137 1235 1164 καὶ
1249 1137 1352 1172 Κύριος
1368 1133 1418 1168 εἷς,
1431 1135 1479 1162 καὶ
1493 1135 1568 1171 αὐτῷ
1585 1134 1640 1172 χρὴ
1657 1135 1731 1171 μόνῳ
1744 1135 1900 1171 λατρεύειν,

1104 1184 1148 1212 διὰ
1179 1184 1229 1219 τῆς
1251 1182 1319 1214 ιδίας
1342 1181 1445 1215 δεξιᾶς
1466 1181 1515 1209 τοῦ
1529 1181 1700 1216 Μονογενοῦς
1730 1181 1901 1218 κληρονόμον

1105 1229 1225 1263 ποιήσας
1239 1227 1326 1255 ἐθνῶν
1343 1227 1517 1262 ἡττημένων.

1142 1273 1219 1299 Κατὰ
1240 1271 1269 1298 δὲ
1288 1271 1339 1306 τὴν
1360 1271 1473 1306 πρώτην
1492 1271 1634 1306 ἐξήγησιν,
1656 1271 1711 1298 τοῦ
1728 1272 1900 1306 σπέρματος

1111 1316 1236 1351 Ἀϐραὰμ
1249 1316 1452 1352 μνημονεύσας,
1471 1315 1518 1342 ἐπὶ
1531 1316 1581 1351 τὴν
1593 1316 1640 1342 τοῦ
1657 1315 1837 1343 ἀποστολικοῦ
1853 1324 1902 1351 χο-

1106 1361 1154 1399 ροῦ
1179 1361 1261 1389 πάλιν
1284 1361 1439 1397 ἀνέδραμεν
1465 1361 1594 1396 ἐκλογὴν,
1626 1360 1698 1393 παῖς
1714 1369 1774 1396 μου
1801 1361 1901 1395 λέγων,

1105 1407 1178 1436 κατὰ
1193 1407 1221 1434 δὲ
1235 1408 1299 1439 τοὺς
1310 1407 1430 1441 λοιποὺς,
1441 1407 1543 1441 δοῦλε,
1560 1408 1604 1442 ἐφ’
1617 1405 1639 1442 ᾧ
1649 1408 1697 1435 καὶ
1708 1407 1813 1439 Παῦλος
1829 1407 1903 1443 μέγα

1106 1454 1224 1490 φρονῶν,
1240 1453 1334 1481 δοῦλον
1349 1454 1457 1487 ἑαυτὸν,
1470 1453 1508 1486 ὡς
1521 1454 1575 1481 ἀπό
1588 1463 1660 1486 τινος
1676 1454 1806 1482 ἐκάλεσεν
1817 1454 1902 1486 ἀξιώ-

1108 1510 1203 1537 ματος.
1218 1501 1274 1528 Καὶ
1290 1499 1394 1537 προϊὼν
1415 1500 1470 1536 γὰρ
1486 1500 1501 1527 ὁ
1527 1501 1671 1536 προφήτης
1698 1502 1772 1536 ἐρεῖ·
1795 1509 1805 1526 ‹
1821 1500 1905 1534 Μέγα

1107 1547 1148 1574 σοί
1162 1548 1220 1574 ἐστι
1233 1546 1280 1573 τοῦ
1294 1545 1428 1582 κληθῆναί
1448 1554 1478 1573 σε
1494 1545 1578 1573 παῖδά
1595 1554 1656 1581 μου.
1679 1556 1689 1573 t
1707 1545 1856 1573 Κάνταῦθα
1872 1545 1903 1572 δὲ

1110 1593 1191 1621 πάλιν
1205 1591 1260 1627 τῆς
1284 1592 1417 1627 ἐκλογῆς
1439 1591 1497 1626 τὴν
1510 1591 1654 1620 δουλείαν
1667 1592 1829 1629 προέταξεν.
1845 1593 1905 1619 Πα-

1111 1639 1290 1676 ραθαρρύνων
1305 1638 1333 1665 δὲ
1347 1638 1404 1672 τὴν
1418 1637 1551 1673 ἐκλογὴν
1564 1638 1631 1673 πρὸς
1651 1638 1681 1665 τὸ
1694 1639 1760 1666 πᾶσι
1773 1638 1804 1665 τὸ
1817 1639 1905 1673 Εὐαγ-

1110 1686 1201 1720 γέλιον
1216 1684 1335 1721 κηρύξαι
1349 1686 1405 1716 τοῖς
1416 1684 1520 1711 ἔθνεσιν
1530 1693 1538 1701 ·
1552 1684 1601 1718 Μὴ
1616 1684 1721 1719 φοϐοῦ,
1737 1684 1908 1720 φησί’μετὰ

1110 1731 1169 1759 σοῦ
1184 1730 1239 1766 γάρ
1257 1733 1325 1765 εἰμι.
1340 1730 1420 1758 Κατὰ
1435 1730 1475 1757 τό·
1498 1740 1507 1756 t
1520 1730 1584 1757 Ἰδοὺ
1600 1730 1657 1765 ἐγὼ
1672 1730 1732 1765 μεθ’
1748 1730 1827 1765 ὑμῶν
1847 1730 1906 1765 είμι

1111 1778 1202 1809 πάσας
1217 1777 1266 1808 τὰς
1284 1776 1400 1812 ἡμέρας,
1416 1776 1469 1806 ἕως
1484 1775 1534 1811 τῆς
1548 1775 1704 1808 συντελείας
1718 1775 1764 1802 τοῦ
1776 1775 1885 1807 αίῶνος.
1895 1784 1905 1803 t

1118 1823 1199 1850 Ἀλλὰ
1215 1824 1293 1858 μηδὲ
1321 1822 1437 1855 πλανῶ,
1458 1823 1552 1858 φησὶν,
1579 1822 1693 1858 νομίσας
1721 1822 1775 1858 ἰδίᾳ
1791 1821 1908 1857 δυνάμει

1111 1871 1180 1906 πρὸς
1206 1869 1334 1897 τοσοῦτον
1356 1869 1504 1905 ἐξαρκέσαι
1528 1869 1560 1896 τὸ
1587 1870 1727 1904 κήρυγμα.
1745 1868 1779 1894 Τί
1803 1868 1859 1903 γὰρ
1873 1867 1911 1895 ἂν

1111 1915 1246 1951 ἔπραξας,
1265 1915 1302 1951 μὴ
1317 1915 1453 1950 παρόντος
1470 1914 1549 1950 ἐμοῦ,
1567 1914 1615 1941 καὶ
1632 1914 1700 1949 πρὸς
1718 1912 1910 1949 ταλαιπωρίας

1111 1960 1261 1996 καρτερίαν
1291 1959 1487 1996 ὲμϐάλλοντος;
1515 1959 1572 1994 ἐγώ
1607 1967 1638 1986 σε
1661 1958 1716 1994 γὰρ
1744 1959 1909 1994 ἐφρούρουν,

1112 2007 1181 2043 πρὸς
1198 2007 1228 2034 τὸ
1258 2006 1342 2042 μηδὲν
1372 2005 1499 2041 ἐμποδῶν
1516 2013 1557 2032 σοι
1584 2004 1711 2040 γενέσθαι
1733 2004 1909 2040 κηρύττοντι.

1115 2052 1178 2080 Τῶν
1199 2049 1247 2080 οὖν
1272 2050 1499 2086 ἀνθισταμένων
1525 2050 1629 2086 μηδένα
1654 2049 1790 2083 πεποίησο
1817 2049 1909 2082 λόγον.

1115 2099 1259 2126 Ἔσονται
1272 2097 1329 2132 γὰρ
1342 2097 1386 2130 εὶς
1399 2096 1500 2129 οὐδὲν,
1512 2097 1538 2123 oi
1557 2095 1625 2131 πρὸς
1641 2094 1731 2129 ὀλίγον
1750 2095 1778 2120 ὲν
1793 2093 1832 2129 τῷ
1846 2092 1912 2120 διώ-

1113 2151 1174 2171 κειν
1190 2141 1261 2171 εἷναί
1276 2152 1302 2170 τι
1316 2142 1453 2176 δόξαντες,
1469 2138 1508 2169 ὧν
1525 2141 1557 2168 τὸ
1577 2141 1654 2173 τέλος
1673 2140 1808 2168 ἀπώλεια.
1829 2139 1914 2166 Κατὰ

1112 2190 1153 2217 τό·
1173 2199 1183 2216 t
1199 2187 1278 2216 Εἶδον
1294 2188 1340 2216 τὸν
1361 2188 1447 2223 ἀσεϐῆ
1474 2186 1711 2223 ὑπερυψοὺμενον,
1737 2185 1787 2212 καὶ
1802 2185 1914 2220 παρῆλα

262 2249 332 2269 cum
348 2241 384 2269 sit
402 2248 498 2268 eorum
526 2239 588 2267 linis
604 2239 748 2273 interitus;
763 2239 842 2275 juxta
859 2239 927 2266 illud
943 2247 950 2266 :
970 2247 979 2265 ι
999 2238 1058 2266 Vidi

1115 2235 1171 2270 θον,
1186 2234 1298 2262 καὶίδοὺ
1310 2235 1361 2261 οὐκ
1370 2232 1414 2270 ἦν.
1432 2243 1441 2259 I
1454 2248 1487 2253 —
1499 2243 1508 2260 ι
1522 2233 1619 2269 Οίγὰρ
1636 2231 1813 2268 φρονοῦντες.
1828 2231 1913 2266 φησι,

268 2288 382 2323 impium
394 2286 546 2314 exaltatum
559 2286 688 2319 maxime,
701 2289 729 2314 et
741 2285 867 2318 transivi,
879 2289 906 2313 et
922 2292 987 2313 ecce
1006 2292 1058 2312 non

1115 2282 1150 2309 τὰ
1163 2281 1265 2317 ὑψηλὰ,
1280 2281 1370 2316 δεινὴν
1386 2280 1433 2307 καὶ
1455 2280 1588 2315 ἀδόκητον
1614 2278 1781 2314 ὑπομένουσι
1801 2286 1916 2313 συντρι-

269 2337 329 2360 erat
342 2332 376 2359 ³⁸.
396 2341 406 2358 ι
428 2341 437 2357 ι
455 2331 508 2364 Qui
526 2330 600 2359 enim
615 2331 702 2358 altum
732 2331 857 2366 sapiunt,
877 2330 982 2365 inquit,
997 2337 1062 2365 gra-

271 2386 329 2406 vem
353 2380 380 2405 et
406 2377 623 2412 inexspectatum
646 2377 754 2404 ruinam
781 2376 922 2411 patiuntur
937 2376 970 2402 ³⁸.
999 2384 1008 2401 ι
1030 2374 1062 2402 Et

270 2431 406 2451 rursum:
427 2432 437 2449 ι
460 2422 512 2456 Qui
536 2422 661 2450 excelsas
684 2421 756 2450 aedes
779 2421 927 2453 construit,
953 2420 1061 2447 ruinam

270 2473 349 2504 parat
370 2469 402 2497 ³⁷.
430 2478 440 2495 ι
458 2469 492 2496 At
512 2469 579 2496 illud
603 2477 610 2496 :
637 2467 694 2502 Ego
710 2467 860 2494 auxiliata:
875 2475 935 2494 sum
953 2466 1012 2498 tibi,
1028 2474 1060 2494 ne

272 2516 376 2548 timeas,
391 2516 486 2543 vermis
503 2513 597 2547 Iacob,
610 2522 664 2542 non
678 2514 839 2549 agnoscitur
855 2512 889 2539 ab
907 2511 1067 2546 interpreti-

271 2559 323 2587 hus
345 2558 538 2594 Septuaginta.
570 2556 676 2585 Deinde
701 2558 798 2584 vermis
827 2557 897 2585 idem
932 2556 1064 2590 nomine,

270 2605 344 2640 quod
357 2605 433 2633 eiecti
457 2609 548 2636 antea,
564 2604 742 2639 signiﬁcavit,
760 2603 819 2631 sive
832 2602 907 2638 quod
921 2603 1019 2630 vermis
1036 2603 1064 2630 in

272 2651 383 2679 modum
410 2650 616 2678 incredulorutu
632 2649 715 2677 urbes
743 2650 951 2684 subingressus,
968 2657 1066 2685 super—

273 2697 395 2725 stitionis
420 2704 541 2725 errorem
560 2695 687 2724 funditus
705 2703 740 2723 cx
765 2696 908 2723 hominum
928 2696 1066 2724 mentibus

272 2743 432 2778 exstirparit
458 2751 465 2770 :
488 2743 546 2771 sive
576 2743 650 2778 quod
677 2741 754 2769 humi
771 2749 888 2777 serpens
908 2743 967 2778 ipsa
983 2743 1065 2769 ctiam

1113 2328 1174 2363 ϐήν.
1195 2336 1206 2353 ι
1223 2326 1279 2354 Καὶ
1302 2326 1384 2353 πάλιν
1398 2335 1404 2341 ·
1426 2326 1493 2357 «Ὃς
1517 2325 1620 2360 ὑψηλὸν
1640 2325 1714 2351 ποιεῖ
1737 2323 1783 2350 τὸν
1812 2322 1915 2350 ἑαυτοῦ

1112 2371 1197 2406 οἶκον,
1211 2373 1288 2407 ζητεί
1300 2371 1454 2406 συντριϐήν.
1470 2381 1480 2396 ι
1494 2371 1531 2397 Τὸ
1544 2370 1584 2402 δὲ,
1599 2369 1671 2404 Ἐγὼ
1682 2367 1836 2402 ἐϐοήθησά
1849 2375 1917 2403 σοι,¹

1111 2418 1152 2453 μὴ
1180 2418 1284 2453 φοϐοῦ,
1303 2416 1428 2450 σκώληξ
1448 2415 1562 2448 Ἰακὼϐ,
1583 2416 1613 2442 οὐ
1641 2417 1730 2445 κεῖται
1753 2415 1830 2449 παρὰ
1855 2416 1917 2446 τοῖς

1117 2464 1329 2500 Ἑϐδομήκοντα.
1344 2462 1489 2496 Σκὼληκα
1513 2461 1541 2488 δὲ
1556 2461 1777 2499 προσηγόρευσεν
1793 2460 1824 2487 δν
1845 2469 1917 2496 προρ

1115 2510 1207 2537 λαϐὼν
1223 2509 1352 2536 ἐκάλεσεν
1366 2507 1521 2538 ἐκλεκτὸν,
1535 2506 1580 2533 διὰ
1596 2506 1632 2532 τὸ
1656 2506 1817 2539 σκώληκος
1831 2506 1918 2539 δίκην

1114 2555 1170 2582 τῶν
1189 2554 1314 2583 ἀπίστων
1330 2553 1379 2585 τὰς
1404 2553 1497 2584 πόλεις
1520 2551 1706 2587 ὗποδυόμονον
1725 2550 1776 2587 τὴν
1789 2550 1918 2577 δεισιδαί-

1117 2610 1186 2637 μονα
1202 2600 1308 2635 πλάνην
1332 2598 1363 2632 ὲξ
1387 2598 1470 2626 αὑτοῦ
1497 2597 1597 2633 βάθους
1611 2598 1663 2632 τῆς
1691 2596 1746 2624 τῶν
1758 2595 1918 2632 ἀνθρώπων

1115 2646 1286 2684 ἐξαφανίζειν
1310 2646 1412 2682 ψυχῆς,
1437 2645 1483 2672 καὶ
1497 2646 1539 2672 ὅτι
1554 2653 1608 2680 περ
1620 2644 1728 2676 εὐτελὲς
1747 2645 1794 2671 καὶ
1814 2643 1917 2670 ἰδιωτι-

1121 2695 1168 2722 κὸν
1183 2695 1238 2721 τῶν
1258 2693 1417 2720 ἀποστόλων
1433 2692 1552 2728 ὑπάρχει
1575 2691 1606 2718 τὸ
1630 2691 1772 2727 κήρυγμα.
1793 2689 1874 2717 Οὕτω
1890 2691 1918 2725 γ’

1120 2739 1168 2768 οὖν
1184 2740 1327 2771 καὶμαύτὺς
1342 2739 1371 2766 ὲν
1390 2737 1492 2774 ψαλμῷ
1515 2745 1597 2773 φησιν
1616 2737 1631 2763 ὁ
1646 2737 1754 2772 Σωτήρ
1773 2744 1783 2761 t
1795 2735 1867 2770 Ἐγὼ
1887 2735 1918 2762 δέ

310 2842 332 2858 ⁸³
351 2840 420 2870 Gen.
433 2849 482 2876 xtl,
498 2843 522 2870 l.
554 2842 578 2859 “
596 2843 648 2872 lsa.
666 2842 775 2874 xttx,6.
815 2842 837 2859 ”
855 2842 951 2870 Matth.
972 2842 1124 2873 xxvut,20.
1161 2840 1183 2858 ³³
1204 2840 1278 2868 Psal.
1297 2847 1389 2873 xxxvi,
1417 2837 1462 2867 33.
1498 2837 1521 2854 ³⁸
1537 2837 1621 2866 Prov.
1634 2844 1701 2871 xvu,
1723 2836 1767 2865 l9.
1805 2835 1828 2852 ³⁷
1846 2834 1919 2864 ibid.

933 2899 1046 2927 \'.~\R|.F.
1065 2897 1265 2926 Lliti'l‘IONliS.

312 2939 322 2955 ³
336 2945 381 2970 7r.
395 2933 528 2973 Etp'ﬁttap.
576 2937 583 2954 ¹
602 2945 648 2970 rp.
666 2935 799 2970 εὐγενεῖς.
