  <div class='ocr_page' id='page_1' title='image "/cluster/home/n/w/nwhite01/storage/ocr_20150623/87, pt.2/njp.32101010943809/436.png"; bbox 0 0 2002 3078; ppageno 0'>
   <div class='ocr_carea' id='block_1_1' title="bbox 147 163 217 196">
    <p class='ocr_par' dir='ltr' id='par_1_1' title="bbox 147 163 217 196">
     <span class='ocr_line' id='line_1_1' title="bbox 147 163 217 196; baseline -0.014 0"><span class='ocrx_word' id='word_1_1' title='bbox 147 163 217 196; x_wconf 78' lang='grc'><strong>2357</strong></span> 
     </span>
    </p>
   </div>
   <div class='ocr_carea' id='block_1_2' title="bbox 711 164 1205 196">
    <p class='ocr_par' dir='ltr' id='par_1_2' title="bbox 711 164 1205 196">
     <span class='ocr_line' id='line_1_2' title="bbox 711 164 1205 196; baseline -0.002 -1"><span class='ocrx_word' id='word_1_2' title='bbox 711 164 978 196; x_wconf 82' lang='lat' dir='ltr'><strong>COMMENTARII</strong></span> <span class='ocrx_word' id='word_1_3' title='bbox 995 164 1037 195; x_wconf 86' lang='lat' dir='ltr'><strong>IN</strong></span> <span class='ocrx_word' id='word_1_4' title='bbox 1061 165 1205 195; x_wconf 77' lang='lat' dir='ltr'><strong>ISAIAM.</strong></span> 
     </span>
    </p>
   </div>
   <div class='ocr_carea' id='block_1_3' title="bbox 1705 159 1775 190">
    <p class='ocr_par' dir='ltr' id='par_1_3' title="bbox 1705 159 1775 190">
     <span class='ocr_line' id='line_1_3' title="bbox 1705 159 1775 190; baseline 0.014 -1"><span class='ocrx_word' id='word_1_5' title='bbox 1705 159 1775 190; x_wconf 73' lang='lat'><strong>2358</strong></span> 
     </span>
    </p>
   </div>
   <div class='ocr_carea' id='block_1_4' title="bbox 142 217 951 257">
    <p class='ocr_par' dir='ltr' id='par_1_4' title="bbox 142 219 951 257">
     <span class='ocr_line' id='line_1_4' title="bbox 142 219 951 257; baseline 0.002 -10"><span class='ocrx_word' id='word_1_6' title='bbox 142 230 200 255; x_wconf 86' lang='grc' dir='ltr'>ειμι</span> <span class='ocrx_word' id='word_1_7' title='bbox 217 219 336 256; x_wconf 82' lang='grc' dir='ltr'><strong>σκώληξ,</strong></span> <span class='ocrx_word' id='word_1_8' title='bbox 363 221 410 248; x_wconf 77' lang='grc' dir='ltr'>καὶ</span> <span class='ocrx_word' id='word_1_9' title='bbox 433 221 483 248; x_wconf 79' lang='grc' dir='ltr'>οὐκ</span> <span class='ocrx_word' id='word_1_10' title='bbox 499 221 653 257; x_wconf 77' lang='grc' dir='ltr'>ἅνθρωπος.</span> <span class='ocrx_word' id='word_1_11' title='bbox 673 229 682 247; x_wconf 70' lang='grc' dir='ltr'><strong>ι</strong></span> <span class='ocrx_word' id='word_1_12' title='bbox 713 221 890 257; x_wconf 76' lang='grc' dir='ltr'>ὀλιγοστὸν</span> <span class='ocrx_word' id='word_1_13' title='bbox 906 221 934 248; x_wconf 79' lang='grc' dir='ltr'><strong>δὲ</strong></span> <span class='ocrx_word' id='word_1_14' title='bbox 950 248 951 251; x_wconf 42' lang='grc' dir='ltr'><strong>η</strong></span> 
     </span>
    </p>
   </div>
   <div class='ocr_carea' id='block_1_5' title="bbox 1004 217 1775 257">
    <p class='ocr_par' dir='ltr' id='par_1_5' title="bbox 1004 217 1775 257">
     <span class='ocr_line' id='line_1_5' title="bbox 1004 217 1775 257; baseline -0.008 -8"><span class='ocrx_word' id='word_1_15' title='bbox 1004 226 1060 250; x_wconf 85' lang='lat' dir='ltr'><strong>sset</strong></span> <span class='ocrx_word' id='word_1_16' title='bbox 1073 222 1260 257; x_wconf 77' lang='lat' dir='ltr'><strong>apostolorum</strong></span> <span class='ocrx_word' id='word_1_17' title='bbox 1287 219 1456 256; x_wconf 59' lang='lat' dir='ltr'><strong>pradicatio.</strong></span> <span class='ocrx_word' id='word_1_18' title='bbox 1471 217 1517 246; x_wconf 90' lang='lat' dir='ltr'><strong>Sic</strong></span> <span class='ocrx_word' id='word_1_19' title='bbox 1531 217 1614 252; x_wconf 77' lang='lat' dir='ltr'><strong>igitur</strong></span> <span class='ocrx_word' id='word_1_20' title='bbox 1630 221 1657 244; x_wconf 89' lang='lat' dir='ltr'><strong>ct</strong></span> <span class='ocrx_word' id='word_1_21' title='bbox 1671 217 1731 252; x_wconf 89' lang='lat' dir='ltr'><strong>ipse</strong></span> <span class='ocrx_word' id='word_1_22' title='bbox 1747 218 1775 244; x_wconf 92' lang='lat' dir='ltr'><strong>in</strong></span> 
     </span>
    </p>
   </div>
   <div class='ocr_carea' id='block_1_6' title="bbox 142 265 934 302">
    <p class='ocr_par' dir='ltr' id='par_1_6' title="bbox 142 265 934 302">
     <span class='ocr_line' id='line_1_6' title="bbox 142 265 934 302; baseline 0 -10"><span class='ocrx_word' id='word_1_23' title='bbox 142 266 222 292; x_wconf 86' lang='grc' dir='ltr'>καλεί</span> <span class='ocrx_word' id='word_1_24' title='bbox 240 266 294 292; x_wconf 83' lang='grc' dir='ltr'><strong>τὸν</strong></span> <span class='ocrx_word' id='word_1_25' title='bbox 317 265 438 300; x_wconf 75' lang='grc' dir='ltr'>Ἰσραὴλ</span> <span class='ocrx_word' id='word_1_26' title='bbox 458 265 503 292; x_wconf 84' lang='grc' dir='ltr'><strong>διὰ</strong></span> <span class='ocrx_word' id='word_1_27' title='bbox 516 266 547 292; x_wconf 82' lang='grc' dir='ltr'>τὸ</span> <span class='ocrx_word' id='word_1_28' title='bbox 564 266 619 292; x_wconf 86' lang='grc' dir='ltr'>τῶν</span> <span class='ocrx_word' id='word_1_29' title='bbox 640 265 770 301; x_wconf 79' lang='grc' dir='ltr'><strong>μαθητῶν</strong></span> <span class='ocrx_word' id='word_1_30' title='bbox 783 265 934 302; x_wconf 78' lang='grc' dir='ltr'>εὐαρίθμη-</span> 
     </span>
    </p>
   </div>
   <div class='ocr_carea' id='block_1_7' title="bbox 141 310 935 348">
    <p class='ocr_par' dir='ltr' id='par_1_7' title="bbox 141 310 935 348">
     <span class='ocr_line' id='line_1_7' title="bbox 141 310 935 348; baseline -0.001 -9"><span class='ocrx_word' id='word_1_31' title='bbox 141 321 198 339; x_wconf 87' lang='grc' dir='ltr'><strong>τον.</strong></span> <span class='ocrx_word' id='word_1_32' title='bbox 216 312 340 339; x_wconf 78' lang='grc' dir='ltr'>(Δώδεκα</span> <span class='ocrx_word' id='word_1_33' title='bbox 363 313 417 347; x_wconf 86' lang='grc' dir='ltr'>γὰρ</span> <span class='ocrx_word' id='word_1_34' title='bbox 431 310 512 347; x_wconf 81' lang='grc' dir='ltr'>ἦσαν,</span> <span class='ocrx_word' id='word_1_35' title='bbox 530 312 554 338; x_wconf 77' lang='grc' dir='ltr'><strong>οἱ</strong></span> <span class='ocrx_word' id='word_1_36' title='bbox 569 311 598 338; x_wconf 81' lang='grc' dir='ltr'><strong>δὲ</strong></span> <span class='ocrx_word' id='word_1_37' title='bbox 615 312 675 348; x_wconf 85' lang='grc' dir='ltr'>μετ’</span> <span class='ocrx_word' id='word_1_38' title='bbox 695 312 807 344; x_wconf 79' lang='grc' dir='ltr'>αὐτοὺς,</span> <span class='ocrx_word' id='word_1_39' title='bbox 822 312 935 346; x_wconf 79' lang='grc' dir='ltr'><strong>ἐὸδομή-</strong></span> 
     </span>
    </p>
   </div>
   <div class='ocr_carea' id='block_1_8' title="bbox 142 357 935 392">
    <p class='ocr_par' dir='ltr' id='par_1_8' title="bbox 142 357 935 392">
     <span class='ocr_line' id='line_1_8' title="bbox 142 357 935 392; baseline 0 -8"><span class='ocrx_word' id='word_1_40' title='bbox 142 366 236 385; x_wconf 85' lang='grc' dir='ltr'>κοντα.</span> <span class='ocrx_word' id='word_1_41' title='bbox 252 366 262 383; x_wconf 73' lang='grc' dir='ltr'><strong>ι</strong></span> <span class='ocrx_word' id='word_1_42' title='bbox 287 357 316 385; x_wconf 89' lang='lat'><strong>&#39;0</strong></span> <span class='ocrx_word' id='word_1_43' title='bbox 341 357 370 384; x_wconf 85' lang='grc' dir='ltr'><strong>δὲ</strong></span> <span class='ocrx_word' id='word_1_44' title='bbox 388 357 535 392; x_wconf 83' lang='grc' dir='ltr'><strong>Σύμμαχος</strong></span> <span class='ocrx_word' id='word_1_45' title='bbox 560 357 701 392; x_wconf 80' lang='grc' dir='ltr'><strong>ἐξέδωκεν,</strong></span> <span class='ocrx_word' id='word_1_46' title='bbox 726 357 850 392; x_wconf 77' lang='grc' dir='ltr'>ἀριθμὸς</span> <span class='ocrx_word' id='word_1_47' title='bbox 877 357 935 384; x_wconf 84' lang='grc' dir='ltr'><strong>Ἰσ-</strong></span> 
     </span>
    </p>
   </div>
   <div class='ocr_carea' id='block_1_9' title="bbox 139 402 936 439">
    <p class='ocr_par' dir='ltr' id='par_1_9' title="bbox 139 402 936 439">
     <span class='ocr_line' id='line_1_9' title="bbox 139 402 936 439; baseline -0.003 -8"><span class='ocrx_word' id='word_1_48' title='bbox 139 404 233 439; x_wconf 82' lang='grc' dir='ltr'>ραήλ.</span> <span class='ocrx_word' id='word_1_49' title='bbox 253 404 282 431; x_wconf 90' lang='lat'><strong>&#39;0</strong></span> <span class='ocrx_word' id='word_1_50' title='bbox 306 404 335 431; x_wconf 72' lang='grc' dir='ltr'><strong>δὲ</strong></span> <span class='ocrx_word' id='word_1_51' title='bbox 351 404 477 436; x_wconf 82' lang='grc' dir='ltr'>’Δκύλας,</span> <span class='ocrx_word' id='word_1_52' title='bbox 502 403 661 436; x_wconf 75' lang='grc' dir='ltr'><strong>τεθνεῶτες</strong></span> <span class='ocrx_word' id='word_1_53' title='bbox 688 403 824 439; x_wconf 80' lang='grc' dir='ltr'>Ἰσραήλ.</span> <span class='ocrx_word' id='word_1_54' title='bbox 855 403 885 430; x_wconf 85' lang='grc'><strong>’0</strong></span> <span class='ocrx_word' id='word_1_55' title='bbox 908 402 936 429; x_wconf 81' lang='grc' dir='ltr'><strong>δὲ</strong></span> 
     </span>
    </p>
   </div>
   <div class='ocr_carea' id='block_1_10' title="bbox 143 449 937 486">
    <p class='ocr_par' dir='ltr' id='par_1_10' title="bbox 143 449 937 486">
     <span class='ocr_line' id='line_1_10' title="bbox 143 449 937 486; baseline -0.001 -9"><span class='ocrx_word' id='word_1_56' title='bbox 143 451 301 484; x_wconf 86' lang='grc' dir='ltr'>Θεοδοτίων,</span> <span class='ocrx_word' id='word_1_57' title='bbox 316 451 418 485; x_wconf 78' lang='grc' dir='ltr'>νεκροί</span> <span class='ocrx_word' id='word_1_58' title='bbox 430 459 438 467; x_wconf 77' lang='grc' dir='ltr'><strong>ο</strong></span> <span class='ocrx_word' id='word_1_59' title='bbox 451 450 491 486; x_wconf 82' lang='grc' dir='ltr'><strong>τῷ</strong></span> <span class='ocrx_word' id='word_1_60' title='bbox 503 450 675 486; x_wconf 84' lang='grc' dir='ltr'>ἀποστολικῷ</span> <span class='ocrx_word' id='word_1_61' title='bbox 687 449 841 486; x_wconf 84' lang='grc' dir='ltr'><strong>συμφώνως</strong></span> <span class='ocrx_word' id='word_1_62' title='bbox 853 457 861 465; x_wconf 91' lang='grc'>·</span> <span class='ocrx_word' id='word_1_63' title='bbox 878 449 937 476; x_wconf 82' lang='grc' dir='ltr'><strong>«Ζῶ</strong></span> 
     </span>
    </p>
   </div>
   <div class='ocr_carea' id='block_1_11' title="bbox 143 494 938 532">
    <p class='ocr_par' dir='ltr' id='par_1_11' title="bbox 143 494 938 532">
     <span class='ocr_line' id='line_1_11' title="bbox 143 494 938 532; baseline -0.001 -10"><span class='ocrx_word' id='word_1_64' title='bbox 143 497 172 523; x_wconf 79' lang='grc' dir='ltr'><strong>δὲ</strong></span> <span class='ocrx_word' id='word_1_65' title='bbox 186 496 278 523; x_wconf 73' lang='grc' dir='ltr'>οὐκέτι</span> <span class='ocrx_word' id='word_1_66' title='bbox 292 496 358 530; x_wconf 84' lang='grc' dir='ltr'>ἐγὼ,</span> <span class='ocrx_word' id='word_1_67' title='bbox 373 496 407 532; x_wconf 83' lang='grc' dir='ltr'><strong>ζῇ</strong></span> <span class='ocrx_word' id='word_1_68' title='bbox 418 496 448 522; x_wconf 80' lang='grc' dir='ltr'><strong>δὲ</strong></span> <span class='ocrx_word' id='word_1_69' title='bbox 463 496 492 522; x_wconf 86' lang='grc' dir='ltr'><strong>ἐν</strong></span> <span class='ocrx_word' id='word_1_70' title='bbox 507 496 570 531; x_wconf 82' lang='grc' dir='ltr'>ἐμοὶ</span> <span class='ocrx_word' id='word_1_71' title='bbox 587 495 716 531; x_wconf 85' lang='grc' dir='ltr'>Χριστός.</span> <span class='ocrx_word' id='word_1_72' title='bbox 732 505 741 522; x_wconf 78' lang='grc' dir='ltr'><strong>ι</strong></span> <span class='ocrx_word' id='word_1_73' title='bbox 758 496 830 522; x_wconf 77' lang='grc' dir='ltr'>Καί*</span> <span class='ocrx_word' id='word_1_74' title='bbox 847 505 855 521; x_wconf 76' lang='grc' dir='ltr'><strong>ι</strong></span> <span class='ocrx_word' id='word_1_75' title='bbox 869 494 938 522; x_wconf 76' lang='grc' dir='ltr'><strong>Καθ’</strong></span> 
     </span>
    </p>
   </div>
   <div class='ocr_carea' id='block_1_12' title="bbox 145 541 936 577">
    <p class='ocr_par' dir='ltr' id='par_1_12' title="bbox 145 541 936 577">
     <span class='ocr_line' id='line_1_12' title="bbox 145 541 936 577; baseline -0.001 -9"><span class='ocrx_word' id='word_1_76' title='bbox 145 542 252 577; x_wconf 82' lang='grc' dir='ltr'><strong>ἡμέραν</strong></span> <span class='ocrx_word' id='word_1_77' title='bbox 271 541 450 577; x_wconf 83' lang='grc' dir='ltr'><strong>ἀποθνήσκω,</strong></span> <span class='ocrx_word' id='word_1_78' title='bbox 473 542 505 576; x_wconf 85' lang='grc' dir='ltr'>νὴ</span> <span class='ocrx_word' id='word_1_79' title='bbox 532 542 582 577; x_wconf 85' lang='grc' dir='ltr'>τὴν</span> <span class='ocrx_word' id='word_1_80' title='bbox 606 542 744 577; x_wconf 73' lang='grc' dir='ltr'><strong>ὑμετέραν</strong></span> <span class='ocrx_word' id='word_1_81' title='bbox 767 541 910 576; x_wconf 88' lang='grc' dir='ltr'>καύχησιν.</span> <span class='ocrx_word' id='word_1_82' title='bbox 927 549 936 566; x_wconf 70' lang='grc' dir='ltr'><strong>ι</strong></span> 
     </span>
    </p>
   </div>
   <div class='ocr_carea' id='block_1_13' title="bbox 151 583 940 623">
    <p class='ocr_par' dir='ltr' id='par_1_13' title="bbox 151 583 940 623">
     <span class='ocr_line' id='line_1_13' title="bbox 151 583 940 623; baseline -0.003 -10"><span class='ocrx_word' id='word_1_83' title='bbox 151 586 232 614; x_wconf 81' lang='grc' dir='ltr'><strong>Ἀλλά</strong></span> <span class='ocrx_word' id='word_1_84' title='bbox 269 587 371 623; x_wconf 77' lang='grc' dir='ltr'>καίπερ</span> <span class='ocrx_word' id='word_1_85' title='bbox 408 585 534 620; x_wconf 76' lang='grc' dir='ltr'>σκώληξ</span> <span class='ocrx_word' id='word_1_86' title='bbox 585 585 646 619; x_wconf 87' lang='grc' dir='ltr'>ὢν,</span> <span class='ocrx_word' id='word_1_87' title='bbox 680 585 788 619; x_wconf 78' lang='grc' dir='ltr'>νεκρός</span> <span class='ocrx_word' id='word_1_88' title='bbox 825 593 856 612; x_wconf 85' lang='grc' dir='ltr'><strong>τε</strong></span> <span class='ocrx_word' id='word_1_89' title='bbox 889 583 940 611; x_wconf 77' lang='grc' dir='ltr'>καὶ</span> 
     </span>
    </p>
   </div>
   <div class='ocr_carea' id='block_1_14' title="bbox 147 629 939 668">
    <p class='ocr_par' dir='ltr' id='par_1_14' title="bbox 147 629 939 668">
     <span class='ocr_line' id='line_1_14' title="bbox 147 629 939 668; baseline -0.005 -8"><span class='ocrx_word' id='word_1_90' title='bbox 147 633 317 667; x_wconf 79' lang='grc' dir='ltr'><strong>ὀλιγοστὸς,</strong></span> <span class='ocrx_word' id='word_1_91' title='bbox 333 633 377 668; x_wconf 84' lang='grc' dir='ltr'><strong>μὴ</strong></span> <span class='ocrx_word' id='word_1_92' title='bbox 391 631 496 668; x_wconf 77' lang='grc' dir='ltr'>φοϐοῦ,</span> <span class='ocrx_word' id='word_1_93' title='bbox 514 631 623 668; x_wconf 81' lang='grc' dir='ltr'>διὰ,τὴν</span> <span class='ocrx_word' id='word_1_94' title='bbox 638 631 668 664; x_wconf 77' lang='grc' dir='ltr'>ἐξ</span> <span class='ocrx_word' id='word_1_95' title='bbox 681 629 748 667; x_wconf 77' lang='grc' dir='ltr'>ἐμοῦ</span> <span class='ocrx_word' id='word_1_96' title='bbox 767 630 939 666; x_wconf 80' lang='grc' dir='ltr'><strong>συμμαχίαν,</strong></span> 
     </span>
    </p>
   </div>
   <div class='ocr_carea' id='block_1_15' title="bbox 146 675 940 714">
    <p class='ocr_par' dir='ltr' id='par_1_15' title="bbox 146 675 940 714">
     <span class='ocr_line' id='line_1_15' title="bbox 146 675 940 714; baseline -0.004 -10"><span class='ocrx_word' id='word_1_97' title='bbox 146 678 182 705; x_wconf 84' lang='grc' dir='ltr'><strong>δι’</strong></span> <span class='ocrx_word' id='word_1_98' title='bbox 200 675 234 714; x_wconf 84' lang='grc' dir='ltr'>ἦς</span> <span class='ocrx_word' id='word_1_99' title='bbox 248 677 393 711; x_wconf 54' lang='lat' dir='ltr'><strong>dimittet;-</strong></span> <span class='ocrx_word' id='word_1_100' title='bbox 407 678 461 705; x_wconf 87' lang='grc' dir='ltr'>τῶν</span> <span class='ocrx_word' id='word_1_101' title='bbox 478 677 601 705; x_wconf 83' lang='grc' dir='ltr'>ἀπίστων</span> <span class='ocrx_word' id='word_1_102' title='bbox 622 677 707 704; x_wconf 84' lang='grc' dir='ltr'>ἐθνῶν</span> <span class='ocrx_word' id='word_1_103' title='bbox 729 676 778 712; x_wconf 86' lang='grc' dir='ltr'>τὴν</span> <span class='ocrx_word' id='word_1_104' title='bbox 802 675 940 708; x_wconf 75' lang='grc' dir='ltr'>ἀσέϐειαν,</span> 
     </span>
    </p>
   </div>
   <div class='ocr_carea' id='block_1_16' title="bbox 148 722 941 758">
    <p class='ocr_par' dir='ltr' id='par_1_16' title="bbox 148 722 941 758">
     <span class='ocr_line' id='line_1_16' title="bbox 148 722 941 758; baseline -0.001 -8"><span class='ocrx_word' id='word_1_105' title='bbox 148 724 201 758; x_wconf 84' lang='grc' dir='ltr'>ὄρη</span> <span class='ocrx_word' id='word_1_106' title='bbox 215 723 265 750; x_wconf 75' lang='grc' dir='ltr'>καὶ</span> <span class='ocrx_word' id='word_1_107' title='bbox 284 723 421 757; x_wconf 66' lang='grc' dir='ltr'><strong>⁴βουνοὺς</strong></span> <span class='ocrx_word' id='word_1_108' title='bbox 434 723 521 758; x_wconf 82' lang='grc' dir='ltr'>λέγων</span> <span class='ocrx_word' id='word_1_109' title='bbox 536 723 586 756; x_wconf 77' lang='grc' dir='ltr'>τὰς</span> <span class='ocrx_word' id='word_1_110' title='bbox 598 723 789 758; x_wconf 76' lang='grc' dir='ltr'><strong>ἀντικειμένας</strong></span> <span class='ocrx_word' id='word_1_111' title='bbox 801 722 941 758; x_wconf 82' lang='grc' dir='ltr'>δυνάμεις,</span> 
     </span>
    </p>
   </div>
   <div class='ocr_carea' id='block_1_17' title="bbox 147 767 943 804">
    <p class='ocr_par' dir='ltr' id='par_1_17' title="bbox 147 767 943 804">
     <span class='ocr_line' id='line_1_17' title="bbox 147 767 943 804; baseline -0.001 -9"><span class='ocrx_word' id='word_1_112' title='bbox 147 770 185 800; x_wconf 83' lang='grc' dir='ltr'>ὡς</span> <span class='ocrx_word' id='word_1_113' title='bbox 201 769 388 804; x_wconf 75' lang='grc' dir='ltr'><strong>ἐπαιρομένας</strong></span> <span class='ocrx_word' id='word_1_114' title='bbox 415 767 487 796; x_wconf 62' lang='grc' dir='ltr'>κατὰ</span> <span class='ocrx_word' id='word_1_115' title='bbox 502 768 552 804; x_wconf 82' lang='grc' dir='ltr'>τῆς</span> <span class='ocrx_word' id='word_1_116' title='bbox 577 767 706 803; x_wconf 86' lang='grc' dir='ltr'>γνώσεως</span> <span class='ocrx_word' id='word_1_117' title='bbox 731 767 777 794; x_wconf 87' lang='grc' dir='ltr'><strong>τοῦ</strong></span> <span class='ocrx_word' id='word_1_118' title='bbox 799 767 876 800; x_wconf 87' lang='grc' dir='ltr'>Θεοῦ,</span> <span class='ocrx_word' id='word_1_119' title='bbox 888 767 943 794; x_wconf 83' lang='grc' dir='ltr'>τῶν</span> 
     </span>
    </p>
   </div>
   <div class='ocr_carea' id='block_1_18' title="bbox 149 809 944 850">
    <p class='ocr_par' dir='ltr' id='par_1_18' title="bbox 149 809 944 850">
     <span class='ocr_line' id='line_1_18' title="bbox 149 809 944 850; baseline 0 -10"><span class='ocrx_word' id='word_1_120' title='bbox 149 814 364 850; x_wconf 78' lang='grc' dir='ltr'>ὑποϐεϐηκότων</span> <span class='ocrx_word' id='word_1_121' title='bbox 380 815 546 850; x_wconf 81' lang='grc' dir='ltr'><strong>πνευμάτων</strong></span> <span class='ocrx_word' id='word_1_122' title='bbox 571 814 725 849; x_wconf 79' lang='grc' dir='ltr'>λεγομένων</span> <span class='ocrx_word' id='word_1_123' title='bbox 735 813 859 846; x_wconf 75' lang='grc' dir='ltr'><strong>,Βουνῶν</strong></span> <span class='ocrx_word' id='word_1_124' title='bbox 873 822 880 829; x_wconf 90' lang='grc'><strong>·</strong></span> <span class='ocrx_word' id='word_1_125' title='bbox 906 809 944 840; x_wconf 80' lang='grc' dir='ltr'>ὧν</span> 
     </span>
    </p>
   </div>
   <div class='ocr_carea' id='block_1_19' title="bbox 147 859 944 895">
    <p class='ocr_par' dir='ltr' id='par_1_19' title="bbox 147 859 944 895">
     <span class='ocr_line' id='line_1_19' title="bbox 147 859 944 895; baseline -0.001 -9"><span class='ocrx_word' id='word_1_126' title='bbox 147 860 324 895; x_wconf 79' lang='grc' dir='ltr'>ἀπολομένων</span> <span class='ocrx_word' id='word_1_127' title='bbox 351 860 546 895; x_wconf 64' lang='grc' dir='ltr'>εὐφρανθήσῃ</span> <span class='ocrx_word' id='word_1_128' title='bbox 575 859 617 887; x_wconf 85' lang='grc' dir='ltr'>σὺ</span> <span class='ocrx_word' id='word_1_129' title='bbox 644 859 679 886; x_wconf 82' lang='grc' dir='ltr'>ἐν</span> <span class='ocrx_word' id='word_1_130' title='bbox 705 860 814 894; x_wconf 77' lang='grc' dir='ltr'><strong>Κυρίῳ.</strong></span> <span class='ocrx_word' id='word_1_131' title='bbox 840 859 944 886; x_wconf 84' lang='grc' dir='ltr'>Δέδωκε</span> 
     </span>
    </p>
   </div>
   <div class='ocr_carea' id='block_1_20' title="bbox 151 896 981 942">
    <p class='ocr_par' dir='ltr' id='par_1_20' title="bbox 151 896 981 942">
     <span class='ocr_line' id='line_1_20' title="bbox 151 896 981 942; baseline -0.002 -9"><span class='ocrx_word' id='word_1_132' title='bbox 151 906 208 942; x_wconf 85' lang='grc' dir='ltr'>γὰρ</span> <span class='ocrx_word' id='word_1_133' title='bbox 223 907 290 941; x_wconf 81' lang='grc' dir='ltr'>ἡμῖν</span> <span class='ocrx_word' id='word_1_134' title='bbox 307 912 320 926; x_wconf 83' lang='grc' dir='ltr'><strong>ιι</strong></span> <span class='ocrx_word' id='word_1_135' title='bbox 339 906 465 939; x_wconf 78' lang='grc' dir='ltr'>ἐξουσίαν</span> <span class='ocrx_word' id='word_1_136' title='bbox 482 907 578 933; x_wconf 82' lang='grc' dir='ltr'>πατεῖν</span> <span class='ocrx_word' id='word_1_137' title='bbox 590 906 684 933; x_wconf 78' lang='grc' dir='ltr'>ἐπάνω</span> <span class='ocrx_word' id='word_1_138' title='bbox 697 905 785 940; x_wconf 80' lang='grc' dir='ltr'>ὀφέων</span> <span class='ocrx_word' id='word_1_139' title='bbox 799 906 848 932; x_wconf 79' lang='grc' dir='ltr'>καὶ</span> <span class='ocrx_word' id='word_1_140' title='bbox 862 913 944 941; x_wconf 86' lang='grc' dir='ltr'>σκορ-</span> <span class='ocrx_word' id='word_1_141' title='bbox 959 896 981 923; x_wconf 81' lang='grc' dir='ltr'><strong>Β</strong></span> 
     </span>
    </p>
   </div>
   <div class='ocr_carea' id='block_1_21' title="bbox 149 951 830 988">
    <p class='ocr_par' dir='ltr' id='par_1_21' title="bbox 149 951 830 988">
     <span class='ocr_line' id='line_1_21' title="bbox 149 951 830 988; baseline -0.001 -10"><span class='ocrx_word' id='word_1_142' title='bbox 149 951 231 985; x_wconf 83' lang='grc' dir='ltr'>πίων,</span> <span class='ocrx_word' id='word_1_143' title='bbox 247 952 294 979; x_wconf 81' lang='grc' dir='ltr'>καὶ</span> <span class='ocrx_word' id='word_1_144' title='bbox 305 953 352 979; x_wconf 74' lang='grc' dir='ltr'><strong>ἐπὶ</strong></span> <span class='ocrx_word' id='word_1_145' title='bbox 365 953 456 980; x_wconf 80' lang='grc' dir='ltr'>πᾶσαν</span> <span class='ocrx_word' id='word_1_146' title='bbox 469 951 518 988; x_wconf 82' lang='grc' dir='ltr'>τὴν</span> <span class='ocrx_word' id='word_1_147' title='bbox 528 951 645 987; x_wconf 85' lang='grc' dir='ltr'>δύναμιν</span> <span class='ocrx_word' id='word_1_148' title='bbox 658 951 706 978; x_wconf 88' lang='grc' dir='ltr'><strong>τοῦ</strong></span> <span class='ocrx_word' id='word_1_149' title='bbox 719 951 830 987; x_wconf 83' lang='grc' dir='ltr'>ἐχθροῦ.</span> 
     </span>
    </p>
   </div>
   <div class='ocr_carea' id='block_1_22' title="bbox 986 263 1776 303">
    <p class='ocr_par' dir='ltr' id='par_1_22' title="bbox 986 263 1776 303">
     <span class='ocr_line' id='line_1_22' title="bbox 986 263 1776 303; baseline -0.008 -8"><span class='ocrx_word' id='word_1_150' title='bbox 986 268 1092 303; x_wconf 82' lang='lat' dir='ltr'><strong>psalmo</strong></span> <span class='ocrx_word' id='word_1_151' title='bbox 1107 268 1229 302; x_wconf 75' lang='lat' dir='ltr'><strong>loquitur</strong></span> <span class='ocrx_word' id='word_1_152' title='bbox 1244 267 1385 299; x_wconf 79' lang='lat' dir='ltr'><strong>Salvator;</strong></span> <span class='ocrx_word' id='word_1_153' title='bbox 1405 274 1414 291; x_wconf 84' lang='grc' dir='ltr'><strong>ι</strong></span> <span class='ocrx_word' id='word_1_154' title='bbox 1441 265 1498 300; x_wconf 86' lang='lat' dir='ltr'><strong>Ego</strong></span> <span class='ocrx_word' id='word_1_155' title='bbox 1523 271 1583 291; x_wconf 85' lang='lat' dir='ltr'><strong>sum</strong></span> <span class='ocrx_word' id='word_1_156' title='bbox 1609 263 1721 294; x_wconf 83' lang='lat' dir='ltr'><strong>vermis,</strong></span> <span class='ocrx_word' id='word_1_157' title='bbox 1748 266 1776 290; x_wconf 89' lang='lat' dir='ltr'><strong>et</strong></span> 
     </span>
    </p>
   </div>
   <div class='ocr_carea' id='block_1_23' title="bbox 987 310 1777 346">
    <p class='ocr_par' dir='ltr' id='par_1_23' title="bbox 987 310 1777 346">
     <span class='ocr_line' id='line_1_23' title="bbox 987 310 1777 346; baseline -0.009 -4"><span class='ocrx_word' id='word_1_158' title='bbox 987 322 1042 342; x_wconf 90' lang='lat' dir='ltr'><strong>non</strong></span> <span class='ocrx_word' id='word_1_159' title='bbox 1068 315 1151 341; x_wconf 87' lang='lat' dir='ltr'><strong>homo</strong></span> <span class='ocrx_word' id='word_1_160' title='bbox 1173 314 1206 340; x_wconf 81' lang='grc'><strong>³⁸.</strong></span> <span class='ocrx_word' id='word_1_161' title='bbox 1229 322 1238 338; x_wconf 75' lang='grc' dir='ltr'><strong>ι</strong></span> <span class='ocrx_word' id='word_1_162' title='bbox 1256 313 1334 346; x_wconf 76' lang='lat' dir='ltr'><strong>Quod</strong></span> <span class='ocrx_word' id='word_1_163' title='bbox 1370 316 1461 339; x_wconf 88' lang='lat' dir='ltr'><strong>autem</strong></span> <span class='ocrx_word' id='word_1_164' title='bbox 1500 310 1673 345; x_wconf 72' lang='lat' dir='ltr'><strong>perexiguum</strong></span> <span class='ocrx_word' id='word_1_165' title='bbox 1696 313 1777 336; x_wconf 90' lang='lat' dir='ltr'><strong>vocat</strong></span> 
     </span>
    </p>
   </div>
   <div class='ocr_carea' id='block_1_24' title="bbox 987 357 1778 394">
    <p class='ocr_par' dir='ltr' id='par_1_24' title="bbox 987 357 1778 394">
     <span class='ocr_line' id='line_1_24' title="bbox 987 357 1778 394; baseline -0.008 -7"><span class='ocrx_word' id='word_1_166' title='bbox 987 360 1129 391; x_wconf 80' lang='lat' dir='ltr'><strong>Isi-uelem,</strong></span> <span class='ocrx_word' id='word_1_167' title='bbox 1144 359 1179 387; x_wconf 90' lang='lat' dir='ltr'><strong>ad</strong></span> <span class='ocrx_word' id='word_1_168' title='bbox 1201 366 1315 394; x_wconf 87' lang='lat' dir='ltr'><strong>parvum</strong></span> <span class='ocrx_word' id='word_1_169' title='bbox 1346 357 1542 391; x_wconf 87' lang='lat' dir='ltr'><strong>discipulorum</strong></span> <span class='ocrx_word' id='word_1_170' title='bbox 1571 362 1718 383; x_wconf 86' lang='lat' dir='ltr'><strong>numerum</strong></span> <span class='ocrx_word' id='word_1_171' title='bbox 1734 362 1778 381; x_wconf 89' lang='lat' dir='ltr'><strong>re-</strong></span> 
     </span>
    </p>
   </div>
   <div class='ocr_carea' id='block_1_25' title="bbox 988 401 1778 441">
    <p class='ocr_par' dir='ltr' id='par_1_25' title="bbox 988 401 1778 441">
     <span class='ocr_line' id='line_1_25' title="bbox 988 401 1778 441; baseline -0.01 -7"><span class='ocrx_word' id='word_1_172' title='bbox 988 407 1088 441; x_wconf 84' lang='lat' dir='ltr'><strong>spexit.</strong></span> <span class='ocrx_word' id='word_1_173' title='bbox 1108 415 1117 432; x_wconf 77' lang='grc'><strong>(</strong></span> <span class='ocrx_word' id='word_1_174' title='bbox 1134 405 1218 433; x_wconf 81' lang='lat' dir='ltr'><strong>Erant</strong></span> <span class='ocrx_word' id='word_1_175' title='bbox 1232 405 1305 433; x_wconf 91' lang='lat' dir='ltr'><strong>enim</strong></span> <span class='ocrx_word' id='word_1_176' title='bbox 1328 402 1529 434; x_wconf 58' lang='lat' dir='ltr'><strong>duodecimmt</strong></span> <span class='ocrx_word' id='word_1_177' title='bbox 1545 402 1578 429; x_wconf 87' lang='lat' dir='ltr'><strong>ab</strong></span> <span class='ocrx_word' id='word_1_178' title='bbox 1601 401 1644 428; x_wconf 90' lang='lat' dir='ltr'><strong>his</strong></span> <span class='ocrx_word' id='word_1_179' title='bbox 1667 404 1778 435; x_wconf 83' lang='lat' dir='ltr'><strong>septua-</strong></span> 
     </span>
    </p>
   </div>
   <div class='ocr_carea' id='block_1_26' title="bbox 988 445 1776 488">
    <p class='ocr_par' dir='ltr' id='par_1_26' title="bbox 988 445 1776 488">
     <span class='ocr_line' id='line_1_26' title="bbox 988 445 1776 488; baseline -0.011 -8"><span class='ocrx_word' id='word_1_180' title='bbox 988 453 1062 488; x_wconf 74' lang='lat' dir='ltr'><strong>ginta</strong></span> <span class='ocrx_word' id='word_1_181' title='bbox 1076 451 1156 479; x_wconf 83' lang='lat' dir='ltr'><strong>alteri</strong></span> <span class='ocrx_word' id='word_1_182' title='bbox 1172 451 1206 478; x_wconf 75' lang='grc'><strong>³⁸.</strong></span> <span class='ocrx_word' id='word_1_183' title='bbox 1230 460 1240 477; x_wconf 74' lang='grc' dir='ltr'><strong>ι</strong></span> <span class='ocrx_word' id='word_1_184' title='bbox 1268 450 1301 477; x_wconf 74' lang='lat' dir='ltr'><strong>At</strong></span> <span class='ocrx_word' id='word_1_185' title='bbox 1327 447 1509 485; x_wconf 85' lang='lat' dir='ltr'><strong>Symmachus</strong></span> <span class='ocrx_word' id='word_1_186' title='bbox 1531 454 1655 474; x_wconf 85' lang='lat' dir='ltr'><strong>numerus</strong></span> <span class='ocrx_word' id='word_1_187' title='bbox 1678 445 1776 475; x_wconf 79' lang='lat' dir='ltr'><strong>Israel.</strong></span> 
     </span>
    </p>
   </div>
   <div class='ocr_carea' id='block_1_27' title="bbox 988 490 1780 533">
    <p class='ocr_par' dir='ltr' id='par_1_27' title="bbox 988 490 1780 533">
     <span class='ocr_line' id='line_1_27' title="bbox 988 490 1780 533; baseline -0.011 -8"><span class='ocrx_word' id='word_1_188' title='bbox 988 497 1102 533; x_wconf 82' lang='lat' dir='ltr'><strong>Aquilas</strong></span> <span class='ocrx_word' id='word_1_189' title='bbox 1117 500 1212 524; x_wconf 84' lang='lat' dir='ltr'><strong>autem</strong></span> <span class='ocrx_word' id='word_1_190' title='bbox 1227 499 1255 523; x_wconf 91' lang='lat' dir='ltr'><strong>et</strong></span> <span class='ocrx_word' id='word_1_191' title='bbox 1271 494 1434 525; x_wconf 87' lang='lat' dir='ltr'><strong>Theodotio,</strong></span> <span class='ocrx_word' id='word_1_192' title='bbox 1457 493 1555 520; x_wconf 79' lang='lat' dir='ltr'><strong>mortui</strong></span> <span class='ocrx_word' id='word_1_193' title='bbox 1570 491 1671 523; x_wconf 85' lang='lat' dir='ltr'><strong>Israel,</strong></span> <span class='ocrx_word' id='word_1_194' title='bbox 1694 490 1780 518; x_wconf 74' lang='lat' dir='ltr'><strong>inter~</strong></span> 
     </span>
    </p>
   </div>
   <div class='ocr_carea' id='block_1_28' title="bbox 992 536 1778 579">
    <p class='ocr_par' dir='ltr' id='par_1_28' title="bbox 992 536 1778 579">
     <span class='ocr_line' id='line_1_28' title="bbox 992 536 1778 579; baseline -0.01 -9"><span class='ocrx_word' id='word_1_195' title='bbox 992 547 1148 579; x_wconf 82' lang='lat' dir='ltr'><strong>pretantur;</strong></span> <span class='ocrx_word' id='word_1_196' title='bbox 1177 541 1244 568; x_wconf 88' lang='lat' dir='ltr'><strong>nihil</strong></span> <span class='ocrx_word' id='word_1_197' title='bbox 1268 544 1342 568; x_wconf 86' lang='lat' dir='ltr'><strong>certe</strong></span> <span class='ocrx_word' id='word_1_198' title='bbox 1367 539 1401 567; x_wconf 90' lang='lat' dir='ltr'><strong>ab</strong></span> <span class='ocrx_word' id='word_1_199' title='bbox 1427 538 1552 574; x_wconf 84' lang='lat' dir='ltr'><strong>Apostoli</strong></span> <span class='ocrx_word' id='word_1_200' title='bbox 1572 537 1665 564; x_wconf 82' lang='lat' dir='ltr'><strong>verbis</strong></span> <span class='ocrx_word' id='word_1_201' title='bbox 1684 536 1778 568; x_wconf 89' lang='lat' dir='ltr'><strong>alieni,</strong></span> 
     </span>
    </p>
   </div>
   <div class='ocr_carea' id='block_1_29' title="bbox 991 578 1779 623">
    <p class='ocr_par' dir='ltr' id='par_1_29' title="bbox 991 578 1779 623">
     <span class='ocr_line' id='line_1_29' title="bbox 991 578 1779 623; baseline -0.01 -8"><span class='ocrx_word' id='word_1_202' title='bbox 991 578 1039 623; x_wconf 84' lang='lat' dir='ltr'><strong>qui</strong></span> <span class='ocrx_word' id='word_1_203' title='bbox 1058 587 1132 615; x_wconf 84' lang='lat' dir='ltr'><strong>dicat</strong></span> <span class='ocrx_word' id='word_1_204' title='bbox 1149 595 1157 614; x_wconf 73' lang='grc' dir='ltr'><strong>ι</strong></span> <span class='ocrx_word' id='word_1_205' title='bbox 1176 595 1185 612; x_wconf 86' lang='grc'><strong>‹</strong></span> <span class='ocrx_word' id='word_1_206' title='bbox 1208 585 1275 613; x_wconf 87' lang='lat' dir='ltr'><strong>Vivo</strong></span> <span class='ocrx_word' id='word_1_207' title='bbox 1300 587 1392 612; x_wconf 77' lang='lat' dir='ltr'><strong>autem</strong></span> <span class='ocrx_word' id='word_1_208' title='bbox 1417 590 1473 610; x_wconf 91' lang='lat' dir='ltr'><strong>non</strong></span> <span class='ocrx_word' id='word_1_209' title='bbox 1500 581 1620 617; x_wconf 83' lang='lat' dir='ltr'><strong>amplius</strong></span> <span class='ocrx_word' id='word_1_210' title='bbox 1641 587 1713 615; x_wconf 76' lang='lat' dir='ltr'><strong>ego;</strong></span> <span class='ocrx_word' id='word_1_211' title='bbox 1732 578 1779 607; x_wconf 90' lang='lat' dir='ltr'><strong>sed</strong></span> 
     </span>
    </p>
   </div>
   <div class='ocr_carea' id='block_1_30' title="bbox 992 625 1781 660">
    <p class='ocr_par' dir='ltr' id='par_1_30' title="bbox 992 625 1781 660">
     <span class='ocr_line' id='line_1_30' title="bbox 992 625 1781 660; baseline -0.014 1"><span class='ocrx_word' id='word_1_212' title='bbox 992 633 1059 660; x_wconf 89' lang='lat' dir='ltr'><strong>vivit</strong></span> <span class='ocrx_word' id='word_1_213' title='bbox 1080 632 1109 660; x_wconf 90' lang='lat' dir='ltr'><strong>in</strong></span> <span class='ocrx_word' id='word_1_214' title='bbox 1136 639 1180 659; x_wconf 86' lang='lat' dir='ltr'><strong>me</strong></span> <span class='ocrx_word' id='word_1_215' title='bbox 1197 631 1325 659; x_wconf 86' lang='lat' dir='ltr'><strong>Christus</strong></span> <span class='ocrx_word' id='word_1_216' title='bbox 1336 629 1370 656; x_wconf 73' lang='lat'><strong>‘°.</strong></span> <span class='ocrx_word' id='word_1_217' title='bbox 1400 638 1410 655; x_wconf 69' lang='grc' dir='ltr'><strong>ι</strong></span> <span class='ocrx_word' id='word_1_218' title='bbox 1437 628 1471 656; x_wconf 85' lang='grc' dir='ltr'>Ει</span> <span class='ocrx_word' id='word_1_219' title='bbox 1493 636 1500 654; x_wconf 93' lang='lat'>:</span> <span class='ocrx_word' id='word_1_220' title='bbox 1525 626 1654 660; x_wconf 84' lang='lat' dir='ltr'><strong>Quotidie</strong></span> <span class='ocrx_word' id='word_1_221' title='bbox 1679 625 1781 652; x_wconf 89' lang='lat' dir='ltr'><strong>morior</strong></span> 
     </span>
    </p>
   </div>
   <div class='ocr_carea' id='block_1_31' title="bbox 994 669 1782 713">
    <p class='ocr_par' dir='ltr' id='par_1_31' title="bbox 994 669 1782 713">
     <span class='ocr_line' id='line_1_31' title="bbox 994 669 1782 713; baseline -0.011 -9"><span class='ocrx_word' id='word_1_222' title='bbox 994 680 1105 713; x_wconf 85' lang='lat' dir='ltr'><strong>propter</strong></span> <span class='ocrx_word' id='word_1_223' title='bbox 1120 676 1235 711; x_wconf 74' lang='lat' dir='ltr'><strong>gloriam</strong></span> <span class='ocrx_word' id='word_1_224' title='bbox 1253 679 1372 702; x_wconf 84' lang='lat' dir='ltr'><strong>vestram</strong></span> <span class='ocrx_word' id='word_1_225' title='bbox 1380 673 1414 701; x_wconf 76' lang='grc'><strong>⁸⁸.</strong></span> <span class='ocrx_word' id='word_1_226' title='bbox 1429 683 1439 699; x_wconf 74' lang='grc' dir='ltr'><strong>ι</strong></span> <span class='ocrx_word' id='word_1_227' title='bbox 1450 672 1600 703; x_wconf 63' lang='lat' dir='ltr'><strong>Caeterum,</strong></span> <span class='ocrx_word' id='word_1_228' title='bbox 1617 670 1680 698; x_wconf 88' lang='lat' dir='ltr'><strong>licet</strong></span> <span class='ocrx_word' id='word_1_229' title='bbox 1688 669 1782 696; x_wconf 81' lang='lat' dir='ltr'><strong>vermis</strong></span> 
     </span>
    </p>
   </div>
   <div class='ocr_carea' id='block_1_32' title="bbox 993 721 1783 758">
    <p class='ocr_par' dir='ltr' id='par_1_32' title="bbox 993 721 1783 758">
     <span class='ocr_line' id='line_1_32' title="bbox 993 721 1783 758; baseline -0.01 -9"><span class='ocrx_word' id='word_1_230' title='bbox 993 721 1077 758; x_wconf 60' lang='grc'><strong>459</strong></span> <span class='ocrx_word' id='word_1_231' title='bbox 1089 721 1136 754; x_wconf 78' lang='lat' dir='ltr'><strong>sis,</strong></span> <span class='ocrx_word' id='word_1_232' title='bbox 1161 721 1261 756; x_wconf 83' lang='lat' dir='ltr'><strong>inquit,</strong></span> <span class='ocrx_word' id='word_1_233' title='bbox 1286 724 1316 758; x_wconf 14' lang='lat' dir='ltr'><strong>et,</strong></span> <span class='ocrx_word' id='word_1_234' title='bbox 1334 723 1467 750; x_wconf 78' lang='lat' dir='ltr'><strong>mortuus,</strong></span> <span class='ocrx_word' id='word_1_235' title='bbox 1481 723 1505 745; x_wconf 88' lang='lat' dir='ltr'><strong>et</strong></span> <span class='ocrx_word' id='word_1_236' title='bbox 1519 723 1684 752; x_wconf 79' lang='lat' dir='ltr'><strong>perpaucas;</strong></span> <span class='ocrx_word' id='word_1_237' title='bbox 1704 721 1783 742; x_wconf 88' lang='lat' dir='ltr'><strong>cessa</strong></span> 
     </span>
    </p>
   </div>
   <div class='ocr_carea' id='block_1_33' title="bbox 994 760 1784 798">
    <p class='ocr_par' dir='ltr' id='par_1_33' title="bbox 994 760 1784 798">
     <span class='ocr_line' id='line_1_33' title="bbox 994 760 1784 798; baseline -0.013 -2"><span class='ocrx_word' id='word_1_238' title='bbox 994 772 1087 796; x_wconf 82' lang='lat' dir='ltr'><strong>tamen</strong></span> <span class='ocrx_word' id='word_1_239' title='bbox 1103 766 1206 793; x_wconf 83' lang='lat' dir='ltr'><strong>auxilio</strong></span> <span class='ocrx_word' id='word_1_240' title='bbox 1217 771 1314 793; x_wconf 85' lang='lat' dir='ltr'><strong>nostro</strong></span> <span class='ocrx_word' id='word_1_241' title='bbox 1325 765 1412 793; x_wconf 80' lang='lat' dir='ltr'><strong>fretus</strong></span> <span class='ocrx_word' id='word_1_242' title='bbox 1426 769 1550 795; x_wconf 80' lang='lat' dir='ltr'><strong>metuere,</strong></span> <span class='ocrx_word' id='word_1_243' title='bbox 1562 762 1608 798; x_wconf 91' lang='lat' dir='ltr'><strong>qui</strong></span> <span class='ocrx_word' id='word_1_244' title='bbox 1624 768 1657 789; x_wconf 91' lang='lat' dir='ltr'><strong>eo</strong></span> <span class='ocrx_word' id='word_1_245' title='bbox 1673 760 1784 795; x_wconf 86' lang='lat' dir='ltr'><strong>adjutus</strong></span> 
     </span>
    </p>
   </div>
   <div class='ocr_carea' id='block_1_34' title="bbox 995 803 1784 846">
    <p class='ocr_par' dir='ltr' id='par_1_34' title="bbox 995 803 1784 846">
     <span class='ocr_line' id='line_1_34' title="bbox 995 803 1784 846; baseline -0.014 -5"><span class='ocrx_word' id='word_1_246' title='bbox 995 812 1146 841; x_wconf 86' lang='lat' dir='ltr'><strong>inlidelium</strong></span> <span class='ocrx_word' id='word_1_247' title='bbox 1176 811 1300 846; x_wconf 81' lang='lat' dir='ltr'><strong>gentium</strong></span> <span class='ocrx_word' id='word_1_248' title='bbox 1324 809 1492 844; x_wconf 83' lang='lat' dir='ltr'><strong>impietatem</strong></span> <span class='ocrx_word' id='word_1_249' title='bbox 1524 808 1701 834; x_wconf 86' lang='lat' dir='ltr'><strong>trituraturus</strong></span> <span class='ocrx_word' id='word_1_250' title='bbox 1728 803 1784 837; x_wconf 83' lang='lat' dir='ltr'><strong>sis;</strong></span> 
     </span>
    </p>
   </div>
   <div class='ocr_carea' id='block_1_35' title="bbox 996 849 1784 888">
    <p class='ocr_par' dir='ltr' id='par_1_35' title="bbox 996 849 1784 888">
     <span class='ocr_line' id='line_1_35' title="bbox 996 849 1784 888; baseline -0.015 -1"><span class='ocrx_word' id='word_1_251' title='bbox 996 864 1098 886; x_wconf 83' lang='lat' dir='ltr'><strong>montes</strong></span> <span class='ocrx_word' id='word_1_252' title='bbox 1118 861 1144 885; x_wconf 87' lang='lat' dir='ltr'><strong>et</strong></span> <span class='ocrx_word' id='word_1_253' title='bbox 1163 857 1242 883; x_wconf 81' lang='lat' dir='ltr'><strong>colles</strong></span> <span class='ocrx_word' id='word_1_254' title='bbox 1260 854 1433 882; x_wconf 85' lang='lat' dir='ltr'><strong>adversarias</strong></span> <span class='ocrx_word' id='word_1_255' title='bbox 1449 856 1601 888; x_wconf 83' lang='lat' dir='ltr'><strong>potestates</strong></span> <span class='ocrx_word' id='word_1_256' title='bbox 1620 849 1761 886; x_wconf 85' lang='lat' dir='ltr'><strong>appellans</strong></span> <span class='ocrx_word' id='word_1_257' title='bbox 1776 859 1784 876; x_wconf 88' lang='lat'><strong>:</strong></span> 
     </span>
    </p>
   </div>
   <div class='ocr_carea' id='block_1_36' title="bbox 997 896 1786 939">
    <p class='ocr_par' dir='ltr' id='par_1_36' title="bbox 997 896 1786 939">
     <span class='ocr_line' id='line_1_36' title="bbox 997 896 1786 939; baseline -0.014 -7"><span class='ocrx_word' id='word_1_258' title='bbox 997 909 1128 939; x_wconf 86' lang='lat' dir='ltr'><strong>tanquam</strong></span> <span class='ocrx_word' id='word_1_259' title='bbox 1151 910 1213 938; x_wconf 73' lang='lat' dir='ltr'><strong>qua:</strong></span> <span class='ocrx_word' id='word_1_260' title='bbox 1238 901 1369 928; x_wconf 84' lang='lat' dir='ltr'><strong>adversus</strong></span> <span class='ocrx_word' id='word_1_261' title='bbox 1393 899 1440 927; x_wconf 87' lang='lat' dir='ltr'><strong>Dei</strong></span> <span class='ocrx_word' id='word_1_262' title='bbox 1469 898 1611 931; x_wconf 84' lang='lat' dir='ltr'><strong>notitiam,</strong></span> <span class='ocrx_word' id='word_1_263' title='bbox 1639 896 1786 931; x_wconf 87' lang='lat' dir='ltr'><strong>spirituum</strong></span> 
     </span>
    </p>
   </div>
   <div class='ocr_carea' id='block_1_37' title="bbox 997 940 1786 982">
    <p class='ocr_par' dir='ltr' id='par_1_37' title="bbox 997 940 1786 982">
     <span class='ocr_line' id='line_1_37' title="bbox 997 940 1786 982; baseline -0.013 -6"><span class='ocrx_word' id='word_1_264' title='bbox 997 948 1154 977; x_wconf 89' lang='lat' dir='ltr'><strong>ministerio</strong></span> <span class='ocrx_word' id='word_1_265' title='bbox 1173 947 1220 982; x_wconf 89' lang='lat' dir='ltr'><strong>qui</strong></span> <span class='ocrx_word' id='word_1_266' title='bbox 1244 945 1324 972; x_wconf 84' lang='lat' dir='ltr'><strong>colles</strong></span> <span class='ocrx_word' id='word_1_267' title='bbox 1351 945 1540 975; x_wconf 88' lang='lat' dir='ltr'><strong>nominantur,</strong></span> <span class='ocrx_word' id='word_1_268' title='bbox 1559 940 1761 969; x_wconf 84' lang='lat' dir='ltr'><strong>insurrexerint</strong></span> <span class='ocrx_word' id='word_1_269' title='bbox 1778 950 1786 967; x_wconf 88' lang='lat'><strong>;</strong></span> 
     </span>
    </p>
   </div>
   <div class='ocr_carea' id='block_1_38' title="bbox 150 985 1787 1033">
    <p class='ocr_par' dir='ltr' id='par_1_38' title="bbox 150 985 1787 1033">
     <span class='ocr_line' id='line_1_38' title="bbox 150 985 1787 1033; baseline -0.009 -7"><span class='ocrx_word' id='word_1_270' title='bbox 150 997 251 1033; x_wconf 88' lang='lat' dir='ltr'><strong>quibus</strong></span> <span class='ocrx_word' id='word_1_271' title='bbox 268 997 445 1033; x_wconf 87' lang='lat' dir='ltr'><strong>pereuntibus</strong></span> <span class='ocrx_word' id='word_1_272' title='bbox 463 985 540 1024; x_wconf 43' lang='lat' dir='ltr'><strong>tu&#39;in</strong></span> <span class='ocrx_word' id='word_1_273' title='bbox 559 985 673 1024; x_wconf 79' lang='lat' dir='ltr'><strong>Domino</strong></span> <span class='ocrx_word' id='word_1_274' title='bbox 690 985 835 1025; x_wconf 72' lang='lat' dir='ltr'><strong>ttetaberis.</strong></span> <span class='ocrx_word' id='word_1_275' title='bbox 877 995 959 1023; x_wconf 81' lang='lat' dir='ltr'><strong>Dedit</strong></span> <span class='ocrx_word' id='word_1_276' title='bbox 996 995 1069 1023; x_wconf 89' lang='lat' dir='ltr'><strong>enim</strong></span> <span class='ocrx_word' id='word_1_277' title='bbox 1104 994 1182 1021; x_wconf 86' lang='lat' dir='ltr'><strong>vobis</strong></span> <span class='ocrx_word' id='word_1_278' title='bbox 1213 992 1372 1020; x_wconf 80' lang='lat' dir='ltr'><strong>facultatem</strong></span> <span class='ocrx_word' id='word_1_279' title='bbox 1402 992 1545 1024; x_wconf 82' lang='lat' dir='ltr'><strong>serpentes</strong></span> <span class='ocrx_word' id='word_1_280' title='bbox 1571 991 1599 1015; x_wconf 85' lang='lat' dir='ltr'><strong>et</strong></span> <span class='ocrx_word' id='word_1_281' title='bbox 1625 985 1787 1021; x_wconf 82' lang='lat' dir='ltr'><strong>scorpiones</strong></span> 
     </span>
    </p>
   </div>
   <div class='ocr_carea' id='block_1_39' title="bbox 152 1042 1063 1080">
    <p class='ocr_par' dir='ltr' id='par_1_39' title="bbox 152 1042 1063 1080">
     <span class='ocr_line' id='line_1_39' title="bbox 152 1042 1063 1080; baseline -0.003 -7"><span class='ocrx_word' id='word_1_282' title='bbox 152 1046 344 1080; x_wconf 87' lang='lat' dir='ltr'><strong>coneulcandi,</strong></span> <span class='ocrx_word' id='word_1_283' title='bbox 373 1051 401 1074; x_wconf 89' lang='lat' dir='ltr'><strong>et</strong></span> <span class='ocrx_word' id='word_1_284' title='bbox 422 1046 555 1074; x_wconf 86' lang='lat' dir='ltr'><strong>adversus</strong></span> <span class='ocrx_word' id='word_1_285' title='bbox 578 1053 690 1074; x_wconf 89' lang='lat' dir='ltr'><strong>omnem</strong></span> <span class='ocrx_word' id='word_1_286' title='bbox 715 1045 836 1073; x_wconf 91' lang='lat' dir='ltr'><strong>hostium</strong></span> <span class='ocrx_word' id='word_1_287' title='bbox 850 1047 1014 1079; x_wconf 89' lang='lat' dir='ltr'><strong>potestatem</strong></span> <span class='ocrx_word' id='word_1_288' title='bbox 1029 1042 1063 1069; x_wconf 66' lang='grc' dir='ltr'><strong>δ’.</strong></span> 
     </span>
    </p>
   </div>
   <div class='ocr_carea' id='block_1_40' title="bbox 187 1090 945 1127">
    <p class='ocr_par' dir='ltr' id='par_1_40' title="bbox 187 1090 945 1127">
     <span class='ocr_line' id='line_1_40' title="bbox 187 1090 945 1127; baseline -0.005 -7"><span class='ocrx_word' id='word_1_289' title='bbox 187 1094 284 1124; x_wconf 84' lang='grc' dir='ltr'>Εῐποις</span> <span class='ocrx_word' id='word_1_290' title='bbox 305 1092 328 1119; x_wconf 89' lang='grc' dir='ltr'><strong>δ’</strong></span> <span class='ocrx_word' id='word_1_291' title='bbox 346 1091 380 1119; x_wconf 82' lang='grc' dir='ltr'>ἂν</span> <span class='ocrx_word' id='word_1_292' title='bbox 400 1092 454 1127; x_wconf 55' lang='lat' dir='ltr'><strong>opai</strong></span> <span class='ocrx_word' id='word_1_293' title='bbox 467 1092 514 1119; x_wconf 78' lang='grc' dir='ltr'>καὶ</span> <span class='ocrx_word' id='word_1_294' title='bbox 525 1091 661 1124; x_wconf 78' lang='grc' dir='ltr'>,ϐουνοὺς</span> <span class='ocrx_word' id='word_1_295' title='bbox 680 1091 728 1118; x_wconf 81' lang='grc' dir='ltr'>καὶ</span> <span class='ocrx_word' id='word_1_296' title='bbox 747 1091 812 1123; x_wconf 81' lang='grc' dir='ltr'>τοὺς</span> <span class='ocrx_word' id='word_1_297' title='bbox 826 1091 855 1118; x_wconf 82' lang='grc' dir='ltr'>ὲν</span> <span class='ocrx_word' id='word_1_298' title='bbox 865 1090 945 1118; x_wconf 88' lang='grc' dir='ltr'>δυνα-</span> 
     </span>
    </p>
   </div>
   <div class='ocr_carea' id='block_1_41' title="bbox 152 1136 945 1172">
    <p class='ocr_par' dir='ltr' id='par_1_41' title="bbox 152 1136 945 1172">
     <span class='ocr_line' id='line_1_41' title="bbox 152 1136 945 1172; baseline -0.004 -7"><span class='ocrx_word' id='word_1_299' title='bbox 152 1138 255 1169; x_wconf 72' lang='grc' dir='ltr'>στείαις</span> <span class='ocrx_word' id='word_1_300' title='bbox 280 1138 426 1172; x_wconf 74' lang='grc' dir='ltr'><strong>κοσμικαῖς</strong></span> <span class='ocrx_word' id='word_1_301' title='bbox 452 1137 509 1168; x_wconf 80' lang='grc' dir='ltr'>τοῖς</span> <span class='ocrx_word' id='word_1_302' title='bbox 542 1136 703 1167; x_wconf 69' lang='grc' dir='ltr'><strong>ἀποστόλοις</strong></span> <span class='ocrx_word' id='word_1_303' title='bbox 729 1136 945 1167; x_wconf 85' lang='grc' dir='ltr'>ἐπαναστάντας.</span> 
     </span>
    </p>
   </div>
   <div class='ocr_carea' id='block_1_42' title="bbox 157 1181 946 1219">
    <p class='ocr_par' dir='ltr' id='par_1_42' title="bbox 157 1181 946 1219">
     <span class='ocr_line' id='line_1_42' title="bbox 157 1181 946 1219; baseline -0.003 -8"><span class='ocrx_word' id='word_1_304' title='bbox 157 1184 240 1211; x_wconf 81' lang='grc' dir='ltr'>Ἀλλὰ</span> <span class='ocrx_word' id='word_1_305' title='bbox 255 1184 303 1211; x_wconf 79' lang='grc' dir='ltr'>καὶ</span> <span class='ocrx_word' id='word_1_306' title='bbox 314 1183 417 1210; x_wconf 88' lang='grc' dir='ltr'>τούτων</span> <span class='ocrx_word' id='word_1_307' title='bbox 443 1183 656 1219; x_wconf 78' lang='grc' dir='ltr'><strong>καθῃρημένων,</strong></span> <span class='ocrx_word' id='word_1_308' title='bbox 681 1182 723 1210; x_wconf 84' lang='grc' dir='ltr'>σὺ</span> <span class='ocrx_word' id='word_1_309' title='bbox 750 1181 946 1217; x_wconf 60' lang='lat' dir='ltr'><strong>eugepae-(Mam</strong></span> 
     </span>
    </p>
   </div>
   <div class='ocr_carea' id='block_1_43' title="bbox 152 1227 947 1263">
    <p class='ocr_par' dir='ltr' id='par_1_43' title="bbox 152 1227 947 1263">
     <span class='ocr_line' id='line_1_43' title="bbox 152 1227 947 1263; baseline -0.004 -7"><span class='ocrx_word' id='word_1_310' title='bbox 152 1230 187 1257; x_wconf 80' lang='grc' dir='ltr'>ὲν</span> <span class='ocrx_word' id='word_1_311' title='bbox 215 1228 278 1263; x_wconf 83' lang='grc' dir='ltr'>τοῖς</span> <span class='ocrx_word' id='word_1_312' title='bbox 306 1229 402 1263; x_wconf 70' lang='grc' dir='ltr'>ἁγίοις</span> <span class='ocrx_word' id='word_1_313' title='bbox 439 1227 583 1263; x_wconf 79' lang='grc' dir='ltr'>Ἰσραὴλ,</span> <span class='ocrx_word' id='word_1_314' title='bbox 607 1227 747 1263; x_wconf 78' lang='grc' dir='ltr'>ἐντρυφῶν</span> <span class='ocrx_word' id='word_1_315' title='bbox 772 1228 810 1254; x_wconf 82' lang='grc' dir='ltr'><strong>ὅτ’</strong></span> <span class='ocrx_word' id='word_1_316' title='bbox 832 1227 865 1254; x_wconf 84' lang='grc' dir='ltr'>ἂν</span> <span class='ocrx_word' id='word_1_317' title='bbox 890 1227 947 1262; x_wconf 78' lang='grc' dir='ltr'><strong>ἴδῃς</strong></span> 
     </span>
    </p>
   </div>
   <div class='ocr_carea' id='block_1_44' title="bbox 153 1272 949 1309">
    <p class='ocr_par' dir='ltr' id='par_1_44' title="bbox 153 1272 949 1309">
     <span class='ocr_line' id='line_1_44' title="bbox 153 1272 949 1309; baseline -0.004 -7"><span class='ocrx_word' id='word_1_318' title='bbox 153 1275 268 1307; x_wconf 78' lang='grc' dir='ltr'>πολλοὺς</span> <span class='ocrx_word' id='word_1_319' title='bbox 285 1274 430 1309; x_wconf 80' lang='grc' dir='ltr'>γεγονότας</span> <span class='ocrx_word' id='word_1_320' title='bbox 454 1274 570 1308; x_wconf 78' lang='grc' dir='ltr'><strong>ἁγίους,</strong></span> <span class='ocrx_word' id='word_1_321' title='bbox 597 1273 645 1300; x_wconf 74' lang='grc' dir='ltr'>καὶ</span> <span class='ocrx_word' id='word_1_322' title='bbox 677 1275 706 1300; x_wconf 86' lang='grc' dir='ltr'><strong>ἐν</strong></span> <span class='ocrx_word' id='word_1_323' title='bbox 726 1272 802 1306; x_wconf 75' lang='grc' dir='ltr'><strong>υἱοῖς</strong></span> <span class='ocrx_word' id='word_1_324' title='bbox 826 1272 949 1306; x_wconf 76' lang='grc' dir='ltr'>Ἰσραὴλ</span> 
     </span>
    </p>
   </div>
   <div class='ocr_carea' id='block_1_45' title="bbox 153 1317 950 1356">
    <p class='ocr_par' dir='ltr' id='par_1_45' title="bbox 153 1317 950 1356">
     <span class='ocr_line' id='line_1_45' title="bbox 153 1317 950 1356; baseline -0.003 -8"><span class='ocrx_word' id='word_1_325' title='bbox 153 1321 351 1356; x_wconf 79' lang='grc' dir='ltr'>τεταγμένους.</span> <span class='ocrx_word' id='word_1_326' title='bbox 370 1329 379 1346; x_wconf 75' lang='lat' dir='ltr'><strong>t</strong></span> <span class='ocrx_word' id='word_1_327' title='bbox 396 1321 434 1347; x_wconf 82' lang='grc' dir='ltr'><strong>Οὐ</strong></span> <span class='ocrx_word' id='word_1_328' title='bbox 457 1321 512 1356; x_wconf 79' lang='grc' dir='ltr'><strong>γὰρ</strong></span> <span class='ocrx_word' id='word_1_329' title='bbox 529 1320 632 1352; x_wconf 86' lang='grc' dir='ltr'>πάντες</span> <span class='ocrx_word' id='word_1_330' title='bbox 653 1320 677 1347; x_wconf 76' lang='grc' dir='ltr'><strong>οι</strong></span> <span class='ocrx_word' id='word_1_331' title='bbox 694 1319 724 1353; x_wconf 79' lang='grc' dir='ltr'>ἐξ</span> <span class='ocrx_word' id='word_1_332' title='bbox 744 1320 864 1355; x_wconf 81' lang='grc' dir='ltr'>Ἰσραὴλ,</span> <span class='ocrx_word' id='word_1_333' title='bbox 877 1317 950 1347; x_wconf 72' lang='grc' dir='ltr'>οὗτοι</span> 
     </span>
    </p>
   </div>
   <div class='ocr_carea' id='block_1_46' title="bbox 161 1367 951 1404">
    <p class='ocr_par' dir='ltr' id='par_1_46' title="bbox 161 1367 951 1404">
     <span class='ocr_line' id='line_1_46' title="bbox 161 1367 951 1404; baseline -0.001 -10"><span class='ocrx_word' id='word_1_334' title='bbox 161 1367 280 1404; x_wconf 85' lang='grc' dir='ltr'>Ἰσραήλ.</span> <span class='ocrx_word' id='word_1_335' title='bbox 301 1377 310 1394; x_wconf 76' lang='grc' dir='ltr'><strong>ι</strong></span> <span class='ocrx_word' id='word_1_336' title='bbox 330 1368 457 1395; x_wconf 87' lang='grc' dir='ltr'>Τοιοῦτον</span> <span class='ocrx_word' id='word_1_337' title='bbox 474 1369 550 1404; x_wconf 72' lang='grc' dir='ltr'>παρὰ</span> <span class='ocrx_word' id='word_1_338' title='bbox 564 1367 604 1402; x_wconf 82' lang='grc' dir='ltr'><strong>τῷ</strong></span> <span class='ocrx_word' id='word_1_339' title='bbox 617 1367 772 1402; x_wconf 81' lang='grc' dir='ltr'>Ἀποστόλῳ</span> <span class='ocrx_word' id='word_1_340' title='bbox 791 1367 832 1399; x_wconf 86' lang='grc' dir='ltr'>τὸ,</span> <span class='ocrx_word' id='word_1_341' title='bbox 850 1376 860 1393; x_wconf 79' lang='grc' dir='ltr'><strong>ι</strong></span> <span class='ocrx_word' id='word_1_342' title='bbox 871 1367 951 1402; x_wconf 86' lang='grc' dir='ltr'>Χαρά</span> 
     </span>
    </p>
   </div>
   <div class='ocr_carea' id='block_1_47' title="bbox 156 1412 950 1450">
    <p class='ocr_par' dir='ltr' id='par_1_47' title="bbox 156 1412 950 1450">
     <span class='ocr_line' id='line_1_47' title="bbox 156 1412 950 1450; baseline -0.004 -9"><span class='ocrx_word' id='word_1_343' title='bbox 156 1414 348 1449; x_wconf 81' lang='grc' dir='ltr'>καίστέφανός</span> <span class='ocrx_word' id='word_1_344' title='bbox 369 1423 432 1450; x_wconf 89' lang='grc' dir='ltr'>μου.</span> <span class='ocrx_word' id='word_1_345' title='bbox 453 1424 461 1439; x_wconf 78' lang='grc' dir='ltr'><strong>ι</strong></span> <span class='ocrx_word' id='word_1_346' title='bbox 482 1413 575 1440; x_wconf 88' lang='grc' dir='ltr'>Ταῦτα</span> <span class='ocrx_word' id='word_1_347' title='bbox 599 1413 664 1448; x_wconf 79' lang='grc' dir='ltr'>περὶ</span> <span class='ocrx_word' id='word_1_348' title='bbox 685 1413 741 1439; x_wconf 86' lang='grc' dir='ltr'>τῶν</span> <span class='ocrx_word' id='word_1_349' title='bbox 762 1412 920 1439; x_wconf 86' lang='grc' dir='ltr'>ἀποστόλων</span> <span class='ocrx_word' id='word_1_350' title='bbox 936 1413 950 1439; x_wconf 86' lang='grc' dir='ltr'><strong>ό</strong></span> 
     </span>
    </p>
   </div>
   <div class='ocr_carea' id='block_1_48' title="bbox 156 1458 950 1496">
    <p class='ocr_par' dir='ltr' id='par_1_48' title="bbox 156 1458 950 1496">
     <span class='ocr_line' id='line_1_48' title="bbox 156 1458 950 1496; baseline -0.003 -9"><span class='ocrx_word' id='word_1_351' title='bbox 156 1460 326 1496; x_wconf 83' lang='grc' dir='ltr'>προφητικδς</span> <span class='ocrx_word' id='word_1_352' title='bbox 342 1460 421 1494; x_wconf 82' lang='grc' dir='ltr'>λόγος</span> <span class='ocrx_word' id='word_1_353' title='bbox 436 1459 530 1493; x_wconf 72' lang='grc' dir='ltr'>εἰπὼν,</span> <span class='ocrx_word' id='word_1_354' title='bbox 550 1460 580 1492; x_wconf 80' lang='grc' dir='ltr'>ἐξ</span> <span class='ocrx_word' id='word_1_355' title='bbox 596 1459 694 1495; x_wconf 81' lang='grc' dir='ltr'>ἐτέρας</span> <span class='ocrx_word' id='word_1_356' title='bbox 707 1459 796 1494; x_wconf 78' lang='grc' dir='ltr'>ἀρχῆς</span> <span class='ocrx_word' id='word_1_357' title='bbox 814 1459 878 1494; x_wconf 75' lang='grc' dir='ltr'>περ).</span> <span class='ocrx_word' id='word_1_358' title='bbox 900 1458 950 1492; x_wconf 87' lang='grc' dir='ltr'>τῆς</span> 
     </span>
    </p>
   </div>
   <div class='ocr_carea' id='block_1_49' title="bbox 156 1504 950 1541">
    <p class='ocr_par' dir='ltr' id='par_1_49' title="bbox 156 1504 950 1541">
     <span class='ocr_line' id='line_1_49' title="bbox 156 1504 950 1541; baseline -0.004 -8"><span class='ocrx_word' id='word_1_359' title='bbox 156 1506 212 1533; x_wconf 84' lang='grc' dir='ltr'>τῶν</span> <span class='ocrx_word' id='word_1_360' title='bbox 235 1506 319 1533; x_wconf 84' lang='grc' dir='ltr'>ἐθνῶν</span> <span class='ocrx_word' id='word_1_361' title='bbox 346 1506 514 1541; x_wconf 74' lang='grc' dir='ltr'>ἐπιστροφῆς</span> <span class='ocrx_word' id='word_1_362' title='bbox 540 1506 624 1539; x_wconf 78' lang='grc' dir='ltr'>λέγει’</span> <span class='ocrx_word' id='word_1_363' title='bbox 652 1504 897 1540; x_wconf 76' lang='grc' dir='ltr'>Ἁγιιλλιὰσονται</span> <span class='ocrx_word' id='word_1_364' title='bbox 923 1505 950 1531; x_wconf 78' lang='grc' dir='ltr'>οι</span> 
     </span>
    </p>
   </div>
   <div class='ocr_carea' id='block_1_50' title="bbox 158 1549 951 1585">
    <p class='ocr_par' dir='ltr' id='par_1_50' title="bbox 158 1549 951 1585">
     <span class='ocr_line' id='line_1_50' title="bbox 158 1549 951 1585; baseline -0.001 -8"><span class='ocrx_word' id='word_1_365' title='bbox 158 1550 280 1585; x_wconf 75' lang='grc' dir='ltr'>πτωχοὶ,</span> <span class='ocrx_word' id='word_1_366' title='bbox 298 1551 347 1578; x_wconf 75' lang='grc' dir='ltr'>καὶ</span> <span class='ocrx_word' id='word_1_367' title='bbox 373 1553 401 1578; x_wconf 82' lang='grc' dir='ltr'><strong>οἰ</strong></span> <span class='ocrx_word' id='word_1_368' title='bbox 414 1551 536 1584; x_wconf 82' lang='grc' dir='ltr'><strong>ἐνδεεῖς.</strong></span> <span class='ocrx_word' id='word_1_369' title='bbox 559 1551 709 1578; x_wconf 74' lang='grc' dir='ltr'>Ὠϐἐλισται</span> <span class='ocrx_word' id='word_1_370' title='bbox 722 1550 751 1577; x_wconf 82' lang='grc' dir='ltr'><strong>δέ</strong></span> <span class='ocrx_word' id='word_1_371' title='bbox 764 1550 794 1576; x_wconf 86' lang='grc' dir='ltr'>τὺ</span> <span class='ocrx_word' id='word_1_372' title='bbox 808 1549 951 1585; x_wconf 59' lang='grc' dir='ltr'>ἀγαλλιά-</span> 
     </span>
    </p>
   </div>
   <div class='ocr_carea' id='block_1_51' title="bbox 158 1595 948 1633">
    <p class='ocr_par' dir='ltr' id='par_1_51' title="bbox 158 1595 948 1633">
     <span class='ocr_line' id='line_1_51' title="bbox 158 1595 948 1633; baseline -0.003 -9"><span class='ocrx_word' id='word_1_373' title='bbox 158 1604 275 1624; x_wconf 70' lang='grc' dir='ltr'>σονται·</span> <span class='ocrx_word' id='word_1_374' title='bbox 295 1597 370 1633; x_wconf 87' lang='grc' dir='ltr'>παρὰ</span> <span class='ocrx_word' id='word_1_375' title='bbox 383 1597 438 1632; x_wconf 85' lang='grc' dir='ltr'><strong>γὰρ</strong></span> <span class='ocrx_word' id='word_1_376' title='bbox 451 1598 508 1629; x_wconf 90' lang='grc' dir='ltr'>τοῖς</span> <span class='ocrx_word' id='word_1_377' title='bbox 519 1597 623 1628; x_wconf 82' lang='grc' dir='ltr'>λοιποῖς</span> <span class='ocrx_word' id='word_1_378' title='bbox 635 1596 754 1632; x_wconf 71' lang='grc' dir='ltr'>εἴρηταιθ</span> <span class='ocrx_word' id='word_1_379' title='bbox 773 1597 806 1623; x_wconf 83' lang='grc' dir='ltr'>οι</span> <span class='ocrx_word' id='word_1_380' title='bbox 825 1595 948 1630; x_wconf 72' lang='grc' dir='ltr'>πτωχοὶ,</span> 
     </span>
    </p>
   </div>
   <div class='ocr_carea' id='block_1_52' title="bbox 160 1640 950 1676">
    <p class='ocr_par' dir='ltr' id='par_1_52' title="bbox 160 1640 950 1676">
     <span class='ocr_line' id='line_1_52' title="bbox 160 1640 950 1676; baseline -0.005 -6"><span class='ocrx_word' id='word_1_381' title='bbox 160 1642 212 1670; x_wconf 69' lang='grc' dir='ltr'>καὶ</span> <span class='ocrx_word' id='word_1_382' title='bbox 230 1644 257 1671; x_wconf 80' lang='grc' dir='ltr'><strong>οι</strong></span> <span class='ocrx_word' id='word_1_383' title='bbox 282 1642 397 1676; x_wconf 76' lang='grc' dir='ltr'>ἐνδεεῖς</span> <span class='ocrx_word' id='word_1_384' title='bbox 416 1641 601 1676; x_wconf 79' lang='grc' dir='ltr'><strong>ζητήσουσιν</strong></span> <span class='ocrx_word' id='word_1_385' title='bbox 615 1641 705 1676; x_wconf 68' lang='grc' dir='ltr'>ὕδωρ,</span> <span class='ocrx_word' id='word_1_386' title='bbox 722 1641 841 1668; x_wconf 77' lang='grc' dir='ltr'>καὶούκ</span> <span class='ocrx_word' id='word_1_387' title='bbox 854 1640 950 1667; x_wconf 74' lang='grc' dir='ltr'>ἔσται.</span> 
     </span>
    </p>
   </div>
   <div class='ocr_carea' id='block_1_53' title="bbox 167 1685 953 1720">
    <p class='ocr_par' dir='ltr' id='par_1_53' title="bbox 167 1685 953 1720">
     <span class='ocr_line' id='line_1_53' title="bbox 167 1685 953 1720; baseline -0.005 -5"><span class='ocrx_word' id='word_1_388' title='bbox 167 1688 248 1716; x_wconf 81' lang='grc' dir='ltr'>’Δλλὰ</span> <span class='ocrx_word' id='word_1_389' title='bbox 255 1688 342 1716; x_wconf 82' lang='grc' dir='ltr'>ταῦτα</span> <span class='ocrx_word' id='word_1_390' title='bbox 356 1687 440 1715; x_wconf 73' lang='grc' dir='ltr'>πάλαι</span> <span class='ocrx_word' id='word_1_391' title='bbox 454 1686 617 1714; x_wconf 81' lang='grc' dir='ltr'>πεπόνθασι.</span> <span class='ocrx_word' id='word_1_392' title='bbox 629 1686 686 1713; x_wconf 88' lang='grc' dir='ltr'>Νῦν</span> <span class='ocrx_word' id='word_1_393' title='bbox 700 1685 739 1718; x_wconf 83' lang='grc' dir='ltr'><strong>δὲ,</strong></span> <span class='ocrx_word' id='word_1_394' title='bbox 755 1686 817 1713; x_wconf 82' lang='grc' dir='ltr'>οὐκ</span> <span class='ocrx_word' id='word_1_395' title='bbox 827 1685 953 1720; x_wconf 76' lang='grc' dir='ltr'>ἐγκαταο</span> 
     </span>
    </p>
   </div>
   <div class='ocr_carea' id='block_1_54' title="bbox 161 1730 954 1769">
    <p class='ocr_par' dir='ltr' id='par_1_54' title="bbox 161 1730 954 1769">
     <span class='ocr_line' id='line_1_54' title="bbox 161 1730 954 1769; baseline -0.008 -7"><span class='ocrx_word' id='word_1_396' title='bbox 161 1734 258 1769; x_wconf 67' lang='grc' dir='ltr'>λείψω</span> <span class='ocrx_word' id='word_1_397' title='bbox 273 1733 395 1767; x_wconf 80' lang='grc' dir='ltr'>αὐτοὺς,</span> <span class='ocrx_word' id='word_1_398' title='bbox 412 1734 481 1761; x_wconf 75' lang='grc' dir='ltr'>ἀλλ’</span> <span class='ocrx_word' id='word_1_399' title='bbox 504 1732 605 1766; x_wconf 79' lang='grc' dir='ltr'>ἀνάξω</span> <span class='ocrx_word' id='word_1_400' title='bbox 616 1737 630 1751; x_wconf 79' lang='grc' dir='ltr'>ν</span> <span class='ocrx_word' id='word_1_401' title='bbox 646 1732 696 1759; x_wconf 75' lang='grc' dir='ltr'>ἐπὶ</span> <span class='ocrx_word' id='word_1_402' title='bbox 713 1731 772 1758; x_wconf 85' lang='grc' dir='ltr'><strong>τῶν</strong></span> <span class='ocrx_word' id='word_1_403' title='bbox 791 1730 884 1765; x_wconf 80' lang='grc' dir='ltr'>ὀρέων</span> <span class='ocrx_word' id='word_1_404' title='bbox 899 1738 954 1756; x_wconf 80' lang='grc' dir='ltr'><strong>πο-</strong></span> 
     </span>
    </p>
   </div>
   <div class='ocr_carea' id='block_1_55' title="bbox 161 1776 954 1815">
    <p class='ocr_par' dir='ltr' id='par_1_55' title="bbox 161 1776 954 1815">
     <span class='ocr_line' id='line_1_55' title="bbox 161 1776 954 1815; baseline -0.006 -8"><span class='ocrx_word' id='word_1_405' title='bbox 161 1779 285 1815; x_wconf 81' lang='grc' dir='ltr'>ταμοὺς.</span> <span class='ocrx_word' id='word_1_406' title='bbox 302 1781 351 1807; x_wconf 82' lang='grc' dir='ltr'>καὶ</span> <span class='ocrx_word' id='word_1_407' title='bbox 362 1779 397 1806; x_wconf 83' lang='grc' dir='ltr'>τὰ</span> <span class='ocrx_word' id='word_1_408' title='bbox 412 1779 485 1815; x_wconf 79' lang='grc' dir='ltr'>ἑξῆς.</span> <span class='ocrx_word' id='word_1_409' title='bbox 506 1779 540 1806; x_wconf 79' lang='grc' dir='ltr'><strong>Αἰ</strong></span> <span class='ocrx_word' id='word_1_410' title='bbox 555 1778 609 1814; x_wconf 76' lang='grc' dir='ltr'><strong>γὰρ</strong></span> <span class='ocrx_word' id='word_1_411' title='bbox 624 1777 709 1805; x_wconf 75' lang='grc' dir='ltr'>πάλαι</span> <span class='ocrx_word' id='word_1_412' title='bbox 723 1777 808 1812; x_wconf 82' lang='grc' dir='ltr'>ψυχαὶ</span> <span class='ocrx_word' id='word_1_413' title='bbox 832 1777 881 1812; x_wconf 86' lang='grc' dir='ltr'>τῆς</span> <span class='ocrx_word' id='word_1_414' title='bbox 905 1776 954 1803; x_wconf 79' lang='grc' dir='ltr'><strong>τοῦ</strong></span> 
     </span>
    </p>
   </div>
   <div class='ocr_carea' id='block_1_56' title="bbox 163 1822 956 1859">
    <p class='ocr_par' dir='ltr' id='par_1_56' title="bbox 163 1822 956 1859">
     <span class='ocr_line' id='line_1_56' title="bbox 163 1822 956 1859; baseline -0.004 -8"><span class='ocrx_word' id='word_1_415' title='bbox 163 1824 231 1851; x_wconf 87' lang='grc' dir='ltr'>Θεοῦ</span> <span class='ocrx_word' id='word_1_416' title='bbox 248 1823 375 1859; x_wconf 83' lang='grc' dir='ltr'>γνώσεως</span> <span class='ocrx_word' id='word_1_417' title='bbox 386 1825 496 1857; x_wconf 85' lang='grc' dir='ltr'><strong>ἐνδεεῖς,</strong></span> <span class='ocrx_word' id='word_1_418' title='bbox 512 1824 549 1855; x_wconf 75' lang='grc' dir='ltr'><strong>ὡς</strong></span> <span class='ocrx_word' id='word_1_419' title='bbox 570 1823 620 1859; x_wconf 87' lang='grc' dir='ltr'>τὴν</span> <span class='ocrx_word' id='word_1_420' title='bbox 635 1822 781 1859; x_wconf 75' lang='grc' dir='ltr'>γλῶσσαν</span> <span class='ocrx_word' id='word_1_421' title='bbox 795 1822 895 1855; x_wconf 79' lang='grc' dir='ltr'>αὐτῶν,</span> <span class='ocrx_word' id='word_1_422' title='bbox 907 1823 956 1850; x_wconf 81' lang='grc' dir='ltr'>καὶ</span> 
     </span>
    </p>
   </div>
   <div class='ocr_carea' id='block_1_57' title="bbox 164 1868 954 1905">
    <p class='ocr_par' dir='ltr' id='par_1_57' title="bbox 164 1868 954 1905">
     <span class='ocr_line' id='line_1_57' title="bbox 164 1868 954 1905; baseline -0.005 -7"><span class='ocrx_word' id='word_1_423' title='bbox 164 1870 211 1898; x_wconf 77' lang='grc' dir='ltr'>τὸν</span> <span class='ocrx_word' id='word_1_424' title='bbox 224 1871 304 1905; x_wconf 90' lang='grc' dir='ltr'>λόγον</span> <span class='ocrx_word' id='word_1_425' title='bbox 327 1870 491 1905; x_wconf 81' lang='grc' dir='ltr'>ἐξηράνθαι</span> <span class='ocrx_word' id='word_1_426' title='bbox 505 1869 551 1896; x_wconf 81' lang='grc' dir='ltr'>τὸν</span> <span class='ocrx_word' id='word_1_427' title='bbox 575 1869 608 1896; x_wconf 87' lang='grc' dir='ltr'><strong>δι’</strong></span> <span class='ocrx_word' id='word_1_428' title='bbox 632 1869 717 1904; x_wconf 83' lang='grc' dir='ltr'>αὐτῆς</span> <span class='ocrx_word' id='word_1_429' title='bbox 739 1868 954 1904; x_wconf 76' lang='grc' dir='ltr'>προφερόμενον,</span> 
     </span>
    </p>
   </div>
   <div class='ocr_carea' id='block_1_58' title="bbox 167 1910 957 1953">
    <p class='ocr_par' dir='ltr' id='par_1_58' title="bbox 167 1910 957 1953">
     <span class='ocr_line' id='line_1_58' title="bbox 167 1910 957 1953; baseline -0.006 -9"><span class='ocrx_word' id='word_1_430' title='bbox 167 1917 262 1953; x_wconf 80' lang='grc' dir='ltr'>ρανιδα</span> <span class='ocrx_word' id='word_1_431' title='bbox 276 1916 399 1952; x_wconf 85' lang='grc' dir='ltr'>πόματος</span> <span class='ocrx_word' id='word_1_432' title='bbox 412 1916 462 1943; x_wconf 83' lang='grc' dir='ltr'><strong>οὐκ</strong></span> <span class='ocrx_word' id='word_1_433' title='bbox 477 1915 573 1951; x_wconf 72' lang='grc' dir='ltr'>ἔχοντα</span> <span class='ocrx_word' id='word_1_434' title='bbox 590 1914 717 1948; x_wconf 78' lang='grc' dir='ltr'>ζωτικοῦ,</span> <span class='ocrx_word' id='word_1_435' title='bbox 740 1910 819 1941; x_wconf 74' lang='grc' dir='ltr'>αὗται</span> <span class='ocrx_word' id='word_1_436' title='bbox 831 1913 896 1949; x_wconf 88' lang='grc' dir='ltr'>παρ’</span> <span class='ocrx_word' id='word_1_437' title='bbox 914 1913 957 1939; x_wconf 83' lang='grc' dir='ltr'>ἐλ-</span> 
     </span>
    </p>
   </div>
   <div class='ocr_carea' id='block_1_59' title="bbox 167 1959 955 1998">
    <p class='ocr_par' dir='ltr' id='par_1_59' title="bbox 167 1959 955 1998">
     <span class='ocr_line' id='line_1_59' title="bbox 167 1959 955 1998; baseline -0.006 -8"><span class='ocrx_word' id='word_1_438' title='bbox 167 1962 249 1994; x_wconf 78' lang='grc' dir='ltr'>πίδας</span> <span class='ocrx_word' id='word_1_439' title='bbox 270 1962 393 1998; x_wconf 86' lang='grc' dir='ltr'>σωτήρια</span> <span class='ocrx_word' id='word_1_440' title='bbox 421 1961 529 1989; x_wconf 74' lang='grc' dir='ltr'>πίνουσι</span> <span class='ocrx_word' id='word_1_441' title='bbox 555 1960 600 1987; x_wconf 85' lang='grc' dir='ltr'><strong>διὰ</strong></span> <span class='ocrx_word' id='word_1_442' title='bbox 623 1961 674 1996; x_wconf 85' lang='grc' dir='ltr'>τῆς</span> <span class='ocrx_word' id='word_1_443' title='bbox 701 1960 813 1995; x_wconf 82' lang='grc' dir='ltr'>χάριτος</span> <span class='ocrx_word' id='word_1_444' title='bbox 836 1959 955 1994; x_wconf 79' lang='grc' dir='ltr'>νάματα,</span> 
     </span>
    </p>
   </div>
   <div class='ocr_carea' id='block_1_60' title="bbox 166 2003 957 2042">
    <p class='ocr_par' dir='ltr' id='par_1_60' title="bbox 166 2003 957 2042">
     <span class='ocr_line' id='line_1_60' title="bbox 166 2003 957 2042; baseline -0.008 -7"><span class='ocrx_word' id='word_1_445' title='bbox 166 2007 241 2035; x_wconf 77' lang='grc' dir='ltr'><strong>κατά</strong></span> <span class='ocrx_word' id='word_1_446' title='bbox 253 2007 283 2034; x_wconf 75' lang='grc' dir='ltr'>τὸ</span> <span class='ocrx_word' id='word_1_447' title='bbox 300 2006 466 2042; x_wconf 79' lang='grc' dir='ltr'>προρῤηθέν·</span> <span class='ocrx_word' id='word_1_448' title='bbox 487 2015 496 2032; x_wconf 75' lang='grc' dir='ltr'><strong>ι</strong></span> <span class='ocrx_word' id='word_1_449' title='bbox 508 2005 562 2032; x_wconf 59' lang='grc' dir='ltr'><strong>Καὶ¹</strong></span> <span class='ocrx_word' id='word_1_450' title='bbox 576 2004 684 2032; x_wconf 82' lang='grc' dir='ltr'>πίονται</span> <span class='ocrx_word' id='word_1_451' title='bbox 702 2004 775 2038; x_wconf 82' lang='grc' dir='ltr'>ὕδωρ</span> <span class='ocrx_word' id='word_1_452' title='bbox 791 2004 823 2030; x_wconf 78' lang='grc' dir='ltr'><strong>ἐκ</strong></span> <span class='ocrx_word' id='word_1_453' title='bbox 834 2003 889 2030; x_wconf 83' lang='grc' dir='ltr'>τῶν</span> <span class='ocrx_word' id='word_1_454' title='bbox 902 2011 957 2038; x_wconf 89' lang='grc' dir='ltr'>πη-</span> 
     </span>
    </p>
   </div>
   <div class='ocr_carea' id='block_1_61' title="bbox 165 2048 958 2088">
    <p class='ocr_par' dir='ltr' id='par_1_61' title="bbox 165 2048 958 2088">
     <span class='ocr_line' id='line_1_61' title="bbox 165 2048 958 2088; baseline -0.008 -8"><span class='ocrx_word' id='word_1_455' title='bbox 165 2052 224 2088; x_wconf 85' lang='grc' dir='ltr'><strong>γῶν</strong></span> <span class='ocrx_word' id='word_1_456' title='bbox 237 2051 285 2079; x_wconf 88' lang='grc' dir='ltr'><strong>τοῦ</strong></span> <span class='ocrx_word' id='word_1_457' title='bbox 302 2051 447 2087; x_wconf 79' lang='grc' dir='ltr'>σωτηρίου.</span> <span class='ocrx_word' id='word_1_458' title='bbox 465 2060 475 2077; x_wconf 86' lang='grc'><strong>›</strong></span> <span class='ocrx_word' id='word_1_459' title='bbox 501 2051 556 2077; x_wconf 71' lang='grc' dir='ltr'><strong>Καὶ</strong></span> <span class='ocrx_word' id='word_1_460' title='bbox 575 2050 639 2086; x_wconf 81' lang='grc' dir='ltr'>μὴν,</span> <span class='ocrx_word' id='word_1_461' title='bbox 657 2050 704 2077; x_wconf 87' lang='grc' dir='ltr'>καὶ</span> <span class='ocrx_word' id='word_1_462' title='bbox 726 2048 779 2076; x_wconf 84' lang='grc' dir='ltr'>ἀπὺ</span> <span class='ocrx_word' id='word_1_463' title='bbox 793 2048 889 2084; x_wconf 85' lang='grc' dir='ltr'>πηγῶν</span> <span class='ocrx_word' id='word_1_464' title='bbox 908 2048 958 2075; x_wconf 74' lang='grc' dir='ltr'>ἰσ-</span> 
     </span>
    </p>
   </div>
   <div class='ocr_carea' id='block_1_62' title="bbox 168 2094 958 2134">
    <p class='ocr_par' dir='ltr' id='par_1_62' title="bbox 168 2094 958 2134">
     <span class='ocr_line' id='line_1_62' title="bbox 168 2094 958 2134; baseline -0.005 -9"><span class='ocrx_word' id='word_1_465' title='bbox 168 2098 248 2134; x_wconf 85' lang='grc' dir='ltr'>ραὴλ,</span> <span class='ocrx_word' id='word_1_466' title='bbox 272 2097 344 2125; x_wconf 85' lang='grc' dir='ltr'><strong>κατά</strong></span> <span class='ocrx_word' id='word_1_467' title='bbox 361 2097 392 2124; x_wconf 77' lang='grc' dir='ltr'>τὸ</span> <span class='ocrx_word' id='word_1_468' title='bbox 414 2098 443 2124; x_wconf 81' lang='grc' dir='ltr'><strong>ἐν</strong></span> <span class='ocrx_word' id='word_1_469' title='bbox 466 2096 592 2132; x_wconf 78' lang='grc' dir='ltr'>Ψαλμοῖς</span> <span class='ocrx_word' id='word_1_470' title='bbox 608 2104 616 2111; x_wconf 81' lang='grc' dir='ltr'><strong>ο</strong></span> <span class='ocrx_word' id='word_1_471' title='bbox 644 2095 709 2122; x_wconf 78' lang='grc' dir='ltr'><strong>(Ἑν</strong></span> <span class='ocrx_word' id='word_1_472' title='bbox 730 2095 890 2130; x_wconf 81' lang='grc' dir='ltr'>ἐκκλησίαις</span> <span class='ocrx_word' id='word_1_473' title='bbox 914 2094 958 2121; x_wconf 86' lang='grc' dir='ltr'><strong>εὑ-</strong></span> 
     </span>
    </p>
   </div>
   <div class='ocr_carea' id='block_1_63' title="bbox 167 2140 959 2179">
    <p class='ocr_par' dir='ltr' id='par_1_63' title="bbox 167 2140 959 2179">
     <span class='ocr_line' id='line_1_63' title="bbox 167 2140 959 2179; baseline -0.006 -8"><span class='ocrx_word' id='word_1_474' title='bbox 167 2144 273 2179; x_wconf 82' lang='grc' dir='ltr'>λογεϊτε</span> <span class='ocrx_word' id='word_1_475' title='bbox 285 2143 331 2170; x_wconf 81' lang='grc' dir='ltr'><strong>τὸν</strong></span> <span class='ocrx_word' id='word_1_476' title='bbox 345 2143 411 2170; x_wconf 79' lang='grc' dir='ltr'>Θεὸν</span> <span class='ocrx_word' id='word_1_477' title='bbox 425 2143 528 2178; x_wconf 80' lang='grc' dir='ltr'>Κύριον</span> <span class='ocrx_word' id='word_1_478' title='bbox 547 2143 579 2168; x_wconf 88' lang='grc' dir='ltr'><strong>ἐκ</strong></span> <span class='ocrx_word' id='word_1_479' title='bbox 591 2141 689 2176; x_wconf 86' lang='grc' dir='ltr'>πηγῶν</span> <span class='ocrx_word' id='word_1_480' title='bbox 708 2141 827 2176; x_wconf 81' lang='grc' dir='ltr'>Ἰσραήλ.</span> <span class='ocrx_word' id='word_1_481' title='bbox 847 2149 857 2166; x_wconf 75' lang='grc' dir='ltr'><strong>ι</strong></span> <span class='ocrx_word' id='word_1_482' title='bbox 873 2140 959 2167; x_wconf 83' lang='grc' dir='ltr'>Τοῦτο</span> 
     </span>
    </p>
   </div>
   <div class='ocr_carea' id='block_1_64' title="bbox 168 2185 959 2223">
    <p class='ocr_par' dir='ltr' id='par_1_64' title="bbox 168 2185 959 2223">
     <span class='ocr_line' id='line_1_64' title="bbox 168 2185 959 2223; baseline -0.006 -7"><span class='ocrx_word' id='word_1_483' title='bbox 168 2189 198 2216; x_wconf 78' lang='grc' dir='ltr'><strong>δέ</strong></span> <span class='ocrx_word' id='word_1_484' title='bbox 216 2190 274 2216; x_wconf 78' lang='grc' dir='ltr'>ἐστι</span> <span class='ocrx_word' id='word_1_485' title='bbox 287 2187 318 2216; x_wconf 80' lang='grc' dir='ltr'>τὸ</span> <span class='ocrx_word' id='word_1_486' title='bbox 341 2187 453 2223; x_wconf 80' lang='grc' dir='ltr'>Πνεῦμα</span> <span class='ocrx_word' id='word_1_487' title='bbox 474 2187 503 2213; x_wconf 77' lang='grc' dir='ltr'>τὸ</span> <span class='ocrx_word' id='word_1_488' title='bbox 518 2187 606 2221; x_wconf 80' lang='grc' dir='ltr'>ἃγιον,</span> <span class='ocrx_word' id='word_1_489' title='bbox 630 2186 662 2213; x_wconf 70' lang='grc' dir='ltr'>τὸ</span> <span class='ocrx_word' id='word_1_490' title='bbox 676 2186 801 2221; x_wconf 81' lang='grc' dir='ltr'>πηγάζον</span> <span class='ocrx_word' id='word_1_491' title='bbox 816 2186 845 2212; x_wconf 84' lang='grc' dir='ltr'><strong>ἐν</strong></span> <span class='ocrx_word' id='word_1_492' title='bbox 860 2185 959 2220; x_wconf 87' lang='grc' dir='ltr'>ἐκκλη-</span> 
     </span>
    </p>
   </div>
   <div class='ocr_carea' id='block_1_65' title="bbox 169 2231 958 2267">
    <p class='ocr_par' dir='ltr' id='par_1_65' title="bbox 169 2231 958 2267">
     <span class='ocr_line' id='line_1_65' title="bbox 169 2231 958 2267; baseline -0.004 -6"><span class='ocrx_word' id='word_1_493' title='bbox 169 2234 240 2266; x_wconf 76' lang='grc' dir='ltr'>σίαις</span> <span class='ocrx_word' id='word_1_494' title='bbox 255 2233 340 2261; x_wconf 81' lang='grc' dir='ltr'>ὕδατα</span> <span class='ocrx_word' id='word_1_495' title='bbox 356 2233 469 2266; x_wconf 79' lang='grc' dir='ltr'>ζωτικὰ,</span> <span class='ocrx_word' id='word_1_496' title='bbox 485 2233 518 2259; x_wconf 78' lang='grc' dir='ltr'>ὲκ</span> <span class='ocrx_word' id='word_1_497' title='bbox 532 2232 581 2267; x_wconf 81' lang='grc' dir='ltr'>τῆς</span> <span class='ocrx_word' id='word_1_498' title='bbox 595 2232 707 2267; x_wconf 82' lang='grc' dir='ltr'>Γραφῆς</span> <span class='ocrx_word' id='word_1_499' title='bbox 717 2231 769 2266; x_wconf 83' lang='grc' dir='ltr'>τῆς</span> <span class='ocrx_word' id='word_1_500' title='bbox 780 2240 810 2258; x_wconf 90' lang='grc' dir='ltr'><strong>τε</strong></span> <span class='ocrx_word' id='word_1_501' title='bbox 826 2231 958 2263; x_wconf 80' lang='grc' dir='ltr'>Παλαιᾶς,</span> 
     </span>
    </p>
   </div>
   <div class='ocr_carea' id='block_1_66' title="bbox 169 2276 998 2322">
    <p class='ocr_par' dir='ltr' id='par_1_66' title="bbox 169 2276 998 2322">
     <span class='ocr_line' id='line_1_66' title="bbox 169 2276 998 2322; baseline -0.005 -15"><span class='ocrx_word' id='word_1_502' title='bbox 169 2280 217 2308; x_wconf 75' lang='grc' dir='ltr'><strong>καὶ</strong></span> <span class='ocrx_word' id='word_1_503' title='bbox 231 2279 352 2314; x_wconf 81' lang='grc' dir='ltr'>Καινῆς·</span> <span class='ocrx_word' id='word_1_504' title='bbox 382 2278 446 2305; x_wconf 76' lang='grc' dir='ltr'>ἔνθα</span> <span class='ocrx_word' id='word_1_505' title='bbox 473 2277 521 2305; x_wconf 74' lang='grc' dir='ltr'>καὶ</span> <span class='ocrx_word' id='word_1_506' title='bbox 551 2277 677 2312; x_wconf 78' lang='grc' dir='ltr'>ποταμοὶ</span> <span class='ocrx_word' id='word_1_507' title='bbox 697 2277 793 2312; x_wconf 80' lang='grc' dir='ltr'>ἄνδρες</span> <span class='ocrx_word' id='word_1_508' title='bbox 811 2276 885 2311; x_wconf 80' lang='grc' dir='ltr'>ἀγιοι</span> <span class='ocrx_word' id='word_1_509' title='bbox 909 2276 959 2312; x_wconf 81' lang='grc' dir='ltr'>τὴν</span> <span class='ocrx_word' id='word_1_510' title='bbox 976 2295 998 2322; x_wconf 75' lang='lat' dir='ltr'><strong>D</strong></span> 
     </span>
    </p>
   </div>
   <div class='ocr_carea' id='block_1_67' title="bbox 170 2322 960 2360">
    <p class='ocr_par' dir='ltr' id='par_1_67' title="bbox 170 2322 960 2360">
     <span class='ocr_line' id='line_1_67' title="bbox 170 2322 960 2360; baseline -0.004 -8"><span class='ocrx_word' id='word_1_511' title='bbox 170 2325 236 2360; x_wconf 74' lang='grc' dir='ltr'>πρὶν</span> <span class='ocrx_word' id='word_1_512' title='bbox 249 2325 353 2360; x_wconf 73' lang='grc' dir='ltr'>ἔρημον</span> <span class='ocrx_word' id='word_1_513' title='bbox 367 2323 582 2356; x_wconf 80' lang='grc' dir='ltr'>κατακλύζουσιν</span> <span class='ocrx_word' id='word_1_514' title='bbox 595 2323 649 2350; x_wconf 80' lang='grc' dir='ltr'>ἀπὸ</span> <span class='ocrx_word' id='word_1_515' title='bbox 659 2322 706 2350; x_wconf 87' lang='grc' dir='ltr'><strong>τοῦ</strong></span> <span class='ocrx_word' id='word_1_516' title='bbox 718 2322 837 2359; x_wconf 83' lang='grc' dir='ltr'>μεγάλου</span> <span class='ocrx_word' id='word_1_517' title='bbox 853 2323 960 2359; x_wconf 67' lang='grc' dir='ltr'>ῥέοντες</span> 
     </span>
    </p>
   </div>
   <div class='ocr_carea' id='block_1_68' title="bbox 171 2367 963 2407">
    <p class='ocr_par' dir='ltr' id='par_1_68' title="bbox 171 2367 963 2407">
     <span class='ocr_line' id='line_1_68' title="bbox 171 2367 963 2407; baseline -0.004 -9"><span class='ocrx_word' id='word_1_518' title='bbox 171 2371 314 2407; x_wconf 76' lang='grc' dir='ltr'>ποταμοῦ,</span> <span class='ocrx_word' id='word_1_519' title='bbox 337 2367 369 2398; x_wconf 78' lang='grc' dir='ltr'><strong>οὗ</strong></span> <span class='ocrx_word' id='word_1_520' title='bbox 398 2370 432 2397; x_wconf 76' lang='grc' dir='ltr'>τὰ</span> <span class='ocrx_word' id='word_1_521' title='bbox 456 2370 606 2406; x_wconf 84' lang='grc' dir='ltr'>ὁρμήματα</span> <span class='ocrx_word' id='word_1_522' title='bbox 628 2369 806 2405; x_wconf 78' lang='grc' dir='ltr'>εὐφραίνουσι</span> <span class='ocrx_word' id='word_1_523' title='bbox 820 2369 870 2404; x_wconf 88' lang='grc' dir='ltr'>τὴν</span> <span class='ocrx_word' id='word_1_524' title='bbox 885 2369 963 2396; x_wconf 84' lang='grc' dir='ltr'>πόλιν</span> 
     </span>
    </p>
   </div>
   <div class='ocr_carea' id='block_1_69' title="bbox 170 2415 962 2453">
    <p class='ocr_par' dir='ltr' id='par_1_69' title="bbox 170 2415 962 2453">
     <span class='ocr_line' id='line_1_69' title="bbox 170 2415 962 2453; baseline -0.005 -7"><span class='ocrx_word' id='word_1_525' title='bbox 170 2419 217 2446; x_wconf 89' lang='grc' dir='ltr'><strong>τοῦ</strong></span> <span class='ocrx_word' id='word_1_526' title='bbox 243 2418 321 2452; x_wconf 85' lang='grc' dir='ltr'>Θεοῦ,</span> <span class='ocrx_word' id='word_1_527' title='bbox 346 2418 378 2445; x_wconf 84' lang='grc' dir='ltr'>δι’</span> <span class='ocrx_word' id='word_1_528' title='bbox 406 2418 435 2444; x_wconf 75' lang='grc' dir='ltr'>ὃν</span> <span class='ocrx_word' id='word_1_529' title='bbox 459 2417 584 2453; x_wconf 73' lang='grc' dir='ltr'>εἷρηταιυ</span> <span class='ocrx_word' id='word_1_530' title='bbox 607 2425 617 2443; x_wconf 79' lang='grc' dir='ltr'><strong>ι</strong></span> <span class='ocrx_word' id='word_1_531' title='bbox 631 2417 659 2443; x_wconf 89' lang='lat'><strong>&#39;0</strong></span> <span class='ocrx_word' id='word_1_532' title='bbox 681 2415 802 2451; x_wconf 74' lang='grc' dir='ltr'>ποταμὸς</span> <span class='ocrx_word' id='word_1_533' title='bbox 825 2415 872 2442; x_wconf 87' lang='grc' dir='ltr'><strong>τοῦ</strong></span> <span class='ocrx_word' id='word_1_534' title='bbox 893 2415 962 2442; x_wconf 81' lang='grc' dir='ltr'>Θεοῦ</span> 
     </span>
    </p>
   </div>
   <div class='ocr_carea' id='block_1_70' title="bbox 171 2461 694 2501">
    <p class='ocr_par' dir='ltr' id='par_1_70' title="bbox 171 2461 694 2501">
     <span class='ocr_line' id='line_1_70' title="bbox 171 2461 694 2501; baseline -0.01 -9"><span class='ocrx_word' id='word_1_535' title='bbox 171 2464 319 2501; x_wconf 73' lang='grc' dir='ltr'>ἐπληρώθη</span> <span class='ocrx_word' id='word_1_536' title='bbox 333 2463 446 2491; x_wconf 80' lang='grc' dir='ltr'>ὑδάτων.</span> <span class='ocrx_word' id='word_1_537' title='bbox 466 2473 476 2489; x_wconf 72' lang='grc' dir='ltr'><strong>ι</strong></span> <span class='ocrx_word' id='word_1_538' title='bbox 690 2461 694 2466; x_wconf 89' lang='grc'><em>’</em></span> 
     </span>
    </p>
   </div>
   <div class='ocr_carea' id='block_1_71' title="bbox 210 2548 964 2588">
    <p class='ocr_par' dir='ltr' id='par_1_71' title="bbox 210 2548 964 2588">
     <span class='ocr_line' id='line_1_71' title="bbox 210 2548 964 2588; baseline -0.005 -8"><span class='ocrx_word' id='word_1_539' title='bbox 210 2553 287 2580; x_wconf 78' lang='grc' dir='ltr'>Ἔστι</span> <span class='ocrx_word' id='word_1_540' title='bbox 302 2552 357 2588; x_wconf 82' lang='grc' dir='ltr'><strong>γὰρ</strong></span> <span class='ocrx_word' id='word_1_541' title='bbox 375 2552 439 2579; x_wconf 79' lang='grc' dir='ltr'>ἰδεῖν</span> <span class='ocrx_word' id='word_1_542' title='bbox 462 2552 512 2588; x_wconf 86' lang='grc' dir='ltr'>τὴν</span> <span class='ocrx_word' id='word_1_543' title='bbox 526 2551 658 2586; x_wconf 78' lang='grc' dir='ltr'>ἄνυδρον</span> <span class='ocrx_word' id='word_1_544' title='bbox 679 2551 765 2578; x_wconf 66' lang='grc' dir='ltr'>πάλαι</span> <span class='ocrx_word' id='word_1_545' title='bbox 781 2550 830 2586; x_wconf 89' lang='grc' dir='ltr'>τὴν</span> <span class='ocrx_word' id='word_1_546' title='bbox 849 2548 964 2584; x_wconf 85' lang='grc' dir='ltr'>Ἐκκλη-</span> 
     </span>
    </p>
   </div>
   <div class='ocr_carea' id='block_1_72' title="bbox 174 2595 966 2634">
    <p class='ocr_par' dir='ltr' id='par_1_72' title="bbox 174 2595 966 2634">
     <span class='ocr_line' id='line_1_72' title="bbox 174 2595 966 2634; baseline -0.004 -9"><span class='ocrx_word' id='word_1_547' title='bbox 174 2598 246 2633; x_wconf 73' lang='grc' dir='ltr'>σίαν,</span> <span class='ocrx_word' id='word_1_548' title='bbox 259 2597 309 2634; x_wconf 86' lang='grc' dir='ltr'>τὴν</span> <span class='ocrx_word' id='word_1_549' title='bbox 334 2597 438 2634; x_wconf 71' lang='grc' dir='ltr'>ἔρημον</span> <span class='ocrx_word' id='word_1_550' title='bbox 462 2596 531 2624; x_wconf 82' lang='grc' dir='ltr'>Θεοῦ</span> <span class='ocrx_word' id='word_1_551' title='bbox 552 2597 599 2624; x_wconf 70' lang='grc' dir='ltr'>καὶ</span> <span class='ocrx_word' id='word_1_552' title='bbox 615 2597 714 2628; x_wconf 71' lang='grc' dir='ltr'>παντὸς</span> <span class='ocrx_word' id='word_1_553' title='bbox 739 2595 854 2632; x_wconf 81' lang='grc' dir='ltr'>ἀγαθοῦ,</span> <span class='ocrx_word' id='word_1_554' title='bbox 870 2595 918 2622; x_wconf 76' lang='grc' dir='ltr'><strong>νῦν</strong></span> <span class='ocrx_word' id='word_1_555' title='bbox 933 2595 966 2622; x_wconf 75' lang='grc' dir='ltr'><strong>ἐκ</strong></span> 
     </span>
    </p>
   </div>
   <div class='ocr_carea' id='block_1_73' title="bbox 173 2641 966 2679">
    <p class='ocr_par' dir='ltr' id='par_1_73' title="bbox 173 2641 966 2679">
     <span class='ocr_line' id='line_1_73' title="bbox 173 2641 966 2679; baseline -0.006 -7"><span class='ocrx_word' id='word_1_556' title='bbox 173 2644 310 2672; x_wconf 83' lang='grc' dir='ltr'>τοσούτων</span> <span class='ocrx_word' id='word_1_557' title='bbox 337 2643 456 2672; x_wconf 80' lang='grc' dir='ltr'><strong>ὑδάτων</strong></span> <span class='ocrx_word' id='word_1_558' title='bbox 492 2643 582 2679; x_wconf 77' lang='grc' dir='ltr'>ψυχὰς</span> <span class='ocrx_word' id='word_1_559' title='bbox 607 2644 743 2678; x_wconf 76' lang='grc' dir='ltr'><strong>ἔχουσαν</strong></span> <span class='ocrx_word' id='word_1_560' title='bbox 765 2642 890 2673; x_wconf 79' lang='grc' dir='ltr'>εὐθαλεῖς</span> <span class='ocrx_word' id='word_1_561' title='bbox 919 2641 966 2668; x_wconf 77' lang='grc' dir='ltr'><strong>καὶ</strong></span> 
     </span>
    </p>
   </div>
   <div class='ocr_carea' id='block_1_74' title="bbox 175 2687 966 2728">
    <p class='ocr_par' dir='ltr' id='par_1_74' title="bbox 175 2687 966 2728">
     <span class='ocr_line' id='line_1_74' title="bbox 175 2687 966 2728; baseline -0.006 -9"><span class='ocrx_word' id='word_1_562' title='bbox 175 2690 403 2728; x_wconf 74' lang='grc' dir='ltr'>ὐπερυψουμένας</span> <span class='ocrx_word' id='word_1_563' title='bbox 418 2691 466 2726; x_wconf 83' lang='grc' dir='ltr'>τῆς</span> <span class='ocrx_word' id='word_1_564' title='bbox 486 2690 544 2726; x_wconf 72' lang='grc' dir='ltr'>γῆς,</span> <span class='ocrx_word' id='word_1_565' title='bbox 561 2689 630 2717; x_wconf 86' lang='grc' dir='ltr'>κατὰ</span> <span class='ocrx_word' id='word_1_566' title='bbox 643 2689 677 2717; x_wconf 85' lang='grc' dir='ltr'>τὰ</span> <span class='ocrx_word' id='word_1_567' title='bbox 687 2689 759 2725; x_wconf 76' lang='grc' dir='ltr'>φυτὰ</span> <span class='ocrx_word' id='word_1_568' title='bbox 775 2689 809 2716; x_wconf 82' lang='grc' dir='ltr'>τὰ</span> <span class='ocrx_word' id='word_1_569' title='bbox 821 2689 849 2715; x_wconf 83' lang='grc' dir='ltr'><strong>ἐν</strong></span> <span class='ocrx_word' id='word_1_570' title='bbox 862 2687 966 2715; x_wconf 83' lang='grc' dir='ltr'>ὑδάτων</span> 
     </span>
    </p>
   </div>
   <div class='ocr_carea' id='block_1_75' title="bbox 224 2749 689 2783">
    <p class='ocr_par' dir='ltr' id='par_1_75' title="bbox 224 2749 689 2783">
     <span class='ocr_line' id='line_1_75' title="bbox 224 2749 689 2783; baseline -0.006 -4"><span class='ocrx_word' id='word_1_571' title='bbox 224 2752 234 2767; x_wconf 84' lang='grc'><strong><em>⁸</em></strong></span> <span class='ocrx_word' id='word_1_572' title='bbox 253 2751 326 2779; x_wconf 85' lang='lat' dir='ltr'><strong>Psal.</strong></span> <span class='ocrx_word' id='word_1_573' title='bbox 339 2759 398 2783; x_wconf 78' lang='lat' dir='ltr'><strong>xxi,</strong></span> <span class='ocrx_word' id='word_1_574' title='bbox 415 2751 440 2778; x_wconf 85' lang='lat'><strong>7.</strong></span> <span class='ocrx_word' id='word_1_575' title='bbox 495 2750 518 2766; x_wconf 80' lang='lat'>”</span> <span class='ocrx_word' id='word_1_576' title='bbox 536 2749 601 2777; x_wconf 73' lang='lat' dir='ltr'><strong>Luc.</strong></span> <span class='ocrx_word' id='word_1_577' title='bbox 618 2759 644 2780; x_wconf 67' lang='grc' dir='ltr'>κ,</span> <span class='ocrx_word' id='word_1_578' title='bbox 666 2750 689 2777; x_wconf 87' lang='lat' dir='ltr'><strong>l.</strong></span> 
     </span>
    </p>
   </div>
   <div class='ocr_carea' id='block_1_76' title="bbox 737 2747 976 2780">
    <p class='ocr_par' dir='ltr' id='par_1_76' title="bbox 737 2747 976 2780">
     <span class='ocr_line' id='line_1_76' title="bbox 737 2747 976 2780; baseline -0.008 -4"><span class='ocrx_word' id='word_1_579' title='bbox 737 2750 759 2765; x_wconf 65' lang='grc' dir='ltr'><strong><em>³ο</em></strong></span> <span class='ocrx_word' id='word_1_580' title='bbox 779 2747 868 2780; x_wconf 81' lang='lat' dir='ltr'><strong>Galat,</strong></span> <span class='ocrx_word' id='word_1_581' title='bbox 885 2756 914 2777; x_wconf 88' lang='grc' dir='ltr'>ιι.</span> <span class='ocrx_word' id='word_1_582' title='bbox 932 2747 976 2774; x_wconf 75' lang='lat'><strong>20.</strong></span> 
     </span>
    </p>
   </div>
   <div class='ocr_carea' id='block_1_77' title="bbox 1036 1081 1790 1116">
    <p class='ocr_par' dir='ltr' id='par_1_77' title="bbox 1036 1081 1790 1116">
     <span class='ocr_line' id='line_1_77' title="bbox 1036 1081 1790 1116; baseline -0.012 -1"><span class='ocrx_word' id='word_1_583' title='bbox 1036 1087 1144 1115; x_wconf 79' lang='lat' dir='ltr'><strong>Dixeris</strong></span> <span class='ocrx_word' id='word_1_584' title='bbox 1155 1093 1221 1114; x_wconf 89' lang='lat' dir='ltr'><strong>vero</strong></span> <span class='ocrx_word' id='word_1_585' title='bbox 1232 1089 1333 1113; x_wconf 80' lang='lat' dir='ltr'><strong>montes</strong></span> <span class='ocrx_word' id='word_1_586' title='bbox 1345 1088 1370 1111; x_wconf 85' lang='lat' dir='ltr'><strong>et</strong></span> <span class='ocrx_word' id='word_1_587' title='bbox 1386 1083 1465 1111; x_wconf 83' lang='lat' dir='ltr'><strong>colles</strong></span> <span class='ocrx_word' id='word_1_588' title='bbox 1474 1090 1522 1110; x_wconf 90' lang='lat' dir='ltr'><strong>eos</strong></span> <span class='ocrx_word' id='word_1_589' title='bbox 1533 1083 1627 1114; x_wconf 83' lang='lat' dir='ltr'><strong>etiam,</strong></span> <span class='ocrx_word' id='word_1_590' title='bbox 1648 1081 1695 1116; x_wconf 84' lang='lat' dir='ltr'><strong>qui</strong></span> <span class='ocrx_word' id='word_1_591' title='bbox 1710 1087 1790 1107; x_wconf 91' lang='lat' dir='ltr'><strong>mun-</strong></span> 
     </span>
    </p>
   </div>
   <div class='ocr_carea' id='block_1_78' title="bbox 1001 1125 1788 1164">
    <p class='ocr_par' dir='ltr' id='par_1_78' title="bbox 1001 1125 1788 1164">
     <span class='ocr_line' id='line_1_78' title="bbox 1001 1125 1788 1164; baseline -0.011 -4"><span class='ocrx_word' id='word_1_592' title='bbox 1001 1132 1082 1160; x_wconf 87' lang='lat' dir='ltr'><strong>danis</strong></span> <span class='ocrx_word' id='word_1_593' title='bbox 1100 1131 1186 1159; x_wconf 88' lang='lat' dir='ltr'><strong>evecti</strong></span> <span class='ocrx_word' id='word_1_594' title='bbox 1214 1129 1421 1164; x_wconf 80' lang='lat' dir='ltr'><strong>magistratibus</strong></span> <span class='ocrx_word' id='word_1_595' title='bbox 1443 1127 1576 1164; x_wconf 83' lang='lat' dir='ltr'><strong>apostolis</strong></span> <span class='ocrx_word' id='word_1_596' title='bbox 1597 1125 1788 1160; x_wconf 82' lang='lat' dir='ltr'><strong>insurgebanl.</strong></span> 
     </span>
    </p>
   </div>
   <div class='ocr_carea' id='block_1_79' title="bbox 1001 1170 1789 1209">
    <p class='ocr_par' dir='ltr' id='par_1_79' title="bbox 1001 1170 1789 1209">
     <span class='ocr_line' id='line_1_79' title="bbox 1001 1170 1789 1209; baseline -0.013 -2"><span class='ocrx_word' id='word_1_597' title='bbox 1001 1178 1055 1207; x_wconf 84' lang='lat' dir='ltr'><strong>Sed</strong></span> <span class='ocrx_word' id='word_1_598' title='bbox 1069 1183 1098 1207; x_wconf 89' lang='lat' dir='ltr'><strong>et</strong></span> <span class='ocrx_word' id='word_1_599' title='bbox 1112 1178 1154 1206; x_wconf 88' lang='lat' dir='ltr'><strong>his</strong></span> <span class='ocrx_word' id='word_1_600' title='bbox 1173 1177 1256 1206; x_wconf 90' lang='lat' dir='ltr'><strong>etiam</strong></span> <span class='ocrx_word' id='word_1_601' title='bbox 1270 1176 1395 1209; x_wconf 86' lang='lat' dir='ltr'><strong>sublatis,</strong></span> <span class='ocrx_word' id='word_1_602' title='bbox 1410 1173 1543 1202; x_wconf 77' lang='lat' dir='ltr'><strong>lwtaberis</strong></span> <span class='ocrx_word' id='word_1_603' title='bbox 1569 1173 1598 1200; x_wconf 83' lang='grc' dir='ltr'><strong>ὶη</strong></span> <span class='ocrx_word' id='word_1_604' title='bbox 1627 1172 1728 1200; x_wconf 77' lang='lat' dir='ltr'><strong>sanctis</strong></span> <span class='ocrx_word' id='word_1_605' title='bbox 1745 1170 1789 1198; x_wconf 78' lang='lat' dir='ltr'><strong>Is-</strong></span> 
     </span>
    </p>
   </div>
   <div class='ocr_carea' id='block_1_80' title="bbox 1000 1217 1790 1260">
    <p class='ocr_par' dir='ltr' id='par_1_80' title="bbox 1000 1217 1790 1260">
     <span class='ocr_line' id='line_1_80' title="bbox 1000 1217 1790 1260; baseline -0.011 -7"><span class='ocrx_word' id='word_1_606' title='bbox 1000 1225 1068 1258; x_wconf 81' lang='lat' dir='ltr'><strong>rael,</strong></span> <span class='ocrx_word' id='word_1_607' title='bbox 1089 1231 1188 1260; x_wconf 79' lang='lat' dir='ltr'><strong>magna</strong></span> <span class='ocrx_word' id='word_1_608' title='bbox 1199 1227 1256 1251; x_wconf 91' lang='lat' dir='ltr'><strong>tum</strong></span> <span class='ocrx_word' id='word_1_609' title='bbox 1272 1223 1382 1250; x_wconf 88' lang='lat' dir='ltr'><strong>demum</strong></span> <span class='ocrx_word' id='word_1_610' title='bbox 1402 1220 1510 1254; x_wconf 70' lang='lat' dir='ltr'><strong>laetitia,</strong></span> <span class='ocrx_word' id='word_1_611' title='bbox 1524 1223 1551 1248; x_wconf 88' lang='lat' dir='ltr'><strong>et</strong></span> <span class='ocrx_word' id='word_1_612' title='bbox 1561 1219 1701 1253; x_wconf 85' lang='lat' dir='ltr'><strong>voluptate</strong></span> <span class='ocrx_word' id='word_1_613' title='bbox 1718 1217 1790 1252; x_wconf 88' lang='lat' dir='ltr'><strong>poti-</strong></span> 
     </span>
    </p>
   </div>
   <div class='ocr_carea' id='block_1_81' title="bbox 1001 1263 1790 1304">
    <p class='ocr_par' dir='ltr' id='par_1_81' title="bbox 1001 1263 1790 1304">
     <span class='ocr_line' id='line_1_81' title="bbox 1001 1263 1790 1304; baseline -0.014 -5"><span class='ocrx_word' id='word_1_614' title='bbox 1001 1276 1056 1304; x_wconf 89' lang='lat' dir='ltr'><strong>tus,</strong></span> <span class='ocrx_word' id='word_1_615' title='bbox 1068 1278 1130 1298; x_wconf 88' lang='lat' dir='ltr'><strong>eum</strong></span> <span class='ocrx_word' id='word_1_616' title='bbox 1147 1273 1259 1297; x_wconf 87' lang='lat' dir='ltr'><strong>sanctos</strong></span> <span class='ocrx_word' id='word_1_617' title='bbox 1274 1268 1397 1296; x_wconf 84' lang='lat' dir='ltr'><strong>evasisse</strong></span> <span class='ocrx_word' id='word_1_618' title='bbox 1411 1265 1574 1302; x_wconf 87' lang='lat' dir='ltr'><strong>permultos,</strong></span> <span class='ocrx_word' id='word_1_619' title='bbox 1588 1268 1615 1292; x_wconf 90' lang='lat' dir='ltr'><strong>et</strong></span> <span class='ocrx_word' id='word_1_620' title='bbox 1627 1264 1655 1291; x_wconf 90' lang='lat' dir='ltr'><strong>in</strong></span> <span class='ocrx_word' id='word_1_621' title='bbox 1671 1263 1790 1290; x_wconf 82' lang='lat' dir='ltr'><strong>ﬁliorum</strong></span> 
     </span>
    </p>
   </div>
   <div class='ocr_carea' id='block_1_82' title="bbox 1000 1308 1791 1346">
    <p class='ocr_par' dir='ltr' id='par_1_82' title="bbox 1000 1308 1791 1346">
     <span class='ocr_line' id='line_1_82' title="bbox 1000 1308 1791 1346; baseline -0.015 0"><span class='ocrx_word' id='word_1_622' title='bbox 1000 1317 1112 1346; x_wconf 87' lang='lat' dir='ltr'><strong>lsraelis</strong></span> <span class='ocrx_word' id='word_1_623' title='bbox 1144 1315 1270 1344; x_wconf 90' lang='lat' dir='ltr'><strong>ordinem</strong></span> <span class='ocrx_word' id='word_1_624' title='bbox 1303 1313 1438 1341; x_wconf 82' lang='lat' dir='ltr'><strong>transisse</strong></span> <span class='ocrx_word' id='word_1_625' title='bbox 1457 1310 1621 1339; x_wconf 84' lang='lat' dir='ltr'><strong>intueberis.</strong></span> <span class='ocrx_word' id='word_1_626' title='bbox 1656 1318 1665 1335; x_wconf 82' lang='grc'><strong>1</strong></span> <span class='ocrx_word' id='word_1_627' title='bbox 1695 1308 1791 1343; x_wconf 79' lang='lat' dir='ltr'><strong>Neque</strong></span> 
     </span>
    </p>
   </div>
   <div class='ocr_carea' id='block_1_83' title="bbox 1001 1353 1789 1395">
    <p class='ocr_par' dir='ltr' id='par_1_83' title="bbox 1001 1353 1789 1395">
     <span class='ocr_line' id='line_1_83' title="bbox 1001 1353 1789 1395; baseline -0.015 -4"><span class='ocrx_word' id='word_1_628' title='bbox 1001 1363 1075 1391; x_wconf 87' lang='lat' dir='ltr'><strong>enim</strong></span> <span class='ocrx_word' id='word_1_629' title='bbox 1087 1369 1195 1394; x_wconf 88' lang='lat' dir='ltr'><strong>omnes,</strong></span> <span class='ocrx_word' id='word_1_630' title='bbox 1210 1359 1258 1395; x_wconf 89' lang='lat' dir='ltr'><strong>qui</strong></span> <span class='ocrx_word' id='word_1_631' title='bbox 1271 1367 1304 1386; x_wconf 79' lang='lat' dir='ltr'><strong>ex</strong></span> <span class='ocrx_word' id='word_1_632' title='bbox 1322 1358 1423 1386; x_wconf 87' lang='lat' dir='ltr'><strong>lsraele</strong></span> <span class='ocrx_word' id='word_1_633' title='bbox 1433 1360 1508 1388; x_wconf 88' lang='lat' dir='ltr'><strong>sunt,</strong></span> <span class='ocrx_word' id='word_1_634' title='bbox 1523 1355 1542 1383; x_wconf 90' lang='lat' dir='ltr'><strong>ii</strong></span> <span class='ocrx_word' id='word_1_635' title='bbox 1560 1360 1623 1384; x_wconf 87' lang='lat' dir='ltr'><strong>sunt</strong></span> <span class='ocrx_word' id='word_1_636' title='bbox 1635 1353 1757 1382; x_wconf 74' lang='lat' dir='ltr'><strong>Israel”.</strong></span> <span class='ocrx_word' id='word_1_637' title='bbox 1779 1361 1789 1378; x_wconf 74' lang='grc' dir='ltr'><strong>ι</strong></span> 
     </span>
    </p>
   </div>
   <div class='ocr_carea' id='block_1_84' title="bbox 1004 1401 1791 1437">
    <p class='ocr_par' dir='ltr' id='par_1_84' title="bbox 1004 1401 1791 1437">
     <span class='ocr_line' id='line_1_84' title="bbox 1004 1401 1791 1437; baseline -0.013 -1"><span class='ocrx_word' id='word_1_638' title='bbox 1004 1409 1070 1437; x_wconf 89' lang='lat' dir='ltr'><strong>Tale</strong></span> <span class='ocrx_word' id='word_1_639' title='bbox 1083 1411 1126 1435; x_wconf 88' lang='lat' dir='ltr'><strong>est</strong></span> <span class='ocrx_word' id='word_1_640' title='bbox 1153 1412 1180 1435; x_wconf 87' lang='lat' dir='ltr'><strong>et</strong></span> <span class='ocrx_word' id='word_1_641' title='bbox 1205 1405 1282 1434; x_wconf 83' lang='lat' dir='ltr'><strong>Pauli</strong></span> <span class='ocrx_word' id='word_1_642' title='bbox 1310 1404 1378 1432; x_wconf 88' lang='lat' dir='ltr'><strong>illud</strong></span> <span class='ocrx_word' id='word_1_643' title='bbox 1400 1412 1407 1431; x_wconf 90' lang='lat'><strong>:</strong></span> <span class='ocrx_word' id='word_1_644' title='bbox 1441 1412 1450 1429; x_wconf 79' lang='grc' dir='ltr'><strong>ι</strong></span> <span class='ocrx_word' id='word_1_645' title='bbox 1477 1401 1611 1429; x_wconf 85' lang='lat' dir='ltr'><strong>Gaudium</strong></span> <span class='ocrx_word' id='word_1_646' title='bbox 1639 1404 1667 1428; x_wconf 90' lang='lat' dir='ltr'><strong>et</strong></span> <span class='ocrx_word' id='word_1_647' title='bbox 1690 1406 1791 1428; x_wconf 83' lang='lat' dir='ltr'><strong>corona</strong></span> 
     </span>
    </p>
   </div>
   <div class='ocr_carea' id='block_1_85' title="bbox 1003 1446 1793 1487">
    <p class='ocr_par' dir='ltr' id='par_1_85' title="bbox 1003 1446 1793 1487">
     <span class='ocr_line' id='line_1_85' title="bbox 1003 1446 1793 1487; baseline -0.014 -5"><span class='ocrx_word' id='word_1_648' title='bbox 1003 1462 1065 1482; x_wconf 88' lang='lat' dir='ltr'><strong>mea</strong></span> <span class='ocrx_word' id='word_1_649' title='bbox 1072 1453 1106 1481; x_wconf 72' lang='lat'><strong>“.</strong></span> <span class='ocrx_word' id='word_1_650' title='bbox 1127 1463 1136 1479; x_wconf 70' lang='grc' dir='ltr'><strong>ι</strong></span> <span class='ocrx_word' id='word_1_651' title='bbox 1149 1453 1238 1487; x_wconf 81' lang='lat' dir='ltr'><strong>Atque</strong></span> <span class='ocrx_word' id='word_1_652' title='bbox 1254 1451 1311 1478; x_wconf 82' lang='lat' dir='ltr'><strong>haec</strong></span> <span class='ocrx_word' id='word_1_653' title='bbox 1327 1449 1437 1486; x_wconf 89' lang='lat' dir='ltr'><strong>quidem</strong></span> <span class='ocrx_word' id='word_1_654' title='bbox 1455 1448 1489 1476; x_wconf 90' lang='lat' dir='ltr'><strong>de</strong></span> <span class='ocrx_word' id='word_1_655' title='bbox 1506 1446 1638 1483; x_wconf 88' lang='lat' dir='ltr'><strong>apostolis</strong></span> <span class='ocrx_word' id='word_1_656' title='bbox 1652 1453 1714 1474; x_wconf 91' lang='lat' dir='ltr'><strong>cum</strong></span> <span class='ocrx_word' id='word_1_657' title='bbox 1727 1452 1793 1480; x_wconf 77' lang='lat' dir='ltr'><strong>pro—</strong></span> 
     </span>
    </p>
   </div>
   <div class='ocr_carea' id='block_1_86' title="bbox 1005 1491 1792 1536">
    <p class='ocr_par' dir='ltr' id='par_1_86' title="bbox 1005 1491 1792 1536">
     <span class='ocr_line' id='line_1_86' title="bbox 1005 1491 1792 1536; baseline -0.013 -8"><span class='ocrx_word' id='word_1_658' title='bbox 1005 1501 1085 1536; x_wconf 90' lang='lat' dir='ltr'><strong>pheta</strong></span> <span class='ocrx_word' id='word_1_659' title='bbox 1100 1499 1234 1530; x_wconf 76' lang='lat' dir='ltr'><strong>dixisset,</strong></span> <span class='ocrx_word' id='word_1_660' title='bbox 1256 1501 1388 1531; x_wconf 86' lang='lat' dir='ltr'><strong>tanquam</strong></span> <span class='ocrx_word' id='word_1_661' title='bbox 1412 1494 1485 1522; x_wconf 74' lang='lat' dir='ltr'><strong>laeto</strong></span> <span class='ocrx_word' id='word_1_662' title='bbox 1510 1493 1622 1521; x_wconf 86' lang='lat' dir='ltr'><strong>aliunde</strong></span> <span class='ocrx_word' id='word_1_663' title='bbox 1646 1491 1792 1527; x_wconf 62' lang='lat' dir='ltr'><strong>principio,</strong></span> 
     </span>
    </p>
   </div>
   <div class='ocr_carea' id='block_1_87' title="bbox 1004 1537 1794 1581">
    <p class='ocr_par' dir='ltr' id='par_1_87' title="bbox 1004 1537 1794 1581">
     <span class='ocr_line' id='line_1_87' title="bbox 1004 1537 1794 1581; baseline -0.013 -7"><span class='ocrx_word' id='word_1_664' title='bbox 1004 1547 1038 1574; x_wconf 93' lang='lat' dir='ltr'><strong>de</strong></span> <span class='ocrx_word' id='word_1_665' title='bbox 1057 1546 1181 1581; x_wconf 78' lang='lat' dir='ltr'><strong>gentium</strong></span> <span class='ocrx_word' id='word_1_666' title='bbox 1197 1543 1380 1572; x_wconf 86' lang='lat' dir='ltr'><strong>conversione</strong></span> <span class='ocrx_word' id='word_1_667' title='bbox 1395 1547 1550 1569; x_wconf 87' lang='lat' dir='ltr'><strong>sermonem</strong></span> <span class='ocrx_word' id='word_1_668' title='bbox 1566 1538 1734 1574; x_wconf 79' lang='lat' dir='ltr'><strong>aggreditur,</strong></span> <span class='ocrx_word' id='word_1_669' title='bbox 1751 1537 1794 1565; x_wconf 82' lang='lat' dir='ltr'><strong>his</strong></span> 
     </span>
    </p>
   </div>
   <div class='ocr_carea' id='block_1_88' title="bbox 1003 1585 1794 1624">
    <p class='ocr_par' dir='ltr' id='par_1_88' title="bbox 1003 1585 1794 1624">
     <span class='ocr_line' id='line_1_88' title="bbox 1003 1585 1794 1624; baseline -0.013 -4"><span class='ocrx_word' id='word_1_670' title='bbox 1003 1590 1302 1621; x_wconf 72' lang='lat' dir='ltr'><strong>verbiszExsultabunt</strong></span> <span class='ocrx_word' id='word_1_671' title='bbox 1315 1595 1443 1624; x_wconf 72' lang='lat' dir='ltr'><strong>pauperes</strong></span> <span class='ocrx_word' id='word_1_672' title='bbox 1455 1591 1479 1614; x_wconf 80' lang='lat' dir='ltr'><strong>et</strong></span> <span class='ocrx_word' id='word_1_673' title='bbox 1488 1587 1590 1622; x_wconf 74' lang='lat' dir='ltr'><strong>inopes.</strong></span> <span class='ocrx_word' id='word_1_674' title='bbox 1605 1585 1691 1613; x_wconf 88' lang='lat' dir='ltr'><strong>Obelo</strong></span> <span class='ocrx_word' id='word_1_675' title='bbox 1703 1588 1794 1611; x_wconf 88' lang='lat' dir='ltr'><strong>autem</strong></span> 
     </span>
    </p>
   </div>
   <div class='ocr_carea' id='block_1_89' title="bbox 1004 1629 1795 1667">
    <p class='ocr_par' dir='ltr' id='par_1_89' title="bbox 1004 1629 1795 1667">
     <span class='ocr_line' id='line_1_89' title="bbox 1004 1629 1795 1667; baseline -0.014 0"><span class='ocrx_word' id='word_1_676' title='bbox 1004 1638 1163 1667; x_wconf 84' lang='lat' dir='ltr'><strong>confoditur</strong></span> <span class='ocrx_word' id='word_1_677' title='bbox 1191 1637 1304 1665; x_wconf 90' lang='lat' dir='ltr'><strong>verbum</strong></span> <span class='ocrx_word' id='word_1_678' title='bbox 1329 1633 1511 1662; x_wconf 69' lang='lat' dir='ltr'><strong>exsultabant.</strong></span> <span class='ocrx_word' id='word_1_679' title='bbox 1539 1632 1562 1659; x_wconf 81' lang='grc' dir='ltr'><strong>Δ</strong></span> <span class='ocrx_word' id='word_1_680' title='bbox 1589 1630 1697 1659; x_wconf 67' lang='lat' dir='ltr'><strong>caeteris</strong></span> <span class='ocrx_word' id='word_1_681' title='bbox 1721 1629 1795 1658; x_wconf 65' lang='lat' dir='ltr'><strong>enim</strong></span> 
     </span>
    </p>
   </div>
   <div class='ocr_carea' id='block_1_90' title="bbox 1005 1679 1796 1718">
    <p class='ocr_par' dir='ltr' id='par_1_90' title="bbox 1005 1679 1796 1718">
     <span class='ocr_line' id='line_1_90' title="bbox 1005 1679 1796 1718; baseline -0.018 -4"><span class='ocrx_word' id='word_1_682' title='bbox 1005 1686 1121 1714; x_wconf 88' lang='lat' dir='ltr'><strong>dicitur:</strong></span> <span class='ocrx_word' id='word_1_683' title='bbox 1137 1684 1271 1718; x_wconf 84' lang='lat' dir='ltr'><strong>Pauperes</strong></span> <span class='ocrx_word' id='word_1_684' title='bbox 1284 1681 1353 1709; x_wconf 84' lang='lat' dir='ltr'><strong>enim</strong></span> <span class='ocrx_word' id='word_1_685' title='bbox 1370 1685 1394 1706; x_wconf 86' lang='lat' dir='ltr'><strong>et</strong></span> <span class='ocrx_word' id='word_1_686' title='bbox 1413 1679 1487 1714; x_wconf 80' lang='lat' dir='ltr'><strong>egeni</strong></span> <span class='ocrx_word' id='word_1_687' title='bbox 1505 1680 1622 1712; x_wconf 79' lang='lat' dir='ltr'><strong>quwrenl</strong></span> <span class='ocrx_word' id='word_1_688' title='bbox 1638 1682 1746 1710; x_wconf 85' lang='lat' dir='ltr'><strong>aquam,</strong></span> <span class='ocrx_word' id='word_1_689' title='bbox 1770 1679 1796 1702; x_wconf 78' lang='lat' dir='ltr'><strong>et</strong></span> 
     </span>
    </p>
   </div>
   <div class='ocr_carea' id='block_1_91' title="bbox 1005 1720 1796 1762">
    <p class='ocr_par' dir='ltr' id='par_1_91' title="bbox 1005 1720 1796 1762">
     <span class='ocr_line' id='line_1_91' title="bbox 1005 1720 1796 1762; baseline -0.015 -3"><span class='ocrx_word' id='word_1_690' title='bbox 1005 1740 1058 1759; x_wconf 84' lang='lat' dir='ltr'><strong>non</strong></span> <span class='ocrx_word' id='word_1_691' title='bbox 1083 1731 1144 1758; x_wconf 80' lang='lat' dir='ltr'><strong>erit.</strong></span> <span class='ocrx_word' id='word_1_692' title='bbox 1177 1729 1230 1757; x_wconf 89' lang='lat' dir='ltr'><strong>Sed</strong></span> <span class='ocrx_word' id='word_1_693' title='bbox 1249 1728 1308 1762; x_wconf 74' lang='lat' dir='ltr'><strong>,ista</strong></span> <span class='ocrx_word' id='word_1_694' title='bbox 1339 1726 1442 1754; x_wconf 88' lang='lat' dir='ltr'><strong>dudum</strong></span> <span class='ocrx_word' id='word_1_695' title='bbox 1464 1722 1586 1760; x_wconf 86' lang='lat' dir='ltr'><strong>perpessi</strong></span> <span class='ocrx_word' id='word_1_696' title='bbox 1612 1726 1687 1750; x_wconf 90' lang='lat' dir='ltr'><strong>sunt.</strong></span> <span class='ocrx_word' id='word_1_697' title='bbox 1718 1720 1796 1748; x_wconf 83' lang='lat' dir='ltr'><strong>Nunc</strong></span> 
     </span>
    </p>
   </div>
   <div class='ocr_carea' id='block_1_92' title="bbox 1006 1764 1796 1808">
    <p class='ocr_par' dir='ltr' id='par_1_92' title="bbox 1006 1764 1796 1808">
     <span class='ocr_line' id='line_1_92' title="bbox 1006 1764 1796 1808; baseline -0.016 -5"><span class='ocrx_word' id='word_1_698' title='bbox 1006 1779 1109 1808; x_wconf 85' lang='lat' dir='ltr'><strong>autem,</strong></span> <span class='ocrx_word' id='word_1_699' title='bbox 1124 1781 1177 1801; x_wconf 85' lang='lat' dir='ltr'><strong>non</strong></span> <span class='ocrx_word' id='word_1_700' title='bbox 1190 1772 1372 1806; x_wconf 83' lang='lat' dir='ltr'><strong>derelinquam</strong></span> <span class='ocrx_word' id='word_1_701' title='bbox 1385 1778 1441 1801; x_wconf 79' lang='lat' dir='ltr'><strong>eos,</strong></span> <span class='ocrx_word' id='word_1_702' title='bbox 1456 1768 1501 1796; x_wconf 80' lang='lat' dir='ltr'><strong>sed</strong></span> <span class='ocrx_word' id='word_1_703' title='bbox 1518 1768 1637 1803; x_wconf 83' lang='lat' dir='ltr'><strong>aperiam</strong></span> <span class='ocrx_word' id='word_1_704' title='bbox 1657 1766 1683 1793; x_wconf 80' lang='lat' dir='ltr'><strong>in</strong></span> <span class='ocrx_word' id='word_1_705' title='bbox 1698 1764 1796 1792; x_wconf 85' lang='lat' dir='ltr'><strong>monti-</strong></span> 
     </span>
    </p>
   </div>
   <div class='ocr_carea' id='block_1_93' title="bbox 1006 1809 1798 1855">
    <p class='ocr_par' dir='ltr' id='par_1_93' title="bbox 1006 1809 1798 1855">
     <span class='ocr_line' id='line_1_93' title="bbox 1006 1809 1798 1855; baseline -0.018 -7"><span class='ocrx_word' id='word_1_706' title='bbox 1006 1821 1053 1848; x_wconf 84' lang='lat' dir='ltr'><strong>bus</strong></span> <span class='ocrx_word' id='word_1_707' title='bbox 1068 1818 1192 1855; x_wconf 85' lang='lat' dir='ltr'><strong>ﬂumina,</strong></span> <span class='ocrx_word' id='word_1_708' title='bbox 1209 1821 1236 1845; x_wconf 87' lang='lat' dir='ltr'><strong>et</strong></span> <span class='ocrx_word' id='word_1_709' title='bbox 1253 1823 1314 1851; x_wconf 69' lang='lat' dir='ltr'><strong>quze</strong></span> <span class='ocrx_word' id='word_1_710' title='bbox 1342 1815 1483 1848; x_wconf 77' lang='lat' dir='ltr'><strong>deinceps.</strong></span> <span class='ocrx_word' id='word_1_711' title='bbox 1500 1811 1606 1839; x_wconf 74' lang='lat' dir='ltr'><strong>Anima:</strong></span> <span class='ocrx_word' id='word_1_712' title='bbox 1635 1809 1720 1839; x_wconf 90' lang='lat' dir='ltr'><strong>enim,</strong></span> <span class='ocrx_word' id='word_1_713' title='bbox 1736 1815 1798 1843; x_wconf 75' lang='lat' dir='ltr'><strong>qua:</strong></span> 
     </span>
    </p>
   </div>
   <div class='ocr_carea' id='block_1_94' title="bbox 1008 1853 1796 1898">
    <p class='ocr_par' dir='ltr' id='par_1_94' title="bbox 1008 1853 1796 1898">
     <span class='ocr_line' id='line_1_94' title="bbox 1008 1853 1796 1898; baseline -0.016 -6"><span class='ocrx_word' id='word_1_714' title='bbox 1008 1864 1046 1892; x_wconf 88' lang='lat' dir='ltr'><strong>ita</strong></span> <span class='ocrx_word' id='word_1_715' title='bbox 1062 1853 1110 1891; x_wconf 86' lang='lat' dir='ltr'><strong>Dei</strong></span> <span class='ocrx_word' id='word_1_716' title='bbox 1129 1861 1288 1898; x_wconf 73' lang='lat' dir='ltr'><strong>cognitione</strong></span> <span class='ocrx_word' id='word_1_717' title='bbox 1303 1859 1443 1887; x_wconf 63' lang='lat' dir='ltr'><strong>destitutae</strong></span> <span class='ocrx_word' id='word_1_718' title='bbox 1454 1860 1542 1889; x_wconf 81' lang='lat' dir='ltr'><strong>erant,</strong></span> <span class='ocrx_word' id='word_1_719' title='bbox 1561 1859 1590 1882; x_wconf 87' lang='lat' dir='ltr'><strong>ut</strong></span> <span class='ocrx_word' id='word_1_720' title='bbox 1618 1854 1710 1889; x_wconf 84' lang='lat' dir='ltr'><strong>lingua</strong></span> <span class='ocrx_word' id='word_1_721' title='bbox 1725 1853 1796 1888; x_wconf 86' lang='lat' dir='ltr'><strong>ipsa,</strong></span> 
     </span>
    </p>
   </div>
   <div class='ocr_carea' id='block_1_95' title="bbox 1008 1901 1798 1946">
    <p class='ocr_par' dir='ltr' id='par_1_95' title="bbox 1008 1901 1798 1946">
     <span class='ocr_line' id='line_1_95' title="bbox 1008 1901 1798 1946; baseline -0.016 -9"><span class='ocrx_word' id='word_1_722' title='bbox 1008 1910 1128 1946; x_wconf 88' lang='lat' dir='ltr'><strong>ipsoque</strong></span> <span class='ocrx_word' id='word_1_723' title='bbox 1144 1913 1286 1939; x_wconf 87' lang='lat' dir='ltr'><strong>sermone,</strong></span> <span class='ocrx_word' id='word_1_724' title='bbox 1303 1905 1350 1940; x_wconf 87' lang='lat' dir='ltr'><strong>qui</strong></span> <span class='ocrx_word' id='word_1_725' title='bbox 1369 1911 1418 1939; x_wconf 86' lang='lat' dir='ltr'><strong>per</strong></span> <span class='ocrx_word' id='word_1_726' title='bbox 1435 1910 1494 1931; x_wconf 89' lang='lat' dir='ltr'><strong>eam</strong></span> <span class='ocrx_word' id='word_1_727' title='bbox 1507 1901 1654 1937; x_wconf 76' lang='lat' dir='ltr'><strong>profertur,</strong></span> <span class='ocrx_word' id='word_1_728' title='bbox 1668 1903 1798 1934; x_wconf 85' lang='lat' dir='ltr'><strong>tanquam</strong></span> 
     </span>
    </p>
   </div>
   <div class='ocr_carea' id='block_1_96' title="bbox 1009 1949 1798 1988">
    <p class='ocr_par' dir='ltr' id='par_1_96' title="bbox 1009 1949 1798 1988">
     <span class='ocr_line' id='line_1_96' title="bbox 1009 1949 1798 1988; baseline -0.015 -6"><span class='ocrx_word' id='word_1_729' title='bbox 1009 1955 1103 1982; x_wconf 87' lang='lat' dir='ltr'><strong>vitalis</strong></span> <span class='ocrx_word' id='word_1_730' title='bbox 1129 1952 1222 1988; x_wconf 88' lang='lat' dir='ltr'><strong>poculi</strong></span> <span class='ocrx_word' id='word_1_731' title='bbox 1245 1950 1405 1986; x_wconf 75' lang='lat' dir='ltr'><strong>irrigatione</strong></span> <span class='ocrx_word' id='word_1_732' title='bbox 1435 1952 1570 1978; x_wconf 84' lang='lat' dir='ltr'><strong>carentes,</strong></span> <span class='ocrx_word' id='word_1_733' title='bbox 1599 1949 1798 1976; x_wconf 72' lang='lat' dir='ltr'><strong>exarescerent,</strong></span> 
     </span>
    </p>
   </div>
   <div class='ocr_carea' id='block_1_97' title="bbox 1008 1991 1798 2033">
    <p class='ocr_par' dir='ltr' id='par_1_97' title="bbox 1008 1991 1798 2033">
     <span class='ocr_line' id='line_1_97' title="bbox 1008 1991 1798 2033; baseline -0.014 -5"><span class='ocrx_word' id='word_1_734' title='bbox 1008 2000 1122 2032; x_wconf 57' lang='lat' dir='ltr'><strong>eadem,</strong></span> <span class='ocrx_word' id='word_1_735' title='bbox 1149 1998 1272 2033; x_wconf 86' lang='lat' dir='ltr'><strong>inquam,</strong></span> <span class='ocrx_word' id='word_1_736' title='bbox 1298 1995 1466 2024; x_wconf 88' lang='lat' dir='ltr'><strong>salutaribus</strong></span> <span class='ocrx_word' id='word_1_737' title='bbox 1491 1994 1546 2029; x_wconf 85' lang='lat' dir='ltr'><strong>jam</strong></span> <span class='ocrx_word' id='word_1_738' title='bbox 1575 1991 1695 2028; x_wconf 86' lang='lat' dir='ltr'><strong>Spiritus</strong></span> <span class='ocrx_word' id='word_1_739' title='bbox 1710 1991 1798 2019; x_wconf 80' lang='lat' dir='ltr'><strong>sancti</strong></span> 
     </span>
    </p>
   </div>
   <div class='ocr_carea' id='block_1_98' title="bbox 1010 2034 1801 2074">
    <p class='ocr_par' dir='ltr' id='par_1_98' title="bbox 1010 2034 1801 2074">
     <span class='ocr_line' id='line_1_98' title="bbox 1010 2034 1801 2074; baseline -0.016 0"><span class='ocrx_word' id='word_1_740' title='bbox 1010 2046 1139 2074; x_wconf 79' lang='lat' dir='ltr'><strong>laticibus</strong></span> <span class='ocrx_word' id='word_1_741' title='bbox 1165 2043 1307 2071; x_wconf 76' lang='lat' dir='ltr'><strong>fruuntur.</strong></span> <span class='ocrx_word' id='word_1_742' title='bbox 1342 2040 1412 2068; x_wconf 82' lang='lat' dir='ltr'><strong>llinc</strong></span> <span class='ocrx_word' id='word_1_743' title='bbox 1444 2039 1511 2066; x_wconf 91' lang='lat' dir='ltr'><strong>illud</strong></span> <span class='ocrx_word' id='word_1_744' title='bbox 1544 2037 1690 2072; x_wconf 82' lang='lat' dir='ltr'><strong>superius:</strong></span> <span class='ocrx_word' id='word_1_745' title='bbox 1730 2045 1740 2061; x_wconf 80' lang='grc' dir='ltr'><strong>ι</strong></span> <span class='ocrx_word' id='word_1_746' title='bbox 1767 2034 1801 2062; x_wconf 80' lang='lat' dir='ltr'><strong>Et</strong></span> 
     </span>
    </p>
   </div>
   <div class='ocr_carea' id='block_1_99' title="bbox 1011 2081 1802 2125">
    <p class='ocr_par' dir='ltr' id='par_1_99' title="bbox 1011 2081 1802 2125">
     <span class='ocr_line' id='line_1_99' title="bbox 1011 2081 1802 2125; baseline -0.015 -6"><span class='ocrx_word' id='word_1_747' title='bbox 1011 2091 1110 2119; x_wconf 89' lang='lat' dir='ltr'><strong>bibunt</strong></span> <span class='ocrx_word' id='word_1_748' title='bbox 1126 2096 1225 2125; x_wconf 88' lang='lat' dir='ltr'><strong>aquam</strong></span> <span class='ocrx_word' id='word_1_749' title='bbox 1257 2087 1291 2115; x_wconf 90' lang='lat' dir='ltr'><strong>de</strong></span> <span class='ocrx_word' id='word_1_750' title='bbox 1308 2086 1432 2115; x_wconf 82' lang='lat' dir='ltr'><strong>fontibus</strong></span> <span class='ocrx_word' id='word_1_751' title='bbox 1461 2082 1654 2112; x_wconf 76' lang='lat' dir='ltr'><strong>Salvatoris&quot;.</strong></span> <span class='ocrx_word' id='word_1_752' title='bbox 1674 2091 1684 2108; x_wconf 86' lang='grc'><strong>›</strong></span> <span class='ocrx_word' id='word_1_753' title='bbox 1703 2081 1760 2109; x_wconf 91' lang='lat' dir='ltr'><strong>lmo</strong></span> <span class='ocrx_word' id='word_1_754' title='bbox 1773 2084 1802 2107; x_wconf 90' lang='lat' dir='ltr'><strong>et</strong></span> 
     </span>
    </p>
   </div>
   <div class='ocr_carea' id='block_1_100' title="bbox 1010 2126 1801 2167">
    <p class='ocr_par' dir='ltr' id='par_1_100' title="bbox 1010 2126 1801 2167">
     <span class='ocr_line' id='line_1_100' title="bbox 1010 2126 1801 2167; baseline -0.018 -1"><span class='ocrx_word' id='word_1_755' title='bbox 1010 2139 1045 2166; x_wconf 89' lang='lat' dir='ltr'><strong>de</strong></span> <span class='ocrx_word' id='word_1_756' title='bbox 1060 2136 1183 2164; x_wconf 82' lang='lat' dir='ltr'><strong>fontibus</strong></span> <span class='ocrx_word' id='word_1_757' title='bbox 1206 2134 1301 2166; x_wconf 86' lang='lat' dir='ltr'><strong>Israel,</strong></span> <span class='ocrx_word' id='word_1_758' title='bbox 1314 2133 1395 2167; x_wconf 83' lang='lat' dir='ltr'><strong>juxta</strong></span> <span class='ocrx_word' id='word_1_759' title='bbox 1416 2130 1484 2158; x_wconf 87' lang='lat' dir='ltr'><strong>illud</strong></span> <span class='ocrx_word' id='word_1_760' title='bbox 1511 2130 1538 2157; x_wconf 90' lang='lat' dir='ltr'><strong>in</strong></span> <span class='ocrx_word' id='word_1_761' title='bbox 1556 2129 1675 2156; x_wconf 86' lang='lat' dir='ltr'><strong>Psalmis</strong></span> <span class='ocrx_word' id='word_1_762' title='bbox 1701 2136 1707 2154; x_wconf 94' lang='lat'>:</span> <span class='ocrx_word' id='word_1_763' title='bbox 1742 2136 1751 2152; x_wconf 75' lang='grc' dir='ltr'><strong>ι</strong></span> <span class='ocrx_word' id='word_1_764' title='bbox 1771 2126 1801 2153; x_wconf 88' lang='lat' dir='ltr'><strong>In</strong></span> 
     </span>
    </p>
   </div>
   <div class='ocr_carea' id='block_1_101' title="bbox 1013 2172 1801 2211">
    <p class='ocr_par' dir='ltr' id='par_1_101' title="bbox 1013 2172 1801 2211">
     <span class='ocr_line' id='line_1_101' title="bbox 1013 2172 1801 2211; baseline -0.015 0"><span class='ocrx_word' id='word_1_765' title='bbox 1013 2182 1144 2211; x_wconf 86' lang='lat' dir='ltr'><strong>Ecelesiis</strong></span> <span class='ocrx_word' id='word_1_766' title='bbox 1173 2181 1330 2209; x_wconf 81' lang='lat' dir='ltr'><strong>benedieite</strong></span> <span class='ocrx_word' id='word_1_767' title='bbox 1367 2177 1484 2205; x_wconf 75' lang='lat' dir='ltr'><strong>Dorniuo</strong></span> <span class='ocrx_word' id='word_1_768' title='bbox 1518 2175 1574 2210; x_wconf 88' lang='lat' dir='ltr'><strong>Deo</strong></span> <span class='ocrx_word' id='word_1_769' title='bbox 1610 2175 1644 2203; x_wconf 84' lang='lat' dir='ltr'><strong>de</strong></span> <span class='ocrx_word' id='word_1_770' title='bbox 1679 2172 1801 2201; x_wconf 81' lang='lat' dir='ltr'><strong>fantibus</strong></span> 
     </span>
    </p>
   </div>
   <div class='ocr_carea' id='block_1_102' title="bbox 1012 2217 1802 2260">
    <p class='ocr_par' dir='ltr' id='par_1_102' title="bbox 1012 2217 1802 2260">
     <span class='ocr_line' id='line_1_102' title="bbox 1012 2217 1802 2260; baseline -0.015 -4"><span class='ocrx_word' id='word_1_771' title='bbox 1012 2228 1135 2257; x_wconf 74' lang='lat' dir='ltr'><strong>Israel“.</strong></span> <span class='ocrx_word' id='word_1_772' title='bbox 1159 2237 1168 2253; x_wconf 73' lang='grc' dir='ltr'><strong>ι</strong></span> <span class='ocrx_word' id='word_1_773' title='bbox 1189 2226 1295 2260; x_wconf 84' lang='lat' dir='ltr'><strong>Quibus</strong></span> <span class='ocrx_word' id='word_1_774' title='bbox 1308 2222 1418 2259; x_wconf 87' lang='lat' dir='ltr'><strong>quidem</strong></span> <span class='ocrx_word' id='word_1_775' title='bbox 1431 2221 1552 2256; x_wconf 85' lang='lat' dir='ltr'><strong>Spiritus</strong></span> <span class='ocrx_word' id='word_1_776' title='bbox 1572 2223 1686 2248; x_wconf 83' lang='lat' dir='ltr'><strong>sanctus</strong></span> <span class='ocrx_word' id='word_1_777' title='bbox 1711 2217 1802 2245; x_wconf 89' lang='lat' dir='ltr'><strong>innui-</strong></span> 
     </span>
    </p>
   </div>
   <div class='ocr_carea' id='block_1_103' title="bbox 1013 2263 1804 2307">
    <p class='ocr_par' dir='ltr' id='par_1_103' title="bbox 1013 2263 1804 2307">
     <span class='ocr_line' id='line_1_103' title="bbox 1013 2263 1804 2307; baseline -0.014 -7"><span class='ocrx_word' id='word_1_778' title='bbox 1013 2277 1069 2305; x_wconf 89' lang='lat' dir='ltr'><strong>tur,</strong></span> <span class='ocrx_word' id='word_1_779' title='bbox 1085 2272 1132 2307; x_wconf 90' lang='lat' dir='ltr'><strong>qui</strong></span> <span class='ocrx_word' id='word_1_780' title='bbox 1149 2271 1248 2299; x_wconf 86' lang='lat' dir='ltr'><strong>vitales</strong></span> <span class='ocrx_word' id='word_1_781' title='bbox 1269 2276 1356 2304; x_wconf 82' lang='lat' dir='ltr'><strong>aquas</strong></span> <span class='ocrx_word' id='word_1_782' title='bbox 1372 2268 1400 2296; x_wconf 91' lang='lat' dir='ltr'><strong>in</strong></span> <span class='ocrx_word' id='word_1_783' title='bbox 1425 2265 1576 2294; x_wconf 82' lang='lat' dir='ltr'><strong>Eeelesiam</strong></span> <span class='ocrx_word' id='word_1_784' title='bbox 1590 2272 1622 2292; x_wconf 77' lang='lat' dir='ltr'><strong>ex</strong></span> <span class='ocrx_word' id='word_1_785' title='bbox 1650 2263 1752 2291; x_wconf 83' lang='lat' dir='ltr'><strong>veteris</strong></span> <span class='ocrx_word' id='word_1_786' title='bbox 1775 2266 1804 2290; x_wconf 86' lang='lat' dir='ltr'><strong>ct</strong></span> 
     </span>
    </p>
   </div>
   <div class='ocr_carea' id='block_1_104' title="bbox 1013 2309 1803 2351">
    <p class='ocr_par' dir='ltr' id='par_1_104' title="bbox 1013 2309 1803 2351">
     <span class='ocr_line' id='line_1_104' title="bbox 1013 2309 1803 2351; baseline -0.015 -5"><span class='ocrx_word' id='word_1_787' title='bbox 1013 2318 1132 2346; x_wconf 84' lang='lat' dir='ltr'><strong>recentis</strong></span> <span class='ocrx_word' id='word_1_788' title='bbox 1141 2316 1290 2351; x_wconf 72' lang='lat' dir='ltr'><strong>Scriptura:</strong></span> <span class='ocrx_word' id='word_1_789' title='bbox 1307 2314 1433 2342; x_wconf 83' lang='lat' dir='ltr'><strong>fontibus</strong></span> <span class='ocrx_word' id='word_1_790' title='bbox 1458 2311 1643 2344; x_wconf 68' lang='lat' dir='ltr'><strong>eil‘undit,ubi</strong></span> <span class='ocrx_word' id='word_1_791' title='bbox 1665 2309 1803 2337; x_wconf 78' lang='lat' dir='ltr'><strong>desertam</strong></span> 
     </span>
    </p>
   </div>
   <div class='ocr_carea' id='block_1_105' title="bbox 1015 2355 1804 2396">
    <p class='ocr_par' dir='ltr' id='par_1_105' title="bbox 1015 2355 1804 2396">
     <span class='ocr_line' id='line_1_105' title="bbox 1015 2355 1804 2396; baseline -0.015 -4"><span class='ocrx_word' id='word_1_792' title='bbox 1015 2369 1096 2391; x_wconf 86' lang='lat' dir='ltr'><strong>antea</strong></span> <span class='ocrx_word' id='word_1_793' title='bbox 1110 2362 1161 2390; x_wconf 87' lang='lat' dir='ltr'><strong>viri</strong></span> <span class='ocrx_word' id='word_1_794' title='bbox 1174 2361 1262 2390; x_wconf 86' lang='lat' dir='ltr'><strong>sancti</strong></span> <span class='ocrx_word' id='word_1_795' title='bbox 1275 2360 1417 2396; x_wconf 74' lang='lat' dir='ltr'><strong>ﬂuuiorum</strong></span> <span class='ocrx_word' id='word_1_796' title='bbox 1429 2358 1527 2391; x_wconf 87' lang='lat' dir='ltr'><strong>instar,</strong></span> <span class='ocrx_word' id='word_1_797' title='bbox 1540 2363 1663 2392; x_wconf 78' lang='lat' dir='ltr'><strong>amagno</strong></span> <span class='ocrx_word' id='word_1_798' title='bbox 1680 2355 1726 2382; x_wconf 92' lang='lat' dir='ltr'><strong>illo</strong></span> <span class='ocrx_word' id='word_1_799' title='bbox 1739 2361 1804 2389; x_wconf 85' lang='lat' dir='ltr'><strong>pro-</strong></span> 
     </span>
    </p>
   </div>
   <div class='ocr_carea' id='block_1_106' title="bbox 1013 2399 1804 2441">
    <p class='ocr_par' dir='ltr' id='par_1_106' title="bbox 1013 2399 1804 2441">
     <span class='ocr_line' id='line_1_106' title="bbox 1013 2399 1804 2441; baseline -0.014 -5"><span class='ocrx_word' id='word_1_800' title='bbox 1013 2412 1158 2436; x_wconf 87' lang='lat' dir='ltr'><strong>manantes</strong></span> <span class='ocrx_word' id='word_1_801' title='bbox 1171 2407 1252 2435; x_wconf 87' lang='lat' dir='ltr'><strong>etiam</strong></span> <span class='ocrx_word' id='word_1_802' title='bbox 1268 2405 1393 2441; x_wconf 75' lang='lat' dir='ltr'><strong>irrigant,</strong></span> <span class='ocrx_word' id='word_1_803' title='bbox 1407 2403 1490 2439; x_wconf 71' lang='grc'><strong>460</strong></span> <span class='ocrx_word' id='word_1_804' title='bbox 1504 2402 1585 2437; x_wconf 85' lang='lat' dir='ltr'><strong>cujus</strong></span> <span class='ocrx_word' id='word_1_805' title='bbox 1605 2401 1722 2436; x_wconf 89' lang='lat' dir='ltr'><strong>impetus</strong></span> <span class='ocrx_word' id='word_1_806' title='bbox 1735 2399 1804 2426; x_wconf 77' lang='lat' dir='ltr'><strong>[zeli-</strong></span> 
     </span>
    </p>
   </div>
   <div class='ocr_carea' id='block_1_107' title="bbox 1015 2445 1805 2484">
    <p class='ocr_par' dir='ltr' id='par_1_107' title="bbox 1015 2445 1805 2484">
     <span class='ocr_line' id='line_1_107' title="bbox 1015 2445 1805 2484; baseline -0.013 -2"><span class='ocrx_word' id='word_1_807' title='bbox 1015 2455 1098 2482; x_wconf 82' lang='lat' dir='ltr'><strong>ﬁcant</strong></span> <span class='ocrx_word' id='word_1_808' title='bbox 1118 2453 1258 2481; x_wconf 84' lang='lat' dir='ltr'><strong>civitatem</strong></span> <span class='ocrx_word' id='word_1_809' title='bbox 1286 2451 1331 2478; x_wconf 89' lang='lat' dir='ltr'><strong>Dei</strong></span> <span class='ocrx_word' id='word_1_810' title='bbox 1342 2451 1381 2484; x_wconf 59' lang='lat'><strong>‘7;</strong></span> <span class='ocrx_word' id='word_1_811' title='bbox 1398 2450 1431 2478; x_wconf 85' lang='lat' dir='ltr'><strong>de</strong></span> <span class='ocrx_word' id='word_1_812' title='bbox 1457 2457 1512 2484; x_wconf 85' lang='lat' dir='ltr'><strong>quo</strong></span> <span class='ocrx_word' id='word_1_813' title='bbox 1528 2449 1626 2475; x_wconf 83' lang='lat' dir='ltr'><strong>etiam:</strong></span> <span class='ocrx_word' id='word_1_814' title='bbox 1661 2455 1671 2472; x_wconf 85' lang='grc'><strong><em>‹</em></strong></span> <span class='ocrx_word' id='word_1_815' title='bbox 1692 2445 1805 2473; x_wconf 80' lang='lat' dir='ltr'><strong>Flavius</strong></span> 
     </span>
    </p>
   </div>
   <div class='ocr_carea' id='block_1_108' title="bbox 1018 2494 1588 2534">
    <p class='ocr_par' dir='ltr' id='par_1_108' title="bbox 1018 2494 1588 2534">
     <span class='ocr_line' id='line_1_108' title="bbox 1018 2494 1588 2534; baseline -0.012 -8"><span class='ocrx_word' id='word_1_816' title='bbox 1018 2499 1064 2528; x_wconf 86' lang='lat' dir='ltr'><strong>Dei</strong></span> <span class='ocrx_word' id='word_1_817' title='bbox 1081 2499 1203 2534; x_wconf 88' lang='lat' dir='ltr'><strong>repletus</strong></span> <span class='ocrx_word' id='word_1_818' title='bbox 1211 2502 1253 2525; x_wconf 87' lang='lat' dir='ltr'><strong>est</strong></span> <span class='ocrx_word' id='word_1_819' title='bbox 1275 2496 1355 2532; x_wconf 86' lang='lat' dir='ltr'><strong>aquis</strong></span> <span class='ocrx_word' id='word_1_820' title='bbox 1365 2495 1399 2528; x_wconf 63' lang='lat'><strong>‘3,</strong></span> <span class='ocrx_word' id='word_1_821' title='bbox 1417 2504 1426 2520; x_wconf 73' lang='grc' dir='ltr'><strong>ι</strong></span> <span class='ocrx_word' id='word_1_822' title='bbox 1446 2494 1588 2522; x_wconf 73' lang='lat' dir='ltr'><strong>Scribitur.</strong></span> 
     </span>
    </p>
   </div>
   <div class='ocr_carea' id='block_1_109' title="bbox 1051 2537 1805 2577">
    <p class='ocr_par' dir='ltr' id='par_1_109' title="bbox 1051 2537 1805 2577">
     <span class='ocr_line' id='line_1_109' title="bbox 1051 2537 1805 2577; baseline -0.012 -4"><span class='ocrx_word' id='word_1_823' title='bbox 1051 2546 1152 2573; x_wconf 84' lang='lat' dir='ltr'><strong>Videas</strong></span> <span class='ocrx_word' id='word_1_824' title='bbox 1163 2545 1235 2573; x_wconf 91' lang='lat' dir='ltr'><strong>enim</strong></span> <span class='ocrx_word' id='word_1_825' title='bbox 1254 2543 1404 2571; x_wconf 83' lang='lat' dir='ltr'><strong>Ecelesiam</strong></span> <span class='ocrx_word' id='word_1_826' title='bbox 1418 2541 1494 2577; x_wconf 82' lang='lat' dir='ltr'><strong>aquis</strong></span> <span class='ocrx_word' id='word_1_827' title='bbox 1509 2540 1586 2572; x_wconf 91' lang='lat' dir='ltr'><strong>olim,</strong></span> <span class='ocrx_word' id='word_1_828' title='bbox 1597 2539 1698 2571; x_wconf 84' lang='lat' dir='ltr'><strong>etDeo,</strong></span> <span class='ocrx_word' id='word_1_829' title='bbox 1713 2537 1805 2565; x_wconf 80' lang='lat' dir='ltr'><strong>omni—</strong></span> 
     </span>
    </p>
   </div>
   <div class='ocr_carea' id='block_1_110' title="bbox 1016 2585 1805 2629">
    <p class='ocr_par' dir='ltr' id='par_1_110' title="bbox 1016 2585 1805 2629">
     <span class='ocr_line' id='line_1_110' title="bbox 1016 2585 1805 2629; baseline -0.015 -8"><span class='ocrx_word' id='word_1_830' title='bbox 1016 2599 1070 2629; x_wconf 86' lang='lat' dir='ltr'><strong>que</strong></span> <span class='ocrx_word' id='word_1_831' title='bbox 1085 2592 1159 2620; x_wconf 90' lang='lat' dir='ltr'><strong>bono</strong></span> <span class='ocrx_word' id='word_1_832' title='bbox 1174 2590 1343 2622; x_wconf 81' lang='lat' dir='ltr'><strong>destitutam,</strong></span> <span class='ocrx_word' id='word_1_833' title='bbox 1358 2587 1467 2616; x_wconf 89' lang='lat' dir='ltr'><strong>abunde</strong></span> <span class='ocrx_word' id='word_1_834' title='bbox 1484 2593 1555 2614; x_wconf 92' lang='lat' dir='ltr'><strong>nunc</strong></span> <span class='ocrx_word' id='word_1_835' title='bbox 1567 2585 1708 2620; x_wconf 84' lang='lat' dir='ltr'><strong>irriguum,</strong></span> <span class='ocrx_word' id='word_1_836' title='bbox 1723 2592 1805 2618; x_wconf 77' lang='lat' dir='ltr'><strong>vege-</strong></span> 
     </span>
    </p>
   </div>
   <div class='ocr_carea' id='block_1_111' title="bbox 1016 2630 1806 2670">
    <p class='ocr_par' dir='ltr' id='par_1_111' title="bbox 1016 2630 1806 2670">
     <span class='ocr_line' id='line_1_111' title="bbox 1016 2630 1806 2670; baseline -0.013 -4"><span class='ocrx_word' id='word_1_837' title='bbox 1016 2643 1058 2666; x_wconf 83' lang='lat' dir='ltr'><strong>tas</strong></span> <span class='ocrx_word' id='word_1_838' title='bbox 1074 2638 1193 2670; x_wconf 87' lang='lat' dir='ltr'><strong>animas,</strong></span> <span class='ocrx_word' id='word_1_839' title='bbox 1206 2640 1233 2664; x_wconf 90' lang='lat' dir='ltr'><strong>et</strong></span> <span class='ocrx_word' id='word_1_840' title='bbox 1246 2635 1376 2664; x_wconf 88' lang='lat' dir='ltr'><strong>sublimes</strong></span> <span class='ocrx_word' id='word_1_841' title='bbox 1388 2638 1486 2662; x_wconf 85' lang='lat' dir='ltr'><strong>eterra</strong></span> <span class='ocrx_word' id='word_1_842' title='bbox 1503 2631 1646 2660; x_wconf 88' lang='lat' dir='ltr'><strong>attollere:</strong></span> <span class='ocrx_word' id='word_1_843' title='bbox 1660 2639 1714 2658; x_wconf 91' lang='lat' dir='ltr'><strong>non</strong></span> <span class='ocrx_word' id='word_1_844' title='bbox 1727 2630 1806 2657; x_wconf 86' lang='lat' dir='ltr'><strong>aliter</strong></span> 
     </span>
    </p>
   </div>
   <div class='ocr_carea' id='block_1_112' title="bbox 1016 2676 1805 2721">
    <p class='ocr_par' dir='ltr' id='par_1_112' title="bbox 1016 2676 1805 2721">
     <span class='ocr_line' id='line_1_112' title="bbox 1016 2676 1805 2721; baseline -0.013 -8"><span class='ocrx_word' id='word_1_845' title='bbox 1016 2693 1099 2721; x_wconf 88' lang='lat' dir='ltr'><strong>quam</strong></span> <span class='ocrx_word' id='word_1_846' title='bbox 1115 2688 1226 2720; x_wconf 79' lang='lat' dir='ltr'><strong>propter</strong></span> <span class='ocrx_word' id='word_1_847' title='bbox 1240 2689 1373 2718; x_wconf 85' lang='lat' dir='ltr'><strong>aquarum</strong></span> <span class='ocrx_word' id='word_1_848' title='bbox 1388 2679 1496 2716; x_wconf 85' lang='lat' dir='ltr'><strong>copiam</strong></span> <span class='ocrx_word' id='word_1_849' title='bbox 1513 2679 1571 2707; x_wconf 83' lang='lat' dir='ltr'><strong>ﬁeri</strong></span> <span class='ocrx_word' id='word_1_850' title='bbox 1588 2677 1658 2707; x_wconf 87' lang='lat' dir='ltr'><strong>solet</strong></span> <span class='ocrx_word' id='word_1_851' title='bbox 1674 2677 1702 2705; x_wconf 87' lang='lat' dir='ltr'><strong>in</strong></span> <span class='ocrx_word' id='word_1_852' title='bbox 1722 2676 1805 2704; x_wconf 82' lang='lat' dir='ltr'><strong>arbo-</strong></span> 
     </span>
    </p>
   </div>
   <div class='ocr_carea' id='block_1_113' title="bbox 1026 2734 1806 2776">
    <p class='ocr_par' dir='ltr' id='par_1_113' title="bbox 1026 2734 1806 2776">
     <span class='ocr_line' id='line_1_113' title="bbox 1026 2734 1806 2776; baseline -0.015 -4"><span class='ocrx_word' id='word_1_853' title='bbox 1026 2746 1046 2762; x_wconf 73' lang='lat'><strong>&quot;</strong></span> <span class='ocrx_word' id='word_1_854' title='bbox 1068 2745 1078 2771; x_wconf 87' lang='lat' dir='ltr'><strong>t</strong></span> <span class='ocrx_word' id='word_1_855' title='bbox 1096 2745 1160 2773; x_wconf 83' lang='lat' dir='ltr'><strong>Cor.</strong></span> <span class='ocrx_word' id='word_1_856' title='bbox 1180 2752 1223 2776; x_wconf 77' lang='lat' dir='ltr'><strong>xv,</strong></span> <span class='ocrx_word' id='word_1_857' title='bbox 1236 2743 1280 2770; x_wconf 79' lang='lat' dir='ltr'><strong>5L</strong></span> <span class='ocrx_word' id='word_1_858' title='bbox 1330 2739 1438 2776; x_wconf 17' lang='lat' dir='ltr'><strong>“rLuc.</strong></span> <span class='ocrx_word' id='word_1_859' title='bbox 1455 2738 1539 2776; x_wconf 80' lang='lat' dir='ltr'><strong>x,_t_9.</strong></span> <span class='ocrx_word' id='word_1_860' title='bbox 1589 2737 1612 2754; x_wconf 72' lang='grc'><strong>⁴³</strong></span> <span class='ocrx_word' id='word_1_861' title='bbox 1625 2736 1705 2765; x_wconf 78' lang='lat' dir='ltr'><strong>Rom.</strong></span> <span class='ocrx_word' id='word_1_862' title='bbox 1721 2743 1760 2769; x_wconf 80' lang='lat' dir='ltr'><strong>iv,</strong></span> <span class='ocrx_word' id='word_1_863' title='bbox 1778 2734 1806 2762; x_wconf 87' lang='lat'><strong>6.</strong></span> 
     </span>
    </p>
   </div>
   <div class='ocr_carea' id='block_1_114' title="bbox 176 2773 951 2822">
    <p class='ocr_par' dir='ltr' id='par_1_114' title="bbox 176 2773 951 2822">
     <span class='ocr_line' id='line_1_114' title="bbox 176 2773 951 2822; baseline -0.006 -8"><span class='ocrx_word' id='word_1_864' title='bbox 176 2787 197 2802; x_wconf 77' lang='lat'><strong>&quot;</strong></span> <span class='ocrx_word' id='word_1_865' title='bbox 420 2773 468 2802; x_wconf 49' lang='lat' dir='ltr'><strong>ﬂ&quot;</strong></span> <span class='ocrx_word' id='word_1_866' title='bbox 481 2773 603 2816; x_wconf 34' lang='lat' dir='ltr'><strong>Isafxut‘i;</strong></span> <span class='ocrx_word' id='word_1_867' title='bbox 668 2773 706 2801; x_wconf 45' lang='grc' dir='ltr'><strong>’λδ</strong></span> 
     </span>
    </p>
   </div>
   <div class='ocr_carea' id='block_1_115' title="bbox 1004 2773 1525 2822">
    <p class='ocr_par' dir='ltr' id='par_1_115' title="bbox 1004 2773 1525 2812">
     <span class='ocr_line' id='line_1_115' title="bbox 1004 2773 1525 2812; baseline -0.015 -4"><span class='ocrx_word' id='word_1_868' title='bbox 1004 2782 1011 2796; x_wconf 85' lang='grc'><strong>⁷</strong></span> <span class='ocrx_word' id='word_1_869' title='bbox 1031 2773 1222 2812; x_wconf 50' lang='lat' dir='ltr'><strong>l‘sal.x1.v,5.&#39;</strong></span> <span class='ocrx_word' id='word_1_870' title='bbox 1261 2777 1281 2794; x_wconf 65' lang='grc'><strong>⁵⁸</strong></span> <span class='ocrx_word' id='word_1_871' title='bbox 1303 2775 1374 2804; x_wconf 81' lang='lat' dir='ltr'><strong>Psal.</strong></span> <span class='ocrx_word' id='word_1_872' title='bbox 1390 2782 1461 2807; x_wconf 78' lang='lat' dir='ltr'><strong>txiv,</strong></span> <span class='ocrx_word' id='word_1_873' title='bbox 1483 2773 1525 2801; x_wconf 87' lang='lat' dir='ltr'><strong>to.</strong></span> 
     </span>
    </p>
   </div>
   <div class='ocr_carea' id='block_1_116' title="bbox 810 2837 1134 2869">
    <p class='ocr_par' dir='ltr' id='par_1_116' title="bbox 810 2837 1134 2869">
     <span class='ocr_line' id='line_1_116' title="bbox 810 2837 1134 2869; baseline -0.009 -1"><span class='ocrx_word' id='word_1_874' title='bbox 810 2839 927 2869; x_wconf 73' lang='lat' dir='ltr'><strong>VAﬁl/E</strong></span> <span class='ocrx_word' id='word_1_875' title='bbox 944 2837 1134 2868; x_wconf 80' lang='lat' dir='ltr'><strong>LECTIONES</strong></span> 
     </span>
    </p>
   </div>
   <div class='ocr_carea' id='block_1_117' title="bbox 213 2876 608 2915">
    <p class='ocr_par' dir='ltr' id='par_1_117' title="bbox 213 2876 608 2915">
     <span class='ocr_line' id='line_1_117' title="bbox 213 2876 608 2915; baseline -0.013 -7"><span class='ocrx_word' id='word_1_876' title='bbox 213 2883 227 2898; x_wconf 74' lang='grc' dir='ltr'><strong>ιι</strong></span> <span class='ocrx_word' id='word_1_877' title='bbox 241 2879 370 2915; x_wconf 77' lang='grc' dir='ltr'><strong>τρ.ὑμῖν.</strong></span> <span class='ocrx_word' id='word_1_878' title='bbox 410 2883 422 2896; x_wconf 89' lang='lat'>&#39;</span> <span class='ocrx_word' id='word_1_879' title='bbox 442 2887 486 2913; x_wconf 82' lang='grc' dir='ltr'>γρ.</span> <span class='ocrx_word' id='word_1_880' title='bbox 502 2876 608 2909; x_wconf 79' lang='grc' dir='ltr'>ἀνοεξω.</span> 
     </span>
    </p>
   </div>
  </div>
