2002 3078
215 130 286 164 3359

882 135 1058 168 PROCOPII
1077 137 1197 168 GAZAEI

1772 145 1843 178 εῃδο

215 184 304 216 ribus,
323 191 439 219 quarum
454 185 506 213 hoc
525 185 585 214 loco
602 187 735 215 meminit.
753 188 790 217 De
804 197 874 224 aqua
902 190 956 217 ista
973 194 999 218 et

1055 191 1134 227 μόνον
1151 192 1248 229 πλήθει
1264 195 1459 230 συνεστηκότα.
1476 196 1585 225 Τούτων
1613 199 1668 235 γὰρ
1695 200 1842 237 μέμνηται.

215 229 340 258 Christus
355 231 413 266 ipse
427 232 500 259 hunc
523 232 551 259 in
581 232 693 260 modum
715 234 894 269 loquebatur:
923 245 932 262 ι
949 236 1003 269 Qui

215 276 314 304 biberit
325 284 423 312 aquam
436 285 470 306 ex
499 278 583 312 me“,
605 288 614 305 ›
637 284 791 316 ceteraque
818 281 958 318 deinceps.
971 282 1004 312 Et

214 329 328 350 rursus:
345 332 354 348 ι
372 323 423 356 Qui
436 331 534 359 aquam
548 325 659 359 biberit,
672 334 755 362 quam
780 335 831 363 ego
854 328 935 363 dabo,
953 328 1004 357 ﬂu-

215 367 288 394 mina
298 367 334 395 de
348 373 443 396 ventre
462 369 522 405 ejus
538 370 624 399 ﬁuent
638 379 716 407 aquae
732 374 851 402 viventis
862 375 895 403 '°.
912 384 922 402 ι
946 375 1004 404 Hoc

214 416 305 441 autem
320 412 473 443 dicebatde
492 415 602 451 spiritu,
632 425 714 452 quem
743 420 886 454 accepturi
913 424 1003 453 erant,

214 456 261 490 qui
277 456 305 484 in
323 457 414 493 ipsum
427 460 587 494 credebant,
608 462 689 497 cujus
701 463 835 491 beneﬁcio
861 464 963 500 vigere,
975 469 1003 493 et

213 499 242 527 in
269 501 354 528 altum
383 503 462 539 erigi,
492 513 687 541 nunquamque
717 499 1003 543 putrescerepodoris

214 545 334 583 denique
346 551 510 579 suavitatem
534 554 659 581 emittere
684 554 829 583 credentes
851 563 1003 584 consueve-

214 597 288 620 runt.
305 593 372 622 Olea
395 595 492 631 igitur,
508 600 536 625 et
549 598 652 633 palma,
673 604 700 627 ct
721 599 786 628 vitis
804 601 832 628 in
857 601 1002 638 Scriptura

215 638 322 668 fructus
347 640 480 670 Ecclesia:
505 643 645 673 denotant.
664 645 716 674 Hic
739 652 831 675 autem
861 655 922 683 quae
939 642 1001 677 ἠο-

214 685 356 714 minantur
372 687 497 722 arbores,
528 697 634 725 eorum,
663 692 711 727 qui
738 693 766 720 in
794 701 826 722 ea
855 695 1002 730 proﬁciunt

215 730 379 766 ubertatem,
414 734 609 770 altitudinem,
635 739 785 766 novitatem
817 744 846 768 et
878 741 1000 776 vigorem

213 775 423 814 demonstrant;
442 781 514 816 quod
528 782 556 810 in
569 782 671 810 deserto
700 785 760 812 ﬁeri
775 786 885 814 videtur
909 775 1001 816 admi-

215 822 311 854 rabile.
328 824 417 860 Atque
433 826 496 855 inde
510 835 561 861 est,
579 829 653 864 quod
682 838 790 857 manum
814 831 925 860 Domini
948 833 1000 861 ista

1055 239 1123 272 Περὶ
1137 239 1233 266 τούτου
1251 241 1298 268 καὶ
1312 242 1326 268 ὸ
1349 242 1444 278 Σωτὴρ
1459 243 1506 271 τοῦ
1519 244 1629 277 ὕδατος
1642 245 1734 280 ἔλεγεν
1744 255 1752 262 ·
1769 256 1778 273 ι
1795 248 1844 279 ’ος

1055 285 1077 312 δ’
1093 285 1126 313 ἂν
1140 286 1191 322 πίῃ
1217 287 1250 314 ὲκ
1273 287 1320 315 τοῦ
1345 289 1413 324 ἐμοῦ
1438 289 1544 322 ὕδατος,
1561 300 1572 317 ›
1590 291 1638 318 καὶ
1649 292 1683 319 τὰ
1698 293 1771 328 ἑξῆς.
1788 294 1844 321 Καὶ

1056 330 1147 358 πάλιψ
1169 332 1217 359 ιὈ
1240 332 1325 361 πίνων
1339 335 1371 361 ὲκ
1388 334 1434 361 τοῦ
1450 334 1555 368 ὕδατος,
1578 334 1608 365 οὗ
1627 337 1683 372 ἐγὼ
1699 337 1777 365 δώσω
1793 339 1844 366 αὖα

1053 375 1104 411 τῷ,
1122 377 1239 413 ποταμοὶ
1255 378 1288 405 ἐκ
1301 379 1350 414 τῆς
1365 380 1468 412 κοιλίας
1486 381 1568 409 αὐτοῦ
1587 383 1728 417 ῥεύσουσιν
1748 383 1843 417 ὓδατος

1055 421 1166 456 ζῶντος.
1196 433 1206 450 ι
1237 423 1323 451 Τοῦτο
1345 425 1374 452 δὲ
1399 426 1477 462 ἔλεγε
1506 429 1570 464 περὶ
1599 429 1645 456 τοῦ
1673 430 1842 466 Πνεὺματος,

1054 467 1123 504 ὅπερ
1143 469 1261 505 ἤμελλον
1286 471 1437 507 λαμϐάνειν
1455 474 1480 500 oi.
1498 475 1671 508 πιστεύοντες
1688 477 1728 509 είς
1748 477 1842 510 αὐτὸν,

1053 514 1084 542 τὸ
1101 515 1213 548 εὐθαλὲς
1227 526 1257 544 τε
1274 518 1322 544 καὶ
1345 518 1456 554 ὑψηλὸν,
1479 521 1599 556 άσηπτόν
1625 531 1655 548 τε
1672 523 1720 549 καὶ
1743 523 1843 555 εὐῶδες

1054 562 1110 592 τοῖς
1122 564 1317 590 πεπιστευκόσι
1333 565 1524 601 χαριζομένου.
1543 567 1636 594 Ἐλαία
1659 568 1709 603 μὲν
1722 567 1780 601 οὖν,
1795 569 1843 596 καὶ

1054 608 1152 642 φοῖνιξ,
1171 610 1219 637 καὶ
1230 610 1353 646 ἄμπελος
1368 613 1397 639 ἐν
1410 614 1444 648 τῇ
1461 613 1555 649 Γραφῇ
1574 614 1637 646 τοὺς
1653 615 1777 652 καρποὺς
1792 615 1844 650 τῆς

1060 655 1222 691 Ἐκκλησίας
1237 658 1412 693 σημαίνουσι.
1428 659 1450 685 Τ
1451 659 1468 686 ἀ
1483 659 1511 687 δὲ
1524 660 1572 687 νῦν
1588 660 1729 696 λεχθέντα,
1754 661 1785 688 τὸ
1799 662 1843 689 εὐ-

1054 700 1146 734 θαλὲς,
1161 703 1208 729 καὶ
1220 702 1386 739 διῃρημένον
1399 711 1425 738 ι,
1437 706 1535 742 νεαρόν
1545 715 1574 733 τε
1597 707 1644 734 καὶ
1658 708 1777 744 ἀκμαῖον
1788 708 1843 735 τῶν

1053 747 1082 773 ἐν
1107 748 1176 784 αὐτῇ
1196 751 1435 785 προαοπτόντων,
1461 752 1530 788 ὅπερ
1551 753 1580 780 ὲν
1603 753 1702 789 ἐρήμῳ
1716 754 1843 789 γενέσθαι

1053 793 1216 829 παράδοξον.
1236 796 1281 822 Διό
1297 805 1375 832 φησι,
1391 797 1458 832 Χεὶρ
1472 799 1584 833 Κυρίου
1602 799 1728 833 ἐποίησε
1738 801 1840 832 ταῦτα,

1052 838 1123 866 ὥστε
1134 840 1198 872 τοὺς
1215 840 1262 867 ἐπὶ
1279 841 1331 877 γῆς
1351 843 1561 878 ἐρῤιζωμένους,
1577 845 1606 872 ὲν
1620 844 1660 880 τῷ
1681 846 1771 882 θνητῷ
1795 848 1843 875 καὶ

212 869 330 904 effecisse
344 870 478 906 subiicit:
496 881 594 910 nempe
610 879 639 903 ut
651 875 698 911 qui
715 877 827 906 interra
838 879 957 912 radices,
974 879 999 908 id

1053 869 1218 921 ἀνθρωπίνῳ
1230 869 1445 922 βίῳ’σὲῥδς’ὁψὲξ
1455 869 1770 926 ’άνᾷέρἐχὲὶνῖὺρὲινξᾷδξ
1792 869 1843 926 is;

213 920 265 947 est,
283 918 414 945 caducam
426 924 453 947 et
465 920 612 948 humanam
626 922 708 950 vitam
725 929 849 959 agerent,
865 925 893 952 in
915 926 1000 954 caele-

213 962 266 989 stia
283 963 403 999 fastigia,
419 972 468 999 spe
481 966 557 1002 regni
573 967 737 997 immortalis
757 971 856 1004 evecti,
868 972 1001 1000 ascende-

213 1012 284 1035 rent.
304 1009 381 1037 Adeo
407 1011 461 1038 fuit
490 1012 546 1046 illa,
579 1021 662 1049 quam
693 1015 724 1043 in
752 1016 882 1051 gentibus
914 1017 1001 1045 edidit

212 1054 355 1087 Dominus.
386 1057 568 1087 admiratione
601 1059 683 1095 digna
714 1062 870 1090 conversio.
897 1062 1001 1092 Deinde

212 1107 290 1135 aqua
301 1101 429 1130 ductuum
438 1105 560 1138 nomine,
571 1105 703 1134 Ecclesiae
713 1106 841 1136 doctores
857 1108 999 1144 indicavit,

211 1146 258 1180 qui
279 1146 407 1175 haustum
423 1149 515 1180 animo
537 1150 572 1178 de
587 1150 730 1186 Scriptura
753 1153 889 1182 divinitus
914 1154 1001 1189 inspi-

210 1197 270 1220 rata
288 1193 336 1221 Dei
367 1195 481 1223 verbum
501 1197 530 1225 in
557 1197 627 1225 alios
651 1198 863 1232 transfundunt,
881 1204 912 1227 ut
938 1201 1001 1229 vita:

210 1238 321 1272 quidem
338 1239 465 1269 instituto
487 1242 582 1271 odoris
610 1243 778 1277 bonitatem;
795 1246 999 1274 mundanarum

210 1288 301 1314 autem
317 1286 488 1322 voluptatum
517 1288 592 1324 fuga,
611 1289 847 1326 incorruptionem
872 1293 999 1327 adipisci,

210 1330 291 1360 ﬁrmo
302 1332 422 1368 denique
437 1338 464 1361 et
476 1334 568 1362 stabili
591 1335 619 1363 in
640 1337 723 1364 rebus
748 1338 879 1366 omnibus
903 1339 999 1368 habitu

210 1382 380 1412 comparato,
404 1380 514 1408 radices
539 1389 633 1416 agere,
658 1386 686 1410 et
712 1387 857 1411 ventorum
880 1385 1000 1420 impetus

209 1423 331 1460 perferre
357 1425 475 1453 valeant.
489 1426 641 1455 Conﬁrmat
655 1429 727 1457 enim
745 1429 833 1463 justos
849 1430 999 1465 Dominus;

210 1478 328 1506 clumque
345 1472 424 1500 decet
442 1473 557 1500 istorum
573 1478 712 1503 auctorem
729 1480 755 1504 et
769 1484 882 1505 causam
896 1485 999 1515 cogno-

210 1524 297 1550 scere,
312 1525 367 1546 non
383 1525 480 1554 sponte
491 1525 518 1547 et
526 1518 641 1549 fortuito
655 1521 782 1551 accidere
795 1527 904 1558 putare.

245 1561 314 1589 Sunt
330 1570 396 1590 vero
418 1564 465 1599 qui
486 1568 543 1593 tota
573 1565 625 1593 ista
643 1567 790 1596 verborum
817 1569 890 1598 serie
911 1569 997 1599 Deum

211 1606 310 1636 lsrasli
325 1609 478 1637 secundum
496 1612 717 1647 progressionem
733 1619 830 1649 putent
845 1616 873 1644 in
895 1624 999 1645 memo-

209 1655 278 1683 riam
295 1663 426 1684 revocare
442 1664 498 1692 quo
529 1658 589 1686 loco
614 1666 722 1695 semper
740 1661 813 1696 apud
833 1669 863 1690 se
886 1662 998 1692 habitus

209 1700 360 1736 sit;quem
378 1702 438 1729 orbi
455 1703 597 1735 universo,
618 1704 702 1732 veluti
733 1712 879 1734 accensam
901 1708 998 1736 divina:

209 1746 368 1781 cognitionis
383 1746 483 1781 facem,
495 1749 647 1783 praelucere
664 1750 794 1778 voluerit.
815 1752 998 1783 Abralaamum

208 1793 308 1820 deinde
330 1793 364 1821 ab
385 1793 466 1830 561
482 1796 614 1823 extremis
640 1799 720 1824 terrae
736 1796 837 1826 ﬁnibus
855 1800 998 1834 evocavit;

207 1838 326 1874 Egypto
346 1839 476 1875 denique,
497 1840 586 1868 altero
600 1844 680 1869 terra:
702 1846 832 1876 extremo,
853 1844 997 1879 eripuerit,

206 1883 326 1918 ﬁliorum
340 1885 401 1914 loco
417 1884 555 1913 habuerit.
576 1886 690 1914 Conﬁdo
703 1887 796 1923 igitur,
823 1889 924 1925 inquit,
950 1891 997 1926 qui

208 1934 248 1958 tot
262 1930 435 1958 admirabilia
446 1936 576 1966 expertus
585 1932 642 1967 sis;
654 1941 743 1968 neque
754 1943 837 1968 erres,
848 1941 997 1970 quantum-

207 1976 248 2003 vis
265 1980 291 2004 tc
301 1976 407 2004 circum
429 1982 525 2012 gentes
550 1979 693 2013 permultae
706 1980 839 2009 ambiant.
854 1982 912 2017 Ego
922 1984 995 2011 enim

208 2028 352 2059 postquam
368 2024 402 2052 de
425 2025 481 2053 tuis
495 2024 622 2054 hostibus
645 2027 811 2062 supplicium
838 2036 996 2064 sumpsero,

205 2071 382 2106 quantumvis
398 2071 529 2106 prodeant
547 2072 605 2106 alii,
622 2073 649 2100 in
670 2074 793 2102 nihilum
807 2079 899 2104 tamen
916 2084 997 2112 repu-

205 2116 348 2150 tabuntur.
365 2116 417 2144 Sed
442 2116 535 2145 forsan
566 2117 628 2148 ideo
656 2119 762 2153 metuis,
789 2121 865 2156 quod
885 2127 995 2151 tuorum

206 2163 388 2199 paucitatem;
409 2170 503 2191 eorum
519 2167 627 2197 contra,
637 2165 683 2200 qui
703 2169 727 2193 te
740 2166 876 2201 ambiunt,
900 2168 996 2205 ingen-

204 2213 261 2236 tem
283 2208 487 2236 multitudinem
508 2208 636 2238 intueris.
659 2209 759 2239 Verum
786 2212 820 2240 ad
840 2221 929 2242 meum
951 2223 994 2244 re-

205 2254 282 2288 spice
310 2254 458 2288 auxilium;
478 2262 534 2290 quo
559 2255 682 2290 adjutus,
710 2256 884 2293 insurgentes
912 2260 940 2288 in
967 2267 994 2291 te

204 2301 300 2329 hostes
311 2300 446 2328 montibus
457 2300 526 2335 ipsis
549 2305 577 2329 et
594 2301 707 2330 collibus
728 2309 904 2339 comparatos
931 2315 995 2336 con-

204 2346 316 2374 feceris.
339 2345 417 2373 Sicut
441 2345 469 2372 in
497 2345 651 2378 CLXXXV,
667 2346 844 2383 Assyriorum
871 2351 995 2381 millibus

203 2392 302 2428 patuit,
313 2392 361 2428 qui
373 2395 442 2420 tene
452 2391 595 2420 adoriente
608 2392 730 2427 quidem,
744 2400 804 2421 mea
817 2395 899 2424 unius
909 2404 992 2432 opera

203 2439 406 2467 ceciderunt“.
423 2438 549 2466 Ostendit
576 2446 659 2474 porro
675 2447 738 2474 qua:
768 2440 869 2469 damna
899 2443 995 2473 hostes

203 2487 278 2520 ipsos
296 2485 417 2513 invasuri
432 2485 507 2519 sint;
519 2492 582 2516 eum
592 2486 750 2520 qumsituros
760 2487 870 2522 quidem
885 2498 994 2524 aquam,

203 2531 250 2559 sed
265 2539 316 2558 mm
331 2536 480 2565 reperturas
500 2530 637 2566 adjnnxit.
648 2531 683 2559 At
701 2533 774 2567 quod
791 2532 825 2561 de
837 2534 993 2568 ﬂuminibus

202 2577 282 2609 dixit,
299 2577 336 2604 ita
355 2576 458 2604 factum
474 2584 545 2610 esse,
561 2577 648 2610 aiunt,
668 2577 792 2606 historiae
816 2579 871 2608 illm
888 2586 992 2611 testan-

203 2628 260 2654 tur.
273 2631 335 2659 quze
350 2623 384 2650 dc
405 2623 554 2658 prmruptis
565 2623 652 2659 petris
667 2631 753 2659 aquas
767 2633 914 2655 emanasse
928 2636 993 2656 nar-

203 2675 278 2701 rant:
295 2676 325 2698 ut
341 2675 368 2698 ct
382 2670 478 2704 ﬂuvias
492 2669 627 2698 defecisse
638 2678 645 2701 ;
658 2677 719 2698 cum
738 2677 753 2699 a
771 2672 873 2707 populo
895 2672 992 2702 Iorda-

1053 929 1190 964 βασιλείας
1203 931 1257 958 τῶν
1272 932 1396 967 οὐρανῶν
1410 932 1460 965 τὰς
1480 934 1584 961 ἑαυτῶν
1601 934 1776 970 άναρτῶντας
1797 935 1841 962 ἐλ-

1052 975 1141 1008 πίδας.
1160 975 1238 1003 Οὕτω
1253 976 1411 1014 θαυμαστὴν
1423 979 1437 1005 ὁ
1449 978 1515 1011 Θεὸς
1528 981 1556 1006 ὲν
1571 979 1677 1006 ἔθνεσιν
1690 980 1778 1007 ἐποίει
1794 989 1842 1016 με·

1051 1022 1178 1058 ταϐολήν.
1201 1023 1406 1060 Ὑδραγωγοὺς
1430 1025 1458 1051 δὲ
1475 1026 1538 1057 τοὺς
1554 1026 1603 1062 τῆς
1626 1026 1788 1062 Ἑκκλησίας
1800 1027 1841 1053 δι-

1051 1070 1204 1103 δασκάλους
1230 1071 1372 1104 ἐκάλεσεν,
1397 1071 1422 1099 οἳ
1444 1071 1570 1108 καθάπερ
1584 1073 1616 1099 ὲκ
1635 1073 1732 1108 πηγῶν
1746 1081 1775 1099 τε
1792 1073 1841 1100 καὶ

1051 1117 1194 1152 ποταμῶν,
1208 1116 1254 1144 τὸν
1265 1118 1314 1153 τῆς
1330 1117 1511 1145 θεοπνεύστου
1524 1119 1636 1155 Γραφῆς
1650 1119 1690 1150 εις
1707 1119 1770 1146 νοῦν
1784 1120 1840 1146 εἰσ-

1050 1162 1227 1198 οικησάμενοι
1254 1163 1350 1198 λόγον,
1375 1164 1423 1191 καὶ
1448 1165 1489 1197 είς
1514 1164 1624 1200 ἑτέρους
1645 1164 1727 1192 αὐτὸν
1751 1173 1842 1201 παραυ

1050 1207 1218 1242 πέμπουσιν,
1248 1208 1287 1240 ὼς
1314 1209 1349 1235 ἂν
1373 1209 1460 1244 ἔχοιεν
1482 1209 1526 1236 διὰ
1555 1210 1605 1244 μὲν
1631 1209 1778 1242 πολιτείας,
1808 1209 1840 1236 τὸ

1050 1253 1188 1289 εὖοσμονξι·
1203 1253 1248 1281 διὰ
1267 1254 1296 1282 δὲ
1310 1255 1361 1290 τῆς
1382 1255 1487 1291 ἀποχῆς
1500 1255 1556 1282 τῶν
1571 1255 1711 1291 κοσμικῶν
1727 1255 1839 1291 ἡδονῶν,

1050 1300 1080 1327 τὸ
1091 1301 1130 1335 μὴ
1142 1300 1302 1336 φθείρεσθαι
1314 1310 1322 1317 ·
1335 1301 1379 1329 διὰ
1394 1301 1422 1328 δὲ
1435 1302 1486 1338 τῆς
1501 1302 1652 1334 εὐσταθοῦς
1667 1303 1714 1329 καὶ
1729 1301 1841 1338 βεὸαίας

1050 1347 1080 1373 ἑν
1100 1346 1204 1373 ἅπασιν
1225 1346 1319 1380 ἕξεως,
1336 1348 1367 1374 τὸ
1393 1348 1570 1384 ἐρριζῶσθαι,
1595 1349 1644 1376 καὶ
1670 1348 1764 1384 φέρειν
1784 1349 1841 1376 τῶν

1051 1391 1216 1426 πνευμάτων
1232 1392 1281 1422 τὰς
1306 1392 1470 1428 προσϐολάς.
1493 1393 1688 1429 Ὑποστηρίζει
1709 1393 1764 1429 γὰρ
1776 1394 1841 1426 τοὺς

1050 1436 1172 1469 δικαίους
1186 1437 1200 1463 ὁ
1214 1437 1325 1473 Κύριος.
1351 1438 1406 1465 Καὶ
1428 1438 1470 1464 δεῖ
1483 1438 1579 1466 τοῦτον
1600 1438 1686 1466 αἴτιον
1701 1438 1839 1474 ἡγεῖσθαι,

1051 1483 1099 1510 καὶ
1117 1482 1155 1518 μὴ
1168 1482 1255 1510 ταῦτα
1270 1483 1391 1519 νομίζειν
1407 1485 1557 1520 αὐτόματα.

1085 1574 1163 1606 Τινὲς
1180 1574 1209 1601 δὲ
1223 1575 1288 1609 περὶ
1301 1574 1352 1610 τῆς
1363 1575 1454 1610 πάσης
1470 1574 1576 1610 ἔφασαν
1591 1575 1707 1610 ρήσεως,
1721 1574 1758 1607 ὡς
1773 1575 1840 1602 ὕπο-

1051 1621 1200 1656 μιμνήσκει
1228 1621 1296 1653 Θεὸς
1319 1621 1366 1649 τὸν
1387 1621 1458 1648 κατὰ
1472 1621 1614 1657 προκοπὴν
1633 1621 1758 1656 Ἰσραὴλ
1779 1622 1840 1648 οταν

1050 1667 1094 1694 ἀεὶ
1106 1667 1174 1702 πρὸς
1187 1667 1269 1694 αὐτὸν
1280 1666 1329 1703 τὴν
1347 1667 1439 1702 σχέσιν
1452 1667 1600 1703 ἐκτήσατο,
1614 1667 1709 1695 τοῦτον
1732 1667 1841 1702 ἀνάψεις

1049 1714 1089 1750 τῷ
1125 1713 1208 1742 παντὶ
1236 1713 1333 1749 κόσμῳ
1374 1713 1500 1749 καθάπερ
1535 1714 1602 1749 δᾷδα
1636 1715 1838 1749 θεογνωσίας·

1056 1760 1186 1795 Ἀϐραὰμ
1212 1760 1262 1796 μὲν
1275 1759 1395 1792 καλέσας
1409 1760 1457 1787 ἀπ’
1472 1759 1558 1796 ἄκρου
1579 1760 1628 1795 τῆς
1649 1760 1701 1796 γῆς
1715 1781 1723 1795 ,
1747 1760 1777 1794 ἐξ
1791 1761 1840 1787 Αι-

1049 1806 1154 1840 γύπτου
1167 1805 1197 1832 δὲ
1209 1805 1321 1837 τούτους
1341 1805 1436 1841 ἐτέρου
1462 1805 1620 1841 ἐξελόμενος
1640 1805 1733 1839 ἄκρου
1748 1805 1795 1832 καὶ
1809 1806 1840 1833 ὲν

1048 1850 1125 1879 πᾶσι
1139 1855 1155 1875 Υ
1168 1850 1356 1887 λογισάμενος.
1371 1851 1512 1879 Τοσούτων
1524 1849 1570 1879 οὖν
1582 1851 1703 1886 γεγονὼς
1714 1851 1743 1878 ὲν
1755 1851 1838 1886 πείρᾳ

1049 1896 1208 1932 θαυμάτων,
1223 1896 1318 1933 θάῤῥει
1329 1904 1336 1912 ⁸
1353 1897 1407 1924 κᾶν
1431 1896 1517 1924 πολλά
1529 1905 1559 1924 σε
1576 1897 1639 1932 ἔθνη
1663 1896 1836 1933 περικυκλοῖ⁹

1050 1943 1087 1979 μὴ
1102 1942 1216 1970 πλανῶ.
1239 1942 1310 1978 Ἐγὼ
1333 1943 1388 1978 γὰρ
1412 1943 1426 1970 ὀ
1442 1943 1505 1975 τοὺς
1522 1943 1584 1974 σοὺς
1612 1943 1726 1979 ἐχθροὺς
1742 1943 1836 1978 μετελ-

1048 1988 1113 2021 θὼν,
1134 1988 1187 2015 κᾶν
1210 1988 1300 2023 ἕτεροι
1322 1989 1442 2022 φανεῖεν,
1471 1989 1511 2020 είς
1524 1988 1600 2016 οὐδὲν
1619 1989 1834 2024 λογισθήσονται.

1054 2034 1125 2061 Ἀλλ’
1147 2034 1212 2066 ίσως
1235 2033 1360 2067 δειλιᾷς,
1375 2033 1425 2069 τὴν
1441 2034 1491 2069 σὴν
1506 2033 1651 2069 ὀλιγότητα
1668 2034 1774 2070 βλέπων
1788 2034 1837 2062 καὶ

1047 2080 1102 2108 τῶν
1114 2079 1288 2108 κυκλούντων
1300 2079 1331 2106 τὸ
1354 2079 1468 2114 πλῆθος.
1487 2079 1567 2106 Ἀλλὰ
1582 2080 1631 2115 τὴν
1652 2079 1722 2115 ἐμὴν
1738 2080 1836 2107 σκόπει

1044 2126 1204 2160 βοήθειαν,
1220 2125 1254 2153 δι’
1267 2122 1302 2162 ἧς
1313 2125 1484 2160 κατακόψετε
1497 2125 1559 2156 τοὺς
1583 2125 1644 2152 καθ’
1663 2125 1740 2160 ὑμῶν
1751 2126 1838 2161 ἐπαρ-

1047 2171 1153 2204 θέντας,
1167 2171 1205 2203 ὠς
1228 2170 1311 2205 ὄρεσι
1324 2170 1372 2200 καὶ
1382 2170 1510 2206 βουνοῖς
1525 2169 1733 2201 ἀπεικάζεσθαι.
1747 2169 1837 2204 Ὅπερ

1011 2205 1033 2234 D
1047 2215 1158 2243 ἐπὶτῶν
1181 2219 1241 2252 ρπε¹
1257 2215 1383 2251 χιλιάδων
1404 2215 1458 2242 τῶν
1480 2214 1629 2250 Ἀσσυρίων
1651 2214 1768 2249 ἐγένετο,
1786 2223 1838 2250 μη-

1048 2261 1077 2288 δὲ
1103 2260 1308 2296 πολεμήσαντος
1327 2260 1445 2296 Ἰσραήλ.
1470 2260 1511 2286 Τὰ
1524 2260 1553 2287 δὲ
1571 2260 1635 2292 τοὺς
1658 2260 1771 2296 ἐχθροὺς
1788 2261 1837 2287 αὐ-

1047 2307 1102 2334 τῶν
1129 2306 1340 2342 καταληψόμενα
1367 2305 1441 2341 πάθη
1472 2305 1548 2341 δηλοί
1579 2306 1627 2333 τό·
1642 2305 1837 2341 Ζητήσουσιν

1046 2353 1136 2388 ὕδωρ,
1161 2353 1209 2380 καὶ
1220 2354 1276 2387 οὐκ
1293 2352 1469 2387 εὑρήσουσι.
1486 2352 1527 2380 Τὰ
1548 2352 1577 2379 δὲ
1590 2352 1654 2388 περὶ
1673 2351 1732 2378 τῶν
1746 2359 1838 2380 ποτα⁸

1044 2399 1111 2435 μῶν
1126 2399 1173 2426 καὶ
1192 2399 1239 2427 ἐπὶ
1260 2398 1310 2434 τῆς
1324 2398 1446 2433 ἱστορίας
1459 2398 1602 2432 γεγονέναι
1614 2398 1708 2432 φασιν,
1731 2397 1769 2430 ὡς
1788 2397 1837 2424 καὶ

1045 2447 1148 2480 πέτρας
1163 2445 1335 2481 ἀκροτόμους
1352 2445 1504 2480 ἐκραγῆναι
1518 2445 1588 2479 πρὸς
1607 2443 1690 2471 ὕδατα
1701 2452 1709 2460 ο
1725 2443 1773 2470 καὶ
1788 2441 1836 2469 αὗ-

1045 2490 1086 2523 θις
1104 2490 1259 2526 ποταμοὺς
1275 2490 1408 2521 ἐκλιπεῖν,
1427 2489 1465 2521 ὡς
1485 2489 1531 2516 τὸν
1551 2489 1688 2524 Ἰορδάνην
1703 2488 1750 2515 τοῦ
1769 2487 1834 2515 λαοῦ

1043 2536 1238 2567 διαϐαίνοντος.
1256 2536 1289 2562 Ὃ
1301 2535 1351 2562 καὶ
1363 2536 1380 2571 η
1392 2534 1514 2563 θάλασσα
1528 2534 1665 2566 παθοῦσα,
1676 2533 1745 2569 πρὸς
1759 2533 1835 2560 ἀναί-

1045 2592 1119 2620 ρεσιν
1135 2581 1214 2615 αὖθις
1228 2584 1282 2610 τῶν
1294 2582 1452 2617 Αἰγυπτίων
1477 2581 1585 2618 ἐχέετο·
1601 2581 1626 2608 οἳ
1643 2581 1690 2607 καὶ
1703 2579 1834 2614 ὲξεϐράσε

1048 2640 1137 2664 σοντο,
1165 2631 1216 2658 οὐκ
1240 2631 1286 2662 (et;
1318 2630 1402 2665 ἄμφω
1439 2629 1488 2664 τῆς
1516 2627 1653 2663 θαλάσσης
1682 2626 1716 2653 τὰ
1745 2627 1832 2661 μέρη,

1047 2679 1105 2706 ἀλλ’
1128 2678 1192 2705 ἔνθα
1219 2675 1254 2714 ἦν
1275 2677 1401 2713 Ἰσραῆλ-
1415 2676 1453 2708 ὠς
1478 2675 1512 2704 ἂν
1534 2673 1653 2710 ὁρῶντες
1676 2672 1834 2709 θαρῤήσωσι

239 2761 261 2778 ⁸⁸
275 2762 355 2790 toan.
366 2770 402 2794 Iv,
424 2762 467 2790 15.
505 2763 528 2780 ⁸ο
541 2763 621 2792 Joan.
634 2772 681 2796 vu,
694 2765 737 2793 38.
777 2767 800 2783 "
813 2767 866 2796 lsa.
882 2774 986 2800 XXXVI],
997 2767 1042 2795 56.

857 2823 972 2852 VARLE
991 2821 1193 2853 LECTIONES.

238 2864 251 2882 ι
268 2856 478 2894 γρ.διηρμένον,
517 2861 530 2881 Υ
544 2865 587 2892 πη.
599 2857 627 2884 ὲν
639 2857 730 2885 παισί.
