2002 3078
200 155 269 188 2361

765 162 1034 193 COMMENTARII
1047 163 1089 195 IN
1103 164 1246 196 ISAIAM.

1757 170 1830 202 2362

197 211 342 247 λέγοντες·
362 209 446 245 Οὗτός
480 221 532 248 μου
560 213 627 246 Θεὸς
655 215 670 242 6
702 215 834 251 πρότερον
860 216 989 243 ἀπιστού-

1044 224 1092 245 nes
1105 218 1164 252 ipse
1192 218 1327 254 trajectus
1349 223 1402 248 est.
1434 219 1508 248 idem
1535 226 1665 255 praeterea
1695 225 1723 249 et
1753 229 1829 250 mare

199 266 291 293 μενος.

1041 269 1153 298 passum
1166 271 1315 299 esse,cum
1333 273 1443 293 rursum
1461 266 1496 294 ad
1524 266 1656 294 delendos
1683 267 1830 303 {Egyptios

197 306 313 333 ellitsum
324 310 377 338 est.
389 306 436 341 qui
454 314 509 335 non
519 311 637 344 utroque
657 308 743 337 maris
764 308 867 340 littore.
883 309 931 336 sed
945 317 976 337 ea
996 313 1103 338 tantum
1119 315 1207 346 parte,
1233 312 1261 340 in
1286 320 1339 348 qua
1364 317 1420 340 tum
1459 314 1644 341 versabantur
1687 313 1829 347 lsraelitae,

198 351 490 388 ebullierunt";quo
511 361 568 381 rem
597 355 774 390 contemplati
807 354 989 388 conﬁderent,
1009 364 1128 392 eumque
1140 357 1197 393 jam
1228 358 1314 386 Deum
1341 366 1422 386 suutn
1456 365 1530 391 esse,
1569 359 1614 386 cui
1640 357 1721 385 Iidem
1753 359 1831 394 prius

197 397 376 434 denegat-ant,
398 399 601 433 proﬁterentur.

232 443 335 483 κα-κθί.
356 443 476 478 Ἐγγιζει
501 445 519 478 ὴ
535 445 633 479 κρίσις
644 445 737 479 ὑμῶν,
747 445 829 481 λέγει
842 447 950 481 Κύριος
971 447 987 474 ὁ

200 489 280 521 Θεός.
299 489 447 524 ἨΠ-ισαν
466 491 495 516 al
511 490 624 522 ,βουλαὶ
650 491 744 525 ὑμῶν,
766 492 848 527 λέγει
868 494 885 520 ό
895 493 989 525 ,βασι-

198 534 271 567 λεὺς
295 534 404 562 Ἰακώϐ.
425 536 648 570 Ἐπισάτωσαν
661 537 709 564 καὶ
723 537 989 573 ᾶναγγειλάτωσαν

198 580 271 615 ὑμῖν
285 580 306 608 d
322 581 519 615 συμϐήσεται,
542 581 561 616 ἢ
587 582 623 609 τὰ
644 584 790 618 πρότερον
812 584 880 611 τινα
893 582 934 620 ἦν
947 585 989 611 εῖ-

199 632 285 659 πατε,
301 625 351 653 καὶ
372 625 578 661 ἐπιστήσομεν
596 627 652 654 τὸν
660 627 746 661 νοῦν,
760 627 811 655 καὶ
832 628 989 664 γνωσώμε-

200 673 247 704 θα,
267 673 296 699 τι
308 671 344 699 τὰ
361 672 487 707 ἔσχατα,
501 673 549 700 καὶ
564 673 602 701 τὰ
616 673 811 709 ἐπερχόμενα,
826 684 854 702 κ.
868 683 894 702 τ.
909 675 935 702 λ.

237 719 328 747 Εἰπὼν
343 719 393 755 τῆς
421 721 485 756 πρὶν
500 721 604 756 ἐρήμου
618 721 669 757 τὴν
689 722 736 749 ἐπὶ
751 722 781 749 τὸ
801 724 924 758 κρεῖττον
939 731 988 758 με-

199 765 328 802 ταὸολὴν,
353 765 396 799 ἐφ’
417 766 510 802 ἕτερον
537 767 695 801 μεταϐαίνει
717 767 822 803 τάγμα,
841 768 856 794 ὃ
879 769 913 804 τῇ
933 768 987 795 τῶν

200 810 317 838 εἰδώλων
332 812 510 846 ὲγκατὲμεινε
533 811 632 848 πλάνῃ,
651 812 689 848 μὴ
705 813 855 848 ἑπιστῆσαν
868 813 910 840 ὅτι
927 813 987 848 χεὶρ

200 856 303 892 Κυρίου
319 857 447 893 ἐποίησεν
466 856 563 885 ταῦτα.
592 858 675 885 Οὐδὲν
693 855 740 885 οὖν
765 858 829 893 ὑμῖν
855 858 872 894 ἦ
901 859 986 885 κατά·
1003 850 1025 878 Β

199 910 290 937 κρισις
314 902 451 934 λείπεται,
468 902 518 937 τῆς
542 902 677 936 τοσαύτης
701 903 916 939 ἀναισθητήσασι
939 905 988 939 χά-

201 956 283 982 ριτος.
306 947 352 974 Διδ
376 948 515 981 ἐπιλέγει·
534 948 680 983 Ἠγτισαν
702 950 732 976 αι
755 949 868 981 ,βουλαὶ
893 949 985 985 ὑμῶν.

205 992 277 1019 ’Λνθ“
301 992 332 1019 οὒ
349 993 504 1028 Σύμμαχος·
528 994 691 1029 Ἐγγισατε,
707 995 785 1030 φησὶ,
815 995 851 1022 τὰ
877 995 987 1030 ισχυρὰ

199 1037 292 1071 ὑμῶν.
312 1038 341 1065 Ὁ
357 1038 386 1065 δὲ
410 1038 576 1066 Θεοδοτιων·
604 1040 642 1067 Τὰ
664 1039 879 1076 κραταιώματα.
902 1041 932 1067 Ὀ
959 1041 987 1068 δὲ

204 1083 323 1115 Ἀκύλας
341 1092 349 1101 ⁸
381 1084 557 1118 Ὀστεὼσεις
576 1090 600 1104 ι’
626 1086 699 1113 τοῦτ⁹
723 1086 792 1119 ἔστι,
815 1088 879 1119 τοὺς
907 1087 986 1119 θεοὺς

199 1129 277 1165 ὑμῶν
305 1131 346 1162 εἰς
375 1129 406 1157 τὸ
449 1131 531 1167 μέσον
564 1131 694 1167 ἀγάγετε.
730 1132 824 1165 Οὕτως
855 1133 990 1169 ἑρμήνευ-

200 1183 309 1203 σαν.....

492 1222 615 1251 ΚΕΦΛΛ.
635 1223 702 1250 ΜΒ’.

235 1265 302 1295 α-θ¹.
325 1267 432 1294 Ἰακὼϐ
445 1268 462 1295 ὁ
482 1267 553 1301 παῖς
564 1277 636 1303 μου,
661 1269 865 1304 ἀντιλήψομαι
883 1269 988 1297 αὐτοῦ.

207 1312 332 1347 Ἰσραὴλ
351 1313 367 1340 ὁ
377 1313 520 1348 ἐκλεκτός
533 1322 604 1348 μου,
634 1315 837 1348 προσεδέξατο
861 1316 954 1342 αὑτὸν
970 1316 990 1350 ὴ

201 1359 287 1394 ψυχή
301 1360 503 1394 μου.¹¹Ε’δωκα
534 1360 567 1388 τὸ
598 1360 717 1396 πνεῦμά
729 1370 788 1396 μου
815 1362 861 1388 ἐπ’
886 1361 989 1394 αὐτὸν,

202 1404 303 1438 κρίσιν
316 1404 379 1437 τοῖς
396 1403 519 1432 ἔθνεσιν
543 1405 670 1437 ἐξοίσει·
686 1407 723 1433 οὐ
746 1406 931 1440 κεκράξεται,
954 1407 991 1433 οὐ

202 1450 236 1477 δὲ
249 1449 368 1485 ἀνήσει,
384 1449 457 1477 οὐδὲ
469 1450 694 1485 ἀκουσθήσεται
715 1451 774 1484 ἔξω
799 1452 819 1486 ἠ
840 1452 926 1487 φωνὴ
939 1452 993 1480 αὺ-

203 1495 268 1527 τοῦ,
286 1504 313 1523 κ.
326 1504 352 1523 τ.
373 1495 398 1523 λ.

339 1560 346 1569 .
385 1541 610 1577 προεπήγγελται
649 1541 753 1575 λέγων·
791 1542 892 1578 Ἀρχὴν
921 1541 991 1569 Σιὼν

203 1585 292 1613 δώσω,
309 1586 364 1612 Καὶ
377 1586 442 1613 ποία
455 1594 497 1618 τις
516 1585 597 1621 αὕτη,
613 1586 708 1621 σαφῶς
722 1586 896 1622 ἐπενήνοχεν.
910 1586 991 1621 Λέγε-

203 1641 248 1658 ται
261 1631 316 1668 γὰρ
327 1632 372 1658 ἐπὶ
386 1631 435 1667 τὴν
455 1631 619 1667 Ἐκκλησίαν
629 1632 670 1664 εις
680 1632 767 1667 ἀρχὴν
780 1632 914 1666 δεδόσθαι,
924 1632 992 1659 καθὸ

203 1677 315 1712 γέγονεν
330 1677 484 1712 ἄνθρωπος,
510 1677 540 1704 τὸ
556 1678 627 1704 κατὰ
641 1677 750 1704 πάντων
773 1678 874 1712 κράτος
889 1677 990 1713 λαχών.

204 1723 250 1750 Διὸ
275 1723 323 1750 καὶ
346 1723 446 1750 Ἰακὼϐ
472 1723 563 1756 αὐτὸν,
584 1723 621 1754 ὡς
636 1722 666 1755 ἐξ
688 1723 803 1757 αἵματος
827 1723 951 1757 Ἰσραὴλ
961 1723 992 1750 τὸ

204 1769 276 1796 κατὰ
290 1768 379 1804 σάρκα
402 1769 535 1803 γεγονότα
553 1768 639 1795 καλεῖ.
663 1768 879 1803 Ἀντιλήψομαι
890 1768 930 1801 δὲ,
941 1777 992 1804 φη-

206 1815 258 1848 σὶν,
274 1815 379 1843 αὐτοῦ.
409 1814 606 1850 Συνειργάζετο
632 1815 686 1850 γὰρ
706 1815 721 1841 6
746 1814 840 1850 Πατὴρ
852 1814 937 1850 αὐτῷ,
954 1814 992 1846 ὡς

205 1861 248 1888 διὰ
264 1860 405 1896 δυνάμεως
423 1860 492 1892 ιδίας
504 1860 709 1896 μεγαλουργῶν.
721 1860 799 1887 Ἔστι
813 1860 841 1887 δὲ
855 1860 903 1887 καὶ
916 1860 992 1888 ἀπό-

204 1907 322 1938 λεκτος,
335 1905 376 1932 ὅτι
387 1905 435 1932 καὶ
450 1906 549 1940 ὡραῖος
573 1905 666 1932 κάλλει
681 1905 756 1941 παρὰ
771 1905 834 1937 τοὺς
853 1906 926 1938 υἱοὺς
938 1905 992 1932 τῶν

205 1949 367 1986 ἀνθρώπων.
386 1951 440 1977 Καὶ
466 1950 660 1985 παρὰδεκτος,
674 1951 712 1982 ὡς
728 1951 915 1986 ὴγαπημένος.
940 1951 992 1977 Εὑ-

205 1995 303 2029 δόκησε
315 1995 368 2030 γὰρ
379 1995 392 2021 ὁ
410 1994 504 2030 Πατὴρ
532 1995 561 2022 ἐν
579 1994 653 2030 αὐτῷ
675 1995 778 2029 λέγων·
794 2004 803 2021 ι
823 1992 908 2027 Οὗτός
918 1995 993 2023 ἐστιν

205 2042 219 2068 6
231 2041 293 2073 Υἱός
309 2050 361 2076 μου
374 2043 388 2068 6
404 2041 556 2076 ἀγαπητὸς,
585 2042 615 2069 ὲν
629 2038 651 2075 ᾧ
672 2041 816 2077 εὐδόκησα.
833 2051 843 2067 ι
864 2041 994 2077 Χριπθεὶς

206 2087 246 2120 δὲ,
268 2087 339 2113 κατὰ
364 2087 396 2114 τὸ
425 2086 604 2122 ἀνθρώπινον,
628 2087 827 2122 μετεσχηκέναι
843 2086 890 2113 τοῦ
915 2087 993 2121 ἁγίου

208 2133 366 2168 Πνεύματυς
382 2133 503 2167 λέγεται,
520 2134 610 2160 καίτοι
624 2133 655 2160 τὸ
673 2133 795 2168 Πνεῦμα
814 2132 927 2166 διδοὺς,
946 2132 994 2160 καὶ

1071 446 1152 482 462
1161 445 1245 475 Vens.
1256 446 1351 475 21-29.
1360 446 1695 482 Appropinquarjudicium
1704 452 1829 479 uestrum.
1884 459 1887 461 >
1928 454 1931 456 ’

1037 492 1101 519 dicit
1117 492 1247 520 Dominus
1274 492 1355 520 Deus.
1370 493 1621 528 Appropinquarunt
1642 492 1755 520 tonsilia
1787 501 1831 521 v6-

1038 543 1105 569 stra,
1117 538 1182 565 dicit
1202 546 1248 565 rea:
1262 537 1355 564 Iacob.
1374 538 1599 572 Appropinquent,
1617 543 1640 564 et
1670 538 1829 565 annuntient

1039 584 1110 611 vobis
1119 591 1177 618 qute
1189 589 1297 611 ventura
1310 589 1382 615 sunt,
1396 588 1441 610 aut
1454 585 1545 618 priora
1558 592 1617 619 quia
1630 589 1716 615 erant,
1739 584 1829 617 dicite,

1042 634 1066 657 et
1083 636 1195 656 mentem
1211 628 1385 661 advertemus.
1402 635 1428 656 et
1449 637 1632 665 cognoscemus
1644 637 1703 664 qua:
1724 629 1830 662 ultima,

1041 681 1066 703 et
1081 684 1140 711 qua:
1154 680 1274 707 ventura,
1287 679 1340 702 etc.

1077 720 1142 747 Post
1151 720 1306 748 absolutum
1319 719 1353 746 de
1363 718 1474 753 regione
1486 725 1639 745 sermonem
1652 724 1713 752 qua:
1723 717 1830 744 deserta

1042 765 1107 793 olim
1121 765 1177 800 jam
1193 764 1292 792 melior
1314 758 1459 796 evaserat';
1476 763 1509 790 ad
1532 763 1615 790 alium
1634 769 1729 790 eorum
1758 770 1832 790 nunc

1042 810 1141 837 transit
1155 809 1289 841 ordinem,
1304 809 1351 844 qui
1366 808 1501 835 idolorum
1515 815 1608 836 errore
1621 807 1740 834 nondum
1757 808 1831 842 posi-

1040 859 1077 888 to,
1100 854 1152 882 ista
1182 862 1264 883 manu
1284 853 1391 881 Domini
1419 853 1491 881 facta
1508 860 1569 881 esse
1596 853 1751 889 ignorabat.
1771 851 1832 880 Una

1038 900 1119 936 igitur
1134 899 1223 933 vobis,
1241 899 1338 934 inquit,
1356 903 1479 933 superest
1506 897 1707 930 condemnatio,
1720 898 1768 933 qui
1797 897 1832 925 ad

1038 947 1141 973 tantam
1153 943 1267 978 gratiam
1287 942 1499 977 obstupescatis.
1511 942 1600 977 Atque
1612 942 1676 969 hinc
1691 947 1743 975 est,
1758 942 1832 977 quod

1038 989 1283 1024 appropinquarunt
1296 980 1409 1015 consilia
1424 993 1511 1015 vestra
1524 988 1683 1023 subjungit;
1701 991 1750 1023 pro
1770 988 1832 1023 qui-

1038 1036 1092 1063 bus
1104 1036 1312 1070 appropinquate
1328 1035 1410 1069 fortia
1421 1038 1507 1062 vestra
1523 1033 1721 1069 Symmachus;
1736 1034 1830 1068 ﬁrma-

1041 1087 1129 1109 menta
1136 1081 1287 1109 Theodotio
1297 1089 1304 1115 ;
1316 1081 1470 1116 fulcimenta
1480 1081 1604 1116 Aquilas,
1613 1079 1828 1107 transtulerunt:

1040 1129 1119 1164 quasi
1135 1127 1203 1156 Deos
1219 1128 1247 1155 in
1260 1127 1379 1155 medium
1397 1127 1521 1163 proferre
1543 1126 1668 1162 jubeant.
1682 1125 1729 1154 Sic
1746 1126 1830 1154 inter-

1038 1174 1136 1209 pretati
1150 1176 1225 1202 sunt.
1247 1194 1254 1201 .
1277 1193 1285 1200 .
1307 1192 1315 1201 .
1336 1191 1344 1200 .
1365 1191 1374 1200 .

1339 1216 1417 1246 CAP.
1436 1216 1519 1245 XLII.
1574 1219 1578 1222 ”

1075 1263 1155 1300 463
1173 1263 1257 1291 Vnus.
1274 1263 1334 1291 1-9.
1360 1262 1444 1290 Iacob
1473 1270 1538 1298 puer
1564 1270 1659 1295 meus,
1691 1261 1832 1296 suscipiam

1039 1319 1097 1338 eum
1106 1319 1116 1343 ;
1130 1309 1217 1338 Israel
1230 1310 1326 1337 electus
1344 1317 1427 1342 meus,
1442 1308 1556 1343 suscepit
1575 1316 1634 1335 eum
1658 1307 1747 1335 anima
1763 1315 1832 1334 mea.

1042 1355 1109 1383 Dedi
1130 1356 1252 1390 spiritum
1266 1364 1351 1382 meum
1371 1363 1450 1390 super
1469 1353 1686 1382 eunt.Judicium
1711 1352 1832 1388 gentibus

1041 1400 1215 1435 educet.[Non
1227 1402 1363 1435 clamabit,
1381 1409 1463 1437 neque
1480 1401 1605 1434 dimittet,
1617 1408 1697 1436 neque
1711 1399 1834 1426 audietur

1043 1448 1109 1482 foris
1124 1455 1174 1475 vos:
1189 1447 1258 1483 ejus,
1273 1451 1328 1476 etc.

1078 1538 1162 1574 1.64.
1184 1557 1192 1566 .

1214 1557 1223 1566 .
1245 1558 1252 1566 .
1275 1557 1282 1565 .
1309 1536 1506 1566 Praenuntiavit
1528 1535 1624 1564 dicens
1649 1544 1656 1564 :
1687 1533 1834 1569 imperium

1027 1586 1120 1618 .Sioni
1137 1585 1220 1613 dabo.
1241 1583 1343 1612 Deinde
1372 1583 1512 1618 quodnam
1543 1582 1611 1610 illud
1633 1584 1718 1613 esset,
1741 1583 1835 1615 aperte

1043 1631 1144 1659 intulit.
1158 1630 1263 1658 Dicitur
1275 1630 1347 1657 enim
1367 1629 1401 1656 ad
1422 1628 1553 1656 Ecclesiae
1578 1627 1723 1662 imperium
1741 1626 1834 1658 datus,

1042 1682 1177 1712 quatenus
1191 1677 1274 1703 homo
1294 1675 1383 1703 factus
1399 1681 1534 1703 summam
1548 1673 1575 1701 in
1595 1680 1691 1700 omnes
1712 1676 1835 1707 potesta-

1043 1727 1096 1750 tem
1106 1722 1233 1750 obtinuit.
1250 1721 1343 1756 Itaque
1358 1724 1385 1748 et
1405 1720 1488 1747 Iacob
1514 1720 1615 1755 ipsum,
1633 1723 1761 1754 tanquam
1788 1717 1836 1753 qui

1045 1769 1078 1796 de
1095 1768 1229 1803 sanguine
1241 1766 1330 1794 Israel
1344 1766 1496 1795 secundum
1516 1772 1627 1793 carnem
1643 1768 1723 1792 natus
1750 1768 1836 1796 esset,

1043 1813 1200 1849 appellavit.
1225 1812 1328 1839 Deinde
1354 1811 1496 1846 suscipiam
1524 1818 1584 1838 eum
1608 1809 1718 1844 adjecit.
1749 1807 1837 1835 Simul

1043 1861 1116 1888 enim
1131 1867 1194 1887 cum
1208 1866 1241 1887 eo
1254 1858 1336 1886 Pater
1358 1857 1541 1893 operabatur;
1570 1860 1699 1891 tanquam
1725 1854 1837 1890 propria

1043 1908 1146 1934 virtute
1159 1909 1186 1933 et
1199 1904 1321 1940 potentia
1347 1912 1392 1932 res
1410 1911 1524 1939 magnas
1549 1906 1670 1938 pararet.
1692 1902 1740 1929 Est
1771 1907 1837 1927 vero

1044 1952 1247 1984 etiamelectus,
1278 1954 1409 1985 tanquam
1437 1948 1484 1984 qui
1510 1947 1605 1975 forma:
1630 1944 1838 1982 puleltritudine

1044 1998 1174 2026 mortales
1190 2004 1288 2025 omnes
1299 1999 1496 2030 exsuperat‘et;
1515 1998 1543 2021 et
1559 1997 1692 2027 acceptus,
1706 1995 1838 2025 tanquam

1044 2045 1091 2080 qui
1111 2044 1278 2078 diligeretur.
1297 2041 1403 2069 Placuit
1419 2041 1494 2068 enim
1517 2039 1603 2072 Patri,
1624 2039 1670 2073 qui
1686 2038 1721 2065 de
1746 2044 1780 2064 eo
1808 2036 1837 2063 in

1045 2091 1118 2118 hunc
1131 2089 1242 2116 modum
1253 2088 1363 2116 locutus
1380 2094 1442 2115 esse
1454 2086 1572 2121 legitur:
1595 2093 1605 2110 ‹
1624 2083 1675 2111 llic
1687 2087 1730 2111 est
1749 2081 1837 2110 Filius

1046 2143 1123 2163 meus
1138 2134 1265 2167 dilectus,
1283 2133 1310 2160 in
1326 2140 1382 2168 quo
1404 2129 1557 2167 complacui
1572 2130 1605 2157 ⁵³.
1622 2138 1631 2155 ι
1650 2128 1758 2156 Unetus
1786 2135 1836 2154 au-

208 2179 329 2214 ἀγιάζων
343 2179 392 2214 τὴν
403 2178 502 2206 κτίσιν.
533 2177 714 2205 Βαπτισθέντι
729 2179 784 2214 γὰρ
807 2179 838 2205 τὸ
859 2178 991 2213 Πνεῦμα,

1046 2185 1111 2214 tem,
1127 2178 1278 2208 secundum
1293 2177 1503 2208 humanitatem,
1520 2174 1640 2210 Spiritus
1651 2171 1738 2201 sancti
1753 2171 1837 2199 etiam

207 2225 301 2261 φησὶν,
319 2225 511 2260 ὲπεφοίτησεν.
531 2224 660 2260 Ἐχρισθη
677 2224 704 2250 δὲ
711 2225 814 2258 κρίσιν
823 2223 924 2257 ὲξοίσαι
937 2225 994 2256 τοῖς

207 2271 321 2303 ἔθνεσιν,
337 2271 352 2297 6
364 2271 423 2298 ἐστι
436 2270 647 2306 δικαιοκρισιαν.
660 2269 825 2297 Δεδικαίωκε
852 2269 907 2305 γὰρ
926 2269 995 2297 αὐτὰ

207 2316 374 2352 κατακρίνας
404 2316 446 2344 τὸν
473 2316 709 2352 πλεονεκτήσαντα
733 2316 868 2348 Σατανᾶν,
883 2315 971 2350 λέγων
985 2322 993 2331 ”

210 2371 219 2388 ι
238 2361 297 2391 Νῦν
309 2362 399 2399 κρίσις
412 2362 472 2389 ἐστὶ
488 2361 536 2389 τοῦ
559 2361 662 2397 κόσμου
684 2360 791 2389 τούτου.
807 2361 866 2390 Νῦν
877 2362 891 2388 6
904 2361 998 2397 ἄρχων

207 2407 255 2435 τοῦ
282 2408 387 2443 κόσμου
410 2408 505 2435 τούτου
530 2407 732 2443 ἐκϐληθήσεται
755 2408 818 2442 ἔξω.
840 2407 926 2443 Κάγὼ
949 2408 997 2434 ἐὰν

208 2453 308 2489 ὑψωθῶ
319 2454 420 2490 ὲκγῆς,
435 2453 539 2486 πάντας
550 2453 657 2481 ἑλκύσω
669 2454 736 2489 πρὸς
747 2454 879 2489 ἐμαυτόν.
894 2463 903 2480 ι
916 2453 996 2487 Εἶτα,

208 2499 359 2535 ἐπειδήπερ
382 2499 501 2534 ἡσύχως,
516 2500 564 2526 καὶ
578 2499 673 2534 πράως
687 2499 734 2527 τὸν
747 2499 920 2535 ἀνθρώπινον
934 2499 996 2527 διώσ-

208 2544 286 2572 δευσε
301 2545 370 2580 βίον,
386 2546 416 2573 ιν
429 2545 523 2580 ὑφέσει
537 2545 635 2581 πολλῇ,
660 2545 728 2581 μηδὲ
749 2547 807 2578 τοῖς
823 2545 996 2582 θραπιυομέ-

208 2601 264 2624 νοις
275 2592 411 2628 φανεροῦν
425 2592 581 2628 ἐπιτρέπων
597 2592 691 2626 αὐτὸν,
701 2593 762 2619 οὐκ
771 2592 889 2626 ἀνήσει,
904 2591 998 2627 φησιν,

209 2637 280 2664 οὐδὲ
291 2637 514 2671 ἀκουσθήσεται
531 2638 589 2670 ἔξω
606 2637 626 2671 ’ή
649 2638 735 2673 φωνὴ
751 2638 854 2666 αὐτοῦ.
872 2637 999 2673 Οὐδαμοῠ

209 2683 264 2719 γὰρ
275 2682 328 2715 ἔξω
340 2684 389 2719 τῆς
406 2684 536 2716 Ἰουδαίας
548 2684 596 2712 καὶ
609 2684 754 2717 Γαλιλαίας
763 2682 998 2721 eamne/svium:

245 2771 270 2788 “
283 2770 379 2800 Matth.
394 2779 436 2805 ιιι,
452 2772 506 2807 l7;
525 2772 592 2809 X\'ll,
604 2773 631 2801 5.
670 2773 780 2801 "Joan.
797 2781 847 2806 xu,
864 2772 908 2806 51,
921 2771 966 2801 32.

1042 2226 1179 2262 particeps
1191 2232 1253 2254 esse
1272 2223 1394 2256 dicitur;
1416 2227 1572 2257 quanquam
1592 2223 1620 2248 et
1644 2218 1766 2253 spiritum
1781 2216 1838 2243 lar-

1042 2272 1103 2308 giri,
1119 2279 1182 2299 cum
1197 2274 1288 2298 creata
1303 2269 1466 2301 sanctiﬁcat,
1486 2267 1606 2294 dicatur.
1623 2264 1652 2292 In
1668 2271 1730 2291 eum
1753 2262 1838 2296 enim,

1043 2325 1106 2345 eum
1126 2318 1289 2352 tingeretur,
1303 2316 1351 2348 ait,
1375 2314 1492 2349 Spiritus
1520 2313 1634 2347 illapsus
1655 2314 1709 2339 est.
1731 2308 1838 2337 Unclus

1050 2366 1091 2390 est
1103 2369 1166 2390 vero
1182 2366 1213 2389 ut
1226 2361 1304 2397 justo
1317 2360 1420 2395 judicio
1439 2363 1534 2395 gentes
1550 2358 1577 2385 in
1589 2357 1743 2385 libertatem
1759 2361 1838 2382 asse-

1050 2410 1141 2435 reret:
1157 2406 1231 2441 quod
1248 2405 1282 2432 ab
1295 2412 1328 2433 eo
1341 2404 1443 2432 factum
1456 2408 1508 2437 est,
1528 2409 1591 2430 cum
1608 2399 1838 2429 contumeliosum

1049 2457 1078 2481 et
1089 2452 1292 2480 fraudulentum
1307 2450 1437 2478 Satanam
1451 2447 1645 2477 condemnavit
1660 2446 1702 2474 his
1720 2444 1810 2472 verbis
1823 2448 1837 2471 ‘:

1052 2509 1061 2527 ι
1075 2499 1154 2530 Nunc
1172 2497 1308 2534 judicium
1323 2501 1365 2526 est
1386 2496 1469 2532 hujus
1483 2494 1588 2523 mundi.
1607 2493 1686 2521 Nunc
1711 2491 1838 2527 princeps

1049 2545 1132 2581 hujus
1154 2544 1250 2572 mundi
1274 2543 1399 2579 ejicietur
1425 2542 1510 2571 foras.
1526 2540 1559 2567 Et
1573 2547 1635 2575 ego,
1647 2538 1672 2567 si
1701 2536 1838 2566 exaltatus

1051 2591 1128 2618 fuero
1145 2598 1160 2618 a
1177 2594 1260 2622 terra,
1275 2596 1372 2617 omnes
1391 2588 1497 2615 traham
1520 2585 1553 2614 ad
1577 2593 1620 2613 me
1634 2584 1667 2611 ".
1688 2593 1698 2610 ι
1722 2581 1837 2616 Deinde,

1050 2636 1180 2673 quoniam
1195 2636 1301 2671 placide
1326 2639 1354 2663 et
1378 2637 1521 2662 mansuete
1533 2632 1616 2660 vitam
1628 2631 1708 2659 istam
1735 2628 1837 2664 exegit,

1050 2689 1149 2718 magna
1173 2681 1307 2711 modestia
1322 2688 1357 2709 ne
1381 2680 1416 2710 iis
1444 2679 1556 2709 cuidem
1575 2685 1645 2715 quos
1680 2678 1836 2709 sanavcrat,

847 2828 964 2858 VARI/EE
984 2826 1186 2859 LECTlONES.

248 2868 259 2885 τ
271 2872 315 2901 γρ.
331 2863 500 2904 στερεώσεις.
