2002 3078
147 137 218 170 2363

807 151 984 184 PROCOPII
1003 154 1124 185 ΟΑΖᾹΞΙ

1707 159 1777 192 9364

146 201 176 222 se
190 194 248 229 ipse
263 196 352 230 palam
371 197 460 226 facere
486 200 657 237 permittens,
673 206 734 231 non‘
748 203 873 240 dimittet,
888 207 936 241 ait,

990 210 1017 237 δὲ
1031 211 1076 238 καὶ
1089 210 1170 247 μέχρι
1184 212 1237 239 τῶν
1251 213 1334 248 ὁρίων
1349 213 1438 250 Τύρου
1455 214 1502 241 καὶ
1522 214 1647 247 Σιδῶνος,
1664 215 1711 242 καὶ
1724 216 1776 250 τῆς

145 248 226 276 neque
239 242 364 270 audietur
375 252 424 272 vox.
436 245 504 280 ejus.
519 246 620 276 Nullibi
633 249 705 277 enim
719 255 797 279 extra
811 251 933 281 Iudaeam

145 289 172 313 et
188 286 325 316 Galilaeam
339 290 411 326 egit;
430 291 477 319 sed
490 292 524 319 ad
539 293 602 329 Tyri
624 302 722 331 usque,
755 301 783 325 et
811 298 932 332 Sidonis,

146 340 252 361 necnon
281 333 421 370 Caesareae,
440 345 501 372 qua:
528 338 644 376 Philippi
676 342 787 376 dicitur,
815 345 934 373 conﬁnia

146 382 263 413 tantum,
277 382 469 415 praetermissis
493 384 706 421 alienigenarum
727 389 852 422 urbibus,
870 399 934 426 pro-

145 431 256 459 gressus
277 430 319 454 est
333 428 366 455 ".
384 428 460 456 Adeo
481 435 583 465 autem,
597 432 696 468 inquit,
718 435 794 462 nullo
819 437 934 472 strepitu

145 471 335 505 pertransibit.
351 477 381 500 ut
396 474 521 504 inﬁrmus
537 478 664 511 maxime,
682 483 709 507 et
726 481 761 508 ob
773 481 800 508 id
820 471 934 510 contrito

147 517 252 543 calamo
263 524 448 553 comparatus,
460 521 554 550 dolore
572 524 626 552 ullo
641 533 696 553 non
712 526 846 556 adiciatur
857 550 864 562 ,
881 530 936 558 imo

146 569 181 589 ne
197 562 281 590 linunt
295 565 405 600 quidem
422 567 567 603 fumigans,
579 569 606 597 id
621 576 663 599 est
689 573 864 608 comburens,
888 584 936 603 ea:-

985 255 1119 284 Φιλίππου
1137 258 1315 293 Καισαρείας.
1353 259 1422 286 ’Δλλ’
1436 260 1487 287 οὐκ
1514 260 1604 287 αὐτῶν
1618 260 1705 295 ἐπέϐη
1720 260 1775 287 τῶν

986 301 1142 336 ἀλλοφύλων
1156 303 1271 330 πόλεων.
1284 303 1362 330 Οὕτω
1375 305 1414 337 δὲ,
1427 306 1520 340 φησὶν,
1537 305 1659 341 ἀψοφητὶ
1673 306 1776 333 διελεύ-

987 355 1075 381 σεται,
1092 348 1130 380 ὠς
1152 349 1219 384 μηδὲ
1249 349 1372 385 λυπῆσαι
1392 351 1437 378 τὸν
1454 351 1658 385 ἀσθενέστατον,
1671 352 1718 378 καὶ
1731 351 1776 379 διὰ

987 393 1066 420 τοῦτο
1080 394 1213 430 καλάμῳ,
1234 396 1281 423 καὶ
1297 396 1384 432 τούτῳ
1402 397 1594 432 τεθλασμένῳ
1610 396 1776 433 παρεικαζό-

989 448 1078 475 μενον.
1099 440 1168 467 Ἀλλ’
1180 441 1240 468 οὐδὲ
1254 442 1342 469 λίνον
1350 443 1529 470 κατασϐέσει
1548 443 1774 478 καπνιζόμενον.

988 484 1074 512 Τοῦτο
1088 486 1142 521 γὰρ
1159 486 1189 513 τὸ
1207 488 1387 523 τυφόμενον,
1407 488 1476 524 ὅπερ
1501 489 1624 525 ἄμαυρον
1642 489 1777 522 ἐξέδωκαν

985 531 1010 557 οἱ
1026 531 1125 559 λοιποί.
1139 532 1242 567 Δηλοῦν
1253 533 1280 559 δὲ
1293 533 1326 560 τὸ
1353 533 1441 560 λίνον
1453 534 1520 569 φασὶ
1535 535 1568 562 τὸ
1593 534 1776 569 τυφόμενον,

985 577 1032 604 τὸν
1048 578 1110 613 εικῆ
1122 579 1302 615 φυσιούμενον
1320 580 1372 606 ὑπὸ
1382 580 1429 607 τοῦ
1443 581 1503 613 νοὺς
1510 581 1559 616 τῆς
1571 580 1672 616 σαρκὸς
1681 579 1777 607 αὐτοῦ.

147 609 319 644 stinguatur;
335 615 408 647 quod
423 615 468 642 alii
482 616 621 644 evanidum
649 618 838 648 reddiderunt.
853 621 937 649 Aiunt

990 622 1027 649 Οὐ
1042 609 1167 650 ταπεινὸν
1178 609 1233 660 γὰρ
1244 624 1428 660 ὲλύπησεν,οΰ
1442 609 1574 662 μετῆλθεν
1590 609 1777 661 ὑπερηφανον,

148 662 212 682 νει-ο
226 663 275 690 per
308 657 442 694 [umigam
471 661 553 688 linum
581 670 642 690 eum
669 664 862 700 demonstrari,
889 667 935 702 qui

990 669 1059 704 πρὸς
1072 670 1176 703 πάντας
1188 670 1226 698 ὢν
1245 672 1342 707 πρᾶος,
1357 671 1405 698 καὶ
1421 673 1547 704 ταπεινὸς
1563 673 1596 708 τῇ
1613 672 1723 707 καρδίᾳ.

147 707 238 731 mente
266 704 357 732 carnis
370 712 427 733 sure
455 707 556 749 temere
580 708 754 739 intumescat.
771 711 831 740 Non
863 712 935 740 enim
954 718 1002 741 aut
1018 715 1240 750 humileaihesit,
1256 722 1303 745 aut
1316 718 1464 754 superbum
1497 719 1570 746 ultus
1598 723 1650 752 est,
1674 719 1721 754 qui
1748 719 1777 747 in

146 756 241 777 omnes
252 754 412 780 mansuetus
423 756 450 780 et
466 746 576 783 humilis
589 755 671 783 corde
683 755 743 784 fuit.

180 794 262 830 465
285 794 344 822 Νοιι
369 796 478 831 desunt,
496 799 543 834 qui
571 800 620 828 lini
637 801 793 838 [umiganlis
815 804 935 839 appella-

1024 805 1104 838 Τινὲς
1117 805 1146 833 δὲ
1159 806 1249 834 λίνον
1270 808 1451 843 τυφόμενον,
1479 807 1525 835 τὸν
1549 808 1643 844 γήϊνον
1673 809 1777 844 ἔφασαν

146 839 232 872 tione,
251 843 390 869 terrenum
419 843 559 872 hominem
587 845 673 874 velint
701 847 863 883 signiﬁcari,
887 850 934 885 qui

990 851 1144 887 ἄνθρωπον,
1160 852 1206 880 τὸν
1220 839 1322 888 ἀρετῆς
1379 839 1535 886 θεοσεὸείας
1554 839 1700 890 *σπινθῆρα
1712 855 1778 891 βραι

146 885 258 913 virtutis
274 886 364 915 adhuc
379 892 426 915 aut
441 889 550 924 pietatis
570 891 716 920 scintillam
736 894 862 931 exiguam
882 896 934 924 sibi

990 885 1046 931 χὺν-
1064 885 1246 930 διασώζονταί
1264 885 1366 925 Τοῦτόν
1386 899 1441 934 γὰρ
1472 885 1778 936 παρακαλῶνί-οὖῖὲᾷ

146 930 279 965 reliquam
303 931 378 960 fecit.
395 933 474 962 Hunc
491 936 565 964 enim
583 939 745 968 consolatus
768 930 844 975 spem
867 941 935 977 abji-

146 983 209 1003 cere
233 984 289 1004 non
310 977 393 1012 sinit,
416 980 463 1015 qui
487 981 624 1011 volentem
652 986 809 1021 septuagies
835 989 935 1022 septies

146 1020 181 1047 ad
207 1022 399 1056 paenitentiam
429 1025 628 1055 admittendum
657 1029 743 1058 edixit
766 1032 806 1065 ";
833 1020 936 1068 quique

146 1075 246 1103 magna
261 1069 371 1097 dicendi
388 1070 514 1101 libertate
528 1074 562 1101 de
571 1075 674 1109 judicio
688 1075 735 1104 Dei
756 1078 827 1113 apud
841 1086 936 1108 omnes

146 1113 313 1149 disputavit;
331 1124 420 1152 neque
434 1118 511 1152 prius
523 1119 638 1154 destitit,
653 1121 740 1150 donec
754 1122 823 1151 lucis
836 1124 934 1159 instar,

147 1166 195 1194 per
214 1161 444 1190 resurrectionem
462 1172 494 1191 ex
515 1166 632 1194 mortuis
650 1167 832 1203 splenduerit,
853 1177 934 1206 quam

148 1209 177 1232 ut
193 1205 328 1240 innueret,
342 1209 518 1243 respondebit,
529 1216 553 1239 et
570 1220 621 1240 non
636 1218 787 1241 conteretur
800 1205 935 1250 adjunxit.

147 1251 238 1287 Ipsum
256 1255 328 1283 enim
348 1261 492 1291 conterere,
510 1263 537 1286 et
559 1261 726 1296 exstinguere
744 1261 845 1298 (morte
861 1263 935 1291 enim

147 1297 273 1327 homines
288 1303 480 1338 conteruntur),
495 1304 543 1338 qui
561 1305 637 1333 necis
657 1306 715 1340 ejus
732 1311 859 1336 auctores
877 1308 936 1336 fue-

147 1347 224 1377 runt,
241 1346 332 1373 conati
350 1351 415 1374 sunt
434 1348 501 1376 :sed
517 1357 588 1377 unus
607 1350 735 1379 Christus
751 1357 838 1381 morte
853 1361 936 1388 supe-

147 1387 205 1414 rior
221 1391 318 1418 evasit.
336 1390 393 1419 lino
413 1393 548 1426 splendere
567 1402 622 1421 non
645 1395 738 1430 desiit,
762 1396 843 1424 donec
857 1387 935 1432 judi-

147 1431 218 1458 cium
241 1441 319 1468 super
345 1439 443 1462 terram
473 1443 597 1470 poneret,
623 1438 650 1466 id
676 1444 728 1472 est,
748 1431 879 1468 Ecclesia
907 1441 934 1468 in

149 1483 220 1506 terra
252 1481 518 1511 administrationem
546 1488 574 1512 et
595 1485 745 1520 judicium,
772 1487 844 1523 quod
876 1489 935 1518 suis

150 1525 295 1560 discipulis
325 1529 472 1562 connnisit,
493 1530 643 1560 ordinaret.
670 1532 785 1561 Videtur
805 1535 878 1562 enim
906 1536 933 1563 in

150 1571 211 1599 istis
223 1571 320 1606 iudicii
337 1575 446 1603 nomine
460 1576 545 1612 legem
561 1578 727 1614 signiﬁcare,
746 1585 776 1608 ut
792 1582 826 1609 de
836 1582 938 1612 lsraele

150 1617 254 1646 dictum
266 1623 318 1653 est,
333 1629 395 1648 etim
412 1621 448 1650 ibi
460 1622 671 1657 justiﬁcationes
685 1630 713 1654 et
725 1627 860 1662 judicium
876 1637 937 1658 esse

151 1664 281 1694 voluisse.
295 1666 329 1694 Et
342 1676 451 1702 rursus,
467 1668 604 1698 Judicium
619 1675 647 1699 et
660 1672 795 1707 justitiam
810 1674 837 1702 in
851 1674 937 1704 Jacob

151 1709 277 1740 effecisse
290 1713 324 1739 ".
341 1714 426 1742 Aiunt
440 1715 539 1744 deinde
555 1718 678 1746 nonnulli
692 1719 778 1754 legem
791 1721 819 1748 in
831 1723 938 1751 umbris

150 1760 179 1784 et
189 1757 261 1792 typis
272 1756 488 1793 delitescentem,
500 1761 619 1790 decretis
631 1764 796 1799 evangelicis
808 1765 835 1792 iu
848 1765 936 1794 lucem

151 1809 214 1830 esse
231 1803 407 1833 educturum.
423 1805 518 1841 Neque
535 1815 599 1836 vero
616 1810 751 1844 particula
767 1810 850 1839 donec
867 1820 936 1848 prae-

152 1847 259 1876 ﬁnitum
288 1851 420 1886 temporis
447 1853 595 1881 terminum
621 1855 740 1891 aliquem
767 1864 822 1892 quo
845 1847 939 1893 elapso

151 1895 324 1923 conterenda:
347 1897 392 1929 sit,
419 1898 532 1934 indicat,
559 1901 606 1928 sed
634 1905 738 1929 tantum
765 1903 938 1939 eﬁ‘ecturum,

153 1944 182 1968 nt
194 1941 222 1968 in
235 1945 290 1969 toto
305 1943 366 1971 orbe
375 1943 508 1979 judicium
522 1946 580 1981 ejus
592 1952 738 1976 statuatur.
755 1948 836 1977 Juxta
852 1950 938 1979 illud:

155 1995 165 2013 ι
185 1986 255 2016 Sede
270 1996 285 2016 a
302 1989 407 2019 dextris
423 1993 503 2025 meis,
516 1993 604 2021 donec
618 2001 717 2029 ponam
735 1995 861 2025 inimicos
877 2002 939 2025 tuos

153 2033 302 2062 scabellnm
323 2036 423 2070 pedum
446 2041 555 2066 tuorum
575 2039 610 2067 “.
630 2050 639 2066 ι
668 2040 702 2069 Ει
726 2041 793 2069 illud
811 2051 819 2070 :
839 2051 849 2069 ι
869 2043 940 2073 Ecce

154 2086 205 2114 ego
222 2080 365 2109 vobiscum
385 2089 446 2110 sum
467 2084 554 2113 donec
577 2086 671 2114 saeculi
694 2086 742 2114 ﬁat
764 2095 940 2117 consumma-

154 2124 191 2151 tio
204 2124 238 2152 ".
253 2134 263 2151 ι
284 2125 331 2153 Sic
352 2130 380 2155 et
400 2135 474 2156 nunc
499 2129 672 2158 decretorum
694 2139 809 2160 suorum
834 2139 939 2162 certam

152 2173 181 2197 et
193 2171 389 2200 immutabilem
404 2175 589 2204 constantiam
603 2176 787 2205 demonstrat.
803 2177 940 2207 Scribitur

153 2216 246 2243 enim:
265 2225 274 2242 ι
296 2216 407 2246 Iustitia
431 2223 489 2252 tua,
509 2220 618 2256 justitia
642 2222 670 2250 in
690 2227 834 2257 aeternum,
853 2228 880 2252 et
895 2225 939 2253 lex
954 2227 978 2256 ι)

154 2265 200 2288 tua
215 2262 317 2289 veritas
334 2263 366 2289 ⁸⁸.
385 2272 396 2290 ι

190 2306 338 2342 Speraruut
360 2316 424 2337 vero
442 2315 467 2337 et
489 2317 578 2346 gentes
603 2313 630 2340 in
653 2315 758 2341 nomine
777 2314 846 2350 ejus,
864 2321 941 2351 post~

154 2360 236 2387 quam
263 2352 348 2381 Deum
390 2363 452 2383 esse
481 2356 655 2391 didicerunt,
676 2359 783 2387 etiamsi
805 2359 832 2386 in
857 2367 940 2388 carne

155 2398 322 2432 apparuerit.
352 2398 425 2431 Quin
451 2404 480 2427 et
507 2401 656 2428 secundum
685 2401 816 2429 Davidem
845 2411 851 2428 :
880 2411 890 2428 ι
911 2402 939 2429 In

156 2443 266 2471 nomine
290 2444 378 2480 ipsius
404 2446 580 2474 exsultabant
607 2450 664 2474 tota
689 2447 734 2475 die
758 2448 791 2475 οι.
811 2457 820 2474 ι
845 2448 886 2477 Ab
908 2455 942 2476 eo

154 2489 228 2517 enim
242 2489 393 2518 Christiani
407 2499 610 2527 nuncupamur,
624 2496 652 2520 et
665 2493 692 2520 in
704 2501 737 2521 eo
753 2501 817 2529 spes
831 2498 940 2523 nostras

155 2540 251 2562 omnes
276 2535 425 2564 collocatas
453 2536 596 2566 habemus.
627 2537 762 2566 Caeterum
795 2546 850 2574 quo
879 2539 941 2567 loco

155 2584 242 2615 gente:
258 2580 401 2615 habemus,
419 2581 548 2611 Hebraeos
571 2583 645 2618 ipsos
667 2590 834 2620 canorosque
855 2585 940 2613 inter-

157 2630 258 2661 pretes,
286 2627 381 2655 insula:
407 2628 489 2664 5.66
516 2629 610 2657 videas
635 2629 742 2665 legere;
770 2631 816 2658 ubi
841 2630 942 2658 deinde

156 2672 270 2707 nomine,
286 2672 367 2708 legem
385 2675 516 2703 scribere.
534 2674 691 2703 [mularum
716 2684 798 2711 porro
821 2678 942 2712 appella-

987 943 1086 978 χωρεῖν
1108 943 1149 974 εἰς
1176 943 1343 977 ἀπόγνωσιν,
1378 943 1427 975 τὰς
1455 944 1685 979 ἑϐδομηκοντάκις
1708 945 1779 972 ἑπτὰ

988 988 1134 1024 μετανοίας
1163 988 1333 1024 νομοθετῶν·
1363 989 1412 1016 σὺν
1441 990 1584 1026 παρρησίᾳ
1609 990 1637 1017 δὲ
1661 991 1778 1018 πᾶσιτά

986 1035 1052 1070 περὶ
1068 1034 1118 1069 τῆς
1131 1034 1178 1061 τοῦ
1192 1034 1260 1061 Θεοῦ
1275 1034 1442 1061 διεστέλλετο
1454 1036 1591 1069 κρίσεως.
1603 1036 1660 1063 Καὶ
1670 1037 1701 1062 ού
1712 1036 1778 1071 πρό-

986 1089 1065 1116 τερον
1084 1079 1234 1114 ὲπαύσατο,
1247 1081 1264 1116 ἢ
1280 1080 1369 1115 φωτὸς
1395 1081 1476 1116 δίκην
1499 1081 1651 1116 ἐκλάμψαι
1670 1082 1714 1109 διὰ
1728 1082 1779 1117 τῆς

986 1127 1019 1154 ὲκ
1044 1127 1148 1163 νεκρῶν
1170 1127 1367 1160 ἀναστάσεως,
1391 1128 1425 1163 ἢν
1453 1127 1650 1164 αἰνιττόμενος,
1678 1127 1776 1163 φησίν·

987 1173 1184 1209 Ἀναλάμψει,
1209 1175 1259 1202 καὶ
1274 1175 1311 1202 οὺ
1330 1174 1565 1208 θραυσθήσεται.
1582 1173 1715 1208 Θραῦσαι
1729 1173 1778 1209 μὲν

986 1219 1041 1254 γὰρ
1056 1220 1137 1247 αὑτὸν
1152 1219 1199 1247 καὶ
1209 1220 1380 1247 ἀποσϐέσαι
1394 1219 1575 1254 πεπείρανται
1596 1219 1620 1246 οἱ
1636 1218 1683 1246 τδν
1697 1218 1776 1246 θάνα-

986 1273 1031 1291 τον
1045 1265 1119 1300 αὐτῷ
1147 1265 1413 1297 κατασκευάσαντες.
1439 1265 1552 1300 Θανάτῳ
1567 1264 1622 1300 γὰρ
1636 1263 1777 1299 ἄνθρωποι

987 1311 1156 1344 θραύονται.
1184 1311 1273 1342 Μόνος
1304 1311 1333 1337 δὲ
1362 1311 1479 1347 Χριστὸς
1502 1311 1619 1338 θανάτου
1641 1311 1779 1346 κρείττων

986 1352 1303 1391 ὲγένετο.”Ελλάμψας
1317 1357 1346 1384 δὲ
1373 1357 1423 1384 οὐκ
1437 1356 1588 1390 ἐπαύσατο,
1603 1357 1659 1390 ἕως
1675 1355 1713 1390 θῇ
1727 1356 1776 1382 ἐπὶ

986 1402 1042 1437 τῆς
1054 1402 1112 1437 γῆς
1137 1403 1249 1437 κρίσιν,
1272 1402 1343 1430 τοῦτ’
1370 1403 1438 1437 ἔστι,
1461 1403 1526 1438 πρὶν
1546 1402 1594 1429 ἐπὶ
1612 1402 1669 1437 γῆς
1683 1402 1777 1429 διατά-

987 1447 1083 1481 ξασθαι
1112 1448 1162 1484 τὴν
1194 1448 1258 1483 περὶ
1284 1449 1334 1484 τῆς
1354 1448 1518 1484 Ἐκκλησίας
1538 1446 1673 1482 διοίκησίν
1685 1454 1715 1472 τε
1729 1445 1778 1472 καὶ

987 1494 1100 1528 κρίσιν,
1114 1493 1148 1529 ἣν
1159 1495 1217 1525 τοϊς
1244 1494 1329 1521 αὐτοῦ
1347 1494 1491 1530 παρέδωκε
1514 1493 1657 1529 μαθηταῖς.
1670 1492 1779 1526 Κρίσιν

950 1551 972 1581 c
987 1539 1041 1576 γὰρ
1054 1539 1142 1567 ἔοικεν
1160 1540 1189 1566 ὲν
1203 1539 1306 1571 τούτοις
1322 1540 1367 1566 τὸν
1386 1539 1468 1574 νόμον
1485 1539 1589 1571 καλεῖν,
1606 1538 1644 1570 ὡς
1669 1538 1778 1573 εἴρηται

991 1586 1055 1622 περὶ
1065 1585 1112 1613 τοῦ
1132 1586 1250 1622 Ἰσραὴλ,
1265 1587 1306 1613 ὅτι
1326 1586 1383 1612 ἐκεῖ
1397 1585 1497 1612 ἔδωκεν
1512 1585 1587 1619 αὐτῷ
1606 1585 1779 1619 δικαιώματα

990 1632 1038 1659 καὶ
1051 1631 1152 1667 κρίσιν.
1169 1631 1225 1658 Καὶ
1237 1631 1335 1658 πάλιν·
1362 1631 1461 1666 Κρίσιν
1493 1630 1541 1658 καὶ
1559 1630 1734 1666 δικαιοσύνην
1750 1631 1780 1657 ἐν

997 1675 1093 1704 ’ἰακὼὸ
1106 1676 1136 1703 τὺ
1149 1682 1162 1697 α
1176 1676 1318 1710 ἑποίησας.
1335 1675 1390 1703 Καί
1410 1675 1477 1710 φασί
1487 1683 1570 1708 τινες,
1586 1675 1624 1707 ὡς
1638 1674 1684 1701 τὸν
1697 1674 1784 1710 νόμον

991 1724 1020 1749 ὲν
1034 1723 1124 1754 σκιαῖς
1137 1722 1201 1749 ὅντα
1216 1722 1264 1749 καὶ
1277 1721 1383 1754 τύποις,
1402 1721 1442 1752 είς
1465 1720 1595 1756 ἀλήθειαν
1610 1718 1720 1752 ἐξοίσει,
1735 1719 1780 1746 διὰ

990 1766 1045 1794 τῶν
1070 1766 1257 1801 εὑαγγελικῶν
1285 1765 1491 1801 θεσπισμάτων.
1518 1766 1555 1792 Τὸ
1570 1765 1609 1799 δὲ,
1629 1765 1694 1798 ἕως,
1724 1765 1779 1801 [οὐ]

991 1812 1088 1848 καιροῦ
1114 1812 1284 1847 προθεσμίαν
1308 1812 1393 1848 δηλοῖ,
1412 1811 1520 1848 μεθ’ἥν
1544 1811 1778 1847 θραυσθήσεται,

991 1858 1049 1886 ἀλλ’
1061 1858 1102 1885 ὅτι
1117 1859 1250 1894 κρατήσει
1265 1858 1391 1886 τοσοῦτον
1403 1867 1411 1874 ·
1429 1858 1500 1885 ὥστε
1519 1858 1567 1885 καὶ
1593 1858 1629 1885 ἐν
1642 1858 1726 1892 πάσῃ
1742 1857 1784 1892 τῇ·

992 1903 1031 1940 τῇ
1043 1904 1137 1931 θεῖναι
1149 1905 1207 1938 τὴν
1221 1904 1331 1939 κρίσιν.
1349 1904 1429 1932 Κατὰ
1447 1904 1488 1931 τό·
1507 1913 1516 1931 ι
1533 1904 1627 1931 Κάθου
1642 1904 1674 1930 ὲκ
1685 1903 1780 1936 δεξιῶν

993 1959 1055 1986 μου,
1069 1950 1123 1981 ἕως
1148 1950 1181 1978 ἂν
1199 1950 1274 1986 θήσω
1285 1950 1349 1983 τοὺς
1374 1950 1491 1986 ἐχθρούς
1506 1959 1553 1977 σου
1570 1949 1715 1977 ὑποπόδιον
1726 1950 1780 1977 τῶν

992 1995 1080 2023 ποδῶν
1093 2004 1171 2023 σου.)
1186 1996 1242 2022 Καὶ
1255 1996 1302 2022 τό·
1320 2005 1330 2022 ι
1354 1996 1421 2023 ’ἰδοὺ
1448 1995 1503 2030 ἐγὼ
1526 1995 1585 2030 μεθ’
1605 1995 1682 2031 ὑμῶν
1712 1996 1779 2031 εἰμιἸ

992 2043 1044 2075 ἕως
1058 2044 1108 2079 τῆς
1122 2042 1278 2074 συντελείας
1294 2041 1342 2069 τοῦ
1356 2042 1465 2074 αίῶνος.
1483 2051 1493 2068 )
1511 2041 1589 2068 οὕτω
1605 2041 1652 2069 καὶ
1665 2041 1712 2068 νῦν
1725 2041 1781 2068 τῶν

992 2089 1075 2118 αὐτοῦ
1088 2088 1285 2125 θεσπισμάτων
1296 2088 1327 2115 τδ
1340 2087 1461 2124 ἀρῤαγὲς
1469 2087 1546 2123 δηλοῖ
1562 2087 1609 2114 καὶ
1621 2087 1779 2114 ἀσάλευτον.

992 2137 1149 2172 Γέγραπται
1165 2135 1230 2171 γάρ·
1248 2143 1259 2161 ι
1281 2134 1314 2160 Ἡ
1326 2133 1482 2169 δικαιοσύνη
1496 2141 1555 2165 σου,
1570 2132 1727 2169 δικαιοσύνη
1741 2132 1782 2164 είς

992 2182 1038 2209 τδν
1056 2182 1154 2215 αἰῶνα,
1168 2181 1214 2208 καὶ
1229 2180 1243 2207 ὸ
1259 2179 1342 2215 νόμος
1355 2187 1402 2206 σου
1419 2178 1543 2214 ἀλήθεια.
1565 2187 1574 2204 ι

1030 2312 1177 2342 Ἦλπισέν
1185 2321 1217 2347 γε
1227 2311 1280 2348 μὴν
1294 2311 1331 2339 τὰ
1342 2311 1414 2346 ἔθνη
1420 2310 1469 2338 ἐπὶ
1481 2311 1521 2344 τῷ
1535 2311 1656 2345 ὀνόματι
1670 2310 1763 2338 αὑτοῦ
1771 2330 1781 2344 ,

993 2359 1060 2386 Θεὸν
1084 2356 1154 2385 εἶναι
1172 2357 1304 2393 μαθόντα,
1318 2358 1342 2383 εί
1355 2356 1403 2384 καὶ
1426 2357 1546 2392 πέφηνεν
1563 2357 1592 2383 ὲν
1609 2356 1700 2392 σαρκί.
1725 2357 1782 2383 Kal.

993 2404 1064 2432 κατὰ
1079 2404 1124 2431 τὸν
1134 2403 1224 2430 Δαδίδ·
1246 2412 1255 2429 ι
1281 2403 1326 2430 Ἐν
1336 2402 1376 2439 τῷ
1388 2402 1591 2438 ὀνόματιαὺτοῦ
1603 2401 1782 2436 ἀγαλλιάσονο

993 2459 1039 2478 ται
1052 2450 1117 2486 ὃλην
1128 2449 1178 2485 τὴν
1194 2449 1312 2485 ἡμέραν.
1330 2458 1340 2474 ι
1361 2448 1526 2484 Κεκλήμεθα
1544 2448 1599 2484 γὰρ
1612 2447 1781 2483 Χριστιανοὶ,

996 2496 1043 2523 καὶ
1057 2495 1101 2522 ἔπ’
1115 2494 1189 2529 αὗτῷ
1204 2494 1294 2521 πᾶσαν
1306 2493 1406 2530 ἔχομεν
1421 2494 1470 2530 τὴν
1495 2494 1602 2522 ἐλπίδα.
1614 2493 1651 2520 Τὸ
1673 2493 1784 2531 Ἐϐραῖτ

993 2541 1041 2569 κὺν
1052 2541 1091 2573 δὲ,
1105 2540 1152 2567 καὶ
1163 2540 1187 2567 οἱ
1208 2539 1307 2572 λοιποὶ,
1323 2539 1383 2566 ἀντὶ
1406 2539 1451 2565 τοῦ
1468 2538 1552 2573 ἔθνη,
1568 2537 1670 2573 νῆσοι,
1687 2537 1780 2572 φασίν.

993 2587 1049 2614 Καὶ
1080 2585 1141 2613 ἀντὶ
1164 2585 1229 2618 τοῦ,
1255 2585 1388 2620 ὀνόματι.
1413 2585 1504 2620 νόμῳ.
1535 2584 1659 2617 Νήσους
1684 2583 1713 2610 δὲ
1733 2582 1783 2615 τὰς

992 2631 1139 2668 ἐκκλησίας
1157 2630 1273 2666 λέγομεν
1298 2631 1351 2658 ὑπὸ
1372 2631 1426 2658 τῶν
1444 2631 1578 2663 ἀπίστων,
1594 2630 1633 2662 ὡς
1657 2629 1710 2656 ὑπὸ
1727 2628 1778 2656 θα·-

995 2677 1095 2713 λάττης
1111 2675 1333 2711 κεκυκλωμένας.
1361 2676 1459 2711 Νόμος
1477 2675 1506 2703 δὲ
1515 2675 1561 2702 τοῦ
1575 2673 1782 2711 προφητευσμέ-

236 2728 330 2768 Matth.
345 2731 451 2768 xv,_29,
468 2732 522 2768 59.7
550 2733 574 2750 "
588 2733 686 2760 Matth.
704 2742 780 2766 xvnt.
797 2734 844 2763 22.
881 2736 904 2752 ⁸⁷
918 2735 937 2763 P

990 2755 992 2763 ι
1011 2742 1104 2767 xcvnt,
1119 2735 1147 2762 ιι.
1184 2734 1207 2750 ⁸⁸
1222 2733 1293 2761 Psnl.
1305 2741 1360 2768 (nx,
1376 2733 1401 2768 I,
1412 2733 1439 2762 2.
1477 2734 1500 2750 ⁸³
1514 2732 1610 2761 Matth.
1625 2741 1720 2765 ττι-ιιι,
1733 2732 1780 2763 20.

158 2764 181 2781 θ’
196 2763 269 2791 Paul.
283 2772 376 2801 cxvnt,
392 2766 453 2794 142.
473 2768 494 2783 ⁶¹
512 2767 582 2796 PsaL
605 2776 738 2805 Lxxxt'tn,
755 2763 797 2798 Π.

808 2826 925 2855 νΛῙὶΙᾸΕ
940 2825 1143 2854 LECTIONES.

195 2859 204 2870 '
217 2854 268 2889 dy.
290 2856 319 2882 τό
