2002 3078
71 147 140 180 2367

718 148 896 180 PROCOPII
908 148 1031 180 GAZAEI

1625 151 1696 183 2368

71 207 251 236 concionatus
267 211 319 241 est,
336 211 364 236 et
380 207 492 236 vinculis
514 207 690 236 necessitatis
712 216 808 237 omnes
827 208 860 237 li-

919 209 959 236 εαὶ
973 209 1037 241 τοὺς
1058 208 1265 245 προρῤηθέντας
1293 208 1439 243 τυφλοὺς,
1455 209 1516 241 ταῖς
1537 208 1592 236 τῶν
1622 209 1696 237 ἰδίων

72 255 186 283 beravit.
206 255 278 288 Quin
296 258 324 283 ct
339 255 373 283 iis
386 255 480 288 etiam,
494 263 563 291 quos
584 256 713 291 superius
732 255 789 283 dixi
808 263 860 283 cce-

71 301 150 328 citate
170 300 307 334 laborare,
324 308 387 327 cum
412 301 535 335 peccatis
550 305 681 335 tanquam
698 300 814 334 catenis,
831 300 860 328 in

72 346 140 381 ipsis
161 345 295 373 scelerum
317 345 430 373 tenebris
447 346 586 373 constricti
606 350 778 378 tenerentur,
797 353 860 381 pec-

72 398 195 420 calorum
211 393 318 420 veniam
336 394 465 428 largitus,
484 394 596 422 eosdem
611 394 712 422 diaboli
728 395 862 423 servitute

73 438 185 473 eripuit,
202 442 228 465 et
246 438 373 466 libertate
389 439 518 474 donavit;
534 448 588 468 non
599 439 710 468 ludam;
723 440 860 476 privatim,

73 492 128 512 non
145 483 285 517 Israelem,
302 492 358 512 non
375 484 519 518 Iacobum,
540 485 588 514 sed
611 493 698 521 genus
720 486 860 514 hominum

73 532 232 558 universum
252 540 258 558 :
274 536 303 558 ut
321 531 446 559 adhibito
463 532 581 567 gentium
596 533 707 560 nomine
723 532 862 568 signiﬁca-

74 575 121 602 vit.
141 574 254 606 Deinde,
268 583 329 603 cum
349 583 378 603 se
402 575 549 603 Dominum
574 575 658 603 Deum
674 583 735 604 esse
755 577 862 611 praemi-

74 620 165 652 sisset,
191 619 302 654 gloriam
327 628 413 647 meam
441 620 521 648 alteri
549 628 602 648 non
626 620 706 654 dabo,
726 621 860 657 atljunxit.

75 663 148 691 Dixit
163 668 252 692 autem
272 665 363 698 alteri,
380 665 457 693 aiunt
478 665 614 698 nonnulli,
631 670 659 694 et
680 666 739 698 uni,
753 670 861 693 tantum

74 718 134 737 cam
149 710 183 738 de
194 718 248 745 qua
270 711 443 746 loquebatur,
460 718 522 738 cum
542 719 649 739 vocasse
661 711 689 739 in
699 711 819 746 justitia,
834 715 863 740 et

74 764 136 791 quae
150 762 314 791 sequuntur,
340 757 455 790 diceret,
481 756 579 784 lactant
603 764 664 785 esse
681 757 797 792 gratiam
814 757 862 786 de-

76 805 253 830 monstraret.
276 801 340 829 Erat
356 807 447 829 autcm
463 803 551 837 gloria
565 802 684 831 dicentis
702 811 709 830 :
729 802 785 838 Ego
805 803 862 830 Do-

76 849 164 876 minus
180 848 259 876 Iqus.
276 848 333 876 Hoc
348 849 420 876 enim
437 849 548 877 nomine
560 849 739 884 gloriﬁcatur.
755 849 863 877 Praesti-

76 895 140 921 lerit
155 902 219 922 vero
235 895 337 927 dicere,
353 895 416 929 quia
436 895 565 922 Dominus
584 895 654 922 Deus
669 895 728 930 ipsa
742 898 784 924 est
800 895 861 923 Tri-

77 941 160 972 nitas,
168 947 257 975 neque
267 940 338 968 alius
348 941 468 968 essentia
476 940 556 968 Pater
566 948 581 967 a
592 940 757 976 Filio,quem
766 947 863 975 magna

77 990 252 1021 praestantem
264 986 339 1019 fecit,
352 986 476 1014 eumdem
490 986 591 1021 ipsum,
603 986 627 1014 si
641 991 767 1014 creatura
779 990 864 1019 esset,

77 1039 211 1066 supremae
228 1031 321 1066 gloriae
343 1032 506 1066 participem
527 1038 590 1059 esse
607 1038 661 1058 non
683 1039 777 1073 posse,
795 1031 865 1059 velle

76 1078 160 1114 ᾆδε
173 1078 374 1106 demonstrare.
399 1077 482 1105 Beato
506 1077 642 1113 siquidem
660 1082 774 1105 auctore
790 1077 865 1113 Apo-

78 1123 165 1154 stolo;
188 1131 198 1149 ι
218 1123 330 1150 Etiamsi
347 1122 422 1150 multi
435 1123 545 1158 quidem
563 1123 621 1150 sint
631 1123 690 1156 Dei,
702 1127 730 1150 et
743 1122 864 1155 Domini,

77 1169 136 1196 sive
153 1169 180 1196 in
194 1169 276 1202 coelo,
291 1166 358 1196 sive
372 1169 399 1196 in
422 1173 507 1202 terra,
523 1169 603 1197 nobis
625 1174 716 1197 tamen
732 1176 804 1196 unus
824 1172 866 1196 est

79 1216 150 1242 Deus
165 1214 256 1248 Pater,
269 1223 303 1243 ex
316 1222 371 1250 quo
384 1215 477 1242 omnia
490 1224 498 1243 :
514 1219 541 1243 et
556 1222 629 1243 unus
641 1214 774 1243 Dominus
784 1213 866 1243 Iesus

77 1259 216 1293 Christus,
232 1267 280 1295 per
295 1267 376 1295 quem
394 1261 499 1293 omnia,
516 1264 544 1287 et
560 1267 610 1288 nos
625 1267 674 1295 per
695 1260 785 1295 ipsum
802 1259 836 1288 ".
853 1268 863 1286 ι

77 1305 170 1342 Neque
191 1306 264 1334 enim
281 1307 352 1334 alius
376 1311 420 1334 est
444 1311 542 1342 praeter
563 1307 663 1342 ipsum,
679 1306 787 1335 etiamsi
803 1313 867 1341 pro-

79 1352 140 1387 prio
165 1359 289 1386 persona:
316 1351 479 1380 discrimine
505 1355 658 1386 separetur.
683 1350 751 1378 Cum
776 1353 866 1377 autem

78 1397 187 1424 virtutes
207 1404 284 1430 suas,
303 1397 362 1424 sive
384 1396 488 1423 laudem
509 1396 549 1431 (ut
566 1396 680 1430 Aquilas
697 1399 724 1423 et
741 1393 868 1422 Theodo-

80 1444 129 1477 tio,
143 1443 301 1472 nominibus
320 1443 431 1478 quidem
450 1443 581 1475 diversis,
598 1441 646 1470 sed
668 1442 739 1469 idem
761 1440 868 1476 signiti-

79 1488 216 1521 cantibus,
242 1487 482 1523 interpretantur),
507 1486 677 1521 sculptilibus
701 1486 814 1513 minime
837 1493 868 1513 se

80 1534 206 1560 daturum
226 1533 311 1566 dicit,
328 1533 396 1560 nihil
420 1540 526 1565 eorum,
543 1540 605 1567 quae
628 1535 692 1559 ante
712 1531 867 1564 coluerunt,

81 1580 165 1607 Deum
190 1564 313 1613 credere,
330 1586 419 1614 neque
439 1564 682 1612 laudent'impiam
705 1576 804 1604 oll‘erre
824 1576 868 1605 de-
880 1564 902 1593 (ἶ

81 1627 146 1655 bere
161 1631 254 1663 gentes
276 1627 415 1655 admonet.
438 1625 521 1654 Solus
538 1626 611 1654 enim
626 1625 716 1654 Patris
729 1625 789 1653 sine
802 1631 869 1653 con-

83 1672 214 1700 troversia
230 1673 339 1700 virtutes
358 1673 440 1700 habet
455 1671 608 1700 secundum
624 1671 795 1698 divinitatem
808 1670 869 1706 qui-

82 1719 158 1751 dem,
185 1719 241 1754 jam
264 1707 359 1746 artem
387 1723 414 1746 et
442 1717 594 1746 secundum
624 1716 868 1752 dispensationem.

82 1764 189 1792 Placuit
214 1765 361 1799 siquidem,
378 1769 406 1791 ut
430 1764 458 1791 in
481 1763 540 1798 ipso
556 1762 646 1791 omnis
664 1762 805 1797 plenitudo
827 1762 869 1789 di-

83 1810 207 1837 vinitatis
228 1809 409 1845 corporaliter
430 1809 597 1837 inhabitare:
610 1809 641 1836 ⁷¹.
660 1809 726 1837 Post
741 1809 800 1837 haec
815 1809 872 1836 col-

84 1857 144 1892 ligit
159 1865 167 1884 :
183 1855 248 1889 Quia
271 1865 286 1884 ιι
307 1856 448 1891 principio,
469 1863 528 1883 ecce
542 1859 676 1883 venerunt.
696 1853 797 1883 Verum
816 1862 871 1890 quo

84 1903 156 1935 loco,
177 1907 317 1937 antequam
343 1902 546 1934 annuntientur,
568 1901 687 1928 indicata
708 1905 769 1928 sunt
788 1900 870 1934 nobis,

85 1947 218 1983 legimus;
234 1947 271 1974 ita
288 1947 470 1983 Symmachus
487 1947 655 1982 :Antequam
671 1947 871 1980 annuntientur,

84 2002 117 2020 ea
131 1993 226 2020 audita
240 1993 338 2028 faciam
354 1993 436 2021 vobis.
455 1992 491 2021 Ut
504 1993 577 2021 enim
593 1993 691 2028 prima,
707 1993 755 2025 ait,
770 2000 800 2021 re
813 1993 873 2028 ipsa

87 2040 197 2074 impleta
215 2043 278 2067 sunt
294 2039 461 2075 (Abrahamo
478 2039 614 2074 siquidem
634 2038 709 2074 quod
724 2039 748 2066 ei
767 2046 816 2074 per
831 2046 874 2067 me

87 2083 121 2111 de
133 2084 239 2112 semine
249 2084 326 2119 eius;
338 2086 409 2120 quod
429 2093 476 2120 per
492 2084 585 2113 Mosen
602 2084 729 2120 denique,
741 2084 875 2120 reliquos-

87 2137 140 2164 que
151 2130 308 2166 prophetas,
320 2131 484 2166 promissum
498 2130 758 2165 pronuntiatumque
768 2134 819 2163 est,
834 2129 876 2157 la-

88 2177 132 2200 rta
143 2181 204 2202 esse
218 2181 272 2202 non
291 2174 441 2209 ambigitis.
460 2174 507 2201 Sic
522 2178 549 2202 ct
563 2181 623 2209 quae
645 2181 720 2201 nunc
734 2173 792 2208 ipse
809 2182 875 2202 nova

910 255 1094 290 ὲσφιγμένους
1118 255 1325 290 ἁμαρτημάτων
1355 256 1471 290 σειραῖς,
1487 256 1588 288 σκότῳ
1602 264 1632 282 τε
1647 264 1698 282 κα-

911 300 971 332 κίας
985 299 1222 335 πεπεδημένους,
1242 300 1342 335 ἠξίωσε
1363 301 1407 327 διὰ
1417 301 1467 336 τῆς
1477 301 1587 336 χάριτος
1608 301 1698 336 ἁμαρτ

910 346 1042 382 τημάτων
1058 347 1192 381 ἀφέσεως,
1205 347 1254 381 τῆς
1268 346 1316 373 τοῦ
1326 347 1449 373 διαῦόλου
1463 347 1573 378 τούτους
1590 346 1697 373 ἐλευθε-

913 392 1002 428 ρώσας
1010 393 1132 428 εἱρκτῆς.
1140 392 1191 420 οὐκ
1197 392 1358 425 Ἰουδαίους
1366 392 1465 425 ὶδικῶς,
1475 393 1505 419 οὐ
1511 392 1555 418 τὸν
1563 392 1696 426 Ἰσραὴλ,

912 438 943 464 οὺ
956 438 1002 465 τὸν
1023 437 1136 470 Ἰακὼϐ,
1170 438 1224 465 πᾶν
1250 438 1279 464 δὲ
1302 437 1381 472 γένος
1405 436 1565 472 ἀνθρώπων.
1597 437 1698 471 Διόπερ

912 480 1000 516 εἶπεν,
1015 483 1120 511 ἐθνῶν.
1136 482 1204 510 Εἶτα
1214 483 1318 519 Κύριος
1342 483 1356 510 ό
1377 482 1442 514 Θεὸς
1458 482 1591 518 ὑπάρχειν
1601 481 1697 508 εἰπών’
1728 476 1731 477 ν

915 528 973 562 Τὴν
984 529 1080 561 δόξαν
1089 537 1160 564 μου,
1173 529 1265 563 φησὶν,
1277 528 1366 562 ἑτέρῳ
1379 528 1414 555 οὐ
1428 527 1524 554 δώσω.
1541 527 1597 554 υὺκ
1611 525 1698 558 εἶπεν,

912 575 1010 608 οὐδενὶ,
1024 575 1118 609 φασὶν,
1132 574 1191 602 ἀλλ’
1202 574 1302 608 ἑτέρῳ,
1316 574 1457 609 ὲμφαίνων
1475 573 1515 600 svi.
1530 573 1604 608 μόνῳ
1618 580 1699 607 γεγο-

913 622 988 649 νέναι
1003 620 1186 656 συγχώρησιν,
1217 620 1280 655 περὶ
1298 616 1384 655 οὗπερ
1402 619 1530 653 ἔφασκεν·
1552 614 1703 644 Ἐκὰλεσά

912 675 950 694 σε
961 667 995 694 ἐν
1010 667 1200 701 δικαιοσύνῃ,
1211 665 1259 693 καὶ
1270 666 1304 693 τὰ
1316 665 1392 700 ἑξῆς.
1413 665 1446 692 Ἦ
1459 665 1487 691 δὲ
1502 664 1577 697 δόξα
1595 663 1642 691 τοῦ
1654 663 1700 690 λέ-

911 721 1006 748 γοντος
1022 711 1066 749 ἦν·
1090 712 1160 747 Ἐγὼ
1187 713 1296 746 Κύριος
1318 713 1335 738 ὁ
1364 711 1446 744 Θεός.
1462 711 1511 738 Διὰ
1531 711 1631 737 τούτου
1645 710 1700 746 γὰρ

912 757 1063 790 δοξάζεται
1078 758 1124 785 τοῦ
1138 758 1279 792 ὀνόματος.
1291 757 1417 792 Ἄμεινον
1426 757 1455 784 δὲ
1464 757 1564 791 λέγειν,
1579 755 1698 790 Ἐπειδὴ

913 805 1020 839 Κύριος
1034 806 1050 831 ὁ
1064 804 1135 837 Θεὸς
1149 805 1165 838 ἡ
1183 804 1205 829 Τ
1206 804 1279 838 ριὰς,
1291 803 1339 830 καὶ
1352 803 1401 838 οὐχ
1418 803 1513 838 ἕτερος
1529 804 1589 830 κατ’
1606 801 1699 829 οὐσίαν

913 850 961 876 τοῦ
977 850 1096 885 Πατέρος
1107 850 1121 876 ὁ
1132 849 1206 881 Υἱὸς,
1219 849 1325 884 μεγάλα
1334 849 1363 876 δὲ
1375 848 1559 885 κατορθοῦντα
1568 848 1690 884 παρέστη

916 904 974 929 asv,
996 896 1132 922 δείκνυσιν
1158 895 1196 927 ὡς
1222 895 1302 931 εἴπερ
1332 893 1366 931 ἦν
1396 894 1508 930 κτίσμα,
1526 894 1576 921 οὐκ
1594 893 1626 921 ἂν
1651 894 1701 928 τῆς

914 941 1046 969 ἀνωτάτω
1054 941 1137 977 ’δόξης
1145 942 1242 976 γέγονε
1260 941 1398 974 κοινωνός.
1408 940 1487 969 Κατὰ
1501 940 1555 977 γὰρ
1568 941 1613 967 τὸν
1630 940 1701 967 θεῖον

921 986 1093 1018 Ἀπόστολον,
1115 996 1125 1013 ι
1143 987 1203 1013 Κᾶν
1235 988 1261 1013 εἰ
1285 986 1379 1013 πολλοί
1406 995 1479 1019 τινες
1502 984 1556 1013 εἷεν
1570 986 1637 1018 θεοὶ,
1654 985 1701 1013 καὶ

915 1032 1016 1067 κύριοι,
1040 1032 1069 1059 εν
1100 1041 1130 1059 τε
1156 1032 1273 1068 οὐρανῷ,
1295 1032 1343 1060 καὶ
1368 1032 1414 1059 ἐπὶ
1426 1032 1476 1066 τῆς
1486 1022 1552 1067 γῆςί
1563 1031 1622 1059 ἀλλ’
1634 1032 1701 1067 ἡμῖν

916 1074 956 1109 εἷς
980 1077 1046 1110 Θεὸς
1061 1077 1075 1104 ὁ
1090 1077 1196 1113 Πατὴρ,
1212 1077 1242 1110 ἐξ
1261 1075 1291 1105 οὗ
1317 1077 1352 1104 τὰ
1367 1078 1466 1109 πάντα,
1484 1078 1532 1104 καὶ
1545 1075 1584 1108 εἷς
1598 1077 1702 1113 Κύριος

922 1124 1025 1158 Ἰησοῦς
1039 1123 1167 1159 Χριστὸς,
1182 1124 1216 1151 δι’
1233 1120 1263 1151 οὗ
1282 1124 1317 1150 τὰ
1334 1124 1433 1157 πάντα,
1448 1124 1495 1151 καὶ
1508 1124 1588 1159 ⁴ἡμεῖς
1603 1124 1637 1150 δι’
1651 1123 1701 1151 αὐ-

916 1170 974 1198 τοῦ.
991 1179 1000 1196 ›
1017 1171 1055 1197 Οὐ
1070 1170 1124 1205 γὰρ
1137 1170 1232 1206 ἕτερος
1251 1171 1316 1207 παρ’
1332 1170 1424 1202 αὐτὸν,
1437 1170 1488 1197 κᾶν
1498 1171 1537 1201 εἰς
1552 1169 1702 1197 ὑπόστασιν

918 1215 1005 1250 ίδικὴν
1019 1214 1189 1250 ἀφορίζεται.
1204 1215 1299 1248 Λέγων
1319 1215 1358 1248 δὲ,
1373 1215 1440 1242 Οὐδὲ
1456 1215 1505 1246 τὰς
1528 1214 1635 1249 ἀρετάς
1650 1223 1702 1250 μου

915 1261 1003 1288 δώσω
1022 1261 1084 1294 τοῖς
1110 1261 1272 1296 γλυπτοῖς·
1293 1262 1310 1297 ἢ
1334 1261 1383 1297 τὴν
1406 1261 1548 1296 ὒμνησιν,
1567 1260 1638 1287 κατὰ
1661 1259 1704 1286 τὸν

922 1308 1037 1334 Ἀκύλαν
1050 1317 1056 1324 -
1070 1307 1087 1344 ἦ
1100 1307 1147 1334 τὸν
1169 1307 1305 1341 ἔπαινον,
1327 1307 1398 1335 κατὰ
1419 1307 1577 1342 Σύμμαχον,
1589 1307 1624 1333 τὰ
1639 1305 1703 1340 ἔθνη

917 1353 1040 1380 παιδεύει
1077 1353 1159 1388 μηδὲν
1183 1353 1238 1380 τῶν
1254 1353 1340 1380 πάλαι
1369 1353 1549 1388 σεϐασμάτων
1577 1351 1711 1387 ἡγεῖσθαι.

916 1399 993 1431 Θεὸν,
1025 1399 1092 1434 μηδὲ
1116 1399 1282 1435 προσφέρειν
1310 1400 1429 1427 air-saw
1444 1397 1638 1433 ἁσεϐἦ.Μόνος
1649 1397 1704 1433 γὰρ

916 1445 1046 1481 ἔχει’τὰς
1060 1446 1108 1473 τοῦ
1124 1447 1245 1483 Πατέρος
1264 1447 1383 1480 ἀρετὰς,
1408 1445 1630 1482 ὁμολογουμένως
1656 1445 1705 1480 μὲν

917 1491 988 1519 κατὰ
999 1493 1050 1528 τὴν
1063 1492 1190 1528 θεήτητα,
1215 1493 1266 1529 ἤδη
1286 1494 1315 1520 δὲ
1336 1493 1383 1520 καὶ
1397 1493 1467 1520 κατὰ
1479 1492 1527 1528 τὴν
1536 1491 1703 1527 οἰκονομίαν.

924 1537 968 1566 Ἑν
984 1538 1059 1574 αὐτῷ
1066 1539 1121 1574 γὰρ
1134 1538 1264 1574 εὐδόκησε
1277 1540 1332 1566 πᾶν
1348 1539 1379 1565 τὸ
1393 1538 1531 1574 πλήρωμα
1543 1538 1593 1572 τῆς
1609 1537 1706 1572 θεότηιν

917 1592 964 1616 τος
997 1584 1161 1619 κατοικῆσαι
1181 1584 1356 1618 σωματικῶς.
1373 1584 1485 1614 Τούτοις
1509 1582 1645 1617 ἐπιλέγει’
1669 1583 1708 1610 Τὰ

919 1629 968 1656 ἀπ’
994 1629 1091 1663 ἀρχῆς
1119 1629 1184 1656 ἰδοὺ
1201 1629 1326 1663 ἧκασιν.
1351 1629 1426 1655 ’Λντὶ
1450 1629 1479 1655 δὲ
1502 1628 1560 1660 τοῦ,
1576 1627 1637 1662 Πρὸ
1652 1627 1707 1654 τοῦ

919 1674 1092 1709 ἀναγγεῖλαι
1124 1673 1261 1708 ἐδηλώθη
1292 1674 1373 1710 ὑμῖν,
1401 1674 1415 1700 ὁ
1443 1673 1591 1709 Σύμμαχος
1618 1670 1706 1699 εἶπεν·

921 1716 980 1751 Πρὸ
993 1717 1046 1744 τοῦ
1062 1717 1236 1752 ἀναγγεῖλαι
1252 1717 1327 1745 αὐτὰ
1345 1717 1483 1745 ἀκουστὰ
1498 1717 1615 1750 ποιήσω
1626 1716 1707 1752 ὑμῖν.

922 1763 1028 1797 Ὠσπερ
1044 1764 1098 1799 γὰρ
1112 1763 1146 1791 τὰ
1161 1763 1266 1798 πρῶτα,
1284 1764 1379 1799 φησὶν,
1403 1763 1550 1799 ἐπληρώθη
1566 1763 1601 1790 δι’
1621 1762 1710 1798 ἔργων

921 1811 1004 1845 (καθὰ
1019 1811 1072 1847 γὰρ
1089 1811 1215 1847 Ἀϐραὰμ
1229 1811 1438 1847 ἐπηγγειλάμην
1449 1811 1514 1847 περὶ
1525 1810 1572 1838 τοῦ
1583 1810 1710 1845 σπέρμα-

921 1864 966 1888 τος
983 1856 1076 1890 αὑτοῦ,
1094 1857 1232 1892 πεποίηκα
1247 1865 1254 1873 ·
1277 1857 1423 1893 ἐπληρώθη
1433 1857 1462 1884 δὲ
1477 1857 1524 1884 καὶ
1544 1857 1579 1883 τὰ
1590 1855 1635 1883 διὰ
1645 1856 1710 1883 Μω-

923 1902 992 1933 σέως
1002 1902 1049 1928 καὶ
1067 1902 1121 1929 τῶν
1137 1901 1284 1938 προφητῶν
1299 1901 1506 1938 προλεχθέντα),
1517 1901 1589 1929 οὕτω
1604 1902 1651 1929 καὶ
1662 1900 1711 1928 νῦν

922 1946 1132 1982 εὐαγγελίζομαι
1153 1940 1209 1978 τοῖς
1237 1947 1305 1974 πᾶσι
1325 1946 1424 1975 καινά.
1445 1947 1500 1974 Καὶ
1525 1946 1596 1981 πρὶν
1620 1946 1712 1981 ἀνατ-

921 1992 1029 2026 γεῖλαι,
1046 1993 1094 2020 καὶ
1109 1993 1178 2028 πρὸς
1194 1993 1224 2020 τὸ
1251 1993 1368 2029 φανερδν
1390 1993 1488 2026 ἐλθεῖν,
1511 1992 1632 2020 ἀκουστὰ
1647 1993 1712 2026 ὑμῖν

923 2038 967 2065 διὰ
980 2038 1183 2075 τῆς-παρούσης
1204 2039 1375 2075 προφητείας
1395 2039 1523 2075 ἐποίησα.
1548 2038 1619 2074 ἅπερ
1646 2038 1711 2073 ἑξῆς

924 2085 1096 2121 ἐπενήνοχεν.
1113 2085 1165 2113 Τδν
1187 2086 1216 2113 δὲ
1238 2086 1302 2122 περὶ
1323 2085 1370 2112 τοῦ
1385 2086 1513 2120 Σωτῆρος
1525 2084 1711 2116 ἀπιστεῖσθαι,

925 2130 992 2165 φασί
1002 2139 1085 2163 τινες,
1107 2130 1187 2165 λόγον
1216 2131 1246 2157 οὐ
1276 2133 1423 2166 συγχωρεῖ.
1441 2132 1509 2158 Ποῖα
1522 2131 1560 2162 δὲ,
1586 2131 1662 2165 φασὶ,
1678 2130 1713 2157 τὰ

926 2176 1034 2210 rutra;
1047 2177 1138 2213 Ἀπερ
1149 2177 1333 2213 ἐπήγγελται
1345 2179 1358 2204 ὁ
1367 2177 1469 2213 Κύριος
1482 2177 1563 2212 ἡμῶν
1583 2175 1688 2210 Ἰησοῦς
1699 2177 1714 2202 ὁ

88 2220 166 2248 vobis
180 2220 308 2248 omnibus
335 2219 420 2247 all'ero
434 2228 441 2247 :
460 2219 620 2254 Priusquam
637 2219 837 2253 annuntientur,
848 2224 868 2248 et

928 2223 1055 2259 Χριστὸς,
1068 2223 1118 2259 τὴν
1133 2225 1173 2256 εἰς
1186 2223 1272 2251 αἰῶνα
1287 2224 1332 2250 τδν
1355 2223 1485 2259 μέλλοντα
1499 2223 1583 2258 ζωὴν,
1603 2222 1652 2249 καὶ
1664 2222 1715 2249 ὅσα

89 2267 116 2293 in
133 2271 255 2301 apertum
280 2265 410 2299 νρηίιιιιις
432 2265 524 2293 audita
538 2264 617 2293 vobis
638 2272 686 2300 per
705 2265 790 2300 ipsam
809 2273 872 2300 pro-

925 2267 993 2303 πρὶς
1005 2267 1085 2300 ἀξίαν
1099 2269 1154 2300 τοῖς
1170 2268 1259 2302 ἁγίοις
1274 2268 1429 2296 ἀπόκειται.

69 2335 77 2345 ,.
90 2311 207 2346 phetiam
221 2318 284 2338 esse
297 2311 369 2338 volui
383 2320 390 2338 :
406 2319 467 2346 qua:
481 2311 611 2346 deinceps
621 2311 799 2346 adjiciuntur.
815 2312 850 2340 At
865 2314 996 2347 sermoni,
1014 2314 1061 2349 qui
1076 2314 1111 2342 dc
1128 2315 1270 2342 Saivatore
1297 2318 1350 2347 est,
1364 2313 1484 2342 dillidere
1495 2321 1552 2341 non
1578 2313 1714 2346 concedit,

89 2360 166 2387 aiunt
184 2357 319 2386 nonnulli.
345 2357 445 2386 Verum
469 2358 561 2393 qualia
590 2359 699 2387 tandem
724 2367 791 2387 nova
827 2360 891 2394 ista,

929 2361 1052 2389 addunt?
1069 2362 1107 2390 Ea
1127 2362 1270 2396 nimirum,
1287 2370 1348 2397 qua:
1372 2362 1503 2390 Dominus
1524 2367 1616 2390 noster
1635 2361 1717 2390 Jesus

89 2405 216 2432 Christus
233 2403 306 2432 nobis
325 2405 507 2439 annuntiaot‘t,
522 2404 606 2434 vitam
627 2404 713 2434 futuri
731 2406 835 2439 saeculi,
847 2411 874 2434 et
909 2415 1080 2444 quaecunque
1110 2408 1216 2437 sanctis
1257 2408 1326 2444 ipsis
1353 2408 1492 2436 exsistunt
1514 2415 1565 2443 pro
1588 2407 1718 2444 dignitate

91 2451 242 2481 recomlita.

125 2498 208 2534 469
230 2497 314 2526 Vnus.
336 2497 432 2526 10-35.
460 2497 575 2526 Cantate
605 2498 717 2525 Domino
743 2500 876 2527 canticum

91 2551 196 2576 uorum,
211 2544 374 2578 principatus
387 2543 456 2579 ejus,
471 2543 620 2579 glori/ica“!
642 2552 736 2571 nomen
759 2544 816 2580 ejus
844 2545 876 2572 ab

91 2594 208 2620 extremo
225 2595 302 2617 terra:
315 2590 360 2625 qui
372 2589 532 2617 descenditis
547 2590 574 2616 in
589 2598 671 2623 more,
687 2590 732 2626 qui
746 2591 878 2626 navigatis

93 2637 191 2668 ipsum,
212 2635 319 2668 inculte,
334 2639 359 2662 et
367 2634 532 2662 habitatores
542 2643 644 2662 eorum.
673 2635 776 2663 Lwlare
792 2635 881 2663 deser-

94 2687 161 2715 tam,
177 2687 202 2710 et
216 2682 266 2710 uici
277 2681 346 2717 ejus,
362 2681 443 2715 uillaz,
457 2685 483 2709 et
501 2681 664 2710 habitatores
679 2681 777 2716 Cedar,
790 2685 844 2710 etc.

132 2773 214 2810 570
229 2772 313 2801 Vobis
327 2772 401 2807 istis,
416 2779 477 2808 quae
488 2779 558 2800 nova
569 2771 646 2808 prius
659 2772 775 2808 vocarit,
789 2777 882 2802 osten-

134 2863 154 2883 ’γι
170 2861 257 2891 lCnr.
276 2869 336 2896 vm,
353 2862 380 2890 5.
421 2860 442 2877 "
456 2859 560 2888 Coioss.
576 2867 608 2893 ιι,
627 2861 652 2889 9.

963 2502 1036 2526 t-ue'.
1055 2499 1224 2534 ’Υμνήσατε
1256 2497 1296 2530 τῷ
1319 2497 1416 2532 Κυρίῳ
1442 2497 1539 2531 ὕμνον
1560 2496 1683 2527 καινὸν,
1698 2495 1718 2530 ὴ

926 2545 1004 2580 ἁρχὴ
1019 2544 1122 2572 αὑτοῦ·
1139 2544 1276 2576 δοξάζετε
1289 2543 1323 2571 τὸ
1340 2542 1546 2579 ὄνομααὺτοῦ,
1561 2541 1614 2570 ἀπ’
1623 2541 1719 2575 ἄκρου

929 2590 981 2625 τῆς
996 2590 1063 2626 γῆς,
1084 2591 1112 2617 οἱ
1128 2590 1361 2622 καταϐαίνοντες
1389 2590 1433 2622 εις
1461 2587 1519 2622 τὴν
1541 2587 1719 2617 θάλασσαν.

929 2637 1076 2670 πλέοντες
1090 2635 1257 2670 damnaui
1271 2635 1372 2670 νῆσοι,
1387 2634 1438 2662 και
1460 2635 1488 2661 οὶ
1510 2632 1721 2664 κατοικοῦντες

930 2682 1034 2715 αὐτάς.
1047 2681 1248 2718 Εὐφράνθητι,
1263 2681 1385 2716 ἔρημος,
1399 2680 1448 2708 καὶ
1463 2680 1494 2707 αἱ
1505 2679 1598 2714 κῶμαι
1612 2677 1720 2711 αὐτῆς,

934 2728 1086 2761 ἐπαύλεις,
1109 2727 1160 2755 καὶ
1173 2729 1200 2755 οι
1215 2727 1426 2759 κατοικοῦντες
1440 2725 1550 2759 Κηδάρ,
1570 2733 1597 2751 κ.
1618 2731 1645 2750 τ.
1659 2723 1686 2750 λ.

978 2774 1127 2810 Ἐπήνεγκε
1168 2773 1211 2801 διὰ
1239 2772 1357 2806 τούτων,
1387 2772 1458 2808 ἅπερ
1482 2772 1534 2806 ἔφη
1568 2769 1722 2801 καιπιὲ,κε’
