2002 3078
219 126 290 158 2369

753 124 1020 156 COMMENTARII
1042 124 1081 155 [Ν
1103 124 1243 154 ISAIAM.

1775 127 1847 161 2370

221 181 304 206 λεύων
317 180 399 207 πᾶσιν
420 179 576 216 ἀνθρώποις
589 180 685 216 ὕμνον
698 181 792 215 ᾅδειν,
812 181 829 217 ἢ
851 181 922 208 κατὰ
946 180 1004 211 τοὺς

1060 179 1120 212 dit;
1139 179 1186 215 qui
1205 180 1343 215 hymnum,
1361 180 1403 208 vel
1423 181 1557 208 canticum
1578 181 1625 217 (ut
1638 182 1730 211 cmteri
1754 188 1847 212 trans-

221 225 341 257 λοιποὺς,
355 223 446 260 ᾆσμα’
466 226 559 261 ἐπειδὴ
573 226 592 260 ή
608 226 683 260 ἀρχὴ
697 226 779 253 αὑτοῦ
801 226 850 253 καὶ
876 225 1009 261 χαθολικὴ

221 270 331 302 ἐξουσία.
347 270 410 297 καθ’
425 271 489 306 ὂλης
518 271 670 306 ἐδοξάσθη
685 273 734 307 τῆς
749 273 810 308 γῆς.
827 272 1008 307 Πεπλήρωται

219 316 274 352 γὰρ
287 315 342 343 τῶν
359 316 413 343 ἀπὸ
438 317 488 352 τῆς
508 318 628 353 Χριστοῦ
649 318 835 354 προσηγορίας
853 318 1009 354 λεγομένων

218 362 400 398 Χριστιανῶν.
421 363 465 389 Ἐν
489 363 599 399 καθαρᾷ
616 364 645 391 δὲ
661 364 764 400 θεωρίᾳ
778 364 834 391 τῶν
857 364 1008 399 μελλόντων

218 408 233 434 ό
246 408 389 443 προφήτης
404 408 540 441 ἑστιαθεὶς
551 409 602 445 τὴν
617 410 716 446 ψυχὴν,
736 410 926 446 συνεορτάζειν
934 409 1008 445 αὑτῷ

218 454 266 480 καὶ
279 453 344 484 τοὺς
356 452 454 485 ἄλλους
470 454 634 489 παρακαλεῖ,
654 455 708 481 τῶν
728 455 840 489 ἀγαθῶν
856 455 1009 489 ὑμνοῦντας

217 499 248 525 τὺ
262 499 360 526 αῐτιον.
375 499 601 534 Παρηκολούθουν
615 501 671 536 γὰρ
695 501 720 527 οι
747 502 884 536 προφῆται
905 501 961 532 τοῖς
978 500 1008 533 ἐξ

217 544 324 571 ἑαυτῶν
343 543 512 579 λεγομένοις,
525 543 563 576 ὡς
574 545 640 572 ποτε
660 546 710 580 μὲν
721 545 926 581 παραιτεῖσθαι,
941 546 1008 573 ποτὲ

216 589 246 617 δὲ
261 589 369 625 χαίρειν
392 590 439 617 ἐπὶ
453 591 509 622 τοῖς
526 591 602 626 παρὰ
627 591 695 618 Θεοῦ
714 591 882 627 λεγομένοις.
901 593 934 618 Ὃ
959 592 1007 618 καὶ

216 635 265 663 νῦν
282 636 383 671 πάσχει
399 636 446 663 τοῦ
460 636 588 671 Σωτῆρος
603 637 653 672 τὴν
671 638 824 674 παρουσίαν
837 638 919 674 ὁρῶν,
934 638 1007 665 διδά-

218 690 291 709 σκων
306 681 365 717 ἅμα
376 682 414 714 ῶς
424 683 439 708 ὀ
454 683 642 718 φανησόμενος
658 683 761 719 Κύριος
775 684 805 710 οὐ
823 684 883 710 τότε
898 683 1007 720 πρῶτον

216 727 310 762 ἄρξει,
331 727 440 763 κρατῶν
463 728 492 755 δὲ
513 728 632 761 πάντων,
657 729 695 761 ὡς
717 729 794 761 Θεὸς,
815 729 935 761 καὶτοῖς
956 729 1005 756 ἐπὶ

216 773 274 808 γῆς
301 773 432 808 ὑπάρχων
454 773 575 805 τοιοῦτος
589 774 825 810 φανερωθήσεται,
848 783 1007 810 προκαταρ-

215 817 318 852 χόντων
333 817 416 844 αὐτοῦ
441 818 490 853 τῆς
509 818 637 852 γνώσεως
653 819 708 846 τῶν
732 820 924 855 ἐργαζομένων
939 821 1006 848 ἀπο-

217 863 320 890 στόλων
332 863 382 899 τὴν
394 864 555 896 θάλατταν,
569 865 603 900 ἢν
615 864 710 892 ἔπλεον
725 865 887 898 ἁλιεύοντες.
898 866 1006 900 Καινὸς

215 909 244 936 δὲ
264 909 359 944 ὕμνος
381 910 415 946 τῇ
441 910 496 937 τῶν
520 911 691 947 πραγμάτων
717 912 818 948 πρέπει
841 913 1005 948 καινότητι.

215 955 251 982 El'
263 964 306 987 τις
320 956 375 992 γὰρ
390 957 419 983 ὲν
435 957 556 992 Χριστῷ,
573 956 663 992 καινὴ
677 957 777 990 κτίσις,
796 958 843 985 καὶ
856 959 892 994 τὰ
905 960 1007 994 ἀρχαῖα

215 1000 370 1036 παρῆλθεν·
382 1001 477 1036 γέγονε
490 1001 519 1028 δὲ
533 1002 623 1029 πάντα
633 1002 730 1029 καινά.
748 992 1006 1040 ιινευματικῆςγὰρ

214 1046 349 1079 δουλείας,
365 1047 395 1074 οὐ
414 1047 561 1082 σαρκικῆς,
575 1048 647 1074 κατὰ
666 1048 711 1074 τὸν
735 1049 852 1085 Ἰσραὴλ,
870 1049 1003 1086 λελυτρώ‹

217 1091 305 1127 μεθα·
323 1092 373 1120 καὶ
388 1094 449 1120 ἀντὶ
467 1093 618 1125 πλινθείας,
635 1094 689 1121 τῶν
710 1095 743 1120 ἐκ
760 1095 939 1130 φιλοσαρκίας
954 1096 1006 1130 ἔξω

215 1137 370 1173 γεγόναμεν
400 1138 568 1174 μολυσμῶν,
593 1140 726 1174 φυγόντες
749 1140 800 1167 οὐκ
823 1142 1005 1176 ἑργοδιωκτὰς

214 1184 400 1218 Αἰγυπτίους,
417 1185 478 1212 οὐδὲ
502 1185 635 1220 τύραννον
651 1186 805 1222 ἄνθρωπον,
819 1188 883 1220 τοὺς
898 1189 927 1216 δὲ
942 1198 1006 1217 συν-

215 1228 353 1261 ωθοῦντας
383 1231 424 1262 είς
450 1232 589 1267 ἁμαρτίαν
615 1232 691 1267 ἡμᾶς
715 1232 857 1268 δαίμονας,
884 1235 930 1262 καὶ
958 1236 1004 1262 τὸν

215 1274 321 1307 τούτοις
343 1277 514 1311 ἐφεστηκότα
533 1277 665 1310 διάϐολον,
691 1278 729 1310 ὡς
749 1278 876 1315 διαϐῆναι
897 1280 948 1316 τὴν
973 1282 1005 1308 ἐκ

215 1320 263 1347 τοῦ
294 1321 352 1355 βίου
379 1321 495 1357 τύρδην,
510 1323 548 1353 ὡς
565 1323 726 1356 θάλατταν,
751 1324 798 1351 καὶ
821 1327 918 1360 φαγεῖν
945 1327 1005 1355 ἀντὶ

217 1364 314 1401 μάννα,
328 1367 374 1393 τὸν
389 1367 470 1403 ἄρτον
484 1369 530 1394 τὸν
540 1368 569 1401 ἐξ
583 1369 699 1404 οὐρανοῦ
712 1370 759 1397 καὶ
773 1369 847 1406 ζωὴν
860 1371 899 1407 τῷ
910 1371 1006 1408 κόσμῳ

215 1412 372 1447 παρέχοντα
384 1421 392 1428 ·
406 1413 455 1440 καὶ
469 1415 526 1445 τοῖς
538 1414 568 1440 ὲκ
581 1415 698 1450 Χριστοῦ
713 1415 762 1450 τῆς
775 1416 885 1450 πέτρας
897 1418 1006 1453 ἐνετρύ-

217 1466 307 1492 φησαν
323 1462 336 1476 σε
351 1458 401 1494 μὲν
416 1459 530 1494 νάμασι,
547 1460 674 1494 τυχόντες
697 1469 726 1487 τε
743 1461 790 1488 τοῦ
809 1461 882 1489 θείου
905 1463 1004 1497 βαπτί-

1059 224 1197 259 tttlerunt)
1216 225 1346 252 mortales
1370 233 1466 252 omnes
1484 234 1579 253 canere
1604 227 1764 262 praecipiat;
1783 237 1846 256 cum

1058 270 1226 304 principatus
1242 270 1315 304 ejus,
1330 277 1496 305 summaque
1511 272 1538 298 in
1554 279 1651 300 omnes
1667 278 1789 308 potestas
1800 282 1848 309 pur

1058 316 1154 344 orbem
1167 316 1327 344 universum
1343 316 1520 351 gloriﬁcatur.
1531 317 1566 344 Iis
1581 318 1654 345 enim
1673 323 1748 347 Intus
1761 321 1848 347 refer.

1058 363 1104 387 tus
1117 363 1170 392 est,
1185 360 1230 394 qui
1248 359 1281 387 de
1294 359 1397 388 Christi
1413 360 1525 388 nomine
1538 361 1689 389 Christiani
1704 364 1846 398 appellan-

1057 409 1114 434 tlll'.
1131 404 1277 440 Postquam
1290 410 1381 432 autem
1404 413 1472 440 pura
1489 413 1581 433 rerum
1606 407 1761 435 futurarutn
1781 417 1847 436 COII-

1058 450 1233 486 templatione
1261 451 1383 478 animum
1401 459 1482 478 suutn
1511 453 1621 480 satiavit
1646 454 1794 489 propheta;
1812 456 1847 483 ad

1057 496 1166 524 easdem
1178 495 1234 530 jam
1250 496 1346 531 epulas
1357 500 1384 524 et
1396 496 1466 523 alios
1476 497 1557 524 etiam
1572 497 1680 532 invitat,
1692 506 1846 535 secumque

1057 541 1193 569 bonorum
1209 545 1350 570 auctorem
1368 543 1511 570 celebrare
1540 543 1712 573 adhortatur.
1740 545 1846 575 Intelli-

1057 587 1158 622 gcbant
1172 588 1245 615 enim
1260 588 1399 622 prophetae
1414 595 1475 623 quae
1487 596 1501 615 a
1522 596 1553 616 se
1569 589 1749 625 dicebautur;
1766 592 1845 619 inde-

1057 639 1111 667 que
1149 639 1197 660 eos
1225 632 1368 668 deprecari
1395 633 1554 669 aliquando,
1585 635 1733 670 aliquando
1763 636 1845 669 etiam

1056 679 1206 714 postulare,
1221 679 1307 706 laetari
1320 679 1440 714 denique
1455 688 1655 716 nonnunquam
1671 681 1717 710 Dei
1731 690 1846 718 respon-

1057 732 1088 752 so
1102 724 1198 753 videas
1217 733 1224 752 :
1243 725 1317 760 qttod
1333 731 1361 752 et
1375 733 1450 753 nunc
1467 727 1570 761 patitur
1587 727 1682 760 Isaias,
1705 728 1752 763 qui
1767 736 1844 756 com-

1056 769 1150 797 munis
1165 770 1287 797 omuiutu
1301 771 1453 799 Salvatoris
1469 772 1616 800 adventum
1632 773 1753 806 intuens,
1768 781 1845 800 eunt-

1057 815 1119 843 dem
1153 816 1246 849 simul,
1280 823 1342 843 cum
1376 818 1529 852 apparebit,
1556 826 1610 845 non
1635 822 1693 846 tum
1726 819 1844 854 primum

1058 861 1196 896 imperium
1227 869 1309 890 suum
1338 863 1567 897 auspicaturum,
1595 864 1655 896 sed,
1681 863 1728 899 qui
1763 864 1843 899 47],

1057 907 1180 935 omnium
1196 907 1317 942 potiatur
1332 913 1463 943 tanquam
1482 908 1566 941 Deus,
1580 909 1614 936 iis
1637 910 1731 942 etiam,
1753 910 1800 945 qui
1817 910 1844 936 in

1058 959 1129 982 terra
1147 958 1306 987 versantur,
1321 955 1403 982 talem
1420 962 1449 982 se
1462 955 1604 990 prmlibata
1626 956 1667 983 sIIi
1683 955 1843 991 cognitione

1056 1008 1105 1035 per
1120 1001 1270 1036 apostolos,
1286 1001 1331 1036 qui
1350 1000 1525 1036 piscatoriam
1540 1001 1625 1029 vitam
1643 1005 1755 1036 agentes
1768 1009 1843 1028 mare

1057 1048 1208 1083 fatigabant
1223 1048 1256 1080 ",
1272 1052 1448 1075 ostensurum
1461 1047 1552 1075 docet.
1571 1047 1655 1075 Decet
1669 1055 1735 1075 vero
1749 1055 1842 1075 rerum

1056 1093 1198 1122 nouitatem
1213 1098 1239 1121 et
1250 1093 1341 1128 hymni
1356 1101 1465 1128 quoque
1479 1094 1592 1120 novitas.
1609 1092 1638 1120 Si
1653 1093 1716 1128 quis
1727 1093 1798 1121 enim
1815 1094 1843 1121 in

1056 1139 1166 1167 Christo
1181 1142 1234 1171 est,
1247 1143 1372 1167 creatura
1393 1148 1461 1166 nova
1477 1145 1536 1172 est;
1553 1140 1757 1174 autiquatisque
1767 1143 1844 1167 vetc-

1056 1186 1144 1217 ribus,
1156 1194 1223 1212 naua
1236 1184 1276 1213 illi
1293 1184 1386 1213 omnia
1401 1185 1531 1212 abierunt
1545 1186 1580 1212 ".
1597 1185 1740 1220 Spirituali
1756 1185 1844 1221 siqui-

1056 1232 1130 1264 detn,
1151 1239 1206 1259 non
1218 1232 1322 1259 carnali
1336 1231 1479 1262 servitute.
1498 1235 1528 1258 ut
1540 1231 1625 1258 Israel
1643 1231 1777 1266 redempti
1796 1239 1843 1259 su-

1056 1285 1118 1305 mus
1133 1286 1141 1311 ;
1156 1283 1248 1313 neque
1268 1278 1382 1305 laterum
1401 1277 1588 1310 confectione,
1611 1277 1658 1305 sed
1672 1277 1765 1305 carnis
1781 1277 1842 1304 illc-

1056 1324 1145 1352 ccbris
1156 1324 1428 1359 inquinamentisque
1440 1324 1561 1358 liberati,
1573 1331 1626 1351 non
1639 1324 1720 1351 modo
1731 1332 1842 1359 operum

1056 1374 1198 1398 exactores
1209 1370 1362 1406 Egyptios,
1373 1370 1574 1406 tyrannumque
1587 1370 1687 1405 ipsum,
1697 1371 1744 1398 sed
1755 1371 1843 1398 malos

1056 1417 1204 1449 datmones,
1215 1424 1364 1452 eorumque
1373 1417 1536 1452 principem,
1549 1424 1564 1444 a
1575 1417 1677 1452 quibus
1689 1417 1722 1444 ad
1735 1418 1840 1445 scelera

1056 1462 1240 1498 rapiebamur,
1259 1461 1420 1497 eifugitnus;
1437 1463 1553 1498 vitatque
1579 1463 1671 1496 istius,
1708 1467 1839 1498 tanquam

217 1511 320 1538 σματος
336 1504 382 1530 τὸν
403 1505 538 1541 Ἰορδάνην
552 1505 691 1541 διέϐημεν,
715 1507 755 1538 εἰς
770 1507 822 1542 γῆν
841 1509 1004 1542 εἰσελθόντες

1058 1509 1140 1536 maria
1165 1511 1356 1543 tempestatem
1385 1507 1538 1536 incolumes
1560 1508 1717 1541 evasimus;
1742 1513 1769 1536 et
1794 1516 1844 1543 pro

215 1549 266 1585 τήν
281 1551 337 1581 τοῖς
358 1550 444 1584 ἁγίοις
462 1551 681 1587 ἐπηγγελμένην,
696 1553 729 1588 ἦν
746 1554 771 1580 οί
790 1555 1006 1591 μακαριζόμενοι

216 1594 417 1631 κληρονομοῦσι
444 1598 557 1632 πραεῖς·
587 1597 630 1632 ἐφ’
654 1595 694 1630 οἷς
723 1599 776 1626 ἔδει
804 1601 931 1635 γενέσθαι
959 1603 1006 1629 τὸν

216 1641 313 1675 ὕμνον
327 1642 386 1678 Θεῷ
402 1643 482 1677 παρὰ
496 1643 551 1677 τῆς
566 1644 662 1679 ἀρχῆς
672 1645 776 1679 αὑτοῦ,
788 1646 842 1672 τῶν
853 1647 898 1673 ὑπ’
911 1648 1004 1681 αὐτοῦ,

216 1687 289 1714 καθά
305 1687 372 1722 φασί
387 1696 470 1721 τινες,
483 1689 642 1724 ἀρχομένων
653 1691 683 1717 οὐ
706 1693 776 1718 κατὰ
790 1693 839 1726 τὴν
863 1693 1002 1726 Ἰουδαίαν,

217 1733 287 1760 κατὰ
300 1733 329 1760 δὲ
345 1735 438 1761 πᾶσαν
454 1734 513 1768 τὴν
530 1735 660 1770 γῆνκχοὺ
681 1737 735 1772 γὰρ
750 1737 787 1768 ὡς
810 1738 895 1765 πάλαι
925 1739 955 1765 ἐν
970 1741 1003 1775 τῇ

222 1777 336 1814 Ἰουδαίᾳ
348 1779 467 1812 γνωστὸς
479 1781 493 1806 ὁ
509 1780 626 1815 Κύριος,
646 1781 694 1807 καὶ
707 1783 736 1808 ὲν
752 1782 825 1818 μόνῳ
837 1783 876 1818 τῷ
897 1784 1005 1820 Ἰσραὴλ

216 1824 247 1851 τὸ
261 1824 346 1859 δνομα
359 1825 453 1853 αὐτοῦ.
470 1826 580 1862 Πλήρης
594 1827 622 1853 δὲ
637 1827 684 1853 νῦν
702 1828 715 1854 ό
734 1828 848 1863 οὐρανὸς
873 1830 919 1856 καὶ
936 1831 951 1866 ή
968 1832 1003 1866 γῆ

216 1870 266 1905 τῆς
279 1870 357 1905 δόξης
368 1870 462 1898 αὐτοῦ.
479 1871 533 1898 Καὶ
550 1871 631 1898 Δαΰὶδ
647 1872 675 1898 δέ
691 1881 773 1908 φησιο
792 1874 1003 1910 [Ιληρωθήσεται

215 1915 265 1951 τῆς
279 1915 359 1951 δόξης
374 1917 456 1944 αὑτοῦ
469 1918 545 1944 πᾶσα
561 1918 578 1954 ἡ
595 1917 643 1953 γῆ.

1059 1561 1170 1586 manna,
1185 1560 1280 1588 panem
1297 1553 1330 1580 de
1342 1552 1424 1586 cmlo,
1439 1553 1484 1588 qui
1504 1553 1607 1593 mundo
1624 1554 1709 1581 vitam
1727 1554 1840 1589 prmbet,

1057 1600 1166 1628 edimus
1178 1600 1211 1626 ".
1228 1600 1286 1627 InIo
1301 1603 1328 1627 et.
1342 1599 1481 1632 laticibus,
1499 1600 1547 1634 qui
1571 1600 1604 1627 de
1632 1605 1718 1634 petra,
1748 1601 1774 1627 id
1800 1605 1842 1628 est

1057 1646 1179 1678 Christo,
1197 1650 1353 1679 manarunt,
1369 1645 1402 1672 ad
1415 1645 1529 1673 delicias
1544 1653 1631 1681 usque
1651 1646 1716 1680 poti,
1731 1651 1842 1673 sancto-

1057 1701 1110 1728 que
1124 1691 1289 1727 baptismate
1305 1691 1403 1723 abluti,
1419 1691 1537 1726 trajecta
1553 1691 1674 1719 Jordane
1685 1691 1843 1727 impromis-

1057 1746 1116 1766 sam
1135 1743 1233 1766 terram
1249 1737 1462 1773 penetravimus,
1481 1745 1563 1772 quam
1579 1738 1627 1773 qui
1648 1738 1721 1765 beati
1742 1738 1843 1773 praedi—

1056 1790 1165 1817 cantur,
1180 1784 1260 1812 mites
1282 1787 1492 1819 consequuntur
1506 1785 1539 1812 ⁷⁸.
1569 1784 1692 1817 Quorum
1720 1785 1841 1815 nomine.

1055 1831 1182 1866 hymnum
1200 1829 1256 1856 Deo
1270 1829 1302 1856 ab
1315 1829 1372 1864 ejus
1388 1830 1550 1864 principatu,
1567 1830 1594 1857 id
1609 1834 1663 1862 est,
1674 1834 1703 1857 ut
1718 1831 1841 1857 nonnulli

1055 1880 1163 1912 putant,
1173 1875 1208 1903 ab
1218 1875 1279 1910 ejus
1290 1875 1419 1907 subditis,
1433 1882 1487 1901 non
1500 1875 1527 1901 in
1537 1874 1642 1908 Iudaea,
1656 1875 1702 1902 sed
1716 1875 1841 1902 universa

1055 1926 1138 1953 terra,
1155 1919 1261 1948 cantari
1277 1919 1378 1947 decuit.
1391 1918 1450 1946 Non
1469 1920 1554 1951 enim,
1568 1924 1597 1946 ut
1618 1920 1683 1946 olim
1706 1920 1732 1947 in
1749 1919 1826 1946 Iudae

216 1968 299 1991 notus
316 1963 448 1993 Dominus
464 1965 504 1998 ",
517 1966 558 1993 sic
571 1970 598 1993 et
618 1973 692 1993 nunc
714 1966 741 1994 in
768 1967 870 1995 Israele
898 1972 1003 1997 tantum
1024 1969 1183 1997 celebratur
1199 1975 1298 1994 nomen
1315 1967 1386 2001 ejus,
1404 1967 1451 1994 sed
1469 1966 1594 2001 cjusdetn
1626 1967 1707 1994 laude
1741 1968 1842 1996 coelum

215 2012 243 2036 et
260 2012 344 2046 terra,
364 2009 465 2037 Davide
475 2014 557 2042 teste,
575 2011 741 2045 redundant,
761 2011 807 2047 qui
832 2012 892 2047 ejus
915 2013 1001 2048 gloria
1022 2018 1122 2043 terram
1138 2020 1246 2041 omnem
1263 2011 1392 2046 repletam
1410 2011 1444 2038 iri
1462 2011 1625 2039 vaticinatus
1634 2015 1674 2039 est
1691 2011 1714 2028 "

250 2054 330 2087 Τίνες
345 2055 373 2081 δὲ
388 2056 412 2081 of.
429 2056 492 2088 τοὺς
509 2056 622 2092 ᾄδοντας
632 2057 677 2082 τὸν
690 2057 796 2084 καινὸν
806 2057 903 2092 ὕμνον
917 2058 1008 2086 ἱστάν-

215 2109 273 2135 τες,
291 2101 338 2128 καὶ
354 2101 422 2137 πρὸς
440 2101 520 2137 χορὸν
538 2102 739 2136 συγκαλοῦντες
753 2105 959 2139 πνευματικόν;
974 2106 1006 2132 ΟΞ

215 2147 265 2182 τὴν
276 2146 429 2175 θάλατταν
448 2147 593 2181 πλέοντες
607 2147 652 2174 διὰ
666 2148 715 2184 τὴν
731 2149 829 2185 τέχνην
848 2149 1003 2178 ἀπόστολοι.

217 2193 273 2230 Καὶ
286 2194 327 2220 ὅτι
342 2194 390 2227 τὴν
401 2193 462 2220 καθ’
474 2194 548 2229 ἡμᾶς
559 2194 752 2230 περιπλέοντες
762 2194 923 2229 θάλατταν,
939 2197 1004 2223 ποτὲ

218 2229 269 2273 μὲν
288 2239 323 2265 ὲν
334 2239 443 2273 νήσοις
462 2240 621 2275 ἐκήρυττον,
639 2240 705 2267 ποτὲ
718 2240 746 2267 δὲ
754 2240 803 2275 τῆς
824 2241 938 2273 Ἰταλίας
957 2243 1004 2269 καὶ

223 2283 361 2316 Ἱσπανίας
381 2285 520 2312 ἐπέκεινα.
535 2285 669 2312 Ἔπλεον
695 2285 724 2312 δὲ
739 2286 787 2312 καὶ
808 2286 854 2313 τοῦ
881 2287 939 2323 βίου
954 2288 1004 2323 τὴν

216 2330 378 2364 θάλατταν,
392 2331 427 2357 ἐν
444 2330 552 2364 νήσοις
573 2332 633 2363 ταῖς
653 2331 708 2358 τῶν
731 2331 816 2359 ἐθνῶν
831 2333 1005 2369 Ἐκκλησίαις

216 2376 398 2412 κηρύττοντες
422 2376 470 2403 τοῦ
501 2377 559 2413 βίον
585 2378 635 2409 τὰς
657 2378 820 2414 προσϐολὰς,
841 2379 879 2412 ὡς
895 2380 1006 2415 κύματα

216 2423 366 2458 φερούσαις
381 2423 428 2449 καὶ
454 2422 608 2458 πνεύματα,
629 2424 694 2459 περὶ
716 2421 749 2460 ἧς
766 2433 848 2459 φησιν
872 2426 886 2452 ὸ
907 2426 1004 2453 Δαὸίδ·

219 2477 228 2494 ι
239 2467 314 2503 Δῦτη
340 2469 357 2503 ἡ
380 2467 503 2495 θάλασσα
520 2468 537 2503 ἡ
566 2469 672 2504 μεγάλη
689 2469 736 2496 καὶ
752 2469 917 2506 εὐρύχωρος,
933 2480 942 2497 ι
960 2472 1007 2498 καὶ

215 2513 250 2540 τὰ
259 2513 365 2546 τούτοις
381 2514 513 2548 ἑπόμενα.
531 2514 608 2541 Ἐπεὶ
619 2513 723 2542 καὶτοῦ
736 2515 793 2550 βίου
807 2516 841 2542 τὰ
856 2517 1007 2551 πράγματα

215 2559 247 2586 τὸ
260 2559 435 2594 ἀστάθμητον
451 2560 558 2595 ἔχοντα,
575 2560 630 2587 ἄνω
649 2561 724 2588 κάτω
741 2561 871 2597 συγχύσει
888 2563 1004 2589 κινεῖται

215 2606 312 2642 πολλῇ,
329 2607 362 2641 ἣν
379 2606 555 2634 διαπλέουσιν
579 2607 604 2633 οι
620 2606 658 2642 μὴ
678 2607 747 2643 πρὶς
767 2608 852 2642 αὐτῆς
876 2608 1005 2643 βαπτιζό-

217 2661 304 2688 μενοι,
317 2653 373 2679 τῶν
391 2653 419 2680 δὲ
433 2652 538 2689 ταύτης
557 2653 689 2689 κυμάτων
714 2654 940 2691 ὕπερανέχοντες,
960 2656 1007 2690 δη-

248 2709 272 2725 ⁷¹
289 2709 384 2736 Matth.
403 2717 438 2740 Iv,
453 2709 495 2737 18.
534 2709 556 2726 ⁷⁸
569 2709 590 2736 Il
605 2709 668 2737 Cor.
684 2719 711 2743 v,
729 2711 773 2738 I7.

214 2752 294 2777 Lxxv,
311 2745 338 2771 Ξ.
376 2744 398 2760 ⁷⁸
414 2743 487 2772 Psal.
503 2752 614 2779 CXLVIII,
632 2746 677 2774 I3.
715 2746 739 2762 "’
756 2745 830 2775 Psal.
847 2754 906 2778 cut,
921 2746 966 2773 25.

828 2711 851 2726 ”
865 2710 944 2738 Joau.
959 2718 996 2743 vt,
1010 2711 1054 2743 5|,
1075 2710 1126 2742 55;
1148 2709 1232 2737 lCor.
1250 2717 1278 2743 x,
1291 2709 1318 2742 5,
1334 2708 1360 2736 4.

1095 2059 1208 2091 Verum,
1227 2058 1340 2094 quinam
1351 2061 1426 2089 sunt,
1443 2057 1489 2092 qui
1506 2057 1589 2084 allato
1611 2064 1674 2084 novo
1692 2056 1789 2092 hymno
1810 2058 1842 2084 ad

1060 2104 1203 2140 spirituale
1223 2102 1372 2138 tripudium
1394 2101 1593 2129 cohortantur?
1612 2101 1734 2136 Apostoli
1760 2102 1842 2130 nimi-

1058 2158 1131 2182 rum,
1151 2149 1198 2184 qui
1218 2148 1359 2184 navigandi
1379 2147 1477 2183 peritia
1497 2155 1570 2174 mare
1587 2151 1764 2182 superarunt.
1791 2148 1842 2179 Qui

1058 2203 1133 2223 mare
1147 2194 1248 2222 deinde
1263 2194 1344 2221 nobis
1359 2193 1557 2221 circumfusum
1574 2193 1745 2225 oberrantes,
1760 2193 1842 2220 Chri—

1057 2248 1129 2270 stum
1145 2241 1255 2276 quidem
1277 2240 1347 2268 alias
1370 2239 1398 2266 in
1432 2239 1539 2272 insulis,
1568 2239 1637 2267 alias
1663 2239 1745 2266 etiam
1772 2239 1843 2266 ultra

1055 2286 1170 2319 Italiam,
1189 2285 1314 2319 ultraque
1338 2283 1497 2318 Hispaniam
1513 2283 1734 2318 promulgarunt.
1759 2281 1844 2308 Navi-

1054 2337 1152 2368 garunt
1168 2338 1233 2359 vero
1250 2335 1277 2358 et
1298 2331 1359 2357 vita:
1376 2329 1456 2357 istius
1470 2329 1589 2364 pelagus,
1613 2329 1677 2355 dum
1704 2329 1843 2356 Ecclesias

1055 2379 1188 2415 gentium,
1201 2385 1262 2413 quze
1273 2377 1336 2404 vitae
1351 2375 1434 2410 hujus
1446 2377 1603 2408 insultibus,
1617 2380 1746 2411 tanquam
1761 2374 1842 2402 undis

1055 2429 1083 2452 et
1095 2424 1195 2455 ventis.
1210 2423 1418 2459 quatiebantur,
1435 2423 1463 2449 in
1479 2422 1579 2449 insulis
1599 2422 1771 2449 docuerunt:
1787 2427 1843 2454 quo

1057 2471 1090 2498 de
1104 2475 1130 2498 et.
1151 2470 1196 2497 illa
1211 2473 1278 2497 sunt
1293 2468 1405 2496 Davidis
1419 2478 1426 2496 :
1442 2477 1451 2494 t
1486 2468 1543 2495 Hoc
1565 2475 1640 2495 mare
1665 2473 1794 2501 magnum
1815 2469 1842 2493 et

1057 2519 1209 2553 spatiosum
1227 2517 1260 2550 ⁷³,
1283 2526 1293 2543 ι
1310 2520 1465 2550 ceteraque
1484 2522 1544 2550 qua
1559 2517 1722 2549 sequuntur.
1737 2512 1842 2539 Incerta

1057 2565 1155 2593 deinde
1180 2568 1208 2591 et
1233 2562 1420 2591 inconstantia
1446 2567 1510 2589 sunt
1534 2561 1617 2595 hujus
1646 2559 1707 2587 vita:
1721 2558 1840 2594 negotia.

1058 2616 1212 2643 magnaque
1235 2616 1286 2636 nos
1311 2606 1474 2634 confusione
1498 2613 1608 2633 sursum
1628 2605 1757 2632 deorsum
1787 2603 1844 2636 agi-

1057 2659 1128 2688 tant,
1142 2654 1242 2690 quibus
1256 2661 1285 2682 se
1299 2653 1348 2681 soli
1363 2653 1512 2688 explicant,
1529 2652 1576 2687 qui
1595 2651 1650 2679 illis
1664 2650 1746 2687 472
1770 2656 1843 2676 nun-

1435 2707 1457 2723 "
1474 2706 1569 2734 Matth.
1587 2714 1612 2738 ν,
1632 2707 1658 2734 ι.
1733 2705 1754 2721 ⁷⁷
1766 2703 1840 2731 Psal-

857 2802 977 2831 YARIA‘L-
995 2801 1076 2831 LEC'I
1085 2800 1196 2830 IONES.

248 2841 260 2856 9
275 2837 318 2864 Ie.
339 2836 534 2872 ἐνετρύφημεν.
