2002 3078
1177 42 1193 54 δ

151 114 220 147 2371
820 107 996 140 PROCOPII
1015 107 1137 138 GAZIEI
1720 106 1792 140 2372

153 176 236 205 quam
252 166 375 204 demergi
404 175 435 196 se
448 167 603 204 patiuntur,
619 166 645 195 id
661 171 715 199 est,
730 166 777 202 qui
797 166 943 195 mundanis

1000 165 1065 201 λαδὴ
1075 165 1131 192 τῶν
1153 164 1295 200 κοσμικῶν
1317 164 1386 201 πρός
1405 172 1437 198 γε
1467 165 1524 197 τοῖς
1541 164 1631 196 ἄλλοις
1652 173 1790 200 περισπα-

153 223 183 244 se
199 208 428 250 occupationibus
442 221 499 241 non
515 213 669 241 involvunt.
691 212 833 248 lntelligas
853 217 881 240 et
903 212 943 239 in-

1001 212 1086 248 σμῶν.
1100 210 1197 243 Efﬁcit;
1218 211 1241 238 δ’
1258 211 1291 238 ἂν
1306 211 1434 244 νήσους,
1452 211 1499 238 καὶ
1514 210 1563 242 τὰς
1584 211 1637 246 πρὸ
1652 210 1702 246 τῆς
1724 211 1791 247 Χρι-

153 261 275 288 solarum
288 259 413 292 nomine,
429 266 526 287 eorum
541 259 625 287 etiam
640 258 758 291 animas,
773 258 821 293 qui
843 257 943 285 amaris

1000 258 1061 285 τιτοῦ
1079 257 1232 294 παρουσίας
1250 257 1366 284 πάθεσιν
1386 257 1520 292 ἁλμυροῖς
1540 256 1765 292 κατακλυζομένα
1776 256 1790 277 ἀ

155 304 410 340 perturbationibus
423 308 487 331 ante
498 303 600 331 Christi
612 304 759 331 adventum
771 302 945 330 inundaban-

1002 304 1097 340 ψυχάς.
1117 305 1175 338 Ἐφ’
1185 302 1226 336 οἷς
1238 313 1320 339 φησιν
1330 311 1337 319 ο
1352 303 1554 338 Εὐφράνθητι,
1569 303 1688 338 ἕρημος,
1704 303 1792 330 καὶαι

155 355 210 378 tur.
222 350 328 384 Quibus
340 350 454 385 subjicit
470 358 477 377 :
493 349 598 377 Laztare
609 349 756 382 desertum,
768 353 793 376 et
808 349 859 376 uici
870 349 926 384 ejus
937 356 945 380 ,-

1000 350 1092 386 κῶμαι
1121 350 1238 385 αὐτῆς,
1262 350 1280 386 ἢ
1307 350 1379 377 κατὰ
1391 351 1454 382 τοὺς
1469 350 1591 383 λοιποὺς,
1619 351 1649 376 αὶ
1676 350 1790 382 πόλεις.

155 400 203 424 aut
218 395 369 424 secundant
388 395 469 428 alios,
495 395 625 422 civitates.
651 394 754 422 Multas
770 393 906 429 siquidem
919 393 945 420 in

1001 397 1101 424 Πολλαὶ
1110 396 1170 432 γὰρ
1199 396 1305 429 πόλεις
1323 397 1353 423 ἐν
1379 396 1529 431 Ἐκκλησία
1554 395 1634 426 Θεοῦ.
1655 395 1727 422 κατὰ
1743 396 1791 428 τὰς

155 443 280 470 Ecclesia
301 442 349 470 Dei
379 441 515 474 civitates,
534 448 585 476 pro
610 441 688 468 varia
710 447 806 468 earum
829 439 945 467 admini-

1001 442 1144 479 διαφόρους
1156 442 1308 475 πολιτείας,
1320 441 1511 469 ἐπινοοῦνται.
1539 442 1584 468 Διὸ
1607 443 1659 468 κὰν
1682 442 1715 477 τῇ
1743 441 1791 475 τῆς

157 488 263 516 strandi
278 487 450 524 regendique
465 488 583 519 ratione,
600 487 732 522 reperias.
745 487 862 521 Ideoque
877 491 904 514 et
919 485 947 512 in

1002 488 1139 523 Αἰγύπτου
1155 489 1261 524 ὁράσει,
1280 487 1360 514 πέντε
1380 488 1487 521 πόλεις
1502 487 1595 522 ἔλεγεν
1620 488 1649 514 ὲν
1662 487 1792 521 Αἰγύπτῳ

155 533 266 570 Egypti
276 533 393 567 visione,
405 533 530 568 quinque
552 533 672 560 civitates
691 532 719 559 in
739 531 945 567 IEgypto,qu:e

1002 534 1165 570 γενήσεσθαι
1177 533 1311 565 λαλούσας
1326 533 1434 568 γλώττῃ
1447 534 1481 568 τῇ
1491 532 1660 560 Χανανιτιδι.
1672 531 1750 563 Τινὲς
1764 531 1792 557 δὲ

155 579 246 614 lingua
258 579 412 606 Chanauaea
434 582 589 610 uterentur,
611 577 672 604 fore
692 576 867 612 praedixerat.
887 576 945 604 Non

1001 581 1107 614 πόλεις
1137 579 1250 614 ἐρήμου
1276 580 1343 614 φασὶ
1371 579 1421 611 τὰς
1445 578 1662 614 ἐπιφερομένας,
1687 578 1737 613 τήν
1762 585 1791 604 τε

155 624 257 663 desunt
268 628 372 656 tamen,
401 623 448 659 qui
466 623 563 650 deserti
587 623 709 650 civitates
720 629 768 650 eas
788 630 851 650 esse
876 622 945 649 arbi-

1003 626 1102 661 Κηδὰρ
1117 627 1165 653 καὶ
1178 627 1226 661 τὴν
1241 626 1367 660 Πέτραν.
1382 622 1434 652 Ὧν
1452 626 1469 661 ὴ
1487 625 1535 661 μὲν
1553 624 1649 660 Κηδὰρ
1663 624 1793 660 Σαρακη-

156 674 274 703 trantur,
308 677 377 705 quas
403 669 461 696 suis
485 669 643 696 nominibus
676 667 764 696 Cedar
797 672 825 695 et
838 666 946 694 Petram

1003 672 1055 700 νῶν
1069 672 1147 704 πόλις
1172 672 1302 699 ἐπέκεινα
1318 673 1368 707 τῆς
1388 671 1519 706 Ἀραϐίας
1543 671 1589 697 ἐπὶ
1602 670 1653 704 τῆς
1675 669 1793 704 ἐσχάτης

155 720 325 751 nuncupat:
354 722 472 750 quarum
504 715 551 742 illa
579 713 808 746 Sarracenorum,
825 717 945 740 extremo

1003 718 1127 754 ἐρήμου.
1143 718 1234 753 Πέτρα
1245 717 1274 744 δὲ
1291 717 1560 752 δεισιδαιμονεστάτη
1576 715 1654 747 πόλις
1666 716 1714 751 τῆς
1738 716 1793 741 Πα-

156 770 240 798 supra
259 761 390 790 Arabiam
418 762 521 788 deserto
550 761 602 788 sita
626 765 678 793 est,
714 761 771 787 haec
801 765 892 787 autem
922 759 946 786 in

1005 763 1145 798 λαιστίνης
1157 771 1164 778 ’
1181 762 1215 789 δι’
1231 759 1269 789 ὧν
1286 762 1434 798 γνωρίμων
1450 761 1537 788 οὐσῶν
1558 761 1705 792 Ἰουδαίοις,
1721 760 1795 795 δηλοί

156 807 302 834 Palaestina
332 807 453 841 regione,
487 806 621 841 impietati
644 809 671 833 et
698 804 886 840 superstitioni
904 804 946 831 ad-

1005 810 1053 836 καὶ
1065 810 1105 841 είς
1128 810 1191 841 τοὺς
1206 809 1240 836 τὰ
1256 808 1359 843 ἔσχατα
1376 806 1572 839 κατοικοῦντας
1585 806 1641 841 τῆς
1656 806 1712 841 γῆς
1727 807 1794 841 φθά-

156 854 320 882 dictissima.
354 853 477 886 Quarum
509 854 660 886 mentione,
688 856 817 887 tanquam
849 850 946 878 Judaei:

1006 865 1063 883 σειν
1088 855 1138 891 τὴν
1162 841 1359 890 εὐφροσύνην
1383 853 1432 889 τὴν
1460 853 1573 889 λογικὴν
1595 853 1643 880 καὶ
1669 855 1709 884 εις
1732 853 1796 884 τοὺς

157 904 230 927 Βοιαὶ
264 899 330 932 Sint.
367 899 400 927 ad
427 902 566 926 8111⁵811ιο8
600 905 689 933 usque
724 902 802 925 ιεῖηε
846 897 952 925 ῖηοοιθε
1004 902 1125 938 ἐσχάτην
1150 900 1372 936 εἰδωλολατρειαν
1398 900 1577 935 νοσήσαντας.
1598 899 1648 926 Διὰ
1675 899 1796 934 μερικῶν

156 945 240 974 etiam
263 945 418 974 idololatria
450 946 570 972 maxime
597 944 767 976 laborantes.
794 947 946 972 mananterr

1006 949 1060 984 γάρ
1075 957 1156 975 τινων
1175 950 1193 982 ὴ
1219 946 1316 983 Γραφὴ
1331 945 1379 974 καὶ
1402 947 1459 978 τοῖς
1477 946 1627 982 ἀκροαταῖς
1650 945 1796 981 γνωρίμων

157 998 192 1019 ex
222 991 308 1019 verbo
353 991 479 1019 ltetitimn
509 995 704 1026 perventuram
743 997 806 1018 esse
846 989 947 1025 signiti-

1006 995 1055 1030 τῆς
1073 986 1164 1030 πάσης
1175 993 1227 1029 γῆς
1242 994 1290 1028 τὴν
1307 992 1471 1027 θεογνωσίαν
1488 992 1665 1027 παρίστησιν.
1679 992 1756 1018 Ἔστι
1768 991 1796 1018 δὲ

157 1041 212 1065 eat.
233 1038 272 1065 Ex
290 1038 407 1073 singulis
427 1037 501 1065 enim
530 1037 697 1072 quibusdam
729 1041 757 1065 et
779 1036 947 1064 auditoribus

1005 1039 1052 1066 νῦν
1075 1039 1140 1066 ἰδεῖν
1167 1038 1206 1070 ὡς
1229 1038 1277 1065 καὶ
1298 1037 1375 1074 παρὰ
1402 1038 1459 1069 τοῖς
1487 1037 1645 1073 εἰρημένοις
1678 1036 1795 1072 Χριστοῦ

158 1084 272 1111 minime
289 1084 403 1119 ignotis,
420 1083 454 1110 ad
468 1089 564 1119 gentes
581 1083 727 1111 universas
752 1088 948 1118 perventuram

1007 1085 1187 1120 τυγχάνουσιν
1201 1083 1365 1118 Ἐκκλησίαι
1377 1083 1449 1110 κατὰ
1462 1083 1511 1119 τὴν
1525 1083 1687 1118 πρόρρησιν.
1704 1082 1797 1114 Εἵποις

158 1138 222 1159 esse
240 1130 286 1158 Dei
303 1130 492 1166 cognitionem
506 1130 688 1158 demonstrat.
705 1129 819 1162 Deinde,
831 1133 860 1157 et
881 1130 948 1165 apud

1007 1130 1026 1156 δ’
1043 1129 1076 1156 ἂν
1091 1129 1138 1156 xa‘t
1151 1129 1199 1161 τὰς
1210 1129 1300 1164 ψυχὰς
1314 1129 1364 1160 τὰς
1378 1128 1567 1163 ἐστερημένας
1580 1128 1666 1154 πάλαι
1682 1127 1797 1161 θεογνω-

158 1183 207 1204 eos
217 1175 311 1208 etiam,
323 1183 442 1210 quorum
456 1175 589 1208 meminit,
605 1175 710 1203 Christi
727 1175 866 1202 Ecclesias
879 1183 948 1209 esse,

1006 1175 1067 1205 σίας
1080 1174 1191 1210 ἔρημον
1206 1174 1344 1208 λέγεσθαι,
1357 1171 1394 1201 ὧν
1405 1174 1454 1209 τὴν
1469 1174 1583 1208 ἄγνοιαν
1599 1174 1765 1209 παρίστησιν
1779 1174 1795 1208 ὴ

160 1222 232 1250 sicut
248 1221 410 1257 praedictum
426 1225 497 1253 erat,
522 1228 604 1249 nemo
631 1229 688 1248 non
715 1221 800 1248 videt.
818 1221 900 1249 Dicas
925 1225 950 1248 el

1007 1220 1106 1255 Κηδὰρ
1136 1220 1290 1256 σκοτασμὸς
1325 1220 1544 1256 ὲρμηνευομένη.
1568 1221 1618 1252 Ἃς
1650 1220 1688 1251 ὡς
1713 1228 1797 1254 φωτι-

160 1268 308 1301 Ecclcsias,
336 1275 397 1303 quae
425 1267 472 1295 Dei
487 1267 647 1303 cOguitione
673 1267 811 1302 quondam
838 1267 950 1302 privata:

1007 1266 1181 1302 σθησομένας
1198 1266 1415 1301 εὐαγγελίζεται,
1435 1266 1503 1301 ὁμοῦ
1522 1266 1568 1293 καὶ
1591 1266 1736 1296 διδάσκων,
1759 1265 1796 1297 ὼς

160 1312 282 1344 fuerant,
301 1311 398 1339 deserti
418 1318 530 1339 nomine
543 1332 549 1344 ,
574 1318 725 1346 earumque
753 1312 950 1347 ignorationem

1007 1314 1034 1341 αἱ
1052 1313 1121 1349 πρὸς
1135 1313 1185 1349 τὴν
1208 1313 1362 1349 παρουσίαν
1377 1313 1588 1348 ἀπομαχόμεναι
1608 1311 1655 1339 τοῦ
1672 1312 1797 1347 Σωτῆρος

160 1365 210 1393 per
229 1357 317 1386 Cedar
345 1358 421 1393 (quo
439 1358 524 1386 verbo
542 1358 662 1385 tenebrat
677 1358 888 1393 signiﬁcantur)
903 1358 950 1386 de-

1006 1359 1102 1394 ψυχαὶ,
1122 1359 1152 1385 τὸ
1163 1359 1232 1394 πρὸς
1246 1359 1328 1386 αὐτὸν
1346 1359 1430 1390 σέϐας
1448 1359 1674 1394 ὁμολογήσουσιν.
1690 1355 1796 1394 Χωρίον

161 1404 334 1431 monstrari:
352 1404 453 1439 quibus
476 1403 544 1438 jam,
569 1403 635 1438 quia
663 1403 798 1431 illustrari
825 1403 951 1436 debeant,

1007 1405 1060 1439 γὰρ
1074 1405 1091 1440 ἡ
1106 1405 1209 1439 Κηδὰρ
1222 1404 1269 1431 τοῦ
1280 1404 1375 1439 γένους
1393 1404 1479 1432 Ἦσαῦ
1491 1404 1539 1431 τοῦ
1553 1404 1756 1435 διατελέσαντος
1769 1404 1797 1430 ἰν

161 1449 309 1477 annuntiat
324 1449 417 1482 simul,
435 1449 557 1476 etdocet
574 1448 634 1477 fore
648 1453 691 1482 ut,
709 1448 864 1484 appellente
890 1448 951 1476 Sal-

1007 1450 1118 1485 πολέμῳ
1141 1450 1210 1486 πρὸς
1230 1450 1422 1486 Ἰερουσαλὴμ,
1450 1451 1497 1477 καὶ
1521 1450 1568 1477 τον
1592 1450 1674 1484 νόμον
1698 1450 1745 1476 τὺν
1769 1450 1797 1475 ἐν

160 1499 267 1528 vatore,
281 1502 343 1530 quze
356 1494 436 1521 victze
451 1498 530 1521 antea
547 1492 746 1528 debellatasque
771 1493 881 1520 fuerant
893 1493 950 1520 ani-

1007 1497 1088 1532 αὺτῇ.
1104 1497 1159 1523 Kal.
1176 1496 1264 1528 ἄλλως
1280 1496 1318 1529 δὲ,
1340 1497 1364 1523 οί
1383 1496 1597 1529 κατοικοῦντες
1608 1495 1725 1529 Πέτραν
1749 1496 1797 1522 εὐ-

161 1549 223 1574 mte,
241 1541 364 1576 ejusdem
381 1540 485 1568 cultum
516 1547 613 1568 rursus
631 1541 831 1575 amplectantur
845 1543 872 1567 et
886 1546 951 1574 pra:-

1007 1540 1246 1577 φρανθήσονται.
1271 1541 1304 1568 Ἦ
1330 1541 1359 1568 δὲ
1374 1541 1462 1577 πέτρα
1484 1539 1518 1577 ἦν
1541 1541 1555 1568 ὁ
1580 1540 1708 1576 Χριστός.
1730 1541 1797 1576 Περὶ

161 1587 264 1615 dicent.
281 1586 344 1614 Fuit
358 1587 432 1614 enim
451 1585 539 1615 Cedar
556 1590 732 1621 posterorum
764 1585 837 1613 Esau
862 1586 951 1619 sedes,

1008 1588 1118 1615 πάντων
1146 1587 1175 1615 δὲ
1201 1587 1256 1615 τῶν
1284 1587 1437 1624 εἰρημένων
1459 1588 1560 1623 φησὶν,
1588 1587 1626 1619 ὡς
1653 1587 1688 1613 ἐν
1716 1586 1798 1621 ὄρεσι

162 1633 210 1668 qui
232 1632 280 1660 diu
304 1631 439 1660 adversus
466 1630 620 1659 Jerusalem
647 1636 674 1658 et
697 1631 785 1666 legem
812 1630 904 1658 hostes
925 1638 952 1658 sc

1008 1634 1135 1667 στάντες
1160 1634 1214 1662 τῶν
1228 1633 1275 1661 τοῦ
1301 1634 1380 1667 Θεοῦ,
1401 1634 1524 1670 δηλονότι
1554 1633 1664 1668 λογίων,
1690 1634 1719 1660 ὲν
1737 1633 1798 1669 ὕψει

162 1679 350 1714 praebuerunt.
367 1678 443 1706 Alias
465 1684 531 1705 vero
547 1676 713 1704 [elabuntur
729 1681 757 1705 et
774 1677 821 1712 qui
846 1677 952 1705 Petram

1009 1678 1198 1716 τέροσοίσουσιν
1224 1681 1323 1716 ὕμνον
1349 1679 1436 1716 αὐτῷ,
1463 1681 1532 1708 κατὰ
1557 1681 1602 1708 τό·
1628 1689 1638 1706 t
1657 1680 1716 1707 Ἐπ’
1736 1680 1799 1715 ὄρος

163 1726 250 1762 ipsam
268 1725 402 1757 incolunt;
421 1732 476 1760 quo
501 1725 612 1752 nomine
634 1724 763 1752 Christus
789 1724 953 1759 appellatur.

1009 1727 1109 1762 ὑψηλὸν
1118 1727 1246 1763 ἀνάϐηθι,
1265 1729 1279 1754 ό
1291 1727 1538 1762 εὐαγγελιζόμενος
1554 1727 1634 1754 Σιών.
1652 1736 1661 1753 ι
1674 1727 1730 1754 Καὶ
1745 1726 1799 1759 τὰς

163 1771 306 1808 Signiﬁcat
318 1776 409 1799 autem
428 1771 586 1806 praemissos
599 1779 708 1804 omnes,
723 1775 854 1806 tanquam
868 1770 915 1806 qui
928 1770 953 1797 in

1009 1774 1115 1808 ἀρετὰς
1129 1774 1158 1801 δὲ
1172 1774 1256 1802 αὐτοῦ
1272 1775 1301 1802 ὲν
1321 1776 1381 1806 ταῖς
1404 1774 1606 1810 δεδηλωμέναις
1624 1772 1733 1807 νήσοις
1748 1773 1799 1807 ἀγ-

163 1818 294 1845 montium
313 1816 362 1845 Dei
379 1816 518 1844 verticibus
545 1815 677 1850 habitent,
701 1815 728 1843 id
750 1821 804 1849 est,
828 1816 953 1844 oraculo-

1009 1820 1106 1856 γἐλεῖν
1118 1829 1203 1857 φησιν
1215 1829 1223 1837 ·
1243 1821 1312 1856 ὅπερ
1331 1820 1442 1848 ἐποίουν
1462 1821 1486 1846 οἱ
1509 1820 1639 1855 μαθηταὶ,
1661 1818 1728 1845 ποτὲ
1750 1818 1799 1854 μὲν

163 1871 225 1891 rum
241 1864 302 1899 ejus
319 1863 492 1891 altitudinem
516 1868 714 1899 assequautur,
739 1863 872 1899 hymnum
899 1864 953 1892 Deo

1009 1866 1089 1894 αὑτοῦ
1106 1867 1156 1902 τὴν
1180 1867 1367 1904 ὕπερκόσμιον
1380 1866 1523 1902 δηλοῦντες
1541 1866 1656 1902 θεότητα
1667 1884 1674 1898 ,
1690 1864 1756 1892 ποτὲ
1771 1864 1799 1891 δὲ

163 1918 226 1939 esse
249 1911 409 1944 oblaturos;
431 1910 511 1945 juxta
537 1909 605 1937 illud
622 1918 629 1936 :
651 1918 660 1936 ι
681 1909 711 1937 In
728 1914 848 1937 tnontem
866 1911 953 1938 excel-

622 1918 629 1936 :
651 1918 660 1936 ι
681 1909 711 1937 In
728 1914 848 1937 montem
866 1911 956 1938 exccl-
1005 1913 1055 1945 τὰς
1071 1913 1212 1945 θεοσεϐίας
1223 1913 1411 1948 ἀγγέλλοντες.

164 1965 225 1985 sum
241 1958 370 1991 ascende,
391 1957 439 1993 qui
458 1956 631 1992 evangelizas
649 1956 717 1984 Sion
731 1956 765 1984 ⁸ο.
778 1966 795 1995 ,ι
821 1957 862 1985 Ad
891 1957 955 1992 hoc,
975 1960 1085 1988 virtute:
1099 1961 1170 1996 ejus.
1184 1959 1211 1987 lu
1223 1960 1363 1995 praedictis
1376 1959 1458 1996 473
1495 1959 1593 1987 insulis
1628 1959 1799 1986 nuntiaturos

164 2011 225 2032 esse
240 2003 427 2038 dicit,qualia
438 2002 806 2037 constatadiscipulisesse
818 2002 953 2038 factitata,
991 2005 1057 2033 dum
1092 2006 1190 2042 partim
1213 2005 1325 2041 quidem
1352 2005 1441 2041 ipsius
1469 2004 1640 2033 divinitatem
1667 2004 1799 2038 mundum

164 2045 341 2086 cxsupérarc,
354 2050 453 2086 partim
471 2054 561 2077 autem
577 2056 657 2077 veras
677 2049 726 2078 Dei
750 2050 861 2078 colendi
882 2051 956 2087 leges
972 2053 1104 2082 exsistere
1119 2054 1209 2089 palam
1223 2053 1430 2089 proﬁterentur.

201 2097 316 2130 Deinde,
325 2097 391 2132 quia
407 2096 509 2124 fiducia
534 2101 562 2124 et
581 2096 712 2125 libertate
740 2097 861 2125 maxima
881 2098 915 2126 ad
931 2098 959 2126 id

1043 2101 1100 2127 Καὶ
1111 2100 1205 2136 ἐπειδὴ
1219 2100 1363 2136 παρῤησίᾳ
1385 2100 1469 2135 πολλῇ
1495 2098 1559 2135 περὶ
1570 2099 1666 2126 τούτου
1691 2100 1799 2135 χρωμέ-

165 2144 307 2171 utentibus
322 2150 375 2170 non
392 2146 470 2169 erant
495 2142 630 2176 defuturi,
652 2149 666 2170 a
686 2142 787 2177 quibus
817 2151 955 2180 oppugna-

1009 2156 1064 2180 νοις
1081 2146 1198 2183 ἤμελλον
1212 2147 1399 2182 ὲπαναστῆναι
1414 2146 1520 2179 πολλοὶ,
1533 2146 1581 2172 καὶ
1597 2147 1623 2172 οι
1639 2145 1683 2173 διὰ
1697 2146 1799 2173 τούτων

165 2193 282 2222 rentur;
301 2189 359 2216 sive
378 2187 404 2215 id
421 2195 471 2216 sua
487 2192 599 2224 sponte,
620 2188 679 2216 sive
694 2188 850 2216 daemonum
876 2197 955 2225 opera

1009 2194 1207 2228 ὲνεργήσαντες
1225 2193 1362 2228 δαίμονες,
1378 2192 1417 2224 ὡς
1440 2191 1472 2228 δὴ
1498 2192 1684 2228 σαλευομένης
1707 2192 1798 2228 αὐτοῖς

166 2236 274 2263 incitati
302 2235 437 2266 facerent,
465 2238 598 2270 tanquam
620 2242 758 2263 concusso
774 2240 800 2263 et
815 2241 912 2264 ruente
928 2237 956 2264 il-

1010 2240 1060 2275 τῆς
1073 2239 1174 2275 ἀρχῆς,
1205 2238 1362 2270 ἁναλώτους
1382 2238 1483 2270 αὐτοὺς
1507 2238 1691 2274 προαγορεύει
1720 2238 1797 2273 γενή-

166 2283 254 2311 lorutn
273 2281 402 2316 imperio,
413 2281 533 2314 eosdem,
549 2280 605 2308 Deo
625 2281 779 2316 opitulante
802 2286 830 2310 et
853 2291 956 2318 propu-

1012 2286 1118 2318 σεσθαι,
1131 2285 1369 2321 προπολεμοῦντος
1393 2284 1483 2311 αὐτῶν
1496 2284 1544 2310 τοῠ
1574 2283 1654 2311 Θεοῦ.
1678 2283 1801 2316 Ἐξελεύ-

166 2334 279 2366 gnante,
294 2335 438 2364 nunquam
453 2327 605 2362 expugnari
618 2335 699 2362 posse
716 2327 852 2363 praedicit.
867 2328 956 2356 Exibit

1011 2341 1087 2360 σεται
1099 2333 1137 2366 δὲ,
1150 2332 1245 2367 φησιν,
1261 2331 1299 2363 ὡς
1321 2332 1367 2357 ἐπὶ
1385 2330 1518 2366 βασιλέως
1533 2330 1669 2364 ἐξιόντος
1689 2331 1734 2363 εὶς
1747 2331 1801 2357 πό-

166 2377 241 2404 enim
263 2380 396 2411 tanquam
418 2382 479 2407 rex,
495 2373 542 2409 qui
560 2373 695 2409 egreditur
723 2373 758 2401 ad
778 2374 885 2401 bellum.
902 2374 956 2402 lmu

1009 2381 1112 2415 λεμον.
1134 2377 1284 2413 Ἐπεγερεῖ
1308 2377 1338 2404 δὲ
1365 2376 1469 2410 ζῆλον,
1499 2377 1516 2412 ἢ
1541 2377 1587 2403 τὸν
1609 2377 1675 2411 παρ’
1703 2376 1799 2403 ἑαυτοῦ

167 2422 309 2450 ιαεοιιαὺίι
335 2421 440 2453 zelum,-
457 2424 505 2447 aut
537 2427 600 2448 cum
626 2420 745 2453 scilicet,
770 2421 848 2455 quia
864 2429 893 2450 se
907 2427 957 2455 est,

1011 2425 1069 2452 κατ’
1084 2424 1189 2460 ἐχθρῶν
1204 2423 1335 2451 τοιοῦτον·
1347 2422 1402 2458 γὰρ
1413 2422 1492 2459 παρὰ
1504 2423 1628 2458 Ζαχαρία
1640 2422 1685 2456 τὸ,
1704 2432 1714 2448 ε
1724 2423 1801 2459 Ἐζή-

168 2469 303 2497 adversus
330 2468 425 2495 hostes
448 2476 456 2494 :
488 2466 570 2501 quale
601 2466 669 2493 illud
699 2471 743 2494 est
768 2469 840 2502 apud
856 2467 958 2496 Zacha-

1008 2471 1085 2498 λωκα
1096 2471 1146 2505 τὴν
1164 2470 1355 2505 Ἰερουσαλὴμ,
1372 2469 1418 2496 καὶ
1433 2469 1482 2504 τὴν
1495 2469 1567 2496 Σιὼν
1581 2468 1661 2502 ζῆλον
1677 2469 1775 2505 μέγαν,
1790 2479 1798 2495 ι

169 2515 238 2542 riam
254 2522 261 2541 :
277 2523 287 2540 ‹
306 2512 399 2541 Zelavi
411 2512 544 2541 adversus
565 2511 717 2540 JeruSaIem
733 2516 761 2540 et
776 2513 853 2547 Sion,
869 2515 958 2542 zelum

1012 2517 1030 2552 ἢ
1044 2516 1108 2548 τοὺς
1124 2515 1193 2551 ὑπὲρ
1213 2515 1297 2542 αὐτοῦ
1314 2515 1506 2551 ζηλώσοντας,
1520 2515 1612 2546 ὁποῖος
1627 2512 1661 2551 ἦν
1677 2515 1692 2541 ό
1715 2515 1801 2548 λέγων

170 2566 300 2594 magnum
334 2558 369 2585 θ’.
394 2567 403 2583 ι
431 2558 488 2584 Aut
514 2564 562 2585 eos
592 2557 732 2592 profecto,
749 2559 835 2593 quiin
852 2559 955 2595 ipsum,

1019 2561 1182 2593 Ἀπόστολος
1194 2570 1201 2576 ·
1221 2571 1230 2588 t
1247 2561 1296 2593 Tt;
1320 2562 1395 2597 ἡμᾶς
1411 2561 1524 2597 χωρίσει
1549 2561 1604 2588 ἀπὸ
1627 2561 1677 2596 τῆς
1693 2561 1801 2597 ἀγάπης

170 2611 261 2632 amore
278 2606 441 2631 exaestuant.
461 2602 556 2636 Qualis
572 2603 798 2638 eratApostolus,
810 2605 856 2640 qui
869 2605 934 2633 dicit
948 2615 954 2632 :

1012 2608 1058 2635 τοῦ
1076 2608 1212 2643 Χριστοῦ;
1235 2617 1244 2634 ι
1262 2607 1317 2635 Kal.
1336 2608 1429 2634 πάλιν
1448 2617 1458 2634 t
1470 2607 1549 2642 Ἐμοὶ
1560 2607 1615 2642 γὰρ
1638 2607 1686 2633 καὶ
1699 2607 1730 2633 τὸ
1754 2606 1802 2641 ζῇν

172 2659 182 2676 ι
198 2649 267 2684 Quis
287 2656 339 2677 nos
365 2648 504 2685 separabit
522 2655 537 2675 a
550 2648 697 2677 dilectione
716 2649 818 2678 Christi
833 2651 856 2667 θ’
870 2651 882 2678 ?
899 2660 908 2677 ι
924 2652 956 2679 Et

1013 2653 1140 2689 Χριστὸς,
1155 2654 1203 2681 καὶ
1218 2653 1248 2680 τὸ
1263 2653 1410 2680 ἀποηανεῖν
1426 2652 1531 2689 κέρδος.
1551 2661 1560 2678 ι
1572 2651 1696 2688 Ζηλωταὶ
1710 2651 1739 2679 δὲ
1756 2651 1803 2679 καὶ

205 2739 229 2756 ⁸⁸
247 2740 299 2769 lsa.
317 2748 361 2774 xt.,
383 2741 409 2771 9.
449 2742 470 2758 ‘"
488 2741 572 2771 Zacb.
590 2751 647 2771 vm.
660 2744 688 2771 2.
726 2744 749 2760 ⁸¹
766 2744 846 2772 Rom.
865 2751 923 2777 \‘tII,
939 2744 983 2772 55.
1022 2744 1044 2761 ⁸³
1059 2744 1177 2783 Philipp.
1196 2755 1214 2781 ι,
1234 2747 1279 2775 2L

820 2804 935 2834 VARI/li
952 2806 1155 2835 LEUTIONES.

205 2836 218 2856 δ
235 2845 264 2872 γι
271 2856 277 2863 .
292 2836 542 2873 κατακλυζομενας.
