2002 3078
202 131 277 166 2373

769 130 1039 162 COMMENTARII
1059 129 1101 161 IN
1121 129 1266 160 ISAIAM.

1755 126 1827 160 2374

201 194 226 219 ut
241 192 309 219 θεῖοι
329 190 457 226 γεγόνασι
475 189 622 226 μάρτυρες.
642 188 671 216 '0
687 189 715 216 δὲ
742 188 833 223 ζῆλος
855 189 886 215 οὐ
902 188 988 220 πάθος

1044 195 1157 215 rursus:
1170 197 1180 213 ι
1195 186 1260 214 Mihi
1273 186 1346 214 enim
1363 190 1390 214 et
1403 185 1495 214 vivere
1509 185 1639 214 Christus
1655 188 1709 220 est,
1722 189 1749 214 et
1759 186 1829 232 .ri

201 237 282 268 Θεοῦ,
297 237 343 263 ἐπὶ
362 236 389 262 δὲ
415 236 478 267 τοὺς
498 235 695 270 ἡμαρτηκότας
711 234 862 269 ἐκδίκησις.
883 233 928 265 Ὠς
943 233 991 260 ἐπὶ

204 281 353 317 πολεμικοῦ
366 281 393 308 δὲ
406 279 574 315 ἀλαλαγμοῦ,
588 281 635 307 καὶ
644 279 675 306 re
689 279 837 314 ,βοήσεται
857 279 906 306 ἐπὶ
920 279 990 312 τοὺς

203 326 329 361 ἐχθροὺς
344 325 505 361 ἑπενήνοχεν
515 332 522 340 ·
539 324 554 351 ὃ
564 324 596 359 δὴ
609 323 732 351 ποιοῦσιν
744 324 760 359 ἢ
778 324 989 358 συμῦάλλοντες,

203 371 220 406 ἢ
243 370 459 406 κατορχούμενοι
481 369 536 397 τῶν
551 369 722 405 ἡττημένων.
743 367 812 397 Εἶτα
827 369 876 406 τὴν
891 370 990 405 πολλὴν

203 416 250 442 ἐπὶ
260 418 317 448 τοῖς
338 416 442 442 ἔθνεσιν
453 415 678 451 είδωλολατροῦσι
695 416 888 451 μακροθυμίαν
903 416 991 451 δηλῶν

203 463 367 498 ἐπενήνοχεν
377 470 384 477 ·
408 462 592 496 Ἐσιώπησα,
605 462 649 497 μὴ
661 463 710 490 καί
722 464 767 490 ἀεὶ
782 464 991 498 σιωπήσομαι;

206 507 306 534 ’Ἤθελε
325 507 375 541 μὲν
397 507 453 543 γὰρ
478 508 524 534 καὶ
541 507 624 534 πάλαι
654 508 788 543 ῥύσασθαι
804 509 915 541 τούτους
943 509 989 536 τοῦ

204 551 322 578 Σατανᾶ.
335 551 386 578 Τὸν
400 550 428 578 δὲ
442 551 615 588 προσήκοντα
628 552 722 588 καιρὸν
737 554 893 588 περιέμενε,
908 554 991 589 μέχρι

203 597 247 624 διὰ
262 596 380 632 Χριστοῦ
390 596 444 624 τῶν
455 597 528 632 ἡμᾶς
540 598 720 633 νενικηκότων
728 599 990 634 κατεστρατεύσατο.

204 641 291 668 τοῦτο
303 640 331 667 δὲ
344 641 374 667 τὸ
386 641 552 675 ἐσιώπησα,
566 641 613 668 καὶ
622 642 669 668 ἐπὶ
678 641 725 668 τοῦ
734 643 865 676 λεγεῶνος
876 644 991 679 ἁρμόσει

204 686 252 712 τοῦ
277 685 353 721 παρὰ
380 686 444 717 τοὺς
462 686 565 720 τάφους
592 686 753 714 ἀποκτεῖναι
780 688 826 714 τὸν
850 688 992 724 ἄνθρωπον

205 730 383 766 ἐθελήσαντος
392 738 399 745 ·
415 730 463 757 καὶ
472 731 518 758 ἐπὶ
534 731 583 766 τῆς
594 731 708 759 καθόλου
719 733 845 768 κρίσεως,
858 734 991 770 ἡνίκαπερ

205 777 353 804 ἀποδίδωσι
374 777 409 804 τὰ
427 777 496 813 πρὸς
517 777 596 811 ἀξίαν
620 779 737 815 ἑκάστῳ.
755 780 811 815 Τὴν
835 781 900 816 περὶ
918 782 992 817 ἡμᾶς

204 823 233 850 δὲ
261 823 344 858 φειδὼ
369 823 518 859 παρίστησι
544 824 590 851 τοῦ
615 824 693 856 Θεοῦ,
723 825 753 852 τὸ
777 826 826 861 τὴν
850 827 989 863 ἡμετέραν

204 869 295 896 οἶοι-εί
327 870 465 905 σωτηρίαν
491 869 611 897 ὠδίνειν
637 871 687 903 τὰς
713 872 767 898 τῶν
800 873 988 908 ὑποκειμένων

1041 234 1148 268 lucrum
1157 233 1192 259 ³³.
1207 242 1217 259 ι
1232 231 1298 260 Zelo
1313 239 1378 259 vero
1393 231 1545 268 flagrarunt
1559 236 1587 260 et
1596 232 1667 260 beati
1683 231 1828 268 martyres.

1041 267 1155 311 Deinde,
1168 285 1230 307 cum
1245 278 1318 305 zelus
1326 277 1380 305 Deo
1394 267 1536 310 tribuitur,
1546 285 1600 305 non
1610 278 1704 313 passio
1716 278 1808 313 aliqua
1819 297 1828 310 ,

1042 324 1088 352 sed
1103 324 1130 351 in
1147 331 1205 356 eos,
1220 323 1267 359 qui
1292 328 1417 359 peccant,
1436 323 1638 357 animadversio
1654 323 1828 351 demonstra-

1041 372 1097 396 tur.
1117 368 1264 401 Prreterea,
1278 373 1407 402 tanquam
1430 367 1464 395 de
1486 368 1582 395 bellica
1604 367 1803 396 vociferatione
1821 376 1829 395 :

1042 413 1077 441 Et
1094 414 1221 441 clamabit
1233 421 1312 448 super
1325 414 1412 441 hostes
1427 421 1500 447 suos,
1520 413 1612 441 intulit
1628 422 1635 446 ;
1650 414 1731 449 quale
1745 418 1792 442 aut
1802 414 1831 442 in

1041 456 1170 485 conﬂictu
1184 458 1255 492 ipso,
1276 461 1323 485 aut
1339 458 1402 484 dum
1418 457 1499 485 victis
1515 457 1674 490 insultatur,
1688 465 1703 485 a
1716 458 1831 486 victori-

1041 501 1094 530 bus
1114 502 1183 530 eliici
1201 503 1354 531 consuevit.
1377 502 1491 535 Deinde,
1508 506 1537 530 ut
1550 503 1665 530 multam
1682 504 1709 530 in
1725 508 1829 538 gentes,

1043 556 1103 584 quae
1123 548 1195 576 idola
1213 549 1366 582 coluerunt,
1384 549 1468 576 animi
1486 549 1530 577 sui
1549 549 1689 577 lenitatem
1702 549 1830 577 ostende-

1042 597 1095 627 ret,
1108 595 1179 621 ιιιεαὶ
1189 594 1290 629 adjecit
1306 604 1313 622 :
1324 593 1397 621 Num
1405 602 1508 629 semper
1517 595 1600 622 etiam
1616 595 1707 622 tacebo
1716 596 1729 622 7
1739 595 1832 623 Voluit

1043 639 1115 667 enim
1129 644 1157 666 et
1172 639 1283 668 eosdem
1299 639 1407 667 Satanae
1421 639 1523 678 dudum
1541 640 1647 675 eripere
1673 640 1721 668 sed
1738 648 1771 667 eo
1784 648 1831 668 us-

1044 693 1097 721 que
1107 685 1238 720 temporis
1246 686 1477 721 opportunitatem
1489 685 1699 721 exspectandam
1711 686 1830 718 censuit,

1043 731 1131 759 donec
1147 731 1256 759 Christo
1281 731 1360 764 duce,
1377 731 1405 758 in
1418 738 1477 764 eos,
1493 738 1507 757 a
1523 731 1625 766 quibus
1639 731 1829 764 vincebamur,

1044 777 1116 805 bella
1127 780 1245 812 gereret.
1258 777 1293 804 At
1304 776 1377 812 quod
1392 777 1465 803 tacui
1481 776 1559 809 dicit,
1570 776 1653 803 etiam
1670 776 1771 811 legioni
1786 784 1830 804 re-

1045 826 1090 850 cte
1104 823 1250 850 conveniat
1265 821 1299 854 ⁸⁸,
1315 822 1363 857 qui
1384 822 1417 849 ad
1434 822 1559 856 sopuicra
1573 822 1711 849 hominem
1726 823 1830 850 exstin-

1040 875 1124 903 guere
1139 871 1257 895 conatus
1271 871 1323 895 est.
1337 867 1490 895 Conveniat
1506 868 1590 895 etiam
1608 873 1636 896 et
1649 868 1777 895 universo
1791 868 1829 895 illi

203 915 388 951 οἰκειούμενον
411 915 516 950 φύσεις,
532 916 570 948 ὼς
597 917 632 943 τὰ
655 916 754 951 ἔκγονα
779 918 923 951 ὠδίνουσα,
941 920 988 946 καὶ

1044 913 1153 947 iudicio,
1171 921 1225 948 quo
1240 917 1362 948 tempore
1378 921 1428 948 pro
1452 913 1612 941 meritorum
1638 913 1755 946 ratione,
1780 921 1830 941 sua

203 960 290 988 ταῦτα
304 960 418 996 μηδενὸς
433 960 575 993 ποιοῦντος
597 962 769 998 χρηστότητα
783 965 854 990 κατὰ
867 964 912 991 τὸν
935 965 989 991 Δα-

204 1007 247 1033 ειδ
256 1015 263 1022 ⁸
280 1007 318 1033 Ού
335 1007 471 1042 κατοιήσω
484 1006 494 1026 ἲ
511 1007 601 1034 τοίνυν
614 1007 648 1034 δι’
663 1009 774 1044 ἀγάπην
791 1009 988 1045 μακροθυμῶν,

204 1050 242 1083 ὡς
268 1051 360 1086 ἐκείνη
388 1050 533 1086 πάσχουσα
553 1051 657 1079 τέκνων
681 1052 780 1086 ἐλπίδι,
797 1053 911 1088 ἠρεμεῖν
939 1054 988 1089 μὲν

204 1096 402 1132 παραγγέλλων
410 1098 465 1129 τοῖς
479 1096 604 1129 πάθεσιν,
616 1098 792 1133 πηγαζούσας
802 1099 830 1125 δὲ
839 1099 991 1133 ξηραίνων

204 1142 252 1173 τὰς
266 1142 374 1175 ἡδονὰς,
394 1143 523 1178 τοιαύτην
547 1143 639 1175 αὐτοῖς
664 1143 826 1179 προσάγων
847 1145 890 1172 διὰ
906 1154 989 1181 μετα-

205 1188 280 1220 νὸἰας
293 1189 346 1215 ἀπδ
362 1189 416 1215 τῶν
435 1189 544 1216 ἀτόπων
555 1189 604 1225 τὴν
618 1190 754 1218 ἔκστασιν.
763 1191 824 1223 Πῶς
837 1191 890 1227 γὰρ
904 1192 938 1219 ἀν
949 1201 990 1224 τις

208 1234 386 1269 μετανοήσειε
412 1234 450 1269 μὴ
464 1236 617 1269 καταγνοὺς
629 1235 738 1269 ἑαυτοῦ,
754 1236 801 1263 καὶ
817 1237 872 1264 τῶν
892 1238 990 1273 προτέ-

208 1286 262 1313 ρων
276 1280 467 1314 παυσάμενος;
490 1281 559 1308 κατὰ
572 1281 616 1307 τό’
639 1290 649 1307 ί
671 1281 731 1308 ”()τ’
748 1281 781 1308 ἂν
807 1283 991 1319 ἀποστραφεὶς

208 1325 359 1358 στενάξεις,
391 1326 452 1352 τότε
476 1326 597 1362 σωθήσῃ.
614 1336 623 1353 ι
650 1327 736 1354 Τοῦτο
758 1328 786 1354 δὲ
809 1329 907 1362 πᾶσιν,
930 1330 992 1357 ὅσον

207 1369 251 1403 ἐφ’
266 1369 364 1405 ἐαυτῷ,
381 1370 498 1406 Χριστὸς
525 1371 698 1407 ἐπιδημήσας
715 1373 861 1408 εἰργάσατο
872 1382 880 1390 ·
894 1374 918 1400 εί
945 1374 992 1402 καὶ

208 1414 319 1448 τυφλοί
327 1423 409 1448 τινες,
423 1415 471 1442 τοῦ
481 1416 569 1450 φωτὸς
583 1416 727 1452 παρόντος,
743 1417 879 1453 διαμένειν
893 1418 993 1446 ἐσπού-

207 1459 293 1486 δασαν
322 1460 390 1495 πρὸς
409 1461 473 1493 τοὺς
495 1461 583 1493 θείους
607 1461 862 1498 ἐθελοκωφήσαντες
886 1464 991 1498 λόγους,

1040 958 1157 994 singulis
1167 962 1210 986 est
1223 958 1391 986 redditurus.
1398 958 1549 991 Caeterum,
1557 958 1599 986 vel
1607 965 1640 986 eo
1651 958 1731 986 nobis
1742 957 1829 986 Deum

1040 1011 1156 1040 parcere
1175 1004 1349 1031 demonstrat
1363 1004 1492 1036 maxime,
1501 1003 1574 1039 quod
1587 1004 1623 1031 ita
1640 1008 1741 1032 nostrae
1756 1005 1830 1032 salu-

1041 1050 1077 1078 tis
1094 1050 1205 1078 nomine
1226 1054 1353 1084 angatur,
1369 1053 1400 1076 ut
1424 1049 1596 1077 subditorqu
1611 1054 1752 1085 assumpta
1765 1058 1830 1085 per-

1041 1103 1109 1123 sona
1124 1095 1202 1122 ueluti
1213 1099 1336 1123 nostram
1350 1095 1464 1122 salutem
1479 1096 1626 1129 parturiat,
1638 1096 1713 1123 nullo
1724 1100 1829 1128 tamen,

1041 1140 1143 1168 Davide
1158 1144 1236 1173 teste,
1252 1140 1325 1175 quod
1342 1144 1446 1168 rectum
1458 1143 1500 1167 est
1511 1139 1639 1173 faciente,
1655 1139 1777 1168 dolorem
1791 1140 1830 1168 fe-

1042 1191 1085 1214 rat
1100 1187 1135 1214 ⁸⁸.
1151 1186 1210 1214 Νοη
1225 1186 1388 1214 transferam
1412 1186 1507 1220 igitur,
1523 1186 1623 1221 inquit,
1636 1190 1747 1221 propter
1761 1186 1830 1213 dile-

1043 1233 1163 1261 ctionem
1189 1239 1269 1268 aequo
1297 1232 1387 1259 animo
1398 1231 1480 1267 474
1505 1231 1655 1266 perferens,
1674 1232 1832 1259 doloribus-

1042 1287 1096 1314 que
1108 1279 1246 1313 imperans
1260 1286 1267 1310 ;
1285 1282 1315 1306 ut
1332 1278 1390 1310 illa,
1406 1285 1467 1312 quae
1484 1277 1632 1304 liberorum
1642 1285 1692 1313 spe
1702 1279 1805 1313 patitur
1823 1287 1830 1306 :

1043 1325 1091 1353 sed
1106 1324 1290 1352 scaturientes
1299 1323 1439 1351 exsiccabo
1452 1324 1684 1357 voiuptates,eam
1695 1324 1750 1352 illis
1759 1331 1833 1351 aver-

1043 1370 1144 1396 sionem
1159 1369 1294 1396 scelerum
1311 1376 1359 1403 per
1388 1368 1579 1404 paenitentiam
1611 1368 1761 1397 adducens.
1781 1369 1832 1403 Qui

1043 1416 1130 1451 possit
1142 1415 1214 1444 enim
1225 1415 1401 1450 resipiscere,
1416 1414 1462 1450 qui
1474 1422 1525 1442 nec
1533 1414 1641 1449 cuipam
1657 1422 1735 1442 suam
1750 1422 1834 1448 agno-

1045 1463 1097 1491 scit
1119 1470 1126 1493 ;
1143 1470 1194 1490 nec
1206 1462 1270 1489 vitae
1297 1461 1399 1496 prioris
1416 1460 1507 1488 studia
1533 1461 1660 1488 omittit?
1677 1461 1742 1489 inde
1765 1461 1833 1489 illud

208 1505 257 1531 καὶ
269 1505 325 1537 τοῖς
341 1506 463 1538 εἰδώλοις
482 1506 633 1542 ἐνέμειναν,
649 1507 720 1534 κατὰ
731 1508 760 1535 τό
771 1516 778 1523 ·
794 1517 803 1534 ι
814 1508 922 1544 Ὅμοιοι
944 1510 992 1536 αύ-

1044 1513 1103 1537 est:
1118 1518 1127 1535 ι
1139 1508 1206 1536 Cum
1221 1514 1348 1535 reversus
1362 1506 1541 1542 ingemueris,
1549 1511 1614 1534 tunc
1623 1507 1772 1535 saivaberis
1780 1507 1831 1535 ⁸⁸.»

209 1551 266 1582 τοῖς
284 1550 404 1584 γένοιντο
418 1551 443 1578 οι
456 1551 593 1584 ποιοῦντες
607 1552 686 1579 αὐτά.
702 1562 712 1579 ›

1049 1556 1168 1590 ldipsum
1195 1561 1259 1581 vero
1287 1553 1425 1584 omnibus,
1444 1557 1576 1587 quantum
1595 1552 1623 1579 in
1639 1559 1670 1581 se
1690 1552 1752 1585 luit,
1768 1552 1833 1580 dum

211 1594 238 1622 in
251 1595 331 1623 terris
351 1600 453 1630 ageret.
469 1595 595 1624 Christus
621 1597 757 1631 praestitit.
775 1598 834 1626 Etsi
854 1599 916 1627 emi
935 1600 1046 1635 quidam
1062 1600 1133 1628 lueis
1148 1598 1231 1633 hujus
1249 1605 1303 1625 non
1314 1597 1462 1630 defuerint,
1479 1597 1527 1632 qui
1544 1602 1641 1633 sponte
1654 1605 1703 1626 sua
1721 1598 1748 1625 in
1763 1598 1835 1625 divi-

208 1641 254 1669 nis
270 1641 330 1669 istis
349 1641 522 1670 sermonibus
536 1643 664 1671 cmcutire
681 1651 799 1679 semper,
809 1648 835 1672 et
846 1653 896 1682 pro
914 1646 994 1675 idolis
1005 1647 1064 1675 suis
1079 1650 1154 1675 stare
1170 1644 1330 1677 maluerint,
1349 1643 1429 1679 juxta
1443 1644 1510 1672 illud
1527 1653 1535 1672 :
1556 1653 1564 1670 ι
1581 1643 1691 1672 Similes
1703 1644 1758 1672 illis
1770 1640 1835 1672 facti

210 1690 286 1720 sunt,
301 1687 348 1722 qui
363 1687 487 1715 fecerunt
496 1695 528 1715 ea
543 1688 576 1717 ⁸⁷.
589 1697 598 1714 ι

244 1734 282 1760 Τὸ
300 1733 339 1767 δὲ,
354 1733 504 1767 ὲκστήσω,
517 1734 588 1767 τινὲς
603 1735 631 1770 ἢ,
644 1735 690 1762 ἐπὶ
702 1735 749 1762 τοῦ
770 1736 820 1771 τῆς
845 1737 891 1764 ὑπ’
904 1737 993 1765 αὐτῶν

210 1779 400 1814 κρατουμένης
415 1779 467 1814 γῆς
484 1780 536 1812 ἔξω
550 1781 666 1816 ποιήσω,
683 1781 760 1815 φασὶ,
775 1782 822 1808 καὶ
839 1782 888 1818 τῆς
915 1791 994 1818 περι-

207 1825 366 1860 ωρισμένης
374 1825 466 1858 αὐτοῖς
478 1825 548 1852 κατὰ
560 1826 669 1853 πάντων
677 1826 774 1862 ἀρχῆς,
783 1827 854 1854 κατά
862 1827 905 1854 τό·
921 1828 994 1856 «Νῦν

209 1871 224 1897 ὀ
250 1870 341 1905 ἄρχων
365 1870 412 1897 τοῦ
436 1871 539 1906 κόσμου
562 1871 657 1898 τούτου
677 1872 877 1909 ἐκϐληθήσεται
902 1874 965 1908 ἔξω,
981 1884 991 1901 r

207 1917 294 1952 ἤγουν
321 1917 371 1944 ἐπὶ
394 1917 447 1945 τοῦ
470 1917 644 1952 θαυμάσαιδ
663 1919 769 1954 ποιήσω
791 1920 855 1951 τοὺς
874 1920 994 1955 ὁρῶντας

210 1963 245 1990 τὰ
266 1963 479 1999 κατωρθωμένα.
512 1964 571 1999 Ἐφ’
590 1961 631 1997 οἷς
657 1965 704 1991 καὶ
724 1965 885 2001 Ἀμϐακοὺμ
910 1975 996 1994 κατα-

210 2009 408 2044 πληττόμενος,
423 2009 499 2044 ἔλεγε
509 2017 516 2025 ·
546 2019 555 2036 ι
569 2009 665 2045 Κύριε,
684 2011 834 2046 είσακήκοα
847 2012 896 2047 τὴν
911 2013 996 2048 ἀκοήν

211 2062 269 2086 σου,
285 2057 334 2081 καὶ
349 2054 497 2090 ἐφοϐήθην.
513 2055 611 2091 Κύριε,
629 2056 782 2092 κατενόησα
795 2057 829 2084 τὰ
849 2057 918 2093 ἔργα
938 2067 996 2092 σου,

209 2099 256 2126 καὶ
269 2098 391 2134 ἐξέστην.
409 2108 417 2126 ι
432 2100 469 2126 To
480 2099 509 2126 δὲ
532 2100 627 2134 ξηρὰν
650 2102 774 2137 σφηνίζει
788 2102 875 2137 λέγων
885 2111 892 2118 ·
910 2103 997 2137 Θήσω

209 2144 264 2180 γὰρ
279 2145 431 2179 ποταμοὺς
445 2146 490 2178 εις
503 2145 630 2180 νήσους,
645 2147 694 2174 καὶ
708 2148 763 2182 ean
778 2148 907 2183 ξηρανῶ,
926 2150 996 2176 οὕτω

1081 1734 1134 1764 Sed
1147 1735 1281 1763 avertendi
1297 1733 1412 1762 verbum
1424 1733 1463 1761 ita
1480 1737 1616 1769 usurpant
1631 1733 1757 1762 nonnulli
1771 1743 1779 1768 ;
1793 1738 1834 1767 ut,

1044 1785 1092 1809 aut
1102 1781 1239 1809 daemonas
1251 1784 1333 1813 terra,
1346 1786 1427 1814 quam
1439 1779 1580 1814 possident
1608 1787 1662 1808 non
1683 1780 1835 1815 eiecturum

1045 1835 1075 1855 se
1088 1827 1182 1859 modo,
1198 1826 1246 1854 sed
1261 1827 1398 1861 praeﬁnito
1410 1827 1436 1854 in
1452 1833 1550 1854 omnes
1572 1826 1688 1861 imperio
1710 1827 1835 1861 privatu-

1047 1880 1124 1906 rum;
1139 1872 1218 1907 juxta
1245 1872 1313 1900 illud
1328 1882 1335 1899 :
1353 1881 1363 1899 ‹
1381 1872 1461 1900 Nunc
1490 1871 1618 1907 princeps
1634 1873 1730 1899 mundi
1753 1873 1836 1908 hujus

1047 1917 1173 1952 ejicietur
1195 1916 1270 1944 foras
1285 1917 1309 1933 "
1324 1927 1330 1945 :
1347 1927 1356 1943 ι
1376 1917 1532 1953 signiﬁcare
1559 1921 1666 1952 putent.
1678 1919 1733 1945 Aut
1749 1922 1835 1950 certe,

1045 1968 1073 1990 ut
1083 1962 1153 1998 apud
1163 1970 1271 1995 omnes,
1283 1963 1329 1998 qui
1345 1963 1405 1998 ejus
1418 1962 1549 1998 praeciare
1561 1962 1633 1990 facta
1643 1963 1835 1996 intuebuntur,

1045 2009 1073 2036 in
1087 2009 1291 2036 admirationem
1305 2009 1401 2042 veniat,
1417 2009 1576 2037 effecturum
1594 2017 1601 2036 :
1617 2009 1717 2044 quibus
1731 2013 1757 2037 et
1782 2009 1837 2037 Ha-

1046 2054 1148 2082 bacum
1178 2055 1236 2089 ipse
1261 2055 1406 2090 perculsus
1420 2054 1553 2082 dicebat:
1574 2062 1584 2080 ι
1603 2053 1728 2088 Domine,
1742 2055 1836 2083 audivi

1050 2100 1218 2128 auditionem
1235 2104 1310 2127 tuam
1325 2105 1353 2128 et
1369 2100 1467 2134 timui,
1481 2099 1596 2127 Domine
1611 2100 1728 2135 cogitavi
1753 2108 1837 2136 opera

1050 2149 1108 2179 tua,
1128 2150 1156 2174 et
1173 2146 1300 2181 obstupui
1315 2147 1348 2173 ⁸³.
1364 2155 1373 2172 ι
1391 2146 1504 2180 Deinde,
1529 2146 1593 2182 quid
1617 2146 1735 2173 siccandi
1753 2148 1837 2175 verbo

212 2189 302 2216 καλῶν
316 2190 381 2222 τοὺς
395 2190 460 2226 παρ’
472 2191 586 2227 Ἕλλησι
614 2193 723 2226 σοφοὺς,
740 2193 787 2220 καὶ
811 2194 861 2221 ὅσα
882 2194 914 2229 δὴ
930 2196 992 2230 περὶ

1049 2191 1192 2226 intelligat,
1209 2191 1337 2226 explicat,
1351 2199 1412 2219 cum
1427 2191 1522 2227 adjicit
1542 2193 1690 2227 positurum
1701 2201 1728 2219 se
1741 2193 1836 2228 ﬂuvios

212 2234 280 2261 θεῶν
288 2235 487 2264 ἀνεπλάσαντο,
501 2237 540 2263 Δι’
554 2235 592 2264 ὧν
604 2238 666 2269 τοὺς
678 2238 857 2274 πειθομένους
869 2240 994 2273 ἐπότιζον

159 2287 162 2289 ·
210 2280 352 2315 ἀνατροπῇ
368 2280 478 2316 θολερᾷ,
495 2281 566 2308 κατὰ
581 2282 631 2317 τὴν
658 2283 783 2319 Γραφὴν,
805 2284 851 2316 οὓς
866 2285 914 2311 καὶ
939 2285 995 2320 ἕλη

210 2325 297 2356 καλεῖ,
318 2324 348 2350 τὸ
363 2324 475 2357 εὖανθες
485 2326 552 2360 ὁμοῦ
568 2327 615 2353 καὶ
629 2327 660 2353 τὸ
670 2327 796 2363 ἄκαρπον
806 2328 927 2364 ἔχοντας,
947 2330 995 2362 οὒς

208 2372 304 2404 φανεὶς
317 2371 331 2396 ὁ
347 2370 464 2406 Χριστὸς
476 2370 571 2407 ὥσπερ
589 2372 733 2407 ξηράνας,
761 2375 918 2410 ἀπράκτους
942 2376 995 2403 ἀπ-

209 2414 320 2447 έδειξεν,
336 2414 408 2441 καθὰ
431 2416 478 2442 καὶ
492 2416 597 2448 Παῦλός
621 2425 698 2453 φησι·
717 2427 726 2444 ι
742 2418 797 2445 Ποῦ
823 2421 923 2454 σοφός;
942 2420 994 2447 ποῦ

209 2459 413 2495 γραμματεύς;
435 2461 486 2487 ποῦ
504 2462 658 2498 συζητητὴς
683 2463 731 2490 τοῦ
756 2465 854 2497 αἰῶνος
878 2466 992 2500 τούτους

209 2507 270 2541 ούχὶ
285 2506 428 2542 ἐμώρανεν
439 2506 454 2533 ὁ
477 2507 544 2539 Θεὸς
560 2509 611 2543 τὴν
626 2509 722 2545 σοφίαν
736 2510 785 2537 τοῦ
798 2512 901 2546 κόσμου
914 2521 922 2545 ;
939 2521 948 2538 ι
965 2512 995 2545 ἐξ

208 2547 247 2578 ὧν
260 2551 308 2578 καὶ
325 2551 544 2587 χρηματίζουσαι
566 2554 642 2590 νῆσοι
665 2556 811 2590 γεγόνασιν
837 2554 995 2593 Ἐκκλησίαι

209 2597 271 2629 τους
295 2598 325 2624 ὲν
351 2597 462 2633 Χριστῷ
487 2599 712 2636 ναυτιλλομένους
743 2602 897 2638 δεχόμεναι,
929 2612 995 2631 κατ-

245 2684 268 2723 '_‘
277 2684 346 2723 leue.
357 2695 417 2719 vtn,
438 2686 483 2715 30.
522 2686 545 2703 "
554 2685 629 2716 Psai.
641 2696 702 2722 xut,
713 2690 742 2718 5.
778 2690 801 2706 ⁸⁸
819 2690 870 2718 lsa.
881 2698 945 2723 xxx,
968 2692 1011 2719 15.

210 2721 232 2737 ⁸⁸
247 2719 258 2747 Ι
272 2721 335 2749 Cor.
348 2730 366 2754 ι,
381 2722 426 2749 ‘20.

1046 2237 1075 2263 in
1088 2236 1202 2270 insulas,
1222 2241 1248 2264 et
1270 2237 1379 2271 paludes
1392 2237 1552 2264 siccaturum
1568 2245 1578 2270 ;
1593 2238 1630 2265 ita
1653 2238 1775 2273 gentium
1791 2245 1836 2266 sa—

1047 2283 1155 2318 pientes
1171 2290 1347 2318 nuneupans,
1360 2288 1387 2311 et
1400 2291 1574 2319 quaecunque
1585 2283 1619 2311 de
1633 2283 1687 2311 diis
1700 2284 1758 2312 suis
1769 2291 1838 2312 eon-

1046 2329 1197 2363 ﬁnxerunt,
1208 2329 1282 2356 unde
1297 2329 1350 2356 sibi
1365 2329 1492 2357 credulos
1508 2329 1620 2357 turbido
1637 2333 1715 2364 potu,
1733 2337 1836 2358 secun-

1045 2375 1110 2403 dum
1124 2374 1295 2410 Seripturam
1311 2375 1571 2410 evertebant:quos
1591 2379 1619 2403 et
1645 2376 1764 2411 paludes,
1788 2375 1838 2404 fio—

1045 2419 1125 2447 ribus
1140 2419 1250 2454 quidem
1261 2420 1384 2452 vestitas,
1401 2420 1451 2448 sed
1467 2419 1559 2448 fructu
1574 2420 1722 2449 destitutas
1737 2426 1836 2455 vocat;

1049 2473 1110 2501 qua:
1125 2465 1281 2501 appellente
1304 2465 1426 2498 Christo,
1440 2466 1514 2495 velut
1532 2467 1671 2495 exsiccatae
1684 2471 1711 2496 et
1726 2467 1837 2495 inutiles

1049 2516 1255 2544 remanserunt,
1277 2516 1307 2539 ut
1322 2512 1360 2539 ait
1377 2511 1480 2540 Paulus
1498 2512 1542 2540 his
1553 2513 1645 2540 verbis
1667 2521 1674 2540 :
1694 2521 1704 2539 ι
1727 2513 1777 2540 Ubi
1793 2519 1838 2540 sa-

1048 2557 1149 2593 piens?
1163 2557 1210 2585 ubi
1232 2558 1322 2586 scriba
1343 2557 1417 2585 ?ubi
1444 2557 1587 2593 indagator
1614 2558 1708 2586 saeculi
1730 2558 1838 2593 hujus?

1048 2601 1145 2631 Nonne
1152 2602 1264 2631 stultam
1270 2602 1335 2631 fecit
1341 2602 1413 2631 Deus
1419 2602 1581 2637 sapientiam
1589 2602 1671 2638 hujus
1681 2602 1776 2630 mundi
1784 2602 1834 2629 "Pr

1050 2693 1072 2709 "
1084 2692 1157 2721 Psal.
1173 2693 1286 2728 cxnt,8.
1324 2693 1348 2710 ⁸⁸
1362 2691 1443 2720 Joan.
1461 2700 1510 2726 an,
1525 2691 1569 2721 Si.
1608 2691 1632 2708 ⁸¹
1643 2690 1796 2725 Habacum
1809 2691 1836 2720 9.

855 2777 972 2806 VARUE
992 2778 1194 2810 LECTIONES.

248 2823 259 2844 ί
278 2833 323 2860 γρ.
336 2825 499 2860 κατοικήσω.
538 2825 552 2846 ⁸
572 2833 614 2861 γρ.
638 2824 837 2860 ἐπιθαυμάσαι.
