2002 3078
177 110 249 143 2375

839 113 1017 144 PROCOPII
1037 111 1159 144 GAZ/El

1734 114 1805 146 2376

177 165 329 238 Emuibus
343 173 404 200 qua:
417 165 514 194 insula:
528 166 667 200 dicuutnr,
678 167 705 195 in
718 167 856 196 Ecclesias
867 175 963 196 evase-

177 219 191 238 r
232 215 253 238 t.
268 218 283 238 a
299 211 399 238 auibus
419 213 447 238 in
466 211 576 238 Christo
600 213 760 238 navitzantes
774 214 962 238 excininntnr.

1019 169 1107 201 ιιγίδα
1123 169 1256 204 φυγόντες
1271 169 1285 190 ιλ
1298 170 1446 206 χειμέριον,
1462 169 1492 204 ἐξ
1508 178 1542 206 ης
1551 169 1576 196 οἱ
1592 169 1805 201 καταϐαίνοντες

1019 216 1057 238 εἰς
1073 215 1124 238 τὴν
1149 215 1288 238 θάλασσαν
1312 216 1341 238 ἐν
1358 215 1462 238 πλοίοις
1477 215 1654 238 νειυάῖηντειι
1674 217 1734 238 ταῖς
1755 215 1803 238 τοῦ

177 215 242 239 rum

245 231 253 244 ,
268 218 283 238 a
299 211 399 246 quibus
419 213 447 239 in
466 211 576 240 Christo
600 213 760 249 navigantes
774 214 962 249 excipiuntur,

176 258 222 293 qui
235 258 336 286 evitata
352 261 526 293 tempestate,
545 259 613 286 mari
623 259 753 295 deinceps
770 256 969 294 ascensb,vitie

177 303 306 331 ﬂuctibus
321 303 384 330 hinc
395 303 458 332 inde
469 305 622 339 agitantur.
635 305 687 333 Sed
698 306 743 339 iis,
758 306 793 334 de
814 306 914 342 quibus
926 306 968 334 di-

177 351 252 375 ctum
267 353 309 376 est
317 349 468 382 excissatis,
477 350 523 385 qui
533 350 596 377 ειτθί
607 351 683 386 prius
695 351 842 379 fuerantin
855 351 910 379 vias
920 352 967 380 de-

177 393 253 421 ducti
275 394 460 429 evangelicas,
476 403 542 430 quas
564 399 627 423 ante
648 404 699 423 non
714 401 849 430 noverant,
865 398 967 425 servati

177 441 243 466 sunt
260 446 268 472 ;
286 446 355 473 quos
364 443 391 466 et
407 438 509 468 Paulus
520 440 559 467 ita
574 441 711 469 allocutos
728 449 790 470 esse
807 442 942 476 reperitur
959 450 967 469 :

180 482 292 512 «Eratis
322 484 395 512 enim
425 484 573 520 aliquando
600 487 730 518 tenebrae,
759 494 833 514 nunc
876 492 967 516 autem

179 529 224 557 lux
241 529 268 556 in
284 529 400 558 Domino
414 531 449 558 ".
467 540 477 558 ι
493 531 603 567 Quibus,
628 531 711 568 475
730 533 823 566 etiam,
839 533 911 561 sicut
929 533 968 560 ait

176 575 307 609 Joannes,
320 577 366 612 qui
383 576 504 612 Baptista
519 579 730 614 cognominatur
745 588 773 607 ει
785 579 873 608 Erunt
884 589 967 616 prava

177 621 206 648 in
224 625 309 654 recta,
327 625 354 649 et
378 629 474 656 aspera
505 622 534 650 in
563 623 622 652 vias
639 625 734 659 planas
750 625 783 652 ".
804 635 814 652 ι
833 626 969 654 Praemisit

177 665 249 692 cnim
267 673 275 693 :
294 673 303 691 ι
319 665 414 693 Omnis
422 666 502 694 vallis
516 667 673 703 implebitur
702 673 729 697 et
747 673 836 698 omnis
850 678 928 698 mons
940 676 967 699 et

177 711 256 739 collis
297 711 487 740 humiliabitur
519 714 559 740 νδ.
595 722 605 739 ι
643 714 713 742 Alibi
758 723 857 744 rursus
900 716 964 744 dum

177 755 236 791 ipse
260 756 287 783 in
318 756 376 784 hac
390 758 473 785 verba
498 757 621 793 loquitur
649 761 734 789 tsaias
749 770 776 788 τι
805 761 851 789 Via
866 762 965 798 impio-

177 809 238 828 rum
265 806 340 829 recta
363 802 434 830 facta
448 807 489 830 est
510 803 544 836 ⁸⁸,
561 813 571 830 ι
587 806 774 841 evangelicum
795 807 963 844 intelligens.

177 854 238 882 quae
267 847 347 882 plana
372 852 399 875 et
423 848 511 876 facilis
530 856 589 876 cam
600 850 770 880 calcantibus
781 853 878 886 evasit,
888 853 966 888 juxta

177 893 284 921 illudzc
302 893 402 929 Jugutn
419 903 508 922 meum
538 903 623 924 suave
650 901 704 929 est,
727 902 755 925 et
778 906 848 927 onus
875 907 964 927 tneum

176 939 236 968 leve
248 940 282 967 ⁸⁵.
302 949 312 966 ›
330 940 399 968 Cum
413 941 517 968 eisdem
540 945 567 968 et
584 949 613 970 se
634 947 766 977 perpetuo
790 950 964 973 versatnrum

1017 216 1057 247 εις
1073 215 1124 250 τὴν
1149 215 1288 243 θάλασσαν
1312 216 1341 242 ἐν
1358 215 1462 246 πλοίοις
1477 215 1654 250 χειμάζονται
1674 217 1734 247 ταῖς
1755 215 1803 242 τοῦ

1019 260 1077 297 βίου
1098 261 1276 296 περιστάσεσι
1301 261 1364 296 τῇδε
1387 262 1499 287 κακεῖσε
1513 261 1667 296 φερόμενοι.
1691 260 1806 295 inpar-

1018 305 1130 334 θέντων
1141 305 1169 332 δὲ
1183 305 1238 332 τῶν
1252 305 1416 341 εἰρημένων,
1433 307 1458 332 οἱ
1478 306 1542 341 πρὶν
1557 306 1664 341 τυφλοὶ
1674 306 1807 338 διεσώθη-

1019 360 1081 385 σαν,
1095 352 1164 389 πρὸς
1183 351 1273 384 ὀδοὺς
1284 351 1413 387 ἀχθέντες
1426 351 1475 384 τὰς
1493 351 1685 386 εὑαγγελικὰς,
1700 352 1737 385 ἇς
1751 353 1807 380 οὐκ

1018 398 1135 433 ᾔδεσαν
1155 398 1316 434 πρότερον·
1340 395 1382 430 οἷς
1408 398 1580 433 προσεφώνει
1607 398 1657 425 καὶ
1683 398 1804 430 Παῦλος·

1020 442 1105 469 (Ἤτε
1115 442 1170 478 γάρ
1187 451 1254 469 ποτε
1266 442 1375 475 σκότος,
1392 442 1439 469 νῦν
1451 442 1479 469 δὲ
1493 442 1551 476 φῶς
1564 442 1593 469 tv
1605 441 1711 478 Κυρίῳ.
1727 451 1737 467 ι
1748 439 1805 473 Οἷς,

1019 488 1090 515 καθά
1119 488 1167 514 καὶ
1183 488 1311 523 Ἰωάννης
1335 488 1350 513 ὁ
1365 487 1519 523 Βαπτιστὴς
1542 487 1594 522 ἔφη
1608 507 1616 519 ,
1635 495 1644 513 ‹
1662 487 1759 513 Ἔσται
1772 486 1808 513 τὰ

1019 533 1115 560 σκολιὰ
1133 533 1174 565 εἰς
1190 532 1308 565 εὐθείας,
1324 533 1402 568 καὶὴ
1420 533 1536 568 τραχεία
1552 533 1592 564 είς
1605 532 1680 563 ὁδοὺς
1690 531 1777 560 λείας.
1793 540 1803 557 ι

1018 580 1131 615 Προέφη
1146 579 1217 615 γάρ’
1242 579 1325 606 «Ὅτι
1351 580 1427 608 πᾶσα
1451 578 1561 615 φάραγξ
1583 577 1805 614 πληρωθήσεται,

1017 630 1065 656 xat
1077 629 1132 656 πᾶν
1144 627 1206 663 ὅρος
1217 627 1369 662 καὶῗβουνὺς
1379 626 1623 662 ταπεινωθήσεται.
1637 635 1647 652 t
1659 625 1714 652 Καὶ
1726 625 1807 652 ἀλλα-

1019 673 1068 709 χοῦ
1084 673 1113 700 δέ
1129 682 1212 709 φησιν
1235 673 1348 704 Ἡσαΐας
1359 678 1366 688 ⁸
1387 682 1396 698 ι
1408 671 1484 703 Ὁδὸς
1501 671 1622 698 εὐσεϐῶν
1638 670 1729 696 εὐθεῖα
1744 670 1806 703 ἐγέ-

1021 728 1090 752 νετο,
1106 729 1116 745 ›
1132 720 1181 755 τὴν
1206 718 1388 754 εὐαγγελικὴν
1414 717 1513 753 δηλῶν,
1531 716 1619 744 λείαν
1641 717 1697 747 τοῖς
1722 715 1808 750 αὐτὴν

1019 765 1153 792 πατοῦσιν
1169 765 1356 800 ὑπάρχουσαν,
1371 763 1525 799 συμφώνως
1543 762 1582 798 τῷ
1592 771 1600 778 ·
1618 772 1628 788 ‹
1645 762 1674 788 '0
1689 761 1743 797 γὰρ
1759 760 1807 792 ζυ-

984 828 1005 856 n
1018 811 1066 846 γός
1080 819 1129 846 μου
1143 809 1272 845 χρηστὸς,
1285 809 1334 836 καὶ
1346 808 1376 835 τὸ
1389 808 1500 856 φορτίον
1519 817 1570 844 μου
1583 808 1650 856 ὲλαφ
1656 807 1711 856 ρόν.
1733 803 1808 856 ’.Εἷς

1019 856 1222 892 ἐπαγγέλλεται
1239 856 1358 882 συνεῖναι
1378 854 1534 886 διαπαντὸς,
1561 853 1632 880 κατὰ
1652 851 1697 879 τό·
1714 860 1723 877 ι
1743 851 1807 877 Ἰδοὺ

1020 902 1075 936 ἐγὼ
1091 901 1150 937 μεθ’
1167 900 1244 937 ὑμῶν
1261 901 1321 936 ειμι
1338 900 1427 932 πάσας·
1437 899 1486 932 τὰς
1501 898 1606 935 ἡμέρας
1619 898 1672 930 ἕως
1685 897 1735 932 τῆς
1747 904 1809 923 συνι

1020 948 1128 980 τελείας
1144 947 1192 975 τοῦ
1208 947 1315 979 αἰῶνος.
1334 956 1344 973 ι

176 985 332 1020 pollicetur.
344 985 421 1014 Unde
431 987 511 1014 illud:
528 997 537 1012 ι
547 987 674 1023 Ecceego
686 988 827 1017 vobiscum
843 999 903 1018 sum
917 993 1045 1021 omnibus
1054 993 1152 1021 diebus
1161 999 1248 1027 usque
1265 992 1298 1019 ad
1306 991 1569 1019 consummationem
1584 989 1735 1018 smuli'm

211 1034 254 1062 Ab
268 1041 302 1062 eo
317 1039 410 1062 autem
426 1035 499 1068 loco,
513 1035 571 1071 Ipsi
586 1045 646 1064 vero
666 1038 853 1065 conversisunt
866 1042 965 1066 retror-

176 1086 246 1113 sum,
262 1081 390 1116 plerique
404 1082 568 1118 omnes,qui
584 1082 635 1111 ista
647 1084 797 1118 explicant,
811 1084 845 1112 ad
857 1084 967 1113 Indicos

176 1124 274 1152 referri
294 1126 474 1154 arbitrantur.
490 1128 620 1160 Quamvis
635 1129 716 1156 etiam
733 1137 787 1158 non
815 1131 905 1159 desint
920 1136 966 1166 qui

176 1176 192 1196 a
211 1171 305 1199 verbis
319 1171 449 1199 Dominus
471 1172 540 1201 Deus
555 1173 683 1201 uirtutum
694 1175 853 1210 egredietur,
873 1177 967 1212 auspi-

176 1217 243 1244 cari.
259 1221 374 1252 putent;
397 1218 504 1254 istaque
525 1219 611 1248 velint
631 1220 734 1249 deserto
754 1226 779 1248 et
805 1222 919 1256 insulis,
941 1227 966 1250 et

177 1261 264 1288 Cedar
285 1262 357 1297 (quae
377 1270 392 1290 a
413 1264 574 1299 prophetia,
597 1264 705 1293 Iudaici
740 1267 833 1302 populi
856 1268 966 1294 nomine

177 1307 269 1335 habita
288 1308 375 1336 aliena
390 1310 479 1344 erant)
500 1310 660 1345 prophetam
680 1310 775 1339 lsraeli
788 1312 964 1348 rejectionem

177 1358 226 1386 per
251 1359 294 1386 ea,
316 1361 378 1388 qua:
401 1353 587 1388 adducuntur,
612 1356 794 1390 denuntiare,
816 1357 881 1385 dum
905 1358 968 1386 ait:

179 1395 308 1425 Dominus
320 1398 392 1425 Deus
402 1400 528 1427 virtutum
538 1401 695 1436 egredietur.
704 1407 729 1430 et
736 1406 851 1430 conteret
860 1403 967 1431 bellum.

178 1441 336 1471 Secundum
354 1444 548 1480 Symmachum
563 1451 654 1475 autem
672 1448 819 1477 :Dominus
831 1454 854 1477 et
869 1455 962 1485 potens

177 1489 271 1521 veniet,
292 1494 321 1516 ut
333 1490 372 1517 vir
384 1490 507 1520 bellator.
519 1492 630 1527 Deinde,
647 1497 776 1530 tanquam
788 1496 842 1523 sibi
857 1497 965 1524 sitcum

1061 1037 1128 1065 Ἀπὸ
1149 1038 1177 1064 δὲ
1202 1036 1262 1070 τοῦ,
1289 1037 1380 1064 Αὐτοὶ
1398 1035 1432 1063 δὲ
1446 1035 1685 1070 ἀπεστράφησαν
1705 1035 1749 1067 εις
1773 1035 1809 1061 τὰ

1020 1084 1128 1115 ὀπίσω,
1141 1084 1166 1110 οἱ
1179 1082 1312 1118 ἐξηγηταὶ
1327 1081 1428 1113 πάντες
1441 1081 1510 1116 πρὸς
1525 1078 1670 1113 Ἰουδαίους
1683 1080 1808 1116 εἰρῆσθαί

1021 1138 1099 1165 φασι,
1113 1128 1194 1156 τινῶν
1211 1128 1258 1155 καὶ
1281 1127 1385 1155 ἄνωθεν
1400 1127 1468 1163 πρὸς
1494 1127 1593 1159 αὐτοὺς
1617 1126 1743 1162 εἰρῆσθαι
1764 1126 1808 1152 λε-

1022 1175 1125 1210 γόντων
1148 1174 1203 1202 ἀπὺ
1229 1173 1287 1207 τοῦ,
1304 1174 1411 1208 Κύριος
1434 1174 1450 1200 ό
1474 1173 1546 1206 Θεὸς
1567 1172 1627 1199 τῶν
1651 1171 1808 1207 δυνάμεων

1018 1220 1221 1252 ἐξελεύσεται.
1237 1219 1272 1245 Οἵ
1288 1227 1381 1253 φασιν,
1397 1218 1434 1249 ὡς
1459 1217 1548 1245 ταῦτα
1565 1219 1598 1253 τῇ
1622 1217 1731 1252 ἐρήμῳ,
1757 1217 1807 1243 καὶ

1018 1266 1082 1299 ταῖς
1099 1266 1217 1299 νήσοις,
1233 1265 1284 1293 καί
1300 1265 1338 1300 τῇ
1352 1265 1451 1299 Κηδὰρ
1468 1264 1551 1300 (ἅπερ
1566 1261 1601 1298 ἧν
1616 1263 1744 1300 ἀλλότρια
1761 1263 1807 1290 τοῦ

1024 1311 1160 1339 Ἰουδαίων
1173 1311 1239 1338 λαοῦ
1254 1312 1304 1346 τῆς
1319 1309 1502 1347 προφητείας)
1521 1310 1535 1336 ὁ
1552 1309 1630 1343 λόγος
1640 1307 1806 1343 ἐπαγγειλά-

1025 1366 1105 1394 μενος
1117 1358 1166 1393 τὴν
1181 1356 1319 1392 ἀποϐολὴν
1333 1356 1382 1383 τοῦ
1404 1355 1522 1391 Ἰσραὴλ,
1536 1355 1580 1381 διὰ
1596 1354 1652 1381 τῶν
1669 1353 1808 1388 ὲπαγομέα

1023 1412 1076 1432 νων
1095 1403 1216 1439 ἐδήλωσε
1231 1403 1319 1437 λέγων
1328 1410 1335 1418 ο
1345 1403 1455 1437 Κύριος
1467 1403 1483 1429 ό
1497 1400 1569 1434 Θεὸς
1583 1399 1644 1427 τῶν
1653 1398 1808 1433 δυνάμεων

1020 1450 1223 1483 ἐξελεύσεται,
1250 1448 1301 1475 καὶ
1320 1449 1481 1482 συντρίψει
1507 1446 1652 1481 πόλεμον.
1677 1444 1756 1471 Κατὰ
1779 1443 1807 1470 δὲ

1020 1495 1185 1531 Σύμμαχον·
1205 1495 1316 1529 Κύριος
1340 1494 1381 1527 ὠς
1402 1493 1532 1526 δυνατὸς
1558 1491 1750 1524 ἐξελεύσεται
1767 1490 1808 1523 ὡς

177 1534 300 1564 Hebrteis
320 1536 449 1566 hostibus
464 1541 616 1573 negotium,
636 1528 733 1568 bellum
752 1542 920 1576 subindical,
939 1549 966 1570 et

1019 1528 1095 1576 ἀνίιρ
1123 1528 1321 1576 ξιολεμιάτής.
1355 1539 1401 1571 Ὠς
1441 1540 1510 1575 πρὸς
1539 1538 1653 1574 ἐχθροὺς
1687 1537 1717 1564 δὲ
1744 1537 1808 1567 τοὺς

180 1581 232 1608 zeli
259 1583 376 1616 nomine,
396 1591 456 1611 eam
478 1585 607 1620 intelligit
626 1587 841 1621 aemulationem,
863 1597 916 1624 qua
936 1597 967 1618 se

178 1627 251 1662 apud
275 1627 369 1656 Mosen
388 1629 416 1656 in
435 1637 489 1657 non
507 1635 616 1666 gentem
639 1639 689 1660 eos
708 1634 902 1662 azmulaturum
915 1634 967 1662 Do-

179 1673 271 1702 minus
288 1674 432 1702 allirmavit
448 1676 482 1702 θ’.
498 1675 645 1704 Suscitabit
660 1685 724 1711 ergo
742 1679 838 1712 zelum,
857 1681 966 1715 inquit;

179 1719 227 1747 sed
244 1719 347 1748 deserto
363 1721 434 1756 ipso,
454 1726 481 1750 et
501 1722 603 1755 Cedar,
617 1727 645 1750 ct
658 1724 755 1752 insutis
766 1725 818 1752 sibi
836 1726 968 1753 concilia-

180 1764 227 1796 tis,
240 1763 398 1792 Judazorum
415 1770 506 1794 autem
524 1768 624 1802 populo
641 1769 968 1805 repudiato.Nequevero

180 1810 208 1837 id
226 1814 328 1839 temere
344 1811 427 1839 faciet
442 1820 450 1845 ;
466 1812 513 1840 sed
532 1821 582 1841 cur
595 1814 632 1841 ita
649 1814 757 1848 fecerit,
771 1816 905 1844 rationem
925 1817 963 1843 af-

180 1855 250 1885 feret
267 1866 273 1884 :
291 1858 373 1893 quale
387 1862 430 1885 est
446 1859 521 1894 quod
539 1860 666 1895 sequitur
684 1870 691 1888 :
708 1861 741 1888 Et
753 1862 880 1889 clamabit
891 1871 969 1898 super

179 1903 304 1931 inimicos
317 1913 379 1932 suos
393 1914 451 1932 cum
463 1906 630 1942 fortitudine.
645 1907 711 1940 Quae
729 1913 818 1935 autem
831 1908 969 1936 defensio-

180 1948 225 1976 nis
239 1950 334 1976 ratio?
352 1951 445 1978 Tacui.
461 1949 536 1978 Num
552 1956 577 1979 et
589 1959 691 1986 semper
707 1953 816 1981 tacebo?
830 1953 969 1980 Patienter

180 1994 222 2030 egi
245 1995 399 2030 siquidem,
425 1997 493 2025 satis
517 2005 655 2033 superque
684 2003 831 2033 peccantes
867 1999 968 2027 ferens.

179 2041 242 2076 Ipso
256 2043 355 2071 deinde
377 2044 515 2078 passionis
530 2048 663 2080 tempore,
676 2045 823 2074 calumniis
841 2046 968 2081 imperti-

181 2092 227 2115 tus
239 2090 328 2121 tacui;
340 2097 414 2123 cum,
429 2091 498 2117 sicut
513 2091 631 2125 pariens,
647 2091 688 2126 egi
702 2091 851 2125 patienter:
864 2096 891 2119 at
910 2092 969 2126 jam

181 2137 348 2170 rt-pendendi
362 2140 470 2172 tempus
483 2141 535 2164 est.
551 2137 692 2165 Dimouebo
707 2137 811 2172 itaque,
826 2142 851 2165 et
865 2139 969 2166 siccabo

181 2181 272 2208 simul.
296 2180 410 2214 Deinde,
433 2182 586 2210 secundum
611 2182 777 2210 Hebraieam
804 2183 968 2215 veritatem,

181 2226 359 2261 reliquosque
387 2226 470 2262 476
492 2227 675 2263 interpretes,
705 2228 798 2256 intulit
821 2238 828 2256 :
858 2228 970 2256 Vastabo

181 2277 283 2300 montes
300 2277 325 2300 et
343 2273 436 2307 calles,
454 2278 480 2301 et
493 2282 569 2301 omne
586 2274 675 2309 fenum
687 2282 779 2302 eorum
795 2275 943 2310 arefaciam
960 2283 970 2307 ;

182 2319 228 2346 ubi
242 2319 372 2346 montium
388 2325 412 2346 et
429 2320 537 2346 collium
555 2321 678 2353 nomine,
698 2322 791 2356 populi
817 2322 969 2357 principes,

181 2367 254 2394 sicut
283 2375 331 2402 per
359 2367 460 2402 fenum,
489 2369 650 2396 eorumdem
682 2373 795 2404 peccata
821 2369 969 2405 intelligit,

181 2411 268 2440 Paulo
282 2413 449 2448 suffragante
461 2414 504 2441 his
518 2414 608 2442 verbis
620 2415 642 2431 ⁵³
655 2423 662 2442 :
675 2423 685 2440 ι
703 2415 731 2442 Si
741 2415 804 2450 quis
818 2416 970 2444 aediﬁcave-

182 2460 219 2486 rit
241 2467 324 2494 super
341 2459 551 2488 fundamentum
568 2460 653 2493 istud,
665 2461 751 2497 ligna,
779 2462 883 2495 fenum,
895 2463 970 2489 cala-

183 2512 269 2538 mum,
293 2505 427 2542 cujusque
447 2514 518 2542 opus
537 2511 662 2542 apertum
683 2508 739 2536 ﬁet.
755 2517 765 2534 ›
785 2507 819 2535 Ει
842 2507 970 2543 superius

181 2550 266 2577 etiam
281 2551 315 2584 ",
333 2551 463 2586 populum
477 2556 607 2588 tanquam
626 2552 719 2580 fenum
736 2553 879 2580 exaruisse
889 2553 969 2580 dixit.

183 2593 297 2627 Deinde,
316 2603 380 2623 cum
401 2596 545 2630 ﬂuviorum
565 2598 749 2633 appellatione
777 2597 844 2633 legis
863 2597 970 2625 doctri-

183 2647 257 2674 nam,
273 2649 325 2676 qua
345 2642 503 2677 utebantur,
529 2643 712 2679 designasset,
727 2651 786 2675 eos,
805 2644 905 2680 inquit,
921 2650 971 2678 po-

219 2701 241 2717 ⁹¹
261 2702 361 2736 Ephe<.
377 2710 404 2734 v,
418 2702 444 2730 8.
482 2704 505 2719 θ’
527 2703 593 2730 Luc.
612 2711 654 2735 tu,
671 2702 697 2730 5.
749 2702 773 2719 ”
794 2702 861 2731 ibid.

183 2736 294 2765 "Deut.
310 2746 396 2769 xxxii.
415 2738 461 2765 2i.
500 2738 545 2764 "l
562 2738 624 2767 Cor.
644 2747 683 2772 ιιι,
706 2737 749 2764 12.
788 2737 810 2755 ⁹⁹
831 2738 884 2765 lsa.
898 2745 941 2769 aL,
960 2738 976 2765 6

915 2701 937 2719 ”
958 2701 1011 2730 lsa.
1026 2710 1108 2735 xxxv,
1121 2703 1148 2731 8.

1024 1586 1166 1622 Ἐϐραίους
1183 1585 1338 1621 ὑπογράφει
1352 1585 1407 1612 τὸν
1433 1584 1578 1618 πόλεμον,
1590 1583 1638 1611 καὶ
1653 1583 1699 1609 τὸν
1716 1581 1809 1616 ζῆλον

1017 1631 1092 1665 λέγει
1103 1631 1148 1658 τόν
1164 1631 1232 1666 πρὸς
1247 1630 1358 1662 αὐτοὺς,
1374 1629 1440 1665 περὶ
1453 1626 1483 1657 οὗ
1495 1628 1598 1663 Μωσῆς
1612 1627 1689 1660 ἔλεγε
1701 1634 1708 1642 ’
1721 1625 1807 1660 Κάγὼ

1019 1676 1211 1713 παραζηλώσω
1221 1676 1320 1707 αὐτοὺς
1335 1675 1379 1702 ἐπ’
1393 1675 1444 1702 οὺχ
1457 1674 1540 1702 ἔθνει.
1558 1672 1663 1700 Τοῦτον
1676 1671 1811 1707 ἐπεγερεῖ

1018 1724 1072 1751 τὸν
1091 1723 1205 1757 (15.1w,-
1227 1723 1320 1758 φησὶν,
1346 1721 1530 1756 οἰκειούμενος
1553 1719 1602 1756 μὲν
1620 1718 1670 1754 τὴν
1685 1719 1807 1753 ἔρημον,

1021 1771 1069 1798 καὶ
1096 1771 1146 1805 τὴν
1165 1770 1277 1805 Κήδαρ,
1293 1770 1342 1797 καὶ
1362 1769 1412 1802 τὰς
1438 1768 1566 1802 νήσους,
1596 1765 1757 1794 ἀποῧάλλων
1780 1765 1809 1791 δὲ

1018 1818 1064 1845 τὸν
1081 1817 1217 1844 Ἰουδαίων
1236 1817 1312 1845 λαόν.
1335 1815 1468 1850 Λογισμῷ
1481 1814 1511 1841 δὲ
1527 1812 1606 1840 τοῦτο
1627 1811 1737 1848 πράξει,
1758 1810 1809 1846 τὴν

1020 1862 1079 1890 ἀνθ’
1092 1860 1129 1889 ὧν
1145 1863 1258 1898 ἐποίησε
1276 1861 1424 1896 προσάγων
1440 1860 1600 1894 ἀπολογίαν,
1627 1858 1719 1885 ὁποῖόν
1729 1857 1788 1884 ἐστι
1800 1864 1807 1871 ·

1019 1909 1075 1936 Kal
1096 1908 1246 1942 βοήσεται
1267 1908 1343 1942 πρὸς
1365 1907 1437 1940 τοὺς
1463 1905 1590 1941 ἐχθροὺς
1613 1903 1707 1932 αὑτοῦ
1735 1902 1810 1938 μετὰ

1021 1955 1140 1989 ἰσχύος.
1154 1955 1203 1986 Τίς
1222 1949 1250 1982 δὲ
1271 1955 1288 1989 ἡ
1314 1953 1464 1988 ἀπολογία;
1487 1952 1668 1985 Ἐσιώπησα.
1688 1949 1738 1984 Μὴ
1759 1949 1809 1977 καὶ

1020 2001 1066 2029 ἀεὶ
1080 2001 1274 2036 σιωπήσομαι
1286 2008 1295 2033 ;
1310 1999 1546 2035 Ἐμακροούμηπα
1558 1997 1623 2034 γὰρ,
1640 1996 1740 2027 ἱκανῶς
1759 1996 1808 2030 φέ-

1021 2055 1076 2082 ρων
1091 2046 1189 2077 αὐτοὺς
1205 2046 1422 2081 ἁμαρτάνοντας.
1438 2045 1492 2071 Καὶ
1505 2043 1576 2070 κατὰ
1598 2042 1645 2069 τδν
1665 2041 1762 2076 καιρδν
1781 2040 1809 2066 δὲ

1020 2091 1067 2119 τοῦ
1086 2092 1199 2124 πάθους,
1225 2092 1384 2124 ἐσιώπησα
1407 2088 1670 2124 συκοφαντούμενος,
1692 2087 1734 2113 ὅτε
1761 2085 1808 2112 καὶ

1020 2138 1218 2173 ἐκαρτέρησα,
1232 2138 1272 2171 ὡς
1285 2139 1304 2172 ἡ
1322 2138 1478 2164 τίκτουσα.
1493 2135 1563 2163 Νυνὶ
1583 2134 1612 2162 δὲ
1630 2133 1724 2168 καιρὸς
1745 2133 1810 2159 ἀντι

1021 2186 1195 2216 αποδώσεως.
1211 2185 1257 2211 Διὸ
1265 2184 1406 2217 ἐκστήσω
1420 2183 1470 2210 καί
1481 2180 1600 2216 ξηρανῶ
1608 2180 1678 2216 ἅμα.
1692 2178 1770 2206 Κατὰ
1782 2177 1810 2204 δὲ

1022 2232 1073 2267 τὴν
1097 2231 1226 2266 Ἐϐραῐδα
1251 2230 1298 2257 καὶ
1309 2230 1373 2260 τοὺς
1391 2228 1504 2260 λοιποὺς
1524 2225 1696 2262 ἑρμηνευτὰς
1711 2222 1810 2257 ἐπενή-

1022 2284 1110 2313 νοχεν*
1130 2277 1289 2310 Ἐρημώσω
1311 2274 1375 2309 ὅρη,
1401 2273 1451 2301 καὶ
1472 2271 1618 2306 βουνοὺς,
1643 2269 1692 2297 καὶ
1712 2268 1810 2295 πάντα
1837 2274 1846 2281 ·

1021 2325 1075 2351 τὸν
1093 2323 1201 2358 χόρτον
1229 2320 1329 2348 αὐτῶν
1346 2319 1476 2355 ξηρανῶ.
1504 2319 1578 2353 Ὀρη
1600 2317 1650 2353 μὲν
1671 2315 1718 2342 καὶ
1731 2314 1808 2346 βου·

1020 2368 1104 2401 νοὺς,
1118 2369 1165 2394 τοὺ
1180 2366 1247 2394 λαοῦ
1265 2366 1328 2398 τοὺς
1342 2365 1475 2402 ἄρχοντας
1488 2363 1684 2398 αἰνιττόμενος,
1702 2359 1811 2395 χόρτον

1020 2414 1048 2441 δὲ
1063 2415 1111 2446 τὰς
1125 2414 1262 2450 ἁμαρτίας
1272 2413 1374 2447 αὐτῶν,
1387 2411 1493 2439 Παύλου
1503 2411 1628 2446 λέγοντος
1638 2415 1646 2423 ’
1663 2417 1673 2434 ι
1684 2407 1716 2434 Εἰ
1728 2405 1757 2433 δέ
1768 2413 1810 2433 τις

1020 2461 1193 2496 ἐποικοδομεῖ
1208 2461 1254 2487 ἐπὶ
1270 2460 1314 2486 τὸν
1333 2458 1458 2494 θεμέλιον
1481 2458 1576 2484 τοῦτον
1597 2455 1678 2489 ξύλα,
1701 2453 1809 2488 χόρτον,

1021 2507 1159 2542 καλάμην,
1181 2507 1298 2534 ἑκάστου
1317 2506 1347 2533 τὸ
1375 2506 1455 2542 ἔργον
1480 2503 1597 2539 φανερὸν
1621 2501 1778 2536 γενήσεται.
1798 2507 1807 2523 ι

1020 2553 1077 2581 Καὶ
1092 2554 1148 2581 ἄνω
1161 2553 1190 2579 δὲ
1202 2552 1295 2587 ἔλεγεν
1306 2561 1313 2568 ·
1331 2562 1341 2579 ι
1359 2550 1403 2584 Ὦς
1415 2551 1511 2587 χόρτος
1525 2551 1539 2577 ὁ
1553 2549 1616 2598 lae;-
1629 2545 1766 2583 ἐξηράνθη
1797 2553 1806 2570 ι

1021 2600 1069 2626 καὶ
1077 2599 1127 2631 τὰς
1137 2599 1201 2635 παρ’
1213 2599 1305 2630 αὐτοῖς
1312 2598 1341 2625 δὲ
1349 2598 1465 2634 νομικὰς
1475 2595 1651 2625 διδασκαλίας
1657 2595 1809 2626 ποταμοὺς

1024 2645 1119 2679 εἰπὼν,
1135 2645 1233 2681 Θήσω,
1248 2645 1341 2681 φησιν,
1355 2646 1398 2679 εις
1408 2644 1517 2680 νῆσον.
1530 2642 1584 2670 Καὶ
1592 2641 1626 2668 τὰ
1637 2639 1702 2676 παρ’
1718 2637 1810 2667 αὐτοῖς

1198 2703 1221 2720 ³⁵
1241 2701 1338 2730 Matth.
1356 2710 1395 2736 ει,
1411 2702 1456 2730 50.
1506 2700 1529 2718 ³⁸
1549 2693 1807 2729 Matth.xxvtn,20.

827 2793 945 2821 VARUE
966 2793 1169 2822 LECTIONES.

220 2830 234 2850 ιι
254 2838 298 2865 γρ.
319 2829 466 2865 φυγόντας.
