2002 3078
149 129 218 160 2⁸377

704 126 971 159 COMMENTARII
989 126 1032 156 IN
1052 125 1182 155 ISAIAM

1705 121 1774 152 2378

149 183 178 209 δὲ
203 182 367 217 λιμνάζοντα
395 182 511 217 λογικῶν
541 183 649 211 ὑδάτων
673 184 771 219 χωρία,
795 185 833 216 ὡς
854 184 939 210 ἕλεσι

1002 190 1053 208 iam
1070 182 1096 208 in
1113 182 1241 208 insulam.
1255 180 1312 207 lmo
1330 187 1390 215 quae
1405 180 1464 207 loca
1479 179 1549 214 apud
1565 179 1626 206 illos
1642 178 1679 206 ita
1693 179 1788 209 πλεῖοι

151 227 385 263 παραϐάλλεσθαι,
402 228 531 263 ﬁrmari».

192 316 360 352 Ἀπειλήσας
387 316 490 350 ταῦτα,
517 317 676 352 μεταϐαίνει
703 317 783 344 πάλιν
821 317 867 344 ἐπὶ
889 316 938 352 τὴν

151 365 231 400 χάριν
243 363 293 399 τὴν
305 363 427 390 δοθεῖσαν
438 365 494 395 τοῖς
507 363 596 390 ἔθνεσι
610 363 790 397 λέγων-’Δξω
802 363 938 397 τυφλοὺς

150 411 186 436 ἐν
198 409 268 442 ὁδῷ.
285 410 340 436 Καὶ
355 409 457 444 πρόσθε
470 409 524 445 γὰρ
539 410 593 445 ἔφη
608 411 673 446 περὶ
687 409 818 446 Χριστοῦ·
833 409 938 436 «Ἔδω-

152 455 189 482 ad
206 463 236 481 σε
261 455 301 486 εὶς
316 455 448 489 διαθήκην
466 455 572 488 γένους,
594 455 635 486 εἰς
656 454 713 489 φῶς
737 454 821 481 ἐθνῶν
836 454 939 487 ἀνοῖξαι

151 500 309 535 ὀφθαλμοὺς
325 500 444 534 τυφλῶν.
457 510 465 525 r
479 501 515 527 Τὸ
526 500 554 527 δὲ
576 501 644 534 ὀδῷ,
659 504 734 537 παρὰ
746 501 828 528 πᾶσιν
842 500 939 532 ἑνικῶς

153 547 337 582 ἐξενήνεκται,
365 548 398 582 ἣν
415 546 548 582 ὲὸγιλωσεν
561 547 575 573 ὁ
595 547 688 583 Surth
703 547 789 574 εἰπών
800 555 808 563 ·
829 556 839 573 ι
869 546 940 581 Ἐγώ

154 594 213 628 εἰμι
231 593 247 627 ὴ
261 592 331 624 ὁδὸς,
351 601 361 618 r
380 593 414 628 ἢν
426 593 596 627 ἠγνοοῦμεν
612 592 642 619 τὸ
659 593 802 628 πρότερον.
810 594 865 620 Καὶ
881 593 940 628 τρι-

155 639 237 671 ϐους,
255 638 303 669 τὰς
333 638 508 672 προφητικὰς
538 639 661 672 δηλονότι
677 638 800 674 Γραφὰς,
828 641 876 666 καὶ
893 637 940 665 τοῦ

156 684 215 719 βίου
227 684 290 715 τοὺς
312 684 364 710 ὑπὸ
382 684 430 720 τῆς
453 684 528 716 θείας
557 684 793 720 ὑποϐαλλομένους
813 685 941 712 διδασκα-

155 729 226 761 λίας.
253 729 308 756 Καὶ
323 729 373 764 τὴν
399 729 524 764 ἄγνοιαν
537 731 584 756 τοῦ
605 729 672 757 Θεοῦ
690 730 852 766 μεταϐαλεῖν
876 731 942 766 ἡμῖν

155 776 199 808 εἰς
213 774 285 810 φῶς,
308 775 356 802 καὶ
378 777 413 802 τὰ
426 776 509 803 πάλαι
531 776 644 805 σκολιά
662 785 692 804 τε
717 777 764 804 καὶ
780 777 872 811 ἀσαφῆ
893 775 942 803 τοῦ

155 821 224 848 θεοῦ
263 821 342 855 λόγια
376 822 538 860 γενήσεσθαί
572 828 653 858 φησιν
685 822 794 858 ὁμαλά.
825 823 882 858 Ἐφ’
902 820 943 855 οἷς

991 227 1101 254 nalibus
1117 227 1195 262 aquis
1210 230 1351 262 stagnant,
1369 230 1398 254 ut
1412 233 1473 253 cum
1482 225 1622 260 paludibus
1630 225 1774 252 conferam

990 275 1046 303 tur,
1069 270 1163 298 eadem
1182 269 1329 297 exsiccabo.

1027 316 1093 350 Quae
1112 320 1259 352 postquam
1284 320 1327 342 est
1342 315 1549 347 interminatus,
1564 315 1664 342 transit
1680 322 1776 343 rursus

992 363 1025 390 ad
1043 363 1171 398 gratiam,
1191 369 1251 397 quae
1265 361 1394 396 gentibus
1408 368 1540 388 concessa
1551 364 1604 394 est,
1617 361 1660 388 his
1668 361 1775 388 verbis:

993 409 1097 436 Ducam
1110 416 1194 436 caveas
1211 408 1238 435 in
1258 408 1312 434 via.
1330 407 1485 434 Dixitenim
1511 407 1546 435 de
1569 406 1680 434 Christo
1694 407 1777 434 etiam

993 455 1143 490 superius:
1163 464 1172 481 ι
1191 454 1255 483 Dedi
1271 460 1297 482 te
1312 455 1338 482 in
1354 457 1548 482 testamentum
1563 453 1682 489 generis,
1700 453 1726 481 in
1737 453 1779 480 lu-

993 507 1052 528 cem
1080 501 1224 535 gentium,
1247 503 1278 527 ut
1299 500 1422 535 aperires
1442 499 1538 526 oculos
1565 506 1700 526 emcorum
1719 497 1740 525 ί.
1767 507 1776 523 ι

994 546 1056 574 Ideo
1074 552 1165 575 autem
1181 547 1230 574 vite
1244 554 1344 574 nomen
1360 546 1537 582 singulariter
1552 553 1647 573 omnes
1661 552 1780 580 usurpa-

994 596 1070 624 runt,
1087 596 1115 619 ut
1130 599 1202 625 eam,
1219 592 1253 620 de
1263 599 1317 627 qtta
1338 591 1467 619 Salvator
1483 591 1614 627 loquitur,
1630 599 1692 619 eum
1706 591 1778 618 viam

994 644 1024 664 se
1040 644 1102 664 esse
1112 638 1212 665 asserit
1223 638 1244 669 ',
1257 644 1338 672 quam
1353 641 1433 664 antea
1450 637 1639 670 nesciebamus,
1656 645 1718 665 esse
1731 637 1779 665 de-

996 686 1197 710 monstrarent.
1210 681 1324 710 Semitas
1340 683 1449 714 deinde,
1461 683 1562 718 scripta
1574 684 1778 719 prophetarum,

996 728 1023 755 in
1044 729 1146 764 quibus
1161 728 1248 756 beatae
1265 729 1326 756 vitae
1334 729 1406 756 ratio
1420 729 1500 757 nobis
1509 731 1640 765 aperitur.
1651 731 1780 766 appellat.

998 773 1101 809 Deique
1126 775 1321 809 ignorationem
1339 775 1367 802 in
1387 775 1482 807 lucem,
1509 781 1537 803 et
1557 781 1619 811 qua:
1643 777 1782 811 quondam

998 820 1106 855 obliqua
1123 820 1300 857 dilIiciliaque
1323 821 1449 853 fuerant,
1475 821 1557 855 plana
1576 827 1604 850 et
1622 826 1696 850 recta
1724 822 1784 851 fore

157 869 315 903 ἐπήνεγκε,
343 868 439 895 Ταῦτα
469 869 505 896 τὰ
538 870 658 904 ῥήματα
685 869 803 905 ποιήσω
832 870 945 903 αὐτοῖς.

1002 865 1153 900 pollicetur.
1170 865 1248 894 Unde
1268 867 1361 894 statim
1382 867 1438 895 Ita'c
1455 875 1482 894 se
1493 868 1532 895 eis
1549 867 1629 895 verba
1648 868 1784 902 facturum

165 914 299 950 Ἀκριὸῶς
311 913 339 940 δὲ
352 912 438 947 εἷπεν,
451 915 494 944 οὐ,
506 914 624 950 λαλήσω,
637 915 849 950 ἀλλὰ,ποιήσω.
859 915 947 943 Πάλαι

160 961 210 995 μὲν
224 960 278 995 γὰρ
301 960 348 986 διὰ
360 961 508 996 προφητῶν
524 961 670 997 ὲλελάλητο
680 970 686 977 ·
700 962 748 989 νῦν
761 963 789 989 δὲ
808 963 841 989 δι’
858 962 947 998 ἔργων

160 1006 295 1032 ἐπιτελεῖν
322 1006 532 1040 ἐπαγγέλλεται.
555 1006 694 1035 Ἐντεῦθεν
715 1008 873 1044 ἐπιστρέφει
901 1009 947 1035 τὸν

159 1050 238 1084 λόγον
253 1050 302 1077 ἐπὶ
317 1051 380 1082 τοὺς
397 1051 481 1077 πάλαι
501 1051 633 1086 μένοντας
652 1051 765 1086 πλησίον
778 1052 856 1084 Θεοῦ,
871 1053 946 1080 ἀπο-

159 1096 349 1132 στραφέντας
364 1096 398 1123 δὲ
405 1098 449 1130 εὶς
458 1096 495 1124 τὰ
509 1097 616 1130 ὀπίσω,
632 1098 696 1130 τοὺς
712 1099 854 1131 Ἰουδαίους
865 1100 946 1135 φημί.

160 1143 285 1169 Δείκνυσι
300 1143 329 1169 δὲ
358 1141 453 1178 ὥσπερ
468 1143 561 1175 αὐτοῖς
579 1143 633 1170 τῶν
652 1143 737 1171 ἐθνῶν
758 1145 807 1180 τὴν
821 1146 948 1182 ἐπιστρο-

161 1188 226 1223 φὴν,
247 1188 296 1215 καὶ
308 1188 369 1215 οἷαν
383 1188 463 1223 ἔσχον
472 1188 645 1223 μεταϐολὴν
658 1189 698 1221 είς
716 1189 773 1224 φῶς
789 1192 820 1218 ὲκ
838 1192 949 1223 σκότους

162 1233 349 1268 χωρήσαντες,
373 1233 559 1266 ὀνειδιπικῶς
573 1234 643 1270 πρὸς
664 1236 728 1267 τοὺς
753 1236 950 1272 εἰδωλολάτραις

162 1277 250 1312 λέγων
261 1286 269 1292 ·
283 1279 473 1314 Αισχύνθητε
488 1280 652 1315 αισχύνην,
665 1281 712 1308 καὶ
728 1281 762 1308 τὰ
773 1281 848 1317 ἑξῆς.
862 1282 950 1317 Ὅπερ

162 1323 287 1360 ἀκριϐῶς
303 1324 457 1360 ἑρμήνευσε
482 1325 630 1360 Σύμμαχος
660 1325 745 1353 εἰπών
758 1335 764 1342 ·
780 1327 949 1362 Αἰσχυνθή-

161 1375 270 1395 σον-ται
283 1370 438 1404 αἰσχύνην
453 1371 482 1397 οἱ
508 1371 683 1404 πεποιθότες
709 1371 772 1404 τοῖς
794 1373 949 1407 γλυπτοῖς.

169 1413 198 1439 '0
215 1413 244 1440 δὲ
270 1414 399 1448 Ἀκύλας,
413 1416 676 1450 αισχυνθήτωσαν,
692 1417 721 1443 '0
744 1417 772 1444 δὲ
796 1417 950 1451 Θεοδοτίων,

164 1460 487 1494 καταισχυνθήτωσαν.
516 1462 570 1488 Kal.
595 1462 650 1498 γὰρ
679 1463 786 1497 ἀληθῶς
807 1464 862 1490 τῶν
888 1465 952 1498 πρὶν

165 1503 432 1540 εἰδωλολατρούντων
443 1505 529 1533 ἐθνῶν
544 1507 723 1542 μεταϐάντων
732 1509 771 1541 είς
785 1508 950 1542 θεοσέῆειαν,

164 1549 196 1575 τὸ
213 1549 349 1577 Ἰουδαίων
360 1550 437 1583 ἔθνος
447 1551 587 1586 ᾐσχύνθη
599 1561 606 1568 ·
622 1554 668 1580 καὶ
678 1553 724 1580 νῦν
739 1555 954 1588 αἰσχυνθέντες

165 1594 322 1622 ἑπαύσαντο
339 1596 402 1628 τοὺς
425 1597 509 1624 πάλαι
525 1598 660 1633 τυφλοὺς
679 1599 863 1634 φωτισθέντας
885 1600 953 1627 ἰδόν.

164 1649 221 1673 τες.

207 1686 381 1721 Ἐμφατικῶς
395 1687 424 1715 δὲ
440 1687 501 1716 λίαν
524 1688 577 1725 ἔφη
604 1690 670 1725 περὶ
699 1690 798 1717 αὑτῶν-
828 1691 910 1718 Αὐτοὶ
926 1692 954 1719 δὲ

165 1733 407 1768 ἀπεστράφησαν
419 1735 443 1761 οἱ
457 1734 532 1770 νόμῳ
547 1735 613 1770 θείῳ
631 1736 894 1772 παιδαγωγούμενοι,
907 1738 955 1764 καὶ

165 1779 211 1805 τὸν
224 1779 278 1806 τῶν
292 1779 360 1806 ὅλων
375 1780 526 1814 ἐγνωκότες
541 1781 618 1808 Θεόν·
631 1782 729 1818 ἢκουον
746 1782 811 1818 γὰρ,
829 1792 838 1808 ι
853 1783 954 1818 Κύριος

165 1823 256 1856 ὁΘεός
281 1833 340 1858 σου,
368 1825 471 1861 Κύριος
491 1824 531 1858 εἷς
542 1828 626 1854 ἐστιν.
642 1837 651 1854 ι
671 1828 737 1862 Καὶ,
757 1837 767 1854 ι
778 1830 834 1856 Οὐκ
849 1828 954 1856 ἔσονταί

167 1878 209 1896 σοι
225 1870 281 1897 θεοὶ
302 1870 372 1906 πλὴν
390 1872 467 1907 ἐμοῦ.
481 1882 491 1899 r
508 1873 601 1900 Ταῦτα
613 1873 709 1906 εἰπὼν,
726 1874 764 1906 ὡς
780 1875 819 1907 εἰς
848 1875 956 1910 κωφῶν

163 1913 224 1943 ὦτα
254 1917 379 1953 κραυγὴν
399 1918 491 1952 ἀφιεὶς
513 1919 625 1955 ὲπιὸοᾷ·
639 1921 673 1947 οι
684 1920 785 1955 κωφοὶ,
795 1921 953 1948 ἀκούσατε.

171 1961 217 1992 Ὦς
233 1961 267 1988 ἂν
281 1961 309 1988 δὲ
325 1963 364 1998 μὴ
375 1963 492 1999 νομισθῇ
509 1965 574 2000 περὶ
596 1965 651 1992 τῶν
664 1966 749 1993 ὲθνῶν
760 1968 773 1994 ὸ
786 1967 864 2001 λόγος
879 1967 954 2003 είρῆ-

165 2007 230 2034 σθαι
241 2007 337 2044 (πάλαι
353 2009 407 2045 γὰρ
423 2010 537 2042 ἐκείνοις
551 2010 637 2038 ταῦτα
656 2012 783 2048 προσῆν),
798 2013 954 2049 διορίζεται,

165 2055 222 2081 Καὶ
248 2054 295 2087 τίς
321 2055 435 2089 τυφλὸς
462 2056 561 2091 ἀλλ’ἢ
581 2058 723 2093 οῑπαῑδές
750 2068 807 2094 μου
815 2068 824 2092 ;
846 2057 955 2087 “Ανθ“οὗ

166 2099 316 2135 Σύμμαχός
334 2109 402 2136 φησι
414 2109 421 2117 ·
438 2102 493 2129 Καὶ
510 2105 556 2136 τις
574 2105 699 2138 τυφλὸς,
714 2106 740 2132 el
757 2105 799 2140 μὴ
816 2107 832 2132 ό
846 2106 956 2139 δοῦλός

162 2154 238 2180 [ιου;
248 2145 296 2172 καὶ
311 2147 410 2181 κωφὸς
421 2148 461 2180 ὡς
472 2150 489 2175 ὁ
501 2149 628 2184 ἄγγελός
640 2159 718 2184 μου;
733 2151 904 2186 τίςτυφλὸς,
916 2153 956 2185 ὡς

998 911 1104 947 adjicit.
1127 913 1260 948 Apposite
1283 918 1374 940 autem
1391 917 1419 941 et
1446 914 1643 949 signiﬁcanter,
1667 922 1724 942 non
1743 914 1784 942 di-

997 956 1078 984 cendi
1092 958 1218 991 verbum,
1233 957 1281 986 sed
1293 958 1410 993 faciendi
1423 959 1576 995 usurpavit,
1588 960 1634 994 qui
1650 968 1710 994 quae
1718 960 1783 987 olim

998 1010 1047 1038 per
1064 1003 1212 1038 prophetas
1225 1003 1313 1031 fuerat
1328 1004 1446 1037 locutus,
1461 1012 1535 1032 nunc
1549 1006 1638 1040 reipsa
1655 1013 1684 1033 se
1715 1013 1784 1040 pra:-

998 1049 1128 1077 stiturnm
1147 1050 1318 1084 polliceatur.
1331 1051 1417 1086 Atque
1431 1051 1496 1079 hinc
1512 1056 1564 1085 est,
1583 1051 1654 1086 quod
1671 1051 1705 1078 ad
1724 1059 1784 1084 eos,

998 1095 1045 1129 qni
1065 1095 1119 1122 Deo
1135 1095 1272 1130 quondam
1282 1096 1410 1130 proximi,
1426 1104 1494 1123 nunc
1506 1101 1652 1124 retrorsum
1667 1097 1786 1124 conversi

999 1146 1071 1174 sunt,
1085 1141 1111 1168 id
1129 1146 1181 1173 est,
1205 1143 1238 1169 ad
1257 1141 1380 1174 Judazos,
1400 1150 1554 1171 sermonem
1568 1143 1713 1171 convertit.
1732 1142 1785 1170 Os—

1000 1186 1087 1213 tendit
1108 1191 1200 1214 autem
1222 1187 1425 1222 quodammodo
1441 1188 1509 1223 ipsis
1524 1189 1646 1224 gentium
1669 1196 1786 1216 conver-

999 1231 1116 1264 sionem,
1133 1237 1160 1260 ct
1180 1240 1262 1268 quam
1288 1234 1462 1261 mutationem
1482 1234 1554 1270 passi
1570 1239 1681 1267 essent,
1704 1235 1751 1270 qui
1770 1242 1785 1262 a

1001 1279 1124 1306 tenebris
1144 1280 1171 1307 in
1202 1279 1289 1307 lucem
1311 1280 1479 1314 prodierant,
1500 1281 1565 1308 dum
1585 1282 1625 1309 sic
1650 1282 1785 1309 idolorutn

1002 1325 1126 1352 cultores
1139 1326 1331 1360 exprobrantis
1347 1328 1428 1354 modo
1439 1328 1597 1362 aggreditur
1614 1337 1620 1354 :
1637 1328 1786 1363 Confundi-

1002 1370 1068 1397 mini
1081 1370 1249 1405 confusione,
1262 1376 1290 1408 et
1303 1379 1366 1407 qua:
1385 1372 1529 1408 deinceps;
1541 1380 1601 1408 qua
1612 1379 1740 1402 accurate
1750 1374 1786 1401 ita

1003 1415 1121 1443 reddidit
1134 1415 1315 1451 Symmachus
1333 1427 1339 1444 :
1360 1417 1563 1452 Confuntlenlur
1573 1420 1727 1455 confusione
1743 1422 1788 1456 qui

1003 1461 1140 1497 conﬁdunt
1157 1463 1183 1489 in
1202 1463 1380 1497 sculptitibus,
1397 1464 1497 1500 Aquila
1511 1470 1601 1493 autem
1617 1474 1643 1494 et
1664 1466 1788 1494 Theodo-

1004 1508 1043 1535 tio
1067 1508 1277 1542 confundantur.
1299 1509 1402 1537 Revera
1418 1511 1492 1538 enim
1513 1518 1576 1538 cum
1597 1512 1631 1538 ab
1652 1511 1787 1540 idolorum

1004 1555 1080 1581 cultu
1094 1555 1128 1582 ad
1147 1555 1275 1590 pietatem
1298 1560 1393 1590 gentes
1409 1557 1583 1589 transissent,
1598 1557 1683 1586 Judmi
1695 1558 1788 1594 confu-

1004 1600 1028 1626 si
1043 1605 1103 1627 sunt
1119 1608 1128 1627 :
1144 1601 1190 1628 sed
1199 1600 1255 1635 jam
1267 1601 1407 1629 desierunt
1420 1603 1611 1639 confundi,qui
1624 1614 1705 1632 calcas
1713 1607 1789 1639 olim,

1004 1652 1078 1672 nunc
1095 1653 1157 1674 esse
1173 1647 1263 1674 visum
1279 1646 1395 1683 adeptos
1408 1650 1580 1677 intueantur.

1038 1690 1120 1726 477
1129 1690 1262 1719 Caeterum
1271 1700 1324 1720 non
1331 1693 1390 1721 sine
1397 1701 1496 1729 magna
1507 1695 1669 1730 emphaside
1677 1697 1717 1724 eis
1729 1705 1791 1724 con-

1005 1737 1072 1764 versi
1081 1742 1142 1764 sunt
1155 1739 1423 1774 usurpavit;quippe
1432 1739 1641 1775 quilegedivina
1652 1743 1791 1774 instructi,

1006 1782 1091 1810 Deum
1109 1783 1193 1810 etiam
1213 1784 1406 1812 universorum
1419 1787 1624 1821 cognovissent.
1640 1788 1791 1816 Audierant

1006 1830 1079 1856 enim
1099 1838 1106 1856 :
1125 1838 1134 1854 ι
1149 1829 1283 1857 Dominus
1298 1830 1369 1857 Dcus
1381 1834 1455 1863 tuus,
1473 1831 1605 1860 Dominus
1624 1841 1694 1861 ututs
1704 1834 1789 1862 est’.»

1006 1875 1054 1902 Et:
1066 1884 1075 1900 ι
1090 1875 1146 1902 Non
1154 1880 1236 1903 erunt
1245 1876 1293 1903 tibi
1302 1876 1339 1903 dii
1348 1880 1446 1912 praeter
1455 1885 1498 1905 me
1508 1877 1528 1905 ⁵.
1543 1888 1552 1904 ι
1563 1878 1626 1906 Haec
1633 1887 1693 1907 cum
1705 1880 1792 1908 dixis-

1006 1925 1059 1952 St“,
1071 1925 1202 1956 tanquam
1211 1922 1238 1948 in
1248 1922 1389 1949 surdorum
1396 1930 1476 1950 aures
1485 1929 1611 1952 contenta
1619 1933 1684 1953 voce
1695 1935 1701 1953 ι
1712 1926 1792 1954 Surda

1007 1967 1107 1999 audite,
1117 1967 1258 1995 inclamat.
1270 1968 1308 1995 Ac
1321 1976 1355 1996 ne
1368 1969 1399 1995 de
1407 1969 1544 2004 gentibus.
1556 1971 1656 2006 quibus
1666 1973 1716 1999 ista
1728 1973 1792 2000 olim

1006 2013 1130 2047 deerant,
1143 2014 1237 2041 haberi
1251 2021 1341 2042 sermo
1351 2015 1490 2043 videretur
1501 2017 1571 2050 (ιιπο
1584 2018 1655 2045 enim
1666 2019 1791 2048 illisolim

1006 2060 1231 2095 conveniebant),
1248 2061 1375 2088 distinxit
1390 2062 1432 2090 his
1447 2063 1540 2091 verbis
1554 2072 1561 2090 :
1579 2063 1675 2100 Ecquis
1692 2073 1791 2098 ca-cus,

1006 2106 1059 2133 nisi
1080 2106 1131 2141 ﬁlii
1150 2107 1223 2134 mei?
1239 2115 1290 2142 pro
1317 2115 1372 2142 quo
1408 2107 1590 2143 Symmachus
1611 2119 1617 2137 :
1636 2110 1732 2145 Ecquis
1743 2120 1792 2139 ια’-

1007 2160 1064 2183 cus,
1084 2153 1136 2179 nisi
1149 2161 1241 2180 servus
1256 2155 1388 2181 meusht
1410 2160 1499 2182 mutus
1520 2160 1548 2182 ut
1569 2157 1677 2184 nuntius
1702 2161 1793 2186 meus!

167 2192 183 2217 ὀ
193 2191 308 2224 τέλειος
321 2199 331 2224 ;
345 2192 394 2219 καὶ
423 2194 521 2228 κωφὲς
531 2195 572 2228 ὡς
586 2196 602 2222 ὁ
616 2195 726 2229 δοῦλός
743 2205 821 2231 μου;
842 2197 949 2225 Δοῦλοι

1008 2200 1067 2234 quia
1099 2207 1205 2231 crocus,
1229 2204 1259 2226 ut
1285 2200 1443 2234 perfectus?
1472 2206 1497 2228 et
1527 2208 1626 2235 mutus,
1650 2208 1678 2230 ut
1705 2213 1794 2232 servus

167 2236 212 2262 τὸν
225 2237 257 2263 ἐκ
269 2237 425 2273 περιτομῆς
448 2239 526 2266 καλεί
550 2240 625 2273 λαὸν,
651 2241 783 2276 ἄγγελόν
796 2251 826 2269 τε
845 2243 893 2270 καὶ
910 2243 955 2271 τέ-

167 2283 253 2308 λειον
279 2284 462 2320 κατακρινων,
487 2285 529 2313 ὅτι
552 2286 706 2319 τοιούτουςί
723 2288 857 2324 ὑπάρχειν
874 2289 955 2324 ἠϐού-

168 2326 238 2355 λετο.
263 2329 324 2356 Ὀτι
339 2329 367 2356 δὲ
384 2330 497 2363 ἑαυτοὺς
521 2332 702 2367 ἐτύφλωσάν
715 2342 745 2360 τε
766 2335 813 2361 καὶ
835 2336 954 2370 κωφοὺς

168 2373 382 2408 ἀπειργάσαντο,
404 2377 553 2412 παρίστησι
582 2378 667 2412 λέγων
678 2387 685 2394 ·
699 2380 787 2407 Ἴδετε
805 2381 955 2415 πολλάκις

169 2418 218 2444 καὶ
241 2420 298 2446 οὐκ
321 2420 525 2454 ἐφυλάξασθε.
549 2424 723 2459 Ἡνοιγμένα
746 2426 782 2453 τὰ
809 2424 880 2459 ὦτα,
905 2428 954 2455 καὶ

170 2465 226 2490 οὐκ
237 2465 399 2498 ἠκούσατε.
416 2467 526 2504 Προέφη
540 2469 567 2495 δὲ
581 2471 627 2496 καὶ
639 2471 680 2504 τὸ,
693 2481 702 2497 ι
715 2472 794 2508 Ἀκοῇ
811 2473 958 2509 ἀκούσητε,

170 2509 216 2535 καὶ
226 2509 257 2536 οὺ
275 2511 313 2545 μὴ
329 2512 439 2546 συνῆτε,
457 2522 466 2539 ι
483 2514 531 2540 καὶ
547 2515 580 2542 τὰ
600 2516 673 2552 ἑξῆς.
687 2517 724 2544 Τὸ
737 2517 765 2544 δὲ
780 2518 861 2553 ῥητὸν
873 2518 960 2550 οὕτως

168 2554 285 2586 ἐξέδωκε
299 2556 458 2593 Σύμμαχος·
472 2558 560 2594 Εἶδες
570 2562 680 2594 πολλὰ,
696 2563 743 2590 καὶ
753 2564 789 2590 οὺ
801 2564 958 2599 φυλάξεις.

177 2601 362 2636 Ἀνεῳγμένα
377 2603 414 2630 τὰ
427 2603 487 2632 ὦτα
509 2607 613 2640 αὑτοῦ,
639 2608 689 2635 καὶ
700 2610 736 2636 οὺ
749 2609 792 2644 μὴ
807 2610 962 2644 ἀκούσεις.

170 2645 277 2679 Κύριος
290 2647 443 2682 ἠθέλησεν
459 2650 509 2677 ἵνα
523 2651 668 2687 δικαιώσῃ
687 2654 781 2681 αὑτὸν
789 2655 956 2690 partui-rat

209 2701 218 2717 ¹
235 2701 290 2729 lsa.
313 2711 380 2735 xw,
403 2704 429 2731 6.
470 2705 480 2720 ¹
497 2705 577 2734 .loan.
591 2716 648 2740 xtv,
663 2711 689 2736 6.
731 2710 740 2726 ⁸
755 2710 832 2738 Deut.
849 2719 889 2743 vt,
908 2711 933 2738 4.
973 2712 983 2727 ⁸
998 2711 1085 2739 Exod.
1098 2721 1145 2746 xx,
1157 2721 1197 2741 In.

1008 2246 1104 2272 meus?
1133 2245 1242 2272 Servum
1271 2245 1465 2274 circumcisum
1495 2248 1623 2282 populum
1661 2250 1793 2283 nominat,

1009 2291 1129 2318 nuntium
1146 2295 1172 2318 et
1194 2291 1339 2326 perfectum
1360 2292 1568 2326 c0ndernnans;
1584 2295 1715 2328 quoniam
1732 2297 1794 2324 talis

1008 2342 1069 2363 esse
1083 2335 1202 2362 volebat.
1220 2334 1332 2369 Scipsos
1348 2330 1416 2363 vero.
1428 2344 1511 2364 meos
1527 2341 1554 2365 et
1569 2343 1655 2365 mutas
1672 2339 1795 2367 olfecisse

1008 2379 1156 2414 signiﬁcat,
1178 2387 1239 2407 cum
1261 2380 1299 2406 ait
1319 2389 1325 2406 :
1352 2380 1462 2408 Vidistis
1483 2390 1564 2417 stupe,
1585 2388 1610 2410 et
1638 2392 1691 2411 non
1706 2389 1796 2412 custo-

1012 2425 1102 2453 distis.
1117 2426 1223 2461 Aperta:
1245 2427 1318 2454 vobis
1332 2435 1421 2460 aures,
1437 2433 1462 2454 et
1478 2437 1529 2457 non
1545 2430 1670 2458 audistis.
1690 2431 1796 2460 Scribi-

1008 2475 1052 2498 tur
1064 2471 1138 2499 enim
1154 2475 1181 2499 et
1197 2472 1263 2500 illud
1280 2481 1287 2500 :
1305 2481 1314 2498 ι
1330 2473 1432 2500 Auditu
1448 2474 1576 2508 audietis,
1588 2480 1614 2503 et
1631 2483 1687 2503 non
1712 2477 1795 2504 intel:

1008 2517 1097 2552 ligetis
1111 2518 1132 2549 ⁸,
1153 2526 1164 2543 ι
1182 2524 1346 2553 ρειετιιιιυε,
1358 2526 1419 2554 qua:
1437 2525 1600 2554 sequuntur.
1615 2520 1717 2549 Locum
1730 2530 1795 2550 vero

1009 2564 1046 2590 ita
1071 2565 1212 2592 transtulit
1231 2564 1414 2601 Symmachus
1436 2575 1443 2593 :
1463 2566 1560 2594 Vidisti
1580 2568 1675 2601 multa,
1701 2573 1726 2596 et
1743 2578 1795 2597 non

1009 2609 1152 2636 custodiet.
1165 2610 1272 2644 Aperite
1280 2618 1357 2638 aures
1373 2616 1434 2644 tuw,
1450 2616 1475 2638 et
1485 2620 1537 2638 non
1549 2613 1652 2642 audies.
1667 2613 1794 2642 Dominus

1015 2654 1098 2681 voluit
1111 2654 1264 2690 justi/icore
1278 2664 1336 2683 eum
1361 2656 1396 2683 ad
1418 2657 1498 2692 legem
1525 2658 1748 2693 magnificentiam
1771 2665 1796 2686 el

1254 2715 1266 2731 ⁸
1279 2714 1331 2742 lsa.
1344 2722 1380 2749 vt,
1396 2716 1422 2743 9.

820 2770 936 2798 νΑιιιΑς
958 2770 1159 2800 LECTIONES.

212 2808 220 2828 ί
232 2815 277 2842 γρ.
295 2807 426 2839 τοιοῦτος.

334 2855 469 2886 Parant.
491 2857 549 2888 Gn.
575 2859 763 2891 LXXXVII.
