2002 3078
215 121 286 154 23ἷ9

882 119 1057 150 PROCOPII
1071 119 1192 149 GAZﬁil

1772 115 1844 147 2380

214 174 394 204 euollendum
411 175 535 212 :quibus
559 181 652 211 aperte
666 175 699 203 de
723 174 825 203 Judaeis
849 182 1003 203 sermonum

1057 175 1160 209 νόμον,
1183 175 1233 201 καὶ
1259 174 1408 208 θαυμάσαι
1423 181 1429 188 ·
1450 172 1543 206 σαφῶς
1559 172 1646 207 δηλῶν
1660 172 1697 204 ὡς
1713 172 1776 207 περὶ
1789 173 1844 200 τῶν

215 230 278 250 esse
295 221 507 248 demonstravit.
530 221 584 248 Sed
607 220 671 256 ipsi,
687 221 788 256 inquit,
804 220 883 248 intus
900 220 1003 247 habent

216 268 339 304 laqueum
365 267 492 294 latentem
514 267 541 294 in
560 267 644 294 animi
667 267 815 300 sensibus,
838 273 908 302 quos
926 265 1004 293 initio

215 314 347 341 adversus
364 312 505 340 Christum
532 312 649 340 consilio
673 313 850 340 occultarum.
868 312 928 346 Vel,
949 318 1004 338 non

216 359 421 394 perpenderunt
444 365 497 392 quo
521 361 602 392 pacto
624 357 677 385 sibi
703 358 735 385 de
755 357 836 385 domo
863 355 1003 385 servitutis

215 406 328 441 ereptis,
343 406 403 440 lege
421 410 552 439 tanquam
567 404 725 439 paedagogo,
750 403 910 432 moderatus
930 410 1002 430 sum.

215 452 344 487 Alioquin
364 451 436 478 enim
451 451 548 486 gratiis
565 447 634 478 mihi
658 450 806 485 persolutis
822 449 927 477 laudem
944 457 1004 475 ma-

214 499 394 533 gni/icassent,
413 497 459 533 qui
475 505 548 524 nuttc
568 496 603 524 ad
626 496 821 528 idololatriam,
842 496 1004 530 sceleraque

214 546 306 572 omnia
321 552 382 572 sese
403 546 610 571 converterunt.
623 542 717 578 Itaque
732 541 841 569 dicebat
856 550 863 568 :
876 550 885 566 ‹
899 540 1004 583 Exspe-

214 593 286 620 ctavi
302 596 333 620 ut
348 591 453 619 faceret
468 598 569 624 uvam;
585 590 650 618 fecit
666 595 756 617 autem
775 589 868 624 spinas
877 588 898 614 ⁸.
911 597 919 614 ι
934 587 1004 615 llinc

213 643 240 666 et
256 646 288 666 ea
299 638 383 666 etiam
408 638 463 665 illis
478 638 505 664 in
520 637 679 664 memoriam
696 640 818 668 revocat,
833 643 895 670 qum
917 633 1004 669 patri-

214 685 265 712 bus
291 684 349 711 suis
379 684 565 719 contigerunt.
593 683 676 718 478
698 681 754 717 Ego
777 681 864 712 enim,
895 679 1002 714 inquit,

214 730 268 758 vidi
284 730 450 765 impietatem
463 737 571 758 eorum.
593 729 696 764 Direpti
714 727 850 763 siquidem
865 726 1002 761 factisunt

215 777 240 802 in
251 778 370 811 prmium
389 776 520 803 hostibus.
535 775 659 811 Laqueus
674 776 745 802 enim
760 782 851 801 eorum
868 774 895 800 in
911 772 1003 800 cubili-

214 821 260 849 bus
277 821 381 857 ubique.
394 821 428 848 Et
442 822 469 848 in
487 821 610 849 dantibus
627 821 708 848 simul
728 820 924 847 abuonderunt
940 826 1001 851 eos;

212 868 278 894 deos
291 867 419 894 nimirum
437 866 599 894 conﬂatiles.

248 915 300 947 Qui
320 914 393 942 enim
422 914 523 949 populo
544 912 796 949 praeerant,palatn
824 919 854 939 se
877 920 911 939 ex
935 911 1002 946 legis

213 960 346 987 instituto
361 961 443 986 vitam
463 968 543 995 agere
555 959 694 994 ﬁngebant
709 958 833 993 quidem,
847 958 895 986 sed
910 958 1003 985 animo

213 1005 382 1040 impietatem
400 1006 594 1038 occultabant;
612 1005 696 1039 inque
709 1004 855 1032 domorum
872 1007 1002 1038 penetra-

213 1049 285 1075 libus
303 1049 375 1075 idola
393 1048 541 1082 habebam,
553 1056 615 1084 qua:
626 1048 764 1076 colebant.
780 1048 873 1083 itaque
882 1047 923 1075 sic
934 1048 1003 1074 Eze-

211 1095 328 1122 eltielem
342 1094 493 1129 alloquitur
507 1094 642 1122 Dominus
660 1103 668 1122 :
689 1103 698 1120 ι
719 1093 772 1121 Fili
787 1093 919 1126 hominis,
938 1101 1003 1129 per--

212 1140 283 1174 lora,
301 1144 329 1168 et
345 1140 484 1176 perforari
498 1141 649 1176 parietem,
663 1146 690 1168 et
700 1141 768 1168 vidi.
783 1140 818 1167 Et
833 1147 899 1168 ecce
911 1141 1002 1168 omnis

212 1187 362 1215 similitudo
374 1187 662 1223 reptilis,etjumenti,
674 1192 702 1215 et
712 1188 805 1215 omnia
818 1188 891 1215 idola
903 1187 1002 1215 domus

213 1233 295 1260 Israel
310 1233 449 1268 descripta
465 1234 537 1262 ineo
548 1234 663 1262 circum.
678 1234 709 1261 Et
720 1234 830 1261 dixitad
845 1242 888 1262 me
901 1243 908 1261 :
920 1234 1002 1261 Certe

213 1279 316 1311 vilisti,
327 1279 364 1306 [ili
377 1279 509 1312 hominis,
519 1287 554 1307 an
569 1287 652 1314 parva
662 1284 725 1308 sunt
734 1280 826 1308 domui
839 1280 935 1313 lsrael,
943 1288 1003 1316 qua;-

213 1324 505 1360 l’ariuntsinguliclam
516 1326 542 1352 in
556 1326 686 1354 cubiculo
702 1334 753 1354 suo
766 1327 792 1354 ’Ἰ
803 1336 812 1352 ι
826 1326 892 1355 Inde
901 1333 941 1355 est
951 1327 1004 1362 igi-

214 1375 269 1403 tur,
279 1370 352 1405 quod
365 1378 413 1398 eos
431 1378 460 1398 se
475 1371 503 1397 in
518 1371 697 1405 captivitatem
718 1372 860 1401 tradidisse
877 1372 1000 1408 subiicit.

216 1416 269 1442 D_-o
278 1421 368 1443 autem
382 1416 535 1450 deserente,
545 1418 608 1452 quis
617 1421 669 1451 est,
682 1418 729 1453 qui
744 1421 863 1452 tueatur,
876 1419 922 1454 qui
934 1419 1004 1446 dire-

213 1465 259 1495 pta
267 1466 381 1497 repetat,
392 1469 454 1489 cum
464 1462 578 1489 deorum
592 1463 695 1494 nullus,
707 1470 777 1498 quos
789 1463 842 1498 ipsi
857 1464 962 1496 colunt,
976 1464 1003 1491 id

1061 218 1195 246 Ἰουδαίων
1208 220 1222 245 ὁ
1239 218 1317 253 λόγος
1349 218 1420 245 Ἀλλ’
1435 218 1521 251 αὐτοὶ,
1547 218 1641 253 φησιν,
1662 217 1736 245 ἔνδον
1750 218 1842 253 ἔχουσι

1054 265 1112 299 τὴν
1125 264 1236 300 παγῖδα
1250 265 1278 292 ἒν
1294 265 1350 296 τοῖς
1363 265 1515 299 λογισμοῖς,
1538 263 1584 296 οὓς
1599 263 1752 298 ἔκρυπτον
1771 264 1844 291 κατά

1055 310 1104 336 τοῦ
1134 311 1255 345 Χριστοῦ
1281 311 1479 346 βουλευόμενοι.
1497 311 1599 345 Ἠγουν
1613 311 1663 337 οὐκ
1688 310 1843 344 ὲλογίσαντο

1055 355 1114 387 πῶς
1128 356 1264 391 ἐξήγαγον
1288 356 1387 388 αὐτοὺς
1401 356 1431 389 ἐξ
1444 356 1518 383 οἴκου
1548 356 1681 389 δουλείας,
1707 358 1755 384 καὶ
1769 357 1843 393 νόμῳ

1055 403 1300 438 πεπαιδαγώγηκα.
1317 403 1353 429 ’1-1
1380 402 1434 437 γὰρ
1446 402 1480 429 ἂν
1499 401 1686 438 ἐμεγάλυνον
1711 403 1842 438 αινεσιν,

1055 447 1238 483 προσάγοντες
1259 457 1303 483 μοι
1319 449 1353 474 τὰ
1367 447 1544 483 χαριστήρια.
1571 447 1627 474 Νῦν
1643 447 1671 474 δὲ
1685 447 1753 483 πρὸς
1765 448 1842 475 εἰδω-

1054 494 1212 530 λολατρείαν
1247 496 1295 522 καὶ
1320 496 1410 522 πᾶσαν
1428 495 1534 521 ἀδικίαν
1557 494 1728 530 ἀπέστησαν.
1743 495 1843 531 Διόπερ

1055 541 1147 576 ἔλεγεν
1161 550 1186 568 ·‹
1199 541 1351 577 ’Υπέμεινα
1366 540 1413 568 τοῦ
1429 541 1541 576 ποιῆσαι
1551 541 1700 576 σταφυλὴν,
1713 541 1843 576 ἐποίησεν

1054 588 1081 615 δὲ
1097 588 1228 620 ἀκάνθας.
1248 598 1256 614 ι
1272 588 1353 615 Ὅθεν
1365 588 1463 619 αὐτοὺς
1478 588 1517 619 εἰς
1529 587 1680 622 ἀνάμνησιν
1693 587 1772 621 φέρει
1787 587 1842 613 τῶν

1053 637 1110 667 τοῖς
1143 635 1263 671 πατράσι
1286 634 1508 670 συμϐεϐηκότων.
1533 633 1606 667 Ἐγὼ
1637 633 1686 668 μὲν
1701 633 1756 668 γὰρ
1773 629 1843 659 εἶδον

1053 683 1102 714 τὰς
1112 682 1240 713 ἀσεϐείας
1254 681 1354 708 αὐτῶν.
1374 680 1460 708 Αὐτοὶ
1477 681 1511 706 δὲ
1531 678 1746 714 διηρπασμένω
1759 680 1842 714 γεγόο

1054 737 1126 756 νασι
1151 729 1196 761 εἷς
1209 737 1241 756 τε
1253 727 1408 762 προνομὴν
1424 726 1484 760 τοῖς
1508 725 1634 761 ἐχθροῖς.
1659 725 1694 752 Ἠ
1709 725 1765 760 γὰρ
1784 733 1842 752 πα-

1054 776 1112 810 γίς,
1128 775 1221 810 φησὶν,
1235 774 1269 800 ἐν
1284 773 1346 806 τοῖς
1378 773 1516 807 ταμιείοις
1541 771 1697 807 πανταχοῦ
1714 780 1721 787 ·
1746 771 1794 799 καὶ
1808 771 1843 798 ἐν

1053 821 1150 854 οἴκοις
1181 819 1240 855 ἅμα
1259 819 1396 854 ἔκρυψαν
1429 819 1551 851 αὐτοὺς,
1576 818 1698 854 δηλονότι
1713 818 1776 850 τοὺς
1787 827 1842 854 χω-

1053 866 1174 898 νευτοὺς.

1088 913 1120 940 Οἱ
1132 912 1187 947 γὰρ
1196 911 1398 947 ὴγούμενοιτοῦ
1412 911 1476 937 λαοῦ
1497 909 1624 946 φανερῶς
1639 909 1690 945 μὲν
1706 908 1758 944 ζῇν
1771 909 1842 936 κατὰ

1051 958 1098 985 τὸν
1115 958 1196 994 νόμον
1212 958 1384 991 ὲπλάττοντο,
1400 958 1429 984 ὲν
1446 957 1483 992 νῷ
1498 956 1588 992 δὲτὴν
1598 956 1725 983 ἀσέϐειαν
1741 955 1843 991 ἐκγρυ-

1053 1014 1131 1033 πτον.
1160 1005 1216 1031 Καὶ.
1239 1005 1268 1031 ὲν
1291 1005 1377 1036 οἴκοις
1400 1004 1507 1040 ἔχοντες
1532 1003 1677 1039 ἀγάλματα
1700 1002 1787 1038 λάθρα
1811 1002 1842 1030 τὸ

1053 1052 1134 1084 σέϐας
1149 1051 1330 1088 προσέφερον.
1344 1051 1389 1078 Διὸ
1404 1051 1472 1086 πρὸς
1492 1050 1621 1085 Ἰεζεκιήλ
1638 1059 1720 1086 φησιν
1734 1051 1748 1077 ὁ
1765 1050 1841 1081 Θεός·

1056 1108 1066 1124 ι
1079 1098 1127 1124 Υἱὲ
1138 1095 1462 1133 ἀνθρώπου,δρυξον.Καὶ
1472 1094 1605 1131 ὥρυξαβὴ
1618 1095 1647 1121 ὲν
1659 1095 1696 1130 τῷ
1704 1095 1785 1129 τοίχῳ
1795 1094 1842 1121 καὶ

1053 1142 1131 1171 εἶδον.
1148 1143 1203 1170 Καὶ
1222 1143 1275 1170 ἰδοὺ
1285 1143 1360 1169 πᾶσα
1374 1141 1503 1177 ὁμοίωσις
1515 1140 1642 1177 ἑρπετοῦ,
1654 1141 1701 1167 καὶ
1715 1141 1840 1176 κτήνους,

1054 1191 1100 1217 καὶ
1117 1190 1207 1217 πάντα
1222 1190 1255 1216 τὰ
1272 1189 1369 1215 εἴδωλα
1391 1187 1468 1215 οἴκου
1491 1187 1600 1224 Ἰσραὴλ
1615 1188 1842 1223 διαγεγραμμένα

1053 1238 1097 1264 ἐπ’
1113 1236 1196 1264 αὑτοῦ
1213 1236 1314 1271 κύκλῳ.
1330 1236 1383 1262 Καὶ
1395 1233 1473 1262 εἶπεν
1484 1236 1551 1272 πρός
1570 1243 1614 1271 με·
1631 1235 1783 1270 Ἑώρακας,
1794 1235 1841 1262 Υἱὲ

1052 1282 1208 1320 ἀνθρώπου.
1234 1282 1280 1317 Μὴ
1305 1282 1390 1318 μικρὰ
1417 1282 1456 1318 τῷ
1483 1282 1549 1318 οἴκῳ
1566 1281 1704 1317 Ἰσραὴλᾶ
1719 1281 1843 1308 ποιοῦσιν

1053 1329 1168 1361 ἕκαστος
1179 1329 1207 1356 ὲν
1215 1328 1254 1364 τῷ
1262 1328 1466 1355 κοιτῶνιαύτῶν
1479 1328 1517 1363 τῷ
1529 1327 1642 1364 κρυπτῷ
1652 1337 1659 1360 ;
1670 1338 1679 1353 ι
1696 1328 1737 1355 διό
1749 1336 1842 1364 φησιν,

1053 1375 1158 1408 Αὐτοὺς
1182 1377 1220 1408 εὶς
1239 1376 1449 1410 αἰχμαλωσίαν
1470 1375 1636 1409 παρέδωκα.
1651 1374 1719 1401 Θεοῦ
1733 1374 1761 1401 δὲ
1777 1383 1844 1410 προ-

1053 1423 1152 1456 δόντος,
1170 1422 1212 1455 τίς
1228 1421 1261 1449 ἂν
1275 1422 1393 1457 προέστη
1408 1421 1441 1448 τὰ
1453 1421 1661 1456 διηρπασμένα
1689 1421 1844 1456 πραττόμε·

1054 1477 1108 1501 νος,
1133 1468 1247 1504 μηδενὸς
1272 1467 1352 1494 τοῦτο
1388 1467 1519 1502 πράττειν
1532 1467 1682 1501 δυναμένου
1695 1466 1749 1493 τῶν
1768 1475 1844 1502 νομι-

216 1512 346 1541 praestare
357 1507 463 1535 valeat?
478 1507 631 1535 Prudenter
641 1513 730 1535 autem
738 1511 764 1536 et
779 1509 927 1537 commode
939 1517 1001 1537 cum

1057 1512 1173 1540 σϐἐντων
1197 1512 1281 1548 θεῶνῇ
1296 1512 1475 1548 οἰκονομικῶς
1486 1511 1515 1538 δὲ
1527 1512 1596 1547 μετὰ
1623 1513 1671 1547 τὴν
1689 1512 1743 1538 τῶν
1758 1512 1845 1538 ὲθνῶν

216 1557 278 1587 post
291 1554 413 1588 gentium
431 1554 603 1589 vocationem
625 1554 764 1582 lsraelitas
777 1555 882 1590 ejiciat,
893 1563 1004 1583 causam

214 1606 274 1627 eam
288 1598 411 1631 adducit,
427 1606 508 1634 quam
523 1603 552 1626 et
565 1599 654 1627 Moses
669 1600 727 1635 ipse
742 1600 1005 1634 demonstravit,ubi

215 1646 252 1671 ait
273 1654 280 1672 :
309 1653 318 1670 ι
344 1644 397 1680 Ipsi
422 1646 455 1672 ad
479 1646 682 1673 aemulationem
708 1654 751 1674 me
774 1653 1004 1682 provocaveruut,

216 1696 345 1726 tanquam
363 1692 436 1719 Deus
453 1699 509 1719 non
524 1700 612 1720 essem
626 1701 633 1726 ;
647 1700 697 1727 ego
714 1697 806 1720 autent
817 1701 866 1721 eos
874 1701 1007 1729 provoca-

216 1738 261 1770 bo,
279 1743 410 1773 tanquam
431 1746 500 1774 gens
520 1746 575 1766 non
599 1741 635 1766 sit
659 1740 679 1766 ⁸.
698 1749 707 1765 ι
732 1739 764 1766 Ει
777 1740 881 1767 David:
902 1750 911 1766 ι
933 1740 1004 1767 Exa—

214 1785 397 1812 cerbaverunt
420 1793 482 1812 eum
500 1785 530 1811 vin
548 1785 676 1813 ﬁctilibus
689 1786 747 1813 suis
760 1786 781 1819 ',
802 1795 811 1812 ι
838 1790 865 1814 et
880 1795 940 1822 qua:
959 1795 1004 1814 se-

215 1836 349 1866 quuntur.
363 1830 433 1859 Sunt
452 1831 546 1866 itaque
561 1831 709 1866 diligenter
726 1832 881 1860 animorum
900 1833 1004 1860 vitandi

216 1877 312 1912 laquei,
330 1885 365 1905 ne
388 1879 491 1906 nostris
512 1878 564 1913 ipsi
582 1879 779 1914 cupiditatibus
797 1880 881 1914 capti,
902 1879 1002 1907 daemo-

216 1925 270 1952 niis
290 1925 317 1952 in
344 1925 525 1960 depastionem
543 1925 697 1958 tradamur,
721 1925 801 1960 juxta
825 1926 892 1954 illud
914 1935 921 1953 :
943 1935 952 1951 ι
975 1925 1003 1953 Si

216 1971 330 2006 spiritus
351 1971 520 1999 dominantis
544 1971 571 1998 in
598 1975 624 1998 te
651 1972 792 2004 ascendat,
820 1971 910 1998 locum
928 1976 1004 1998 tuum

215 2024 249 2044 ne
261 2017 372 2044 deseras
388 2017 421 2044 ‘°.
440 2026 449 2042 ι
464 2016 577 2049 Deinde,
599 2021 730 2051 tanquam
750 2017 782 2043 ad
802 2019 898 2044 surdos
915 2017 1005 2051 loque-

215 2066 301 2093 retur,
311 2061 520 2089 etauditoribus
533 2066 651 2094 careret,
665 2062 732 2097 ipsis
745 2062 1003 2090 auditoribusdtcit:

215 2108 282 2140 Quis
298 2108 375 2134 estin
391 2108 474 2141 vobis,
488 2108 533 2143 qui
548 2108 604 2135 Ιιατ
618 2109 735 2135 audiat?
753 2108 809 2136 Etsi
825 2108 898 2135 enirn
912 2116 1003 2135 rerum

213 2156 329 2180 eventus
344 2153 465 2180 nondum
484 2157 596 2181 secutus
614 2158 666 2185 est,
681 2159 757 2180 certo
767 2158 858 2181 tamen
874 2153 901 2180 in
914 2158 1004 2188 poste-

214 2206 274 2225 t'uln
288 2206 320 2226 ea
335 2199 393 2234 ipsa
412 2200 503 2226 l'utura
519 2204 595 2227 sunt.
608 2198 676 2232 Quis
692 2200 776 2233 igitur
791 2207 902 2226 causam
929 2200 1001 2226 dire-
1018 2193 1040 2220 Ι)

216 2246 315 2279 ριίοηὶε
328 2246 419 2280 populi
441 2247 478 2274 ita
493 2252 607 2282 qureret,
631 2251 660 2273 ut
680 2247 751 2273 dicat
774 2255 780 2273 :
797 2246 862 2279 Quis
882 2246 953 2273 dedit
976 2247 1002 2273 in

213 2291 384 2326 direptionem
393 2292 499 2320 Jacob?
513 2292 722 2320 Nondumenim
737 2293 762 2320 id
776 2294 926 2328 quisquam
941 2294 1004 2320 fecit

213 2342 310 2371 praeter
335 2337 411 2364 illum
428 2338 456 2364 in
473 2345 549 2372 quem
563 2341 746 2371 peccaverunt,
765 2338 793 2364 in
810 2339 937 2372 cujusque
953 2338 1003 2364 viis

213 2382 350 2410 ambulare
376 2383 527 2410 noluerunt.
552 2382 649 2411 Vocati
675 2384 749 2411 enim
775 2384 808 2411 ad
830 2384 1003 2419 evangelicas

213 2429 279 2462 aias,
296 2437 348 2456 non
362 2429 548 2456 auscultaruut
565 2436 574 2456 :
588 2437 677 2464 neque
697 2435 836 2456 recentem
855 2429 937 2464 legem
952 2437 1002 2456 au-

212 2475 270 2502 dire
282 2475 426 2502 voluerunt
441 2483 449 2509 ;
461 2475 533 2502 unde
549 2474 632 2510 479
644 2474 743 2501 bellum
758 2475 785 2501 in
795 2482 839 2501 eos
850 2474 1001 2509 praevaluit.

212 2520 283 2548 Olim
300 2521 373 2548 enim
390 2520 458 2548 bello
470 2521 562 2555 aliquo
579 2529 667 2555 usque
692 2521 788 2552 vexati,
807 2521 844 2548 ita
859 2528 889 2548 sc
912 2524 1004 2548 tamen

214 2568 403 2602 repararunt,
423 2571 454 2593 ut
479 2570 506 2594 et
520 2565 630 2598 urbem,
653 2570 681 2592 et
706 2566 837 2600 templum
849 2565 931 2592 etiam
963 2565 1005 2592 in-

213 2616 336 2641 staurata
350 2612 483 2640 haberent
499 2621 506 2640 :
519 2617 547 2639 at
563 2619 636 2639 nunc
650 2619 683 2639 ex
697 2619 752 2647 quo
767 2611 838 2646 pulsi
853 2615 929 2644 sunt,
941 2616 1002 2638 tan-

213 2663 271 2686 tum
286 2658 411 2685 adversus
426 2666 470 2685 eos
491 2658 641 2685 animorum
659 2657 755 2684 bellum
771 2657 902 2690 invaluit,
921 2662 950 2683 ut
969 2665 1004 2685 ne

211 2703 247 2732 ad
261 2705 394 2732 malorum
415 2704 526 2740 quidem
543 2705 659 2732 istorum
677 2711 791 2732 causam
810 2703 965 2731 advertant.

1056 1559 1163 1594 κλῆσιν,
1176 1554 1237 1593 ’τὴν
1262 1557 1351 1585 αίτίαν
1384 1557 1436 1592 ἔφη
1452 1558 1502 1592 τῆς
1522 1558 1657 1592 ἀποϐολῆς
1679 1558 1796 1593 Ἰσραὴλ,
1811 1559 1844 1594 ἢν

1055 1603 1143 1640 δηλῶν
1170 1603 1247 1638 ἔλεγε
1267 1603 1380 1638 Μωσῆς
1399 1612 1409 1628 ι
1425 1603 1507 1630 Αὐτοὶ
1537 1603 1736 1638 παρεζήλωσάν
1750 1612 1783 1639 με
1799 1604 1843 1630 ἐπ’

1055 1651 1085 1677 οὐ
1098 1650 1168 1685 Θεῷ,
1195 1649 1274 1684 κάγὼ
1288 1649 1478 1685 παραζηλώσω
1492 1649 1590 1682 αὐτοὺς
1607 1650 1651 1676 ἐπ’
1665 1650 1715 1676 οὐκ
1737 1650 1817 1677 ἔθνει.
1831 1660 1840 1676 ι

1055 1697 1111 1724 Καὶ
1131 1696 1214 1723 Δαϐὶδ
1229 1697 1258 1724 δέ
1274 1704 1352 1732 φησι·
1373 1706 1381 1722 ι
1394 1696 1608 1732 Παρεπίκραναν
1639 1696 1720 1723 αὐτὸν
1739 1696 1769 1723 ὲν
1788 1698 1845 1728 τοῖς

1054 1744 1183 1778 γλυπτοῖς
1213 1742 1312 1775 αὐτῶν,
1325 1752 1334 1769 ι
1352 1743 1401 1769 καὶ
1427 1742 1462 1769 τά
1486 1742 1562 1777 ἑξῆς.
1587 1742 1632 1769 Διὸ
1648 1742 1780 1777 φευκτέον
1795 1743 1844 1774 τὰς

1055 1788 1126 1816 κατὰ
1143 1788 1206 1816 νοῦν
1223 1787 1362 1823 παγίδας,
1379 1788 1423 1814 ἴνα
1446 1787 1483 1823 μὴ
1491 1787 1601 1822 δαίμοσι
1617 1787 1760 1823 γενώμεθα
1774 1795 1845 1822 προ-

1054 1835 1143 1870 νομὴ,
1160 1835 1206 1862 διὰ
1218 1835 1272 1861 τῶν
1287 1835 1317 1861 ὲν
1330 1835 1396 1869 ἡμῖν
1412 1834 1580 1869 κινουμένων
1590 1833 1694 1866 παθῶν,
1712 1834 1783 1861 κατά
1793 1834 1823 1860 τό
1835 1842 1842 1849 ·

1057 1892 1067 1909 ι
1084 1882 1147 1910 Ἐὰν
1174 1881 1284 1916 πνεῦμα
1315 1880 1517 1913 ὲξουσιάζοντος
1534 1880 1622 1916 ἀναϐῇ
1644 1879 1690 1906 ἐπὶ
1704 1880 1744 1911 σὲ,
1760 1880 1844 1906 τόπον

1055 1937 1102 1955 σου
1118 1927 1156 1963 μὴ
1166 1928 1248 1963 ἀφῇς,
1263 1936 1272 1953 ι
1299 1924 1375 1959 Εῐτα,
1393 1925 1542 1961 ἐπειδήπερ
1560 1925 1597 1957 ὡς
1614 1925 1725 1960 κωφοῖς
1741 1925 1840 1958 ἐλάλει,

1054 1974 1165 2010 ἀπορῶν
1176 1973 1319 2010 ἀκροατῶν
1334 1973 1363 2000 ἐν
1376 1973 1468 2004 αὐτοῖς
1480 1972 1565 2006 λέγει·
1588 1972 1674 2005 Τίςέν
1690 1972 1762 2007 ὑμῖν
1773 1971 1844 1998 ἐνω-

1053 2021 1157 2048 τιεῖται
1171 2020 1264 2047 ταῦτα
1274 2020 1322 2051 ;Εὶ
1334 2019 1389 2053 γὰρ
1399 2018 1446 2044 καὶ
1454 2020 1538 2054 μήπω
1550 2018 1667 2053 πάρεστι
1678 2018 1734 2044 τῶν
1750 2026 1842 2052 πραγ-

1057 2066 1149 2101 μάτων
1177 2065 1333 2101 ἡὲκσασις.
1360 2063 1416 2090 ἀλλ’
1440 2064 1534 2094 ἐντοῖς
1561 2063 1683 2090 ἐπιοῦσιν
1720 2063 1842 2090 ἐπιτελε-

1055 2112 1184 2147 σθήσεται
1214 2111 1341 2147 χρόνοις·
1359 2110 1400 2141 τίς
1428 2107 1474 2136 οὖν
1505 2109 1617 2145 ζητήσει
1629 2109 1658 2136 τὺ
1673 2110 1760 2136 αἴτιον
1787 2109 1844 2144 τῆς

1054 2156 1219 2192 διαρπαγῆς
1234 2155 1280 2182 τοῦ
1312 2155 1389 2188 λαοῦ,
1413 2154 1485 2181 ὥστε
1509 2155 1597 2181 εἰπεῖν
1610 2154 1652 2188 τὸ,
1670 2155 1717 2187 Τίς
1731 2155 1844 2182 ἔδωκεν

1053 2205 1098 2236 είς
1127 2200 1297 2236 διαρπαγὴν
1315 2199 1421 2226 Ἰακώϐ
1430 2207 1440 2231 ;
1453 2199 1539 2230 οὐδεὶς
1552 2199 1580 2226 δὲ
1593 2198 1672 2225 τοῦτο
1691 2199 1841 2234 πέπρακεν,

1052 2249 1068 2285 ἢ
1084 2248 1165 2279 αὐτὸς
1178 2243 1202 2280 ᾧ
1216 2245 1402 2280 ἡμάρτοσαν,
1415 2247 1464 2271 καὶ
1482 2245 1538 2271 οὐκ
1549 2244 1709 2271 ἐϐούλοντο
1727 2244 1763 2271 ἐν
1779 2244 1843 2278 ταῖς

1053 2295 1134 2327 ὁδοῖς
1156 2293 1250 2320 αὑτοῦ
1265 2292 1456 2326 πορεύεσθαι.
1474 2290 1646 2326 Καλούμενοι
1667 2289 1722 2326 γὰρ
1736 2291 1774 2322 είς
1793 2290 1842 2323 τὰς

1053 2339 1234 2374 εὐαγγελικὰς
1263 2337 1365 2370 ὀδοὺς,
1387 2337 1444 2371 οὺχ
1466 2336 1624 2369 ὑπήκουον
1641 2344 1648 2352 ·
1663 2335 1780 2363 οὐδὲτοῦ
1793 2336 1842 2371 τῆς

1053 2386 1158 2421 Καινῆς
1169 2384 1309 2420 Διαθήκης
1323 2383 1446 2410 ἀκούειν
1470 2382 1566 2419 ἤθελον
1588 2383 1695 2418 νόμου.
1709 2382 1755 2409 Διὸ
1774 2390 1845 2409 κατ-

1054 2433 1184 2468 ίσχυσεν
1193 2430 1239 2457 ἐπ’
1254 2429 1364 2462 αὐτοὺς
1377 2429 1519 2463 πόλεμος.
1538 2427 1625 2455 Πάλαι
1643 2427 1692 2463 μὲν
1708 2427 1761 2464 γάρ
1774 2428 1844 2462 πρὸς

1053 2478 1149 2513 καιρόν
1157 2485 1219 2503 τινα
1239 2475 1469 2509 πολεμούμενοι,
1485 2471 1564 2505 αὖθις
1579 2472 1768 2507 ἀνελάμϐανον
1784 2473 1845 2499 ἑαυ-

1054 2524 1129 2555 τοὺς,
1140 2523 1178 2554 ὡς
1191 2522 1239 2548 καὶ
1263 2520 1314 2556 τὴν
1335 2519 1523 2555 Ἰερουσαλὴμ,
1542 2518 1631 2545 καὶτὸ
1643 2519 1673 2546 ὲν
1688 2519 1756 2554 αὑτῇ
1780 2527 1844 2544 συν-

1056 2569 1166 2596 εστάναι
1179 2566 1325 2602 βασίλειον.
1342 2565 1399 2592 Νῦν
1413 2565 1456 2598 δὲ,
1470 2564 1514 2591 ὅτε
1543 2563 1629 2596 ἔξωθε
1642 2563 1648 2589 i
1659 2583 1666 2597 ,
1694 2563 1742 2590 καὶ
1756 2565 1772 2591 ὁ
1786 2563 1845 2591 τῶν

1056 2601 1343 2649 ψυχῶνέπίιὺτοὺς
1369 2610 1533 2644 κατίσχυκε
1548 2610 1690 2642 πόλεμος,
1719 2608 1766 2636 καὶ
1791 2607 1846 2635 τῶν

1058 2660 1150 2688 κακῶν
1164 2658 1267 2687 τούτων
1279 2657 1330 2684 οὐκ
1342 2656 1499 2691 ἐλογίσαντο
1510 2655 1559 2690 τὴν
1574 2655 1673 2682 αἰτίαν.

246 2760 257 2777 ³
277 2759 328 2788 lsa.
341 2769 378 2794 Ix,
394 2762 422 2788 4.
459 2761 469 2776 ⁷
486 2760 585 2789 Ezeclt.
603 2768 661 2794 rm,
674 2760 752 2788 8-H).
791 2760 802 2776 ⁸
818 2759 897 2787 Deut.
921 2766 1003 2793 mm1

1059 2759 1082 2787 l.
1120 2760 1130 2775 ³
1145 2757 1220 2785 Psal.
1240 2764 1342 2789 Lxxvn,
1364 2756 1408 2784 40.
1449 2756 1470 2771 ¹⁰
1497 2755 1590 2783 Eccle.
1611 2762 1638 2787 Χ,
1659 2755 1688 2782 4.

849 2818 961 2846 νΛΙὶΙιλΕ
979 2817 1182 2847 LECTIONES.

248 2854 255 2881 i
273 2856 316 2884 ἵσ.
331 2855 502 2891 ἐξώσθησαν.
