2002 3078
124 158 193 191 2381

674 158 942 189 COMMENTARII
962 158 1000 188 [Ν
1021 158 1162 187 [δΑΙΑΜ.

1685 159 1755 190 238!

162 212 241 245 Τινὲς
252 212 281 239 δὲ
294 211 342 239 καὶ
357 212 443 240 ταῦτα
456 212 537 240 πάλιν
563 212 610 240 ἐπὶ
634 213 684 249 τῆς
700 214 743 240 ἐπ’
766 214 917 249 Ἀσσυρίων

1004 212 1132 241 Nonnulli
1151 221 1214 240 vero
1237 216 1264 240 et
1289 213 1348 242 haec
1367 214 1450 242 etiam
1475 214 1508 242 ad
1524 222 1594 247 eam,
1617 223 1698 250 quam
1722 217 1756 242 ab

125 259 253 290 ἁλώσεως
277 257 382 291 ἔλαϐον,
400 258 425 284 οἳ
439 259 486 286 καὶ
499 259 529 286 τὸ
545 259 595 294 μὲν
619 259 757 291 ἀκούειν,
785 260 815 286 τὸ
825 259 917 294 ιψιλῶς

127 305 279 342 ἀκροᾶσθαί
303 313 379 340 φασι.
399 305 436 331 Τὸ
448 305 477 332 δὲ
491 305 703 340 ἐνωτίσασθαι,
718 306 749 332 τδ
763 307 797 341 τῇ
813 305 919 340 διανοίᾳ

126 350 364 387 παραπέμψασθαι
377 351 455 385 λόγον
470 351 614 386 ἐμφρόνως
629 351 789 384 ἀκούοντας,
809 350 918 382 ὁποίους

126 397 174 424 νῦν
187 397 325 432 ἀκροατὰς
336 398 350 423 ό
359 396 504 432 προφήτης
515 396 603 432 ζητεῖ,
615 396 684 424 κατὰ
698 396 805 424 Παῦλον
815 396 918 428 εἰδότας

126 443 167 470 ὅτι
196 442 320 473 τυπικῶς
346 443 462 474 ἐκείνοις
488 442 656 475 συνέϐαινεν,
684 442 793 477 ἐγράφη
807 441 835 468 δὲ
850 441 919 477 πρὸς

126 490 268 516 νουθεσίαν
295 489 385 524 ἡμῶν,
399 489 473 521 ὅπως
499 489 532 516 ἂν
547 489 578 515 τὸ
591 489 646 521 τοῖς
661 489 729 521 τσοις
749 489 853 515 ἁλῶναι
866 498 918 523 (pu-

126 536 277 568 λάξωνται.
308 536 352 562 Ἑν
377 536 493 570 ὲμφάσει
517 535 546 561 δέ
571 544 663 571 φησιν,
687 535 727 562 ὅτι
746 534 920 569 παρέδωκεν

132 581 284 614 Ἰακὼϐ,ὃν
300 581 328 615 ἐξ
343 582 480 615 Αἰγύπτου
502 581 631 608 διέσωσεν
653 581 724 616 ὑπὲρ
747 579 777 609 οὗ
799 581 919 608 τοσαῦτα

127 629 187 654 κατ’
200 627 306 663 ἐχθρῶν
316 627 424 661 ἐγένετο
438 626 576 661 θαύματα.
592 627 643 653 Τὸν
655 627 703 654 οὖν
715 627 829 654 εἰωθότα
840 628 918 663 νικᾷν

127 673 174 705 τίς
193 673 342 699 ὑποπεσεῖν
369 671 483 706 ἐποίησε
500 673 556 704 τοῖς
587 672 704 707 ἐχθροῖς.
718 673 765 699 καὶ
779 673 823 699 διὰ.
838 673 919 699 ποίαν

128 720 217 747 αἰτίαν
230 728 237 752 ;
252 720 267 754 ἠ
280 719 309 746 δὲ
323 719 372 746 τοῦ
384 720 431 752 τίς
444 719 588 755 ἐρώτησις,
603 719 748 754 ὁμολογίαν
758 719 815 754 ἔχει
831 719 917 754 σαφῆ,

127 765 165 796 ὡς
182 765 247 796 Θεὸς
261 766 274 792 ὁ
288 765 401 800 δράσας,
417 765 475 792 ἀνθ’
488 761 525 792 ὧν
542 764 623 792 αὐτὸν
639 765 829 799 ἐγκατέλιπον.
846 765 919 800 Πλὴν

127 810 186 838 δέον
200 810 298 842 αὐτοὺς
317 810 354 846 μὴ
367 811 510 846 ἁμαρτεῖν,
541 810 604 837 οὐδὲ
620 810 753 842 παθόντες
776 809 919 846 ἐνουθετή-

128 856 224 892 θησαν.
243 856 282 882 Δι’
295 856 342 888 οὓς
361 857 494 892 Ἱερεμίας
509 856 594 892 φησί·
609 865 618 882 ι
634 855 732 892 Κύριε,
744 857 768 882 οἱ
783 856 919 892 ὀφθαλμοί

969 258 1092 293 Assyriis
1117 258 1191 293 passi
1219 262 1300 291 sunt.
1325 260 1556 295 expugnationem
1580 260 1754 293 retulerunt;

969 303 1052 331 iidem
1075 304 1169 330 audire
1193 304 1355 339 simpliciter
1382 313 1431 340 pro
1457 305 1613 333 auscultare
1634 305 1755 341 positum

969 349 1157 382 arbitrantur;
1186 349 1297 376 auribus
1324 354 1416 378 autem
1442 353 1591 386 percipere,
1619 359 1668 386 pro
1695 358 1758 387 qua

969 395 1090 423 audieris
1107 399 1199 422 mente
1214 395 1364 430 prudenter
1381 396 1486 432 agitare
1507 398 1603 432 quales
1617 405 1692 425 nunc
1707 404 1757 424 au-

968 440 1073 467 ditores
1090 440 1222 475 propheta
1236 440 1369 476 postulat,
1395 441 1455 476 qui,
1470 441 1549 476 juxta
1576 441 1691 469 Paulum
1722 442 1755 474 ἰ,

969 485 1058 512 sciant
1085 485 1177 513 omnia
1202 487 1231 512 in
1257 485 1345 520 ﬁgura
1372 486 1426 514 illis
1452 487 1602 522 contigisse
1624 496 1632 515 :
1654 487 1756 522 scripta

970 534 1060 557 autem
1076 538 1139 558 esse
1157 530 1185 557 in
1201 530 1417 558 admonitionem
1432 536 1567 566 nostram,
1587 535 1618 559 ut
1642 537 1758 559 caveant

970 585 1004 604 ue
1020 585 1034 604 a
1051 577 1191 605 similibus
1207 577 1393 612 decipiantur.
1421 577 1582 614 Emphatice
1598 582 1689 606 autem
1703 577 1756 605 Ja-

969 621 1015 648 cob
1033 622 1124 657 ipsum
1142 622 1286 649 tradidisse
1297 622 1376 655 dixit,
1392 623 1438 657 qui
1454 623 1580 650 eumdem
1594 630 1627 650 ex
1638 622 1756 658 {Egypto

969 671 1093 702 ereptum
1118 667 1247 699 servarit,
1273 668 1388 702 ejusque
1407 667 1519 695 nomine
1545 671 1585 694 tot
1612 667 1640 694 in
1665 667 1758 694 hostes

969 716 1096 748 portenta
1121 712 1250 740 ediderit.
1275 711 1340 744 Qui:
1368 720 1430 740 eum
1443 713 1536 747 igitur,
1557 712 1676 748 quierat
1697 713 1758 739 vin—

970 766 1031 785 cere
1050 757 1162 790 solitus,
1189 757 1314 786 hostibus
1338 758 1477 793 subjecit;
1501 765 1595 793 quaeve
1611 757 1693 793 hujus
1718 758 1757 785 rei

969 804 1100 832 occasio?
1111 804 1146 830 At
1158 804 1232 832 enim
1245 804 1312 832 satis
1329 805 1409 832 docet
1426 804 1612 840 interrogandi
1623 804 1758 839 particula

971 850 1023 877 ista
1044 849 1098 877 illis
1112 849 1204 877 omnia
1217 849 1272 877 Deo
1288 854 1403 878 auctore
1418 851 1453 878 ob
1467 850 1493 878 id
1507 851 1667 885 contigisse,
1685 850 1758 885 quod

129 911 176 929 σου
195 903 234 933 είς
251 902 352 929 πίστιν.
375 902 583 937 Ἐμαστίγωσας
598 902 705 934 αὐτοὺς,
722 902 770 928 καὶ
781 902 831 928 οὐκ
855 902 917 937 ὴθὲ-

971 895 1097 923 eumdem
1115 896 1297 931 reliquerunt.
1323 895 1377 924 Sed
1399 903 1449 924 eos
1465 904 1518 924 non
1537 903 1666 931 peccasse
1682 897 1759 931 prius

127 948 213 983 λησαν
242 948 370 980 δέξασθαι
385 948 520 975 παιδείαν,
539 957 548 974 ι
564 948 609 974 Διὸ
621 948 670 974 καὶ
685 948 811 982 λέγοντος
836 947 918 974 αὐτοῦ

127 994 183 1024 τοῖς
210 992 412 1028 ὑπολειφθεῖσιν
424 994 456 1020 ἐκ
477 994 528 1030 τῆς
559 993 685 1025 ἁλώσεως
713 993 750 1029 μὴ
779 993 920 1020 κατελθεῖν

128 1037 169 1068 εἰς
194 1037 242 1072 τὴν
258 1037 407 1071 Αἴγυπτον,
421 1038 448 1064 αί
462 1037 564 1065 τούτων
595 1039 723 1072 γυναῖκες
746 1038 918 1074 ἀναισθήτως

127 1082 238 1117 ἔχουσαι
253 1084 302 1118 τῆς
326 1083 424 1119 ὀργῆς,
455 1084 544 1111 ἐϐόων
559 1093 566 1100 ·
579 1084 636 1111 Οὐκ
651 1084 797 1111 ἀπέστειλέ
817 1093 846 1111 σε
862 1084 917 1111 Κύ-

129 1136 197 1163 ριος.
211 1129 407 1164 Προσὲφασκον
417 1129 455 1163 δὲ,
474 1129 581 1165 Ἐπειδὴ
594 1130 749 1166 διελίπομεν
766 1131 917 1167 θύουσαιτῇ

129 1173 272 1210 βασιλίσσῃ
297 1174 344 1201 τοῦ
360 1175 486 1211 οὐρανοῦ,
516 1176 681 1211 κατείληφεν
696 1177 769 1212 ἡμᾶς
785 1176 819 1204 τὰ
832 1177 915 1204 κακά.

128 1218 220 1250 Οὕτως
241 1219 412 1256 ἀναισθήτως
438 1218 524 1256 εἶχον,
551 1223 793 1256 κατισχύσαντες
819 1222 919 1250 αὐτῶν

128 1265 180 1292 τοῦ
195 1265 342 1300 πολέμου,
353 1267 401 1293 καὶ
412 1265 471 1293 τῶν
487 1267 588 1298 κύκλῳ
601 1267 852 1302 καταφλετόντων
864 1269 918 1294 αὑ-

127 1312 208 1344 τούς.
226 1311 269 1343 Ὠς
293 1312 341 1338 καὶ
368 1311 485 1347 ἀλλαχοῦ
513 1321 594 1347 φησιν
611 1313 625 1339 ό
641 1312 737 1348 παρὼν
764 1313 916 1348 προφήτης⁸

130 1358 178 1383 (Δί
187 1357 278 1389 πόλεις
287 1358 363 1393 ὑμῶν
374 1359 565 1393 πυρίκαυστοι.
573 1367 582 1384 ι
590 1359 622 1385 ’Λ
636 1359 667 1394 δή
681 1368 747 1394 φησι
761 1359 809 1385 νῦν
820 1359 918 1390 αὐτοὺς

128 1403 305 1435 πεπονθέναι,
331 1404 380 1430 οὐκ
398 1404 596 1439 ἀσθενήσαντος
618 1404 714 1436 σώζειν
737 1405 836 1436 αὐτοὺς
866 1404 915 1430 τοῦ

127 1447 207 1475 Θεοῦ.
231 1448 311 1484 Δηλοῐ
326 1449 399 1476 δὲτὰ
415 1449 556 1484 φθάσαντα
576 1449 713 1484 θαύματα.
735 1449 804 1476 Ἀλλ’
833 1450 892 1477 οὐδὲ
903 1450 917 1470 ιι

128 1493 391 1529 δικαιοπραγοῦντες
415 1495 592 1526 πεπόνθασιν,
623 1495 680 1521 ἀλλ’
705 1495 745 1522 ὅτι
759 1495 805 1522 τὸν
825 1496 918 1527 αὐτοῖς

128 1538 240 1566 δοθέντα
264 1540 347 1574 νόμον
370 1541 541 1575 παρέϐησαν.
558 1542 590 1567 '0
607 1540 644 1576 μὴ
659 1541 794 1573 νοοῦντες,
812 1541 918 1576 ἐμείνα-

126 1592 168 1618 τε,
183 1586 260 1620 φησὶ,
275 1587 331 1617 τοῖς
346 1586 443 1618 δεινοῖς
453 1586 638 1621 συνεχόμενοι.

971 943 1106 977 Oportuit,
1128 949 1163 969 ne
1190 947 1366 977 peccatorum
1383 942 1487 970 ultione
1501 942 1535 969 ad
1551 941 1656 977 frugem
1681 949 1759 969 revo-

971 988 1027 1014 cari
1055 995 1084 1014 se
1099 991 1126 1014 et
1142 987 1243 1022 corripi
1268 995 1322 1014 non
1346 987 1491 1021 dolerent;
1509 994 1626 1021 quorum
1649 985 1760 1014 nomine

971 1033 1010 1060 sic
1021 1033 1142 1068 loquitur
1155 1033 1309 1061 Jercmias:
1329 1043 1338 1059 ι
1356 1033 1479 1064 Domine.
1490 1034 1562 1060 oculi
1575 1033 1613 1060 tui
1626 1033 1653 1059 in
1666 1032 1757 1060 iidem.

970 1079 1126 1113 Flagellasti
1152 1087 1210 1112 eos,
1241 1083 1268 1107 et
1301 1080 1450 1107 noluerunt
1479 1079 1606 1114 amplecti
1635 1078 1757 1114 discipli-

970 1131 1032 1151 nam
1049 1125 1081 1151 ¹¹.
1097 1133 1106 1150 ι
1120 1124 1209 1160 Atque
1224 1125 1289 1152 hinc
1304 1130 1358 1157 est,
1372 1125 1444 1160 quod
1461 1131 1522 1152 cum
1538 1124 1582 1155 iis.
1598 1124 1657 1160 qui,
1674 1131 1759 1158 expu-

969 1175 1052 1206 gnata
1067 1171 1180 1198 civitate
1194 1176 1396 1203 remanserant,
1421 1179 1455 1198 ne
1479 1171 1506 1198 in
1521 1170 1668 1206 Aﬁgyptum
1695 1170 1759 1198 des-

970 1216 1130 1249 cendereut,
1141 1215 1211 1244 idem
1227 1217 1357 1245 suaderet
1369 1225 1376 1250 ;
1391 1216 1549 1244 corumdem
1561 1216 1760 1251 uxores‘jmpo-

971 1263 1038 1290 tenti
1057 1263 1148 1290 lurore
1165 1263 1288 1298 percitae,
1305 1271 1320 1290 a
1346 1262 1462 1291 Domino
1475 1263 1589 1292 missum
1618 1270 1671 1290 non
1698 1270 1761 1290 esse

969 1308 1167 1336 inclamabant.
1200 1309 1262 1337 Ideo
1289 1309 1362 1336 enim
1388 1316 1419 1337 se
1444 1309 1527 1336 tantis
1556 1309 1760 1336 calamitatibus

969 1355 1066 1390 premi,
1095 1355 1170 1390 quod
1199 1356 1302 1390 regina;
1329 1356 1392 1383 cmli
1417 1355 1573 1384 sacriﬁcare
1595 1354 1759 1384 desiissent.

969 1403 1138 1430 clamabunt.
1155 1403 1229 1430 Adeo
1255 1403 1310 1431 illis
1333 1411 1433 1431 sensus
1466 1404 1678 1438 obstupuerant,
1696 1409 1759 1428 cum

968 1449 1124 1484 praevaleret
1147 1449 1273 1476 adversus
1288 1457 1333 1476 eos
1346 1449 1455 1483 bellum,
1469 1455 1493 1477 et
1508 1451 1553 1485 qui
1574 1447 1758 1476 cumburebaut

969 1503 1013 1522 eos
1031 1495 1059 1522 in
1085 1494 1213 1521 circuitu.
1228 1495 1308 1527 Quod
1321 1495 1423 1522 alicubi
1447 1496 1529 1524 etiam
1546 1499 1641 1522 noster
1667 1494 1759 1522 indica

969 1540 1115 1575 propheta,
1130 1539 1194 1566 dum
1211 1540 1296 1567 urbes
1309 1547 1403 1567 eorum
1420 1540 1509 1576 ignem
1525 1540 1685 1576 populatum
1697 1547 1760 1567 esse

933 1581 954 1610 C
975 1585 1131 1620 signiﬁcat;
1155 1585 1218 1612 talia
1232 1590 1307 1613 certe
1321 1588 1349 1613 et
1368 1586 1444 1621 ipsos
1461 1586 1543 1613 etiam
1564 1593 1637 1612 nunc
1664 1591 1760 1620 passos

127 1639 190 1660 esse
215 1633 299 1665 dicit;
328 1634 391 1660 licet
413 1641 428 1660 a
442 1633 498 1661 Deo
519 1641 574 1660 non
589 1633 668 1668 eripi,
685 1633 844 1668 servarique
859 1640 913 1660 non
933 1632 1100 1667 potuissent.
1120 1631 1225 1659 lndicat
1248 1637 1337 1659 autem
1369 1631 1555 1666 praecedentes
1577 1631 1758 1663 calamitates,

127 1686 196 1714 quas
209 1686 262 1706 non
277 1678 337 1706 istis
358 1678 576 1713 operationibus,
589 1678 636 1705 sed
658 1678 725 1714 legis
736 1678 845 1706 traditae
858 1677 1005 1706 violatione
1036 1677 1160 1711 perpessi
1192 1679 1257 1704 sum
1271 1685 1278 1703 :
1296 1676 1329 1703 ad
1344 1677 1416 1711 quod
1437 1676 1502 1711 quia
1518 1683 1572 1703 non
1587 1675 1758 1709 advenistis,

127 1725 228 1760 inquit,
253 1726 361 1754 damnis
387 1731 414 1753 et
436 1725 638 1753 calamitatibus
651 1726 799 1753 etiamnum
813 1724 928 1760 opprimi
948 1722 1098 1751 desivistis.

424 1771 551 1798 ΚΕΦΑΛ.
574 1771 641 1797 ΓΜ’.

162 1820 239 1851 α-ιγ’.
266 1816 320 1843 Καὶ
347 1815 405 1843 νῦν
428 1816 522 1847 οὕτως
549 1817 630 1850 λέγει
652 1815 761 1849 Κύριος
781 1816 797 1842 ό
817 1815 918 1847 Θεὸςὸ

126 1861 257 1894 ποιήσας
265 1869 313 1891 σε,
326 1861 440 1893 Ἰακὼϐ,
455 1861 530 1888 καὶὸ
538 1860 661 1894 πλάσας
670 1869 717 1893 σε,
728 1860 861 1894 Ἰσραήλ·
871 1860 919 1894 Μὴ

126 1907 230 1940 φοϐοῦ,
243 1906 287 1932 ὅτι
299 1905 519 1940 ἐλυτρωσάμην
530 1913 579 1937 σε,
590 1905 724 1933 ἐκάλεσά
736 1914 773 1933 σε
783 1905 816 1932 τὸ
827 1905 922 1941 ὄνομά

125 1960 195 1979 σου.
216 1952 300 1986 Ἐμὸς
324 1950 354 1979 εἴ
367 1952 418 1979 σύ.
433 1953 487 1985 Καὶ
501 1952 555 1979 ἐὰν
579 1951 734 1986 διαϐαίνῃς
749 1951 787 1978 δι’
800 1951 920 1985 ὓδατος,

122 1998 198 2032 μετὰ
204 1997 263 2024 σοῦ
271 1999 339 2032 ειμι,
348 1999 396 2024 καί
404 1997 529 2032 ποταμοὶ
536 2007 552 2025 ο
557 1999 572 2025 ὺ
582 1999 747 2032 συγκλείσο
751 1998 802 2025 val
812 2005 858 2025 σε.
866 1996 922 2025 Καὶ

124 2045 179 2071 ἐὰν
186 2044 308 2079 διέλθῃς
318 2044 366 2071 διὰ
381 2044 485 2078 πυρὸς,
497 2046 532 2071 οὐ
540 2043 583 2078 μὴ
600 2043 802 2078 κατακαυθῇς,
814 2052 841 2072 κ.
853 2053 878 2071 τ.
893 2044 917 2071 λ.

167 2088 304 2116 Ἀνοίκεια
328 2088 415 2115 ταῦτα
435 2087 489 2115 τῶν
505 2089 570 2124 περὶ
598 2087 645 2115 τοῦ
661 2090 693 2115 ἑκ
707 2088 858 2124 περιτομῆς
867 2089 918 2124 ἀρ-

124 2134 189 2165 τίως
216 2134 370 2169 εἰρημένων
389 2133 465 2166 λαοῦ,
489 2133 536 2165 οὓς
563 2133 694 2160 ἀπεκάλει
719 2134 847 2168 τυφλοὺς,
869 2134 917 2161 καὶ

1265 1767 1344 1795 CAP.
1366 1767 1456 1796 XLIII.

1004 1814 1088 1850 480
1103 1814 1187 1842 Vsus.
1213 1813 1289 1842 1-15.
1315 1814 1348 1841 Et
1366 1823 1434 1842 nunc
1461 1815 1501 1842 ita
1526 1814 1590 1842 dicit
1615 1814 1757 1846 Dominus.

969 1861 1014 1895 qui
1035 1860 1098 1895 fecit
1121 1865 1156 1892 le,
1170 1859 1267 1892 Jacob,
1284 1864 1309 1887 et
1325 1861 1371 1896 qui
1388 1861 1513 1895 formavit
1533 1865 1568 1894 te,
1587 1860 1698 1888 Israel:
1717 1860 1759 1888 Δέ

970 1906 1080 1938 timeas,
1097 1906 1221 1941 quoniam
1248 1905 1346 1932 redemi
1365 1910 1401 1939 te,
1426 1906 1516 1933 τοιςαυί
1539 1911 1563 1932 ιε
1580 1907 1684 1933 nontine
1702 1911 1756 1933 luo.

969 1950 1048 1978 Heus
1063 1959 1090 1978 ea
1105 1956 1144 1978 tu.
1161 1951 1196 1977 Et
1210 1951 1233 1977 si
1245 1951 1383 1978 transieris
1398 1959 1446 1985 per
1462 1959 1570 1986 aquam,
1589 1955 1673 1978 tecum
1686 1959 1756 1983 sum,

968 2001 994 2023 et
1020 1996 1133 2030 ﬂumina
1158 2005 1211 2024 non
1235 1997 1383 2031 cooperient
1407 2001 1441 2024 le.
1458 1996 1492 2024 Et
1507 1998 1531 2025 si
1551 1998 1690 2025 transieris
1712 2005 1758 2031 per

968 2041 1064 2076 ignem,
1077 2050 1128 2069 non
1143 2042 1316 2075 combureris,
1327 2043 1436 2077 ﬂantum
1450 2051 1500 2070 non
1519 2042 1693 2075 coniburelte,
1702 2048 1755 2071 elc.

1002 2087 1081 2123 48],
1100 2087 1213 2115 Diversa
1229 2093 1293 2116 sunt
1311 2089 1367 2116 liatc
1381 2089 1416 2116 ab
1433 2088 1498 2120 illis,
1514 2096 1575 2123 quae
1588 2089 1623 2115 de
1636 2088 1756 2116 circum-

968 2133 1028 2161 ciso
1058 2134 1158 2169 populo
1176 2142 1262 2169 nuper
1285 2134 1460 2167 dicebantur,
1492 2142 1554 2161 cum
1583 2141 1670 2162 caecos
1696 2142 1754 2165 eos.

125 2180 245 2214 κωφοὺς,
259 2181 305 2207 καὶ
319 2180 548 2215 διηρπασμένους.
563 2179 668 2206 Οὐκοῦν
681 2180 729 2206 νῦν
739 2181 752 2207 ὁ
764 2181 841 2215 λόγος
852 2180 915 2216 περὶ

969 2181 1063 2209 surdos
1081 2185 1108 2208 et
1123 2181 1245 2216 direptos
1260 2181 1425 2209 nominaret.
1441 2179 1500 2207 Jam
1515 2181 1598 2215 igitur
1610 2187 1702 2208 sermo
1713 2187 1757 2208 est

124 2225 171 2252 τοῦ
189 2226 343 2261 κρείττονος
363 2225 503 2260 τάγματος
523 2226 578 2253 τῶν
590 2228 622 2253 ὲκ
635 2226 786 2262 περιτομῆς
801 2235 914 2253 πιστευ-

969 2227 1002 2255 dc
1019 2228 1204 2262 pr:eslantiori
1221 2228 1267 2255 illo
1277 2227 1507 2255 circumcisorum
1517 2232 1603 2259 ccetu,
1613 2227 1659 2261 qui
1676 2227 1755 2255 ﬁdem

124 2271 239 2299 σάντων.
256 2272 288 2298 Εί
299 2271 353 2307 γὰρ
382 2272 517 2304 κάκεῖνοι,
534 2273 611 2308 φησὶ,
631 2272 747 2299 τοιοῦτοι
761 2273 914 2307 γεγονότες,

122 2317 237 2344 τοιαῦτα
263 2318 448 2350 πεπόνθασιν,
482 2318 542 2345 ἀλλ’
578 2319 657 2354 ὑμεῖς
682 2319 707 2345 οἱ
740 2318 786 2344 τὸν
811 2318 916 2345 ἑαυτῶν

125 2363 243 2398 ποιητὴν
256 2364 303 2390 καὶ
327 2363 451 2398 πλάστην
467 2364 635 2398 ἐπιγνόντες,
650 2363 797 2396 ἀκούσατε,
811 2364 917 2398 ποίημά

123 2416 152 2435 τε
166 2409 212 2435 καὶ
223 2408 338 2443 πλάσμα
350 2408 380 2435 τὸ
394 2410 423 2435 ἐν
438 2409 502 2445 ὑμῖν
515 2410 698 2445 τετηρηκότες
715 2409 867 2445 ἀλώϐητον,
879 2410 917 2442 ὡς

121 2454 230 2486 οἰκείως
250 2454 359 2481 ἀκούειν
380 2455 479 2483 Ἰακώϐ
489 2463 521 2482 τε
545 2455 594 2482 καὶ
614 2456 743 2490 Ἰσραήλ.
761 2455 833 2491 Ἐγὼ
861 2456 916 2492 γὰρ

122 2500 285 2534 ὀποιήσας
315 2501 365 2536 μέν
382 2507 418 2527 σε
443 2501 514 2528 κατὰ
543 2501 633 2537 ψυχὴν
659 2502 709 2536 τὴν
735 2501 796 2529 κατ’
824 2502 916 2528 είκόνα

122 2546 324 2582 πεποιημένην,
351 2546 475 2579 πλάσας
490 2546 518 2574 δέ
537 2555 584 2573 σου
610 2549 656 2574 καὶ
668 2547 698 2574 τὸ
711 2548 743 2574 ὲκ
758 2548 810 2582 γῆς
835 2547 916 2582 σῶμα

121 2590 235 2625 ληφθὲν,
251 2591 280 2623 ὃς
295 2593 341 2619 καὶ
361 2590 431 2627 αἷμα
457 2592 608 2628 παρασχὼν
634 2593 706 2628 ὑπὲρ
735 2592 783 2619 σοῦ
796 2592 827 2619 τὸ
837 2593 914 2628 ἐμὸν,

121 2637 339 2672 ἐλυτρωσάμην
368 2647 397 2664 σε
420 2639 514 2674 κτῆμα
545 2639 610 2665 ἴδιον
639 2639 835 2674 ποιησάμενος.
863 2636 913 2665 Ὧν

120 2683 274 2718 ἠξιωμένος
289 2683 380 2718 βάδιζε
392 2684 425 2719 ἢν
434 2684 581 2719 ὲκελεύθης
591 2684 649 2711 ὁδὸν
658 2684 911 2720 εὐαγγελιζόμενος.

120 2729 179 2756 Κᾶν
192 2730 253 2757 ἀνθι
263 2729 347 2756 στῶσί
362 2738 446 2763 τινες,
457 2731 557 2765 adeps;
571 2731 609 2766 μὴ
623 2730 737 2764 δεδιώς.
757 2740 767 2757 ι
778 2730 843 2757 Ἰδοὺ
857 2729 912 2766 γὰρ

155 2787 177 2803 ¹¹
197 2787 281 2815 lCor.
298 2796 326 2821 x,
346 2788 390 2815 Η.
429 2789 450 2804 ¹⁹
466 2787 566 2816 Jerem.
582 2795 608 2820 v,
625 2788 651 2815 '5.

965 2272 1084 2307 amplexi
1097 2276 1172 2299 sunt.
1193 2271 1221 2299 Si
1234 2273 1306 2299 enim
1319 2277 1347 2300 et
1362 2272 1411 2304 illi,
1423 2272 1471 2303 ait,
1486 2272 1549 2306 quia
1567 2272 1635 2300 tales
1649 2277 1755 2303 essent.

965 2317 1100 2352 ejusmodi
1118 2319 1192 2353 passi
1207 2323 1281 2351 sunt,
1293 2326 1342 2345 vos
1359 2318 1408 2352 ipsi
1425 2318 1535 2350 saltem,
1552 2317 1598 2352 qui
1612 2316 1755 2346 Factoreut

965 2367 1086 2390 vestrum
1104 2364 1265 2398 agnovistis,
1291 2363 1400 2397 audite,
1425 2363 1529 2396 audite,
1559 2364 1681 2398 inquam,
1709 2365 1754 2398 qni

966 2417 1035 2444 opus
1052 2410 1142 2444 ipsum
1165 2413 1192 2436 et
1217 2410 1389 2445 ﬁgmentum,
1405 2409 1480 2445 quod
1495 2409 1523 2437 in
1539 2409 1617 2437 vobis
1640 2413 1693 2442 est,
1719 2411 1755 2436 ita

968 2457 1028 2484 sine
1050 2456 1110 2483 labe
1124 2456 1320 2489 conservastis,
1343 2461 1373 2483 ut
1398 2455 1531 2491 peculiari
1546 2455 1657 2483 nomine
1670 2454 1754 2482 Iacob

966 2508 990 2530 et
1007 2501 1095 2530 Israel
1106 2502 1235 2530 audiatis.
1251 2502 1308 2538 Ego
1320 2503 1394 2530 enim
1407 2510 1468 2530 sum
1483 2496 1532 2538 ιιιῚῖ
1547 2502 1598 2536 feci
1613 2506 1648 2535 te,
1663 2502 1755 2529 animo

966 2549 1075 2584 quidem
1099 2548 1133 2575 ad
1158 2556 1247 2576 meum
1273 2549 1413 2584 exemplar
1430 2553 1457 2576 et
1479 2549 1512 2576 ad
1537 2548 1683 2584 imaginem
1705 2556 1754 2575 es-

966 2601 1061 2627 presso
1073 2601 1080 2626 ;
1100 2601 1215 2629 corpore
1236 2598 1325 2621 autem
1333 2594 1368 2622 de
1377 2598 1449 2621 terra
1465 2598 1554 2621 creato
1564 2599 1591 2621 Εί
1602 2597 1752 2628 assumpto.

966 2637 1034 2673 Ego,
1062 2639 1183 2674 inquam,
1200 2640 1248 2674 qui
1262 2644 1290 2667 et
1303 2639 1465 2675 sanguinem
1482 2647 1572 2667 meum
1597 2643 1643 2665 tua
1667 2645 1752 2666 causa

965 2683 1120 2718 el'l‘undens,
1138 2684 1237 2712 redemi
1251 2689 1303 2719 ,te,’
1319 2686 1513 2721 peculiumque
1525 2684 1659 2714 exsistere
1683 2685 1750 2712 mihi

965 2730 1051 2758 volui.
1067 2731 1116 2759 His
1131 2739 1196 2768 ergo
1211 2739 1260 2768 per
1277 2740 1320 2760 me
1334 2732 1434 2769 dignus
1454 2732 1576 2767 habitus,
1599 2739 1680 2768 perge
1695 2738 1750 2767 quo

773 2833 892 2862 VARIE
909 2832 1112 2863 LECTIONES.

156 2867 170 2888 ι
184 2877 228 2902 rp.
247 2869 397 2905 παθήματα
416 2870 487 2906 ’άπερ
507 2870 595 2898 οὐδέν.
