2002 3078
223 139 295 172 2383

895 134 1074 165 PROCOPII
1092 134 1214 165 GAZZEI

1792 134 1863 167 2384

221 194 329 232 iuberis
342 193 438 222 itinere
458 191 595 229 proﬁcisci
613 190 789 226 Evangelium
812 191 1010 225 depraulicans.

1070 188 1120 223 ἐγὼ
1146 189 1206 225 μεθ’
1231 188 1307 225 ὑμῶν
1330 189 1389 225 εἰμι
1414 191 1505 223 πάσας
1529 191 1579 223 τάς
1603 192 1722 227 ἡμέρας,
1745 191 1797 224 ἕως
1813 193 1862 228 τῆς

223 241 302 277 Quod
329 241 353 269 si
380 241 526 275 insurgant
545 238 683 271 nonnulli,
701 237 816 273 con/ide,
843 237 913 265 nihil
941 237 1022 273 quid-

223 296 305 325 quam
320 287 432 315 veritus.
451 295 460 312 ι
476 285 548 313 Ecce
563 285 636 313 enim
648 292 699 320 ego
710 285 853 312 vobiscum
870 291 931 312 sum
961 284 1021 312 dies

223 343 320 363 omnes
334 334 369 362 ad
383 332 651 361 consummationem
666 338 757 366 usque
768 330 874 359 saeculi.
889 339 899 356 ›
913 329 955 357 Me
968 329 1022 365 igi-

225 388 270 410 tur
286 381 422 412 imitatus,
447 378 495 414 qui
519 377 682 413 sanguinem
705 384 797 404 meum
822 376 1023 411 redemptionis

225 433 276 454 ture
291 424 514 459 propitiationem
530 431 594 451 esse
612 422 696 456 volui,
718 422 768 450 tias
782 426 809 450 et
825 425 855 449 tu
874 421 1022 456 impiorum

224 470 398 506 propitiatio,
419 469 466 505 qui
486 476 536 504 per
563 472 590 496 te
605 468 706 500 vocati,
721 467 756 494 ad
782 470 921 495 extremas
946 465 1022 493 orbis

225 522 317 552 partes
328 519 516 552 propagentur
527 524 534 543 :
548 522 666 550 quorum
675 514 725 541 tibi
734 513 892 548 exemplum
900 511 1024 547 Αὲθνριὶί

225 563 278 598 ipsi
291 562 494 598 A'Zthiopesque,
504 566 532 590 et
545 561 592 597 qui
607 561 711 597 Syenen
727 560 863 592 incolunt,
881 559 923 587 vel
937 558 1023 591 Saba,

226 614 256 637 ut
267 610 360 638 caeteri
372 609 585 642 transtulerunt,
598 608 681 644 482
696 615 759 636 esse
773 609 887 642 queant.
899 605 1020 633 Tantum

223 657 295 684 enim
312 664 328 684 a
344 664 397 689 me,
411 664 460 691 pro
477 663 535 682 mea
550 655 578 682 in
603 659 626 681 te
650 654 827 681 benevolentia
849 652 1021 688 glorificatus

1073 235 1227 268 συντελείας
1237 235 1284 262 τοῦ
1300 235 1409 268 αἰῶνος.
1428 246 1438 262 )
1451 237 1628 272 Μιμούμενος
1640 238 1729 265 τοίνυν
1745 237 1805 273 ἐμὲ,
1817 239 1863 265 τὸν

1071 282 1214 316 (“larunt
1220 291 1268 309 σου
1280 281 1311 309 τὸ
1321 280 1392 318 αἷμα
1401 283 1432 310 τὸ
1440 284 1506 319 ἐμὸν
1517 284 1710 320 ποιησάμενον,
1723 285 1864 320 ἄλλαγμα

1071 329 1152 364 γένου
1169 330 1217 356 καὶ
1230 329 1313 362 αὐτὸς
1338 330 1394 357 τῶν
1406 330 1451 357 διὰ
1464 330 1511 357 σοῦ
1523 330 1697 366 καλουμένων
1711 331 1863 358 ἀσεϐεστά-

1071 384 1126 403 των
1138 384 1168 402 τε
1186 375 1234 403 καὶ
1255 376 1336 412 μέχρι
1362 377 1417 404 τῶν
1440 377 1563 412 ἐσχάτων
1575 376 1720 404 οἰκούντων
1734 377 1784 412 τῆς
1799 378 1862 413 γῆς,

1071 418 1123 449 Ὃν
1140 422 1193 450 τῶν
1210 422 1260 458 μὲν
1272 424 1440 458 Αἰγύπτιοι,
1452 422 1507 449 τῶν
1521 423 1548 450 δὲ
1565 423 1705 456 Αἰθίοπές
1724 432 1752 450 τε
1777 424 1825 450 καὶ
1837 424 1862 450 οι

1070 468 1120 503 τὴν
1135 468 1259 504 Συήνην
1284 469 1422 501 οἰκοῦντες
1444 469 1633 506 παράδειγμα.
1661 471 1741 498 Σαϐὰ
1755 471 1784 497 δὲ
1799 471 1860 497 ἀντὶ

1070 514 1175 549 Συήνης
1185 514 1320 546 ἐξέδωκαν
1327 516 1351 542 οἱ
1361 515 1448 542 λοιποί
1461 523 1469 530 ·
1479 515 1550 543 οὕτω
1563 516 1618 552 γὰρ
1634 516 1804 550 ὲδοξάσθης
1819 517 1856 543 δι’

1069 559 1192 594 ἀγάπην
1208 561 1286 596 ἐμὴν
1299 560 1340 594 ὡς
1352 561 1400 588 διὰ
1413 560 1472 588 σοῦ
1485 562 1589 594 πάντας
1606 561 1751 597 κληθῆναι.
1779 562 1862 589 Σαϐὰ

1068 605 1098 632 δὲ
1114 605 1189 637 ἔθνος
1211 606 1348 634 Αἰθιόπων
1374 605 1405 634 οὓ
1420 607 1437 642 ή
1454 606 1597 642 βασίλισσα
1623 608 1692 644 πρὸς
1714 608 1863 643 Σολομῶνα

1068 652 1249 687 παρεγένετο.

222 711 268 736 es,
292 708 323 730 ut
345 706 460 730 caeteros
480 708 577 729 onmes
593 708 641 735 per
658 704 684 728 te
700 699 794 727 vocari
809 698 954 726 voluerim.
972 696 1020 725 Est
1039 704 1106 724 vero
1120 702 1144 724 et
1161 696 1234 724 Saba
1258 706 1326 734 gens
1345 698 1392 725 illa
1406 698 1562 734 Ethiopire,
1594 707 1627 726 ex
1661 706 1715 735 qua
1739 699 1860 735 reginam

223 741 258 776 ad
275 747 450 776 Salomonem
467 754 529 775 esse
547 745 702 782 profectam
717 746 835 781 legimus
851 745 883 771 ".

259 794 315 822 Eos
328 794 414 830 igitur
424 801 531 827 omnes,
541 801 599 828 pra:
613 796 651 825 te,
667 792 709 820 vel
719 799 769 826 pro
787 795 824 825 te,
837 789 1015 826 inquit.mihi

1105 787 1223 819 Τούτους
1236 785 1282 815 οὖν
1297 788 1367 824 ὑπὲρ
1382 788 1440 822 σοῦ,
1454 789 1471 825 ἢ
1483 788 1542 816 ἀντὶ
1554 788 1614 820 σοῦ,
1627 789 1732 822 πάντας
1744 790 1864 825 ἐκτησά-

223 825 372 875 assumpsi.
389 840 424 866 At
437 838 499 867 illos
509 825 579 866 male
589 825 770 873 perdam,qui
782 837 842 869 tibi.
854 836 912 864 sive
928 834 1018 871 populi

1076 839 1140 866 μην.
1174 831 1312 859 ’Λπολέσω
1329 832 1357 858 δέ
1378 833 1442 864 τοὺς
1473 831 1677 869 πολεμήσοντάς
1707 842 1737 861 σε
1763 834 1807 862 διὰ
1832 835 1863 861 τὸ

223 886 281 914 sive
289 885 422 921 principes
431 885 580 916 exsistant,
590 883 793 919 praedicationis
802 881 913 910 nomine
921 880 1017 908 adver-

223 932 280 961 sari
295 932 445 960 audebunt.
461 930 572 966 Conﬁde
585 938 662 966 ergo.
677 930 745 958 Nam
757 928 931 964 etipseﬁlios
947 931 1016 959 tuos.

224 987 301 1014 quos,
319 978 375 1005 Deo
391 976 557 1012 opitulante,
567 984 616 1012 per
631 976 726 1004 orbem
741 974 902 1002 universum
915 979 1017 1008 propa-

223 1028 308 1059 gastt,
323 1024 350 1051 in
368 1031 455 1051 meam
479 1023 620 1051 caelestem
644 1022 785 1050 civitatem
813 1020 946 1049 sublimes
969 1026 1018 1055 per

224 1078 314 1098 aerem
332 1069 464 1105 angelicis
480 1069 643 1101 virtutibus,
658 1072 792 1104 tanquam
815 1066 928 1102 pennis,
950 1065 1017 1093 sub-

224 1117 305 1145 nixos
332 1115 509 1151 congregato.
536 1114 613 1143 Meos
640 1114 726 1148 enim,
749 1113 797 1149 qui
815 1121 830 1141 α
855 1113 933 1140 vobis
960 1108 1018 1139 nati

224 1163 460 1197 regenerationem
477 1161 505 1188 in
520 1160 645 1188 Ecclesia
666 1160 759 1195 adepti
776 1163 852 1192 stmt,
868 1158 940 1193 ﬁlios
956 1163 1018 1184 esse

224 1208 301 1241 volo;
316 1211 344 1234 ei.
360 1205 535 1234 Christianos
551 1212 648 1233 omnes
662 1205 696 1233 de
711 1212 768 1232 meo
784 1204 890 1231 nomine
910 1209 1018 1230 nuncu-

224 1253 294 1289 pari,
309 1252 375 1289 quia
393 1252 524 1280 Christus
540 1251 600 1286 ipse
615 1257 688 1283 sum,
703 1256 785 1284 quem
801 1248 881 1276 vobis
899 1248 950 1275 ista
970 1254 1018 1281 per

224 1299 386 1335 prophetam
411 1297 611 1325 vaticinantem
633 1295 745 1323 auditis.
763 1295 798 1322 At
826 1301 882 1330 quo
905 1293 967 1321 loco
990 1293 1017 1319 in

223 1345 339 1380 gl'oriam
354 1351 441 1371 meam
459 1342 610 1378 praparavi
619 1349 679 1369 eum
693 1340 838 1373 habemus,
853 1338 900 1366 alii
917 1339 944 1366 in
958 1338 1017 1373 glo-

223 1392 294 1418 riam
317 1398 404 1417 meam
425 1388 514 1416 ονεαυί
530 1395 593 1415 eum
618 1387 857 1421 interpretantur:
873 1384 1017 1417 nimirum,

225 1441 255 1463 ut
269 1443 322 1469 me,
337 1435 382 1471 qui
400 1442 448 1470 per
463 1441 511 1462 vos
528 1437 571 1462 est
585 1436 699 1460 vocatus
713 1431 831 1467 populus
843 1430 1015 1466 gloriﬁcaret-

224 1483 317 1518 lpsum
345 1481 432 1514 enim,
461 1488 523 1508 cum
552 1479 679 1507 moribus
705 1481 779 1507 esset
804 1477 1014 1512 incompositis,

224 1527 384 1563 e/Tormavi,
411 1529 439 1553 et
461 1533 525 1553 eum
550 1525 578 1552 in
603 1523 766 1560 ignorantiae
789 1521 910 1550 tenebris
938 1525 1017 1548 antea

224 1577 393 1606 versaretur,
408 1573 436 1599 in
455 1571 540 1599 lucem
554 1570 646 1598 eduxi.
662 1567 824 1605 Cuiusmodi
838 1571 926 1604 gentes
952 1567 1019 1602 ipsa:

224 1620 406 1651 exstiterunt,
417 1625 488 1653 quas
508 1617 536 1644 in
555 1623 633 1644 suam
647 1615 798 1644 Ecclesiam
812 1615 923 1642 coivisre
938 1615 1016 1646 dicit,

224 1673 258 1693 ex
271 1665 372 1700 quibus
386 1667 413 1691 et
425 1663 557 1699 principes
573 1662 600 1689 in
612 1661 661 1689 Dei
675 1661 775 1696 populo
785 1660 929 1688 constituti
941 1663 1016 1688 sunt.

227 1711 341 1745 Deinde,
365 1717 497 1746 tanquam
513 1716 620 1741 eorum,
639 1715 700 1742 quae
713 1707 881 1734 vaticinatus
901 1710 954 1738 est,
969 1705 1018 1733 ad-

225 1758 372 1785 miratione
386 1756 518 1791 propheta
533 1759 678 1789 caperetur
689 1763 694 1779 :
705 1753 772 1786 Quis
787 1756 840 1785 est,
855 1752 954 1787 inquit,
969 1752 1017 1787 qui

227 1802 437 1840 praedictionum
455 1800 570 1828 istarum
586 1803 700 1826 eventus
714 1798 774 1826 suis
791 1798 881 1826 oculis
898 1805 1017 1832 usurpa-

226 1855 317 1881 turus,
347 1847 471 1882 testisque
488 1846 600 1873 futurus
618 1845 671 1873 sit?
696 1843 888 1878 Justiﬁcentur
916 1843 961 1878 qui
980 1847 1019 1870 te-

226 1895 383 1922 stimonium
399 1892 480 1920 laturi
495 1895 576 1924 sunt;
588 1890 719 1926 quoniam
729 1890 821 1925 etipse
837 1889 913 1917 testis
921 1896 1017 1916 eorum

227 1941 337 1967 futurus
352 1946 425 1972 sum,
440 1942 466 1965 et
481 1938 566 1972 filius,
582 1944 658 1971 quem
673 1936 757 1970 elegi;
772 1935 806 1963 de
820 1942 876 1970 quo
887 1934 995 1962 dicebat
1008 1943 1015 1962 :

229 1994 239 2012 ‹
258 1985 328 2013 Ecce
353 1992 420 2020 puer
447 1991 538 2016 meus,
553 1990 633 2017 quem
649 1982 718 2018 elegi
735 1981 768 2011 “'.
789 1991 798 2007 ι
817 1980 889 2013 Quin
914 1984 941 2008 et
956 1979 1015 2008 Sal-

226 2035 304 2058 vator
318 2034 413 2057 noster
425 2029 463 2056 ait
480 2037 488 2056 :
506 2038 515 2054 ι
534 2027 586 2061 Qui
601 2027 747 2057 confessus
762 2034 805 2054 me
825 2027 907 2054 fuerit
923 2033 1016 2053 coram

226 2074 395 2108 hominibus,
421 2073 573 2101 confitebor
586 2077 613 2100 et
632 2072 710 2099 illum
732 2079 825 2099 coram
843 2071 923 2099 Patre
944 2078 1014 2104 meo,

216 2121 273 2155 qui
293 2120 320 2147 in
339 2120 420 2147 caelis
437 2125 479 2146 est
495 2119 527 2145 “.
549 2127 560 2144 ι
575 2117 616 2145 Ad
633 2117 744 2145 eosdem
767 2117 877 2145 diccbat
893 2124 990 2144 rursus
1006 2125 1014 2143 :

230 2178 239 2194 ι
259 2166 315 2195 Vos
330 2166 410 2194 eritis
429 2165 496 2192 Inibi
512 2169 598 2193 testes
614 2164 642 2191 in
664 2163 787 2195 Galila‘a,
805 2167 832 2190 et
858 2163 886 2190 in
910 2162 1014 2195 Iudaea,

227 2218 254 2240 ιιι
271 2212 485 2247 Hierosolymis,
511 2215 539 2238 ct
562 2210 596 2238 ad
614 2213 754 2238 extremos
768 2209 845 2237 orbis
861 2217 949 2244 usque
966 2213 1020 2236 ter-

227 2257 319 2284 minos
335 2256 368 2284 “.
389 2265 398 2282 ι
410 2255 476 2284 llwc
487 2259 590 2287 autem,
605 2254 654 2287 ait,
670 2253 781 2289 faciam,
796 2258 923 2289 testesque
938 2261 1019 2286 meos.

228 2308 254 2331 et
268 2311 379 2339 puerum
391 2311 489 2336 meum,
508 2309 584 2336 quem
597 2301 675 2337 elegi,
691 2301 799 2328 mittam
816 2300 900 2337 483
913 2300 1021 2328 cunctis

229 2350 399 2384 hominibus,
428 2354 457 2377 ut
482 2350 586 2382 sciatis,
607 2353 632 2376 et
654 2347 790 2381 credatis,
815 2353 840 2374 et
863 2346 1019 2382 intelligatis

227 2397 290 2432 quia
304 2405 350 2432 ego
373 2404 446 2429 sum,
462 2400 490 2423 et
509 2394 646 2430 principio
663 2401 774 2424 carens,
794 2397 821 2420 et
835 2393 912 2420 solus
936 2391 1019 2419 Deus.

227 2443 295 2471 Nam
326 2447 354 2470 et
371 2442 500 2470 Christus
530 2442 602 2476 ipse,
624 2444 652 2468 et
679 2440 798 2476 apostoli
828 2439 971 2467 scientiam
989 2439 1021 2466 de

229 2490 295 2523 Deo,
309 2488 432 2525 ejusdem
448 2487 539 2523 ﬁdem,
557 2492 586 2516 et
599 2486 725 2514 notitiam
749 2486 955 2513 annuntiarunt.
973 2485 1022 2512 Est

228 2543 293 2563 vero
310 2536 379 2563 Deus
393 2543 476 2568 unus,
493 2534 574 2562 Pater
585 2534 655 2569 ipse,
671 2540 722 2560 nec
737 2532 818 2559 aliam
834 2532 869 2559 ab
887 2539 920 2559 eo
931 2531 1021 2559 virtu-

228 2586 282 2609 tem
302 2581 478 2617 peculiariter
490 2580 599 2608 obtinet
615 2579 661 2615 qui
676 2579 749 2611 [illius
761 2581 812 2606 est.
826 2577 862 2606 Ut
874 2577 1021 2613 ergotestis

228 2632 270 2655 est
286 2627 344 2663 ipse
357 2627 437 2655 Pater
454 2631 481 2655 ct
496 2625 568 2654 Deus
589 2625 732 2658 Salvator,
749 2624 786 2651 ita
800 2627 828 2652 et
842 2623 927 2658 ﬁlius,
943 2631 1018 2659 quem

227 2673 314 2707 elegit.

1070 878 1214 914 κήρυγμα,
1224 878 1305 911 λαούς
1312 887 1342 905 τε
1351 879 1398 906 καὶ
1409 879 1570 913 ἄρχοντας.
1586 880 1690 914 Θάῤῥει
1704 880 1860 917 τοιγαροῦν.

1071 923 1126 950 Καὶ
1141 923 1176 951 τὰ
1191 923 1225 951 σὰ
1239 923 1293 960 γὰρ
1321 924 1422 957 τέκνα,
1434 925 1454 951 ᾰ
1466 925 1537 952 κατὰ
1561 925 1628 952 Θεὺν
1653 926 1779 961 σπείρας,
1800 927 1862 954 καθ’

1070 969 1135 1004 ὅλης
1143 970 1192 1004 τῆς
1205 971 1368 1006 οἰκουμένης
1381 971 1539 1006 ἐγέννησας,
1551 972 1591 1004 εἰς
1602 972 1679 999 πόλιν
1693 981 1743 1008 μου
1756 973 1863 1006 συνάξω

1070 1016 1120 1052 τὴν
1135 1017 1309 1053 ἐπουράνιον,
1332 1017 1486 1053 μετεώρους
1500 1018 1534 1044 δι’
1545 1019 1625 1054 ἀέρος
1637 1019 1808 1052 ἀναλαϐὼν,
1824 1018 1862 1051 ὡς

1071 1063 1182 1097 πτηνοῖς
1198 1062 1467 1100 ὑποκουφιξομένους
1481 1064 1605 1100 ἀνέμοις,
1621 1066 1681 1097 ταῖς
1699 1065 1861 1099 ἁγγελικαῖς

1070 1108 1192 1144 δηλονότι
1219 1108 1360 1145 δυνάμεσι.
1388 1110 1458 1143 Τοὺς
1479 1111 1606 1146 δι’ὑμῶν
1630 1112 1687 1147 γάρ
1714 1111 1860 1147 τεχθέντας

1071 1155 1156 1190 ἐμοὺς
1175 1153 1247 1183 εἶναι
1261 1156 1372 1190 παῖδας
1388 1157 1526 1192 ὁρίζομαι,
1544 1158 1593 1193 τῆς
1605 1159 1634 1185 ἐν
1651 1158 1801 1194 Ἐκκλησία
1812 1166 1861 1184 τυ-

1071 1200 1169 1235 χόντας
1194 1202 1413 1239 ἀναγεννήσεως,
1430 1204 1454 1230 οἳ
1471 1204 1519 1231 καὶ
1535 1204 1575 1236 τῷ
1594 1203 1654 1238 ἐμῷ
1681 1203 1862 1239 κληθήσονται

1071 1247 1173 1279 πάντες
1185 1248 1308 1283 ὀνόματι
1325 1249 1485 1284 Χριστιανοὶ
1501 1250 1779 1286 προσαγορευόμενοι.
1794 1251 1862 1285 Χρι-

1072 1293 1134 1325 στδς
1144 1293 1199 1330 γὰρ
1213 1295 1227 1321 ὁ
1239 1295 1325 1322 ταῦτα
1347 1296 1391 1323 διὰ
1403 1296 1451 1323 τοῦ
1467 1297 1608 1332 προφήτου
1624 1296 1767 1328 θεσπίσας.
1789 1297 1864 1323 Ἀντὶ

1071 1339 1100 1367 δέ
1114 1340 1173 1373 τοῦ,
1185 1341 1221 1368 ἐν
1230 1341 1284 1377 γὰρ
1291 1341 1328 1377 τῇ
1340 1341 1415 1376 δόξῃ
1427 1351 1487 1377 μου
1497 1342 1694 1369 κατέσπευσα
1713 1341 1720 1361 λ
1747 1343 1840 1370 αὐτόν
1853 1349 1862 1358 ⁶

1071 1387 1114 1419 εὶς
1125 1386 1183 1419 τὴν
1193 1386 1289 1419 δόξαν
1295 1396 1355 1422 μου
1369 1387 1477 1414 ἕκτισα
1492 1388 1596 1421 αὑτὸν,
1612 1387 1749 1420 ἐξέδωκαν
1766 1388 1790 1414 ot
1806 1387 1859 1414 λοι-

1073 1431 1128 1457 ποί.
1153 1430 1197 1463 Ὠς
1209 1432 1243 1459 ἂν
1258 1433 1313 1459 olm
1329 1433 1364 1459 δι’
1377 1432 1454 1468 ὑμῶν
1481 1433 1592 1469 κληθεὶς
1617 1433 1725 1468 δοεάζῃ
1738 1442 1772 1469 με
1787 1433 1861 1464 λαός.

1074 1478 1217 1506 Ἕπλασα
1228 1479 1283 1515 γὰρ
1296 1479 1377 1508 αὑτὸν
1402 1480 1539 1507 ἄπλαστον
1552 1480 1616 1508 ὂντα
1645 1482 1702 1513 τοῖς
1737 1481 1862 1516 τρόποις,

1071 1524 1203 1558 ἐφώτισά
1231 1534 1260 1552 τε
1286 1525 1376 1561 σκότῳ
1402 1526 1452 1561 τῆς
1466 1526 1577 1561 ἀγνοίας
1587 1526 1864 1561 τυφλώττοντα.Τοι-

1071 1568 1142 1596 αὕτα
1152 1569 1180 1596 δὲ
1197 1570 1231 1596 τὰ
1246 1570 1330 1603 ἔθνη,
1345 1570 1364 1597 ἃ.
1377 1570 1446 1606 πρὸς
1459 1570 1508 1607 τὴν
1524 1571 1593 1598 ἰδίαν
1610 1572 1775 1608 Ἐκκλησίαν
1792 1580 1864 1599 συν-

1071 1615 1164 1649 ῆχθαι
1190 1625 1285 1652 φησιν,
1315 1617 1345 1650 ἐξ
1359 1614 1397 1644 ὧν
1421 1618 1469 1645 καὶ
1491 1617 1636 1653 ἄρχοντες
1661 1619 1708 1645 ἐπὶ
1728 1620 1773 1645 τὸν
1801 1619 1864 1646 λαὸν

1071 1662 1243 1699 κατέστησαν
1269 1663 1315 1690 τοῦ
1337 1663 1416 1691 Θεοῦ.
1445 1662 1538 1691 Εἴταὸ
1553 1666 1698 1700 προφήτης
1724 1665 1864 1700 θαύματος

1071 1707 1114 1741 ἐφ’
1127 1705 1169 1739 οἷς
1179 1707 1307 1735 ἐθέσπισε
1322 1708 1490 1744 πληρωθεὶς,
1504 1710 1551 1742 Τίς
1566 1710 1620 1745 ἄρα
1634 1710 1723 1742 ἔσται,
1740 1713 1832 1745 φησιν,
1848 1711 1864 1736 ὁ

1073 1753 1177 1788 μέλλων
1205 1754 1270 1780 ποτὲ
1284 1754 1387 1781 τούτων
1399 1755 1453 1781 τῶν
1465 1757 1638 1791 πραγμάτων
1650 1757 1803 1792 ὀφθαλμοῖς
1812 1757 1863 1789 τὰς

1072 1801 1200 1833 ἐκϐάσεις
1229 1802 1315 1837 ὁρᾷν,
1342 1802 1388 1829 καὶ
1416 1803 1471 1829 τῶν
1499 1803 1730 1839 ἀποτελεσμάτων
1751 1804 1862 1832 ἔσεσθαι

1067 1846 1185 1881 μάρτυς
1198 1855 1209 1880 ;
1220 1848 1721 1884 Δικαιωθήτωσανμαρτιιρήσαντες
1735 1855 1758 1883 υ,
1767 1851 1861 1886 ἐπειδὴ

1070 1891 1149 1926 κάγὼ
1169 1893 1287 1927 μάρτυς
1311 1894 1403 1920 αὐτῶν
1423 1895 1594 1930 γενήσομαι,
1615 1896 1664 1923 καὶ
1691 1898 1708 1923 ὁ
1729 1896 1864 1930 παῖς-’ὃν

1071 1938 1271 1974 ἐξελεξάμην.
1286 1939 1355 1975 Περὶ
1369 1937 1454 1976 οὗπερ
1466 1941 1560 1975 ἔλεγεν
1571 1949 1579 1956 ·
1602 1952 1610 1967 ι
1622 1941 1687 1968 Ἰδοὺ
1703 1943 1716 1969 ό
1732 1943 1796 1975 παῖς
1811 1951 1863 1978 μου

1071 1984 1101 2010 ὃν
1128 1985 1253 2020 ᾑρέτισα.
1268 1995 1277 2011 ι
1291 1986 1347 2012 Καὶ
1357 1987 1371 2013 ὸ
1386 1986 1480 2023 Σωτὴρ
1493 1987 1521 2014 δέ
1539 1996 1621 2023 φησιν
1632 1996 1639 2003 ·
1661 1997 1670 2014 ι
1685 1988 1735 2020 ’ος
1751 1989 1783 2016 ἂν
1796 1989 1863 2024 ὁμο-

1071 2030 1212 2065 λογήσειεν
1224 2032 1286 2067 ἐμοὶ
1298 2032 1456 2068 ἔμπροσθεν
1464 2033 1518 2060 τῶν
1529 2034 1691 2070 ἀνθρώπων,
1702 2035 1863 2072 ὁμολογήσω

1071 2076 1149 2111 κάγὼ
1159 2078 1189 2104 ἐν
1206 2077 1280 2113 αὺτῷ
1296 2077 1451 2114 ἔμπροσθεν
1478 2079 1525 2106 τοῦ
1551 2079 1672 2116 Πατέρος
1690 2089 1753 2116 μου,
1768 2081 1815 2108 τοῦ
1830 2083 1860 2108 ἐν

1070 2124 1127 2154 τοῖς
1150 2123 1285 2158 οὐρανοῖς.
1301 2133 1311 2150 ι
1336 2124 1408 2160 Πρὸς
1426 2124 1472 2156 οὓς
1501 2125 1605 2160 ἔφασκε
1619 2126 1719 2153 πάλιν·
1738 2135 1748 2152 ι
1769 2126 1864 2162 Ὑμεῖς

1037 2188 1058 2214 D
1070 2168 1099 2195 δὲ
1115 2167 1210 2195 ἐσεσθέ
1245 2177 1291 2204 μοι
1316 2170 1456 2206 μάρτυρες
1469 2171 1498 2197 ἐν
1512 2180 1542 2198 τε
1557 2172 1589 2207 τῇ
1604 2171 1746 2208 Γαλιλαίᾳ,
1772 2172 1819 2199 καὶ
1830 2173 1863 2208 τῇ

1077 2213 1202 2250 Ἰουδαίᾳ,
1231 2216 1278 2242 καὶ
1292 2217 1325 2251 τῇ
1346 2215 1535 2252 Ἰερουσαλὴμ,
1547 2218 1595 2245 καὶ
1607 2217 1660 2250 ἕως
1673 2219 1788 2254 ἐσχάτου
1812 2219 1864 2253 τῆς

1071 2261 1133 2295 γῆς.
1152 2269 1161 2286 ι
1180 2261 1277 2288 Ταῦτα
1291 2261 1330 2293 δὲ,
1344 2263 1422 2298 φησὶ,
1435 2263 1562 2298 ποιήσω,
1576 2264 1702 2298 καὶτοὺς
1712 2265 1864 2300 μάρτυράς

1068 2315 1139 2340 μου,
1157 2306 1208 2333 καὶ
1220 2307 1273 2334 τὸν
1286 2307 1379 2335 παῖδὰ
1390 2317 1462 2343 μου,
1475 2309 1513 2336 ὃν
1529 2309 1727 2345 ἐξελεξάμην,
1744 2311 1863 2337 ἀποστε-

1070 2352 1109 2378 λῶ
1121 2353 1205 2380 πᾶσιν
1219 2353 1385 2388 ἀνθρώποις,
1397 2355 1447 2382 ἵνα
1464 2355 1569 2389 γνῶτε,
1595 2356 1643 2383 καὶ
1668 2357 1862 2391 πιστεύσητε,

1070 2398 1120 2425 καὶ
1137 2398 1265 2433 συνῆτε,
1279 2399 1324 2427 ὅτι
1341 2400 1399 2436 ἐγὼ
1411 2401 1529 2437 ἇναρχός
1554 2411 1584 2429 τε
1609 2402 1656 2430 καὶ
1673 2403 1753 2438 μόνος
1779 2404 1862 2437 Θεός.

1071 2446 1128 2473 Καὶ
1140 2447 1258 2486 Χριστὸς
1269 2447 1336 2484 γὰρ,
1354 2448 1402 2474 καὶ
1416 2448 1618 2484 ἀπόστολοιτὴν
1634 2448 1688 2475 τοῦ
1702 2449 1776 2476 Θεοῦ
1793 2449 1864 2483 γνῶ-

1072 2500 1115 2519 σιν
1138 2493 1304 2528 ἐκήρυξαν,
1318 2494 1424 2521 πίστιν
1439 2502 1468 2521 τε
1491 2494 1538 2521 καὶ
1553 2494 1601 2528 τὴν
1619 2495 1685 2530 περὶ⁵
1701 2494 1783 2521 αὑτοῦ
1799 2495 1863 2522 σύν-

1072 2546 1142 2564 εσιν.
1159 2535 1206 2570 Εἷς
1216 2538 1245 2565 δὲ
1263 2540 1334 2571 Θεὸς
1347 2540 1361 2565 ὁ
1375 2539 1479 2574 Πατὴρ,
1497 2539 1546 2574 οὐχ
1557 2539 1654 2575 ἐτέρας
1675 2539 1759 2575 οὔσης
1779 2540 1864 2568 αὑτοῦ

1069 2584 1119 2618 τῆς
1135 2583 1202 2615 ἰδίας
1229 2585 1372 2620 δυνάμεως
1392 2586 1421 2617 ὃς
1438 2586 1511 2612 ἐστιν
1530 2586 1544 2611 ὁ
1561 2586 1634 2618 Υἱός.
1660 2586 1812 2622 Τοιγαροῦν
1825 2587 1863 2619 ὡς

1067 2629 1185 2664 μάρτυς
1195 2631 1209 2656 ὁ
1222 2630 1317 2667 Πατὴρ
1335 2631 1382 2658 καὶ
1398 2631 1470 2664 Θεὸς
1485 2631 1596 2665 σώζων,
1610 2631 1682 2659 οὕτω
1693 2632 1740 2659 καὶ
1754 2634 1771 2659 ὁ
1782 2633 1862 2666 παῖς,

1071 2675 1108 2701 ὃν
1118 2675 1292 2708 ἐξελέξατο.

266 2731 288 2746 ¹³
309 2729 341 2757 Ill
371 2729 438 2765 Reg.
459 2738 487 2762 χ,
509 2729 521 2756 1
539 2736 617 2764 seqq.
649 2725 735 2755 “lsa.
753 2734 821 2760 xui,
839 2727 866 2754 l.
906 2727 928 2743 "
947 2729 1018 2758 Matt]

1070 2740 1085 2766 :,
1103 2733 1149 2760 5‘2.
1189 2733 1210 2749 "
1229 2734 1289 2760 Act.
1305 2742 1324 2767 ι,
1341 2733 1367 2761 8.

885 2784 1001 2814 VARI/Ii
1022 2786 1222 2817 LECTIONES.

266 2850 331 2878 ιιι-ρ.
352 2844 552 2873 κατεσκεύασα.
590 2848 610 2864 ³·
631 2852 678 2880 γρ.
698 2843 722 2870 ὁ.
761 2847 774 2863 ιι
795 2843 836 2870 ῖσ.
860 2845 1092 2881 μαρτυρήσοντες.
