2002 3078
154 144 226 175 9385

720 145 986 176 COMMEN’I'ARII
1005 146 1046 177 ΙΝ
1067 147 1209 177 ISAIAM.

1713 146 1784 180 ἵζδὸ

193 200 292 235 Διόπερ
302 200 331 226 ὲν
348 199 451 234 ἑτέροις
466 200 480 226 ὁ
495 198 590 235 παρὼν
606 201 748 236 προφήτης
762 201 828 236 φησι
838 209 844 216 ·
865 211 874 226 ‹
889 201 944 227 Καὶ

1031 201 1122 237 Itaque
1141 206 1168 229 et
1181 202 1244 228 alibi
1259 201 1299 229 sic
1315 201 1438 236 loquitur
1458 207 1551 229 noster
1567 202 1612 229 hic
1630 204 1760 238 propheta
1775 211 1782 230 :

156 245 301 273 ἀποστελεῖ
315 244 417 281 Κύριος
430 245 522 276 αὐτοῖς
537 247 658 280 σωτῆρα,
677 245 706 277 ὃς
733 245 815 272 σώσει
835 246 943 278 αὐτούς.

157 292 267 327 Κρίνων
280 291 362 318 σώσει
371 291 479 323 αὐτούς.
491 301 500 318 ι
518 292 590 318 Ἀντὶ
602 292 630 318 δὲ
638 291 685 318 τοῦ
701 291 850 324 ὼνείδισα,
859 292 946 326 ἡκού-

158 338 229 364 τισιὶ
244 346 326 372 φασιν
337 338 362 364 oi
377 337 476 364 λοιποί.
498 337 631 365 Ἀκουστὰ
641 338 695 372 γὰρ
708 337 796 365 ταῦτα
811 339 945 372 κατέστη-

159 393 193 409 σα
206 382 351 418 προλαϐὼν
365 383 458 417 μόνος
479 382 517 409 ὢν
541 383 570 409 ὲν
595 383 660 418 ὑμῖν
675 382 758 416 Θεὸς,
786 383 833 409 καὶ
859 383 946 414 οὐδεὶς

158 427 261 463 παρῆν·
280 436 330 462 μοι
360 428 448 460 ξένος
472 428 558 454 ταῦτα
574 428 730 460 θεσπίζοντι
743 428 788 456 διὰ
799 428 853 455 τῶν
872 429 946 464 ἐμῶν

158 474 326 509 προφητῶν,
348 474 386 505 ὡς
410 474 495 508 ὑμεῖς
518 474 603 501 αὐτοὶ
624 475 766 509 γεγόνατε
786 475 945 510 μάρτυρες.

156 520 279 555 Μάρτυς
295 520 323 546 δὲ
338 520 429 555 κάγὼ,
445 520 494 546 καὶ
519 521 536 547 ὁ
558 520 630 553 παῖς
652 522 669 547 ό
693 520 774 555 ἐμός.
794 522 880 556 Συνῆν
892 521 947 555 γάρ

160 575 206 602 μοι
221 565 385 598 θετπίζοντι,
412 565 465 601 πρὸ
479 567 529 598 τῆς
541 566 642 601 σαρκὸς
659 566 729 600 ἔχων
742 567 791 602 τὴν
816 566 945 602 ὓπαρξιν.

165 611 235 638 Ἀλλ’
252 611 324 646 ἅπερ
340 611 375 643 ἐξ
385 611 476 645 ἀρχῆς
491 610 589 646 ὥρισα,
601 611 686 638 ταῦτα
698 611 840 648 δυνήσεται
855 621 945 648 παρα-

160 657 285 683 σαλεύειν
302 656 400 688 οὐδείς.
412 655 503 683 Ταῦτα
524 656 649 683 λέλεκται
674 657 723 692 μὲν
746 658 787 689 εἰς
802 657 947 693 πρόσωπον

165 702 267 729 Ἰακώὸ
278 711 308 729 τε
325 702 372 729 καὶ
390 701 525 736 Ἰσραὴλ,
541 703 582 734 εἰς
596 702 624 729 δὲ
640 702 685 729 τὸν
701 703 879 731 ἁποστολικὸν
901 713 948 739 χο-

162 747 207 781 ρδν
226 746 403 782 ἀναφέρεται,
421 746 471 773 καὶ
485 747 531 773 ἐπὶ
543 747 648 779 πάντας
676 748 739 781 τοὺς
763 748 793 780 ἐξ
814 749 948 776 Ἰουδαίων

161 793 274 824 πιστοὺς
292 792 340 819 τοῦ
368 793 446 826 λόγου
470 793 620 828 διήκοντος.
643 794 722 825 Τινὲς
749 795 777 821 δέ
803 804 893 829 φασιν,
910 796 948 828 ὡς

161 839 260 873 ἀγαθὸς
274 838 311 865 ῶν
326 839 340 865 ό
353 838 430 870 Θεὸς.
448 838 495 871 οὓς
512 839 649 866 παιδεύων
670 840 791 867 ἀπέϐαλε
803 860 811 872 ,
836 841 950 873 τούτους

1001 258 1010 274 ι
1031 248 1062 274 Et
1080 248 1168 275 mittet
1184 248 1250 282 ipsis
1272 247 1446 280 salvatorem,
1462 247 1508 282 qui
1520 248 1606 276 salvet
1626 255 1688 281 eos;
1704 247 1782 282 judi-

998 302 1066 322 cans
1080 294 1195 321 salvabit
1220 301 1269 322 eos
1285 294 1316 320 ".
1344 303 1353 320 ι
1379 294 1411 320 At
1428 302 1478 328 pro
1496 293 1662 328 exprobranti,
1681 294 1780 328 reliqui

999 340 1091 368 audire
1104 340 1154 375 feci
1170 340 1396 374 interpretantur.
1413 339 1468 367 Ista
1489 341 1562 367 enim
1583 348 1630 367 vos
1647 345 1710 368 ante
1724 348 1785 367 om-

998 392 1047 412 nes
1063 384 1154 417 docui,
1169 384 1216 419 qui
1230 384 1301 411 Deus
1311 392 1379 410 unus
1394 383 1421 410 in
1434 384 1512 411 vobis
1528 384 1598 419 sim;
1615 392 1703 418 neque
1717 383 1784 411 mihi

998 431 1085 465 adfuit
1108 430 1221 463 alienus,
1240 437 1301 457 cum
1323 429 1375 457 ista
1401 437 1449 465 per
1468 430 1616 464 prophetas
1638 437 1713 457 meos
1736 438 1784 457 va-

999 474 1146 509 ticinarer;
1170 474 1401 511 quemadmodum
1432 482 1476 502 vos
1507 475 1572 501 mihi
1600 479 1678 502 testes
1694 475 1758 502 estis
1775 484 1785 502 :

1000 520 1074 547 testis
1104 520 1169 548 item
1197 524 1223 547 et
1248 528 1305 555 ego,
1331 520 1454 555 ﬁliusque
1482 528 1564 547 utens.
1591 520 1686 547 Adfuit
1710 520 1784 547 enim

999 569 1027 593 et
1043 565 1102 600 ipse
1127 573 1245 598 mecum,
1262 573 1324 593 cum
1341 565 1394 593 ista
1421 566 1610 601 praedicerent,
1636 573 1698 593 cum
1722 570 1787 594 ante

999 611 1090 640 carnis
1109 612 1325 647 assumptionem
1342 612 1497 640 exsisteret.
1514 611 1567 640 Sed
1587 620 1648 647 qua:
1663 613 1694 639 ab
1709 613 1786 639 initio

999 658 1037 685 ita
1052 657 1112 685 fore
1131 657 1251 690 decrevi,
1276 662 1385 685 mutare
1400 662 1427 685 et
1444 665 1552 685 movere
1572 665 1654 686 nemo
1678 663 1721 686 est
1738 659 1784 693 qui

1000 703 1097 738 possit.
1121 702 1209 738 Atque
1238 701 1296 730 haec
1323 701 1434 737 quidem
1458 702 1485 729 in
1510 701 1607 729 Jacobi
1628 706 1656 730 et
1675 703 1786 730 Israelis

1000 748 1114 783 gratiam
1130 747 1270 780 dicuntur,
1287 755 1349 783 quae
1360 752 1450 775 tamen
1468 747 1502 775 ad
1522 748 1704 783 apostolicum
1720 751 1788 776 cho-

1001 801 1072 824 rum,
1090 798 1117 820 et
1136 793 1169 820 ad
1184 801 1231 821 eos
1244 793 1326 821 etiam
1344 800 1452 824 omnes,
1465 793 1511 828 qui
1535 801 1570 821 ex
1581 792 1685 821 Judaﬂs
1707 793 1787 821 ﬁdem

1001 839 1117 874 amplexi
1134 843 1210 873 sunt,
1223 840 1421 867 extenduntur.
1442 838 1544 866 Volunt
1559 847 1641 874 porro
1660 839 1786 867 nonnulli

161 885 355 920 προσκαλεῖται
369 884 403 911 δι’
418 885 502 917 ἔλεον,
521 885 590 920 λήθῃ
613 886 807 921 παραπέμπων
826 885 860 913 τὰ
881 887 949 922 πρό-

1003 883 1085 911 Deum
1100 884 1203 919 ipsum,
1221 884 1266 919 qui
1284 892 1333 920 pro
1349 892 1398 912 sua
1420 885 1553 918 bonitate,
1569 892 1639 920 quos
1654 892 1669 912 a
1691 892 1721 913 se
1741 892 1788 912 ca-

160 939 237 966 τερα,
253 932 300 958 καὶ
324 931 462 966 προτιθεὶς
481 932 569 966 ἀρχὴν
582 930 677 966 ἑτέρου
699 931 806 966 καιροῦ,
825 931 895 957 κατὰ
908 931 948 964 τὸ,

165 987 174 1004 ι
190 978 313 1012 Σήμερον
338 977 387 1004 ἐὰν
398 978 449 1012 τῆς
471 977 563 1012 φωνῆς
579 986 630 1012 μου
652 977 799 1013 ἀκούσητε,
821 987 831 1003 t
847 977 895 1004 xui.
916 977 950 1004 τὰ

161 1024 203 1058 ἐφ’
220 1024 293 1058 ἑξῆς.
317 1023 360 1055 Ὠς
370 1024 425 1059 γὰρ
435 1024 494 1050 ἐκεῖ
507 1024 537 1050 τδ
563 1024 715 1058 σήμερον,
730 1023 817 1055 οὕτως
833 1023 952 1051 ἐνταῦθα

160 1071 191 1096 τὺ
203 1069 272 1103 νῦν,
289 1070 458 1115 ἁμνηστειας
471 1070 532 1105 ἕχον
551 1070 692 1101 ὑπόθεσιν,
712 1069 760 1096 καὶ
778 1069 950 1105 πραγμάτων

161 1115 263 1149 ἐτέρων
273 1113 360 1150 ἀρχὴν
372 1114 509 1150 ἐσομένων
521 1115 596 1150 παρὰ
609 1114 677 1141 Θεοῦ
691 1114 728 1150 μὴ
745 1114 952 1150 συγχωροῦντος

161 1161 231 1194 ἄγαν
246 1160 371 1196 ἀθυμεῖν,
389 1159 426 1192 ὡς
439 1160 549 1193 ἕξοντας
562 1160 616 1187 τῶν
627 1160 770 1196 παρόντων
788 1160 950 1196 μεταϐολὴν,

162 1206 291 1233 ἁπάντων
310 1205 462 1241 ἀνθρώπων
475 1206 510 1233 δι’
530 1206 645 1240 αἵματος
667 1206 860 1241 λυτρουμένων
882 1207 951 1243 Χρι-

163 1252 238 1279 στοῦ.
255 1252 396 1286 Ηὺδόκησε
416 1252 471 1288 γὰρ
485 1253 500 1279 ὁ
517 1252 583 1284 θεὸς
602 1252 894 1287 ἀνακεφαλαιώσασθαι
917 1254 952 1281 τὰ

164 1297 253 1324 πάντα
267 1297 296 1323 ὲν
311 1297 396 1333 αὐτῷ,
411 1297 482 1324 κατὰ
493 1299 543 1334 τὴν
563 1298 670 1325 Παύλου
693 1299 797 1334 φωνὴν,
813 1299 874 1330 δοὺς
887 1300 952 1335 ἡμῖν

164 1343 211 1369 καὶ
225 1343 255 1370 τὸ
268 1343 360 1370 καινὸν
373 1343 458 1378 ὄνομα
469 1343 587 1378 Χριστοῦ
601 1344 631 1370 τὸ
649 1344 797 1379 ἐπικληθὲν
813 1345 855 1379 ἐφ’
867 1346 951 1380 ἡμᾶς.

164 1387 197 1414 Τί
208 1387 235 1413 δὲ
246 1387 392 1421 τοῦνομα;
413 1388 500 1421 Ἐμὸς
508 1386 536 1415 εἷ
545 1389 596 1416 σύ.
608 1389 726 1424 Χριστοῦ
738 1389 792 1424 γὰρ
804 1386 873 1417 εῖναι
886 1390 954 1417 πάν-

164 1441 209 1463 τες
221 1432 357 1467 λεγόμεοα
373 1433 422 1468 τῆς
437 1433 501 1468 πρὶν
518 1433 571 1467 ἔξω
580 1434 723 1468 γεγονότες
739 1434 952 1471 ἀλλοτριώσεως,

166 1478 199 1513 ἢν
213 1477 328 1512 ἔσχομεν
341 1478 555 1513 ἁμαρτάνοντες,
573 1480 663 1507 καίτοι
682 1481 754 1508 κατὰ
776 1481 857 1517 φύσιν
877 1482 954 1515 δντες

166 1523 244 1550 Θεοῦ.
264 1523 344 1551 Ἀλλὰ
357 1525 439 1551 πάλιν
456 1525 531 1560 ἡμᾶς
545 1526 589 1553 διὰ
603 1527 650 1553 τοῦ
674 1527 832 1563 Πνεῦματος
848 1529 953 1556 ὠκειώ-

1000 930 1115 964 stigatos
1132 930 1244 965 repulit.
1260 930 1378 958 invitare
1399 938 1507 963 rursus,
1533 934 1561 958 et
1584 931 1786 965 praeteritorum

1000 975 1125 1004 oblivisci
1147 976 1248 1008 soleat,
1277 975 1408 1011 temporis
1428 976 1511 1003 etiam
1538 976 1655 1004 alterius
1682 975 1786 1010 princi-

1000 1021 1074 1056 pium
1092 1022 1137 1049 hic
1156 1029 1329 1057 proponere:
1351 1021 1433 1055 quale
1453 1025 1496 1049 est
1518 1022 1584 1049 illud
1600 1031 1609 1048 :
1631 1031 1640 1049 ι
1660 1021 1747 1049 llodie
1763 1023 1786 1049 si

1000 1074 1093 1094 vocem
1111 1074 1197 1094 meam
1210 1066 1399 1099 audieritis",
1414 1075 1425 1092 ι
1444 1071 1470 1094 et
1487 1074 1549 1101 qua:
1564 1070 1728 1101 sequuntur.
1752 1066 1788 1093 Ut

999 1112 1071 1140 enim
1095 1112 1133 1139 ibi
1152 1112 1229 1139 hodie
1258 1112 1421 1140 vocabulum
1435 1132 1442 1142 ,
1468 1111 1507 1139 sic
1528 1116 1556 1139 et
1585 1112 1630 1139 hic
1653 1111 1786 1147 particula

1001 1165 1069 1185 nunc
1084 1157 1231 1185 oblivionis
1250 1162 1443 1191 argumentum
1468 1156 1602 1188 continet,
1622 1160 1649 1183 et
1663 1156 1787 1184 ostendit

1000 1203 1057 1231 Deo
1081 1207 1193 1230 auclore
1216 1210 1307 1229 rerum
1332 1201 1391 1229 fore
1408 1202 1524 1229 aliarum
1544 1201 1720 1236 principium,
1739 1202 1787 1236 qui

1001 1256 1051 1276 nos
1066 1248 1189 1276 animum
1214 1248 1395 1283 despondere
1413 1255 1554 1283 nunquam
1580 1247 1704 1282 patitur:
1727 1252 1789 1275 tan-

1001 1301 1081 1329 quam
1098 1293 1199 1321 Christi
1213 1293 1347 1328 sauguine
1360 1293 1509 1327 redemptis
1526 1293 1654 1320 omnibus
1667 1299 1788 1327 prmseu-

1001 1339 1070 1366 tium
1083 1346 1175 1367 rerum
1197 1339 1339 1366 immineat
1364 1338 1558 1366 commulatio.
1582 1337 1690 1365 Placuit
1714 1338 1788 1365 enim

1002 1385 1068 1418 Deo,
1083 1388 1153 1413 teste
1169 1385 1254 1412 Paulo
1276 1385 1316 1417 ¹⁹,
1343 1384 1436 1412 omnia
1453 1384 1482 1410 in
1499 1391 1532 1411 eo
1553 1383 1720 1415 instaurare.
1742 1383 1789 1418 qui

1002 1431 1118 1466 largitur
1129 1431 1206 1459 nobis
1229 1435 1366 1459 recentem
1385 1430 1469 1458 etiam
1492 1430 1526 1457 de
1553 1429 1657 1458 Christi
1679 1430 1791 1457 nomine

1002 1477 1222 1511 appellationem,
1238 1475 1311 1511 quod
1331 1476 1488 1503 invocatum
1504 1479 1547 1502 est
1572 1482 1656 1510 super
1675 1482 1729 1502 nos
1756 1475 1788 1501 ’°.

1003 1521 1145 1556 Quodnam
1162 1522 1245 1558 igitur
1273 1529 1365 1549 nomen
1390 1521 1453 1549 est?
1480 1519 1555 1548 Meus
1569 1528 1597 1548 es
1621 1525 1661 1547 tu.
1686 1519 1791 1547 Christi

166 1577 231 1595 σατο
246 1570 363 1605 ποιήσας
374 1570 528 1602 ἀναλώτους
542 1571 624 1598 παντὶ
649 1573 804 1608 πειρασμῷ.
823 1575 950 1608 Ποταμοὶ

1005 1567 1139 1603 siquidem
1155 1574 1252 1595 omnes
1267 1573 1329 1595 esse
1342 1566 1472 1599 dicimur,
1490 1566 1536 1601 qui
1556 1569 1632 1594 extra
1644 1565 1792 1593 alienatio-

165 1615 220 1650 γὰρ
237 1617 284 1642 καὶ
297 1616 375 1650 ὕδωρ
389 1617 436 1643 καὶ
447 1618 568 1652 φλόγες,
583 1618 633 1649 τὰς
648 1619 799 1651 πολυειδεῖς
821 1619 875 1646 τῶν
894 1629 954 1647 πει-

167 1660 281 1695 ρασμῶν
301 1661 412 1695 ἐφόδους
433 1662 679 1698 κατασημαίνουσι.
700 1664 858 1699 Γέγραπται
882 1665 954 1700 γάρ⁹

170 1714 179 1730 ι
197 1705 258 1732 Ὅτι
271 1706 372 1737 πάντες
394 1708 418 1733 οι
441 1707 564 1739 θέλοντες
584 1708 634 1744 ζῇν
655 1708 774 1741 εὐσεϐῶς
797 1711 826 1737 ὲν
845 1711 955 1747 Χριστῷ

173 1751 271 1785 Ἰησοῦ,
291 1752 499 1788 διωχθήσονται.
519 1763 529 1780 t
554 1755 610 1781 Καὶ
629 1756 685 1787 τοῖς
706 1756 883 1784 πιστεύσασιν
902 1757 955 1793 ἔφη

166 1797 282 1831 Χριστός
292 1805 299 1812 ·
312 1807 322 1824 ι
336 1798 432 1833 Θλιψιν
440 1799 516 1834 ἔχετε
527 1800 556 1827 ἐν
564 1800 602 1836 τῷ
610 1800 714 1837 κόσμῳ.
735 1811 745 1828 ›
753 1802 808 1830 Καὶ
817 1804 845 1829 ὲν
854 1805 887 1839 τῇ
901 1813 955 1831 πα-

167 1843 267 1878 ραϐολῇ
282 1843 309 1870 δὲ
323 1844 374 1878 τῆς
398 1845 444 1871 ἐπὶ
468 1847 518 1881 τῆς
533 1847 637 1882 πέτρας
662 1847 900 1884 τεθεμελιωμένης
914 1851 954 1876 ol-

166 1887 244 1919 κίας·
264 1897 274 1913 t
291 1889 345 1916 Καὶ
366 1889 480 1925 κατέϐη,
496 1890 621 1926 φησὶν,ή
642 1891 736 1928 βροχὴ,
759 1894 807 1920 καὶ¹
829 1891 911 1929 ἦλθον
930 1895 955 1921 οι

167 1933 294 1967 ποταμοὶ,
309 1933 357 1960 καὶ
371 1934 504 1962 ἔπνευσαν
517 1937 541 1962 οἱ
558 1936 664 1971 ἄνεμοι,
681 1947 690 1963 ι
705 1938 769 1970 τοὺς
784 1940 955 1975 πειρασμοὺς

165 1977 210 2005 διὰ
235 1979 338 2006 τούτων
366 1980 464 2014 δηλῶν.
480 1982 516 2008 Τὸ
526 1982 566 2015 δὲ,
588 1982 717 2016 ἐποίησά
743 1992 802 2012 σου
815 1985 955 2022 ἄλλαγμα

165 2023 328 2058 Αἴγυπτον,
347 2025 423 2060 δηλοῖ
435 2025 472 2058 ὡς
484 2027 545 2053 ἀντὶ
559 2028 608 2062 τῆς
627 2028 742 2064 ἐκϐολῆς
755 2032 956 2066 περιεποιησά-

168 2077 221 2103 μην
237 2069 271 2096 τὰ
287 2069 361 2105 ἔθνη,
375 2067 413 2097 ὧν
423 2071 520 2107 πρώην
538 2073 722 2106 ἀσεϐούντων,
744 2075 824 2109 μόνος
846 2076 955 2111 Ἰσραὴλ

166 2114 266 2149 κλῆρος
293 2115 398 2151 ὑπῆρχε
428 2117 507 2145 Θεοῦ.
538 2118 596 2145 Νῦν
622 2119 651 2146 δὲ
674 2120 878 2156 μετέστραπται
901 2122 955 2150 τῶν

166 2161 368 2197 πραγμάτωνὴ
388 2162 474 2194 τάξις,
492 2162 536 2189 ὅτε
553 2163 599 2190 τὸν
618 2164 766 2200 Λυτρωτὴν
791 2165 955 2194 ἀπέκτειναν

173 2208 303 2235 Ἰουδαῖοι.
324 2207 446 2240 Δοξάσω
459 2208 487 2235 δέ
506 2217 553 2241 σε,
570 2210 646 2244 φησὶ,
675 2209 744 2245 μετὰ
767 2211 846 2238 τοῦτο
868 2212 953 2246 τιμή-

166 2260 234 2285 σας.
261 2237 435 2288 κληθήσεται
457 2254 511 2289 γὰρ
537 2237 584 2280 ,ἐαὶ
600 2237 682 2287 αὐτὸς
695 2256 764 2290 μετὰ
775 2237 954 2292 ντῆνειέὲὲᾶν
971 2237 991 2264 D

166 2300 221 2326 τῶν
247 2299 343 2331 ἐθνῶν,
367 2299 448 2334 ἡνίκα
472 2299 558 2326 ποιῶν
584 2301 655 2336 ὑπὲρ
675 2301 734 2333 σοῦ,
747 2303 882 2336 πολλούς
904 2311 955 2332 σοι

167 2344 253 2371 δώσω
262 2345 438 2377 διδασκάλους
452 2345 498 2372 καὶ
513 2346 661 2381 ἄρχοντας
672 2347 748 2382 ὑπὲρ
763 2349 819 2383 τῆς
835 2349 895 2385 σῆς
910 2350 955 2377 λέ-

167 2399 264 2424 γοντας
280 2390 425 2426 κεφαλῆς.
442 2392 563 2426 Κεφαλὴ
574 2392 602 2419 δὲ
614 2393 667 2420 τῶν
679 2394 782 2421 πιστῶν
796 2395 810 2421 ό
825 2390 960 2430 Χριστός,ε

167 2436 235 2471 ὅπερ
246 2437 315 2471 ὑπὲρ
335 2436 394 2470 σοῦ,
414 2437 460 2464 καὶ
476 2438 525 2473 τῆς
536 2438 585 2473 σῆς
597 2438 732 2474 ὡφελείας
744 2441 897 2476 γενήσεται.
913 2442 953 2478 Τῇ

167 2481 195 2508 δὲ
209 2482 264 2510 τῶν
293 2483 428 2510 Ἰουδαίων
459 2484 627 2519 ὑπισχνεῖται
653 2485 802 2522 Συναγωγῇ
830 2487 954 2520 συνάξειν

168 2528 252 2562 αὐτῆς
267 2529 302 2556 τὰ
315 2528 414 2556 τέκνα.
433 2529 521 2556 Σῶσαι
538 2529 592 2566 γὰρ
606 2530 641 2557 τὰ
652 2530 811 2559 ἀπολωλότα
829 2533 955 2568 πρόϐατα

167 2573 248 2610 ἦλθεν
267 2574 384 2610 Ἰσραήλ.
401 2575 456 2602 Καὶ
470 2576 504 2601 τὰ
519 2576 657 2611 πανταχοῦ
680 2577 866 2613 διεσπαρμένα
882 2579 954 2616 λόγῳ

167 2621 346 2656 δημιουργίας
365 2621 457 2648 τέκνα
472 2621 557 2654 Θεοῦ,
584 2622 647 2654 τοὺς
670 2621 699 2655 ἐξ
717 2623 802 2651 ἐθνῶν
819 2624 953 2660 δηλονότι,

167 2664 214 2696 οὒς
228 2665 369 2697 πλανήσας
383 2665 522 2701 ἀπέστησε
532 2666 601 2693 Θεοῦ
610 2667 790 2700 διασκεδάσας
798 2670 811 2695 ό
821 2670 952 2702 Σατανᾶς.

168 2711 213 2737 Διὸ
228 2711 350 2742 εἰπόντος
365 2711 487 2746 Καῖάφα,
511 2721 520 2737 ι
537 2711 674 2748 Συμφέρει
688 2713 731 2740 ἵνα
748 2712 788 2746 εἷς
810 2715 956 2752 ἄνθρωπος

168 2757 292 2794 ἀποθάνῃ
310 2758 380 2795 ὑπὲρ
393 2757 440 2784 τοῦ
457 2757 534 2791 λαοῦ,
553 2767 562 2783 t
577 2759 660 2794 φησὶν
677 2760 904 2798 όεύαγγελιστὴς,
918 2763 956 2794 ὡς

206 2815 226 2830 ¹⁷
243 2815 298 2851 ιδῃ.
313 2823 394 2844 ηπ.
413 2815 439 2842 4.
478 2816 499 2831 ¹¹¹
518 2815 590 2844 Psal.
611 2818 721 2851 xcv/,8.

169 2857 221 2882 vn,
238 2849 282 2877 27.
321 2850 343 2866 "
359 2851 457 2886 Ephcs.
475 2859 502 2883 ν.
519 2851 566 2878 25.

1005 1621 1066 1641 nem
1083 1613 1180 1645 simus,
1209 1620 1291 1648 quam
1323 1616 1470 1647 peccantes
1497 1611 1575 1646 prius
1602 1611 1790 1643 habebamus,

1004 1658 1182 1695 quantumvis
1197 1657 1282 1694 m
1294 1665 1310 1684 a
1324 1658 1380 1685 Deo
1402 1660 1500 1684 natura
1515 1663 1653 1683 essemus.
1670 1655 1723 1683 Sed
1740 1663 1791 1684 nos

1005 1712 1115 1733 rursum
1128 1704 1187 1740 ipse
1201 1704 1254 1733 sibi
1268 1703 1448 1733 conciliavit:
1464 1710 1526 1730 cum
1544 1702 1690 1737 quibusvis
1701 1705 1793 1730 tenta-

1005 1751 1123 1779 tionibus
1133 1749 1357 1785 inexpugnabiles
1365 1748 1495 1777 reddidit.
1504 1747 1632 1775 Flumina
1643 1747 1790 1783 siquidem,

1004 1801 1031 1824 et
1050 1800 1167 1831 aqua,ct
1181 1795 1266 1830 ignes,
1286 1794 1378 1822 varios
1401 1794 1581 1822 tentationum
1608 1794 1728 1822 insultus
1744 1793 1792 1821 de-

1005 1843 1125 1877 signant.
1144 1840 1281 1868 Scribitur
1295 1841 1367 1868 enim
1383 1849 1390 1867 :
1409 1849 1418 1866 ι
1442 1839 1544 1868 Omnes
1572 1840 1617 1876 qui
1639 1840 1683 1875 pie
1697 1841 1793 1868 volunt

1005 1890 1033 1917 in
1040 1889 1106 1918 Jesu
1116 1889 1227 1917 Christo
1242 1888 1332 1916 vivere
1339 1888 1559 1923 persecutionem
1574 1888 1714 1923 patientur
1724 1889 1757 1915 “.
1775 1899 1784 1915 ι

1004 1935 1109 1963 Christi
1128 1935 1227 1962 deinde
1239 1934 1272 1961 ad
1287 1934 1371 1968 ipsos,
1387 1933 1434 1968 qui
1451 1933 1532 1960 [idem
1552 1933 1671 1968 amplexi
1689 1939 1791 1966 essent,

1005 1981 1090 2010 verba
1103 1988 1159 2008 non
1174 1980 1286 2011 desunt,
1300 1980 1401 2015 quibus
1417 1987 1465 2007 eos
1487 1979 1512 2006 in
1535 1979 1587 2006 hoc
1601 1980 1703 2007 saeculo
1723 1980 1792 2008 ami-

1005 2027 1108 2063 gendos
1122 2035 1183 2055 esse
1202 2026 1326 2059 monuit;
1345 2027 1372 2052 in
1392 2033 1423 2053 ea
1439 2031 1570 2061 praeterea
1590 2025 1689 2054 domus
1713 2034 1793 2061 para-

1005 2074 1079 2106 bola,
1097 2073 1175 2108 cujus
1195 2072 1268 2106 jacta
1293 2079 1375 2108 super
1402 2077 1506 2107 petram
1537 2072 1717 2100 fundamenta
1731 2073 1792 2100 fue-

1005 2123 1068 2146 rant
1085 2128 1092 2146 :
1108 2128 1118 2146 ‹
1136 2119 1169 2146 Et
1189 2118 1341 2151 descendit,
1367 2117 1465 2153 inquit,
1492 2118 1589 2151 imber,
1606 2122 1634 2145 et
1656 2123 1794 2146 venerunt

1005 2165 1089 2199 ﬂuvii,
1101 2168 1128 2192 et
1142 2164 1276 2192 ﬂaverunt
1294 2164 1367 2192 venti
1386 2165 1427 2197 ";
1445 2173 1455 2190 )
1487 2163 1588 2198 quibus
1613 2163 1680 2191 nihil
1705 2164 1791 2198 aliud,

1006 2219 1088 2246 quam
1110 2210 1276 2238 tentationes
1299 2210 1473 2245 signiﬁcavit.
1491 2211 1527 2236 At
1541 2210 1616 2244 quod
1640 2216 1792 2238 commuta-

1007 2258 1102 2285 tionem
1116 2262 1190 2284 tuam
1204 2256 1255 2291 feci
1268 2256 1426 2292 Egi/ptum,
1447 2256 1495 2286 ait,
1509 2260 1603 2291 gentes
1618 2263 1648 2283 se
1665 2257 1692 2284 in
1711 2264 1793 2291 repu-

1007 2304 1144 2332 diatorum
1161 2303 1252 2330 locum
1280 2303 1332 2329 sibi
1361 2302 1508 2337 adoptasse
1531 2303 1661 2336 ostendit,
1691 2304 1791 2339 quibus

1007 2350 1089 2385 impie
1108 2349 1270 2385 degentibus
1292 2352 1382 2382 antea,
1411 2349 1487 2377 solus
1511 2349 1558 2377 Dei
1585 2357 1646 2378 sors
1665 2355 1793 2378 evaserat

1007 2396 1101 2423 lsrael.
1118 2395 1197 2423 Nunc
1217 2399 1306 2423 autem
1320 2403 1410 2422 rerum
1429 2400 1470 2423 est
1487 2395 1556 2423 ordo
1570 2396 1742 2428 immutatus.
1759 2404 1792 2424 ex

1008 2449 1062 2475 quo
1077 2439 1286 2475 Redemptorem
1304 2439 1390 2468 Judati
1410 2441 1490 2468 morti
1505 2441 1614 2469 tradere
1633 2443 1692 2469 ausi
1717 2446 1791 2470 sunt.

1008 2489 1042 2514 At
1056 2487 1211 2521 glori/icabo
1224 2491 1259 2519 te,
1276 2486 1375 2521 inquit,
1390 2486 1490 2514 honore
1504 2492 1599 2522 postea
1609 2494 1790 2521 prosequens.

1008 2533 1158 2561 Vocabitur
1176 2532 1250 2561 enim
1273 2535 1301 2559 et
1322 2532 1377 2564 ille,
1403 2537 1548 2567 postquam
1572 2531 1683 2559 fuerunt
1697 2536 1793 2567 gentes

1007 2579 1147 2613 ingressae,
1171 2577 1281 2612 quando
1299 2583 1410 2613 propter
1432 2581 1459 2605 te
1473 2578 1609 2605 excitatos
1624 2577 1723 2604 mullos
1745 2577 1794 2604 tibi

1007 2625 1076 2652 dabo
1092 2624 1219 2652 doctores
1235 2630 1262 2652 et
1276 2624 1418 2658 principes,
1434 2624 1481 2658 qui
1496 2631 1544 2658 pro
1554 2629 1598 2651 tuo
1610 2624 1696 2658 capite
1708 2623 1790 2651 verba

1008 2670 1120 2697 faciant.
1141 2670 1187 2697 list
1209 2677 1274 2697 vero
1289 2669 1461 2697 credentium
1485 2672 1564 2702 caput
1594 2667 1723 2695 Christus
1749 2667 1791 2698 ".

1008 2716 1055 2751 qui
1070 2723 1120 2750 pro
1134 2719 1175 2748 te,
1192 2715 1219 2742 id
1234 2715 1313 2742 estin
1328 2720 1402 2741 tuam
1417 2721 1473 2740 rem
1488 2718 1619 2748 tuamque
1645 2713 1792 2740 utilitatem

1009 2761 1101 2789 omnia
1119 2760 1241 2788 facturus
1268 2763 1320 2788 est.
1339 2759 1454 2786 Videtur
1478 2762 1569 2786 autem
1597 2757 1719 2793 polliceri
1745 2756 1794 2784 Ju-

770 2819 791 2835 ¹⁹
808 2819 908 2855 Ιίρίιοε.
928 2828 952 2854 1,

1003 2829 1015 2848 ι.
1054 2820 1075 2836 ²⁰
1089 2818 1189 2847 Jercm.
1208 2827 1233 2851 ι,
1255 2819 1296 2846 i-t.
1335 2819 1355 2834 "
1376 2817 1398 2844 Il
1414 2816 1485 2844 Tim.
1504 2815 1610 2849 "1,12.
1652 2817 1673 2831 "
1694 2815 1790 2843 Matth.
