2002 3078
205 115 273 146 2387

871 123 1047 158 PROCOPII
1066 128 1188 160 GAZJEI

1766 131 1840 163 2383

202 173 324 223 deorum
336 172 501 223 ‘Synagogre,
513 175 573 212 ejus
586 184 616 206 se
626 177 697 213 ﬁlios
715 185 778 206 esse
791 178 989 209 collecturum.

1044 185 1189 221 ἀρχιερεὺς
1208 185 1246 212 ὣν
1260 187 1479 222 προεφήτευσεν,
1505 187 1547 215 ὅτι
1572 187 1692 223 ἤμελλεν
1716 188 1837 221 Ἰησοῦς

203 217 283 247 Venit
298 219 372 247 enim
389 226 419 249 ut
432 221 590 257 deperditas
605 231 671 252 oves
686 224 797 253 lsraelis
809 225 942 254 salutaret
953 227 988 259 ",

200 270 228 292 et
243 273 291 294 eas
309 267 403 300 etiam,
420 276 481 303 quae
497 269 597 304 ubique
612 270 754 306 dispersae.
777 272 926 300 creationis
943 281 989 300 ra-

201 311 275 340 tione
290 313 344 347 [itii
361 313 409 341 Dei
419 314 584 342 dicebantur
599 316 621 332 "
632 336 640 349 ,
655 316 681 344 id
697 321 739 344 est
753 322 860 353 gentes,
874 326 943 354 quas
962 319 990 347 in

199 365 322 385 errorem
341 358 457 388 Satanas
476 360 610 389 inducens
623 369 638 388 a
658 362 714 390 Deo
731 369 874 392 avocarat.
897 365 988 400 Atque

200 403 266 431 hinc
281 408 334 437 est,
349 406 433 440 quod,
448 414 511 434 cum
534 408 650 436 dixisset
671 408 802 444 Caiphas,
828 409 919 438 Unum
935 411 988 439 ho-

200 449 301 477 minem
318 458 367 485 pro
383 452 484 487 populo
504 455 574 481 mori
591 455 763 488 conducere},
787 455 878 483 statim
897 456 991 492 subje-

200 495 238 523 cit
249 497 427 531 evangelista,
441 506 474 527 eo
496 499 567 535 ipso,
589 500 663 535 quod
679 508 805 529 summus
824 506 900 530 esset
922 510 991 538 pon-

198 541 277 575 til'ex,
295 542 386 570 Jesum
413 552 463 580 pro
496 550 575 581 gente
602 547 768 574 moriturum
796 547 989 583 prophetasse.

198 586 292 622 Neque
305 589 394 616 solum
408 597 458 625 pro
471 596 562 626 gente.
577 592 624 620 sed
643 596 673 620 ut
686 593 758 628 ﬁlios
776 593 838 628 Dei,
852 594 899 630 qui
909 600 990 623 erant

198 633 328 668 dispersi,
354 642 524 672 congregaret
551 637 578 665 in
606 647 703 666 unum.
728 639 809 668 Dicas
837 645 865 669 et
892 646 989 677 gentes

198 687 259 707 esse
269 679 453 709 lsraelitarum
473 682 554 717 lilios,
577 691 593 711 a
608 685 710 720 quibus
732 685 796 714 ﬁdei
811 686 987 721 disciplinam

198 734 379 762 acceperunt;
405 730 449 765 qui
470 731 571 766 ubique
593 736 730 760 terrarum
754 733 872 769 dispersi
897 738 988 766 antea,

1041 231 1223 267 ἀποθνήσκειν
1240 233 1310 269 ὑπὲρ
1326 233 1373 260 τοῦ
1400 233 1504 266 ἔθνους.
1530 234 1587 261 Kal.
1615 235 1664 269 οὐχ
1692 234 1762 270 ὑπὲρ
1788 235 1840 261 τοῦ

1041 276 1135 310 ἔθνους
1155 279 1245 314 μόνον,
1257 279 1314 306 ἀλλ’
1338 280 1382 307 ἳνα
1398 281 1446 307 καὶ
1471 280 1508 308 τὰ
1530 281 1623 308 τέκνα
1642 281 1698 308 τοῦ
1716 280 1790 307 Θεοῦ
1802 282 1841 306 τὰ

1040 323 1271 361 διεσκορπισμένα
1285 326 1445 361 συναγάγῃ
1462 327 1503 358 είς
1519 326 1560 354 ἓν.
1585 327 1681 358 Εἵποις
1695 326 1718 353 δ’
1734 325 1767 353 ἂν
1790 326 1841 352 καὶ

1041 371 1103 402 τοὺς
1116 371 1144 404 ἐξ
1161 371 1247 398 ἐθνῶν
1261 372 1346 399 τέκνα
1356 371 1491 399 εἶναιτῶν
1505 373 1535 405 ὲξ
1556 372 1677 408 Ἰσραὴλ,
1691 372 1721 405 ἐξ
1736 369 1773 399 ὧν
1786 373 1838 407 τῆς

1041 416 1160 449 πξστεως
1173 419 1326 453 παρέλαϐον
1338 419 1372 446 τὰ
1388 419 1546 455 μαθήματα,
1564 418 1704 455 πανταχοῦ
1717 419 1771 445 τῶν
1785 419 1839 453 τῆς

1040 463 1205 498 οἰκουμένης
1223 464 1418 500 διεσπαρμένοι
1432 465 1585 499 κλιμάτων,
1614 465 1662 491 καὶ
1688 465 1756 499 πρὸς
1772 465 1839 499 μίαν

1047 510 1211 544 Ἐκκλησίαν
1227 511 1408 546 συναχθέντες
1424 510 1583 546 καθολικὴν,
1598 510 1753 541 κωλύοντος
1769 509 1840 536 Θεοῦ

1039 556 1089 589 τὴν
1098 555 1151 582 τῶν
1162 556 1267 591 ἀγρίων
1281 557 1329 583 καὶ
1343 556 1473 591 πονηρῶν
1491 556 1656 591 πνευμάτων
1666 556 1839 586 ἀντίστασιν.

1039 599 1063 625 oi.
1075 600 1139 635 πρὶν
1150 600 1347 635 τυραννοῦντες
1362 601 1504 628 ἀνανεύειν
1523 602 1562 632 είς
1576 601 1643 627 Θεὸν
1658 601 1708 627 οὐκ
1724 601 1840 634 ἐπέτρε-

1042 653 1103 673 πον.
1125 646 1213 678 Υἰοὺς
1229 646 1257 673 δὲ
1272 647 1323 674 καὶ
1342 647 1509 682 θυγατέρας
1525 647 1626 679 καλῶν,
1642 647 1692 682 τὴν
1708 646 1751 673 διὰ
1770 646 1841 682 Χρι-

1044 690 1108 717 στοῦ
1124 691 1179 718 τῶν
1200 693 1304 719 πιστῶν
1326 693 1465 720 υἱοθεσίαν
1486 693 1672 728 παρίστησιν,
1689 688 1719 719 οὖ
1735 692 1767 728 δὴ
1791 692 1841 719 καὶ

1044 736 1180 771 τοῦνομα
1191 736 1305 771 πάντες
1315 737 1550 773 ἐπιτραφόμεθα.

198 774 225 800 in
242 782 324 802 uuam
350 777 408 811 jam
424 776 575 805 Ecclesiam
603 779 767 808 catholicam
790 789 805 808 a
830 780 887 808 Deo
912 780 1002 808 coacli
1022 785 1098 814 sunt,
1114 789 1129 809 a
1145 790 1200 818 quo
1214 785 1297 811 etiam
1315 784 1436 812 ferorum
1470 784 1665 818 malorumque
1692 783 1840 818 spirituum

198 823 325 853 conatus,
345 823 464 857 repressi
486 828 562 857 sunt,
589 832 707 860 quorum
734 826 878 862 tyrannide
913 825 996 862 485

1053 831 1134 855 antea
1152 828 1186 856 ad
1212 828 1297 857 Deum
1322 823 1391 865 erigi
1417 830 1531 857 minimc
1555 829 1682 857 dabatur.
1712 829 1750 856 Eo
1776 830 1839 864 ipso

197 864 306 899 deinde,
322 867 396 902 quod
418 868 536 903 ﬁliorum
562 875 588 897 at
610 870 731 904 ﬁliarum
762 871 896 905 meminit,
913 878 986 903 eam,
1007 878 1068 906 qua:
1083 880 1131 908 per
1148 873 1288 902 Christum
1322 864 1374 907 est,
1399 874 1518 902 lidelium
1555 874 1728 910 adoptionem
1766 876 1841 902 indi-

197 916 252 946 cat,
265 913 344 949 oujus
357 915 461 943 nomine
475 924 563 944 omnes
579 925 775 952 nuncupamur.

232 958 278 986 Ait
293 963 382 987 autem
396 960 526 995 populum
541 969 568 988 se
582 962 721 993 creavisse,
733 969 787 997 quo
798 961 879 990 modo
891 961 991 998 legitur

1080 961 1182 989 Τοῦτον
1195 961 1223 989 δὲ
1237 962 1283 989 τὸν
1297 962 1360 989 λαὸν
1385 962 1535 990 ἐκτικέναι
1562 963 1641 998 φησὶ,
1667 962 1739 989 κατὰ
1764 962 1795 989 τὸ
1809 962 1841 988 ἐν

197 1005 224 1032 in
244 1005 383 1034 Psalmis:
405 1015 414 1032 ι
434 1006 466 1033 Ει
496 1010 625 1042 populus,
651 1008 697 1043 qui
727 1013 847 1041 creatur,
872 1009 996 1036 laudabit

198 1050 343 1078 Dominum
359 1051 393 1079 ".
407 1061 416 1078 ι
437 1051 515 1085 Quod
532 1053 602 1080 idem
619 1053 700 1089 plane
719 1059 763 1082 est
776 1062 809 1082 ac
827 1054 851 1082 si
869 1055 989 1082 recreari

196 1101 223 1124 et
235 1097 272 1124 ita
287 1097 320 1125 ad
340 1098 487 1133 imaginem
501 1099 548 1127 Dei
568 1101 690 1127 revocari
708 1100 836 1133 dixisset,
853 1105 883 1128 ut
908 1102 995 1129 veteri

195 1143 308 1171 homine
322 1143 447 1179 deposito
467 1153 555 1173 novus
569 1147 678 1175 evadat.
690 1146 738 1175 Est
752 1147 825 1175 enim
841 1148 868 1176 in
883 1147 995 1176 Christo

196 1195 266 1215 nova
282 1189 405 1224 quaedam
422 1191 526 1219 creatio
538 1191 617 1226 juxta
641 1192 707 1220 illud
726 1201 732 1220 :
754 1202 765 1219 ο
781 1193 872 1221 Nolite
884 1194 995 1222 conlur-

196 1235 267 1261 mari
288 1235 352 1262 huic
377 1236 488 1270 saaculo,
522 1237 571 1265 sed
601 1237 791 1266 reformamini
816 1239 845 1267 in
874 1240 994 1268 novitate

196 1287 297 1309 sensus
318 1283 408 1320 ‘vcstri
423 1283 456 1309 ³⁷.
477 1291 486 1309 ›
503 1283 581 1317 Quod
602 1289 678 1313 Certe
705 1293 755 1312 sua
779 1293 810 1314 se
822 1285 878 1320 jam
907 1286 995 1322 gloria

196 1327 358 1361 pnestitisse
373 1328 519 1364 signiﬁcat.
533 1329 580 1358 Est
598 1338 664 1358 vero
678 1330 768 1358 Patris
780 1331 867 1367 gloria
892 1331 993 1364 Filius,

197 1381 244 1408 per
259 1382 340 1408 quem
355 1375 496 1407 nimirum.
514 1380 542 1404 et
560 1377 587 1404 in
599 1384 655 1412 quo
674 1377 762 1413 gloria
778 1378 902 1412 aﬁicitur,
929 1386 992 1406 cum

196 1419 265 1447 dixit
283 1429 289 1447 :
316 1429 326 1446 ‹
340 1420 398 1456 Ego
415 1421 565 1457 gloriﬁcavi
584 1423 649 1450 tein
667 1428 740 1451 terra
756 1423 790 1452 ".
811 1433 820 1450 ι
836 1424 888 1451 Per
912 1432 992 1459 quem

195 1467 320 1500 populant
336 1475 435 1494 ciccum
453 1467 482 1495 in
498 1468 587 1496 lucem
610 1469 700 1496 eduxi.
718 1469 767 1497 Est
778 1469 851 1496 enim
878 1469 994 1504 iustitiae

197 1511 255 1545 Sol,
267 1521 356 1548 neque
367 1521 432 1541 suos
446 1514 550 1549 patitur
565 1515 653 1543 noctis
671 1519 698 1543 et
720 1515 894 1543 tenebrarum
911 1515 991 1548 ﬁlios,

195 1556 244 1584 sed
257 1556 337 1590 lucis,
353 1557 442 1592 inquit
455 1557 605 1593 Apostolus
616 1559 650 1592 ",
671 1560 815 1588 exsistere.
832 1560 910 1592 Quod
941 1568 992 1588 au-

197 1607 250 1629 Irm
267 1604 419 1638 congregati
435 1609 496 1631 sunt
511 1603 581 1632 dixit
604 1605 669 1640 quia
687 1605 809 1633 nondqu
837 1605 905 1633 illud
925 1613 993 1633 con-

1047 1008 1189 1043 Ψαλμοῖς·
1205 1017 1214 1034 ι
1231 1009 1287 1035 Kal.
1301 1008 1365 1041 λαὸς
1381 1010 1395 1035 ὁ
1410 1008 1570 1043 κτιζόμενος
1592 1008 1695 1035 αἰνέσει
1717 1007 1764 1034 τδν
1779 1008 1839 1034 Κύ-

1048 1062 1115 1090 ριον.
1133 1063 1143 1080 ›
1163 1054 1242 1081 Τοῦτ’
1255 1054 1330 1081 ἔστιν
1347 1054 1571 1089 ἀνακτιζόμενος,
1588 1055 1638 1081 καὶ
1652 1055 1721 1091 πρὸς
1733 1055 1764 1081 τὺ
1778 1057 1841 1082 κατ’

1047 1099 1141 1127 εἰκόνα
1157 1099 1241 1127 πάλιν
1268 1099 1437 1134 επανελθὼν,
1464 1100 1557 1132 καινὸς
1573 1093 1704 1135 γεγονὼς,
1720 1100 1768 1128 καὶ
1791 1101 1840 1127 τὸν

1046 1144 1162 1172 παλαιὸν
1178 1144 1403 1180 ἀπεκδυσάμενος
1429 1145 1581 1181 ἄνθρωπον.
1610 1145 1686 1178 Εῖτις
1708 1149 1721 1163 °
1737 1146 1790 1181 γὰρ
1808 1147 1839 1173 ὲν

1045 1191 1158 1227 Χριστῷ
1176 1191 1257 1227 καινὴ
1272 1191 1371 1224 κτίσις,
1392 1192 1465 1218 κατὰ
1476 1192 1521 1224 τὸ.
1544 1201 1554 1218 ι
1574 1192 1621 1227 Μὴ
1637 1191 1840 1228 συσχηματίζε-

1047 1237 1094 1264 σθε
1105 1237 1145 1274 τῷ
1154 1237 1234 1265 αίῶνι
1246 1238 1344 1272 τούτῳ,
1358 1237 1427 1265 ἀλλὰ
1443 1237 1670 1273 μεταμορφοῦσθε
1681 1239 1714 1273 τῇ
1726 1239 1839 1265 ἀνακαι-

1045 1283 1126 1311 νώσει
1141 1283 1187 1310 τοῦ
1210 1283 1271 1316 νοὸς
1289 1284 1379 1319 ὑμῶν.
1399 1293 1408 1310 ι
1429 1284 1461 1310 Ὃ
1478 1284 1511 1318 δὴ
1528 1283 1577 1311 νῦν
1601 1283 1782 1318 πεποιηκέναι
1803 1285 1837 1319 τῇ

1047 1329 1100 1365 ίδίᾳ
1114 1329 1190 1364 δόξῃ
1199 1330 1282 1364 φησί’
1299 1329 1374 1361 δόξα
1385 1329 1413 1356 δὲ
1423 1329 1548 1364 Πατέρος
1560 1330 1577 1355 ό
1592 1329 1669 1362 Υιὸς,
1686 1328 1721 1355 δι’
1735 1326 1776 1360 οὗ,
1790 1329 1839 1355 καὶ

1045 1375 1074 1402 ἑν
1086 1372 1108 1410 ᾧ
1121 1375 1276 1407 δοξάζεται
1289 1375 1396 1410 λέγοντι
1407 1383 1414 1391 ·
1436 1384 1446 1401 ι
1467 1375 1538 1409 Ἐγὼ
1553 1375 1668 1408 ὲδόξασά
1683 1383 1714 1401 σε
1727 1375 1775 1402 ἐπὶ
1787 1375 1838 1408 τῆς

1044 1420 1108 1455 γῆς.
1129 1429 1139 1446 ι
1156 1421 1195 1448 Δι’
1210 1417 1241 1448 οὗ
1255 1421 1334 1448 λαὸν
1353 1421 1472 1455 τυφλὸν
1486 1420 1616 1456 ἐξήγαγε
1629 1421 1698 1456 πρὸς
1716 1420 1747 1447 τὺ
1768 1421 1835 1455 φῶς.

1047 1467 1141 1498 Ἤλιος
1154 1466 1208 1502 γὰρ
1229 1464 1264 1502 ἦν
1286 1466 1460 1502 δικαιοσύνης
1487 1467 1525 1502 μὴ
1546 1468 1728 1502 συγχωρήσας
1740 1467 1838 1498 νυκτὺς

1045 1513 1091 1540 καὶ
1106 1513 1220 1545 σκότους
1234 1512 1368 1548 ὑπάρχειν
1379 1513 1464 1545 υἱοὺς,
1479 1514 1586 1549 ἡμέρας
1600 1513 1629 1540 δὲ
1644 1513 1754 1548 μᾶλλον,
1767 1514 1838 1540 κατέι

1043 1559 1090 1585 τὸν
1122 1558 1194 1586 θεῖον
1229 1559 1400 1586 Ἀπόστολον.
1435 1559 1530 1586 Εἰπὼν
1560 1559 1589 1586 δὲ
1613 1559 1837 1593 συνήχθησαν,

1044 1605 1139 1641 ἐπειδὴ
1154 1605 1238 1640 μήπω
1256 1604 1337 1632 τοῦτο
1353 1605 1461 1640 γεγόνει
1476 1610 1501 1638 P,
1518 1605 1699 1641 προφητικῶς
1710 1605 1838 1640 είρῆσθαι

195 1648 266 1683 tigit,
287 1637 447 1684 prophetico
468 1657 544 1678 more
556 1637 665 1682 extulit.
690 1654 720 1678 ut
749 1655 936 1686 congregatum
955 1651 991 1677 iri

1043 1637 1172 1686 δήλωντὺ
1185 1637 1211 1684 λι,
1222 1651 1278 1678 Καὶ
1294 1637 1555 1685 συναχθήσονται,
1575 1637 1621 1683 έοξ
1636 1637 1772 1685 γεγονόταί
1783 1650 1838 1686 γὰρ

195 1695 376 1722 demonstret.
391 1695 428 1723 De
445 1696 545 1724 luturis
568 1698 653 1730 enim,
669 1701 801 1732 tauquam
833 1698 989 1733 praeteritis.

196 1741 299 1769 usitate
312 1741 455 1776 Scriptura
467 1741 608 1777 loquitur;
626 1743 707 1778 cujus
725 1744 832 1778 generis
847 1748 890 1771 est
902 1744 969 1771 illud
983 1766 990 1783 ε

198 1799 207 1814 ι
223 1788 338 1816 Dorsum
354 1796 445 1817 meum
463 1789 566 1824 praebui
584 1790 612 1817 in
642 1789 747 1826 ﬂagella
764 1790 796 1817 ³ο.
817 1799 826 1816 ι
845 1789 878 1817 Ει
903 1791 968 1819 illud
984 1801 990 1818 :

198 1846 207 1860 ι
227 1835 322 1863 Partiti
343 1839 409 1863 sunt
419 1835 471 1863 sibi
484 1836 646 1863 vestimenta
662 1836 761 1864 mea“.
777 1847 786 1863 ι
797 1836 914 1864 Futuro:
941 1845 991 1865 au-

194 1887 249 1910 tem
268 1887 296 1910 et
309 1883 437 1918 gentibus
453 1883 481 1910 in
501 1882 623 1911 Ecclesia
643 1884 774 1918 principes
789 1883 890 1918 innuit,
911 1885 990 1920 juxta

195 1929 262 1956 illud
276 1929 385 1957 Davidis
402 1938 409 1955 :
431 1939 440 1956 ι
457 1929 534 1957 Sicut
555 1931 673 1958 tenebrae
696 1931 766 1965 ejus,
783 1930 820 1958 ita
841 1935 869 1959 et
897 1931 991 1959 lumen

195 1975 255 2009 ejus
283 1976 316 2002 ⁸¹.
332 1985 341 2002 ι
367 1975 495 2003 Dealbata
515 1975 588 2003 enim
617 1979 671 2008 est,
697 1984 759 2011 quae
789 1977 866 2012 nigra
891 1976 990 2005 fuerat.

197 2020 300 2049 Deinde
319 2031 325 2047 :
342 2031 352 2047 ι
366 2020 416 2048 Ubi
431 2020 581 2048 abundavit
592 2025 746 2056 peccatum,
765 2020 803 2047 ibi
817 2021 991 2056 superabun-

195 2067 272 2094 davit
290 2069 317 2094 et
332 2066 420 2102 gratia
440 2067 473 2094 ³³.
491 2076 500 2092 i
519 2065 582 2094 llaec
600 2066 684 2101 igitur
709 2066 819 2093 locutus
839 2069 882 2093 est
908 2065 991 2097 Deus.

196 2120 327 2149 tanquam
341 2113 388 2149 qui
406 2113 439 2141 de
457 2120 553 2140 eorum
573 2117 684 2145 eventu,
701 2120 763 2147 quae
782 2111 915 2147 praedicit,
949 2113 993 2139 ni-

195 2159 236 2187 hil
250 2159 371 2195 ambigat
384 2167 390 2186 :
403 2166 465 2186 cum
483 2158 620 2185 daemones
632 2157 787 2186 futurorum
802 2157 990 2193 praedictione,

195 2213 246 2234 vos
262 2206 290 2234 in
304 2204 428 2233 fraudem
446 2204 588 2232 inducant.
606 2203 655 2232 llis
665 2204 737 2231 enim
753 2204 878 2232 ethnicos
890 2206 992 2238 erudit,

1043 1697 1077 1724 τὰ
1094 1697 1205 1728 πάντως
1220 1697 1340 1729 ἐσόμενα
1351 1697 1442 1731 λέγειν
1458 1697 1575 1732 σύνηθες
1594 1699 1626 1732 τῇ
1643 1697 1752 1732 Γραφῇ.
1772 1694 1836 1723 υἶόν

1042 1743 1117 1770 ἐστι’
1137 1752 1147 1769 ‹
1167 1742 1220 1769 Τὸν
1234 1742 1319 1770 νῶτόν
1330 1751 1382 1778 μου
1395 1742 1501 1770 δέδωκα
1523 1743 1565 1775 είς
1585 1743 1733 1778 μάστιγας.
1752 1751 1762 1768 ι
1783 1742 1837 1769 Καὶ

1042 1789 1083 1822 τὸ,
1101 1798 1110 1814 ι
1130 1789 1326 1824 Διεμερίσαντο
1350 1787 1386 1814 τὰ
1415 1787 1513 1823 ίματιὰ
1539 1796 1589 1823 μου
1618 1789 1736 1818 ἑαυτοῖς.
1755 1796 1765 1812 ›
1789 1787 1838 1813 Ἐκ

1042 1836 1093 1872 τῆς
1113 1836 1142 1863 δὲ
1164 1835 1219 1862 τῶν
1233 1835 1319 1862 ἐθνῶν
1350 1834 1515 1870 Ἐκκλησίας
1531 1834 1682 1869 ἄρχοντας
1701 1834 1836 1865 ἔσεσθαι,

1044 1882 1127 1918 φησὶν
1144 1881 1189 1908 ἐπ’
1204 1880 1301 1916 αὐτῆς.
1316 1881 1395 1908 Κατὰ
1407 1882 1462 1917 γὰρ
1477 1881 1559 1908 Δαὸίδ
1571 1889 1577 1896 ·
1601 1890 1610 1907 ι
1635 1881 1679 1912 Ὦς
1692 1880 1723 1907 τδ
1743 1880 1837 1910 σκότος

1043 1928 1139 1963 αὐτῆς,
1157 1928 1228 1955 οὓτω
1241 1928 1290 1955 καὶ
1303 1928 1333 1954 τὺ
1344 1927 1402 1963 φῶς
1417 1928 1512 1963 αὐτῆς.
1531 1937 1541 1953 ι
1557 1927 1656 1962 Γέγονε
1673 1927 1727 1962 γὰρ
1748 1927 1766 1961 ἡ
1784 1926 1839 1961 μέ-

1043 1974 1122 2002 λαινα
1136 1974 1397 2010 λελευκανθισμένη.
1423 1974 1489 2006 Καὶ,
1510 1983 1519 1999 ι
1540 1971 1578 2000 Ob
1601 1973 1798 2008 ἐπερίσσευσεν
1821 1973 1837 2006 ἡ

1044 2022 1167 2058 ἁμαρτία
1179 2042 1187 2055 ,
1203 2021 1472 2056 ὑπερεπερίσσευσεν
1499 2020 1516 2055 ἡ
1528 2020 1618 2055 χάρις.
1636 2029 1646 2045 ι
1672 2018 1765 2045 Ταῦτα
1789 2017 1839 2053 μὲν

1044 2067 1090 2096 οὖν
1097 2068 1149 2103 ἔφη
1163 2067 1237 2100 Θεὸς
1250 2063 1287 2094 ὧν
1299 2065 1482 2102 προαγορεύει
1492 2066 1638 2100 γινώσκων
1650 2064 1684 2092 τὰ
1696 2063 1837 2099 μέλλοντα.

1044 2115 1107 2141 Θεοὶ
1122 2113 1152 2141 δὲ
1167 2113 1278 2149 ψευδεῖς
1292 2113 1368 2144 ὅντες
1381 2112 1546 2147 οἰξδαίμονες
1563 2111 1652 2147 μάτην
1672 2111 1744 2145 ὑμᾶς
1767 2109 1839 2144 ἡπά-

1044 2169 1099 2187 των
1114 2159 1190 2187 οὐδὲν
1213 2159 1291 2186 αὐτοὶ
1308 2158 1554 2193 προγινώσκοντες.
1579 2158 1703 2193 Κατηχεῖ
1722 2156 1778 2192 γὰρ
1794 2156 1839 2183 διὰ

1044 2205 1148 2233 τούτων
1163 2206 1226 2238 τοὺς
1241 2205 1376 2238 ὲθνικοὺς,
1388 2204 1435 2236 οὒς
1450 2205 1490 2236 είς
1504 2204 1551 2230 τὸν
1573 2203 1652 2238 λόγον
1679 2204 1837 2239 παρήγαγε,

195 2252 260 2279 dum
275 2259 323 2280 eos
333 2251 360 2278 in
372 2258 528 2279 sermonem
545 2250 679 2278 inducens
700 2250 792 2277 futura
807 2258 836 2278 se
854 2258 991 2286 praenosse

1047 2253 1191 2288 μάρτυρας
1203 2251 1291 2285 λέγων
1305 2251 1377 2286 ἔχειν
1403 2250 1449 2277 τοῦ
1467 2249 1623 2286 προειδέναι
1646 2249 1681 2276 τὰ
1708 2248 1838 2284 μέλλοντα

195 2297 393 2333 prophetarum
418 2304 530 2325 suorum
546 2297 704 2324 testimonio
726 2297 907 2325 demonstrat.
921 2297 988 2330 Quis

1043 2300 1105 2331 τοὺς
1120 2299 1201 2330 ἰδίους
1218 2298 1372 2334 προφήτας.
1386 2297 1449 2329 Τοῖς
1461 2297 1490 2323 δὲ
1505 2296 1615 2332 δαίμοσι
1634 2296 1677 2327 τίς
1689 2294 1839 2330 μαρτυρή-

196 2348 286 2372 autem
303 2344 474 2372 daemonibus
489 2344 562 2371 (eatis
580 2343 643 2376 erit,
666 2343 720 2371 tale
748 2343 851 2378 aliquid
888 2350 937 2371 eos
957 2351 989 2370 ex

1043 2354 1134 2378 σειεν,
1150 2345 1188 2376 ὠς
1202 2344 1237 2371 δι’
1250 2343 1333 2370 αὑτοῦ
1351 2348 1362 2362 ι’
1378 2352 1405 2370 τι
1421 2343 1602 2379 προειρηκόσι
1617 2342 1681 2377 περὶ
1701 2342 1752 2376 τῆς
1770 2341 1838 2376 Χρι-

195 2399 260 2419 sese
275 2391 308 2419 de
316 2390 418 2419 Christi
430 2390 560 2423 adventu,
575 2391 663 2426 deque
674 2398 723 2418 suo
739 2390 861 2425 ipsorum
878 2390 990 2417 interitu

1043 2392 1106 2420 στοῦ
1120 2390 1282 2427 παρουσίας,
1292 2390 1342 2417 καὶ
1354 2389 1403 2425 τῆς
1412 2389 1503 2416 αὐτῶν
1517 2388 1719 2423 καθαιρέσεως;
1737 2387 1839 2413 Οὐδένα

196 2437 381 2473 praedixisse?
398 2436 508 2465 Nullum
524 2437 598 2465 enim
607 2444 636 2464 se
650 2445 711 2464 vero
728 2437 888 2471 praedixisse
902 2441 991 2463 testem

1043 2439 1106 2476 γὰρ,
1121 2438 1158 2470 ὠς
1170 2436 1270 2472 ἀληθῆ
1287 2435 1477 2472 προειπόντες,
1495 2435 1585 2470 έχουσι
1594 2433 1739 2469 μάρτυρα,
1755 2432 1793 2463 ὠς
1807 2431 1839 2458 ἂν

195 2484 282 2512 uitare
308 2487 421 2519 queant,
437 2489 468 2510 ut
494 2491 524 2511 se
543 2483 589 2518 qui
620 2483 763 2510 audierunt
794 2486 991 2518 sequerentur;

1043 2485 1135 2516 αὐτοῖς
1161 2482 1334 2510 ἀκολουθοῖεν
1360 2481 1527 2513 ἀκούοντες
1551 2479 1652 2507 αὐτῶν.
1678 2478 1758 2506 Τοῦτ’
1769 2478 1837 2509 ἐστι,

197 2531 223 2559 id
240 2533 294 2562 est,
314 2533 344 2557 ut
373 2530 527 2563 laudarent,
540 2533 568 2557 et
594 2529 835 2565 amplecterentur,
862 2532 991 2563 tanquam

1051 2529 1241 2561 συναινοῦντές
1249 2537 1279 2555 τε
1291 2528 1338 2555 καὶ
1353 2527 1520 2562 πειθόμενοι,
1530 2526 1569 2558 ὡς
1582 2525 1717 2560 ἐγνωκόσι
1730 2524 1765 2551 τὰ
1776 2523 1839 2559 μέλ-

198 2574 356 2603 1”ιιιιπονιιιη
383 2576 522 2611 prmscios,
549 2574 634 2611 486
656 2574 786 2610 justeque
808 2575 836 2602 in
854 2575 943 2609 pretio
969 2578 991 2601 cl

1050 2577 1140 2609 λοντα,
1153 2576 1200 2603 καὶ
1216 2574 1385 2611 τιμωμένοις
1395 2573 1521 2605 δικαίως.

198 2622 303 2650 honore
317 2622 434 2650 habitos.

235 2680 258 2696 "
277 2679 374 2706 Matth.
391 2688 436 2712 XV,
456 2679 501 2707 24.
541 2679 564 2695 ¹⁵
583 2677 664 2705 Joan.
677 2685 720 2710 XI,
736 2677 780 2704 5‘2.
820 2678 842 2694 “
854 2677 928 2705 Psal.
942 2685 979 2710 CI,
994 2678 1034 2705 l9.
1083 2678 1106 2693 ¹⁷
1119 2677 1196 2704 Rom.
1212 2686 1261 2706 xu.
1273 2676 1306 2712 7‘2.
1347 2675 1369 2692 "
1384 2674 1464 2712 Joan.
1483 2683 1547 2707 xm,
1575 2675 1602 2703 l.

198 2713 226 2743 ἓ.
265 2715 287 2731 ³ο
303 2714 376 2742 l'sal.
389 2710 493 2748 xxxvu,
509 2714 550 2742 18.
589 2714 609 2729 ⁸¹
628 2713 700 2741 Psal.
714 2721 770 2746 χιιι,
788 2713 832 2740 19.
870 2713 895 2729 ³⁸
913 2712 986 2741 Psal.

1043 2721 1134 2745 txvm,
1152 2713 1197 2740 ιε.
1236 2713 1259 2729 ³³
1273 2711 1351 2739 Rom.
1375 2719 1400 2743 ν,
1416 2710 1462 2738 20.

853 2783 971 2811 νΜιιιιΕ
987 2782 1193 2811 LECTIONES.

235 2849 251 2874 ιι
268 2854 312 2882 γρ.
332 2845 389 2873 εστι
403 2853 455 2878 τις.
495 2848 506 2863 °
525 2853 570 2881 γρ.
591 2843 695 2879 γέγονε.
733 2849 747 2870 (ι
768 2842 898 2879 γρ.δηλοῖ
912 2841 952 2870 τό.
991 2847 1002 2863 ι
1016 2851 1059 2878 γρ.
1073 2841 1105 2869 δι’
1117 2840 1217 2869 αὐτῶν.

1654 2674 1676 2689 ’³
1695 2672 1795 2708 Ephes.
1811 2678 1836 2704 ν,
