  <div class='ocr_page' id='page_1' title='image "/cluster/home/n/w/nwhite01/storage/ocr_20150623/87, pt.2/njp.32101010943809/452.png"; bbox 0 0 2002 3078; ppageno 0'>
   <div class='ocr_carea' id='block_1_1' title="bbox 184 159 256 192">
    <p class='ocr_par' dir='ltr' id='par_1_1' title="bbox 184 159 256 192">
     <span class='ocr_line' id='line_1_1' title="bbox 184 159 256 192; baseline -0.028 0"><span class='ocrx_word' id='word_1_1' title='bbox 184 159 256 192; x_wconf 84' lang='lat'><strong>2389</strong></span> 
     </span>
    </p>
   </div>
   <div class='ocr_carea' id='block_1_2' title="bbox 747 160 1260 192">
    <p class='ocr_par' dir='ltr' id='par_1_2' title="bbox 747 160 1260 192">
     <span class='ocr_line' id='line_1_2' title="bbox 747 160 1260 192; baseline 0.002 -2"><span class='ocrx_word' id='word_1_2' title='bbox 747 160 1013 192; x_wconf 67' lang='lat' dir='ltr'><strong>COMMENTARII</strong></span> <span class='ocrx_word' id='word_1_3' title='bbox 1044 161 1084 191; x_wconf 70' lang='grc' dir='ltr'><strong>ΙΝ</strong></span> <span class='ocrx_word' id='word_1_4' title='bbox 1115 161 1260 191; x_wconf 79' lang='lat' dir='ltr'><strong>ISAIAM.</strong></span> 
     </span>
    </p>
   </div>
   <div class='ocr_carea' id='block_1_3' title="bbox 1743 157 1819 189">
    <p class='ocr_par' dir='ltr' id='par_1_3' title="bbox 1743 157 1819 189">
     <span class='ocr_line' id='line_1_3' title="bbox 1743 157 1819 189; baseline 0 0"><span class='ocrx_word' id='word_1_5' title='bbox 1743 157 1819 189; x_wconf 74' lang='lat'><strong>2390</strong></span> 
     </span>
    </p>
   </div>
   <div class='ocr_carea' id='block_1_4' title="bbox 227 215 982 254">
    <p class='ocr_par' dir='ltr' id='par_1_4' title="bbox 227 215 969 254">
     <span class='ocr_line' id='line_1_4' title="bbox 227 215 969 254; baseline 0.001 -11"><span class='ocrx_word' id='word_1_6' title='bbox 227 216 308 244; x_wconf 72' lang='grc' dir='ltr'>Ἀλλά</span> <span class='ocrx_word' id='word_1_7' title='bbox 323 216 410 244; x_wconf 84' lang='grc' dir='ltr'>ταῦτα</span> <span class='ocrx_word' id='word_1_8' title='bbox 425 216 596 252; x_wconf 80' lang='grc' dir='ltr'>μὲνὲκετνοι·</span> <span class='ocrx_word' id='word_1_9' title='bbox 613 217 692 253; x_wconf 85' lang='grc' dir='ltr'>ὑμεῖς</span> <span class='ocrx_word' id='word_1_10' title='bbox 711 217 751 249; x_wconf 78' lang='grc' dir='ltr'><strong>δὲ.</strong></span> <span class='ocrx_word' id='word_1_11' title='bbox 774 215 796 244; x_wconf 81' lang='grc' dir='ltr'>ὦ</span> <span class='ocrx_word' id='word_1_12' title='bbox 820 218 969 254; x_wconf 70' lang='grc' dir='ltr'>προφῆται,</span> 
     </span>
    </p>
   </div>
   <div class='ocr_carea' id='block_1_5' title="bbox 1033 215 1818 254">
    <p class='ocr_par' dir='ltr' id='par_1_5' title="bbox 1059 217 1818 253">
     <span class='ocr_line' id='line_1_5' title="bbox 1059 217 1818 253; baseline -0.001 -8"><span class='ocrx_word' id='word_1_13' title='bbox 1059 217 1111 245; x_wconf 89' lang='lat' dir='ltr'><strong>Sed</strong></span> <span class='ocrx_word' id='word_1_14' title='bbox 1131 218 1170 245; x_wconf 85' lang='lat' dir='ltr'><strong>illi</strong></span> <span class='ocrx_word' id='word_1_15' title='bbox 1198 217 1309 253; x_wconf 87' lang='lat' dir='ltr'><strong>quidem</strong></span> <span class='ocrx_word' id='word_1_16' title='bbox 1336 217 1388 245; x_wconf 81' lang='lat' dir='ltr'><strong>ista</strong></span> <span class='ocrx_word' id='word_1_17' title='bbox 1405 226 1411 244; x_wconf 90' lang='lat'>:</span> <span class='ocrx_word' id='word_1_18' title='bbox 1427 224 1477 245; x_wconf 89' lang='lat' dir='ltr'><strong>vos</strong></span> <span class='ocrx_word' id='word_1_19' title='bbox 1493 220 1596 249; x_wconf 86' lang='lat' dir='ltr'><strong>autem,</strong></span> <span class='ocrx_word' id='word_1_20' title='bbox 1615 224 1632 244; x_wconf 90' lang='grc' dir='ltr'><strong>ο</strong></span> <span class='ocrx_word' id='word_1_21' title='bbox 1662 217 1818 252; x_wconf 70' lang='lat' dir='ltr'><strong>prophetae.</strong></span> 
     </span>
    </p>
   </div>
   <div class='ocr_carea' id='block_1_6' title="bbox 184 262 976 298">
    <p class='ocr_par' dir='ltr' id='par_1_6' title="bbox 184 262 976 298">
     <span class='ocr_line' id='line_1_6' title="bbox 184 262 976 298; baseline 0 -8"><span class='ocrx_word' id='word_1_22' title='bbox 184 262 310 298; x_wconf 72' lang='grc' dir='ltr'>γένεσθέ</span> <span class='ocrx_word' id='word_1_23' title='bbox 323 271 374 297; x_wconf 79' lang='grc' dir='ltr'><strong>μοι</strong></span> <span class='ocrx_word' id='word_1_24' title='bbox 399 262 546 297; x_wconf 83' lang='grc' dir='ltr'>μάρτυρες</span> <span class='ocrx_word' id='word_1_25' title='bbox 559 272 566 279; x_wconf 92' lang='grc'>·</span> <span class='ocrx_word' id='word_1_26' title='bbox 583 263 766 298; x_wconf 81' lang='grc' dir='ltr'><strong>μαρτυρήσω</strong></span> <span class='ocrx_word' id='word_1_27' title='bbox 780 263 808 290; x_wconf 80' lang='grc' dir='ltr'><strong>δε.</strong></span> <span class='ocrx_word' id='word_1_28' title='bbox 832 264 894 290; x_wconf 82' lang='grc' dir='ltr'><strong>σὺν</strong></span> <span class='ocrx_word' id='word_1_29' title='bbox 921 262 976 296; x_wconf 84' lang='grc' dir='ltr'>υἱῷ</span> 
     </span>
    </p>
   </div>
   <div class='ocr_carea' id='block_1_7' title="bbox 186 308 976 344">
    <p class='ocr_par' dir='ltr' id='par_1_7' title="bbox 186 308 976 344">
     <span class='ocr_line' id='line_1_7' title="bbox 186 308 976 344; baseline 0 -8"><span class='ocrx_word' id='word_1_30' title='bbox 186 308 275 343; x_wconf 78' lang='grc' dir='ltr'><strong>κάγὼ,</strong></span> <span class='ocrx_word' id='word_1_31' title='bbox 294 308 389 344; x_wconf 72' lang='grc' dir='ltr'>φησιν,</span> <span class='ocrx_word' id='word_1_32' title='bbox 403 308 649 344; x_wconf 81' lang='grc' dir='ltr'>ἐμαυτῷ.¹Ἐλεγεν</span> <span class='ocrx_word' id='word_1_33' title='bbox 662 309 716 344; x_wconf 83' lang='grc' dir='ltr'>γὰρ</span> <span class='ocrx_word' id='word_1_34' title='bbox 732 311 746 336; x_wconf 80' lang='grc' dir='ltr'><strong>ό</strong></span> <span class='ocrx_word' id='word_1_35' title='bbox 763 310 873 344; x_wconf 82' lang='grc' dir='ltr'>Σωτήρ·</span> <span class='ocrx_word' id='word_1_36' title='bbox 884 319 894 335; x_wconf 76' lang='grc' dir='ltr'><strong>ι</strong></span> <span class='ocrx_word' id='word_1_37' title='bbox 912 309 976 336; x_wconf 82' lang='grc' dir='ltr'>Ἐὰν</span> 
     </span>
    </p>
   </div>
   <div class='ocr_carea' id='block_1_8' title="bbox 185 354 977 390">
    <p class='ocr_par' dir='ltr' id='par_1_8' title="bbox 185 354 977 390">
     <span class='ocr_line' id='line_1_8' title="bbox 185 354 977 390; baseline -0.001 -8"><span class='ocrx_word' id='word_1_38' title='bbox 185 355 241 390; x_wconf 72' lang='grc' dir='ltr'><strong>ἐγὼ</strong></span> <span class='ocrx_word' id='word_1_39' title='bbox 256 354 388 390; x_wconf 81' lang='grc' dir='ltr'><strong>μαρτυρῶ</strong></span> <span class='ocrx_word' id='word_1_40' title='bbox 405 355 470 389; x_wconf 82' lang='grc' dir='ltr'>περὶ</span> <span class='ocrx_word' id='word_1_41' title='bbox 480 354 611 388; x_wconf 75' lang='grc' dir='ltr'>ἐμαυτοῦ.</span> <span class='ocrx_word' id='word_1_42' title='bbox 626 355 643 389; x_wconf 86' lang='grc' dir='ltr'><strong>ὴ</strong></span> <span class='ocrx_word' id='word_1_43' title='bbox 658 354 796 389; x_wconf 82' lang='grc' dir='ltr'>μαρτυρία</span> <span class='ocrx_word' id='word_1_44' title='bbox 809 363 859 390; x_wconf 88' lang='grc' dir='ltr'><strong>μου</strong></span> <span class='ocrx_word' id='word_1_45' title='bbox 873 354 977 390; x_wconf 81' lang='grc' dir='ltr'>ἀληθής</span> 
     </span>
    </p>
   </div>
   <div class='ocr_carea' id='block_1_9' title="bbox 185 397 977 435">
    <p class='ocr_par' dir='ltr' id='par_1_9' title="bbox 185 397 977 435">
     <span class='ocr_line' id='line_1_9' title="bbox 185 397 977 435; baseline 0 -8"><span class='ocrx_word' id='word_1_46' title='bbox 185 402 271 432; x_wconf 73' lang='grc' dir='ltr'>ἐστιν,</span> <span class='ocrx_word' id='word_1_47' title='bbox 299 401 340 427; x_wconf 82' lang='grc' dir='ltr'>ὅτι</span> <span class='ocrx_word' id='word_1_48' title='bbox 362 397 421 427; x_wconf 75' lang='grc' dir='ltr'>οἶδα</span> <span class='ocrx_word' id='word_1_49' title='bbox 436 399 518 427; x_wconf 88' lang='grc' dir='ltr'>πόθεν</span> <span class='ocrx_word' id='word_1_50' title='bbox 531 401 599 435; x_wconf 71' lang='grc' dir='ltr'>εἰμὶ,</span> <span class='ocrx_word' id='word_1_51' title='bbox 617 400 666 427; x_wconf 85' lang='grc' dir='ltr'>καὶ</span> <span class='ocrx_word' id='word_1_52' title='bbox 691 400 743 427; x_wconf 87' lang='grc' dir='ltr'>ποῠ</span> <span class='ocrx_word' id='word_1_53' title='bbox 764 400 872 435; x_wconf 82' lang='grc' dir='ltr'>ὑπάγω.</span> <span class='ocrx_word' id='word_1_54' title='bbox 887 409 897 426; x_wconf 74' lang='grc' dir='ltr'><strong>ι</strong></span> <span class='ocrx_word' id='word_1_55' title='bbox 923 401 977 427; x_wconf 80' lang='lat' dir='ltr'><strong>Kal</strong></span> 
     </span>
    </p>
   </div>
   <div class='ocr_carea' id='block_1_10' title="bbox 189 445 976 483">
    <p class='ocr_par' dir='ltr' id='par_1_10' title="bbox 189 445 976 483">
     <span class='ocr_line' id='line_1_10' title="bbox 189 445 976 483; baseline 0 -11"><span class='ocrx_word' id='word_1_56' title='bbox 189 446 285 473; x_wconf 79' lang='grc' dir='ltr'>πάλινο</span> <span class='ocrx_word' id='word_1_57' title='bbox 305 455 315 472; x_wconf 75' lang='lat'><strong>1</strong></span> <span class='ocrx_word' id='word_1_58' title='bbox 341 445 413 480; x_wconf 84' lang='grc' dir='ltr'><strong>Ἐγὼ</strong></span> <span class='ocrx_word' id='word_1_59' title='bbox 432 446 564 482; x_wconf 85' lang='grc' dir='ltr'><strong>μαρτυρῶ</strong></span> <span class='ocrx_word' id='word_1_60' title='bbox 579 446 644 483; x_wconf 68' lang='grc' dir='ltr'>περὶ</span> <span class='ocrx_word' id='word_1_61' title='bbox 657 446 788 482; x_wconf 74' lang='grc' dir='ltr'>ἐμαυτοῦ,</span> <span class='ocrx_word' id='word_1_62' title='bbox 801 447 848 473; x_wconf 78' lang='grc' dir='ltr'><strong>καὶ</strong></span> <span class='ocrx_word' id='word_1_63' title='bbox 871 455 976 482; x_wconf 88' lang='grc' dir='ltr'>μαρτυ-</span> 
     </span>
    </p>
   </div>
   <div class='ocr_carea' id='block_1_11' title="bbox 188 491 974 527">
    <p class='ocr_par' dir='ltr' id='par_1_11' title="bbox 188 491 974 527">
     <span class='ocr_line' id='line_1_11' title="bbox 188 491 974 527; baseline -0.001 -9"><span class='ocrx_word' id='word_1_64' title='bbox 188 494 229 527; x_wconf 90' lang='grc' dir='ltr'><strong>ρεῖ</strong></span> <span class='ocrx_word' id='word_1_65' title='bbox 247 493 313 526; x_wconf 80' lang='grc' dir='ltr'>περὶ</span> <span class='ocrx_word' id='word_1_66' title='bbox 327 491 395 527; x_wconf 70' lang='grc' dir='ltr'>ἐμοῦ</span> <span class='ocrx_word' id='word_1_67' title='bbox 407 492 421 518; x_wconf 83' lang='grc' dir='ltr'><strong><em>ὁ</em></strong></span> <span class='ocrx_word' id='word_1_68' title='bbox 436 492 548 527; x_wconf 76' lang='grc' dir='ltr'>πέμψας</span> <span class='ocrx_word' id='word_1_69' title='bbox 566 501 599 526; x_wconf 84' lang='grc' dir='ltr'><strong>με</strong></span> <span class='ocrx_word' id='word_1_70' title='bbox 612 492 718 527; x_wconf 82' lang='grc' dir='ltr'>Πατήρ.</span> <span class='ocrx_word' id='word_1_71' title='bbox 738 492 823 518; x_wconf 75' lang='grc' dir='ltr'>Ταυτὶ</span> <span class='ocrx_word' id='word_1_72' title='bbox 839 491 878 523; x_wconf 82' lang='grc' dir='ltr'><strong>δὲ,</strong></span> <span class='ocrx_word' id='word_1_73' title='bbox 893 491 974 526; x_wconf 74' lang='grc' dir='ltr'>φησὶ,</span> 
     </span>
    </p>
   </div>
   <div class='ocr_carea' id='block_1_12' title="bbox 186 537 979 573">
    <p class='ocr_par' dir='ltr' id='par_1_12' title="bbox 186 537 979 573">
     <span class='ocr_line' id='line_1_12' title="bbox 186 537 979 573; baseline 0 -9"><span class='ocrx_word' id='word_1_74' title='bbox 186 537 323 572; x_wconf 80' lang='grc' dir='ltr'><strong>λελάληκα</strong></span> <span class='ocrx_word' id='word_1_75' title='bbox 347 538 423 573; x_wconf 81' lang='grc' dir='ltr'>ὑμῖν,</span> <span class='ocrx_word' id='word_1_76' title='bbox 447 538 498 565; x_wconf 74' lang='grc' dir='ltr'><strong>ἵνα</strong></span> <span class='ocrx_word' id='word_1_77' title='bbox 520 537 625 572; x_wconf 76' lang='grc' dir='ltr'>γνῶτε,</span> <span class='ocrx_word' id='word_1_78' title='bbox 641 537 690 564; x_wconf 78' lang='grc' dir='ltr'>καὶ</span> <span class='ocrx_word' id='word_1_79' title='bbox 713 538 908 570; x_wconf 79' lang='grc' dir='ltr'><strong>πιστεύσητε,</strong></span> <span class='ocrx_word' id='word_1_80' title='bbox 929 537 979 564; x_wconf 72' lang='grc' dir='ltr'>καὶ</span> 
     </span>
    </p>
   </div>
   <div class='ocr_carea' id='block_1_13' title="bbox 187 583 976 619">
    <p class='ocr_par' dir='ltr' id='par_1_13' title="bbox 187 583 976 619">
     <span class='ocr_line' id='line_1_13' title="bbox 187 583 976 619; baseline 0.001 -10"><span class='ocrx_word' id='word_1_81' title='bbox 187 583 303 618; x_wconf 81' lang='grc' dir='ltr'><strong>συνῆτε</strong></span> <span class='ocrx_word' id='word_1_82' title='bbox 322 583 366 610; x_wconf 81' lang='grc' dir='ltr'>ὄτι</span> <span class='ocrx_word' id='word_1_83' title='bbox 381 583 438 618; x_wconf 80' lang='grc' dir='ltr'><strong>ἐγώ</strong></span> <span class='ocrx_word' id='word_1_84' title='bbox 462 584 530 617; x_wconf 70' lang='grc' dir='ltr'>εἰμι.</span> <span class='ocrx_word' id='word_1_85' title='bbox 547 593 556 609; x_wconf 71' lang='grc' dir='ltr'><strong>ι</strong></span> <span class='ocrx_word' id='word_1_86' title='bbox 572 583 620 611; x_wconf 81' lang='grc' dir='ltr'><strong>Διά</strong></span> <span class='ocrx_word' id='word_1_87' title='bbox 631 584 685 619; x_wconf 77' lang='grc' dir='ltr'>γὰρ</span> <span class='ocrx_word' id='word_1_88' title='bbox 700 583 827 618; x_wconf 80' lang='grc' dir='ltr'>γνώσεως</span> <span class='ocrx_word' id='word_1_89' title='bbox 838 584 855 618; x_wconf 85' lang='grc' dir='ltr'><strong>ἡ</strong></span> <span class='ocrx_word' id='word_1_90' title='bbox 874 584 976 615; x_wconf 83' lang='grc' dir='ltr'><strong>πίστις.</strong></span> 
     </span>
    </p>
   </div>
   <div class='ocr_carea' id='block_1_14' title="bbox 189 629 977 666">
    <p class='ocr_par' dir='ltr' id='par_1_14' title="bbox 189 629 977 666">
     <span class='ocr_line' id='line_1_14' title="bbox 189 629 977 666; baseline 0 -10"><span class='ocrx_word' id='word_1_91' title='bbox 189 631 239 657; x_wconf 78' lang='grc' dir='ltr'><strong>Διὰ</strong></span> <span class='ocrx_word' id='word_1_92' title='bbox 251 631 280 658; x_wconf 81' lang='grc' dir='ltr'><strong>δὲ</strong></span> <span class='ocrx_word' id='word_1_93' title='bbox 291 630 341 666; x_wconf 79' lang='grc' dir='ltr'>τῆς</span> <span class='ocrx_word' id='word_1_94' title='bbox 353 630 483 661; x_wconf 82' lang='grc' dir='ltr'>πίστεως,</span> <span class='ocrx_word' id='word_1_95' title='bbox 500 631 516 665; x_wconf 86' lang='grc' dir='ltr'>ὴ</span> <span class='ocrx_word' id='word_1_96' title='bbox 535 629 653 661; x_wconf 82' lang='grc' dir='ltr'>σύνεσις.</span> <span class='ocrx_word' id='word_1_97' title='bbox 683 638 692 655; x_wconf 77' lang='grc' dir='ltr'><strong>ι</strong></span> <span class='ocrx_word' id='word_1_98' title='bbox 721 629 785 656; x_wconf 80' lang='grc' dir='ltr'><strong>Ἐὰν</strong></span> <span class='ocrx_word' id='word_1_99' title='bbox 801 630 855 665; x_wconf 87' lang='grc' dir='ltr'>γὰρ</span> <span class='ocrx_word' id='word_1_100' title='bbox 869 629 906 664; x_wconf 83' lang='grc' dir='ltr'>μὴ</span> <span class='ocrx_word' id='word_1_101' title='bbox 930 637 977 656; x_wconf 85' lang='grc' dir='ltr'>πι-</span> 
     </span>
    </p>
   </div>
   <div class='ocr_carea' id='block_1_15' title="bbox 191 671 979 712">
    <p class='ocr_par' dir='ltr' id='par_1_15' title="bbox 191 671 979 712">
     <span class='ocr_line' id='line_1_15' title="bbox 191 671 979 712; baseline -0.003 -9"><span class='ocrx_word' id='word_1_102' title='bbox 191 671 335 712; x_wconf 61' lang='grc' dir='ltr'>στεύσητε,</span> <span class='ocrx_word' id='word_1_103' title='bbox 356 677 411 703; x_wconf 78' lang='grc' dir='ltr'>οὐδ’</span> <span class='ocrx_word' id='word_1_104' title='bbox 429 676 460 703; x_wconf 82' lang='grc' dir='ltr'><strong>οὐ</strong></span> <span class='ocrx_word' id='word_1_105' title='bbox 479 676 516 712; x_wconf 83' lang='grc' dir='ltr'>μὴ</span> <span class='ocrx_word' id='word_1_106' title='bbox 531 676 640 710; x_wconf 80' lang='grc' dir='ltr'>συνῆτε,</span> <span class='ocrx_word' id='word_1_107' title='bbox 656 686 665 702; x_wconf 75' lang='grc' dir='ltr'><strong>ι</strong></span> <span class='ocrx_word' id='word_1_108' title='bbox 679 676 771 710; x_wconf 79' lang='grc' dir='ltr'>φησίν.</span> <span class='ocrx_word' id='word_1_109' title='bbox 790 676 838 702; x_wconf 85' lang='grc' dir='ltr'>Ὧν</span> <span class='ocrx_word' id='word_1_110' title='bbox 854 675 882 702; x_wconf 84' lang='grc' dir='ltr'><strong>δὲ</strong></span> <span class='ocrx_word' id='word_1_111' title='bbox 894 675 979 707; x_wconf 65' lang='lat' dir='ltr'><strong>atate;</strong></span> 
     </span>
    </p>
   </div>
   <div class='ocr_carea' id='block_1_16' title="bbox 187 721 978 758">
    <p class='ocr_par' dir='ltr' id='par_1_16' title="bbox 187 721 978 758">
     <span class='ocr_line' id='line_1_16' title="bbox 187 721 978 758; baseline -0.001 -9"><span class='ocrx_word' id='word_1_112' title='bbox 187 724 246 758; x_wconf 78' lang='grc' dir='ltr'>ειμι</span> <span class='ocrx_word' id='word_1_113' title='bbox 260 723 307 749; x_wconf 84' lang='grc' dir='ltr'>καὶ</span> <span class='ocrx_word' id='word_1_114' title='bbox 320 723 427 758; x_wconf 88' lang='grc' dir='ltr'>Σωτήρ.</span> <span class='ocrx_word' id='word_1_115' title='bbox 455 723 511 750; x_wconf 81' lang='grc' dir='ltr'><strong>Καὶ</strong></span> <span class='ocrx_word' id='word_1_116' title='bbox 533 723 664 758; x_wconf 82' lang='grc' dir='ltr'><strong>προεῖπον</strong></span> <span class='ocrx_word' id='word_1_117' title='bbox 685 722 729 748; x_wconf 82' lang='grc' dir='ltr'>ὅτι</span> <span class='ocrx_word' id='word_1_118' title='bbox 754 721 845 755; x_wconf 79' lang='grc' dir='ltr'><strong>σώζω,</strong></span> <span class='ocrx_word' id='word_1_119' title='bbox 871 722 918 748; x_wconf 71' lang='grc' dir='ltr'><strong>καὶ</strong></span> <span class='ocrx_word' id='word_1_120' title='bbox 934 721 978 748; x_wconf 79' lang='grc' dir='ltr'><strong>διὰ</strong></span> 
     </span>
    </p>
   </div>
   <div class='ocr_carea' id='block_1_17' title="bbox 187 767 979 804">
    <p class='ocr_par' dir='ltr' id='par_1_17' title="bbox 187 767 979 804">
     <span class='ocr_line' id='line_1_17' title="bbox 187 767 979 804; baseline -0.001 -9"><span class='ocrx_word' id='word_1_121' title='bbox 187 768 306 804; x_wconf 74' lang='grc' dir='ltr'>Χριστοῦ</span> <span class='ocrx_word' id='word_1_122' title='bbox 318 769 387 804; x_wconf 82' lang='grc' dir='ltr'>πρὸς</span> <span class='ocrx_word' id='word_1_123' title='bbox 402 769 482 804; x_wconf 74' lang='grc' dir='ltr'>ἔργον</span> <span class='ocrx_word' id='word_1_124' title='bbox 495 769 598 803; x_wconf 68' lang='grc' dir='ltr'>ἤγαγον</span> <span class='ocrx_word' id='word_1_125' title='bbox 626 767 774 795; x_wconf 81' lang='grc' dir='ltr'>Ὡνείδισα</span> <span class='ocrx_word' id='word_1_126' title='bbox 782 767 820 799; x_wconf 80' lang='grc' dir='ltr'><strong>δὲ,</strong></span> <span class='ocrx_word' id='word_1_127' title='bbox 830 768 908 803; x_wconf 78' lang='grc' dir='ltr'>φησὶ,</span> <span class='ocrx_word' id='word_1_128' title='bbox 923 768 979 799; x_wconf 84' lang='grc' dir='ltr'>τοῖς</span> 
     </span>
    </p>
   </div>
   <div class='ocr_carea' id='block_1_18' title="bbox 187 811 978 849">
    <p class='ocr_par' dir='ltr' id='par_1_18' title="bbox 187 811 978 849">
     <span class='ocr_line' id='line_1_18' title="bbox 187 811 978 849; baseline -0.003 -9"><span class='ocrx_word' id='word_1_129' title='bbox 187 814 217 846; x_wconf 78' lang='grc' dir='ltr'>ἐξ</span> <span class='ocrx_word' id='word_1_130' title='bbox 239 813 358 849; x_wconf 78' lang='grc' dir='ltr'>Ἰσραὴλ,</span> <span class='ocrx_word' id='word_1_131' title='bbox 372 813 412 840; x_wconf 81' lang='grc' dir='ltr'>ὅτι</span> <span class='ocrx_word' id='word_1_132' title='bbox 427 813 564 848; x_wconf 81' lang='grc' dir='ltr'>φιλήδονοι</span> <span class='ocrx_word' id='word_1_133' title='bbox 584 813 684 848; x_wconf 83' lang='grc' dir='ltr'>μᾶλλον</span> <span class='ocrx_word' id='word_1_134' title='bbox 698 812 786 844; x_wconf 78' lang='grc' dir='ltr'>ὄντες,</span> <span class='ocrx_word' id='word_1_135' title='bbox 802 812 819 847; x_wconf 84' lang='grc' dir='ltr'>ἣ</span> <span class='ocrx_word' id='word_1_136' title='bbox 847 811 978 846; x_wconf 82' lang='grc' dir='ltr'><strong>φιλόθεοι,</strong></span> 
     </span>
    </p>
   </div>
   <div class='ocr_carea' id='block_1_19' title="bbox 186 858 979 894">
    <p class='ocr_par' dir='ltr' id='par_1_19' title="bbox 186 858 979 894">
     <span class='ocr_line' id='line_1_19' title="bbox 186 858 979 894; baseline 0 -9"><span class='ocrx_word' id='word_1_137' title='bbox 186 860 233 885; x_wconf 70' lang='grc' dir='ltr'>τὸν</span> <span class='ocrx_word' id='word_1_138' title='bbox 246 859 312 894; x_wconf 76' lang='grc' dir='ltr'>ἐμὸν</span> <span class='ocrx_word' id='word_1_139' title='bbox 327 859 493 894; x_wconf 78' lang='grc' dir='ltr'>παρέϐαινον</span> <span class='ocrx_word' id='word_1_140' title='bbox 516 859 608 893; x_wconf 89' lang='grc' dir='ltr'>νόμον.</span> <span class='ocrx_word' id='word_1_141' title='bbox 630 858 702 893; x_wconf 85' lang='grc' dir='ltr'>Ἐγὼ</span> <span class='ocrx_word' id='word_1_142' title='bbox 724 858 753 885; x_wconf 83' lang='grc' dir='ltr'><strong>δὲ</strong></span> <span class='ocrx_word' id='word_1_143' title='bbox 781 858 825 885; x_wconf 76' lang='grc' dir='ltr'><strong>διὰ</strong></span> <span class='ocrx_word' id='word_1_144' title='bbox 840 858 979 894; x_wconf 83' lang='grc' dir='ltr'>πολεμίων</span> 
     </span>
    </p>
   </div>
   <div class='ocr_carea' id='block_1_20' title="bbox 187 903 977 939">
    <p class='ocr_par' dir='ltr' id='par_1_20' title="bbox 187 903 977 939">
     <span class='ocr_line' id='line_1_20' title="bbox 187 903 977 939; baseline 0.001 -10"><span class='ocrx_word' id='word_1_145' title='bbox 187 903 281 938; x_wconf 71' lang='grc' dir='ltr'>ὲςρόδου</span> <span class='ocrx_word' id='word_1_146' title='bbox 309 903 421 934; x_wconf 82' lang='grc' dir='ltr'>τούτους</span> <span class='ocrx_word' id='word_1_147' title='bbox 440 903 593 936; x_wconf 77' lang='grc' dir='ltr'>ἐπαίδευον,</span> <span class='ocrx_word' id='word_1_148' title='bbox 621 903 666 930; x_wconf 82' lang='grc' dir='ltr'>ὅτε</span> <span class='ocrx_word' id='word_1_149' title='bbox 684 903 731 930; x_wconf 76' lang='grc' dir='ltr'><strong>καὶ</strong></span> <span class='ocrx_word' id='word_1_150' title='bbox 757 903 807 938; x_wconf 82' lang='grc' dir='ltr'>τὴν</span> <span class='ocrx_word' id='word_1_151' title='bbox 823 904 888 939; x_wconf 85' lang='grc' dir='ltr'>παρ’</span> <span class='ocrx_word' id='word_1_152' title='bbox 909 903 977 939; x_wconf 81' lang='grc' dir='ltr'>ἐμοῦ</span> 
     </span>
    </p>
   </div>
   <div class='ocr_carea' id='block_1_21' title="bbox 187 949 980 986">
    <p class='ocr_par' dir='ltr' id='par_1_21' title="bbox 187 949 980 986">
     <span class='ocr_line' id='line_1_21' title="bbox 187 949 980 986; baseline 0.001 -10"><span class='ocrx_word' id='word_1_153' title='bbox 187 949 325 985; x_wconf 83' lang='grc' dir='ltr'><strong>σωτηρίαν</strong></span> <span class='ocrx_word' id='word_1_154' title='bbox 345 950 470 984; x_wconf 77' lang='grc' dir='ltr'>ἐζήτουν.</span> <span class='ocrx_word' id='word_1_155' title='bbox 489 950 580 985; x_wconf 84' lang='grc' dir='ltr'>Ὅπερ</span> <span class='ocrx_word' id='word_1_156' title='bbox 600 949 692 981; x_wconf 81' lang='grc' dir='ltr'>αὐτοῖς</span> <span class='ocrx_word' id='word_1_157' title='bbox 706 950 847 977; x_wconf 83' lang='grc' dir='ltr'>ὼνείδισα</span> <span class='ocrx_word' id='word_1_158' title='bbox 867 949 913 977; x_wconf 81' lang='grc' dir='ltr'><strong>διὰ</strong></span> <span class='ocrx_word' id='word_1_159' title='bbox 929 951 980 986; x_wconf 83' lang='grc' dir='ltr'>τῆς</span> 
     </span>
    </p>
   </div>
   <div class='ocr_carea' id='block_1_22' title="bbox 194 995 980 1031">
    <p class='ocr_par' dir='ltr' id='par_1_22' title="bbox 194 995 980 1031">
     <span class='ocr_line' id='line_1_22' title="bbox 194 995 980 1031; baseline 0 -9"><span class='ocrx_word' id='word_1_160' title='bbox 194 995 326 1030; x_wconf 81' lang='grc' dir='ltr'>Ἰερεμίου</span> <span class='ocrx_word' id='word_1_161' title='bbox 345 995 438 1031; x_wconf 82' lang='grc' dir='ltr'><strong>φωνῆς</strong></span> <span class='ocrx_word' id='word_1_162' title='bbox 452 995 540 1030; x_wconf 78' lang='grc' dir='ltr'>λέγων</span> <span class='ocrx_word' id='word_1_163' title='bbox 549 1003 555 1010; x_wconf 90' lang='grc'><strong>·</strong></span> <span class='ocrx_word' id='word_1_164' title='bbox 576 1005 585 1021; x_wconf 75' lang='grc' dir='ltr'><strong>ι</strong></span> <span class='ocrx_word' id='word_1_165' title='bbox 606 995 650 1022; x_wconf 83' lang='grc' dir='ltr'>Ἐν</span> <span class='ocrx_word' id='word_1_166' title='bbox 661 996 700 1030; x_wconf 82' lang='grc' dir='ltr'>τῷ</span> <span class='ocrx_word' id='word_1_167' title='bbox 715 996 803 1031; x_wconf 84' lang='grc' dir='ltr'>καιρῷ</span> <span class='ocrx_word' id='word_1_168' title='bbox 817 995 872 1022; x_wconf 85' lang='grc' dir='ltr'>τῶν</span> <span class='ocrx_word' id='word_1_169' title='bbox 885 996 980 1023; x_wconf 80' lang='grc' dir='ltr'>κακῶν</span> 
     </span>
    </p>
   </div>
   <div class='ocr_carea' id='block_1_23' title="bbox 187 1041 978 1077">
    <p class='ocr_par' dir='ltr' id='par_1_23' title="bbox 187 1041 978 1077">
     <span class='ocr_line' id='line_1_23' title="bbox 187 1041 978 1077; baseline 0 -9"><span class='ocrx_word' id='word_1_170' title='bbox 187 1041 277 1068; x_wconf 83' lang='grc' dir='ltr'>αὐτῶν</span> <span class='ocrx_word' id='word_1_171' title='bbox 296 1041 418 1076; x_wconf 77' lang='grc' dir='ltr'>ἐροῦσιν,</span> <span class='ocrx_word' id='word_1_172' title='bbox 439 1042 568 1075; x_wconf 82' lang='grc' dir='ltr'>Ἀνάστα,</span> <span class='ocrx_word' id='word_1_173' title='bbox 598 1041 646 1068; x_wconf 81' lang='grc' dir='ltr'>καὶ</span> <span class='ocrx_word' id='word_1_174' title='bbox 668 1041 756 1069; x_wconf 85' lang='grc' dir='ltr'>σῶσον</span> <span class='ocrx_word' id='word_1_175' title='bbox 785 1042 870 1077; x_wconf 78' lang='grc' dir='ltr'>ἡμᾶς.</span> <span class='ocrx_word' id='word_1_176' title='bbox 889 1050 898 1068; x_wconf 75' lang='grc' dir='ltr'><strong>ι</strong></span> <span class='ocrx_word' id='word_1_177' title='bbox 914 1042 978 1075; x_wconf 81' lang='lat' dir='ltr'><strong>Kal,</strong></span> 
     </span>
    </p>
   </div>
   <div class='ocr_carea' id='block_1_24' title="bbox 191 1087 981 1123">
    <p class='ocr_par' dir='ltr' id='par_1_24' title="bbox 191 1087 981 1123">
     <span class='ocr_line' id='line_1_24' title="bbox 191 1087 981 1123; baseline 0 -9"><span class='ocrx_word' id='word_1_178' title='bbox 191 1097 200 1113; x_wconf 80' lang='grc' dir='ltr'><strong>ι</strong></span> <span class='ocrx_word' id='word_1_179' title='bbox 216 1087 270 1114; x_wconf 88' lang='grc' dir='ltr'><strong>[Ιοῦ</strong></span> <span class='ocrx_word' id='word_1_180' title='bbox 283 1088 354 1114; x_wconf 73' lang='grc' dir='ltr'>εἰσιν</span> <span class='ocrx_word' id='word_1_181' title='bbox 377 1089 402 1114; x_wconf 90' lang='lat' dir='ltr'><strong>ol</strong></span> <span class='ocrx_word' id='word_1_182' title='bbox 418 1087 473 1114; x_wconf 83' lang='grc' dir='ltr'>Θεοί</span> <span class='ocrx_word' id='word_1_183' title='bbox 501 1096 559 1120; x_wconf 78' lang='grc' dir='ltr'>σου,</span> <span class='ocrx_word' id='word_1_184' title='bbox 577 1087 623 1119; x_wconf 83' lang='grc' dir='ltr'><strong>οὒς</strong></span> <span class='ocrx_word' id='word_1_185' title='bbox 651 1087 784 1122; x_wconf 79' lang='grc' dir='ltr'>ἐποίησάς</span> <span class='ocrx_word' id='word_1_186' title='bbox 807 1087 931 1123; x_wconf 80' lang='grc' dir='ltr'>σεαυτῷ;</span> <span class='ocrx_word' id='word_1_187' title='bbox 956 1089 981 1114; x_wconf 83' lang='grc' dir='ltr'>εἰ</span> 
     </span>
    </p>
   </div>
   <div class='ocr_carea' id='block_1_25' title="bbox 187 1133 981 1170">
    <p class='ocr_par' dir='ltr' id='par_1_25' title="bbox 187 1133 981 1170">
     <span class='ocr_line' id='line_1_25' title="bbox 187 1133 981 1170; baseline 0 -10"><span class='ocrx_word' id='word_1_188' title='bbox 187 1135 387 1166; x_wconf 79' lang='grc' dir='ltr'>ἀναστήσονται</span> <span class='ocrx_word' id='word_1_189' title='bbox 398 1134 446 1162; x_wconf 74' lang='grc' dir='ltr'>καὶ</span> <span class='ocrx_word' id='word_1_190' title='bbox 457 1133 574 1161; x_wconf 87' lang='grc' dir='ltr'>σώσουσι</span> <span class='ocrx_word' id='word_1_191' title='bbox 588 1142 618 1161; x_wconf 83' lang='grc' dir='ltr'><strong>σε</strong></span> <span class='ocrx_word' id='word_1_192' title='bbox 629 1135 658 1161; x_wconf 84' lang='grc' dir='ltr'><strong>ὲν</strong></span> <span class='ocrx_word' id='word_1_193' title='bbox 669 1134 759 1170; x_wconf 82' lang='grc' dir='ltr'>καιρῷ</span> <span class='ocrx_word' id='word_1_194' title='bbox 770 1134 820 1169; x_wconf 79' lang='grc' dir='ltr'>τῆς</span> <span class='ocrx_word' id='word_1_195' title='bbox 830 1133 981 1166; x_wconf 78' lang='grc' dir='ltr'>κακώσεως</span> 
     </span>
    </p>
   </div>
   <div class='ocr_carea' id='block_1_26' title="bbox 189 1179 981 1217">
    <p class='ocr_par' dir='ltr' id='par_1_26' title="bbox 189 1179 981 1217">
     <span class='ocr_line' id='line_1_26' title="bbox 189 1179 981 1217; baseline 0.003 -11"><span class='ocrx_word' id='word_1_196' title='bbox 189 1188 254 1212; x_wconf 84' lang='grc' dir='ltr'>σου;</span> <span class='ocrx_word' id='word_1_197' title='bbox 275 1189 284 1206; x_wconf 84' lang='grc' dir='ltr'><strong>ι</strong></span> <span class='ocrx_word' id='word_1_198' title='bbox 301 1179 384 1210; x_wconf 81' lang='grc' dir='ltr'><strong>Σώζω</strong></span> <span class='ocrx_word' id='word_1_199' title='bbox 397 1180 488 1207; x_wconf 85' lang='grc' dir='ltr'>τοίνυν</span> <span class='ocrx_word' id='word_1_200' title='bbox 496 1181 590 1215; x_wconf 86' lang='grc' dir='ltr'><em>μόνος</em></span> <span class='ocrx_word' id='word_1_201' title='bbox 601 1180 668 1215; x_wconf 77' lang='grc' dir='ltr'><strong>ἐγὼ,</strong></span> <span class='ocrx_word' id='word_1_202' title='bbox 681 1181 719 1212; x_wconf 86' lang='grc' dir='ltr'>ὡς</span> <span class='ocrx_word' id='word_1_203' title='bbox 729 1180 860 1208; x_wconf 87' lang='grc' dir='ltr'>δύνασθαι</span> <span class='ocrx_word' id='word_1_204' title='bbox 878 1180 981 1217; x_wconf 83' lang='grc' dir='ltr'><strong>μηδένα</strong></span> 
     </span>
    </p>
   </div>
   <div class='ocr_carea' id='block_1_27' title="bbox 187 1225 978 1261">
    <p class='ocr_par' dir='ltr' id='par_1_27' title="bbox 187 1225 978 1261">
     <span class='ocr_line' id='line_1_27' title="bbox 187 1225 978 1261; baseline 0.001 -9"><span class='ocrx_word' id='word_1_205' title='bbox 187 1225 243 1252; x_wconf 83' lang='grc' dir='ltr'>τῶν</span> <span class='ocrx_word' id='word_1_206' title='bbox 275 1225 355 1260; x_wconf 75' lang='grc' dir='ltr'><strong>ἐμῶν</strong></span> <span class='ocrx_word' id='word_1_207' title='bbox 377 1225 546 1260; x_wconf 77' lang='grc' dir='ltr'>ἐξαρπάσαι</span> <span class='ocrx_word' id='word_1_208' title='bbox 573 1225 681 1260; x_wconf 80' lang='grc' dir='ltr'>χειρῶν</span> <span class='ocrx_word' id='word_1_209' title='bbox 708 1225 763 1253; x_wconf 85' lang='grc' dir='ltr'>τὸν</span> <span class='ocrx_word' id='word_1_210' title='bbox 792 1225 978 1261; x_wconf 75' lang='grc' dir='ltr'><em>σωζόμενον·</em></span> 
     </span>
    </p>
   </div>
   <div class='ocr_carea' id='block_1_28' title="bbox 188 1271 981 1308">
    <p class='ocr_par' dir='ltr' id='par_1_28' title="bbox 188 1271 981 1308">
     <span class='ocr_line' id='line_1_28' title="bbox 188 1271 981 1308; baseline 0.003 -10"><span class='ocrx_word' id='word_1_211' title='bbox 188 1271 316 1307; x_wconf 76' lang='grc' dir='ltr'>ποιήσω,</span> <span class='ocrx_word' id='word_1_212' title='bbox 330 1272 378 1299; x_wconf 76' lang='grc' dir='ltr'>καὶ</span> <span class='ocrx_word' id='word_1_213' title='bbox 397 1272 442 1305; x_wconf 81' lang='grc' dir='ltr'><strong>τίς</strong></span> <span class='ocrx_word' id='word_1_214' title='bbox 452 1271 654 1306; x_wconf 64' lang='grc' dir='ltr'>ἀποστρέψευ</span> <span class='ocrx_word' id='word_1_215' title='bbox 671 1272 754 1304; x_wconf 80' lang='grc' dir='ltr'>αὐτὸς</span> <span class='ocrx_word' id='word_1_216' title='bbox 773 1272 869 1300; x_wconf 72' lang='grc' dir='ltr'>ἔδωκα</span> <span class='ocrx_word' id='word_1_217' title='bbox 882 1272 937 1308; x_wconf 86' lang='grc' dir='ltr'>γὰρ</span> <span class='ocrx_word' id='word_1_218' title='bbox 947 1272 981 1300; x_wconf 86' lang='grc' dir='ltr'>τὰ</span> 
     </span>
    </p>
   </div>
   <div class='ocr_carea' id='block_1_29' title="bbox 189 1318 982 1354">
    <p class='ocr_par' dir='ltr' id='par_1_29' title="bbox 189 1318 982 1354">
     <span class='ocr_line' id='line_1_29' title="bbox 189 1318 982 1354; baseline 0.001 -9"><span class='ocrx_word' id='word_1_219' title='bbox 189 1318 265 1354; x_wconf 78' lang='grc' dir='ltr'>ἔθνη,</span> <span class='ocrx_word' id='word_1_220' title='bbox 281 1319 329 1345; x_wconf 74' lang='grc' dir='ltr'>καὶ</span> <span class='ocrx_word' id='word_1_221' title='bbox 355 1318 398 1350; x_wconf 87' lang='grc' dir='ltr'><strong>τίς</strong></span> <span class='ocrx_word' id='word_1_222' title='bbox 411 1318 492 1345; x_wconf 82' lang='grc' dir='ltr'>τοῦτο</span> <span class='ocrx_word' id='word_1_223' title='bbox 519 1318 670 1353; x_wconf 77' lang='grc' dir='ltr'>μεταϐαλεῖ</span> <span class='ocrx_word' id='word_1_224' title='bbox 702 1318 770 1353; x_wconf 84' lang='grc' dir='ltr'>πρὸς</span> <span class='ocrx_word' id='word_1_225' title='bbox 787 1318 817 1345; x_wconf 82' lang='grc' dir='ltr'>τὸ</span> <span class='ocrx_word' id='word_1_226' title='bbox 837 1319 876 1354; x_wconf 79' lang='grc' dir='ltr'>μὴ</span> <span class='ocrx_word' id='word_1_227' title='bbox 894 1318 982 1351; x_wconf 73' lang='grc' dir='ltr'>οὕτως</span> 
     </span>
    </p>
   </div>
   <div class='ocr_carea' id='block_1_30' title="bbox 189 1363 982 1399">
    <p class='ocr_par' dir='ltr' id='par_1_30' title="bbox 189 1363 982 1399">
     <span class='ocr_line' id='line_1_30' title="bbox 189 1363 982 1399; baseline 0.003 -9"><span class='ocrx_word' id='word_1_228' title='bbox 189 1364 279 1399; x_wconf 77' lang='grc' dir='ltr'>ἔχειν;</span> <span class='ocrx_word' id='word_1_229' title='bbox 294 1364 336 1391; x_wconf 85' lang='grc' dir='ltr'><strong>διδ</strong></span> <span class='ocrx_word' id='word_1_230' title='bbox 364 1365 431 1399; x_wconf 69' lang='grc' dir='ltr'>περὶ</span> <span class='ocrx_word' id='word_1_231' title='bbox 444 1364 500 1391; x_wconf 85' lang='grc' dir='ltr'><strong>τῶν</strong></span> <span class='ocrx_word' id='word_1_232' title='bbox 513 1363 612 1391; x_wconf 76' lang='grc' dir='ltr'>ἑαυτοῦ</span> <span class='ocrx_word' id='word_1_233' title='bbox 628 1364 774 1399; x_wconf 77' lang='grc' dir='ltr'>προϐάτων</span> <span class='ocrx_word' id='word_1_234' title='bbox 787 1364 881 1399; x_wconf 70' lang='grc' dir='ltr'>ἔλεγεν</span> <span class='ocrx_word' id='word_1_235' title='bbox 896 1366 910 1392; x_wconf 86' lang='grc' dir='ltr'><strong><em>ὸ</em></strong></span> <span class='ocrx_word' id='word_1_236' title='bbox 924 1365 982 1391; x_wconf 88' lang='grc' dir='ltr'><strong>Σω-</strong></span> 
     </span>
    </p>
   </div>
   <div class='ocr_carea' id='block_1_31' title="bbox 189 1409 982 1446">
    <p class='ocr_par' dir='ltr' id='par_1_31' title="bbox 189 1409 982 1446">
     <span class='ocr_line' id='line_1_31' title="bbox 189 1409 982 1446; baseline -0.001 -9"><span class='ocrx_word' id='word_1_237' title='bbox 189 1411 256 1446; x_wconf 81' lang='grc' dir='ltr'>τήρ’</span> <span class='ocrx_word' id='word_1_238' title='bbox 274 1419 284 1436; x_wconf 79' lang='grc' dir='ltr'>ί</span> <span class='ocrx_word' id='word_1_239' title='bbox 297 1409 386 1444; x_wconf 72' lang='grc' dir='ltr'><strong>Κάγὼ</strong></span> <span class='ocrx_word' id='word_1_240' title='bbox 398 1410 494 1446; x_wconf 78' lang='grc' dir='ltr'>δίδωμι</span> <span class='ocrx_word' id='word_1_241' title='bbox 507 1410 601 1442; x_wconf 83' lang='grc' dir='ltr'>αὐτοῖς</span> <span class='ocrx_word' id='word_1_242' title='bbox 614 1409 688 1445; x_wconf 77' lang='grc' dir='ltr'>ζωὴν</span> <span class='ocrx_word' id='word_1_243' title='bbox 703 1409 823 1442; x_wconf 75' lang='grc' dir='ltr'>αἰώνιον,</span> <span class='ocrx_word' id='word_1_244' title='bbox 836 1410 885 1437; x_wconf 74' lang='grc' dir='ltr'><strong>καὶ</strong></span> <span class='ocrx_word' id='word_1_245' title='bbox 899 1411 930 1437; x_wconf 88' lang='grc' dir='ltr'>οὒ</span> <span class='ocrx_word' id='word_1_246' title='bbox 944 1409 982 1446; x_wconf 82' lang='grc' dir='ltr'>μὴ</span> 
     </span>
    </p>
   </div>
   <div class='ocr_carea' id='block_1_32' title="bbox 189 1455 982 1493">
    <p class='ocr_par' dir='ltr' id='par_1_32' title="bbox 189 1455 982 1493">
     <span class='ocr_line' id='line_1_32' title="bbox 189 1455 982 1493; baseline -0.001 -9"><span class='ocrx_word' id='word_1_247' title='bbox 189 1456 345 1484; x_wconf 79' lang='grc' dir='ltr'>ἀπόλωνται</span> <span class='ocrx_word' id='word_1_248' title='bbox 367 1457 408 1488; x_wconf 77' lang='grc' dir='ltr'><strong>εἰς</strong></span> <span class='ocrx_word' id='word_1_249' title='bbox 435 1456 481 1483; x_wconf 81' lang='grc' dir='ltr'>τὸν</span> <span class='ocrx_word' id='word_1_250' title='bbox 508 1456 606 1483; x_wconf 74' lang='grc' dir='ltr'>αἰῶνα.</span> <span class='ocrx_word' id='word_1_251' title='bbox 635 1456 692 1482; x_wconf 82' lang='lat' dir='ltr'><strong>Kal</strong></span> <span class='ocrx_word' id='word_1_252' title='bbox 715 1455 746 1482; x_wconf 87' lang='grc' dir='ltr'>οὒ</span> <span class='ocrx_word' id='word_1_253' title='bbox 764 1456 801 1491; x_wconf 87' lang='grc' dir='ltr'>μὴ</span> <span class='ocrx_word' id='word_1_254' title='bbox 815 1456 928 1493; x_wconf 80' lang='grc' dir='ltr'>ἁρπάσῃ</span> <span class='ocrx_word' id='word_1_255' title='bbox 940 1465 982 1488; x_wconf 85' lang='grc' dir='ltr'><strong>τις</strong></span> 
     </span>
    </p>
   </div>
   <div class='ocr_carea' id='block_1_33' title="bbox 191 1502 982 1538">
    <p class='ocr_par' dir='ltr' id='par_1_33' title="bbox 191 1502 982 1538">
     <span class='ocr_line' id='line_1_33' title="bbox 191 1502 982 1538; baseline -0.001 -8"><span class='ocrx_word' id='word_1_256' title='bbox 191 1503 261 1530; x_wconf 81' lang='grc' dir='ltr'>αὐτὰ</span> <span class='ocrx_word' id='word_1_257' title='bbox 274 1505 307 1530; x_wconf 77' lang='grc' dir='ltr'><strong>εκ</strong></span> <span class='ocrx_word' id='word_1_258' title='bbox 323 1505 374 1538; x_wconf 85' lang='grc' dir='ltr'>τῆς</span> <span class='ocrx_word' id='word_1_259' title='bbox 388 1503 481 1538; x_wconf 84' lang='grc' dir='ltr'>χειρός</span> <span class='ocrx_word' id='word_1_260' title='bbox 496 1511 559 1538; x_wconf 85' lang='grc' dir='ltr'>μου.</span> <span class='ocrx_word' id='word_1_261' title='bbox 583 1502 612 1529; x_wconf 90' lang='lat'><strong>&#39;0</strong></span> <span class='ocrx_word' id='word_1_262' title='bbox 624 1502 732 1538; x_wconf 85' lang='grc' dir='ltr'>Πατὴρ,</span> <span class='ocrx_word' id='word_1_263' title='bbox 753 1502 782 1534; x_wconf 80' lang='grc' dir='ltr'>ὃς</span> <span class='ocrx_word' id='word_1_264' title='bbox 806 1502 908 1529; x_wconf 80' lang='grc' dir='ltr'><strong>δέδωκέ</strong></span> <span class='ocrx_word' id='word_1_265' title='bbox 925 1511 982 1538; x_wconf 83' lang='grc' dir='ltr'>μοι,</span> 
     </span>
    </p>
   </div>
   <div class='ocr_carea' id='block_1_34' title="bbox 190 1548 984 1585">
    <p class='ocr_par' dir='ltr' id='par_1_34' title="bbox 190 1548 984 1585">
     <span class='ocr_line' id='line_1_34' title="bbox 190 1548 984 1585; baseline 0 -9"><span class='ocrx_word' id='word_1_266' title='bbox 190 1549 301 1576; x_wconf 78' lang='grc' dir='ltr'>πάντων</span> <span class='ocrx_word' id='word_1_267' title='bbox 317 1549 417 1585; x_wconf 79' lang='grc' dir='ltr'>μείζων</span> <span class='ocrx_word' id='word_1_268' title='bbox 433 1549 504 1582; x_wconf 75' lang='grc' dir='ltr'>ἐστὶ,</span> <span class='ocrx_word' id='word_1_269' title='bbox 519 1548 567 1576; x_wconf 73' lang='grc' dir='ltr'>καὶ</span> <span class='ocrx_word' id='word_1_270' title='bbox 578 1548 666 1579; x_wconf 69' lang='grc' dir='ltr'>οὐδεὶς</span> <span class='ocrx_word' id='word_1_271' title='bbox 676 1548 789 1575; x_wconf 84' lang='grc' dir='ltr'>δύναται</span> <span class='ocrx_word' id='word_1_272' title='bbox 803 1548 940 1583; x_wconf 78' lang='grc' dir='ltr'>ἁρπάζειν</span> <span class='ocrx_word' id='word_1_273' title='bbox 951 1550 984 1576; x_wconf 78' lang='grc' dir='ltr'>ἐκ</span> 
     </span>
    </p>
   </div>
   <div class='ocr_carea' id='block_1_35' title="bbox 190 1594 983 1631">
    <p class='ocr_par' dir='ltr' id='par_1_35' title="bbox 190 1594 983 1631">
     <span class='ocr_line' id='line_1_35' title="bbox 190 1594 983 1631; baseline -0.004 -8"><span class='ocrx_word' id='word_1_274' title='bbox 190 1595 242 1631; x_wconf 81' lang='grc' dir='ltr'>τῆς</span> <span class='ocrx_word' id='word_1_275' title='bbox 255 1596 346 1631; x_wconf 81' lang='grc' dir='ltr'>χειρὸς</span> <span class='ocrx_word' id='word_1_276' title='bbox 360 1595 409 1622; x_wconf 80' lang='grc' dir='ltr'>τοῦ</span> <span class='ocrx_word' id='word_1_277' title='bbox 421 1595 543 1631; x_wconf 84' lang='grc' dir='ltr'>Πατέρος</span> <span class='ocrx_word' id='word_1_278' title='bbox 563 1603 624 1630; x_wconf 88' lang='grc' dir='ltr'>μου.</span> <span class='ocrx_word' id='word_1_279' title='bbox 653 1604 663 1621; x_wconf 77' lang='grc' dir='ltr'><strong>ι</strong></span> <span class='ocrx_word' id='word_1_280' title='bbox 682 1594 761 1629; x_wconf 78' lang='grc' dir='ltr'>Φωνὴ</span> <span class='ocrx_word' id='word_1_281' title='bbox 786 1595 841 1630; x_wconf 78' lang='grc' dir='ltr'><strong>γὰρ</strong></span> <span class='ocrx_word' id='word_1_282' title='bbox 862 1594 931 1630; x_wconf 81' lang='grc' dir='ltr'>αὑτὴ</span> <span class='ocrx_word' id='word_1_283' title='bbox 950 1595 983 1631; x_wconf 75' lang='grc' dir='ltr'>τῇ</span> 
     </span>
    </p>
   </div>
   <div class='ocr_carea' id='block_1_36' title="bbox 191 1639 984 1678">
    <p class='ocr_par' dir='ltr' id='par_1_36' title="bbox 191 1639 984 1678">
     <span class='ocr_line' id='line_1_36' title="bbox 191 1639 984 1678; baseline -0.004 -10"><span class='ocrx_word' id='word_1_284' title='bbox 191 1642 362 1678; x_wconf 77' lang='grc' dir='ltr'>προκειμένῃ</span> <span class='ocrx_word' id='word_1_285' title='bbox 377 1641 538 1677; x_wconf 74' lang='grc' dir='ltr'>συνᾴδουσα.</span> <span class='ocrx_word' id='word_1_286' title='bbox 555 1639 634 1672; x_wconf 85' lang='grc' dir='ltr'>Τινὲς</span> <span class='ocrx_word' id='word_1_287' title='bbox 651 1639 679 1666; x_wconf 76' lang='grc' dir='ltr'><strong>δὲ</strong></span> <span class='ocrx_word' id='word_1_288' title='bbox 698 1639 730 1666; x_wconf 84' lang='grc' dir='ltr'>τὺ</span> <span class='ocrx_word' id='word_1_289' title='bbox 741 1659 749 1672; x_wconf 91' lang='lat'><strong>,</strong></span> <span class='ocrx_word' id='word_1_290' title='bbox 774 1639 904 1673; x_wconf 76' lang='grc' dir='ltr'>ἐποίησα</span> <span class='ocrx_word' id='word_1_291' title='bbox 929 1639 984 1666; x_wconf 80' lang='grc' dir='ltr'><strong>ἄλ-</strong></span> 
     </span>
    </p>
   </div>
   <div class='ocr_carea' id='block_1_37' title="bbox 191 1685 986 1723">
    <p class='ocr_par' dir='ltr' id='par_1_37' title="bbox 191 1685 986 1723">
     <span class='ocr_line' id='line_1_37' title="bbox 191 1685 986 1723; baseline -0.004 -8"><span class='ocrx_word' id='word_1_292' title='bbox 191 1687 293 1723; x_wconf 78' lang='grc' dir='ltr'><strong>λατμά</strong></span> <span class='ocrx_word' id='word_1_293' title='bbox 308 1695 368 1716; x_wconf 88' lang='grc' dir='ltr'><strong>σου</strong></span> <span class='ocrx_word' id='word_1_294' title='bbox 381 1688 544 1723; x_wconf 73' lang='grc' dir='ltr'>Αιγυπτον,</span> <span class='ocrx_word' id='word_1_295' title='bbox 562 1688 602 1719; x_wconf 79' lang='grc' dir='ltr'><strong>είς</strong></span> <span class='ocrx_word' id='word_1_296' title='bbox 618 1686 774 1722; x_wconf 84' lang='grc' dir='ltr'>ὑπόμνησιν</span> <span class='ocrx_word' id='word_1_297' title='bbox 794 1685 922 1721; x_wconf 73' lang='grc' dir='ltr'>εἰρῆσθαι</span> <span class='ocrx_word' id='word_1_298' title='bbox 936 1687 986 1721; x_wconf 86' lang='grc' dir='ltr'>τῆς</span> 
     </span>
    </p>
   </div>
   <div class='ocr_carea' id='block_1_38' title="bbox 192 1734 985 1771">
    <p class='ocr_par' dir='ltr' id='par_1_38' title="bbox 192 1734 985 1771">
     <span class='ocr_line' id='line_1_38' title="bbox 192 1734 985 1771; baseline -0.001 -9"><span class='ocrx_word' id='word_1_299' title='bbox 192 1735 223 1768; x_wconf 71' lang='grc' dir='ltr'><strong>ἐξ</strong></span> <span class='ocrx_word' id='word_1_300' title='bbox 236 1734 376 1769; x_wconf 81' lang='grc' dir='ltr'><strong>Αἰγύπτου</strong></span> <span class='ocrx_word' id='word_1_301' title='bbox 388 1735 470 1769; x_wconf 81' lang='grc' dir='ltr'>φασὶν</span> <span class='ocrx_word' id='word_1_302' title='bbox 485 1734 654 1770; x_wconf 70' lang='grc' dir='ltr'>ἐλευθερίας.</span> <span class='ocrx_word' id='word_1_303' title='bbox 665 1736 735 1763; x_wconf 83' lang='grc' dir='ltr'>’Ὀλα</span> <span class='ocrx_word' id='word_1_304' title='bbox 751 1736 806 1771; x_wconf 77' lang='grc' dir='ltr'>γὰρ</span> <span class='ocrx_word' id='word_1_305' title='bbox 819 1735 884 1771; x_wconf 74' lang='grc' dir='ltr'>ἔθνη</span> <span class='ocrx_word' id='word_1_306' title='bbox 898 1743 985 1771; x_wconf 86' lang='grc' dir='ltr'>τιμω-</span> 
     </span>
    </p>
   </div>
   <div class='ocr_carea' id='block_1_39' title="bbox 195 1778 987 1816">
    <p class='ocr_par' dir='ltr' id='par_1_39' title="bbox 195 1778 987 1816">
     <span class='ocr_line' id='line_1_39' title="bbox 195 1778 987 1816; baseline 0.004 -12"><span class='ocrx_word' id='word_1_307' title='bbox 195 1778 352 1814; x_wconf 85' lang='grc' dir='ltr'>ρησάμενος</span> <span class='ocrx_word' id='word_1_308' title='bbox 369 1779 448 1814; x_wconf 80' lang='grc' dir='ltr'>ὑμῶν</span> <span class='ocrx_word' id='word_1_309' title='bbox 462 1780 748 1816; x_wconf 81' lang='grc' dir='ltr'>ἀντικατηλλαξάμην.</span> <span class='ocrx_word' id='word_1_310' title='bbox 771 1780 924 1816; x_wconf 80' lang='grc' dir='ltr'>Τοιγαροῦν</span> <span class='ocrx_word' id='word_1_311' title='bbox 936 1781 987 1807; x_wconf 84' lang='grc' dir='ltr'><strong>ὲπ-</strong></span> 
     </span>
    </p>
   </div>
   <div class='ocr_carea' id='block_1_40' title="bbox 194 1823 987 1862">
    <p class='ocr_par' dir='ltr' id='par_1_40' title="bbox 194 1823 987 1862">
     <span class='ocr_line' id='line_1_40' title="bbox 194 1823 987 1862; baseline 0.001 -10"><span class='ocrx_word' id='word_1_312' title='bbox 194 1825 265 1860; x_wconf 86' lang='grc' dir='ltr'>άγει·</span> <span class='ocrx_word' id='word_1_313' title='bbox 275 1825 337 1860; x_wconf 74' lang='grc' dir='ltr'><strong>Ἀφ’</strong></span> <span class='ocrx_word' id='word_1_314' title='bbox 348 1823 385 1853; x_wconf 84' lang='grc' dir='ltr'>οὗ</span> <span class='ocrx_word' id='word_1_315' title='bbox 393 1825 514 1861; x_wconf 71' lang='grc' dir='ltr'>ἔντιμος</span> <span class='ocrx_word' id='word_1_316' title='bbox 525 1825 633 1861; x_wconf 69' lang='grc' dir='ltr'>ἐγένου</span> <span class='ocrx_word' id='word_1_317' title='bbox 647 1827 777 1854; x_wconf 80' lang='grc' dir='ltr'>ἐνώπιον</span> <span class='ocrx_word' id='word_1_318' title='bbox 788 1827 872 1862; x_wconf 83' lang='grc' dir='ltr'>ἐμοῦ,</span> <span class='ocrx_word' id='word_1_319' title='bbox 881 1825 987 1859; x_wconf 76' lang='grc' dir='ltr'><strong>ἐδοξά-</strong></span> 
     </span>
    </p>
   </div>
   <div class='ocr_carea' id='block_1_41' title="bbox 192 1871 984 1909">
    <p class='ocr_par' dir='ltr' id='par_1_41' title="bbox 192 1871 984 1909">
     <span class='ocr_line' id='line_1_41' title="bbox 192 1871 984 1909; baseline 0.001 -10"><span class='ocrx_word' id='word_1_320' title='bbox 192 1873 280 1905; x_wconf 84' lang='grc' dir='ltr'>σθης.</span> <span class='ocrx_word' id='word_1_321' title='bbox 296 1871 333 1898; x_wconf 82' lang='grc' dir='ltr'><strong>οὐ</strong></span> <span class='ocrx_word' id='word_1_322' title='bbox 348 1871 403 1907; x_wconf 87' lang='grc' dir='ltr'>γὰρ</span> <span class='ocrx_word' id='word_1_323' title='bbox 412 1872 502 1908; x_wconf 73' lang='grc' dir='ltr'>οἰκείᾳ</span> <span class='ocrx_word' id='word_1_324' title='bbox 515 1873 630 1909; x_wconf 82' lang='grc' dir='ltr'>δυνάμει</span> <span class='ocrx_word' id='word_1_325' title='bbox 639 1873 674 1900; x_wconf 81' lang='grc' dir='ltr'>τὰ</span> <span class='ocrx_word' id='word_1_326' title='bbox 686 1873 750 1908; x_wconf 74' lang='grc' dir='ltr'>ἔθνη</span> <span class='ocrx_word' id='word_1_327' title='bbox 763 1873 918 1908; x_wconf 83' lang='grc' dir='ltr'>νενίκηκας,</span> <span class='ocrx_word' id='word_1_328' title='bbox 932 1874 984 1908; x_wconf 79' lang='grc' dir='ltr'><strong>ἐμῇ</strong></span> 
     </span>
    </p>
   </div>
   <div class='ocr_carea' id='block_1_42' title="bbox 192 1916 985 1954">
    <p class='ocr_par' dir='ltr' id='par_1_42' title="bbox 192 1916 985 1954">
     <span class='ocr_line' id='line_1_42' title="bbox 192 1916 985 1954; baseline 0.001 -11"><span class='ocrx_word' id='word_1_329' title='bbox 192 1917 222 1943; x_wconf 78' lang='grc' dir='ltr'><strong>δὲ</strong></span> <span class='ocrx_word' id='word_1_330' title='bbox 232 1916 313 1954; x_wconf 77' lang='grc' dir='ltr'><strong>ῥώμῃ</strong></span> <span class='ocrx_word' id='word_1_331' title='bbox 328 1925 358 1944; x_wconf 81' lang='grc' dir='ltr'><strong>τε</strong></span> <span class='ocrx_word' id='word_1_332' title='bbox 375 1919 422 1945; x_wconf 73' lang='grc' dir='ltr'>καὶ</span> <span class='ocrx_word' id='word_1_333' title='bbox 438 1918 593 1954; x_wconf 83' lang='grc' dir='ltr'>συμμαχίᾳ,</span> <span class='ocrx_word' id='word_1_334' title='bbox 604 1919 651 1945; x_wconf 81' lang='grc' dir='ltr'>καὶ</span> <span class='ocrx_word' id='word_1_335' title='bbox 663 1918 697 1945; x_wconf 74' lang='grc' dir='ltr'>τὰ</span> <span class='ocrx_word' id='word_1_336' title='bbox 708 1919 775 1954; x_wconf 76' lang='grc' dir='ltr'>πρὸς</span> <span class='ocrx_word' id='word_1_337' title='bbox 788 1918 882 1954; x_wconf 86' lang='grc' dir='ltr'>χρείαν</span> <span class='ocrx_word' id='word_1_338' title='bbox 890 1918 933 1946; x_wconf 76' lang='grc' dir='ltr'><strong>ἀεὶ</strong></span> <span class='ocrx_word' id='word_1_339' title='bbox 939 1927 985 1954; x_wconf 87' lang='grc' dir='ltr'>χο-</span> 
     </span>
    </p>
   </div>
   <div class='ocr_carea' id='block_1_43' title="bbox 194 1963 986 2000">
    <p class='ocr_par' dir='ltr' id='par_1_43' title="bbox 194 1963 986 2000">
     <span class='ocr_line' id='line_1_43' title="bbox 194 1963 986 2000; baseline 0.003 -11"><span class='ocrx_word' id='word_1_340' title='bbox 194 1963 377 1999; x_wconf 82' lang='grc' dir='ltr'>ρηγήσαντος,</span> <span class='ocrx_word' id='word_1_341' title='bbox 391 1963 427 1996; x_wconf 77' lang='grc' dir='ltr'>ὼς</span> <span class='ocrx_word' id='word_1_342' title='bbox 439 1965 473 1991; x_wconf 82' lang='grc' dir='ltr'>τὰ</span> <span class='ocrx_word' id='word_1_343' title='bbox 488 1964 568 2000; x_wconf 79' lang='grc' dir='ltr'>πέριξ</span> <span class='ocrx_word' id='word_1_344' title='bbox 585 1964 648 2000; x_wconf 80' lang='grc' dir='ltr'>ἔθνη</span> <span class='ocrx_word' id='word_1_345' title='bbox 662 1964 814 2000; x_wconf 79' lang='grc' dir='ltr'>θαυμάζειν</span> <span class='ocrx_word' id='word_1_346' title='bbox 828 1964 986 1999; x_wconf 82' lang='grc' dir='ltr'>καταπλητ-</span> 
     </span>
    </p>
   </div>
   <div class='ocr_carea' id='block_1_44' title="bbox 193 2008 987 2046">
    <p class='ocr_par' dir='ltr' id='par_1_44' title="bbox 193 2008 987 2046">
     <span class='ocr_line' id='line_1_44' title="bbox 193 2008 987 2046; baseline 0.001 -11"><span class='ocrx_word' id='word_1_347' title='bbox 193 2008 304 2044; x_wconf 85' lang='grc' dir='ltr'>τόμενα.</span> <span class='ocrx_word' id='word_1_348' title='bbox 317 2009 373 2036; x_wconf 81' lang='grc' dir='ltr'><strong>Καὶ</strong></span> <span class='ocrx_word' id='word_1_349' title='bbox 389 2010 438 2037; x_wconf 84' lang='grc' dir='ltr'><strong>νῦν</strong></span> <span class='ocrx_word' id='word_1_350' title='bbox 456 2009 485 2037; x_wconf 80' lang='grc' dir='ltr'><strong>δὲ</strong></span> <span class='ocrx_word' id='word_1_351' title='bbox 503 2010 595 2045; x_wconf 81' lang='grc' dir='ltr'>δράσω</span> <span class='ocrx_word' id='word_1_352' title='bbox 606 2010 640 2037; x_wconf 84' lang='grc' dir='ltr'>τὰ</span> <span class='ocrx_word' id='word_1_353' title='bbox 656 2011 846 2046; x_wconf 83' lang='grc' dir='ltr'>παραπλήσια.</span> <span class='ocrx_word' id='word_1_354' title='bbox 862 2010 922 2038; x_wconf 82' lang='grc' dir='ltr'><strong>Κᾶν</strong></span> <span class='ocrx_word' id='word_1_355' title='bbox 933 2010 987 2046; x_wconf 83' lang='grc' dir='ltr'><strong>γὰρ</strong></span> 
     </span>
    </p>
   </div>
   <div class='ocr_carea' id='block_1_45' title="bbox 193 2052 987 2091">
    <p class='ocr_par' dir='ltr' id='par_1_45' title="bbox 193 2052 987 2091">
     <span class='ocr_line' id='line_1_45' title="bbox 193 2052 987 2091; baseline 0.004 -12"><span class='ocrx_word' id='word_1_356' title='bbox 193 2052 231 2085; x_wconf 83' lang='grc' dir='ltr'>ὡς</span> <span class='ocrx_word' id='word_1_357' title='bbox 248 2053 370 2080; x_wconf 80' lang='grc' dir='ltr'>ἁλουσῶν</span> <span class='ocrx_word' id='word_1_358' title='bbox 384 2054 438 2082; x_wconf 84' lang='grc' dir='ltr'><strong>τῶν</strong></span> <span class='ocrx_word' id='word_1_359' title='bbox 459 2054 474 2081; x_wconf 84' lang='grc' dir='ltr'>ι’</span> <span class='ocrx_word' id='word_1_360' title='bbox 489 2055 582 2089; x_wconf 83' lang='grc' dir='ltr'>φυλῶν</span> <span class='ocrx_word' id='word_1_361' title='bbox 598 2055 779 2087; x_wconf 82' lang='grc' dir='ltr'>ὕπεκλύεσθε,</span> <span class='ocrx_word' id='word_1_362' title='bbox 804 2055 858 2091; x_wconf 85' lang='grc' dir='ltr'>χρὴ</span> <span class='ocrx_word' id='word_1_363' title='bbox 875 2056 987 2082; x_wconf 79' lang='grc' dir='ltr'>σκοπεῖν</span> 
     </span>
    </p>
   </div>
   <div class='ocr_carea' id='block_1_46' title="bbox 192 2098 988 2138">
    <p class='ocr_par' dir='ltr' id='par_1_46' title="bbox 192 2098 988 2138">
     <span class='ocr_line' id='line_1_46' title="bbox 192 2098 988 2138; baseline 0.005 -13"><span class='ocrx_word' id='word_1_364' title='bbox 192 2098 232 2131; x_wconf 85' lang='grc' dir='ltr'>ὡς</span> <span class='ocrx_word' id='word_1_365' title='bbox 252 2099 278 2126; x_wconf 84' lang='grc' dir='ltr'>εῑ</span> <span class='ocrx_word' id='word_1_366' title='bbox 303 2100 435 2136; x_wconf 83' lang='grc' dir='ltr'>γενοίμην</span> <span class='ocrx_word' id='word_1_367' title='bbox 461 2101 526 2136; x_wconf 75' lang='grc' dir='ltr'>ὑμῖν</span> <span class='ocrx_word' id='word_1_368' title='bbox 554 2101 682 2138; x_wconf 84' lang='grc' dir='ltr'>εὐμενὴς,</span> <span class='ocrx_word' id='word_1_369' title='bbox 698 2102 868 2137; x_wconf 82' lang='grc' dir='ltr'>πανταχόθεν</span> <span class='ocrx_word' id='word_1_370' title='bbox 885 2101 988 2134; x_wconf 85' lang='grc' dir='ltr'>πάντες</span> 
     </span>
    </p>
   </div>
   <div class='ocr_carea' id='block_1_47' title="bbox 192 2143 986 2183">
    <p class='ocr_par' dir='ltr' id='par_1_47' title="bbox 192 2143 986 2183">
     <span class='ocr_line' id='line_1_47' title="bbox 192 2143 986 2183; baseline 0.004 -12"><span class='ocrx_word' id='word_1_371' title='bbox 192 2143 373 2180; x_wconf 66' lang='lat' dir='ltr'><strong>contractis,</strong></span> <span class='ocrx_word' id='word_1_372' title='bbox 388 2147 434 2173; x_wconf 83' lang='grc' dir='ltr'><strong>καὶ</strong></span> <span class='ocrx_word' id='word_1_373' title='bbox 450 2147 481 2173; x_wconf 83' lang='grc' dir='ltr'>τὸ</span> <span class='ocrx_word' id='word_1_374' title='bbox 494 2146 544 2181; x_wconf 87' lang='grc' dir='ltr'><strong>τὴν</strong></span> <span class='ocrx_word' id='word_1_375' title='bbox 567 2148 717 2183; x_wconf 79' lang='grc' dir='ltr'>ἀνάκλησιν</span> <span class='ocrx_word' id='word_1_376' title='bbox 739 2147 883 2175; x_wconf 72' lang='grc' dir='ltr'><strong>κωλύσον</strong></span> <span class='ocrx_word' id='word_1_377' title='bbox 898 2148 986 2174; x_wconf 84' lang='grc' dir='ltr'><strong>οὐδέν.</strong></span> 
     </span>
    </p>
   </div>
   <div class='ocr_carea' id='block_1_48' title="bbox 192 2190 987 2229">
    <p class='ocr_par' dir='ltr' id='par_1_48' title="bbox 192 2190 987 2229">
     <span class='ocr_line' id='line_1_48' title="bbox 192 2190 987 2229; baseline 0.004 -12"><span class='ocrx_word' id='word_1_378' title='bbox 192 2190 248 2217; x_wconf 82' lang='lat' dir='ltr'><strong>Kal</strong></span> <span class='ocrx_word' id='word_1_379' title='bbox 265 2191 315 2226; x_wconf 78' lang='grc' dir='ltr'>τὴν</span> <span class='ocrx_word' id='word_1_380' title='bbox 331 2192 418 2228; x_wconf 78' lang='grc' dir='ltr'>ἀρχὴν</span> <span class='ocrx_word' id='word_1_381' title='bbox 432 2192 486 2228; x_wconf 77' lang='grc' dir='ltr'>γὰρ</span> <span class='ocrx_word' id='word_1_382' title='bbox 498 2192 574 2227; x_wconf 80' lang='grc' dir='ltr'>ἐμῆς</span> <span class='ocrx_word' id='word_1_383' title='bbox 585 2194 666 2220; x_wconf 76' lang='grc' dir='ltr'>ἕνεκα</span> <span class='ocrx_word' id='word_1_384' title='bbox 683 2193 776 2227; x_wconf 78' lang='grc' dir='ltr'>δόξης</span> <span class='ocrx_word' id='word_1_385' title='bbox 790 2193 987 2229; x_wconf 80' lang='grc' dir='ltr'>περιεποιησά-</span> 
     </span>
    </p>
   </div>
   <div class='ocr_carea' id='block_1_49' title="bbox 194 2233 1023 2274">
    <p class='ocr_par' dir='ltr' id='par_1_49' title="bbox 194 2233 1023 2274">
     <span class='ocr_line' id='line_1_49' title="bbox 194 2233 1023 2274; baseline 0.004 -11"><span class='ocrx_word' id='word_1_386' title='bbox 194 2244 247 2272; x_wconf 85' lang='grc' dir='ltr'><strong>μην</strong></span> <span class='ocrx_word' id='word_1_387' title='bbox 262 2237 345 2273; x_wconf 80' lang='grc' dir='ltr'>ὑμᾶς,</span> <span class='ocrx_word' id='word_1_388' title='bbox 360 2239 408 2265; x_wconf 77' lang='grc' dir='ltr'>καὶ</span> <span class='ocrx_word' id='word_1_389' title='bbox 422 2237 456 2265; x_wconf 74' lang='grc' dir='ltr'><strong>τά</strong></span> <span class='ocrx_word' id='word_1_390' title='bbox 469 2239 537 2274; x_wconf 83' lang='grc' dir='ltr'>πρὸς</span> <span class='ocrx_word' id='word_1_391' title='bbox 554 2239 604 2274; x_wconf 75' lang='grc' dir='ltr'><strong>ἐμὲ</strong></span> <span class='ocrx_word' id='word_1_392' title='bbox 627 2239 857 2274; x_wconf 67' lang='grc' dir='ltr'>τυφλώττοντνας</span> <span class='ocrx_word' id='word_1_393' title='bbox 875 2239 985 2266; x_wconf 83' lang='grc' dir='ltr'>ὲλευοε-</span> <span class='ocrx_word' id='word_1_394' title='bbox 1001 2233 1023 2261; x_wconf 87' lang='grc' dir='ltr'>Ῑ)</span> 
     </span>
    </p>
   </div>
   <div class='ocr_carea' id='block_1_50' title="bbox 194 2283 984 2321">
    <p class='ocr_par' dir='ltr' id='par_1_50' title="bbox 194 2283 984 2321">
     <span class='ocr_line' id='line_1_50' title="bbox 194 2283 984 2321; baseline 0.004 -12"><span class='ocrx_word' id='word_1_395' title='bbox 194 2283 254 2318; x_wconf 68' lang='lat' dir='ltr'><strong>pia;</strong></span> <span class='ocrx_word' id='word_1_396' title='bbox 281 2284 397 2318; x_wconf 78' lang='grc' dir='ltr'>ἠξίωσα.</span> <span class='ocrx_word' id='word_1_397' title='bbox 417 2285 454 2311; x_wconf 85' lang='grc' dir='ltr'><strong>οὺ</strong></span> <span class='ocrx_word' id='word_1_398' title='bbox 485 2285 541 2320; x_wconf 84' lang='grc' dir='ltr'>γὰρ</span> <span class='ocrx_word' id='word_1_399' title='bbox 566 2284 673 2312; x_wconf 75' lang='grc' dir='ltr'>οἴκοθεν</span> <span class='ocrx_word' id='word_1_400' title='bbox 692 2285 816 2321; x_wconf 74' lang='grc' dir='ltr'>κινηθεὶς</span> <span class='ocrx_word' id='word_1_401' title='bbox 840 2285 984 2320; x_wconf 81' lang='grc' dir='ltr'>ὠκειώοης</span> 
     </span>
    </p>
   </div>
   <div class='ocr_carea' id='block_1_51' title="bbox 192 2329 982 2368">
    <p class='ocr_par' dir='ltr' id='par_1_51' title="bbox 192 2329 982 2368">
     <span class='ocr_line' id='line_1_51' title="bbox 192 2329 982 2368; baseline 0.005 -12"><span class='ocrx_word' id='word_1_402' title='bbox 192 2329 264 2365; x_wconf 75' lang='grc' dir='ltr'>ἐμοί.</span> <span class='ocrx_word' id='word_1_403' title='bbox 276 2331 308 2357; x_wconf 91' lang='grc' dir='ltr'>Τί</span> <span class='ocrx_word' id='word_1_404' title='bbox 320 2329 366 2358; x_wconf 81' lang='grc' dir='ltr'><strong>οὖν</strong></span> <span class='ocrx_word' id='word_1_405' title='bbox 380 2331 450 2366; x_wconf 80' lang='grc' dir='ltr'>μετὰ</span> <span class='ocrx_word' id='word_1_406' title='bbox 462 2331 598 2368; x_wconf 77' lang='grc' dir='ltr'>τοσαύτην</span> <span class='ocrx_word' id='word_1_407' title='bbox 611 2334 720 2368; x_wconf 84' lang='grc' dir='ltr'>πεῖραν,</span> <span class='ocrx_word' id='word_1_408' title='bbox 731 2332 769 2363; x_wconf 82' lang='grc' dir='ltr'>ὡς</span> <span class='ocrx_word' id='word_1_409' title='bbox 785 2333 855 2368; x_wconf 85' lang='grc' dir='ltr'>μήτε</span> <span class='ocrx_word' id='word_1_410' title='bbox 869 2332 982 2366; x_wconf 80' lang='grc' dir='ltr'>ίδόντες,</span> 
     </span>
    </p>
   </div>
   <div class='ocr_carea' id='block_1_52' title="bbox 194 2376 726 2412">
    <p class='ocr_par' dir='ltr' id='par_1_52' title="bbox 194 2376 726 2412">
     <span class='ocr_line' id='line_1_52' title="bbox 194 2376 726 2412; baseline 0.006 -10"><span class='ocrx_word' id='word_1_411' title='bbox 194 2376 264 2411; x_wconf 88' lang='grc' dir='ltr'>μήτε</span> <span class='ocrx_word' id='word_1_412' title='bbox 285 2377 338 2412; x_wconf 91' lang='grc' dir='ltr'><strong>μὴν</strong></span> <span class='ocrx_word' id='word_1_413' title='bbox 351 2377 502 2412; x_wconf 76' lang='grc' dir='ltr'>ἀκηκοότες</span> <span class='ocrx_word' id='word_1_414' title='bbox 518 2377 726 2412; x_wconf 71' lang='grc' dir='ltr'>τυφλώττετε;</span> 
     </span>
    </p>
   </div>
   <div class='ocr_carea' id='block_1_53' title="bbox 1026 262 1820 297">
    <p class='ocr_par' dir='ltr' id='par_1_53' title="bbox 1026 262 1820 297">
     <span class='ocr_line' id='line_1_53' title="bbox 1026 262 1820 297; baseline 0 -8"><span class='ocrx_word' id='word_1_415' title='bbox 1026 267 1107 290; x_wconf 79' lang='lat' dir='ltr'><strong>eunte</strong></span> <span class='ocrx_word' id='word_1_416' title='bbox 1129 263 1194 289; x_wconf 81' lang='lat' dir='ltr'><strong>mihi</strong></span> <span class='ocrx_word' id='word_1_417' title='bbox 1216 267 1303 290; x_wconf 72' lang='lat' dir='ltr'><strong>testes.</strong></span> <span class='ocrx_word' id='word_1_418' title='bbox 1321 262 1380 297; x_wconf 86' lang='lat' dir='ltr'>Ipse</span> <span class='ocrx_word' id='word_1_419' title='bbox 1397 269 1461 290; x_wconf 85' lang='lat' dir='ltr'><strong>vero</strong></span> <span class='ocrx_word' id='word_1_420' title='bbox 1491 262 1556 288; x_wconf 82' lang='lat' dir='ltr'><strong>mihi</strong></span> <span class='ocrx_word' id='word_1_421' title='bbox 1580 270 1641 288; x_wconf 80' lang='lat' dir='ltr'><strong>cum</strong></span> <span class='ocrx_word' id='word_1_422' title='bbox 1664 262 1721 296; x_wconf 79' lang='lat' dir='ltr'><strong>filio</strong></span> <span class='ocrx_word' id='word_1_423' title='bbox 1746 262 1820 289; x_wconf 69' lang='lat' dir='ltr'><strong>testis</strong></span> 
     </span>
    </p>
   </div>
   <div class='ocr_carea' id='block_1_54' title="bbox 1027 306 1818 341">
    <p class='ocr_par' dir='ltr' id='par_1_54' title="bbox 1027 306 1818 341">
     <span class='ocr_line' id='line_1_54' title="bbox 1027 306 1818 341; baseline -0.001 -7"><span class='ocrx_word' id='word_1_424' title='bbox 1027 307 1115 335; x_wconf 80' lang='lat' dir='ltr'><strong>fuero.</strong></span> <span class='ocrx_word' id='word_1_425' title='bbox 1133 307 1242 335; x_wconf 84' lang='lat' dir='ltr'><strong>Dicebat</strong></span> <span class='ocrx_word' id='word_1_426' title='bbox 1255 307 1327 334; x_wconf 88' lang='lat' dir='ltr'><strong>enim</strong></span> <span class='ocrx_word' id='word_1_427' title='bbox 1341 307 1467 334; x_wconf 73' lang='lat' dir='ltr'><strong>Salvator</strong></span> <span class='ocrx_word' id='word_1_428' title='bbox 1483 315 1489 333; x_wconf 88' lang='lat'><strong>:</strong></span> <span class='ocrx_word' id='word_1_429' title='bbox 1503 316 1513 332; x_wconf 72' lang='grc' dir='ltr'><strong>ι</strong></span> <span class='ocrx_word' id='word_1_430' title='bbox 1527 306 1556 334; x_wconf 92' lang='lat' dir='ltr'><strong>Si</strong></span> <span class='ocrx_word' id='word_1_431' title='bbox 1568 314 1619 341; x_wconf 78' lang='lat' dir='ltr'><strong>ego</strong></span> <span class='ocrx_word' id='word_1_432' title='bbox 1631 306 1818 334; x_wconf 90' lang='lat' dir='ltr'><strong>testimonium</strong></span> 
     </span>
    </p>
   </div>
   <div class='ocr_carea' id='block_1_55' title="bbox 1028 354 1818 389">
    <p class='ocr_par' dir='ltr' id='par_1_55' title="bbox 1028 354 1818 389">
     <span class='ocr_line' id='line_1_55' title="bbox 1028 354 1818 389; baseline -0.003 -7"><span class='ocrx_word' id='word_1_433' title='bbox 1028 355 1157 389; x_wconf 87' lang='lat' dir='ltr'><strong>perhibeo</strong></span> <span class='ocrx_word' id='word_1_434' title='bbox 1173 354 1206 382; x_wconf 90' lang='lat' dir='ltr'><strong>de</strong></span> <span class='ocrx_word' id='word_1_435' title='bbox 1225 362 1269 382; x_wconf 90' lang='lat' dir='ltr'><strong>me</strong></span> <span class='ocrx_word' id='word_1_436' title='bbox 1295 356 1367 389; x_wconf 89' lang='lat' dir='ltr'><strong>ipso,</strong></span> <span class='ocrx_word' id='word_1_437' title='bbox 1382 355 1569 382; x_wconf 78' lang='lat' dir='ltr'><strong>testimonium</strong></span> <span class='ocrx_word' id='word_1_438' title='bbox 1601 361 1691 381; x_wconf 88' lang='lat' dir='ltr'><strong>meum</strong></span> <span class='ocrx_word' id='word_1_439' title='bbox 1724 361 1818 381; x_wconf 86' lang='lat' dir='ltr'><strong>verum</strong></span> 
     </span>
    </p>
   </div>
   <div class='ocr_carea' id='block_1_56' title="bbox 1028 399 1820 436">
    <p class='ocr_par' dir='ltr' id='par_1_56' title="bbox 1028 399 1820 436">
     <span class='ocr_line' id='line_1_56' title="bbox 1028 399 1820 436; baseline -0.001 -9"><span class='ocrx_word' id='word_1_440' title='bbox 1028 404 1070 427; x_wconf 90' lang='lat' dir='ltr'><strong>est</strong></span> <span class='ocrx_word' id='word_1_441' title='bbox 1085 408 1092 426; x_wconf 92' lang='lat'><strong>:</strong></span> <span class='ocrx_word' id='word_1_442' title='bbox 1109 401 1172 434; x_wconf 86' lang='lat' dir='ltr'><strong>quia</strong></span> <span class='ocrx_word' id='word_1_443' title='bbox 1191 408 1240 436; x_wconf 85' lang='lat' dir='ltr'><strong>ego</strong></span> <span class='ocrx_word' id='word_1_444' title='bbox 1255 401 1316 427; x_wconf 89' lang='lat' dir='ltr'><strong>novi</strong></span> <span class='ocrx_word' id='word_1_445' title='bbox 1331 400 1403 428; x_wconf 86' lang='lat' dir='ltr'><strong>unde</strong></span> <span class='ocrx_word' id='word_1_446' title='bbox 1417 408 1490 431; x_wconf 85' lang='lat' dir='ltr'><strong>sum.</strong></span> <span class='ocrx_word' id='word_1_447' title='bbox 1506 405 1534 428; x_wconf 80' lang='lat' dir='ltr'><strong>et</strong></span> <span class='ocrx_word' id='word_1_448' title='bbox 1549 409 1604 435; x_wconf 78' lang='lat' dir='ltr'><strong>quo</strong></span> <span class='ocrx_word' id='word_1_449' title='bbox 1617 400 1688 427; x_wconf 86' lang='lat' dir='ltr'><strong>vado</strong></span> <span class='ocrx_word' id='word_1_450' title='bbox 1702 400 1736 426; x_wconf 74' lang='lat'><strong>“.</strong></span> <span class='ocrx_word' id='word_1_451' title='bbox 1755 409 1764 425; x_wconf 73' lang='grc' dir='ltr'><strong>ι</strong></span> <span class='ocrx_word' id='word_1_452' title='bbox 1787 399 1820 426; x_wconf 83' lang='lat' dir='ltr'><strong>Et</strong></span> 
     </span>
    </p>
   </div>
   <div class='ocr_carea' id='block_1_57' title="bbox 1029 446 1819 482">
    <p class='ocr_par' dir='ltr' id='par_1_57' title="bbox 1029 446 1819 482">
     <span class='ocr_line' id='line_1_57' title="bbox 1029 446 1819 482; baseline 0 -9"><span class='ocrx_word' id='word_1_453' title='bbox 1029 454 1147 474; x_wconf 81' lang='lat' dir='ltr'><strong>rursus:</strong></span> <span class='ocrx_word' id='word_1_454' title='bbox 1168 446 1247 482; x_wconf 71' lang='lat' dir='ltr'><strong>«Ego</strong></span> <span class='ocrx_word' id='word_1_455' title='bbox 1279 447 1466 474; x_wconf 81' lang='lat' dir='ltr'><strong>testimonium</strong></span> <span class='ocrx_word' id='word_1_456' title='bbox 1494 447 1624 482; x_wconf 82' lang='lat' dir='ltr'><strong>perhibeo</strong></span> <span class='ocrx_word' id='word_1_457' title='bbox 1637 447 1671 473; x_wconf 90' lang='lat' dir='ltr'><strong>de</strong></span> <span class='ocrx_word' id='word_1_458' title='bbox 1702 447 1819 482; x_wconf 83' lang='lat' dir='ltr'><strong>meipso,</strong></span> 
     </span>
    </p>
   </div>
   <div class='ocr_carea' id='block_1_58' title="bbox 1029 492 1821 527">
    <p class='ocr_par' dir='ltr' id='par_1_58' title="bbox 1029 492 1821 527">
     <span class='ocr_line' id='line_1_58' title="bbox 1029 492 1821 527; baseline 0 -8"><span class='ocrx_word' id='word_1_459' title='bbox 1029 496 1056 519; x_wconf 91' lang='lat' dir='ltr'><strong>et</strong></span> <span class='ocrx_word' id='word_1_460' title='bbox 1084 496 1198 520; x_wconf 86' lang='lat' dir='ltr'><strong>testatur</strong></span> <span class='ocrx_word' id='word_1_461' title='bbox 1216 492 1250 520; x_wconf 90' lang='lat' dir='ltr'><strong>de</strong></span> <span class='ocrx_word' id='word_1_462' title='bbox 1275 500 1328 525; x_wconf 88' lang='lat' dir='ltr'><strong>me,</strong></span> <span class='ocrx_word' id='word_1_463' title='bbox 1349 492 1395 527; x_wconf 87' lang='lat' dir='ltr'><strong>qui</strong></span> <span class='ocrx_word' id='word_1_464' title='bbox 1425 492 1499 519; x_wconf 88' lang='lat' dir='ltr'><strong>misit</strong></span> <span class='ocrx_word' id='word_1_465' title='bbox 1521 500 1564 520; x_wconf 87' lang='lat' dir='ltr'><strong>me</strong></span> <span class='ocrx_word' id='word_1_466' title='bbox 1591 492 1670 520; x_wconf 80' lang='lat' dir='ltr'><strong>l’ater</strong></span> <span class='ocrx_word' id='word_1_467' title='bbox 1695 492 1727 520; x_wconf 76' lang='grc'><strong>³⁸.</strong></span> <span class='ocrx_word' id='word_1_468' title='bbox 1759 492 1821 520; x_wconf 74' lang='lat' dir='ltr'><strong>Hmc</strong></span> 
     </span>
    </p>
   </div>
   <div class='ocr_carea' id='block_1_59' title="bbox 1029 539 1819 572">
    <p class='ocr_par' dir='ltr' id='par_1_59' title="bbox 1029 539 1819 572">
     <span class='ocr_line' id='line_1_59' title="bbox 1029 539 1819 572; baseline -0.001 -6"><span class='ocrx_word' id='word_1_469' title='bbox 1029 544 1121 566; x_wconf 85' lang='lat' dir='ltr'><strong>autem</strong></span> <span class='ocrx_word' id='word_1_470' title='bbox 1142 539 1249 566; x_wconf 82' lang='lat' dir='ltr'><strong>locutus</strong></span> <span class='ocrx_word' id='word_1_471' title='bbox 1263 547 1323 565; x_wconf 81' lang='lat' dir='ltr'><strong>sunt</strong></span> <span class='ocrx_word' id='word_1_472' title='bbox 1337 539 1423 571; x_wconf 84' lang='lat' dir='ltr'><strong>vobis,</strong></span> <span class='ocrx_word' id='word_1_473' title='bbox 1440 543 1467 565; x_wconf 86' lang='lat' dir='ltr'><strong>ut</strong></span> <span class='ocrx_word' id='word_1_474' title='bbox 1481 540 1585 572; x_wconf 78' lang='lat' dir='ltr'><strong>sciatis,</strong></span> <span class='ocrx_word' id='word_1_475' title='bbox 1601 546 1625 566; x_wconf 87' lang='lat' dir='ltr'><strong>et</strong></span> <span class='ocrx_word' id='word_1_476' title='bbox 1637 541 1763 571; x_wconf 78' lang='lat' dir='ltr'><strong>credatis.</strong></span> <span class='ocrx_word' id='word_1_477' title='bbox 1794 545 1819 566; x_wconf 84' lang='lat' dir='ltr'><strong>et</strong></span> 
     </span>
    </p>
   </div>
   <div class='ocr_carea' id='block_1_60' title="bbox 1029 585 1821 621">
    <p class='ocr_par' dir='ltr' id='par_1_60' title="bbox 1029 585 1821 621">
     <span class='ocr_line' id='line_1_60' title="bbox 1029 585 1821 621; baseline 0 -9"><span class='ocrx_word' id='word_1_478' title='bbox 1029 585 1195 620; x_wconf 79' lang='lat' dir='ltr'><strong>intelligalis,</strong></span> <span class='ocrx_word' id='word_1_479' title='bbox 1211 586 1273 620; x_wconf 85' lang='lat' dir='ltr'><strong>quia</strong></span> <span class='ocrx_word' id='word_1_480' title='bbox 1287 593 1332 619; x_wconf 81' lang='lat' dir='ltr'><strong>ego</strong></span> <span class='ocrx_word' id='word_1_481' title='bbox 1343 593 1412 612; x_wconf 76' lang='lat' dir='ltr'><strong>sum.</strong></span> <span class='ocrx_word' id='word_1_482' title='bbox 1436 595 1444 610; x_wconf 72' lang='grc' dir='ltr'><strong>ι</strong></span> <span class='ocrx_word' id='word_1_483' title='bbox 1469 585 1548 612; x_wconf 76' lang='lat' dir='ltr'><strong>Fides</strong></span> <span class='ocrx_word' id='word_1_484' title='bbox 1564 585 1636 612; x_wconf 86' lang='lat' dir='ltr'><strong>enim</strong></span> <span class='ocrx_word' id='word_1_485' title='bbox 1653 586 1821 621; x_wconf 76' lang='lat' dir='ltr'><strong>cognitione,</strong></span> 
     </span>
    </p>
   </div>
   <div class='ocr_carea' id='block_1_61' title="bbox 1030 631 1822 666">
    <p class='ocr_par' dir='ltr' id='par_1_61' title="bbox 1030 631 1822 666">
     <span class='ocr_line' id='line_1_61' title="bbox 1030 631 1822 666; baseline 0.001 -8"><span class='ocrx_word' id='word_1_486' title='bbox 1030 631 1083 658; x_wconf 78' lang='lat' dir='ltr'><strong>[ide</strong></span> <span class='ocrx_word' id='word_1_487' title='bbox 1105 635 1195 658; x_wconf 86' lang='lat' dir='ltr'><strong>autem</strong></span> <span class='ocrx_word' id='word_1_488' title='bbox 1223 631 1402 665; x_wconf 72' lang='lat' dir='ltr'><strong>intelligentia</strong></span> <span class='ocrx_word' id='word_1_489' title='bbox 1426 637 1612 666; x_wconf 73' lang='lat' dir='ltr'><strong>comparatur.</strong></span> <span class='ocrx_word' id='word_1_490' title='bbox 1636 640 1645 656; x_wconf 78' lang='grc' dir='ltr'><strong>ι</strong></span> <span class='ocrx_word' id='word_1_491' title='bbox 1662 631 1720 658; x_wconf 76' lang='grc' dir='ltr'>Μεὶ</span> <span class='ocrx_word' id='word_1_492' title='bbox 1749 631 1822 659; x_wconf 89' lang='lat' dir='ltr'><strong>enim</strong></span> 
     </span>
    </p>
   </div>
   <div class='ocr_carea' id='block_1_62' title="bbox 1030 677 1822 712">
    <p class='ocr_par' dir='ltr' id='par_1_62' title="bbox 1030 677 1822 712">
     <span class='ocr_line' id='line_1_62' title="bbox 1030 677 1822 712; baseline 0 -8"><span class='ocrx_word' id='word_1_493' title='bbox 1030 677 1212 710; x_wconf 75' lang='lat' dir='ltr'><strong>credideritis,</strong></span> <span class='ocrx_word' id='word_1_494' title='bbox 1227 678 1323 712; x_wconf 87' lang='lat' dir='ltr'><strong>inquit,</strong></span> <span class='ocrx_word' id='word_1_495' title='bbox 1342 685 1396 704; x_wconf 91' lang='lat' dir='ltr'><strong>non</strong></span> <span class='ocrx_word' id='word_1_496' title='bbox 1410 677 1565 712; x_wconf 79' lang='lat' dir='ltr'><strong>intelligetis</strong></span> <span class='ocrx_word' id='word_1_497' title='bbox 1578 677 1610 704; x_wconf 81' lang='grc'><strong>³⁸.</strong></span> <span class='ocrx_word' id='word_1_498' title='bbox 1626 687 1636 704; x_wconf 84' lang='grc'><strong>›</strong></span> <span class='ocrx_word' id='word_1_499' title='bbox 1653 677 1703 710; x_wconf 88' lang='lat' dir='ltr'><strong>Qui</strong></span> <span class='ocrx_word' id='word_1_500' title='bbox 1731 683 1822 705; x_wconf 89' lang='lat' dir='ltr'><strong>autem</strong></span> 
     </span>
    </p>
   </div>
   <div class='ocr_carea' id='block_1_63' title="bbox 1030 722 1823 758">
    <p class='ocr_par' dir='ltr' id='par_1_63' title="bbox 1030 722 1823 758">
     <span class='ocr_line' id='line_1_63' title="bbox 1030 722 1823 758; baseline 0 -8"><span class='ocrx_word' id='word_1_501' title='bbox 1030 731 1091 751; x_wconf 84' lang='lat' dir='ltr'><strong>sum</strong></span> <span class='ocrx_word' id='word_1_502' title='bbox 1106 727 1235 755; x_wconf 65' lang='lat' dir='ltr'><strong>aeternus,</strong></span> <span class='ocrx_word' id='word_1_503' title='bbox 1248 731 1308 750; x_wconf 86' lang='lat' dir='ltr'><strong>sum</strong></span> <span class='ocrx_word' id='word_1_504' title='bbox 1321 723 1391 750; x_wconf 87' lang='lat' dir='ltr'><strong>idem</strong></span> <span class='ocrx_word' id='word_1_505' title='bbox 1403 727 1431 750; x_wconf 84' lang='lat' dir='ltr'><strong>et</strong></span> <span class='ocrx_word' id='word_1_506' title='bbox 1446 722 1582 750; x_wconf 75' lang='lat' dir='ltr'><strong>Salvator.</strong></span> <span class='ocrx_word' id='word_1_507' title='bbox 1593 723 1626 750; x_wconf 88' lang='lat' dir='ltr'><strong>Et</strong></span> <span class='ocrx_word' id='word_1_508' title='bbox 1640 724 1686 758; x_wconf 87' lang='lat' dir='ltr'><strong>qui</strong></span> <span class='ocrx_word' id='word_1_509' title='bbox 1703 723 1823 758; x_wconf 73' lang='lat' dir='ltr'><strong>przeutisi</strong></span> 
     </span>
    </p>
   </div>
   <div class='ocr_carea' id='block_1_64' title="bbox 1030 769 1822 804">
    <p class='ocr_par' dir='ltr' id='par_1_64' title="bbox 1030 769 1822 804">
     <span class='ocr_line' id='line_1_64' title="bbox 1030 769 1822 804; baseline -0.001 -8"><span class='ocrx_word' id='word_1_510' title='bbox 1030 769 1135 797; x_wconf 72' lang='lat' dir='ltr'><strong>salvare</strong></span> <span class='ocrx_word' id='word_1_511' title='bbox 1149 777 1201 802; x_wconf 86' lang='lat' dir='ltr'><strong>me,</strong></span> <span class='ocrx_word' id='word_1_512' title='bbox 1224 769 1250 796; x_wconf 90' lang='lat' dir='ltr'><strong>id</strong></span> <span class='ocrx_word' id='word_1_513' title='bbox 1266 769 1349 796; x_wconf 90' lang='lat' dir='ltr'><strong>etiam</strong></span> <span class='ocrx_word' id='word_1_514' title='bbox 1363 777 1411 804; x_wconf 89' lang='lat' dir='ltr'><strong>per</strong></span> <span class='ocrx_word' id='word_1_515' title='bbox 1423 769 1565 796; x_wconf 87' lang='lat' dir='ltr'><strong>Christum</strong></span> <span class='ocrx_word' id='word_1_516' title='bbox 1582 777 1678 804; x_wconf 89' lang='lat' dir='ltr'><strong>reapse</strong></span> <span class='ocrx_word' id='word_1_517' title='bbox 1696 769 1822 804; x_wconf 72' lang='lat' dir='ltr'><strong>praestiti.</strong></span> 
     </span>
    </p>
   </div>
   <div class='ocr_carea' id='block_1_65' title="bbox 1031 815 1823 851">
    <p class='ocr_par' dir='ltr' id='par_1_65' title="bbox 1031 815 1823 851">
     <span class='ocr_line' id='line_1_65' title="bbox 1031 815 1823 851; baseline 0 -8"><span class='ocrx_word' id='word_1_518' title='bbox 1031 815 1197 850; x_wconf 71' lang='lat' dir='ltr'><strong>Exprobravi</strong></span> <span class='ocrx_word' id='word_1_519' title='bbox 1211 819 1314 848; x_wconf 89' lang='lat' dir='ltr'><strong>autem,</strong></span> <span class='ocrx_word' id='word_1_520' title='bbox 1335 815 1434 851; x_wconf 84' lang='lat' dir='ltr'><strong>inquit,</strong></span> <span class='ocrx_word' id='word_1_521' title='bbox 1456 815 1561 848; x_wconf 85' lang='lat' dir='ltr'><strong>Israeli,</strong></span> <span class='ocrx_word' id='word_1_522' title='bbox 1575 823 1638 842; x_wconf 89' lang='lat' dir='ltr'><strong>eum</strong></span> <span class='ocrx_word' id='word_1_523' title='bbox 1661 815 1748 850; x_wconf 87' lang='lat' dir='ltr'><strong>ipsum</strong></span> <span class='ocrx_word' id='word_1_524' title='bbox 1773 823 1823 843; x_wconf 85' lang='lat' dir='ltr'><strong>vo-</strong></span> 
     </span>
    </p>
   </div>
   <div class='ocr_carea' id='block_1_66' title="bbox 1031 861 1823 897">
    <p class='ocr_par' dir='ltr' id='par_1_66' title="bbox 1031 861 1823 897">
     <span class='ocr_line' id='line_1_66' title="bbox 1031 861 1823 897; baseline -0.001 -8"><span class='ocrx_word' id='word_1_525' title='bbox 1031 863 1178 897; x_wconf 87' lang='lat' dir='ltr'><strong>luptatum,</strong></span> <span class='ocrx_word' id='word_1_526' title='bbox 1192 869 1274 897; x_wconf 89' lang='lat' dir='ltr'><strong>quam</strong></span> <span class='ocrx_word' id='word_1_527' title='bbox 1303 861 1349 889; x_wconf 90' lang='lat' dir='ltr'><strong>Dei</strong></span> <span class='ocrx_word' id='word_1_528' title='bbox 1361 869 1422 889; x_wconf 88' lang='lat' dir='ltr'><strong>esse</strong></span> <span class='ocrx_word' id='word_1_529' title='bbox 1442 861 1644 894; x_wconf 81' lang='lat' dir='ltr'><strong>amantiorem;</strong></span> <span class='ocrx_word' id='word_1_530' title='bbox 1661 861 1708 896; x_wconf 90' lang='lat' dir='ltr'><strong>qui</strong></span> <span class='ocrx_word' id='word_1_531' title='bbox 1738 862 1823 896; x_wconf 83' lang='lat' dir='ltr'><strong>legem</strong></span> 
     </span>
    </p>
   </div>
   <div class='ocr_carea' id='block_1_67' title="bbox 1032 907 1824 943">
    <p class='ocr_par' dir='ltr' id='par_1_67' title="bbox 1032 907 1824 943">
     <span class='ocr_line' id='line_1_67' title="bbox 1032 907 1824 943; baseline -0.001 -8"><span class='ocrx_word' id='word_1_532' title='bbox 1032 917 1120 936; x_wconf 78' lang='lat' dir='ltr'><strong>meum</strong></span> <span class='ocrx_word' id='word_1_533' title='bbox 1136 907 1310 943; x_wconf 74' lang='lat' dir='ltr'><strong>prtetergredi</strong></span> <span class='ocrx_word' id='word_1_534' title='bbox 1329 916 1383 936; x_wconf 90' lang='lat' dir='ltr'><strong>non</strong></span> <span class='ocrx_word' id='word_1_535' title='bbox 1402 907 1548 935; x_wconf 89' lang='lat' dir='ltr'><strong>dubitarit.</strong></span> <span class='ocrx_word' id='word_1_536' title='bbox 1563 907 1615 935; x_wconf 87' lang='lat' dir='ltr'><strong>Sed</strong></span> <span class='ocrx_word' id='word_1_537' title='bbox 1649 907 1759 935; x_wconf 85' lang='lat' dir='ltr'><strong>eosdem</strong></span> <span class='ocrx_word' id='word_1_538' title='bbox 1775 914 1824 941; x_wconf 79' lang='lat' dir='ltr'><strong>ego</strong></span> 
     </span>
    </p>
   </div>
   <div class='ocr_carea' id='block_1_68' title="bbox 1031 953 1823 989">
    <p class='ocr_par' dir='ltr' id='par_1_68' title="bbox 1031 953 1823 989">
     <span class='ocr_line' id='line_1_68' title="bbox 1031 953 1823 989; baseline -0.003 -7"><span class='ocrx_word' id='word_1_539' title='bbox 1031 955 1174 983; x_wconf 86' lang='lat' dir='ltr'><strong>invasione</strong></span> <span class='ocrx_word' id='word_1_540' title='bbox 1201 955 1323 983; x_wconf 87' lang='lat' dir='ltr'><strong>hostium</strong></span> <span class='ocrx_word' id='word_1_541' title='bbox 1350 954 1481 989; x_wconf 87' lang='lat' dir='ltr'><strong>castigavi</strong></span> <span class='ocrx_word' id='word_1_542' title='bbox 1495 975 1502 987; x_wconf 92' lang='lat'><strong>,</strong></span> <span class='ocrx_word' id='word_1_543' title='bbox 1521 961 1583 981; x_wconf 90' lang='lat' dir='ltr'><strong>cum</strong></span> <span class='ocrx_word' id='word_1_544' title='bbox 1597 961 1612 981; x_wconf 88' lang='lat' dir='ltr'><strong>a</strong></span> <span class='ocrx_word' id='word_1_545' title='bbox 1644 961 1686 980; x_wconf 87' lang='lat' dir='ltr'><strong>me</strong></span> <span class='ocrx_word' id='word_1_546' title='bbox 1709 953 1823 981; x_wconf 83' lang='lat' dir='ltr'><strong>salutem</strong></span> 
     </span>
    </p>
   </div>
   <div class='ocr_carea' id='block_1_69' title="bbox 1031 999 1824 1036">
    <p class='ocr_par' dir='ltr' id='par_1_69' title="bbox 1031 999 1824 1036">
     <span class='ocr_line' id='line_1_69' title="bbox 1031 999 1824 1036; baseline -0.004 -8"><span class='ocrx_word' id='word_1_547' title='bbox 1031 1004 1195 1036; x_wconf 70' lang='lat' dir='ltr'><strong>quaererent,</strong></span> <span class='ocrx_word' id='word_1_548' title='bbox 1220 1001 1292 1028; x_wconf 88' lang='lat' dir='ltr'><strong>sicut</strong></span> <span class='ocrx_word' id='word_1_549' title='bbox 1309 1008 1356 1035; x_wconf 87' lang='lat' dir='ltr'><strong>per</strong></span> <span class='ocrx_word' id='word_1_550' title='bbox 1372 999 1518 1028; x_wconf 82' lang='lat' dir='ltr'><strong>Jeremiam</strong></span> <span class='ocrx_word' id='word_1_551' title='bbox 1535 999 1692 1034; x_wconf 66' lang='lat' dir='ltr'><strong>exprobranti</strong></span> <span class='ocrx_word' id='word_1_552' title='bbox 1705 999 1748 1026; x_wconf 82' lang='lat' dir='ltr'><strong>his</strong></span> <span class='ocrx_word' id='word_1_553' title='bbox 1762 1006 1824 1025; x_wconf 87' lang='lat' dir='ltr'><strong>ver—</strong></span> 
     </span>
    </p>
   </div>
   <div class='ocr_carea' id='block_1_70' title="bbox 1031 1046 1823 1083">
    <p class='ocr_par' dir='ltr' id='par_1_70' title="bbox 1031 1046 1823 1083">
     <span class='ocr_line' id='line_1_70' title="bbox 1031 1046 1823 1083; baseline -0.006 -7"><span class='ocrx_word' id='word_1_554' title='bbox 1031 1047 1074 1076; x_wconf 84' lang='lat' dir='ltr'><strong>bis</strong></span> <span class='ocrx_word' id='word_1_555' title='bbox 1091 1057 1120 1075; x_wconf 77' lang='grc' dir='ltr'><strong>ε(</strong></span> <span class='ocrx_word' id='word_1_556' title='bbox 1134 1048 1164 1074; x_wconf 94' lang='lat' dir='ltr'><strong>ln</strong></span> <span class='ocrx_word' id='word_1_557' title='bbox 1175 1053 1296 1083; x_wconf 86' lang='lat' dir='ltr'><strong>tempore</strong></span> <span class='ocrx_word' id='word_1_558' title='bbox 1315 1047 1448 1073; x_wconf 85' lang='lat' dir='ltr'><strong>malorum</strong></span> <span class='ocrx_word' id='word_1_559' title='bbox 1470 1054 1582 1074; x_wconf 84' lang='lat' dir='ltr'><strong>suorum</strong></span> <span class='ocrx_word' id='word_1_560' title='bbox 1596 1046 1700 1076; x_wconf 87' lang='lat' dir='ltr'><strong>dicent.</strong></span> <span class='ocrx_word' id='word_1_561' title='bbox 1718 1046 1823 1072; x_wconf 80' lang='lat' dir='ltr'><strong>Exsur-</strong></span> 
     </span>
    </p>
   </div>
   <div class='ocr_carea' id='block_1_71' title="bbox 1031 1090 1825 1129">
    <p class='ocr_par' dir='ltr' id='par_1_71' title="bbox 1031 1090 1825 1129">
     <span class='ocr_line' id='line_1_71' title="bbox 1031 1090 1825 1129; baseline -0.004 -9"><span class='ocrx_word' id='word_1_562' title='bbox 1031 1101 1074 1129; x_wconf 85' lang='lat' dir='ltr'><strong>ge,</strong></span> <span class='ocrx_word' id='word_1_563' title='bbox 1088 1098 1115 1120; x_wconf 89' lang='lat' dir='ltr'><strong>et</strong></span> <span class='ocrx_word' id='word_1_564' title='bbox 1136 1093 1210 1121; x_wconf 83' lang='lat' dir='ltr'><strong>salva</strong></span> <span class='ocrx_word' id='word_1_565' title='bbox 1228 1100 1277 1120; x_wconf 93' lang='lat' dir='ltr'><strong>nos</strong></span> <span class='ocrx_word' id='word_1_566' title='bbox 1292 1093 1324 1113; x_wconf 86' lang='lat'><strong>&quot;-</strong></span> <span class='ocrx_word' id='word_1_567' title='bbox 1342 1101 1351 1118; x_wconf 76' lang='grc' dir='ltr'><strong>ι</strong></span> <span class='ocrx_word' id='word_1_568' title='bbox 1374 1092 1424 1119; x_wconf 89' lang='lat' dir='ltr'><strong>Et:</strong></span> <span class='ocrx_word' id='word_1_569' title='bbox 1446 1101 1455 1118; x_wconf 76' lang='grc' dir='ltr'><strong>ι</strong></span> <span class='ocrx_word' id='word_1_570' title='bbox 1474 1091 1526 1119; x_wconf 85' lang='lat' dir='ltr'><strong>Ubi</strong></span> <span class='ocrx_word' id='word_1_571' title='bbox 1540 1096 1605 1118; x_wconf 88' lang='lat' dir='ltr'><strong>sunt</strong></span> <span class='ocrx_word' id='word_1_572' title='bbox 1635 1091 1673 1118; x_wconf 83' lang='lat' dir='ltr'><strong>dii</strong></span> <span class='ocrx_word' id='word_1_573' title='bbox 1688 1090 1737 1123; x_wconf 85' lang='lat' dir='ltr'><strong>tui,</strong></span> <span class='ocrx_word' id='word_1_574' title='bbox 1755 1097 1825 1125; x_wconf 86' lang='lat' dir='ltr'><strong>quos</strong></span> 
     </span>
    </p>
   </div>
   <div class='ocr_carea' id='block_1_72' title="bbox 1031 1135 1825 1170">
    <p class='ocr_par' dir='ltr' id='par_1_72' title="bbox 1031 1135 1825 1170">
     <span class='ocr_line' id='line_1_72' title="bbox 1031 1135 1825 1170; baseline -0.001 -7"><span class='ocrx_word' id='word_1_575' title='bbox 1031 1136 1134 1164; x_wconf 80' lang='lat' dir='ltr'><strong>frustra</strong></span> <span class='ocrx_word' id='word_1_576' title='bbox 1149 1136 1238 1164; x_wconf 82' lang='lat' dir='ltr'><strong>fecisti</strong></span> <span class='ocrx_word' id='word_1_577' title='bbox 1261 1136 1309 1164; x_wconf 90' lang='lat' dir='ltr'><strong>tibi</strong></span> <span class='ocrx_word' id='word_1_578' title='bbox 1324 1135 1335 1162; x_wconf 90' lang='lat'><strong>?</strong></span> <span class='ocrx_word' id='word_1_579' title='bbox 1351 1144 1415 1163; x_wconf 90' lang='lat' dir='ltr'><strong>num</strong></span> <span class='ocrx_word' id='word_1_580' title='bbox 1434 1140 1548 1170; x_wconf 81' lang='lat' dir='ltr'><strong>surgent</strong></span> <span class='ocrx_word' id='word_1_581' title='bbox 1571 1140 1598 1163; x_wconf 88' lang='lat' dir='ltr'><strong>et</strong></span> <span class='ocrx_word' id='word_1_582' title='bbox 1617 1135 1773 1163; x_wconf 83' lang='lat' dir='ltr'><strong>liberabunt</strong></span> <span class='ocrx_word' id='word_1_583' title='bbox 1799 1139 1825 1162; x_wconf 85' lang='lat' dir='ltr'><strong>te</strong></span> 
     </span>
    </p>
   </div>
   <div class='ocr_carea' id='block_1_73' title="bbox 1032 1181 1826 1218">
    <p class='ocr_par' dir='ltr' id='par_1_73' title="bbox 1032 1181 1826 1218">
     <span class='ocr_line' id='line_1_73' title="bbox 1032 1181 1826 1218; baseline -0.003 -8"><span class='ocrx_word' id='word_1_584' title='bbox 1032 1182 1060 1210; x_wconf 91' lang='lat' dir='ltr'><strong>in</strong></span> <span class='ocrx_word' id='word_1_585' title='bbox 1081 1187 1202 1218; x_wconf 86' lang='lat' dir='ltr'><strong>tempore</strong></span> <span class='ocrx_word' id='word_1_586' title='bbox 1218 1182 1374 1210; x_wconf 80' lang='lat' dir='ltr'><strong>aﬂlictionis</strong></span> <span class='ocrx_word' id='word_1_587' title='bbox 1389 1186 1442 1209; x_wconf 66' lang='lat' dir='ltr'><strong>tua:</strong></span> <span class='ocrx_word' id='word_1_588' title='bbox 1457 1182 1498 1209; x_wconf 71' lang='lat' dir='ltr'><strong>&quot;‘I</strong></span> <span class='ocrx_word' id='word_1_589' title='bbox 1512 1191 1520 1208; x_wconf 89' lang='grc'><strong>›</strong></span> <span class='ocrx_word' id='word_1_590' title='bbox 1539 1181 1653 1209; x_wconf 81' lang='lat' dir='ltr'><strong>Snloabo</strong></span> <span class='ocrx_word' id='word_1_591' title='bbox 1681 1181 1764 1216; x_wconf 88' lang='lat' dir='ltr'><strong>igitur</strong></span> <span class='ocrx_word' id='word_1_592' title='bbox 1778 1189 1826 1216; x_wconf 84' lang='lat' dir='ltr'><strong>ego</strong></span> 
     </span>
    </p>
   </div>
   <div class='ocr_carea' id='block_1_74' title="bbox 1032 1228 1825 1264">
    <p class='ocr_par' dir='ltr' id='par_1_74' title="bbox 1032 1228 1825 1264">
     <span class='ocr_line' id='line_1_74' title="bbox 1032 1228 1825 1264; baseline -0.004 -7"><span class='ocrx_word' id='word_1_593' title='bbox 1032 1230 1125 1262; x_wconf 75' lang='lat' dir='ltr'><strong>solus;</strong></span> <span class='ocrx_word' id='word_1_594' title='bbox 1142 1237 1193 1257; x_wconf 87' lang='lat' dir='ltr'><strong>nec</strong></span> <span class='ocrx_word' id='word_1_595' title='bbox 1209 1229 1309 1264; x_wconf 85' lang='lat' dir='ltr'><strong>poterit</strong></span> <span class='ocrx_word' id='word_1_596' title='bbox 1319 1230 1469 1264; x_wconf 87' lang='lat' dir='ltr'><strong>quisquam</strong></span> <span class='ocrx_word' id='word_1_597' title='bbox 1490 1228 1615 1255; x_wconf 74' lang='lat' dir='ltr'><strong>mortibus</strong></span> <span class='ocrx_word' id='word_1_598' title='bbox 1631 1228 1696 1255; x_wconf 73' lang='lat' dir='ltr'><strong>meis</strong></span> <span class='ocrx_word' id='word_1_599' title='bbox 1722 1235 1825 1258; x_wconf 82' lang='lat' dir='ltr'><strong>eruere,</strong></span> 
     </span>
    </p>
   </div>
   <div class='ocr_carea' id='block_1_75' title="bbox 1033 1273 1828 1312">
    <p class='ocr_par' dir='ltr' id='par_1_75' title="bbox 1033 1273 1828 1312">
     <span class='ocr_line' id='line_1_75' title="bbox 1033 1273 1828 1312; baseline -0.005 -8"><span class='ocrx_word' id='word_1_600' title='bbox 1033 1284 1114 1312; x_wconf 86' lang='lat' dir='ltr'><strong>quem</strong></span> <span class='ocrx_word' id='word_1_601' title='bbox 1138 1276 1242 1302; x_wconf 74' lang='lat' dir='ltr'><strong>salvare</strong></span> <span class='ocrx_word' id='word_1_602' title='bbox 1269 1278 1401 1303; x_wconf 86' lang='lat' dir='ltr'><strong>statuero.</strong></span> <span class='ocrx_word' id='word_1_603' title='bbox 1429 1273 1554 1306; x_wconf 80' lang='lat' dir='ltr'><strong>Faciam,</strong></span> <span class='ocrx_word' id='word_1_604' title='bbox 1579 1278 1604 1301; x_wconf 85' lang='lat' dir='ltr'><strong>et</strong></span> <span class='ocrx_word' id='word_1_605' title='bbox 1631 1274 1689 1309; x_wconf 80' lang='lat' dir='ltr'><strong>quis</strong></span> <span class='ocrx_word' id='word_1_606' title='bbox 1709 1274 1828 1301; x_wconf 82' lang='lat' dir='ltr'><strong>avertet?</strong></span> 
     </span>
    </p>
   </div>
   <div class='ocr_carea' id='block_1_76' title="bbox 1033 1320 1826 1358">
    <p class='ocr_par' dir='ltr' id='par_1_76' title="bbox 1033 1320 1826 1358">
     <span class='ocr_line' id='line_1_76' title="bbox 1033 1320 1826 1358; baseline -0.005 -8"><span class='ocrx_word' id='word_1_607' title='bbox 1033 1323 1094 1358; x_wconf 78' lang='lat' dir='ltr'><strong>Ipse</strong></span> <span class='ocrx_word' id='word_1_608' title='bbox 1114 1322 1214 1349; x_wconf 77' lang='lat' dir='ltr'><strong>saluavi</strong></span> <span class='ocrx_word' id='word_1_609' title='bbox 1227 1325 1332 1357; x_wconf 90' lang='lat' dir='ltr'><strong>gentes,</strong></span> <span class='ocrx_word' id='word_1_610' title='bbox 1348 1327 1376 1348; x_wconf 91' lang='lat' dir='ltr'><strong>et</strong></span> <span class='ocrx_word' id='word_1_611' title='bbox 1392 1321 1455 1356; x_wconf 92' lang='lat' dir='ltr'><strong>quis</strong></span> <span class='ocrx_word' id='word_1_612' title='bbox 1472 1325 1521 1353; x_wconf 87' lang='lat' dir='ltr'><strong>est,</strong></span> <span class='ocrx_word' id='word_1_613' title='bbox 1541 1320 1588 1355; x_wconf 96' lang='lat' dir='ltr'><strong>qui</strong></span> <span class='ocrx_word' id='word_1_614' title='bbox 1623 1327 1680 1348; x_wconf 90' lang='lat' dir='ltr'><strong>rem</strong></span> <span class='ocrx_word' id='word_1_615' title='bbox 1706 1320 1744 1347; x_wconf 90' lang='lat' dir='ltr'><strong>ita</strong></span> <span class='ocrx_word' id='word_1_616' title='bbox 1770 1327 1826 1347; x_wconf 94' lang='lat' dir='ltr'><strong>non</strong></span> 
     </span>
    </p>
   </div>
   <div class='ocr_carea' id='block_1_77' title="bbox 1034 1366 1827 1401">
    <p class='ocr_par' dir='ltr' id='par_1_77' title="bbox 1034 1366 1827 1401">
     <span class='ocr_line' id='line_1_77' title="bbox 1034 1366 1827 1401; baseline -0.005 -5"><span class='ocrx_word' id='word_1_617' title='bbox 1034 1369 1136 1397; x_wconf 85' lang='lat' dir='ltr'><strong>habere</strong></span> <span class='ocrx_word' id='word_1_618' title='bbox 1149 1368 1239 1401; x_wconf 87' lang='lat' dir='ltr'><strong>dicat;</strong></span> <span class='ocrx_word' id='word_1_619' title='bbox 1254 1370 1302 1395; x_wconf 87' lang='lat' dir='ltr'><strong>aut</strong></span> <span class='ocrx_word' id='word_1_620' title='bbox 1318 1366 1448 1394; x_wconf 83' lang='lat' dir='ltr'><strong>infectam</strong></span> <span class='ocrx_word' id='word_1_621' title='bbox 1467 1367 1588 1394; x_wconf 81' lang='lat' dir='ltr'><strong>reddat?</strong></span> <span class='ocrx_word' id='word_1_622' title='bbox 1602 1366 1672 1394; x_wconf 84' lang='lat' dir='ltr'><strong>llinc</strong></span> <span class='ocrx_word' id='word_1_623' title='bbox 1686 1370 1729 1394; x_wconf 90' lang='lat' dir='ltr'><strong>est</strong></span> <span class='ocrx_word' id='word_1_624' title='bbox 1742 1367 1827 1401; x_wconf 83' lang='lat' dir='ltr'><strong>igitur</strong></span> 
     </span>
    </p>
   </div>
   <div class='ocr_carea' id='block_1_78' title="bbox 1034 1411 1828 1449">
    <p class='ocr_par' dir='ltr' id='par_1_78' title="bbox 1034 1411 1828 1449">
     <span class='ocr_line' id='line_1_78' title="bbox 1034 1411 1828 1449; baseline -0.003 -8"><span class='ocrx_word' id='word_1_625' title='bbox 1034 1414 1112 1447; x_wconf 89' lang='lat' dir='ltr'><strong>illud,</strong></span> <span class='ocrx_word' id='word_1_626' title='bbox 1125 1413 1196 1449; x_wconf 89' lang='lat' dir='ltr'><strong>quod</strong></span> <span class='ocrx_word' id='word_1_627' title='bbox 1218 1413 1253 1441; x_wconf 88' lang='lat' dir='ltr'><strong>de</strong></span> <span class='ocrx_word' id='word_1_628' title='bbox 1267 1413 1327 1440; x_wconf 83' lang='lat' dir='ltr'><strong>suis</strong></span> <span class='ocrx_word' id='word_1_629' title='bbox 1352 1412 1450 1440; x_wconf 83' lang='lat' dir='ltr'><strong>ovibus</strong></span> <span class='ocrx_word' id='word_1_630' title='bbox 1465 1412 1573 1440; x_wconf 85' lang='lat' dir='ltr'><strong>dicebat</strong></span> <span class='ocrx_word' id='word_1_631' title='bbox 1593 1412 1739 1439; x_wconf 87' lang='lat' dir='ltr'><strong>Salvator:</strong></span> <span class='ocrx_word' id='word_1_632' title='bbox 1763 1421 1773 1437; x_wconf 75' lang='grc' dir='ltr'><strong>ι</strong></span> <span class='ocrx_word' id='word_1_633' title='bbox 1795 1411 1828 1439; x_wconf 83' lang='lat' dir='ltr'><strong>Et</strong></span> 
     </span>
    </p>
   </div>
   <div class='ocr_carea' id='block_1_79' title="bbox 1035 1457 1826 1497">
    <p class='ocr_par' dir='ltr' id='par_1_79' title="bbox 1035 1457 1826 1497">
     <span class='ocr_line' id='line_1_79' title="bbox 1035 1457 1826 1497; baseline -0.009 -7"><span class='ocrx_word' id='word_1_634' title='bbox 1035 1469 1086 1497; x_wconf 85' lang='lat' dir='ltr'><strong>ego</strong></span> <span class='ocrx_word' id='word_1_635' title='bbox 1102 1461 1163 1488; x_wconf 86' lang='lat' dir='ltr'><strong>dedi</strong></span> <span class='ocrx_word' id='word_1_636' title='bbox 1180 1460 1220 1488; x_wconf 88' lang='lat' dir='ltr'><strong>eis</strong></span> <span class='ocrx_word' id='word_1_637' title='bbox 1235 1459 1318 1487; x_wconf 87' lang='lat' dir='ltr'><strong>vitam</strong></span> <span class='ocrx_word' id='word_1_638' title='bbox 1335 1460 1542 1494; x_wconf 85' lang='lat' dir='ltr'><strong>sempiternam,</strong></span> <span class='ocrx_word' id='word_1_639' title='bbox 1562 1465 1649 1492; x_wconf 90' lang='lat' dir='ltr'><strong>neque</strong></span> <span class='ocrx_word' id='word_1_640' title='bbox 1660 1457 1788 1493; x_wconf 82' lang='lat' dir='ltr'><strong>peribunt</strong></span> <span class='ocrx_word' id='word_1_641' title='bbox 1799 1457 1826 1483; x_wconf 97' lang='lat' dir='ltr'><strong>in</strong></span> 
     </span>
    </p>
   </div>
   <div class='ocr_carea' id='block_1_80' title="bbox 1035 1502 1827 1540">
    <p class='ocr_par' dir='ltr' id='par_1_80' title="bbox 1035 1502 1827 1540">
     <span class='ocr_line' id='line_1_80' title="bbox 1035 1502 1827 1540; baseline -0.006 -6"><span class='ocrx_word' id='word_1_642' title='bbox 1035 1506 1177 1538; x_wconf 77' lang='lat' dir='ltr'><strong>saeculum,</strong></span> <span class='ocrx_word' id='word_1_643' title='bbox 1199 1512 1288 1540; x_wconf 90' lang='lat' dir='ltr'><strong>neque</strong></span> <span class='ocrx_word' id='word_1_644' title='bbox 1302 1511 1349 1532; x_wconf 85' lang='lat' dir='ltr'><strong>eas</strong></span> <span class='ocrx_word' id='word_1_645' title='bbox 1375 1503 1493 1538; x_wconf 84' lang='lat' dir='ltr'><strong>abripiet</strong></span> <span class='ocrx_word' id='word_1_646' title='bbox 1513 1503 1659 1538; x_wconf 80' lang='lat' dir='ltr'><strong>quisquam</strong></span> <span class='ocrx_word' id='word_1_647' title='bbox 1685 1502 1718 1530; x_wconf 88' lang='lat' dir='ltr'><strong>de</strong></span> <span class='ocrx_word' id='word_1_648' title='bbox 1744 1510 1827 1529; x_wconf 89' lang='lat' dir='ltr'><strong>manu</strong></span> 
     </span>
    </p>
   </div>
   <div class='ocr_carea' id='block_1_81' title="bbox 998 1548 1824 1592">
    <p class='ocr_par' dir='ltr' id='par_1_81' title="bbox 998 1548 1824 1592">
     <span class='ocr_line' id='line_1_81' title="bbox 998 1548 1824 1592; baseline -0.005 -13"><span class='ocrx_word' id='word_1_649' title='bbox 998 1562 1020 1592; x_wconf 71' lang='grc' dir='ltr'><strong>α</strong></span> <span class='ocrx_word' id='word_1_650' title='bbox 1037 1560 1107 1579; x_wconf 87' lang='lat' dir='ltr'><strong>mea.</strong></span> <span class='ocrx_word' id='word_1_651' title='bbox 1126 1551 1216 1584; x_wconf 85' lang='lat' dir='ltr'><strong>Pater,</strong></span> <span class='ocrx_word' id='word_1_652' title='bbox 1229 1551 1277 1586; x_wconf 91' lang='lat' dir='ltr'><strong>qui</strong></span> <span class='ocrx_word' id='word_1_653' title='bbox 1296 1550 1371 1578; x_wconf 86' lang='lat' dir='ltr'><strong>dedit</strong></span> <span class='ocrx_word' id='word_1_654' title='bbox 1387 1551 1463 1582; x_wconf 88' lang='lat' dir='ltr'><strong>mihi,</strong></span> <span class='ocrx_word' id='word_1_655' title='bbox 1478 1550 1601 1576; x_wconf 88' lang='lat' dir='ltr'><strong>omnium</strong></span> <span class='ocrx_word' id='word_1_656' title='bbox 1612 1553 1654 1576; x_wconf 88' lang='lat' dir='ltr'><strong>est</strong></span> <span class='ocrx_word' id='word_1_657' title='bbox 1669 1548 1824 1584; x_wconf 84' lang='lat' dir='ltr'><strong>potentissi-</strong></span> 
     </span>
    </p>
   </div>
   <div class='ocr_carea' id='block_1_82' title="bbox 1035 1594 1828 1633">
    <p class='ocr_par' dir='ltr' id='par_1_82' title="bbox 1035 1594 1828 1633">
     <span class='ocr_line' id='line_1_82' title="bbox 1035 1594 1828 1633; baseline -0.006 -7"><span class='ocrx_word' id='word_1_658' title='bbox 1035 1606 1175 1631; x_wconf 85' lang='lat' dir='ltr'><strong>mus;nec</strong></span> <span class='ocrx_word' id='word_1_659' title='bbox 1194 1601 1283 1633; x_wconf 87' lang='lat' dir='ltr'><strong>potest</strong></span> <span class='ocrx_word' id='word_1_660' title='bbox 1297 1597 1442 1632; x_wconf 83' lang='lat' dir='ltr'><strong>quisquam</strong></span> <span class='ocrx_word' id='word_1_661' title='bbox 1466 1603 1564 1630; x_wconf 85' lang='lat' dir='ltr'><strong>rapere</strong></span> <span class='ocrx_word' id='word_1_662' title='bbox 1583 1595 1618 1623; x_wconf 91' lang='lat' dir='ltr'><strong>de</strong></span> <span class='ocrx_word' id='word_1_663' title='bbox 1632 1603 1715 1622; x_wconf 90' lang='lat' dir='ltr'><strong>manu</strong></span> <span class='ocrx_word' id='word_1_664' title='bbox 1738 1594 1828 1621; x_wconf 83' lang='lat' dir='ltr'><strong>Patris</strong></span> 
     </span>
    </p>
   </div>
   <div class='ocr_carea' id='block_1_83' title="bbox 1036 1641 1829 1675">
    <p class='ocr_par' dir='ltr' id='par_1_83' title="bbox 1036 1641 1829 1675">
     <span class='ocr_line' id='line_1_83' title="bbox 1036 1641 1829 1675; baseline -0.006 -3"><span class='ocrx_word' id='word_1_665' title='bbox 1036 1645 1089 1673; x_wconf 89' lang='lat' dir='ltr'><strong>mei</strong></span> <span class='ocrx_word' id='word_1_666' title='bbox 1103 1644 1134 1671; x_wconf 82' lang='grc'><strong>³⁹.</strong></span> <span class='ocrx_word' id='word_1_667' title='bbox 1152 1653 1162 1670; x_wconf 71' lang='grc' dir='ltr'><strong>ι</strong></span> <span class='ocrx_word' id='word_1_668' title='bbox 1179 1643 1322 1670; x_wconf 86' lang='lat' dir='ltr'><strong>Consentit</strong></span> <span class='ocrx_word' id='word_1_669' title='bbox 1346 1642 1418 1670; x_wconf 90' lang='lat' dir='ltr'><strong>enim</strong></span> <span class='ocrx_word' id='word_1_670' title='bbox 1447 1649 1497 1668; x_wconf 82' lang='lat' dir='ltr'><strong>vox</strong></span> <span class='ocrx_word' id='word_1_671' title='bbox 1528 1641 1591 1672; x_wconf 78' lang='lat' dir='ltr'><strong>ista,</strong></span> <span class='ocrx_word' id='word_1_672' title='bbox 1620 1648 1681 1668; x_wconf 86' lang='lat' dir='ltr'><strong>cum</strong></span> <span class='ocrx_word' id='word_1_673' title='bbox 1707 1641 1742 1668; x_wconf 89' lang='lat' dir='ltr'><strong>iis</strong></span> <span class='ocrx_word' id='word_1_674' title='bbox 1768 1648 1829 1675; x_wconf 64' lang='lat' dir='ltr'><strong>qua!</strong></span> 
     </span>
    </p>
   </div>
   <div class='ocr_carea' id='block_1_84' title="bbox 1036 1686 1825 1724">
    <p class='ocr_par' dir='ltr' id='par_1_84' title="bbox 1036 1686 1825 1724">
     <span class='ocr_line' id='line_1_84' title="bbox 1036 1686 1825 1724; baseline -0.006 -6"><span class='ocrx_word' id='word_1_675' title='bbox 1036 1691 1116 1718; x_wconf 88' lang='lat' dir='ltr'><strong>nobis</strong></span> <span class='ocrx_word' id='word_1_676' title='bbox 1148 1696 1163 1716; x_wconf 86' lang='lat' dir='ltr'><strong>a</strong></span> <span class='ocrx_word' id='word_1_677' title='bbox 1189 1689 1322 1724; x_wconf 82' lang='lat' dir='ltr'><strong>propheta</strong></span> <span class='ocrx_word' id='word_1_678' title='bbox 1352 1691 1554 1723; x_wconf 77' lang='lat' dir='ltr'><strong>proponuntur.</strong></span> <span class='ocrx_word' id='word_1_679' title='bbox 1582 1686 1712 1713; x_wconf 85' lang='lat' dir='ltr'><strong>Nonnulli</strong></span> <span class='ocrx_word' id='word_1_680' title='bbox 1736 1692 1825 1713; x_wconf 80' lang='lat' dir='ltr'><strong>autem</strong></span> 
     </span>
    </p>
   </div>
   <div class='ocr_carea' id='block_1_85' title="bbox 1035 1731 1829 1771">
    <p class='ocr_par' dir='ltr' id='par_1_85' title="bbox 1035 1731 1829 1771">
     <span class='ocr_line' id='line_1_85' title="bbox 1035 1731 1829 1771; baseline -0.005 -9"><span class='ocrx_word' id='word_1_681' title='bbox 1035 1736 1108 1771; x_wconf 84' lang='lat' dir='ltr'><strong>quod</strong></span> <span class='ocrx_word' id='word_1_682' title='bbox 1126 1735 1177 1771; x_wconf 74' lang='lat' dir='ltr'><strong>feci</strong></span> <span class='ocrx_word' id='word_1_683' title='bbox 1187 1735 1421 1762; x_wconf 83' lang='lat' dir='ltr'><strong>commutationem</strong></span> <span class='ocrx_word' id='word_1_684' title='bbox 1443 1738 1517 1760; x_wconf 83' lang='lat' dir='ltr'><strong>luant</strong></span> <span class='ocrx_word' id='word_1_685' title='bbox 1532 1731 1678 1768; x_wconf 73' lang='lat' dir='ltr'><strong>A‘ngplum</strong></span> <span class='ocrx_word' id='word_1_686' title='bbox 1693 1732 1770 1764; x_wconf 78' lang='lat' dir='ltr'><strong>dixit,</strong></span> <span class='ocrx_word' id='word_1_687' title='bbox 1786 1732 1829 1759; x_wconf 89' lang='lat' dir='ltr'><strong>id-</strong></span> 
     </span>
    </p>
   </div>
   <div class='ocr_carea' id='block_1_86' title="bbox 1036 1779 1828 1818">
    <p class='ocr_par' dir='ltr' id='par_1_86' title="bbox 1036 1779 1828 1818">
     <span class='ocr_line' id='line_1_86' title="bbox 1036 1779 1828 1818; baseline -0.006 -8"><span class='ocrx_word' id='word_1_688' title='bbox 1036 1784 1146 1818; x_wconf 89' lang='lat' dir='ltr'><strong>ipsum;</strong></span> <span class='ocrx_word' id='word_1_689' title='bbox 1163 1785 1193 1809; x_wconf 91' lang='lat' dir='ltr'><strong>ut</strong></span> <span class='ocrx_word' id='word_1_690' title='bbox 1208 1788 1238 1809; x_wconf 86' lang='lat' dir='ltr'><strong>se</strong></span> <span class='ocrx_word' id='word_1_691' title='bbox 1260 1779 1422 1815; x_wconf 61' lang='lat' dir='ltr'><strong>[Egyptiaca</strong></span> <span class='ocrx_word' id='word_1_692' title='bbox 1449 1779 1581 1806; x_wconf 86' lang='lat' dir='ltr'><strong>servitute</strong></span> <span class='ocrx_word' id='word_1_693' title='bbox 1612 1779 1741 1806; x_wconf 87' lang='lat' dir='ltr'><strong>liberatos</strong></span> <span class='ocrx_word' id='word_1_694' title='bbox 1768 1786 1828 1805; x_wconf 85' lang='lat' dir='ltr'><strong>esse</strong></span> 
     </span>
    </p>
   </div>
   <div class='ocr_carea' id='block_1_87' title="bbox 1038 1824 1828 1861">
    <p class='ocr_par' dir='ltr' id='par_1_87' title="bbox 1038 1824 1828 1861">
     <span class='ocr_line' id='line_1_87' title="bbox 1038 1824 1828 1861; baseline -0.006 -6"><span class='ocrx_word' id='word_1_695' title='bbox 1038 1827 1221 1859; x_wconf 88' lang='lat' dir='ltr'><strong>tneminerint,</strong></span> <span class='ocrx_word' id='word_1_696' title='bbox 1239 1826 1396 1861; x_wconf 85' lang='lat' dir='ltr'><strong>appositum</strong></span> <span class='ocrx_word' id='word_1_697' title='bbox 1410 1825 1602 1856; x_wconf 83' lang='lat' dir='ltr'><strong>arbitrantur;</strong></span> <span class='ocrx_word' id='word_1_698' title='bbox 1618 1824 1697 1859; x_wconf 85' lang='lat' dir='ltr'><strong>quasi</strong></span> <span class='ocrx_word' id='word_1_699' title='bbox 1719 1828 1828 1858; x_wconf 80' lang='lat' dir='ltr'><strong>sumpta</strong></span> 
     </span>
    </p>
   </div>
   <div class='ocr_carea' id='block_1_88' title="bbox 1037 1871 1828 1909">
    <p class='ocr_par' dir='ltr' id='par_1_88' title="bbox 1037 1871 1828 1909">
     <span class='ocr_line' id='line_1_88' title="bbox 1037 1871 1828 1909; baseline -0.006 -8"><span class='ocrx_word' id='word_1_700' title='bbox 1037 1874 1070 1902; x_wconf 89' lang='lat' dir='ltr'><strong>de</strong></span> <span class='ocrx_word' id='word_1_701' title='bbox 1088 1873 1214 1909; x_wconf 78' lang='lat' dir='ltr'><strong>gentibus</strong></span> <span class='ocrx_word' id='word_1_702' title='bbox 1226 1872 1360 1900; x_wconf 83' lang='lat' dir='ltr'><strong>universis</strong></span> <span class='ocrx_word' id='word_1_703' title='bbox 1375 1871 1477 1898; x_wconf 86' lang='lat' dir='ltr'><strong>ultione</strong></span> <span class='ocrx_word' id='word_1_704' title='bbox 1491 1871 1551 1898; x_wconf 84' lang='lat' dir='ltr'><strong>illos</strong></span> <span class='ocrx_word' id='word_1_705' title='bbox 1572 1871 1598 1897; x_wconf 91' lang='lat' dir='ltr'><strong>in</strong></span> <span class='ocrx_word' id='word_1_706' title='bbox 1612 1871 1725 1897; x_wconf 88' lang='lat' dir='ltr'><strong>istortun</strong></span> <span class='ocrx_word' id='word_1_707' title='bbox 1739 1871 1828 1897; x_wconf 89' lang='lat' dir='ltr'><strong>locum</strong></span> 
     </span>
    </p>
   </div>
   <div class='ocr_carea' id='block_1_89' title="bbox 1037 1915 1830 1950">
    <p class='ocr_par' dir='ltr' id='par_1_89' title="bbox 1037 1915 1830 1950">
     <span class='ocr_line' id='line_1_89' title="bbox 1037 1915 1830 1950; baseline -0.008 -3"><span class='ocrx_word' id='word_1_708' title='bbox 1037 1927 1068 1947; x_wconf 86' lang='lat' dir='ltr'><strong>se</strong></span> <span class='ocrx_word' id='word_1_709' title='bbox 1086 1918 1261 1946; x_wconf 81' lang='lat' dir='ltr'><strong>substituisse</strong></span> <span class='ocrx_word' id='word_1_710' title='bbox 1275 1917 1358 1944; x_wconf 78' lang='lat' dir='ltr'><strong>dicat.</strong></span> <span class='ocrx_word' id='word_1_711' title='bbox 1376 1916 1470 1950; x_wconf 79' lang='lat' dir='ltr'><strong>Itaque</strong></span> <span class='ocrx_word' id='word_1_712' title='bbox 1483 1915 1577 1950; x_wconf 80' lang='lat' dir='ltr'><strong>adjicit</strong></span> <span class='ocrx_word' id='word_1_713' title='bbox 1595 1923 1602 1941; x_wconf 70' lang='grc' dir='ltr'>ε</span> <span class='ocrx_word' id='word_1_714' title='bbox 1619 1915 1657 1942; x_wconf 80' lang='lat' dir='ltr'><strong>Ex</strong></span> <span class='ocrx_word' id='word_1_715' title='bbox 1681 1923 1732 1950; x_wconf 80' lang='lat' dir='ltr'><strong>quo</strong></span> <span class='ocrx_word' id='word_1_716' title='bbox 1748 1916 1830 1942; x_wconf 77' lang='lat' dir='ltr'><strong>horto-</strong></span> 
     </span>
    </p>
   </div>
   <div class='ocr_carea' id='block_1_90' title="bbox 1037 1960 1829 1999">
    <p class='ocr_par' dir='ltr' id='par_1_90' title="bbox 1037 1960 1829 1999">
     <span class='ocr_line' id='line_1_90' title="bbox 1037 1960 1829 1999; baseline -0.006 -7"><span class='ocrx_word' id='word_1_717' title='bbox 1037 1966 1134 1992; x_wconf 79' lang='lat' dir='ltr'><strong>rabilis</strong></span> <span class='ocrx_word' id='word_1_718' title='bbox 1147 1964 1234 1999; x_wconf 79' lang='lat' dir='ltr'><strong>factus</strong></span> <span class='ocrx_word' id='word_1_719' title='bbox 1247 1971 1274 1990; x_wconf 77' lang='lat' dir='ltr'><strong>es</strong></span> <span class='ocrx_word' id='word_1_720' title='bbox 1287 1963 1314 1989; x_wconf 85' lang='lat' dir='ltr'><strong>in</strong></span> <span class='ocrx_word' id='word_1_721' title='bbox 1327 1967 1466 1994; x_wconf 76' lang='lat' dir='ltr'><strong>conspectu</strong></span> <span class='ocrx_word' id='word_1_722' title='bbox 1480 1970 1546 1995; x_wconf 88' lang='lat' dir='ltr'><strong>meo,</strong></span> <span class='ocrx_word' id='word_1_723' title='bbox 1559 1960 1726 1997; x_wconf 70' lang='lat' dir='ltr'><strong>glori/italus</strong></span> <span class='ocrx_word' id='word_1_724' title='bbox 1746 1961 1829 1997; x_wconf 65' lang='grc'><strong>487</strong></span> 
     </span>
    </p>
   </div>
   <div class='ocr_carea' id='block_1_91' title="bbox 1037 2007 1830 2044">
    <p class='ocr_par' dir='ltr' id='par_1_91' title="bbox 1037 2007 1830 2044">
     <span class='ocr_line' id='line_1_91' title="bbox 1037 2007 1830 2044; baseline -0.004 -7"><span class='ocrx_word' id='word_1_725' title='bbox 1037 2019 1075 2037; x_wconf 80' lang='lat' dir='ltr'><strong>es.</strong></span> <span class='ocrx_word' id='word_1_726' title='bbox 1095 2009 1186 2044; x_wconf 78' lang='lat' dir='ltr'><strong>Neque</strong></span> <span class='ocrx_word' id='word_1_727' title='bbox 1202 2009 1274 2036; x_wconf 88' lang='lat' dir='ltr'><strong>enim</strong></span> <span class='ocrx_word' id='word_1_728' title='bbox 1290 2012 1338 2035; x_wconf 91' lang='lat' dir='ltr'><strong>tua</strong></span> <span class='ocrx_word' id='word_1_729' title='bbox 1349 2007 1461 2040; x_wconf 80' lang='lat' dir='ltr'><strong>virtute,</strong></span> <span class='ocrx_word' id='word_1_730' title='bbox 1478 2007 1525 2035; x_wconf 91' lang='lat' dir='ltr'><strong>sed</strong></span> <span class='ocrx_word' id='word_1_731' title='bbox 1540 2007 1608 2034; x_wconf 84' lang='lat' dir='ltr'><strong>meis</strong></span> <span class='ocrx_word' id='word_1_732' title='bbox 1627 2007 1741 2038; x_wconf 86' lang='lat' dir='ltr'><strong>viribus,</strong></span> <span class='ocrx_word' id='word_1_733' title='bbox 1754 2015 1830 2034; x_wconf 87' lang='lat' dir='ltr'><strong>uteo-</strong></span> 
     </span>
    </p>
   </div>
   <div class='ocr_carea' id='block_1_92' title="bbox 1037 2052 1830 2090">
    <p class='ocr_par' dir='ltr' id='par_1_92' title="bbox 1037 2052 1830 2090">
     <span class='ocr_line' id='line_1_92' title="bbox 1037 2052 1830 2090; baseline -0.003 -8"><span class='ocrx_word' id='word_1_734' title='bbox 1037 2063 1090 2090; x_wconf 89' lang='lat' dir='ltr'><strong>que</strong></span> <span class='ocrx_word' id='word_1_735' title='bbox 1102 2054 1205 2081; x_wconf 75' lang='lat' dir='ltr'><strong>auxilio</strong></span> <span class='ocrx_word' id='word_1_736' title='bbox 1220 2057 1316 2089; x_wconf 86' lang='lat' dir='ltr'><strong>gentes</strong></span> <span class='ocrx_word' id='word_1_737' title='bbox 1333 2052 1482 2088; x_wconf 86' lang='lat' dir='ltr'><strong>superasti.</strong></span> <span class='ocrx_word' id='word_1_738' title='bbox 1499 2052 1545 2087; x_wconf 92' lang='lat' dir='ltr'><strong>qui</strong></span> <span class='ocrx_word' id='word_1_739' title='bbox 1559 2052 1626 2079; x_wconf 92' lang='lat' dir='ltr'><strong>nulli</strong></span> <span class='ocrx_word' id='word_1_740' title='bbox 1643 2057 1669 2080; x_wconf 86' lang='lat' dir='ltr'><strong>te</strong></span> <span class='ocrx_word' id='word_1_741' title='bbox 1680 2052 1761 2080; x_wconf 85' lang='lat' dir='ltr'><strong>rebus</strong></span> <span class='ocrx_word' id='word_1_742' title='bbox 1769 2060 1830 2088; x_wconf 83' lang='lat' dir='ltr'><strong>ege-</strong></span> 
     </span>
    </p>
   </div>
   <div class='ocr_carea' id='block_1_93' title="bbox 1038 2098 1831 2136">
    <p class='ocr_par' dir='ltr' id='par_1_93' title="bbox 1038 2098 1831 2136">
     <span class='ocr_line' id='line_1_93' title="bbox 1038 2098 1831 2136; baseline -0.004 -8"><span class='ocrx_word' id='word_1_743' title='bbox 1038 2110 1068 2129; x_wconf 85' lang='lat' dir='ltr'><strong>re</strong></span> <span class='ocrx_word' id='word_1_744' title='bbox 1083 2108 1180 2136; x_wconf 86' lang='lat' dir='ltr'><strong>passus</strong></span> <span class='ocrx_word' id='word_1_745' title='bbox 1196 2100 1247 2128; x_wconf 86' lang='lat' dir='ltr'><strong>sint</strong></span> <span class='ocrx_word' id='word_1_746' title='bbox 1261 2108 1270 2126; x_wconf 84' lang='lat'><strong>:</strong></span> <span class='ocrx_word' id='word_1_747' title='bbox 1287 2099 1358 2127; x_wconf 91' lang='lat' dir='ltr'><strong>unde</strong></span> <span class='ocrx_word' id='word_1_748' title='bbox 1374 2103 1402 2126; x_wconf 89' lang='lat' dir='ltr'><strong>et</strong></span> <span class='ocrx_word' id='word_1_749' title='bbox 1418 2099 1516 2126; x_wconf 79' lang='lat' dir='ltr'><strong>vicinis</strong></span> <span class='ocrx_word' id='word_1_750' title='bbox 1535 2098 1656 2134; x_wconf 84' lang='lat' dir='ltr'><strong>undique</strong></span> <span class='ocrx_word' id='word_1_751' title='bbox 1672 2099 1831 2133; x_wconf 83' lang='lat' dir='ltr'><strong>regionibus</strong></span> 
     </span>
    </p>
   </div>
   <div class='ocr_carea' id='block_1_94' title="bbox 1038 2143 1830 2181">
    <p class='ocr_par' dir='ltr' id='par_1_94' title="bbox 1038 2143 1830 2181">
     <span class='ocr_line' id='line_1_94' title="bbox 1038 2143 1830 2181; baseline -0.004 -8"><span class='ocrx_word' id='word_1_752' title='bbox 1038 2153 1142 2181; x_wconf 78' lang='lat' dir='ltr'><strong>magna:</strong></span> <span class='ocrx_word' id='word_1_753' title='bbox 1157 2152 1212 2172; x_wconf 90' lang='lat' dir='ltr'><strong>non</strong></span> <span class='ocrx_word' id='word_1_754' title='bbox 1229 2143 1405 2171; x_wconf 82' lang='lat' dir='ltr'><strong>admirationi</strong></span> <span class='ocrx_word' id='word_1_755' title='bbox 1431 2148 1547 2176; x_wconf 88' lang='lat' dir='ltr'><strong>tantum,</strong></span> <span class='ocrx_word' id='word_1_756' title='bbox 1560 2143 1608 2171; x_wconf 89' lang='lat' dir='ltr'><strong>sed</strong></span> <span class='ocrx_word' id='word_1_757' title='bbox 1626 2144 1726 2171; x_wconf 91' lang='lat' dir='ltr'><strong>terrori</strong></span> <span class='ocrx_word' id='word_1_758' title='bbox 1749 2144 1830 2171; x_wconf 84' lang='lat' dir='ltr'><strong>etiam</strong></span> 
     </span>
    </p>
   </div>
   <div class='ocr_carea' id='block_1_95' title="bbox 1038 2189 1831 2225">
    <p class='ocr_par' dir='ltr' id='par_1_95' title="bbox 1038 2189 1831 2225">
     <span class='ocr_line' id='line_1_95' title="bbox 1038 2189 1831 2225; baseline -0.005 -5"><span class='ocrx_word' id='word_1_759' title='bbox 1038 2191 1177 2220; x_wconf 80' lang='lat' dir='ltr'><strong>exstitisti.</strong></span> <span class='ocrx_word' id='word_1_760' title='bbox 1205 2190 1287 2225; x_wconf 80' lang='lat' dir='ltr'><strong>Atqui</strong></span> <span class='ocrx_word' id='word_1_761' title='bbox 1306 2189 1362 2217; x_wconf 94' lang='lat' dir='ltr'><strong>illis</strong></span> <span class='ocrx_word' id='word_1_762' title='bbox 1376 2190 1527 2217; x_wconf 88' lang='lat' dir='ltr'><strong>etiamnum</strong></span> <span class='ocrx_word' id='word_1_763' title='bbox 1554 2190 1634 2225; x_wconf 89' lang='lat' dir='ltr'><strong>plane</strong></span> <span class='ocrx_word' id='word_1_764' title='bbox 1661 2189 1762 2217; x_wconf 85' lang='lat' dir='ltr'><strong>similia</strong></span> <span class='ocrx_word' id='word_1_765' title='bbox 1783 2190 1831 2216; x_wconf 84' lang='lat' dir='ltr'><strong>ad-</strong></span> 
     </span>
    </p>
   </div>
   <div class='ocr_carea' id='block_1_96' title="bbox 1038 2235 1831 2271">
    <p class='ocr_par' dir='ltr' id='par_1_96' title="bbox 1038 2235 1831 2271">
     <span class='ocr_line' id='line_1_96' title="bbox 1038 2235 1831 2271; baseline -0.005 -5"><span class='ocrx_word' id='word_1_766' title='bbox 1038 2239 1173 2266; x_wconf 88' lang='lat' dir='ltr'><strong>missurus</strong></span> <span class='ocrx_word' id='word_1_767' title='bbox 1185 2237 1248 2265; x_wconf 85' lang='lat' dir='ltr'><strong>sim.</strong></span> <span class='ocrx_word' id='word_1_768' title='bbox 1263 2235 1322 2264; x_wconf 80' lang='lat' dir='ltr'><strong>Etsi</strong></span> <span class='ocrx_word' id='word_1_769' title='bbox 1336 2235 1409 2264; x_wconf 88' lang='lat' dir='ltr'><strong>enim</strong></span> <span class='ocrx_word' id='word_1_770' title='bbox 1439 2239 1569 2271; x_wconf 83' lang='lat' dir='ltr'><strong>tanquam</strong></span> <span class='ocrx_word' id='word_1_771' title='bbox 1586 2235 1675 2271; x_wconf 84' lang='lat' dir='ltr'><strong>captis</strong></span> <span class='ocrx_word' id='word_1_772' title='bbox 1704 2236 1831 2263; x_wconf 86' lang='lat' dir='ltr'><strong>tribubus</strong></span> 
     </span>
    </p>
   </div>
   <div class='ocr_carea' id='block_1_97' title="bbox 1038 2281 1832 2319">
    <p class='ocr_par' dir='ltr' id='par_1_97' title="bbox 1038 2281 1832 2319">
     <span class='ocr_line' id='line_1_97' title="bbox 1038 2281 1832 2319; baseline -0.005 -6"><span class='ocrx_word' id='word_1_773' title='bbox 1038 2286 1143 2317; x_wconf 86' lang='lat' dir='ltr'><strong>decem,</strong></span> <span class='ocrx_word' id='word_1_774' title='bbox 1172 2291 1256 2319; x_wconf 89' lang='lat' dir='ltr'><strong>prope</strong></span> <span class='ocrx_word' id='word_1_775' title='bbox 1282 2282 1410 2314; x_wconf 82' lang='lat' dir='ltr'><strong>delicitis.</strong></span> <span class='ocrx_word' id='word_1_776' title='bbox 1446 2290 1500 2309; x_wconf 90' lang='lat' dir='ltr'><strong>non</strong></span> <span class='ocrx_word' id='word_1_777' title='bbox 1533 2282 1660 2318; x_wconf 85' lang='lat' dir='ltr'><strong>ignorare</strong></span> <span class='ocrx_word' id='word_1_778' title='bbox 1676 2290 1724 2310; x_wconf 86' lang='lat' dir='ltr'><strong>vos</strong></span> <span class='ocrx_word' id='word_1_779' title='bbox 1753 2281 1832 2309; x_wconf 84' lang='lat' dir='ltr'><strong>decet</strong></span> 
     </span>
    </p>
   </div>
   <div class='ocr_carea' id='block_1_98' title="bbox 1037 2328 1832 2364">
    <p class='ocr_par' dir='ltr' id='par_1_98' title="bbox 1037 2328 1832 2364">
     <span class='ocr_line' id='line_1_98' title="bbox 1037 2328 1832 2364; baseline -0.005 -6"><span class='ocrx_word' id='word_1_780' title='bbox 1037 2337 1139 2362; x_wconf 83' lang='lat' dir='ltr'><strong>tamen,</strong></span> <span class='ocrx_word' id='word_1_781' title='bbox 1151 2337 1205 2362; x_wconf 90' lang='lat' dir='ltr'><strong>me,</strong></span> <span class='ocrx_word' id='word_1_782' title='bbox 1221 2329 1244 2357; x_wconf 92' lang='lat' dir='ltr'><strong>si</strong></span> <span class='ocrx_word' id='word_1_783' title='bbox 1260 2329 1383 2364; x_wconf 84' lang='lat' dir='ltr'><strong>placidus</strong></span> <span class='ocrx_word' id='word_1_784' title='bbox 1395 2335 1457 2356; x_wconf 88' lang='lat' dir='ltr'><strong>esse</strong></span> <span class='ocrx_word' id='word_1_785' title='bbox 1468 2335 1588 2363; x_wconf 65' lang='lat' dir='ltr'><strong>coepero.</strong></span> <span class='ocrx_word' id='word_1_786' title='bbox 1605 2335 1700 2356; x_wconf 77' lang='lat' dir='ltr'><strong>omnes</strong></span> <span class='ocrx_word' id='word_1_787' title='bbox 1711 2328 1832 2363; x_wconf 82' lang='lat' dir='ltr'><strong>undique</strong></span> 
     </span>
    </p>
   </div>
   <div class='ocr_carea' id='block_1_99' title="bbox 1037 2374 1830 2410">
    <p class='ocr_par' dir='ltr' id='par_1_99' title="bbox 1037 2374 1830 2410">
     <span class='ocr_line' id='line_1_99' title="bbox 1037 2374 1830 2410; baseline -0.006 -5"><span class='ocrx_word' id='word_1_788' title='bbox 1037 2382 1201 2409; x_wconf 79' lang='lat' dir='ltr'><strong>coacturum,</strong></span> <span class='ocrx_word' id='word_1_789' title='bbox 1218 2383 1307 2410; x_wconf 90' lang='lat' dir='ltr'><strong>neque</strong></span> <span class='ocrx_word' id='word_1_790' title='bbox 1324 2374 1471 2402; x_wconf 81' lang='lat' dir='ltr'><strong>revocandi</strong></span> <span class='ocrx_word' id='word_1_791' title='bbox 1498 2374 1655 2401; x_wconf 81' lang='lat' dir='ltr'><strong>institutum</strong></span> <span class='ocrx_word' id='word_1_792' title='bbox 1682 2374 1830 2409; x_wconf 78' lang='lat' dir='ltr'><strong>quidquam</strong></span> 
     </span>
    </p>
   </div>
   <div class='ocr_carea' id='block_1_100' title="bbox 193 2420 1832 2460">
    <p class='ocr_par' dir='ltr' id='par_1_100' title="bbox 193 2420 1832 2460">
     <span class='ocr_line' id='line_1_100' title="bbox 193 2420 1832 2460; baseline -0.001 -12"><span class='ocrx_word' id='word_1_793' title='bbox 193 2428 254 2449; x_wconf 83' lang='lat' dir='ltr'><strong>esse</strong></span> <span class='ocrx_word' id='word_1_794' title='bbox 268 2422 485 2456; x_wconf 59' lang='lat' dir='ltr'><strong>,proltibiturum.</strong></span> <span class='ocrx_word' id='word_1_795' title='bbox 504 2423 572 2450; x_wconf 87' lang='lat' dir='ltr'><strong>Nam</strong></span> <span class='ocrx_word' id='word_1_796' title='bbox 596 2428 623 2451; x_wconf 87' lang='lat' dir='ltr'><strong>et</strong></span> <span class='ocrx_word' id='word_1_797' title='bbox 653 2432 702 2452; x_wconf 92' lang='lat' dir='ltr'><strong>vos</strong></span> <span class='ocrx_word' id='word_1_798' title='bbox 718 2425 752 2452; x_wconf 90' lang='lat' dir='ltr'><strong>ab</strong></span> <span class='ocrx_word' id='word_1_799' title='bbox 781 2424 863 2452; x_wconf 88' lang='lat' dir='ltr'><strong>initio</strong></span> <span class='ocrx_word' id='word_1_800' title='bbox 890 2424 982 2460; x_wconf 64' lang='lat' dir='ltr'><strong>gloria</strong></span> <span class='ocrx_word' id='word_1_801' title='bbox 1002 2434 1064 2453; x_wconf 80' lang='lat' dir='ltr'><strong>mew</strong></span> <span class='ocrx_word' id='word_1_802' title='bbox 1080 2424 1204 2452; x_wconf 87' lang='lat' dir='ltr'><strong>serviens</strong></span> <span class='ocrx_word' id='word_1_803' title='bbox 1233 2421 1301 2449; x_wconf 93' lang='lat' dir='ltr'><strong>mihi</strong></span> <span class='ocrx_word' id='word_1_804' title='bbox 1327 2420 1473 2455; x_wconf 87' lang='lat' dir='ltr'><strong>aequisivi,</strong></span> <span class='ocrx_word' id='word_1_805' title='bbox 1490 2420 1706 2454; x_wconf 84' lang='lat' dir='ltr'><strong>etquantumvis</strong></span> <span class='ocrx_word' id='word_1_806' title='bbox 1733 2420 1760 2446; x_wconf 93' lang='lat' dir='ltr'><strong>in</strong></span> <span class='ocrx_word' id='word_1_807' title='bbox 1789 2428 1832 2448; x_wconf 86' lang='lat' dir='ltr'><strong>me</strong></span> 
     </span>
    </p>
   </div>
   <div class='ocr_carea' id='block_1_101' title="bbox 192 2465 1832 2506">
    <p class='ocr_par' dir='ltr' id='par_1_101' title="bbox 192 2465 1832 2506">
     <span class='ocr_line' id='line_1_101' title="bbox 192 2465 1832 2506; baseline -0.002 -11"><span class='ocrx_word' id='word_1_808' title='bbox 192 2468 358 2496; x_wconf 69' lang='lat' dir='ltr'><strong>mentientes</strong></span> <span class='ocrx_word' id='word_1_809' title='bbox 387 2469 469 2497; x_wconf 89' lang='lat' dir='ltr'><strong>etiam</strong></span> <span class='ocrx_word' id='word_1_810' title='bbox 501 2470 627 2497; x_wconf 84' lang='lat' dir='ltr'><strong>libertate</strong></span> <span class='ocrx_word' id='word_1_811' title='bbox 652 2469 763 2497; x_wconf 88' lang='lat' dir='ltr'><strong>donavi.</strong></span> <span class='ocrx_word' id='word_1_812' title='bbox 792 2469 887 2506; x_wconf 85' lang='lat' dir='ltr'><strong>Neque</strong></span> <span class='ocrx_word' id='word_1_813' title='bbox 913 2471 985 2499; x_wconf 91' lang='lat' dir='ltr'><strong>enim</strong></span> <span class='ocrx_word' id='word_1_814' title='bbox 1008 2475 1102 2506; x_wconf 89' lang='lat' dir='ltr'><strong>tuopte</strong></span> <span class='ocrx_word' id='word_1_815' title='bbox 1119 2469 1238 2505; x_wconf 86' lang='lat' dir='ltr'><strong>ingenio,</strong></span> <span class='ocrx_word' id='word_1_816' title='bbox 1267 2471 1370 2501; x_wconf 83' lang='lat' dir='ltr'><strong>tuaque</strong></span> <span class='ocrx_word' id='word_1_817' title='bbox 1389 2470 1495 2493; x_wconf 88' lang='lat' dir='ltr'><strong>tantum</strong></span> <span class='ocrx_word' id='word_1_818' title='bbox 1523 2466 1622 2493; x_wconf 88' lang='lat' dir='ltr'><strong>ductus</strong></span> <span class='ocrx_word' id='word_1_819' title='bbox 1657 2465 1741 2493; x_wconf 87' lang='lat' dir='ltr'><strong>animi</strong></span> <span class='ocrx_word' id='word_1_820' title='bbox 1769 2473 1832 2501; x_wconf 84' lang='lat' dir='ltr'><strong>prn-</strong></span> 
     </span>
    </p>
   </div>
   <div class='ocr_carea' id='block_1_102' title="bbox 193 2511 1830 2553">
    <p class='ocr_par' dir='ltr' id='par_1_102' title="bbox 193 2511 1830 2553">
     <span class='ocr_line' id='line_1_102' title="bbox 193 2511 1830 2553; baseline -0.001 -11"><span class='ocrx_word' id='word_1_821' title='bbox 193 2516 326 2551; x_wconf 87' lang='lat' dir='ltr'><strong>pensitate</strong></span> <span class='ocrx_word' id='word_1_822' title='bbox 342 2516 409 2544; x_wconf 89' lang='lat' dir='ltr'><strong>mihi</strong></span> <span class='ocrx_word' id='word_1_823' title='bbox 426 2517 577 2545; x_wconf 71' lang='lat' dir='ltr'><strong>adhzesisti.</strong></span> <span class='ocrx_word' id='word_1_824' title='bbox 594 2516 664 2550; x_wconf 84' lang='lat' dir='ltr'><strong>Quid</strong></span> <span class='ocrx_word' id='word_1_825' title='bbox 679 2516 763 2552; x_wconf 83' lang='lat' dir='ltr'><strong>igitur</strong></span> <span class='ocrx_word' id='word_1_826' title='bbox 794 2520 870 2544; x_wconf 86' lang='lat' dir='ltr'><strong>tanta</strong></span> <span class='ocrx_word' id='word_1_827' title='bbox 902 2517 1019 2553; x_wconf 80' lang='lat' dir='ltr'><strong>experti,</strong></span> <span class='ocrx_word' id='word_1_828' title='bbox 1040 2522 1171 2552; x_wconf 81' lang='lat' dir='ltr'><strong>tanquam</strong></span> <span class='ocrx_word' id='word_1_829' title='bbox 1202 2513 1272 2542; x_wconf 83' lang='lat' dir='ltr'><strong>nihil</strong></span> <span class='ocrx_word' id='word_1_830' title='bbox 1298 2512 1454 2545; x_wconf 83' lang='lat' dir='ltr'><strong>audieritis,</strong></span> <span class='ocrx_word' id='word_1_831' title='bbox 1470 2512 1595 2546; x_wconf 92' lang='lat' dir='ltr'><strong>nihilque</strong></span> <span class='ocrx_word' id='word_1_832' title='bbox 1614 2511 1747 2544; x_wconf 84' lang='lat' dir='ltr'><strong>videritis,</strong></span> <span class='ocrx_word' id='word_1_833' title='bbox 1779 2511 1830 2547; x_wconf 78' lang='lat' dir='ltr'><strong>ipsi</strong></span> 
     </span>
    </p>
   </div>
   <div class='ocr_carea' id='block_1_103' title="bbox 193 2563 348 2590">
    <p class='ocr_par' dir='ltr' id='par_1_103' title="bbox 193 2563 348 2590">
     <span class='ocr_line' id='line_1_103' title="bbox 193 2563 348 2590; baseline 0.006 -1"><span class='ocrx_word' id='word_1_834' title='bbox 193 2563 324 2590; x_wconf 74' lang='lat' dir='ltr'><strong>cazctttitis</strong></span> <span class='ocrx_word' id='word_1_835' title='bbox 336 2563 348 2590; x_wconf 83' lang='lat'><strong>?</strong></span> 
     </span>
    </p>
   </div>
   <div class='ocr_carea' id='block_1_104' title="bbox 234 2609 986 2646">
    <p class='ocr_par' dir='ltr' id='par_1_104' title="bbox 234 2609 986 2646">
     <span class='ocr_line' id='line_1_104' title="bbox 234 2609 986 2646; baseline 0.003 -11"><span class='ocrx_word' id='word_1_836' title='bbox 234 2609 453 2645; x_wconf 85' lang='grc' dir='ltr'>’Υπομιμνήσκει</span> <span class='ocrx_word' id='word_1_837' title='bbox 467 2610 496 2637; x_wconf 85' lang='grc' dir='ltr'><strong>δὲ</strong></span> <span class='ocrx_word' id='word_1_838' title='bbox 512 2611 621 2644; x_wconf 80' lang='grc' dir='ltr'>αὐτοὺς,</span> <span class='ocrx_word' id='word_1_839' title='bbox 635 2610 672 2643; x_wconf 86' lang='grc' dir='ltr'>ὡς</span> <span class='ocrx_word' id='word_1_840' title='bbox 687 2610 736 2637; x_wconf 73' lang='grc' dir='ltr'>καὶ</span> <span class='ocrx_word' id='word_1_841' title='bbox 757 2611 847 2638; x_wconf 84' lang='grc' dir='ltr'>πάντα</span> <span class='ocrx_word' id='word_1_842' title='bbox 871 2610 905 2637; x_wconf 77' lang='grc' dir='ltr'>τὰ</span> <span class='ocrx_word' id='word_1_843' title='bbox 922 2610 986 2646; x_wconf 81' lang='grc' dir='ltr'>ἔθνη</span> 
     </span>
    </p>
   </div>
   <div class='ocr_carea' id='block_1_105' title="bbox 195 2650 987 2692">
    <p class='ocr_par' dir='ltr' id='par_1_105' title="bbox 195 2650 987 2692">
     <span class='ocr_line' id='line_1_105' title="bbox 195 2650 987 2692; baseline 0.001 -10"><span class='ocrx_word' id='word_1_844' title='bbox 195 2650 427 2690; x_wconf 71' lang='grc' dir='ltr'>σὺν”Δσσυρίοις</span> <span class='ocrx_word' id='word_1_845' title='bbox 455 2657 677 2692; x_wconf 75' lang='grc' dir='ltr'>ἐπεστράτευσαν</span> <span class='ocrx_word' id='word_1_846' title='bbox 715 2656 896 2692; x_wconf 79' lang='grc' dir='ltr'>Ἰερουσαλὴμ</span> <span class='ocrx_word' id='word_1_847' title='bbox 920 2657 987 2692; x_wconf 82' lang='grc' dir='ltr'>θαρ-</span> 
     </span>
    </p>
   </div>
   <div class='ocr_carea' id='block_1_106' title="bbox 197 2700 985 2740">
    <p class='ocr_par' dir='ltr' id='par_1_106' title="bbox 197 2700 985 2740">
     <span class='ocr_line' id='line_1_106' title="bbox 197 2700 985 2740; baseline 0.003 -12"><span class='ocrx_word' id='word_1_848' title='bbox 197 2701 295 2737; x_wconf 68' lang='grc' dir='ltr'>ροῦντα</span> <span class='ocrx_word' id='word_1_849' title='bbox 310 2703 367 2733; x_wconf 76' lang='grc' dir='ltr'>τοῖς</span> <span class='ocrx_word' id='word_1_850' title='bbox 383 2702 458 2735; x_wconf 75' lang='grc' dir='ltr'>ἰδίοις</span> <span class='ocrx_word' id='word_1_851' title='bbox 472 2703 554 2737; x_wconf 80' lang='grc' dir='ltr'><strong>θεοῖς,</strong></span> <span class='ocrx_word' id='word_1_852' title='bbox 566 2704 633 2740; x_wconf 82' lang='grc' dir='ltr'>παρ’</span> <span class='ocrx_word' id='word_1_853' title='bbox 647 2700 685 2731; x_wconf 82' lang='grc' dir='ltr'>ὧν</span> <span class='ocrx_word' id='word_1_854' title='bbox 699 2704 730 2730; x_wconf 87' lang='grc' dir='ltr'>οὺ</span> <span class='ocrx_word' id='word_1_855' title='bbox 753 2703 879 2739; x_wconf 81' lang='grc' dir='ltr'>βοήθειαν</span> <span class='ocrx_word' id='word_1_856' title='bbox 895 2703 985 2739; x_wconf 79' lang='grc' dir='ltr'>ἔσχον.</span> 
     </span>
    </p>
   </div>
   <div class='ocr_carea' id='block_1_107' title="bbox 195 2748 982 2786">
    <p class='ocr_par' dir='ltr' id='par_1_107' title="bbox 195 2748 982 2786">
     <span class='ocr_line' id='line_1_107' title="bbox 195 2748 982 2786; baseline 0.001 -12"><span class='ocrx_word' id='word_1_857' title='bbox 195 2748 226 2774; x_wconf 80' lang='grc' dir='ltr'><strong>οὐ</strong></span> <span class='ocrx_word' id='word_1_858' title='bbox 241 2748 290 2780; x_wconf 79' lang='grc' dir='ltr'>τὰς</span> <span class='ocrx_word' id='word_1_859' title='bbox 316 2749 466 2783; x_wconf 80' lang='grc' dir='ltr'>μελλούσας</span> <span class='ocrx_word' id='word_1_860' title='bbox 490 2750 668 2786; x_wconf 85' lang='grc' dir='ltr'>προέγνωσαν</span> <span class='ocrx_word' id='word_1_861' title='bbox 693 2750 799 2782; x_wconf 78' lang='grc' dir='ltr'>ἑαυτοῖς</span> <span class='ocrx_word' id='word_1_862' title='bbox 827 2749 982 2784; x_wconf 81' lang='grc' dir='ltr'>συμφοράς.</span> 
     </span>
    </p>
   </div>
   <div class='ocr_carea' id='block_1_108' title="bbox 202 2795 985 2833">
    <p class='ocr_par' dir='ltr' id='par_1_108' title="bbox 202 2795 985 2833">
     <span class='ocr_line' id='line_1_108' title="bbox 202 2795 985 2833; baseline 0.001 -12"><span class='ocrx_word' id='word_1_863' title='bbox 202 2795 384 2830; x_wconf 83' lang='grc' dir='ltr'>ὀγδοήκοντα</span> <span class='ocrx_word' id='word_1_864' title='bbox 396 2796 477 2824; x_wconf 81' lang='grc' dir='ltr'>πέντε</span> <span class='ocrx_word' id='word_1_865' title='bbox 488 2797 542 2833; x_wconf 85' lang='grc' dir='ltr'>γὰρ</span> <span class='ocrx_word' id='word_1_866' title='bbox 555 2797 674 2832; x_wconf 82' lang='grc' dir='ltr'>χιλιάδες</span> <span class='ocrx_word' id='word_1_867' title='bbox 684 2796 787 2825; x_wconf 82' lang='grc' dir='ltr'>τούτων</span> <span class='ocrx_word' id='word_1_868' title='bbox 798 2795 985 2823; x_wconf 81' lang='grc' dir='ltr'>πεπτώκασιν.</span> 
     </span>
    </p>
   </div>
   <div class='ocr_carea' id='block_1_109' title="bbox 1076 2603 1829 2644">
    <p class='ocr_par' dir='ltr' id='par_1_109' title="bbox 1076 2603 1829 2644">
     <span class='ocr_line' id='line_1_109' title="bbox 1076 2603 1829 2644; baseline -0.009 -7"><span class='ocrx_word' id='word_1_869' title='bbox 1076 2611 1170 2644; x_wconf 86' lang='lat' dir='ltr'><strong>Neque</strong></span> <span class='ocrx_word' id='word_1_870' title='bbox 1184 2615 1251 2636; x_wconf 86' lang='lat' dir='ltr'><strong>vero</strong></span> <span class='ocrx_word' id='word_1_871' title='bbox 1262 2615 1311 2635; x_wconf 89' lang='lat' dir='ltr'><strong>eos</strong></span> <span class='ocrx_word' id='word_1_872' title='bbox 1325 2606 1432 2642; x_wconf 88' lang='lat' dir='ltr'><strong>patitur</strong></span> <span class='ocrx_word' id='word_1_873' title='bbox 1442 2604 1583 2637; x_wconf 83' lang='lat' dir='ltr'><strong>oblivisci,</strong></span> <span class='ocrx_word' id='word_1_874' title='bbox 1599 2603 1829 2639; x_wconf 84' lang='lat' dir='ltr'><strong>quemadmodum</strong></span> 
     </span>
    </p>
   </div>
   <div class='ocr_carea' id='block_1_110' title="bbox 1038 2649 1831 2690">
    <p class='ocr_par' dir='ltr' id='par_1_110' title="bbox 1038 2649 1831 2690">
     <span class='ocr_line' id='line_1_110' title="bbox 1038 2649 1831 2690; baseline -0.01 -7"><span class='ocrx_word' id='word_1_875' title='bbox 1038 2661 1066 2683; x_wconf 89' lang='lat' dir='ltr'><strong>et</strong></span> <span class='ocrx_word' id='word_1_876' title='bbox 1082 2658 1178 2690; x_wconf 83' lang='lat' dir='ltr'><strong>gentes</strong></span> <span class='ocrx_word' id='word_1_877' title='bbox 1191 2660 1299 2684; x_wconf 87' lang='lat' dir='ltr'><strong>omnes,</strong></span> <span class='ocrx_word' id='word_1_878' title='bbox 1315 2650 1421 2686; x_wconf 82' lang='lat' dir='ltr'><strong>junctis</strong></span> <span class='ocrx_word' id='word_1_879' title='bbox 1433 2658 1497 2678; x_wconf 89' lang='lat' dir='ltr'><strong>cum</strong></span> <span class='ocrx_word' id='word_1_880' title='bbox 1513 2650 1628 2685; x_wconf 78' lang='lat' dir='ltr'><strong>Assyrio</strong></span> <span class='ocrx_word' id='word_1_881' title='bbox 1644 2649 1760 2679; x_wconf 89' lang='lat' dir='ltr'><strong>viribus,</strong></span> <span class='ocrx_word' id='word_1_882' title='bbox 1773 2649 1831 2676; x_wconf 76' lang='lat' dir='ltr'><strong>ltel-</strong></span> 
     </span>
    </p>
   </div>
   <div class='ocr_carea' id='block_1_111' title="bbox 1041 2693 1827 2732">
    <p class='ocr_par' dir='ltr' id='par_1_111' title="bbox 1041 2693 1827 2732">
     <span class='ocr_line' id='line_1_111' title="bbox 1041 2693 1827 2732; baseline -0.008 -6"><span class='ocrx_word' id='word_1_883' title='bbox 1041 2700 1066 2727; x_wconf 92' lang='lat' dir='ltr'><strong>lo</strong></span> <span class='ocrx_word' id='word_1_884' title='bbox 1079 2698 1233 2726; x_wconf 81' lang='lat' dir='ltr'><strong>Jerusalem</strong></span> <span class='ocrx_word' id='word_1_885' title='bbox 1249 2695 1374 2732; x_wconf 85' lang='lat' dir='ltr'><strong>aggressi</strong></span> <span class='ocrx_word' id='word_1_886' title='bbox 1391 2698 1469 2726; x_wconf 83' lang='lat' dir='ltr'><strong>sunt,</strong></span> <span class='ocrx_word' id='word_1_887' title='bbox 1485 2702 1548 2721; x_wconf 82' lang='lat' dir='ltr'><strong>cum</strong></span> <span class='ocrx_word' id='word_1_888' title='bbox 1565 2694 1618 2721; x_wconf 86' lang='lat' dir='ltr'><strong>diis</strong></span> <span class='ocrx_word' id='word_1_889' title='bbox 1634 2693 1691 2721; x_wconf 88' lang='lat' dir='ltr'><strong>suis</strong></span> <span class='ocrx_word' id='word_1_890' title='bbox 1705 2693 1827 2720; x_wconf 86' lang='lat' dir='ltr'><strong>conlide-</strong></span> 
     </span>
    </p>
   </div>
   <div class='ocr_carea' id='block_1_112' title="bbox 1037 2740 1827 2780">
    <p class='ocr_par' dir='ltr' id='par_1_112' title="bbox 1037 2740 1827 2780">
     <span class='ocr_line' id='line_1_112' title="bbox 1037 2740 1827 2780; baseline -0.01 -7"><span class='ocrx_word' id='word_1_891' title='bbox 1037 2749 1113 2777; x_wconf 87' lang='lat' dir='ltr'><strong>rent;</strong></span> <span class='ocrx_word' id='word_1_892' title='bbox 1132 2753 1148 2772; x_wconf 90' lang='lat' dir='ltr'><strong>a</strong></span> <span class='ocrx_word' id='word_1_893' title='bbox 1165 2743 1266 2780; x_wconf 89' lang='lat' dir='ltr'><strong>quibus</strong></span> <span class='ocrx_word' id='word_1_894' title='bbox 1286 2750 1375 2777; x_wconf 84' lang='lat' dir='ltr'><strong>neque</strong></span> <span class='ocrx_word' id='word_1_895' title='bbox 1400 2741 1534 2768; x_wconf 75' lang='lat' dir='ltr'><strong>auxilium</strong></span> <span class='ocrx_word' id='word_1_896' title='bbox 1553 2740 1638 2767; x_wconf 88' lang='lat' dir='ltr'><strong>ullum</strong></span> <span class='ocrx_word' id='word_1_897' title='bbox 1670 2744 1827 2779; x_wconf 42' lang='lat' dir='ltr'><strong>senseruut‘</strong></span> 
     </span>
    </p>
   </div>
   <div class='ocr_carea' id='block_1_113' title="bbox 1043 2784 1829 2826">
    <p class='ocr_par' dir='ltr' id='par_1_113' title="bbox 1043 2784 1829 2826">
     <span class='ocr_line' id='line_1_113' title="bbox 1043 2784 1829 2826; baseline -0.01 -8"><span class='ocrx_word' id='word_1_898' title='bbox 1043 2798 1132 2826; x_wconf 89' lang='lat' dir='ltr'><strong>neque</strong></span> <span class='ocrx_word' id='word_1_899' title='bbox 1148 2789 1202 2819; x_wconf 81' lang='lat' dir='ltr'><strong>sibi</strong></span> <span class='ocrx_word' id='word_1_900' title='bbox 1219 2789 1389 2818; x_wconf 84' lang='lat' dir='ltr'><strong>calamitates</strong></span> <span class='ocrx_word' id='word_1_901' title='bbox 1405 2786 1564 2823; x_wconf 87' lang='lat' dir='ltr'><strong>impendere</strong></span> <span class='ocrx_word' id='word_1_902' title='bbox 1577 2785 1770 2822; x_wconf 64' lang='lat' dir='ltr'><strong>praeviderunt.</strong></span> <span class='ocrx_word' id='word_1_903' title='bbox 1791 2784 1829 2811; x_wconf 75' lang='lat' dir='ltr'><strong>lix</strong></span> 
     </span>
    </p>
   </div>
   <div class='ocr_carea' id='block_1_114' title="bbox 232 2875 1740 2917">
    <p class='ocr_par' dir='ltr' id='par_1_114' title="bbox 232 2875 1740 2917">
     <span class='ocr_line' id='line_1_114' title="bbox 232 2875 1740 2917; baseline -0.005 -6"><span class='ocrx_word' id='word_1_904' title='bbox 232 2883 254 2898; x_wconf 81' lang='lat'>&quot;</span> <span class='ocrx_word' id='word_1_905' title='bbox 270 2883 337 2912; x_wconf 80' lang='lat' dir='ltr'><strong>Joan</strong></span> <span class='ocrx_word' id='word_1_906' title='bbox 365 2892 424 2916; x_wconf 76' lang='lat' dir='ltr'><strong>vnn,</strong></span> <span class='ocrx_word' id='word_1_907' title='bbox 442 2884 483 2911; x_wconf 70' lang='grc'><strong>14.</strong></span> <span class='ocrx_word' id='word_1_908' title='bbox 524 2885 545 2901; x_wconf 90' lang='grc'><strong>³¹</strong></span> <span class='ocrx_word' id='word_1_909' title='bbox 560 2884 626 2912; x_wconf 87' lang='lat' dir='ltr'><strong>ibid.</strong></span> <span class='ocrx_word' id='word_1_910' title='bbox 645 2884 686 2913; x_wconf 78' lang='lat'><strong>18.</strong></span> <span class='ocrx_word' id='word_1_911' title='bbox 726 2884 748 2900; x_wconf 80' lang='lat'><strong>&quot;</strong></span> <span class='ocrx_word' id='word_1_912' title='bbox 769 2883 820 2913; x_wconf 82' lang='lat' dir='ltr'><strong>lsa.</strong></span> <span class='ocrx_word' id='word_1_913' title='bbox 838 2891 884 2914; x_wconf 72' lang='lat' dir='ltr'><strong>vn.</strong></span> <span class='ocrx_word' id='word_1_914' title='bbox 900 2884 927 2911; x_wconf 86' lang='lat'><strong>9.</strong></span> <span class='ocrx_word' id='word_1_915' title='bbox 967 2882 998 2917; x_wconf 72' lang='lat'><strong>’7_</strong></span> <span class='ocrx_word' id='word_1_916' title='bbox 1010 2881 1100 2909; x_wconf 79' lang='lat' dir='ltr'><strong>Jcrem</strong></span> <span class='ocrx_word' id='word_1_917' title='bbox 1127 2888 1146 2911; x_wconf 84' lang='grc' dir='ltr'>ι,</span> <span class='ocrx_word' id='word_1_918' title='bbox 1163 2880 1204 2907; x_wconf 80' lang='lat'><strong>27.</strong></span> <span class='ocrx_word' id='word_1_919' title='bbox 1244 2879 1265 2895; x_wconf 80' lang='lat'><strong>&quot;</strong></span> <span class='ocrx_word' id='word_1_920' title='bbox 1283 2878 1350 2907; x_wconf 66' lang='lat' dir='ltr'><strong>ibid.</strong></span> <span class='ocrx_word' id='word_1_921' title='bbox 1367 2879 1412 2905; x_wconf 66' lang='lat' dir='ltr'><strong>“l8.</strong></span> <span class='ocrx_word' id='word_1_922' title='bbox 1455 2878 1476 2894; x_wconf 70' lang='grc'><strong>³³</strong></span> <span class='ocrx_word' id='word_1_923' title='bbox 1490 2876 1569 2904; x_wconf 84' lang='lat' dir='ltr'><strong>Joan.</strong></span> <span class='ocrx_word' id='word_1_924' title='bbox 1589 2885 1614 2907; x_wconf 63' lang='grc' dir='ltr'><strong>κ.</strong></span> <span class='ocrx_word' id='word_1_925' title='bbox 1631 2876 1676 2906; x_wconf 71' lang='lat'><strong>28.</strong></span> <span class='ocrx_word' id='word_1_926' title='bbox 1692 2875 1740 2904; x_wconf 71' lang='grc' dir='ltr'><strong>ΞΟ.</strong></span> 
     </span>
    </p>
   </div>
  </div>
