2002 3078
164 139 230 170 2391

830 144 1007 175 PROCOPlI
1024 145 1144 175 GAZ/EI

1724 142 1796 174 2392

162 198 197 226 iis
212 197 285 225 enim
301 196 335 224 ad
355 197 497 233 octoginta
511 198 634 235 quinque
648 200 732 227 millia
757 200 948 230 internecione

1010 203 1114 230 Ἦκέτω
1127 200 1175 230 οὖν
1190 211 1235 235 τις
1248 202 1342 230 ταῦτα
1353 203 1419 239 παρ’
1442 202 1554 229 ἐκείνων
1577 202 1717 236 ἀκηκοὼς
1736 202 1796 229 τῶν

161 244 243 273 deleti
264 248 340 272 sunt.
356 245 475 272 Accedat
497 245 581 280 igitur
593 246 649 279 iam
666 246 763 282 aliquis
787 248 834 283 qui
859 248 953 276 istaec

161 291 197 318 ab
212 298 310 319 eorum
323 290 376 318 diis
391 291 534 323 audiverit,
555 299 617 327 qua).
629 292 739 321 vidistis
752 302 760 327 ;
775 301 892 329 quorum
904 301 954 322 vos

161 337 242 364 etiam
258 345 302 364 me
315 338 512 371 comprobante
524 342 601 365 testes
613 345 675 366 esse
691 341 822 374 oportuit.
838 339 916 373 Quod
929 341 954 368 si

162 385 280 419 idipsum
298 389 431 420 praestare
443 385 593 418 recusatis,
606 386 647 413 vel
661 387 719 421 ipse
737 387 802 415 mihi
816 395 870 415 non
890 389 954 416 dee-

162 431 198 457 rit
213 430 299 458 Filius
325 431 494 467 unigenitus,
518 432 565 467 qui
587 432 726 460 defectum
749 437 873 461 vestrum
888 441 955 469 sup-

162 477 245 511 pleat,
263 485 318 513 quo
335 483 457 513 tempore
474 478 604 505 nimirum
620 479 783 514 praeclarum
806 479 873 507 illud
890 484 955 508 ante

161 523 290 551 Pontium
307 524 425 552 Pilatum
435 523 469 551 de
483 532 526 552 me
544 525 725 552 testimonium
742 525 838 552 edidit.
861 524 953 558 Quan-

161 577 243 604 quam
257 570 280 597 si
300 570 368 598 mihi
388 574 466 598 testes
481 578 543 598 esse
556 570 650 603 vultis,
666 579 720 598 non
736 579 834 607 parum
854 575 882 600 et
900 571 954 607 ipsi

161 615 241 644 vobis
254 617 288 644 ad
304 616 460 645 futurorum
472 618 656 653 cognitionem
667 617 876 653 divinitatisque
887 625 954 646 me.»

162 662 422 696 contemplationem
444 661 583 698 profuturi
601 662 684 694 estis;
705 662 752 697 qui
774 670 881 689 servare
900 670 952 696 me,

162 715 225 734 cum
241 707 318 741 libet,
334 709 434 737 vestris
452 709 505 744 ipsi
519 709 608 736 oculis
624 708 718 736 intuiti
734 708 803 736 estis
819 717 827 741 ;
842 712 870 736 et
882 716 953 743 prte-

162 753 265 785 dicere,
280 755 391 790 quando
404 763 464 782 sum
483 755 586 790 aliquid
604 755 777 784 admissurus
796 764 803 783 :
823 755 897 791 quod
917 755 952 782 ab

1001 248 1078 276 θεῶν
1092 249 1164 285 ἅπερ
1179 249 1260 281 ἴδετε,
1274 248 1338 283 περὶ
1353 243 1391 275 ὧν
1409 248 1482 283 ὑμᾶς
1503 248 1586 283 ὲχρῆν
1602 247 1729 282 γενέσθαι
1749 248 1797 275 καὶ

999 295 1152 330 μάρτυρας
1165 293 1398 329 ἐπιψηφιζομένου
1419 293 1520 328 κάμοῦ.
1534 294 1565 320 Εἰ
1577 293 1606 320 δὲ
1621 295 1688 329 πρὸς
1707 293 1796 327 τοῦτο,

1002 340 1096 374 φησὶν,
1111 338 1270 371 ἁναδύεσθε,
1292 339 1307 365 ὁ
1321 341 1472 374 μονογενὴς
1489 347 1539 374 μου
1567 339 1703 374 παρέσται
1729 339 1795 374 neq

1002 385 1057 412 τῶν
1071 385 1216 421 ἡμετέρων
1239 384 1429 420 ἐλλειμμάτων
1444 385 1484 416 εἰς
1498 385 1706 421 ἀναπλήρωσιν,
1722 388 1736 414 ὁ
1748 388 1794 414 καὶ

1003 430 1051 457 ἐπὶ
1065 430 1178 457 Ποντίου
1193 430 1312 457 Πιλάτου
1325 430 1376 466 τὴν
1392 430 1479 465 καλὴν
1494 432 1674 466 μαρτυρήσας
1683 440 1795 466 μαρτυ⁴

999 476 1081 511 ρίαν.
1102 476 1197 503 Καίτοι
1210 476 1434 510 μαρτυροῦντες
1458 476 1606 511 ὠφελεῖσθε
1627 477 1662 504 τὰ
1679 477 1794 512 μέγιστα

1004 521 1073 556 πρὸς
1100 521 1264 557 κατανόησιν
1279 521 1336 548 τῶν
1363 521 1525 557 μελλόντων,
1543 522 1590 552 καὶ
1611 522 1730 558 θεωρίαν
1746 525 1796 558 τῆς

1003 567 1076 603 ἐμῆς
1095 567 1232 603 θεότητος,
1258 567 1463 603 ὀμματοὺμενοι
1478 567 1516 599 ὡς
1529 568 1577 594 καὶ
1600 568 1682 598 σώζω
1699 568 1794 601 θέλων,

1005 615 1050 642 καὶ
1066 615 1166 650 δρᾶσαι
1182 614 1286 650 μέλλων
1296 614 1435 650 προλέγω,
1453 614 1541 641 τοῦτο.
1555 615 1670 650 μηδενὸς
1689 615 1796 642 ποιοῦν-

1002 669 1048 692 τος
1062 660 1114 687 τῶν
1123 659 1278 695 λεγομένων
1292 659 1371 687 θεῶν.
1397 659 1477 692 Τινὲς
1494 659 1523 686 δὲ
1541 659 1572 686 τὺ
1581 659 1697 694 μάρτυς
1710 661 1796 687 ἔσται

1003 707 1021 735 ὁ
1040 707 1111 741 παῖς
1123 715 1193 741 μου,
1216 705 1334 741 Χριστός
1348 714 1431 740 φασιν
1446 705 1519 741 ἔργῳ
1539 706 1650 742 πληρῶν
1669 706 1687 734 ἃ
1703 709 1797 743 προεῖ-

1004 762 1055 781 πον
1067 753 1138 788 ύπὲρ
1159 751 1278 788 Ἰσραὴλ.
1292 753 1340 778 καὶ
1355 751 1427 778 κατὰ
1436 751 1491 778 τῶν
1504 752 1620 787 ἐχθρῶν.

163 806 258 826 eorum
277 800 396 832 nemine,
420 800 467 835 qui
487 801 526 829 dii
539 804 680 836 putantur,
705 801 830 836 praestari
855 804 954 836 potest.
974 798 1034 827 Non
1063 799 1164 827 desunt
1182 799 1229 833 qui
1254 798 1333 831 illud,
1361 799 1436 825 testis
1463 798 1514 825 erit
1535 798 1608 832 ﬁlius
1642 806 1726 831 meus,
1762 798 1795 825 ad

163 843 303 871 Christum
316 845 451 879 referant;
468 851 600 882 tanquam
611 853 688 880 enm,
704 854 765 882 quac
780 847 813 874 de
836 846 947 878 lsraele,
983 849 1011 873 et
1046 845 1180 873 adversus
1208 845 1322 876 hostes,
1347 843 1418 871 Deus
1453 843 1597 879 praedixit,
1620 844 1796 880 lmpleturum

163 889 334 918 existiment.

196 937 382 974 ηδε-489
393 938 473 965 Vsus.
484 938 575 966 14-28.
591 938 637 967 Sic
654 939 718 967 dicit
732 939 954 973 Dominus’Deus,

1042 939 1134 973 ιδ-κη’.
1157 937 1258 970 οὕτως
1271 935 1353 971 λέγει
1371 936 1480 971 Κύριος
1494 937 1512 963 ὁ
1531 935 1615 969 Θεὸς,
1639 937 1657 963 ὀ
1670 937 1798 970 λυτρού-

162 983 209 1017 ηιιὶ
224 983 335 1009 redemit
347 991 404 1016 vos,
419 987 528 1010 sanctus
544 982 650 1011 Israel:
664 983 778 1019 Propter
792 993 836 1012 vos
850 985 956 1012 mittam

164 1030 192 1055 in
211 1028 385 1065 Babylonem,
401 1034 425 1056 et
438 1029 572 1057 suscitabo
584 1031 713 1066 fugientes
726 1039 827 1063 omnes,
840 1036 864 1058 et
873 1031 955 1059 Chal-

163 1076 217 1102 dwi
233 1075 357 1103 manibus
373 1076 533 1104 vincientur.
550 1075 606 1112 Ego
616 1077 746 1104 Domitius
755 1077 834 1109 Deus,
849 1083 956 1105 sanctus

164 1126 259 1155 uester,
279 1123 324 1157 qui
342 1123 447 1150 ostendi
467 1122 557 1151 Israel
576 1131 663 1159 regem
686 1129 812 1151 vestrum.
828 1122 874 1151 Sic
890 1123 957 1150 dicit

165 1167 306 1200 Donninus,
320 1169 366 1204 qui
374 1168 421 1195 dat
436 1169 463 1196 in
478 1170 548 1196 mari
562 1169 643 1202 viam,
659 1175 683 1197 et
698 1170 726 1196 in
741 1177 810 1205 aqua
822 1169 957 1196 vehemen-

166 1215 185 1240 ti
202 1214 335 1246 semitam,
351 1215 396 1249 qui
407 1215 501 1242 eduxit
517 1223 624 1248 currus,
641 1220 665 1243 et
677 1224 782 1251 equum,
794 1221 819 1243 et
835 1216 957 1244 multitu-

164 1261 253 1287 dinem
263 1260 412 1294 robustam,
429 1266 482 1289 etc.
642 1277 656 1294 κ

202 1306 269 1341 Vos,
287 1308 387 1344 inquit,
401 1316 463 1336 cum
481 1317 581 1344 magno
592 1313 684 1338 vestro
701 1311 848 1339 commodo
866 1312 956 1340 corri-

167 1360 233 1386 pere
252 1354 425 1386 statuissem,
449 1353 606 1390 Babyloniis
632 1354 743 1382 tradidi.
767 1354 866 1383 Postea
892 1363 957 1383 vero

166 1407 228 1428 eum
240 1400 268 1428 in
281 1399 434 1429 libertatem
449 1407 613 1434 assererem,
623 1404 650 1428 et
663 1408 711 1429 eos
724 1401 817 1434 etiam,
827 1409 842 1428 a
856 1401 958 1437 quibus

167 1445 299 1480 iniuriam
319 1446 394 1482 passi
412 1446 509 1479 eratis,
527 1446 603 1474 ultus
618 1454 680 1474 sum
696 1455 703 1473 :
721 1445 856 1474 Chaldwis
877 1447 956 1483 ipsis,

166 1491 214 1527 qui
236 1491 312 1526 juxta
328 1491 464 1524 habitant,
481 1492 579 1527 partim
598 1491 707 1527 quidem
726 1492 754 1520 in
777 1493 867 1528 fugam
890 1500 958 1521 con-

169 1535 269 1568 versis,
292 1536 393 1571 partim
406 1543 473 1563 vero
487 1536 594 1570 uinctis,
614 1540 642 1564 et
663 1537 783 1565 navibus
802 1539 829 1565 in
841 1538 958 1573 captivi-

167 1585 253 1610 tatem
270 1581 410 1616 abductis,
434 1589 498 1610 cum
521 1583 707 1618 potentiorum
722 1583 855 1618 impetum
871 1584 957 1612 susti-

168 1636 233 1656 nere
247 1636 302 1656 non
316 1633 441 1664 possent.
454 1629 538 1657 Aiunt
554 1629 679 1657 nonnulli
697 1629 799 1666 Cyrum
811 1630 898 1664 illum,
910 1630 957 1666 qui

167 1673 332 1708 Babylonem
353 1674 534 1710 expugnavit,
549 1675 649 1702 vinctos
664 1674 692 1702 in
715 1674 844 1703 exsiliunt
868 1675 959 1704 classe

169 1719 309 1754 deportari
322 1719 461 1755 iussisse;
480 1720 592 1756 Deoque
601 1725 714 1749 auctore
725 1721 763 1748 ita
775 1721 879 1749 factum
895 1729 958 1751 esse

170 1768 200 1792 ut
216 1766 259 1792 sui
283 1765 341 1800 ipse
358 1765 442 1802 490
457 1767 531 1801 regni
559 1766 708 1802 potentiam
728 1767 893 1795 mortalibus
917 1775 960 1795 os-

170 1810 297 1838 tenderet.
313 1812 349 1838 At
359 1820 416 1847 quo
431 1813 503 1845 loco,
515 1813 560 1848 qui
583 1813 688 1840 ostendi
702 1811 788 1840 Israel
811 1821 897 1849 regem
917 1821 959 1841 ce-

170 1862 257 1885 strum
282 1857 415 1886 habemus
428 1878 435 1891 ,
453 1860 490 1886 ita
511 1858 693 1894 Symmachus
712 1868 720 1886 :
741 1859 798 1895 Ego
826 1860 960 1889 Dominus

171 1908 280 1931 sanctus
290 1907 385 1936 vester.
399 1903 522 1931 conditor
529 1903 626 1937 Israel,
637 1913 683 1932 rex
696 1909 787 1932 vester.
797 1904 960 1941 Quanquam

170 1951 299 1986 equidem
316 1952 456 1980 Christum
482 1960 568 1987 regem
590 1953 771 1980 constitutum
794 1959 856 1979 esse
874 1951 961 1979 videri

171 2002 253 2032 queat
267 1997 395 2031 innuere,
413 2006 495 2034 quem
515 1997 658 2030 Israelem,
682 2002 710 2025 et
731 1997 874 2031 Iacobum,
888 1997 962 2025 sicut

171 2049 198 2070 et
214 2043 346 2072 Davidem
360 2045 455 2077 etiam,
470 2048 601 2080 tanquam
616 2045 663 2080 qui
677 2045 712 2072 ab
731 2045 839 2073 illorum
856 2044 962 2072 semine

172 2091 316 2126 prodierit,
327 2091 353 2119 in
368 2091 514 2127 Scriptura
523 2092 659 2119 nominari
674 2091 810 2119 videmus.
823 2091 962 2124 Quoniam

172 2138 245 2165 cnim
262 2138 362 2166 futurae
378 2138 526 2173 peculiaris
547 2137 691 2173 cujusdam
716 2137 861 2173 Babylonis
873 2157 881 2170 ,
902 2144 963 2172 qua:

172 2190 215 2212 est
238 2193 253 2212 a
268 2185 340 2222 Cyro
361 2190 530 2221 oppugnata,
555 2184 743 2217 redemptionis
757 2183 903 2216 meminit;
929 2183 964 2211 de

173 2239 228 2266 qua
251 2231 334 2260 etiam
357 2232 497 2267 propheta:
516 2231 661 2267 cujusdam
684 2231 769 2258 verba
793 2230 847 2257 ista
870 2233 935 2257 sunt
955 2238 961 2256 :

1003 994 1097 1021 μενος
1110 983 1197 1018 ὑμᾶς,
1213 984 1230 1010 δ
1240 983 1324 1017 ἅγιος
1337 982 1390 1010 τοῦ
1411 982 1535 1016 Ἰσραήλ
1545 990 1552 997 ·
1568 982 1693 1010 Ἕνεκεν
1716 983 1799 1017 ὑμῶν

1006 1027 1166 1059 ὑποστελῶ
1179 1030 1222 1062 εις
1235 1027 1409 1060 Βαϐυλῶνα,
1425 1027 1476 1054 καὶ
1488 1027 1619 1062 ἐπεγερῶ
1632 1029 1799 1063 φεύγοντας

1007 1076 1143 1110 πάντας,
1167 1075 1218 1103 καὶ
1239 1075 1383 1102 Χαλδαῖοι
1400 1075 1436 1101 ἐν
1464 1075 1582 1109 πλοίοις
1605 1075 1795 1110 δεθήσονται.

1013 1123 1087 1158 Ἐγὼ
1102 1123 1210 1157 Κύριος
1226 1123 1242 1149 d
1258 1122 1341 1155 Θεὸς.
1355 1122 1372 1148 ό
1386 1121 1470 1156 ᾶτιος
1479 1121 1573 1156 ὑμῶν,
1590 1123 1607 1149 ό
1621 1122 1798 1155 καταδείξας

1014 1169 1139 1204 Ἰσραὴλ
1155 1167 1289 1201 ,βασιλέα
1307 1167 1408 1202 ὑμῶν.
1429 1168 1530 1201 Οὕτως
1543 1168 1624 1203 λέγει
1648 1169 1766 1203 Κύριος,
1782 1171 1798 1195 ὀ

1007 1215 1111 1249 διδοὺς
1136 1214 1171 1242 ἐν
1194 1214 1338 1248 θαλάσσῃ
1353 1213 1436 1247 ὁδὸν,
1448 1213 1499 1241 και
1513 1214 1548 1241 ὲν
1564 1214 1651 1241 ὕδατι
1681 1214 1796 1250 ἰσχυρῷ

1008 1263 1120 1298 τρίϐον,
1135 1271 1162 1290 κ.
1178 1270 1204 1288 τ.
1218 1261 1244 1288 λ.

1039 1308 1202 1345 Εὐεργετῶν
1219 1308 1302 1343 ὑμᾶς,
1316 1307 1395 1343 φησὶ,
1408 1307 1456 1334 καὶ
1467 1307 1612 1334 παιδεῦσαι
1625 1307 1805 1343 βουλόμενος,

1008 1355 1210 1388 Βαϐυλωνίοις
1239 1353 1396 1389 παρέδωκα.
1421 1351 1489 1380 Εἶτα
1514 1353 1604 1387 δείξας
1628 1353 1798 1389 ἐλευθέρους,

1007 1403 1070 1438 δίκῃ
1087 1400 1219 1437 μετῆλθον
1232 1400 1295 1432 τοὺς
1309 1400 1373 1435 ὑμῖν
1388 1400 1596 1436 ὲνυὸρίσαντας,
1611 1409 1649 1432 ως
1662 1400 1716 1426 τῶν
1728 1401 1800 1436 παρ’

1007 1449 1099 1479 αὐτοῖς
1115 1446 1272 1474 Χαλδαίων
1288 1446 1351 1477 τοὺς
1369 1444 1420 1480 μὲν
1435 1445 1552 1480 φυγεῖν,
1564 1445 1629 1477 τοὺς
1644 1445 1672 1472 δὲ
1687 1445 1801 1481 δεσμώ-

1008 1503 1062 1528 τας
1082 1493 1126 1521 διὰ
1148 1493 1198 1528 τῆς
1213 1492 1279 1528 παρ’
1291 1491 1384 1523 αὐτοῖς
1399 1491 1516 1527 ἀχθῆναι
1533 1491 1679 1527 θαλάττης,
1698 1492 1801 1528 ἐτέρων

1008 1541 1100 1571 αὐτοῖς
1117 1539 1300 1574 ἰσχυροτέρων
1314 1537 1495 1573 ἐπιθεμένων.
1513 1538 1592 1570 Τινὲς
1612 1537 1641 1564 δέ
1663 1546 1743 1572 φασιν
1764 1538 1802 1569 ὼς

1009 1586 1101 1622 Κῦρος
1119 1587 1134 1612 ὸ
1150 1584 1316 1612 Βαϐυλῶνα
1330 1583 1422 1611 λαϐὼν
1433 1604 1441 1617 ,
1458 1583 1611 1619 δεσμώτας
1626 1584 1725 1616 αὐτοὺς
1743 1584 1802 1611 δια-

1011 1633 1136 1664 ποντίους
1148 1632 1189 1663 εἰς
1203 1630 1355 1666 ὑπερορίαν
1369 1629 1536 1665 ἐξέπεμψεν,
1551 1630 1623 1666 ἅπερ
1636 1630 1743 1665 ἔπραξα
1753 1630 1803 1666 τὴν

1011 1678 1081 1714 ὲμὴν
1101 1676 1257 1712 ἀνθρώποις
1273 1675 1437 1708 ,βασιλείαν
1460 1675 1716 1710 ἐπιδεικνύμενος.
1732 1676 1804 1702 ’Λντὶ

1011 1724 1041 1752 δὲ
1060 1723 1119 1756 τοῦ,
1135 1724 1152 1750 ὁ
1176 1722 1356 1756 καταδείξας
1374 1721 1500 1756 Ἰσραὴλ
1520 1721 1656 1754 ,ϐασιλέα
1682 1721 1778 1757 ὑμῶν,
1790 1723 1804 1749 ὁ

1013 1770 1172 1805 Σύμμαχος
1191 1768 1276 1804 Ἐγὼ,
1291 1768 1368 1804 φησὶ,
1385 1768 1493 1802 Κύριος
1504 1769 1520 1795 ό
1536 1767 1620 1802 ἅγιος
1637 1767 1730 1802 ὑμῶν,
1743 1769 1804 1795 κτί-

1011 1825 1087 1851 στης
1104 1815 1240 1850 Ἰσραὴλ,
1266 1814 1417 1848 ,βασιλεὺς
1443 1814 1536 1850 ὑμῶν.
1563 1814 1595 1841 Εἰ
1620 1815 1658 1850 μὴ
1683 1815 1736 1850 ἄρα
1759 1815 1804 1841 τδιν

1011 1862 1129 1897 Χριστὸν
1145 1861 1296 1888 αἰνίττεται
1314 1859 1447 1893 ,βασιλέα
1468 1859 1677 1892 καθεστακέναι,
1691 1859 1722 1886 ὃν
1735 1857 1805 1886 οἶδεν

1018 1907 1139 1942 Ἰσραὴλ
1163 1907 1212 1934 καὶ
1234 1906 1339 1934 Ἰακὼσ
1362 1905 1455 1932 καλετν
1473 1906 1489 1941 ἡ
1506 1905 1602 1942 Γραφὴ
1615 1926 1623 1938 ,
1640 1905 1735 1941 ὥσπερ
1758 1905 1805 1932 οὖν

1013 1955 1060 1982 καὶ
1072 1954 1165 1986 Δαϐὶδ,
1177 1953 1214 1986 ὡς
1227 1954 1259 1980 ἐκ
1271 1952 1318 1979 τοῦ
1331 1952 1492 1988 σπέρματος
1503 1951 1594 1978 αὐτῶν
1607 1952 1804 1986 καταγόμενον.

1019 2000 1129 2034 Ἐπειδὴ
1142 1999 1196 2034 γὰρ
1213 1998 1332 2034 μερικῆς
1344 1997 1468 2033 ἐμνήσθη
1483 1998 1663 2032 λυτρώσεως
1684 1997 1733 2032 τῆς
1747 1999 1806 2024 soo-

1015 2045 1098 2081 μένης
1111 2045 1144 2071 ὲκ
1161 2042 1350 2075 Βαϐυλῶνος,
1367 2042 1450 2077 ἡνίκα
1466 2042 1570 2076 ταύτην
1584 2038 1656 2067 εἷλεν
1676 2042 1690 2068 ὁ
1702 2040 1804 2076 Κῦρος,

1014 2091 1083 2126 πρὸς
1098 2091 1132 2126 ἦν
1146 2099 1188 2122 τις
1202 2089 1254 2124 ἔφη
1270 2088 1416 2123 προφήτης
1426 2096 1432 2103 ·
1454 2097 1464 2114 ι
1479 2087 1578 2119 Καθὼς
1592 2087 1725 2122 ἐποίησας
1735 2107 1743 2119 ,
1761 2085 1806 2113 οὓ-

1013 2145 1067 2175 ey);
1083 2136 1158 2164 ἔσται
1171 2136 1201 2163 τὸ
1211 2134 1386 2169 ἀνταπόδομά.
1401 2142 1447 2160 σου
1457 2142 1465 2149 ·
1481 2142 1490 2160 ν
1509 2134 1554 2161 ἐπὶ
1569 2133 1617 2168 τὴν
1628 2133 1673 2160 διὰ
1687 2131 1805 2168 Χριστοῦ

1014 2183 1060 2210 τὸν
1071 2183 1149 2217 λόγον
1164 2182 1337 2215 τελειοτάτην
1347 2180 1471 2215 ἀνήγαγε
1485 2179 1630 2215 λύτρωσιν,
1649 2179 1699 2206 οὐκ
1713 2178 1807 2210 ἔθνους

1016 2229 1085 2262 ἐνὸς,
1100 2229 1226 2263 καθάπερ
1243 2228 1274 2255 τὺ
1287 2229 1437 2264 πρότερον,
1452 2227 1602 2262 καθολικὴν
1614 2227 1642 2253 δὲ
1657 2227 1725 2253 πᾶσι
1744 2226 1808 2261 μέλ-

176 2288 186 2304 ι
204 2277 442 2311 Quemadmodum
453 2278 554 2310 fecisti,
564 2278 605 2305 sic
615 2277 668 2305 erit
684 2277 832 2305 retributio
846 2275 936 2309 tua”;
951 2285 958 2301 ι

1015 2276 1116 2303 λουσαν
1137 2274 1326 2302 ἐσεσθαι.”οτι
1339 2274 1368 2301 δὲ
1383 2273 1451 2308 πρὸς
1473 2273 1558 2308 ἄμφω
1574 2272 1688 2303 δυνατὸς
1703 2272 1717 2298 ὁ
1730 2271 1807 2303 Θεὺς,

173 2323 208 2352 ad
224 2323 363 2359 eamiam,
376 2331 435 2359 qua:
450 2331 497 2359 per
515 2323 656 2351 Christum
681 2323 783 2359 ipsum,
804 2331 860 2350 non
873 2321 963 2358 gentis

174 2369 269 2402 unius,
285 2373 316 2397 ut
330 2374 410 2398 antea
424 2379 432 2403 ;
447 2369 496 2398 sed
507 2370 663 2398 communis
676 2369 802 2397 omnium
819 2368 962 2405 perfectis-

175 2416 245 2443 sima
263 2415 354 2444 futura
369 2420 421 2449 est,
437 2417 590 2444 orationem
606 2417 754 2444 convertit.
768 2415 854 2443 Deum
871 2420 964 2443 autem

174 2461 202 2488 in
215 2466 332 2498 utraque
345 2463 435 2490 valere
446 2462 579 2496 ostendit,
593 2470 655 2490 cum
669 2461 725 2498 Ego
739 2462 868 2490 Dominus
881 2461 965 2494 Deus,

174 2508 308 2544 adiungit.
325 2509 428 2537 Deinde
445 2513 578 2545 tanquam
595 2509 730 2545 integrant
746 2508 901 2536 orationem
924 2508 966 2536 in-

175 2552 270 2587 cipiat,
293 2553 384 2582 dixit:
409 2554 455 2582 Sic
474 2555 512 2581 ait
530 2553 659 2582 Dominus
681 2554 752 2581 Deut
771 2553 871 2582 Israel.
896 2553 965 2581 Deus

175 2600 248 2626 enim
263 2603 361 2627 natura
374 2607 436 2629 cum
450 2601 497 2633 sit,
515 2600 580 2636 quid
598 2608 652 2628 non
664 2599 744 2628 facile
761 2599 882 2628 etiiciat?
903 2599 967 2627 llaec

175 2644 260 2680 igitur
271 2645 413 2683 Babylonii
428 2656 472 2675 me
484 2652 598 2677 auctore
610 2648 719 2684 passuri
735 2653 808 2680 sunt,
819 2655 880 2682 qua:
895 2655 966 2674 non-

176 2692 240 2719 dum
256 2694 445 2730 contigerunt,
458 2695 523 2723 licet
541 2695 599 2731 ipse
616 2703 672 2724 non
688 2703 761 2723 nunc
779 2695 899 2730 primum
915 2702 963 2730 po-

211 2782 234 2798 “
255 2782 325 2810 Abii.
346 2783 388 2811 l5.

1014 2322 1150 2358 δεδήλωκε
1167 2321 1255 2356 φήσας
1263 2328 1270 2336 ·
1289 2320 1360 2355 Ἐγὼ
1374 2321 1480 2354 Κύριος
1492 2321 1508 2347 d
1524 2319 1606 2352 Θεός.
1618 2319 1674 2346 Καὶ
1684 2319 1734 2353 τῆς
1744 2320 1808 2352 ὅλης

1015 2369 1042 2395 δὲ
1049 2368 1198 2403 ἀρχόμενος
1206 2367 1311 2402 ρἡεως
1317 2365 1593 2400 ἐλεγενβῦτωλέγει
1599 2365 1707 2399 Κύριος
1713 2365 1729 2391 d
1737 2364 1810 2396 Θεὸς

1021 2413 1152 2448 Ἰσραήλ.
1167 2412 1240 2445 Θεὸς
1253 2412 1308 2447 γὰρ
1322 2411 1360 2438 ὢν
1367 2411 1458 2446 φύσει,
1470 2411 1497 2438 τί
1515 2412 1552 2446 μὴ
1565 2411 1675 2446 ποιήσει
1689 2409 1809 2446 ρᾳδίωςς

1018 2460 1111 2487 Ταῦτα
1127 2459 1177 2493 μὲν
1191 2457 1238 2486 οὖν
1251 2458 1328 2485 ἔσται
1347 2458 1549 2490 Βαϐυλωνίοις
1565 2457 1650 2492 μήπω
1664 2455 1808 2490 γενόμενα,

1019 2511 1031 2525 ³
1051 2506 1083 2534 οὗ
1097 2505 1145 2533 νῦν
1160 2504 1314 2541 ἀρξαμένου
1331 2512 1382 2539 μου
1395 2503 1443 2538 τὴν
1455 2503 1575 2538 ἐμαυτοῦ
1586 2501 1748 2529 δυναστείαν
1761 2501 1810 2534 τήν

1018 2561 1048 2579 τε
1073 2552 1138 2588 περὶ
1165 2552 1237 2587 ὑμᾶς
1257 2551 1482 2577 ἐπιδείκνυσθαι
1502 2549 1641 2584 πρόνοιαν.
1661 2549 1715 2575 Καὶ
1729 2547 1811 2574 πάλαι

1019 2598 1073 2633 γὰρ
1083 2597 1117 2630 ἐξ
1128 2597 1279 2632 Αἰγύπτου
1294 2595 1337 2622 διὰ
1348 2595 1483 2630 Θαλάττης
1494 2594 1638 2629 διήγαγον
1651 2593 1697 2620 τοῦ
1712 2592 1812 2636 Φαραὼ

1020 2646 1102 2682 ῥίψας
1110 2646 1139 2672 ὲν
1147 2644 1234 2680 ταύτῃ
1244 2643 1293 2679 τὴν
1305 2643 1430 2678 δύναμιν,
1442 2642 1481 2674 ὠς
1495 2641 1693 2677 κοιμηθέντας
1701 2641 1729 2667 ὲν
1739 2639 1812 2674 βύθῳ

1017 2693 1124 2729 μηκέτι
1141 2692 1234 2719 λοιπὸν
1250 2690 1429 2725 ἀναστῆναι,
1443 2689 1492 2716 καὶ
1516 2688 1554 2720 ὥς
1569 2697 1599 2715 τε
1623 2686 1704 2723 φλογὶ
1720 2695 1811 2721 παρα-

826 2831 942 2859 νΛιιῌῦ
963 2831 1166 2860 ιυρτιυκκδ.

215 2882 226 2896 ι
243 2877 286 2904 ῖσ.
303 2878 348 2904 καί
367 2886 428 2913 περ.
