2002 3078
163 162 235 194 23θῖ

715 167 978 199 COMMENTARII
1011 171 1059 211 IN,
1082 171 1225 202 ISAIAM.

1728 176 1799 207 2391

162 219 293 254 πλησίους
303 219 477 254 ἐσϐεσμένῳ
489 229 526 247 πα
530 220 713 256 ραϐάλλεσθαι
722 223 798 256 λίνῳ
808 223 846 258 τῷ
858 224 958 259 ῥαδίως

1016 227 1123 253 tentiam
1150 234 1250 258 meam,
1272 231 1299 254 et
1320 234 1402 262 quam
1417 227 1451 255 de
1469 227 1548 256 vobis
1569 236 1664 256 curam
1685 229 1800 259 habeam

159 265 342 300 ἁναπτομένῳ
358 265 406 292 καὶ
421 266 613 301 σϐεννυμένῳ
631 268 713 303 τυχὸν
727 268 792 304 ψιλῇ
817 270 863 296 καὶ
888 270 957 306 μόνῃ

159 311 244 347 χειρί.
259 312 406 347 Διήγαγιον
420 312 449 339 δὲ
463 313 563 348 τρίϐον
575 314 674 346 αὐτοὺς
688 314 723 341 ἐν
738 315 824 342 ὕδατι
840 316 908 351 πρὸς
923 318 955 352 τῇ

161 356 304 391 θαλάσσῃ
316 358 364 384 καὶ
379 358 425 384 τὸν
440 360 562 394 ποταμὸν
581 360 763 396 ’1ορδάνην.¹“0
780 363 829 389 καὶ
849 363 957 398 θαυμά-

162 402 216 434 ζων
225 404 307 438 φησὶν
316 405 329 430 ὁ
337 403 434 430 Δαϐίδ·
452 413 465 429 ι
475 405 507 431 Τί
519 405 560 431 σοί
572 406 641 439 εστι,
651 406 784 440 θάλασσα,
794 409 834 435 ὅτι
844 408 955 444 ἔφυγες,

162 451 211 477 καὶ
229 451 274 481 σὺ,
291 450 422 485 Ἰορδάνη,
436 451 477 478 ὅτι
491 452 630 488 ὲστράφης
652 454 692 485 εἰς
703 454 737 481 τὰ
752 455 856 488 όπίσω;
874 465 882 481 ι
903 457 958 482 Καὶ

162 497 261 522 πάλιν·
280 505 290 521 ι
304 496 334 522 '0
351 497 548 532 μεταστρέφων
569 498 619 533 τὴν
640 499 777 526 θάλασσαν
796 501 836 531 εἰς
861 500 956 536 ξηρὰν,

162 542 192 568 ὲν
223 541 339 577 ποταμῷ
360 542 542 570 διελεύσονται
565 543 635 570 ποδί.
649 554 658 569 ι
683 544 745 577 Πῶς
767 545 796 571 δὲ
809 545 891 577 αὐτὸς
911 545 959 578 ἐξ·

162 586 274 622 ἢγαγεν
291 587 408 622 ἅρματα
425 588 474 614 καὶ
489 588 602 621 timor,-
616 589 700 624 Δῆλον
720 590 775 625 γὰρ
791 590 828 622 ὡς
843 591 889 618 τὸν
907 591 958 617 Ἰσ-

163 632 235 668 ραὴλ
249 632 338 668 οἰκεία
348 633 507 668 προαιρέσει
518 634 617 669 Φαραὼ
630 635 800 668 κατεδίωξεν,
810 636 958 671 ἐπειδήπερ

163 678 271 714 εἴρηται
286 679 363 713 παρὰ
378 679 446 706 Θεοῦ
457 679 525 714 πρὸς
535 680 626 707 αὐτόν·
645 690 655 707 ι
673 680 721 712 Et;
735 681 813 708 τοῦτο
828 681 959 718 ἐξήγειρά

165 732 194 750 σε
217 724 291 756 ὅπως
315 725 477 760 ἐνδείξωμαι
503 726 531 753 ἐν
558 726 601 753 σοὶ
619 720 668 762 τὴν
684 727 799 762 δύναμιν
826 737 894 763 μου,
912 729 958 755 καὶ

164 771 238 802 ὅπως
251 770 381 806 διαγγελῇ
393 772 422 798 τὺ
434 771 520 808 ὄνομά
536 781 589 807 μου
605 774 634 799 ὲν
650 773 725 809 πάσῃ
739 775 771 809 τῇ
788 775 835 810 γῇ.
853 785 861 800 ι
880 775 958 802 Οὕτω

163 815 192 842 δὲ
209 816 257 842 καὶ
270 816 334 848 τοὺς
349 816 500 851 φεύγοντας
521 817 572 854 τὴν
595 818 661 854 περὶ
681 819 716 846 τὰ
732 820 812 855 γήϊνα
827 820 956 856 σπουδὴν,

164 863 218 889 ὑπό
239 871 269 890 τε
287 862 334 890 τοῦ
358 863 481 890 διαϐόλου
507 863 688 900 διωκομένους
703 865 784 898 σώζει
799 866 958 902 παραδόξως

1011 270 1124 297 ostendi.
1143 270 1213 297 Olim
1231 271 1368 306 siquidem
1387 276 1414 299 et
1433 279 1484 308 ego
1503 277 1529 300 te
1541 281 1573 300 ex
1589 273 1709 310 zEgypto
1718 275 1801 303 eduxi

1011 324 1058 352 per
1070 324 1156 348 mare,
1168 318 1195 344 in
1207 318 1279 352 quod
1293 317 1448 346 Pharaonis
1456 320 1610 347 exercitum
1622 322 1659 348 ita
1670 321 1800 355 demersi,

1012 367 1042 390 ut
1058 363 1085 390 in
1098 364 1234 398 profundo
1247 365 1365 398 sepultus
1385 365 1449 393 inde
1464 370 1560 401 postea
1579 375 1630 394 non
1640 368 1799 396 surrexerit.

1011 408 1071 440 Quo
1086 407 1186 436 factum
1204 414 1257 441 est,
1275 415 1304 436 ut
1321 410 1435 438 ﬂammm
1448 419 1502 438 non
1519 412 1660 441 absimiles
1668 414 1800 440 exstincto

1012 453 1066 481 lino
1079 460 1294 488 comparentur;
1311 457 1384 491 quod
1396 461 1424 483 ut
1436 457 1516 484 facile
1534 458 1692 485 incendium
1709 459 1803 486 conci-

1012 501 1064 535 pit,
1078 501 1113 527 ita
1132 501 1208 528 nullo
1227 502 1336 535 negotio
1352 502 1469 530 fortasse
1482 503 1554 531 nuda
1570 509 1676 532 tantum
1688 506 1802 540 solaque

1011 553 1092 572 manu
1107 547 1291 581 restinguitur.
1301 547 1432 579 Ateduxi,
1443 548 1542 583 inquit,
1552 557 1607 576 non
1622 550 1691 577 mari
1701 551 1801 583 solum;

1012 592 1059 619 sed
1076 600 1124 627 per
1146 601 1222 627 aqua:
1241 594 1363 620 semitam
1380 595 1474 627 etiam,
1496 595 1524 622 id
1540 600 1593 629 est,
1615 604 1662 631 per
1672 595 1803 625 .Iordanis

1012 638 1143 671 ﬂuvium;
1162 639 1235 673 quod
1258 639 1412 667 admiratus
1430 639 1517 667 David
1538 641 1611 668 hunc
1635 641 1662 668 in
1692 641 1802 670 modum

1011 687 1112 714 cecinit
1129 696 1136 714 ε
1152 696 1161 712 ι
1173 686 1242 720 Quid
1261 691 1303 715 est
1318 688 1376 720 tibi,
1393 695 1478 720 mare,
1496 688 1569 724 quod
1586 689 1699 724 fugisti;
1716 694 1743 717 et
1760 695 1802 723 tu,

1011 730 1150 763 Jnrdanis,
1160 732 1224 766 quia
1239 739 1391 761 conversus
1405 741 1434 761 es
1447 738 1599 762 retrorsum
1618 734 1658 761 "?
1673 745 1683 761 ι
1699 735 1732 762 Ει
1743 743 1805 763 rur-

1011 782 1093 802 sum:
1114 784 1123 800 ι
1144 774 1196 807 Qui
1217 777 1355 804 convertit
1375 785 1451 805 mare
1472 778 1499 805 in
1524 779 1648 812 siccum;
1665 779 1693 807 in
1719 779 1803 808 ﬂuvio

1012 823 1221 856 pertransibunt
1246 824 1313 859 pede
1328 826 1362 852 υ.
1381 835 1390 850 ι
1410 824 1471 858 Quo
1491 826 1573 854 modo
1599 832 1690 854 autem
1712 827 1804 854 eduxit

1012 877 1118 900 currus,
1135 871 1288 905 etequum?
1305 871 1450 899 Enimvero
1462 876 1569 900 certum
1582 876 1624 900 est
1634 872 1804 900 Pharaonem

164 909 232 941 Θεὸς
246 909 383 944 βάσιμον
400 909 493 942 αὐτοῖς
508 910 668 945 ἀποφαίνων
683 911 730 938 τοῦ
748 912 883 948 παρόντος
898 913 957 948 βίου

1016 922 1058 942 ma
1080 920 1188 943 tantum
1208 917 1348 945 voluntate
1370 917 1498 946 lsraelem
1526 923 1700 954 persecutum
1723 927 1803 951 esse,

164 955 211 982 τὸν
227 955 362 988 κλύδωνα,
372 957 428 987 τοῖς
439 956 536 983 τούτου
553 959 756 993 περισπασμοῖς
766 958 797 984 οὐ
810 959 961 994 συγχωρῶν

165 1002 397 1035 κατακλύζεσοαι,
412 1002 494 1029 οἱονεὶ
508 1003 718 1038 καταξηραίνων
728 1004 792 1036 τοὺς
803 1005 962 1032 ἐπιπίπτον-

165 1057 214 1080 τας
226 1048 408 1084 πειρασμοὺς,
418 1048 452 1075 ἶν’
460 1049 600 1084 ἱσχύσειαν
612 1050 647 1076 ἐν
655 1050 695 1084 γῇ
709 1050 852 1084 γεγονότες
863 1051 962 1085 ἐρήμῳ

166 1093 211 1119 νοῦ
227 1094 395 1120 καταστάσει
419 1094 532 1129 σχολαία
554 1095 603 1121 καὶ
618 1095 728 1130 καθαρᾷ
742 1095 786 1121 τὸν
803 1095 833 1128 ἐξ
844 1096 960 1132 οὐρανοῦ

167 1139 217 1174 μὲν
231 1138 312 1174 ἄρτον
327 1141 432 1174 φαγεῖν,
449 1140 479 1167 τὸ
490 1140 518 1166 δὲ
534 1140 566 1166 ὲκ
578 1139 681 1176 πέτρας
696 1141 775 1176 ὕδωρ
790 1142 862 1169 πιεῖν
873 1149 879 1156 ·
891 1143 960 1178 ὅπερ

165 1183 240 1212 ἐστὶν
256 1185 286 1212 ὲν
304 1185 411 1221 μεθέξει
427 1186 554 1220 γενέσθαι
568 1186 687 1222 Χριστοῦ
699 1208 706 1219 ,
720 1187 834 1214 διελθεῖν
861 1196 892 1214 τε
914 1187 960 1215 τὸν

172 1231 308 1268 Ἰορδάνην
322 1233 369 1259 καὶ
385 1232 438 1267 γῆς
451 1232 502 1267 τῆς
516 1232 728 1268 ἐπηγγελμένης
743 1234 846 1269 τυχεῖν.

166 1279 227 1313 ejus
237 1278 452 1311 absorbeantur,
464 1278 610 1307 desiccatis
624 1286 684 1314 quae
697 1283 848 1306 occurrunt
857 1279 1066 1313 tentationibus,
1083 1281 1205 1315 pervium
1219 1281 1299 1309 faciet
1310 1302 1319 1316 ,
1337 1287 1368 1309 ιιι
1399 1283 1426 1310 in
1454 1287 1526 1311 terra
1554 1284 1668 1317 deserta,

1010 968 1072 988 cum
1091 969 1106 988 ιι
1126 961 1182 990 Ι)οο
1200 963 1261 998 ipse
1278 964 1306 991 in
1328 964 1401 991 lmuc
1422 965 1533 992 modum
1544 966 1688 994 'audiverit
1710 975 1717 993 :
1743 976 1752 993 ι
1773 967 1804 994 1η

1011 1007 1062 1035 hoc
1073 1008 1191 1036 excitavi
1210 1013 1247 1042 te,
1263 1014 1294 1036 ut
1308 1009 1498 1039 demonstrem
1519 1011 1599 1048 491
1622 1012 1648 1040 in
1665 1016 1692 1040 te
1706 1017 1805 1047 poten-

1010 1052 1076 1079 tiam
1097 1061 1204 1086 meam;
1226 1059 1254 1083 et
1279 1060 1308 1083 ut
1335 1057 1516 1084 annuntietur
1537 1065 1638 1085 nomen
1658 1065 1749 1085 meum
1777 1058 1804 1084 in

1010 1099 1143 1127 universa
1159 1091 1280 1127 terra".
1300 1110 1309 1126 ι
1329 1100 1375 1128 Sic
1389 1109 1453 1128 vero
1469 1106 1496 1130 et
1513 1109 1562 1130 eos
1582 1103 1676 1135 etiam,
1691 1103 1736 1137 qui
1760 1110 1806 1130 re-

1013 1151 1075 1170 rum
1090 1144 1274 1173 humanarum
1284 1154 1368 1174 curas
1379 1146 1497 1183 fugiunt,
1508 1148 1553 1175 vel
1567 1148 1627 1182 ipso
1643 1149 1807 1183 insequente

1014 1189 1146 1223 diabolo,
1173 1191 1374 1219 admirabiliter
1408 1193 1536 1221 liberabit
1561 1193 1650 1226 Deus;
1678 1194 1718 1221 sic
1742 1194 1806 1221 item

1016 1234 1098 1270 hujus
1109 1235 1170 1263 vita:
1183 1236 1244 1267 iter,
1255 1241 1385 1272 tanquam
1399 1238 1613 1272 marismstuosi,
1626 1246 1659 1265 ne
1674 1238 1806 1266 ﬂuctibus

1713 1285 1808 1320 quieto

166 1331 194 1354 et
207 1334 275 1361 puro
290 1327 388 1354 mentis
403 1330 477 1353 statu
491 1333 587 1361 panem
601 1325 635 1353 de
648 1326 719 1354 coelo
734 1325 826 1359 edere,
843 1335 989 1362 aquamque
1004 1327 1039 1355 de
1068 1332 1145 1363 petra
1159 1329 1268 1364 bibere;
1283 1329 1309 1357 id
1340 1334 1394 1362 est,
1422 1330 1524 1358 Christi
1557 1331 1703 1367 participes
1734 1331 1805 1364 ﬁeri,

166 1375 194 1401 ει
210 1373 329 1401 Jordane
348 1372 464 1406 trajecta
483 1371 620 1406 promissa
639 1377 712 1399 terra
730 1373 812 1407 potiri
830 1373 948 1400 valeant.

208 1419 279 1446 ’AD'
295 1419 342 1445 ἐπὶ
364 1417 414 1454 τὴν
440 1417 560 1453 ἱστορίαν
576 1417 854 1454 παλινδρομήσωμεν.
870 1418 964 1446 Ταῦτα

169 1464 219 1500 μὲν
229 1461 286 1496 οὖν,
296 1463 373 1498 φησὶ,
384 1462 469 1490 πάλαι
478 1463 628 1499 πεποίηκα.
638 1463 705 1490 Νυνὶ
715 1463 744 1489 δὲ
755 1464 789 1490 τὰ
798 1464 827 1490 ἐν
837 1463 967 1499 Αἰγύπτῳ

169 1508 216 1536 καὶ
230 1506 386 1535 Βαϐυλῶνι
400 1509 433 1544 τῇ
445 1508 500 1535 τῶν
516 1509 650 1535 ἐπιόντων
665 1508 802 1545 ὑπερϐολῇ
820 1509 969 1545 σιγηθήσε-

168 1563 224 1582 ται.
233 1553 306 1582 Ἀντὶ
315 1554 343 1581 δὲ
351 1553 398 1580 τοῦ
409 1554 635 1589 σιινλλοπίζεσθε,
647 1555 794 1591 Σύμμαχος
803 1555 967 1588 ἐννοεῖσθε,

170 1599 246 1634 φησί.
261 1598 329 1625 Τίνα
344 1599 372 1625 δὲ
388 1598 423 1625 τὰ
435 1600 534 1632 καινὰ,
549 1599 568 1626 ἃ
584 1600 654 1626 κατὰ
669 1599 714 1626 τὸν
732 1600 827 1636 καιρδν
840 1600 885 1626 τὸν
900 1600 965 1627 ἴδιον
979 1618 1001 1649 C

169 1646 341 1682 γνώσεσθε;
364 1645 415 1672 Ἐν
429 1644 466 1679 τῇ
482 1645 581 1680 ἐρήμῳ
596 1645 714 1679 ποιήσω
732 1646 854 1673 ὁδόν-ἔῃ
868 1646 922 1681 γὰρ
935 1646 964 1679 ἐξ

170 1691 256 1717 ἐθνῶν
276 1689 425 1725 Ἐκκλησία
438 1689 572 1725 πρότερον
591 1690 703 1724 ἕρημος
719 1688 788 1717 οὖσα
801 1691 874 1717 Θεοῦ
890 1690 964 1725 γνώ-

170 1745 248 1770 σεως
272 1736 395 1772 (ταύτης
411 1736 466 1771 γὰρ
490 1736 514 1762 οἱ
538 1735 703 1768 διδάσκαλοι,
722 1736 873 1771 φάσκοντες
894 1735 964 1764 εἶναι

172 1783 259 1819 σοφοὶ,
273 1782 488 1818 ἐμωράνθησαν)
505 1781 583 1817 ἔσχεν
598 1782 670 1809 ὁδὸν
684 1783 730 1809 τὸν
742 1782 859 1818 Χριστὸν
872 1783 964 1809 εἰπόν-

171 1838 220 1857 τασ
239 1839 248 1856 ι
267 1829 337 1864 Ἐγώ
352 1830 409 1865 εἰμι
423 1830 440 1865 ἡ
450 1829 518 1861 ὁδός·
530 1839 539 1855 ι
557 1829 573 1863 ἢ
589 1828 637 1855 καὶ
650 1828 682 1855 τὸ
695 1829 827 1865 κήρυγμα
837 1829 868 1855 τὸ
883 1829 965 1863 εὐαγ-

171 1875 281 1910 γελικδν
295 1876 342 1902 καὶ
356 1876 499 1911 σωτήριον.
519 1874 575 1910 Τὴν
590 1875 620 1902 δὲ
641 1875 706 1910 πρὶν
730 1875 820 1902 αὐτῶν
845 1875 964 1910 ἐρημίαν

173 1922 306 1958 ἐδήλωσεν
320 1922 334 1948 ό
349 1921 431 1948 Δαϐὶδ
447 1920 546 1955 λέγων·
568 1929 577 1945 ι
594 1921 652 1947 Ούκ
671 1920 729 1947 ἐστι
749 1921 833 1948 ποιῶν
847 1921 965 1956 χρηστό-

172 1977 253 2003 τητα,
262 1968 313 1994 οὐκ
327 1967 400 1994 ἐστιν
414 1966 466 1998 ἕως
479 1966 549 1998 ἑνός.
565 1967 686 2002 »Ὥσπερ
699 1966 728 1992 δὲ
739 1967 795 1994 ἅνω
806 1968 838 1994 ὲκ
849 1967 965 2002 μερικῆς

172 2014 350 2049 λιτρώσεως
365 2014 412 2040 ἐπὶ
426 2013 476 2045 τὴν
493 2013 606 2040 καθόλου
624 2012 750 2048 μετῆλθε,
766 2013 816 2047 τὴν
831 2012 965 2044 ἀνάδειξιν

173 2060 259 2087 εἰπὼν
285 2059 332 2086 τοῦ
359 2058 491 2094 βασιλέως
507 2058 638 2093 Χριστοῦ,
654 2057 725 2084 οὕτω
749 2057 797 2084 καὶ
820 2057 868 2084 νῦν
893 2057 966 2085 ὀδοῦ

174 2105 306 2141 μνησθεὶς
318 2104 373 2138 τττς
388 2105 424 2131 ἐν
439 2104 535 2137 ὕδατι,
554 2104 600 2130 ἐπὶ
623 2103 654 2130 τὸ
668 2103 788 2139 Χριστοῦ
815 2105 965 2139 μυστήριον

175 2150 318 2186 μετῆλθεν.
334 2150 378 2176 Διδ
397 2149 469 2186 λήθῃ
484 2149 517 2175 τὰ
538 2149 634 2185 πρῶτα
649 2148 818 2184 παραδοῦναι
835 2158 902 2184 φησι
917 2148 965 2175 τοῦ

175 2195 345 2231 βραχυτέρου
368 2194 574 2230 καλυπτομένου
597 2194 635 2230 τῷ
665 2194 778 2231 μείζονι,
794 2196 885 2222 ὁποῖόν
907 2196 966 2221 ἐστι

175 2241 222 2269 καὶ
234 2242 279 2268 τόν
297 2250 306 2266 ι
319 2241 366 2268 Ἐκ
387 2241 487 2277 μέρους
506 2240 749 2275 γινώσκομεν.”οτ”
765 2240 798 2267 ἂν
812 2241 840 2267 δὲ
857 2240 922 2277 ἔλθῃ
935 2241 966 2268 τὺ

1052 1417 1105 1444 Sed
1123 1418 1154 1443 ad
1177 1417 1320 1444 historiam
1342 1423 1520 1445 revertamur.
1538 1417 1600 1446 Haec
1625 1420 1735 1454 quidem
1757 1422 1806 1454 ait,

1017 1463 1080 1491 olim
1098 1471 1112 1490 a
1128 1471 1171 1490 me
1186 1463 1282 1490 eﬂecta
1301 1468 1375 1491 sunt.
1398 1463 1508 1497 Verum,
1527 1465 1549 1491 si
1566 1473 1626 1499 quae
1654 1466 1679 1492 in
1691 1465 1810 1502 [Egypto

1017 1515 1044 1537 et
1064 1509 1202 1544 Babylone
1218 1510 1334 1544 patrari,
1352 1518 1414 1536 cum
1437 1510 1482 1543 iis,
1503 1518 1564 1546 qtae
1582 1516 1736 1546 sequuntur
1747 1520 1810 1539 con.

1019 1557 1162 1588 ferantur,
1183 1557 1307 1590 priorum
1332 1556 1492 1583 memoriam
1509 1557 1678 1585 oblitterabit
1692 1558 1810 1585 istorum

1021 1601 1193 1636 magnitudo.
1214 1601 1249 1628 At
1269 1601 1343 1636 quod
1357 1601 1401 1629 hic
1423 1601 1539 1637 colligite
1561 1603 1705 1636 habemus,
1723 1603 1812 1630 consi-

1016 1648 1107 1676 derate
1120 1647 1191 1675 dixit
1213 1647 1408 1683 Symmachus.
1425 1647 1477 1674 Sed
1498 1656 1559 1683 quae
1582 1657 1650 1676 nova
1666 1650 1711 1677 illa
1734 1654 1810 1682 sunt,

1016 1700 1076 1727 quae
1098 1700 1147 1720 suo
1166 1696 1287 1726 tempore
1313 1692 1447 1727 cognituri
1465 1693 1553 1720 estis?
1570 1692 1603 1720 In
1619 1693 1723 1721 deserto
1741 1695 1811 1721 riam

1016 1737 1125 1772 faciam.
1143 1735 1203 1771 Ipsa
1219 1736 1355 1771 siquidem
1372 1736 1493 1771 gentium
1512 1737 1632 1765 Ecclesia
1651 1738 1700 1766 Dei
1718 1740 1812 1774 cogni-

1017 1785 1087 1811 tione
1103 1789 1183 1810 antea
1200 1783 1342 1814 destituta,
1361 1787 1387 1810 et
1397 1782 1503 1810 deserta
1516 1784 1611 1819 (hujus
1623 1785 1696 1812 enim
1712 1786 1812 1813 docto-

1016 1838 1072 1862 res,
1095 1838 1158 1857 cum
1185 1837 1215 1857 se
1232 1830 1372 1864 sapientes
1398 1838 1459 1858 esse
1486 1830 1622 1863 dicerent,
1641 1832 1720 1859 stulti
1748 1831 1811 1860 iacti

1016 1880 1082 1904 sunt
1098 1876 1131 1912 “)
1150 1876 1292 1904 Christum
1313 1878 1413 1911 ipsum,
1439 1876 1486 1911 qui
1508 1884 1537 1904 se
1555 1877 1625 1903 viam
1644 1884 1706 1904 esse
1728 1880 1814 1904 testa-

1017 1926 1061 1950 tur
1075 1922 1108 1955 ⁸⁸,
1124 1922 1363 1957 evangelicamqne
1378 1927 1404 1948 et
1418 1923 1568 1949 salutarem
1584 1922 1812 1956 praedicationem

1016 1967 1127 1995 habuit:
1145 1975 1261 2002 quorum
1278 1967 1478 2002 praecedentem
1490 1968 1666 1994 solitudinem
1692 1967 1813 2002 explica-

1017 2015 1054 2041 vit
1072 2013 1169 2044 David.
1191 2021 1252 2040 cum
1274 2014 1328 2040 ait:
1349 2022 1358 2038 ι
1378 2012 1437 2039 Non
1460 2016 1501 2041 est
1525 2013 1571 2047 qui
1593 2013 1676 2039 faciat
1694 2012 1809 2046 bonum,

1016 2067 1070 2087 non
1091 2063 1133 2086 est
1154 2066 1239 2094 usque
1256 2059 1290 2086 ad
1317 2066 1401 2085 unum
1417 2058 1451 2085 ⁸⁸.
1476 2067 1485 2084 ι
1503 2057 1637 2085 Caeterum
1655 2066 1710 2085 non
1729 2058 1809 2084 aliter

1017 2114 1098 2141 quam
1114 2105 1244 2140 superius
1256 2113 1269 2131 a
1284 2104 1417 2138 singulari
1435 2103 1624 2137 redemptione,
1645 2102 1678 2129 ad
1691 2110 1814 2130 commu-

1017 2159 1079 2179 nem
1100 2155 1128 2178 et
1148 2150 1304 2178 universam
1319 2149 1442 2181 transiit,
1468 2157 1532 2176 cum
1559 2149 1592 2176 de
1612 2148 1717 2176 Christi
1740 2148 1814 2183 regis

1017 2198 1135 2225 adventu
1153 2196 1303 2229 disseruit,
1319 2196 1355 2222 ita
1376 2199 1404 2222 et
1420 2203 1508 2227 nunc,
1522 2200 1666 2230 postquam
1681 2195 1740 2227 vim.
1753 2202 1815 2229 quin

1017 2244 1045 2271 in
1071 2252 1140 2279 aqua
1163 2247 1216 2274 est,
1245 2243 1433 2274 meminisset,
1464 2241 1499 2269 ad
1519 2241 1623 2269 Christi
1651 2241 1814 2276 mysterium

174 2287 287 2320 τέλειον,
297 2287 328 2314 τὸ
344 2288 376 2314 ὲκ
391 2287 491 2323 μέρους
504 2287 756 2323 καταργηθήσεται.
774 2297 783 2313 ι
801 2287 900 2314 Λοιπὸν
913 2288 963 2319 τοῖς

1021 2289 1173 2316 orationem
1194 2287 1346 2314 transtulit.
1370 2287 1461 2322 Atque
1477 2287 1541 2314 hinc
1562 2292 1605 2314 est
1635 2287 1708 2322 quod
1724 2286 1814 2313 mino-

175 2334 260 2361 πάλαι
277 2334 407 2369 μεγάλοις
422 2333 596 2366 ἀντεξετάζει
610 2333 645 2360 τὰ
660 2333 750 2369 πολλῷ
764 2333 818 2359 τῶν
827 2333 917 2368 μέσων
932 2342 971 2360 νι-

176 2379 277 2407 κῶντα.
285 2379 329 2411 Ὧς
338 2380 392 2415 γὰρ
400 2380 514 2415 ἐποίησα
522 2380 613 2415 φησὶν,
625 2379 668 2406 ἐπ’
688 2378 822 2415 Ἐρυθρᾶς
836 2379 973 2415 θαλάττης

177 2425 259 2458 ὁδόν,
281 2425 368 2458 οὕτως
381 2426 417 2453 ὲν
428 2426 465 2460 τῇ
477 2426 576 2460 ἐρήμῳ
588 2427 756 2461 ποιήσαιμι,
769 2427 816 2453 καὶ
828 2426 972 2462 ῥεύσουσιν

176 2473 206 2499 ὲν
221 2473 290 2508 αὐτῇ
307 2472 443 2507 ποταμοὶ,
462 2473 588 2508 καθάπερ
603 2474 649 2500 ἐπὶ
663 2474 785 2505 Μωσέως
795 2493 802 2506 ,
829 2473 858 2499 ἐν
881 2473 973 2509 ἐκείνῃ

176 2519 210 2553 τῇ
236 2518 459 2553 πρότερον.Ἀλλ“
477 2519 537 2545 ἐκεῖ
564 2519 613 2553 μὲν
641 2518 768 2551 ὑδάτων,
787 2521 815 2545 εν
832 2518 861 2545 δὲ
885 2519 972 2555 ταύτῃ

177 2564 353 2596 διδασκαλίας
377 2563 424 2591 τοῦ
448 2564 619 2599 Πνεύματος.
641 2561 679 2591 Οἵ
699 2565 753 2600 γὰρ
780 2564 883 2599 ταύτην
908 2573 973 2600 προ-

179 2610 287 2645 χέοντες
312 2610 507 2644 εὐαγγελισταὶ
534 2610 582 2637 καὶ
606 2610 761 2644 ἀπόστολοι,
788 2611 846 2637 ὅσοι
863 2619 891 2637 τε
907 2610 973 2637 κατ’

185 2655 349 2691 Ἐκκλησίαν
363 2655 542 2691 μυσταγωγοὶ
556 2656 683 2690 ποταμοὶ
694 2655 907 2691 χρηματίζουσι.
919 2655 974 2681 Καὶ

180 2701 250 2728 κατὰ
264 2701 309 2728 τὸν
317 2701 399 2728 Δαϐὶδ
413 2702 553 2738 εἰρηκότα,
566 2711 574 2728 ι
590 2703 710 2738 Ἐπῆραν
717 2704 741 2730 οἱ
752 2702 869 2738 ποταμοὶ
882 2701 974 2737 φωνὰς

180 2748 279 2775 αὐτῶν.
288 2758 297 2775 ι
314 2749 390 2775 Ἐπεὶ
401 2749 473 2776 καθά
482 2758 564 2784 φησιν
570 2750 650 2782 αὐτὸς
660 2750 752 2782 πάλιν,
766 2750 813 2782 Et;
825 2750 915 2776 πᾶσαν
924 2748 972 2784 τὴν

180 2795 231 2830 γῆν
248 2794 359 2830 ἐξῆλθεν
371 2795 384 2821 ὁ
395 2794 512 2829 φθόγγος
526 2795 626 2822 αὐτῶν.

1022 2335 1098 2363 ribus
1113 2342 1160 2370 per
1173 2334 1276 2369 majora
1286 2334 1444 2366 occultatis,
1457 2334 1548 2368 priora
1565 2333 1698 2360 oblivioni
1714 2333 1815 2359 tradi-ta

1021 2390 1082 2410 esse
1098 2381 1184 2413 dixit,
1197 2381 1278 2416 quale
1292 2384 1334 2408 est
1360 2384 1388 2408 ct
1412 2380 1498 2407 illud:
1517 2389 1525 2406 ι
1548 2379 1585 2406 Ex
1603 2385 1680 2413 parte
1712 2387 1816 2414 cogno-

1022 2428 1135 2456 scimus.
1155 2427 1222 2454 Cum
1232 2431 1324 2454 autem
1349 2426 1457 2454 venerit
1474 2425 1547 2460 quod
1581 2424 1734 2459 perfectum
1763 2429 1805 2452 est

1013 2475 1095 2510 .quod
1121 2483 1154 2502 ex
1172 2478 1249 2509 parte
1272 2478 1315 2501 est
1329 2473 1510 2502 evacuabitur
1523 2472 1545 2488 ⁸⁷
1563 2481 1585 2500 ,ι
1614 2472 1651 2498 lis
1673 2471 1816 2505 deincops,

1021 2529 1083 2557 qme
1098 2527 1196 2556 magna
1213 2520 1353 2555 quondam
1369 2519 1493 2552 fuerunt,
1512 2518 1566 2545 alia
1583 2517 1707 2552 opponit,
1725 2525 1740 2543 a
1756 2517 1818 2551 qui-

1022 2568 1074 2596 bus
1098 2567 1179 2602 longe
1204 2567 1262 2602 ipsa
1283 2571 1462 2602 superantur.
1480 2565 1515 2592 Ut
1530 2565 1602 2592 enim
1619 2564 1696 2596 mihi,
1724 2564 1773 2595 ait,
1790 2563 1826 2605 in.

1023 2613 1091 2640 mari
1107 2612 1202 2640 Rubro
1218 2613 1287 2639 viam
1303 2612 1415 2647 aperui,
1432 2612 1473 2639 sic
1488 2614 1515 2638 et
1531 2611 1556 2638 in
1569 2610 1674 2637 deserto
1691 2609 1816 2644 facturus

1023 2667 1091 2689 sum,
1109 2662 1135 2686 et
1149 2658 1300 2686 manabunt
1319 2666 1351 2685 ex
1365 2666 1396 2686 ea
1419 2658 1506 2692 ﬂuvii,
1523 2665 1579 2684 non
1596 2656 1677 2683 aliter
1693 2662 1776 2690 quam
1790 2655 1819 2682 in

1024 2705 1116 2740 priore
1142 2704 1199 2736 illo,
1228 2704 1298 2731 duce
1311 2703 1397 2735 lliosc,
1425 2703 1526 2730 factum
1543 2702 1671 2729 audistis.
1689 2701 1741 2728 Sed
1757 2708 1818 2735 quae

1028 2750 1064 2777 ibi
1090 2757 1221 2784 aquarum
1248 2749 1360 2776 ﬂumina
1377 2748 1496 2781 fuerant,
1517 2748 1563 2775 hic
1581 2751 1663 2775 erunt
1684 2747 1818 2774 doctrinae

1029 2795 1147 2830 Spiritus
1172 2794 1254 2830 492
1272 2794 1371 2822 sancti.
1391 2793 1463 2821 Sunt
1482 2793 1567 2827 enim,
1588 2801 1604 2820 a
1623 2792 1724 2827 quibus
1743 2799 1818 2818 ema-

213 2882 231 2898 δ’
249 2881 320 2909 l‘sal.
335 2882 442 2913 exuuii.
466 2883 483 2898 "
495 2881 667 2915 Psal.Lx\,6.
684 2883 704 2898 ‘3
720 2882 794 2910 Exod
818 2883 901 2914 n,l6.
915 2883 934 2897 ‘*
948 2883 1026 2910 llum.
1039 2891 1057 2915 ι,
1070 2883 1115 2910 ‘22.
1131 2881 1236 2910 "Joan.
1249 2889 1304 2915 ειν,
1318 2882 1344 2909 θ.
1363 2882 1385 2898 ⁵⁸
1401 2882 1569 2913 l’sal.xm,5.
1588 2881 1609 2896 ιτ
1628 2882 1635 2909 l
1651 2882 1711 2908 Cor.
1727 2879 1814 2909 xtn.9.
