2002 3078
199 167 271 199 2395

864 170 1040 203 PROCOPII
1059 170 1181 201 GAZ/EI

1757 169 1826 202 2396

203 227 280 257 nant,
306 224 482 260 evangelistae
495 229 522 252 et
538 225 669 261 apostoli,
684 227 834 262 caeterique
854 234 951 255 omnes
967 227 993 253 in
1027 225 1149 254 Ecclesia
1173 233 1337 253 arcanorum
1367 225 1543 261 interpretes,
1559 226 1699 260 fluuiorum
1716 227 1826 255 nomine

202 269 313 297 Davidis
326 271 407 297 etiam
420 277 514 298 vocem
527 271 672 305 extulisse,
689 271 734 299 ubi
750 272 825 304 item,
839 272 866 299 in
879 278 988 299 onmem
1002 275 1104 298 terram
1131 271 1249 299 exivisse
1277 279 1375 297 sonum
1409 278 1504 298 eorum
1534 271 1633 298 asserit
1652 270 1686 298 ".

239 317 299 344 Ideo
314 323 378 343 aves
393 321 522 351 praeterea
539 318 674 352 quasdam
685 316 990 354 dulciloquas(Sireuas

201 362 341 397 appellat),
355 367 474 390 externae
494 363 628 390 doctrina:
653 363 825 398 professores
853 364 989 391 sermonis

201 405 329 433 ficundia
349 411 376 434 et
395 407 487 442 lcpore
516 409 665 443 praeditos,
692 409 738 443 qui
772 409 855 436 Deum
887 410 989 444 amplc-

201 452 263 478 xuri
296 455 410 485 essent,
437 452 578 479 iudicavit.
604 452 656 480 Per
688 453 849 481 strutltiones
885 458 987 487 autem,

202 497 270 527 sive,
302 501 332 523 ut
345 497 392 523 alii
420 498 535 530 malunt,
576 499 809 533 struthocamelos,
847 508 905 531 cos,
940 501 987 536 qui

201 544 229 569 iu
262 543 374 570 desertis
390 547 417 570 et
443 544 638 572 solitudinibus
665 544 750 573 Deum
783 546 918 574 laudaturi
944 554 989 574 es-

202 593 279 622 sent;
310 589 392 624 cujus
420 591 459 616 rei
481 597 568 617 causa
598 590 767 626 l‘uerit,quod
785 592 875 619 datam
890 601 988 624 aquam

202 634 340 662 biberint:
355 636 427 663 unde
439 643 501 663 cum
525 637 623 664 bestiis
647 638 704 672 agri
723 638 848 673 deposita
879 639 988 666 feritate

201 682 229 709 in
256 682 448 711 humaniorem
479 687 506 710 et
531 684 630 711 rationi
664 684 751 718 magis
777 685 986 712 convenientem

202 734 326 756 naturam
348 730 521 762 transibunt;
555 738 678 764 nteasque
704 730 826 762 uirtutes,
855 731 913 758 sive
933 732 989 757 lau-

201 775 257 806 des.
295 779 324 802 ut
349 775 531 811 Symmachus
556 776 766 811 interpretatur,
796 785 910 804 nan-are
944 777 987 803 di-

201 826 295 853 scent,
328 823 373 857 qui
405 823 487 849 etiam
519 831 600 857 genus
642 823 754 849 electum
789 823 874 850 futuri
906 828 987 855 sunt,

201 876 269 901 quos
303 867 331 894 in
351 868 423 895 hunc
442 868 550 895 moduni
579 869 730 903 alloquitur
747 869 843 896 Petrus
865 878 872 896 ι
893 879 902 895 ι
935 869 988 897 Vos

1078 313 1156 348 Εἶτα,
1176 316 1220 342 διά
1238 324 1319 342 τινων
1343 316 1444 351 ὀρνεων
1462 315 1619 350 ηδυφώνων,
1652 314 1670 341 ἃ
1683 314 1829 349 Σειρῆνας

1040 363 1153 389 ἐκάλεσε
1168 383 1175 395 ,
1204 363 1353 398 παρίστησι
1381 361 1436 388 τῶν
1457 361 1508 394 ἔξω
1523 361 1598 393 τινὰς
1621 362 1718 395 σοφοὺς
1749 361 1828 396 ἐπείτε.

1040 407 1264 441 κεκοσμημένους
1289 407 1356 441 πρὸς
1383 406 1449 432 Θεὸν
1473 406 1705 441 ἐπιστρέψοντας·
1735 406 1780 432 διὰ
1800 406 1828 432 δὲ

1039 451 1213 485 στρουθῶν,
1245 452 1328 487 ἤγουν
1361 452 1634 485 στρουθοκαμήλων
1667 451 1738 477 κατὰ
1766 451 1829 482 τοὺς

1038 496 1239 530 λοιποὺς,τοὺς
1266 499 1294 524 ὲν
1322 497 1455 532 ἐρημίαις
1486 497 1534 523 καὶ
1564 496 1665 532 χώραις
1690 496 1829 531 ἀοικήτοις

1039 541 1085 568 τὸν
1103 542 1171 567 Θεὸν
1194 542 1390 577 εὐλογήσοντας
1402 549 1410 557 ”
1423 538 1509 576 οὗπερ
1522 542 1608 568 αἴτιον
1622 541 1652 567 τὸ
1663 541 1710 567 τοῦ
1727 540 1830 567 δοθέν-

1039 596 1091 620 τος
1115 587 1225 620 ὕδατος
1249 588 1428 614 πεπωκέναι.
1452 588 1490 613 Δι’
1506 583 1535 613 οὗ
1554 587 1602 614 σὺν
1627 587 1730 622 θηρίοις
1744 587 1829 622 ἀγροῦ

1040 633 1108 667 πρὸς
1134 633 1215 667 φύσιν
1232 633 1343 669 λογικὴν
1360 632 1543 667 μεταϐαλοῦσι
1566 633 1614 658 καὶ
1630 633 1733 668 ἥμερον
1745 634 1767 665 ι,
1783 633 1830 660 καὶ

1042 677 1097 711 τὰς
1119 678 1192 712 ἐμὰς
1216 678 1323 712 ἀρετὰς
1350 678 1501 712 διηγεῖσθαι
1528 678 1706 713 μαθήσονται,
1734 678 1751 714 ἦ
1778 679 1831 705 τὲν

1041 724 1137 758 ὕμνον
1151 725 1221 751 κατὰ
1241 724 1285 751 τὸν
1308 724 1465 759 Σύμμαχον,
1484 724 1508 750 οἳ
1525 725 1570 751 καὶ
1583 724 1728 752 ἐκλεκτὸν
1742 725 1831 760 ὑπάρ-

1042 770 1118 803 ξουσι
1133 770 1229 805 γένος.
1247 770 1319 805 Προς
1340 770 1386 802 οὒς
1410 772 1423 796 ὁ
1450 771 1550 805 Πέτρος
1564 770 1654 804 φησιν’
1672 780 1681 796 ι
1692 770 1786 805 Ὑμεῖς
1803 771 1831 797 δὲ

1042 816 1119 850 γένος
1131 815 1408 850 ὲκλεκτὸν,βασίλειον
1420 815 1580 850 ἱεράτευμα,
1590 816 1665 847 ἔθνος
1679 815 1831 850 binominis;

1042 862 1081 894 εἰς
1095 862 1281 897 περιποίησιν,
1295 862 1337 888 ἵνα
1352 862 1401 894 τὰς
1425 863 1527 896 ἀρετὰς
1549 861 1724 896 ἐξαγγείλητε
1738 861 1784 888 τοῦ
1800 863 1832 888 ἐκ

201 917 302 944 autem,
324 920 409 947 genus
433 913 561 946 electum,
583 915 676 949 regale
707 915 903 946 sacerdotium.
926 923 989 951 gens

1045 908 1156 940 σκότους
1179 909 1250 942 ὑμᾶς
1275 907 1439 939 καλέσαντος
1462 907 1509 933 ἐπὶ
1524 907 1554 933 τὺ
1570 907 1725 942 θαυμαστὸν
1749 907 1831 933 αὑτοῦ

201 963 308 989 sancta,
323 958 441 992 populus
462 958 664 993 acquisitiouis,
677 964 706 986 ut
725 961 841 988 virtutes
863 961 923 996 ejus
938 969 989 988 an-

202 1003 348 1035 nuntietis,
365 1004 411 1038 qui
429 1011 477 1030 vos
490 1012 505 1031 c
521 1005 642 1032 tenebris
655 1007 764 1033 vocavit
783 1006 809 1033 in
830 1007 990 1034 admirabile

202 1048 292 1075 lumen
309 1057 388 1075 suum
402 1057 408 1075 :
426 1049 472 1084 qui
484 1049 632 1084 aliquando
646 1058 699 1078 non
716 1052 844 1086 populus,
856 1060 929 1079 nunc
940 1061 990 1079 au-

203 1097 255 1119 tem
271 1094 386 1128 populus
404 1095 431 1122 in
452 1095 567 1122 Domino
582 1096 615 1122 ⁵ο.
634 1105 643 1121 ι
663 1095 710 1123 llis
741 1096 824 1132 igitur
847 1097 883 1124 ita
903 1097 990 1124 admi-

203 1138 325 1165 rabiliter
334 1139 430 1173 gestis,
446 1139 496 1170 Tu,
507 1148 521 1166 ο
531 1138 627 1172 Iacob,
642 1140 772 1175 indiguus
787 1149 846 1168 mea
858 1143 990 1169 vocatione

203 1182 307 1217 fueris;
328 1190 375 1210 aut
387 1185 539 1212 secundum
559 1184 768 1220 Symmachum,
787 1187 849 1214 Non
865 1196 905 1214 me
919 1188 991 1214 invo-

201 1232 280 1264 casti,
295 1231 379 1259 Iacob
392 1240 400 1263 ,'
414 1233 441 1260 in
455 1234 599 1268 quoetiam
612 1240 637 1261 ct
653 1235 743 1261 caeleri
759 1236 935 1262 consentiunt
950 1236 992 1262 in-

203 1283 347 1312 terpretes.
365 1279 433 1306 Cum
445 1280 518 1307 enim
533 1281 598 1307 mihi
621 1280 698 1308 Ferte
710 1283 782 1314 ipsa),
801 1287 824 1308 ει
840 1283 951 1314 sit-cnes,
967 1287 992 1309 ct

201 1323 363 1350 struthiones
375 1324 456 1351 etiam
468 1325 660 1358 benedicerent,
677 1327 786 1354 tacuisti
800 1335 890 1360 unus;
903 1336 992 1362 meque

202 1370 316 1396 omnino
329 1378 380 1397 non
398 1379 455 1397 esse
467 1371 644 1398 invocandum
661 1373 805 1400 censuisti.
825 1373 877 1400 Sed
893 1373 992 1408 defati-

201 1419 279 1449 gatus
294 1423 320 1441 es
335 1423 398 1450 erga
419 1424 469 1446 me,
488 1417 576 1452 inquit
599 1417 797 1453 Symmachus:
816 1419 868 1451 vel,
887 1423 915 1446 ut
934 1420 990 1454 alii,

203 1462 230 1486 in
245 1469 284 1487 me
299 1461 439 1493 laborasli,
457 1463 503 1496 qui
523 1463 570 1491 tibi
587 1464 727 1498 negotium
741 1469 832 1492 tamen
849 1473 904 1492 non
916 1466 994 1493 exhi-

203 1506 259 1533 bui.
277 1506 338 1534 Tibi
354 1509 426 1535 enim
438 1517 609 1545 (linteumque
623 1511 739 1538 laborem
752 1519 848 1546 parere
863 1513 994 1540 videban-

203 1555 258 1584 tur,
274 1553 427 1588 repudiavi.
441 1556 486 1589 qui
513 1555 570 1582 disi
588 1561 686 1584 antea:
707 1566 715 1582 ι
731 1556 801 1590 Quid
817 1557 883 1584 mihi
898 1559 992 1585 multi-

204 1598 269 1624 tudo
283 1599 483 1627 sacriﬁciorum
496 1607 662 1634 Vestrorum,
679 1603 717 1629 ait
732 1602 990 1639 Dominus?plenus

203 1642 304 1674 sum",
335 1651 343 1668 ι
362 1647 389 1670 et
403 1651 464 1677 qua:
478 1649 583 1678 postea.
599 1644 676 1672 Novo
693 1646 792 1674 deinde
802 1647 989 1682 Testamento,

203 1686 272 1713 nihil
291 1687 429 1721 ejusmodi
458 1697 473 1715 a
493 1693 520 1716 te
537 1697 585 1724 per
604 1689 716 1722 Filium.
731 1698 814 1725 quem
828 1691 907 1726 elegi,
940 1699 991 1727 po-

203 1731 314 1760 stulavi.
327 1731 384 1760 imo
398 1741 432 1761 ne
447 1738 476 1760 tu
501 1735 566 1762 mihi
589 1735 699 1770 quidem
714 1737 839 1764 obtulisti
854 1746 860 1764 :
878 1737 925 1764 sed
938 1738 992 1764 alia

203 1777 321 1804 aliorum
343 1778 404 1805 loco
419 1779 550 1807 faciebas.
570 1779 602 1807 In
624 1783 738 1815 peccatis
767 1783 836 1808 enim
861 1783 914 1809 tuis
930 1787 990 1809 ante

203 1830 243 1848 me
258 1823 377 1856 stetisti;
396 1828 454 1854 aut.
471 1826 620 1852 secundum
643 1827 721 1859 alios,
736 1828 761 1853 in
782 1827 862 1862 5.93
876 1829 989 1861 peccatis

204 1869 395 1896 tuisinuorasti
415 1879 464 1898 me.
481 1871 599 1899 Adverte
609 1877 699 1899 autem
711 1877 737 1900 ct
752 1873 778 1899 in
789 1873 989 1908 superioribus,

202 1915 347 1943 utdeserto
361 1916 422 1952 ipsi,
439 1921 467 1944 et
495 1918 559 1952 [erit
582 1918 629 1953 qui
658 1919 686 1946 in
713 1926 746 1946 eo
762 1923 836 1951 sunt,
855 1920 989 1947 bonorum

203 1968 279 1994 spem
296 1963 453 1995 annuntiet;
470 1963 599 1998 populum
635 1971 699 1991 vero
711 1964 906 1992 circumcisum
927 1972 991 1999 pro—

202 2011 264 2040 pter
280 2006 447 2041 impietatem
468 2013 575 2043 arguat,
590 2017 670 2044 quem
685 2010 758 2037 nuda
774 2014 880 2037 tantum
895 2010 991 2037 Jacobi

202 2057 226 2078 et
243 2051 354 2079 Israelis
367 2054 560 2088 appellatione,
576 2062 630 2082 non
641 2055 724 2087 servi,
744 2060 790 2082 aut
805 2056 894 2089 electi,
908 2064 989 2090 quam

1045 953 1102 988 φῶς
1115 975 1121 986 ,
1135 955 1159 980 οἱ
1173 954 1237 980 ποτὲ
1249 954 1278 980 οὑ
1294 953 1373 986 λαὸς,
1387 953 1434 980 νῦν
1451 953 1479 979 δὲ
1491 953 1553 984 λαὸς
1568 953 1597 979 ὲν
1613 954 1718 989 Κυρίῳ.
1736 963 1744 978 ι
1763 953 1832 979 Τού-

1039 1009 1094 1026 των
1105 1000 1133 1026 as
1148 998 1386 1034 παραδόξωςροῦτω
1400 999 1601 1034 γεγενημένων,
1615 999 1666 1030 Σὺ,
1677 996 1699 1025 ὦ
1719 998 1831 1029 Ἰακὼϐ,

1041 1047 1092 1072 οὐκ
1116 1046 1190 1078 ἄξιος
1205 1047 1308 1080 γενήσῃ
1331 1045 1382 1080 τῆς
1407 1045 1476 1080 ὲμῆς
1499 1045 1686 1078 κ.1ήσεως.“Η
1702 1045 1773 1071 κατὰ
1787 1045 1832 1071 τὸν

1041 1091 1206 1126 Σύμμαχον
1228 1091 1268 1117 οὐ
1287 1090 1322 1116 δὲ
1342 1089 1394 1125 ἐμὲ
1406 1090 1568 1122 ἐκάλεσας,
1589 1090 1702 1117 Ἰακώϐ.
1729 1090 1784 1116 Καὶ
1808 1090 1833 1116 οἱ

1041 1137 1130 1163 λοιποὶ
1143 1136 1172 1162 δὲ
1189 1137 1350 1171 συμφώνως.
1366 1136 1582 1170 Εὑλογούττων
1597 1135 1651 1170 γάρ
1663 1144 1697 1170 με
1710 1135 1769 1162 τῶν
1780 1137 1830 1168 θη-

1038 1184 1114 1217 ρίων
1130 1182 1179 1209 καὶ
1201 1182 1350 1216 estprier
1366 1181 1414 1208 καὶ
1431 1181 1595 1215 στρουθῶν,
1613 1181 1663 1208 οὐκ
1683 1180 1832 1217 εὐλόγησας

1043 1229 1134 1260 αὐτὸς,
1151 1228 1223 1255 οὑδέ
1232 1236 1270 1262 με
1277 1227 1381 1254 καλεῖν
1390 1227 1458 1259 ὅλως
1472 1227 1603 1263 ἠξίωσας.
1612 1227 1792 1262 Ἐκοπιάθης
1803 1227 1832 1253 δὲ

1042 1277 1087 1308 είς
1100 1275 1153 1309 ἐμὲ
1167 1275 1238 1301 κατὰ
1254 1274 1418 1310 Σύμμαχον·
1445 1274 1461 1310 ἦ
1487 1274 1556 1300 κατὰ
1574 1274 1636 1306 τοὺς
1653 1274 1749 1305 ἄλλους
1760 1293 1768 1306 ,
1791 1274 1832 1300 ὅτι

1042 1321 1209 1354 ἐκοπίασας
1226 1321 1259 1347 ἐν
1273 1321 1347 1354 ἐμοὶ,
1365 1320 1453 1346 καίτοι
1468 1320 1563 1347 οὐδένα
1582 1328 1622 1346 σοι
1637 1319 1832 1355 προξενήσαντι

1043 1368 1225 1395 κόπον.”οσα
1238 1367 1291 1402 γάρ
1306 1375 1346 1393 σοι
1361 1367 1491 1402 παρέχειν
1502 1366 1641 1401 ἐνομίζετο
1652 1366 1746 1398 κόπον,
1762 1374 1832 1401 παρ-

1043 1414 1149 1448 ῄτημαι
1175 1414 1309 1448 πρότερον
1334 1411 1437 1439 εἰπών·
1458 1421 1467 1438 ι
1484 1412 1516 1439 Τί
1534 1421 1578 1447 μοι
1604 1411 1705 1446 πλῆθος
1733 1412 1833 1438 θυσιῶν

1044 1459 1132 1494 ὑμῶν,
1147 1459 1221 1494 λέγει
1235 1459 1349 1494 Κύριοςς
1373 1459 1483 1494 Πλὴρης
1499 1459 1568 1494 είμὶ,
1584 1468 1593 1484 ι
1612 1458 1658 1485 καὶ
1674 1458 1708 1484 τὰ
1724 1458 1766 1485 ἐπ’
1782 1458 1832 1484 αὑ-

1043 1508 1109 1538 τοῖς,
1122 1506 1180 1533 Κάν
1190 1508 1222 1541 τῇ
1238 1506 1324 1540 Καινῇ
1339 1505 1367 1531 δὲ
1380 1505 1501 1540 Διαθήκῃ
1515 1504 1633 1531 τοιοῦτον
1646 1504 1721 1530 οὐδὲν
1734 1504 1778 1530 διὰ
1786 1504 1833 1530 τοῦ

1045 1553 1149 1584 παιδὸς,
1174 1552 1203 1578 ὃν
1226 1551 1400 1586 ἐξελεξάμην,
1415 1551 1502 1586 ᾔτησα
1522 1550 1597 1585 παρὰ
1621 1549 1758 1576 σοῦ.Ἀλλ“
1772 1548 1833 1575 οὔτε

1005 1591 1026 1620 C
1045 1599 1076 1625 σύ
1094 1606 1137 1633 μοι
1155 1597 1461 1633 προσήνεγκας.Ἔτερα
1485 1596 1513 1623 δὲ
1538 1596 1595 1623 ἀνθ’
1608 1595 1707 1631 ἐτέρων
1720 1595 1831 1627 ἐποίεις.

1051 1645 1102 1671 Ἕν
1127 1643 1181 1679 γὰρ
1207 1643 1271 1676 ταῖς
1297 1643 1365 1676 σαῖς
1389 1642 1545 1676 ἁμαρτίαις
1563 1640 1711 1675 προέστης
1722 1641 1832 1675 μου.Ἥ

1044 1690 1115 1716 κατὰ
1129 1689 1193 1720 τοὺς
1206 1688 1326 1720 λοιποὺς,
1341 1688 1377 1715 ἐν
1387 1688 1540 1722 ἁμαρτίαις
1554 1694 1612 1714 σου
1626 1685 1777 1718 ἐκωεσὰς
1784 1694 1833 1720 με.

1045 1735 1116 1770 Ὅρα
1137 1735 1164 1761 δὲ
1182 1737 1233 1761 κάν
1250 1735 1306 1765 τοϊς
1323 1733 1528 1769 προκειμένοις,
1543 1733 1581 1764 ὡς
1605 1733 1638 1767 τῇ
1664 1732 1712 1767 μὲν
1737 1731 1835 1765 ἐρήμῳ

1044 1782 1091 1809 καὶ
1106 1783 1161 1813 τοῖς
1175 1781 1204 1807 ἐν
1219 1781 1287 1815 αὐτῇ
1304 1781 1415 1814 θηρίοις
1430 1779 1540 1813 ἀγαθῶν
1564 1777 1675 1809 ἐλπίδας
1691 1776 1834 1811 εὐαγγελί-

1044 1828 1131 1860 ζεται,
1149 1829 1194 1854 τὸν
1209 1826 1237 1853 δὲ
1259 1826 1324 1853 λαὲιν
1346 1826 1391 1853 τὸν
1413 1826 1446 1852 ἐκ
1468 1824 1620 1860 περιτομῆς
1639 1824 1682 1850 ἐπ’
1696 1823 1834 1854 ἀσεϐείαις

1044 1873 1160 1907 ἐλέγχει,
1184 1872 1212 1898 ὃν
1237 1872 1314 1898 καλεί
1340 1871 1432 1906 ξηροῖς
1454 1871 1583 1905 ὀνόμασιν
1601 1868 1706 1897 Ἰακώϐ
1726 1877 1756 1895 τε
1784 1868 1833 1895 καὶ

1050 1919 1184 1953 Ἰσραὴλ.
1199 1917 1260 1944 οὔτε
1275 1917 1368 1944 δοῦλον
1393 1916 1454 1943 οὔτε
1479 1916 1607 1943 ἐκλεκτὸν
1630 1915 1724 1942 τοῦτον
1738 1914 1832 1949 είπὼν,

1045 1965 1116 2000 ἅπερ
1131 1964 1222 1998 ἔλεγεν
1239 1964 1285 1991 ἐπὶ
1303 1963 1350 1990 τοῦ
1374 1963 1528 1999 κρείττονος
1542 1961 1773 1997 τάγματο;.Ἀλλ“
1787 1961 1834 1987 οὐ-

1043 2009 1087 2036 δὲν
1101 2007 1181 2044 ἦττον
1192 2009 1291 2040 αὐτοὺς
1303 2007 1464 2043 ἐπιστρέψαι
1473 2007 1638 2044 παρακαλεῖ,
1648 2007 1835 2042 συγχωρήσειν

1044 2057 1135 2087 αὐτοῖς
1153 2055 1206 2088 τὰς
1220 2055 1364 2090 ἁμαρτίας
1377 2054 1621 2089 ἐπαγγελλόμενος.

203 2099 422 2133 prmstuntiorum
446 2099 537 2127 ordini
562 2101 706 2134 attribuit,
732 2103 909 2137 nuncupavit.
933 2103 987 2130 Sed
1012 2102 1192 2130 nihilominus
1221 2109 1269 2129 eos
1298 2101 1331 2129 ad
1349 2102 1556 2129 conversionem
1584 2101 1758 2134 adhortatur,
1787 2105 1834 2137 qui

203 2152 252 2172 sua
270 2145 323 2172 illis
339 2153 368 2173 se
379 2151 488 2180 peccata
504 2147 724 2174 condonaturum
740 2148 892 2175 denuntiet.

236 2201 353 2234 Quidam
372 2208 462 2230 autem
480 2203 563 2231 illud:
579 2203 640 2231 Non
653 2213 721 2232 nunc
733 2206 823 2232 vocavi
838 2212 873 2239 te,
887 2205 983 2238 Iacob,

1074 2205 1152 2236 Τινὲς
1168 2204 1197 2232 δὲ
1211 2204 1252 2237 τὸ,
1268 2204 1309 2231 Οὐ
1322 2203 1381 2231 νῦν
1403 2202 1536 2230 ἐκάλεσά
1555 2211 1602 2236 σε,
1623 2203 1735 2235 Ἰακὼϐ,
1748 2204 1835 2237 οὕτως

203 2249 241 2274 ila
261 2249 445 2282 explicarunt.
461 2249 609 2284 Postquam
632 2258 740 2281 eorum,
757 2251 803 2285 qui
829 2251 946 2278 salutem
962 2251 990 2280 in

201 2294 312 2321 Christo
326 2295 465 2321 consecuti
491 2299 566 2327 sunt,
580 2295 704 2331 Novique
718 2297 889 2324 Testanieuti
934 2306 991 2326 me-

203 2340 292 2371 minit,
310 2347 378 2374 quos
397 2340 422 2367 ei
439 2340 618 2369 benedicturos
632 2342 788 2374 allirlnavit,
810 2351 874 2370 cum
891 2343 990 2371 bestias

203 2385 261 2419 agri
284 2385 451 2419 nuncupavit
477 2385 530 2421 (est
557 2391 648 2413 autem
675 2388 829 2422 spiritualis
859 2389 989 2422 sacriﬁcii

204 2430 301 2457 modus
317 2430 376 2465 ipsa
400 2431 489 2459 laudis
517 2432 698 2468 praedicatio),
716 2441 789 2460 nunc
812 2441 841 2461 se
859 2433 990 2461 larualem

202 2474 366 2510 Egyptiaca
376 2477 517 2509 servitute,
532 2485 586 2504 non
602 2482 631 2504 ut
641 2478 776 2512 sanguine
789 2483 816 2505 et
830 2477 912 2505 funus
928 2478 1002 2505 lita--

203 2525 245 2548 ret
275 2521 352 2549 (sunt
381 2522 454 2550 enim
481 2524 624 2558 repudiata
653 2524 717 2556 ista,
738 2528 766 2551 et
796 2524 900 2551 umbra;
929 2524 988 2552 loco

204 2568 307 2603 habita)
323 2569 454 2597 liberasse
468 2570 622 2604 persuadet.
649 2571 739 2605 Atque
761 2570 824 2598 inde
838 2574 890 2603 est,
916 2570 989 2605 quod

203 2613 288 2641 dixit:
307 2614 368 2642 Non
382 2624 462 2648 nunc,
476 2616 586 2651 quando
602 2616 753 2648 sacriﬁcas,
782 2617 873 2643 vacavi
901 2621 943 2648 te;
962 2615 988 2643 id

202 2664 254 2693 est,
270 2659 331 2688 Non
347 2666 370 2688 te
382 2662 481 2694 vocavi,
499 2661 563 2688 dum
595 2662 729 2696 sacrificia
746 2662 872 2695 oilcrrcs,
898 2671 933 2690 ne
963 2666 989 2689 te

1042 2249 1197 2279 dtrré'd‘wzav'
1213 2250 1273 2276 Τῶν
1293 2250 1322 2276 ὲν
1335 2249 1446 2284 Χριστῷ
1459 2249 1632 2284 σωζομένων,
1644 2250 1691 2276 καὶ
1704 2250 1754 2284 τῆς
1766 2251 1833 2277 Και-

1041 2297 1091 2332 νῆς
1107 2296 1245 2330 Διαθήκης
1264 2295 1402 2330 μνησθεὶς,
1419 2294 1465 2326 οὒς
1480 2294 1561 2321 αὐτὸν
1574 2295 1755 2329 εὐλογήσειν
1769 2295 1832 2331 ἔφη,

1041 2343 1130 2376 θηρία
1147 2342 1263 2373 καλέσας
1285 2341 1378 2376 ἀγροῦ
1392 2340 1594 2376 (πνευματικῆς
1615 2340 1644 2366 δὲ
1666 2341 1766 2375 τρόπος
1780 2343 1832 2368 θυ-

1041 2388 1111 2420 σίας
1130 2388 1146 2422 ή
1172 2386 1339 2420 ὃοξολογία),
1362 2385 1409 2412 νῦν
1424 2385 1512 2412 πείθει
1527 2385 1581 2412 τὸν
1599 2385 1732 2419 Ἰσραὴλ,
1748 2386 1784 2418 ὡς
1800 2387 1833 2421 δὴ

1041 2432 1207 2468 λελύτρωται
1219 2431 1270 2466 τῆς
1288 2432 1316 2457 ὲν
1333 2430 1463 2466 Αἰγύπτῳ
1480 2431 1602 2466 θητείας,
1615 2432 1664 2466 οὐχ
1685 2431 1728 2457 ἶνα
1744 2431 1778 2458 τὰ
1794 2432 1834 2458 δι’

1038 2478 1154 2512 αἵματος
1182 2476 1258 2512 αὐτῷ
1275 2477 1438 2511 προσάγοιεν
1461 2478 1508 2503 καὶ
1535 2477 1648 2504 καπνῶν
1662 2484 1670 2491 ·
1691 2477 1833 2513 ἀπόϐλητα

1038 2524 1093 2559 γὰρ
1107 2523 1193 2550 ταῦτα
1216 2524 1264 2549 καὶ
1280 2523 1348 2559 πρὸς
1374 2524 1454 2555 σκιᾶς
1472 2523 1661 2558 παρείληπται
1676 2522 1771 2550 τύπον.
1787 2524 1832 2550 Διό

1037 2578 1131 2604 φησιν.
1145 2570 1186 2596 Οὐ
1200 2569 1268 2601 νῦν,
1287 2569 1330 2595 ὅτε
1355 2568 1440 2601 θύεις,
1463 2568 1596 2596 ἐκάλεσα
1619 2577 1666 2603 σε,
1696 2570 1782 2604 ήγουν
1797 2570 1832 2596 οὐ

1039 2615 1213 2652 προσάγοντά
1238 2623 1267 2641 σε
1293 2615 1401 2648 θυσίας
1416 2615 1559 2648 ἐκάλεσα,
1582 2616 1620 2647 ὡς
1640 2616 1678 2652 μὴ
1695 2616 1785 2642 δοκεῖν
1802 2623 1830 2641 σε

1038 2662 1165 2698 καθάπερ
1179 2662 1333 2690 ἁντὲκτισίν
1346 2671 1407 2689 τινα⁵
1419 2663 1470 2698 τῆς
1489 2663 1674 2698 προσαγωγῆς
1687 2662 1830 2698 ἐσχηκέναι

236 2747 260 2764 ⁸⁸
273 2747 344 2776 Psal.
369 2758 445 2784 xvlu,
466 2750 493 2778 5.
532 2749 572 2775 “l
597 2750 670 2778 Pctr.
694 2758 723 2781 ιι,
743 2750 770 2782 9,
785 2750 825 2777 l0.
865 2749 889 2766 ”
915 2749 969 2776 lsa.
987 2757 1006 2782 ι,
1029 2749 1073 2776 il.

841 2829 955 2858 VARI/ii
975 2829 1181 2858 LECTIONES.

243 2874 251 2892 ί
269 2883 313 2909 ῃλ.
324 2875 354 2901 τὸ
365 2875 512 2911 ἀνήμερον,
