2002 3078
220 179 270 210 397

784 177 1055 209 COMMENTARII
1073 176 1115 207 IN
1132 177 1278 208 ISAIAM.

1762 175 1834 207 2398

199 236 251 272 τὴν
271 234 418 271 λύτρωσιν.
443 234 655 270 Εἱδωλολατρῶν
679 233 720 267 δὲ,
743 233 859 269 δι’ἐμὴν
885 233 992 269 ἀγάπηι

1053 232 1280 267 redemptionem,
1290 231 1373 259 veluti
1384 231 1523 267 quoidam
1534 230 1686 260 oblationis
1696 233 1839 268 praemium

199 281 280 316 χάριν
295 280 375 316 ἔσχες
388 279 438 315 τὴν
455 280 640 316 σωτηρίαν.“Α
658 279 686 307 δὲ
712 279 782 315 μετὰ
804 278 891 306 ταῦτα
906 288 995 316 1:906—

199 326 329 360 ήνεγκας,
347 325 425 352 οὐδὲν
438 325 506 361 πρὸς
517 325 578 361 ἐμέ.
590 325 695 358 Μόναις
708 325 764 361 γὰρ
775 326 835 358 ταῖς
849 325 878 359 ἐξ
890 325 995 361 ἀρετῶν

198 371 323 406 λογικαῖς
336 370 539 406 εὐαρεστοΰμαι
556 370 672 403 Θυσίαις.
690 371 747 398 Καὶ
770 372 805 398 δι’
821 371 953 408 Ἰερεμίου
966 371 996 398 δὲ

197 416 246 444 τοῦ
261 418 401 453 προφήτου
422 417 488 454 φησι
497 426 505 433 ·
524 427 533 444 ι
547 417 588 445 Τὰ
600 417 816 454 ὁλοκαυτώματα
832 418 910 454 ὑμῶν
926 418 996 452 μετὰ

198 463 254 491 τῶν
269 463 370 490 θυσιῶν
387 463 464 499 ὑμῶν
478 465 659 499 συναγάγετε,
677 465 725 491 καὶ
743 465 844 499 φάγετε
861 463 940 499 κρέα,
953 464 996 490 ὅτι

198 509 249 536 οὐκ
265 509 386 545 ὲλὰλησα
401 510 469 546 πρὸς
485 511 549 542 τοὺς
565 511 688 547 πατέρας
703 511 781 546 ὑμῶν
798 510 864 546 περὶ
883 509 996 538 ὁλοκαυ-

197 556 333 591 τωμάτων
357 556 405 583 καὶ
421 556 522 583 θυσιῶν
532 577 540 589 ,
555 557 585 583 ὲν
597 557 691 593 ἡμέρᾳ
741 557 880 592 ἀνήγαγον
895 556 996 588 αὐτοὺς

198 601 232 628 ὲκ
246 603 299 636 γῆς
314 602 465 636 Αἰγύπτου.
487 612 496 629 ι
520 603 577 630 Kal.
600 603 735 639 ἀλλαχοῦ·
757 604 832 630 ι”Ῑνα
847 603 874 630 τί
891 612 936 638 μοι
956 601 998 630 λί-

199 648 280 675 ϐανον
295 648 327 675 ὲκ
341 648 415 675 Σάὸα
434 649 542 684 φέρετε,
559 650 607 676 καὶ
629 650 806 685 κιννάμωμον
820 650 853 676 ὲκ
866 650 917 684 γῆς
941 657 995 684 μα-

198 693 313 729 κρόθεν;
332 695 373 721 Τὰ
385 695 600 731 ὁλοκαυτώματα
615 695 693 731 ὑμῶν
713 696 764 723 οὐκ
779 696 832 723 εἰσὶ
846 696 938 727 δεκτὰ,
948 696 996 723 καὶ

198 740 226 766 αι
241 739 332 766 θυσίαι
349 740 427 776 ὑμῶν
442 741 491 776 οὐχ
504 741 606 776 ἢδυνόιν
621 751 676 777 μοι.
693 751 703 768 ι
729 742 785 769 Καὶ
801 741 846 769 διὰ
859 742 906 769 τοῦ
919 742 995 768 Ψαλ-

199 784 251 820 μοῦ
274 785 304 812 δέ
329 793 426 821 φησιν·
448 796 458 812 ι
475 787 512 813 Οὐ
530 787 641 822 δέξομαι
661 789 695 816 ὲκ
718 788 766 815 τοῦ
789 789 864 815 οἴκου
881 797 928 815 σου
945 789 994 824 μό-

198 838 295 865 σχους,
312 831 373 858 οὐδὲ
391 832 423 858 ὲκ
453 832 508 859 τῶν
528 834 662 868 ποιμνίων
679 842 725 860 σου
741 835 904 870 χιμὰρῤους.
922 844 931 860 ι
949 836 995 862 Δι’

195 873 233 903 ὦν
256 877 404 914 ἀφίστησιν
429 878 528 910 αὐτοὺς
553 880 608 906 τῶν
624 879 718 906 τύπων
735 881 775 912 εἰς
790 881 839 917 τὴν
855 881 993 908 πολιτείαν

195 923 246 958 τὴν
264 924 447 960 εὐαγγελικὴν
461 925 600 953 συνωθῶν.
624 925 736 962 Πνεῦμα
749 926 804 962 γὰρ
846 927 929 959 Θεὸς,
945 927 993 954 καὶ
1011 914 1031 942 Β

195 969 259 1000 τοὺς
271 970 493 1005 προσκυνοῦντας
513 971 604 1004 αὐτὸν,
617 972 645 998 ὲν
661 972 797 1008 πνεύματι
815 974 862 1000 καὶ
878 974 993 1011 ἀληθείᾳ

195 1015 237 1041 δεῖ
244 1018 417 1051 προσκυνεῖν.
426 1016 498 1051 Ἐγὼ
511 1018 561 1053 μὲν
576 1016 634 1050 οὖν,
649 1019 743 1055 φησὶν,
754 1020 792 1052 ὡς
807 1021 907 1055 ἀγαθὸς
925 1021 993 1047 ετοί-

197 1069 256 1095 μως
269 1062 323 1096 ἔχω
339 1071 380 1089 σοι
397 1065 560 1099 συγχωρεῖν.
581 1065 626 1091 Σοὶ
647 1066 675 1092 δὲ
700 1066 729 1093 τὸ
749 1066 921 1102 μεμνῆσθαι
934 1067 993 1094 τῶν

194 1106 346 1142 ἁμαρτιῶν
361 1109 483 1144 ἀσφαλὲς
495 1111 564 1146 πρὸς
585 1111 615 1138 τὸ
640 1112 677 1148 μὴ
691 1113 805 1145 ταύταις
817 1113 856 1140 ἔτι
874 1122 990 1150 περιπε-

196 1153 263 1180 σεῖν.
273 1153 317 1188 Ἐξ
329 1150 360 1181 οὗ
373 1156 421 1183 καὶ
430 1156 602 1184 δικαιοῦσθαι
618 1158 771 1193 συμϐαίνει.
794 1169 803 1185 ‹
818 1160 928 1191 Δίκαιος
938 1162 992 1195 γὰρ

195 1198 292 1226 ἑαυτοῦ
305 1201 458 1237 κατήγορος
472 1203 501 1229 ἐν
514 1203 697 1240 πρωτολογίᾳ.
713 1214 722 1230 ι
738 1205 793 1231 Kal
806 1206 943 1233 δείκνυσιν
954 1206 992 1238 ὡς

194 1245 246 1272 οὐκ
261 1243 315 1272 οἶδε
331 1247 474 1283 καθαίρειν
490 1250 507 1285 ἡ
525 1250 598 1277 κατὰ
614 1251 697 1285 νόμον
715 1251 839 1286 λατρεία.
849 1251 992 1280 Ἀδύνατον

195 1290 250 1327 γὰρ
265 1289 335 1328 αἷμα
350 1293 460 1330 ταύρων
475 1296 524 1323 καὶ
537 1296 647 1332 τράγων
663 1297 790 1333 ἀφαιρεῖν
804 1299 954 1334 ἁμαρτίας.

231 1430 287 1456 Καὶ
303 1431 385 1457 πάλιν
403 1432 468 1467 περὶ
480 1422 537 1459 τῶν
554 1434 587 1460 ἐκ
602 1434 756 1470 περιτομῆς
769 1435 994 1463 πεπιστευκότων

195 1475 277 1511 φησιν
290 1484 297 1491 ⁸
318 1486 327 1502 ι
343 1477 449 1510 Ειδότες
465 1478 493 1505 δὲ
513 1479 553 1506 ὅτι
576 1480 606 1506 οὐ
629 1480 782 1507 δικαιοῦται
807 1480 951 1517 ἄνθρωπος
964 1483 994 1515 ἐξ

195 1520 285 1555 ἔργων
305 1522 400 1557 νόμου,
417 1523 465 1550 ἐὰν
492 1524 530 1560 μὴ
556 1525 600 1551 διὰ
618 1525 737 1556 πίστεως
757 1526 844 1561 Ἰησοῦ
860 1528 992 1563 Χριστοῦ·

194 1567 241 1594 καὶ
261 1568 341 1602 ἡμεῖς
356 1570 396 1601 είς
409 1570 526 1605 Χριστδν
544 1571 649 1606 Ἰησοῦν
668 1572 872 1607 ἐπιστεύσαμεν
889 1574 932 1601 ἵνα
954 1575 993 1601 δι-

194 1613 359 1649 καιωθῶμεν
372 1616 401 1641 ὲν
416 1615 500 1651 αὐτῷ.
516 1626 525 1642 ι
544 1618 641 1644 Θυσία
655 1617 746 1645 τοίνυν
758 1619 831 1654 ὑμᾶς
847 1620 877 1646 οὐ
893 1620 991 1647 καθαί-

195 1667 247 1695 ρει,
263 1659 321 1696 ἐγὼ
344 1661 372 1688 δὲ
389 1661 470 1697 μόνος
487 1663 501 1689 ὸ
518 1663 611 1697 ἀφιεὶς
631 1664 776 1699 ἁμαρτίας
795 1665 885 1702 δωρεᾷ
900 1675 930 1693 τε
946 1667 993 1693 καὶ

193 1705 296 1740 χάριτι.
312 1715 321 1732 ι
337 1707 544 1744 Δεδικαιώμεθα
561 1709 615 1745 γὰρ
631 1710 682 1737 οὐκ
697 1711 726 1744 ἐξ
742 1710 830 1746 ἔργων
852 1713 991 1739 δικαιοσύ-

193 1759 242 1786 νης
264 1747 302 1778 ὦν
323 1752 492 1788 ἐποιήσαμεν
507 1755 598 1789 ἡμεῖς,
615 1755 684 1782 ἀλλὰ
707 1756 778 1783 κατὰ
792 1757 822 1784 τὺ
836 1758 903 1785 πολὺ
919 1758 993 1790 ἔλεος

193 1797 288 1825 αὑτοῦ.
305 1807 314 1824 ι
335 1798 409 1835 Αὕτη
423 1800 477 1835 γὰρ
500 1801 616 1836 ἀσθενὴς
632 1803 702 1837 πρὸς
716 1803 766 1838 τὴν
784 1803 818 1829 δι’
833 1803 923 1840 ἔργων
940 1814 992 1831 σω.

193 1843 291 1879 τηρίαν
314 1845 331 1880 ἡ
355 1844 445 1879 φύσις.
455 1846 608 1881 Ἐπιμελῶς
622 1847 677 1884 γὰρ
694 1848 817 1882 ἔγκειται
843 1851 859 1885 ὴ
887 1851 993 1878 διάνοια

193 1890 241 1917 τοῦ
253 1890 397 1926 ἀνθρώπου
406 1892 453 1918 ἐπὶ
463 1892 498 1919 τὰ
512 1893 619 1928 πονηρὰ
632 1894 664 1921 ὲκ
676 1895 816 1930 νεότητος,
830 1896 903 1922 καθὰ
915 1897 992 1931 δηλοί

193 1935 242 1963 καὶ
265 1936 349 1963 Δαὸὶδ
368 1937 469 1972 λέγων·
489 1939 574 1966 «Ἐὰν
590 1939 706 1975 ἀνομίας
721 1942 915 1977 παρατηρήσῃ.
936 1942 993 1968 Κύ-

196 1991 247 2018 ριε,
258 1983 355 2019 Κύριε,
365 1984 408 2016 τις
418 1985 619 2021 ὑποστήσεται;
631 1987 692 2014 Ὀτι
705 1987 782 2022 παρὰ
795 1989 838 2015 σοὶ.
851 1989 865 2015 ὁ
879 1989 993 2023 ἱλασμός

193 2029 276 2055 ἐστιν.
293 2038 302 2054 ›
314 2029 396 2057 Ἐλεῶ
409 2031 460 2066 μὲν
470 2029 516 2058 οὖν
530 2032 620 2064 αὐτός.
633 2031 670 2059 Εὖ
684 2033 712 2060 δὲ
726 2034 894 2066 πεπονθότας
910 2034 994 2062 ἐθέλω

191 2075 364 2110 μεμνῆσθαι
378 2078 484 2105 καὶτὸν
501 2079 616 2114 Σωτῆρα
631 2079 675 2106 διὰ
696 2080 796 2112 παντὸς
814 2080 992 2116 ἀνυμνεῐν.”¹0

193 2122 225 2158 δὴ
241 2123 290 2149 καὶ
303 2123 403 2159 δρῶσιν
418 2125 442 2151 οξ
458 2125 548 2159 ἅγιοι,
563 2125 601 2157 ὡς
616 2125 692 2160 δηλοῖ
712 2127 794 2153 πάλιν
810 2127 824 2153 ὁ
839 2127 925 2162 μέγας
939 2128 992 2153 Δα-

194 2168 246 2201 ϐὶδ,
262 2169 327 2196 ποτὲ
354 2170 403 2205 μὲν
416 2170 517 2197 εἰπών·
545 2172 622 2198 (Ὅτι
648 2171 698 2207 τὴν
721 2172 838 2207 ἀνομίαν
864 2182 915 2208 μου
938 2173 993 2208 ἐγὼ

193 2215 330 2250 γινώσκω,
346 2217 394 2243 καὶ
416 2218 433 2252 ὴ
453 2217 577 2254 ἁμαρτία
595 2227 646 2253 μου
662 2218 778 2246 ἐνώπιόν
794 2219 843 2254 μού
859 2221 917 2245 ἐστι
933 2219 992 2246 δια-

1047 285 1227 307 consecutum
1238 286 1302 306 esse
1322 282 1444 313 putares.
1463 277 1516 305 Sed
1534 286 1597 305 cum
1622 278 1696 306 idola
1718 279 1836 311 celeres,

1048 323 1109 351 mea
1120 324 1204 352 unius
1219 325 1247 352 in
1264 328 1291 352 te
1308 324 1500 352 benevolentia
1521 325 1639 359 gratiam
1666 329 1694 352 et
1720 324 1838 352 salutem

1046 370 1163 406 adeptus
1183 379 1223 399 es.
1257 370 1323 404 Qua:
1341 375 1432 398 autem
1461 371 1590 406 deinceps
1609 371 1747 404 obtulisti,
1771 372 1839 398 nihil

1047 415 1094 442 illa
1110 415 1143 441 ad
1164 422 1217 446 me.
1230 416 1276 450 qui
1294 415 1362 442 solis
1379 415 1512 442 virtutum
1528 416 1712 443 rationalibus
1732 415 1840 442 sacriﬁ-

1046 461 1097 488 ciis
1109 461 1243 488 oblector.
1261 460 1333 494 Qu'in
1352 466 1379 488 et
1390 460 1518 489 Ieremia:
1534 462 1627 490 verbis
1642 462 1669 488 in
1690 462 1763 489 hunc
1779 469 1840 488 mo-

1046 506 1112 533 dum
1129 506 1274 541 loquitur:
1296 516 1305 532 ι
1325 505 1490 533 llolocausta
1511 511 1603 533 vestra
1613 506 1704 534 addite
1718 506 1840 534 victimis

1046 552 1159 585 vestris,
1177 556 1204 579 et
1219 552 1353 580 comedite
1370 560 1488 585 carnes;
1502 553 1567 584 quia
1588 560 1641 580 non
1655 561 1715 580 sum
1730 553 1839 580 locutus

1046 598 1173 632 patribus
1189 599 1289 626 vestris
1301 600 1333 625 de
1346 599 1516 626 holocaustis
1527 603 1554 625 et
1574 598 1730 631 sacriﬁciis,
1754 598 1781 625 in
1795 598 1840 626 die

1046 651 1100 678 qua
1117 643 1199 670 eduxi
1215 651 1263 670 eos
1278 643 1312 672 de
1325 643 1445 679 Egypt.)
1472 644 1524 670 δ’.»
1545 643 1576 670 Ει
1595 644 1679 671 alibi:
1714 653 1723 669 (
1739 643 1839 678 thuid

1047 691 1113 718 mihi
1127 690 1229 717 tltusde
1250 690 1332 722 Saba,
1349 695 1376 717 et
1390 691 1595 717 cinnamomum
1605 690 1639 717 de
1649 695 1722 717 terra
1732 690 1840 724 longin-

1045 735 1122 771 qua?
1137 735 1297 762 holocausta
1311 740 1403 762 vestra
1422 743 1475 761 non
1492 739 1557 762 sunt
1573 739 1697 769 accepta.
1713 739 1740 761 et
1761 736 1840 762 victi-

1047 788 1096 808 ma.-
1116 787 1213 808 vestra:
1229 789 1285 808 non
1302 781 1464 816 placuerunt
1477 781 1543 808 mihi
1572 781 1606 808 δ’.
1630 791 1639 807 ι
1662 780 1695 807 Et
1720 781 1746 808 in
1761 780 1839 808 Psal‘

1047 836 1090 854 mo
1102 828 1184 855 etiam
1197 839 1203 855 :
1219 838 1228 854 ι
1250 828 1308 855 Non
1325 828 1458 863 accipiam
1470 827 1503 854 de
1516 828 1652 855 domottta
1661 828 1774 859 vitulos,
1790 835 1839 855 ne-

1044 882 1097 909 que
1110 875 1143 902 de
1161 875 1290 910 gregibus
1302 875 1356 902 tuis
1369 875 1461 902 hircos
1473 875 1514 907 lu;
1534 884 1544 901 ι
1569 875 1669 908 quibus
1686 882 1757 901 eosa
1771 874 1839 908 ligu-

1048 921 1086 948 ris
1102 929 1210 953 arcere,
1225 925 1253 949 et
1267 922 1300 949 ad
1328 921 1516 957 evangelicum
1537 921 1600 948 vita:
1614 921 1748 948 rationem
1763 928 1840 948 com-

1048 968 1150 1002 pellere
1170 972 1285 995 conatur
1307 974 1313 992 τ
1333 968 1455 1002 Spiritus
1470 968 1543 996 enim
1575 967 1647 994 Dens
1673 972 1725 1000 est,
1746 971 1774 993 et
1791 967 1839 1002 qui

1047 1020 1109 1039 cum
1128 1013 1255 1043 adorant.
1269 1013 1296 1040 in
1313 1013 1413 1048 spiritu
1433 1017 1461 1040 et
1481 1013 1596 1040 veritate
1613 1012 1690 1039 decet
1711 1012 1839 1040 adorare.

1047 1059 1104 1094 Ego
1117 1059 1211 1094 igitur,
1228 1059 1329 1094 inquit,
1345 1067 1394 1094 pro
1415 1066 1474 1087 mea
1488 1059 1624 1090 bonitate,
1646 1059 1679 1085 ad
1695 1059 1839 1093 indulgen-

1046 1104 1111 1131 dum
1129 1109 1156 1131 et
1167 1105 1380 1132 condonandum
1396 1109 1509 1139 paratus
1523 1111 1594 1132 sum.
1616 1102 1668 1130 Sed
1686 1102 1735 1130 tibi
1747 1110 1840 1136 pecca-

1047 1156 1134 1179 torum
1148 1152 1298 1179 meminisse
1312 1152 1353 1178 vel
1366 1159 1399 1179 eo
1411 1151 1557 1187 profuerit,
1571 1158 1605 1178 ne
1619 1151 1646 1177 in
1660 1150 1754 1177 eadem
1766 1149 1838 1176 rela-

1048 1198 1233 1234 baris,h9&I
1268 1206 1282 1225 a
1313 1198 1415 1232 quibus
1441 1198 1557 1225 excitari
1584 1200 1610 1224 te
1638 1195 1840 1230 justiﬁcarique

1046 1246 1195 1280 conligitn
1226 1245 1323 1272 Justus
1344 1245 1430 1278 enim,
1459 1245 1506 1276 ait,
1535 1243 1611 1278 prior
1632 1247 1674 1270 est
1693 1246 1840 1269 accusator

1047 1291 1089 1319 sui
1104 1290 1138 1318 ".
1158 1301 1168 1317 ›
1196 1290 1277 1318 Cultu
1295 1295 1424 1326 pmterea
1452 1290 1531 1325 legali
1555 1289 1692 1317 neminem
1712 1287 1839 1314 mundari

1047 1338 1173 1372 potuisse
1186 1337 1317 1367 ostendit.
1329 1344 1391 1364 cum
1408 1342 1550 1364 taurorum
1567 1339 1593 1363 et
1618 1335 1759 1361 hircorum
1775 1340 1840 1360 san-

1047 1384 1130 1419 guine
1144 1384 1198 1411 elui
1217 1388 1329 1419 peccata
1348 1386 1488 1416 nequeant
1501 1382 1536 1408 ⁵⁸.

1083 1429 1197 1460 Deinde.
1223 1433 1251 1456 et
1263 1428 1296 1455 de
1314 1428 1356 1455 his
1383 1427 1478 1460 etiam,
1493 1426 1541 1462 qui
1570 1433 1603 1453 ex
1627 1423 1840 1452 circumcisione

1048 1475 1237 1507 crediderant,
1258 1475 1309 1501 ait:
1333 1483 1342 1500 ι
1364 1473 1489 1500 Scientes
1513 1476 1615 1503 autem,
1637 1469 1710 1505 quod
1726 1476 1779 1495 non
1794 1469 1840 1502 ju-

1049 1520 1186 1548 stilicatur
1204 1520 1288 1547 homo
1307 1528 1340 1547 ex
1356 1518 1487 1553 operibus
1509 1517 1587 1551 legis,
1603 1517 1656 1544 nisi
1683 1524 1731 1551 per
1757 1515 1837 1542 ﬁdem

1048 1565 1113 1594 Jesn
1125 1566 1227 1594 Christi
1239 1576 1246 1594 :
1257 1570 1282 1593 et
1292 1573 1342 1594 nos
1355 1565 1382 1592 in
1394 1564 1487 1592 Jesum
1503 1564 1644 1591 Christum
1657 1562 1838 1594 credidimus,

1046 1616 1076 1639 ut
1089 1611 1276 1647 justillcemur
1294 1612 1320 1638 in
1333 1611 1393 1645 ipso
1410 1611 1460 1638 ⁵⁸.»
1480 1609 1540 1636 Non
1555 1617 1604 1636 vos
1631 1609 1715 1643 igitur
1731 1607 1838 1641 sacriﬁ-

1046 1658 1117 1684 cium
1135 1657 1240 1690 lavcrit,
1255 1656 1301 1684 sed
1320 1664 1366 1691 ego
1390 1656 1478 1688 solus,
1504 1654 1550 1689 qui
1575 1661 1687 1688 possum
1710 1651 1797 1687 gratia
1813 1655 1841 1677 et

1047 1706 1212 1733 liberalitate
1226 1708 1336 1739 peccata
1359 1703 1510 1730 remittere.
1529 1711 1538 1727 ι
1559 1700 1749 1728 Justilicamur
1766 1698 1839 1726 enim

1044 1759 1099 1780 non
1115 1759 1148 1779 ex
1166 1751 1297 1786 operibus
1312 1749 1427 1784 iustitiae
1445 1755 1506 1783 quae
1525 1747 1642 1774 fecimus
1660 1753 1723 1778 nos,
1735 1744 1782 1772 sed
1794 1751 1839 1771 se-

1045 1798 1164 1825 cttndutn
1182 1798 1294 1824 multam
1311 1797 1370 1831 ejus
1384 1795 1602 1823 misericordiam
1616 1794 1666 1820 ⁵⁷.»
1685 1792 1743 1828 Ipsa
1762 1799 1841 1818 nam-

1044 1851 1098 1877 que
1116 1843 1147 1870 ad
1163 1842 1280 1869 salutem
1297 1841 1428 1876 operibus
1444 1838 1667 1873 consequendam
1694 1836 1839 1863 imbecillis

1045 1895 1086 1918 est
1105 1895 1132 1916 et
1148 1890 1255 1916 iulirma
1272 1893 1386 1920 natura;
1404 1893 1466 1913 cum
1478 1887 1559 1912 iures
1576 1884 1662 1911 malas
1678 1883 1712 1910 ab
1727 1883 1838 1909 ineunte

1044 1940 1125 1963 actate
1141 1935 1261 1962 hominis
1280 1941 1388 1967 semper
1410 1931 1551 1960 incumbat
1564 1929 1696 1964 cogitatio
1708 1929 1731 1945 ⁵⁸
1744 1937 1751 1961 ;
1766 1929 1839 1955 sicut

1045 1991 1122 2010 mens
1140 1981 1237 2013 David,
1253 1981 1296 2008 his
1311 1981 1420 2007 verbis:
1437 1989 1446 2004 ι
1474 1978 1503 2005 Si
1521 1977 1683 2011 iniquitates
1707 1976 1839 2002 observa-

1045 2032 1128 2063 veris,
1141 2029 1264 2060 Domine.
1284 2028 1410 2057 Domine.
1426 2027 1488 2061 quis
1499 2023 1670 2053 sustinebit?
1687 2023 1755 2055 Quia
1767 2021 1839 2057 apud

1044 2081 1071 2103 te
1083 2075 1239 2111 prnpitiatio
1247 2077 1289 2101 est
1306 2074 1356 2099 ⁵⁸.»
1373 2072 1505 2099 Misereor
1518 2079 1583 2105 ergo
1594 2069 1781 2104 ipsequitlem,
1797 2069 1838 2094 in-

1044 2122 1165 2157 quit;sed
1173 2128 1233 2150 eos.
1243 2120 1276 2147 de
1283 2119 1385 2154 quibus
1394 2118 1464 2145 bene
1472 2117 1588 2144 tneritus
1599 2114 1838 2144 summteminisse,

1045 2172 1234 2203 perpetuoque
1250 2166 1424 2193 Salvatorem
1440 2163 1582 2191 celebrare
1609 2162 1728 2196 postulo.
1751 2161 1840 2194 Atque

1045 2214 1163 2249 idipsum
1181 2217 1233 2245 est,
1258 2211 1331 2246 quod
1355 2211 1443 2238 sancti
1469 2213 1598 2245 prmstare
1620 2215 1672 2235 non
1696 2207 1838 2236 desinunt,

194 2263 294 2295 παντός
303 2271 310 2279 ·
325 2273 334 2290 ι
349 2264 414 2290 ποτὲ
428 2264 457 2290 δέ
470 2273 476 2279 ·
490 2265 568 2291 «Ὅτι
581 2265 630 2300 τὴν
645 2265 760 2300 ἀνομίαν
774 2275 825 2300 μου
838 2266 989 2300 ἀναγγελῶ,

1046 2264 1115 2288 teste
1129 2267 1228 2294 magno
1250 2259 1362 2290 Davidc,
1375 2258 1420 2285 tibi
1433 2258 1517 2284 aitzu
1530 2255 1665 2289 Quoniam
1678 2261 1727 2288 ego
1738 2252 1839 2287 iniqui-

193 2309 241 2336 καὶ
257 2311 421 2345 μεριμνήσω
436 2310 505 2346 ὑπὲρ
522 2310 572 2346 τῆς
588 2312 726 2347 ἁμαρτίας
744 2321 795 2347 μου
807 2319 814 2326 ·
829 2321 839 2338 ι
856 2313 928 2339 κατὰ
942 2313 971 2339 τό
984 2321 992 2329 ⁸

197 2365 205 2381 ι
220 2355 266 2391 Μὴ
289 2357 439 2392 αἰσχυνθῇς
463 2357 631 2393 ὁμολογῆσαι
652 2359 864 2394 ἐφ’ἁμαρτίαις.
881 2370 890 2386 ι
909 2360 942 2386 Ὃ
961 2359 993 2396 δὴ

195 2401 233 2437 μὴ
249 2403 366 2437 ποιήσας
384 2403 433 2438 μὲν
447 2404 460 2430 ὁ
474 2404 622 2438 Φαρισαῖος
638 2405 799 2440 κατεκρίθη.
820 2405 929 2440 Δράσας
957 2414 991 2440 γε

195 2446 248 2482 μὴν
262 2447 277 2474 ό
291 2447 409 2483 τελώνης
425 2448 530 2483 ἀπῆλθε
544 2448 723 2482 δικαιωθείς.
734 2450 820 2477 Τοῦτο
834 2451 889 2477 δεῖν
904 2450 991 2478 εἰπὼν

193 2494 207 2519 ὀ
229 2493 296 2526 θεὸς
307 2494 432 2530 ποιῆσαι,
447 2495 522 2530 Πλὴν
549 2495 613 2526 ι’σθι,
625 2496 718 2531 φησὶν,
735 2495 773 2528 ὠς
798 2497 833 2523 ἐκ
854 2499 991 2531 πατέρων

193 2537 259 2572 ἔφυς
274 2539 447 2574 ἁμαρτωλὸς,
462 2540 509 2566 καὶ
522 2540 579 2566 ὅσοι
592 2540 664 2567 κατὰ
676 2541 789 2575 καιροὺς
805 2541 882 2576 ὑμῶν
892 2539 990 2578 ἦρξαν,

192 2585 355 2619 ἠνόμησαν
369 2586 413 2618 είς
428 2585 490 2620 ἐμέ.
500 2585 574 2612 Ἀντὶ
583 2586 612 2612 δὲ
621 2586 668 2612 τοῦ
679 2585 835 2621 ᾱρκοντες,
852 2587 991 2622 ἑρμηνεῖς

199 2630 313 2660 Ἀκύλας
325 2630 378 2665 ἔφη
394 2630 441 2658 καὶ
453 2630 612 2666 Σύμμαχος.
621 2630 691 2666 Τρία
700 2631 728 2658 δὲ
742 2631 834 2667 τίθησι
849 2632 989 2667 τάγματα·

193 2676 334 2711 πατέρας,
344 2677 392 2704 καὶ
399 2677 548 2712 ἑρμηνεῖς,
559 2678 606 2704 καὶ
619 2675 832 2712 ἄρχονταςῙΩν
840 2678 864 2704 οἱ
878 2679 928 2713 μὲν
939 2676 990 2714 ἧρ-

194 2731 251 2757 χον.
263 2723 289 2749 οι
298 2722 326 2750 δὲ
338 2723 393 2750 τῶν
407 2722 523 2759 Γραφῶν
537 2721 607 2757 ἦσαν
619 2724 763 2759 ἐξηγηταὶ,
774 2725 798 2751 οἱ
811 2724 839 2751 δὲ
851 2724 889 2759 τῷ
899 2725 988 2760 χρόνῳ

194 2767 397 2804 προὸεσηκότες
416 2769 574 2804 ἐτύγχανον.
599 2770 638 2795 Δι’
652 2769 699 2801 οὓς
719 2768 889 2797 ἀπολωλέναι
912 2769 987 2804 λέγει

228 2837 249 2854 ³·
264 2835 363 2872 Jerent.
382 2845 429 2865 vn.
443 2837 488 2869 ει,
506 2837 551 2864 22.
589 2837 613 2852 δ’
628 2836 769 2866 Jerem.vt,
787 2837 833 2865 20.
870 2838 893 2855 ⁸³
910 2837 983 2866 Psal.

1046 2847 1079 2872 rx,
1091 2839 1117 2866 9.
1156 2840 1180 2856 ⁵³
1196 2838 1276 2866 Prav.
1294 2844 1371 2866 will.
1384 2837 1426 2864 l7.

195 2874 241 2900 lat.
259 2871 346 2902 v.16.
385 2872 407 2888 ⁵⁷
424 2872 529 2904 'l'it.nl,
546 2872 572 2899 5.
611 2872 633 2888 ⁵⁸
646 2871 713 2899 Gen.
730 2880 777 2902 κιι,
792 2873 836 2900 Ἣ.
875 2873 898 2890 ⁸³
913 2872 984 2902 Psal.

1046 2883 1100 2907 tut.
1115 2875 1171 2907 5,4.

197 2909 219 2925 ε’
232 2908 317 2937 Eccli.
335 2915 373 2941 Iv,
394 2908 438 2935 5|.
478 2908 501 2924 ⁵³
515 2907 581 2935 Luc.
602 2915 678 2941 xvm,
699 2907 786 2935 Ill-ll.

1045 2311 1128 2333 tatem
1149 2313 1236 2332 meam
1264 2312 1399 2339 agnosco.
1420 2307 1447 2331 Θι
1464 2307 1608 2338 peccatum
1636 2307 1725 2327 meum
1743 2302 1839 2326 θοι-ιω

1043 2361 1087 2380 nte
1115 2357 1158 2380 est
1182 2360 1292 2388 semper
1305 2351 1355 2378 ⁸ο.»
1374 2351 1406 2377 Et
1429 2359 1437 2377 :
1468 2359 1477 2376 (
1505 2349 1640 2382 Quoniam
1664 2348 1838 2382 iniquitatem

1043 2408 1132 2428 meatu
1147 2399 1362 2430 annuntiabo,ct
1373 2396 1527 2424 meditabor
1535 2397 1561 2422 in
1569 2395 1690 2430 peccatis
1711 2395 1779 2420 meis
1787 2393 1820 2426 υς
1828 2401 1837 2418 ι

1038 2447 1116 2483 juxta
1129 2446 1211 2473 illm]:
1231 2455 1240 2471 ι
1261 2445 1320 2472 Non
1336 2444 1486 2472 erubescas
1512 2442 1639 2470 conﬁteri
1658 2447 1771 2476 peccata
1787 2440 1836 2466 “.r

1045 2493 1124 2527 Quod
1142 2500 1204 2520 cum
1224 2492 1336 2519 minime
1354 2491 1466 2518 fecisset
1480 2489 1648 2518 Pbarisaeus,
1669 2487 1831 2514 condemna~

1045 2545 1091 2568 tus
1102 2545 1160 2568 est:
1174 2543 1271 2566 contra
1282 2542 1384 2570 autem,
1397 2537 1566 2572 justi/iculus
1580 2534 1746 2569 publicanus
1759 2532 1792 2558 ⁸³.
1809 2530 1838 2558 ld

1044 2595 1111 2622 ergo
1126 2594 1188 2613 cum
1205 2585 1329 2621 praestari
1341 2590 1468 2620 oportere
1483 2582 1637 2610 monuisset
1646 2580 1729 2612 Deus,
1748 2583 1774 2606 et
1788 2578 1833 2605 hu-

1041 2633 1098 2668 jus,
1115 2633 1197 2661 etiam
1214 2633 1315 2667 inquit,
1328 2631 1489 2659 memineris
1506 2637 1568 2656 esse
1583 2635 1608 2656 te
1621 2636 1637 2655 a
1650 2626 1772 2661 patribus
1784 2625 1839 2652 tuis

1043 2684 1217 2715 peccatorem
1232 2678 1347 2710 editum,
1364 2685 1467 2712 eosque
1481 2683 1588 2707 omnes,
1598 2674 1644 2710 qui
1658 2673 1706 2701 tibi
1722 2671 1839 2706 singulis

1042 2725 1212 2760 temporibus
1244 2723 1423 2758 praefuerunt,
1442 2725 1468 2750 in
1488 2730 1529 2749 me
1545 2728 1646 2751 semper
1661 2719 1766 2754 iniquos
1782 2725 1838 2744 sese

1042 2771 1213 2807 praestitisse.
1226 2769 1320 2806 Neque
1341 2777 1406 2797 vero
1429 2767 1613 2796 omittendum
1638 2769 1691 2800 est,
1707 2763 1836 2800 Aquilam

1484 2836 1505 2852 ³¹¹
1524 2834 1607 2862 llehr.
1619 2842 1648 2868 κ,
1661 2833 1688 2861 4.
1744 2831 1768 2848 ⁵⁸
1783 2830 1837 2868 Ga-

1228 2874 1251 2890 °°
1267 2873 1338 2901 Psal.
1357 2880 1382 2905 ι,
1416 2872 1443 2899 5.
1501 2872 1521 2886 “
1553 2866 1760 2900 Psal.’xuvtt,
1787 2866 1832 2895 l9.
