2002 3078
158 166 229 197 2399
822 167 998 198 PROCOPII
1018 168 1141 199 GAZdil
1720 165 1793 197 ΞίοΟ

157 228 184 249 ιιι
200 219 406 255 Symmachum,
423 228 478 256 quo
491 221 550 248 loco
562 221 692 256 principes
709 222 856 255 habemus,
869 224 948 251 inter-

1006 223 1054 250 rdr
1070 222 1194 257 Ἰσραὴλ
1212 221 1259 249 καὶ
1280 219 1424 255 ἐμπεσεῖν
1447 220 1491 252 εἰς
1516 219 1697 253 ὀνειδισμὸν,
1714 219 1730 254 ἢ
1753 221 1795 252 εἰς

157 273 242 302 prem
261 267 453 300 transtulisse;
475 275 595 303 esseque
608 268 653 296 hic
673 269 811 304 triplicem
840 270 946 297 ordinis

1006 267 1254 303 Βλασφημίαν,ὠς
1278 268 1303 293 οἱ
1328 266 1425 293 λοιποί.
1444 265 1500 292 Καὶ
1515 265 1576 292 καθ’
1588 265 1647 296 ἑνὸς
1662 265 1691 291 δὲ
1704 265 1795 297 nam;

156 313 420 348 rationem,patrum.
430 314 638 347 iuterpretum,et
647 315 796 350 principum
808 323 818 343 :
829 324 947 351 quorum

1006 315 1034 342 iv
1050 314 1252 350 σημαινομένου
1266 313 1300 339 τὰ
1314 312 1387 348 τρία,
1396 312 1459 343 τοὺς
1469 310 1724 365 ὀφείλονταίλέγων
1734 311 1796 365 τοὺς

157 359 204 386 alii
217 359 326 393 quidem
340 359 506 394 imperandi,
520 360 566 387 alii
584 365 673 388 autent
693 361 850 396 Scripturas
863 363 949 390 inter-

1006 361 1056 388 ὑπὸ
1071 361 1151 395 χεῖρα
1163 359 1359 393 παιδαγωγεῖν,
1375 358 1400 384 οἱ
1412 357 1460 384 καὶ
1474 356 1701 392 πλημμελοῦντες
1713 356 1797 390 ἀσύγ-

157 403 603 439 pretanditnunerefungerentur;
616 406 832 435 aliictiamaetate
845 411 950 435 tantum
1004 415 1132 441 γνωστοι.
1430 451 1435 455 _
1488 451 1494 455 _
1589 453 1593 455 _

157 453 268 477 caeteros
282 450 416 478 anteirent
429 459 436 484 ;
458 459 576 486 quorum
588 448 689 480 scelere
696 454 806 487 periisse
820 454 916 486 Israel,
932 454 958 481 iu
968 454 1188 488 opprobriumque
1198 451 1338 488 595,1»!
1351 450 1553 484 blasphemiam,
1567 453 1596 476 ut
1615 450 1676 477 aliis
1690 449 1791 485 placet.

158 496 286 525 incidisse
300 496 376 524 dicit.
394 497 453 525 Una
468 498 567 526 deinde
586 500 638 526 tria
664 501 720 528 haec
734 502 856 536 accipias
866 501 1082 537 signiﬁcatione,
1094 502 1117 529 si
1132 509 1204 536 quos
1215 500 1326 528 erudire
1343 499 1483 530 subditos,
1511 503 1538 525 et
1555 498 1700 526 instituere
1713 497 1794 526 dece-

159 547 210 574 ret,
221 542 286 577 quia
305 542 356 576 ipsi
372 543 558 577 deliquerunt,
572 545 652 572 venia
663 546 790 581 indignos
800 548 955 576 existimes.

192 588 226 615 At
243 587 315 623 quod
331 589 416 623 inique
431 591 458 616 in
483 598 522 617 me
549 596 657 625 egerunt
684 592 771 624 addit,
798 593 945 621 maximam

1033 591 1081 623 Τὸ,
1097 590 1149 623 Είς
1178 588 1231 623 ἐμὲ
1244 588 1278 615 δὲ
1306 588 1482 622 ἡνόμησαν,
1510 586 1643 620 πλείστην
1660 585 1718 640 εχει
1746 585 1794 620 τὴν

159 634 241 661 habet
251 634 510 670 emphasim:quasi
529 638 624 664 nonin
647 638 800 671 hominem,
826 643 874 666 aut
897 647 946 666 na-

1006 638 1126 673 ίμφασιν.
1141 636 1178 662 Οὺ
1192 635 1247 670 γὰρ
1261 635 1302 666 εἰς
1319 633 1462 669 ἄνθρωπον
1492 632 1599 686 ῆτφύσιν
1618 632 1681 686 τινα
1691 639 1791 686 γεννη-

159 682 248 705 turam
263 680 408 714 quamdam
424 681 541 716 genitam
570 690 698 717 peccasse
722 683 866 718 signiﬁcet.
894 685 946 717 Qui

1006 684 1057 718 τήν.
1081 683 1110 708 '0
1122 681 1176 717 γὰρ
1189 679 1399 715 είδωλολατρῶν,
1412 679 1476 712 τόγε
1501 676 1575 729 ἧκον
1587 679 1626 710 είς
1639 677 1794 729 α·ῢτδν,’τὶ,ν

160 726 234 752 enim
252 726 323 753 idola
340 727 417 759 colit,
433 733 558 755 naturam
573 729 705 761 divinam,
721 735 852 765 quantum
874 730 901 757 in
918 739 948 759 se

1006 728 1077 755 θείαν
1091 727 1222 754 ἀπώσατο
1238 726 1330 760 φύσιν,
1344 725 1506 758 ἀποστερῶν
1532 725 1582 758 τῆς
1601 725 1795 758 προσηκούσης

1006 774 1012 778 .
1108 774 1120 778 -
1232 772 1238 778 ι
1256 771 1298 778 -.υ
1358 771 1364 778 1
1393 770 1399 778 ι
1417 766 1431 778 τ
1464 769 1472 778 ι
1515 769 1532 778 vi
1593 769 1617 778 ης
1646 770 1660 778 ,I
1700 768 1705 776 ι

160 774 211 803 est,
229 770 327 806 rejicit,
348 771 411 798 dum
427 772 550 800 eamdem
570 774 659 809 privat
676 782 724 802 sua
740 776 907 803 sublimitate
921 780 949 804 et

1006 774 1139 809 ὅπεροχῆς
1150 781 1179 799 τε
1195 772 1243 798 καὶ
1254 771 1343 805 δόξης,
1357 770 1399 806 ἐφ’
1414 769 1435 804 ᾧ
1447 769 1492 796 τδν
1515 769 1795 823 Ἰσραὴλ-αξτιώμενος

160 817 266 852 gloria:
292 826 347 854 quo
374 820 484 847 nomine
508 828 570 847 cum
601 821 727 849 lsraelem
746 826 888 850 accusaret
904 823 946 850 di-

1006 819 1093 855 ἑλεγεν
1104 828 1110 835 ·
1131 829 1139 845 ι
1161 819 1192 845 Οί
1207 819 1290 854 ἱερεῖς
1305 817 1355 844 οὐκ
1370 815 1462 849 εἶπαν,
1478 816 1535 842 Ποῦ
1549 816 1607 842 ἐστι
1622 816 1736 867 Κύριοςἰ
1749 816 1796 842 καὶ

161 862 256 890 eebat:
281 872 291 889 ‹
309 863 473 893 Sacerdotes
488 873 540 893 non
554 866 693 899 dixerunt,
714 866 767 894 Ubi
786 872 828 895 est
852 868 946 895 Domi-

162 909 235 936 nus?
253 913 280 936 et
291 909 338 944 qui
360 910 411 945 legi
421 911 602 939 adhaerebant
613 919 668 939 non
684 920 727 940 me
742 913 907 944 didicerunt,
923 918 951 940 et

162 953 299 988 prophetae
311 954 393 989 impie
409 956 526 990 agebant
543 956 568 983 in
583 965 626 985 me
645 957 695 984 εδδ
708 957 863 985 Etrursus:
881 968 889 984 ι
903 958 951 986 Ut-

161 997 227 1032 quid
239 998 381 1032 loquimini
397 1000 429 1026 ad
445 1001 510 1028 me?
533 1009 629 1029 omnes
647 1010 697 1029 vos
721 1003 824 1038 inique,
854 1011 950 1032 omnes

163 1044 225 1071 item
248 1044 331 1079 impie
354 1045 451 1080 egistis
465 1047 491 1074 in
519 1054 572 1078 me,
592 1047 659 1074 dicit
681 1047 811 1076 Dominus
825 1050 950 1084 omnipo-

163 1094 223 1118 tens
239 1091 273 1118 ⁸⁵.
295 1101 304 1117 ι
335 1092 424 1126 Atque
459 1092 524 1119 inde
543 1098 594 1126 est,
613 1094 686 1128 quod
704 1099 798 1122 sancta
817 1097 949 1123 contami-

163 1145 240 1175 nasse
255 1137 299 1165 hic
312 1138 447 1173 adjungit.
461 1138 554 1173 Neque
570 1140 642 1167 enim
666 1139 863 1177 Hierosolymis
888 1148 950 1169 tan-

164 1186 232 1214 tum,
253 1183 301 1210 sed
317 1184 344 1210 in
359 1189 474 1219 augusto
488 1185 532 1212 Dei
545 1186 644 1220 templo
659 1187 830 1215 daemonibus
843 1191 950 1217 statuas

163 1232 326 1260 posuerunt.
358 1229 429 1256 Dicit
453 1234 544 1257 autem
569 1231 603 1258 de
623 1230 781 1259 Judzeorum
806 1232 951 1268 Synagoga

165 1271 313 1300 Dominus:
337 1282 346 1298 ι
365 1273 453 1307 Quam
474 1275 573 1303 dilecta
590 1277 617 1303 in
633 1276 716 1304 domo
732 1285 792 1304 mea
809 1278 871 1305 fecit
885 1279 952 1306 abo-

164 1317 339 1345 minationem
356 1319 388 1345 ⁶⁴¹.
410 1329 419 1344 ι
453 1319 518 1347 Erat
539 1329 602 1349 vero
619 1329 701 1350 Omne
721 1323 870 1357 ejusmodi,
897 1331 951 1358 quo

164 1360 236 1389 Deus
252 1362 399 1398 eﬂingitur.
423 1363 610 1393 Contaminari
626 1367 707 1395 etiam
720 1368 800 1395 aliter
812 1377 890 1396 sacra
909 1370 952 1397 di-

163 1411 281 1440 cuntur,
297 1416 359 1436 cum
372 1417 416 1443 ea,
432 1410 459 1437 in
473 1411 574 1445 quibus
590 1412 637 1440 Dei
653 1412 740 1441 honos
753 1413 854 1449 agitur,
872 1415 953 1443 inde-

164 1458 258 1482 center
277 1460 456 1490 peraguntur.

464 1501 541 1529 CAP.
556 1502 649 1531 XLIV.

199 1543 282 1572 Vsus.
300 1545 356 1572 1-5.
368 1545 447 1573 Nunc
464 1553 551 1574 autent
567 1548 641 1581 audi,
656 1547 740 1577 Iacob
754 1557 819 1583 puer
835 1557 952 1584 mens,“

165 1588 260 1621 Israel,
278 1598 353 1625 quem
368 1591 443 1626 elegi.
458 1591 502 1619 Sic
516 1592 579 1618 dicit
598 1593 724 1620 Dominus
741 1594 822 1627 Deus,
836 1596 954 1630 quifecit

167 1639 200 1664 te.
210 1639 234 1661 et
246 1635 368 1669 formavit
384 1641 408 1663 te
422 1637 454 1664 de
465 1643 552 1665 ventre
564 1647 570 1665 :
587 1639 679 1666 Adhuc
693 1640 800 1668 habebis
809 1642 952 1671 auxilium.

167 1678 233 1707 Noli
246 1685 369 1713 metuere,
384 1690 449 1716 puer
479 1691 551 1711 meus
576 1683 672 1718 Iacob,
686 1690 712 1712 et
734 1685 829 1714 dilecte
853 1687 952 1721 ltracl,

167 1733 241 1759 quem
254 1725 330 1761 elegi.
343 1731 394 1754 etc.

203 1771 251 1799 His
277 1772 360 1806 igitur
387 1773 413 1800 in
450 1773 577 1801 lsraelem
613 1775 800 1812 rejectumque
824 1777 954 1806 Jacobum

171 1817 322 1851 usurpatis,
343 1826 397 1846 non
413 1818 486 1847 hunc
500 1820 620 1852 electum,
634 1829 688 1848 non
697 1822 782 1857 ﬁlium
794 1831 890 1852 rursus
907 1832 955 1859 ap-

170 1861 291 1895 pellavit,
306 1863 407 1897 quibus
428 1864 526 1891 iterum
545 1866 703 1894 nominibus
724 1875 782 1898 eos.
807 1869 839 1896 de
853 1870 955 1904 quibus

170 1906 267 1941 infert,
283 1907 309 1934 id
324 1913 366 1936 est
383 1917 521 1945 nunquam
538 1912 605 1938 satis
616 1912 754 1940 laudatum
768 1916 955 1949 apostolorum

169 1953 293 1983 chorum.
315 1960 465 1991 nuncupat.
481 1957 570 1991 Atque
587 1957 650 1986 hinc
668 1963 710 1987 est
736 1961 809 1992 quod
825 1961 881 1989 ait:
900 1962 954 1989 Do-

170 1999 257 2026 minus
268 2000 348 2033 Deus.
365 2002 410 2036 ιιιιί
426 2002 476 2036 feci
494 2008 528 2029 te.
559 2003 672 2036 Deinde,
700 2009 729 2032 ut
744 2013 791 2034 eos
809 2007 842 2034 ad
870 2008 956 2035 eonﬁ-

171 2044 288 2071 dentiam
307 2051 446 2080 provocet,
463 2048 574 2082 adjicit:
598 2050 653 2084 Ego
666 2050 734 2077 dabo
756 2060 852 2086 aquam
868 2054 895 2079 in
910 2054 956 2081 siti

171 2089 203 2115 iis
231 2089 277 2124 qui
290 2091 426 2118 ambulant
442 2093 468 2119 in
480 2093 621 2128 inaquoso.
642 2095 738 2123 Postea
768 2105 822 2132 qua
849 2099 954 2127 ratione

170 2132 236 2159 illud
252 2133 376 2162 facturus
397 2136 432 2163 sit
451 2136 533 2168 addit,
553 2145 615 2164 cum
629 2139 682 2166 ait:
711 2138 814 2168 Ponant
829 2142 953 2176 spiritum

999 866 1023 892 oi
1039 865 1215 900 ἀντεχόμενοι
1227 863 1274 890 τοῦ
1286 863 1370 898 νόμου
1382 863 1433 890 οὐκ
1448 861 1598 897 ἠπίσταντό
1621 870 1666 896 με,
1695 861 1741 888 καὶ
1767 863 1791 887 οἱ

999 912 1138 947 προφῆται
1153 910 1268 945 ὴσέΰουν
1281 910 1322 941 είς
1331 908 1393 944 ἐμέ.
1408 918 1418 934 ι
1448 908 1503 935 Καὶ
1532 908 1614 935 πάλιν
1626 916 1634 925 ο
1656 917 1664 934 t
1683 907 1742 934 'lva.
1766 908 1794 933 τί

999 957 1104 984 λαλεῖτε
1116 956 1183 992 πρός
1197 964 1231 990 με
1244 963 1252 989 ;
1266 955 1365 986 πάντες
1382 954 1460 990 ὑμεῖς
1468 954 1626 988 ὴνομήσατε
1638 953 1685 980 καὶ
1693 953 1793 984 πάντες

1001 1002 1081 1037 ὑμεῖς
1095 1000 1251 1036 ἠσεϐήσατε
1270 999 1310 1030 εἰς
1331 998 1394 1034 ἐμὲ,
1408 998 1484 1032 λέγει
1515 998 1618 1033 Κύριος
1644 997 1795 1033 παντοκρά-

1000 1056 1068 1083 τωρ.
1098 1057 1107 1073 ι
1121 1047 1166 1073 Διό
1183 1055 1276 1081 φησιν,
1302 1045 1447 1080 Ἐμίιιναν
1459 1044 1494 1071 τὰ
1512 1044 1582 1079 ἅγιά
1593 1053 1665 1078 μου.
1683 1044 1740 1070 Οὐκ
1762 1045 1791 1070 ὲν

1003 1095 1073 1131 μόνῃ
1088 1094 1142 1128 γὰρ
1162 1091 1354 1128 Ἰερουσαλὴμ,
1371 1091 1418 1118 καὶ
1434 1091 1463 1118 ὲν
1482 1090 1557 1126 αὑτῷ
1572 1090 1600 1117 δὲ
1613 1090 1651 1126 τῷ
1670 1089 1794 1125 θείῳνεῴ

1000 1138 1049 1170 τὰς
1063 1138 1118 1165 τῶν
1132 1137 1278 1172 δαιμονίων
1293 1136 1430 1171 ἀνέθηκαν
1443 1135 1554 1171 στήλας.
1563 1136 1644 1169 Λέγει
1661 1136 1714 1171 γὰρ
1726 1135 1790 1169 περὶ

1000 1185 1052 1219 τῆς
1071 1183 1205 1211 Ἰουδαίων
1229 1182 1396 1216 Συναγωγῆς
1418 1182 1432 1208 ὁ
1463 1181 1530 1213 Θεός
1546 1188 1553 1195 ·
1572 1190 1581 1207 ι
1597 1181 1657 1215 Τίή
1685 1181 1794 1216 ἠγαπη-

1003 1230 1071 1264 μένη
1086 1229 1114 1256 ὲν
1129 1228 1167 1263 τῷ
1179 1229 1247 1263 οῐκῳ
1263 1236 1314 1262 μου
1325 1226 1453 1262 εποίησεν
1469 1226 1617 1261 βδέλυγμας
1635 1235 1644 1252 ι
1673 1225 1794 1252 τοιοῦτον

1001 1275 1030 1301 δὲ
1043 1274 1109 1306 πᾶν,
1127 1273 1161 1300 δι’
1172 1271 1202 1301 οὗ
1209 1272 1342 1300 ὲτυποῦτο
1354 1272 1430 1304 Θεός.
1446 1272 1600 1299 Μιαινεται
1613 1271 1641 1298 δὲ
1651 1271 1699 1298 καὶ
1708 1271 1793 1302 ἄλλως

1001 1320 1038 1347 τὰ
1065 1320 1144 1356 ἅγια,
1164 1320 1219 1347 τῶν
1236 1320 1277 1352 εἰς
1306 1318 1374 1346 Θεοῦ
1399 1319 1482 1354 τιμὴν
1502 1318 1541 1354 μὴ
1561 1318 1730 1353 γιγνομένων
1756 1317 1794 1348 ὡς

1001 1367 1053 1395 δεῖ.

1293 1497 1419 1525 ΚΕΦΑΛ.
1430 1498 1496 1525 MA’.

1039 1543 1101 1571 a-a'.
1118 1544 1182 1571 Νῦν
1193 1543 1227 1570 δὲ
1239 1544 1384 1577 ἄκουσον,
1409 1543 1515 1571 Ἰακὼϐ
1539 1544 1555 1570 ὁ
1572 1542 1642 1575 παῖς
1655 1551 1726 1577 μου,
1747 1542 1796 1569 καὶ

1011 1589 1146 1623 Ἰσραὴλ,
1164 1590 1199 1616 ὃν
1209 1589 1407 1624 ἐξελεξάμην.
1440 1589 1522 1616 οὕτω
1547 1588 1628 1623 λέγει
1654 1589 1759 1622 Κύριος
1779 1590 1795 1615 d

1005 1634 1087 1667 Θεὸς,
1106 1636 1122 1661 ὁ
1133 1635 1237 1668 κτίσας
1250 1643 1297 1667 σε,
1313 1635 1362 1662 καὶ
1379 1637 1395 1662 ὁ
1409 1636 1531 1668 πλάσας
1545 1643 1582 1662 σε
1609 1635 1643 1661 ἐκ
1660 1636 1793 1667 κοιλίας·

1006 1681 1230 1715 Ἔτιβοηθήσῃ.
1245 1681 1294 1714 Μὴ
1308 1681 1412 1716 φοϐοῦ,
1426 1681 1495 1714 παῖς
1505 1691 1564 1716 μου
1588 1680 1700 1713 Ἰακὼϐ,
1718 1681 1767 1708 καὶ
1780 1683 1796 1708 ὁ

1004 1725 1195 1760 ἡγαπημένος
1212 1726 1342 1760 Ἰσραὴλ,
1357 1726 1393 1753 ὃν
1406 1726 1603 1762 ἐξελεξάμην,
1621 1736 1648 1753 κ.
1666 1736 1691 1753 τ.
1708 1727 1733 1755 λ.

1040 1771 1132 1798 Ταῦτα
1146 1772 1214 1808 πρὸς
1236 1773 1359 1807 Ἰσραὴλ
1374 1772 1458 1800 εἰπὼν
1475 1773 1521 1800 καὶ
1550 1773 1596 1800 τὸν
1617 1773 1722 1801 Ἰακὼό
1750 1773 1795 1799 τὸν

1005 1817 1237 1854 διαὸεὸλημένον,
1259 1819 1309 1845 οὐκ
1332 1819 1478 1846 ἐκλεκτὸν
1502 1819 1607 1852 τοῦτον,
1639 1819 1669 1845 οὺ
1700 1818 1792 1845 παῖδα

1006 1864 1087 1891 πάλιν
1114 1865 1254 1896 ἐκάλεσεν,
1278 1861 1360 1893 δι’ὧν
1380 1865 1461 1892 πάλιν
1489 1865 1628 1900 ὀνομάτων
1645 1866 1709 1897 τοὺς
1732 1866 1794 1900 περὶ

1006 1906 1043 1935 ὧν
1055 1910 1194 1944 ἐπιφέρει,
1215 1910 1293 1937 καλεί
1307 1911 1353 1938 τὸν
1389 1911 1529 1938 ἐπαινετὸν
1559 1911 1613 1938 τῶν
1637 1911 1793 1938 ἀποστόλων

1006 1955 1200 1991 ὑποσημαίνων
1213 1956 1302 1991 χορόν.
1321 1956 1367 1983 Διό
1390 1965 1467 1991 φησι,
1502 1957 1610 1992 Κύριος
1636 1959 1653 1985 ὁ
1679 1957 1750 1990 Θεὸς
1776 1958 1792 1984 ὀ

1007 2003 1140 2035 ποιήσας
1161 2010 1208 2029 σε.
1241 2003 1296 2030 Καὶ
1330 2003 1544 2040 παραθαρρύνας
1580 2005 1678 2036 αὐτοὺς
1712 2004 1793 2031 πάλιν

1006 2048 1166 2083 ἐπήνεγκεν,
1183 2050 1223 2075 ὅτι
1244 2048 1317 2083 Ἐγὼ
1331 2048 1416 2076 δώσω
1430 2050 1508 2083 ὕδωρ
1519 2050 1554 2076 ἐν
1564 2049 1645 2084 δίψει
1659 2049 1720 2082 τοῖς
1740 2057 1793 2077 πο-

1002 2094 1178 2128 ρευομένοις
1191 2094 1226 2121 ἐν
1248 2094 1377 2129 ἀνύδρῳ.
1391 2095 1446 2121 Καὶ
1460 2095 1517 2126 πῶς
1527 2095 1676 2131 διεσάφησε
1694 2095 1790 2130 λέγων·

1014 2139 1164 2173 Ἐπιθήσω
1180 2140 1213 2166 τὸ
1224 2140 1342 2174 πνεῦμὰ
1351 2149 1411 2174 μου
1425 2140 1474 2167 ἐπὶ
1487 2140 1518 2167 τὸ
1528 2140 1646 2175 σπέρμα
1664 2149 1733 2173 σου,
1747 2142 1795 2168 καὶ

170 2186 255 2205 meum
273 2188 351 2214 super
362 2190 449 2209 semen
460 2187 532 2210 tuum
547 2188 571 2211 et
585 2183 776 2214 benedictione:
791 2195 861 2215 meas
877 2197 952 2224 super

1006 2186 1060 2219 τὰς
1071 2186 1210 2221 εὐλογίας
1224 2195 1281 2222 μου
1294 2186 1343 2213 ἐπὶ
1366 2186 1403 2214 τὰ
1416 2187 1506 2214 τέκνα
1531 2195 1599 2219 σου,
1633 2188 1663 2214 τὸ
1687 2187 1795 2221 λογικόν

172 2224 244 2258 ﬁlios
259 2230 333 2258 tuos;
352 2232 380 2254 ut
391 2228 549 2257 rationalem
574 2235 600 2257 et
614 2230 771 2265 fecundam,
787 2233 955 2268 vitalemque

170 2278 268 2304 aquam
286 2279 356 2304 eam,
378 2281 462 2308 quzea
478 2274 570 2302 divino
586 2275 690 2311 Spiritu
703 2283 794 2305 manat
808 2279 954 2313 iudicaret,

172 2324 219 2350 per
230 2324 311 2351 quam
327 2319 448 2352 eosdem,
462 2321 506 2355 qui
521 2323 671 2356 regenerati
686 2328 761 2356 sunt,
777 2333 864 2352 semen
891 2334 956 2361 apo-

171 2362 315 2395 stolorum,
335 2368 361 2391 ct
382 2366 452 2399 ﬁlios
476 2375 536 2394 cum
563 2367 649 2396 Paulo
676 2370 810 2401 nominat,
831 2371 876 2398 ubi
894 2373 953 2400 ait:

174 2407 218 2432 «in
233 2406 342 2435 Christo
358 2409 429 2435 enim
441 2417 488 2444 per
501 2410 675 2446 Evangelium
688 2421 737 2441 vos
750 2421 799 2449 ego
807 2415 886 2450 genui
900 2416 950 2442 ".t

172 2449 308 2486 Itemque:
332 2461 341 2478 ‹
355 2453 447 2484 Filios.
464 2462 532 2489 quos
550 2456 646 2483 iterum
659 2457 742 2493 496
758 2462 878 2493 parturio
892 2461 925 2487 οη.
941 2471 951 2488 ι

173 2493 256 2539 V_o_cat
265 2501 353 2524 autem
362 2498 562 2533 benedictionem,
574 2503 751 2538 multiplicem
765 2504 883 2539 Spiritus
899 2507 955 2534 lar-

172 2536 299 2569 gitionem
314 2542 340 2565 et
357 2541 489 2574 gratiam:
505 2543 571 2569 «Alii
583 2536 748 2573 enim-datus
759 2536 900 2574 es-tsernm
911 2555 957 2575 sa-

172 2581 280 2616 pientiae
293 2584 325 2616 ⁸³,
342 2594 351 2611 ι
373 2589 400 2612 et
409 2593 469 2621 qua:
486 2593 648 2622 sequuntur.
665 2590 788 2626 itemque
809 2601 815 2618 :
836 2601 846 2617 ί
866 2592 956 2621 Unus-

172 2628 288 2662 quiSque
322 2634 443 2658 vestrum
480 2633 619 2668 proprium
662 2634 746 2662 habet
789 2635 892 2664 donum
937 2646 954 2665 a

1007 2241 1037 2259 τε
1047 2232 1095 2259 καὶ
1111 2232 1223 2267 γόνιμον
1237 2232 1351 2264 ζωτιχόν
1362 2241 1391 2258 τε
1406 2232 1495 2264 δηλῶν
1513 2232 1602 2267 ὕδωρ,
1628 2233 1658 2260 τδ
1682 2233 1725 2260 διὰ
1747 2233 1794 2260 τοῦ

1007 2277 1078 2304 θείου
1093 2278 1293 2313 χορηγούμενον
1309 2278 1492 2312 Πνεύματος.
1510 2279 1548 2305 Δι’
1564 2276 1594 2305 οὗ
1609 2279 1670 2311 τοὺς
1682 2280 1796 2313 ἀναγενυ

1006 2322 1136 2357 νηθέντας
1150 2323 1269 2358 σπέρμα
1289 2323 1344 2349 τῶν
1363 2323 1520 2350 ἀποστόλων
1543 2324 1590 2351 καὶ
1603 2324 1695 2352 τέκνα
1708 2325 1795 2357 καλεῖ,

1006 2368 1113 2395 Παύλου
1128 2368 1263 2402 λέγοντος·
1281 2378 1290 2394 ‹
1310 2369 1354 2395 Ἐν
1370 2369 1425 2405 γὰρ
1444 2369 1556 2405 Χριστῷ
1580 2370 1667 2406 Ἰησοῦ
1689 2371 1734 2398 διὰ
1747 2371 1795 2398 τοῦ

1005 2414 1172 2448 Εὐαγγελίου
1183 2415 1238 2448 ἐγὼ
1253 2416 1324 2450 ὑμᾶς
1339 2415 1481 2451 ἐγέννησα.
1499 2426 1508 2442 ›
1521 2417 1577 2443 Καὶ
1593 2417 1797 2445 πάλιν-(Τέκνα

1006 2458 1053 2490 οὓς
1068 2460 1148 2486 πάλιν
1166 2460 1263 2487 ὠδίνω.
1283 2469 1292 2486 ι
1306 2461 1456 2496 Εὑλογίας
1471 2461 1499 2488 δὲ
1516 2461 1595 2489 καλεῖ
1612 2463 1642 2489 τὸ
1658 2462 1797 2494 πολυειδὲς

1005 2504 1059 2531 τῶν
1069 2504 1116 2531 τοῦ
1129 2504 1287 2540 Πνεύματος
1307 2506 1426 2541 δωρεῶν
1448 2516 1457 2532 ι
1481 2502 1516 2542 ’ᾯ
1546 2507 1596 2541 μὲν
1619 2507 1674 2542 γὰρ
1697 2507 1796 2534 δίδοται

1005 2548 1085 2583 λόγος
1103 2550 1208 2584 σοφίας·
1229 2560 1238 2576 ι
1255 2551 1303 2578 καὶ
1316 2551 1351 2578 τὰ
1360 2551 1432 2587 ἑξῆς,
1444 2552 1499 2579 Καὶ
1515 2552 1598 2580 πάλιν
1613 2560 1620 2567 ·
1638 2562 1647 2579 t
1663 2553 1797 2586 Ἕκαστος

1008 2595 1086 2631 ὑμῶν
1107 2597 1173 2624 [διον
1201 2597 1258 2633 ἔχει
1269 2597 1393 2633 χάρισμα
1425 2599 1457 2625 ἐκ
1481 2599 1558 2626 Θεοῦ.
1576 2609 1586 2625 ι
1618 2600 1736 2633 Τίνεςδὲ
1767 2603 1797 2628 al

1006 2642 1151 2677 εὐλογίαι,
1165 2643 1249 2677 δηλοῖ,
1277 2644 1318 2670 ὃτι
1352 2644 1558 2671 ἀνατελοῡσιν
1584 2645 1658 2673 ὡσεὶ
1687 2647 1796 2681 χόρτος

175 2672 228 2699 Deo
243 2674 276 2701 ⁷⁸.
298 2682 306 2700 ι
327 2675 401 2708 Quas
415 2685 496 2712 porro
514 2679 704 2708 benedictiones
731 2681 876 2717 intelligat,
907 2692 952 2712 os-

1008 2688 1067 2716 ὰνὰ
1081 2672 1178 2724 λιέσον
1192 2672 1314 2724 uitiatae,
1331 2691 1380 2718 καὶ
1395 2691 1433 2724 ὡς
1464 2691 1526 2719 ίτέα
1548 2692 1599 2719 ἐπὶ
1629 2672 1798 2728 παρὲρῖῥέοὶα

173 2719 260 2746 ιι-ηιίῑι
287 2728 348 2748 cum
371 2724 523 2750 exorientur
553 2730 676 2760 tanquam
704 2727 794 2761 fenum
819 2728 846 2755 in
869 2730 952 2758 media

1009 2719 1097 2770 ϋδωρ.
1113 2736 1150 2762 Τὸ
1162 2736 1276 2768 ζωτικὸν
1289 2719 1373 2764 αυτοῦ
1393 2719 1535 2773 παριστῶν
1553 2738 1635 2766 ἰτέαν
1649 2719 1740 2772 sine;
1752 2739 1797 2766 διὰ

209 2819 230 2834 Μ
247 2820 344 2849 iurem.
377 2831 406 2855 ιι,
432 2825 457 2851 S.

513 2827 535 2842 "
548 2828 614 2858 ibid.
633 2832 675 2858 ευ.

172 2860 222 2884 th.
239 2857 266 2883 ὅ.

304 2831 344 2849 ‘m-
377 2831 406 2855 ιν.
432 2831 457 2851 δι
513 2831 614 2858 "ibid.
633 2832 675 2858 ευ.
729 2833 750 2847 θ’]
772 2831 872 2860 ,ἰοί-ειη.
896 2841 932 2866 xr,

304 2857 347 2885 7°!
364 2858 426 2886 (Zur.
443 2868 489 2887 vn.
503 2861 529 2887 7.

1053 2836 1074 2851 ⁶⁷
1099 2835 1107 2862 Ι
1131 2836 1192 2864 Cor.
1219 2845 1255 2869 iv.
1273 2837 1313 2865 15.
1373 2837 1394 2851 ‘9
1411 2835 1499 2864 Galat.
1513 2844 1549 2867 Iv,
1565 2836 1607 2864 19.
1664 2837 1686 2852 ⁵³
1705 2836 1712 2863 ί
1728 2838 1792 2867 Cor,
