2002 3078
194 159 262 192 2401

785 151 1035 184 COMMENTAR]
1043 151 1054 180 Ι
1075 149 1114 180 IN
1132 149 1275 180 ISAIAM.

1763 147 1833 179 2402

194 219 225 245 τὸ
246 217 342 252 νεαρόν
364 223 393 241 τε
409 214 456 240 καὶ
469 212 594 244 ἀειθαλὲς
611 211 660 239 τοῦ
689 211 785 247 φυτοῦ.
798 213 904 246 Πηγαῖς
931 210 985 244 γὰρ

1043 216 1171 242 aquarum
1186 228 1194 240 ,
1211 212 1235 234 et
1251 207 1319 233 sicut
1337 206 1409 233 salix
1427 205 1508 240 juxta
1525 205 1730 240 praeter/lucu!“
1751 215 1833 241 aquas

195 264 238 289 ἀεὶ
250 262 298 289 καὶ
309 261 443 295 ποταμοῖς
458 259 667 294 παραπέφυκεν.

1041 254 1156 286 intulit;
1181 259 1211 280 ιιι
1236 260 1284 288 per
1311 252 1433 283 salirent,
1453 252 1561 278 vitalem
1592 251 1760 285 facultatem,
1780 261 1833 286 qua

195 316 281 345 genus
301 307 353 334 hoc
372 306 470 340 planta:
486 308 630 332 recreatur
644 311 753 339 semper
769 307 796 332 et
812 303 894 336 viret,
919 302 1064 329 indicaret.
1083 300 1216 328 Fontibus
1250 299 1324 327 cnim
1358 303 1491 333 perpetuo
1525 302 1553 326 et
1583 298 1727 326 ﬂuviorum
1767 296 1834 333 ripis

197 353 370 381 adnascitur.

230 399 309 430 Τινὲς
335 398 363 424 δὲ
376 397 444 432 πρὸς
470 397 533 428 τοὺς
544 397 643 428 αὐτοὺς
661 396 710 423 καὶ
722 397 757 422 τά
780 396 840 423 νῦν
857 395 984 432 εἰρῆσθαί

195 452 272 478 φασι.
306 442 361 478 Τὴν
395 442 450 477 γὰρ
464 442 553 469 αἰτίαν
578 442 628 476 τῆς
643 441 783 473 ἀπωλείας
794 441 889 474 εἰπὼν,
904 441 986 469 πάλιν

194 490 286 520 αὐτοῖς
310 488 340 515 τὸ
367 489 545 524 μνησικακεῖν
585 487 794 522 ἐπαγγέλλεται.
814 487 929 523 Ἕτερον
939 487 989 513 αὺ-

195 536 250 566 τοῖς
276 534 337 563 άντὶ
359 534 405 560 τοῦ
437 533 619 568 προλαϐόντος
635 533 733 569 ὁρίζων
762 534 857 570 καιρὸν
877 533 909 560 τὸ
929 534 989 560 νῦν

195 580 292 614 λέγων,
304 579 342 611 ὡς
359 579 406 605 καὶ
420 579 450 605 τό
465 587 472 594 ·
493 588 502 605 ι
523 579 649 614 Σήμερον
664 579 712 606 ἐὰν
722 579 772 614 τῆς
797 579 890 615 φωνῆς
904 579 986 606 αὐτοῦ

195 625 342 659 ἀκούσητε.
366 634 374 650 ι
391 624 544 659 Προτρέπει
560 623 615 660 γὰρ
628 624 709 651 αὑτὸν
738 624 914 651 ἐπιλαθέσθαι
938 625 988 660 μὲν

195 671 249 697 τῶν
263 670 358 697 πάλαι.
373 670 434 696 Ὀτι
451 669 480 696 δὲ
512 668 607 696 αὑτοῦ
635 669 707 703 παῖς
727 670 877 705 ὠνομάσθη
887 674 913 701 ιι,
928 678 991 697 σκο-

195 718 256 744 πεῖν
274 716 321 744 καὶ
335 716 373 748 ὡς
390 717 421 742 ἐκ
432 715 541 742 πάντων
553 715 722 747 ἐξείλεκται
743 715 798 743 τῶν
812 716 907 748 ἐθνῶν,
919 716 990 743 κατὰ

194 763 225 790 τό
240 770 246 777 ·
261 771 270 788 ι
288 762 352 788 Ὅτε
370 760 549 796 διεμέριζενό
562 760 695 795 ’Υψιστος
714 760 789 796 ἔθνη,
804 770 813 786 ι
829 761 877 787 καὶ
891 760 926 788 τά
945 761 989 796 ἐφ’

195 809 269 844 ἑξῆς.
296 808 328 835 Et
341 807 369 834 δὲ
381 807 468 834 νοοῖτο
487 807 551 843 περὶ
561 806 616 833 τῶν
639 807 668 840 ἐξ
684 806 780 839 ἐθνῶν,
804 807 924 843 τοσαύτη
946 816 990 840 τις

196 855 272 881 ἔσται
287 853 360 886 τότε,
370 853 447 888 φησὶ,
460 852 586 888 προκοπὴ
599 852 647 879 καὶ
661 852 814 884 θεοσεϐείας
822 853 991 888 κατόρθωσις

1069 390 1128 418 Non
1153 391 1263 422 desunt,
1284 390 1330 425 qui
1351 392 1379 416 et
1401 389 1453 416 ista
1481 388 1563 416 etiam
1590 389 1623 415 ad
1643 388 1751 415 eosdem
1779 387 1833 418 dici

1036 438 1204 465 existiment.
1231 435 1379 471 Postquam
1394 435 1467 462 enim
1494 435 1623 462 interitus
1637 443 1748 462 causam
1762 440 1834 462 attu-

1037 484 1127 516 lisset,
1141 483 1244 510 eisdem
1263 490 1361 510 rursus
1380 481 1545 517 injuriarum
1563 482 1676 509 minime
1699 489 1729 509 se
1746 489 1836 509 recor-

1040 530 1171 557 daturum
1187 529 1344 564 pollicetur.
1357 533 1383 555 et
1399 529 1424 555 in
1442 529 1573 564 praeteriti
1598 529 1699 561 locum,
1727 532 1834 563 tempus

1037 575 1110 603 aliud
1129 575 1232 607 delinit,
1263 582 1326 601 eum
1354 582 1422 601 nunc
1452 576 1584 607 assumit;
1612 574 1766 609 cuiusmodi
1792 578 1834 601 est

1037 622 1122 649 illud:
1146 631 1156 648 ι
1172 621 1259 649 Hodie
1276 622 1299 648 si
1320 629 1413 648 vocem
1427 621 1487 656 ejus
1500 617 1644 648 audieritis
1659 620 1691 647 ".
1715 629 1725 645 ι
1743 621 1834 656 Ipsum

1038 669 1125 701 enim,
1150 673 1180 695 ut
1201 675 1297 695 eorum
1335 675 1397 702 quae
1431 667 1620 702 praeterierunt
1643 666 1833 699 obliviscatur,

1040 714 1215 742 adhortatur.
1252 713 1302 740 Est
1314 721 1380 740 vero
1395 713 1514 748 qualiter
1535 713 1592 747 ejus
1604 721 1669 747 puer
1688 712 1833 747 nominari,

1040 768 1073 788 ex
1092 760 1277 794 omnibusque
1297 759 1426 794 gentibus
1451 759 1513 794 eligi
1539 759 1669 792 dicatur,
1692 759 1836 787 adverten-

1045 806 1122 834 dum.
1138 805 1204 833 Tale
1218 810 1244 833 et
1261 806 1329 833 illud
1349 811 1390 833 est
1404 815 1410 833 :
1436 814 1445 831 t
1461 805 1577 839 Quando
1594 806 1734 833 dividebat
1748 806 1834 833 Altis-

1041 853 1129 881 simus
1143 852 1286 886 gentes",
1304 862 1313 879 ι
1336 856 1364 880 et
1379 860 1440 887 qua:
1466 857 1630 887 sequuntur.
1653 852 1731 885 Quod
1756 853 1780 880 si
1800 852 1834 879 de

196 900 250 926 τῶν
269 899 417 926 οἰκούντων
432 898 517 926 πάλαι
533 898 583 933 τὴν
598 898 714 933 ἔρημόν
732 907 761 925 τε
782 898 830 926 καὶ
844 898 989 933 ἄνυδρον,

1045 899 1175 933 gentibus
1200 898 1373 934 intelligitur,
1394 903 1451 925 tum
1478 906 1596 934 magnus
1618 899 1686 926 adeo
1709 899 1771 930 erit,
1792 898 1834 925 in-

196 945 234 978 ὡς
267 944 433 980 ἁμιλλᾶσθαι
457 944 524 980 πρὸς
557 944 688 978 ἀλλήλους
704 944 742 976 ὡς
769 945 799 971 ἐν
819 944 912 980 δρόμῳ
943 945 990 972 τοῦ

196 991 263 1018 Θεοῦ
279 993 329 1027 τὴν
358 991 438 1026 χάριν
469 990 605 1026 ἁρπάζειν
636 991 851 1026 ἐπειγομένους,
875 991 923 1017 καὶ
945 991 992 1018 τὸν

198 1038 247 1072 μὲν
261 1038 316 1064 Τοῦ
338 1037 422 1069 Θεοῦ,
435 1036 536 1071 λέγειν,
553 1036 622 1071 ειμὶ,
655 1035 700 1063 τὸν
732 1036 761 1063 δὲ
786 1036 918 1070 τοῦνομα
938 1036 992 1063 τοῦ

204 1082 309 1110 Ἰακὼϐ
340 1082 552 1117 ἐπιγράφεσθαι,
577 1081 667 1108 καίτοι
707 1081 746 1117 μὴ
784 1081 849 1108 ὄντα
883 1081 916 1108 ὲκ
943 1081 992 1108 τοῦ

205 1127 318 1161 Ἰακὼϐ,
348 1128 380 1154 ὲκ
402 1127 432 1154 δὲ
454 1127 503 1162 τῆς
517 1127 632 1162 ἐρήμου
644 1127 693 1162 τῆς
706 1127 850 1162 πρότερον.
872 1126 945 1154 ’Δντὶ
964 1127 992 1153 δὲ

196 1173 244 1200 τοῦ
270 1173 430 1207 βοήσεται,
452 1173 638 1206 κληθήσεται
674 1173 823 1209 Σύμμαχος
850 1173 951 1208 ἔφησεν
966 1177 990 1192 ν’

197 1219 287 1252 τοῦτο,
309 1219 404 1254 φασὶν,
418 1220 448 1245 ὲν
463 1219 518 1250 τοῖς
533 1219 587 1246 τῶν
599 1219 728 1254 διωγμῶν
745 1220 852 1255 καιροῖς
879 1218 993 1246 ἐθεασά-

200 1265 280 1300 μεθα,
297 1265 414 1296 πολλοὺς
424 1264 478 1291 τῶν
508 1264 623 1291 ἐθνικῶν
646 1265 695 1296 τὰς
710 1264 765 1291 τῶν
788 1265 875 1298 ἁγίων
887 1264 993 1301 ἀνδρῶν

199 1311 387 1346 προσηγορίας
415 1311 523 1342 ἑαυτοῖς
555 1310 777 1345 ὑφαρπάζοντας.
809 1310 918 1337 Ἐκάλει
937 1310 992 1346 γάρ

199 1356 294 1382 ἑαυτὸν
320 1356 336 1382 ὸ
363 1355 413 1391 μὲν
440 1354 551 1387 Ἰακὼϐ,
585 1355 600 1381 ὁ
635 1355 663 1382 δὲ
690 1353 824 1389 Ἰσραὴλ,
851 1355 939 1391 ἕτεροι
964 1355 993 1381 δὲ

206 1400 343 1436 Ἰερεμίαν
374 1409 403 1427 τε
439 1400 488 1427 καὶ
505 1399 631 1432 Ἡσαΐαν,
659 1399 708 1426 καὶ
721 1399 831 1434 Δανιήλ.
860 1398 929 1426 Μεθ’
955 1395 993 1425 ὧν

198 1447 339 1482 ὀνομάτων
352 1447 399 1473 ἐπὶ
416 1446 452 1473 τὰ
468 1445 608 1482 μαρτύρια
629 1445 778 1481 προθύμως
803 1445 916 1476 ἑαυτοὺς
941 1445 992 1471 ἐπ-

199 1493 333 1519 εδίδοσαν.
347 1491 385 1519 Τὸ
408 1491 437 1519 δὲ
454 1491 492 1525 τῇ
503 1492 591 1526 χειρὶ,
610 1491 655 1518 διὰ
668 1490 699 1517 τὸ
714 1490 814 1522 στίζειν
838 1490 903 1523 ἴσως
929 1490 994 1518 πολ-

199 1538 261 1570 λοὺς
275 1538 322 1564 ἐπὶ
338 1537 494 1574 καρπῶν,ἢ
521 1536 702 1573 βραχιόνωνῆ
739 1535 786 1564 τοῦ
813 1536 932 1571 σταυροῦ
963 1536 993 1563 τὸ

1043 944 1114 979 quit,
1145 952 1319 980 progressus,
1342 949 1489 979 tantusque
1511 944 1538 972 in
1574 945 1674 980 pietate
1694 945 1835 980 profectus

1042 998 1149 1024 eorum,
1164 990 1211 1025 qui
1227 990 1346 1017 desertas
1359 990 1423 1017 olim
1448 995 1476 1017 et
1499 991 1643 1025 inaquosas
1671 991 1834 1018 solitudines

1043 1035 1220 1068 habitabant,
1238 1040 1268 1062 ut
1281 1035 1353 1063 inter
1371 1043 1413 1069 se,
1429 1039 1560 1070 tanquam
1573 1043 1668 1068 cursu,
1692 1035 1726 1063 de
1745 1036 1836 1071 adipi-

1045 1082 1146 1109 scenda
1165 1081 1211 1109 Dei
1225 1082 1313 1117 gratia
1327 1089 1426 1117 magna
1444 1082 1622 1109 contentione
1632 1082 1786 1117 decertent;
1808 1087 1836 1110 et

1044 1126 1087 1153 hic
1102 1126 1225 1162 quidem,
1244 1127 1293 1153 Dei
1310 1134 1380 1159 sum,
1395 1127 1484 1154 dicat:
1500 1126 1548 1154 ille
1567 1131 1657 1154 autem
1675 1126 1726 1154 sibi
1742 1127 1836 1154 Jacobi

1043 1181 1138 1200 nomen
1163 1173 1310 1205 ascribat,
1336 1171 1514 1207 quantumvis
1532 1180 1565 1199 ex
1588 1171 1690 1199 Iacobo
1707 1180 1760 1199 non
1784 1173 1834 1206 sit,

1043 1218 1091 1246 sed
1107 1226 1140 1246 ex
1153 1219 1256 1246 deserto
1269 1223 1334 1245 ante
1350 1218 1496 1253 prodierit.
1514 1217 1616 1246 Verum
1635 1225 1684 1253 pro
1698 1219 1835 1252 clamabit,

1043 1265 1180 1291 vocabitur
1197 1264 1279 1291 habet
1294 1263 1487 1299 Symmachus.
1501 1264 1590 1299 Atque
1603 1264 1731 1299 idipsum,
1747 1264 1835 1296 aiunt,

1043 1309 1173 1337 saeviente
1188 1309 1391 1344 persecutionis
1401 1313 1535 1345 tempore,
1547 1310 1672 1345 contigit,
1683 1317 1738 1344 quo
1746 1309 1837 1337 etimi-

1043 1361 1091 1381 cos
1108 1354 1209 1381 multos
1225 1358 1383 1382 sanctorum
1404 1354 1545 1382 hominum
1571 1355 1768 1390 appellationes
1783 1355 1835 1383 sibi

1043 1401 1167 1436 arripere
1191 1399 1321 1427 vidimus.
1345 1399 1381 1427 Se
1406 1400 1480 1427 enim
1506 1399 1636 1427 Jacobum
1657 1401 1741 1433 alius,
1766 1401 1838 1428 alius

1044 1446 1108 1473 item
1123 1445 1253 1473 lsraelem
1264 1467 1272 1477 ,
1287 1446 1333 1473 alii
1351 1446 1433 1473 etiam
1449 1445 1595 1474 Jeremiam
1606 1468 1613 1480 ,
1631 1451 1658 1474 et
1678 1447 1791 1479 Isaiam.
1809 1452 1837 1474 ct

1044 1490 1182 1518 Danieletn
1199 1491 1414 1526 nuncupabant:
1434 1492 1536 1527 quibus
1561 1493 1712 1527 assumptis
1743 1492 1838 1528 appel-

1043 1536 1192 1564 lationibus
1209 1536 1293 1563 alacri
1308 1542 1334 1564 et
1355 1535 1418 1564 forti
1446 1537 1540 1564 animo
1558 1537 1591 1564 ad
1608 1538 1739 1574 martyria
1756 1546 1836 1566 aece-

200 1584 324 1619 σημεῖον,
338 1583 354 1619 ἢ
370 1583 419 1618 τὴν
443 1583 562 1619 Χριστοῦ
589 1582 790 1619 προσηγορίαν.
818 1583 923 1618 Ἥγουν
944 1583 989 1609 ἐπὶ

1046 1582 1159 1610 dobant.
1191 1581 1269 1615 Quod
1304 1586 1396 1609 autem
1431 1591 1513 1609 manu
1542 1583 1626 1617 dixit,
1646 1583 1708 1611 ideo
1743 1585 1836 1613 forsan

200 1627 240 1661 τῷ
253 1629 387 1663 ὀνόματι,
405 1628 498 1663 φησὶν,
526 1627 619 1661 ἐπειδὴ
646 1627 739 1661 ὄνομα
763 1627 820 1658 τοῖς
847 1627 876 1659 ἐξ
895 1627 992 1654 Ἰακὼϐ

200 1672 344 1708 σχοίνισμα
376 1669 423 1699 καί
434 1673 534 1708 κλῆρος
548 1672 627 1699 Θεοῦ.
653 1671 712 1699 Οὐκ
735 1672 769 1708 ἑᾷ
784 1672 823 1705 δὲ,
839 1672 992 1706 (paciﬁcis;

200 1717 389 1753 ἀσεϐήσαντας
417 1719 517 1754 χωρεῖν
530 1718 570 1750 εἰς
583 1717 751 1751 ἀπόγνωσιν,
778 1717 816 1749 ὡς
836 1717 873 1753 μὴ
902 1717 991 1745 δοκεῖν

199 1762 342 1800 supputa»;
365 1763 525 1790 ἀπολεῖσθαι
548 1763 593 1789 τὸν
626 1762 744 1798 Ἰσραὴλ,
769 1763 991 1797 ἀποστραφέντος

200 1809 241 1840 είς
267 1809 340 1836 άπαν
362 1809 461 1840 αὐτοὺς
488 1808 534 1835 τοῦ
563 1808 640 1834 Θεοῦ.
669 1807 811 1834 Καταλέαν
827 1808 879 1835 ειι
895 1809 924 1836 δὲ
935 1811 992 1842 τοῖς

201 1855 242 1887 είς
252 1854 332 1881 αὑτὸν
340 1854 498 1882 πιστεύουσι
519 1853 570 1889 τὴν
581 1853 632 1889 τῆς
645 1855 783 1890 σωτηρίας
800 1854 870 1883 ὁδόν.

1044 1627 1156 1662 adjecit,
1174 1627 1247 1662 quod
1277 1627 1379 1655 Christi
1407 1636 1508 1656 nomen
1541 1629 1680 1664 permulti,
1703 1630 1743 1657 vel
1771 1637 1836 1657 cru-

1044 1672 1084 1700 cis
1111 1672 1219 1707 signum
1251 1672 1277 1699 in
1306 1672 1416 1707 palmis,
1441 1678 1488 1701 aut
1522 1674 1644 1702 brachiis
1676 1676 1750 1703 inuri
1783 1675 1835 1703 sibi

1044 1720 1183 1745 curarent.
1215 1716 1265 1744 Vel
1290 1721 1366 1744 certe
1387 1718 1413 1745 in
1441 1720 1547 1746 nomine
1563 1719 1625 1747 ideo
1652 1720 1733 1754 dixit,
1752 1721 1835 1758 497

1043 1764 1117 1798 quod
1139 1763 1174 1791 iis
1206 1763 1252 1797 qui
1277 1762 1312 1790 de
1326 1762 1430 1791 Jacobo
1448 1766 1620 1800 prodierunt.
1648 1766 1787 1795 funiculus
1808 1773 1836 1796 et

1044 1810 1191 1838 lucreditas
1206 1809 1256 1836 Dei
1273 1817 1368 1837 nomen
1385 1812 1521 1839 exstiterit
1533 1812 1567 1839 ⁷³.
1584 1811 1678 1848 Neque
1700 1821 1765 1841 vero
1786 1821 1835 1842 eoa

1046 1856 1161 1892 patitur,
1176 1854 1316 1889 inquiunt,
1333 1856 1379 1890 qui
1392 1856 1474 1891 impie
1485 1862 1612 1892 egerunt,
1628 1858 1660 1886 ad
1673 1859 1730 1893 spei
1749 1867 1835 1895 usque

200 1901 401 1936 projectionem
419 1900 559 1932 devenire,
576 1907 612 1927 ne
642 1899 713 1927 velle
733 1899 860 1928 videatur
883 1900 1011 1930 israelem
1043 1905 1131 1931 totum
1147 1901 1272 1935 stirpitus
1297 1900 1429 1935 interire;
1461 1906 1589 1938 tanquam
1619 1904 1730 1932 eosdem
1755 1905 1835 1941 plane

209 1950 285 1978 Deus
301 1955 445 1978 aversetur
459 1958 467 1978 :
488 1950 535 1977 sed
551 1950 596 1982 iis,
617 1951 664 1986 qui
681 1950 708 1977 in
726 1958 788 1978 cum
810 1952 998 1987 crediderunt,
1017 1953 1116 1981 salutis
1130 1952 1201 1979 viam
1216 1951 1413 1987 expeditiorem
1431 1955 1457 1978 et
1472 1950 1602 1978 leni0rem
1620 1950 1694 1978 facit.

237 1997 352 2024 Ἑαυτὸν
363 1997 392 2024 δὲ
406 1997 492 2031 λέγων
508 1997 626 2031 Κύριον,
642 1997 690 2024 καὶ
711 1996 794 2029 Θεὸν,
807 1998 937 2031 ποιητήν
962 2007 993 2025 τε

200 2044 249 2071 καὶ
261 2042 416 2077 πλάστην,
432 2042 575 2078 ἐμφαίνειν
587 2042 674 2069 ἔοικεν
689 2043 729 2069 δτι
751 2043 797 2069 καὶ
808 2043 991 2079 πεπλάνηται,

199 2088 229 2115 τὸ
256 2088 306 2123 τῆς
321 2089 462 2122 θεότητος
488 2087 583 2122 ὄνομα
601 2086 708 2122 Ἰσραὴλ
732 2087 856 2123 περιθεὶς
887 2089 991 2124 ἑτέροις

199 2135 256 2166 τοῖς
267 2134 318 2161 οὐκ
332 2131 392 2160 οὖσι
408 2134 489 2166 θεοῖς,
505 2133 553 2160 καὶ
565 2133 616 2168 τῆς
635 2133 664 2166 ὲξ
683 2133 772 2168 ἀρχῆς
786 2133 833 2160 τοῦ
845 2133 989 2170 ἀνθρώπου

199 2180 379 2216 δημιουργίας
388 2179 556 2215 ὑπέμνησεν,
571 2179 732 2216 ἀχαριστίας
747 2179 931 2215 γραφόμενος,
943 2181 988 2207 al!

1081 1999 1160 2032 Quod
1175 2002 1269 2026 autem
1289 1997 1434 2025 Dominum
1449 2004 1479 2024 se
1494 2002 1520 2024 et
1532 1995 1626 2029 Deum,
1643 1997 1832 2033 foetoremque,

1043 2050 1071 2074 et
1088 2045 1277 2079 plasmalorem
1293 2044 1417 2070 nominat
1433 2051 1441 2077 ;
1456 2043 1600 2070 aberrasse
1608 2043 1731 2078 etipsnm
1746 2043 1833 2072 Israe-

1042 2090 1107 2122 lem,
1128 2091 1176 2125 qui
1195 2089 1242 2116 Dei
1259 2097 1354 2116 nomen
1383 2088 1512 2123 aliis,qui
1532 2088 1568 2115 dii
1584 2096 1638 2115 non
1664 2094 1738 2121 sunt,
1754 2090 1832 2121 attri:

1043 2135 1144 2168 buerit,
1156 2135 1264 2162 videtur
1276 2134 1410 2166 indicare,
1422 2139 1449 2161 et
1461 2134 1549 2169 posita
1562 2137 1624 2161 ante
1636 2136 1732 2161 oculos
1745 2135 1830 2170 pritna

1042 2181 1125 2217 hujus
1155 2181 1347 2214 iabricatione,
1373 2180 1579 2215 ingratitudinis
1607 2188 1731 2216 arguere,
1758 2183 1830 2216 quod

199 2227 297 2261 γονέας
324 2225 413 2261 τιμῶν
429 2226 493 2257 τοὺς
502 2226 542 2257 είς
562 2225 612 2261 τὴν
631 2225 738 2260 γένεσιν
753 2225 989 2262 ὑπουργήσαντας,

1045 2227 1245 2263 procreationis
1262 2227 1406 2254 ministros
1425 2231 1551 2262 parentes
1565 2227 1670 2260 colens,
1691 2226 1830 2256 Factorem

200 2272 281 2299 αὐτὸν
304 2272 465 2308 ἀπεστράφη
488 2271 534 2299 τὸν
548 2271 687 2306 ποιητὴν,
705 2271 719 2298 δ
753 2272 800 2298 καὶ
816 2272 849 2299 δι’
865 2272 923 2304 ἐνδς
934 2272 986 2308 ἔφη

198 2317 253 2344 τῶν
266 2317 413 2353 προφητῶν
429 2325 437 2333 ο
456 2326 466 2343 t
481 2317 546 2350 Υἱὸς
561 2316 669 2349 δοξάζει
681 2318 799 2353 πατέρα,
826 2317 874 2344 καὶ
894 2317 987 2349 δοῦλος

198 2363 245 2390 τὸν
277 2363 373 2399 κύριον
398 2362 492 2390 αὐτοῦ.
507 2372 517 2389 ι
539 2362 594 2390 Καί
609 2371 618 2379 ⁸
637 2371 646 2389 t
665 2363 697 2390 Εἰ
722 2363 817 2398 Πατήρ
843 2364 901 2398 είμι
920 2362 986 2398 ἐγὼ,

200 2410 251 2437 ποῦ
265 2411 339 2437 ἔστιν
352 2411 368 2446 ἡ
385 2409 448 2442 δόξα
465 2417 534 2445 μου;
550 2418 560 2436 ι
575 2408 648 2435 Καί⁸
667 2418 677 2436 ‹
695 2409 726 2436 Et
739 2408 840 2444 Κύριός
854 2408 986 2445 ειμιὲγὼ,

199 2455 251 2482 ποῦ
266 2456 341 2482 ἐστιν
353 2456 368 2482 6
380 2456 461 2491 φόϐος
477 2463 527 2491 μου
540 2464 548 2488 ;
564 2455 748 2491 λέγειΚύριος
762 2455 984 2491 παντοκράτωρ.»

200 2501 309 2535 Κύριος
339 2501 389 2537 μὲν
418 2501 472 2537 γάρ
484 2502 568 2534 ζεστιν,
597 2500 634 2532 ὡς
651 2501 703 2527 ὑπὸ
715 2500 800 2535 χεῇοα
821 2499 872 2536 τὴν
900 2500 989 2527 κτίσιν

201 2547 320 2582 κρατῶν,
332 2547 428 2582 Πατὴρ
441 2547 479 2579 δὲ,
487 2547 525 2579 ὡς
537 2545 674 2580 ποιητής.
690 2546 726 2572 To
738 2545 767 2572 δὲ
782 2546 822 2572 ἔτι
832 2545 988 2580 βοηθήσῃ,

202 2592 367 2627 παρίστησιν
389 2593 427 2624 ὼς
459 2593 565 2628 ἥμερος
604 2592 660 2627 ἐγὼ
689 2592 737 2619 καὶ
768 2591 837 2627 πρὸς
861 2591 990 2618 τοσοῦτον

203 2639 392 2673 ἡμαρτηκότα.
419 2638 540 2665 ’Δνωθεν
563 2638 592 2665 δέ
614 2647 687 2670 τινες
711 2637 778 2673 περὶ
791 2637 840 2673 τῆς
857 2637 921 2672 ὅλης
939 2637 989 2672 ῥή-

202 2691 271 2714 σεως
288 2683 403 2718 ἔφασαν,
419 2684 457 2716 ὡς
471 2684 577 2719 ὲνάγων
591 2684 692 2715 αὐτοὺς
723 2684 765 2715 είς
796 2682 909 2716 ἔνδειξιν
939 2682 990 2718 τῆς

1041 2272 1131 2307 ipsum
1148 2275 1292 2300 aversatus
1312 2272 1358 2305 sit,
1381 2271 1453 2307 quod
1470 2279 1518 2306 per
1549 2273 1693 2307 quemdam
1713 2275 1830 2309 prophe-

1040 2322 1095 2345 tam
1112 2318 1140 2345 in
1157 2317 1229 2345 httnc
1243 2317 1354 2345 modum
1365 2319 1403 2345 ait
1417 2326 1425 2345 :
1440 2327 1449 2344 ι
1467 2316 1554 2346 Filius
1564 2319 1697 2353 gloriﬁcat
1713 2319 1830 2351 Patrem,

1040 2368 1068 2391 et
1081 2371 1178 2392 servus
1195 2364 1337 2391 dominum
1356 2372 1436 2392 suum
1451 2365 1497 2392 ⁷³”.
1512 2375 1521 2391 ι
1545 2365 1578 2392 Et
1592 2375 1598 2394 :
1622 2375 1631 2391 ι
1650 2366 1677 2393 Si
1691 2365 1770 2393 Pater
1780 2375 1832 2401 ego

1041 2418 1115 2442 sum,
1133 2409 1179 2437 ubi
1195 2414 1238 2437 est
1253 2411 1340 2445 gloria
1369 2419 1428 2438 mea
1451 2412 1496 2439 “'2
1516 2421 1526 2438 t
1542 2412 1574 2439 Et
1591 2421 1598 2440 :
1614 2421 1623 2437 ι
1645 2411 1674 2438 Si
1701 2412 1831 2442 Dominus

1043 2463 1105 2482 sunt
1122 2463 1181 2490 ego.
1201 2455 1248 2482 ubi
1267 2456 1333 2483 mihi
1346 2456 1457 2484 debitus
1469 2458 1561 2490 timor,
1575 2457 1614 2484 ait
1628 2457 1759 2485 Dominus
1771 2465 1832 2485 0m-

1042 2500 1198 2535 nipotens"
1210 2501 1222 2528 ?
1236 2500 1366 2529 Dominus
1377 2511 1386 2528 (
1399 2504 1471 2530 enim
1485 2510 1555 2530 unus
1568 2507 1627 2536 est;
1645 2507 1774 2538 tanquam
1783 2503 1830 2538 qtti

1042 2550 1145 2574 cuncta
1164 2551 1257 2574 creata
1288 2556 1370 2575 manu
1386 2549 1586 2583 complectatur
1603 2558 1610 2582 ;
1633 2549 1711 2576 Pater
1728 2553 1830 2582 autem,

1042 2596 1174 2627 tanquam
1192 2593 1239 2627 qui
1256 2593 1351 2620 cadent
1373 2594 1475 2629 fecerit.
1491 2594 1568 2628 Quod
1583 2603 1647 2622 vero
1669 2595 1758 2623 adhuc
1780 2604 1831 2622 au-

1041 2637 1137 2664 xilium
1151 2637 1305 2665 habitarunt
1320 2640 1401 2671 dixit,
1419 2640 1445 2666 in
1461 2648 1523 2667 eum
1537 2649 1567 2667 se
1582 2640 1690 2667 facilcm
1711 2646 1736 2667 ct
1755 2649 1831 2667 man-

1042 2690 1161 2718 suetum,
1172 2685 1219 2720 qui
1236 2685 1304 2712 adeo
1316 2686 1451 2720 peccavit,
1465 2687 1595 2714 ostendit.
1610 2686 1738 2714 Nonnulli
1748 2694 1830 2723 porro

238 2741 260 2757 "
277 2741 435 2775 Psal.xctv,
449 2741 476 2769 8.
515 2741 538 2757 ¹¹¹
549 2741 628 2769 Deut.
648 2748 734 2774 mut,
749 2740 776 2768 8.
814 2740 838 2756 "
853 2739 920 2767 ibid.
936 2739 963 2768 9.
1001 2739 1035 2756 ⁷³·
1053 2739 1168 2769 Malaclt.
1186 2749 1206 2774 ι,
1223 2741 1249 2768 6.
1288 2742 1312 2758 "
1325 2741 1392 2770 ibid.
1430 2743 1451 2758 "
1471 2742 1537 2770 ibid.

844 2797 964 2827 VARIE
981 2798 1186 2826 LECTIONES.

242 2862 255 2876 ι
275 2857 318 2885 Iv.
332 2857 388 2885 ἔστι
406 2857 425 2893 ἦ
439 2859 573 2895 προσήκει
595 2860 610 2895 ἢ
625 2861 745 2888 τιοῦτιτν
757 2869 794 2888 τι.
833 2865 846 2881 τ
859 2869 904 2897 γρ.
921 2860 984 2896 ἔφη.
1001 2860 1058 2886 καί.

1100 2867 1111 2880 ι
1130 2869 1174 2895 310.
1188 2861 1372 2888 καταλεαίνει.
1412 2865 1426 2885 1
1444 2869 1486 2895 rp.
1500 2861 1537 2892 ὼς
1552 2861 1570 2895 ἦ
1583 2861 1634 2888 ὅτι.
