2002 3078
158 141 228 174 2403

808 135 983 165 PllOGOPIl
1003 135 1125 166 GAzi‘El

1722 137 1794 168 2404

158 202 241 230 supra
265 192 380 228 pesitam
399 191 546 219 verborum
568 190 668 218 seriem
684 197 698 216 a
714 188 854 224 principio
871 197 947 224 repe-

1002 189 1066 221 ῐδίας
1101 189 1350 225 μεγαλοπρεπείας,
1377 190 1414 222 ὡς
1434 186 1492 222 οἷός
1516 199 1545 216 τε
1571 190 1647 218 ἔσται
1680 192 1728 218 καὶ
1745 191 1794 219 τὰς

157 245 256 272 tentes,
278 239 374 266 volunt
385 245 433 265 eos
448 245 462 263 a
482 238 535 264 Deo
551 237 581 264 in
599 244 656 264 suae
673 235 886 271 magnificentiae
900 237 948 264 de-

157 285 383 313 monstrationem
400 283 492 310 induci
510 286 540 310 ut
555 287 685 310 renovata
710 287 834 310 veterum
863 283 948 310 mira-

157 332 281 360 culorum
304 330 446 362 memoria,
464 336 545 364 posse
560 337 575 356 a
599 337 629 356 se
649 329 743 355 decem
768 328 870 360 tribus,
893 328 947 355 nisi

157 379 223 413 ipsae
248 377 419 408 obstiterint,
437 375 464 402 in
483 376 598 410 patriam
616 375 711 402 reduci
734 382 789 402 non
810 374 945 402 dubitent.

157 424 234 457 Quod
249 424 284 454 si.
306 423 372 458 quid
391 422 544 449 meminisse
560 429 629 456 opus
642 421 688 451 sit,
704 420 852 455 postulatis
870 429 876 447 :
893 420 934 447 cla

157 477 207 504 ps0
234 476 343 496 rursum
359 469 473 503 tempori
494 467 573 494 ﬁdem
590 466 810 497 detraltentibus.
824 467 888 498 ista,
905 465 947 492 itt-

156 516 227 550 quit,
241 515 495 550 przeterntittantur,
507 516 535 540 et
552 521 612 547 quae
628 513 744 539 recentia
761 516 836 543 sunt,
855 511 948 538 consi-

156 561 262 589 derate.
277 560 390 591 Deinde.
404 564 432 586 ut
445 566 488 592 ea,
506 566 567 594 qua:
577 558 610 585 ad
621 557 726 585 Novum
740 557 946 586 Testamentum

156 608 284 638 attinent,
300 607 399 641 attigit,
415 613 469 633 non
488 613 518 633 se
536 612 609 632 nunc
627 605 747 639 primum
761 604 821 638 ejus
847 610 944 630 curam

157 653 315 689 suscepisse
336 652 494 687 respondet,
513 652 559 686 qui
576 659 610 678 ne
621 650 777 678 mercedem
793 649 902 684 quidem
913 649 948 676 ab

156 699 237 726 initio
253 698 400 732 acceperit,
416 697 463 724 sed
477 702 574 724 contra
589 701 617 723 ut
627 696 710 730 impie
724 696 831 730 degenti
846 702 945 729 pecca-

156 750 247 772 torum
264 744 384 775 veniam,
401 747 549 778 prorogato
564 741 597 769 ad
615 741 781 776 operandam
807 741 945 776 justitiam

155 794 289 825 tempore,
305 790 434 824 largitutn
462 796 533 816 esse.
566 788 639 815 Mare
664 789 747 820 enim,
766 792 793 815 et
817 788 946 815 columna

156 833 238 868 ignis,
257 837 284 860 et
299 833 410 865 nebula,
429 833 604 867 baptismatis
625 833 726 865 vicem,
745 833 879 868 Apostolo
901 837 943 860 te-

1001 235 1068 262 δὲκα
1079 236 1165 269 φυλὰς
1182 236 1370 271 ἐπαναγαγεῖν
1389 236 1436 263 ἐὰν
1453 236 1616 271 βουληθῶσι,
1641 237 1695 265 τῶν
1710 239 1794 266 πάλαι

1002 283 1150 318 θαυμάτων
1164 283 1306 319 ὑπέμνησε
1317 293 1342 311 ν.
1369 284 1400 311 Et
1414 283 1442 310 δὲ
1457 283 1552 317 λέγετε
1567 285 1599 310 Ίί
1619 285 1660 311 δεῖ
1679 284 1795 319 μεμνῆ-

1001 331 1088 360 σθαι;
1105 329 1185 356 πάλιν
1212 329 1323 357 ἐκείνων
1339 330 1548 365 ἀπιστουμένων
1561 330 1600 366 τῷ
1619 331 1716 366 χρόνῳ,
1743 340 1795 358 πα-

1002 375 1102 410 ρείσθω
1114 375 1208 406 ταῦτα.
1227 375 1305 410 φησι,
1322 375 1370 402 καὶ
1389 376 1423 402 τὰ
1441 376 1495 402 νέα
1522 376 1688 411 σκοπήσατε.
1701 377 1793 403 Εἰπὼν

999 422 1026 446 δὲ
1043 421 1077 446 τὰ
1103 420 1167 454 περὶ
1183 421 1234 455 τῆς
1253 421 1356 455 Καινῆς
1370 420 1519 456 Διαθὴχης,
1531 422 1625 456 φησὶν,
1643 422 1680 453 ὡς
1695 423 1732 448 Οὺ
1745 422 1793 449 νῦν

1001 466 1088 502 ἀρχὴν
1106 467 1156 501 τῆς
1173 467 1238 501 περὶ
1258 467 1287 493 σὲ
1303 467 1468 501 κηδεμονίας
1496 467 1661 502 πεποίημαι,
1675 468 1733 494 ἀλλ’
1761 469 1791 495 οὐ

1000 511 1028 538 δὲ
1043 512 1140 546 μισθὸν
1151 512 1241 539 λαϐὼν
1263 512 1293 545 ἐξ
1309 513 1407 548 ἀρχῆς,
1426 513 1582 540 τούναντίον
1599 513 1628 540 δὲ
1657 515 1703 540 καὶ
1730 515 1792 541 duae

1001 555 1092 582 ὃοῦντι
1111 557 1164 583 τῶν
1195 557 1402 592 ἁμαρτημάτων
1423 557 1522 591 ἄφεσιν
1549 558 1666 590 δέδωκα,
1696 559 1791 594 καιρὸν

1001 602 1065 637 ὑμῖν
1075 602 1137 634 δοὺς
1155 602 1330 637 δικαιοσύνην
1346 602 1525 638 ἐργάζεσθαι.
1548 604 1602 630 Καὶ
1633 606 1648 639 ἡ
1667 605 1792 632 Θάλασσα

1000 646 1065 682 γὰρ,
1080 647 1128 673 καὶ
1142 647 1155 673 ό
1178 646 1274 675 στύλος
1289 646 1337 673 τοῦ
1353 646 1448 681 πυρὸς,
1459 647 1507 673 καὶ
1528 648 1544 682 ἡ
1560 647 1670 682 νεφέλη,
1701 648 1794 682 βαπτί-

1001 700 1104 727 σματος
1117 691 1209 727 χώραν
1224 693 1333 728 ἐπεῖχεν
1356 692 1430 726 ὑμῖν.
1458 693 1512 720 Καὶ
1526 694 1540 719 ὀ
1555 692 1718 723 ’Λπόστολος
1738 694 1792 728 γὰρ

1001 737 1182 773 βεϐαπτίσθαι
1208 738 1291 773 φησὶν
1321 738 1420 770 αὐτοὺς
1452 740 1480 764 ὲν
1507 740 1540 773 τῇ
1568 739 1666 774 νεφέλῃ
1689 739 1735 766 καὶ
1758 740 1790 774 τῇ

1000 784 1134 819 θαλάσσῃ.
1156 784 1186 810 '0
1202 784 1283 815 αὐτὸς
1309 784 1337 810 δὲ
1361 785 1409 811 καὶ
1441 784 1489 811 νῦν
1515 785 1574 819 εἰμι
1622 785 1792 820 βουλομένων

1000 830 1078 864 ὑμῶν
1099 830 1193 864 ἀφιεὶς
1206 831 1354 866 ἁμαρτίας,
1375 831 1422 858 ἐὰν
1436 831 1541 857 ἑαυτῶν
1570 832 1717 866 κατήγοροι
1746 831 1790 865 γέ-

154 882 197 903 ste
213 877 247 909 ⁷⁸,
259 877 524 912 suppleverunt,qui
540 877 566 904 in
582 877 654 904 nube
662 880 689 904 et
705 877 774 903 mari
790 876 944 911 baptizatos

1002 875 1080 911 νησοε
1109 877 1156 903 ἐπὶ
1190 877 1298 911 ἀφέσει,
1327 876 1358 902 οὐ
1373 877 1545 912 κατακρίσει.
1581 876 1612 903 Ei
1638 877 1666 903 δὲ
1681 877 1730 912 μὴ,
1762 877 1791 903 ἐν

154 921 237 949 dicat.
250 922 322 949 Idem
332 930 407 955 vero,
427 922 476 955 ait,
493 927 519 949 et
537 930 609 949 nunc
624 922 681 956 ipse
704 929 776 955 sum,
790 922 837 956 qui
852 922 948 949 volen-

154 968 229 995 tibus
249 967 326 995 vobis
341 972 452 1003 peccata
472 968 591 1000 dimitto,
612 968 634 994 si
652 967 703 1002 ipsi
720 975 816 995 eorum
830 975 947 995 accusa-

153 1016 228 1040 tores
239 1013 266 1039 in
275 1013 478 1045 remissionem,
487 1013 577 1039 nonin
589 1012 845 1039 condemnationem
859 1011 945 1048 499

153 1066 215 1086 esse
230 1059 385 1086 volueritis.
405 1058 454 1086 Sin
469 1059 570 1091 mintts,
591 1058 654 1093 ipsa
672 1065 723 1094 ego
739 1059 819 1086 vobis
847 1058 946 1093 judicii

153 1109 277 1140 tempore
292 1105 320 1132 in
335 1105 493 1132 memoriam
512 1103 659 1136 revocabo,
675 1107 702 1130 et
726 1104 862 1138 majorum
882 1110 944 1131 sce-

154 1153 210 1181 lera
228 1159 236 1184 ;
251 1151 346 1179 eadem
361 1157 493 1185 superare
509 1150 644 1177 evincam.
663 1150 720 1177 Etsi
731 1150 805 1176 enirn
819 1150 947 1184 impieta-

156 1198 192 1226 tis
217 1196 334 1224 crimine
350 1199 376 1223 et
395 1195 435 1222 illi
454 1202 564 1230 quoque
589 1201 642 1221 non
671 1194 824 1226 caruerint,
843 1193 946 1221 idolum

153 1247 244 1270 tamen
271 1242 300 1269 in
326 1241 458 1276 templum
479 1248 582 1272 meum,
598 1239 672 1275 quod
694 1240 746 1274 ipsi
771 1239 861 1267 facere
887 1239 947 1266 ausi

153 1290 234 1322 estis,
248 1296 392 1323 nunquam
408 1286 586 1314 induxerunt.
605 1285 718 1315 Deinde,
735 1289 765 1312 ut
785 1285 819 1312 ad
850 1285 948 1320 resipi-

154 1336 287 1363 seentiam
297 1334 427 1365 adducat,
438 1333 556 1368 graviter
567 1332 676 1360 eosdem
686 1333 883 1367 perstringens,
898 1331 948 1358 Ja-

153 1382 247 1409 cobum
261 1385 285 1407 et
302 1379 431 1406 Israelem
448 1378 482 1405 de
496 1382 605 1412 patrum
621 1378 731 1405 nomine
748 1378 866 1412 appellat
882 1386 889 1410 ;
905 1377 948 1412 fa-

156 1434 305 1462 cturamque
321 1434 350 1454 se
367 1433 428 1453 esse
440 1424 573 1456 ostendit,
589 1428 616 1451 et
630 1424 722 1450 omnia
739 1431 891 1458 permeare,
906 1424 948 1458 ip—

155 1480 212 1500 sam
225 1471 353 1505 denique,
371 1477 431 1504 quae
460 1470 488 1496 in
510 1473 588 1496 utero
609 1468 770 1499 absolvitur,
786 1467 946 1501 plasmatio-

154 1526 213 1546 nent
239 1515 385 1544 moderari.
409 1513 540 1549 Spiritum
561 1513 659 1540 deinde
675 1512 735 1547 ejus
749 1512 823 1545 lidei,
838 1519 899 1547 quae
920 1513 947 1540 in

999 921 1089 958 καιρῷ
1115 923 1164 957 τῆς
1195 922 1312 957 κρίσεως
1327 922 1429 949 τούτων
1455 923 1528 958 ὑμᾶς
1556 923 1706 958 ὑπομνήσω
1728 924 1791 956 τοὺς

999 967 1104 995 ἑαυτῶν
1129 968 1249 1004 πατέρας
1269 970 1330 1000 ταῖς
1349 969 1500 1004 ἁμαρτίαις
1519 969 1696 1004 νικήσαντας.
1714 969 1792 996 Ἦσέ-

998 1013 1063 1040 ϐουν
1089 1014 1138 1048 μὲν
1167 1014 1222 1050 γὰρ
1249 1014 1394 1047 κάκεῖνοι,
1418 1015 1477 1041 ἀλλ’
1504 1017 1553 1042 οὐκ
1591 1015 1699 1042 είόωλον
1729 1015 1789 1042 καθ’

999 1057 1071 1092 ὑμᾶς
1097 1058 1297 1093 ὲπεισήνεγκαν
1324 1057 1363 1093 τῷ
1395 1058 1522 1093 ἡμετέρῳ
1543 1058 1610 1094 ναῷ.
1639 1059 1693 1085 Καὶ
1709 1059 1790 1086 πάλιν

998 1103 1171 1136 ἐπιστρέφων
1199 1103 1308 1136 αὐτοὺς,
1349 1103 1547 1139 δυσωπητικῶς
1596 1104 1701 1131 Ἰακὼϐ
1740 1105 1789 1132 καὶ

1005 1149 1129 1183 Ἰσραὴλ
1146 1149 1178 1175 ὲκ
1203 1149 1257 1175 τῶν
1296 1149 1424 1185 πατέρων
1458 1149 1546 1182 καλεῖ,
1579 1150 1629 1177 καὶ
1661 1150 1791 1184 ποιητὴν

998 1194 1046 1220 καὶ
1058 1194 1101 1221 διὰ
1130 1194 1239 1221 πάντων
1262 1195 1392 1230 διήκοντα
1415 1195 1523 1228 δεικνὺς
1545 1195 1716 1227 ὲαυτὺν,καὶ
1741 1196 1790 1230 τῆς

999 1241 1027 1266 ὲν
1047 1241 1079 1276 τῇ
1096 1241 1195 1275 γαστρὶ
1210 1241 1347 1276 μέμνηται
1377 1240 1528 1274 πλάσεως.
1549 1239 1616 1268 Εἶτα
1632 1241 1727 1277 μισθὸν
1741 1242 1791 1276 τῆς

998 1285 1038 1317 είς
1059 1285 1105 1311 τὸν
1119 1286 1258 1320 Μονογενῆ
1275 1286 1392 1317 πίστεως
1408 1285 1442 1312 τὸ
1463 1285 1586 1320 Πνεῦμα
1597 1285 1693 1313 δώσειν
1705 1287 1789 1320 ἑπαγ-

998 1331 1159 1366 γειλάμενος
1172 1331 1221 1367 τὴν
1251 1331 1281 1364 ἐξ
1296 1331 1379 1358 αὑτοῦ
1407 1332 1617 1368 χορηγουμένην
1646 1332 1789 1367 εὐλογίαν

998 1377 1084 1412 δηλοῖ.
1116 1378 1196 1404 Ἰδιον
1229 1377 1283 1413 γὰρ
1303 1378 1357 1405 τῶν
1373 1378 1556 1412 εὑλογούντων
1579 1378 1657 1410 Θεὸν,
1682 1379 1713 1405 τὸ
1743 1378 1792 1405 καὶ

999 1424 1098 1456 αὐτοὺς
1110 1425 1250 1459 εὐλογίας
1266 1424 1451 1461 πληροῦσθαι.
1468 1426 1500 1452 Εἰ
1511 1426 1566 1461 γὰρ
1582 1427 1596 1452 ὁ
1610 1425 1792 1461 τὺνἊὸραὰμ

998 1469 1116 1504 εὐλογῶν
1130 1470 1273 1506 εὐλογίας
1285 1471 1453 1506 κληρονόμος
1464 1471 1551 1503 ἔσται,
1591 1473 1666 1508 πόσῳ
1681 1480 1713 1506 γε
1731 1472 1792 1499 τού-

998 1524 1045 1542 του
1057 1516 1104 1542 τὸν
1119 1516 1186 1543 Θεὸν
1197 1517 1244 1543 καὶ
1251 1518 1405 1551 Δεσπότην;
1419 1518 1465 1544 Ἐν
1475 1518 1580 1550 τούτοις
1594 1518 1623 1545 δὲ
1633 1519 1791 1554 γενήσονται

157 1563 337 1599 Unigenitutu
358 1561 475 1588 habetur
489 1560 527 1593 (id
541 1565 583 1587 est
600 1558 816 1590 benedictionem,
829 1566 890 1594 quas
913 1559 947 1587 ab

1002 1562 1058 1593 τοῖς
1073 1561 1195 1595 ἀγαθοῖς,
1211 1561 1249 1593 ὡς
1265 1563 1321 1594 τοῖς
1333 1562 1489 1591 ἁειθαλέσιν
1507 1565 1627 1591 ἐοικέναι
1637 1544 1731 1599 φυτοῖς
1743 1565 1792 1592 καὶ

155 1610 254 1638 eodem
267 1607 469 1644 suppeditatur)
487 1605 621 1633 mercedis
634 1605 693 1633 loco
708 1605 836 1632 daturum
853 1613 883 1633 se
899 1605 948 1632 de-

1001 1607 1035 1634 τὰ
1049 1608 1096 1635 ἐπὶ
1110 1609 1227 1640 τούτοις.

154 1660 301 1684 monstrat.
314 1653 362 1682 Est
379 1654 454 1681 enim
473 1653 507 1681 iis
531 1653 663 1679 usitatqu
684 1656 711 1679 et
733 1652 888 1687 proprium,
902 1653 948 1687 qui
969 1652 1025 1682 Deo
1042 1654 1219 1688 benedicunt,
1234 1659 1263 1682 ut
1279 1656 1330 1691 ipsi
1347 1664 1457 1692 quoque
1465 1657 1645 1684 benedictione
1664 1657 1791 1692 replean-

156 1705 211 1729 tur.
238 1701 268 1728 Si
282 1700 356 1728 enim
385 1699 433 1734 qui
447 1698 604 1725 Abraltamo
617 1697 764 1730 benedicit,
793 1698 1000 1727 benedictionem
1022 1704 1050 1728 et
1087 1701 1145 1735 ipse
1165 1703 1356 1737 consequitur,
1389 1708 1494 1738 quanto
1532 1703 1621 1739 magis
1659 1704 1706 1739 qui
1726 1702 1792 1733 Deo,

155 1751 183 1775 et
201 1746 341 1774 Domino?
356 1745 420 1773 Istis
435 1745 519 1780 igitur
531 1744 610 1772 bonis
625 1744 790 1772 abundaturi
811 1749 897 1779 sunt;
916 1750 945 1773 ut
965 1747 1118 1776 virentibus
1137 1755 1245 1784 semper
1258 1749 1405 1777 arboribus
1430 1757 1462 1777 ea
1481 1749 1576 1783 etiam,
1597 1757 1659 1785 quas
1677 1751 1711 1777 ad
1732 1748 1793 1776 illos

155 1797 291 1829 spectant,
312 1795 471 1827 appareant.

190 1838 273 1874 499
291 1838 372 1865 Vens.
390 1837 468 1865 6-‘25.
483 1836 529 1864 Sit:
546 1837 585 1864 ait
612 1836 695 1868 Deus,
717 1844 764 1863 rea:
787 1836 884 1869 Israel,
904 1837 949 1872 qui

157 1886 277 1912 liberavit
306 1885 403 1919 ipsum,
422 1884 492 1911 Deus
514 1884 701 1911 exercituum:
721 1882 779 1919 Ego
797 1884 911 1918 primus.
925 1888 950 1911 et

156 1939 203 1966 ego
217 1930 350 1965 posthaec.
367 1929 468 1957 Preller
491 1938 532 1956 me
557 1938 608 1956 non
634 1936 673 1957 est
692 1930 772 1957 Deus.
790 1931 856 1962 Quis
881 1931 948 1957 sicut

156 1985 202 2011 ego
217 1977 230 2002 7
245 1976 313 2009 Stet,
326 1981 408 2009 vocet,
423 1981 448 2003 et
468 1977 618 2009 annuntiet,
631 1981 656 2003 et
672 1981 748 2010 paret
766 1977 844 2010 mihi,
856 1984 889 2003 ex
899 1984 949 2012 quo

157 2024 209 2059 [eoi
223 2023 355 2050 hominem
369 2023 396 2050 in
415 2028 556 2055 retentum,
572 2028 627 2051 etc.

194 2113 274 2149 500
287 2113 368 2140 Aliud
385 2117 426 2141 est
438 2114 582 2142 sermonis
592 2114 701 2141 initium
718 2114 751 2141 ad
766 2113 887 2147 Iudaeos,
901 2114 948 2150 qui

160 2162 294 2189 idolorum
318 2161 422 2189 cultum
442 2161 561 2196 amplexi
577 2167 652 2190 sunt.
670 2161 724 2190 Sed
754 2162 897 2197 Cujusnam
914 2162 950 2190 sit

162 2207 270 2234 lsraelis
285 2215 331 2234 rea:
344 2215 397 2234 non
415 2207 543 2242 ignorare
558 2208 671 2242 patitur.
687 2215 750 2235 cuin
765 2209 810 2243 qui
828 2208 948 2234 liberat-it

1038 1841 1123 1872 ς-κγ’.
1167 1838 1268 1871 οὕτως
1305 1838 1387 1873 λέγει
1423 1840 1440 1865 ὁ
1484 1839 1567 1872 Θεὸς,
1597 1840 1614 1865 ὀ
1643 1838 1793 1872 ,βασιλεὺς

1007 1883 1138 1918 Ἰσραὴλ,
1152 1884 1169 1911 δ
1180 1883 1354 1918 ῥυσάμενος
1367 1884 1463 1910 αὑτὸν
1480 1885 1552 1917 Θεὸς
1568 1884 1699 1912 Σασαώθ·
1718 1884 1791 1920 Ἐγὼ

1001 1930 1125 1965 πρῶτος,
1142 1930 1190 1956 καί
1215 1929 1272 1961 ἐγὼ
1287 1930 1363 1964 μετὰ
1388 1930 1492 1957 ταῦτα.
1523 1930 1612 1964 Πλὴν
1642 1930 1716 1965 ἐμοῦ
1737 1931 1791 1958 οὐκ

1001 1977 1067 2004 ἔστι
1081 1977 1098 2003 ό
1117 1976 1198 2009 Θεός,
1224 1977 1269 2009 Τίς
1289 1975 1391 2010 ὥσπερ
1405 1975 1462 2010 ἐγώ
1472 1984 1482 2008 ;
1501 1976 1622 2011 ’Στήτω,
1638 1977 1687 2004 καὶ
1703 1978 1792 2004 καλε-

1000 2022 1092 2056 σάτω,
1120 2022 1170 2049 καὶ
1193 2021 1407 2056 ἀναγγειλὰτω,
1437 2021 1487 2049 καὶ
1517 2022 1703 2057 ἑτοιμασάτω
1729 2031 1791 2057 μοι.

998 2069 1049 2103 ἀφ’
1072 2066 1108 2096 οὗ
1123 2069 1254 2102 ἐποίησα
1264 2068 1427 2103 ἄνθρωπον
1446 2070 1489 2102 εις
1507 2070 1561 2097 τὸν
1579 2069 1719 2103 αἰῶνα,κ.
1730 2070 1790 2098 τ.λ.

1035 2114 1081 2147 Ἐξ
1110 2115 1208 2150 ἑτέρας
1229 2115 1318 2150 ἀρχῆς
1334 2115 1404 2151 πρὸς
1423 2115 1485 2147 τοὺς
1512 2116 1712 2152 είδωλολάτρας
1737 2116 1791 2144 τῶν

998 2160 1136 2188 Ἰουδαίων
1150 2161 1164 2187 ὸ
1175 2161 1264 2195 λόγος.
1280 2161 1362 2187 Ποὶου
1375 2161 1405 2188 δὲ
1424 2161 1546 2196 Ἰσραήλ
1559 2161 1617 2188 ἔστι
1628 2161 1789 2195 βασιλεὺς,

999 2207 1136 2242 ἐπήνεγκε
1164 2206 1261 2241 λέγων,
1283 2207 1300 2235 ὁ
1330 2206 1505 2241 ῥυσάμενος
1529 2206 1624 2234 αὑτὸν
1654 2207 1727 2240 Θεὸς
1737 2209 1791 2234 Σα-

159 2261 219 2280 eum
230 2253 298 2280 Deus
312 2253 487 2285 exercituum,
504 2252 609 2288 adjicit.
626 2253 674 2280 Est
687 2254 759 2280 extim
777 2253 947 2280 liberaturum

1003 2253 1090 2279 ϐαώθ.
1102 2253 1163 2279 Τῶν
1172 2253 1228 2288 γὰρ
1244 2252 1417 2286 ρυσθέντων
1431 2252 1488 2278 ἐστὶ
1503 2252 1664 2286 βασιλεὺς.
1680 2253 1710 2279 οὐ
1736 2253 1791 2279 τῶν

162 2307 207 2326 rex
221 2319 229 2332 ,
247 2306 301 2326 non
314 2306 412 2326 eorum
436 2298 484 2334 qui
515 2299 665 2333 impietatis
690 2303 842 2333 arguuntur
859 2307 866 2326 ε
881 2305 952 2334 quos

162 2351 252 2373 tamen
266 2345 428 2373 aberrantes
452 2345 536 2372 etiam
556 2346 590 2372 ad
614 2353 698 2372 unum
723 2344 807 2372 Deum
833 2344 951 2378 reducit,

161 2400 216 2428 quo
245 2399 334 2427 neque
370 2392 445 2426 prior
470 2399 561 2426 neque
585 2393 717 2427 posterior
735 2391 810 2418 ullus
835 2390 951 2418 inveniri

162 2443 258 2474 queat.
279 2438 358 2472 Quod
383 2438 456 2466 side
486 2439 617 2467 universo
633 2439 716 2466 etiam
744 2437 845 2466 Israele
867 2438 951 2465 verba

162 2483 224 2515 ista,
241 2483 285 2518 qui
300 2482 421 2510 liberavit
437 2483 716 2519 eum,intelliganlur,
737 2490 797 2515 eos,
819 2486 849 2509 ut
863 2481 950 2518 Egyv

162 2526 260 2561 ptiaca:
277 2527 422 2555 servitutis
451 2526 530 2562 501
551 2528 738 2560 meminerint,
754 2535 768 2554 a
786 2534 840 2564 qua
865 2526 951 2561 erepti

163 2575 238 2605 sunt,
255 2571 427 2606 adltortatur,
443 2577 636 2608 tantorumque
647 2573 841 2601 miraculorum
855 2576 951 2600 aucto-

163 2626 220 2646 rem
235 2623 335 2654 praeter
349 2619 442 2652 Deum,
464 2620 511 2655 qui
523 2623 620 2647 natura
641 2619 705 2646 talis
716 2619 845 2654 principio
861 2623 885 2646 et
899 2618 953 2652 ﬁne

162 2668 251 2696 caret,
264 2664 371 2692 nullum
385 2673 447 2693 esse
459 2666 542 2692 alium
555 2665 686 2693 ostendit.
703 2664 816 2697 Verum,
833 2665 856 2692 si
867 2664 952 2692 alium

162 2709 298 2739 exsistere
325 2711 482 2744 arbitraris,
496 2711 570 2739 dicat
583 2711 651 2747 jant,
682 2710 763 2746 quale
783 2718 863 2738 suum
879 2717 949 2744 opus

163 2761 194 2794 in
217 2755 269 2783 hoc
298 2756 422 2785 universi
445 2756 553 2785 theatro
573 2757 718 2786 ostendere
756 2762 851 2792 queat.
871 2755 948 2784 Unus

200 2845 224 2861 "
240 2844 250 2872 ι
263 2844 326 2873 Cor.
340 2853 367 2880 x,
380 2846 410 2874 2.

1003 2298 1247 2333 κατηγορουμένων
1259 2297 1303 2324 ἐπ’
1332 2297 1455 2333 ἀσεὸεία.
1475 2297 1532 2329 οὓς
1560 2297 1593 2333 δὴ
1619 2299 1667 2324 καὶ
1691 2298 1791 2334 πλανη-

1003 2343 1098 2374 θέντας
1112 2343 1272 2378 ἐπιστρέφει
1283 2342 1353 2378 πρδς
1371 2342 1418 2369 τὸν
1439 2342 1488 2369 ἕνα
1509 2343 1593 2370 Θεόν.
1621 2343 1681 2377 Πρὸ
1694 2340 1725 2370 οὗ
1744 2344 1791 2371 καὶ

999 2390 1065 2424 μεθ’
1081 2389 1118 2416 ὃν
1142 2389 1193 2417 οὐκ
1206 2389 1279 2416 ἐστιν
1290 2389 1371 2416 ἄλλον
1383 2389 1483 2426 εὑρεῖν.
1497 2390 1529 2416 Et
1543 2389 1573 2416 δὲ
1585 2390 1633 2416 καὶ
1648 2391 1712 2425 περὶ
1724 2399 1791 2418 παν-

1002 2433 1048 2466 τὸς
1061 2435 1147 2461 νοοῖτο
1163 2434 1211 2461 τοῦ
1236 2433 1362 2468 Ἰσραὴλ
1396 2434 1427 2461 τὺ
1447 2435 1465 2461 ὁ
1484 2434 1658 2470 ῥυσάμενος
1685 2435 1789 2468 αὐτὸν,

1001 2480 1052 2515 τῆς
1075 2479 1231 2514 ἐλευθερίας
1266 2479 1356 2506 αὐτῶν
1383 2480 1434 2515 τῆς
1460 2480 1490 2512 ἐξ
1516 2481 1655 2514 Δίγύπτου
1688 2481 1790 2517 μεμνῆι

1003 2525 1064 2552 σθαι
1099 2525 1265 2561 παρακαλεῖ,
1301 2525 1349 2552 καὶ
1379 2525 1433 2552 τῶν
1463 2526 1598 2553 τοσούτων
1632 2526 1788 2562 θαυμάτων,

1003 2570 1078 2607 παρὰ
1089 2571 1136 2598 τὸν
1149 2570 1230 2605 φύσει
1243 2571 1318 2598 Θεὸν
1327 2570 1463 2606 ἁναρχόν
1475 2579 1507 2598 τε
1531 2571 1580 2598 καὶ
1590 2572 1792 2607 ἀτελεύτητον

1003 2617 1098 2652 ἓτερον
1123 2616 1219 2643 οὐδένα
1248 2616 1357 2649 δεικνύς
1369 2625 1376 2633 ·
1392 2618 1417 2643 εί
1432 2617 1461 2644 δὲ
1483 2617 1606 2652 νομίζεις
1617 2618 1696 2645 ἄλλον
1709 2617 1789 2652 εἶναι,

1003 2663 1109 2697 λεγέτω
1123 2664 1200 2689 ποῖον
1214 2662 1296 2698 ἔργον
1312 2663 1396 2690 αὐτοῦ
1407 2662 1543 2690 δείκνυσιν
1577 2663 1606 2691 ἐν
1630 2663 1670 2699 τῷ
1697 2664 1789 2692 παντί.

1007 2708 1084 2740 Ἑνὺς
1112 2708 1167 2744 γὰρ
1189 2708 1265 2740 δντος
1286 2707 1331 2735 τοῦ
1359 2708 1474 2744 κόσμου,
1498 2710 1545 2736 καὶ
1565 2709 1718 2745 συμφυοῦς,
1743 2711 1791 2737 καὶ

1002 2754 1092 2791 ἑαυτῷ
1106 2754 1294 2791 συνημμένου,
1306 2751 1347 2788 εἷς
1361 2755 1394 2783 ἂν
1410 2756 1453 2792 ειη
1461 2756 1508 2783 καὶ
1518 2756 1533 2783 ὁ
1553 2755 1649 2784 τούτου
1661 2755 1791 2793 δημιουρ-
