  <div class='ocr_page' id='page_1' title='image "/cluster/home/n/w/nwhite01/storage/ocr_20150623/87, pt.2/njp.32101010943809/460.png"; bbox 0 0 2002 3078; ppageno 0'>
   <div class='ocr_carea' id='block_1_1' title="bbox 138 183 975 225">
    <p class='ocr_par' dir='ltr' id='par_1_1' title="bbox 138 183 975 225">
     <span class='ocr_line' id='line_1_1' title="bbox 138 183 975 225; baseline -0.007 -9"><span class='ocrx_word' id='word_1_1' title='bbox 138 191 198 225; x_wconf 75' lang='grc' dir='ltr'>γδς,</span> <span class='ocrx_word' id='word_1_2' title='bbox 225 190 257 215; x_wconf 84' lang='grc' dir='ltr'>ἑκ</span> <span class='ocrx_word' id='word_1_3' title='bbox 281 188 411 224; x_wconf 71' lang='grc' dir='ltr'>μεγέθους</span> <span class='ocrx_word' id='word_1_4' title='bbox 443 189 490 214; x_wconf 72' lang='grc' dir='ltr'>καὶ</span> <span class='ocrx_word' id='word_1_5' title='bbox 516 186 647 221; x_wconf 72' lang='grc' dir='ltr'>καλλονῆς</span> <span class='ocrx_word' id='word_1_6' title='bbox 677 185 837 220; x_wconf 75' lang='grc' dir='ltr'><strong>κτισμάτων</strong></span> <span class='ocrx_word' id='word_1_7' title='bbox 857 183 936 211; x_wconf 83' lang='grc' dir='ltr'>νοού-</span> <span class='ocrx_word' id='word_1_8' title='bbox 952 189 975 216; x_wconf 75' lang='grc' dir='ltr'>Α</span> 
     </span>
    </p>
   </div>
   <div class='ocr_carea' id='block_1_2' title="bbox 140 230 936 270">
    <p class='ocr_par' dir='ltr' id='par_1_2' title="bbox 140 230 936 270">
     <span class='ocr_line' id='line_1_2' title="bbox 140 230 936 270; baseline -0.008 -9"><span class='ocrx_word' id='word_1_9' title='bbox 140 243 232 270; x_wconf 81' lang='grc' dir='ltr'>μενος.</span> <span class='ocrx_word' id='word_1_10' title='bbox 258 233 333 261; x_wconf 84' lang='grc' dir='ltr'><strong>Θεοῦ</strong></span> <span class='ocrx_word' id='word_1_11' title='bbox 362 233 390 259; x_wconf 80' lang='grc' dir='ltr'><strong>δὲ</strong></span> <span class='ocrx_word' id='word_1_12' title='bbox 413 232 489 263; x_wconf 70' lang='grc' dir='ltr'>ὗντος</span> <span class='ocrx_word' id='word_1_13' title='bbox 513 232 620 268; x_wconf 76' lang='grc' dir='ltr'>ἐτέρου,</span> <span class='ocrx_word' id='word_1_14' title='bbox 648 231 697 258; x_wconf 72' lang='grc' dir='ltr'><strong>καὶ</strong></span> <span class='ocrx_word' id='word_1_15' title='bbox 721 232 824 267; x_wconf 78' lang='grc' dir='ltr'>κόσμος</span> <span class='ocrx_word' id='word_1_16' title='bbox 843 230 936 265; x_wconf 72' lang='grc' dir='ltr'>ἕτερος</span> 
     </span>
    </p>
   </div>
   <div class='ocr_carea' id='block_1_3' title="bbox 140 275 936 315">
    <p class='ocr_par' dir='ltr' id='par_1_3' title="bbox 140 275 936 315">
     <span class='ocr_line' id='line_1_3' title="bbox 140 275 936 315; baseline -0.006 -9"><span class='ocrx_word' id='word_1_17' title='bbox 140 279 320 315; x_wconf 76' lang='grc' dir='ltr'>νοηῢήσεται·</span> <span class='ocrx_word' id='word_1_18' title='bbox 340 278 407 311; x_wconf 83' lang='grc' dir='ltr'>ὅπερ</span> <span class='ocrx_word' id='word_1_19' title='bbox 423 278 456 303; x_wconf 79' lang='grc' dir='ltr'>ὲκ</span> <span class='ocrx_word' id='word_1_20' title='bbox 473 277 604 303; x_wconf 74' lang='grc' dir='ltr'>’πλειόνων</span> <span class='ocrx_word' id='word_1_21' title='bbox 616 276 653 308; x_wconf 86' lang='grc' dir='ltr'>ὡς</span> <span class='ocrx_word' id='word_1_22' title='bbox 678 276 778 302; x_wconf 84' lang='grc' dir='ltr'>ἄτοπον</span> <span class='ocrx_word' id='word_1_23' title='bbox 794 275 936 310; x_wconf 77' lang='grc' dir='ltr'>ἐξελήλεγ-</span> 
     </span>
    </p>
   </div>
   <div class='ocr_carea' id='block_1_4' title="bbox 140 320 939 357">
    <p class='ocr_par' dir='ltr' id='par_1_4' title="bbox 140 320 939 357">
     <span class='ocr_line' id='line_1_4' title="bbox 140 320 939 357; baseline -0.008 -4"><span class='ocrx_word' id='word_1_24' title='bbox 140 335 215 354; x_wconf 80' lang='grc' dir='ltr'>κται.</span> <span class='ocrx_word' id='word_1_25' title='bbox 244 325 282 351; x_wconf 71' lang='grc' dir='ltr'><strong>Τὸ</strong></span> <span class='ocrx_word' id='word_1_26' title='bbox 303 324 332 351; x_wconf 79' lang='grc' dir='ltr'><strong>δὲ</strong></span> <span class='ocrx_word' id='word_1_27' title='bbox 359 323 470 357; x_wconf 83' lang='grc' dir='ltr'><strong>στήτω,</strong></span> <span class='ocrx_word' id='word_1_28' title='bbox 486 323 559 349; x_wconf 79' lang='grc' dir='ltr'>τοῦτ’</span> <span class='ocrx_word' id='word_1_29' title='bbox 581 322 639 349; x_wconf 72' lang='grc' dir='ltr'>ἐστι</span> <span class='ocrx_word' id='word_1_30' title='bbox 676 321 784 357; x_wconf 85' lang='grc' dir='ltr'>πρῶτον</span> <span class='ocrx_word' id='word_1_31' title='bbox 822 320 939 356; x_wconf 79' lang='grc' dir='ltr'>ὕπαρξιν</span> 
     </span>
    </p>
   </div>
   <div class='ocr_carea' id='block_1_5' title="bbox 141 367 937 405">
    <p class='ocr_par' dir='ltr' id='par_1_5' title="bbox 141 367 937 405">
     <span class='ocr_line' id='line_1_5' title="bbox 141 367 937 405; baseline -0.009 -6"><span class='ocrx_word' id='word_1_32' title='bbox 141 371 274 399; x_wconf 78' lang='grc' dir='ltr'><strong>δεικνύτω</strong></span> <span class='ocrx_word' id='word_1_33' title='bbox 290 370 340 405; x_wconf 79' lang='grc' dir='ltr'>τὴν</span> <span class='ocrx_word' id='word_1_34' title='bbox 355 368 464 400; x_wconf 78' lang='grc' dir='ltr'>ἑαυτοῦ,</span> <span class='ocrx_word' id='word_1_35' title='bbox 479 369 527 396; x_wconf 74' lang='grc' dir='ltr'>καὶ</span> <span class='ocrx_word' id='word_1_36' title='bbox 538 368 575 400; x_wconf 79' lang='grc' dir='ltr'>ὡς</span> <span class='ocrx_word' id='word_1_37' title='bbox 598 369 627 394; x_wconf 81' lang='grc' dir='ltr'>ὲν</span> <span class='ocrx_word' id='word_1_38' title='bbox 656 367 752 399; x_wconf 79' lang='grc' dir='ltr'><strong>οὐσίας</strong></span> <span class='ocrx_word' id='word_1_39' title='bbox 777 367 851 393; x_wconf 70' lang='grc' dir='ltr'>ἐστὶν</span> <span class='ocrx_word' id='word_1_40' title='bbox 869 367 937 392; x_wconf 86' lang='grc' dir='ltr'>ὑπο-</span> 
     </span>
    </p>
   </div>
   <div class='ocr_carea' id='block_1_6' title="bbox 142 411 939 450">
    <p class='ocr_par' dir='ltr' id='par_1_6' title="bbox 142 411 939 450">
     <span class='ocr_line' id='line_1_6' title="bbox 142 411 939 450; baseline -0.006 -6"><span class='ocrx_word' id='word_1_41' title='bbox 142 418 248 447; x_wconf 85' lang='grc' dir='ltr'>στάσει,</span> <span class='ocrx_word' id='word_1_42' title='bbox 265 416 313 442; x_wconf 75' lang='grc' dir='ltr'><strong>καὶ</strong></span> <span class='ocrx_word' id='word_1_43' title='bbox 325 415 362 447; x_wconf 85' lang='grc' dir='ltr'>ὡς</span> <span class='ocrx_word' id='word_1_44' title='bbox 374 416 416 450; x_wconf 76' lang='grc' dir='ltr'><strong>ἐφ’</strong></span> <span class='ocrx_word' id='word_1_45' title='bbox 435 415 531 442; x_wconf 78' lang='grc' dir='ltr'><strong>ἑαυτοῦ</strong></span> <span class='ocrx_word' id='word_1_46' title='bbox 547 415 624 450; x_wconf 76' lang='grc' dir='ltr'>μένει</span> <span class='ocrx_word' id='word_1_47' title='bbox 657 414 704 441; x_wconf 77' lang='grc' dir='ltr'>καὶ</span> <span class='ocrx_word' id='word_1_48' title='bbox 729 411 939 449; x_wconf 78' lang='grc' dir='ltr'>ἓστηκεν.Ἐῖτα</span> 
     </span>
    </p>
   </div>
   <div class='ocr_carea' id='block_1_7' title="bbox 143 460 939 499">
    <p class='ocr_par' dir='ltr' id='par_1_7' title="bbox 143 460 939 499">
     <span class='ocr_line' id='line_1_7' title="bbox 143 460 939 499; baseline -0.006 -9"><span class='ocrx_word' id='word_1_49' title='bbox 143 465 235 499; x_wconf 81' lang='grc' dir='ltr'>φωνὴν</span> <span class='ocrx_word' id='word_1_50' title='bbox 247 463 326 497; x_wconf 71' lang='grc' dir='ltr'>ἀφεὶς</span> <span class='ocrx_word' id='word_1_51' title='bbox 342 462 455 497; x_wconf 83' lang='grc' dir='ltr'>λογικὴν</span> <span class='ocrx_word' id='word_1_52' title='bbox 470 462 517 488; x_wconf 74' lang='grc' dir='ltr'><strong>καὶ</strong></span> <span class='ocrx_word' id='word_1_53' title='bbox 532 461 592 496; x_wconf 82' lang='grc' dir='ltr'><strong>Θεῷ</strong></span> <span class='ocrx_word' id='word_1_54' title='bbox 605 461 778 496; x_wconf 82' lang='grc' dir='ltr'>πρέπουσαν.</span> <span class='ocrx_word' id='word_1_55' title='bbox 797 460 939 494; x_wconf 74' lang='grc' dir='ltr'>ἀναγγει-</span> 
     </span>
    </p>
   </div>
   <div class='ocr_carea' id='block_1_8' title="bbox 141 503 939 543">
    <p class='ocr_par' dir='ltr' id='par_1_8' title="bbox 141 503 939 543">
     <span class='ocr_line' id='line_1_8' title="bbox 141 503 939 543; baseline -0.006 -7"><span class='ocrx_word' id='word_1_56' title='bbox 141 509 223 537; x_wconf 71' lang='grc' dir='ltr'><strong>λὰτω</strong></span> <span class='ocrx_word' id='word_1_57' title='bbox 239 508 342 543; x_wconf 81' lang='grc' dir='ltr'>πρῶτα</span> <span class='ocrx_word' id='word_1_58' title='bbox 354 507 403 534; x_wconf 79' lang='grc' dir='ltr'>καὶ</span> <span class='ocrx_word' id='word_1_59' title='bbox 416 507 543 542; x_wconf 78' lang='grc' dir='ltr'>ἔσχατα,</span> <span class='ocrx_word' id='word_1_60' title='bbox 564 506 610 541; x_wconf 79' lang='grc' dir='ltr'><strong>ἀφ’</strong></span> <span class='ocrx_word' id='word_1_61' title='bbox 635 503 667 533; x_wconf 77' lang='grc' dir='ltr'>οὗ</span> <span class='ocrx_word' id='word_1_62' title='bbox 695 506 750 532; x_wconf 83' lang='grc' dir='ltr'><strong>τὸν</strong></span> <span class='ocrx_word' id='word_1_63' title='bbox 778 505 939 539; x_wconf 79' lang='grc' dir='ltr'><strong>ἄνθρωπον</strong></span> 
     </span>
    </p>
   </div>
   <div class='ocr_carea' id='block_1_9' title="bbox 142 550 938 589">
    <p class='ocr_par' dir='ltr' id='par_1_9' title="bbox 142 550 938 589">
     <span class='ocr_line' id='line_1_9' title="bbox 142 550 938 589; baseline -0.006 -7"><span class='ocrx_word' id='word_1_64' title='bbox 142 556 275 587; x_wconf 74' lang='grc' dir='ltr'>ἕπλασα,</span> <span class='ocrx_word' id='word_1_65' title='bbox 295 554 376 589; x_wconf 81' lang='grc' dir='ltr'>μέχρι</span> <span class='ocrx_word' id='word_1_66' title='bbox 394 552 440 579; x_wconf 82' lang='grc' dir='ltr'>τοῦ</span> <span class='ocrx_word' id='word_1_67' title='bbox 454 552 588 588; x_wconf 77' lang='grc' dir='ltr'><strong>παρόντος</strong></span> <span class='ocrx_word' id='word_1_68' title='bbox 617 551 726 586; x_wconf 76' lang='grc' dir='ltr'>καιροῦ,</span> <span class='ocrx_word' id='word_1_69' title='bbox 744 551 760 586; x_wconf 88' lang='grc' dir='ltr'><strong>ἦ</strong></span> <span class='ocrx_word' id='word_1_70' title='bbox 777 551 822 577; x_wconf 69' lang='grc' dir='ltr'><strong>καὶ</strong></span> <span class='ocrx_word' id='word_1_71' title='bbox 834 551 873 577; x_wconf 77' lang='grc' dir='ltr'>ἔτι</span> <span class='ocrx_word' id='word_1_72' title='bbox 884 550 938 577; x_wconf 85' lang='grc' dir='ltr'>τοῦ</span> 
     </span>
    </p>
   </div>
   <div class='ocr_carea' id='block_1_10' title="bbox 140 596 941 637">
    <p class='ocr_par' dir='ltr' id='par_1_10' title="bbox 140 596 941 637">
     <span class='ocr_line' id='line_1_10' title="bbox 140 596 941 637; baseline -0.007 -9"><span class='ocrx_word' id='word_1_73' title='bbox 140 602 320 637; x_wconf 76' lang='grc' dir='ltr'>μέλλοντος,</span> <span class='ocrx_word' id='word_1_74' title='bbox 345 599 471 634; x_wconf 81' lang='grc' dir='ltr'>καθάπερ</span> <span class='ocrx_word' id='word_1_75' title='bbox 498 597 554 632; x_wconf 79' lang='grc' dir='ltr'>ἐγὼ</span> <span class='ocrx_word' id='word_1_76' title='bbox 565 597 600 624; x_wconf 83' lang='grc' dir='ltr'><strong>τὰ</strong></span> <span class='ocrx_word' id='word_1_77' title='bbox 633 598 683 632; x_wconf 82' lang='grc' dir='ltr'>μὲν</span> <span class='ocrx_word' id='word_1_78' title='bbox 707 596 808 630; x_wconf 75' lang='grc' dir='ltr'>πρῶτα</span> <span class='ocrx_word' id='word_1_79' title='bbox 823 596 941 623; x_wconf 80' lang='grc' dir='ltr'><strong>διὰΜω-</strong></span> 
     </span>
    </p>
   </div>
   <div class='ocr_carea' id='block_1_11' title="bbox 145 641 939 682">
    <p class='ocr_par' dir='ltr' id='par_1_11' title="bbox 145 641 939 682">
     <span class='ocr_line' id='line_1_11' title="bbox 145 641 939 682; baseline -0.008 -8"><span class='ocrx_word' id='word_1_80' title='bbox 145 647 224 679; x_wconf 79' lang='grc' dir='ltr'><strong>σέως,</strong></span> <span class='ocrx_word' id='word_1_81' title='bbox 235 647 269 673; x_wconf 77' lang='grc' dir='ltr'>τὰ</span> <span class='ocrx_word' id='word_1_82' title='bbox 284 647 312 673; x_wconf 81' lang='grc' dir='ltr'>δὲ</span> <span class='ocrx_word' id='word_1_83' title='bbox 329 647 379 682; x_wconf 81' lang='grc' dir='ltr'>τῆς</span> <span class='ocrx_word' id='word_1_84' title='bbox 392 645 440 673; x_wconf 82' lang='grc' dir='ltr'>τοῦ</span> <span class='ocrx_word' id='word_1_85' title='bbox 457 644 576 680; x_wconf 82' lang='grc' dir='ltr'><strong>Χριστοῦ</strong></span> <span class='ocrx_word' id='word_1_86' title='bbox 613 643 777 678; x_wconf 78' lang='grc' dir='ltr'>παρουσίας.</span> <span class='ocrx_word' id='word_1_87' title='bbox 798 642 831 669; x_wconf 87' lang='grc' dir='ltr'><strong>δι’</strong></span> <span class='ocrx_word' id='word_1_88' title='bbox 855 641 939 668; x_wconf 82' lang='grc' dir='ltr'>αὑτοῦ</span> 
     </span>
    </p>
   </div>
   <div class='ocr_carea' id='block_1_12' title="bbox 143 687 940 726">
    <p class='ocr_par' dir='ltr' id='par_1_12' title="bbox 143 687 940 726">
     <span class='ocr_line' id='line_1_12' title="bbox 143 687 940 726; baseline -0.009 -6"><span class='ocrx_word' id='word_1_89' title='bbox 143 702 173 720; x_wconf 84' lang='grc' dir='ltr'><strong>τε</strong></span> <span class='ocrx_word' id='word_1_90' title='bbox 192 694 238 720; x_wconf 73' lang='grc' dir='ltr'><strong>καὶ</strong></span> <span class='ocrx_word' id='word_1_91' title='bbox 258 692 313 719; x_wconf 85' lang='grc' dir='ltr'><strong>τῶν</strong></span> <span class='ocrx_word' id='word_1_92' title='bbox 324 692 411 719; x_wconf 78' lang='grc' dir='ltr'>ἄλλων</span> <span class='ocrx_word' id='word_1_93' title='bbox 428 692 551 726; x_wconf 73' lang='grc' dir='ltr'>ἐμήνυσα</span> <span class='ocrx_word' id='word_1_94' title='bbox 571 688 731 726; x_wconf 74' lang='grc' dir='ltr'>προφητῶν.</span> <span class='ocrx_word' id='word_1_95' title='bbox 747 687 808 720; x_wconf 86' lang='grc' dir='ltr'><strong>Θεῷ</strong></span> <span class='ocrx_word' id='word_1_96' title='bbox 834 687 887 722; x_wconf 84' lang='grc' dir='ltr'>γὰρ</span> <span class='ocrx_word' id='word_1_97' title='bbox 901 687 940 722; x_wconf 85' lang='grc' dir='ltr'>τῷ</span> 
     </span>
    </p>
   </div>
   <div class='ocr_carea' id='block_1_13' title="bbox 145 733 940 771">
    <p class='ocr_par' dir='ltr' id='par_1_13' title="bbox 145 733 940 771">
     <span class='ocr_line' id='line_1_13' title="bbox 145 733 940 771; baseline -0.008 -6"><span class='ocrx_word' id='word_1_98' title='bbox 145 738 312 771; x_wconf 74' lang='grc' dir='ltr'>κατὰφύσιν</span> <span class='ocrx_word' id='word_1_99' title='bbox 337 738 425 764; x_wconf 77' lang='grc' dir='ltr'>πάντα</span> <span class='ocrx_word' id='word_1_100' title='bbox 451 738 583 771; x_wconf 82' lang='grc' dir='ltr'>πάρεστιν</span> <span class='ocrx_word' id='word_1_101' title='bbox 615 736 644 762; x_wconf 82' lang='grc' dir='ltr'>ὲν</span> <span class='ocrx_word' id='word_1_102' title='bbox 669 734 812 770; x_wconf 77' lang='grc' dir='ltr'>ἀμερίστῳ</span> <span class='ocrx_word' id='word_1_103' title='bbox 839 733 940 768; x_wconf 80' lang='grc' dir='ltr'><strong>γνώσει</strong></span> 
     </span>
    </p>
   </div>
   <div class='ocr_carea' id='block_1_14' title="bbox 145 783 525 819">
    <p class='ocr_par' dir='ltr' id='par_1_14' title="bbox 145 783 525 819">
     <span class='ocr_line' id='line_1_14' title="bbox 145 783 525 819; baseline -0.005 -8"><span class='ocrx_word' id='word_1_104' title='bbox 145 785 236 812; x_wconf 76' lang='grc' dir='ltr'>καὶτὰ</span> <span class='ocrx_word' id='word_1_105' title='bbox 248 785 336 819; x_wconf 79' lang='grc' dir='ltr'>χρόνῳ</span> <span class='ocrx_word' id='word_1_106' title='bbox 354 783 525 819; x_wconf 78' lang='grc' dir='ltr'><strong>διεστηκότα.</strong></span> 
     </span>
    </p>
   </div>
   <div class='ocr_carea' id='block_1_15' title="bbox 713 129 1214 161">
    <p class='ocr_par' dir='ltr' id='par_1_15' title="bbox 713 129 1214 161">
     <span class='ocr_line' id='line_1_15' title="bbox 713 129 1214 161; baseline -0.002 0"><span class='ocrx_word' id='word_1_107' title='bbox 713 129 983 161; x_wconf 73' lang='lat' dir='ltr'><strong>COMMENTARII</strong></span> <span class='ocrx_word' id='word_1_108' title='bbox 1006 130 1046 160; x_wconf 82' lang='lat' dir='ltr'><strong>IN</strong></span> <span class='ocrx_word' id='word_1_109' title='bbox 1069 130 1214 160; x_wconf 83' lang='lat' dir='ltr'><strong>lSAIAM.</strong></span> 
     </span>
    </p>
   </div>
   <div class='ocr_carea' id='block_1_16' title="bbox 1712 129 1786 161">
    <p class='ocr_par' dir='ltr' id='par_1_16' title="bbox 1712 129 1786 161">
     <span class='ocr_line' id='line_1_16' title="bbox 1712 129 1786 161; baseline 0.014 -1"><span class='ocrx_word' id='word_1_110' title='bbox 1712 129 1786 161; x_wconf 70' lang='lat'><strong>2406</strong></span> 
     </span>
    </p>
   </div>
   <div class='ocr_carea' id='block_1_17' title="bbox 990 182 1790 218">
    <p class='ocr_par' dir='ltr' id='par_1_17' title="bbox 990 182 1790 218">
     <span class='ocr_line' id='line_1_17' title="bbox 990 182 1790 218; baseline -0.003 -7"><span class='ocrx_word' id='word_1_111' title='bbox 990 183 1063 211; x_wconf 90' lang='lat' dir='ltr'><strong>enim</strong></span> <span class='ocrx_word' id='word_1_112' title='bbox 1081 190 1143 211; x_wconf 91' lang='lat' dir='ltr'><strong>cum</strong></span> <span class='ocrx_word' id='word_1_113' title='bbox 1165 184 1213 214; x_wconf 84' lang='lat' dir='ltr'><strong>sit.</strong></span> <span class='ocrx_word' id='word_1_114' title='bbox 1227 182 1408 218; x_wconf 85' lang='lat' dir='ltr'><strong>ejusdemque</strong></span> <span class='ocrx_word' id='word_1_115' title='bbox 1438 187 1555 215; x_wconf 60' lang='lat' dir='ltr'><strong>naturae,</strong></span> <span class='ocrx_word' id='word_1_116' title='bbox 1570 187 1596 210; x_wconf 90' lang='lat' dir='ltr'><strong>et</strong></span> <span class='ocrx_word' id='word_1_117' title='bbox 1620 182 1672 210; x_wconf 86' lang='lat' dir='ltr'><strong>sibi</strong></span> <span class='ocrx_word' id='word_1_118' title='bbox 1696 183 1790 210; x_wconf 73' lang='lat' dir='ltr'><strong>cohae—</strong></span> 
     </span>
    </p>
   </div>
   <div class='ocr_carea' id='block_1_18' title="bbox 991 227 1789 263">
    <p class='ocr_par' dir='ltr' id='par_1_18' title="bbox 991 227 1789 263">
     <span class='ocr_line' id='line_1_18' title="bbox 991 227 1789 263; baseline -0.001 -7"><span class='ocrx_word' id='word_1_119' title='bbox 991 236 1056 257; x_wconf 86' lang='lat' dir='ltr'><strong>rens</strong></span> <span class='ocrx_word' id='word_1_120' title='bbox 1073 228 1194 256; x_wconf 91' lang='lat' dir='ltr'><strong>mundus</strong></span> <span class='ocrx_word' id='word_1_121' title='bbox 1215 228 1336 261; x_wconf 88' lang='lat' dir='ltr'><strong>;unicus</strong></span> <span class='ocrx_word' id='word_1_122' title='bbox 1358 235 1469 263; x_wconf 86' lang='lat' dir='ltr'><strong>quoque</strong></span> <span class='ocrx_word' id='word_1_123' title='bbox 1501 232 1528 256; x_wconf 87' lang='lat' dir='ltr'><strong>et</strong></span> <span class='ocrx_word' id='word_1_124' title='bbox 1555 228 1616 263; x_wconf 83' lang='lat' dir='ltr'><strong>ejus</strong></span> <span class='ocrx_word' id='word_1_125' title='bbox 1647 227 1738 263; x_wconf 79' lang='lat' dir='ltr'><strong>opifex</strong></span> <span class='ocrx_word' id='word_1_126' title='bbox 1755 236 1789 255; x_wconf 85' lang='lat' dir='ltr'><strong>ex</strong></span> 
     </span>
    </p>
   </div>
   <div class='ocr_carea' id='block_1_19' title="bbox 979 274 1791 310">
    <p class='ocr_par' dir='ltr' id='par_1_19' title="bbox 979 274 1791 310">
     <span class='ocr_line' id='line_1_19' title="bbox 979 274 1791 310; baseline -0.001 -8"><span class='ocrx_word' id='word_1_127' title='bbox 979 275 1181 310; x_wconf 66' lang='lat' dir='ltr'><strong>&#39;magnitudine</strong></span> <span class='ocrx_word' id='word_1_128' title='bbox 1194 275 1287 309; x_wconf 89' lang='lat' dir='ltr'><strong>operis</strong></span> <span class='ocrx_word' id='word_1_129' title='bbox 1303 277 1330 301; x_wconf 88' lang='lat' dir='ltr'><strong>et</strong></span> <span class='ocrx_word' id='word_1_130' title='bbox 1346 274 1550 309; x_wconf 75' lang='lat' dir='ltr'><strong>pulchritudine</strong></span> <span class='ocrx_word' id='word_1_131' title='bbox 1562 274 1733 309; x_wconf 73' lang='lat' dir='ltr'><strong>intelligatur</strong></span> <span class='ocrx_word' id='word_1_132' title='bbox 1743 282 1791 301; x_wconf 85' lang='lat' dir='ltr'><strong>ne-</strong></span> 
     </span>
    </p>
   </div>
   <div class='ocr_carea' id='block_1_20' title="bbox 992 320 1790 356">
    <p class='ocr_par' dir='ltr' id='par_1_20' title="bbox 992 320 1790 356">
     <span class='ocr_line' id='line_1_20' title="bbox 992 320 1790 356; baseline -0.004 -6"><span class='ocrx_word' id='word_1_133' title='bbox 992 329 1071 350; x_wconf 85' lang='lat' dir='ltr'><strong>cesse</strong></span> <span class='ocrx_word' id='word_1_134' title='bbox 1084 325 1127 349; x_wconf 89' lang='lat' dir='ltr'><strong>est</strong></span> <span class='ocrx_word' id='word_1_135' title='bbox 1141 329 1148 354; x_wconf 90' lang='lat'><strong>;</strong></span> <span class='ocrx_word' id='word_1_136' title='bbox 1163 321 1397 356; x_wconf 85' lang='lat' dir='ltr'><strong>quemadmodum</strong></span> <span class='ocrx_word' id='word_1_137' title='bbox 1406 325 1433 348; x_wconf 88' lang='lat' dir='ltr'><strong>et</strong></span> <span class='ocrx_word' id='word_1_138' title='bbox 1447 321 1567 348; x_wconf 91' lang='lat' dir='ltr'><strong>mundus</strong></span> <span class='ocrx_word' id='word_1_139' title='bbox 1583 321 1665 352; x_wconf 87' lang='lat' dir='ltr'><strong>alius,</strong></span> <span class='ocrx_word' id='word_1_140' title='bbox 1681 321 1704 347; x_wconf 72' lang='lat' dir='ltr'><strong>ti</strong></span> <span class='ocrx_word' id='word_1_141' title='bbox 1719 320 1790 347; x_wconf 79' lang='lat' dir='ltr'><strong>Deus</strong></span> 
     </span>
    </p>
   </div>
   <div class='ocr_carea' id='block_1_21' title="bbox 994 366 1792 402">
    <p class='ocr_par' dir='ltr' id='par_1_21' title="bbox 994 366 1792 402">
     <span class='ocr_line' id='line_1_21' title="bbox 994 366 1792 402; baseline -0.001 -8"><span class='ocrx_word' id='word_1_142' title='bbox 994 367 1066 394; x_wconf 88' lang='lat' dir='ltr'><strong>alius</strong></span> <span class='ocrx_word' id='word_1_143' title='bbox 1084 375 1091 394; x_wconf 86' lang='lat'><strong>:</strong></span> <span class='ocrx_word' id='word_1_144' title='bbox 1105 367 1179 402; x_wconf 87' lang='lat' dir='ltr'><strong>quod</strong></span> <span class='ocrx_word' id='word_1_145' title='bbox 1196 367 1290 394; x_wconf 90' lang='lat' dir='ltr'><strong>multis</strong></span> <span class='ocrx_word' id='word_1_146' title='bbox 1305 367 1462 395; x_wconf 68' lang='lat' dir='ltr'><strong>rationibus</strong></span> <span class='ocrx_word' id='word_1_147' title='bbox 1479 366 1633 394; x_wconf 85' lang='lat' dir='ltr'><strong>absurdum</strong></span> <span class='ocrx_word' id='word_1_148' title='bbox 1650 374 1713 394; x_wconf 87' lang='lat' dir='ltr'><strong>esse</strong></span> <span class='ocrx_word' id='word_1_149' title='bbox 1725 375 1792 395; x_wconf 88' lang='lat' dir='ltr'><strong>c0n-</strong></span> 
     </span>
    </p>
   </div>
   <div class='ocr_carea' id='block_1_22' title="bbox 994 413 1790 449">
    <p class='ocr_par' dir='ltr' id='par_1_22' title="bbox 994 413 1790 449">
     <span class='ocr_line' id='line_1_22' title="bbox 994 413 1790 449; baseline 0 -9"><span class='ocrx_word' id='word_1_150' title='bbox 994 413 1168 441; x_wconf 79' lang='lat' dir='ltr'><strong>vincitur.At</strong></span> <span class='ocrx_word' id='word_1_151' title='bbox 1179 414 1252 449; x_wconf 93' lang='lat' dir='ltr'><strong>quod</strong></span> <span class='ocrx_word' id='word_1_152' title='bbox 1269 418 1340 447; x_wconf 71' lang='lat' dir='ltr'><strong>stare</strong></span> <span class='ocrx_word' id='word_1_153' title='bbox 1355 413 1483 449; x_wconf 85' lang='lat' dir='ltr'><strong>imperat,</strong></span> <span class='ocrx_word' id='word_1_154' title='bbox 1501 413 1624 448; x_wconf 73' lang='lat' dir='ltr'><strong>postulat</strong></span> <span class='ocrx_word' id='word_1_155' title='bbox 1640 413 1790 448; x_wconf 85' lang='lat' dir='ltr'><strong>imprimis,</strong></span> 
     </span>
    </p>
   </div>
   <div class='ocr_carea' id='block_1_23' title="bbox 993 461 1790 495">
    <p class='ocr_par' dir='ltr' id='par_1_23' title="bbox 993 461 1790 495">
     <span class='ocr_line' id='line_1_23' title="bbox 993 461 1790 495; baseline 0.001 -8"><span class='ocrx_word' id='word_1_156' title='bbox 993 465 1023 488; x_wconf 92' lang='lat' dir='ltr'><strong>ut</strong></span> <span class='ocrx_word' id='word_1_157' title='bbox 1039 469 1117 489; x_wconf 86' lang='lat' dir='ltr'><strong>suam</strong></span> <span class='ocrx_word' id='word_1_158' title='bbox 1144 462 1190 488; x_wconf 90' lang='lat' dir='ltr'><strong>ille</strong></span> <span class='ocrx_word' id='word_1_159' title='bbox 1219 461 1415 489; x_wconf 84' lang='lat' dir='ltr'><strong>exsistentiam</strong></span> <span class='ocrx_word' id='word_1_160' title='bbox 1434 461 1616 495; x_wconf 90' lang='lat' dir='ltr'><strong>demonstret,</strong></span> <span class='ocrx_word' id='word_1_161' title='bbox 1635 461 1746 495; x_wconf 89' lang='lat' dir='ltr'><strong>deinde,</strong></span> <span class='ocrx_word' id='word_1_162' title='bbox 1759 465 1790 489; x_wconf 87' lang='lat' dir='ltr'><strong>ut</strong></span> 
     </span>
    </p>
   </div>
   <div class='ocr_carea' id='block_1_24' title="bbox 994 506 1791 542">
    <p class='ocr_par' dir='ltr' id='par_1_24' title="bbox 994 506 1791 542">
     <span class='ocr_line' id='line_1_24' title="bbox 994 506 1791 542; baseline 0 -8"><span class='ocrx_word' id='word_1_163' title='bbox 994 507 1031 534; x_wconf 97' lang='lat' dir='ltr'><strong>sit</strong></span> <span class='ocrx_word' id='word_1_164' title='bbox 1053 507 1081 534; x_wconf 94' lang='lat' dir='ltr'><strong>in</strong></span> <span class='ocrx_word' id='word_1_165' title='bbox 1107 506 1238 535; x_wconf 70' lang='lat' dir='ltr'><strong>essentia:</strong></span> <span class='ocrx_word' id='word_1_166' title='bbox 1262 506 1560 542; x_wconf 87' lang='lat' dir='ltr'><strong>hyposlasi,denique,</strong></span> <span class='ocrx_word' id='word_1_167' title='bbox 1578 511 1608 533; x_wconf 89' lang='lat' dir='ltr'><strong>ut</strong></span> <span class='ocrx_word' id='word_1_168' title='bbox 1640 507 1668 534; x_wconf 91' lang='lat' dir='ltr'><strong>in</strong></span> <span class='ocrx_word' id='word_1_169' title='bbox 1698 507 1791 541; x_wconf 83' lang='lat' dir='ltr'><strong>seipso</strong></span> 
     </span>
    </p>
   </div>
   <div class='ocr_carea' id='block_1_25' title="bbox 992 553 1791 588">
    <p class='ocr_par' dir='ltr' id='par_1_25' title="bbox 992 553 1791 588">
     <span class='ocr_line' id='line_1_25' title="bbox 992 553 1791 588; baseline 0.001 -9"><span class='ocrx_word' id='word_1_170' title='bbox 992 556 1102 580; x_wconf 89' lang='lat' dir='ltr'><strong>maneat</strong></span> <span class='ocrx_word' id='word_1_171' title='bbox 1117 557 1143 580; x_wconf 85' lang='lat' dir='ltr'><strong>et</strong></span> <span class='ocrx_word' id='word_1_172' title='bbox 1157 557 1274 580; x_wconf 79' lang='lat' dir='ltr'><strong>constet.</strong></span> <span class='ocrx_word' id='word_1_173' title='bbox 1285 553 1358 580; x_wconf 77' lang='lat' dir='ltr'><strong>Voce</strong></span> <span class='ocrx_word' id='word_1_174' title='bbox 1375 557 1505 588; x_wconf 83' lang='lat' dir='ltr'><strong>praetcrea</strong></span> <span class='ocrx_word' id='word_1_175' title='bbox 1522 561 1589 581; x_wconf 89' lang='lat' dir='ltr'><strong>usus</strong></span> <span class='ocrx_word' id='word_1_176' title='bbox 1600 553 1717 580; x_wconf 85' lang='lat' dir='ltr'><strong>rationis</strong></span> <span class='ocrx_word' id='word_1_177' title='bbox 1726 561 1791 588; x_wconf 87' lang='lat' dir='ltr'><strong>par-</strong></span> 
     </span>
    </p>
   </div>
   <div class='ocr_carea' id='block_1_26' title="bbox 991 598 1791 634">
    <p class='ocr_par' dir='ltr' id='par_1_26' title="bbox 991 598 1791 634">
     <span class='ocr_line' id='line_1_26' title="bbox 991 598 1791 634; baseline 0.001 -9"><span class='ocrx_word' id='word_1_178' title='bbox 991 598 1085 633; x_wconf 87' lang='lat' dir='ltr'><strong>ticipe,</strong></span> <span class='ocrx_word' id='word_1_179' title='bbox 1103 598 1214 633; x_wconf 88' lang='lat' dir='ltr'><strong>Deoqne</strong></span> <span class='ocrx_word' id='word_1_180' title='bbox 1233 599 1422 629; x_wconf 75' lang='lat' dir='ltr'><strong>eonvenicnti,</strong></span> <span class='ocrx_word' id='word_1_181' title='bbox 1443 607 1502 633; x_wconf 75' lang='lat' dir='ltr'><strong>qua:</strong></span> <span class='ocrx_word' id='word_1_182' title='bbox 1524 599 1611 633; x_wconf 84' lang='lat' dir='ltr'><strong>prima</strong></span> <span class='ocrx_word' id='word_1_183' title='bbox 1625 607 1733 634; x_wconf 68' lang='lat' dir='ltr'><strong>qumque</strong></span> <span class='ocrx_word' id='word_1_184' title='bbox 1749 599 1791 626; x_wconf 89' lang='lat' dir='ltr'><strong>ul-</strong></span> 
     </span>
    </p>
   </div>
   <div class='ocr_carea' id='block_1_27' title="bbox 994 644 1792 679">
    <p class='ocr_par' dir='ltr' id='par_1_27' title="bbox 994 644 1792 679">
     <span class='ocr_line' id='line_1_27' title="bbox 994 644 1792 679; baseline 0.003 -9"><span class='ocrx_word' id='word_1_185' title='bbox 994 644 1071 676; x_wconf 83' lang='lat' dir='ltr'><strong>tima,</strong></span> <span class='ocrx_word' id='word_1_186' title='bbox 1095 644 1197 679; x_wconf 86' lang='lat' dir='ltr'><strong>inquit,</strong></span> <span class='ocrx_word' id='word_1_187' title='bbox 1220 644 1372 676; x_wconf 74' lang='lat' dir='ltr'><strong>annuntiat,</strong></span> <span class='ocrx_word' id='word_1_188' title='bbox 1393 644 1428 671; x_wconf 88' lang='lat' dir='ltr'><strong>ab</strong></span> <span class='ocrx_word' id='word_1_189' title='bbox 1457 652 1491 671; x_wconf 88' lang='lat' dir='ltr'><strong>eo</strong></span> <span class='ocrx_word' id='word_1_190' title='bbox 1514 648 1637 679; x_wconf 87' lang='lat' dir='ltr'><strong>tempore</strong></span> <span class='ocrx_word' id='word_1_191' title='bbox 1663 652 1792 677; x_wconf 79' lang='lat' dir='ltr'><strong>exorsus,</strong></span> 
     </span>
    </p>
   </div>
   <div class='ocr_carea' id='block_1_28' title="bbox 993 688 1792 725">
    <p class='ocr_par' dir='ltr' id='par_1_28' title="bbox 993 688 1792 725">
     <span class='ocr_line' id='line_1_28' title="bbox 993 688 1792 725; baseline 0.003 -10"><span class='ocrx_word' id='word_1_192' title='bbox 993 696 1048 723; x_wconf 88' lang='lat' dir='ltr'><strong>quo</strong></span> <span class='ocrx_word' id='word_1_193' title='bbox 1068 688 1200 716; x_wconf 80' lang='lat' dir='ltr'><strong>hominem</strong></span> <span class='ocrx_word' id='word_1_194' title='bbox 1220 689 1336 724; x_wconf 78' lang='lat' dir='ltr'><strong>formavi</strong></span> <span class='ocrx_word' id='word_1_195' title='bbox 1364 688 1399 716; x_wconf 84' lang='lat' dir='ltr'><strong>ad</strong></span> <span class='ocrx_word' id='word_1_196' title='bbox 1429 696 1552 724; x_wconf 71' lang='lat' dir='ltr'><strong>praesens</strong></span> <span class='ocrx_word' id='word_1_197' title='bbox 1574 697 1673 725; x_wconf 86' lang='lat' dir='ltr'><strong>usque,</strong></span> <span class='ocrx_word' id='word_1_198' title='bbox 1685 694 1713 717; x_wconf 89' lang='lat' dir='ltr'><strong>et</strong></span> <span class='ocrx_word' id='word_1_199' title='bbox 1731 697 1792 725; x_wconf 67' lang='lat' dir='ltr'><strong>qua!</strong></span> 
     </span>
    </p>
   </div>
   <div class='ocr_carea' id='block_1_29' title="bbox 994 734 1791 771">
    <p class='ocr_par' dir='ltr' id='par_1_29' title="bbox 994 734 1791 771">
     <span class='ocr_line' id='line_1_29' title="bbox 994 734 1791 771; baseline 0.003 -11"><span class='ocrx_word' id='word_1_200' title='bbox 994 738 1104 761; x_wconf 72' lang='lat' dir='ltr'><strong>uentura</strong></span> <span class='ocrx_word' id='word_1_201' title='bbox 1121 735 1215 767; x_wconf 88' lang='lat' dir='ltr'><strong>etiam,</strong></span> <span class='ocrx_word' id='word_1_202' title='bbox 1237 734 1471 770; x_wconf 90' lang='lat' dir='ltr'><strong>quemadmodum</strong></span> <span class='ocrx_word' id='word_1_203' title='bbox 1487 735 1512 762; x_wconf 90' lang='lat' dir='ltr'><strong>ei</strong></span> <span class='ocrx_word' id='word_1_204' title='bbox 1530 735 1589 771; x_wconf 90' lang='lat' dir='ltr'><strong>ipse</strong></span> <span class='ocrx_word' id='word_1_205' title='bbox 1616 737 1704 770; x_wconf 85' lang='lat' dir='ltr'><strong>prima</strong></span> <span class='ocrx_word' id='word_1_206' title='bbox 1729 736 1791 771; x_wconf 90' lang='lat' dir='ltr'><strong>qui-</strong></span> 
     </span>
    </p>
   </div>
   <div class='ocr_carea' id='block_1_30' title="bbox 998 780 1790 815">
    <p class='ocr_par' dir='ltr' id='par_1_30' title="bbox 998 780 1790 815">
     <span class='ocr_line' id='line_1_30' title="bbox 998 780 1790 815; baseline 0.003 -9"><span class='ocrx_word' id='word_1_207' title='bbox 998 780 1060 807; x_wconf 85' lang='lat' dir='ltr'><strong>dem</strong></span> <span class='ocrx_word' id='word_1_208' title='bbox 1078 787 1126 815; x_wconf 90' lang='lat' dir='ltr'><strong>per</strong></span> <span class='ocrx_word' id='word_1_209' title='bbox 1145 783 1248 811; x_wconf 82' lang='lat' dir='ltr'><strong>Mosen,</strong></span> <span class='ocrx_word' id='word_1_210' title='bbox 1262 784 1361 807; x_wconf 62' lang='lat' dir='ltr'><strong>cmtera</strong></span> <span class='ocrx_word' id='word_1_211' title='bbox 1388 784 1479 807; x_wconf 87' lang='lat' dir='ltr'><strong>autem</strong></span> <span class='ocrx_word' id='word_1_212' title='bbox 1498 781 1532 808; x_wconf 90' lang='lat' dir='ltr'><strong>de</strong></span> <span class='ocrx_word' id='word_1_213' title='bbox 1548 780 1651 808; x_wconf 85' lang='lat' dir='ltr'><strong>Christi</strong></span> <span class='ocrx_word' id='word_1_214' title='bbox 1671 781 1790 809; x_wconf 88' lang='lat' dir='ltr'><strong>adventtt</strong></span> 
     </span>
    </p>
   </div>
   <div class='ocr_carea' id='block_1_31' title="bbox 147 823 1788 866">
    <p class='ocr_par' dir='ltr' id='par_1_31' title="bbox 147 823 1788 866">
     <span class='ocr_line' id='line_1_31' title="bbox 147 823 1788 866; baseline -0.002 -8"><span class='ocrx_word' id='word_1_215' title='bbox 147 839 194 866; x_wconf 84' lang='lat' dir='ltr'><strong>per</strong></span> <span class='ocrx_word' id='word_1_216' title='bbox 208 830 348 861; x_wconf 87' lang='lat' dir='ltr'><strong>eumdctu,</strong></span> <span class='ocrx_word' id='word_1_217' title='bbox 366 829 570 864; x_wconf 88' lang='lat' dir='ltr'><strong>prophetasque</strong></span> <span class='ocrx_word' id='word_1_218' title='bbox 592 827 662 853; x_wconf 86' lang='lat' dir='ltr'><strong>alios</strong></span> <span class='ocrx_word' id='word_1_219' title='bbox 688 823 839 860; x_wconf 87' lang='lat' dir='ltr'><strong>aperui.Ei</strong></span> <span class='ocrx_word' id='word_1_220' title='bbox 856 823 1005 859; x_wconf 83' lang='lat' dir='ltr'><strong>siquidem,</strong></span> <span class='ocrx_word' id='word_1_221' title='bbox 1022 824 1070 859; x_wconf 86' lang='lat' dir='ltr'><strong>qui</strong></span> <span class='ocrx_word' id='word_1_222' title='bbox 1100 828 1199 852; x_wconf 87' lang='lat' dir='ltr'><strong>natura</strong></span> <span class='ocrx_word' id='word_1_223' title='bbox 1217 825 1288 852; x_wconf 78' lang='lat' dir='ltr'><strong>Deus</strong></span> <span class='ocrx_word' id='word_1_224' title='bbox 1318 825 1366 858; x_wconf 88' lang='lat' dir='ltr'><strong>sit,</strong></span> <span class='ocrx_word' id='word_1_225' title='bbox 1402 827 1548 860; x_wconf 63' lang='lat' dir='ltr'><strong>praesentia</strong></span> <span class='ocrx_word' id='word_1_226' title='bbox 1585 830 1651 854; x_wconf 86' lang='lat' dir='ltr'><strong>sunt</strong></span> <span class='ocrx_word' id='word_1_227' title='bbox 1684 826 1788 859; x_wconf 85' lang='lat' dir='ltr'><strong>omnia,</strong></span> 
     </span>
    </p>
   </div>
   <div class='ocr_carea' id='block_1_32' title="bbox 147 871 1519 911">
    <p class='ocr_par' dir='ltr' id='par_1_32' title="bbox 147 871 1519 911">
     <span class='ocr_line' id='line_1_32' title="bbox 147 871 1519 911; baseline -0.004 -8"><span class='ocrx_word' id='word_1_228' title='bbox 147 876 278 910; x_wconf 90' lang='lat' dir='ltr'><strong>nulloque</strong></span> <span class='ocrx_word' id='word_1_229' title='bbox 299 875 350 911; x_wconf 85' lang='lat' dir='ltr'><strong>ipsi</strong></span> <span class='ocrx_word' id='word_1_230' title='bbox 367 874 537 909; x_wconf 84' lang='lat' dir='ltr'><strong>cognitionis</strong></span> <span class='ocrx_word' id='word_1_231' title='bbox 552 872 716 899; x_wconf 87' lang='lat' dir='ltr'><strong>discrimine</strong></span> <span class='ocrx_word' id='word_1_232' title='bbox 730 878 762 897; x_wconf 87' lang='lat' dir='ltr'><strong>ea</strong></span> <span class='ocrx_word' id='word_1_233' title='bbox 777 872 871 902; x_wconf 86' lang='lat' dir='ltr'><strong>etiam,</strong></span> <span class='ocrx_word' id='word_1_234' title='bbox 886 877 947 904; x_wconf 71' lang='lat' dir='ltr'><strong>qua:</strong></span> <span class='ocrx_word' id='word_1_235' title='bbox 967 874 1091 905; x_wconf 81' lang='lat' dir='ltr'><strong>tempore</strong></span> <span class='ocrx_word' id='word_1_236' title='bbox 1108 871 1328 906; x_wconf 80' lang='lat' dir='ltr'><strong>distinguuntur,</strong></span> <span class='ocrx_word' id='word_1_237' title='bbox 1344 875 1519 906; x_wconf 81' lang='lat' dir='ltr'><strong>separantur.</strong></span> 
     </span>
    </p>
   </div>
   <div class='ocr_carea' id='block_1_33' title="bbox 190 915 948 956">
    <p class='ocr_par' dir='ltr' id='par_1_33' title="bbox 190 916 948 956">
     <span class='ocr_line' id='line_1_33' title="bbox 190 916 948 956; baseline -0.007 -8"><span class='ocrx_word' id='word_1_238' title='bbox 190 922 269 949; x_wconf 81' lang='grc' dir='ltr'>Ἀλλὰ</span> <span class='ocrx_word' id='word_1_239' title='bbox 283 922 338 956; x_wconf 74' lang='grc' dir='ltr'><strong>γὰρ</strong></span> <span class='ocrx_word' id='word_1_240' title='bbox 351 925 363 940; x_wconf 74' lang='grc' dir='ltr'><em>ι</em></span> <span class='ocrx_word' id='word_1_241' title='bbox 377 921 415 956; x_wconf 83' lang='grc' dir='ltr'>μὴ</span> <span class='ocrx_word' id='word_1_242' title='bbox 427 918 666 955; x_wconf 75' lang='grc' dir='ltr'>συσχηματῑζεσθε</span> <span class='ocrx_word' id='word_1_243' title='bbox 678 916 948 953; x_wconf 75' lang='grc' dir='ltr'>ἐγκαλυπτόμενοι,</span> 
     </span>
    </p>
   </div>
   <div class='ocr_carea' id='block_1_34' title="bbox 1001 915 1794 956">
    <p class='ocr_par' dir='ltr' id='par_1_34' title="bbox 1038 915 1794 952">
     <span class='ocr_line' id='line_1_34' title="bbox 1038 915 1794 952; baseline 0.001 -9"><span class='ocrx_word' id='word_1_244' title='bbox 1038 915 1134 944; x_wconf 86' lang='lat' dir='ltr'><strong>Videte</strong></span> <span class='ocrx_word' id='word_1_245' title='bbox 1158 917 1244 952; x_wconf 83' lang='lat' dir='ltr'><strong>igitur</strong></span> <span class='ocrx_word' id='word_1_246' title='bbox 1260 925 1295 945; x_wconf 89' lang='lat' dir='ltr'><strong>ne</strong></span> <span class='ocrx_word' id='word_1_247' title='bbox 1317 917 1363 944; x_wconf 85' lang='lat' dir='ltr'><strong>alii</strong></span> <span class='ocrx_word' id='word_1_248' title='bbox 1407 917 1618 945; x_wconf 89' lang='lat' dir='ltr'><strong>eonformemini</strong></span> <span class='ocrx_word' id='word_1_249' title='bbox 1645 915 1794 944; x_wconf 75' lang='lat' dir='ltr'><strong>absconditi</strong></span> 
     </span>
    </p>
   </div>
   <div class='ocr_carea' id='block_1_35' title="bbox 147 962 947 1003">
    <p class='ocr_par' dir='ltr' id='par_1_35' title="bbox 147 962 947 1003">
     <span class='ocr_line' id='line_1_35' title="bbox 147 962 947 1003; baseline -0.01 -6"><span class='ocrx_word' id='word_1_250' title='bbox 147 970 185 1001; x_wconf 87' lang='grc' dir='ltr'>ὡς</span> <span class='ocrx_word' id='word_1_251' title='bbox 196 969 297 999; x_wconf 70' lang='grc' dir='ltr'>ειδότες</span> <span class='ocrx_word' id='word_1_252' title='bbox 314 967 364 1003; x_wconf 78' lang='grc' dir='ltr'>μέν</span> <span class='ocrx_word' id='word_1_253' title='bbox 384 975 422 999; x_wconf 82' lang='grc' dir='ltr'>τι,</span> <span class='ocrx_word' id='word_1_254' title='bbox 436 966 473 1002; x_wconf 83' lang='grc' dir='ltr'>μὴ</span> <span class='ocrx_word' id='word_1_255' title='bbox 485 965 642 1001; x_wconf 81' lang='grc' dir='ltr'>βουλόμενοι</span> <span class='ocrx_word' id='word_1_256' title='bbox 655 964 682 991; x_wconf 81' lang='grc' dir='ltr'><strong>δὲ</strong></span> <span class='ocrx_word' id='word_1_257' title='bbox 693 963 794 998; x_wconf 75' lang='grc' dir='ltr'>λέγειν.</span> <span class='ocrx_word' id='word_1_258' title='bbox 824 964 865 990; x_wconf 86' lang='grc' dir='ltr'><strong>Οὐ</strong></span> <span class='ocrx_word' id='word_1_259' title='bbox 892 962 947 997; x_wconf 82' lang='grc' dir='ltr'>γὰρ</span> 
     </span>
    </p>
   </div>
   <div class='ocr_carea' id='block_1_36' title="bbox 146 1008 947 1050">
    <p class='ocr_par' dir='ltr' id='par_1_36' title="bbox 146 1008 947 1050">
     <span class='ocr_line' id='line_1_36' title="bbox 146 1008 947 1050; baseline -0.011 -7"><span class='ocrx_word' id='word_1_260' title='bbox 146 1016 308 1050; x_wconf 79' lang='grc' dir='ltr'>ἠκούσατε,</span> <span class='ocrx_word' id='word_1_261' title='bbox 323 1014 416 1049; x_wconf 69' lang='grc' dir='ltr'>φησιν,</span> <span class='ocrx_word' id='word_1_262' title='bbox 428 1012 479 1039; x_wconf 76' lang='grc' dir='ltr'><strong>ἀπ’</strong></span> <span class='ocrx_word' id='word_1_263' title='bbox 496 1011 604 1046; x_wconf 82' lang='grc' dir='ltr'><strong>ἀρχῆς,</strong></span> <span class='ocrx_word' id='word_1_264' title='bbox 620 1010 682 1036; x_wconf 69' lang='grc' dir='ltr'>οὑδὲ</span> <span class='ocrx_word' id='word_1_265' title='bbox 710 1010 812 1044; x_wconf 73' lang='grc' dir='ltr'>ἔγνωτε</span> <span class='ocrx_word' id='word_1_266' title='bbox 826 1008 947 1036; x_wconf 79' lang='grc' dir='ltr'>τοιοῦτον</span> 
     </span>
    </p>
   </div>
   <div class='ocr_carea' id='block_1_37' title="bbox 147 1053 949 1094">
    <p class='ocr_par' dir='ltr' id='par_1_37' title="bbox 147 1053 949 1094">
     <span class='ocr_line' id='line_1_37' title="bbox 147 1053 949 1094; baseline -0.01 -7"><span class='ocrx_word' id='word_1_267' title='bbox 147 1061 232 1091; x_wconf 67' lang='grc' dir='ltr'>οὐδὲν,</span> <span class='ocrx_word' id='word_1_268' title='bbox 245 1059 283 1091; x_wconf 82' lang='grc' dir='ltr'>ὠς</span> <span class='ocrx_word' id='word_1_269' title='bbox 296 1058 351 1093; x_wconf 78' lang='grc' dir='ltr'><strong>ἐγὼ</strong></span> <span class='ocrx_word' id='word_1_270' title='bbox 364 1057 519 1094; x_wconf 75' lang='grc' dir='ltr'>πρόγνωσιν</span> <span class='ocrx_word' id='word_1_271' title='bbox 529 1065 558 1082; x_wconf 90' lang='grc' dir='ltr'><strong>τε</strong></span> <span class='ocrx_word' id='word_1_272' title='bbox 571 1055 622 1090; x_wconf 85' lang='grc' dir='ltr'><strong>τὴν</strong></span> <span class='ocrx_word' id='word_1_273' title='bbox 633 1055 702 1090; x_wconf 71' lang='grc' dir='ltr'>ἐμὴν</span> <span class='ocrx_word' id='word_1_274' title='bbox 723 1054 770 1081; x_wconf 78' lang='grc' dir='ltr'>καὶ</span> <span class='ocrx_word' id='word_1_275' title='bbox 783 1053 878 1085; x_wconf 80' lang='grc' dir='ltr'>οεῖκὰς</span> <span class='ocrx_word' id='word_1_276' title='bbox 899 1053 949 1079; x_wconf 66' lang='lat' dir='ltr'><strong>s1:-</strong></span> 
     </span>
    </p>
   </div>
   <div class='ocr_carea' id='block_1_38' title="bbox 154 1097 948 1139">
    <p class='ocr_par' dir='ltr' id='par_1_38' title="bbox 154 1097 948 1139">
     <span class='ocr_line' id='line_1_38' title="bbox 154 1097 948 1139; baseline -0.011 -6"><span class='ocrx_word' id='word_1_277' title='bbox 154 1106 245 1139; x_wconf 78' lang='grc' dir='ltr'>έδειξα</span> <span class='ocrx_word' id='word_1_278' title='bbox 256 1104 382 1139; x_wconf 85' lang='grc' dir='ltr'>πράξεις.</span> <span class='ocrx_word' id='word_1_279' title='bbox 395 1101 445 1130; x_wconf 81' lang='grc' dir='ltr'>Ὧν</span> <span class='ocrx_word' id='word_1_280' title='bbox 461 1103 539 1138; x_wconf 87' lang='grc' dir='ltr'><strong>ὑμεῖς</strong></span> <span class='ocrx_word' id='word_1_281' title='bbox 553 1101 702 1137; x_wconf 85' lang='grc' dir='ltr'>μάρτυρες,</span> <span class='ocrx_word' id='word_1_282' title='bbox 716 1100 773 1127; x_wconf 84' lang='grc' dir='ltr'>ὅσοι</span> <span class='ocrx_word' id='word_1_283' title='bbox 783 1099 818 1126; x_wconf 83' lang='grc' dir='ltr'>τὰ</span> <span class='ocrx_word' id='word_1_284' title='bbox 827 1097 948 1129; x_wconf 78' lang='grc' dir='ltr'><strong>Μωσέως</strong></span> 
     </span>
    </p>
   </div>
   <div class='ocr_carea' id='block_1_39' title="bbox 147 1143 949 1185">
    <p class='ocr_par' dir='ltr' id='par_1_39' title="bbox 147 1143 949 1185">
     <span class='ocr_line' id='line_1_39' title="bbox 147 1143 949 1185; baseline -0.01 -8"><span class='ocrx_word' id='word_1_285' title='bbox 147 1152 194 1180; x_wconf 76' lang='grc' dir='ltr'><strong>καὶ</strong></span> <span class='ocrx_word' id='word_1_286' title='bbox 206 1150 259 1177; x_wconf 87' lang='grc' dir='ltr'><strong>τῶν</strong></span> <span class='ocrx_word' id='word_1_287' title='bbox 277 1149 336 1185; x_wconf 79' lang='grc' dir='ltr'>μετ’</span> <span class='ocrx_word' id='word_1_288' title='bbox 352 1149 436 1175; x_wconf 80' lang='grc' dir='ltr'>αὐτὸν</span> <span class='ocrx_word' id='word_1_289' title='bbox 448 1147 588 1182; x_wconf 72' lang='grc' dir='ltr'>ἐγνώκατε</span> <span class='ocrx_word' id='word_1_290' title='bbox 600 1146 690 1180; x_wconf 81' lang='grc' dir='ltr'>λόγια,</span> <span class='ocrx_word' id='word_1_291' title='bbox 704 1145 739 1172; x_wconf 76' lang='grc' dir='ltr'>τὰ</span> <span class='ocrx_word' id='word_1_292' title='bbox 765 1145 794 1171; x_wconf 82' lang='grc' dir='ltr'>ὲν</span> <span class='ocrx_word' id='word_1_293' title='bbox 818 1143 949 1178; x_wconf 78' lang='grc' dir='ltr'>Αἰγύπτῳ</span> 
     </span>
    </p>
   </div>
   <div class='ocr_carea' id='block_1_40' title="bbox 148 1189 948 1231">
    <p class='ocr_par' dir='ltr' id='par_1_40' title="bbox 148 1189 948 1231">
     <span class='ocr_line' id='line_1_40' title="bbox 148 1189 948 1231; baseline -0.01 -9"><span class='ocrx_word' id='word_1_294' title='bbox 148 1195 287 1231; x_wconf 81' lang='grc' dir='ltr'>θαύματα,</span> <span class='ocrx_word' id='word_1_295' title='bbox 303 1195 351 1221; x_wconf 76' lang='grc' dir='ltr'><strong>καὶ</strong></span> <span class='ocrx_word' id='word_1_296' title='bbox 369 1193 438 1229; x_wconf 74' lang='grc' dir='ltr'>μετὰ</span> <span class='ocrx_word' id='word_1_297' title='bbox 449 1192 553 1227; x_wconf 76' lang='grc' dir='ltr'>ταύτην</span> <span class='ocrx_word' id='word_1_298' title='bbox 564 1191 746 1226; x_wconf 77' lang='grc' dir='ltr'><strong>ἀγγέλλοντα,</strong></span> <span class='ocrx_word' id='word_1_299' title='bbox 762 1191 810 1217; x_wconf 79' lang='grc' dir='ltr'><strong>καὶ</strong></span> <span class='ocrx_word' id='word_1_300' title='bbox 826 1189 877 1224; x_wconf 86' lang='grc' dir='ltr'>τῆς</span> <span class='ocrx_word' id='word_1_301' title='bbox 888 1189 948 1215; x_wconf 88' lang='grc' dir='ltr'>κτι-</span> 
     </span>
    </p>
   </div>
   <div class='ocr_carea' id='block_1_41' title="bbox 149 1234 947 1276">
    <p class='ocr_par' dir='ltr' id='par_1_41' title="bbox 149 1234 947 1276">
     <span class='ocr_line' id='line_1_41' title="bbox 149 1234 947 1276; baseline -0.006 -8"><span class='ocrx_word' id='word_1_302' title='bbox 149 1250 219 1273; x_wconf 84' lang='grc' dir='ltr'>σεως</span> <span class='ocrx_word' id='word_1_303' title='bbox 244 1241 328 1276; x_wconf 83' lang='grc' dir='ltr'>αὐτῆς</span> <span class='ocrx_word' id='word_1_304' title='bbox 349 1240 387 1271; x_wconf 80' lang='grc' dir='ltr'>ὡς</span> <span class='ocrx_word' id='word_1_305' title='bbox 410 1240 443 1274; x_wconf 87' lang='grc' dir='ltr'><strong>δὴ</strong></span> <span class='ocrx_word' id='word_1_306' title='bbox 477 1239 602 1274; x_wconf 83' lang='grc' dir='ltr'>Δεσπότῃ</span> <span class='ocrx_word' id='word_1_307' title='bbox 631 1236 843 1272; x_wconf 82' lang='grc' dir='ltr'>συγκινηθείσης</span> <span class='ocrx_word' id='word_1_308' title='bbox 876 1234 947 1270; x_wconf 74' lang='grc' dir='ltr'>ἐμοί.</span> 
     </span>
    </p>
   </div>
   <div class='ocr_carea' id='block_1_42' title="bbox 149 1281 949 1321">
    <p class='ocr_par' dir='ltr' id='par_1_42' title="bbox 149 1281 949 1321">
     <span class='ocr_line' id='line_1_42' title="bbox 149 1281 949 1321; baseline -0.008 -8"><span class='ocrx_word' id='word_1_309' title='bbox 149 1286 242 1314; x_wconf 77' lang='grc' dir='ltr'>Ταῦτα</span> <span class='ocrx_word' id='word_1_310' title='bbox 266 1287 322 1321; x_wconf 77' lang='grc' dir='ltr'><strong>γὰρ</strong></span> <span class='ocrx_word' id='word_1_311' title='bbox 343 1285 411 1317; x_wconf 82' lang='grc' dir='ltr'>ἰδίας</span> <span class='ocrx_word' id='word_1_312' title='bbox 440 1285 569 1312; x_wconf 74' lang='grc' dir='ltr'><strong>ἐκάλεσεν</strong></span> <span class='ocrx_word' id='word_1_313' title='bbox 591 1284 703 1320; x_wconf 77' lang='grc' dir='ltr'>ἀρετὰς,</span> <span class='ocrx_word' id='word_1_314' title='bbox 731 1283 765 1314; x_wconf 81' lang='grc' dir='ltr'>ἃς</span> <span class='ocrx_word' id='word_1_315' title='bbox 791 1281 949 1317; x_wconf 83' lang='grc' dir='ltr'>ὲνεργοῦντι</span> 
     </span>
    </p>
   </div>
   <div class='ocr_carea' id='block_1_43' title="bbox 149 1328 951 1368">
    <p class='ocr_par' dir='ltr' id='par_1_43' title="bbox 149 1328 951 1368">
     <span class='ocr_line' id='line_1_43' title="bbox 149 1328 951 1368; baseline -0.007 -9"><span class='ocrx_word' id='word_1_316' title='bbox 149 1332 252 1360; x_wconf 77' lang='grc' dir='ltr'>τούτων</span> <span class='ocrx_word' id='word_1_317' title='bbox 263 1330 297 1368; x_wconf 81' lang='grc' dir='ltr'>ἦν</span> <span class='ocrx_word' id='word_1_318' title='bbox 311 1332 400 1363; x_wconf 77' lang='grc' dir='ltr'>οὐδεὶς</span> <span class='ocrx_word' id='word_1_319' title='bbox 413 1331 462 1358; x_wconf 77' lang='grc' dir='ltr'><strong>σὺν</strong></span> <span class='ocrx_word' id='word_1_320' title='bbox 481 1331 554 1366; x_wconf 68' lang='grc' dir='ltr'>ἐμοὶ,</span> <span class='ocrx_word' id='word_1_321' title='bbox 567 1330 624 1356; x_wconf 79' lang='grc' dir='ltr'>ἀλλ’</span> <span class='ocrx_word' id='word_1_322' title='bbox 637 1330 698 1356; x_wconf 79' lang='grc' dir='ltr'>οὐδὲ</span> <span class='ocrx_word' id='word_1_323' title='bbox 724 1328 778 1364; x_wconf 73' lang='grc' dir='ltr'>πρὸ</span> <span class='ocrx_word' id='word_1_324' title='bbox 801 1328 847 1354; x_wconf 87' lang='grc' dir='ltr'>τοῦ</span> <span class='ocrx_word' id='word_1_325' title='bbox 868 1336 951 1354; x_wconf 62' lang='grc' dir='ltr'>καταη</span> 
     </span>
    </p>
   </div>
   <div class='ocr_carea' id='block_1_44' title="bbox 151 1373 948 1414">
    <p class='ocr_par' dir='ltr' id='par_1_44' title="bbox 151 1373 948 1414">
     <span class='ocr_line' id='line_1_44' title="bbox 151 1373 948 1414; baseline -0.008 -8"><span class='ocrx_word' id='word_1_326' title='bbox 151 1379 284 1414; x_wconf 82' lang='grc' dir='ltr'><strong>κ).υσμοῦ,</strong></span> <span class='ocrx_word' id='word_1_327' title='bbox 302 1379 346 1405; x_wconf 84' lang='grc' dir='ltr'>ὅτε</span> <span class='ocrx_word' id='word_1_328' title='bbox 363 1378 429 1413; x_wconf 82' lang='grc' dir='ltr'>μηδὲ</span> <span class='ocrx_word' id='word_1_329' title='bbox 452 1377 507 1403; x_wconf 79' lang='grc' dir='ltr'><strong>τῶν</strong></span> <span class='ocrx_word' id='word_1_330' title='bbox 533 1376 651 1403; x_wconf 77' lang='grc' dir='ltr'><strong>εἰδώλων</strong></span> <span class='ocrx_word' id='word_1_331' title='bbox 682 1373 752 1411; x_wconf 77' lang='grc' dir='ltr'>ἦσαν</span> <span class='ocrx_word' id='word_1_332' title='bbox 776 1374 948 1410; x_wconf 81' lang='grc' dir='ltr'>δημιουργοὶ,</span> 
     </span>
    </p>
   </div>
   <div class='ocr_carea' id='block_1_45' title="bbox 152 1420 950 1460">
    <p class='ocr_par' dir='ltr' id='par_1_45' title="bbox 152 1420 950 1460">
     <span class='ocr_line' id='line_1_45' title="bbox 152 1420 950 1460; baseline -0.009 -8"><span class='ocrx_word' id='word_1_333' title='bbox 152 1425 277 1460; x_wconf 81' lang='grc' dir='ltr'>καθάπερ</span> <span class='ocrx_word' id='word_1_334' title='bbox 293 1425 351 1451; x_wconf 74' lang='grc' dir='ltr'>ἴστε</span> <span class='ocrx_word' id='word_1_335' title='bbox 367 1424 415 1450; x_wconf 79' lang='grc' dir='ltr'>καὶ</span> <span class='ocrx_word' id='word_1_336' title='bbox 425 1424 514 1458; x_wconf 85' lang='grc' dir='ltr'>ὑμεῖς,</span> <span class='ocrx_word' id='word_1_337' title='bbox 527 1422 566 1454; x_wconf 85' lang='grc' dir='ltr'>ὡς</span> <span class='ocrx_word' id='word_1_338' title='bbox 581 1422 617 1448; x_wconf 76' lang='grc' dir='ltr'>ἑν</span> <span class='ocrx_word' id='word_1_339' title='bbox 631 1420 711 1456; x_wconf 80' lang='grc' dir='ltr'><strong>ἀρχῇ</strong></span> <span class='ocrx_word' id='word_1_340' title='bbox 722 1420 768 1447; x_wconf 84' lang='grc' dir='ltr'>τοῦ</span> <span class='ocrx_word' id='word_1_341' title='bbox 779 1421 877 1456; x_wconf 81' lang='grc' dir='ltr'>θνητοῦ</span> <span class='ocrx_word' id='word_1_342' title='bbox 892 1420 950 1455; x_wconf 78' lang='grc' dir='ltr'>βίου</span> 
     </span>
    </p>
   </div>
   <div class='ocr_carea' id='block_1_46' title="bbox 151 1466 950 1506">
    <p class='ocr_par' dir='ltr' id='par_1_46' title="bbox 151 1466 950 1506">
     <span class='ocr_line' id='line_1_46' title="bbox 151 1466 950 1506; baseline -0.008 -8"><span class='ocrx_word' id='word_1_343' title='bbox 151 1472 254 1498; x_wconf 86' lang='grc' dir='ltr'>τούτων</span> <span class='ocrx_word' id='word_1_344' title='bbox 268 1471 391 1506; x_wconf 78' lang='grc' dir='ltr'>ὑπῆρχεν</span> <span class='ocrx_word' id='word_1_345' title='bbox 404 1470 490 1496; x_wconf 75' lang='grc' dir='ltr'>οὐδὲν.</span> <span class='ocrx_word' id='word_1_346' title='bbox 510 1469 542 1495; x_wconf 83' lang='lat' dir='ltr'><strong>Ui.</strong></span> <span class='ocrx_word' id='word_1_347' title='bbox 560 1469 588 1495; x_wconf 82' lang='grc' dir='ltr'>δὲ</span> <span class='ocrx_word' id='word_1_348' title='bbox 605 1469 677 1504; x_wconf 83' lang='grc' dir='ltr'>μετὰ</span> <span class='ocrx_word' id='word_1_349' title='bbox 693 1467 781 1494; x_wconf 84' lang='grc' dir='ltr'>ταῦτα</span> <span class='ocrx_word' id='word_1_350' title='bbox 807 1466 950 1501; x_wconf 81' lang='grc' dir='ltr'>γενόμενοι</span> 
     </span>
    </p>
   </div>
   <div class='ocr_carea' id='block_1_47' title="bbox 153 1513 951 1552">
    <p class='ocr_par' dir='ltr' id='par_1_47' title="bbox 153 1513 951 1552">
     <span class='ocr_line' id='line_1_47' title="bbox 153 1513 951 1552; baseline -0.008 -7"><span class='ocrx_word' id='word_1_351' title='bbox 153 1518 305 1545; x_wconf 75' lang='grc' dir='ltr'>παύσονται</span> <span class='ocrx_word' id='word_1_352' title='bbox 319 1517 368 1552; x_wconf 79' lang='grc' dir='ltr'><strong>τῆς</strong></span> <span class='ocrx_word' id='word_1_353' title='bbox 381 1516 485 1550; x_wconf 82' lang='grc' dir='ltr'>πλάνης</span> <span class='ocrx_word' id='word_1_354' title='bbox 499 1515 771 1550; x_wconf 68' lang='grc' dir='ltr'>«ἐγ-καλυπτόμενοι.</span> <span class='ocrx_word' id='word_1_355' title='bbox 791 1513 951 1548; x_wconf 82' lang='grc' dir='ltr'>Ἑπιμένον-</span> 
     </span>
    </p>
   </div>
   <div class='ocr_carea' id='block_1_48' title="bbox 153 1560 949 1597">
    <p class='ocr_par' dir='ltr' id='par_1_48' title="bbox 153 1560 949 1597">
     <span class='ocr_line' id='line_1_48' title="bbox 153 1560 949 1597; baseline -0.005 -6"><span class='ocrx_word' id='word_1_356' title='bbox 153 1573 199 1596; x_wconf 86' lang='grc' dir='ltr'><strong>τες</strong></span> <span class='ocrx_word' id='word_1_357' title='bbox 212 1565 241 1591; x_wconf 79' lang='grc' dir='ltr'><strong>δὲ</strong></span> <span class='ocrx_word' id='word_1_358' title='bbox 255 1564 326 1591; x_wconf 79' lang='grc' dir='ltr'>κατὰ</span> <span class='ocrx_word' id='word_1_359' title='bbox 341 1564 386 1590; x_wconf 77' lang='grc' dir='ltr'><strong>τὸν</strong></span> <span class='ocrx_word' id='word_1_360' title='bbox 405 1563 455 1594; x_wconf 77' lang='grc' dir='ltr'>τῆς</span> <span class='ocrx_word' id='word_1_361' title='bbox 472 1562 638 1597; x_wconf 82' lang='grc' dir='ltr'>ἐκδικήσεως</span> <span class='ocrx_word' id='word_1_362' title='bbox 664 1561 826 1588; x_wconf 78' lang='grc' dir='ltr'>ἀπολοῦνται</span> <span class='ocrx_word' id='word_1_363' title='bbox 842 1560 949 1595; x_wconf 82' lang='grc' dir='ltr'>καιρόν.</span> 
     </span>
    </p>
   </div>
   <div class='ocr_carea' id='block_1_49' title="bbox 159 1598 987 1644">
    <p class='ocr_par' dir='ltr' id='par_1_49' title="bbox 159 1598 987 1644">
     <span class='ocr_line' id='line_1_49' title="bbox 159 1598 987 1644; baseline -0.01 -8"><span class='ocrx_word' id='word_1_364' title='bbox 159 1609 256 1644; x_wconf 80' lang='grc' dir='ltr'><strong>Ὑμεῖς</strong></span> <span class='ocrx_word' id='word_1_365' title='bbox 276 1608 313 1635; x_wconf 75' lang='grc' dir='ltr'><strong>δὲ</strong></span> <span class='ocrx_word' id='word_1_366' title='bbox 338 1608 407 1639; x_wconf 85' lang='grc' dir='ltr'>τέως</span> <span class='ocrx_word' id='word_1_367' title='bbox 426 1607 453 1633; x_wconf 81' lang='grc' dir='ltr'>τι</span> <span class='ocrx_word' id='word_1_368' title='bbox 477 1607 514 1642; x_wconf 84' lang='grc' dir='ltr'>μὴ</span> <span class='ocrx_word' id='word_1_369' title='bbox 535 1605 687 1641; x_wconf 76' lang='grc' dir='ltr'>λογίζεσθε,</span> <span class='ocrx_word' id='word_1_370' title='bbox 710 1606 752 1637; x_wconf 79' lang='grc' dir='ltr'><strong>τίς</strong></span> <span class='ocrx_word' id='word_1_371' title='bbox 766 1604 820 1632; x_wconf 85' lang='grc' dir='ltr'><strong>τῶν</strong></span> <span class='ocrx_word' id='word_1_372' title='bbox 837 1605 949 1640; x_wconf 76' lang='grc' dir='ltr'><strong>ἀψύχων</strong></span> <span class='ocrx_word' id='word_1_373' title='bbox 965 1598 987 1628; x_wconf 89' lang='lat' dir='ltr'><strong><em>C</em></strong></span> 
     </span>
    </p>
   </div>
   <div class='ocr_carea' id='block_1_50' title="bbox 154 1649 949 1691">
    <p class='ocr_par' dir='ltr' id='par_1_50' title="bbox 154 1649 949 1691">
     <span class='ocr_line' id='line_1_50' title="bbox 154 1649 949 1691; baseline -0.006 -8"><span class='ocrx_word' id='word_1_374' title='bbox 154 1655 322 1691; x_wconf 79' lang='grc' dir='ltr'>ἀγαλμάτων</span> <span class='ocrx_word' id='word_1_375' title='bbox 344 1655 360 1689; x_wconf 86' lang='grc' dir='ltr'>ἡ</span> <span class='ocrx_word' id='word_1_376' title='bbox 393 1654 496 1688; x_wconf 52' lang='lat' dir='ltr'><strong>(etiam;</strong></span> <span class='ocrx_word' id='word_1_377' title='bbox 518 1653 549 1679; x_wconf 75' lang='lat' dir='ltr'><strong>Et</strong></span> <span class='ocrx_word' id='word_1_378' title='bbox 576 1653 630 1688; x_wconf 80' lang='grc' dir='ltr'>γὰρ</span> <span class='ocrx_word' id='word_1_379' title='bbox 649 1649 722 1688; x_wconf 73' lang='grc' dir='ltr'>εἶχόν</span> <span class='ocrx_word' id='word_1_380' title='bbox 736 1660 796 1679; x_wconf 84' lang='grc' dir='ltr'>τινα</span> <span class='ocrx_word' id='word_1_381' title='bbox 823 1652 949 1687; x_wconf 79' lang='grc' dir='ltr'>δύναμιν,</span> 
     </span>
    </p>
   </div>
   <div class='ocr_carea' id='block_1_51' title="bbox 155 1698 950 1738">
    <p class='ocr_par' dir='ltr' id='par_1_51' title="bbox 155 1698 950 1738">
     <span class='ocr_line' id='line_1_51' title="bbox 155 1698 950 1738; baseline -0.006 -9"><span class='ocrx_word' id='word_1_382' title='bbox 155 1703 276 1738; x_wconf 70' lang='grc' dir='ltr'>ἤρκεσαν</span> <span class='ocrx_word' id='word_1_383' title='bbox 289 1701 321 1727; x_wconf 82' lang='grc' dir='ltr'>ἄν</span> <span class='ocrx_word' id='word_1_384' title='bbox 338 1702 394 1732; x_wconf 82' lang='grc' dir='ltr'>τοῖς</span> <span class='ocrx_word' id='word_1_385' title='bbox 407 1699 581 1732; x_wconf 74' lang='grc' dir='ltr'><strong>Αἰγυπτίοις,</strong></span> <span class='ocrx_word' id='word_1_386' title='bbox 593 1699 640 1726; x_wconf 75' lang='grc' dir='ltr'><strong>καὶ</strong></span> <span class='ocrx_word' id='word_1_387' title='bbox 656 1698 900 1734; x_wconf 80' lang='grc' dir='ltr'>τοῖςἈμορραίοις</span> <span class='ocrx_word' id='word_1_388' title='bbox 911 1700 950 1729; x_wconf 76' lang='grc' dir='ltr'><strong>εἰς</strong></span> 
     </span>
    </p>
   </div>
   <div class='ocr_carea' id='block_1_52' title="bbox 157 1744 951 1783">
    <p class='ocr_par' dir='ltr' id='par_1_52' title="bbox 157 1744 951 1783">
     <span class='ocr_line' id='line_1_52' title="bbox 157 1744 951 1783; baseline -0.004 -9"><span class='ocrx_word' id='word_1_389' title='bbox 157 1748 295 1783; x_wconf 72' lang='grc' dir='ltr'>σωτηρίαν</span> <span class='ocrx_word' id='word_1_390' title='bbox 309 1748 368 1778; x_wconf 84' lang='grc' dir='ltr'>ταῖς</span> <span class='ocrx_word' id='word_1_391' title='bbox 387 1747 466 1780; x_wconf 72' lang='grc' dir='ltr'>ἐμαῖς</span> <span class='ocrx_word' id='word_1_392' title='bbox 480 1745 631 1781; x_wconf 81' lang='grc' dir='ltr'>ἐνεργείαις</span> <span class='ocrx_word' id='word_1_393' title='bbox 645 1744 870 1780; x_wconf 80' lang='grc' dir='ltr'>ἀντιταττόμενα.</span> <span class='ocrx_word' id='word_1_394' title='bbox 883 1744 951 1771; x_wconf 77' lang='grc' dir='ltr'><strong>Νυνὶ</strong></span> 
     </span>
    </p>
   </div>
   <div class='ocr_carea' id='block_1_53' title="bbox 155 1790 951 1828">
    <p class='ocr_par' dir='ltr' id='par_1_53' title="bbox 155 1790 951 1828">
     <span class='ocr_line' id='line_1_53' title="bbox 155 1790 951 1828; baseline -0.006 -6"><span class='ocrx_word' id='word_1_395' title='bbox 155 1795 184 1822; x_wconf 78' lang='grc' dir='ltr'>δὲ</span> <span class='ocrx_word' id='word_1_396' title='bbox 213 1795 261 1821; x_wconf 79' lang='grc' dir='ltr'><strong>σὺν</strong></span> <span class='ocrx_word' id='word_1_397' title='bbox 286 1794 378 1824; x_wconf 74' lang='grc' dir='ltr'>αὐτοῖς</span> <span class='ocrx_word' id='word_1_398' title='bbox 399 1793 456 1828; x_wconf 75' lang='grc' dir='ltr'><strong>ῆλω</strong></span> <span class='ocrx_word' id='word_1_399' title='bbox 477 1793 532 1823; x_wconf 68' lang='grc' dir='ltr'>τοῖς</span> <span class='ocrx_word' id='word_1_400' title='bbox 555 1790 740 1827; x_wconf 83' lang='grc' dir='ltr'><strong>προσκυνοῦσι</strong></span> <span class='ocrx_word' id='word_1_401' title='bbox 761 1792 809 1818; x_wconf 78' lang='grc' dir='ltr'>καὶ</span> <span class='ocrx_word' id='word_1_402' title='bbox 835 1791 902 1826; x_wconf 73' lang='grc' dir='ltr'>πυρὶ</span> <span class='ocrx_word' id='word_1_403' title='bbox 917 1791 951 1818; x_wconf 85' lang='grc' dir='ltr'><strong>δι’</strong></span> 
     </span>
    </p>
   </div>
   <div class='ocr_carea' id='block_1_54' title="bbox 156 1835 951 1876">
    <p class='ocr_par' dir='ltr' id='par_1_54' title="bbox 156 1835 951 1876">
     <span class='ocr_line' id='line_1_54' title="bbox 156 1835 951 1876; baseline -0.005 -9"><span class='ocrx_word' id='word_1_404' title='bbox 156 1840 233 1876; x_wconf 80' lang='grc' dir='ltr'>ὑμῶν</span> <span class='ocrx_word' id='word_1_405' title='bbox 251 1839 435 1874; x_wconf 71' lang='grc' dir='ltr'>παραδέδοται.</span> <span class='ocrx_word' id='word_1_406' title='bbox 455 1838 518 1869; x_wconf 80' lang='grc' dir='ltr'><strong>[Ιῶς</strong></span> <span class='ocrx_word' id='word_1_407' title='bbox 532 1835 578 1864; x_wconf 75' lang='grc' dir='ltr'>οὖν</span> <span class='ocrx_word' id='word_1_408' title='bbox 595 1837 675 1873; x_wconf 82' lang='grc' dir='ltr'>ὑμεῖς</span> <span class='ocrx_word' id='word_1_409' title='bbox 701 1837 726 1863; x_wconf 78' lang='grc' dir='ltr'><strong>οἱ</strong></span> <span class='ocrx_word' id='word_1_410' title='bbox 747 1837 951 1872; x_wconf 80' lang='grc' dir='ltr'>κατεγνωκότες</span> 
     </span>
    </p>
   </div>
   <div class='ocr_carea' id='block_1_55' title="bbox 157 1883 951 1921">
    <p class='ocr_par' dir='ltr' id='par_1_55' title="bbox 157 1883 951 1921">
     <span class='ocr_line' id='line_1_55' title="bbox 157 1883 951 1921; baseline -0.004 -9"><span class='ocrx_word' id='word_1_411' title='bbox 157 1886 289 1921; x_wconf 80' lang='grc' dir='ltr'>γεγόνατε</span> <span class='ocrx_word' id='word_1_412' title='bbox 316 1884 419 1911; x_wconf 84' lang='grc' dir='ltr'>τούτων</span> <span class='ocrx_word' id='word_1_413' title='bbox 444 1883 618 1918; x_wconf 77' lang='grc' dir='ltr'>δημιουργοὶ,</span> <span class='ocrx_word' id='word_1_414' title='bbox 648 1883 696 1909; x_wconf 71' lang='grc' dir='ltr'><strong>καὶ</strong></span> <span class='ocrx_word' id='word_1_415' title='bbox 720 1883 808 1909; x_wconf 78' lang='grc' dir='ltr'>ταῦτα</span> <span class='ocrx_word' id='word_1_416' title='bbox 830 1883 951 1914; x_wconf 81' lang='grc' dir='ltr'><strong>Μωσέως</strong></span> 
     </span>
    </p>
   </div>
   <div class='ocr_carea' id='block_1_56' title="bbox 158 1928 953 1965">
    <p class='ocr_par' dir='ltr' id='par_1_56' title="bbox 158 1928 953 1965">
     <span class='ocr_line' id='line_1_56' title="bbox 158 1928 953 1965; baseline -0.006 -6"><span class='ocrx_word' id='word_1_417' title='bbox 158 1931 336 1962; x_wconf 82' lang='grc' dir='ltr'>ἀκούσαντες,</span> <span class='ocrx_word' id='word_1_418' title='bbox 354 1930 391 1962; x_wconf 84' lang='grc' dir='ltr'>ὼς</span> <span class='ocrx_word' id='word_1_419' title='bbox 406 1930 466 1964; x_wconf 79' lang='grc' dir='ltr'>Θεῷ</span> <span class='ocrx_word' id='word_1_420' title='bbox 483 1930 557 1964; x_wconf 79' lang='grc' dir='ltr'>μόνῳ</span> <span class='ocrx_word' id='word_1_421' title='bbox 575 1928 745 1965; x_wconf 70' lang='grc' dir='ltr'>λατρεύσεις,</span> <span class='ocrx_word' id='word_1_422' title='bbox 759 1929 807 1955; x_wconf 69' lang='grc' dir='ltr'>καὶ</span> <span class='ocrx_word' id='word_1_423' title='bbox 823 1929 854 1955; x_wconf 74' lang='grc' dir='ltr'><strong>οὐ</strong></span> <span class='ocrx_word' id='word_1_424' title='bbox 874 1929 953 1963; x_wconf 80' lang='grc' dir='ltr'>ποιή-</span> 
     </span>
    </p>
   </div>
   <div class='ocr_carea' id='block_1_57' title="bbox 159 1974 952 2011">
    <p class='ocr_par' dir='ltr' id='par_1_57' title="bbox 159 1974 952 2011">
     <span class='ocr_line' id='line_1_57' title="bbox 159 1974 952 2011; baseline -0.005 -7"><span class='ocrx_word' id='word_1_425' title='bbox 159 1986 216 2009; x_wconf 77' lang='grc' dir='ltr'>σεις</span> <span class='ocrx_word' id='word_1_426' title='bbox 232 1976 339 2011; x_wconf 85' lang='grc' dir='ltr'>σεαυτῷ</span> <span class='ocrx_word' id='word_1_427' title='bbox 353 1975 481 2008; x_wconf 80' lang='grc' dir='ltr'>εἴδωλον;</span> <span class='ocrx_word' id='word_1_428' title='bbox 496 1974 568 2001; x_wconf 73' lang='grc' dir='ltr'>οὕτω</span> <span class='ocrx_word' id='word_1_429' title='bbox 590 1974 721 2009; x_wconf 78' lang='grc' dir='ltr'>γεγόνατε</span> <span class='ocrx_word' id='word_1_430' title='bbox 739 1975 850 2009; x_wconf 85' lang='grc' dir='ltr'>μάταιοι</span> <span class='ocrx_word' id='word_1_431' title='bbox 863 1974 898 2001; x_wconf 79' lang='grc' dir='ltr'>τὰ</span> <span class='ocrx_word' id='word_1_432' title='bbox 914 1974 952 2010; x_wconf 89' lang='grc' dir='ltr'>μὴ</span> 
     </span>
    </p>
   </div>
   <div class='ocr_carea' id='block_1_58' title="bbox 158 2020 953 2057">
    <p class='ocr_par' dir='ltr' id='par_1_58' title="bbox 158 2020 953 2057">
     <span class='ocr_line' id='line_1_58' title="bbox 158 2020 953 2057; baseline -0.003 -8"><span class='ocrx_word' id='word_1_433' title='bbox 158 2023 223 2050; x_wconf 77' lang='grc' dir='ltr'>ὄντα</span> <span class='ocrx_word' id='word_1_434' title='bbox 237 2023 429 2057; x_wconf 67' lang='grc' dir='ltr'>ποθήσαντεςς</span> <span class='ocrx_word' id='word_1_435' title='bbox 447 2020 485 2047; x_wconf 87' lang='grc' dir='ltr'><strong>Τὸ</strong></span> <span class='ocrx_word' id='word_1_436' title='bbox 502 2021 530 2047; x_wconf 83' lang='grc' dir='ltr'><strong>δὲ</strong></span> <span class='ocrx_word' id='word_1_437' title='bbox 548 2020 770 2055; x_wconf 72' lang='grc' dir='ltr'><strong>ἐξηράνθησιιν,</strong></span> <span class='ocrx_word' id='word_1_438' title='bbox 794 2021 819 2047; x_wconf 76' lang='grc' dir='ltr'>εἰ</span> <span class='ocrx_word' id='word_1_439' title='bbox 836 2020 885 2056; x_wconf 79' lang='grc' dir='ltr'><strong>μὲν</strong></span> <span class='ocrx_word' id='word_1_440' title='bbox 906 2022 953 2047; x_wconf 72' lang='grc' dir='ltr'>ἐπὶ</span> 
     </span>
    </p>
   </div>
   <div class='ocr_carea' id='block_1_59' title="bbox 158 2067 951 2104">
    <p class='ocr_par' dir='ltr' id='par_1_59' title="bbox 158 2067 951 2104">
     <span class='ocr_line' id='line_1_59' title="bbox 158 2067 951 2104; baseline -0.004 -8"><span class='ocrx_word' id='word_1_441' title='bbox 158 2068 218 2096; x_wconf 82' lang='grc' dir='ltr'><strong>τῶν</strong></span> <span class='ocrx_word' id='word_1_442' title='bbox 236 2067 379 2104; x_wconf 74' lang='grc' dir='ltr'><strong>γλυπτῶν</strong></span> <span class='ocrx_word' id='word_1_443' title='bbox 396 2069 493 2099; x_wconf 79' lang='grc' dir='ltr'>νοοῖτο,</span> <span class='ocrx_word' id='word_1_444' title='bbox 505 2067 567 2094; x_wconf 76' lang='grc' dir='ltr'>ἀντὶ</span> <span class='ocrx_word' id='word_1_445' title='bbox 581 2067 628 2094; x_wconf 83' lang='grc' dir='ltr'>τοῦ</span> <span class='ocrx_word' id='word_1_446' title='bbox 653 2067 794 2094; x_wconf 79' lang='grc' dir='ltr'>ἀπώλοντο</span> <span class='ocrx_word' id='word_1_447' title='bbox 819 2067 951 2094; x_wconf 72' lang='grc' dir='ltr'>κείσεται.</span> 
     </span>
    </p>
   </div>
   <div class='ocr_carea' id='block_1_60' title="bbox 161 2113 953 2150">
    <p class='ocr_par' dir='ltr' id='par_1_60' title="bbox 161 2113 953 2150">
     <span class='ocr_line' id='line_1_60' title="bbox 161 2113 953 2150; baseline -0.004 -7"><span class='ocrx_word' id='word_1_448' title='bbox 161 2117 192 2143; x_wconf 65' lang='grc' dir='ltr'><strong>ιιι</strong></span> <span class='ocrx_word' id='word_1_449' title='bbox 208 2116 237 2142; x_wconf 79' lang='grc' dir='ltr'>δὲ</span> <span class='ocrx_word' id='word_1_450' title='bbox 254 2116 300 2142; x_wconf 75' lang='grc' dir='ltr'><strong>ἐπὶ</strong></span> <span class='ocrx_word' id='word_1_451' title='bbox 313 2116 368 2141; x_wconf 79' lang='grc' dir='ltr'><strong>τῶν</strong></span> <span class='ocrx_word' id='word_1_452' title='bbox 379 2114 585 2146; x_wconf 84' lang='grc' dir='ltr'>τεκταινόντων,</span> <span class='ocrx_word' id='word_1_453' title='bbox 606 2113 643 2145; x_wconf 86' lang='grc' dir='ltr'>ὠς</span> <span class='ocrx_word' id='word_1_454' title='bbox 657 2114 702 2140; x_wconf 70' lang='grc' dir='ltr'><strong>ἐπὶ</strong></span> <span class='ocrx_word' id='word_1_455' title='bbox 714 2113 805 2148; x_wconf 85' lang='grc' dir='ltr'>φυτῶν</span> <span class='ocrx_word' id='word_1_456' title='bbox 820 2114 953 2150; x_wconf 81' lang='grc' dir='ltr'>ἀκάρπων</span> 
     </span>
    </p>
   </div>
   <div class='ocr_carea' id='block_1_61' title="bbox 161 2156 953 2198">
    <p class='ocr_par' dir='ltr' id='par_1_61' title="bbox 161 2156 953 2198">
     <span class='ocr_line' id='line_1_61' title="bbox 161 2156 953 2198; baseline -0.003 -10"><span class='ocrx_word' id='word_1_457' title='bbox 161 2161 258 2198; x_wconf 73' lang='grc' dir='ltr'>ῥηθείη</span> <span class='ocrx_word' id='word_1_458' title='bbox 274 2159 509 2196; x_wconf 79' lang='grc' dir='ltr'><strong>ξηραινομένων,</strong></span> <span class='ocrx_word' id='word_1_459' title='bbox 523 2156 560 2186; x_wconf 84' lang='grc' dir='ltr'>ὧν</span> <span class='ocrx_word' id='word_1_460' title='bbox 575 2160 605 2187; x_wconf 77' lang='grc' dir='ltr'>τὸ</span> <span class='ocrx_word' id='word_1_461' title='bbox 621 2160 698 2192; x_wconf 82' lang='grc' dir='ltr'>τέλος</span> <span class='ocrx_word' id='word_1_462' title='bbox 714 2161 755 2192; x_wconf 85' lang='grc' dir='ltr'><strong>εἰς</strong></span> <span class='ocrx_word' id='word_1_463' title='bbox 778 2159 887 2187; x_wconf 87' lang='grc' dir='ltr'>καῦσιν.</span> <span class='ocrx_word' id='word_1_464' title='bbox 916 2160 953 2186; x_wconf 82' lang='grc' dir='ltr'><strong>Τὸ</strong></span> 
     </span>
    </p>
   </div>
   <div class='ocr_carea' id='block_1_62' title="bbox 160 2205 952 2242">
    <p class='ocr_par' dir='ltr' id='par_1_62' title="bbox 160 2205 952 2242">
     <span class='ocr_line' id='line_1_62' title="bbox 160 2205 952 2242; baseline -0.004 -8"><span class='ocrx_word' id='word_1_465' title='bbox 160 2208 189 2234; x_wconf 81' lang='grc' dir='ltr'><strong>δὲ</strong></span> <span class='ocrx_word' id='word_1_466' title='bbox 204 2207 299 2242; x_wconf 66' lang='grc' dir='ltr'>κωφοὶ</span> <span class='ocrx_word' id='word_1_467' title='bbox 314 2207 374 2234; x_wconf 80' lang='grc' dir='ltr'><strong>ἀπὸ</strong></span> <span class='ocrx_word' id='word_1_468' title='bbox 388 2205 552 2240; x_wconf 80' lang='grc' dir='ltr'><strong>ἀνθρώπων</strong></span> <span class='ocrx_word' id='word_1_469' title='bbox 559 2205 618 2232; x_wconf 77' lang='grc' dir='ltr'>ἀντὶ</span> <span class='ocrx_word' id='word_1_470' title='bbox 629 2205 675 2232; x_wconf 79' lang='grc' dir='ltr'>τοῦ</span> <span class='ocrx_word' id='word_1_471' title='bbox 688 2205 828 2237; x_wconf 83' lang='grc' dir='ltr'>τελοῦντες</span> <span class='ocrx_word' id='word_1_472' title='bbox 843 2205 892 2241; x_wconf 80' lang='grc' dir='ltr'><strong>μὲν</strong></span> <span class='ocrx_word' id='word_1_473' title='bbox 906 2205 952 2232; x_wconf 83' lang='grc' dir='ltr'>οὑ-</span> 
     </span>
    </p>
   </div>
   <div class='ocr_carea' id='block_1_63' title="bbox 160 2251 952 2289">
    <p class='ocr_par' dir='ltr' id='par_1_63' title="bbox 160 2251 952 2289">
     <span class='ocr_line' id='line_1_63' title="bbox 160 2251 952 2289; baseline -0.003 -9"><span class='ocrx_word' id='word_1_474' title='bbox 160 2253 255 2289; x_wconf 77' lang='grc' dir='ltr'>δαμῶς</span> <span class='ocrx_word' id='word_1_475' title='bbox 280 2253 320 2284; x_wconf 81' lang='grc' dir='ltr'>εὶς</span> <span class='ocrx_word' id='word_1_476' title='bbox 352 2251 530 2288; x_wconf 75' lang='grc' dir='ltr'>ἀνθρώπους,</span> <span class='ocrx_word' id='word_1_477' title='bbox 560 2251 719 2285; x_wconf 81' lang='grc' dir='ltr'>ἀναίσθητοι</span> <span class='ocrx_word' id='word_1_478' title='bbox 744 2251 793 2283; x_wconf 85' lang='grc' dir='ltr'><strong>δὲ,</strong></span> <span class='ocrx_word' id='word_1_479' title='bbox 824 2252 896 2278; x_wconf 82' lang='grc' dir='ltr'>κατὰ</span> <span class='ocrx_word' id='word_1_480' title='bbox 912 2252 952 2278; x_wconf 80' lang='grc' dir='ltr'><strong>τό·</strong></span> 
     </span>
    </p>
   </div>
   <div class='ocr_carea' id='block_1_64' title="bbox 165 2295 955 2335">
    <p class='ocr_par' dir='ltr' id='par_1_64' title="bbox 165 2295 955 2335">
     <span class='ocr_line' id='line_1_64' title="bbox 165 2295 955 2335; baseline -0.003 -9"><span class='ocrx_word' id='word_1_481' title='bbox 165 2309 175 2325; x_wconf 78' lang='grc' dir='ltr'><strong>ι</strong></span> <span class='ocrx_word' id='word_1_482' title='bbox 192 2300 302 2335; x_wconf 83' lang='grc' dir='ltr'>Ὅμοιοι</span> <span class='ocrx_word' id='word_1_483' title='bbox 317 2300 411 2331; x_wconf 77' lang='grc' dir='ltr'>αὐτοῖς</span> <span class='ocrx_word' id='word_1_484' title='bbox 423 2299 545 2334; x_wconf 85' lang='grc' dir='ltr'>γένοιντο</span> <span class='ocrx_word' id='word_1_485' title='bbox 557 2299 582 2325; x_wconf 89' lang='grc' dir='ltr'>οἱ</span> <span class='ocrx_word' id='word_1_486' title='bbox 599 2299 738 2330; x_wconf 82' lang='grc' dir='ltr'>ποιοῦντες</span> <span class='ocrx_word' id='word_1_487' title='bbox 755 2298 835 2325; x_wconf 82' lang='grc' dir='ltr'>αὑτά.</span> <span class='ocrx_word' id='word_1_488' title='bbox 854 2307 864 2323; x_wconf 72' lang='grc' dir='ltr'><strong>ι</strong></span> <span class='ocrx_word' id='word_1_489' title='bbox 889 2295 955 2324; x_wconf 79' lang='grc' dir='ltr'>Εἶτά</span> 
     </span>
    </p>
   </div>
   <div class='ocr_carea' id='block_1_65' title="bbox 163 2344 956 2382">
    <p class='ocr_par' dir='ltr' id='par_1_65' title="bbox 163 2344 956 2382">
     <span class='ocr_line' id='line_1_65' title="bbox 163 2344 956 2382; baseline -0.003 -10"><span class='ocrx_word' id='word_1_490' title='bbox 163 2355 241 2382; x_wconf 79' lang='grc' dir='ltr'>φησι,</span> <span class='ocrx_word' id='word_1_491' title='bbox 253 2345 501 2381; x_wconf 80' lang='grc' dir='ltr'><strong>συναχθήτωσαν</strong></span> <span class='ocrx_word' id='word_1_492' title='bbox 512 2345 633 2378; x_wconf 82' lang='grc' dir='ltr'>πάντες,</span> <span class='ocrx_word' id='word_1_493' title='bbox 643 2345 680 2376; x_wconf 84' lang='grc' dir='ltr'>ὡς</span> <span class='ocrx_word' id='word_1_494' title='bbox 696 2344 729 2371; x_wconf 85' lang='grc' dir='ltr'><strong>ἂν</strong></span> <span class='ocrx_word' id='word_1_495' title='bbox 741 2344 837 2375; x_wconf 77' lang='grc' dir='ltr'>κοινῶς</span> <span class='ocrx_word' id='word_1_496' title='bbox 852 2345 956 2377; x_wconf 71' lang='grc' dir='ltr'>ἐντρα-</span> 
     </span>
    </p>
   </div>
   <div class='ocr_carea' id='block_1_66' title="bbox 163 2391 957 2428">
    <p class='ocr_par' dir='ltr' id='par_1_66' title="bbox 163 2391 957 2428">
     <span class='ocr_line' id='line_1_66' title="bbox 163 2391 957 2428; baseline -0.004 -7"><span class='ocrx_word' id='word_1_497' title='bbox 163 2394 246 2421; x_wconf 80' lang='grc' dir='ltr'><strong>πεῖεν</strong></span> <span class='ocrx_word' id='word_1_498' title='bbox 269 2395 294 2421; x_wconf 81' lang='grc' dir='ltr'>οἱ</span> <span class='ocrx_word' id='word_1_499' title='bbox 325 2394 379 2421; x_wconf 81' lang='grc' dir='ltr'>τῶν</span> <span class='ocrx_word' id='word_1_500' title='bbox 403 2392 534 2420; x_wconf 70' lang='grc' dir='ltr'><strong>εἰδώλων</strong></span> <span class='ocrx_word' id='word_1_501' title='bbox 564 2392 732 2427; x_wconf 75' lang='grc' dir='ltr'>θεραπευταὶ</span> <span class='ocrx_word' id='word_1_502' title='bbox 755 2393 790 2428; x_wconf 82' lang='grc' dir='ltr'>τῇ</span> <span class='ocrx_word' id='word_1_503' title='bbox 812 2391 957 2427; x_wconf 76' lang='grc' dir='ltr'>δυσσεὸείᾳ</span> 
     </span>
    </p>
   </div>
   <div class='ocr_carea' id='block_1_67' title="bbox 164 2439 526 2475">
    <p class='ocr_par' dir='ltr' id='par_1_67' title="bbox 164 2439 526 2475">
     <span class='ocr_line' id='line_1_67' title="bbox 164 2439 526 2475; baseline -0.003 -8"><span class='ocrx_word' id='word_1_504' title='bbox 164 2442 299 2467; x_wconf 76' lang='grc' dir='ltr'>συνειπεῖν</span> <span class='ocrx_word' id='word_1_505' title='bbox 310 2441 361 2467; x_wconf 83' lang='grc' dir='ltr'>οὐκ</span> <span class='ocrx_word' id='word_1_506' title='bbox 376 2439 526 2475; x_wconf 71' lang='grc' dir='ltr'>ἰσχύοντες.</span> 
     </span>
    </p>
   </div>
   <div class='ocr_carea' id='block_1_68' title="bbox 1000 963 1793 999">
    <p class='ocr_par' dir='ltr' id='par_1_68' title="bbox 1000 963 1793 999">
     <span class='ocr_line' id='line_1_68' title="bbox 1000 963 1793 999; baseline 0.001 -9"><span class='ocrx_word' id='word_1_507' title='bbox 1000 967 1132 999; x_wconf 81' lang='lat' dir='ltr'><strong>tanquam</strong></span> <span class='ocrx_word' id='word_1_508' title='bbox 1155 964 1274 992; x_wconf 84' lang='lat' dir='ltr'><strong>scientes</strong></span> <span class='ocrx_word' id='word_1_509' title='bbox 1291 964 1403 999; x_wconf 88' lang='lat' dir='ltr'><strong>quidem</strong></span> <span class='ocrx_word' id='word_1_510' title='bbox 1422 963 1539 999; x_wconf 90' lang='lat' dir='ltr'><strong>aliquid,</strong></span> <span class='ocrx_word' id='word_1_511' title='bbox 1557 965 1605 992; x_wconf 88' lang='lat' dir='ltr'><strong>sed</strong></span> <span class='ocrx_word' id='word_1_512' title='bbox 1628 963 1728 991; x_wconf 76' lang='lat' dir='ltr'><strong>eﬁ‘erre</strong></span> <span class='ocrx_word' id='word_1_513' title='bbox 1743 972 1793 991; x_wconf 88' lang='lat' dir='ltr'><strong>no-</strong></span> 
     </span>
    </p>
   </div>
   <div class='ocr_carea' id='block_1_69' title="bbox 1000 1009 1792 1045">
    <p class='ocr_par' dir='ltr' id='par_1_69' title="bbox 1000 1009 1792 1045">
     <span class='ocr_line' id='line_1_69' title="bbox 1000 1009 1792 1045; baseline -0.001 -8"><span class='ocrx_word' id='word_1_514' title='bbox 1000 1010 1096 1038; x_wconf 90' lang='lat' dir='ltr'><strong>lentes.</strong></span> <span class='ocrx_word' id='word_1_515' title='bbox 1130 1009 1193 1037; x_wconf 85' lang='lat' dir='ltr'><strong>Non</strong></span> <span class='ocrx_word' id='word_1_516' title='bbox 1222 1010 1293 1037; x_wconf 88' lang='lat' dir='ltr'><strong>enim</strong></span> <span class='ocrx_word' id='word_1_517' title='bbox 1319 1010 1474 1043; x_wconf 73' lang='lat' dir='ltr'><strong>audivistis,</strong></span> <span class='ocrx_word' id='word_1_518' title='bbox 1502 1009 1609 1045; x_wconf 87' lang='lat' dir='ltr'><strong>inquit,</strong></span> <span class='ocrx_word' id='word_1_519' title='bbox 1640 1009 1673 1036; x_wconf 82' lang='lat' dir='ltr'><strong>ab</strong></span> <span class='ocrx_word' id='word_1_520' title='bbox 1697 1009 1792 1043; x_wconf 82' lang='lat' dir='ltr'><strong>initio,</strong></span> 
     </span>
    </p>
   </div>
   <div class='ocr_carea' id='block_1_70' title="bbox 999 1057 1792 1093">
    <p class='ocr_par' dir='ltr' id='par_1_70' title="bbox 999 1057 1792 1093">
     <span class='ocr_line' id='line_1_70' title="bbox 999 1057 1792 1093; baseline 0 -9"><span class='ocrx_word' id='word_1_521' title='bbox 999 1065 1090 1093; x_wconf 91' lang='lat' dir='ltr'><strong>neque</strong></span> <span class='ocrx_word' id='word_1_522' title='bbox 1111 1058 1282 1093; x_wconf 86' lang='lat' dir='ltr'><strong>cognovistis</strong></span> <span class='ocrx_word' id='word_1_523' title='bbox 1299 1057 1437 1093; x_wconf 86' lang='lat' dir='ltr'><strong>ejusmodi</strong></span> <span class='ocrx_word' id='word_1_524' title='bbox 1454 1057 1618 1093; x_wconf 87' lang='lat' dir='ltr'><strong>quidquam,</strong></span> <span class='ocrx_word' id='word_1_525' title='bbox 1635 1063 1717 1092; x_wconf 89' lang='lat' dir='ltr'><strong>atque</strong></span> <span class='ocrx_word' id='word_1_526' title='bbox 1730 1064 1792 1091; x_wconf 86' lang='lat' dir='ltr'><strong>ego,</strong></span> 
     </span>
    </p>
   </div>
   <div class='ocr_carea' id='block_1_71' title="bbox 1000 1102 1793 1139">
    <p class='ocr_par' dir='ltr' id='par_1_71' title="bbox 1000 1102 1793 1139">
     <span class='ocr_line' id='line_1_71' title="bbox 1000 1102 1793 1139; baseline -0.001 -9"><span class='ocrx_word' id='word_1_527' title='bbox 1000 1104 1046 1139; x_wconf 88' lang='lat' dir='ltr'><strong>qui</strong></span> <span class='ocrx_word' id='word_1_528' title='bbox 1074 1108 1103 1131; x_wconf 87' lang='lat' dir='ltr'><strong>et.</strong></span> <span class='ocrx_word' id='word_1_529' title='bbox 1135 1103 1227 1131; x_wconf 90' lang='lat' dir='ltr'><strong>futura</strong></span> <span class='ocrx_word' id='word_1_530' title='bbox 1257 1105 1291 1131; x_wconf 88' lang='lat' dir='ltr'><strong>de</strong></span> <span class='ocrx_word' id='word_1_531' title='bbox 1313 1111 1357 1130; x_wconf 89' lang='lat' dir='ltr'><strong>me</strong></span> <span class='ocrx_word' id='word_1_532' title='bbox 1380 1104 1517 1138; x_wconf 68' lang='lat' dir='ltr'><strong>praascivi,</strong></span> <span class='ocrx_word' id='word_1_533' title='bbox 1540 1107 1568 1130; x_wconf 86' lang='lat' dir='ltr'><strong>et</strong></span> <span class='ocrx_word' id='word_1_534' title='bbox 1592 1102 1685 1130; x_wconf 86' lang='lat' dir='ltr'><strong>divina</strong></span> <span class='ocrx_word' id='word_1_535' title='bbox 1711 1110 1793 1138; x_wconf 83' lang='lat' dir='ltr'><strong>opera</strong></span> 
     </span>
    </p>
   </div>
   <div class='ocr_carea' id='block_1_72' title="bbox 1001 1149 1794 1185">
    <p class='ocr_par' dir='ltr' id='par_1_72' title="bbox 1001 1149 1794 1185">
     <span class='ocr_line' id='line_1_72' title="bbox 1001 1149 1794 1185; baseline -0.003 -8"><span class='ocrx_word' id='word_1_536' title='bbox 1001 1149 1087 1182; x_wconf 85' lang='lat' dir='ltr'><strong>edidi,</strong></span> <span class='ocrx_word' id='word_1_537' title='bbox 1105 1157 1223 1184; x_wconf 89' lang='lat' dir='ltr'><strong>quorum</strong></span> <span class='ocrx_word' id='word_1_538' title='bbox 1234 1157 1284 1177; x_wconf 91' lang='lat' dir='ltr'><strong>vos</strong></span> <span class='ocrx_word' id='word_1_539' title='bbox 1300 1157 1396 1177; x_wconf 88' lang='lat' dir='ltr'><strong>omnes</strong></span> <span class='ocrx_word' id='word_1_540' title='bbox 1407 1149 1466 1185; x_wconf 89' lang='lat' dir='ltr'><strong>ipse</strong></span> <span class='ocrx_word' id='word_1_541' title='bbox 1478 1153 1564 1177; x_wconf 84' lang='lat' dir='ltr'><strong>testes</strong></span> <span class='ocrx_word' id='word_1_542' title='bbox 1581 1149 1699 1184; x_wconf 86' lang='lat' dir='ltr'><strong>appello,</strong></span> <span class='ocrx_word' id='word_1_543' title='bbox 1714 1153 1794 1184; x_wconf 89' lang='lat' dir='ltr'><strong>quot-</strong></span> 
     </span>
    </p>
   </div>
   <div class='ocr_carea' id='block_1_73' title="bbox 1001 1195 1794 1231">
    <p class='ocr_par' dir='ltr' id='par_1_73' title="bbox 1001 1195 1794 1231">
     <span class='ocr_line' id='line_1_73' title="bbox 1001 1195 1794 1231; baseline 0 -9"><span class='ocrx_word' id='word_1_544' title='bbox 1001 1200 1068 1231; x_wconf 90' lang='lat' dir='ltr'><strong>quot</strong></span> <span class='ocrx_word' id='word_1_545' title='bbox 1096 1195 1180 1223; x_wconf 84' lang='lat' dir='ltr'><strong>Mosis</strong></span> <span class='ocrx_word' id='word_1_546' title='bbox 1209 1196 1332 1228; x_wconf 90' lang='lat' dir='ltr'><strong>oracula,</strong></span> <span class='ocrx_word' id='word_1_547' title='bbox 1355 1200 1383 1223; x_wconf 87' lang='lat' dir='ltr'><strong>et</strong></span> <span class='ocrx_word' id='word_1_548' title='bbox 1409 1203 1472 1231; x_wconf 60' lang='lat' dir='ltr'><strong>qua}</strong></span> <span class='ocrx_word' id='word_1_549' title='bbox 1500 1199 1596 1230; x_wconf 84' lang='lat' dir='ltr'><strong>postea</strong></span> <span class='ocrx_word' id='word_1_550' title='bbox 1620 1195 1693 1223; x_wconf 87' lang='lat' dir='ltr'><strong>edita</strong></span> <span class='ocrx_word' id='word_1_551' title='bbox 1718 1199 1794 1227; x_wconf 85' lang='lat' dir='ltr'><strong>sunt,</strong></span> 
     </span>
    </p>
   </div>
   <div class='ocr_carea' id='block_1_74' title="bbox 1001 1241 1795 1277">
    <p class='ocr_par' dir='ltr' id='par_1_74' title="bbox 1001 1241 1795 1277">
     <span class='ocr_line' id='line_1_74' title="bbox 1001 1241 1795 1277; baseline -0.004 -6"><span class='ocrx_word' id='word_1_552' title='bbox 1001 1242 1153 1275; x_wconf 85' lang='lat' dir='ltr'><strong>evolvistis,</strong></span> <span class='ocrx_word' id='word_1_553' title='bbox 1170 1242 1197 1269; x_wconf 93' lang='lat' dir='ltr'><strong>in</strong></span> <span class='ocrx_word' id='word_1_554' title='bbox 1213 1242 1313 1277; x_wconf 85' lang='lat' dir='ltr'><strong>quibus</strong></span> <span class='ocrx_word' id='word_1_555' title='bbox 1325 1250 1385 1277; x_wconf 73' lang='lat' dir='ltr'><strong>quae</strong></span> <span class='ocrx_word' id='word_1_556' title='bbox 1400 1243 1427 1269; x_wconf 92' lang='lat' dir='ltr'><strong>in</strong></span> <span class='ocrx_word' id='word_1_557' title='bbox 1446 1241 1576 1277; x_wconf 65' lang='lat' dir='ltr'><strong>Egypto,</strong></span> <span class='ocrx_word' id='word_1_558' title='bbox 1590 1246 1618 1269; x_wconf 90' lang='lat' dir='ltr'><strong>et</strong></span> <span class='ocrx_word' id='word_1_559' title='bbox 1634 1241 1763 1276; x_wconf 76' lang='lat' dir='ltr'><strong>deinCeps</strong></span> <span class='ocrx_word' id='word_1_560' title='bbox 1779 1249 1795 1268; x_wconf 84' lang='grc' dir='ltr'><strong>ιι</strong></span> 
     </span>
    </p>
   </div>
   <div class='ocr_carea' id='block_1_75' title="bbox 1001 1287 1795 1324">
    <p class='ocr_par' dir='ltr' id='par_1_75' title="bbox 1001 1287 1795 1324">
     <span class='ocr_line' id='line_1_75' title="bbox 1001 1287 1795 1324; baseline -0.001 -9"><span class='ocrx_word' id='word_1_561' title='bbox 1001 1296 1044 1316; x_wconf 91' lang='lat' dir='ltr'><strong>me</strong></span> <span class='ocrx_word' id='word_1_562' title='bbox 1060 1293 1167 1324; x_wconf 84' lang='lat' dir='ltr'><strong>patrata</strong></span> <span class='ocrx_word' id='word_1_563' title='bbox 1182 1292 1259 1322; x_wconf 89' lang='lat' dir='ltr'><strong>sunt,</strong></span> <span class='ocrx_word' id='word_1_564' title='bbox 1289 1296 1351 1316; x_wconf 92' lang='lat' dir='ltr'><strong>cum</strong></span> <span class='ocrx_word' id='word_1_565' title='bbox 1369 1292 1462 1316; x_wconf 85' lang='lat' dir='ltr'><strong>creata</strong></span> <span class='ocrx_word' id='word_1_566' title='bbox 1477 1288 1570 1316; x_wconf 87' lang='lat' dir='ltr'><strong>omnia</strong></span> <span class='ocrx_word' id='word_1_567' title='bbox 1589 1288 1655 1315; x_wconf 93' lang='lat' dir='ltr'><strong>mihi</strong></span> <span class='ocrx_word' id='word_1_568' title='bbox 1675 1287 1795 1315; x_wconf 87' lang='lat' dir='ltr'><strong>Domino</strong></span> 
     </span>
    </p>
   </div>
   <div class='ocr_carea' id='block_1_76' title="bbox 1001 1333 1793 1371">
    <p class='ocr_par' dir='ltr' id='par_1_76' title="bbox 1001 1333 1793 1371">
     <span class='ocr_line' id='line_1_76' title="bbox 1001 1333 1793 1371; baseline -0.004 -8"><span class='ocrx_word' id='word_1_569' title='bbox 1001 1335 1204 1368; x_wconf 86' lang='lat' dir='ltr'><strong>subservirent,</strong></span> <span class='ocrx_word' id='word_1_570' title='bbox 1232 1336 1389 1371; x_wconf 83' lang='lat' dir='ltr'><strong>reperiatis.</strong></span> <span class='ocrx_word' id='word_1_571' title='bbox 1421 1334 1486 1362; x_wconf 63' lang='lat' dir='ltr'><strong>Haae</strong></span> <span class='ocrx_word' id='word_1_572' title='bbox 1506 1335 1579 1362; x_wconf 92' lang='lat' dir='ltr'><strong>enim</strong></span> <span class='ocrx_word' id='word_1_573' title='bbox 1595 1335 1722 1370; x_wconf 88' lang='lat' dir='ltr'><strong>proprias</strong></span> <span class='ocrx_word' id='word_1_574' title='bbox 1737 1333 1793 1360; x_wconf 89' lang='lat' dir='ltr'><strong>vir-</strong></span> 
     </span>
    </p>
   </div>
   <div class='ocr_carea' id='block_1_77' title="bbox 1001 1381 1790 1417">
    <p class='ocr_par' dir='ltr' id='par_1_77' title="bbox 1001 1381 1790 1417">
     <span class='ocr_line' id='line_1_77' title="bbox 1001 1381 1790 1417; baseline -0.001 -8"><span class='ocrx_word' id='word_1_575' title='bbox 1001 1386 1074 1409; x_wconf 88' lang='lat' dir='ltr'><strong>tutes</strong></span> <span class='ocrx_word' id='word_1_576' title='bbox 1102 1382 1250 1416; x_wconf 78' lang='lat' dir='ltr'><strong>appellavit</strong></span> <span class='ocrx_word' id='word_1_577' title='bbox 1281 1391 1287 1408; x_wconf 96' lang='lat'>:</span> <span class='ocrx_word' id='word_1_578' title='bbox 1315 1381 1389 1414; x_wconf 84' lang='lat' dir='ltr'><strong>Quas</strong></span> <span class='ocrx_word' id='word_1_579' title='bbox 1407 1389 1469 1409; x_wconf 87' lang='lat' dir='ltr'><strong>cum</strong></span> <span class='ocrx_word' id='word_1_580' title='bbox 1496 1389 1548 1417; x_wconf 88' lang='lat' dir='ltr'><strong>ego</strong></span> <span class='ocrx_word' id='word_1_581' title='bbox 1572 1389 1714 1416; x_wconf 87' lang='lat' dir='ltr'><strong>operarer,</strong></span> <span class='ocrx_word' id='word_1_582' title='bbox 1745 1381 1790 1408; x_wconf 87' lang='lat' dir='ltr'><strong>in-</strong></span> 
     </span>
    </p>
   </div>
   <div class='ocr_carea' id='block_1_78' title="bbox 1001 1427 1793 1462">
    <p class='ocr_par' dir='ltr' id='par_1_78' title="bbox 1001 1427 1793 1462">
     <span class='ocr_line' id='line_1_78' title="bbox 1001 1427 1793 1462; baseline 0 -8"><span class='ocrx_word' id='word_1_583' title='bbox 1001 1428 1071 1462; x_wconf 88' lang='lat' dir='ltr'><strong>quit,</strong></span> <span class='ocrx_word' id='word_1_584' title='bbox 1103 1435 1211 1455; x_wconf 85' lang='lat' dir='ltr'><strong>mecum</strong></span> <span class='ocrx_word' id='word_1_585' title='bbox 1229 1427 1322 1455; x_wconf 89' lang='lat' dir='ltr'><strong>nullus</strong></span> <span class='ocrx_word' id='word_1_586' title='bbox 1338 1428 1400 1460; x_wconf 77' lang='lat' dir='ltr'><strong>fuit,</strong></span> <span class='ocrx_word' id='word_1_587' title='bbox 1425 1428 1482 1454; x_wconf 90' lang='lat' dir='ltr'><strong>imo</strong></span> <span class='ocrx_word' id='word_1_588' title='bbox 1497 1436 1532 1455; x_wconf 89' lang='lat' dir='ltr'><strong>ne</strong></span> <span class='ocrx_word' id='word_1_589' title='bbox 1559 1433 1622 1455; x_wconf 88' lang='lat' dir='ltr'><strong>ante</strong></span> <span class='ocrx_word' id='word_1_590' title='bbox 1638 1428 1793 1454; x_wconf 89' lang='lat' dir='ltr'><strong>eluvioncm</strong></span> 
     </span>
    </p>
   </div>
   <div class='ocr_carea' id='block_1_79' title="bbox 1002 1473 1792 1508">
    <p class='ocr_par' dir='ltr' id='par_1_79' title="bbox 1002 1473 1792 1508">
     <span class='ocr_line' id='line_1_79' title="bbox 1002 1473 1792 1508; baseline 0.001 -9"><span class='ocrx_word' id='word_1_591' title='bbox 1002 1473 1113 1508; x_wconf 87' lang='lat' dir='ltr'><strong>quidem</strong></span> <span class='ocrx_word' id='word_1_592' title='bbox 1143 1480 1206 1500; x_wconf 92' lang='lat' dir='ltr'><strong>cum</strong></span> <span class='ocrx_word' id='word_1_593' title='bbox 1219 1482 1221 1484; x_wconf 94' lang='grc'><strong>·</strong></span> <span class='ocrx_word' id='word_1_594' title='bbox 1236 1474 1359 1501; x_wconf 91' lang='lat' dir='ltr'><strong>nondum</strong></span> <span class='ocrx_word' id='word_1_595' title='bbox 1384 1477 1479 1501; x_wconf 85' lang='lat' dir='ltr'><strong>essent</strong></span> <span class='ocrx_word' id='word_1_596' title='bbox 1500 1473 1636 1500; x_wconf 86' lang='lat' dir='ltr'><strong>idolorum</strong></span> <span class='ocrx_word' id='word_1_597' title='bbox 1653 1473 1765 1508; x_wconf 84' lang='lat' dir='ltr'><strong>opiﬁces</strong></span> <span class='ocrx_word' id='word_1_598' title='bbox 1784 1481 1792 1500; x_wconf 87' lang='lat'><strong>:</strong></span> 
     </span>
    </p>
   </div>
   <div class='ocr_carea' id='block_1_80' title="bbox 1002 1518 1795 1554">
    <p class='ocr_par' dir='ltr' id='par_1_80' title="bbox 1002 1518 1795 1554">
     <span class='ocr_line' id='line_1_80' title="bbox 1002 1518 1795 1554; baseline -0.003 -7"><span class='ocrx_word' id='word_1_599' title='bbox 1002 1520 1074 1547; x_wconf 85' lang='lat' dir='ltr'><strong>sicut</strong></span> <span class='ocrx_word' id='word_1_600' title='bbox 1088 1523 1115 1547; x_wconf 86' lang='lat' dir='ltr'><strong>et</strong></span> <span class='ocrx_word' id='word_1_601' title='bbox 1131 1527 1180 1546; x_wconf 86' lang='lat' dir='ltr'><strong>vos</strong></span> <span class='ocrx_word' id='word_1_602' title='bbox 1209 1519 1237 1546; x_wconf 90' lang='lat' dir='ltr'><strong>in</strong></span> <span class='ocrx_word' id='word_1_603' title='bbox 1265 1520 1324 1554; x_wconf 89' lang='lat' dir='ltr'><strong>ipso</strong></span> <span class='ocrx_word' id='word_1_604' title='bbox 1356 1519 1483 1546; x_wconf 79' lang='lat' dir='ltr'><strong>mortalis</strong></span> <span class='ocrx_word' id='word_1_605' title='bbox 1498 1519 1560 1546; x_wconf 59' lang='lat' dir='ltr'><strong>vitan</strong></span> <span class='ocrx_word' id='word_1_606' title='bbox 1576 1519 1709 1553; x_wconf 82' lang='lat' dir='ltr'><strong>principio</strong></span> <span class='ocrx_word' id='word_1_607' title='bbox 1726 1518 1795 1545; x_wconf 86' lang='lat' dir='ltr'><strong>nihil</strong></span> 
     </span>
    </p>
   </div>
   <div class='ocr_carea' id='block_1_81' title="bbox 1003 1562 1795 1599">
    <p class='ocr_par' dir='ltr' id='par_1_81' title="bbox 1003 1562 1795 1599">
     <span class='ocr_line' id='line_1_81' title="bbox 1003 1562 1795 1599; baseline -0.003 -8"><span class='ocrx_word' id='word_1_608' title='bbox 1003 1564 1101 1592; x_wconf 88' lang='lat' dir='ltr'><strong>hormn</strong></span> <span class='ocrx_word' id='word_1_609' title='bbox 1118 1564 1271 1599; x_wconf 87' lang='lat' dir='ltr'><strong>quidquam</strong></span> <span class='ocrx_word' id='word_1_610' title='bbox 1285 1564 1373 1591; x_wconf 84' lang='lat' dir='ltr'><strong>visnm</strong></span> <span class='ocrx_word' id='word_1_611' title='bbox 1386 1571 1448 1591; x_wconf 86' lang='lat' dir='ltr'><strong>esse</strong></span> <span class='ocrx_word' id='word_1_612' title='bbox 1463 1571 1517 1591; x_wconf 92' lang='lat' dir='ltr'><strong>non</strong></span> <span class='ocrx_word' id='word_1_613' title='bbox 1534 1564 1678 1599; x_wconf 80' lang='lat' dir='ltr'><strong>ignoratis.</strong></span> <span class='ocrx_word' id='word_1_614' title='bbox 1693 1562 1795 1591; x_wconf 84' lang='lat' dir='ltr'><strong>Verum</strong></span> 
     </span>
    </p>
   </div>
   <div class='ocr_carea' id='block_1_82' title="bbox 1003 1608 1796 1645">
    <p class='ocr_par' dir='ltr' id='par_1_82' title="bbox 1003 1608 1796 1645">
     <span class='ocr_line' id='line_1_82' title="bbox 1003 1608 1796 1645; baseline -0.003 -8"><span class='ocrx_word' id='word_1_615' title='bbox 1003 1610 1051 1645; x_wconf 89' lang='lat' dir='ltr'><strong>qui</strong></span> <span class='ocrx_word' id='word_1_616' title='bbox 1067 1614 1162 1644; x_wconf 87' lang='lat' dir='ltr'><strong>postea</strong></span> <span class='ocrx_word' id='word_1_617' title='bbox 1185 1609 1243 1636; x_wconf 88' lang='lat' dir='ltr'><strong>nati</strong></span> <span class='ocrx_word' id='word_1_618' title='bbox 1260 1615 1336 1642; x_wconf 90' lang='lat' dir='ltr'><strong>sunt,</strong></span> <span class='ocrx_word' id='word_1_619' title='bbox 1353 1609 1387 1636; x_wconf 85' lang='lat' dir='ltr'><strong>ab</strong></span> <span class='ocrx_word' id='word_1_620' title='bbox 1401 1616 1497 1636; x_wconf 89' lang='lat' dir='ltr'><strong>errore</strong></span> <span class='ocrx_word' id='word_1_621' title='bbox 1514 1609 1665 1636; x_wconf 86' lang='lat' dir='ltr'><strong>cessabunt</strong></span> <span class='ocrx_word' id='word_1_622' title='bbox 1683 1608 1796 1635; x_wconf 83' lang='lat' dir='ltr'><strong>abscon-</strong></span> 
     </span>
    </p>
   </div>
   <div class='ocr_carea' id='block_1_83' title="bbox 1001 1655 1796 1691">
    <p class='ocr_par' dir='ltr' id='par_1_83' title="bbox 1001 1655 1796 1691">
     <span class='ocr_line' id='line_1_83' title="bbox 1001 1655 1796 1691; baseline 0.001 -9"><span class='ocrx_word' id='word_1_623' title='bbox 1001 1656 1051 1683; x_wconf 75' lang='grc' dir='ltr'><strong>ἀειὶ</strong></span> <span class='ocrx_word' id='word_1_624' title='bbox 1070 1663 1079 1682; x_wconf 86' lang='grc'><em>;</em></span> <span class='ocrx_word' id='word_1_625' title='bbox 1100 1656 1147 1691; x_wconf 92' lang='lat' dir='ltr'><strong>qui</strong></span> <span class='ocrx_word' id='word_1_626' title='bbox 1170 1663 1236 1683; x_wconf 88' lang='lat' dir='ltr'><strong>vero</strong></span> <span class='ocrx_word' id='word_1_627' title='bbox 1263 1656 1427 1689; x_wconf 87' lang='lat' dir='ltr'><strong>institerint,</strong></span> <span class='ocrx_word' id='word_1_628' title='bbox 1454 1655 1516 1691; x_wconf 84' lang='lat' dir='ltr'><strong>ipso</strong></span> <span class='ocrx_word' id='word_1_629' title='bbox 1540 1655 1654 1683; x_wconf 83' lang='lat' dir='ltr'><strong>ultionis</strong></span> <span class='ocrx_word' id='word_1_630' title='bbox 1673 1659 1796 1690; x_wconf 86' lang='lat' dir='ltr'><strong>tempore</strong></span> 
     </span>
    </p>
   </div>
   <div class='ocr_carea' id='block_1_84' title="bbox 1004 1701 1795 1738">
    <p class='ocr_par' dir='ltr' id='par_1_84' title="bbox 1004 1701 1795 1738">
     <span class='ocr_line' id='line_1_84' title="bbox 1004 1701 1795 1738; baseline -0.001 -8"><span class='ocrx_word' id='word_1_631' title='bbox 1004 1703 1179 1738; x_wconf 82' lang='lat' dir='ltr'><strong>deperibunt.</strong></span> <span class='ocrx_word' id='word_1_632' title='bbox 1201 1702 1255 1729; x_wconf 81' lang='lat' dir='ltr'><strong>Vos</strong></span> <span class='ocrx_word' id='word_1_633' title='bbox 1282 1707 1373 1729; x_wconf 87' lang='lat' dir='ltr'><strong>autem</strong></span> <span class='ocrx_word' id='word_1_634' title='bbox 1402 1702 1513 1730; x_wconf 89' lang='lat' dir='ltr'><strong>interim</strong></span> <span class='ocrx_word' id='word_1_635' title='bbox 1544 1702 1611 1738; x_wconf 91' lang='lat' dir='ltr'><strong>quid</strong></span> <span class='ocrx_word' id='word_1_636' title='bbox 1637 1709 1690 1729; x_wconf 93' lang='lat' dir='ltr'><strong>non</strong></span> <span class='ocrx_word' id='word_1_637' title='bbox 1715 1701 1795 1736; x_wconf 74' lang='lat'><strong>502</strong></span> 
     </span>
    </p>
   </div>
   <div class='ocr_carea' id='block_1_85' title="bbox 1003 1748 1796 1784">
    <p class='ocr_par' dir='ltr' id='par_1_85' title="bbox 1003 1748 1796 1784">
     <span class='ocr_line' id='line_1_85' title="bbox 1003 1748 1796 1784; baseline 0 -9"><span class='ocrx_word' id='word_1_638' title='bbox 1003 1748 1200 1782; x_wconf 79' lang='lat' dir='ltr'><strong>consideratis,</strong></span> <span class='ocrx_word' id='word_1_639' title='bbox 1212 1755 1338 1783; x_wconf 56' lang='lat' dir='ltr'><strong>quaenam</strong></span> <span class='ocrx_word' id='word_1_640' title='bbox 1357 1748 1395 1776; x_wconf 88' lang='lat' dir='ltr'><strong>sit</strong></span> <span class='ocrx_word' id='word_1_641' title='bbox 1409 1749 1468 1784; x_wconf 85' lang='lat' dir='ltr'><strong>ipsa</strong></span> <span class='ocrx_word' id='word_1_642' title='bbox 1492 1749 1629 1776; x_wconf 88' lang='lat' dir='ltr'><strong>idolorum</strong></span> <span class='ocrx_word' id='word_1_643' title='bbox 1644 1749 1734 1776; x_wconf 88' lang='lat' dir='ltr'><strong>anima</strong></span> <span class='ocrx_word' id='word_1_644' title='bbox 1748 1756 1796 1776; x_wconf 86' lang='lat' dir='ltr'><strong>ca-</strong></span> 
     </span>
    </p>
   </div>
   <div class='ocr_carea' id='block_1_86' title="bbox 1003 1793 1795 1829">
    <p class='ocr_par' dir='ltr' id='par_1_86' title="bbox 1003 1793 1795 1829">
     <span class='ocr_line' id='line_1_86' title="bbox 1003 1793 1795 1829; baseline -0.001 -8"><span class='ocrx_word' id='word_1_645' title='bbox 1003 1795 1121 1821; x_wconf 70' lang='lat' dir='ltr'><strong>rentium</strong></span> <span class='ocrx_word' id='word_1_646' title='bbox 1132 1798 1232 1821; x_wconf 84' lang='lat' dir='ltr'><strong>natura</strong></span> <span class='ocrx_word' id='word_1_647' title='bbox 1242 1794 1253 1821; x_wconf 76' lang='grc' dir='ltr'><strong><em>Ἰ</em></strong></span> <span class='ocrx_word' id='word_1_648' title='bbox 1263 1794 1290 1821; x_wconf 85' lang='lat' dir='ltr'><strong>Si</strong></span> <span class='ocrx_word' id='word_1_649' title='bbox 1307 1802 1389 1829; x_wconf 87' lang='lat' dir='ltr'><strong>quam</strong></span> <span class='ocrx_word' id='word_1_650' title='bbox 1400 1794 1474 1821; x_wconf 88' lang='lat' dir='ltr'><strong>enim</strong></span> <span class='ocrx_word' id='word_1_651' title='bbox 1487 1794 1639 1829; x_wconf 83' lang='lat' dir='ltr'><strong>potentiam</strong></span> <span class='ocrx_word' id='word_1_652' title='bbox 1652 1793 1795 1825; x_wconf 90' lang='lat' dir='ltr'><strong>haberent,</strong></span> 
     </span>
    </p>
   </div>
   <div class='ocr_carea' id='block_1_87' title="bbox 1006 1840 1796 1876">
    <p class='ocr_par' dir='ltr' id='par_1_87' title="bbox 1006 1840 1796 1876">
     <span class='ocr_line' id='line_1_87' title="bbox 1006 1840 1796 1876; baseline 0 -9"><span class='ocrx_word' id='word_1_653' title='bbox 1006 1840 1144 1876; x_wconf 63' lang='lat' dir='ltr'><strong>[Egyptiis</strong></span> <span class='ocrx_word' id='word_1_654' title='bbox 1159 1844 1185 1867; x_wconf 86' lang='lat' dir='ltr'><strong>et</strong></span> <span class='ocrx_word' id='word_1_655' title='bbox 1198 1840 1377 1871; x_wconf 67' lang='lat' dir='ltr'><strong>Amorrhaeis,</strong></span> <span class='ocrx_word' id='word_1_656' title='bbox 1391 1840 1437 1875; x_wconf 89' lang='lat' dir='ltr'><strong>qui</strong></span> <span class='ocrx_word' id='word_1_657' title='bbox 1455 1847 1487 1867; x_wconf 89' lang='lat' dir='ltr'><strong>ea</strong></span> <span class='ocrx_word' id='word_1_658' title='bbox 1507 1840 1611 1867; x_wconf 77' lang='lat' dir='ltr'><strong>tirihns</strong></span> <span class='ocrx_word' id='word_1_659' title='bbox 1627 1840 1696 1868; x_wconf 88' lang='lat' dir='ltr'><strong>meis</strong></span> <span class='ocrx_word' id='word_1_660' title='bbox 1710 1848 1796 1875; x_wconf 85' lang='lat' dir='ltr'><strong>oppo-</strong></span> 
     </span>
    </p>
   </div>
   <div class='ocr_carea' id='block_1_88' title="bbox 1004 1885 1796 1922">
    <p class='ocr_par' dir='ltr' id='par_1_88' title="bbox 1004 1885 1796 1922">
     <span class='ocr_line' id='line_1_88' title="bbox 1004 1885 1796 1922; baseline 0 -8"><span class='ocrx_word' id='word_1_661' title='bbox 1004 1891 1092 1920; x_wconf 88' lang='lat' dir='ltr'><strong>nunt,</strong></span> <span class='ocrx_word' id='word_1_662' title='bbox 1111 1891 1114 1894; x_wconf 74' lang='lat'>‘</span> <span class='ocrx_word' id='word_1_663' title='bbox 1130 1887 1162 1914; x_wconf 90' lang='lat' dir='ltr'><strong>ad</strong></span> <span class='ocrx_word' id='word_1_664' title='bbox 1198 1887 1314 1914; x_wconf 87' lang='lat' dir='ltr'><strong>salutem</strong></span> <span class='ocrx_word' id='word_1_665' title='bbox 1344 1886 1449 1921; x_wconf 84' lang='lat' dir='ltr'><strong>aliquid</strong></span> <span class='ocrx_word' id='word_1_666' title='bbox 1477 1885 1605 1913; x_wconf 87' lang='lat' dir='ltr'><strong>conferre</strong></span> <span class='ocrx_word' id='word_1_667' title='bbox 1631 1886 1796 1922; x_wconf 84' lang='lat' dir='ltr'><strong>potuissent.</strong></span> 
     </span>
    </p>
   </div>
   <div class='ocr_carea' id='block_1_89' title="bbox 1003 1932 1796 1968">
    <p class='ocr_par' dir='ltr' id='par_1_89' title="bbox 1003 1932 1796 1968">
     <span class='ocr_line' id='line_1_89' title="bbox 1003 1932 1796 1968; baseline 0 -8"><span class='ocrx_word' id='word_1_668' title='bbox 1003 1935 1037 1960; x_wconf 87' lang='lat' dir='ltr'><strong>At</strong></span> <span class='ocrx_word' id='word_1_669' title='bbox 1050 1941 1124 1960; x_wconf 89' lang='lat' dir='ltr'><strong>nunc</strong></span> <span class='ocrx_word' id='word_1_670' title='bbox 1137 1941 1200 1961; x_wconf 89' lang='lat' dir='ltr'><strong>cum</strong></span> <span class='ocrx_word' id='word_1_671' title='bbox 1219 1934 1278 1961; x_wconf 91' lang='lat' dir='ltr'><strong>suis</strong></span> <span class='ocrx_word' id='word_1_672' title='bbox 1298 1933 1356 1968; x_wconf 88' lang='lat' dir='ltr'><strong>ipsa</strong></span> <span class='ocrx_word' id='word_1_673' title='bbox 1375 1932 1572 1960; x_wconf 85' lang='lat' dir='ltr'><strong>adoratoribus</strong></span> <span class='ocrx_word' id='word_1_674' title='bbox 1588 1937 1666 1967; x_wconf 86' lang='lat' dir='ltr'><strong>capta</strong></span> <span class='ocrx_word' id='word_1_675' title='bbox 1680 1940 1729 1967; x_wconf 84' lang='lat' dir='ltr'><strong>per</strong></span> <span class='ocrx_word' id='word_1_676' title='bbox 1745 1940 1796 1960; x_wconf 87' lang='lat' dir='ltr'><strong>vos</strong></span> 
     </span>
    </p>
   </div>
   <div class='ocr_carea' id='block_1_90' title="bbox 1004 1979 1797 2015">
    <p class='ocr_par' dir='ltr' id='par_1_90' title="bbox 1004 1979 1797 2015">
     <span class='ocr_line' id='line_1_90' title="bbox 1004 1979 1797 2015; baseline 0 -8"><span class='ocrx_word' id='word_1_677' title='bbox 1004 1980 1031 2007; x_wconf 93' lang='lat' dir='ltr'><strong>in</strong></span> <span class='ocrx_word' id='word_1_678' title='bbox 1047 1981 1138 2015; x_wconf 83' lang='lat' dir='ltr'><strong>ignem</strong></span> <span class='ocrx_word' id='word_1_679' title='bbox 1153 1979 1278 2014; x_wconf 85' lang='lat' dir='ltr'><strong>conjecta</strong></span> <span class='ocrx_word' id='word_1_680' title='bbox 1291 1983 1367 2007; x_wconf 82' lang='lat' dir='ltr'><strong>sunt.</strong></span> <span class='ocrx_word' id='word_1_681' title='bbox 1384 1979 1437 2011; x_wconf 86' lang='lat' dir='ltr'><strong>Qui</strong></span> <span class='ocrx_word' id='word_1_682' title='bbox 1454 1986 1504 2006; x_wconf 85' lang='lat' dir='ltr'><strong>vos</strong></span> <span class='ocrx_word' id='word_1_683' title='bbox 1520 1979 1613 2013; x_wconf 80' lang='lat' dir='ltr'><strong>igitur,</strong></span> <span class='ocrx_word' id='word_1_684' title='bbox 1629 1987 1698 2013; x_wconf 89' lang='lat' dir='ltr'><strong>quos</strong></span> <span class='ocrx_word' id='word_1_685' title='bbox 1711 1979 1797 2007; x_wconf 85' lang='lat' dir='ltr'><strong>latere</strong></span> 
     </span>
    </p>
   </div>
   <div class='ocr_carea' id='block_1_91' title="bbox 1004 2022 1796 2059">
    <p class='ocr_par' dir='ltr' id='par_1_91' title="bbox 1004 2022 1796 2059">
     <span class='ocr_line' id='line_1_91' title="bbox 1004 2022 1796 2059; baseline -0.003 -8"><span class='ocrx_word' id='word_1_686' title='bbox 1004 2025 1063 2058; x_wconf 79' lang='lat' dir='ltr'><strong>ipsa</strong></span> <span class='ocrx_word' id='word_1_687' title='bbox 1079 2032 1133 2051; x_wconf 92' lang='lat' dir='ltr'><strong>non</strong></span> <span class='ocrx_word' id='word_1_688' title='bbox 1148 2027 1307 2059; x_wconf 89' lang='lat' dir='ltr'><strong>potuerunt,</strong></span> <span class='ocrx_word' id='word_1_689' title='bbox 1326 2031 1420 2050; x_wconf 88' lang='lat' dir='ltr'><strong>eorum</strong></span> <span class='ocrx_word' id='word_1_690' title='bbox 1441 2022 1555 2058; x_wconf 89' lang='lat' dir='ltr'><strong>opiﬁces</strong></span> <span class='ocrx_word' id='word_1_691' title='bbox 1568 2023 1728 2054; x_wconf 83' lang='lat' dir='ltr'><strong>exstitistis,</strong></span> <span class='ocrx_word' id='word_1_692' title='bbox 1748 2023 1796 2058; x_wconf 91' lang='lat' dir='ltr'><strong>qui</strong></span> 
     </span>
    </p>
   </div>
   <div class='ocr_carea' id='block_1_92' title="bbox 1004 2068 1798 2105">
    <p class='ocr_par' dir='ltr' id='par_1_92' title="bbox 1004 2068 1798 2105">
     <span class='ocr_line' id='line_1_92' title="bbox 1004 2068 1798 2105; baseline -0.001 -8"><span class='ocrx_word' id='word_1_693' title='bbox 1004 2071 1098 2099; x_wconf 87' lang='lat' dir='ltr'><strong>Mosen</strong></span> <span class='ocrx_word' id='word_1_694' title='bbox 1116 2070 1171 2098; x_wconf 85' lang='lat' dir='ltr'><strong>Deo</strong></span> <span class='ocrx_word' id='word_1_695' title='bbox 1197 2071 1243 2098; x_wconf 93' lang='lat' dir='ltr'><strong>uni</strong></span> <span class='ocrx_word' id='word_1_696' title='bbox 1258 2070 1446 2102; x_wconf 83' lang='lat' dir='ltr'><strong>serviendum,</strong></span> <span class='ocrx_word' id='word_1_697' title='bbox 1464 2077 1554 2105; x_wconf 86' lang='lat' dir='ltr'><strong>neque</strong></span> <span class='ocrx_word' id='word_1_698' title='bbox 1582 2069 1654 2096; x_wconf 88' lang='lat' dir='ltr'><strong>idola</strong></span> <span class='ocrx_word' id='word_1_699' title='bbox 1671 2068 1798 2097; x_wconf 85' lang='lat' dir='ltr'><strong>facienda</strong></span> 
     </span>
    </p>
   </div>
   <div class='ocr_carea' id='block_1_93' title="bbox 1004 2115 1797 2151">
    <p class='ocr_par' dir='ltr' id='par_1_93' title="bbox 1004 2115 1797 2151">
     <span class='ocr_line' id='line_1_93' title="bbox 1004 2115 1797 2151; baseline -0.001 -7"><span class='ocrx_word' id='word_1_700' title='bbox 1004 2117 1149 2144; x_wconf 81' lang='lat' dir='ltr'><strong>docentem</strong></span> <span class='ocrx_word' id='word_1_701' title='bbox 1168 2116 1338 2144; x_wconf 81' lang='lat' dir='ltr'><strong>audivistis?</strong></span> <span class='ocrx_word' id='word_1_702' title='bbox 1357 2116 1391 2143; x_wconf 78' lang='lat' dir='ltr'><strong>At</strong></span> <span class='ocrx_word' id='word_1_703' title='bbox 1406 2124 1439 2143; x_wconf 92' lang='lat' dir='ltr'><strong>eo</strong></span> <span class='ocrx_word' id='word_1_704' title='bbox 1463 2115 1515 2151; x_wconf 89' lang='lat' dir='ltr'><strong>ipsi</strong></span> <span class='ocrx_word' id='word_1_705' title='bbox 1552 2116 1688 2144; x_wconf 69' lang='lat' dir='ltr'><strong>vecordia:</strong></span> <span class='ocrx_word' id='word_1_706' title='bbox 1705 2116 1797 2143; x_wconf 82' lang='lat' dir='ltr'><strong>evasi-</strong></span> 
     </span>
    </p>
   </div>
   <div class='ocr_carea' id='block_1_94' title="bbox 1005 2162 1798 2197">
    <p class='ocr_par' dir='ltr' id='par_1_94' title="bbox 1005 2162 1798 2197">
     <span class='ocr_line' id='line_1_94' title="bbox 1005 2162 1798 2197; baseline 0 -7"><span class='ocrx_word' id='word_1_707' title='bbox 1005 2163 1066 2196; x_wconf 83' lang='lat' dir='ltr'><strong>slis,</strong></span> <span class='ocrx_word' id='word_1_708' title='bbox 1079 2169 1107 2190; x_wconf 89' lang='lat' dir='ltr'><strong>ut</strong></span> <span class='ocrx_word' id='word_1_709' title='bbox 1122 2170 1216 2190; x_wconf 85' lang='lat' dir='ltr'><strong>earum</strong></span> <span class='ocrx_word' id='word_1_710' title='bbox 1228 2171 1319 2190; x_wconf 76' lang='lat' dir='ltr'><strong>rerum</strong></span> <span class='ocrx_word' id='word_1_711' title='bbox 1335 2170 1438 2193; x_wconf 88' lang='lat' dir='ltr'><strong>amore,</strong></span> <span class='ocrx_word' id='word_1_712' title='bbox 1448 2170 1509 2197; x_wconf 66' lang='lat' dir='ltr'><strong>qua:</strong></span> <span class='ocrx_word' id='word_1_713' title='bbox 1519 2169 1573 2189; x_wconf 91' lang='lat' dir='ltr'><strong>non</strong></span> <span class='ocrx_word' id='word_1_714' title='bbox 1588 2165 1663 2195; x_wconf 92' lang='lat' dir='ltr'><strong>sunt,</strong></span> <span class='ocrx_word' id='word_1_715' title='bbox 1675 2162 1798 2190; x_wconf 80' lang='lat' dir='ltr'><strong>insania-</strong></span> 
     </span>
    </p>
   </div>
   <div class='ocr_carea' id='block_1_95' title="bbox 1006 2208 1800 2244">
    <p class='ocr_par' dir='ltr' id='par_1_95' title="bbox 1006 2208 1800 2244">
     <span class='ocr_line' id='line_1_95' title="bbox 1006 2208 1800 2244; baseline 0 -8"><span class='ocrx_word' id='word_1_716' title='bbox 1006 2209 1054 2237; x_wconf 90' lang='lat' dir='ltr'><strong>tis.</strong></span> <span class='ocrx_word' id='word_1_717' title='bbox 1086 2208 1222 2237; x_wconf 61' lang='lat' dir='ltr'><strong>(laterum</strong></span> <span class='ocrx_word' id='word_1_718' title='bbox 1250 2208 1324 2244; x_wconf 87' lang='lat' dir='ltr'><strong>quod</strong></span> <span class='ocrx_word' id='word_1_719' title='bbox 1354 2212 1517 2235; x_wconf 65' lang='lat' dir='ltr'><strong>exaruerunt</strong></span> <span class='ocrx_word' id='word_1_720' title='bbox 1547 2209 1682 2242; x_wconf 88' lang='lat' dir='ltr'><strong>habetur,</strong></span> <span class='ocrx_word' id='word_1_721' title='bbox 1713 2209 1736 2236; x_wconf 90' lang='lat' dir='ltr'><strong>si</strong></span> <span class='ocrx_word' id='word_1_722' title='bbox 1765 2209 1800 2236; x_wconf 87' lang='lat' dir='ltr'><strong>de</strong></span> 
     </span>
    </p>
   </div>
   <div class='ocr_carea' id='block_1_96' title="bbox 1000 2254 1799 2290">
    <p class='ocr_par' dir='ltr' id='par_1_96' title="bbox 1000 2254 1799 2290">
     <span class='ocr_line' id='line_1_96' title="bbox 1000 2254 1799 2290; baseline 0 -8"><span class='ocrx_word' id='word_1_723' title='bbox 1000 2254 1178 2290; x_wconf 33' lang='lat' dir='ltr'><strong>isculptilibua</strong></span> <span class='ocrx_word' id='word_1_724' title='bbox 1203 2255 1391 2290; x_wconf 80' lang='lat' dir='ltr'><strong>intelligatur;</strong></span> <span class='ocrx_word' id='word_1_725' title='bbox 1409 2255 1478 2282; x_wconf 89' lang='lat' dir='ltr'><strong>idem</strong></span> <span class='ocrx_word' id='word_1_726' title='bbox 1497 2255 1589 2289; x_wconf 82' lang='lat' dir='ltr'><strong>plane,</strong></span> <span class='ocrx_word' id='word_1_727' title='bbox 1610 2255 1683 2290; x_wconf 88' lang='lat' dir='ltr'><strong>quod</strong></span> <span class='ocrx_word' id='word_1_728' title='bbox 1699 2255 1799 2290; x_wconf 19' lang='lat' dir='ltr'><strong>aperie-</strong></span> 
     </span>
    </p>
   </div>
   <div class='ocr_carea' id='block_1_97' title="bbox 1011 2299 1800 2335">
    <p class='ocr_par' dir='ltr' id='par_1_97' title="bbox 1011 2299 1800 2335">
     <span class='ocr_line' id='line_1_97' title="bbox 1011 2299 1800 2335; baseline -0.001 -7"><span class='ocrx_word' id='word_1_729' title='bbox 1011 2305 1086 2333; x_wconf 91' lang='lat' dir='ltr'><strong>runt,</strong></span> <span class='ocrx_word' id='word_1_730' title='bbox 1103 2301 1259 2335; x_wconf 82' lang='lat' dir='ltr'><strong>signiﬁcare</strong></span> <span class='ocrx_word' id='word_1_731' title='bbox 1275 2299 1430 2335; x_wconf 88' lang='lat' dir='ltr'><strong>putandum</strong></span> <span class='ocrx_word' id='word_1_732' title='bbox 1443 2304 1485 2327; x_wconf 83' lang='lat' dir='ltr'><strong>est</strong></span> <span class='ocrx_word' id='word_1_733' title='bbox 1501 2309 1508 2327; x_wconf 87' lang='lat'>:</span> <span class='ocrx_word' id='word_1_734' title='bbox 1526 2300 1570 2327; x_wconf 92' lang='lat' dir='ltr'><strong>sin</strong></span> <span class='ocrx_word' id='word_1_735' title='bbox 1581 2305 1672 2328; x_wconf 84' lang='lat' dir='ltr'><strong>autem</strong></span> <span class='ocrx_word' id='word_1_736' title='bbox 1690 2301 1723 2328; x_wconf 89' lang='lat' dir='ltr'><strong>ad</strong></span> <span class='ocrx_word' id='word_1_737' title='bbox 1741 2308 1800 2332; x_wconf 86' lang='lat' dir='ltr'><strong>eos,</strong></span> 
     </span>
    </p>
   </div>
   <div class='ocr_carea' id='block_1_98' title="bbox 1012 2344 1800 2382">
    <p class='ocr_par' dir='ltr' id='par_1_98' title="bbox 1012 2344 1800 2382">
     <span class='ocr_line' id='line_1_98' title="bbox 1012 2344 1800 2382; baseline -0.004 -8"><span class='ocrx_word' id='word_1_738' title='bbox 1012 2346 1060 2382; x_wconf 87' lang='lat' dir='ltr'><strong>qui</strong></span> <span class='ocrx_word' id='word_1_739' title='bbox 1073 2354 1107 2374; x_wconf 85' lang='lat' dir='ltr'><strong>ea</strong></span> <span class='ocrx_word' id='word_1_740' title='bbox 1125 2346 1252 2374; x_wconf 87' lang='lat' dir='ltr'><strong>fabricati</strong></span> <span class='ocrx_word' id='word_1_741' title='bbox 1277 2349 1353 2379; x_wconf 88' lang='lat' dir='ltr'><strong>sunt,</strong></span> <span class='ocrx_word' id='word_1_742' title='bbox 1369 2344 1525 2378; x_wconf 83' lang='lat' dir='ltr'><strong>referatur;</strong></span> <span class='ocrx_word' id='word_1_743' title='bbox 1540 2349 1670 2380; x_wconf 88' lang='lat' dir='ltr'><strong>tanquam</strong></span> <span class='ocrx_word' id='word_1_744' title='bbox 1683 2345 1716 2372; x_wconf 89' lang='lat' dir='ltr'><strong>de</strong></span> <span class='ocrx_word' id='word_1_745' title='bbox 1740 2353 1800 2372; x_wconf 79' lang='lat' dir='ltr'><strong>are-</strong></span> 
     </span>
    </p>
   </div>
   <div class='ocr_carea' id='block_1_99' title="bbox 1011 2391 1802 2426">
    <p class='ocr_par' dir='ltr' id='par_1_99' title="bbox 1011 2391 1802 2426">
     <span class='ocr_line' id='line_1_99' title="bbox 1011 2391 1802 2426; baseline -0.001 -6"><span class='ocrx_word' id='word_1_746' title='bbox 1011 2393 1147 2421; x_wconf 73' lang='lat' dir='ltr'><strong>scentibus</strong></span> <span class='ocrx_word' id='word_1_747' title='bbox 1170 2392 1317 2420; x_wconf 85' lang='lat' dir='ltr'><strong>arboribus</strong></span> <span class='ocrx_word' id='word_1_748' title='bbox 1334 2391 1453 2424; x_wconf 89' lang='lat' dir='ltr'><strong>dicetur,</strong></span> <span class='ocrx_word' id='word_1_749' title='bbox 1472 2398 1590 2426; x_wconf 83' lang='lat' dir='ltr'><strong>quorum</strong></span> <span class='ocrx_word' id='word_1_750' title='bbox 1607 2391 1672 2419; x_wconf 83' lang='lat' dir='ltr'><strong>finis</strong></span> <span class='ocrx_word' id='word_1_751' title='bbox 1687 2391 1746 2426; x_wconf 90' lang='lat' dir='ltr'><strong>ipsa</strong></span> <span class='ocrx_word' id='word_1_752' title='bbox 1760 2396 1802 2419; x_wconf 87' lang='lat' dir='ltr'><strong>est</strong></span> 
     </span>
    </p>
   </div>
   <div class='ocr_carea' id='block_1_100' title="bbox 1011 2437 1801 2471">
    <p class='ocr_par' dir='ltr' id='par_1_100' title="bbox 1011 2437 1801 2471">
     <span class='ocr_line' id='line_1_100' title="bbox 1011 2437 1801 2471; baseline -0.003 -5"><span class='ocrx_word' id='word_1_753' title='bbox 1011 2439 1179 2467; x_wconf 86' lang='lat' dir='ltr'><strong>combustio.</strong></span> <span class='ocrx_word' id='word_1_754' title='bbox 1195 2437 1274 2471; x_wconf 85' lang='lat' dir='ltr'><strong>Quod</strong></span> <span class='ocrx_word' id='word_1_755' title='bbox 1292 2442 1383 2465; x_wconf 88' lang='lat' dir='ltr'><strong>autem</strong></span> <span class='ocrx_word' id='word_1_756' title='bbox 1400 2437 1494 2465; x_wconf 76' lang='lat' dir='ltr'><strong>surdos</strong></span> <span class='ocrx_word' id='word_1_757' title='bbox 1507 2437 1538 2464; x_wconf 83' lang='lat' dir='ltr'><strong>ab</strong></span> <span class='ocrx_word' id='word_1_758' title='bbox 1549 2437 1699 2465; x_wconf 74' lang='lat' dir='ltr'><strong>hominibus</strong></span> <span class='ocrx_word' id='word_1_759' title='bbox 1714 2437 1801 2471; x_wconf 84' lang='lat' dir='ltr'><strong>dixit,</strong></span> 
     </span>
    </p>
   </div>
   <div class='ocr_carea' id='block_1_101' title="bbox 164 2485 1802 2526">
    <p class='ocr_par' dir='ltr' id='par_1_101' title="bbox 164 2485 1802 2526">
     <span class='ocr_line' id='line_1_101' title="bbox 164 2485 1802 2526; baseline -0.002 -10"><span class='ocrx_word' id='word_1_760' title='bbox 164 2489 236 2516; x_wconf 87' lang='lat' dir='ltr'><strong>idem</strong></span> <span class='ocrx_word' id='word_1_761' title='bbox 253 2489 344 2524; x_wconf 89' lang='lat' dir='ltr'><strong>plane,</strong></span> <span class='ocrx_word' id='word_1_762' title='bbox 360 2495 393 2515; x_wconf 84' lang='lat' dir='ltr'><strong>ac</strong></span> <span class='ocrx_word' id='word_1_763' title='bbox 420 2488 443 2516; x_wconf 90' lang='lat' dir='ltr'><strong>si</strong></span> <span class='ocrx_word' id='word_1_764' title='bbox 465 2487 542 2515; x_wconf 92' lang='lat' dir='ltr'><strong>nullo</strong></span> <span class='ocrx_word' id='word_1_765' title='bbox 559 2487 641 2515; x_wconf 87' lang='lat' dir='ltr'><strong>modo</strong></span> <span class='ocrx_word' id='word_1_766' title='bbox 670 2487 742 2514; x_wconf 88' lang='lat' dir='ltr'><strong>inter</strong></span> <span class='ocrx_word' id='word_1_767' title='bbox 755 2487 883 2515; x_wconf 87' lang='lat' dir='ltr'><strong>homines</strong></span> <span class='ocrx_word' id='word_1_768' title='bbox 899 2490 1074 2520; x_wconf 89' lang='lat' dir='ltr'><strong>numeratos,</strong></span> <span class='ocrx_word' id='word_1_769' title='bbox 1091 2491 1118 2515; x_wconf 88' lang='lat' dir='ltr'><strong>et</strong></span> <span class='ocrx_word' id='word_1_770' title='bbox 1151 2495 1234 2516; x_wconf 84' lang='lat' dir='ltr'><strong>sensu</strong></span> <span class='ocrx_word' id='word_1_771' title='bbox 1270 2486 1420 2514; x_wconf 85' lang='lat' dir='ltr'><strong>destitutos</strong></span> <span class='ocrx_word' id='word_1_772' title='bbox 1459 2485 1584 2519; x_wconf 83' lang='lat' dir='ltr'><strong>dixisset,</strong></span> <span class='ocrx_word' id='word_1_773' title='bbox 1617 2485 1802 2526; x_wconf 70' lang='lat' dir='ltr'><strong>signiﬁcavit;</strong></span> 
     </span>
    </p>
   </div>
   <div class='ocr_carea' id='block_1_102' title="bbox 165 2533 1659 2570">
    <p class='ocr_par' dir='ltr' id='par_1_102' title="bbox 165 2533 1659 2570">
     <span class='ocr_line' id='line_1_102' title="bbox 165 2533 1659 2570; baseline -0.001 -10"><span class='ocrx_word' id='word_1_774' title='bbox 165 2535 246 2570; x_wconf 88' lang='lat' dir='ltr'><strong>quale</strong></span> <span class='ocrx_word' id='word_1_775' title='bbox 267 2539 310 2562; x_wconf 85' lang='lat' dir='ltr'><strong>est</strong></span> <span class='ocrx_word' id='word_1_776' title='bbox 329 2534 396 2562; x_wconf 90' lang='lat' dir='ltr'><strong>illud</strong></span> <span class='ocrx_word' id='word_1_777' title='bbox 414 2543 421 2568; x_wconf 91' lang='lat'>;</span> <span class='ocrx_word' id='word_1_778' title='bbox 440 2544 449 2560; x_wconf 79' lang='grc' dir='ltr'><strong>ι</strong></span> <span class='ocrx_word' id='word_1_779' title='bbox 469 2535 580 2562; x_wconf 86' lang='lat' dir='ltr'><strong>Similes</strong></span> <span class='ocrx_word' id='word_1_780' title='bbox 606 2535 640 2563; x_wconf 85' lang='lat' dir='ltr'><strong>iis</strong></span> <span class='ocrx_word' id='word_1_781' title='bbox 667 2533 731 2562; x_wconf 84' lang='lat' dir='ltr'><strong>facti</strong></span> <span class='ocrx_word' id='word_1_782' title='bbox 748 2539 824 2567; x_wconf 87' lang='lat' dir='ltr'><strong>sunt,</strong></span> <span class='ocrx_word' id='word_1_783' title='bbox 847 2535 896 2570; x_wconf 89' lang='lat' dir='ltr'><strong>qui</strong></span> <span class='ocrx_word' id='word_1_784' title='bbox 913 2534 1019 2562; x_wconf 86' lang='lat' dir='ltr'><strong>faciunt</strong></span> <span class='ocrx_word' id='word_1_785' title='bbox 1035 2542 1068 2562; x_wconf 87' lang='lat' dir='ltr'><strong>ea</strong></span> <span class='ocrx_word' id='word_1_786' title='bbox 1084 2534 1119 2562; x_wconf 86' lang='lat'><strong>&quot;&quot;.</strong></span> <span class='ocrx_word' id='word_1_787' title='bbox 1142 2543 1152 2561; x_wconf 70' lang='grc' dir='ltr'><strong>ι</strong></span> <span class='ocrx_word' id='word_1_788' title='bbox 1186 2533 1293 2562; x_wconf 84' lang='lat' dir='ltr'><strong>Deinde</strong></span> <span class='ocrx_word' id='word_1_789' title='bbox 1332 2537 1524 2569; x_wconf 76' lang='lat' dir='ltr'><strong>congregemur</strong></span> <span class='ocrx_word' id='word_1_790' title='bbox 1558 2540 1659 2565; x_wconf 71' lang='lat' dir='ltr'><strong>omnes,</strong></span> 
     </span>
    </p>
   </div>
   <div class='ocr_carea' id='block_1_103' title="bbox 1697 2532 1802 2568">
    <p class='ocr_par' dir='ltr' id='par_1_103' title="bbox 1697 2532 1802 2568">
     <span class='ocr_line' id='line_1_103' title="bbox 1697 2532 1802 2568; baseline 0 -9"><span class='ocrx_word' id='word_1_791' title='bbox 1697 2532 1802 2568; x_wconf 83' lang='lat' dir='ltr'><strong>adjicit,</strong></span> 
     </span>
    </p>
   </div>
   <div class='ocr_carea' id='block_1_104' title="bbox 166 2578 1802 2616">
    <p class='ocr_par' dir='ltr' id='par_1_104' title="bbox 166 2578 1802 2616">
     <span class='ocr_line' id='line_1_104' title="bbox 166 2578 1802 2616; baseline -0.002 -9"><span class='ocrx_word' id='word_1_792' title='bbox 166 2585 196 2607; x_wconf 93' lang='lat' dir='ltr'><strong>ut</strong></span> <span class='ocrx_word' id='word_1_793' title='bbox 211 2588 310 2608; x_wconf 87' lang='lat' dir='ltr'><strong>omnes</strong></span> <span class='ocrx_word' id='word_1_794' title='bbox 326 2581 409 2608; x_wconf 87' lang='lat' dir='ltr'><strong>simul</strong></span> <span class='ocrx_word' id='word_1_795' title='bbox 427 2580 562 2608; x_wconf 74' lang='lat' dir='ltr'><strong>idolorum</strong></span> <span class='ocrx_word' id='word_1_796' title='bbox 578 2581 711 2614; x_wconf 83' lang='lat' dir='ltr'><strong>cultores,</strong></span> <span class='ocrx_word' id='word_1_797' title='bbox 729 2588 794 2608; x_wconf 86' lang='lat' dir='ltr'><strong>eum</strong></span> <span class='ocrx_word' id='word_1_798' title='bbox 817 2581 845 2608; x_wconf 92' lang='lat' dir='ltr'><strong>in</strong></span> <span class='ocrx_word' id='word_1_799' title='bbox 859 2581 1003 2616; x_wconf 85' lang='lat' dir='ltr'><strong>impietate</strong></span> <span class='ocrx_word' id='word_1_800' title='bbox 1037 2580 1197 2608; x_wconf 77' lang='lat' dir='ltr'><strong>consentire</strong></span> <span class='ocrx_word' id='word_1_801' title='bbox 1232 2587 1288 2607; x_wconf 92' lang='lat' dir='ltr'><strong>non</strong></span> <span class='ocrx_word' id='word_1_802' title='bbox 1317 2583 1432 2615; x_wconf 86' lang='lat' dir='ltr'><strong>queant,</strong></span> <span class='ocrx_word' id='word_1_803' title='bbox 1465 2578 1566 2614; x_wconf 81' lang='lat' dir='ltr'><strong>pudore</strong></span> <span class='ocrx_word' id='word_1_804' title='bbox 1593 2578 1802 2614; x_wconf 67' lang='lat' dir='ltr'><strong>confundantur.</strong></span> 
     </span>
    </p>
   </div>
   <div class='ocr_carea' id='block_1_105' title="bbox 203 2625 962 2666">
    <p class='ocr_par' dir='ltr' id='par_1_105' title="bbox 203 2625 962 2666">
     <span class='ocr_line' id='line_1_105' title="bbox 203 2625 962 2666; baseline 0 -11"><span class='ocrx_word' id='word_1_805' title='bbox 203 2627 268 2656; x_wconf 80' lang='grc' dir='ltr'>Εἶτα</span> <span class='ocrx_word' id='word_1_806' title='bbox 287 2628 424 2664; x_wconf 82' lang='grc' dir='ltr'>μέμνηται</span> <span class='ocrx_word' id='word_1_807' title='bbox 453 2628 508 2656; x_wconf 80' lang='grc' dir='ltr'><strong>τῶν</strong></span> <span class='ocrx_word' id='word_1_808' title='bbox 528 2629 664 2666; x_wconf 65' lang='grc' dir='ltr'>ὁργάνιυν,</span> <span class='ocrx_word' id='word_1_809' title='bbox 685 2628 719 2655; x_wconf 79' lang='grc' dir='ltr'><strong>δι’</strong></span> <span class='ocrx_word' id='word_1_810' title='bbox 743 2625 780 2656; x_wconf 82' lang='grc' dir='ltr'>ὧν</span> <span class='ocrx_word' id='word_1_811' title='bbox 800 2627 834 2655; x_wconf 77' lang='grc' dir='ltr'>τὰ</span> <span class='ocrx_word' id='word_1_812' title='bbox 851 2627 962 2655; x_wconf 74' lang='grc' dir='ltr'><strong>εἴδωλα</strong></span> 
     </span>
    </p>
   </div>
   <div class='ocr_carea' id='block_1_106' title="bbox 167 2674 958 2712">
    <p class='ocr_par' dir='ltr' id='par_1_106' title="bbox 167 2674 958 2712">
     <span class='ocr_line' id='line_1_106' title="bbox 167 2674 958 2712; baseline -0.003 -10"><span class='ocrx_word' id='word_1_813' title='bbox 167 2674 379 2707; x_wconf 74' lang='grc' dir='ltr'>κατεσκεύαζον,</span> <span class='ocrx_word' id='word_1_814' title='bbox 391 2675 435 2701; x_wconf 79' lang='grc' dir='ltr'>ἵνα</span> <span class='ocrx_word' id='word_1_815' title='bbox 449 2674 498 2711; x_wconf 85' lang='grc' dir='ltr'>τὴν</span> <span class='ocrx_word' id='word_1_816' title='bbox 516 2676 580 2712; x_wconf 74' lang='grc' dir='ltr'>περὶ</span> <span class='ocrx_word' id='word_1_817' title='bbox 607 2675 694 2702; x_wconf 72' lang='grc' dir='ltr'>ταῦτα</span> <span class='ocrx_word' id='word_1_818' title='bbox 715 2674 814 2710; x_wconf 80' lang='grc' dir='ltr'>τέχνην</span> <span class='ocrx_word' id='word_1_819' title='bbox 834 2681 958 2709; x_wconf 85' lang='grc' dir='ltr'>προσκυ-</span> 
     </span>
    </p>
   </div>
   <div class='ocr_carea' id='block_1_107' title="bbox 203 2765 455 2799">
    <p class='ocr_par' dir='ltr' id='par_1_107' title="bbox 203 2765 455 2799">
     <span class='ocr_line' id='line_1_107' title="bbox 203 2765 455 2799; baseline -0.004 -5"><span class='ocrx_word' id='word_1_820' title='bbox 203 2767 226 2782; x_wconf 83' lang='grc'><strong>⁷⁷</strong></span> <span class='ocrx_word' id='word_1_821' title='bbox 246 2766 318 2795; x_wconf 79' lang='lat' dir='ltr'><strong>l’sal.</strong></span> <span class='ocrx_word' id='word_1_822' title='bbox 335 2773 412 2799; x_wconf 81' lang='lat' dir='ltr'><strong>cxnt,</strong></span> <span class='ocrx_word' id='word_1_823' title='bbox 428 2765 455 2793; x_wconf 86' lang='lat'><strong>8.</strong></span> 
     </span>
    </p>
   </div>
   <div class='ocr_carea' id='block_1_108' title="bbox 1051 2626 1802 2662">
    <p class='ocr_par' dir='ltr' id='par_1_108' title="bbox 1051 2626 1802 2662">
     <span class='ocr_line' id='line_1_108' title="bbox 1051 2626 1802 2662; baseline 0.001 -8"><span class='ocrx_word' id='word_1_824' title='bbox 1051 2627 1304 2656; x_wconf 86' lang='lat' dir='ltr'><strong>lnstrmnentorum</strong></span> <span class='ocrx_word' id='word_1_825' title='bbox 1320 2631 1462 2662; x_wconf 64' lang='lat' dir='ltr'><strong>praeterea,</strong></span> <span class='ocrx_word' id='word_1_826' title='bbox 1481 2626 1584 2662; x_wconf 84' lang='lat' dir='ltr'><strong>quibus</strong></span> <span class='ocrx_word' id='word_1_827' title='bbox 1600 2626 1674 2654; x_wconf 82' lang='lat' dir='ltr'><strong>idola</strong></span> <span class='ocrx_word' id='word_1_828' title='bbox 1690 2626 1802 2661; x_wconf 88' lang='lat' dir='ltr'><strong>ﬁebant,</strong></span> 
     </span>
    </p>
   </div>
   <div class='ocr_carea' id='block_1_109' title="bbox 1014 2670 1804 2708">
    <p class='ocr_par' dir='ltr' id='par_1_109' title="bbox 1014 2670 1804 2708">
     <span class='ocr_line' id='line_1_109' title="bbox 1014 2670 1804 2708; baseline -0.004 -6"><span class='ocrx_word' id='word_1_829' title='bbox 1014 2674 1159 2708; x_wconf 86' lang='lat' dir='ltr'><strong>meminit;</strong></span> <span class='ocrx_word' id='word_1_830' title='bbox 1185 2678 1215 2702; x_wconf 89' lang='lat' dir='ltr'><strong>ut</strong></span> <span class='ocrx_word' id='word_1_831' title='bbox 1235 2679 1327 2702; x_wconf 83' lang='lat' dir='ltr'><strong>autem</strong></span> <span class='ocrx_word' id='word_1_832' title='bbox 1355 2680 1403 2701; x_wconf 87' lang='lat' dir='ltr'><strong>eos</strong></span> <span class='ocrx_word' id='word_1_833' title='bbox 1430 2672 1548 2701; x_wconf 84' lang='lat' dir='ltr'><strong>adorare</strong></span> <span class='ocrx_word' id='word_1_834' title='bbox 1569 2672 1753 2701; x_wconf 85' lang='lat' dir='ltr'><strong>demonstret.</strong></span> <span class='ocrx_word' id='word_1_835' title='bbox 1773 2670 1804 2699; x_wconf 87' lang='lat' dir='ltr'><strong>Si</strong></span> 
     </span>
    </p>
   </div>
   <div class='ocr_carea' id='block_1_110' title="bbox 805 2809 1143 2839">
    <p class='ocr_par' dir='ltr' id='par_1_110' title="bbox 805 2809 1143 2839">
     <span class='ocr_line' id='line_1_110' title="bbox 805 2809 1143 2839; baseline -0.003 -1"><span class='ocrx_word' id='word_1_836' title='bbox 805 2810 923 2839; x_wconf 71' lang='lat' dir='ltr'><strong>VAlthE</strong></span> <span class='ocrx_word' id='word_1_837' title='bbox 942 2809 1143 2839; x_wconf 81' lang='lat' dir='ltr'><strong>LECTIONES.</strong></span> 
     </span>
    </p>
   </div>
   <div class='ocr_carea' id='block_1_111' title="bbox 204 2857 450 2894">
    <p class='ocr_par' dir='ltr' id='par_1_111' title="bbox 204 2857 450 2894">
     <span class='ocr_line' id='line_1_111' title="bbox 204 2857 450 2894; baseline 0 -8"><span class='ocrx_word' id='word_1_838' title='bbox 204 2864 216 2879; x_wconf 77' lang='grc' dir='ltr'><strong>ι</strong></span> <span class='ocrx_word' id='word_1_839' title='bbox 232 2859 275 2887; x_wconf 85' lang='grc' dir='ltr'><strong>ῖσ.</strong></span> <span class='ocrx_word' id='word_1_840' title='bbox 288 2859 360 2894; x_wconf 78' lang='grc' dir='ltr'>ἄλλῳ</span> <span class='ocrx_word' id='word_1_841' title='bbox 373 2857 450 2893; x_wconf 67' lang='grc' dir='ltr'>γοῦν.</span> 
     </span>
    </p>
   </div>
  </div>
