2002 3078
200 127 269 159 2407

856 126 1034 156 PROCOPII
1057 126 1179 156 GAZr‘EI

1759 127 1830 158 2408

199 185 273 212 enim
288 184 389 214 [ianum
403 185 494 220 ipsum
512 185 583 213 Deus
598 189 691 218 esset,
719 185 792 213 idem
813 189 840 213 et
854 185 915 213 sine
931 190 990 212 arte

1047 185 1154 216 νοῦντας
1166 185 1264 216 αὐτοὺς
1275 185 1412 221 ἀποφήνῃ.
1429 185 1460 212 Εἰ
1477 184 1531 220 γὰρ
1548 183 1582 220 ἦν
1595 184 1660 211 αὐτὸ
1683 185 1715 211 τὸ
1738 186 1835 217 ξύλον

200 231 272 259 Deus
283 231 440 259 exsisteret.
451 232 543 259 Artem
560 232 652 267 itaque
669 232 747 259 deam
757 231 919 264 effecerunt,
930 238 991 266 quae

200 285 243 306 est
253 277 371 304 hominis
381 276 481 304 inﬁrmi
490 282 517 304 et
526 278 697 312 eorruptioni
706 278 907 306 obnoxii.Alias
916 279 990 306 enim

200 324 262 352 cibo
271 327 298 350 et
309 328 374 358 potu
384 331 438 350 non
455 324 599 359 indigeret.
617 323 835 359 lnterrogatioue
854 323 989 359 siquidem

200 370 284 398 verba
297 370 348 397 ista
361 377 367 395 :
378 369 440 397 Non
453 370 520 397 bibet
531 369 842 405 aquam,distingncnda
850 369 992 397 essearbi—

201 420 318 444 tratnur.
327 416 387 449 Quo
397 421 476 451 pacto
484 424 549 451 ergo
556 417 602 451 qui
611 417 802 452 conrumpitur
812 416 987 451 incorrupta;

201 466 228 489 et
247 463 295 497 qui
307 463 433 495 moritur,
448 463 613 490 immortalia
635 463 753 491 eﬁiciat?
775 462 907 490 Nonnulli
926 470 991 489 vero

201 509 283 536 etiam
293 508 327 536 de
341 508 422 537 idolis
436 513 523 536 totum
539 509 566 536 id
580 513 757 544 acceperunt,
769 509 869 544 quibus
885 508 991 536 hostias

200 555 362 583 oﬁ‘erebant.
377 555 473 583 Utrum
487 563 552 583 vero
561 556 673 583 minime
682 555 991 584 sacriﬁcantibuswbis

200 605 229 628 et
244 601 353 633 esuriet,
370 605 394 627 et
412 601 596 635 inﬁrmabitur
615 601 663 636 qui
692 601 764 628 Deus
780 602 840 628 est?
853 601 948 629 Nonne
964 605 992 629 et

201 655 299 682 aquam
313 647 400 674 bibere
416 647 456 674 illi
473 654 587 675 necesse
601 647 695 681 fuerit,
713 648 736 675 si
751 648 814 675 istis
838 653 932 683 egeat;
958 655 992 676 ne

200 691 265 726 quid
276 692 389 719 omnino
405 692 478 726 quod
495 691 529 718 ad
554 699 649 719 eorum
667 692 874 720 accusationem
898 691 990 725 faciat,

201 738 247 772 qui
275 745 423 772 corporeus
453 738 508 764 Deo
531 737 639 765 hostias
665 737 794 770 oﬁerunt,
816 737 918 773 quibus
934 737 992 772 ipse

201 790 255 810 non
271 783 386 818 indiget,
398 783 526 810 omittat?
539 783 634 818 Neque
650 783 722 810 enim
744 787 843 810 natura
857 782 929 811 Deus
939 782 992 810 sibi

200 829 336 858 sacriﬁcia
350 829 407 856 ﬁeri
423 837 456 857 ex
473 828 597 864 professo
615 829 772 864 imperavit.
789 828 913 856 Sollicite
928 836 992 855 vero

200 876 229 903 in
245 876 363 903 istorum
380 875 623 910 reprehensionem
638 883 713 903 nunc
733 876 897 903 immoratus
911 875 990 911 503
1008 868 1028 895 Β

200 925 243 950 est
256 922 399 957 propheta,
427 926 457 949 ut
480 922 545 948 iacti
561 923 686 949 saniores
700 921 734 949 ad
759 929 853 949 verum
870 921 916 949 Dei
933 922 992 949 cul-

200 973 258 996 tum
284 973 497 996 reverterentur.
517 967 616 995 Verum
643 968 716 1003 quod
745 967 778 995 ad
802 969 853 995 viri
877 968 991 1002 formam

200 1015 280 1047 dixit,
296 1023 376 1042 suam
394 1015 470 1050 ipsos
482 1014 600 1049 {orntum
617 1018 672 1041 tam
687 1015 766 1050 longe
782 1022 796 1041 a
809 1022 872 1042 vera
889 1014 993 1042 discre-

200 1064 312 1097 pantem
336 1063 453 1088 adorare
475 1060 624 1096 signiﬁcat,
641 1065 776 1095 quantum
792 1060 827 1088 ab
840 1060 992 1095 exemplari

200 1106 318 1135 dissidet
345 1106 476 1134 imitatio.
494 1107 588 1141 Itaque
607 1114 664 1134 sure
687 1106 762 1141 ipsos
778 1110 892 1138 naturae,
908 1113 991 1142 quam

200 1153 228 1181 in
248 1152 329 1188 lignis
352 1157 377 1179 et
402 1153 480 1179 saxis
507 1155 714 1187 expresserunt,
743 1151 874 1186 injuriam
891 1151 992 1184 facere,

200 1198 249 1234 qui
263 1206 330 1225 verre
342 1198 596 1232 [armwimaginem
613 1202 787 1232 praeponam,
806 1198 886 1231 eique
903 1197 991 1224 hono-

199 1252 257 1272 rem
273 1244 409 1272 deferant.
428 1243 530 1271 Deinde
540 1251 603 1270 cum
619 1243 749 1271 statuisse
760 1243 787 1270 in
799 1243 877 1270 domo
886 1243 992 1278 adjicit.

201 1290 229 1318 in
248 1290 351 1326 templo
370 1290 519 1325 signitirat,
541 1290 569 1316 in
595 1289 669 1324 quod
688 1290 772 1324 petita
789 1297 822 1317 ex
842 1290 917 1316 saltu
932 1297 993 1316 ma-

201 1336 270 1364 teria
286 1336 397 1363 inducta
412 1340 465 1363 est.
488 1335 567 1368 Quod
583 1335 629 1370 qui
648 1335 768 1366 noverit,
789 1343 824 1362 ne
840 1342 870 1362 se
882 1336 992 1370 quidem

201 1383 377 1410 ethnicorum
393 1383 474 1417 nugis
499 1381 570 1408 tueri
584 1381 697 1414 audeat,
714 1381 762 1416 qui
779 1381 849 1408 roelo
873 1381 994 1416 delapsis

201 1429 359 1456 simulacris
371 1429 574 1463 gloriabantur.
595 1427 644 1454 Est
658 1435 726 1462 ergo
743 1427 811 1454 cinis
824 1435 872 1453 eor
887 1435 994 1459 eorum;

202 1482 291 1510 neque
303 1476 444 1510 quisquam
460 1475 488 1501 in
512 1475 537 1500 id
554 1474 659 1500 animus
672 1481 764 1500 eorum
779 1474 925 1508 prolapsas
940 1474 994 1501 eri—

1041 230 1118 262 Θεὸς,
1132 230 1178 256 καὶ
1188 230 1274 265 χωρὶς
1286 230 1318 257 ἂν
1329 230 1429 266 τέχνης
1447 230 1554 265 ὑπῆρχε
1569 230 1652 262 Θεός.
1665 230 1771 256 Οὐκοῦν
1785 230 1835 266 τὴν

1040 275 1138 310 τέχνην
1154 274 1331 310 ὲθεοποίησαν
1342 274 1473 306 ἀσθενοῦς
1487 275 1570 300 οὖσαν
1582 274 1678 310 ἀνδρὸς
1690 275 1738 301 καὶ
1748 275 1836 309 φθαρ-

1040 320 1099 348 τοῦ.
1111 321 1148 347 Οὐ
1162 321 1216 357 γὰρ
1226 321 1259 347 ἃν
1273 321 1358 347 ἐδεῖτο
1371 320 1475 356 τροφῆς
1484 320 1532 346 καὶ
1544 319 1638 348 ποτοῦ.
1660 321 1704 346 Ἑν
1729 320 1835 355 ἐρωτή-

1042 375 1083 394 σει
1101 368 1155 403 γὰρ
1182 367 1374 399 ὕποστίζοντες
1397 367 1438 399 τὸ,
1452 366 1494 393 Οὐ
1515 365 1559 400 μὴ
1583 366 1638 400 πίῃ
1655 366 1744 400 ὕδωρ,
1770 366 1836 392 ἀνα-

1042 413 1214 448 γνωσόμεθα.
1234 413 1296 444 Πῶς
1313 411 1359 439 οὖν
1373 414 1388 439 ὁ
1412 412 1531 447 φθαρτὸς
1545 412 1684 447 ἄφθαρτα,
1700 412 1748 439 καί¹
1765 411 1834 438 ἀθά-

1042 466 1111 485 νατα
1138 459 1278 494 ποιήσειεν
1301 459 1315 485 ό
1352 457 1466 493 θνητός;
1488 457 1561 489 τινες
1585 457 1613 484 δὲ
1635 457 1682 484 καὶ
1713 457 1759 484 ἐπὶ
1780 457 1835 484 τῶν

1041 506 1160 533 εἰδώλων
1176 506 1206 533 τὸ
1222 506 1284 533 ὅλον
1301 505 1434 538 ἐδέξαντο.
1455 506 1647 541 Προσαγάγετε
1664 511 1677 525 ι
1699 505 1754 539 γὰρ
1773 505 1835 532 τού-

1041 563 1098 586 τοις
1114 555 1220 586 θυσίας.
1243 555 1315 589 Ἀρα
1328 554 1342 574 δ
1353 551 1400 580 οὖν
1413 553 1451 589 μὴ
1464 553 1582 579 θυόντων
1598 553 1685 588 ὑμῶν,
1697 552 1835 580 πεινάσει

1042 600 1091 627 καὶ
1106 600 1272 633 ἀσθενήσει
1285 600 1447 635 ἐνυπάρχων
1462 601 1553 633 Θεός;
1578 599 1676 627 οὐκοῦν
1693 600 1740 626 καὶ
1754 599 1824 634 ῦὸωί

1041 646 1146 681 ὀφείλει
1168 646 1258 680 πιεῖν,
1279 647 1304 673 εἰ
1322 646 1426 673 τούτων
1442 646 1517 674 ἐστὶν
1533 646 1636 682 ἐνδεὴς,
1658 646 1701 673 ἵνα
1723 646 1836 673 διαϐἀλ.

1042 691 1084 719 λει
1104 691 1220 718 καθόλου
1245 693 1308 724 τοὺς
1329 692 1390 728 Θεῷ
1409 701 1435 719 τι
1464 692 1672 728 προσφέροντας
1688 693 1790 724 ὑλικὸν,
1804 688 1835 719 οὗ

1045 738 1084 774 μὴ
1100 738 1222 771 πέφυκεν
1237 738 1346 773 ἐνδεής;
1371 739 1402 765 οὐ
1419 738 1447 765 δὲ
1466 738 1522 774 γὰρ
1538 740 1553 765 ὁ
1575 738 1655 772 φύσει
1677 738 1744 769 Θεὸς
1771 747 1837 774 προ-

1042 785 1205 820 ηγουμένως
1217 784 1267 816 τὰς
1295 785 1393 817 θυσίας
1417 785 1560 818 ἐπέταξεν.
1587 785 1788 821 Ἐντρεπτικῶς
1808 785 1836 811 δὲ

1043 831 1090 858 νῦν
1104 832 1118 858 ό
1136 832 1281 867 προφήτης
1302 832 1359 864 τοῖς
1386 833 1450 867 περί
1471 832 1576 859 τούτων
1599 832 1721 867 ἐνέμεινε
1735 831 1836 865 λόγοις,

1043 877 1081 908 ὡς
1095 877 1128 904 ἂν
1147 878 1332 913 φρονήσαντες
1358 879 1552 913 ἐπιστραφεῖεν
1577 878 1645 913 πρὸς
1669 877 1836 904 θεοσέὃειαν.

1044 923 1080 950 Τὸ
1098 923 1126 950 δὲ
1141 923 1179 954 ὡς
1193 924 1317 958 μορφὴν
1334 924 1454 958 ἀνδρὸς,
1476 924 1641 960 παρίστησιν
1654 924 1692 956 ὡς
1706 924 1754 959 τὴν
1770 923 1838 951 ἰδίαν

1043 970 1228 1005 προσκυνοῦσι
1248 970 1370 1006 μορφὴν
1401 970 1527 998 τοσοῦτον
1547 971 1715 1006 ἀπᾴδουσαν,
1739 971 1809 997 ὅσων
1823 975 1836 990 ⁶

1043 1016 1235 1052 ἀρχετὺπωνή
1255 1017 1380 1051 μίμησις.
1396 1017 1454 1043 Καὶ
1474 1017 1523 1053 τὴν
1551 1017 1656 1044 ὲαυτῶν
1678 1016 1837 1052 αἰσχύνουσι

1044 1061 1125 1095 φύσιν
1140 1062 1190 1095 τὴν
1204 1061 1232 1087 ὲν
1246 1061 1343 1093 λίθοις
1357 1060 1406 1087 καὶ
1418 1060 1523 1093 ξύλοις
1536 1060 1628 1087 εἰκόνα
1639 1059 1694 1094 τῆς
1704 1058 1839 1092 ἀληθοῦς

1043 1106 1234 1141 προτιμῶντες
1253 1106 1384 1141 μορφῆς,
1400 1107 1449 1133 καὶ
1467 1106 1546 1139 δόξαν
1569 1106 1662 1142 ἐκείνῃ
1687 1105 1840 1140 προσάγον-

1043 1161 1100 1184 τες.
1115 1153 1153 1179 Τὸ
1165 1153 1194 1179 δὲ
1210 1153 1336 1186 ἵστησιν
1347 1153 1382 1179 ἑν
1397 1153 1479 1186 οἴκῳ,
1504 1152 1581 1188 δηλοῖ
1595 1153 1637 1179 ὅτι
1652 1153 1708 1188 ναῷ
1722 1153 1754 1178 ἐκ
1769 1151 1840 1186 δρυι

1041 1199 1102 1234 μοῦ
1131 1199 1182 1233 τὴν
1207 1198 1274 1234 ὓλην
1297 1198 1399 1226 λαϐὼν.
1427 1199 1516 1235 Ὅπερ
1542 1198 1620 1230 εἰδὼς
1646 1198 1697 1225 οὐκ
1726 1198 1758 1224 ἂν
1782 1198 1839 1233 ἔχοι

1043 1248 1144 1281 λέγειν,
1174 1247 1246 1274 κατὰ
1269 1247 1333 1278 τοὺς
1362 1246 1498 1281 Ἐλλήνων
1521 1245 1638 1281 λήρους,
1669 1244 1779 1278 διοπετῆ
1804 1243 1840 1270 τὰ

1044 1294 1203 1329 ἀγάλματα.
1227 1293 1343 1326 Σποδὸς
1360 1291 1407 1320 οὗν
1430 1293 1484 1328 ἄρα
1506 1293 1525 1326 ή
1547 1292 1654 1326 καρδία
1668 1289 1778 1322 αὐτῶν,
1793 1290 1840 1316 καὶ

1044 1340 1145 1372 οὐδεὶς
1169 1340 1204 1367 ἂν
1227 1339 1363 1372 ἐξέλοιτο
1387 1340 1439 1372 τὰς
1462 1339 1517 1366 τῶν
1539 1339 1580 1370 είς
1600 1337 1681 1364 τοῦτο
1701 1338 1840 1364 πεσόντων

1044 1386 1158 1421 ψυχὰς,
1175 1385 1245 1422 πλὴν
1260 1386 1274 1413 ὃ
1288 1387 1332 1421 ήτι
1344 1385 1357 1404 ι¹
1376 1386 1457 1420 μόνος
1472 1385 1551 1420 εἴπερ
1567 1384 1654 1412 ἐθέλοι
1679 1384 1746 1416 Θεὸς
1760 1384 1774 1410 ὸ
1789 1391 1838 1418 με-

1044 1432 1234 1466 τασκευάζων,
1246 1433 1282 1464 ὡς
1297 1432 1433 1468 βούλεται,
1449 1432 1549 1464 πάντα,
1560 1431 1608 1458 καὶ
1622 1430 1748 1462 φωτίζων
1760 1431 1840 1456 ἐσκο-

1045 1478 1172 1513 τισμένα.

201 1522 268 1560 piat,
300 1526 483 1557 praeterquam
510 1519 582 1547 Deus
608 1527 689 1552 unus,
729 1521 777 1554 qui
815 1521 908 1547 omnia
940 1528 992 1556 pro
1024 1525 1132 1552 arbitrii
1161 1525 1204 1553 sui
1229 1525 1338 1552 ratione
1370 1527 1576 1556 transmittare,
1603 1523 1788 1556 tenebrasque
1815 1520 1843 1547 in

202 1567 290 1594 lucem
312 1572 419 1593 vertere
436 1569 530 1600 queat.

239 1613 372 1648 Sequitur
385 1611 489 1643 uidete;
510 1610 537 1637 id
552 1614 606 1642 est,
620 1610 748 1644 cogitate.
766 1609 802 1637 Et
829 1619 880 1638 non
897 1611 991 1639 dicetis
1005 1615 1027 1644 ο

203 1659 304 1696 falsum
326 1666 383 1685 esse
399 1658 426 1683 in
441 1656 551 1683 dextera
569 1663 639 1689 utea,
656 1656 778 1683 dextera:
796 1657 871 1684 enim
886 1658 1000 1686 nomine

203 1703 378 1740 unigenitum
389 1701 492 1728 Filium
506 1701 606 1730 usitate
616 1700 763 1736 appellavit
776 1701 841 1737 :qui
852 1702 910 1730 sive
929 1703 1000 1731 Deus

204 1753 263 1780 sive
288 1750 435 1781 Dominus,
452 1748 511 1776 sive
523 1749 582 1781 lux,
601 1750 658 1775 sive
670 1748 772 1783 virtus,
787 1749 845 1776 sive
865 1756 926 1782 rex,
942 1749 1001 1777 sive

205 1796 301 1825 mundi
309 1795 413 1831 opifex,
424 1795 483 1822 sive
499 1794 555 1822 vita
575 1794 745 1828 nominetur,
757 1802 832 1828 vere,
844 1799 872 1822 et
888 1795 1001 1831 proprie

205 1843 268 1871 istis
275 1842 405 1869 omnibus
416 1840 601 1876 signiﬁcatur,
611 1848 673 1875 quae
681 1840 852 1869 daemonibus
861 1846 907 1868 aut
919 1841 1000 1869 idolis

206 1889 277 1917 falso
287 1887 460 1915 tribuuntur.
477 1886 581 1914 Natura
597 1886 670 1914 enim
686 1895 720 1914 ex
737 1886 873 1915 DeoDeus
885 1887 999 1923 est.0p-

205 1935 272 1963 time
287 1941 355 1962 vero
371 1934 399 1960 in
415 1933 580 1961 obliviosum
599 1932 730 1960 Israelem
741 1939 870 1961 memento
884 1935 999 1962 verbum

205 1980 363 2015 usurpavit.
376 1978 524 2006 Formam:
535 1979 604 2006 enim
621 1978 648 2005 in
658 1978 746 2013 ﬁlium
760 1987 814 2007 non
823 1980 918 2007 debuit
927 1980 1000 2007 idola

205 2031 283 2054 muta
297 2025 437 2060 amplecti,
455 2029 486 2051 ut
509 2024 652 2060 dignitatis
679 2025 900 2053 oblivisceretur.
919 2035 929 2052 ι
946 2026 998 2059 Qui

205 2073 278 2100 enim
292 2070 544 2099 novitvoluntatem
554 2069 673 2102 Domini,
687 2077 739 2097 nec
749 2070 816 2098 facit
832 2079 904 2104 eam,
915 2079 1000 2107 rapu—

206 2118 275 2146 labit
287 2117 381 2144 multis
405 2116 439 2143 ⁷⁵.
461 2125 471 2141 ι
491 2116 594 2143 Eorum
610 2116 750 2151 deinceps,
765 2125 826 2152 quae
842 2118 998 2152 admiseris,

206 2162 414 2199 quantumlibet
437 2163 532 2190 eadem
547 2162 680 2190 oblivioni
699 2171 743 2191 nte
758 2163 923 2191 traditurum
940 2164 999 2200 pol-

208 2214 305 2245 licear,
329 2212 413 2240 etiam
430 2215 458 2238 te
485 2210 549 2237 volo
575 2209 736 2236 meminisse.
761 2209 867 2237 Dicitur
887 2218 952 2237 vero
971 2211 999 2238 in

207 2259 294 2294 ﬁlium
308 2265 355 2292 per
376 2258 463 2292 legem
488 2256 632 2291 formatur.
658 2254 692 2282 llt
707 2255 779 2282 enim
795 2255 918 2283 Adamus
940 2256 998 2292 ipse

1082 1614 1187 1645 Ἴδετε,
1207 1611 1280 1639 τοῦτ’
1302 1612 1360 1638 ἔστι
1378 1611 1577 1646 κατανοήσατε,
1595 1610 1644 1637 καὶ
1665 1611 1722 1637 οὐκ
1751 1609 1844 1644 ἐρεῖτε

1051 1660 1095 1687 ὅτι
1111 1659 1228 1694 ψεῦδος
1256 1659 1292 1685 ἐν
1317 1657 1354 1692 τῇ
1379 1657 1465 1692 δεξιῇ
1476 1666 1546 1692 μου,
1564 1657 1687 1691 συνήθως
1713 1655 1785 1683 οὕτω
1799 1656 1844 1682 τὸν

1053 1705 1185 1740 μονογενῆ
1199 1704 1318 1736 καλέσας
1336 1701 1408 1731 Υἱὸνῖ
1417 1724 1424 1737 ,
1439 1704 1469 1735 ὃς
1483 1703 1537 1730 εἴτε
1555 1702 1638 1735 Θεὸς.
1654 1703 1708 1729 εἴτε
1725 1703 1844 1736 Κύριος.

1052 1753 1106 1779 εἴτε
1120 1751 1188 1787 φῶς,
1217 1751 1234 1786 ἢ
1256 1751 1381 1786 δύναμις,
1398 1750 1415 1786 ἢ
1438 1749 1605 1785 βασιλεὺς,ἢ
1628 1749 1811 1784 Δημιουργὸς,
1827 1748 1844 1784 ἦ

1052 1798 1109 1834 ζωὴ
1123 1798 1241 1832 λέγοιτο,
1263 1797 1351 1823 πάντα
1365 1796 1467 1831 κυρίως
1482 1795 1557 1822 ἐστὶν
1572 1795 1601 1828 ἐξ
1623 1794 1751 1830 ἀληθείας
1766 1795 1844 1829 λεγό-

1053 1853 1144 1880 μενος,
1160 1843 1215 1870 τῶν
1238 1842 1356 1870 εἰδώλων
1377 1842 1394 1878 ἢ
1411 1841 1547 1876 δαιμόνων
1565 1840 1673 1876 ψευδῶς
1687 1840 1774 1867 ταῦτα
1798 1840 1845 1867 λε-

1051 1891 1186 1926 γομένων.
1206 1890 1288 1917 Φύσει
1310 1889 1365 1924 γὰρ
1391 1888 1458 1920 Θεὸς
1472 1888 1553 1920 αὐτὸς
1565 1888 1597 1915 ὲκ
1610 1887 1688 1915 Θεοῦ.
1710 1887 1754 1919 Ὠς
1783 1887 1844 1914 ἐπι-

1051 1937 1167 1972 λήσμονι
1180 1935 1208 1962 δὲ
1224 1936 1264 1971 τῷ
1285 1934 1410 1969 Ἰσραὴλ
1432 1934 1462 1961 τὸ
1473 1933 1625 1969 μνήσθητι
1641 1933 1732 1965 καλῶς
1744 1934 1844 1968 ἐπενή-

1050 1990 1139 2018 νοχεν.
1167 1980 1320 2013 Πλασθεὶς
1337 1980 1392 2016 γὰρ
1415 1981 1459 2013 είς
1482 1979 1584 2010 παῖδα,
1601 1979 1652 2005 οὐκ
1667 1978 1770 2012 ὀφείλει
1792 1978 1844 2013 τῆς

1051 2028 1131 2060 ἀξίας
1161 2026 1311 2062 ὑπεριδεῖν,
1341 2025 1451 2060 κωφοῖς
1475 2024 1609 2056 εἰδώλοις
1633 2024 1842 2059 προσκείμενος.

1053 2084 1063 2100 ι
1074 2074 1103 2100 '0
1116 2073 1171 2109 γὰρ
1187 2073 1265 2104 εἰδὼς
1285 2073 1316 2099 τὸ
1334 2073 1440 2108 θέλημα
1452 2072 1499 2099 τοῦ
1515 2071 1617 2107 Κυρίου
1633 2070 1728 2104 αὐτοῦ,
1743 2071 1791 2098 καὶ
1804 2070 1842 2105 μὴ

1050 2121 1177 2156 ποιήσας,
1193 2119 1342 2155 δαρήσεται
1363 2119 1473 2151 πολλάς.
1493 2128 1502 2144 ι
1527 2119 1640 2153 Αοιπὸν,
1663 2115 1702 2144 ὧν
1719 2118 1842 2152 ἥμαρτες

1047 2166 1197 2202 μέμνησο,
1215 2165 1267 2192 κᾶν
1281 2165 1337 2199 ἐγώ
1353 2174 1394 2192 σοι
1415 2164 1518 2191 τούτων
1531 2164 1699 2200 ἀμνηστείαν
1720 2163 1842 2199 χαρίζω-

1051 2221 1110 2247 μαι.
1135 2211 1314 2239 Πεπλιὶσθαι
1332 2211 1360 2238 δὲ
1385 2211 1495 2244 λέγεται
1517 2210 1562 2236 διὰ
1588 2209 1636 2236 τοῦ
1659 2209 1742 2244 νόμου
1767 2207 1842 2243 πρὸς

1051 2258 1154 2286 παῖδα.
1181 2259 1224 2290 Ὧς
1249 2258 1304 2294 γὰρ
1327 2257 1415 2292 Ἀδὰμ
1434 2257 1466 2283 ἐκ
1490 2257 1551 2292 γῆς,
1571 2256 1619 2283 καὶ
1633 2257 1686 2282 πᾶν
1701 2256 1730 2282 ὲν
1741 2255 1843 2290 γαστρὶ

206 2306 241 2332 de
252 2308 337 2336 terra,
352 2302 499 2338 omnisque
513 2301 648 2336 deinceps
668 2301 697 2328 in
712 2304 790 2328 utero
801 2301 934 2335 formatus
955 2308 997 2330 est

1050 2304 1213 2332 πλάττεται
1227 2303 1344 2339 βρέφος·
1360 2303 1446 2335 οὕτως
1460 2303 1483 2329 ot
1501 2303 1530 2329 ἐν
1543 2302 1655 2338 Χριστῷ
1669 2301 1713 2328 διὰ
1725 2301 1843 2336 μετοχῆς

207 2349 310 2380 inians,
342 2348 383 2376 sic
397 2352 424 2376 et
436 2348 484 2383 qui
503 2347 531 2374 in
546 2347 661 2375 Christo
680 2346 794 2381 degunt,
811 2355 860 2382 per
875 2347 997 2382 Spiritus

207 2394 297 2423 sancti
323 2394 563 2429 participationem
585 2394 613 2421 in
637 2393 760 2428 ejusdem
779 2394 900 2429 speciem
917 2395 998 2429 effar-

209 2444 338 2474 mantur;
351 2438 431 2474 juxta
451 2437 519 2466 illud
537 2447 543 2465 :
570 2447 579 2464 ι
596 2437 699 2470 Filioli,
715 2446 784 2473 quos
807 2439 907 2466 iterum
931 2446 998 2474 par-

208 2487 295 2518 turio.
323 2486 412 2513 donec
437 2485 602 2513 informetur
624 2485 750 2513 Christus
772 2486 800 2514 in
820 2487 901 2514 vobis
922 2488 954 2515 ⁷³.
984 2496 993 2513 ι

210 2533 242 2559 Et
257 2539 370 2560 rursum
387 2540 395 2559 :
417 2540 427 2557 ι
444 2530 535 2559 Nolite
551 2529 721 2558 conformari
738 2532 839 2560 saeculo
857 2532 933 2565 huic,
948 2532 998 2560 sed

210 2575 401 2606 reformainini
417 2578 445 2605 in
460 2578 582 2605 novitate
597 2585 697 2605 sensus
713 2579 810 2612 vestri,
827 2583 857 2606 ut
876 2579 998 2615 probetis

210 2633 272 2659 quae
295 2625 332 2652 sit
359 2625 488 2652 voluntas
507 2624 555 2652 Dei
576 2624 661 2656 bona,
683 2627 712 2651 et
731 2624 801 2653 bene
825 2626 947 2662 placens,
971 2631 999 2655 et

211 2671 331 2706 perfecta
341 2671 376 2698 ⁸ο.
399 2681 408 2696 ι
426 2670 548 2706 Itemque
561 2677 568 2696 :
588 2679 598 2696 ι
613 2669 670 2698 Nos
683 2675 774 2699 autem
793 2672 912 2700 revelata
927 2673 999 2700 lacie

1050 2351 1100 2378 τοῦ
1121 2351 1200 2386 ἁγίου
1213 2351 1395 2378 πλάττονται
1409 2349 1569 2384 Πνεῦματος
1589 2350 1629 2380 εἰς
1649 2346 1719 2379 εἶδος
1731 2348 1761 2374 τὸ
1775 2347 1843 2382 πρδς

1051 2397 1144 2430 αὑτὸν,
1159 2397 1232 2424 κατὰ
1254 2396 1284 2424 τό
1297 2404 1304 2410 ·
1326 2396 1459 2428 (Τεκνία,
1475 2395 1522 2427 οὓς
1542 2395 1624 2422 πάλιν
1647 2394 1736 2421 ὠδίνω
1762 2393 1844 2429 μέχρι

1054 2443 1186 2479 μορφωθῇ
1202 2443 1318 2478 Χριστὸς
1345 2443 1375 2469 ὲν
1401 2442 1476 2476 ὑμῖν.
1492 2451 1502 2468 ι
1524 2441 1579 2469 Καὶ
1595 2441 1686 2468 πάλιν·
1705 2449 1714 2465 ι
1731 2440 1777 2474 Μὴ
1799 2448 1844 2465 συ-

1053 2489 1256 2525 σχηματίζεσθε
1277 2488 1316 2524 τῷ
1342 2489 1420 2516 αἰῶνι
1438 2488 1535 2524 τούτῳ,
1558 2487 1616 2514 ἀλλ’
1633 2484 1844 2522 ἀναξιορφοῦσθε

1052 2534 1085 2568 τῇ
1097 2533 1279 2561 ἀνακαινώσει
1290 2532 1338 2559 τοῦ
1353 2533 1413 2565 νοὸς
1431 2533 1518 2568 ὑμῶν,
1546 2533 1586 2564 εἰς
1600 2531 1631 2558 τὸ
1647 2532 1808 2567 δοκιμάζειν
1818 2530 1845 2558 τί

1052 2579 1084 2606 τὸ
1097 2578 1203 2614 θέλημα
1219 2579 1267 2606 τοῦ
1289 2579 1357 2606 Θεοῦ
1382 2579 1413 2606 τὸ
1429 2579 1542 2613 ἀγαθὸν,
1559 2578 1607 2605 καί
1621 2578 1781 2613 εὐάρεστον,
1797 2578 1845 2605 καί

1053 2626 1167 2654 τέλειον.
1185 2635 1194 2652 ι
1221 2626 1276 2653 Καὶ
1293 2626 1393 2658 πάλιν(
1407 2635 1416 2651 ι
1428 2625 1524 2660 Ἡμεῖς
1548 2625 1577 2652 δὲ
1590 2624 1845 2660 ἀνακεκαλυμμένῳ

1053 2671 1193 2708 προσώπῳ
1213 2672 1262 2708 τὴν
1287 2672 1371 2708 αὐτὴν
1394 2672 1487 2699 εἰκόνα
1512 2670 1740 2708 μεταμορφοῦσθε
1761 2671 1787 2692 d'
1810 2671 1844 2706 τῇ

248 2741 270 2757 ’⁸
294 2741 361 2769 Luc.
377 2749 429 2774 xu,
444 2740 488 2768 47.
526 2741 550 2757 "
569 2739 659 2769 Galat.
674 2749 712 2775 IV,
732 2741 777 2770 i9.
814 2741 838 2758 ⁸ο
858 2739 937 2769 Rom.
954 2749 1002 2774 xu,
1020 2741 1048 2768 2.

847 2801 965 2830 VARl/E
983 2799 1186 2829 LECTIONES.

250 2861 264 2876 ι
284 2864 330 2890 rp.
347 2857 484 2892 προσήγα.
523 2857 538 2877 ὶν
556 2867 601 2892 rp.
618 2855 682 2894 ἄρα.

723 2865 733 2877 ε
749 2868 791 2893 yp.
804 2859 876 2886 ὅσον.
914 2865 927 2878 α
945 2867 990 2893 γρ.
1005 2858 1054 2886 ὅτι.
1094 2858 1123 2878 δ’
1137 2867 1181 2893 γρ.
1197 2855 1456 2893 μεταμορφούμεθα.
