2002 3078
156 140 226 172 2409

723 139 994 171 COMMENTARII
1013 137 1054 170 IN
1075 140 1218 170 ISAIAM.

1713 141 1783 173 2410

157 198 340 226 ἀνακαινώσει
356 197 403 224 τοῦ
420 197 478 229 νοὸς
495 197 575 233 ὑμῶν
590 203 614 230 ε,
639 198 693 224 ἀπὸ
705 197 786 233 δόξης
805 199 845 228 είς
858 197 947 229 δόξαν,

1010 205 1028 224 ιι
1045 197 1168 224 eamdem
1185 195 1330 231 imaginem
1345 195 1427 232 505.
1441 195 1685 230 transformamur,
1708 205 1788 226 reno-

157 244 283 278 καθάπερ
299 244 353 270 ἀπὸ
367 244 470 280 Κυρίου
492 244 665 279 Πνεύματος.
684 254 693 270 ι
717 244 786 270 Ἀλλ’
805 245 885 279 ἡμεῖς
899 244 949 278 μὲν

156 290 238 318 οὓτω,
256 290 318 321 Τοῖς
330 290 359 316 ἐν
378 289 453 325 νόμῳ
475 289 504 316 δὲ
523 290 624 325 πρέπει
639 290 762 322 δουλείας
779 290 888 324 πνεῦμα
902 290 950 316 λα-

158 334 236 361 ϐοῦσι
250 334 280 360 τὺ
297 335 336 366 εἰς
351 335 460 370 οἰκέτην
477 335 524 361 καὶ
548 334 639 362 παῖδα
654 335 836 362 πεπλάσθαι.
855 336 950 369 Παρα-

159 379 300 411 ϐαίνοντας
317 379 370 414 γὰρ
395 381 409 406 ὁ
424 380 517 415 νόμος.
536 380 575 412 ὡς
596 380 703 412 οἰκέτας
720 380 857 412 ἐκόλαζεν.
875 380 905 406 'H
920 381 950 406 ὲν

159 425 270 461 Χριστῷ
285 426 313 452 δὲ
334 425 450 458 πλάσις
467 426 540 457 υἱούς
562 434 591 452 τε
611 427 658 452 καὶ
673 426 851 462 συμμόρφους
867 426 950 461 ἐργά-

160 471 248 503 ζεται.
262 472 308 507 Τῷ
328 472 360 506 δὴ
379 469 425 498 οὖν
441 472 578 506 Ἰσραὴλ,
604 472 649 507 Μὴ
668 471 871 499 ἐπιλανθάνου
888 480 949 507 μου,

160 518 239 552 φησὶ,
253 517 422 553 τρεπόμενος
446 519 485 549 εἰς
514 518 653 544 ἀσέϐειαν.
682 518 754 553 Πρὸς
774 517 803 544 ὂν
831 517 950 553 ἀλλαχοῦ

161 555 243 596 φησιν
253 571 261 577 ·
281 573 289 588 ι
301 562 395 597 Ὑμεῖς
412 564 435 590 oi
451 563 695 598 ἐπιλανθανόμενοί
708 572 769 598 μου,
784 563 831 590 καὶ
843 564 952 599 ἑτοιμά-

162 607 254 639 ζοντες
269 608 308 643 τῷ
331 609 462 644 δαιμονίῳ
483 608 634 644 τράπεζαν,
660 610 707 635 καὶ
731 609 897 644 πληροῦντες
916 610 950 646 τῇ

162 653 231 689 τύχῃ
249 654 386 690 κέρασμα.
401 664 411 681 ο

197 741 290 773 Οὕτως
315 742 474 778 ἄρακλήθη
503 742 582 775 Θεοῦ,
599 743 629 769 τὸ
651 742 834 777 ὰποφοιτῆσαι
855 742 951 769 τούτου

162 787 246 822 δηλοῖ.
266 789 431 824 Προτρέπων
451 789 479 816 δὲ
504 790 630 816 σπεύδειν
655 790 702 815 ἐπὶ
719 790 874 824 μετάνοιαν,
890 790 953 815 ἑπι-

164 834 327 869 στρέφουσιν
341 835 434 866 αὐτοῖς
449 836 658 871 ἁμαρτημάτων
677 836 773 870 ἄφεσιν
787 835 952 869 ἐπαγγέλλε-

162 888 217 910 ται,
233 879 409 914 Ἀκήλειψα,
424 880 522 914 λέγων.
539 881 599 908 ἀντὶ
617 881 664 907 τοῦ
679 881 846 915 ἠπαλείψω,
865 881 950 907 καθά-

163 932 216 959 περ
228 933 254 950 τι
270 925 350 958 νέφος
361 925 492 957 διαλύσας
512 925 528 960 ἢ
546 926 654 960 γνόφον.
669 926 706 952 Τὸ
724 926 776 961 γὰρ
789 926 885 961 μέλλον
904 925 950 952 τοῦ

163 969 271 1003 χρόνου,
297 970 328 996 τὸ
353 970 544 1005 λυτρὼσομαί
567 980 605 998 σε
629 971 804 1007 παρίστησιν,
821 972 883 1004 Πῶς
897 972 951 1007 γὰρ

160 1014 334 1049 ἀπήλειψεν
348 1016 361 1042 ὁ
375 1016 466 1043 καλῶν
479 1018 518 1049 είς
531 1017 731 1052 ἐπιστροφὴν,
747 1018 784 1049 ὡς
792 1018 952 1053 ἀπεστραμ-

165 1060 255 1094 μένον,
272 1062 325 1087 τὸν
335 1061 480 1096 ἰσραήλ;
495 1062 539 1089 διὰ
555 1063 676 1098 Χριστοῦ
691 1063 744 1099 γὰρ
756 1063 856 1099 ἡμελλε
868 1064 952 1089 πᾶσιν

164 1106 180 1139 ἡ
201 1106 256 1133 τῶν
273 1107 479 1142 ἁμαρτημάτων
506 1109 604 1142 ἄφεσις
630 1108 748 1135 δίδοσθαι
769 1117 953 1144 συναναστρα-

163 1150 259 1183 φέντος
276 1152 342 1186 ἡμῖν
363 1152 412 1178 τοῦ
428 1152 540 1187 Ἀμνοῦ,
556 1153 584 1184 ὂς
599 1154 670 1188 αἴρει
688 1154 737 1189 τὴν
752 1154 889 1190 ἁμαρτίαν
905 1155 951 1181 τοῦ

165 1197 279 1231 κόσμου.
301 1198 333 1223 ’0
347 1197 379 1233 δὴ
395 1198 511 1232 προϊδὼν
528 1200 542 1225 ὁ
564 1200 715 1235 προφήτης,
733 1201 781 1227 καὶ
802 1201 839 1233 ὡς
859 1200 953 1227 πολλοὶ

164 1242 267 1269 τούτων
285 1243 476 1271 πιστεύσουσιν
499 1244 539 1281 τῷ
558 1246 719 1281 προφητικῷ
733 1246 889 1281 πειθόμενοι
910 1246 954 1273 λό-

164 1297 216 1324 γῳ,
231 1290 337 1324 χαῖρειν
350 1290 412 1321 τοὺς
434 1291 581 1325 οὐρανοὺς
596 1292 779 1326 προσφωνεῖ,
793 1293 841 1324 τὰς
864 1293 954 1326 οὐρα-

164 1336 251 1366 νίους
264 1335 388 1370 δηλονότι
401 1337 540 1372 δυνάμεις,
564 1337 602 1369 ὡς
624 1337 657 1364 ἂν
678 1339 767 1373 χαρᾶς
786 1340 815 1365 ἐν
830 1339 955 1374 οὐρανοῖς

165 1382 351 1414 γενησομένης
377 1382 423 1407 ἐπὶ
449 1384 504 1414 τοίς
527 1384 667 1417 μετανοεῖν
692 1383 846 1418 μέλλουσιν.
871 1384 955 1411 ’Ὀθεν

166 1427 284 1461 Χριστοῦ
298 1427 474 1462 γεννηθέντος
494 1428 653 1463 ἁνέκραζονο
675 1438 684 1454 ι
698 1429 766 1461 Δόξα
782 1430 810 1456 ὲν
834 1430 955 1464 ὑψίστοις

166 1472 236 1507 (νεεῷ,
254 1473 299 1498 καὶ
314 1474 360 1498 ἐπὶ
377 1473 428 1507 γῆς
450 1474 556 1508 εἰρήνη.
571 1484 580 1500 ι
599 1474 758 1505 Σαλπιζειν
776 1475 804 1501 δὲ
820 1475 954 1510 βούλεται,

999 242 1108 270 vatione
1120 242 1219 269 mentis
1230 247 1339 274 nostrae.
1353 249 1367 268 a
1380 242 1467 277 gloria
1479 242 1506 269 in
1518 242 1642 277 gloriam,
1655 249 1786 279 tanquam

1000 294 1015 314 a
1031 286 1138 314 Domini
1152 287 1250 322 spiritu
1266 287 1300 313 ⁸⁸.
1318 296 1327 313 ι
1346 287 1436 322 Atque
1449 287 1486 315 ita
1499 295 1548 315 nos
1565 289 1686 323 quidem.
1704 289 1788 318 Decet

1000 339 1065 359 vero
1081 337 1108 359 et
1131 339 1189 364 eos,
1213 332 1260 366 qui
1276 331 1303 358 in
1325 331 1383 366 lege
1399 332 1541 360 servitutis
1558 334 1687 368 spiritum
1704 342 1786 363 acce-

1000 383 1109 413 perunt.
1128 377 1153 404 iu
1170 385 1281 405 servum
1304 381 1331 405 et
1345 377 1430 411 ﬁlium
1443 377 1568 412 formari.
1586 379 1615 406 In
1631 384 1787 415 transgres-

1001 431 1079 452 sores
1092 424 1164 451 enim
1180 424 1235 456 lex,
1260 428 1389 457 tanquam
1405 424 1433 451 in
1452 431 1548 451 servos
1559 445 1566 455 .
1583 425 1786 454 animadverte-

1001 470 1048 498 bat
1078 479 1084 496 :
1117 477 1180 498 cum
1210 470 1268 504 ipsa
1300 470 1326 497 in
1354 470 1468 497 Christo
1499 470 1625 504 forma/ia
1655 471 1736 505 lilios,
1759 476 1788 499 et

1001 516 1158 544 c0nl'ormes
1169 517 1192 532 ⁸¹
1215 516 1322 544 efficiat.
1347 516 1517 544 Adhortatur
1530 525 1594 552 ergo
1611 516 1740 545 Israclem
1756 525 1789 545 ne

1001 564 1034 590 ad
1047 563 1175 598 pietatem
1188 570 1340 590 conversus
1360 563 1401 590 sui
1427 563 1472 590 ille
1483 563 1666 591 obliviscatur.
1684 564 1787 598 Cujus-

1002 609 1075 636 modi
1091 613 1155 636 sunt
1172 609 1224 636 ista
1238 607 1271 634 ad
1286 608 1412 635 eumdem
1427 608 1527 636 alicubi
1544 617 1550 635 :
1564 618 1574 635 ι
1595 609 1648 635 Vos
1659 610 1705 644 qui
1718 609 1788 636 obli-

1001 654 1138 682 viscimini
1168 654 1219 681 mei
1249 658 1276 681 et
1300 654 1404 689 paratis
1429 654 1565 682 daemonio
1591 663 1736 689 mensam,
1761 659 1790 683 et

1002 700 1123 734 impletis
1137 699 1264 726 Fortuna:
1279 699 1398 726 libamen
1408 699 1441 727 ³³.
1462 708 1472 725 ι

1037 746 1075 772 Ita
1091 746 1173 781 igitur
1188 745 1234 772 Dei
1246 744 1376 775 oblivisci.
1392 745 1426 772 ab
1443 745 1539 772 eodem
1557 745 1688 774 recedere
1703 745 1789 781 signi-

1002 790 1076 817 licat.
1092 791 1160 817 Cum
1179 794 1270 816 autent
1283 790 1316 816 ad
1336 790 1527 824 paenitentiam
1546 790 1677 818 festinare
1691 791 1790 818 adhor-

1003 841 1087 866 tatur.
1102 835 1217 867 eisdem,
1246 836 1270 863 si
1292 835 1469 869 resipiscam,
1485 839 1660 870 peccatorum
1681 836 1789 863 veniam

1003 881 1164 914 denuntiat;
1198 881 1245 915 qui
1275 881 1359 908 delevi
1385 881 1510 913 verbum,
1532 888 1582 915 pro
1607 880 1709 913 delebo,
1735 888 1790 908 non

1002 927 1083 954 aliter
1102 934 1184 961 quam
1199 926 1354 956 denehula,
1371 929 1417 952 aut
1431 926 1549 961 caligine
1562 925 1654 960 aliqua
1670 926 1790 958 loeutus,

1002 977 1127 1008 usurpat.
1140 973 1235 1000 Futuri
1250 973 1387 1007 siquidem
1403 973 1535 1008 temporis
1559 973 1789 1006 significationem

1001 1020 1148 1056 expressit,
1167 1028 1227 1046 cum
1242 1019 1371 1046 redimam
1393 1024 1418 1046 te
1430 1019 1566 1054 adiunxit.
1584 1019 1636 1052 Qui
1655 1019 1728 1046 enim
1744 1019 1792 1046 de-

1003 1064 1094 1090 lenisse
1107 1067 1226 1098 putetur,
1243 1063 1291 1098 qui
1312 1067 1444 1097 tanquam
1467 1071 1595 1091 aversum
1609 1062 1739 1091 Israelem
1754 1064 1791 1091 ad

1002 1110 1194 1137 conversionem
1208 1109 1359 1144 provocati
1375 1109 1466 1136 Danda
1483 1110 1619 1144 siquidem
1633 1109 1723 1137 fuerat
1735 1117 1794 1137 om-

1003 1155 1084 1181 nihus
1101 1155 1260 1181 delictorum
1276 1154 1402 1181 remissio
1419 1162 1466 1188 per
1474 1154 1628 1184 Christum.
1639 1155 1685 1189 qui
1701 1162 1790 1190 agnus

1003 1200 1147 1227 nobiscum
1175 1205 1298 1227 versatus
1321 1205 1432 1234 peccata
1451 1200 1545 1227 mundi
1565 1201 1688 1227 sustulit.
1711 1200 1791 1233 Quod

1003 1251 1079 1273 certe
1103 1254 1164 1274 cum
1182 1246 1262 1281 longe
1284 1251 1348 1273 ante
1372 1246 1502 1281 propheta
1520 1247 1634 1278 videret,
1651 1254 1684 1274 ex
1701 1247 1792 1281 iisque

1005 1291 1062 1317 fore
1079 1299 1132 1317 non
1149 1299 1261 1325 paucos,
1274 1291 1320 1325 qui
1335 1291 1500 1325 prophetica
1511 1291 1630 1318 orationi
1657 1290 1790 1318 credituri

1005 1340 1108 1364 essent.
1123 1337 1203 1363 cwlos
1224 1337 1309 1370 ipsos.
1324 1336 1349 1362 id
1370 1340 1412 1362 est
1434 1335 1559 1362 calorum
1575 1337 1689 1364 virtutes
1704 1337 1792 1363 [astuti

1005 1383 1184 1414 acclamavit,
1214 1386 1343 1418 tanquam
1377 1383 1506 1417 gaudium
1538 1383 1564 1409 in
1598 1383 1676 1409 uelis
1709 1388 1793 1417 supu‘

1007 1433 1150 1462 peccatore
1165 1428 1353 1463 pmnitentiam
1366 1432 1464 1455 acturo
1480 1427 1602 1455 futurum
1613 1428 1647 1456 sit
1658 1427 1692 1455 “.
1705 1429 1792 1461 Atque

1007 1475 1070 1502 inde
1086 1478 1138 1507 est,
1163 1474 1236 1509 quod
1254 1477 1319 1501 nato
1332 1473 1466 1501 Christo:
1482 1483 1491 1499 ι
1510 1473 1602 1500 Gloria
1630 1474 1657 1500 in
1675 1474 1793 1501 excelsis

167 1521 215 1544 καὶ
229 1518 255 1544 εἴ
268 1518 340 1549 τινές
355 1518 419 1549 εἰσι,
442 1519 489 1545 καὶ
504 1519 562 1552 τὴν
575 1519 634 1554 γῆν
659 1520 743 1555 αὐτὴν
758 1519 956 1556 ὑποστηρίζω-

1008 1521 1074 1553 Deo,
1090 1525 1117 1547 et
1131 1521 1157 1547 in
1182 1525 1253 1548 terra
1270 1528 1321 1556 pax
1336 1521 1372 1552 ",
1391 1529 1401 1546 ι
1419 1521 1508 1556 angeli
1534 1521 1706 1548 cecinerunt.
1731 1521 1795 1548 Vult

169 1573 214 1590 σαι
229 1564 299 1590 θεῖαι
311 1565 450 1600 δυνάμεις,
465 1565 548 1600 ἤγουν
563 1565 723 1597 ἀλαλάξαι,
739 1566 809 1592 κατὰ
820 1567 884 1597 τοὺς
901 1567 957 1592 λοι-

168 1611 246 1642 ποῦς,
267 1611 350 1645 ὖμνον
369 1611 584 1646 ἀναπεμποὺσας
608 1612 677 1647 Θεῷ.
696 1612 775 1641 Εἰκὸς
798 1612 825 1639 δὲ
838 1612 959 1646 θεμέλια

169 1657 349 1691 γρηματίζειν
365 1657 429 1689 τοὺς
441 1657 573 1692 θεοφιλεῖς
591 1659 693 1689 πάντας
707 1659 849 1692 προφῆτας
867 1667 896 1684 τε
912 1658 959 1685 καὶ

169 1703 300 1735 δικαίους,
318 1704 387 1730 κατὰ
404 1704 450 1730 τὸν
469 1704 630 1730 ’Δπόστολον
642 1705 767 1739 λέγονταδ
781 1714 789 1730 ι
808 1704 959 1731 Ἐποικοδο-

172 1749 304 1784 μηθέντες
319 1749 366 1775 ἐπὶ
386 1749 424 1785 τῷ
450 1749 567 1785 θεμελίῳ
585 1750 642 1777 τῶν
659 1750 817 1777 ἀποστόλων
834 1751 880 1776 καὶ
893 1759 959 1786 προ-

172 1795 275 1830 φητῶν.
289 1805 298 1821 ι
309 1796 372 1822 Ἐπὶ
379 1795 428 1831 τὴν
443 1797 561 1831 Χριστοῦ
576 1797 631 1832 γὰρ
647 1797 742 1832 κλῆσιν
760 1797 959 1832 μεγαλοφώνους

172 1843 277 1874 πάντας
305 1842 449 1875 ἐκάλεσαν,
468 1844 539 1870 κατὰ
559 1843 590 1870 τό
605 1851 612 1858 ·
630 1844 692 1875 (Εἰς
715 1845 805 1871 πᾶσαν
828 1843 877 1879 τὴν
909 1843 960 1879 γῆν

171 1888 282 1923 ἐξῆλθεν
294 1889 308 1914 ό
320 1889 439 1923 φθόγγος
455 1889 555 1917 αὐτῶν.
572 1899 581 1915 ι
605 1889 746 1916 Ἀπάντων
777 1890 826 1924 μὲν
849 1889 903 1924 γὰρ
916 1891 961 1916 θε-

171 1934 276 1968 μέλιος
288 1935 302 1960 ὁ
314 1936 431 1971 Χριστὸς
448 1935 551 1970 ἀνέχων
571 1944 600 1962 τε
614 1936 660 1962 καὶ
674 1936 877 1972 διακρατῶντὰ
897 1937 962 1972 ἐρη-

175 1981 317 2016 ρεισμένα.
340 1982 398 2008 Ἐπ’
423 1982 498 2017 αὐτῷ
520 1982 575 2016 γὰρ
597 1983 698 2014 πάντες
711 1982 961 2018 ἑποικοδομούμεθα

171 2024 247 2057 οἶκος
259 2027 453 2062 πνευματικός.
477 2028 608 2054 Κατοικεῖ
622 2028 676 2063 γὰρ
699 2030 728 2055 ὲν
751 2030 810 2060 ταῖς
836 2029 962 2064 καρδίαις

174 2071 252 2107 ήμῶν
265 2072 309 2099 διὰ
324 2072 452 2104 πίστεως.
471 2072 604 2107 Θεμέιιοι
627 2073 656 2100 δὲ
672 2074 893 2110 προσεχέστεροι,
915 2075 963 2102 καὶ

174 2118 257 2152 ἐγγὺς
274 2118 384 2152 μᾶλλον,
403 2118 419 2153 ἢ
435 2118 496 2145 καθ’
519 2119 603 2154 ἡμᾶς,
629 2120 655 2145 οἱ
678 2120 821 2152 αὐτόπται,
842 2120 889 2147 καὶ
909 2121 963 2147 ὺπ-

176 2164 277 2200 ηρέται
294 2164 341 2191 τοῦ
361 2164 451 2198 λόγου.
467 2164 591 2191 Γίνονται
605 2165 660 2200 γὰρ
672 2166 738 2201 ἡμῖν
750 2165 794 2192 διὰ
806 2166 860 2193 τῶν
873 2175 963 2201 παρα-

1009 1571 1099 1594 aulem
1124 1572 1152 1594 et
1175 1568 1292 1594 virtutes
1316 1566 1435 1599 divinas,
1460 1566 1483 1594 si
1499 1574 1560 1600 quae
1586 1571 1685 1594 terram
1706 1567 1792 1602 ipsam

1008 1612 1134 1645 fulciant,
1160 1613 1222 1639 tuba
1236 1620 1347 1644 canere;
1366 1612 1442 1644 sive,
1468 1615 1498 1638 ut
1521 1612 1567 1638 alii
1582 1613 1793 1643 transtulerunt.

1009 1657 1118 1693 hymnis
1145 1658 1171 1684 in
1197 1657 1282 1685 Deum
1306 1657 1451 1684 exsultare.
1474 1657 1522 1685 Est
1545 1658 1627 1685 etiam
1650 1665 1797 1686 consenta~

1009 1711 1090 1730 neum
1105 1703 1339 1737 fundamentorum
1353 1703 1464 1730 nomine
1482 1704 1543 1738 pios
1558 1711 1664 1733 omnes.
1681 1705 1796 1738 prophe-

1009 1754 1114 1783 tnsqne,
1139 1755 1165 1776 et
1179 1750 1269 1784 justos
1282 1749 1414 1783 intelligi;
1432 1749 1490 1784 qui,
1514 1750 1630 1777 docente
1645 1749 1792 1783 Apostolo,

1010 1796 1196 1829 apostolorum
1216 1799 1244 1822 et
1267 1795 1460 1830 prophetarum
1490 1794 1679 1822 fundamentis
1699 1802 1797 1828 snper-

1010 1841 1109 1868 structi
1133 1840 1189 1867 sint
1211 1840 1244 1867 ⁸⁴,
1262 1839 1303 1866 Ad
1318 1839 1422 1866 Christi
1446 1839 1520 1866 enim
1547 1847 1646 1866 nomen
1668 1843 1797 1866 contenta

1011 1893 1077 1913 voce
1091 1889 1226 1913 vocarunt
1246 1892 1361 1917 omnes;
1385 1885 1465 1919 juxta
1487 1884 1553 1910 illud
1577 1891 1585 1910 :
1611 1893 1621 1910 ‹
1643 1883 1672 1910 in
1688 1891 1797 1911 omnem

1011 1937 1112 1960 terram
1128 1932 1212 1960 exivit
1227 1939 1311 1959 sonus
1324 1938 1420 1958 eorum
1432 1930 1468 1957 ".
1491 1939 1500 1955 ι
1515 1928 1644 1957 Omnium
1661 1929 1798 1964 siquidem

1011 1978 1215 2014 fundamentum
1229 1976 1359 2004 Christus
1371 1980 1430 2010 est;
1446 1975 1493 2010 qui
1509 1983 1570 2009 quae
1585 1974 1696 2002 admota
1722 1979 1796 2006 sunt,

1012 2024 1065 2052 lixa
1089 2024 1221 2058 ﬁrmaque
1247 2022 1384 2050 sustineat
1404 2028 1432 2049 et
1463 2021 1674 2056 complectatur.
1692 2021 1720 2047 In
1739 2020 1799 2055 ipso

1013 2070 1148 2105 siquidem
1171 2077 1267 2097 omnes
1294 2068 1462 2095 adiﬁcamur
1483 2067 1581 2094 domus
1598 2065 1751 2101 spiritualis
1763 2065 1797 2092 ⁸⁸.

1013 2114 1093 2150 505
1108 2114 1217 2141 Habitat
1226 2113 1300 2140 enim
1311 2113 1339 2139 in
1349 2111 1480 2139 cordibus
1495 2111 1598 2138 nostris
1608 2117 1656 2145 per
1674 2109 1752 2136 ﬁdem
1764 2109 1799 2136 ⁸⁸.

1013 2160 1201 2188 Fundamenta
1227 2160 1312 2186 etiam
1338 2158 1430 2185 vicina
1454 2158 1543 2193 magis
1571 2161 1598 2184 et
1629 2159 1797 2191 propinqua.

174 2210 274 2236 δόσεων
302 2211 342 2241 είς
363 2210 503 2246 ἑδραίωμα
528 2211 665 2243 πίστεως,
692 2211 762 2237 κατὰ
784 2211 834 2237 τό”
862 2221 871 2237 ι
884 2212 920 2238 Σὺ
937 2209 963 2238 εἴ

1014 2215 1096 2242 quam
1113 2213 1208 2234 nostro
1225 2205 1336 2236 sarculo.
1350 2205 1402 2240 ipsi
1419 2205 1531 2232 fuerunt
1552 2203 1654 2231 oculati
1676 2207 1759 2229 testes
1774 2207 1801 2228 et

176 2255 289 2291 Πέτρος,
316 2255 364 2282 καὶ
388 2257 434 2282 ἐπὶ
455 2256 542 2292 ταύτῃ
563 2258 597 2292 τῇ
611 2257 699 2292 πέτρᾳ
719 2257 889 2292 οἰκοδομήσω
909 2266 961 2292 μου

174 2301 224 2336 τὴν
245 2300 416 2335 Ἐκκλησίαν.
432 2309 441 2326 ι
461 2300 498 2327 Τὸ
517 2300 570 2335 γὰρ
588 2301 637 2335 τῆς
661 2300 743 2326 αὑτοῦ
762 2300 880 2331 πίστεως
895 2300 962 2327 ἀσά-

175 2345 268 2371 λευτον
285 2345 466 2380 ὑπεδήλωσεν.
486 2345 567 2379 Λέγει
585 2345 613 2371 δὲ
629 2344 678 2371 καὶ
691 2344 789 2371 Δαϐίδθ
810 2353 819 2370 ι
836 2345 867 2370 Οἱ
881 2344 963 2380 θεμέ-

175 2392 227 2418 λιοι
241 2392 324 2419 αὑτοῦ
342 2393 372 2418 ἐν
394 2393 451 2423 τοῖς
475 2392 550 2427 όρεσι
575 2392 632 2423 τοῖς
654 2391 753 2425 ἁγίοις,
779 2400 788 2415 ι
815 2391 881 2426 περὶ
907 2391 962 2418 τῶν

175 2437 264 2464 αὐτῶν
292 2437 389 2471 λέγων.
413 2437 446 2464 '0
468 2437 518 2472 μὲν
537 2434 583 2463 οὖν
599 2437 702 2471 Μωσῆς
728 2436 893 2471 ἰσχνόφωνος
917 2434 961 2472 ἦν.

181 2483 211 2510 '0
226 2483 280 2519 γὰρ
293 2483 374 2518 νόμος
388 2482 422 2516 ἦν
435 2484 492 2514 τοῖς
503 2484 532 2509 ὲν
553 2482 666 2518 Ἰουδαίᾳ
683 2483 774 2517 μόνοις
790 2482 962 2514 ἐξάκουστος.

176 2530 344 2556 Σαλπιστιιὶ
371 2530 399 2556 δὲ
429 2529 477 2556 καὶ
507 2528 696 2563 μεγαλόφωνοι
715 2528 836 2563 κήρυκες
865 2527 891 2554 οἰ
918 2527 964 2554 τὸν

177 2575 293 2610 Χριστὸν
310 2574 449 2610 πανταχοῦ
463 2574 676 2608 διαγγέλλοντες.

1015 2253 1136 2281 ministri
1154 2253 1246 2284 verbi;
1263 2252 1310 2287 qui
1333 2252 1413 2279 nobis
1440 2256 1551 2286 propter
1575 2249 1748 2281 traditiones,
1773 2248 1799 2274 in

1017 2299 1078 2326 lidei
1094 2298 1311 2326 stabilimentum
1324 2297 1508 2329 exstiterunt,
1524 2296 1599 2324 iuxta
1623 2294 1688 2321 illud
1707 2303 1714 2321 :
1732 2304 1740 2318 ι
1759 2291 1799 2319 Tu

1015 2353 1046 2373 es
1061 2345 1171 2375 Petrus.
1188 2349 1215 2371 et
1229 2351 1313 2378 super
1335 2344 1407 2370 hanc
1433 2347 1537 2377 petram
1553 2341 1692 2368 aediﬁcabo
1707 2339 1802 2366 Eccle~

1017 2392 1086 2420 siam
1103 2398 1190 2418 meam
1206 2390 1241 2416 '°.
1258 2400 1268 2416 ι
1287 2390 1392 2416 Iudicat
1411 2389 1484 2416 enim
1501 2387 1624 2422 ejusdem
1640 2386 1700 2413 iidt-i
1720 2385 1801 2412 certi-

1017 2437 1140 2464 tudinem
1164 2440 1191 2464 et
1215 2435 1410 2463 constantiam.
1430 2434 1503 2468 Quin
1528 2439 1555 2461 et
1577 2433 1647 2468 apud
1673 2432 1802 2458 Davidem

1021 2483 1137 2517 legimus
1158 2491 1165 2509 :
1198 2491 1207 2507 ι
1226 2481 1415 2508 Fundamenta
1441 2479 1502 2515 ejus
1525 2480 1552 2506 in
1576 2478 1715 2506 montibus
1742 2484 1801 2504 sau-

1019 2530 1054 2557 tis
1067 2529 1100 2560 “.
1121 2537 1131 2554 ι
1149 2535 1212 2555 cum
1229 2528 1262 2554 de
1276 2527 1380 2555 eisdem
1405 2526 1539 2560 loquitur.
1562 2525 1635 2551 Voce
1653 2530 1719 2557 ergo
1738 2522 1802 2549 exili

1016 2572 1198 2608 etprzepedita
1214 2571 1265 2598 fuit
1275 2571 1363 2599 Moses
1374 2571 1408 2604 θ’,
1420 2571 1492 2606 quod
1506 2571 1591 2605 legem
1605 2570 1631 2596 in
1642 2568 1735 2595 Iudaea
1745 2573 1805 2594 tan-
1826 2587 1838 2595 ..

177 2625 235 2648 tum
259 2621 382 2648 exaudiri
400 2628 516 2648 necesse
531 2624 620 2652 esset;
639 2619 691 2655 ipsi
717 2623 807 2647 autem
825 2627 967 2655 praecones
986 2619 1089 2648 Christi
1103 2619 1296 2651 buccinalores,
1320 2625 1473 2653 magnaque
1492 2621 1520 2644 cl.
1550 2617 1603 2643 alta
1639 2622 1706 2642 voce
1737 2621 1806 2648 prae-

177 2669 238 2700 diti,
262 2672 291 2694 ut
306 2676 365 2694 eum
383 2669 485 2702 ubique
502 2669 711 2695 annuntiareut.

227 2714 234 2728 '
257 2713 277 2740 ιι
289 2712 352 2740 Cor.
372 2722 411 2743 ιιι.
428 2714 471 2740 18.

179 2756 209 2780 ιι,
225 2749 270 2775 ‘20.
309 2748 330 2763 ³⁷
349 2748 421 2775 Psal.
436 2749 555 2780 xvut.5;
587 2750 665 2776 “om.
691 2758 719 2781 ιι,
740 2750 782 2776 l8.

176 2783 199 2799 "
219 2783 290 2810 Psal.
319 2791 428 2816 Lxxxvr,
445 2784 470 2811 1.
523 2785 546 2800 θ’
566 2784 702 2816 Exod.lv,
722 2785 764 2811 ill.

517 2713 540 2729 "
560 2714 639 2741 llorn.
660 2713 778 2746 “11,29.
816 2715 839 2730 "
859 2713 910 2742 Isa.
929 2721 994 2744 ινιι,
1009 2711 1036 2739 6.
1074 2710 1098 2726 ⁸⁵
1117 2709 1274 2746 ἰλιιρηηι,Δ
1290 2707 1315 2736 7.

836 2748 860 2764 ⁸⁵
892 2749 900 2775 l
927 2749 998 2776 Pctr.
1029 2755 1060 2781 ιι,
1097 2746 1125 2773 5.

1363 2708 1386 2723 ⁸⁸
1408 2706 1474 2733 Luc.
1505 2714 1536 2737 It,
1563 2705 1606 2732 Η.
1658 2705 1682 2721 ⁸⁸
1702 2706 1802 2741 Ephes.

1185 2745 1207 2760 δ’
1228 2743 1329 2778 Ephes.
1353 2750 1393 2770 ut.
1424 2741 1469 2769 17.
1522 2741 1545 2758 ⁸ο
1566 2741 1661 2768 Matth.
1690 2750 1744 2774 im,
1773 2744 1800 2769 8.

814 2829 930 2857 VARI/Ii
949 2826 1155 2856 LECTIONES.

244 2873 287 2898 γρ.
310 2865 396 2899 ἡξιων.

342 2911 476 2940 Ι¹Αι·ιιυι.
501 2911 560 2940 (in.
574 2910 656 2939 LXX
665 2909 761 2939 λιιι.
