2002 3078
178 113 246 145 2411

174 221 278 242 rursus
295 213 456 248 appellavit.
475 212 564 248 Opere
583 212 720 247 siquidem
736 217 763 239 et
778 212 862 240 verbo
876 212 971 240 excel-

185 261 313 292 luerunt,
329 264 356 285 et
387 259 420 286 ad
438 267 486 286 eos
502 259 547 286 illa
574 263 663 286 sunt:
685 269 694 284 ι
721 259 751 286 In
780 263 899 286 montem
925 266 973 286 ex-

180 305 284 332 celsum
311 303 441 337 ascende,
471 303 517 338 qui
541 303 717 338 evangelizas
741 301 806 329 Sion
832 303 865 330 ".
894 312 904 329 ›
939 302 972 330 Ει

185 357 299 378 rursum
318 349 387 383 legis
404 353 431 376 et
447 349 541 384 gratiae
554 356 732 384 permagnum
749 348 908 376 discrimen.
924 347 972 374 llla

181 396 329 430 siquidem,
344 402 407 422 cum
432 394 564 422 ultionem
589 394 843 429 transgressoribus
859 393 972 420 minita~

181 447 270 473 retur,
292 440 401 468 nonnisi
422 441 565 468 tristitiam
582 447 715 468 summam
744 440 928 474 personabat;
946 443 972 467 at

181 486 263 520 hujus
286 493 427 520 praecones
442 486 503 513 orbi
528 491 663 513 terrarum
687 485 809 512 lwtitiam
826 485 974 512 denuntia-

180 535 267 563 runt;
284 539 347 558 cum
371 534 546 566 peccatorum
565 531 690 563 veniam,
715 539 776 558 cum
796 531 974 565 justiﬁealio—

182 583 243 604 nem
260 575 286 602 in
303 575 366 608 fide,
386 583 447 603 cum
467 575 586 610 Spiritus
602 575 691 602 sancti
720 575 973 610 participationem,

182 631 244 650 cum
257 623 410 657 adoptionis
422 622 593 658 dignitatem,
611 630 675 650 cum
690 630 805 658 regnum
821 623 971 654 emlorum,

183 677 246 697 cum
267 670 341 696 omni
369 669 488 704 denique
510 669 680 704 cogitatione
707 669 810 704 majora
838 669 921 702 bona,
947 668 974 696 id

185 719 237 747 est,
259 719 363 742 certam
380 718 407 741 et
422 715 533 741 minime
549 714 673 742 fallacem
697 714 758 741 lidei
785 715 883 749 legem,
914 722 973 749 pro.

184 761 358 796 mulgarunt.
372 760 460 788 Colles
473 765 563 787 autem
581 763 609 786 et
619 760 729 787 eosdem
743 760 823 787 etiam
837 760 975 794 appellare

184 815 270 843 queas
285 816 293 840 ;
313 807 361 842 qui
377 815 393 833 a
411 812 481 833 terra
493 806 604 834 exaltati
621 806 787 841 supradictis
803 811 892 834 tamen
910 809 975 833 sunt

843 111 1018 142 PROCOPII
1036 112 1157 142 G;\Z.~’E[

215 169 290 201 Quos
308 172 439 202 praeterea
464 171 546 196 terra
572 167 745 203 fundamenta
762 167 843 202 dixit,
869 172 970 195 montes
984 176 1010 206 Α

1737 107 1807 140 2412

1060 170 1092 195 Ἃ
1107 169 1136 195 δὲ
1164 168 1286 203 θεμέλια
1318 169 1369 203 γῆς
1394 167 1458 203 ἔφη.
1486 167 1539 201 ὅρη
1557 167 1638 194 πάλιν
1653 166 1806 201 ὠνόμασεν.

1025 215 1118 251 Ἔργῳ
1141 215 1194 250 γὰρ
1219 214 1290 251 ἦσαν
1306 216 1354 242 καὶ
1381 215 1452 250 λόγῳ
1479 214 1651 249 διαπρεπεῖς,
1674 212 1742 248 πρὸς
1762 212 1810 244 οὓς

1024 261 1151 296 ἔφασκεν·
1171 272 1180 287 (
1192 262 1249 288 Ἐπ’
1267 262 1329 296 ὖρος
1344 261 1444 297 ὑψηλὸν
1460 260 1588 295 ἀνάϐηθι,
1608 260 1622 285 ὁ
1637 258 1810 293 εὐαγγελιζό-

1025 316 1104 343 μενος
1123 307 1202 334 Σιών.
1219 317 1228 333 ι
1249 307 1337 342 Πολλὴ
1363 306 1390 332 δὲ
1413 306 1493 332 πάλιν
1512 305 1562 340 τῆς
1580 305 1691 340 χάριτος
1707 304 1724 337 ἡ
1742 302 1811 338 πρὸς

1023 354 1068 379 τὸν
1088 353 1170 388 νόμον
1189 353 1314 389 διαφορά.
1342 353 1370 379 '0
1395 352 1444 388 μὲν
1469 351 1523 386 γὰρ
1546 352 1672 381 κολάσεις
1692 349 1811 376 ἀπειλῶν

1022 401 1079 431 τοῖς
1104 399 1319 434 παραϐαίνουσιν
1343 399 1408 425 ἐϐόα
1429 399 1590 433 κατήφειαν.
1609 398 1639 423 Οἱ
1663 397 1691 423 δὲ
1709 397 1811 431 ταύτης

1024 445 1144 480 κήρυκες
1166 445 1364 479 εὐφροσύνην
1375 443 1413 479 τῷ
1432 444 1528 478 κόσμῳ
1540 441 1737 477 κατήγγειλαν,
1761 440 1813 473 ἄφ-

1024 499 1081 516 εσιν
1100 490 1215 526 βοῶντες
1242 490 1394 525 ἁμαρτιῶν,
1416 490 1462 516 καὶ
1487 489 1628 515 δικαίωσιν
1657 489 1686 514 ἐν
1711 487 1811 517 πίστει,

1024 535 1101 569 ἁγίου
1116 543 1145 561 τε
1161 534 1318 569 Πνεύματος
1338 533 1459 569 μέθεξιν,
1478 534 1525 560 καὶ
1539 532 1674 563 υἱοθεσίας
1688 532 1814 567 λαμπρό-

1024 589 1103 614 τητα,
1121 580 1244 615 οὐρανῶν
1268 589 1297 606 τε
1323 579 1472 615 βασιλείαν,
1499 579 1547 605 καὶ
1575 579 1629 604 τῶν
1657 578 1726 612 ὑπὲρ
1750 577 1813 603 νοῦν

1024 627 1136 662 ἀγαθῶν
1150 628 1180 654 οὑ
1196 627 1420 662 κατεψευσμένην
1449 626 1553 653 ἐλπίδα.
1582 625 1718 657 Βουνοὺς
1741 624 1763 650 δ’
1781 623 1814 650 ἂν

1025 673 1114 705 εἴποις
1128 674 1190 704 τοὺς
1207 674 1254 700 καὶ
1272 674 1371 704 αὐτοὺς
1388 673 1596 708 ὑπερηρμὲνους
1610 671 1665 704 τῆς
1675 670 1739 704 γῆς,
1759 670 1814 696 τῶν

1025 717 1052 743 δὲ
1064 716 1214 751 λεχθέντων
1232 716 1308 751 ὁρῶν
1323 717 1396 752 ὅμως
1412 717 1564 747 ἐλάττονας.
1582 716 1666 742 Ξύ.1α
1682 715 1721 747 δὲ,
1736 714 1770 740 τὰ
1786 715 1815 741 ἐν

1025 763 1117 794 αὐτοῖς
1132 764 1178 789 καὶ
1194 763 1239 789 ὑπ’
1253 763 1342 790 αὐτῶν
1359 762 1547 798 τεθραμμένα,
1561 764 1584 788 οἱ
1605 762 1638 788 δι’
1654 762 1742 787 αὐτῶν
1768 769 1814 787 m-

1028 808 1198 841 στεύσαντες,
1215 809 1261 835 καὶ
1283 809 1377 844 ὥσπερ
1392 807 1594 840 ἁναῦεέέηκότες
1617 807 1656 838 είς
1673 806 1757 841 ἀνδρα
1770 806 1815 832 τέ-

187 852 323 880 mantibus
339 851 502 884 inferiores;
517 851 590 886 tigna
600 859 664 878 vero
683 851 709 878 in
728 852 806 886 ipsis,
816 855 843 878 et
858 851 892 878 ab
908 851 974 885 ipsis

1030 855 1096 880 λειον
1110 855 1157 880 καὶ
1171 856 1286 889 καρποῖς
1301 854 1440 888 κομῶντες
1455 853 1662 887 πνευματικοῖς,
1676 852 1723 877 καὶ
1738 851 1815 877 αὐτοὶ

188 899 318 929 enutrita.
333 906 382 926 eos
395 898 469 933 ipsos
489 905 536 932 per
549 905 618 933 quos
634 897 712 925 ﬁdem
737 897 838 932 adepti,
863 901 890 924 et
911 901 973 924 tan-

186 953 268 980 quam
285 945 312 971 in
328 944 402 971 viros
418 943 554 979 perfectos
569 943 668 976 evecti,
682 943 817 970 fructibus
831 943 974 971 abundant

187 988 399 1023 spiritualibus;
416 987 462 1023 qui
478 987 560 1014 etiam
584 986 715 1014 Ecclesiae
734 986 861 1014 doctores
884 994 976 1013 evase-

186 1039 262 1067 runt,
272 1041 376 1068 eosque
385 1033 525 1060 fructuum
536 1033 669 1065 ubertate,
680 1032 725 1067 qui
739 1032 772 1059 ad
784 1040 813 1060 se
829 1033 973 1066 accedunt,

187 1080 325 1108 reficiunt.
343 1078 484 1106 Lzetantur
495 1085 573 1111 vero,
594 1078 671 1112 quia,
699 1081 882 1112 praeterquam
901 1079 974 1112 quod

188 1126 336 1160 redemptus
356 1129 397 1152 est
408 1124 504 1158 Iacob,
522 1124 580 1159 ipse
597 1123 679 1151 etiam
695 1123 861 1158 glori/iectus
878 1128 914 1150 est
932 1122 976 1150 Is-

187 1171 244 1199 rael
261 1171 306 1198 Dei
322 1169 410 1198 Filius
427 1169 552 1201 effectus,
569 1170 684 1204 ejusque
701 1168 795 1202 frater,
815 1168 862 1203 qui
878 1173 976 1196 natura

187 1223 215 1246 et
229 1225 294 1246 vere
312 1216 400 1244 Filius
421 1221 473 1244 est.
503 1217 578 1243 Alias
604 1223 669 1242 vero
691 1219 718 1242 et
734 1215 866 1242 mundum
893 1215 975 1242 etiam

187 1265 290 1299 ipsum,
309 1263 423 1297 ejusque
452 1265 545 1296 partes
573 1260 606 1288 ad
634 1260 727 1294 glorim
753 1260 975 1295 prredicationem

188 1310 250 1337 ideo
268 1309 429 1343 compellit:
458 1307 528 1341 Quia
545 1307 654 1333 redemit
675 1305 743 1332 Deus
769 1304 865 1337 Iacob,
885 1310 910 1332 et
934 1305 977 1331 ls-

189 1356 246 1383 rael
261 1354 473 1390 gloriﬁcabitur,
497 1353 565 1385 sive,
583 1357 611 1379 ut
633 1351 695 1378 aliis
714 1351 802 1385 placet
824 1351 979 1386 interpreti-

189 1402 251 1433 bus,
262 1401 290 1427 in
304 1399 390 1427 Israel
401 1396 604 1434 glori/imbitur.
617 1398 698 1434 506
709 1397 786 1430 Quod
798 1400 855 1424 tum
867 1396 977 1424 demum

189 1445 315 1472 effectum
334 1448 387 1476 est,
413 1451 476 1470 cum
494 1451 527 1470 ex
546 1442 637 1478 priore
666 1443 780 1478 populo,
812 1441 979 1476 prophetica:

190 1491 324 1518 orationis
346 1490 493 1516 utilitatem
509 1489 625 1523 experti,
640 1488 751 1523 rejectis
772 1487 855 1515 idolis
873 1487 905 1514 ad
918 1487 978 1522 pie-

1025 901 1075 935 τῆς
1093 900 1255 936 Ἐκκλησίας
1277 900 1352 931 ὄντες
1369 899 1534 930 διδάσκαλοι,
1562 899 1609 925 καὶ
1632 899 1692 930 ταῖς
1707 897 1817 931 νοηταῖς

1027 948 1191 982 εὐκαρπιαις
1215 948 1278 978 τοὺς
1303 947 1469 981 προσιόντας
1494 946 1585 976 αὐτοῖς
1617 943 1815 978 ἀνακτώμενοι.

1027 994 1159 1028 Χαίρουσι
1173 993 1212 1024 δὲ,
1230 993 1271 1020 ὅτι
1287 993 1355 1028 πρὸς
1368 990 1670 1027 τῷλυτρωθῆναιτὸν
1692 989 1817 1023 Ἰσραὴλ

1027 1041 1075 1067 καὶ
1089 1039 1268 1071 δεδόξασται
1289 1041 1310 1058 δ¹
1324 1038 1397 1065 Θεοῦ
1411 1038 1585 1074 χρηματίσας
1616 1035 1818 1069 Υἱὸς,ἀδελφός

1027 1095 1057 1113 τε
1073 1085 1119 1113 τοῦ
1144 1085 1223 1120 φύσει
1247 1085 1293 1112 καὶ
1318 1084 1425 1120 ἀληθῶς
1442 1084 1520 1111 Υιοῦ.
1547 1084 1601 1110 Καὶ
1618 1083 1707 1114 ἄλλως
1729 1081 1758 1108 δὲ
1774 1081 1818 1107 τὸν

1028 1132 1141 1167 κόσμον,
1159 1132 1206 1158 καὶ
1228 1132 1262 1158 τὰ
1279 1131 1375 1158 τούτου
1394 1131 1463 1166 μέρη
1480 1129 1548 1165 πρὸς
1563 1128 1715 1163 δοξολογίαν
1737 1128 1818 1157 κινεῖ,

1028 1178 1069 1204 ὅτι
1085 1176 1274 1211 ὲλυτρώσατο
1291 1177 1308 1203 ὁ
1332 1175 1404 1209 Θεὸς
1421 1176 1475 1202 τὸν
1500 1174 1613 1206 Ἰακὼϐ,
1627 1173 1677 1201 καὶ
1696 1173 1820 1207 Ἰσραὴλ

1029 1221 1261 1255 δοξασθήσεται,
1293 1221 1310 1256 ἢ
1335 1221 1406 1246 κατὰ
1428 1220 1491 1251 τοὺς
1518 1219 1704 1250 λοιποὺς,καὶ
1731 1218 1766 1244 ἐν
1781 1217 1821 1250 τῷ

1036 1267 1160 1301 Ἰσραὴλ
1178 1267 1410 1300 δοξασθήσεται.
1428 1266 1518 1300 Ὅπερ
1543 1265 1648 1298 ἐγίνετο
1664 1264 1744 1298 ἡνίκα
1765 1263 1821 1289 τῶν

1030 1314 1062 1340 ὲκ
1087 1313 1134 1339 τοῦ
1174 1313 1308 1348 προτέρου
1333 1312 1398 1339 λαοῦ
1425 1312 1520 1338 πολλοὶ
1546 1312 1608 1342 τοὺς
1632 1310 1821 1345 προφητικοὺς

1030 1359 1127 1393 λόγους
1141 1358 1314 1394 ὡφελημένοι
1336 1358 1405 1393 πρὸς
1431 1357 1574 1384 ευσέὃειαν
1598 1356 1716 1392 ἐχώρουν
1736 1365 1822 1382 κατα-

1030 1405 1156 1436 λιπόντες
1171 1406 1205 1431 ca
1228 1405 1335 1432 εἴδωλα.
1352 1404 1430 1436 Τινὲς
1445 1404 1473 1429 δὲ
1487 1404 1527 1436 τὸ,
1546 1403 1600 1430 Kal
1621 1404 1675 1430 vim
1689 1401 1770 1437 ἦσαν
1796 1403 1822 1428 τι

1031 1451 1215 1483 πλάττοντες
1231 1451 1305 1477 Θεὸν
1319 1450 1368 1476 καὶ
1386 1450 1555 1485 γλύροντες·
1571 1447 1722 1483 ἀνωφελῆ,
1735 1448 1823 1478 οὕτως

1032 1497 1201 1533 ἐξηγήσαντο
1212 1506 1218 1512 ·
1235 1498 1272 1523 Οὐ
1285 1496 1361 1532 παρὰ
1376 1497 1407 1523 τὸ
1423 1497 1460 1531 μὴ
1478 1493 1621 1526 εἶναιτοὺς
1638 1495 1724 1521 ταῦτα
1742 1496 1824 1530 ἐργα-

190 1543 274 1564 tatem
291 1543 320 1563 se
335 1534 522 1562 contulerunt.
548 1532 677 1560 Nonnulli
702 1541 785 1569 porro
801 1533 884 1560 verba
906 1533 956 1560 ista
973 1541 979 1559 ι

1033 1525 1174 1574 ζὸῥὲᾇους,
1191 1539 1267 1574 παρὰ
1285 1539 1313 1565 δὲ
1326 1525 1371 1565 ’τὸ
1391 1525 1429 1574 μη
1448 1525 1578 1565 δύνασθαι
1606 1525 1739 1572 βοηθῆσαι
1758 1525 1823 1568 ’τοῖς

191 1583 226 1609 Et
241 1589 292 1608 non
309 1585 384 1607 erant
399 1579 527 1614 ﬁngentes
547 1578 643 1612 Deum,
661 1583 685 1606 et
704 1579 850 1612 sculpentes
862 1579 982 1611 inutilia,

192 1627 377 1662 explicarunt,
402 1632 456 1652 non
482 1624 556 1659 quod
581 1625 684 1652 vellent
710 1633 764 1652 non
791 1632 861 1655 esse,
879 1624 925 1659 qui
952 1631 982 1651 ea

192 1671 399 1704 confecissent,
427 1670 475 1697 sed
497 1669 570 1705 quod
595 1670 640 1703 iis,
662 1677 676 1696 a
698 1671 798 1705 quibus
818 1670 983 1702 colerentur,

193 1725 274 1753 opem
291 1716 362 1744 ferre
377 1724 431 1743 non
446 1720 559 1751 possent
572 1724 579 1748 ;
599 1721 729 1750 tanquam
745 1723 778 1743 eo
793 1720 914 1750 tempore
929 1723 983 1742 non

196 1766 379 1794 essent,cum
398 1761 514 1788 istorum
542 1760 643 1795 fugatis
668 1761 863 1788 adoratoribus
888 1759 985 1787 lsraeli

196 1816 296 1838 terram
319 1809 435 1843 largitus
449 1812 501 1836 est.
519 1808 571 1841 Qui
589 1809 673 1844 igitur
695 1816 750 1836 non
771 1816 859 1836 vanus
873 1808 918 1840 sit,
937 1807 984 1842 qui

196 1860 273 1883 tanta
291 1855 422 1882 beneficia
446 1860 587 1889 expertus,
612 1854 684 1882 idola
701 1855 798 1886 coluit,
825 1860 853 1883 et
876 1854 984 1882 arbitrii

196 1903 325 1930 libertate
336 1902 406 1929 male
417 1902 521 1929 abusus
530 1902 590 1929 est?
602 1910 611 1927 ‹
627 1901 685 1929 Etsi
695 1902 768 1929 enim
781 1902 872 1929 omnia
886 1902 981 1934 licent,

200 1956 256 1975 non
272 1948 365 1975 omnia
379 1953 468 1976 tamen
491 1947 661 1982 expediunt;
679 1955 767 1982 neque
781 1956 831 1983 ego
845 1950 872 1974 in
891 1948 982 1980 ullius,

204 1994 304 2028 inquit,
323 1993 428 2028 redigat
452 1997 616 2027 potestatem
640 1993 682 2026 “;
702 2002 711 2020 ι
727 1994 755 2020 id
770 1998 832 2027 est:
852 1993 904 2026 Qui
919 1993 985 2021 mihi

199 2039 351 2074 imperandi
367 2043 532 2074 potestatem
548 2039 652 2074 accepi.
671 2039 694 2066 si
709 2039 778 2066 meis
800 2039 859 2074 ipse
876 2039 984 2074 cupidi-

201 2085 301 2112 tatibus
319 2092 440 2119 paream,
463 2084 519 2119 jam
545 2085 632 2119 ipsam
650 2085 803 2120 imperandi
828 2085 984 2113 facultatem

200 2131 300 2163 amisi;
324 2130 371 2165 qui
398 2138 430 2158 eo
448 2130 507 2165 ipso
524 2138 539 2157 a
568 2130 694 2158 libertate
725 2131 882 2163 defecerint,
912 2131 985 2166 quod

199 2179 314 2205 aliorum
339 2177 467 2213 potestati
497 2185 542 2205 me
569 2177 626 2212 ipse
655 2177 832 2212 subjecerim.
851 2176 878 2205 id
895 2178 984 2213 ipsum

200 2229 291 2252 autem
308 2224 331 2251 si
351 2224 481 2259 paulatim
508 2223 714 2259 progrediatur,
732 2224 902 2258 voluptatum
922 2229 984 2251 tan-

199 2271 260 2298 dem
282 2269 481 2297 consuetudine
498 2270 531 2297 ad
556 2270 725 2304 impietatem
743 2270 876 2304 pervenit.
902 2269 985 2297 Nefa-

160 2338 171 2340 ..
201 2316 257 2343 rias
275 2315 348 2342 enim
361 2316 394 2341 de
409 2314 464 2342 Deo
483 2314 666 2350 cogitationes
685 2313 774 2349 parit;
793 2318 922 2349 tanquam
943 2322 985 2347 ea,

201 2369 261 2397 qum
274 2361 352 2393 fiunt,
368 2360 409 2387 vel
427 2361 544 2395 ignoret,
563 2360 605 2388 vel
623 2368 676 2387 non
701 2364 788 2388 curet.
809 2359 892 2388 Decet
905 2360 990 2395 igitur

1033 1584 1103 1612 αὐτὰ
1127 1584 1335 1619 Θεραπεύουσιν,
1356 1585 1394 1616 ὡς
1420 1585 1488 1620 μηδὲ
1513 1585 1577 1611 ὄντα
1594 1585 1674 1619 ἡνίκα
1702 1584 1751 1619 τὴν
1770 1584 1824 1618 γῆν

1033 1630 1247 1666 ὲκληροδότησεν
1267 1631 1375 1666 Ἰσραὴλ
1391 1631 1453 1662 τοὺς
1468 1630 1572 1657 τούτων
1584 1630 1724 1661 ἀπελάσας
1740 1639 1826 1664 προσ-

1036 1677 1165 1713 κυνητάς.
1191 1677 1252 1709 Πῶς
1276 1677 1322 1704 οὖν
1342 1677 1371 1703 οὐ
1394 1677 1508 1711 μάταιος
1532 1677 1600 1712 μετὰ
1620 1677 1754 1711 τοσαύτην
1769 1677 1825 1702 πεῖ.

1036 1731 1084 1758 ραν
1100 1722 1332 1757 εἰδωλολατρήσας
1356 1721 1448 1756 αὐτὸς,
1466 1723 1513 1748 καὶ
1533 1722 1571 1756 τῷ
1594 1721 1759 1756 αὐτεξουσίῳ
1776 1730 1826 1747 κα-

1035 1769 1090 1800 κῶς
1107 1769 1295 1803 χρησάμενος;
1315 1778 1323 1794 ι
1336 1768 1365 1794 El
1389 1769 1443 1803 γὰρ
1455 1769 1503 1795 καί
1525 1769 1614 1794 πάντα
1634 1768 1749 1799 ἔξεστιν,
1767 1767 1825 1794 ἀλλ’

1034 1815 1065 1841 οὐ
1091 1815 1180 1841 πάντα
1203 1816 1347 1850 συμφέρει.
1364 1815 1430 1841 Οὺὸὲ
1453 1815 1713 1850 ἐξουσιασθήσομαι,
1729 1815 1824 1850 φησὶν,

1035 1861 1088 1887 ὑπό
1114 1869 1198 1892 τινος.
1218 1870 1227 1886 ι
1255 1861 1332 1887 Τοῦτ’
1350 1860 1560 1895 ἔστιν,¹¹Λρχειν
1587 1859 1677 1895 λαχὼν
1704 1860 1824 1895 ἐμαυτοῦ

1035 1906 1083 1933 ἐὰν
1099 1907 1263 1940 ὑποταγείην
1278 1908 1333 1937 τοῖς
1350 1906 1459 1935 πάθεσι,
1473 1906 1520 1932 καὶ
1532 1906 1561 1932 τὸ
1575 1906 1669 1940 ἄρχειν
1685 1905 1823 1938 ἀπώλεσα,

1035 1953 1085 1987 τῆς
1102 1952 1259 1987 ἐλευθερίας
1281 1953 1411 1984 ἀποστὰς,
1434 1952 1466 1978 δι’
1491 1949 1527 1978 ὧν
1545 1952 1662 1986 ἐμαυτὸν
1692 1952 1826 1978 ὑπέϐαλον

1036 1996 1154 2032 ἐξουσίᾳ..
1171 1997 1257 2024 Τοῦτο
1283 1997 1311 2024 δὲ
1329 1998 1400 2024 κατὰ
1425 1998 1522 2034 μικρὸν
1547 1998 1638 2024 ὁδεῦον
1655 1999 1687 2032 τῇ
1703 1997 1757 2023 τῶν
1770 1997 1826 2031 ἡδο-

1035 2041 1088 2067 νῶν
1104 2042 1234 2077 συνηθείᾳ
1255 2043 1322 2076 πρὸς
1342 2042 1470 2068 ἀσέϐειαν
1492 2042 1610 2077 ἔρχεται.
1627 2042 1752 2076 Πονηρὰς
1772 2041 1826 2076 γὰρ

1037 2087 1164 2118 ὑπονοίας
1175 2087 1264 2113 τίκτει
1282 2087 1353 2113 κατὰ
1367 2087 1446 2118 Θεοῦ,
1465 2087 1501 2119 ὡς
1519 2088 1556 2122 μὴ
1583 2087 1683 2118 εἰδότος
1700 2086 1734 2113 τὰ
1758 2087 1827 2120 γινό-

1038 2140 1117 2167 μενα,
1136 2132 1152 2166 ἦ
1184 2131 1232 2158 καὶ
1257 2132 1466 2166 ἀδιαφοροῦντος
1488 2132 1533 2158 ἐπ’
1557 2132 1658 2162 αὐτοῖς.
1675 2132 1719 2157 Δεῖ
1738 2131 1827 2156 τοίνυν

1001 2195 1023 2222 D
1038 2177 1079 2211 ἐφ’
1093 2177 1211 2211 ἑκάστης
1229 2177 1365 2211 ἁμαρτίας
1385 2177 1419 2203 τά
1433 2185 1463 2202 τε
1485 2177 1554 2211 μέρη
1572 2177 1693 2207 σκοπεῖν,
1709 2176 1757 2201 καὶ
1778 2175 1827 2209 τὴν

1038 2221 1152 2248 ἀτοπίαν
1161 2221 1206 2247 τοῦ
1217 2222 1322 2253 τέλους,
1334 2222 1380 2248 καὶ
1389 2221 1565 2256 συναίσθησιν
1580 2221 1712 2252 λαϐόντας
1721 2222 1829 2254 αἰσχύ-

1039 2268 1144 2293 νεσθαι
1173 2267 1226 2301 πρό
1248 2275 1280 2300 γε
1301 2267 1355 2293 τῶν
1383 2267 1471 2294 ἄλλων
1500 2268 1624 2298 ἑαυτούς.
1657 2266 1742 2297 Αὐτὸς
1776 2266 1829 2301 γὰρ

1042 2312 1129 2347 ἐαυτῷ
1156 2321 1197 2344 τις
1226 2313 1260 2339 τὰ
1288 2313 1380 2340 εἰκότα
1404 2313 1594 2349 διαλεγόμενος
1627 2313 1772 2348 ὠφελεῖται
1796 2312 1831 2338 τὰ

1044 2359 1171 2395 μέγιστα.

202 2408 305 2440 peccati
321 2407 455 2442 cujusque
475 2412 579 2442 partes.
596 2407 739 2442 ipsamque
754 2407 817 2436 finis
852 2407 1052 2435 absurditatem
1100 2407 1220 2440 intueri;
1251 2409 1330 2436 decet
1356 2413 1384 2436 et
1421 2409 1481 2444 ejus
1508 2408 1692 2444 cognitionem
1718 2406 1830 2441 adeptos

203 2455 288 2483 nostri
301 2455 435 2491 imprimis
455 2463 505 2483 nos
521 2455 717 2490 pudore_aﬂici.
733 2454 826 2492 Neque
849 2455 920 2483 enim
941 2463 1036 2491 parum
1051 2455 1167 2490 juvatur
1199 2457 1324 2492 quisquis
1358 2465 1418 2492 qua:
1430 2457 1527 2484 rationi
1561 2460 1745 2484 consentanea
1779 2463 1829 2490 pn-

204 2507 253 2536 tat,
269 2510 361 2530 secum
381 2503 440 2537 ipse
459 2503 555 2536 agitat.

240 2549 319 2584 507
338 2547 422 2576 Vsus.
436 2548 478 2576 24-
487 2549 532 2576 28.
549 2548 593 2576 Sic
605 2548 671 2576 dicit
694 2549 833 2581 Dominus,
850 2549 895 2584 qui
913 2549 987 2576 rede-

203 2595 251 2621 mit
268 2598 304 2626 te,
324 2599 348 2621 et
365 2594 490 2628 [armarit
509 2601 532 2621 ξε
547 2602 580 2621 ea:
594 2599 670 2621 utero
685 2602 694 2620 ε
709 2594 764 2629 Ego
785 2594 927 2626 Dominus,
943 2595 988 2629 qui

204 2639 320 2675 compleo
340 2640 439 2667 omnia.
466 2639 581 2667 Extendi
605 2640 699 2667 caelum
726 2641 812 2672 solus,
830 2644 856 2667 et
881 2640 988 2674 ﬁrmavi

241 2707 264 2723 ’³
281 2705 332 2734 lsa.
347 2713 392 2738 XL,
409 2706 436 2734 9.
476 2706 499 2722 "
514 2706 522 2733 Ι
537 2705 601 2734 Cor.
619 2714 661 2740 v1,
683 2706 726 2733 12.

1077 2547 1183 2583 κδ’-κη’.
1202 2547 1283 2575 Οὕτω
1294 2548 1375 2581 λέγει
1394 2547 1502 2580 Κύριος
1523 2547 1539 2573 o'
1557 2545 1760 2580 λυτρούμενός
1783 2552 1830 2575 σε,

1041 2595 1090 2622 καὶ
1110 2594 1260 2621 πλάσσων
1274 2602 1311 2620 σε
1325 2593 1359 2620 ἐκ
1373 2593 1504 2625 κοι,ιι’(ις’
1528 2592 1600 2627 Ἐγὼ
1612 2591 1720 2626 Κύριος
1730 2592 1746 2618 ὁ
1760 2598 1833 2617 σω·-

1042 2639 1137 2667 τελῶν
1154 2639 1268 2668 πάντα·
1286 2638 1421 2671 ἐξέτεινα
1439 2639 1488 2665 τὸν
1515 2638 1606 2671 οὑραγ
1613 2635 1646 2663 ὸν
1664 2636 1768 2671 μόνος,
1783 2634 1834 2660 καὶ

862 2765 904 2792 VA
911 2764 976 2792 ΒΙΑΞ
994 2764 1198 2803 LECTIONES.

251 2826 273 2846 ⁸⁵
289 2834 334 2860 γρ.
348 2825 394 2852 τὸν
406 2824 514 2858 Ἰακὼϐ,
529 2825 574 2852 καὶ
595 2825 704 2861 Ἰσραὴλ
718 2824 884 2858 δεδόξασται.
