2002 3078
95 190 164 222 2ῐ13

659 190 927 221 COMMENTARII
941 190 984 220 ΙΝ
1007 190 1151 221 ISAIAM.

1645 188 1719 221 2414

95 246 265 279 ἑστερέωσα
291 245 350 281 τὴν
384 246 453 280 γῆν.
486 247 534 280 Τίς
560 245 661 280 ἕτερος
688 245 883 273 διασκεδάσει

939 250 1044 272 terram.
1068 245 1134 278 Quis
1161 245 1232 272 alius
1257 245 1397 280 dissipabit
1411 245 1487 280 signa
1514 243 1669 280 pythonam,
1696 250 1721 272 et

95 293 204 326 σημεῖα
224 292 478 326 ἐγγαστριμύθων,
499 291 549 318 καί
572 290 718 326 μαντείας
737 291 796 319 ἀπὸ
816 299 885 324 καρ-

95 337 182 370 δίας;
197 346 224 364 κ.
238 346 263 366 τ.
278 337 303 364 λ.

133 384 262 418 Ἔλεγχον
286 383 511 418 εἰδωλολατρείας
534 383 737 419 προεκθέμενος
763 383 778 410 ὀ
795 382 884 416 λόγος,

96 431 143 457 καὶ
158 430 195 462 ὡς
211 429 359 456 παύσονται
382 429 485 465 ταύτης
504 429 531 456 oi
553 429 601 462 τὴν
619 428 791 464 προφητικὴν
812 429 884 454 διδα-

97 477 210 503 σκαλίαν
224 476 395 511 ὠφελημένοι
408 484 414 490 ”
434 475 480 501 νῦν
492 476 543 511 τὴν
567 476 599 502 ἐκ
616 475 775 506 Βαϐυλῶνος
799 475 887 501 ἀπαλ-

96 523 182 558 λαγὴν
209 523 425 556 ἐπαγγέλλεται,
447 522 487 553 είς
513 522 602 556 ἥνπερ
628 521 886 556 είδωλολατροῦντες

97 568 279 603 ἀπήχθησαν,
303 564 388 602 οὗπερ
411 569 436 593 εἰ
461 567 613 593 παύσαιντο
641 566 704 599 νῦν,
729 567 886 602 ἐλευθερίαν

97 614 241 648 ὑπέσχετο.
286 613 398 648 Ἐπειδὴ
423 613 451 639 δὲ
467 613 532 649 περὶ
551 613 721 648 πραγμάτων
751 614 886 648 μεγίστων

97 661 215 685 ἐποιεῖτο
228 660 291 691 τοὺς
302 659 409 693 λόγους,
421 659 468 685 καὶ
482 657 515 694 ἦν
530 659 602 691 εἰκὸς
619 658 792 685 ἀπιστεῖσθαι
811 659 887 693 παρά

96 713 186 736 τινων,
199 705 311 736 εἰκότως
327 705 376 740 τὴν
389 704 456 731 ἰδίαν
472 704 623 740 ἀνεκήρυξε
636 704 761 739 δύναμιν.
776 705 887 730 Πάντων

97 751 152 785 γὰρ
165 750 202 776 ὣν
227 751 352 785 ποιητὴς,
369 751 415 777 καὶ
439 750 572 785 παράγων
592 750 620 783 ἐξ
636 750 686 776 οὐκ
708 750 803 781 ὅντων,
828 750 886 780 πῶς

97 798 147 824 οὑκ
170 797 203 824 ἂν
230 797 286 831 ἔχοι
312 797 410 832 ῥᾳδίως
429 797 497 831 ὅπερ
519 797 550 823 ἂν
567 797 653 823 ἐθέλοι
669 798 774 828 ποιεῖν;
795 793 887 828 Ὠςδὲ

97 842 226 869 τοιούτων
241 842 389 877 ἐσομένων,
403 842 449 868 καὶ
463 841 519 868 ἄνω
537 842 742 877 παρεκελεύετο
753 844 785 877 τῇ
799 842 887 868 κτίσει

97 888 247 922 δοξολογεῖν
269 888 315 914 τὸν
336 887 413 920 Θεὸν,
435 885 476 919 οἷς
496 887 651 919 ἀκολούθως
678 888 759 923 φησίν
772 896 779 903 ·
806 888 887 914 Οὕτω

97 936 178 969 λέγει
192 935 299 968 Κύριος
323 936 339 961 ὀ
358 933 591 968 λυτρωσάμενός
616 942 652 961 σε
674 934 721 960 καὶ
738 933 888 961 πλάσσων

97 990 135 1008 σε
149 982 183 1008 ἐκ
207 981 333 1012 wool/ag"
362 979 453 1016 [ὅπερ]
479 980 615 1015 Ἱερεμίας
635 980 769 1014 ἐδήλωσεν
790 979 886 1006 εἰπών.

103 1038 112 1053 ι
125 1027 179 1054 Καὶ
194 1027 301 1061 ἐγένετο
314 1027 392 1059 λόγος
407 1026 509 1062 Κυρίου
525 1026 593 1060 πρὸς
610 1034 644 1060 με
659 1024 755 1059 λέγων·
773 1025 828 1060 Πρὸ
840 1024 887 1051 τοῦ

100 1081 134 1107 με
163 1072 263 1098 πλάσαι
289 1080 317 1097 σε
345 1073 377 1098 ὲκ
403 1071 508 1102 κοιλίας
530 1070 680 1106 ἐπίσταμαί
707 1078 751 1096 σε·
769 1080 778 1096 ι
809 1070 888 1103 λόγον

99 1117 184 1144 εἰπὼν
199 1117 300 1152 Κυρίου
316 1116 360 1143 τὸν
372 1116 426 1143 τῶν
440 1117 511 1143 κατὰ
526 1116 642 1152 γαστρὸς
659 1116 887 1151 κυοφορουμένων

99 1163 281 1198 Δημιουργόν,
296 1160 352 1189 Εἶτ’
368 1162 461 1196 ἐπειδὴ
483 1163 547 1198 περὶ
563 1162 717 1196 ἐλευθερίας
746 1162 887 1197 πρόκειται

99 1209 197 1242 λόγος·
229 1209 435 1243 λυτρούμενον
468 1208 564 1234 ἑαυτὸν
591 1208 704 1240 εἰκότως
730 1207 886 1242 ὠνόμασεν,

101 1253 260 1288 σωματικὴν
286 1252 401 1280 πλάσιν
415 1252 452 1284 ὡς
468 1253 499 1288 δὴ
525 1254 690 1288 σωματικοῖς
713 1253 803 1285 λέξας.
817 1251 887 1286 Ἐγώ

101 1300 169 1334 είμι,
186 1300 278 1333 φησὶν,
297 1298 312 1324 ὸ
326 1299 357 1325 ἐκ
377 1298 476 1333 μικροῦ
493 1307 522 1324 σε
544 1298 666 1331 πλάσας
695 1298 886 1331 ὑποκειμένου,

101 1346 148 1372 καὶ
172 1345 209 1376 ὡς
236 1345 269 1370 ἐκ
300 1344 433 1380 σπηλαίου
467 1344 538 1375 τινὸς
569 1343 711 1378 ἐξαγαγὼν
737 1344 885 1376 σκοτεινοῦ,

103 1391 187 1426 μηδὲν
205 1391 268 1425 περὶ
281 1390 376 1417 τούτου
396 1390 449 1417 τῶν
464 1390 566 1424 γονέων
585 1390 705 1422 εἰδότων,
725 1389 791 1425 ἐμοῦ
809 1390 838 1416 δὲ
858 1390 889 1416 τὸ

102 1437 240 1463 πλησθὲν
268 1437 478 1471 ὑποστήσαντος.
502 1437 534 1463 Et
557 1436 586 1463 δὲ
611 1436 726 1472 σμικρόν
753 1445 793 1462 σοι
809 1436 888 1463 τοῦτο

102 1483 171 1517 πρὺς
188 1482 262 1508 θείαν
280 1483 404 1517 φαίνεται
423 1482 547 1516 δύναμιν,
565 1482 660 1508 σκόπει
674 1481 722 1508 τοῦ
736 1482 839 1517 κόσμου
854 1483 888 1509 τὰ

104 1528 221 1562 μέγιστα
247 1527 327 1554 πόθεν
351 1527 414 1562 ἔσχε
438 1528 486 1562 τὴν
503 1527 631 1563 ὕπαρξιν,
649 1527 722 1554 καθά
747 1536 813 1562 φησι
840 1528 888 1555 καὶ

935 290 1110 317 divinationes
1125 291 1156 317 de
1173 290 1273 318 corde?
1289 294 1344 318 etc.

972 387 1054 422 508
1071 387 1200 422 Exposita
1220 388 1295 422 prius
1311 387 1472 414 morolatrite
1495 384 1721 421 reprehensronc,

937 441 1016 468 quam
1028 433 1148 460 relicturi
1163 439 1237 465 sunt,
1249 434 1293 468 qui
1310 433 1470 468 prophetica
1483 432 1627 467 disciplina
1645 432 1717 458 aucti

937 482 1014 510 sunt,
1036 478 1197 514 Babylonica
1215 479 1270 512 jam
1289 487 1336 506 eos
1350 479 1491 510 servitute,
1502 479 1527 504 in
1543 485 1594 512 qua
1610 481 1723 512 propter

938 526 1073 553 idolorum
1092 526 1194 552 cultum
1205 525 1408 556 detinebantur,
1417 524 1439 550 si
1451 523 1544 551 eodem
1554 523 1722 553 abstineant.

938 571 1082 598 liberatum
1105 571 1155 604 iri,
1184 571 1350 605 domumque
1379 577 1540 597 reversnros
1568 569 1722 604 pollicetur.

937 616 1072 649 Quoniam
1088 621 1177 643 autem
1196 616 1324 643 maximis
1349 615 1383 642 de
1400 615 1481 642 rebus
1498 622 1651 642 sermonem
1673 614 1722 641 ha-

938 663 1053 693 buerat,
1077 669 1126 689 nec
1143 669 1239 689 omnes
1265 660 1420 688 credituros
1439 668 1501 688 esse
1519 661 1571 687 sibi
1590 660 1721 694 putabat,

938 715 1016 734 suam
1032 707 1089 742 ipse
1104 707 1200 733 merito
1218 706 1379 741 potentiam,
1398 713 1517 740 suasque
1533 706 1606 732 vires
1618 705 1722 739 deprec-

938 752 1049 779 dicavit.
1061 752 1128 779 Cum
1146 753 1218 779 enim
1235 758 1326 778 rerum
1348 751 1469 778 omnium
1485 754 1582 777 auctor
1599 751 1645 782 sit,
1661 758 1723 777 eas-

938 805 991 832 que
1013 798 1047 824 de
1072 797 1158 824 nihilo
1184 797 1356 832 produxerit,
1380 796 1427 831 qui
1445 804 1500 823 non
1528 797 1625 830 possit,
1649 795 1722 830 quod

938 843 1014 875 velit,
1037 842 1144 870 efﬁcere
1163 842 1261 869 facile?
1277 841 1417 876 Tanquam
1431 846 1521 868 autem
1535 846 1626 868 essent
1640 849 1722 868 even-

939 895 999 917 tura
1016 890 1091 922 talia,
1108 889 1189 916 etiam
1206 895 1288 922 supra
1305 888 1337 914 ad
1355 887 1400 914 Dei
1423 887 1518 914 laudes
1533 887 1722 922 praedicandas

940 943 1092 963 creaturam
1112 935 1273 962 adhortatus
1299 939 1362 962 est:
1393 934 1493 968 quibus
1508 934 1564 968 jam
1589 934 1662 960 bono
1678 941 1723 960 or-

940 983 1002 1008 dine
1020 981 1115 1015 adjicit
1130 990 1137 1007 :
1161 980 1206 1008 Sic
1219 980 1284 1006 dicit
1302 980 1444 1013 Dominus,
1460 980 1504 1014 qui
1522 979 1631 1006 redemit
1648 984 1681 1011 te,
1697 983 1722 1006 et

939 1028 983 1063 qui
995 1027 1118 1063 formavit
1131 1031 1153 1053 te
1168 1034 1200 1053 ex
1214 1033 1298 1052 utero.
1323 1025 1401 1058 Quod
1422 1025 1556 1052 Jeremias
1581 1025 1722 1056 indicavit,

939 1082 1001 1101 eum
1019 1074 1077 1100 ait:
1101 1082 1110 1098 ι
1132 1072 1165 1099 Et
1185 1073 1285 1099 factum
1298 1077 1340 1099 est
1356 1072 1468 1099 verbum
1491 1070 1598 1098 Domini
1623 1071 1656 1098 ad
1680 1078 1724 1098 me

938 1120 1032 1147 dicens
1047 1127 1053 1145 :
1071 1119 1224 1153 Antequam
1239 1124 1290 1152 ego
1308 1117 1455 1144 formarent
1469 1120 1495 1143 te
1510 1124 1543 1143 ex
1554 1121 1642 1148 utero,
1660 1116 1723 1143 novi

939 1171 965 1193 te
974 1168 1016 1198 '5;
1035 1175 1044 1192 ι
1065 1166 1176 1192 verbum
1196 1163 1303 1191 Domini
1326 1164 1400 1190 enim
1418 1163 1570 1198 appellans,
1596 1163 1642 1197 qui
1674 1170 1723 1190 eo-

938 1220 1010 1244 rum,
1031 1212 1076 1246 qui
1093 1216 1210 1238 malrum
1237 1214 1315 1237 utero
1337 1209 1503 1236 clauduntur
1522 1208 1612 1236 adhuc
1629 1209 1725 1236 condi-

940 1263 982 1285 tor
1001 1257 1046 1284 sit.
1064 1257 1176 1287 Deinde.
1197 1256 1328 1290 quoniam
1352 1255 1385 1282 de
1402 1255 1528 1282 libertate
1554 1262 1645 1282 sermo
1669 1259 1723 1286 est,

940 1302 1129 1336 redemptorem
1145 1308 1175 1328 se
1193 1300 1291 1327 merito
1313 1299 1458 1334 appellavit
1472 1307 1479 1331 ;
1497 1297 1586 1333 deque
1599 1299 1725 1332 corporis

939 1348 1098 1382 formatione
1117 1347 1235 1377 loculus,
1252 1345 1315 1380 quia
1330 1352 1393 1371 eum
1415 1343 1555 1379 corporeis
1569 1343 1625 1378 agit
1641 1354 1647 1370 :
1667 1343 1725 1378 lpsu

939 1401 1012 1425 sum,
1030 1393 1128 1426 inquit,
1146 1392 1192 1426 qui
1208 1395 1234 1418 te
1250 1399 1282 1418 ex
1300 1398 1383 1425 parvo
1400 1390 1533 1425 principio
1554 1389 1678 1424 formavi,
1698 1394 1725 1416 et

940 1445 1068 1473 tumluam
1091 1438 1125 1465 de
1141 1438 1287 1464 tenebroso
1304 1444 1388 1471 specu
1414 1436 1507 1471 aliquo
1526 1436 1626 1467 eduxi;
1651 1435 1723 1470 quod

940 1486 1048 1520 penitus
1062 1485 1223 1519 ignorarunt
1243 1483 1436 1518 progenitores
1452 1482 1512 1514 tui;
1533 1489 1596 1508 cum
1615 1482 1724 1509 interim

939 1531 1011 1565 quod
1024 1530 1167 1565 formatum
1183 1533 1243 1556 erat
1260 1528 1454 1563 producerem.
1474 1527 1551 1560 Quod
1567 1528 1591 1555 si
1607 1527 1655 1554 tibi
1668 1527 1725 1554 leve

103 1573 202 1599 Δαϐίδ·
226 1582 236 1598 ι
259 1573 288 1599 '0
304 1573 432 1599 ἐκτείνων
455 1573 500 1599 τὸν
524 1573 639 1608 οὐρανὸν
659 1573 725 1599 ὡσεὶ
751 1573 852 1608 δέρῤιν.
876 1582 886 1599 ›

941 1576 1012 1603 istud
1028 1575 1061 1602 ad
1088 1574 1186 1601 divina:
1204 1573 1314 1600 virtutis
1338 1573 1566 1608 signiﬁcationem
1593 1576 1724 1606 putatur,

104 1619 157 1645 Καὶ
172 1619 261 1645 πάλιν·
278 1627 287 1644 ι
299 1618 477 1653 Ἐθεμελίωσε
489 1619 539 1654 τὴν
552 1619 602 1653 γῆν
613 1619 659 1645 ἐπὶ
678 1619 727 1653 τὴν
738 1619 889 1653 ἀσφάλειαν

103 1665 198 1700 αὐτῆς.
215 1675 225 1691 ι
251 1664 326 1691 Ἀντὶ
354 1665 383 1691 δὲ
413 1665 460 1691 τοῦ
484 1666 501 1692 ὁ
523 1664 691 1698 συντελῶν,
715 1667 732 1692 ὁ
758 1665 889 1698 ποιήσας

103 1710 239 1743 ἐξέδωκαν
257 1711 281 1736 οἱ
298 1710 396 1737 λοιποί.
412 1720 420 1736 ι
434 1711 524 1737 Πάντα
542 1712 596 1746 γὰρ
617 1711 650 1737 δι’
665 1711 748 1738 αὐτοῦ
770 1712 888 1745 ἐγένετο,

103 1758 150 1784 καὶ
161 1758 245 1792 χωρὶς
259 1757 341 1783 αὐτοῦ
353 1758 460 1791 ἐγένετο
476 1757 563 1784 οὐδέν.
579 1767 588 1782 ι
606 1758 678 1789 Ὅτι,
696 1767 704 1783 ι
716 1758 802 1790 Αὐτὸς
816 1756 887 1791 εἷπε,

102 1804 150 1829 καὶ
167 1803 347 1838 ἐγενήθησαν.
364 1803 450 1834 Αὐτὸς
466 1803 627 1835 ἐνετείλατο,
639 1804 686 1830 καὶ
694 1804 886 1839 ἐκτίσθησαν.»

108 1848 138 1875 '0
147 1849 174 1875 δὲ
189 1848 315 1880 τοσοῦτος
330 1849 355 1875 τί
367 1849 494 1884 ἐποίησεν
503 1849 573 1876 κατὰ
586 1849 699 1885 καιροὺς
715 1850 887 1885 ἐπενήνοχεν,

101 1894 140 1926 ὡς
162 1895 258 1922 ἀπολεῖ
279 1895 327 1926 τὰς
345 1895 483 1930 πανταχοῦ
498 1896 641 1930 μαντείας
658 1896 705 1922 καὶ
718 1895 752 1922 τὰ
770 1897 889 1931 χρηστή-

104 1949 150 1975 ρια
173 1941 206 1966 δι’
233 1938 270 1966 ὦν
295 1941 319 1967 οξ
344 1940 470 1975 δαίμονες
494 1941 654 1975 ὲιρενάκιζον
682 1942 743 1973 τοὺς
766 1942 822 1977 πρὸ
840 1942 890 1977 τῆς

102 1985 222 2020 Χριστοῦ
241 1986 402 2018 παρουσίας,
416 1986 555 2013 εἱδέναιτὸ
579 1987 675 2021 μέλλον
699 1987 888 2022 πλαττόμενοι,

104 2031 150 2057 καὶ
164 2031 199 2057 τὰ
213 2031 273 2062 ταῖς
292 2031 417 2066 καρδίαις
431 2031 603 2066 ἐπερχόμενα
616 2031 739 2065 λέγοντες
752 2039 759 2046 '
774 2032 838 2066 περὶ
852 2029 890 2060 ὧν

103 2078 223 2112 ἔφασκεν
266 2077 397 2113 ’ῐεζεκιήλ
421 2087 429 2095 ·
457 2087 466 2103 ι
490 2079 558 2105 Οὐαὶ
584 2080 640 2110 τοῖς
670 2079 888 2114 προφητεύουσιν

103 2125 157 2150 ἀπὸ
181 2123 294 2158 καρδίας
323 2122 434 2156 αὐτῶν,
469 2123 517 2150 καὶ
556 2124 586 2150 τὸ
613 2123 727 2151 καθόλου
760 2124 797 2160 μὴ
829 2124 890 2159 βλέ-

103 2177 192 2196 πουσι.
213 2179 222 2194 ι

137 2303 319 2330 Διεσκέδασε
348 2303 377 2329 δὲ
400 2303 486 2330 ταῦτα
508 2303 555 2330 καὶ
579 2302 619 2339 τῷ
642 2303 758 2336 παῦσαι,
782 2303 830 2330 καὶ
850 2303 888 2340 τῷ

103 2352 191 2377 ποιεῖν
205 2350 222 2376 ἆ
236 2350 309 2375 ἐστιν
323 2349 438 2381 ἐκείνοις
453 2349 625 2385 ἀτέκμαρτα,
638 2350 685 2376 καὶ
695 2350 886 2384 ἀπρόγνωστα.

112 2394 365 2429 ’Λπεστράφησαν
379 2394 406 2421 δὲ
421 2395 469 2421 καὶ
484 2396 630 2429 φρόνιμοι.
647 2395 797 2430 Φρονίμους
810 2396 888 2422 καλεί

101 2442 164 2473 τοὺς
180 2441 244 2476 παρ’
260 2440 373 2476 Ἕλλησι
386 2441 494 2475 σοφοὺς,
512 2437 549 2467 ὧν
562 2441 712 2475 ἐμώρανεν
725 2442 774 2476 τὴν
790 2443 886 2476 σοφίαν

100 2487 140 2522 τῷ
159 2487 208 2521 τῆς
229 2487 359 2519 ἀληθείας
375 2486 545 2521 διαμαρτεῖν,
566 2487 701 2522 ἀχρήστου
722 2487 772 2522 τῆς
790 2489 819 2513 ὲν
835 2487 884 2513 αὐ-

99 2534 157 2564 τοῖς
169 2532 377 2568 ἀποδειχθείσης
399 2532 505 2567 σοφίας.
516 2532 618 2568 ψυχικὴ
633 2533 687 2568 γὰρ
702 2531 746 2568 ἦν,
762 2534 808 2559 καὶ
823 2534 886 2560 ὲπί-

100 2587 185 2613 γειος,
212 2578 402 2614 δαιμονιώδης,
419 2578 451 2613 ἦν
474 2579 521 2604 καὶ
542 2580 556 2604 ὀ
581 2578 683 2609 Παῦλος
707 2580 887 2614 μεμωράνθαι

100 2625 193 2659 φησιν’
207 2625 291 2660 ἤγουν
323 2625 387 2656 τοὺς
403 2625 517 2660 μάγους.
533 2625 635 2659 Σοφοὺς
650 2627 703 2660 γὰρ
717 2626 764 2652 καὶ
775 2626 888 2658 τούτους

98 2670 225 2698 ἐκάλουν.
249 2669 341 2696 Ταῦτα
363 2670 411 2704 μὲν
427 2669 473 2696 οὗν
488 2670 667 2697 διασκεδάσω.
688 2671 741 2697 Τοῦ
764 2671 792 2697 δὲ
814 2672 887 2706 ἐμοῦ

105 2716 173 2742 Tim?
189 2716 235 2742 καὶ
248 2715 378 2751 Χριστοῦ,
395 2716 459 2751 περὶ
470 2712 500 2744 οὗ
516 2716 600 2742 πολλὰ
611 2718 747 2750 προεῖπον,
764 2717 813 2745 καί
828 2718 888 2744 τῶν

98 2761 235 2796 ἀγγέλων
245 2762 339 2789 αὐτοῦ
353 2761 408 2788 τῶν
422 2762 592 2796 ἀποστόλων,
607 2763 712 2797 στήσω
723 2765 758 2792 τὰ
767 2765 888 2799 ῥήματὰ

99 2817 132 2834 τε
146 2809 194 2835 καὶ
209 2808 268 2843 τὴν
279 2809 413 2844 βουλήν.
433 2809 563 2844 Ῥήματα
576 2809 604 2836 δὲ
619 2810 738 2846 Χριστοῦ
757 2812 788 2838 τὺ
800 2813 888 2847 σωτή-

136 2866 160 2881 ⁹⁸
179 2865 279 2894 Jcrem.
296 2875 322 2900 ι,
337 2867 363 2894 5.
402 2867 510 2894 "Psal.
529 2875 595 2900 cur,
617 2869 642 2896 2.
700 2871 722 2886 ³⁷
749 2871 814 2899 ibid.
836 2873 862 2899 ὕ.

101 2900 183 2928 ‘Jac.
196 2910 237 2934 ιιι,
257 2902 298 2930 l5.
336 2903 345 2918 ³
366 2902 444 2930 Bonl.
461 2911 480 2934 ι,
498 2903 543 2930 ἓέῖ.

941 1622 1058 1648 maxima
1075 1621 1132 1651 illa.
1148 1628 1208 1654 qua:
1224 1620 1250 1646 in
1268 1619 1370 1646 mundo
1388 1623 1463 1651 sunt,
1488 1619 1561 1646 unde
1578 1618 1724 1649 exsistant,

941 1668 1059 1694 intuere.
1075 1666 1144 1693 Audi
1172 1666 1307 1693 dicentem
1333 1665 1480 1692 Davidem:
1501 1673 1511 1690 ι
1530 1664 1580 1697 Qui
1599 1664 1724 1692 extendis

940 1713 1050 1745 coelum,
1075 1714 1146 1739 sicut
1173 1711 1269 1746 pellem
1291 1710 1325 1737 ".
1351 1720 1359 1736 ι
1375 1710 1440 1738 [tem
1459 1719 1466 1737 :
1485 1720 1494 1735 ‹
1521 1710 1573 1743 Qui
1601 1710 1725 1737 fundavit

940 1763 1041 1785 terram
1058 1765 1140 1791 super
1156 1757 1332 1784 stabilitatem
1353 1763 1430 1783 suam
1458 1756 1493 1783 ".
1519 1765 1529 1782 ι
1550 1756 1610 1789 Quo
1625 1756 1725 1785 deinde

940 1805 1010 1836 loco,
1027 1805 1071 1839 qui
1086 1803 1201 1837 compleo
1219 1803 1361 1833 habemus,
1382 1802 1428 1837 qui
1441 1802 1491 1836 feci
1510 1801 1726 1838 interpretantur

940 1851 998 1878 alii.
1018 1859 1027 1876 ι
1049 1850 1146 1877 Omnia
1163 1850 1235 1876 enim
1261 1856 1309 1883 per
1323 1849 1409 1883 ipsum
1425 1847 1495 1875 facta
1520 1853 1593 1881 sunt,
1619 1854 1645 1875 et
1665 1849 1725 1876 sine

940 1897 1001 1932 ipso
1017 1896 1117 1923 factum
1133 1899 1174 1922 est
1189 1895 1254 1921 nihil
1271 1895 1303 1926 ⁸³,
1322 1903 1330 1918 ι
1348 1895 1480 1928 quoniam
1495 1903 1504 1919 ι
1526 1894 1588 1929 Ipse
1602 1894 1684 1925 dixit,
1699 1899 1726 1922 et

940 1943 1011 1970 facta
1034 1946 1117 1974 sunt;
1139 1942 1197 1976 ipse
1214 1940 1363 1973 mandavit,
1391 1944 1418 1967 et
1450 1944 1542 1967 creata
1568 1946 1632 1967 sunt
1658 1941 1691 1966 ’³.
1714 1950 1723 1964 ι

940 1988 1045 2015 Tantus
1063 1991 1153 2014 autem
1174 1986 1239 2020 quid
1265 1985 1396 2020 deinceps
1422 1985 1594 2020 prasstiterit,
1612 1986 1724 2013 intulit:

940 2041 1002 2060 cum
1019 2041 1059 2066 se,
1081 2041 1142 2068 quae
1157 2032 1259 2066 ubique
1275 2035 1381 2062 essent,
1395 2031 1583 2063 divinationes,
1601 2031 1682 2066 509
1698 2036 1727 2058 et

941 2079 1051 2106 oracula
1069 2079 1220 2106 deletur-um
1248 2077 1435 2111 signiﬁcavit:
1463 2077 1563 2111 quibus
1588 2076 1726 2104 daemones

941 2130 1003 2153 ante
1018 2124 1120 2152 Christi
1141 2124 1286 2150 advi'ntum
1309 2123 1398 2150 futura
1419 2131 1458 2154 se,
1477 2124 1632 2158 mentisque
1651 2124 1727 2158 cogi-

941 2173 1059 2199 lationes
1085 2171 1235 2206 intelligere
1261 2169 1409 2204 ﬁngebant.
1429 2169 1465 2196 De
1497 2170 1599 2203 quibus
1624 2175 1651 2197 et
1679 2170 1726 2197 illa

941 2221 1005 2244 sunt
1024 2215 1198 2242 Ezechielis:
1224 2224 1234 2239 ‹
1254 2213 1300 2240 Va:
1331 2214 1558 2248 prophetantibus
1584 2214 1618 2241 de
1643 2215 1727 2242 corde

903 2251 925 2279 Β
941 2269 1001 2292 suo,
1016 2264 1043 2287 et
1061 2259 1171 2286 omnino
1188 2267 1243 2285 non
1257 2259 1414 2286 videntibus
1430 2259 1450 2285 ‘.
1469 2268 1478 2284 ι

975 2307 1029 2334 lsta
1044 2312 1107 2332 vero
1134 2304 1270 2338 dissipavit
1286 2311 1295 2330 :
1311 2305 1409 2338 partim
1440 2305 1502 2338 quia
1516 2312 1626 2332 cessare
1652 2305 1727 2336 fecit,

939 2354 1037 2389 partim
1051 2351 1123 2387 quod
1138 2359 1170 2378 ea
1184 2355 1311 2385 operatus
1322 2353 1373 2382 est,
1387 2358 1448 2384 qua:
1470 2350 1519 2384 ipsi
1550 2351 1632 2378 nullis
1661 2359 1728 2378 con-

937 2397 1053 2432 iecturis
1070 2396 1178 2430 assequi
1192 2399 1221 2422 ct
1236 2395 1365 2430 praescire
1387 2400 1544 2429 potuerunt.
1556 2396 1648 2423 Aversi
1666 2402 1727 2424 sunt

939 2451 1022 2478 porro
1036 2448 1061 2469 et
1074 2442 1212 2476 prudentes
1225 2450 1233 2474 ;
1248 2450 1302 2476 quo
1315 2441 1424 2468 nomine
1440 2441 1596 2469 Grmcornm
1616 2444 1726 2478 sapien-

939 2494 980 2517 tes
992 2488 1126 2523 intelligit,
1141 2495 1256 2523 quorum
1273 2487 1434 2521 sapientiam
1462 2495 1494 2514 eo
1522 2487 1581 2522 ipso
1595 2489 1667 2523 quod
1681 2497 1728 2516 ve-

939 2536 1020 2562 ritate
1033 2534 1203 2566 exciderunt,
1218 2534 1246 2560 in
1259 2533 1403 2560 stultitiam
1417 2535 1587 2560 commutavit
1603 2543 1612 2566 ;
1627 2535 1652 2562 id
1674 2541 1727 2566 est.

940 2581 1062 2608 inutilem
1077 2587 1137 2607 esse
1152 2579 1429 2614 detuonstravittErat
1443 2579 1516 2606 enim
1533 2580 1660 2608 animalis
1671 2582 1726 2615 illa,

939 2633 1058 2658 terrena,
1072 2630 1099 2653 et
1127 2625 1259 2652 diabolica
1281 2626 1304 2658 ’,
1331 2633 1412 2660 quam
1438 2626 1538 2653 Paulus
1568 2626 1728 2656 infatuatam

939 2681 1001 2701 esse
1013 2672 1148 2707 signiﬁcat
1161 2671 1182 2706 ³)
1201 2681 1207 2698 ;
1223 2671 1264 2698 vel
1277 2676 1351 2698 certe
1367 2678 1460 2705 magos
1480 2671 1553 2703 illos,
1569 2674 1637 2707 qu'os
1663 2675 1727 2702 item

940 2721 1076 2754 sapientes
1088 2718 1270 2753 appellabant.
1281 2717 1335 2745 Ista
1353 2717 1445 2752 igitur,
1459 2717 1557 2752 inquit,
1578 2719 1728 2755 dissipabo.

942 2765 1057 2800 Filiique
1070 2765 1130 2796 mei,
1147 2764 1173 2791 id
1190 2769 1232 2792 est
1246 2763 1348 2791 Christi
1366 2763 1411 2798 (de
1425 2771 1480 2798 quo
1494 2766 1622 2799 superius
1643 2774 1657 2793 a
1685 2775 1729 2795 me

942 2816 1007 2840 sunt
1025 2813 1099 2839 dicta
1111 2811 1256 2847 permulta)
1270 2815 1294 2837 ει
1307 2810 1460 2845 angelorum
1476 2812 1552 2846 ejus;
1568 2812 1594 2839 id
1609 2817 1651 2840 est
1661 2821 1728 2849 apo-

914 2873 935 2888 "
949 2872 1028 2900 .Ioau.
1048 2881 1075 2906 ι,
1094 2872 1122 2899 5.
1159 2871 1181 2886 ’θ
1202 2871 1274 2898 Psal.
1298 2877 1391 2902 xxxn,
1405 2870 1432 2897 9.
1472 2871 1480 2886 '
1499 2870 1598 2898 Ezccli.
1614 2879 1678 2905 xm,
1696 2872 1729 2900 Π
