2002 3078
250 165 321 199 2415

917 166 1090 197 ΡΠΟΟΟΙἾΙ
1122 168 1241 199 (ΙΑΖΕΙ

1816 169 1888 202 2416

250 223 394 255 stolorum,
409 222 486 250 verba
499 226 524 249 et
535 221 674 249 consilium
686 221 811 256 firmabo.
823 220 874 248 Ubi
891 228 940 254 per
954 221 1043 253 verba,

1097 229 1155 256 ριον
1176 223 1318 258 κήρυγμα,
1335 222 1438 257 Bauli;
1455 222 1483 249 δὲ
1507 223 1560 249 τῶν
1583 223 1718 258 ἀγγέλων
1741 224 1846 256 αὐτοῦ,
1859 225 1890 250 τὸ

249 270 397 297 salutarem
426 267 528 294 Christi
557 267 780 302 praedicationem
813 266 969 307 intellexit;
997 274 1046 302 per

249 315 389 343 consilium
403 319 493 341 autem
507 314 661 348 angelorum
677 312 744 347 ejus,
759 312 824 339 illud
843 312 944 348 ipsum,
960 313 1046 347 quod,

250 360 355 389 scelere
367 364 394 388 et
409 367 503 387 errore
517 359 632 391 relictis,
647 359 679 386 ad
708 359 845 386 veritatem
860 362 887 386 et
915 359 1045 386 virtutem

249 414 345 435 omnes
358 409 548 434 accurrerunt.
566 405 620 441 Ego
639 412 716 437 vero,
742 405 843 440 inquit,
860 405 906 440 qui
932 404 985 433 ista
1004 404 1045 432 l'a-

249 457 344 481 eturus
357 460 429 484 sum.
445 452 502 486 jam
521 451 583 478 inde
598 451 755 486 prmnuntio
774 455 801 479 et
816 451 949 486 polliceor
963 450 1045 478 Jeru-

249 499 333 526 salem
357 507 402 526 me
415 506 429 526 a
443 498 600 534 Babyloniis
632 505 767 530 eversam,
783 497 914 532 ipsasque
941 496 1046 525 Judme

250 545 369 572 civitates
386 545 611 577 iustauraturum,
623 543 748 579 ejusque,
763 547 893 579 tanquam
913 551 928 570 a
944 543 1046 578 princi-

250 590 306 626 pio,
321 590 426 617 deserta
444 591 626 618 restituturum
639 598 649 616 :
667 589 721 616 imo
736 589 862 616 vitiorum
888 588 1047 624 multiplici-

249 641 344 667 tatem,
364 645 424 671 qua:
437 636 527 671 abyssi
551 637 662 663 nomine
689 635 873 670 signiﬁcatur,
902 635 1044 662 desolatu-

249 690 332 716 rum;
352 683 572 718 Bahylouemque
589 682 690 709 civium
720 681 842 720 alioquin
862 681 952 716 copia,
981 685 1044 708 tan-

249 736 330 763 quam
340 728 418 763 aquis
429 728 503 762 ﬂuvii
512 728 709 759 abundantem.
717 727 826 763 penitus
835 727 1044 755 exsiccaturum.

247 774 377 802 Nonnulli
396 779 486 802 tamen
500 782 548 808 per
563 773 702 809 abyssum,
721 774 815 809 populi
848 773 1044 808 frequentiam,

249 821 297 855 qui
312 820 461 856 Babylonia
476 820 680 852 continebatur,
699 820 777 847 innui
792 823 958 855 putaverunt
973 827 980 846 :
996 826 1044 854 per

249 867 344 901 ﬂuvios
361 870 464 897 autem,
478 872 572 902 gentes
586 866 614 893 in
630 866 753 894 eamdem
779 865 958 898 conﬂuentes,
977 873 1045 901 quas

1099 269 1294 304 παυσαμένους
1313 269 1418 300 πάντας
1438 269 1537 300 κακίας
1558 269 1606 296 καὶ
1622 270 1727 306 πλάνης
1751 271 1890 305 προσδρα-

1099 314 1160 348 μεῖν
1182 314 1309 347 ἀληθείᾳ
1323 314 1370 340 καὶ
1393 314 1488 349 ἀρετῇ.
1514 314 1586 348 Ἐγὼ
1605 314 1634 341 δὲ
1650 316 1663 341 ὁ
1683 315 1769 341 ταῦτα
1786 315 1891 349 μέλλων

1097 360 1197 392 ποιεῖν,
1215 359 1341 386 ἐντεῦθεν
1353 359 1404 395 ἤδη
1418 360 1546 395 προλέγω
1556 360 1603 386 καὶ
1622 360 1841 394 ἐπαγγέλλομαι,
1851 360 1891 391 ῶς

1097 405 1304 441 ἀνοικοδομήσω
1320 406 1370 441 τὴν
1392 406 1593 441 Ἰερουσαλὴμ
1609 407 1642 441 ἣν
1660 407 1669 426 ί
1691 407 1744 433 ὑπὸ
1759 407 1890 433 Βαθυλω-

1096 451 1161 478 νίων
1184 452 1396 487 καθῃρημένην
1413 453 1461 480 καὶ
1477 452 1530 486 τὰς
1552 453 1657 485 πόλεις
1665 452 1720 487 τῆς
1735 453 1889 486 Ἰουδαίας,

1096 495 1130 534 ἧς
1142 498 1180 530 ὡς
1199 498 1228 531 ἐξ
1244 499 1332 535 ἀρχῆς
1345 499 1380 526 τὰ
1391 499 1485 534 ἔρημα
1498 500 1579 526 πάλιν
1589 500 1789 533 συστήσεται.
1809 499 1890 526 Ἀ).λὰ

1096 544 1144 570 καὶ
1167 543 1217 579 τὴν
1239 543 1427 579 πολυπληθίαν
1446 545 1496 580 τῆς
1510 545 1610 576 κακίας
1629 545 1768 571 ἄϐυσσον
1787 545 1890 579 ὀνομασ

1097 589 1217 623 ζομένην
1241 589 1345 625 ἔρημον
1373 591 1549 625 καταστήσω.
1576 591 1632 617 Καὶ
1659 591 1709 626 τὴν
1729 591 1890 620 Βαὸυλῶνα.

1095 634 1146 670 τὴν
1163 634 1296 670 πλήθεσιν
1317 636 1469 672 οἰκητόρων
1483 636 1521 667 ὼς
1541 637 1685 671 ποταμοῖς
1709 637 1892 672 διαρρέουσιν

1097 681 1228 716 ξηρανῶ,
1249 682 1336 717 πέρας
1349 683 1442 714 αὐτοῖς
1467 682 1581 715 ἐπιθείς.
1599 683 1678 715 Τινὲς
1699 683 1727 710 δὲ
1752 683 1894 710 ἄϐυσσον

1098 727 1148 762 μὲν
1157 727 1188 754 τὸ
1199 729 1416 764 πολυάνθρωπον
1428 729 1554 764 εἰρῆσθαι
1565 729 1616 764 τῆς
1628 729 1801 761 Βαϐυλωνίας
1813 729 1891 763 φασί.

1095 775 1253 810 Ποταμοὺς
1268 775 1308 807 δὲ,
1324 775 1360 802 τὰ
1376 777 1415 807 είς
1425 776 1511 811 αὐτὴν
1526 777 1690 812 ἐπιρρέοντα
1715 777 1768 802 τῶν
1792 775 1891 808 ἐθνῶν,

1096 820 1114 848 ἃ
1131 821 1213 856 πέριξ
1226 821 1311 856 αὐτῆς
1323 821 1388 848 ὄντα
1404 822 1472 856 πρὸς
1483 823 1645 857 ἐπικουρίαν
1657 822 1797 853 ἐκάλεσεν,
1813 821 1892 854 ἔθους

1096 865 1172 897 ὄντος
1186 865 1326 902 Γραφικοῦ
1346 867 1506 901 ποταμοὺς
1515 867 1563 893 καὶ
1575 866 1715 898 θαλάσσας
1730 867 1777 893 καὶ
1793 866 1891 898 ὕδατα,

249 913 369 948 undique
397 913 424 940 in
445 913 576 940 auxilium
605 913 809 946 accersiverat;
829 920 891 940 cum
913 913 941 940 in
968 920 1044 940 more

1099 912 1186 939 πολλὰ
1199 912 1294 939 καλεῖν
1305 912 1380 948 ἔθνη.
1389 913 1470 947 Λέγει
1488 913 1543 948 γὰρ
1560 913 1606 939 καὶ
1619 913 1712 939 Δαϐίδ·
1726 923 1734 939 ι
1746 913 1823 949 Φωνὴ
1835 914 1892 940 Ku-

250 959 392 995 Seriptura
404 959 513 991 habeat,
529 959 684 993 ﬂuviorum,
700 958 852 993 marisque,
867 962 895 985 et
909 965 1043 992 aquarum

249 1005 370 1038 nomine,
387 1005 548 1039 populorum
573 1003 777 1031 multitudinem
805 1003 973 1039 signiﬁcare.
998 1003 1045 1031 Sic

249 1051 321 1078 enim
334 1055 360 1077 et
377 1049 477 1077 David:
497 1059 506 1075 ι
522 1049 579 1077 Vox
596 1049 702 1085 Domini
735 1057 818 1084 super
833 1056 918 1084 aquas
932 1049 953 1076 ⁸.
975 1048 1044 1076 Deus

249 1098 342 1133 gloriae
357 1097 479 1124 intonuit
493 1105 517 1130 ;›
532 1100 562 1124 ιιι
579 1097 698 1124 salutare
717 1096 846 1123 nimirum
860 1095 962 1123 Christi
977 1102 1045 1130 prte-

248 1143 371 1176 conium,
400 1143 474 1178 qttod
503 1143 558 1170 alta
589 1150 656 1170 voce
690 1142 857 1174 intonuerat,
887 1142 921 1169 ad
950 1145 1045 1176 gentes

248 1194 409 1226 penetrasse
434 1189 555 1217 doceret.
575 1188 641 1216 Tale
657 1192 700 1216 est
733 1193 760 1215 et
781 1188 870 1215 illud:
892 1197 902 1214 ι
917 1187 1045 1216 Elevave-

248 1241 314 1262 runt
329 1235 410 1270 510
424 1235 535 1262 ﬁumina
549 1242 631 1262 voces
645 1241 710 1262 suas
722 1234 743 1260 '.
761 1244 769 1260 ι
787 1234 891 1269 Magum
909 1234 1044 1269 siquidem

248 1289 311 1309 cum
323 1285 417 1309 essent
428 1281 615 1316 apostolorum
638 1288 731 1313 voces,
745 1280 826 1308 facile
842 1281 907 1315 ipsa:
933 1281 1045 1307 exaudi-

248 1332 283 1356 tae
298 1328 452 1363 agnitzeque
481 1333 555 1355 sunt.
572 1327 677 1354 Dicitur
689 1335 754 1355 vero
769 1328 850 1355 etiam
862 1327 896 1355 de
908 1327 1046 1363 Babylone

248 1380 275 1402 et
288 1375 385 1402 Ninive
400 1383 408 1402 :
426 1384 435 1400 ι
449 1373 593 1407 Tanquam
610 1381 688 1409 aqua:
702 1374 819 1409 piscina,
836 1381 914 1408 aqua:
925 1374 986 1408 ejus
997 1374 1017 1400 ⁵.
1033 1383 1042 1399 ι

248 1419 307 1448 Non
321 1420 422 1448 desunt
434 1424 525 1448 tamen
537 1420 583 1455 qui
596 1420 685 1455 abyssi
700 1419 820 1453 nomine,
832 1419 955 1447 Rubrum
972 1427 1046 1446 mare

249 1466 414 1501 intelligunt,
434 1466 507 1501 quod
532 1466 634 1501 populo
662 1466 817 1500 trajicicnte
833 1465 951 1494 divisum
978 1470 1045 1492 est:

249 1512 321 1540 sicut
338 1520 386 1547 per
400 1511 546 1540 desiccatos
568 1512 671 1547 ﬂuuios.
689 1511 848 1544 Iordanem,
863 1513 909 1548 qui
928 1512 955 1539 in
973 1512 1045 1547 ejus-

248 1558 310 1586 dem
324 1559 439 1593 gratiam
453 1562 609 1587 retroactus
622 1566 734 1586 cursum
748 1559 892 1594 suspendit
903 1559 926 1586 ⁷.
941 1559 1046 1592 Quibus
1059 1570 1080 1601 ρ

248 1603 358 1639 quidem
378 1603 471 1636 Deum,
488 1604 511 1632 si
526 1612 577 1632 nos
593 1604 617 1631 ei
632 1604 862 1637 commiserimus,
878 1604 1044 1632 ﬁuctuantes

248 1649 334 1676 animi
348 1649 530 1684 cogitationes
548 1657 578 1677 se
602 1650 740 1682 daturum,
762 1654 789 1677 et
805 1650 976 1685 voluptatum
994 1658 1045 1677 un-

248 1694 307 1726 das,
325 1694 425 1729 quibus
439 1694 639 1730 imrnergimur,
665 1695 865 1722 exsiccaturum
894 1694 1044 1731 signiﬁcari

249 1739 446 1774 voluit.Atque
461 1740 514 1767 ista
542 1740 652 1775 quidem
677 1740 727 1767 illi.
744 1740 878 1768 Cmterum
909 1741 980 1776 quod
1010 1741 1045 1768 ad

249 1792 297 1812 vos
320 1784 538 1820 Bahyloniosque
569 1786 678 1819 attinet,
694 1793 776 1814 omne
787 1794 839 1822 ego
854 1787 931 1819 illud,
944 1787 1044 1822 inquit,

249 1831 302 1858 viri
318 1839 385 1859 ttstts
405 1831 558 1859 ministerio
571 1833 737 1867 prtestitero,
753 1833 833 1868 cujus
849 1840 947 1860 nomen
965 1833 1046 1868 longe

249 1882 313 1905 ante
328 1877 406 1905 vobis
419 1885 481 1905 esse
495 1878 617 1913 ignotum
629 1886 683 1906 non
699 1878 801 1913 patior,
823 1878 923 1913 Cyrum
952 1879 1045 1914 appel-

249 1923 326 1956 lans;
343 1931 423 1958 quem
441 1923 619 1951 consiliorum
636 1931 757 1952 meorum
774 1924 929 1951 ministrum
954 1925 1044 1960 praeﬁ<

249 1970 331 2002 uiam,
348 1969 529 2004 sapientiaque
543 1973 569 1997 et
584 1969 684 2005 pietate
699 1971 821 2003 ornabo;
836 1975 864 1997 ut
881 1972 1044 2006 quasadver-

249 2023 296 2043 sus
309 2015 474 2051 Babylonem
487 2016 541 2051 agi,
552 2016 598 2051 qui
617 2017 735 2051 populus
756 2017 878 2049 liberari,
892 2017 939 2052 qui
964 2017 1044 2045 deni.

249 2070 302 2097 que
316 2061 549 2099 Jerosolymorum
562 2063 660 2090 civitas
673 2063 817 2098 ipsumque
835 2065 964 2099 templum
998 2065 1043 2092 in-

249 2107 367 2135 staurari
393 2107 521 2141 debeant,
549 2108 691 2143 intelligat.
723 2108 808 2136 liabet
827 2117 892 2137 vero
915 2110 942 2137 in
971 2110 1046 2138 hunc

248 2153 359 2180 modum
394 2153 552 2189 Symmachi
571 2154 758 2189 interpretatio
774 2164 780 2182 :
803 2155 855 2188 Qui
870 2156 934 2183 dicit
954 2156 1023 2192 Cyro
1035 2165 1045 2184 :

249 2197 350 2225 Pastor
364 2207 447 2226 meus.
467 2199 500 2226 Et
527 2199 625 2227 iterum
643 2209 649 2226 :
665 2199 802 2234 Templum
818 2207 904 2229 autem
920 2203 1045 2238 {undabi-

1098 959 1156 994 ρίου
1168 959 1214 986 ἐπὶ
1221 959 1275 985 τῶν
1284 959 1398 986 ὑδάτων.
1409 959 1438 985 Ὀ
1448 959 1514 991 Θεὸς
1522 959 1572 994 τῆς
1582 959 1661 995 δόξης
1671 959 1786 995 ἐϐρόντη
1791 968 1848 992 σεν,
1858 960 1890 986 τὸ

1098 1004 1231 1038 σωτήριον
1250 1004 1383 1040 κήρυγμα
1401 1004 1446 1032 διὰ
1458 1004 1513 1031 τῶν
1535 1004 1621 1031 ἐθνῶν
1640 1005 1828 1040 κεχωρηκέναι
1843 1004 1893 1039 δη-

1096 1049 1149 1076 λῶν
1160 1049 1248 1085 ὑψηλῇ
1262 1049 1413 1086 βροντῆσαν
1436 1051 1522 1085 φωνῇ.
1533 1050 1660 1077 Ίόιοῦτον
1683 1051 1730 1076 καὶ
1741 1051 1781 1083 τὸ,
1798 1060 1807 1076 ‹
1827 1051 1893 1077 Ἐπ-

1095 1095 1166 1130 ἧραν
1178 1096 1202 1122 οἱ
1219 1095 1337 1130 ποταμοὶ
1351 1096 1443 1131 φωνὰς
1456 1096 1556 1122 αὐτῶν.
1565 1105 1574 1121 ι
1589 1096 1715 1130 Μεγάλαι
1731 1097 1785 1132 γὰρ
1796 1097 1824 1122 αἱ
1837 1096 1893 1123 τῶν

1096 1141 1254 1168 ἀποστόλων
1271 1139 1350 1168 οὖσαι
1368 1143 1455 1176 φωναὶ
1467 1142 1597 1176 γεγόνασι
1612 1142 1758 1178 γνώριμοι.
1774 1143 1892 1178 Εἴρηται

1096 1187 1125 1213 δὲ
1149 1188 1197 1213 καὶ
1219 1187 1283 1222 περὶ
1308 1187 1469 1219 Βαϐυλῶνος
1497 1188 1582 1224 αὐτῆς
1607 1189 1653 1214 καὶ
1676 1189 1796 1223 Νηνευὴ,
1816 1198 1824 1214 ι
1847 1189 1892 1219 Ὠς

1097 1233 1276 1269 κολυμϐήθρα
1305 1233 1401 1266 ὕδατος
1426 1234 1462 1260 τὰ
1490 1234 1574 1261 ὕδατα
1599 1234 1695 1269 αὐτῆς.
1721 1244 1729 1260 ι
1757 1235 1835 1266 Τινὲς
1862 1235 1892 1261 δὲ

1097 1281 1236 1307 ἄϐυσσον
1256 1281 1385 1316 εἰρήκασι
1407 1281 1456 1316 τὴν
1469 1280 1606 1316 Ἐρυθρὰν
1627 1281 1767 1308 θάλασσαν
1781 1282 1895 1317 ἐρημω-

1097 1327 1200 1359 Οεῖσαν,
1213 1328 1257 1354 ὅτε
1269 1327 1362 1362 διέστη
1378 1328 1524 1364 παριόντος
1537 1328 1623 1364 αὐτὴν
1637 1328 1685 1355 τοῦ
1700 1328 1765 1355 λαοῦ
1778 1337 1784 1343 ⁸
1798 1330 1892 1355 Ποτα-

1094 1374 1171 1408 μοὺς
1186 1374 1214 1400 δὲ
1225 1373 1494 1408 ξηρανθέντας,τδν
1514 1374 1650 1409 Ἰορδάνην
1665 1375 1891 1410 ἀναχαιτίσαντα.

1097 1419 1135 1445 Δι’
1146 1415 1183 1445 ὧν
1195 1418 1433 1452 ὑποϐάλλεινοεῖν,
1442 1419 1480 1450 ὠς
1495 1419 1528 1446 Εἰ
1543 1427 1588 1453 μοι
1601 1419 1715 1451 ἑαυτοὺς
1727 1419 1892 1454 ἐπιδὼσητε,

1096 1464 1160 1495 τοὺς
1187 1463 1336 1498 λογισμοὺς
1358 1463 1436 1498 ὑμῶν
1460 1463 1578 1498 κοιμίσω
1601 1463 1822 1498 κυμαινομένους
1844 1463 1894 1489 καὶ

1097 1509 1218 1544 ξηρανῶ
1233 1509 1455 1544 πλημμυροῦσας
1477 1509 1527 1541 τὰς
1543 1509 1651 1544 ἡδονάς.
1667 1510 1722 1536 Καὶ
1739 1509 1825 1535 ταῦτα
1841 1509 1894 1544 μὲν

1097 1553 1182 1582 οὗτοι.
1200 1556 1241 1582 Τὰ
1256 1555 1284 1582 δὲ
1307 1555 1370 1583 καθ’
1388 1556 1460 1591 ὑμᾶς
1481 1564 1512 1582 τε
1529 1556 1575 1582 καὶ
1595 1555 1784 1587 Βαϐυλωνίους
1802 1555 1894 1582 πάντα

1100 1602 1216 1637 ποιήσω,
1239 1602 1318 1636 φησὶ,
1343 1602 1462 1637 διακόνῳ
1476 1603 1651 1637 χρησάμενος
1676 1602 1764 1638 ἀνδρὶ,
1789 1601 1819 1629 οὗ
1845 1602 1894 1628 καὶ

1097 1647 1218 1682 τοῦνομα
1230 1647 1356 1683 προλέγω
1366 1648 1467 1681 Κῦρον
1480 1648 1581 1679 καλῶν,
1593 1648 1622 1675 ὂν
1636 1649 1827 1684 προστήσομαι
1839 1648 1895 1675 τῶν

1099 1694 1172 1730 ἐμῶν
1195 1694 1386 1729 βουλευμάτων
1407 1694 1540 1726 διάκονον,
1567 1695 1717 1728 φρόνησιν
1744 1694 1819 1730 αὐτῷ
1842 1703 1897 1721 πα-

1101 1739 1211 1775 ρασχὼν
1229 1739 1339 1774 εὐσεϐῆ,
1363 1739 1402 1772 ὡς
1416 1740 1450 1766 τὰ
1465 1740 1537 1767 κατὰ
1557 1740 1718 1771 Βαϐυλῶνος
1742 1740 1894 1774 ἐπιγνῶναι

1099 1788 1236 1823 πρακτέα,
1245 1787 1293 1814 τοῦ
1303 1796 1332 1814 τε
1346 1787 1412 1814 λαοῦ
1421 1787 1471 1822 τὴν
1484 1789 1588 1821 ἄνεσιν,
1599 1788 1646 1815 καὶ
1657 1789 1706 1824 τῆς
1714 1788 1895 1824 Ἰερουσαλὴμ

1099 1835 1148 1861 σὺν
1165 1833 1205 1869 τῷ
1221 1833 1279 1868 ναῷ
1299 1835 1349 1869 τὴν
1365 1833 1518 1862 ἀνάκτισιν.
1542 1834 1571 1861 '0
1585 1834 1614 1861 δὲ
1631 1834 1780 1870 Σύμμαχος
1795 1834 1895 1866 ἐξέδω-

1098 1879 1197 1906 κεν·¹0
1211 1879 1307 1914 λέγων
1320 1880 1416 1914 Κύρῳ,
1433 1880 1549 1914 Ποιμήν
1557 1889 1628 1915 μου.
1644 1881 1698 1907 Καὶ
1712 1880 1803 1907 πάλιν·
1819 1881 1850 1906 '0
1859 1880 1896 1907 δὲ

1097 1926 1171 1960 ναὸς
1195 1927 1459 1962 θεμελιωθήσεται.
1480 1928 1699 1963 Τελευτήσαντος
1724 1929 1778 1963 γὰρ
1793 1929 1896 1962 Κύρου

1097 1973 1251 2000 κεκώλυται
1264 1973 1315 2008 μὲν
1329 1973 1361 2000 ἐκ
1373 1983 1455 2001 τινων
1471 1973 1623 2009 βασκανίας
1637 1976 1653 2010 ή
1665 1975 1720 2001 τῶν
1732 1975 1821 2009 ἔργων
1833 1975 1896 2001 ἐπί-

1097 2019 1171 2051 δοσις
1185 2020 1263 2055 παρὰ
1279 2019 1328 2046 τοῦ
1348 2020 1406 2054 μετ’
1431 2020 1513 2047 αὑτὸν
1530 2020 1741 2053 Βασιλεύσαντος
1760 2022 1808 2047 τοῦ
1827 2019 1894 2046 ναοῦ

1098 2066 1245 2100 θεμελίων
1255 2066 1300 2092 ἐπὶ
1310 2066 1408 2101 Κύρου
1421 2066 1629 2102 προκαταὸεὸλη
1635 2066 1735 2101 μένων,
1746 2066 1894 2102 ἐπληρώθη

1097 2111 1126 2138 δὲ
1141 2111 1211 2146 μετὰ
1224 2111 1312 2139 ταῦτα
1325 2111 1452 2147 βουλήσει
1470 2111 1549 2138 Θεοῦ.
1568 2112 1623 2138 Καὶ
1636 2112 1724 2138 ταῦτα
1744 2111 1896 2146 δεδήλωκεν

1097 2159 1115 2192 ἠ
1132 2158 1239 2193 Γραφή.
1255 2158 1311 2186 Καὶ
1319 2158 1450 2193 Ἰώσηπος
1462 2159 1490 2184 ὲν
1503 2161 1527 2185 α’
1541 2160 1554 2179 κ
1567 2159 1615 2193 τῆς
1627 2159 1846 2194 Ἀρχαιολογίας,
1858 2159 1897 2190 ὡς

1099 2204 1303 2239 ὲπιδειχθείσης
1326 2204 1405 2240 παρὰ
1429 2204 1484 2230 τῶν
1509 2204 1690 2239 αἰχμαλώτων
1716 2204 1765 2239 τῆς
1782 2204 1897 2230 ΊΙσαῖου

250 2248 304 2271 tur.
320 2243 390 2279 Cyro
418 2245 492 2272 enim
518 2251 640 2278 mortuo,
657 2248 852 2275 nonnullarum
883 2249 999 2282 invidia.
1013 2250 1044 2278 ad

1102 2250 1272 2286 προφητείας
1286 2251 1325 2285 τῷ
1340 2250 1436 2285 Κύρῳ.
1448 2250 1535 2277 ταῦτά
1551 2259 1581 2276 τε
1603 2251 1694 2284 γνοὺς,
1711 2252 1758 2276 καὶ
1775 2250 1819 2276 ἐπ’
1835 2250 1897 2276 ὀνό-

248 2290 388 2324 sequentis
404 2291 476 2326 regis
489 2291 646 2318 mandatum
673 2293 765 2327 operis
779 2294 931 2329 interrupta
951 2303 1044 2323 cessa-

1101 2305 1187 2331 ματος
1210 2296 1306 2323 ἑαυτὸν
1326 2296 1497 2331 κεκλημένον
1519 2295 1608 2331 εὑρὼν
1623 2295 1675 2330 πρὸ
1690 2295 1757 2322 δέκα
1776 2296 1823 2322 καὶ
1838 2295 1898 2322 δια-

248 2335 287 2361 vit
300 2336 437 2369 promotio
449 2345 459 2369 ;
472 2345 534 2364 eum
552 2342 657 2365 tantum
669 2338 739 2374 Cyro
749 2341 896 2375 superstite
909 2341 982 2376 iacta
997 2350 1042 2370 es-

1099 2343 1199 2369 κοσίων
1211 2343 1290 2376 ὲτῶν,
1306 2342 1355 2369 σὺν
1370 2343 1455 2378 πολλῇ
1468 2342 1608 2378 προθυμία
1618 2341 1653 2368 τὰ
1669 2342 1899 2378 προστεταγμένα

249 2385 308 2408 sent
323 2381 416 2416 templi
430 2382 603 2417 fundamenta
616 2405 622 2411 .
640 2385 692 2412 Sed
706 2389 747 2412 est
759 2386 851 2413 divina
869 2387 976 2415 tandem
994 2396 1041 2415 vo-

1097 2389 1256 2424 πεποίηκεν.

249 2425 354 2454 luntate
367 2431 459 2462 postea
475 2428 625 2459 perfectum
642 2429 863 2466 absolutumque.
883 2433 972 2468 Atque
987 2434 1043 2461 haec
1063 2434 1120 2469 ipsa
1144 2434 1253 2468 quidem
1268 2438 1344 2467 sunt,
1360 2441 1421 2468 quze
1436 2433 1579 2470 Scriptura
1612 2434 1682 2469 ipsa,
1714 2441 1776 2469 quae
1818 2433 1898 2462 Jose-

250 2473 320 2508 phus
332 2473 414 2501 etiam
428 2473 556 2507 innttunt,
569 2482 631 2501 cum
649 2475 884 2512 isteAntiquilatis
919 2479 1066 2507 undecimo
1102 2480 1203 2515 Cyrum
1237 2480 1286 2511 ait,
1306 2484 1483 2514 posteaquam
1515 2480 1596 2507 istam
1624 2480 1699 2508 |sai:e
1726 2481 1898 2514 prolihrtiam

249 2520 302 2547 sibi
330 2528 345 2547 a
372 2521 489 2555 captivis
512 2522 726 2551 demonstratam
754 2524 876 2560 legisset,
905 2527 962 2553 haec
988 2528 1046 2562 ipsa
1067 2528 1223 2562 agnovisse.
1237 2535 1366 2562 eumque,
1380 2529 1426 2562 qui
1439 2535 1488 2555 suo
1501 2536 1531 2555 se
1563 2529 1675 2556 nomine
1706 2532 1771 2555 ante
1796 2528 1900 2556 ducen-

250 2570 293 2594 tos
306 2570 332 2594 ct
343 2566 436 2595 decem
449 2576 536 2596 annos
550 2576 612 2596 esse
627 2571 793 2605 appellatum
812 2573 916 2600 videret
941 2581 1040 2610 magna
1061 2574 1204 2602 alacritate
1217 2574 1350 2610 imperata
1367 2575 1538 2610 praestitisse.

565 2616 643 2644 CAP.
665 2617 745 2646 XLV.

1395 2623 1520 2649 ΚΕΦΛΔ.
1535 2623 1603 2649 ME'.

267 2686 270 2688 .
286 2658 369 2687 Vsus.
382 2660 442 2687 1-8.
461 2660 505 2688 Sic
519 2661 584 2688 dicit
611 2662 740 2691 Dominus
766 2665 835 2692 Deus
854 2665 960 2693 Christo
988 2675 1044 2694 meo

1135 2672 1192 2704 α-η’
1204 2688 1210 2695 .
1222 2669 1304 2695 Οὕτω
1321 2668 1402 2702 λέγει
1418 2669 1526 2702 Κύριος
1539 2670 1556 2695 ὁ
1572 2670 1645 2702 Θεὸς
1659 2668 1699 2702 τῷ
1712 2668 1825 2704 χριστῷ
1838 2678 1899 2703 μου

250 2705 330 2741 Cyro,
347 2707 422 2742 cujus
437 2708 598 2742 apprehendi
609 2709 757 2744 dexteram,
777 2716 805 2738 ut
823 2712 963 2748 subjiciam
986 2719 1044 2741 ante

1099 2715 1194 2749 Κύρῳ,
1211 2713 1248 2743 οὗ
1266 2714 1419 2749 ἐκράτησα
1436 2714 1492 2749 τῆς
1515 2715 1628 2750 δεξιᾶς,
1653 2715 1823 2743 ἐπακοῦσαι
1847 2715 1900 2749 ἔμ-

286 2786 297 2801 ⁸
311 2785 383 2813 Psal.
403 2793 506 2818 xxvm,
523 2786 550 2813 5.
591 2787 602 2803 ⁵
622 2786 696 2816 Psal.
711 2796 776 2822 xc”,
794 2789 820 2816 5.
861 2791 870 2806 ⁸
887 2790 1005 2824 Nahum,
1027 2799 1044 2818 ll

1097 2811 1099 2818 .
1139 2792 1149 2806 ⁷
1165 2792 1257 2824 Josue.
1280 2800 1322 2825 ιιι,
1347 2791 1359 2818 1
1378 2801 1454 2828 seqq.

910 2847 1025 2876 VARUS
1047 2849 1252 2879 LECTIONES.

292 2886 301 2906 ί
322 2896 365 2922 rp.
380 2888 443 2923 τήν,
483 2890 495 2909 5
514 2898 558 2924 πρ.
577 2892 622 2916 ια’.
