2002 3078
128 137 198 168 9417

694 141 962 172 COMMENTARII
983 142 1022 171 IN
1041 141 1184 171 ISAlAM.

1688 137 1760 170 92418

124 195 258 226 προσοεν
274 194 369 221 αὑτοῦ
388 195 472 228 ἔθνη,
486 195 537 222 καὶ
559 195 650 230 ἰσχὺν·
661 196 819 226 ,βασιλέων
835 196 918 230 διαῤ-

982 197 1061 222 'aciem
1076 196 1133 230 ejus
1143 200 1242 231 gentes,
1254 199 1278 221 et
1292 195 1359 221 vires
1373 201 1463 229 regunt
1487 192 1621 227 frangant.
1636 192 1762 227 Aperiunt

121 240 216 274 ῥήξω.
240 240 365 272 ἈνοΙξω
376 241 548 275 ἔμπροσθεν
563 242 658 268 αὑτοῦ
674 243 777 276 θύρας,
793 242 844 270 καὶ
861 244 917 270 πό-

124 288 190 319 λεις
203 287 239 313 οὐ
257 287 566 321 συγκλεισθήσονται,
578 297 605 314 κ.
619 296 644 314 τ.
665 288 692 315 λ.

164 334 213 359 Ὃν
228 333 274 359 καὶ
288 333 417 367 χριστὸν
439 333 527 366 καλεῖ,
543 333 614 360 οὕτω
635 334 700 371 παρ’
721 334 859 370 Ἑϐραίοις
870 335 917 361 λε-

126 379 252 414 γομένων
271 379 326 405 τῶν
351 379 402 406 ὑπὸ
421 379 488 406 Θεοῦ
513 381 762 416 προχειρισθέντων
780 382 821 412 είς
839 381 918 416 βασι-

126 425 212 450 λείαν.
249 424 346 460 Ἐλαίῳ
377 425 431 459 γὰρ
462 425 554 457 αὐτοῖς
580 427 604 452 οἱ
634 426 755 461 βασιλεῖς
785 426 918 454 εἰώθεσαν

127 472 265 504 χρΙεσθαι
289 470 358 505 πρὸς
373 471 422 506 τὴν
440 471 531 507 ἀρχὴν
548 471 755 506 καθιστάμενοι.
773 472 919 508 Τροπικῶς

126 515 154 541 δὲ
172 515 218 541 καὶ
239 517 302 547 τοὺς
323 516 417 550 ἁγίους
433 516 505 543 οὕτω
525 517 638 553 φησὶνὴ
658 518 764 553 Γραφή.
790 518 920 553 Χριστὸν

128 559 174 587 οὖν
186 562 268 588 αὐτὸν
283 563 423 595 ἐκάλεσεν,
435 563 473 595 ὼς
491 565 523 590 ὲκ
535 564 601 590 Θεοῦ
619 564 688 599 πρὸς
701 564 752 600 τὴν
767 565 855 600 ἀρχὴν
872 574 920 592 κε-

128 607 179 641 κλη
185 607 274 642 μένον.
284 608 327 639 Ὠς
335 609 362 634 δὲ
373 609 454 636 τοιού
459 618 521 642 του,
533 610 626 644 φησὶν,
637 610 840 644 ἐπαγγέλλομαι
850 619 921 644 κρα-

129 651 220 684 τῆσαι
234 652 289 686 τῆς
301 652 405 685 δεξιᾶς
421 654 490 689 πρὸς
503 655 532 680 τὸ
550 654 586 689 μὴ
600 655 836 690 παρατρέπεσθαι,
851 654 920 690 μηδὲ

129 698 276 732 νικηθῆναι
297 699 375 731 παρά
387 708 459 730 τινος
474 700 637 734 κρείττονος,
661 700 842 736 Ἀντιλήψεως
866 701 920 736 γὰρ

129 742 209 769 τοῦτο
235 746 357 779 σημεῖον,
377 744 450 771 καθά
476 754 558 779 φησιν
576 746 604 772 ἐν
627 746 768 781 Ψαλμοῖς·
789 755 799 771 ‹
822 746 921 782 Ἐκρά-

130 797 216 823 τησας
239 790 289 824 τῆς
305 789 395 825 χειρὸς
409 791 460 825 τῆς
476 790 566 830 δεξιᾷς
589 799 652 825 μου,
673 792 721 818 καὶ
742 792 771 818 ὲν
786 793 819 827 τῇ
837 791 919 827 βουλῇ

132 841 180 859 σου
195 834 340 869 ὼδήγησάς
356 844 401 869 με.
418 844 427 860 ι
445 835 611 869 ’Υποτὰξας
626 836 655 863 δὲ
678 836 822 868 πλείστους
835 837 919 872 αὐτῷ,

967 250 1058 269 coram
1071 251 1100 269 eo
1112 246 1212 275 portas,
1224 245 1249 268 et
1264 241 1340 267 urbes
1356 248 1408 267 non
1423 239 1591 271 claudentur,
1603 244 1654 266 etc.

1003 335 1038 360 At
1054 332 1127 368 quod
1147 331 1284 359 Christum
1301 330 1458 365 appellavrt,
1480 329 1515 356 ad
1530 328 1708 356 Hebraeorum
1721 328 1764 355 lo-

968 379 1070 415 quendi
1084 377 1311 406 consuetudinem
1329 377 1433 407 rettulit,
1450 375 1497 411 qui
1518 375 1571 404 sibi
1600 375 1761 410 designatos

969 433 983 451 a
1002 425 1056 452 Deo
1084 431 1162 460 reges
1191 424 1229 451 ita
1246 422 1454 458 nuncupabant.
1473 420 1540 449 Oleo
1571 421 1706 456 siquidem
1729 420 1766 448 de

970 480 1045 500 more
1061 479 1109 500 cos
1125 471 1293 506 inungebant,
1308 470 1353 504 qui
1373 473 1466 497 essent
1480 469 1514 496 ad
1529 469 1606 504 regni
1625 468 1764 504 guberna-

969 517 1030 544 cula
1047 517 1160 544 admoti.
1176 515 1304 551 Figurate
1313 522 1377 542 vero
1390 519 1416 541 et
1442 517 1553 541 sanctos
1578 513 1619 540 sic
1647 512 1764 547 appellat

971 563 1124 597 Scriptura.
1139 562 1273 590 Christum
1289 562 1382 596 itaque
1407 567 1470 587 eum
1494 559 1614 591 vocavit,
1635 562 1765 592 tanquam

970 610 1015 643 qui
1031 611 1103 635 esset
1120 614 1135 634 a
1162 607 1215 634 Deo
1227 607 1261 634 ad
1281 605 1425 641 imperium
1450 608 1575 632 vocatus.
1590 604 1669 639 511
1697 603 1767 630 Cum

972 654 1032 681 talis
1043 657 1133 680 autem
1149 653 1194 684 sit,
1210 651 1310 687 inquit,
1327 651 1445 686 ejusdem
1474 658 1514 677 me
1528 650 1677 681 dexteram,
1697 657 1732 675 ne
1749 655 1765 675 a
1807 679 1809 687 η

971 706 1109 734 quoquam
1121 701 1270 730 avertatur,
1287 699 1334 723 aut
1350 696 1497 730 potentiori
1528 694 1701 726 succumbat,
1717 701 1766 727 αρε·
1809 689 1811 691 ’

971 743 1137 779 prehendisse
1153 742 1294 777 profiteor.
1307 741 1364 770 Hoc
1383 742 1455 769 enim
1471 740 1640 769 defensionis
1656 740 1764 774 signum

971 795 1024 822 est,
1038 785 1112 818 sicut
1123 789 1168 816 illo
1182 789 1331 822 iudicatur,
1347 787 1421 822 quod
1451 787 1479 814 in
1492 786 1611 815 Psalmis
1639 786 1741 821 legitur
1757 795 1765 813 :

975 836 1118 864 «Tenuisti
1139 842 1250 862 manum
1281 834 1421 862 dexteram
1446 840 1545 865 mcam,
1566 836 1594 860 et
1620 831 1648 859 in
1674 831 1767 858 consi-

132 878 222 905 πᾶσαν
241 879 390 914 διιιρῤήξω
414 881 462 916 τὴν
479 881 508 907 ὲν
523 882 579 912 τοῖς
599 881 702 914 λοιποῖς
722 881 813 909 ἔθνεσι
828 882 920 910 δυνα-

983 883 1009 910 io
1037 887 1082 909 tuo
1109 880 1247 908 deduxisti
1276 887 1320 907 me
1341 880 1363 907 ⁸.
1380 889 1390 906 ι
1417 879 1485 906 Cum
1515 882 1606 905 autem
1632 877 1768 913 plurimos

131 925 248 957 στείαν,
264 925 340 952 οὐδὲν
350 925 450 953 ἄϐατον
464 926 548 958 ἐάσας
559 926 644 962 αὐτῷ,
665 927 725 954 καθ’
743 924 780 954 ὧν
794 928 827 955 ἂν
839 927 920 965 ἐθέλῃ

132 970 244 1003 χωρεῖν.
269 969 350 997 ’Λλλὰ
363 970 415 1009 κᾶν
429 969 445 1008 ᾗ
469 979 495 997 τι
512 971 624 998 δυνατὸν
644 973 781 1007 ἐμποδὼν,
799 973 837 1005 ὡς
852 973 921 1007 ὅρος

132 1016 284 1051 γινόμενον,
299 1016 350 1043 κᾶν
368 1018 476 1053 ἰσχυρὸν
489 1018 528 1050 ὡς
544 1019 657 1053 χαλκὸς
673 1017 701 1055 ᾗ,
720 1020 767 1047 καὶ
783 1019 919 1054 σίδηρος,

133 1062 224 1088 πάντα
248 1063 410 1090 ταπεινὼσω
432 1064 479 1091 καὶ
489 1064 573 1097 λύσω,
599 1065 638 1097 ὡς
659 1066 726 1101 μηδὲ
748 1066 920 1100 θησαυροὺς

132 1108 281 1142 ἀοράτους
295 1111 350 1142 τοῖς
370 1111 435 1145 πρὶν
451 1110 590 1145 βασιλεῦσι
601 1110 694 1138 τοῦτον
707 1111 853 1140 διαλαϐεῖν.

972 928 1060 956 eidem
1088 926 1232 960 subjecero,
1249 924 1335 958 addit,
1356 931 1464 952 omnem
1491 923 1623 958 deinceps
1651 921 1770 956 reliqua-

973 982 1033 1002 rum
1058 975 1179 1009 gentium
1198 973 1344 1007 potentiam
1370 972 1504 1006 frangam,
1533 977 1622 1004 neque
1645 969 1670 996 ei
1692 967 1770 1003 quid-

973 1027 1066 1055 quam,
1081 1026 1136 1054 quo
1161 1025 1274 1053 pergere
1287 1017 1412 1049 voluerit,
1428 1025 1481 1044 non
1505 1015 1629 1051 pervium
1645 1013 1768 1041 eﬂiciam.

974 1064 1044 1096 lmo.
1075 1064 1098 1092 si
1117 1063 1266 1099 quidquam
1296 1062 1435 1098 potentius
1461 1061 1609 1093 obstiterit,
1627 1063 1654 1087 et.
1674 1059 1770 1085 montis

974 1109 1062 1138 instar
1075 1110 1103 1137 in
1135 1116 1198 1136 eum
1226 1108 1376 1141 atlollatur,
1405 1106 1513 1134 etiamsi
1543 1113 1594 1133 mre
1627 1108 1674 1131 aut
1701 1104 1771 1139 [erro

134 1154 250 1182 validius
278 1154 324 1186 sit,
336 1155 402 1182 illud
423 1156 550 1191 dejiciam
573 1162 664 1186 tamen
681 1163 708 1187 et
726 1158 862 1195 frangam,
880 1163 969 1192 neque
985 1155 1151 1188 reconditos,
1166 1154 1359 1190 prioribusque
1386 1153 1498 1188 regibus
1516 1152 1618 1186 ignotos
1635 1149 1769 1177 thesauros

136 1207 198 1226 eum
220 1200 302 1227 latere
320 1201 419 1235 patiar.

172 1246 250 1278 Τινὲς
266 1247 294 1273 δὲ
309 1248 481 1282 θησαυρούς
499 1257 565 1283 φασι
579 1251 643 1282 τοὺς
664 1251 721 1277 ὅσοι
735 1251 784 1278 καὶ
804 1250 921 1286 μάλιστα

135 1292 245 1318 δυνατοὶ
261 1294 338 1329 παρὰ
357 1295 406 1329 τὴν
423 1294 518 1328 ἔφοδον
532 1297 630 1330 Κύρου
645 1296 788 1331 σπηλαίοις
802 1297 921 1330 ἐγκατα-

1002 1243 1131 1273 Nonnulli
1154 1250 1203 1278 per
1232 1242 1388 1273 thesauros,
1411 1248 1460 1269 eos
1487 1240 1563 1267 innm
1591 1238 1772 1270 arbitrantur.

970 1290 1016 1326 qui
1032 1289 1074 1317 vel
1086 1289 1204 1316 maxime
1215 1291 1349 1322 potentes,
1365 1285 1435 1320 Cyro
1449 1292 1512 1311 cum
1524 1283 1647 1311 exercitu
1672 1282 1774 1310 adven-

138 1339 231 1371 δύντες
247 1328 400 1367 ἐλάνθανον.
417 1342 449 1367 Ὃ
465 1342 496 1377 δὴ
511 1328 614 1376 μαθων,
631 1328 712 1376 δᾷδα-ς
727 1328 850 1375 ἐξάπτων
862 1342 924 1373 τοὺς

985 1339 1059 1368 ante,
1074 1335 1102 1362 in
1119 1333 1258 1369 speluncis
1286 1340 1347 1360 sese
1364 1329 1587 1363 abdiderunt;in
1620 1328 1721 1363 quibus
1746 1332 1774 1354 et

139 1384 238 1419 ἄνδρας
264 1385 436 1420 ἀνεύρισκεν.
465 1387 551 1413 Γνῶοι
573 1388 602 1414 δὲ
622 1388 638 1408 lt
660 1388 763 1414 τούτων
788 1387 926 1422 ἐσομένων

138 1429 224 1463 ὅστις
242 1431 312 1465 εἰμὶ,
327 1433 340 1458 ὁ
359 1432 412 1468 πρὸ
425 1433 559 1460 τοσούτων
572 1433 675 1468 χρόνων
688 1433 746 1467 τὴν
760 1433 822 1467 σὴν
835 1440 928 1467 προσ-

139 1477 264 1511 ηγορίαν
285 1477 388 1505 εἰπών.
411 1478 478 1513 Elui
501 1479 555 1514 γὰρ
580 1480 652 1513 Θεὸς
685 1479 816 1514 Ἰσραὴλ,
836 1480 866 1506 ὃν
889 1479 927 1515 μὴ

141 1521 252 1555 ἀγνόει.
267 1522 306 1548 Δι’
326 1523 406 1549 αὐτὸν
423 1524 476 1559 γάρ
499 1533 540 1550 σοι
557 1524 692 1559 τοσαύτην
711 1525 870 1551 δυναστείαν
884 1524 928 1551 δε-

142 1567 280 1603 δὼρημαι.
301 1568 387 1602 Ἐμὸς
404 1552 543 1604 γύριεστιν
560 1570 593 1596 ὲκ
607 1552 717 1596 πάντων
730 1570 864 1604 ἐκλεγείς
878 1570 931 1596 τῶν
944 1552 964 1580 c

144 1614 228 1640 ἐθνῶν
247 1615 281 1649 τῇ
308 1614 376 1650 πρὸς
399 1615 462 1646 τοὺς
487 1614 577 1643 αὐτῶν
594 1615 718 1651 πατέρας
737 1616 816 1650 τιμῇ.
837 1615 883 1641 Διό
896 1623 933 1641 σε

144 1661 363 1697 προσεδεξάμην,
388 1661 426 1693 ὡς
450 1662 570 1696 ἐμαυτοῦ
598 1662 709 1694 οίκεῖον,
743 1661 844 1696 καίπερ
877 1662 933 1687 οὐκ

143 1707 296 1741 ἐγνωκότα
302 1716 351 1742 με.
361 1709 394 1743 τῇ
410 1707 477 1734 δὲέκ
489 1708 618 1743 πατέρων
634 1707 838 1743 εἰδωλολατρείξι
848 1714 933 1741 προσ-

146 1753 284 1788 κείμενον.
308 1753 352 1784 Ὡς
366 1753 399 1779 ἂν
420 1753 458 1788 μὴ
478 1753 560 1788 δοκῇς
578 1751 769 1788 προλαὸούσης
793 1750 933 1782 εὐσεϐείας

145 1799 216 1834 γέρα
238 1807 279 1825 σοι
292 1799 379 1825 ταῦτα
392 1799 527 1825 δεδόσθαι.
549 1798 618 1825 Ἀλλ’
640 1799 665 1824 εί
687 1798 734 1824 καὶ
750 1797 787 1832 μὴ
802 1796 933 1832 πρότερον

146 1845 243 1879 ἔγνως,
259 1845 300 1871 ὃτι
312 1845 408 1879 μόνος
421 1844 479 1879 εἶμί
496 1843 573 1875 Θεὸς,
591 1843 662 1878 μάῡε
677 1843 704 1877 γ’
719 1843 765 1870 οὖν
781 1842 811 1874 ἐξ
825 1839 862 1870 ὧν
876 1842 934 1868 δια-

147 1890 298 1924 πράξομαι,
315 1890 348 1916 δι¹
360 1887 397 1916 ὧν
412 1891 513 1921 πάντες
526 1890 646 1917 εἴσονται
663 1890 739 1916 Θεὸν
753 1887 829 1916 εἶναι
838 1890 935 1923 μόνον

146 1937 209 1971 ἐμὲ,
224 1937 271 1963 καὶ
286 1937 318 1963 δι’
342 1937 512 1972 ἀλλοφύλων,
532 1936 579 1964 καὶ
602 1936 652 1971 τῆς
675 1935 744 1971 ἐμῆς
769 1935 852 1967 ξένων
867 1934 934 1970 θρη-

147 1983 252 2015 σκείας,
266 1983 301 2009 τὰ
319 1982 449 2009 δοκοῦντα
463 1981 708 2019 διαπραττόμενον.
721 1981 776 2008 Καὶ
793 1981 825 2007 δι’
836 1977 874 2007 ὧν
889 1980 935 2007 τὸν

148 2029 214 2064 ὲμὺν
236 2029 311 2060 λαὸν,
330 2030 414 2064 ἡνίκα
438 2029 486 2063 μὲν
510 2028 635 2060 παιδείας
656 2025 689 2064 ἦν
713 2027 819 2062 καιρὸς,
840 2027 936 2063 ὥσπερ

147 2074 223 2109 ὀργῇ
236 2075 283 2102 καὶ
298 2075 398 2107 σκότῳ
413 2075 456 2101 διὰ
472 2074 521 2108 τῆς
537 2073 662 2105 παιδείας
682 2074 834 2108 κατήφειαν
863 2081 935 2108 παρ-

148 2120 247 2147 έδωκα.
271 2120 370 2147 Ἦνίκα
387 2120 416 2146 δὲ
429 2119 527 2151 σώζειν
543 2119 596 2146 ἔδει
612 2118 793 2154 διοροωϐέντα
811 2117 874 2153 φῶς
889 2118 936 2145 καὶ

147 2166 272 2200 εἰρήνην
286 2165 329 2191 ἐπ’
345 2165 428 2192 αὑτὸν
444 2165 583 2192 ἀνατεῖλαι
607 2163 757 2199 πεποίηκα,
774 2163 819 2190 διὰ
839 2164 888 2199 τὴν
904 2165 936 2190 ὲκ

147 2211 199 2246 τῆς
217 2211 342 2245 ἀφέσεως
359 2211 414 2237 τῶν
433 2210 541 2246 δεσμῶν
555 2209 737 2245 εὐφροσύνην.
752 2210 808 2235 Καὶ
826 2209 880 2244 γὰρ
895 2210 935 2236 εί-

144 2255 245 2289 ρήνης
260 2255 318 2289 εἰμὶ
343 2255 390 2280 καὶ
416 2255 513 2289 φωτὸς
539 2254 668 2289 χορηγὸς,
689 2253 820 2287 σκότους
842 2262 872 2279 τε
889 2254 936 2279 καὶ¹

148 2300 203 2327 τῶν
218 2300 358 2335 λυπηρῶν,
373 2300 391 2326 ἃ
402 2300 434 2336 δὴ
448 2300 539 2327 καλεῖν
554 2299 628 2326 κακὰ
641 2298 718 2334 φίλον
732 2299 790 2326 ἐστὶ
803 2300 860 2330 τοῖς
873 2298 937 2325 πολ-

149 2346 216 2378 λοῖς.
232 2343 270 2373 ὦν
287 2346 341 2380 ἐγὼ
354 2346 469 2380 ποιητὴς
489 2345 557 2380 πρὺς
571 2345 620 2380 τὴν
632 2345 710 2378 ἀξίαν
725 2345 795 2372 αὐτὰ
809 2344 936 2380 χορηγῶν

150 2393 194 2419 ἐπ’
211 2392 329 2428 ὠφελείᾳ
342 2392 397 2418 τῶν
413 2391 576 2427 δεχομένων.

974 1382 1038 1418 ipsi,
1051 1388 1114 1409 cum
1127 1388 1218 1414 regem
1241 1380 1327 1406 latere
1340 1386 1394 1405 non
1412 1377 1580 1412 potuissent,
1595 1374 1703 1402 facibus
1724 1381 1771 1400 ac-

979 1427 1070 1455 censis
1083 1425 1190 1461 qutcsiti
1216 1424 1371 1459 repertique
1381 1427 1455 1451 sunt.
1476 1422 1556 1450 Disce
1576 1428 1640 1449 vero
1651 1440 1658 1453 ,
1672 1420 1773 1455 inquit.

980 1483 1015 1504 ex
1030 1473 1091 1500 istis
1105 1471 1188 1499 rebus
1200 1470 1299 1498 futuris
1314 1471 1437 1504 quisnam
1455 1468 1512 1503 ipse
1527 1468 1599 1499 sim;
1616 1466 1662 1502 qui
1678 1471 1703 1493 te
1720 1471 1774 1493 tam

980 1521 1063 1554 longo
1083 1522 1145 1544 ante
1158 1516 1290 1550 temporis
1306 1513 1449 1541 intervallo
1460 1517 1505 1539 tuo
1516 1513 1622 1539 nomine
1637 1518 1776 1538 nune-una-

983 1566 1043 1593 rim.
1060 1563 1116 1598 Ego
1128 1562 1200 1590 enim
1212 1569 1271 1587 sum
1296 1559 1369 1586 Deus
1386 1558 1485 1591 Israel,
1499 1565 1579 1592 quem
1613 1562 1638 1584 te
1664 1556 1777 1584 minime

982 1611 1045 1639 ideo
1058 1610 1137 1637 decet
1153 1608 1289 1643 ignorare,
1309 1604 1381 1641 quod
1406 1609 1516 1640 propter
1542 1604 1644 1639 ipsum,
1672 1607 1775 1629 tantam

983 1657 1030 1684 tibi
1045 1655 1193 1691 potentiam
1206 1653 1321 1688 largitus
1336 1659 1407 1679 sum.
1423 1651 1470 1678 Est
1483 1651 1556 1678 enim
1571 1650 1617 1677 ille
1631 1649 1695 1675 mihi
1706 1657 1775 1675 cun—

983 1703 1035 1730 ctis
1049 1710 1064 1730 e
1075 1701 1203 1737 gentibus
1219 1704 1329 1734 patrum
1346 1704 1459 1725 suorum
1479 1695 1564 1732 gloria
1579 1700 1606 1723 et
1637 1702 1775 1722 commen-

984 1750 1095 1777 datione
1111 1748 1233 1775 setectus.
1246 1745 1311 1772 lnde
1324 1752 1374 1780 ego
1388 1747 1414 1771 te
1430 1743 1513 1771 veluti
1532 1741 1691 1769 familiarem
1710 1740 1776 1767 mibi

985 1802 1047 1823 cum
1062 1794 1114 1822 mei
1133 1793 1212 1828 plane
1230 1792 1338 1826 ignarus
1360 1797 1431 1817 esses
1448 1793 1475 1816 et
1507 1788 1586 1815 avita:
1615 1786 1778 1814 idololatriae

985 1845 1112 1872 sectator,
1127 1837 1264 1872 assumpsi
1277 1844 1284 1868 ;
1297 1843 1331 1862 ne
1347 1838 1400 1861 tute
1418 1834 1470 1862 ista
1484 1833 1605 1868 pristinae
1624 1831 1718 1866 pietati
1734 1830 1778 1857 de-

985 1887 1041 1914 bita
1055 1884 1167 1920 rependi
1184 1880 1412 1917 putares.Verum
1428 1879 1603 1913 quantumvis
1616 1883 1643 1904 tu
1655 1885 1694 1903 me
1709 1884 1779 1903 non—

986 1932 1049 1960 dum
1062 1931 1148 1958 solum
1158 1937 1214 1956 esse
1231 1928 1315 1955 Deum
1338 1926 1489 1958 didiceris;
1508 1925 1549 1951 vel
1565 1932 1598 1951 ex
1623 1924 1666 1951 his
1694 1928 1779 1954 certe,

986 1984 1047 2012 quin
1081 1979 1209 2011 gesturus
1232 1981 1293 2001 sum
1319 1972 1369 1998 tibi
1393 1970 1533 2006 patuerit;
1559 1969 1659 2004 quibus
1685 1976 1781 1995 omnes

985 2029 1068 2050 unum
1079 2029 1119 2048 me
1130 2028 1196 2051 esse,
1206 2025 1309 2055 perque
1317 2021 1436 2049 exteros,
1446 2020 1472 2043 et
1486 2023 1501 2043 a
1518 2022 1578 2042 meo
1589 2014 1663 2042 cultu
1676 2014 1781 2042 alienos

986 2076 1047 2104 quae
1066 2067 1146 2095 libuit
1165 2065 1282 2098 efﬁcere,
1298 2063 1429 2092 credituri
1443 2066 1506 2090 sunt
1520 2071 1527 2095 ;
1541 2061 1587 2096 qui
1604 2068 1652 2096 per
1668 2059 1782 2087 eosdem

986 2114 1067 2141 etiam
1083 2112 1214 2148 populum
1230 2118 1333 2142 meum,
1349 2108 1459 2144 quando
1481 2114 1551 2143 opus
1567 2106 1628 2139 fuit,
1653 2111 1783 2141 tanquam

987 2161 1034 2187 irae
1064 2163 1091 2187 et
1117 2158 1243 2191 tenebris,
1271 2159 1383 2192 propter
1408 2153 1590 2190 correptionis
1618 2153 1784 2186 molestiam,

988 2204 1171 2234 tradiderim:
1198 2210 1261 2230 cum
1284 2206 1375 2229 autem
1401 2204 1476 2228 recte
1511 2202 1636 2235 agentem
1674 2205 1784 2226 servare

989 2250 1092 2284 decuit,
1107 2250 1136 2276 in
1148 2248 1272 2277 eumdem
1300 2250 1412 2282 propter
1440 2245 1545 2280 adeptae
1565 2245 1700 2272 libertatis
1717 2243 1785 2270 laeti-

989 2298 1066 2330 tiam,
1084 2297 1169 2324 lucem
1195 2301 1220 2323 et
1234 2302 1323 2329 pacem
1351 2293 1452 2321 exoriri
1471 2292 1594 2319 fecerim.
1620 2290 1686 2318 Sum
1708 2291 1781 2318 enim

987 2344 1061 2378 pacis
1077 2342 1190 2376 largitor
1206 2345 1231 2368 et
1249 2340 1337 2372 lucis;
1361 2338 1529 2366 tenebrarum
1545 2336 1655 2368 deinde,
1682 2341 1709 2363 et
1737 2343 1785 2362 co»

989 2397 1061 2421 rum,
1082 2387 1162 2422 512
1176 2393 1237 2422 qua:
1251 2385 1372 2412 dolorem
1385 2383 1524 2414 adferunt,
1537 2389 1597 2417 quae
1616 2381 1697 2416 vulgo
1714 2380 1787 2407 mala

151 2439 240 2467 solent
251 2440 399 2474 appellari;
413 2446 530 2474 quorum
548 2446 598 2473 ego
613 2446 663 2473 pro
686 2438 774 2466 meriti
805 2438 939 2472 cujusque
958 2436 1077 2469 ratione,
1090 2435 1118 2462 in
1132 2441 1226 2462 eorum
1236 2433 1419 2464 commodum,
1455 2430 1502 2466 qui
1537 2429 1602 2456 talia
1633 2428 1785 2464 patiuntur.

151 2484 262 2512 eﬂcctor
276 2491 303 2513 et
318 2489 414 2512 auctor
432 2487 489 2520 ipse
500 2493 570 2513 sum.

149 2558 153 2561 γ
188 2531 266 2562 Τινὲς
287 2530 316 2557 δὲ
331 2531 394 2565 φῶς
416 2531 464 2557 καὶ
487 2532 608 2565 σκότος,
627 2533 734 2568 ἡμέραν
753 2533 881 2567 εἰρήκασι
896 2533 943 2559 καὶ

153 2577 250 2604 νύκτα.
262 2577 294 2604 Οἳ
306 2578 353 2604 καὶ
365 2577 438 2604 κακὰ
449 2577 484 2604 τὰ
498 2579 680 2614 ἐπενεχθέντα
692 2580 749 2610 τοῖς
764 2578 943 2610 Βαϐυλωνίοις

155 2623 232 2655 φασὶ,
248 2622 283 2648 δι’
296 2623 329 2656 ἦν
347 2622 520 2655 ἐπεδείξαντο
531 2623 602 2650 κατὰ
617 2623 671 2650 τῶν
689 2622 720 2656 ἐξ
744 2622 850 2658 Ἰσραὴλ
871 2622 943 2658 ἡλω-

154 2667 242 2694 κάτων
260 2668 402 2707 ὼμύτητα,
418 2668 455 2700 ὡς
474 2669 519 2696 διὰ
532 2669 668 2706 Ζαχαρίου
688 2669 733 2697 τὸν
750 2669 816 2696 Θεὸν
835 2669 944 2704 εἰρηκέ-

187 2757 198 2774 ε
219 2757 294 2785 Psal.
311 2765 397 2792 Lxxu,
409 2757 455 2786 Ξ-ί.

1032 2528 1093 2557 Νοιι
1106 2527 1206 2555 desunt
1220 2529 1323 2558 tamen,
1339 2523 1386 2558 qui
1400 2523 1467 2550 lucis
1482 2525 1509 2549 et
1522 2521 1689 2548 tenebrarum
1698 2519 1787 2546 nomi-

997 2584 1042 2610 ne,
1059 2575 1130 2603 diem
1146 2576 1173 2600 et
1190 2576 1298 2599 noctem
1311 2572 1406 2606 putent
1418 2567 1578 2604 significari,
1591 2574 1678 2602 eaque
1689 2567 1787 2593 damna

996 2622 1089 2654 etiam,
1108 2627 1168 2655 quae
1183 2617 1325 2654 Babylonii
1346 2615 1501 2652 patiunlur,
1518 2613 1581 2641 ideo
1595 2612 1702 2644 inferri,
1716 2612 1786 2646 quod

997 2668 1026 2695 in
1042 2666 1166 2702 captivos
1185 2663 1326 2693 lsraelitas
1342 2661 1457 2690 nimium
1472 2667 1501 2689 se
1517 2658 1665 2687 crudeliter
1693 2664 1787 2694 gesse-

820 2804 936 2834 νΑιιιΑι]
963 2803 1168 2832 LECTIONES.

207 2853 221 2872 ll
235 2852 279 2880 Ζσ.
296 2852 376 2879 λείπ.
397 2852 439 2879 ἐκ.
