2002 3078
170 167 238 199 2421

171 221 386 257 ὗεδικαιώμεοα.
401 222 470 258 Περὶ
481 219 511 249 οὖ
527 231 595 258 φησι
605 221 653 249 καὶ
666 221 748 248 Δαόίδ
760 229 767 237 ·
787 230 797 246 ‹
813 220 967 254 Είργάσατο
981 222 1004 250 Α

172 266 346 301 δικαιοσύνη-ν
360 267 389 293 ἐν
408 267 484 302 μέσῳ
498 268 548 302 τῆς
560 267 622 302 γῆς.
636 276 645 293 ι
661 266 709 292 Ἐκ
722 265 778 301 γῆς
788 265 842 300 γὰρ
852 262 963 299 εἶχετὴν

174 313 264 349 σάρκα
283 313 321 349 μὴ
338 313 524 340 κατελθοῦσαν
539 313 573 346 ἐξ
589 321 604 339 ο
616 313 744 348 ὺραγοῦ.
762 343 767 348 ,

731 165 1000 198 COMMENTARII
1018 164 1060 196 IN
1081 165 1226 197 ISAIAM.

1726 162 1802 193 24:23

1020 218 1102 245 habet
1115 220 1281 254 copulatam.
1297 218 1356 247 Nisi
1373 218 1396 247 si
1412 218 1598 254 quisjustitiw
1610 217 1641 246 de
1653 223 1726 246 terra
1751 227 1816 246 e10-

1018 265 1112 292 rientis
1146 266 1267 298 nomine,
1289 265 1436 293 Dominum
1464 265 1618 300 signiﬁcari
1648 265 1735 298 malit,
1766 272 1816 300 per

1019 317 1099 344 quem
1140 311 1359 338 misericordiam
1394 311 1547 343 consecuti,
1578 311 1701 346 justique
1726 309 1823 339 eﬁ'ecl't

175 368 272 389 sumus
289 369 296 387 :
313 360 347 387 de
360 368 415 396 quo
427 365 453 388 et
463 359 574 387 Davidis
585 360 630 386 illa
643 364 706 387 sunt
723 368 730 385 :
750 368 759 384 ι
774 358 910 394 Operatus
925 360 967 384 est
987 355 1105 383 salutem
1123 356 1150 384 in
1170 357 1261 384 medio
1277 357 1372 384 mundi
1386 357 1418 383 “‘.
1437 366 1446 382 ι
1463 357 1528 392 quia
1547 364 1657 385 carnem
1685 358 1718 384 de
1747 361 1819 384 terra

177 417 230 437 non
245 407 309 435 (telo
322 408 470 436 demissam
490 408 597 435 habuit.

212 455 226 481 Θ
242 454 297 486 -ιζ’.
311 455 338 480 Ἐ
343 454 381 489 rd)
387 455 444 489 ειμι
451 455 557 488 Κύριος
564 455 580 481 ὁ
586 454 694 486 κτίσας
700 461 746 485 σε,
754 450 973 484 ποιῶν-βελτίω,

178 501 389 527 κατεσκεύασα
404 501 443 533 ὡς
455 501 555 534 πηλὸν
569 500 727 534 κεραμέως.
742 499 789 533 Μὴ
803 500 818 525 ὁ
833 496 978 532 ἀροτριῶν

179 547 347 582 ἀροτριὰσει
361 547 419 581 τὴν
434 547 492 582 γῆν
506 548 583 582 ὅλην
597 547 655 581 τὴν
664 547 796 582 ήμέραη
815 544 862 578 Μὴ
887 543 950 578 ἐρεῖ
961 544 978 570 ὁ

180 594 279 626 πηλὸς
303 593 342 626 τῷ
368 593 499 628 κεραμεῖ,
523 595 554 621 Τί
578 593 685 627 ποιεῖς,
711 593 754 619 ὅτι
778 593 833 619 οὐκ
857 588 976 625 ἐργάζῃ,

181 640 253 666 οὐδὲ
274 640 353 674 ἔχεις
371 641 490 675 χεῖρας;
509 641 582 668 Οὐαὶ
608 642 624 668 ὁ
645 641 742 676 λέγων
753 639 794 673 τῷ
817 638 917 673 πατρὶ,
945 637 978 664 Τι

182 686 360 721 γεννήσεις;
376 696 402 714 κ.
418 696 444 715 τ.
462 687 488 714 λ.

225 735 371 770 Ἐπιτιμᾷν
383 736 396 762 ὁ
410 736 488 769 λόγος
499 735 573 762 δοκεῖ
587 736 642 767 τοῖς
657 735 726 771 μετὰ
743 734 877 770 τοσαύτην
889 734 976 768 ἐπαγ-

183 780 277 814 γελίαν
294 781 344 816 τὴν
367 781 495 817 περὶτῆς
517 782 694 818 ἀνακλήσεως
715 781 751 817 μὴ
778 780 978 817 προστρέχουσι

183 826 223 862 τῷ
239 826 309 862 Θεῷ,
326 827 374 853 καὶ
388 827 425 860 ὡς
439 827 549 854 πάντων
562 828 619 854 ὄντι
638 827 698 862 Θεῷ
713 827 784 854 κατὰ
804 826 900 862 καιρὸν
913 835 978 852 παι-

185 871 289 898 δεύοντι
299 872 345 898 τὸν
354 872 430 904 λαὸν,
441 873 489 899 καὶ
498 872 579 899 πάλιν
591 871 938 907 ἀναλαμϐάνοντι,βελτίω
945 878 978 897 τε

185 918 231 944 τὸν
249 918 313 945 ναὸν
327 918 374 944 καὶ
397 917 445 953 τὴν
464 917 543 944 πόλιν
563 916 817 947 κατασκευάζοντι
839 916 918 951 δίκην
934 924 979 942 κε-

183 963 302 998 ραμέως
316 963 351 990 τὰ
364 964 542 999 συντριϐέντα
553 964 634 990 πάλιν
647 963 847 998 ἀνανεουμένῳ,
863 963 911 990 καὶ
925 962 979 989 τῶν

188 1010 306 1046 πρώτων
327 1010 446 1045 κρείττω
469 1010 604 1037 δεικνύντι
621 1009 656 1036 τὰ
676 1008 802 1045 δεύτερα.
821 1009 878 1044 Τὴν
894 1008 980 1044 αὐτὴν

188 1055 279 1082 λαϐὼν
295 1056 363 1088 Θεὸς
382 1056 430 1083 καὶ⁸
445 1056 514 1090 πρὸς
534 1056 670 1091 Ἱερεμίαν
690 1055 783 1081 εἰκόνα
796 1054 980 1090 προσέθηκεν·

193 1112 202 1128 ‹
214 1103 245 1128 El
256 1102 346 1134 καθὼς
356 1103 369 1129 ὁ
386 1103 524 1137 κεραμεὺς
540 1098 618 1133 οὗτος
632 1102 663 1128 οὐ
673 1102 824 1137 δυνήσομαι
836 1101 884 1128 τοῦ
898 1100 982 1136 ποιῆ·

191 1157 236 1175 σαι
253 1149 327 1183 ὑμᾶς
354 1148 429 1180 οἶκος
452 1147 577 1184 Ἰσραήλ;
599 1158 608 1174 ι
625 1148 673 1175 καὶ¹
693 1147 740 1175 νῦν
754 1148 783 1174 δέ
800 1156 867 1182 φησι
880 1147 924 1174 διὰ.
935 1147 982 1173 τοῦ

191 1195 327 1230 παρόντος
347 1195 500 1231 προφήτου,
523 1195 564 1221 ὅτι
585 1195 711 1227 ,βέλτιον
725 1195 739 1215 ι
757 1194 983 1228 κατεσκεύασα,
1002 1218 1008 1224 ,

192 1242 239 1268 νῦν
263 1242 300 1273 ὡς
326 1241 426 1276 πηλὸν
451 1241 602 1277 κεραμέως
625 1242 671 1268 τὸν
699 1241 783 1269 πάλαι
808 1241 986 1276 συντριϐέντα

192 1288 268 1315 λαόν.
292 1289 366 1315 Ἀντὶ
387 1289 415 1315 δὲ
435 1289 483 1315 τοῦ
509 1289 604 1315 ποιῶν
619 1288 748 1320 ,βέλτιον
763 1288 985 1318 κατεσκεύασα,

195 1334 351 1369 Σύμμαχος.
359 1333 475 1370 ἔφησεν⁸
492 1333 563 1361 Οὐαί
575 1335 590 1360 ὀ
602 1333 768 1367 ἀντιλέγων
781 1333 820 1366 τῷ
834 1333 987 1360 πλάσαντι

194 1381 299 1407 αὐτόν.
323 1381 396 1406 Ἀντὶ
419 1380 448 1406 δὲ
467 1380 531 1407 τοῦ·
555 1380 603 1415 Μὴ
619 1382 635 1407 ὀ
653 1379 796 1414 ἀροτριῶν
817 1379 988 1414 ἀροτριάσει

194 1427 252 1460 thr
269 1427 326 1461 γνῆν
338 1434 347 1458 ;
361 1428 374 1453 ὁ
400 1425 560 1459 Θεοδοτίων,
577 1426 721 1461 ἀροτριῶν
736 1426 806 1459 τοὺς
829 1426 989 1460 ἀροτριῶν-

195 1481 249 1505 τας
261 1472 318 1506 τὴν
328 1472 397 1506 γῆν.
413 1472 483 1506 Ἐγὼ
495 1472 559 1507 γὰρ,
573 1473 668 1507 φησιν,
684 1473 698 1498 ὁ
710 1473 774 1504 τοὺς
785 1472 927 1504 οἰκοῦντας
941 1472 991 1505 τὴν

196 1519 248 1553 γῆν
262 1519 394 1553 γεωργῶν
408 1519 565 1553 μετέπλασα
578 1518 624 1544 τὸν
639 1517 715 1544 λαόν.
731 1518 776 1553 Μὴ
789 1517 836 1544 οὖν
852 1516 992 1544 ἐναντιοῦ-

995 898 1016 927 Β

199 1565 247 1591 σῡε
266 1566 326 1596 ταῖς
344 1566 424 1599 ἐμαῖς
450 1565 629 1600 οἰκονομίαις,
646 1564 686 1597 ὡς
702 1563 774 1590 οὐδὲ
794 1563 892 1597 πηλὸς
908 1571 995 1597 κερα-
1007 1570 1029 1600 C

195 1611 255 1646 μεῖ.
276 1610 379 1644 Πηλοῦ
397 1611 451 1646 γὰρ
464 1611 542 1644 λόγον
560 1611 594 1637 ἐκ
609 1609 666 1645 γῆς
679 1609 868 1642 πλασθέντες
891 1609 990 1644 ἔχομεν

196 1657 234 1688 ὼς
249 1658 318 1692 πρὸς
335 1657 463 1691 κεραμέα
478 1657 523 1683 τὸν
542 1657 653 1683 πάντων
666 1655 847 1691 Δημιουργόν.
869 1656 926 1687 Πᾶς
941 1655 991 1690 μὲν

197 1703 244 1730 οὖν
259 1703 468 1739 ἐναντιούμενος
485 1702 672 1734 ταλανίζεται,
688 1702 835 1737 ἐξαιρέτως
858 1701 887 1728 δὲ
904 1702 918 1728 ὸ
934 1702 990 1728 Πα-

197 1749 266 1784 τέρα
291 1747 383 1783 λαχὼν
409 1748 455 1775 τὸν
477 1748 543 1774 Θεὸν
563 1747 639 1782 αὐτῷ
660 1756 691 1773 τε
713 1747 778 1778 λαὸς
799 1747 989 1781 ἀνακείμενος.

200 1796 274 1823 Οὐαὶ
292 1795 346 1831 γὰρ
362 1797 378 1822 d
401 1796 498 1830 λέγων
521 1794 561 1828 τῷ
575 1794 677 1828 πατέρι
702 1794 809 1827 αὑτοῦ,
829 1794 859 1820 Τί
881 1793 990 1828 γεννή‹

199 1849 285 1875 σεις;
300 1842 316 1877 ἢ
337 1842 408 1868 κατὰ
424 1841 584 1876 Σύμμαχον,
601 1841 632 1868 Τί
646 1840 829 1876 ἐγέννησας
842 1840 878 1866 Οὺ
893 1839 994 1867 παύον-

199 1897 244 1915 ται
258 1887 313 1922 γάρ
330 1896 403 1919 τινες
422 1886 603 1921 ἐγκαλοῦντες
617 1885 678 1921 θεῷ
690 1892 697 1900 ⁸
717 1884 750 1910 Τί
764 1884 819 1919 γὰρ
832 1884 886 1910 ἔδει
897 1883 992 1910 τούτου

199 1934 246 1961 τοῦ
262 1934 337 1969 βίου;
352 1933 400 1965 Τίς
415 1934 432 1968 ἡ
449 1933 544 1959 τούτου
561 1931 713 1966 διοίκησις;
731 1930 779 1958 καὶ
791 1930 832 1962 τίς
849 1930 961 1957 ἐκείνων
977 1930 994 1965 ἡ

201 1982 300 2018 χρείας
319 1980 404 2016 ἐχρῆν
416 1980 444 2007 δὲ
461 1978 533 2006 οὕτω
548 1978 724 2014 γεγενῆσθαι.

238 2113 306 2141 Εἷτά
322 2120 414 2148 φησιν·
431 2110 618 2145 Ἑρωτήσατέ
627 2118 665 2144 με
685 2108 753 2143 περὶ
769 2107 829 2135 τῶν
839 2107 914 2135 υιῶν
923 2116 995 2143 μου,

204 2161 253 2188 καὶ
269 2161 335 2194 περὶ
351 2159 410 2186 τῶν
425 2158 519 2193 ἔργων
535 2157 595 2184 τῶν
609 2155 790 2191 χειρῶνμου.
809 2154 858 2181 Διὰ
871 2154 921 2189 μὲν
937 2153 997 2181 τῶν·

204 2206 277 2234 υἱῶν
292 2205 433 2241 σημαίνων
449 2205 498 2239 τὴν
515 2204 613 2239 νοερὰν
630 2201 723 2229 οὐσίαν
739 2200 787 2228 καὶ
804 2201 929 2236 λογικήν.
946 2201 997 2226 Διὰ

1065 446 1147 484 514
1167 447 1248 476 Vens.
1264 448 1342 475 9-17.
1364 446 1419 482 Ego
1435 455 1494 474 sum
1509 446 1591 479 Deus,
1611 446 1656 482 qui
1678 446 1764 473 creari
1784 451 1818 477 te,

1029 494 1131 528 faciens
1147 495 1294 526 meliorem,
1313 494 1462 528 pra’paravi
1481 497 1510 520 ut
1532 493 1616 519 lutum
1639 493 1726 527 ﬁguli.
1746 491 1820 519 Num

1028 539 1074 574 qui
1092 544 1152 566 arat
1172 544 1281 571 terram,
1298 539 1389 566 arabit
1407 543 1462 566 tota
1476 539 1518 565 die
1531 538 1544 565 7
1561 546 1622 564 num
1642 538 1710 565 dicet
1736 537 1821 564 lutum

1029 586 1112 620 ﬁgulo
1124 593 1132 612 :
1142 585 1213 619 Quid
1223 585 1302 620 facis,
1317 585 1442 620 quoniam
1451 593 1503 611 non
1515 585 1644 619 operaria,
1653 592 1733 619 neque
1744 583 1821 611 habes

1029 640 1124 659 manus
1138 633 1150 660 ?
1170 631 1215 660 Va!
1230 633 1275 667 qui
1290 631 1355 658 dicit
1371 632 1454 666 patri,
1472 631 1543 664 Quid
1555 630 1692 666 generabis
1705 632 1717 659 ?
1732 636 1784 658 etc.

1066 720 1123 748 illis
1139 721 1229 748 oratio
1253 727 1421 748 succensere
1438 719 1558 753 videtur,
1582 719 1630 754 qui
1654 710 1716 754 post
1733 722 1823 746 tantas

1031 766 1231 801 protnissiones
1252 767 1285 794 ad
1304 774 1365 794 eum
1390 773 1444 793 non
1464 765 1608 798 festinant,
1624 766 1671 800 qui
1693 770 1824 799 tanquam

1031 813 1155 840 omnium
1182 813 1265 846 Dens,
1287 820 1348 840 cum
1377 813 1509 848 populum
1533 812 1694 847 aliquandiu
1718 811 1823 842 afﬂixit,

1032 859 1151 886 admittit.
1164 867 1283 892 rursum,
1299 860 1457 895 temploque
1471 863 1498 887 et
1514 859 1582 886 urbe
1595 859 1622 886 in
1645 858 1741 885 melius
1758 866 1826 892 prce-

1030 905 1144 940 paratis,
1173 913 1234 940 qua:
1259 905 1378 932 contrita
1402 905 1532 937 inerant,
1558 912 1612 931 non
1639 904 1719 931 aliter
1742 911 1824 938 quam

1030 951 1141 985 ﬁgulus,
1154 951 1302 982 instaurat,
1319 955 1346 978 et
1362 951 1481 978 secumla
1500 950 1639 985 prioribus
1656 948 1769 976 meliora
1784 948 1826 976 ei-

1032 996 1098 1023 iicit.
1112 996 1162 1023 Est
1175 1003 1240 1024 vero
1259 999 1287 1023 et
1307 996 1379 1031 apud
1394 995 1542 1022 Jeremiam
1557 994 1653 1022 eadem
1675 1001 1744 1021 usus
1758 993 1827 1020 ima-

1031 1043 1094 1078 gine
1109 1042 1191 1076 Deus,
1212 1051 1274 1070 cum
1285 1043 1324 1070 ait
1339 1050 1346 1068 :
1361 1051 1370 1068 ο
1386 1041 1529 1077 Nunquid,
1548 1042 1622 1069 sicut
1645 1040 1745 1076 ﬁgulus
1762 1040 1826 1072 iste,

1033 1098 1086 1117 non
1108 1094 1204 1125 potero
1224 1089 1303 1117 vobis
1321 1089 1423 1122 facere,
1437 1089 1536 1117 domus
1547 1088 1632 1116 lsrael
1649 1087 1692 1114 "-‘2
1708 1097 1717 1113 ι
1735 1087 1781 1114 Sic
1800 1091 1828 1114 et

1033 1137 1117 1172 hujus
1133 1145 1163 1164 se
1175 1136 1232 1171 jam
1250 1137 1390 1172 prophetae
1399 1143 1466 1163 voce
1480 1136 1631 1162 contritum
1642 1138 1762 1161 veterem
1780 1141 1829 1168 po-

1034 1183 1142 1217 pulum,
1163 1187 1290 1217 tanquam
1308 1182 1385 1217 ﬁguli
1403 1181 1488 1208 lutum
1512 1180 1593 1216 515
1610 1187 1758 1212 reparasse,
1775 1187 1830 1206 tne-

1036 1228 1180 1263 lioremque
1198 1227 1322 1255 eﬂ'ecisse
1345 1227 1494 1262 significat.
1520 1226 1573 1253 Sed
1595 1226 1748 1254 notandqu
1775 1229 1828 1256 est.

1036 1282 1092 1310 quo
1107 1275 1178 1307 loco,
1197 1275 1296 1310 faciens
1312 1274 1450 1301 meliorem
1466 1274 1616 1308 prwparavi
1631 1274 1776 1306 habemus,
1792 1281 1831 1300 ea:

1041 1320 1087 1355 qui
1115 1319 1277 1347 contradicit
1306 1320 1396 1354 ﬁctori
1421 1327 1470 1346 suo
1494 1318 1691 1355 Symmachum
1723 1319 1830 1354 legere,

1037 1366 1148 1400 deinde,
1162 1374 1212 1402 pro
1227 1365 1346 1401 nunquid
1367 1374 1448 1392 armis
1467 1365 1556 1392 arabit
1574 1369 1684 1398 terram,
1704 1364 1832 1392 Theodo-

1039 1413 1153 1444 tionem,
1171 1411 1217 1446 qui
1236 1415 1296 1438 arat
1313 1415 1422 1437 arentes
1439 1414 1552 1443 terram,
1569 1409 1758 1445 interpretari.
1771 1409 1835 1444 Ipse

1040 1457 1125 1490 enim,
1138 1456 1187 1488 ait,
1208 1455 1341 1491 populum
1361 1457 1390 1482 in
1417 1456 1532 1482 formam
1550 1454 1633 1482 aliam
1651 1454 1767 1487 mutavi,
1785 1454 1833 1489 qui

1043 1509 1122 1532 terra:
1135 1502 1254 1536 incolas,
1269 1509 1398 1538 agrorum
1419 1501 1517 1534 instar,
1529 1508 1655 1533 exerceo,
1679 1504 1706 1528 et
1722 1500 1833 1535 subigo.

1045 1548 1140 1576 Videte
1152 1548 1235 1582 igitur
1251 1556 1285 1575 ne
1298 1547 1425 1575 instituto
1446 1554 1507 1574 meo
1520 1554 1643 1581 meaeque
1655 1546 1835 1582 providentiae

1045 1594 1239 1627 adversemini,
1253 1602 1304 1622 non
1317 1593 1401 1629 magis
1413 1601 1493 1628 quant
1510 1593 1596 1620 lutum
1615 1593 1709 1628 ﬁgulo.
1730 1592 1835 1623 Sumus

1041 1641 1114 1668 enim
1136 1640 1188 1667 luti
1205 1641 1304 1672 instar,
1323 1639 1370 1675 qui
1395 1639 1427 1666 de
1443 1642 1515 1665 terra
1534 1639 1672 1673 ﬁngimur,
1686 1638 1709 1666 si
1723 1638 1757 1665 ad
1774 1645 1836 1664 om-

1041 1688 1117 1714 nium
1140 1687 1267 1722 opiﬁcem
1293 1685 1406 1721 ﬁgulum
1428 1685 1605 1720 respicimus.
1627 1684 1677 1712 Est
1700 1684 1837 1720 igiturin-

1042 1734 1106 1761 felix
1117 1733 1278 1768 quicunque
1290 1732 1380 1760 eidem
1396 1731 1570 1764 adversatur,
1584 1730 1632 1759 sed
1641 1731 1687 1758 ille
1700 1730 1838 1766 praecipue

1042 1779 1090 1814 qui
1110 1779 1195 1807 Deum
1217 1779 1244 1806 in
1272 1779 1381 1806 Patrem
1406 1777 1532 1810 sortitus,
1556 1776 1700 1811 eidemque
1721 1776 1838 1812 populus

1042 1826 1158 1854 ell‘ectus
1189 1825 1242 1861 ipsi
1265 1833 1326 1853 sese
1348 1824 1431 1852 audet
1453 1831 1604 1859 Opponere.
1626 1822 1671 1850 Vae
1693 1823 1765 1851 enim
1792 1823 1839 1858 qui

1044 1872 1107 1899 dicit
1121 1872 1192 1906 patri
1205 1880 1264 1902 suo,
1278 1871 1348 1904 Quid
1357 1870 1496 1906 generabis
1509 1870 1587 1902 ?aut,
1599 1869 1751 1896 secundum
1763 1868 1840 1904 Sym-

1045 1918 1184 1951 machum,
1194 1917 1264 1951 Quid
1277 1917 1391 1952 genuisti
1403 1917 1416 1943 7
1432 1923 1485 1942 non
1498 1915 1629 1943 desinunt
1641 1915 1714 1942 enim
1731 1914 1786 1941 Deo
1799 1914 1840 1941 sic

1049 1965 1200 1993 conviciari
1224 1963 1363 1991 nonnulli:
1376 1961 1545 1997 Ecquidnam
1557 1962 1613 1989 vita
1630 1961 1681 1989 ista
1696 1959 1840 1996 opusfuitv?

1047 2011 1148 2047 ecquid
1167 2011 1263 2039 isthaac
1280 2009 1484 2037 administratio
1498 2009 1509 2035 ?
1522 2008 1616 2043 Ecqua
1633 2009 1745 2036 illorum
1762 2007 1840 2034 utili~

1048 2058 1109 2086 tris?
1125 2059 1159 2085 At
1172 2059 1209 2085 ita
1225 2057 1283 2084 ﬁeri
1295 2056 1432 2092 oportuit.

1084 2104 1186 2132 Deinde
1208 2102 1321 2137 subiicit
1334 2111 1340 2129 :
1354 2100 1521 2135 [interrogate
1537 2107 1578 2126 me
1592 2097 1624 2126 de
1643 2098 1708 2133 ﬁliis
1721 2098 1796 2130 meis,
1817 2103 1842 2125 et

1048 2153 1080 2179 de
1093 2149 1214 2185 operibus
1229 2155 1357 2175 manuum
1373 2154 1505 2173 mearum.
1520 2145 1571 2173 Ubi
1584 2144 1703 2179 ﬁliorum
1719 2144 1840 2177 nomine,

1050 2195 1233 2232 intelligendi,
1248 2193 1487 2227 ratiocinandique
1504 2198 1621 2226 capaces
1636 2193 1751 2217 naturas
1768 2198 1775 2223 ;
1796 2197 1844 2225 per

204 2253 232 2278 δὲ
248 2251 306 2278 τῶν
321 2236 441 2285 Πέργων,
458 2236 491 2276 τὰ
512 2236 582 2284 μέρή
605 2248 653 2274 τοῦ
677 2247 793 2282 κόσμου.
807 2247 838 2272 Εἰ
866 2246 916 2281 μὲν
941 2246 989 2282 γὰρ

1049 2251 1128 2277 opera
1158 2246 1266 2272 autem,
1290 2239 1386 2267 mundi
1421 2242 1516 2274 partes
1551 2236 1696 2265 intellexit.
1722 2236 1751 2263 Si
1776 2236 1843 2272 quid

206 2298 277 2332 ἔχεις
292 2306 329 2329 τι,
343 2296 438 2331 φησὶν,
465 2295 562 2327 εἰπεῖν,
579 2293 618 2324 εἰς
635 2293 739 2319 τούτων
756 2291 911 2328 διόρθωσιν,
923 2292 997 2326 λέγε.

206 2345 237 2370 Ei
252 2343 280 2370 δὲ
300 2343 395 2378 μαθεῖν
410 2350 452 2373 τις
468 2341 556 2367 ἐθέλει
570 2339 634 2374 περὶ
651 2339 751 2371 αὐτῶν,
777 2338 821 2365 διὰ
844 2337 899 2364 τῶν
923 2337 999 2373 ἐμῶν

206 2389 340 2425 ἐρωτάτω
353 2397 386 2424 με
412 2387 573 2422 προφητῶν,
589 2385 637 2412 καὶ
653 2385 789 2420 γνώσεται
813 2383 875 2411 τίνα
897 2384 999 2419 τρόπον

206 2437 296 2464 ’πάντα
306 2436 391 2463 διέπω
403 2434 564 2469 κηδόμενος.
583 2432 651 2459 Τίνα
665 2432 720 2467 γὰρ
738 2431 796 2466 ἔχει
823 2430 928 2466 μέμψιν
944 2431 999 2457 ἀν-

206 2482 325 2517 θρώπου
340 2480 523 2517 δημιουργία;
540 2479 617 2505 ποῖον
640 2478 668 2504 δὲ
681 2477 804 2512 κάλλιοςῆ
819 2476 934 2512 μέγεθος
949 2471 1001 2504 υύέ

203 2530 299 2565 μανὸς
311 2529 342 2555 ob
356 2527 526 2563 παρέρχεται
538 2534 545 2558 ;
561 2525 587 2551 τί
598 2525 627 2551 δὲ
638 2525 675 2560 μὴ
686 2524 754 2560 πρὸς
767 2523 862 2559 χρείαν
875 2523 999 2557 ὲγένετο;

206 2575 252 2609 Γῆ
270 2574 320 2610 μὲν
333 2573 440 2609 οἴκησιν
464 2571 619 2606 ἀνθρώπῳ,
631 2571 678 2598 καὶ
692 2569 776 2605 φυτὰ,
798 2569 844 2596 καὶ
860 2569 917 2602 ςῶα
931 2569 1001 2603 πρὸς

206 2622 256 2657 τὴν
268 2621 351 2648 αὑτοῦ
368 2621 478 2656 χρῆσιν,
506 2618 677 2654 παρέχουσα.
705 2616 840 2651 Οὐρανοῦ
854 2615 882 2642 δὲ
904 2614 1001 2649 ἄστρα

208 2667 255 2695 νῦν
273 2667 323 2702 μὲν
337 2666 413 2701 αὐτῷ
423 2664 613 2700 δᾳδουχοῦντα·
633 2663 681 2690 νῦν
695 2662 724 2689 δὲ
736 2662 817 2689 πάλιν
832 2662 861 2688 ὲν
875 2660 1000 2697 ἁρμονίῳ

208 2715 316 2750 κινήσει
342 2714 445 2748 σημεῖα
465 2712 512 2739 καὶ
528 2711 644 2747 χρόνους
666 2709 832 2737 ἀποτελέσαι
850 2708 999 2743 δυνάμενα.

209 2762 281 2798 Πρὸς
294 2761 322 2787 δὲ
336 2761 393 2791 τοῖς
406 2759 496 2791 ἄλλοις
513 2759 617 2791 καλοῖς,
636 2758 755 2793 Ἦγ-ειρα
765 2756 813 2783 καὶ
822 2755 865 2782 διὰ
879 2755 925 2782 τὸν
934 2754 1001 2790 ἐμὸν

246 2820 268 2837 ιδ
280 2819 353 2848 Psal.
372 2827 456 2847 Lxxnt
489 2819 533 2847 12.
573 2818 595 2834 ¹⁹
612 2817 712 2845 Jerczn.
735 2824 812 2849 mu,
831 2816 848 2843 6

1049 2291 1121 2318 enim
1135 2289 1209 2317 vales
1223 2288 1327 2319 dicere,
1341 2286 1440 2320 inquit,
1452 2289 1480 2312 tu
1494 2284 1563 2312 illud
1579 2284 1606 2311 in
1623 2284 1741 2311 istorum
1752 2291 1845 2310 emcn-

1049 2337 1187 2365 dationem
1213 2333 1450 2367 directionemque
1476 2330 1633 2366 pro.|ucito.
1670 2330 1718 2357 Sin
1749 2334 1841 2356 autem

1050 2384 1157 2411 discere
1181 2384 1208 2408 et
1234 2380 1331 2408 audire
1351 2379 1385 2406 de
1404 2378 1461 2406 illis
1484 2378 1634 2412 quisquam
1654 2376 1766 2411 cupiat,
1795 2383 1845 2410 per

1050 2438 1128 2459 meus
1151 2436 1196 2456 me
1213 2427 1362 2463 prophetas
1388 2426 1544 2460 interroget,
1563 2429 1592 2450 ut
1605 2423 1651 2458 qui
1673 2422 1765 2450 omnia
1785 2422 1845 2455 ipse

1053 2482 1153 2510 magna
1170 2482 1236 2502 cura
1259 2473 1368 2504 obeam,
1392 2470 1538 2505 intelligat.
1556 2468 1628 2502 Quid
1653 2468 1725 2497 enim
1750 2470 1792 2493 est
1816 2465 1844 2492 in

1054 2520 1169 2548 hominis
1182 2519 1298 2550 fabrica,
1314 2517 1387 2552 quod
1404 2515 1549 2551 quisquam
1562 2511 1845 2549 rept'eliendattQuid

1054 2565 1199 2601 pulchrum
1223 2562 1301 2594 adeo,
1326 2560 1369 2589 vel
1386 2567 1527 2595 magnum,
1548 2558 1623 2593 quod
1650 2557 1796 2592 splendore
1818 2560 1847 2583 et

1054 2609 1235 2646 amplitudine
1248 2607 1344 2635 cazlum
1363 2613 1419 2634 non
1436 2603 1567 2640 superet?
1581 2603 1654 2636 Quid
1677 2610 1733 2630 non
1753 2602 1780 2628 in
1800 2607 1848 2628 eo-

1055 2660 1116 2687 dem
1130 2657 1164 2685 ad
1177 2656 1324 2684 utilitatem
1344 2650 1552 2687 comparatum?
1569 2649 1653 2678 Terra
1664 2648 1776 2684 quidem
1785 2647 1846 2682 ipsa

1057 2706 1085 2732 in
1099 2702 1309 2733 habitationem,
1329 2703 1359 2726 nt
1375 2698 1486 2730 plantae,
1508 2701 1536 2723 ct
1554 2695 1685 2723 animalia
1703 2695 1730 2722 in
1751 2701 1846 2723 usum,

1056 2750 1207 2779 [caminibus
1218 2750 1364 2777 cesserunt
1377 2753 1384 2773 :
1397 2743 1555 2773 cacliautem
1573 2747 1661 2776 astra,
1676 2741 1774 2778 partim
1786 2740 1852 2775 (ινιτ

872 2874 989 2904 ὶίΛῐὶΙιΕ
1007 2870 1214 2901 LECTIONES.

256 2927 266 2946 k
278 2935 322 2963 γρ.
333 2925 440 2961 βελτὶω.
