2002 3078
159 109 231 143 2423

813 112 992 143 PROCOPII
1011 112 1131 142 GAZJEI

1727 113 1800 145 2424

160 169 221 196 dent
244 172 273 195 ut
293 167 346 203 ipsi
372 167 569 204 prtelucerent;
596 169 695 203 partim
721 177 799 202 varo,
821 174 850 196 ut
876 175 949 196 motu

1021 169 1068 196 αὸν
1082 170 1216 202 βασιλέα
1227 190 1234 202 ,
1250 170 1266 206 ἢ
1285 170 1395 204 Κῦρον,
1411 170 1509 206 λέγων,
1527 168 1574 204 οὗ,
1591 171 1685 206 φησὶν,
1696 172 1725 198 ai
1737 170 1801 197 ὁδοὶ

161 215 294 242 continuo
316 214 394 248 signa
415 218 443 241 et
460 219 583 249 tempora
603 217 741 243 coniicere
760 215 895 243 valerem.
910 215 948 242 Ad

162 262 230 294 inec,
251 265 280 288 ut
301 261 432 294 praeclara
459 261 512 288 alia
531 265 647 294 taceam,
669 263 786 290 excitavi
796 265 824 290 et
845 262 906 297 ipse
926 262 954 288 in

162 308 256 342 populi
283 309 334 335 mei
361 308 538 335 commodum
562 308 645 344 516
663 317 760 345 regem,
787 309 831 336 vel
855 308 955 344 Cyrum

163 354 299 385 immens;
316 362 403 388 cujus,
420 354 521 389 inquit,
539 355 588 382 vite
601 359 680 382 rectm
694 361 766 387 sunt,
788 360 834 382 aut
849 361 950 383 seCun-

162 401 226 425 dum
243 399 439 434 Synnnacllum
461 407 467 426 :
487 399 519 427 Et
532 408 622 427 omnes
638 401 695 428 vias
712 401 770 436 ejus
785 401 902 436 dirigam
915 408 920 426 :
931 404 955 426 et

163 446 218 479 ipse
235 446 379 480 a’diﬁcabit
394 447 530 473 ciuitatem
547 455 643 474 meam.
656 446 721 474 Eam
742 447 814 475 enim
830 448 888 482 ipse
908 453 953 481 p0—

164 491 248 518 tenlia
264 491 424 526 a'diﬁcavit,
440 492 486 527 qui
502 492 661 520 volentibus
673 493 774 526 redire,
792 497 819 520 et
835 493 955 527 iliipsnm

164 543 305 571 praestare,
323 538 416 565 multis
435 538 589 565 muneribus
610 539 733 573 acceptis
755 538 928 566 concessit”
948 546 954 564 :

166 584 209 610 vel
226 583 423 611 Zorohahelem
441 584 475 612 de
488 584 574 619 stirpe
588 585 699 612 Davidis
720 589 897 620 prognatum;
911 583 958 618 qui

1004 217 1126 246 εὐθεῖαι,
1150 219 1186 244 ’Ἡ
1200 217 1272 245 κατὰ
1288 218 1447 253 Σύμμαχον,
1466 219 1514 245 κα)
1529 218 1632 252 πάσας
1644 219 1698 251 τὰς
1710 218 1800 250 ὀδοὺς

1009 263 1103 291 αὑτοῦ
1116 264 1243 292 εὐθυνῶ.
1261 265 1316 292 Καὶ
1329 264 1420 298 οὗτος
1434 265 1625 299 οἰκοδομήσει
1642 265 1700 298 τὴν
1711 266 1803 291 πόλιν

1006 318 1076 344 μου.
1092 311 1212 346 Δυνάμει
1230 311 1293 346 ’γὰρ
1311 311 1393 343 αὐτὸς
1423 312 1503 338 αὑτὸν
1523 311 1719 346 ᾠκοδόμησεν
1742 312 1803 337 ἐπι-

1007 354 1111 390 τρέψας
1123 358 1181 387 τοῖς
1198 356 1339 384 ἐθέλουσιν
1351 357 1466 389 ἀνιέναι,
1479 357 1615 384 καὶτοῦτο
1628 358 1716 384 ποιεῖν
1731 356 1804 389 μετὰ

1003 399 1105 434 δώρων
1134 401 1247 434 τούτους
1271 403 1361 437 ἀφείς.
1381 404 1416 429 Ἢ
1432 403 1588 438 Ζοροϐάϐελ
1604 404 1635 430 ὲκ
1658 403 1741 429 Δαϐὶδ
1757 402 1803 427 ἓλ-

1004 455 1088 474 κοντα
1098 448 1148 484 τὴν
1161 449 1254 483 γονὴν,
1265 449 1294 481 ὃς
1306 449 1480 484 ἡγησάμενος
1492 449 1546 476 τῶν
1557 449 1723 476 ἀνελθόντων
1734 449 1806 481 ᾠκο-

1005 492 1120 527 δόμησε
1133 494 1179 521 τὸν
1204 495 1277 522 ναόν.
1296 495 1362 530 Περὶ
1376 491 1406 522 οὗ
1423 504 1506 530 φησιν
1520 503 1527 509 ·
1546 505 1554 521 ‹
1567 495 1600 522 Αἰ
1613 497 1705 530 χεῖρες
1720 496 1804 529 Ζορο-

1009 538 1092 565 ϐάϐελ
1107 539 1294 575 ἐθεμελίωσαν
1308 541 1354 567 τὸν
1384 541 1459 568 οἶκον
1479 540 1585 575 τοῦτον,
1607 542 1656 567 καὶ
1671 541 1700 567 al
1717 541 1806 576 χεῖρες

1013 582 1096 610 αὑτοῦ
1108 584 1312 612 ἐπιτελέσωσιν
1326 585 1420 612 αὐτόν.
1427 595 1436 611 ι

167 638 230 657 cum
248 630 430 657 redeuntibus
449 630 618 664 prmiuisset,
633 635 660 658 et
677 631 736 666 ipse
753 631 886 666 templum
902 629 1076 656 instauravit.
1091 629 1186 665 itaque
1205 635 1232 658 et
1244 631 1278 658 de
1296 631 1343 658 illo
1374 632 1401 659 in
1433 631 1506 659 hunc
1536 632 1647 659 modum
1677 630 1805 666 legimus:

171 685 180 701 I
203 675 302 703 Manus
323 674 477 702 Zorobabel
506 675 663 702 fundarunt.
682 674 794 702 domum
822 675 915 706 istam,
935 676 962 699 et
982 680 1080 700 manus
1094 674 1216 709 ejusdem
1233 675 1374 710 perficient
1389 683 1448 702 eam
1469 676 1504 703 ’ἢ
1529 685 1539 702 ›

201 721 382 748 Commodius
404 725 495 748 autent
512 721 546 749 de
559 721 670 749 Christo
695 721 876 757 intelligatur,
896 727 959 747 cum

167 767 202 795 de
218 775 249 795 se
263 767 303 795 ita
322 767 454 803 loquatur
471 776 478 795 :
501 777 510 793 ε
533 767 592 803 Ego
603 768 774 796 constitutus
791 775 851 795 sum
867 775 912 795 rex
925 766 961 793 ab

167 821 201 842 eo
223 822 308 849 super
336 813 402 841 Sion
429 817 551 841 montem
572 818 701 842 sanctum
723 813 784 849 ejus
795 815 836 847 ";
857 812 960 848 rcnjus

168 860 230 887 sine
249 859 439 888 controversia
462 865 541 888 recta:
563 865 626 887 sunt
648 861 718 892 uite,
739 860 842 895 quique
865 866 959 887 veram

1049 720 1224 756 Οίκειύτερον
1239 721 1262 747 δ’
1275 721 1308 748 ἂν
1324 721 1371 748 ἐπὶ
1386 722 1506 757 Χριστοῦ
1520 721 1702 757 λαμϐάνοιτο,
1717 722 1747 754 ὃς
1760 721 1807 749 καί

1014 774 1116 801 φησιν’
1136 776 1146 792 t
1165 766 1237 801 Ἐγὼ
1250 767 1279 793 δὲ
1292 767 1465 804 κατεστάθην
1492 767 1621 803 βασιλεὺς
1653 768 1699 794 ὑπ’
1724 768 1809 795 αὐτοῦ

1013 812 1061 838 ἐπὶ
1074 811 1144 839 Σιὼν
1168 813 1232 848 ὅρος
1242 813 1274 840 τὸ
1284 814 1362 847 ἅγιον
1388 813 1482 841 αὐτοῦ.
1501 823 1510 839 ι
1535 812 1635 848 Οὗπερ
1656 813 1765 849 ἀληθῶς
1779 816 1808 841 αἱ

1015 859 1079 886 ὁδοί
1093 860 1213 888 εὐθεῖαι.
1232 861 1287 888 Καὶ
1297 861 1348 895 τὴν
1373 860 1503 896 ἀληθινὴν
1526 860 1607 891 αὐτὸς
1633 860 1809 895 ᾠκοδόμησε

168 906 301 934 civitatem
313 908 458 940 exstruxit,
476 907 572 934 dicens
592 914 600 934 :
616 916 626 933 ι
642 906 734 942 Super
756 911 861 942 petram
875 906 962 933 :erliii-

1021 906 1117 938 πόλιν,
1130 906 1234 940 λέγων·
1253 915 1262 932 ι
1279 906 1343 933 Ἐπὶ
1365 906 1415 942 τὴν
1432 906 1536 941 πέτραν
1563 906 1733 941 οἰκοδομήσω
1757 914 1809 941 μου

169 952 239 980 cabo
255 952 408 980 Ecclesiam
426 961 526 985 meam,
547 957 575 981 et
589 958 676 988 porta“:
690 953 770 980 inferi
786 961 840 980 non
859 960 963 988 praava-

169 999 265 1027 iebunt
278 999 412 1028 adversus
423 1007 483 1027 eam
498 1001 539 1033 ”;
554 1009 564 1026 ›
582 1008 644 1036 qua:
658 1001 730 1028 vivis
745 1000 884 1034 lapidibus
894 1007 964 1027 con-

169 1050 249 1074 stans
266 1046 421 1081 expugnari
447 1054 502 1074 non
525 1051 615 1082 potest
631 1056 638 1074 :
655 1055 738 1082 quam
764 1047 828 1074 item
852 1047 886 1074 ab
899 1051 963 1074 ortu

170 1091 204 1119 ad
224 1099 355 1120 occasum
373 1097 533 1128 protensatn
549 1093 684 1121 servitute
702 1093 859 1120 daemonum
876 1092 964 1129 gratis

170 1138 319 1171 liberavit,
338 1138 417 1173 juxta
434 1139 502 1166 illud
522 1148 529 1166 :
550 1148 559 1165 ι
575 1139 668 1166 Gratia
683 1140 781 1166 salvati
804 1139 872 1167 estis
894 1139 927 1166 “.
952 1148 961 1165 ι

171 1184 238 1216 Quae
252 1185 325 1212 enim
342 1185 473 1212 historice
489 1184 523 1212 de
538 1185 618 1220 Cyro,
633 1186 674 1212 vel
688 1185 964 1213 Zorobabeletlicnn-

172 1234 228 1262 tur,
245 1238 374 1258 verorum
396 1235 461 1258 sunt
475 1231 612 1266 symbolo.
627 1231 964 1266 AdChristumsiqnidem

172 1276 272 1304 :nelins
290 1276 429 1304 referatur
449 1277 514 1304 illud
534 1285 541 1304 :
564 1276 627 1304 ilwc
647 1283 736 1304 autent
755 1276 819 1304 dicit
839 1277 965 1305 Dominus

173 1321 281 1349 Christo
294 1331 350 1349 meo
362 1322 443 1358 Cyro.
459 1322 553 1358 Neque
564 1323 651 1356 enim,
669 1327 698 1349 nt
710 1323 893 1358 prmsentibus
906 1330 967 1350 ver-

172 1369 217 1396 bis
242 1369 433 1404 signiﬁcatur,
454 1368 540 1404 Cyrus
560 1369 636 1404 ipse,
659 1369 710 1397 i'uit
733 1374 827 1397 unctus
845 1370 966 1403 Domini,

174 1422 236 1441 cum
258 1414 343 1442 Persa
360 1419 433 1443 eSSt'l
444 1423 451 1443 :
464 1419 512 1442 aut
528 1415 662 1442 civitatem
676 1415 836 1449 ardiﬁcavit;
851 1415 897 1443 sed
907 1415 967 1450 ejus

175 1465 283 1487 tantum
302 1460 482 1488 inndamcnta
496 1460 587 1488 facere
599 1461 695 1497 carpit,
708 1469 769 1497 qua:
783 1461 891 1489 deserta
905 1469 969 1495 pos-

176 1511 219 1534 tea
242 1506 276 1534 ad
303 1506 378 1534 Darii
403 1515 491 1542 usque
516 1511 643 1543 tempora
667 1508 830 1543 permansit.
855 1507 968 1541 Adlmc,

175 1557 237 1583 qna).
259 1555 412 1585 sequuntur
436 1551 584 1586 deinceps.
615 1552 730 1579 Christo
753 1552 864 1588 potius,
884 1560 967 1588 quam

178 1584 354 1628 Zou'olmbeli.
369 1601 415 1624 aut
429 1596 499 1632 Cyro
510 1584 695 1631 conveniant;
709 1599 736 1625 in
749 1584 970 1634 quibusligyp-
982 1584 1004 1615 Ο

178 1647 234 1670 tum
254 1642 391 1670 laborasse
401 1644 481 1676 dicit,
498 1649 528 1671 ut
543 1652 591 1672 eos
603 1652 701 1672 omnes
721 1645 767 1679 qui
783 1649 895 1680 propter
911 1645 971 1673 ido-

177 1689 268 1716 lorum
285 1690 390 1716 cultnm
411 1690 439 1717 in
461 1690 616 1717 daemonum
641 1694 805 1725 potestatem
826 1697 970 1724 venerant,

178 1735 256 1762 innui
266 1735 451 1763 detnonstrct.
462 1736 501 1763 Ad
515 1740 541 1763 te
552 1740 645 1763 autem
658 1745 755 1771 regem,
769 1737 846 1764 addit
859 1738 904 1768 (de
917 1745 973 1773 quo

178 1783 276 1809 istluec
285 1782 402 1810 habetur
410 1782 646 1818 prophetia),gens
655 1783 746 1810 onmis
758 1783 875 1811 barbara
883 1789 974 1812 trans-

180 1828 315 1857 ihit.Saba
322 1830 394 1857 enim
403 1829 556 1864 {Et/tiopica
562 1836 629 1864 gens
638 1833 689 1861 est,
697 1829 778 1865 cujus
784 1829 847 1857 olim
856 1829 888 1857 ad
897 1829 975 1857 Salo-

178 1883 287 1903 Inonem
299 1875 391 1910 regina
404 1883 433 1903 se
443 1875 601 1903 contulit“.
611 1874 675 1903 istis
682 1883 747 1903 vero
759 1875 865 1904 felicem
883 1883 974 1903 rerum

177 1922 282 1949 exitum
300 1942 306 1954 ,
324 1921 426 1949 Christi
451 1921 580 1948 nimirum
618 1921 802 1949 adarationem
830 1921 973 1956 praedicit,

178 1968 225 2003 qui
243 1974 270 1996 et
285 1968 470 2000 Deuaerat,et
493 1968 579 1996 Deum
609 1968 636 1995 in
660 1975 689 1996 se
713 1967 797 2003 (quod
820 1967 872 2003 ipsi
898 1967 976 2003 prius

179 2015 344 2050 ignorabant
361 2014 533 2049 adoratores)
547 2014 677 2042 habebat.
688 2014 768 2050 517
778 2013 849 2042 idem
864 2021 930 2042 vero
949 2017 977 2041 et

180 2060 291 2088 Israelis
306 2061 426 2088 salvator
447 2060 508 2092 iuit,
519 2060 592 2095 quod
608 2059 687 2087 Jesus
700 2060 811 2087 nomine
828 2060 975 2087 indicatur.

218 2108 266 2135 llis
288 2115 372 2142 porro
397 2107 575 2134 adorantibas
590 2127 598 2140 ,
628 2107 675 2141 qui
705 2115 720 2134 e
743 2106 975 2134 circumcisorum

182 2155 361 2190 gentiumque
378 2161 496 2181 numero
518 2153 651 2180 Ecclesia:
678 2152 830 2186 adversati,
850 2152 975 2180 eamdem

185 2201 322 2236 persecuti
335 2203 409 2231 sunt,
429 2207 490 2226 cum
504 2199 573 2226 nihil
585 2206 600 2224 a
616 2206 646 2225 se
658 2198 846 2232 imminutam,
862 2200 909 2228 sed
925 2208 976 2228 au-

1012 952 1062 987 τὴν
1084 951 1260 988 Ἐκκλησίαν,
1288 953 1336 979 καὶ
1364 952 1447 979 πύλαι
1474 952 1539 988 ᾅδου
1551 952 1583 979 οὐ
1598 951 1812 987 κατισχύσουσιν-

1014 999 1111 1034 αὖτῆς.
1125 1008 1135 1025 ι
1154 998 1235 1030 Ἦτις
1248 999 1280 1025 ἐκ
1295 998 1377 1025 λίθων
1390 999 1540 1033 συνέστηκε
1554 997 1674 1031 ζώντων,
1691 998 1809 1024 ὰκαθαί-

1015 1045 1092 1080 ρετὸς
1103 1053 1143 1076 τε,
1156 1045 1204 1071 καὶ
1215 1044 1268 1071 ἀπὺ
1280 1044 1418 1071 ἀνατολῶν
1432 1044 1472 1076 είς
1486 1043 1592 1079 δυσμὰς
1605 1043 1810 1079 παρατείνουσα

1014 1091 1204 1127 ἠλευθέρωσέν
1220 1100 1250 1118 τε
1263 1091 1313 1125 τῆς
1329 1091 1362 1117 ἐκ
1371 1090 1507 1123 δαιμόνων
1521 1089 1655 1121 δουλείας,
1668 1088 1809 1116 καὶταῦτα

1016 1140 1128 1174 προῖκα,
1144 1137 1214 1165 κατὰ
1225 1138 1267 1168 τὸ,
1279 1149 1288 1163 ε
1301 1137 1472 1172 Χάριτίὲστε
1487 1135 1667 1171 σεσωσμένοι.
1680 1145 1689 1161 ι
1703 1135 1743 1162 Τὰ
1755 1134 1810 1170 γὰρ

1016 1185 1088 1212 κατὰ
1104 1183 1241 1219 Κῦρον-,ἢ
1258 1183 1411 1219 Ζοροϐάϐελ
1438 1183 1573 1218 ἱστορικὰ,
1604 1182 1729 1217 σύμϐολα
1756 1183 1811 1208 τῶν

1016 1230 1124 1267 ἀληθῶν
1140 1230 1273 1266 ὑπῆρχεν.
1298 1230 1360 1256 Ἐπὶ
1373 1229 1493 1264 Χριστοῦ
1510 1229 1565 1264 γὰρ
1581 1229 1680 1264 μᾶλλον
1693 1227 1810 1263 ἁρμόσει

1016 1277 1058 1309 τὸ,
1078 1277 1149 1304 Τάδε
1158 1276 1238 1311 λέγει
1251 1277 1358 1310 Κύριος
1373 1275 1413 1308 τῷ
1427 1274 1540 1310 χριστῷ
1545 1284 1605 1310 μου
1617 1275 1713 1309 Κύρῳ.
1731 1273 1812 1300 Κατά

1017 1322 1072 1357 γὰρ
1088 1322 1137 1358 τὴν
1162 1322 1309 1357 πρόχειρον
1335 1320 1418 1353 λέξιν,
1447 1320 1510 1347 οὔτε
1535 1321 1659 1355 χριστὸς
1687 1320 1811 1354 Κυρίου,

1019 1369 1126 1404 Πέρσης
1141 1367 1179 1395 ὢν
1196 1369 1321 1403 ὑπῆρχεν
1337 1369 1354 1395 ὁ
1365 1368 1475 1402 Κῦρος.
1491 1366 1552 1393 οὔτε
1571 1368 1621 1402 τὴν
1635 1368 1728 1394 πόλιν
1741 1366 1813 1399 ᾠκο-

1019 1416 1164 1451 δόμησεν,
1191 1415 1263 1451 πλὴν
1277 1415 1329 1450 τῆς
1355 1415 1409 1442 τῶν
1423 1414 1558 1449 θεμελίων
1571 1414 1670 1449 ἀρχῆς.
1682 1412 1749 1439 Εἶτα
1773 1412 1813 1439 δι-

1020 1463 1128 1497 έμεινεν
1143 1462 1245 1498 ἔρημος
1262 1462 1343 1497 μέχρι
1358 1461 1408 1496 τῆς
1420 1461 1560 1496 βασιλείας
1573 1460 1699 1494 Δαρείου,
1712 1459 1767 1486 Καὶ
1780 1458 1814 1485 τὰ

1020 1508 1085 1543 ἑξῆς
1095 1508 1123 1534 δὲ
1142 1508 1243 1544 μᾶλλον
1256 1507 1295 1543 τῷ
1312 1507 1423 1543 Χριστῷ
1440 1507 1513 1542 ἥπερ
1530 1506 1684 1540 Ζοροϐάϐελ
1697 1505 1814 1540 ἁρμόσει

1021 1556 1067 1583 καὶ
1079 1556 1175 1588 Κύρῳ,
1190 1555 1218 1581 ὲν
1231 1552 1272 1586 οἷς
1286 1553 1440 1588 Αἴγυπτόν
1452 1561 1519 1588 φησι
1539 1551 1765 1583 κεκοπιηκέναι,
1776 1550 1812 1577 δι’

1022 1601 1109 1637 αὐτῆς
1124 1600 1213 1636 δηλῶν
1232 1600 1295 1632 τοὺς
1309 1601 1366 1627 ὅσοι
1379 1600 1464 1627 πάλαι
1478 1599 1522 1626 διὰ
1534 1598 1582 1633 τῆς
1593 1596 1817 1631 εἰδωλολατρείας

1021 1646 1092 1684 ἦσαν
1119 1647 1312 1682 δεδουλωμένοι
1342 1647 1399 1678 τοῖς
1424 1645 1563 1678 δαίμοσιν.
1597 1644 1661 1670 Ἐπὶ
1675 1643 1703 1670 δὲ
1722 1643 1752 1669 σὲ
1771 1643 1817 1669 τὸν

1023 1694 1266 1729 προφητευόμενον
1277 1692 1411 1726 βασιλέα
1426 1692 1474 1718 καὶ
1494 1692 1549 1718 πᾶν
1563 1690 1640 1721 ἔθνος
1653 1689 1817 1717 διαϐήσεται

1025 1739 1269 1776 βάρϐαρον.Σαϐὰ
1299 1738 1354 1773 γὰρ
1383 1738 1460 1769 ἔθνος
1486 1735 1672 1770 Αἰθιοπικὸν,
1701 1732 1817 1768 οὗπερὴ

1025 1786 1169 1822 βασίλισσα
1189 1785 1257 1822 πρὸς
1270 1784 1398 1820 Σολομὼν
1418 1783 1597 1819 παρεγένετο.
1612 1781 1695 1812 Τέλος
1710 1780 1738 1806 δὲ
1754 1779 1818 1805 τού-

1024 1841 1081 1863 τοις
1097 1831 1198 1866 ἀγαθὸν
1210 1831 1259 1864 τὴν
1268 1829 1386 1865 Χριστοῦ
1398 1827 1581 1864 προαγορεύει
1594 1826 1818 1861 προσκύνησιν,

1024 1878 1053 1910 ὃς
1066 1879 1113 1904 καὶ
1139 1877 1211 1909 Θεὸς
1224 1874 1274 1911 ἦν,
1305 1875 1352 1902 καὶ
1367 1874 1433 1901 Θεὸν
1459 1871 1533 1909 εἶχεν
1545 1874 1575 1900 ὲν
1596 1871 1682 1907 αὐτῷ,
1711 1871 1780 1906 ὅπερ
1793 1870 1819 1896 οι

1026 1922 1241 1959 προσκυνοῦντες
1269 1921 1384 1957 ἠγνόουν
1406 1920 1437 1947 τὺ
1456 1920 1601 1956 πρότερον.
1629 1917 1716 1949 Αὐτὸς
1729 1917 1758 1943 δὲ
1770 1915 1819 1943 καὶ

1026 1970 1080 1998 τοῦ
1102 1969 1227 2004 Ἰσραὴλ
1239 1970 1255 1996 ὁ
1269 1968 1382 2003 Σωτήρ.
1400 1967 1437 1994 Τὸ
1452 1967 1506 2002 γὰρ
1514 1965 1636 2000 Ἰησοῦς
1652 1964 1740 2000 ὄνομα
1757 1963 1819 1990 τοῦ·

1026 2025 1057 2043 το
1068 2015 1153 2051 δηλοῖ.

1063 2105 1174 2132 Τούτων
1212 2104 1242 2130 δὲ
1273 2101 1530 2137 προσκυνούντων
1557 2101 1585 2127 ot
1618 2099 1820 2133 ἀντικείμενοι

1028 2151 1285 2185 καταισχύνονται
1299 2150 1331 2175 ὲκ
1343 2148 1495 2184 περιτομῆς
1507 2155 1538 2173 τε
1551 2147 1598 2173 xa‘.
1627 2145 1730 2171 ἐθνικοὶ
1752 2142 1822 2170 κατὰ

1028 2197 1142 2232 καιροὺς
1156 2195 1205 2231 τὴν
1214 2193 1378 2228 Ἐκκλησίαν
1392 2192 1547 2225 διώξαντες.
1564 2190 1655 2225 Μηδὲν
1667 2190 1721 2225 γὰρ
1737 2189 1822 2224 μειώ-

182 2235 256 2274 ctam
281 2247 473 2276 intuebuntur,
490 2243 592 2278 pudore
614 2243 864 2278 suffundentnr.-ita
881 2250 967 2274 auten

1030 2252 1128 2275 σαντες
1156 2242 1290 2278 ηὔξησαν.
1311 2241 1340 2268 ’0
1353 2241 1382 2267 δὲ
1404 2239 1553 2266 Θεοδοτίων
1578 2238 1721 2270 ἐξέδωκεν·
1737 2235 1824 2284 [Ilii-i-

183 2292 326 2320 transtulit
346 2291 503 2318 Theodotio
522 2299 528 2317 :
555 2289 652 2317 Verum
674 2290 702 2316 in
723 2295 747 2316 te
768 2290 865 2324 fortis:
884 2296 908 2318 et
924 2300 967 2319 not

1029 2290 1064 2316 ἐν
1076 2289 1123 2316 o'ol
1142 2287 1280 2322 ἰσχυρὸς,
1307 2286 1357 2313 καὶ
1369 2287 1427 2312 οὐκ
1444 2285 1532 2311 ἔστιν
1543 2284 1587 2310 ἔτι
1613 2282 1699 2315 πλὴν
1717 2281 1823 2306 αὑτοῦ.

185 2345 223 2367 est
238 2339 324 2366 adhuc
340 2343 436 2373 prwter
463 2345 535 2365 eum.
550 2336 601 2364 Ubi
617 2337 714 2371 Aquila
731 2337 814 2364 etiam
830 2337 908 2372 fortis
926 2347 974 2366 vo-

184 2387 286 2414 cabulo
298 2394 367 2413 usus
378 2389 431 2413 est.
443 2384 556 2416 Deinde,
568 2391 619 2419 pro
630 2391 684 2418 quo
700 2383 879 2411 nesciebamus
895 2385 978 2412 habe-

185 2441 259 2465 mus,
273 2431 398 2458 latentem
410 2430 563 2458 Theodotio
578 2434 605 2456 et
626 2429 821 2465 Symmachus,
837 2429 979 2457 abscondi-

188 2485 244 2506 tum
275 2483 366 2505 autem
386 2477 486 2512 Aquila
505 2475 705 2503 reddiderunt:
726 2478 756 2502 ut
771 2475 928 2503 abstrusam
951 2481 979 2503 et

187 2524 360 2552 reconditam
376 2531 437 2550 esse
449 2521 732 2549 Chrisiidivinitatem
742 2520 976 2548 demonstrarent.

186 2570 271 2598 Recte
290 2574 381 2598 autem
406 2570 440 2597 ad
464 2576 506 2600 ea,
532 2576 594 2603 qtne
613 2567 648 2594 de
664 2566 774 2594 Christo
798 2568 934 2602 praedixit,
955 2571 981 2595 ct

186 2616 310 2652 ejusdem
339 2615 540 2650 discipulorum
565 2611 734 2640 mentionem
756 2611 867 2647 adjecit.
892 2612 980 2640 Erant.

187 2664 259 2691 enim
275 2661 376 2696 Israel,
393 2662 438 2698 qui
453 2661 585 2691 salvatur,
607 2666 656 2694 per
677 2658 856 2694 eosdemque,
872 2660 976 2688 insulas

1028 2336 1084 2362 Καὶ
1119 2334 1249 2365 Ἀκύλας,
1270 2333 1404 2367 ἰσχυρὸς,
1420 2331 1533 2366 ἔφησεν.
1550 2329 1625 2356 Ἀντὶ
1639 2329 1667 2355 δὲ
1687 2328 1733 2354 τοῦ
1745 2335 1752 2342 ο
1768 2327 1824 2353 οὐκ

1029 2382 1160 2417 ᾔδειμεν,
1188 2381 1202 2406 ὁ
1226 2380 1274 2415 μὲν
1300 2378 1445 2405 Θεοδοτίων
1474 2377 1522 2403 καὶ
1544 2375 1704 2409 Σύμμαχος,
1736 2380 1826 2404 κορυ-

1028 2429 1117 2464 φαῖος
1128 2426 1151 2454 1.
1169 2428 1199 2453 Ὀ
1212 2427 1241 2453 δὲ
1262 2424 1390 2458 Ἀκύλας,
1407 2422 1685 2457 ἀποκρυπτόμενος·
1702 2420 1733 2446 τὸ
1757 2418 1826 2445 ἀπό-

1032 2483 1137 2511 κρυφον
1168 2473 1217 2508 τῆς
1243 2471 1291 2498 τοῦ
1315 2470 1433 2506 Χριστοῦ
1463 2468 1605 2502 θεολογίας
1640 2466 1824 2511 ὲμφήναντεᾉς.

1040 2509 1209 2550 ’Ᾰκολούθως
1225 2518 1254 2545 δὲ
1266 2519 1299 2554 τῇ
1314 2518 1378 2552 περὶ
1403 2515 1523 2551 Χριστοῦ
1539 2512 1694 2550 προφητείᾳ
1709 2511 1757 2537 καὶ
1772 2509 1826 2536 τῶν

1035 2567 1118 2596 αὐτοῦ
1134 2566 1271 2602 μέμνηται
1288 2563 1427 2600 μαθητῶν.
1446 2561 1528 2588 Αὐτοὶ
1538 2560 1593 2595 γὰρ
1610 2556 1680 2594 ἦσαν
1702 2555 1827 2590 Ἰσραὴλ

1034 2617 1051 2643 ό
1066 2614 1243 2649 σωζόμενος,
1260 2612 1293 2638 δι’
1306 2608 1344 2638 ὦν
1356 2610 1404 2641 τὰς
1425 2609 1543 2643 νήσους
1557 2605 1754 2634 ἁνεκαίνισεν
1767 2603 1829 2629 Ἐκ-

1032 2661 1158 2697 κλησίας,
1182 2657 1222 2691 οἷς
1249 2657 1365 2694 ἁρμόσει
1388 2656 1437 2683 καὶ
1452 2655 1494 2687 τὸ,
1512 2654 1570 2680 Οὐκ
1593 2650 1825 2687 αἱσχυνθήσονται

223 2721 246 2737 ὀ
261 2721 270 2747 i
284 2720 363 2747 Esdr.
381 2727 419 2752 vi,
431 2719 444 2746 i
461 2725 537 2754 seqq.
578 2717 600 2733 “
615 2715 732 2744 Zachar.
750 2724 786 2750 tv,
803 2717 830 2746 9.
868 2718 892 2734 “
907 2719 980 2747 Psal.
999 2727 1029 2752 ιι,
1042 2719 1070 2747 6.
1107 2718 1131 2735 “
1149 2716 1314 2749 Matth.xvr,
1326 2713 1369 2742 i8.
1407 2714 1430 2729 “
1443 2711 1543 2748 Epiros.
1560 2716 1590 2740 ιι,
1604 2707 1632 2737 5.
1671 2705 1738 2734 "lli
1754 2704 1825 2742 Ιίεέ-

189 2764 216 2789 x,
232 2757 242 2784 1
260 2764 335 2790 πει-(ιιι.

839 2796 958 2825 γΑιιιίΕ
975 2795 1180 2833 ιιιᾷοτιοδεε.

241 2846 248 2867 1
267 2847 410 2880 κρυφαῖος.
