2002 3078
111 176 125 187 ε
145 138 216 171 m5

699 140 969 171 COMMENTARII
987 142 1028 172 IN
1045 143 1190 174 ISAIAM.

1716 141 1787 173 $2426

145 194 272 220 τοσοῦτον
288 193 368 228 ἔργον
383 194 522 229 πανταχοῦ
538 196 588 229 τῆς
602 195 767 231 οἰκουμένης
786 197 938 229 ὸνύσασιν;

1007 207 1080 233 psas.
1098 199 1122 226 id
1144 203 1186 224 est
1203 197 1353 230 Ecelcsias,
1363 197 1509 224 renovavit.
1521 197 1628 230 Quibus
1644 198 1786 223 conveniil

146 241 227 271 Τινὲς
244 240 272 266 δὲ
283 240 371 272 οὕτως
385 241 489 267 ἅνωΊεν
510 241 682 276 ἐξηγήσαντο
698 251 703 257 ·
722 243 778 277 Τὴν
795 244 886 269 αἰτίαν
903 243 943 269 δί-

146 286 214 312 δωσι
229 285 263 312 δι’
285 286 319 321 ἣν
345 285 533 321 ὲνηνθρώπισε
562 287 666 319 λέγων·
686 288 757 320 Ἐγώ
769 290 828 322 εἰμι
847 290 863 315 ὁ
880 289 942 315 κτί-

148 340 208 364 σας
221 339 268 358 σε.
286 332 323 358 Τὺ
338 332 366 357 δὲ
379 332 449 366 εἰμὶ,
462 333 512 366 τὴν
525 333 611 368 ἁληθῆ
628 333 799 368 παρέστησεν
815 334 942 370 ὓπαρξιν,

147 379 195 404 καὶ
216 378 265 413 τὴν
294 378 379 409 ὅντως
405 376 488 404 οὖσαν
501 378 585 413 ζωήν.
600 379 728 405 "Eurum
743 379 770 405 δέ
784 387 821 406 σε
838 379 881 406 ἐπ’
893 380 945 414 ἁφ-

149 425 260 458 θαρσιᾳ,
277 423 393 450 θάνατον
412 424 449 460 μὴ
465 425 593 460 ποιήσας,
613 425 689 451 οὐδὲν
699 434 729 451 τε
745 425 815 457 ζῶον
830 426 876 452 ἐπὶ
892 426 944 460 γῆς

147 470 279 502 ἀπέδειξα
296 470 499 505 παραπλήσιοψ
515 470 553 496 σὲ
567 470 622 505 γὰρ
631 470 729 505 μόνον
743 471 783 504 ὡς
797 471 945 505 κεραμεὺς

152 517 246 551 χερσὶν
264 516 344 547 ἰδίαις
358 515 511 542 διέπλασα
523 517 555 551 τῇ
574 518 627 552 ἐμῇ
645 517 766 552 τιμήσας
778 518 863 544 εἰκόνι
876 518 945 552 πρὸς

147 564 181 597 τῇ
206 562 305 588 πλάσει
327 562 375 588 τοῦ
405 562 542 597 σώματος.
573 563 640 598 Περὶ
662 562 695 590 οὗ
720 564 767 590 καὶ
793 564 861 599 πρὸς
883 563 945 590 Ἰὼϐ

149 608 287 642 ἔφασκεν·
305 617 315 634 ι
328 606 367 634 Ἦ
385 609 417 635 σὺ
447 608 536 634 λαϐὼν
551 613 571 627 ιιι
597 609 719 640 ἔπλασας
734 609 812 641 ζῶον,
832 610 879 637 καὶ
896 609 944 637 λα-

149 655 229 690 λητὺν
243 654 310 681 αὐτὸ
323 654 385 680 ἕοου
404 655 452 681 ἐπὶ
465 655 513 690 τῆς
525 655 576 690 γῆς
590 663 597 688 ;
614 664 622 680 ι
638 655 692 682 Καὶ
707 655 789 681 Δαϐὶδ
802 655 829 682 δέ
844 664 926 691 φησιν
937 663 944 670 ⁸

153 711 162 727 ι
182 701 358 732 ’Πλὰττωσας
374 700 456 726 αὐτὸν
472 700 561 735 βραχύ
569 710 594 727 τι
608 701 674 736 παρ’
692 701 836 735 ἀγγέλους.
849 711 859 727 ι
879 700 945 728 Εἶτα

152 749 209 779 τοῖς
226 747 256 779 ἐξ
273 746 383 782 Ἰσραὴλ
405 746 570 781 ἐγκαλοῦσιν
598 747 671 782 αὐτῷ
689 748 738 782 ’τὴν
754 748 850 774 ἐκτῶν
867 757 945 783 νομι-

150 793 207 820 κῶν
233 793 326 819 τύπων
352 793 515 828 ἀπαλλαγὴν
538 793 606 829 πρδς
627 793 756 829 ἀληθείας
787 793 944 829 μετάθεσιν,

149 839 286 871 ὀνειδίζει.
302 839 416 873 Ἔλεγον
443 840 510 876 γὰρ,
536 849 546 865 ι
564 840 594 865 Et
610 837 644 875 ἦν
663 836 741 871 οὗτος
759 840 836 875 παρὰ
850 840 919 867 Θεοῦ
931 840 946 867 ὁ

149 883 304 918 ἄνθρωπος,
334 882 384 909 οὐκ
410 882 471 909 ἔλυε
482 883 513 910 τὸ
528 883 680 911 Σάϐϐατον.
702 893 711 910 ι
741 884 872 921 Ἀροτριᾷ
891 886 946 921 γάρ

149 936 203 961 τις,
219 928 312 963 φησὶν,
332 929 381 964 οὐχ
410 929 455 956 ἶνα
481 929 560 964 μόνον
587 930 751 964 ἀροτριίίσῃ
770 938 777 945 ·
808 931 840 957 ἐκ
854 931 882 958 δὲ
892 931 947 958 τῶν

151 975 399 1010 καταϐαλλομένων
416 976 584 1010 σπερμάτων
605 976 731 1012 καρποὺς
757 977 948 1012 προσδεχόμε-

151 1029 205 1052 νος.
230 1020 316 1054 Κάγὼ
344 1023 434 1047 τοίνυν
466 1022 551 1056 ὑμᾶς,
569 1021 607 1054 ὡς
623 1022 678 1057 γῆν
700 1022 889 1058 ὺλομανοῦσαν
904 1023 948 1051 διὰ

151 1066 201 1099 τὴν
216 1066 450 1102 εἰδωλολατρείαν,
461 1067 501 1102 τῷ
513 1068 638 1099 Μωσέως
664 1068 831 1102 ἠροτρίασίι
859 1069 947 1104 νόμῳ,

151 1112 191 1147 τῷ
205 1112 265 1146 ἐμῷ
278 1112 504 1147 προευτρεπίζων
532 1113 588 1145 Υίῷ
600 1113 650 1148 τὴν
665 1113 719 1139 τῶν
737 1113 849 1147 ἀγαθῶν
863 1122 948 1149 σπερ-

154 1158 247 1194 μάτων
277 1158 442 1194 καταϐολὴν.
455 1159 488 1185 Τί
505 1156 552 1186 οὖν
578 1150 624 1186 διὰ
648 1160 749 1191 παντὴς
767 1161 813 1186 τὸν
836 1160 950 1194 ἀρότην

154 1205 283 1240 στέργετε
300 1205 392 1240 νόμον1
416 1206 460 1232 ὅτε
472 1207 570 1241 καιρὸς
583 1207 633 1241 τῆς
646 1207 680 1233 δι’
696 1206 795 1238 ὓδατος
807 1208 854 1234 καὶ
872 1206 950 1234 πνεύ-

155 1259 238 1286 ματος
262 1251 459 1283 ἀναπλάσεωςς
488 1253 556 1287 πρὸς
576 1254 609 1288 ἢν
633 1253 796 1284 ὑπείκοντας
812 1254 885 1288 ὑμᾶς
899 1254 950 1280 οὐκ

155 1297 220 1332 ἔχω,
239 1297 305 1332 μηδὲ
323 1297 368 1324 τὸν
385 1297 488 1332 πηλὸν
515 1298 637 1334 ὁρῶντας
661 1298 707 1325 τοῦ
735 1299 895 1333 κεραμέως,
913 1300 950 1331 ὡς

155 1343 260 1370 ἐκείνου
284 1343 432 1370 πλάττεται
450 1352 479 1370 τε
494 1343 542 1370 καὶ
572 1344 793 1379 μεταπλάττεται
821 1345 949 1379 νεύματι,

157 1389 241 1425 μηδὲν
252 1390 301 1425 τὴν
325 1390 525 1425 δημιουργικὴν
541 1390 716 1425 μεμφόμενον
740 1390 835 1425 χεῖρα,
853 1391 890 1422 ὡς
901 1391 951 1426 τῆς

155 1435 332 1467 ὰναπλάσεως
360 1435 517 1470 ἐπιστήμην
545 1436 596 1462 οὐκ
620 1435 754 1470 ἓχουσαν;
769 1436 826 1462 ἀλλ’
860 1437 920 1463 οὐδὲ
937 1437 951 1463 ὀ

156 1481 336 1517 τεχθήσεσοαι
350 1481 454 1517 μέλλων
466 1482 632 1508 πυνθάνεται
647 1482 700 1509 τοῦ
717 1483 846 1516 πατέρος
860 1484 887 1509 εὶ
895 1483 951 1517 ἄρα

157 1528 309 1562 γεννήσει.
319 1529 350 1554 Τί
364 1527 411 1555 οὖν
428 1529 508 1563 ὑμεῖς
523 1529 560 1563 μὴ
576 1529 615 1564 τῷ
634 1529 742 1555 πάντων
759 1531 947 1564 παραχωρεῖτε

157 1573 323 1609 Δημιουργῷ
345 1573 390 1600 τὸν
413 1573 514 1609 τρόπον
537 1574 636 1600 εἰδέναι
658 1574 706 1609 τῆς
734 1573 947 1607 ἀναπλήσειας,
962 1562 985 1592 C

158 1621 223 1656 περὶ
237 1618 272 1656 ἦς
284 1620 410 1655 λέγοντος
438 1621 486 1647 τοῦ
515 1621 634 1655 Χριστοῦ
658 1621 813 1656 Νικόδημος
842 1621 949 1655 ἔλεγεν·

161 1667 225 1701 (Μὴ
244 1666 356 1694 δύναται
383 1667 526 1702 ἅνθρωπος
553 1666 687 1702 γέρωνῶν
702 1667 745 1699 εἰς
774 1667 823 1702 τὴν
848 1666 951 1693 κοιλίαν

158 1713 207 1747 τῆς
222 1713 338 1748 μητέρος
354 1713 437 1740 αὐτοῦ
456 1713 585 1748 δεύτερον
603 1712 734 1739 εἰσελθεῖν
751 1713 798 1740 καὶ
815 1713 951 1748 γεννηθῆ-

159 1767 220 1792 ναις

994 249 1021 272 et
1033 245 1100 271 illilil
1119 252 1126 270 :
1146 243 1217 270 Niiln
1238 247 1351 278 propter
1368 251 1417 270 eos
1439 243 1543 278 pudore
1559 242 1723 272 allicientiir,
1741 243 1787 278 qui

995 295 1101 317 tantum
1120 299 1189 325 opus
1203 290 1305 324 ubique
1322 294 1459 316 terrarum
1476 289 1680 316 absolverunt?
1695 288 1789 323 Neque

995 344 1060 364 vero
1074 336 1185 367 desunt,
1204 335 1249 369 qui
1267 335 1308 362 sic
1319 342 1333 361 a
1350 335 1488 369 principio
1503 334 1651 369 explicent,
1679 338 1709 361 ut
1723 342 1790 361 cau-

996 389 1065 413 sam.
1081 390 1134 415 qua
1147 382 1246 408 ductus
1263 379 1463 407 humanitatem
1479 381 1641 414 assumpsit,
1657 387 1719 406 cum
1734 379 1789 415 Ego

996 435 1065 459 sum,
1081 427 1127 460 qui
1143 427 1229 453 creari
1245 431 1268 452 le
1281 425 1361 457 dii-it,
1379 425 1472 451 allerri
1486 425 1658 452 existiment.
1676 423 1789 457 Deinde,

996 478 1023 502 et
1036 474 1147 500 verbum
1157 481 1215 499 sum
1230 472 1376 506 adjccisse,
1394 476 1424 497 iit
1437 478 1529 498 veram
1545 479 1574 498 se
1587 471 1789 502 exsistentiam,

997 527 1145 554 veramque
1165 519 1248 545 vitam
1271 526 1333 545 esse
1349 518 1567 545 demonstraret.
1580 517 1715 551 Denique,
1731 516 1788 551 for-

997 567 1067 593 mavi
1084 573 1108 593 ie
1121 566 1242 598 edixisse,
1260 568 1291 591 ut
1306 564 1339 591 ad
1357 564 1594 598 incorruptionem
1607 570 1645 592 se,
1657 563 1704 597 qui
1715 571 1791 590 mor-

998 617 1052 640 tem
1073 620 1128 639 non
1153 611 1269 643 fecerit,
1292 610 1393 645 cuique
1412 610 1518 637 nullum
1542 609 1568 636 iil
1595 614 1670 636 terra
1700 609 1792 636 simile

998 659 1099 686 animal
1113 666 1174 685 esse
1186 657 1315 688 voluerit,
1328 655 1594 690 creassejlidicaret.
1605 655 1640 682 Te
1655 655 1791 690 siquidem

998 713 1080 732 unum
1100 704 1169 732 meis
1192 705 1252 738 ipse
1271 704 1411 731 inanibus.
1425 702 1526 736 inquit,
1548 705 1676 736 (aliquant
1693 700 1791 735 ﬁgulus

998 749 1146 784 eﬂ'ornialil'.
1163 756 1279 782 meaque
1295 752 1321 774 te
1334 747 1464 782 imagine,
1479 751 1540 780 post
1556 746 1674 773 (-llictum
1691 754 1792 780 corpus

999 795 1115 822 honoris
1133 803 1200 830 ergo
1219 793 1330 824 donavi,
1348 797 1377 819 ut
1394 794 1426 819 ad
1440 791 1540 819 Jobiiili
1557 791 1694 819 dicentem
1712 799 1792 826 repe-

998 842 1054 869 rias
1064 842 1106 869 his
1114 841 1219 869 verbis:
1230 850 1239 866 ι
1253 839 1322 867 Νυιιι
1333 844 1361 866 ιιι
1376 840 1434 866 luto
1447 844 1559 873 accepto
1576 838 1678 865 tinxisti
1692 837 1793 865 animal

998 892 1025 916 et
1039 888 1136 915 vocale
1148 888 1214 915 illud
1227 887 1344 923 posuisti
1363 886 1389 913 in
1408 891 1479 912 terra
1494 885 1537 911 “?
1553 895 1562 911 ι
1583 885 1614 911 Et
1630 885 1701 920 apud
1714 885 1794 911 Davi-

998 934 1081 962 dem:
1101 943 1110 959 ι
1131 933 1255 960 Minliisti
1273 940 1336 959 cum
1350 931 1433 966 paulo
1450 931 1543 958 minus
1558 930 1592 958 ab
1610 930 1719 964 angelis
1735 930 1794 964 glo-

998 982 1039 1008 ria
1050 980 1083 1007 ‘7.
1101 989 1111 1006 ι
1126 979 1261 1007 lsraelitis
1272 978 1382 1011 deinde,
1398 977 1445 1013 qni
1459 977 1562 1012 lignras
1575 984 1637 1003 cuni
1651 975 1752 1010 legales
1760 978 1793 1002 ad

999 1027 1142 1054 veritatem
1154 1025 1299 1053 traducere
1318 1024 1547 1052 criminarentur.
1567 1023 1728 1056 exprobrat.
1745 1021 1794 1048 Di-
1824 1053 1830 1062 ‘

998 1073 1099 1100 ceballt
1111 1072 1184 1098 enim
1200 1080 1207 1098 τ
1224 1080 1233 1097 ι
1255 1070 1284 1098 Si
1296 1070 1431 1097 llichonlo
1446 1074 1520 1097 essm
1532 1076 1546 1095 a
1560 1068 1624 1100 Deo,
1641 1067 1792 1094 Sabbatum

999 1126 1054 1146 non
1073 1118 1193 1145 solveret
1210 1116 1245 1144 ’⁸.
1265 1126 1275 1144 ι
1291 1116 1359 1144 Arat
1375 1116 1447 1143 enim
1463 1115 1596 1150 quis,ait,
1613 1123 1668 1142 non
1686 1119 1793 1141 tantum

1000 1172 1028 1193 ut
1044 1171 1118 1198 aret,
1138 1166 1185 1192 sed
1200 1169 1228 1191 iit
1249 1172 1283 1192 ex
1300 1164 1436 1190 mandatis
1457 1162 1540 1189 llunlo
1553 1162 1717 1194 seminibus,
1736 1160 1794 1187 fru-

1000 1211 1152 1239 ctilseliain
1163 1210 1308 1246 percipiat.
1323 1208 1416 1244 Itaque
1430 1213 1457 1235 et
1475 1216 1524 1235 vos
1536 1215 1586 1242 ego
1598 1211 1680 1234 toria:
1694 1207 1793 1236 instar.

1001 1258 1099 1292 inquit,
1120 1260 1232 1292 propter
1249 1254 1433 1281 idololatrianl
1445 1253 1626 1283 luxuriantis,
1642 1251 1796 1284 Mosislege

1001 1304 1137 1335 subactos,
1150 1302 1221 1329 Filio
1235 1302 1317 1336 518
1327 1309 1384 1328 meo
1403 1300 1436 1327 ad
1455 1300 1535 1326 bollxe
1549 1299 1681 1325 sementis
1696 1304 1796 1331 excep-

1001 1352 1103 1377 tionem
1131 1350 1293 1384 prmparavi.
1324 1347 1395 1381 Quid
1420 1347 1504 1382 igitur
1523 1346 1575 1380 ipsi
1603 1345 1697 1372 studio
1717 1348 1796 1370 tanto

1001 1397 1087 1431 legem
1105 1396 1131 1422 in
1148 1400 1281 1422 aratorem
1298 1401 1407 1428 semper
1423 1392 1549 1420 retinetis
1565 1400 1573 1424 ;
1599 1399 1655 1426 quo
1673 1394 1796 1424 tempore

1002 1442 1121 1468 maxime
1139 1448 1208 1474 aqua
1230 1445 1258 1467 et
1280 1440 1378 1474 spiritu
1399 1440 1425 1465 iil
1451 1438 1566 1465 formam
1590 1437 1671 1464 aliam
1695 1435 1797 1462 mutari

1002 1486 1099 1512 valctis
1113 1493 1119 1517 ;
1135 1493 1215 1520 quam
1230 1485 1282 1519 ipsi
1297 1484 1434 1519 rel'ugitis,
1446 1491 1515 1518 quos
1532 1484 1615 1510 latere
1630 1490 1682 1508 non
1696 1485 1796 1516 potest.

1004 1531 1087 1557 lutum
1108 1539 1156 1565 pro
1169 1530 1246 1564 ﬁguli
1258 1530 1372 1556 arbitrio
1387 1530 1468 1555 aliain
1486 1533 1568 1563 atque
1586 1527 1667 1553 aliam
1682 1526 1796 1560 ligurum

1007 1577 1079 1611 pati;
1098 1584 1186 1610 neque
1202 1576 1352 1610 quidquam
1368 1582 1441 1606 esse,
1457 1574 1529 1608 quod
1546 1572 1662 1599 artiﬁcis
1675 1579 1794 1602 multum,

1006 1626 1137 1655 tanquam
1164 1620 1283 1655 fingendi
1308 1619 1451 1647 scientiam
1471 1626 1522 1645 non
1551 1618 1658 1647 haheat,
1683 1624 1798 1651 arguere

1006 1666 1121 1693 audeat?
1138 1666 1170 1692 At
1189 1665 1300 1692 minime
1315 1665 1361 1700 qui
1378 1665 1536 1691 nasciturus
1553 1668 1605 1694 est.
1624 1671 1638 1689 τι
1657 1667 1733 1697 putre
1750 1671 1799 1689 suo

1007 1717 1216 1747 generalurusne
1239 1711 1285 1744 sit,
1310 1711 1472 1746 postulabit.
1493 1709 1564 1743 Quid
1582 1710 1663 1744 igitur
1678 1710 1798 1736 omnium

1009 1759 1099 1792 ttplllt‘i
1123 1758 1187 1789 lico,
1212 1759 1323 1785 modum
1342 1757 1417 1784 illilln
1441 1755 1578 1790 formandi
1603 1755 1721 1782 retinere
1745 1761 1800 1781 non

160 1807 324 1839 conceditis,
341 1807 375 1834 de
389 1815 443 1842 quo
455 1807 596 1834 Christum
609 1808 760 1842 alloquitur
773 1807 952 1839 Nicodeiniis,
973 1806 1038 1834 dum
1056 1807 1114 1834 ait:
1136 1816 1145 1832 (
1166 1805 1236 1834 Nulli
1252 1809 1343 1842 potest
1359 1806 1454 1838 homo,
1478 1811 1541 1831 cum
1582 1803 1620 1831 sit
1654 1810 1748 1835 senex,
1772 1802 1798 1828 in

160 1858 282 1881 ventrem
298 1855 461 1881 matrissuae
477 1855 575 1882 itcriim
593 1855 707 1886 intrare,
724 1860 751 1882 et
770 1855 878 1882 renasci
892 1854 935 1881 ’9?
955 1864 964 1880 ι

197 1896 405 1937 Εἱὲπετίμησεν
422 1901 480 1934 οὖν,
499 1903 594 1936 φησὶν,
613 1903 629 1929 ὁ
646 1903 747 1937 πηλὸς
763 1901 802 1934 τῷ
820 1901 954 1936 κεραμεῖ,

161 1948 209 1975 καὶ
225 1947 315 1982 μήπω
339 1957 385 1981 τις
409 1948 525 1982 τεχθεὶς
547 1949 675 1976 ἐπύθετο
700 1949 754 1976 τοῦ
779 1950 908 1982 πατέρος
928 1948 956 1975 τί

161 1993 276 2026 τέξεται
289 2002 296 2010 ’
310 1994 470 2030 ἐρωτήσατε
496 1994 543 2021 καὶ
553 1994 632 2030 ὑμεῖς
644 1995 668 2020 οἱ
683 1990 808 2030 ὲσῦμενοί
822 2002 873 2029 μου
887 1993 958 2020 κατὰ

162 2042 274 2076 καιροὺς
287 2041 339 2067 υἱοί
354 2049 384 2067 τε
399 2041 447 2067 καὶ
459 2041 620 2077 θυγατέρες,
635 2041 697 2069 τίνα
714 2041 796 2068 τεῦτο
809 2043 957 2075 γενήσεται

161 2088 273 2122 τρόπον.
300 2087 490 2115 Ἐντείλασθέ
500 2096 551 2122 μοι
565 2087 615 2114 καὶ
630 2087 698 2122 περὶ
714 2087 772 2114 τῶν
789 2087 884 2122 ἔργων
896 2087 956 2113 τῶν

162 2132 270 2168 χειρῶν
297 2141 367 2167 μου.
388 2133 462 2160 Ἀντὶ
484 2133 544 2165 τοῦ.
561 2133 705 2166 διατάξατε
732 2133 790 2164 πῶς
817 2133 955 2168 ποιητέον,

162 2180 199 2212 ὡς
218 2180 369 2214 ἀγνοοῦντι.
384 2180 451 2214 Σιγῇ
473 2180 527 2215 ἄρα
552 2180 621 2213 μετὰ
638 2179 745 2206 Παύλου
762 2180 857 2216 ῥητέον
868 2189 874 2196 ·
898 2189 907 2205 ‹
924 2180 956 2205 Ὢ

164 2226 246 2261 βάθος
269 2226 386 2253 πλούτου
413 2227 460 2252 καὶ
476 2226 570 2260 σοφίας
581 2226 629 2253 καὶ
644 2226 772 2260 γνώσεως
785 2226 868 2253 Θεοῦῐ
885 2236 894 2251 ι
909 2226 955 2252 καί

1041 1899 1070 1926 Si
1096 1898 1181 1926 lutum
1202 1903 1267 1930 ergo
1289 1893 1372 1929 ﬁgulo
1391 1892 1566 1925 succensuit,
1591 1891 1699 1927 inquit;
1722 1891 1801 1926 sique

1006 1946 1128 1974 nondum
1140 1945 1166 1971 ill
1182 1944 1268 1970 lucem
1286 1941 1378 1969 editus
1396 1948 1461 1976 puer
1473 1948 1490 1967 α
1504 1944 1579 1974 patre
1593 1947 1652 1970 sua,
1668 1937 1732 1973 quid
1754 1937 1801 1964 ille

1006 1994 1146 2030 geniturus
1162 1991 1208 2021 sit.
1220 1989 1347 2024 quaesivit
1365 1998 1371 2015 :
1388 1988 1558 2022 interrogate
1572 1991 1597 2013 et
1611 1986 1674 2020 ipsi,
1691 1985 1738 2019 qui
1752 1984 1799 2011 li.ii

1007 2044 1032 2066 et
1054 2038 1116 2064 lilia:
1127 2034 1278 2070 aliquando
1294 2034 1358 2060 milli
1369 2032 1458 2064 eritis,
1469 2039 1588 2066 quanam
1601 2030 1675 2058 istud
1692 2030 1802 2056 ratione

1011 2083 1133 2109 l'iitilrum
1157 2081 1203 2108 sit.
1230 2079 1358 2107 Mitridate
1387 2078 1453 2105 milli
1471 2083 1603 2112 praetcrea
1629 2079 1661 2103 de
1679 2076 1802 2111 operibus

1011 2136 1139 2155 manuum
1160 2134 1280 2154 mearum
1294 2134 1303 2152 :
1326 2125 1353 2152 id
1368 2130 1421 2157 est,
1442 2125 1520 2154 mihi.
1541 2129 1671 2158 tanquam
1694 2123 1801 2158 ignaro,

1010 2175 1111 2210 agendi
1134 2173 1245 2200 modum
1269 2172 1393 2199 statuite.
1417 2171 1465 2198 Est
1488 2170 1610 2206 profecto
1633 2177 1694 2196 cuni
1717 2168 1803 2195 l’aiilo

1010 2222 1092 2249 tacite
1120 2219 1270 2247 dicendum
1289 2225 1296 2243 :
1316 2227 1325 2243 ι
1343 2217 1364 2244 0
1380 2217 1496 2244 altitudo
1517 2216 1675 2243 diviliarunl
1688 2235 1694 2246 ,
1711 2220 1737 2242 et
1757 2221 1804 2241 sa-

164 2274 196 2299 τᾶ
209 2273 252 2307 ἐφ’
269 2273 343 2307 ἑξῆς,
360 2273 456 2308 ἑτέρας
468 2273 558 2307 λέγειν
572 2273 818 2308 παραγγελλοὺσης
834 2273 951 2308 Γραφῆςη

1014 2267 1132 2303 pienlim,
1155 2270 1182 2293 et
1206 2264 1330 2292 scientiae
1343 2263 1387 2290 Dei
1405 2263 1444 2290 ιοι
1471 2272 1480 2288 ι
1499 2267 1652 2296 caiteraque
1665 2261 1720 2292 illa,
1742 2268 1803 2295 qua:

167 2330 176 2346 ι
188 2320 250 2346 Ὅτι
266 2320 353 2346 πάντα
363 2319 486 2351 δύνασαι,
512 2320 640 2346 ἀδυνατεῖ
654 2319 683 2346 δέ
698 2328 738 2346 σοι
754 2319 842 2346 οὺόἐν.
857 2328 866 2345 ι
881 2317 958 2346 Οἶδεν

165 2365 220 2400 γὰρ
251 2366 419 2399 μεταποιεῖν,
446 2364 517 2391 καθὲι
546 2364 590 2391 διᾶι
610 2364 657 2390 τοῦ
695 2364 827 2398 Ἰεζεκιήλ
858 2373 957 2399 φησιν,

165 2411 207 2437 ὅτι
227 2421 236 2437 ι
251 2411 400 2438 Ἐκσπὰσω
414 2412 463 2446 τὴν
488 2411 601 2446 καρδίαν
623 2412 714 2438 αὐτῶν
730 2412 779 2447 τὴν
804 2411 908 2446 λιθίνην
927 2412 960 2438 ἐκ

166 2459 215 2494 τῆς
228 2458 327 2493 σαρκὸς
341 2457 440 2490 αὐτῶν,
454 2458 503 2484 καὶ
517 2457 595 2484 δώσω
618 2458 710 2489 αὐτοῖς
730 2458 844 2492 καρδίαν
868 2458 963 2492 σαρκί-

166 2513 226 2540 νην,
243 2505 289 2531 τοῦ
308 2504 408 2530 εἰδέναι
435 2504 534 2536 αὐτοὺς
560 2504 620 2539 ἐμὲ,
638 2505 678 2530 ὅτι
692 2504 748 2538 ἐγὼ
763 2504 873 2538 Κύριος.
888 2513 897 2530 ι
915 2503 961 2529 Διὸ

167 2552 214 2576 καὶ
223 2551 272 2585 τὴν
288 2551 355 2577 ἰδίαν
367 2550 589 2585 ἐπιδεικνύμενος
602 2551 726 2586 δύναμιν,
744 2550 818 2584 Ἐγὼ
831 2551 961 2583 ἐποίησα

167 2597 236 2632 γῆν,
249 2597 299 2623 καὶ
315 2596 473 2630 ἄνθρωπον
562 2595 667 2630 αὐτῆς.
687 2597 717 2623 '0
729 2597 784 2632 γὰρ
803 2596 897 2628 κτίσας
915 2596 962 2623 καὶ

168 2643 312 2670 ἀνακτίσαι
341 2644 496 2675 δυνήσεται.
516 2642 604 2676 Χεῖρα
616 2643 645 2669 δὲ
662 2643 743 2670 πάλιν
769 2643 846 2677 φησι,
869 2643 914 2668 τὸν
926 2641 960 2667 δι’

168 2684 199 2715 οὗ
210 2689 244 2714 τὰ
257 2688 347 2714 πάντα
362 2687 511 2722 πεποίηκεν
522 2686 595 2713 Υἰόν.
606 2695 615 2711 ι
631 2686 675 2722 Τῴ
688 2686 768 2721 Λόγῳ
784 2685 837 2722 γὰρ
855 2684 959 2720 Κυρίου

205 2747 228 2761 "‘
252 2745 313 2772 Job.
334 2753 360 2776 ιι,
374 2744 400 2772 9.
438 2745 460 2761 ’⁷
481 2744 551 2771 l‘sal.
567 2753 626 2776 vni,
644 2744 677 2779 6;
700 2743 823 2775 llehr.ii,
846 2742 871 2770 7.

171 2789 209 2813 XI,
230 2782 270 2808 ιδ.
309 2781 331 2796 ³⁸
346 2780 445 2808 ιέῑροιι.
464 2788 502 2813 iii,
520 2779 561 2812 19,
584 2781 631 2808 2d.

911 2741 933 2757 ”
951 2740 1029 2768 Joan.
1050 2748 1086 2771 ix,
1097 2738 1141 2766 l6.

1011 2319 1175 2349 Sequuntur.
1200 2311 1278 2345 Quod
1298 2315 1324 2338 et
1344 2310 1409 2337 alibi
1430 2309 1574 2343 Scriptura
1598 2308 1720 2340 inilii'at,
1740 2315 1803 2334 cum

1010 2362 1048 2387 ait
1063 2370 1070 2387 :
1087 2370 1096 2386 ι
1113 2359 1210 2386 Omnia
1226 2361 1316 2392 potes,
1335 2364 1423 2390 neque
1445 2355 1593 2390 quidquam
1607 2361 1659 2385 εει,
1678 2353 1749 2388 quod
1765 2353 1805 2379 ef.

1011 2407 1093 2434 licere
1109 2413 1162 2432 non
1174 2411 1261 2439 queas
1272 2403 1304 2430 “.
1319 2413 1328 2428 ι
1346 2401 1428 2428 Novit
1445 2401 1518 2428 enim
1536 2401 1562 2426 ill
1577 2399 1673 2426 lneliils
1685 2406 1795 2425 (‘OIIIIIIu

1011 2458 1079 2484 tare,
1093 2457 1120 2479 et
1138 2452 1310 2482 instaurare;
1327 2449 1402 2476 sicut
1428 2447 1500 2482 apud
1517 2446 1684 2473 Ezecllielenl
1706 2445 1732 2471 in
1748 2445 1806 2472 lla-t.

1016 2499 1099 2526 verba
1119 2497 1236 2532 legimus
1254 2504 1261 2522 :
1282 2505 1290 2520 ι
1307 2494 1428 2520 Evcllain
1441 2501 1489 2519 cor
1502 2499 1597 2518 eorum
1622 2490 1758 2525 lapideum
1772 2488 1808 2515 de,

1016 2553 1100 2573 carne
1112 2551 1219 2574 eorum,
1235 2547 1262 2569 et
1279 2541 1351 2568 dabo
1365 2540 1418 2567 illis
1434 2547 1482 2566 cor
1497 2545 1641 2568 carni-inn,
1653 2541 1681 2562 ilt
1699 2536 1748 2571 ipsi
1762 2535 1806 2562 vi-

1016 2591 1099 2617 deant
1117 2597 1169 2621 me,
1193 2588 1258 2623 quia
1275 2595 1324 2622 ego
1342 2593 1403 2613 sum
1424 2584 1560 2611 Dominus
1571 2583 1604 2610 ⁸¹.
1627 2592 1636 2608 ι
1661 2581 1756 2615 Itaque
1778 2583 1807 2606 et

1017 2644 1095 2664 suam
1116 2636 1175 2670 ipse
1198 2634 1329 2661 virtutem
1344 2631 1551 2662 demonstrans,
1565 2633 1662 2655 terram
1678 2635 1705 2654 se
1718 2631 1743 2653 et
1758 2625 1806 2652 lio-

1015 2684 1112 2710 minem
1123 2682 1150 2708 in
1169 2689 1200 2708 ea
1222 2679 1313 2714 fecisse
1339 2677 1390 2704 ait.
1414 2674 1510 2703 Potest
1537 2674 1610 2702 enim
1632 2673 1703 2701 idem
1724 2672 1807 2699 etiam

1179 2737 1201 2754 "
1212 2735 1291 2765 Joan.
1307 2743 1349 2767 in,
1361 2733 1387 2761 4.
1426 2733 1450 2749 ³ο
1465 2731 1544 2761 Rom.
1560 2738 1599 2763 xi,
1615 2730 1661 2760 23.
1699 2729 1720 2745 “
1737 2727 1802 2763 Sap.

812 2823 929 2853 VARUE
948 2820 1148 2851 ιΕΟΤΙΟΝΕΞ.

227 2876 245 2891 κ
261 2874 303 2900 ῖσ.
320 2873 398 2901 v(sirit.
423 2872 520 2913 πηλόν.
