2002 3078
205 122 276 155 9427

872 126 1048 156 PROCOPII
1068 126 1191 157 GAZ.EI

1769 125 1836 158 1423
1847 132 1864 142 ε

207 179 362 205 instaurare
382 178 428 213 qui
445 178 582 206 condidit.
597 178 698 213 Filium
715 179 825 212 deinde,
846 187 896 215 per
913 188 989 215 quem

1046 180 1070 206 οἱ
1085 181 1195 216 οὐρανοὶ
1205 181 1423 217 ἐστερεώθησαν,
1440 191 1450 207 ι
1465 182 1495 214 ὃς
1506 181 1553 208 καὶ
1570 181 1632 214 τοῖς
1647 182 1769 216 ἄστροις
1785 184 1832 210 ἐν·

206 232 221 251 a
235 232 265 251 se
277 229 369 251 crcata
386 229 451 252 sunt
471 225 574 256 omnia,
592 225 651 260 ipso
669 234 761 252 uiantis
785 227 894 253 nomine
916 227 989 253 intel-

207 270 282 297 lexit.
293 270 398 297 «Verbo
410 271 546 305 siquidettt
558 270 665 298 Domini
680 271 742 299 ραιΙί
754 272 853 298 ﬁrmati
863 278 928 299 sunt
940 272 973 299 3":
982 281 991 298 ι

206 323 293 350 eoque
309 317 389 343 astris
407 316 561 349 mandante,
583 317 609 343 in
627 317 682 343 diei
702 317 812 352 quidem
832 322 993 352 potestatem

206 363 261 394 sol;
281 362 307 388 in
326 363 416 389 noctis
433 368 536 395 autem,
556 363 620 390 luna
639 364 762 391 emicuit.
779 363 857 391 Unde
878 365 943 391 illud
966 364 993 391 in

205 407 343 435 Psalmis:
360 418 369 434 ι
396 408 442 435 Sol
466 410 594 444 cognovit
616 418 746 437 occasum
772 419 851 438 suum
875 411 906 437 ³³.
929 420 937 436 ι
962 411 994 437 lit

206 454 304 480 iterum
323 462 330 480 :
349 463 357 479 ι
379 453 419 480 Tu
435 455 589 481 fabricatus
600 463 629 482 cs
642 455 727 482 solem
741 459 768 482 ct
782 456 873 481 lunam
890 456 922 482 ³⁵.
939 465 947 481 ι
963 455 994 481 At

203 506 310 531 eorum,
328 507 388 533 qum
406 505 618 534 praecesserunt,
633 501 758 527 notitiam
770 501 920 533 illustrant,
933 509 993 535 qua:

204 545 333 579 deinceps
354 550 526 579 sequuntur;
543 546 643 580 quibus
662 546 779 580 ⁸Ῐιιιιιίιὶίιι
799 546 993 574 rex'Christus

203 590 378 624 pra-dicatur,
403 590 485 625 519
502 592 547 624 qui
563 591 673 625 justitia
702 593 760 626 ipsa
780 596 832 619 est.
857 593 901 619 Ait.
921 593 992 619 enim

202 636 283 662 etiam
298 636 400 663 alicubi
419 645 425 663 :
446 645 455 661 ‹
476 636 548 663 Ecce
561 641 636 664 certe
652 641 748 672 regnat
764 637 878 671 justilize
895 646 952 669 rex,
967 643 993 664 et

202 681 341 716 principes
359 690 419 708 cum
432 682 539 716 judicio
557 683 778 717 imperabunt".
801 694 810 709 ι
832 683 897 710 Nam
925 692 993 718 pne—

201 728 326 759 terquam
343 727 414 760 quod
429 732 526 753 natura
543 734 603 754 cum
620 733 695 762 patre
704 736 750 754 rex
761 732 804 756 est
814 750 821 761 ,
835 737 883 755 eos
897 729 991 762 etiam,

203 771 250 805 qui
265 771 438 804 defecerunt,
454 777 595 806 assumpta
611 780 695 800 carne
715 774 813 800 iterum
835 774 886 801 sibi
900 774 993 808 subje—

202 816 240 843 cit
258 826 263 842 :
281 817 333 848 Qui
344 818 398 843 vias
416 823 510 850 rectas,
528 818 553 844 id
570 822 612 845 est
634 818 848 851 Evangeliorum
865 820 990 853 oracula,

1047 228 1183 255 ετείλατο
1196 228 1324 261 διατάξας
1341 229 1387 254 τὸν
1401 229 1451 263 μὲν
1464 228 1540 264 ἥλιον
1552 230 1591 260 εἰς
1606 228 1693 263 ἀρχὰς
1706 231 1754 264 τῆς
1766 231 1834 264 ἠμέ-

1047 281 1107 308 ρας,
1133 273 1228 305 νυκτὸς
1241 274 1269 300 δὲ
1287 275 1336 309 τὴν
1365 274 1491 309 σελήνην.
1524 275 1569 300 Διό
1586 274 1808 310 φησινὸψαλμός
1826 284 1833 290 ·

1049 328 1058 344 ι
1075 319 1104 344 Ὁ
1118 319 1193 354 ἥλιος
1205 319 1276 354 ἔγνω
1296 320 1346 355 τὴν
1363 320 1392 345 δύ
1399 328 1441 346 σιν
1454 319 1545 346 αὐτοῦ.
1560 329 1568 345 ι
1586 320 1640 346 Καὶ
1656 320 1736 346 πάλιν
1746 329 1753 336 ’
1775 329 1783 346 ι
1798 321 1833 347 Σὺ

1045 364 1202 398 κατηρτίσω
1219 365 1294 399 ἥλιον
1310 365 1357 390 καὶ
1369 364 1494 399 σελήνην,
1508 374 1516 389 ι
1535 364 1591 400 Τὴν
1607 365 1635 390 δὲ
1649 365 1703 391 τῶν
1717 364 1836 398 φθασάν-

1044 416 1098 434 των
1109 409 1213 434 ἔννοιαν
1226 409 1260 435 τὰ
1284 410 1353 444 μετὰ
1376 408 1461 435 ταῦτα
1490 402 1574 444 δηλοῖ,
1589 409 1621 434 δι’
1637 405 1674 435 ὧν
1686 410 1699 435 ὁ
1716 409 1832 444 Χριστὸς

1045 455 1195 487 Βασιλεὺς
1219 454 1414 488 δικαιοσύνης
1436 455 1601 489 κηρύττεται
1614 454 1744 489 ὑπάρχων
1756 455 1834 480 αὑτό-

1044 507 1139 533 χρημα
1156 498 1345 532 δικαιοσύνη.
1361 499 1415 526 Καὶ
1426 498 1541 533 ἀλλαχοῦ
1553 499 1606 535 γάρ
1619 507 1716 533 φησιν’
1737 508 1746 524 ι
1769 498 1833 525 Ἰδοὺ

1044 544 1075 580 δὴ
1091 544 1217 578 βασιλεὺς
1242 545 1417 578 δικαιοσύνης
1446 544 1601 580 βασιλεύει,
1631 545 1677 571 καὶ
1703 545 1833 579 ἄρχοντες

1046 590 1114 624 μετὰ
1131 590 1246 624 κρίσεως
1270 590 1432 625 ἄρξουσιν.ι
1465 591 1547 616 Φύσει
1575 591 1628 624 γὰρ
1651 589 1689 616 ὢν
1719 591 1767 617 σὺν
1794 590 1833 625 τῷ

1043 635 1146 671 ΙΙατέρι
1161 636 1314 669 ,ϐασιλεὺς
1339 637 1402 668 τοὺς
1425 637 1597 668 ἀποστάντας
1623 636 1701 667 αὖθις
1714 636 1832 667 ὑπέταξε

1044 682 1206 716 σαρκωθεὶς,
1218 682 1307 715 ὀδοὺς
1321 682 1399 717 ἔχων
1406 683 1524 715 εὐθείας
1539 682 1572 708 τὰ
1587 682 1642 708 τῶν
1659 681 1833 715 Εὑαγγελίων

1043 727 1225 761 θεσπίσματα.
1240 728 1349 754 Σκολιὸν
1357 727 1412 763 γὰρ
1421 727 1496 754 οὐδὲν
1505 730 1534 754 ὲν
1548 729 1650 758 αὐτοῖς.
1662 728 1698 752 Τὸ
1706 727 1734 753 δὲ
1741 728 1829 761 τραχὺ

1042 773 1095 799 τῶν
1111 773 1232 807 νομικῶν
1245 774 1414 808 ἐκπέφευγεν
1431 773 1620 809 ὲνταλμάτων.
1638 773 1828 808 Τεθεμελίωκε

1043 819 1071 845 δὲ
1089 819 1137 854 τὴν
1156 819 1321 854 Ἐκκλησίαν
1351 819 1432 852 αὐτὸς
1461 819 1498 846 ὢν
1522 820 1656 854 θεμέλιος,
1681 820 1740 853 Ἐφ’
1753 815 1834 853 ᾧκαὶ

203 862 229 887 ιιι
246 862 346 896 quibus
368 863 435 889 nihil
455 871 580 898 pravum,
598 864 720 899 nihilque
739 865 885 892 sinuosum
910 873 989 900 repe-

1045 867 1126 900 ήμεῖς
1141 865 1437 900 ἐποικοδομούμεθαὼς
1451 865 1520 892 λίθοι
1537 866 1703 897 πολυτελεῖς,
1717 866 1756 896 εἰς
1769 865 1834 892 ναὸν

201 907 267 939 rias,
295 908 399 941 edidit;
422 910 468 943 qui
491 909 559 936 dura
585 910 651 945 legis
674 910 803 937 inundata
826 911 986 938 declinavit.

200 952 271 980 Bene
285 960 375 981 autem
399 955 528 983 Ecclesia:
550 955 620 983 idem
645 956 821 983 fundamenta
843 957 918 990 jecit,
946 957 992 992 qui

199 998 409 1028 fundamentum
424 1006 476 1036 est,
494 1010 578 1037 super
593 1003 666 1037 qltod
683 1008 710 1030 ct
723 1003 786 1037 ipsi,
802 1007 930 1038 tanquam
949 1005 989 1030 la—

199 1045 275 1079 pides
295 1048 407 1081 pretiosi
426 1048 460 1080 ‘1,
475 1049 501 1075 in
516 1048 704 1075 habitaculum
721 1048 767 1076 Dei
783 1049 809 1076 in
828 1050 926 1083 spiritu
941 1058 988 1076 su-

199 1093 382 1125 perstruimur
397 1103 404 1120 :
417 1095 557 1130 quigraljs
568 1103 618 1122 nos
633 1095 765 1122 servitute
780 1096 889 1130 eripuit.
906 1105 915 1121 ι
935 1097 990 1124 Ne-

198 1146 251 1172 que
270 1140 343 1166 enim
360 1142 600 1175 corruptibilibus,
615 1145 739 1176 argento,
756 1141 797 1168 vel
805 1149 872 1169 auro
884 1142 991 1169 redem-

199 1183 236 1218 pli
250 1192 358 1218 sumus,
375 1186 408 1214 de
431 1195 499 1214 vana
516 1192 612 1214 nostra
632 1187 847 1214 conversatione
867 1193 990 1221 paternae

1047 912 1134 944 ἅγιον⁷
1150 912 1189 942 εἰς
1204 912 1414 946 κατοικητήριον
1443 911 1489 938 τοῦ
1517 911 1583 937 (θεοῦ
1598 912 1626 938 ἐν
1642 911 1790 946 [Ινεύματι,
1804 911 1834 942 ὃς

1046 959 1082 984 οὺ
1090 957 1165 991 μετὰ
1175 957 1330 992 δὼρωντὴν
1341 958 1477 993 ἡμετέραν
1488 958 1676 992 αἰχμαλωσίαν
1687 957 1833 993 ἐρρύσατο.

1044 1013 1054 1029 ι
1066 1004 1102 1030 Οὐ
1122 1004 1176 1039 γὰρ
1185 1004 1324 1039 φθαρτοῖς,
1333 1004 1426 1039 φησὶν,
1436 1004 1585 1039 ἀργυρίῳῆ
1601 1004 1704 1038 χρυσίῳ
1712 1003 1833 1038 ἐλυτρώ-

1042 1049 1225 1085 θημενεκτῆς
1239 1050 1445 1085 ματαίαςὴμῶν
1459 1050 1633 1086 ἀναστροφῆς
1650 1058 1831 1085 πατροπαρα-

1041 1095 1131 1126 δότου,
1161 1095 1230 1122 ἀλλὰ
1256 1095 1339 1130 τιμίῳ
1368 1095 1467 1130 αἵματι
1484 1095 1520 1126 ὡς
1532 1096 1619 1129 ἀμνοῦ
1644 1094 1760 1129 ἀμώμου
1784 1094 1832 1120 καὶ

1040 1143 1157 1169 ἀσπίλου
1168 1142 1296 1178 Χριστοῦ,
1314 1152 1323 1168 ι
1343 1143 1400 1168 Οὐκ
1413 1141 1496 1176 ἐσμὲν
1507 1139 1553 1168 οὖν
1570 1141 1683 1173 ἑαυτῶν,
1699 1141 1767 1168 ἀλλὰ
1783 1139 1831 1166 τοῦ

1041 1189 1203 1223 πριαμένου.

198 1231 366 1264 traditionis,
380 1233 426 1259 sed
439 1234 561 1267 pretioso
577 1233 712 1267 sanguine
724 1232 804 1267 quasi
815 1235 877 1267 agni
889 1234 1055 1262 immaculati
1073 1236 1175 1262 Christi
1202 1238 1228 1262 et
1257 1234 1467 1261 incontaminati
1483 1234 1516 1261 ³⁸.
1541 1244 1550 1259 ι
1568 1233 1627 1260 Non
1648 1241 1745 1261 smnus
1780 1235 1831 1270 igi—

199 1280 244 1302 tur
259 1278 345 1304 nostri
360 1277 449 1312 juris;
468 1278 515 1306 sed
530 1279 601 1313 ejus,
614 1279 662 1313 qui
676 1286 728 1305 nos
745 1278 869 1306 redemit.

233 1322 301 1349 Cum
318 1329 408 1350 autem
435 1323 575 1351 Christum
603 1324 718 1351 dixisset
735 1327 817 1351 antea
834 1332 914 1352 suum
938 1332 988 1360 po—

199 1368 294 1402 pulum
312 1376 374 1396 esse
389 1377 607 1403 conversurum;
624 1372 736 1405 quinam
764 1372 782 1399 ii
812 1377 916 1405 essent,
942 1373 987 1408 qui

199 1414 293 1440 vocari
326 1413 468 1446 deberent,
499 1415 645 1442 confestim
672 1417 789 1449 addidit,
817 1422 926 1452 sumpto
955 1418 988 1445 ab

200 1457 361 1485 idololatria:
384 1458 564 1486 deditissimis
591 1462 727 1496 exemplo,
752 1469 806 1496 quo
830 1462 987 1490 liberatoris

199 1504 288 1532 virtus
315 1505 404 1540 magis
423 1506 596 1533 enitesceret.
614 1506 654 1534 Ad
675 1515 740 1535 oves
756 1508 841 1541 enim,
869 1516 929 1543 qum
944 1516 991 1543 pe-

201 1551 306 1578 rierant
323 1550 357 1578 de
388 1551 468 1578 domo
485 1551 578 1585 Israel,
611 1553 713 1581 missus
741 1558 800 1581 erat
814 1555 922 1589 quidem
951 1555 990 1588 ’9;

202 1596 248 1623 sed
263 1595 307 1622 ubi
322 1596 419 1623 eodem
435 1597 575 1625 trucidato
591 1599 778 1626 recalcitravit
793 1599 920 1631 dilectus,
937 1604 992 1627 sta-

201 1643 249 1669 tim
263 1642 389 1676 gentibus
404 1642 503 1671 illuxit.
517 1643 647 1679 lntelligit
661 1650 752 1672 autent
767 1653 815 1679 per
832 1645 991 1680 jEthiopum

201 1687 412 1721 negotiationem.
422 1687 616 1716 Thebanorum
627 1690 718 1722 urbes,
729 1691 832 1725 quibus
849 1696 876 1718 et
892 1691 930 1718 illi
946 1691 992 1718 ad-

199 1733 302 1767 jacent,
317 1734 361 1768 qui
377 1733 488 1761 Sabaim
504 1735 692 1762 nominantur.
721 1735 784 1763 ldeo
808 1745 890 1771 porro
919 1738 992 1764 laba-

200 1788 274 1807 rasse
287 1780 363 1810 dicit.
376 1781 448 1815 quod
460 1781 649 1809 acerbissimis
663 1783 788 1817 tyrannis
810 1783 984 1817 inservirent,

200 1833 216 1852 a
228 1826 328 1860 quibus
346 1834 440 1853 eorutn
456 1826 535 1854 liberi
549 1827 576 1854 itt
591 1827 725 1855 idolorum
745 1829 911 1856 sacriﬁcium
932 1830 991 1857 exi-

199 1872 353 1907 gebantur:
374 1873 425 1905 vel,
444 1877 473 1900 ut
489 1873 628 1908 ingentem
642 1874 728 1902 fuisse
741 1882 836 1902 eorttm
856 1876 990 1909 supersti-

200 1919 302 1946 tionem
319 1919 464 1951 indicaret,
481 1927 541 1954 quae
555 1924 683 1955 superata
698 1920 725 1947 in
743 1921 871 1954 pietatem
894 1921 988 1948 abivil.

200 1965 249 1993 Est
261 1965 332 1993 enim
350 1965 376 1991 id
393 1972 475 1992 omne
487 1965 640 1997 sublatum,
658 1964 731 2000 quod
747 1965 792 1993 isti
807 1965 988 2000 repugnabat.

198 2011 282 2039 Nam:
307 2020 316 2037 ι
335 2010 387 2038 Ubi
403 2011 550 2039 abundavit
576 2017 733 2046 peccatum,
755 2011 989 2046 superabundavit

197 2063 225 2085 et
243 2058 331 2092 gratia
346 2058 385 2085 "z
404 2066 413 2083 ι
438 2065 500 2085 cum
528 2058 629 2092 ubique
656 2058 728 2093 apud
756 2066 803 2085 eos
824 2062 989 2086 constructae

197 2104 330 2138 ecclesiae,
350 2108 424 2131 tanta
441 2105 653 2136 monachorum,
668 2108 742 2130 tanta
761 2103 896 2138 virginum
910 2112 988 2132 exer-

196 2151 357 2178 citationum
376 2151 516 2178 laboribus
533 2151 749 2177 incumbentium
770 2149 897 2176 examina
926 2158 987 2177 cer-

196 2198 308 2222 nantur.
324 2193 450 2221 Excelsos
470 2199 559 2221 autetn
572 2202 620 2221 eos
639 2193 718 2224 dicit,
746 2197 877 2228 tanquam
895 2193 988 2228 itnpie-

197 2243 252 2266 tate
271 2245 298 2267 et
316 2239 511 2274 superstitione
537 2239 653 2267 nobiles.
681 2238 794 2271 Deinde,
823 2240 989 2266 manicarum

197 2286 316 2317 nomine,
342 2285 498 2313 dilectionis
523 2285 644 2316 vincula,
661 2285 801 2320 divinique
819 2286 921 2312 amoris
940 2293 987 2313 ea-

198 2337 276 2358 tenas
293 2331 427 2367 intelligit.
443 2331 565 2366 Indeque
579 2331 645 2358 illud
672 2337 725 2364 est,
742 2331 813 2366 quod
838 2331 985 2359 scribitur:

200 2386 209 2402 ι
228 2377 295 2410 Quis
324 2385 374 2405 nos
398 2378 535 2413 separabit
551 2386 563 2404 τι
582 2378 730 2405 dilectione
758 2377 859 2404 Christi
876 2377 909 2410 ",
931 2387 939 2403 ι
959 2377 986 2404 in

201 2429 282 2456 quem
297 2423 387 2450 omnis
403 2424 521 2456 precatio
538 2422 659 2450 desinit?
677 2423 704 2450 in
722 2422 833 2450 Christo
851 2423 985 2455 siquidem

1080 1323 1146 1357 Περὶ
1160 1322 1186 1348 δὲ
1198 1321 1246 1348 τοῦ
1277 1321 1396 1356 Χριστοῦ
1420 1321 1580 1357 προειπὼν,
1606 1322 1649 1349 ὅτι
1673 1323 1832 1360 ἐπιστρέψει

1041 1370 1087 1395 τὸν
1106 1369 1170 1394 λαὸν
1185 1367 1280 1399 αὑτοῦ,
1307 1367 1408 1399 εὐθέως
1422 1368 1558 1403 ἐπήνεγκε
1571 1369 1644 1401 τίνες
1660 1370 1685 1395 oi
1698 1370 1834 1406 κληθησὸ-

1043 1422 1135 1448 μενοι,
1162 1412 1262 1446 δεῖγμα
1287 1412 1342 1438 τῶν
1367 1412 1568 1448 εἰδωλολατρῶν
1591 1414 1654 1445 τοὺς
1677 1413 1777 1448 ἄκρους
1804 1416 1834 1441 ἐν

1041 1459 1126 1493 ταύτῃ
1136 1458 1226 1484 λαϐὼν
1234 1458 1273 1488 εἰς
1281 1457 1392 1490 ἔνδειξιν
1402 1459 1449 1492 τῆς
1458 1457 1505 1484 τοῦ
1519 1467 1546 1484 σε
1552 1459 1669 1491 σωκὸτος
1680 1460 1832 1495 δυνάμεως.

1050 1504 1202 1539 Ἀπεστάλη
1231 1503 1281 1538 μὲν
1305 1504 1358 1538 γὰρ
1385 1504 1453 1539 πρὸς
1471 1505 1505 1530 τὰ
1521 1505 1680 1532 ἀπολωλότα
1710 1507 1834 1540 πρόϐατα

1045 1550 1121 1577 οἴκου
1144 1549 1264 1584 Ἰσραήλ.
1290 1549 1333 1580 Ὠς
1363 1549 1391 1575 δὲ
1421 1550 1628 1577 ἀπελάκτισενὸ
1655 1552 1834 1586 ἡγαπημένος

1047 1597 1209 1628 ἀποκτείνας
1223 1597 1316 1628 αὐτὸν,
1345 1596 1501 1630 ἐπέλαμψεν
1530 1597 1629 1623 αὐτίκα
1650 1599 1705 1629 τοῖς
1717 1598 1834 1624 ἔθνεσιν.

1044 1644 1192 1671 Αίθιόπων
1204 1643 1243 1674 δέ,
1258 1651 1340 1677 φησιν
1354 1643 1509 1676 ἐμπορίαν,
1525 1643 1573 1674 τὰς
1586 1643 1712 1677 Θηϐαίων
1732 1644 1833 1676 πόλεις,

1044 1687 1084 1720 οἷς
1092 1689 1187 1723 ὅμοροι
1202 1688 1341 1722 Σαϐαείμ.
1363 1687 1549 1714 Ἐκοπίασαν
1567 1687 1595 1714 δὲ
1612 1690 1719 1722 πικροῖς
1735 1689 1834 1723 τυράνε

1044 1743 1099 1766 νοις
1129 1733 1314 1766 δουλεύοντες,
1331 1734 1371 1765 εἰς
1394 1733 1490 1764 θυσίας
1519 1733 1640 1759 αἰτοῦσιν
1660 1734 1734 1765 υἱοὺς
1746 1734 1835 1760 αὐτῶν

1044 1782 1091 1807 καὶ
1106 1780 1271 1815 θυγατέρας·
1287 1779 1372 1815 ἤγουν
1382 1779 1413 1805 τὸ
1427 1778 1535 1806 εὔτονον
1548 1779 1636 1806 αὐτῶν
1646 1780 1695 1814 τῆς
1708 1780 1835 1812 ἁσεεὶείας

1043 1827 1173 1853 ἐνέδωκεν
1198 1825 1316 1861 ἡττηθὲν
1335 1826 1376 1857 είς
1389 1825 1543 1852 εὐσέϐειαν.
1568 1826 1682 1861 Διελὺοη
1698 1825 1753 1861 γὰρ
1773 1827 1835 1852 ὅσον

1043 1871 1116 1908 εἶχον
1131 1873 1199 1907 πρὸς
1215 1872 1317 1907 ταύτην
1333 1872 1502 1899 ὲνστατικόν.
1525 1882 1534 1898 ι
1549 1868 1587 1898 Ob
1604 1873 1658 1906 γὰρ
1671 1873 1833 1908 ἐπερίσσευ-

1044 1927 1090 1944 σεν
1104 1919 1119 1953 ἠ
1137 1918 1270 1953 ἁμαρτία,
1283 1918 1555 1952 ὑπερεπερίσσευσεν
1571 1919 1587 1953 ἡ
1602 1918 1692 1953 χάρις,
1706 1928 1716 1944 ι
1733 1927 1835 1945 παντα-

1042 1963 1092 1998 χοῦ
1120 1962 1324 1998 καθιδρυμένων
1338 1963 1366 1988 ἐν
1381 1962 1488 1994 τούτοις
1519 1963 1683 1997 ἐκκλησιῶν,
1698 1963 1834 1990 τοσούτων

1041 2018 1072 2035 τε
1090 2009 1155 2045 παρ’
1171 2009 1264 2040 αὐτοῖς
1296 2009 1444 2044 ὁρωμένων
1472 2008 1614 2044 μοναστῶν
1630 2009 1676 2035 καὶ
1690 2009 1834 2044 παρθένων

1041 2055 1133 2086 πόνοις
1150 2053 1334 2081 ὲναθλούντων
1350 2054 1503 2088 ἀσκήσεως.
1518 2053 1674 2087 ’Υψηλοὺς
1698 2054 1726 2080 δέ
1752 2062 1834 2088 φησιν

1042 2103 1150 2135 αὐτοὺς,
1175 2102 1215 2133 ὡς
1226 2102 1379 2136 ἐπισήμους
1396 2102 1425 2127 ὲν
1439 2101 1594 2137 δυσσεῦεἰᾳ.
1618 2101 1796 2135 Χειροπέδιις
1805 2101 1834 2128 δὲ

1041 2150 1074 2175 τὰ
1084 2149 1170 2184 δεσμὰ
1196 2148 1245 2183 τῆς
1260 2148 1373 2182 ἀγάπης
1398 2148 1487 2179 καλεῖ,
1506 2148 1552 2174 καὶ¹
1566 2148 1614 2178 τὰς
1632 2148 1684 2182 τῆς
1698 2147 1834 2182 φιλοθεῖας

1043 2194 1146 2228 σειρὰς,
1159 2193 1196 2224 ὡς
1209 2193 1308 2226 λέγειν·
1331 2202 1339 2218 ι
1351 2191 1399 2223 Τίς
1410 2193 1482 2227 ἡμᾶς
1501 2191 1617 2227 χωρίσει
1631 2192 1685 2219 ἀπὸ
1705 2192 1753 2226 τῆς
1767 2192 1836 2225 ἀγά-

1044 2238 1152 2274 πηςτοῦ
1167 2237 1298 2274 Χριστοῦ,
1313 2247 1321 2263 ι
1336 2239 1375 2269 εἰς
1387 2237 1416 2264 ὃν
1430 2237 1539 2272 ἔρχεται
1556 2238 1610 2264 πᾶν
1622 2238 1708 2272 πέρας
1721 2236 1832 2271 εὐχῆς;

1050 2283 1093 2310 Ἑν
1110 2283 1220 2319 Χριστῷ
1232 2283 1285 2318 γὰρ
1297 2284 1427 2318 αἰτοῦμεν
1439 2284 1514 2318 παρὰ
1526 2283 1573 2309 τοῦ
1604 2283 1725 2317 Πατέρος
1740 2283 1774 2308 τὰ
1792 2283 1834 2308 ci-

1042 2330 1164 2366 τήματα,
1183 2330 1212 2355 ὃν
1228 2330 1308 2364 ἔχων
1324 2330 1358 2356 ἐν
1383 2328 1490 2362 ἑαυτῷ,
1522 2329 1594 2362 Θεὲς
1621 2330 1722 2364 ὁμοίως
1741 2329 1834 2360 ἐστὶν,

1042 2376 1115 2402 καθά
1124 2384 1215 2411 φησιν·
1231 2385 1240 2401 ι
1257 2375 1285 2402 Ὀ
1295 2376 1427 2411 ἑωρακὼς
1439 2376 1501 2411 ἐμὲ,
1513 2375 1619 2411 ἑώρακε
1635 2377 1679 2402 τὸν
1695 2376 1832 2411 Πατέρα.»

1047 2421 1118 2456 Ἐγὼ
1128 2422 1176 2448 καὶ
1186 2422 1200 2447 ὁ
1215 2422 1311 2456 Πατὴρ
1323 2421 1352 2448 ἓν
1363 2423 1458 2457 ἐσμεν.
1473 2431 1483 2448 ι

197 2477 257 2503 qua:
271 2477 285 2496 a
302 2469 382 2496 Patre
395 2470 522 2503 petimus,
540 2470 721 2505 postulamus,
738 2478 816 2505 quem
826 2470 910 2505 520
925 2477 986 2497 cum
1006 2470 1033 2496 in
1048 2479 1076 2496 ac
1089 2469 1195 2502 habeat,
1207 2475 1234 2496 et
1247 2469 1319 2497 Deus
1339 2470 1375 2496 sit
1389 2478 1500 2506 quoque
1515 2477 1629 2498 necessa
1660 2474 1718 2502 est,
1753 2470 1832 2505 juxta

197 2516 279 2543 illud:
300 2526 309 2541 ι
326 2516 378 2549 Qui
395 2517 466 2544 vidct
483 2525 535 2548 me,
550 2517 622 2544 videt
637 2523 663 2545 et
682 2517 790 2545 Patrem
806 2517 839 2544 δ’.
858 2527 867 2542 ι
900 2526 909 2543 ι
929 2516 985 2552 Ego
1006 2521 1034 2544 et
1044 2516 1124 2544 Pater
1145 2525 1228 2543 unum
1250 2525 1345 2544 sumus
1361 2517 1393 2544 ".
1414 2526 1424 2542 ι

237 2561 349 2595 Deinde,
366 2564 437 2597 quod
454 2565 480 2591 in
496 2568 519 2590 te
531 2564 611 2596 Deus,
622 2572 705 2591 etnon
716 2568 753 2592 est
770 2563 838 2591 Deus
850 2568 946 2598 prmter
958 2568 992 2600 te,

198 2609 276 2641 dixit,
290 2611 395 2644 aequale
410 2615 453 2638 est
468 2611 541 2643 huic,
555 2611 728 2638 «Ethrbum
742 2615 801 2637 erat
811 2611 883 2645 apud
894 2610 989 2643 Deum,

198 2659 227 2682 et
241 2654 311 2683 Deus
324 2660 382 2683 erat
395 2656 511 2684 Verbum
525 2657 574 2683 ιδ.»
588 2656 722 2684 Pra-terea
734 2656 924 2691 ptenitentiuin
940 2662 989 2682 vo-

199 2709 258 2729 cem
276 2703 446 2738 exprimunt,
471 2711 530 2738 qua:
545 2703 588 2730 liis
614 2703 721 2731 verbis:
749 2700 783 2728 Et
798 2701 986 2733 nesciebamus,

236 2769 259 2785 ³³
281 2769 353 2797 Psal.
378 2779 464 2802 xxx”,
480 2771 506 2798 6.

204 2811 223 2840 ι,
245 2804 291 2840 l8,
307 2805 351 2833 i9.
389 2807 411 2822 ‘9
426 2806 523 2834 Matth.
543 2815 569 2840 Χ,
582 2807 608 2834 (5.

647 2807 670 2823 δθ
684 2807 763 2834 Rom.
781 2815 806 2840 ν,
830 2806 875 2833 ‘20.

205 2838 228 2854 “
239 2838 319 2868 Joan.
339 2849 358 2873 ι,
375 2841 401 2868 5.

545 2772 568 2788 ³⁸
591 2771 661 2799 l’sal.
681 2779 739 2803 cut,
758 2771 802 2800 19,
840 2772 862 2788 ³⁸
884 2770 956 2799 Psal.
975 2777 1033 2802 vui,
1050 2771 1078 2798 4.
1117 2771 1141 2787 ²⁶
1157 2770 1203 2798 Jer

545 2807 608 2834 x.6.
647 2807 670 2823 ⁸η
684 2807 763 2834 Rom.
781 2815 806 2834 ν.
830 2806 875 2833 ‘20.
932 2805 952 2822 “
973 2805 1051 2832 ltum.
1078 2814 1137 2834 vin.
1169 2806 1203 2834 55

998 2814 1051 2832 oin.
1078 2814 1137 2839 vin,
1169 2814 1214 2834 οι».

1086 2564 1122 2590 Τὸ
1146 2563 1185 2597 δὲ,
1207 2564 1255 2590 Ἐν
1269 2564 1318 2590 (Tal
1333 2564 1415 2596 Θεὸς,
1428 2563 1476 2591 καὶ
1498 2564 1555 2591 οὐκ
1585 2563 1650 2590 ἔστι
1663 2563 1735 2596 Θεὸς
1750 2563 1834 2596 πλὴν

1046 2609 1116 2643 σοῦ,
1133 2610 1288 2645 ἰσοδυναμεῖ
1368 2619 1378 2635 ‹
1394 2610 1448 2636 Καὶ
1459 2610 1472 2635 ὁ
1487 2610 1571 2643 Λόγος
1583 2607 1616 2643 ἦν
1630 2609 1695 2644 πρὸς
1703 2610 1748 2636 τὸν
1758 2608 1834 2642 Θεὸν,

1042 2657 1090 2683 καὶ
1105 2656 1170 2688 Θεὸς
1179 2654 1214 2691 ἦν
1223 2657 1237 2682 ὁ
1248 2656 1344 2690 Λόγος.
1360 2665 1369 2681 ι
1381 2655 1628 2682 Μετανοούντωνδὲ
1640 2655 1714 2690 φωνὴ
1730 2655 1769 2686 τὸ,
1785 2655 1834 2681 καὶ

1042 2703 1098 2729 οὐκ
1110 2701 1238 2737 ᾔδειμεν.
1254 2702 1286 2728 Οἳ
1303 2702 1349 2728 καὶ
1360 2700 1535 2736 ὁμολογοῦσιν
1552 2700 1633 2728 αὑτὸν
1646 2699 1767 2734 Σωτῆρα
1781 2699 1835 2726 τοῦ

1439 2769 1483 2796 ³⁷Ι
1499 2769 1575 2797 Petr.
1590 2777 1620 2802 ιι,
1636 2769 1663 2802 5,
1701 2770 1724 2786 "‘
1738 2769 1746 2796 Ι
1759 2769 1832 2797 Petr.

1117 2771 1141 2787 ²⁶
1157 2770 1260 2798 Jet'em.
1279 2778 1357 2803 xxnt,
1372 2769 1400 2799 5.
1439 2769 1483 2796 ³⁷Ι
1499 2769 1575 2797 Petr.
1590 2777 1620 2802 ιι,
1636 2769 1663 2802 5,
1701 2770 1724 2786 ⁸⁸
1738 2769 1746 2796 l
1759 2769 1823 2797 Petr

1118 2814 1137 2832 ι.
1169 2806 1214 2832 55.
1275 2806 1297 2822 δ’
1322 2805 1401 2832 Joan.
1424 2813 1480 2832 xiv.
1509 2805 1535 2832 9.
1587 2805 1611 2821 "
1637 2804 1716 2832 Joau.
1737 2814 1753 2832 χ
1789 2806 1823 2832 50

1654 2813 1716 2832 0811.
1737 2814 1753 2833 Χ
1789 2813 1834 2832 ου.

1275 2806 1297 2822 δ’
1322 2805 1401 2833 Joan.
1424 2813 1480 2838 xiv,
1509 2805 1535 2832 9.
