  <div class='ocr_page' id='page_1' title='image "/cluster/home/n/w/nwhite01/storage/ocr_20150623/87, pt.2/njp.32101010943809/472.png"; bbox 0 0 2002 3078; ppageno 0'>
   <div class='ocr_carea' id='block_1_1' title="bbox 192 131 266 164">
    <p class='ocr_par' dir='ltr' id='par_1_1' title="bbox 192 131 266 164">
     <span class='ocr_line' id='line_1_1' title="bbox 192 131 266 164; baseline -0.027 0"><span class='ocrx_word' id='word_1_1' title='bbox 192 131 266 164; x_wconf 76' lang='lat'><strong>2429</strong></span> 
     </span>
    </p>
   </div>
   <div class='ocr_carea' id='block_1_2' title="bbox 193 236 986 283">
    <p class='ocr_par' dir='ltr' id='par_1_2' title="bbox 193 236 986 283">
     <span class='ocr_line' id='line_1_2' title="bbox 193 236 986 283; baseline 0.008 -21"><span class='ocrx_word' id='word_1_2' title='bbox 193 236 424 283; x_wconf 44' lang='lat' dir='ltr'><strong>’lspahkjt&#39;qméov</strong></span> <span class='ocrx_word' id='word_1_3' title='bbox 433 239 478 265; x_wconf 77' lang='grc' dir='ltr'>νῦν</span> <span class='ocrx_word' id='word_1_4' title='bbox 490 239 535 266; x_wconf 75' lang='grc' dir='ltr'>τὸν</span> <span class='ocrx_word' id='word_1_5' title='bbox 543 239 649 274; x_wconf 74' lang='grc' dir='ltr'>ὁρῶντα</span> <span class='ocrx_word' id='word_1_6' title='bbox 657 240 733 267; x_wconf 78' lang='grc' dir='ltr'>Θεόν.</span> <span class='ocrx_word' id='word_1_7' title='bbox 753 250 762 266; x_wconf 80' lang='grc' dir='ltr'><strong>ι</strong></span> <span class='ocrx_word' id='word_1_8' title='bbox 774 242 810 267; x_wconf 76' lang='grc' dir='ltr'><strong>Οὐ</strong></span> <span class='ocrx_word' id='word_1_9' title='bbox 820 241 873 277; x_wconf 79' lang='grc' dir='ltr'><strong>γὰρ</strong></span> <span class='ocrx_word' id='word_1_10' title='bbox 886 242 986 273; x_wconf 81' lang='grc' dir='ltr'>πάντες</span> 
     </span>
    </p>
   </div>
   <div class='ocr_carea' id='block_1_3' title="bbox 194 282 987 322">
    <p class='ocr_par' dir='ltr' id='par_1_3' title="bbox 194 282 987 322">
     <span class='ocr_line' id='line_1_3' title="bbox 194 282 987 322; baseline 0.006 -13"><span class='ocrx_word' id='word_1_11' title='bbox 194 283 219 309; x_wconf 75' lang='grc' dir='ltr'>οε</span> <span class='ocrx_word' id='word_1_12' title='bbox 232 283 261 315; x_wconf 79' lang='grc' dir='ltr'><strong>ἐξ</strong></span> <span class='ocrx_word' id='word_1_13' title='bbox 283 283 421 318; x_wconf 69' lang='grc' dir='ltr'>Ἰσραὴλ,</span> <span class='ocrx_word' id='word_1_14' title='bbox 437 282 510 311; x_wconf 73' lang='grc' dir='ltr'>οὗτοι</span> <span class='ocrx_word' id='word_1_15' title='bbox 532 286 654 321; x_wconf 80' lang='grc' dir='ltr'>Ἰσραήλ.</span> <span class='ocrx_word' id='word_1_16' title='bbox 676 296 685 311; x_wconf 78' lang='lat' dir='ltr'><strong>t</strong></span> <span class='ocrx_word' id='word_1_17' title='bbox 703 288 733 313; x_wconf 79' lang='grc' dir='ltr'>οἱ</span> <span class='ocrx_word' id='word_1_18' title='bbox 749 287 777 313; x_wconf 81' lang='grc' dir='ltr'>δὲ</span> <span class='ocrx_word' id='word_1_19' title='bbox 791 287 987 322; x_wconf 77' lang='grc' dir='ltr'><strong>ἀνθεστηκότες</strong></span> 
     </span>
    </p>
   </div>
   <div class='ocr_carea' id='block_1_4' title="bbox 195 329 984 367">
    <p class='ocr_par' dir='ltr' id='par_1_4' title="bbox 195 329 984 367">
     <span class='ocr_line' id='line_1_4' title="bbox 195 329 984 367; baseline 0.006 -12"><span class='ocrx_word' id='word_1_20' title='bbox 195 329 281 364; x_wconf 83' lang='grc' dir='ltr'>αὐτῷ.</span> <span class='ocrx_word' id='word_1_21' title='bbox 303 330 353 365; x_wconf 85' lang='grc' dir='ltr'>’τὴν</span> <span class='ocrx_word' id='word_1_22' title='bbox 367 330 450 357; x_wconf 79' lang='grc' dir='ltr'>αὑτοῦ</span> <span class='ocrx_word' id='word_1_23' title='bbox 467 331 504 366; x_wconf 79' lang='grc' dir='ltr'>μὴ</span> <span class='ocrx_word' id='word_1_24' title='bbox 518 332 697 367; x_wconf 66' lang='grc' dir='ltr'><strong>ἀδικήσαντες</strong></span> <span class='ocrx_word' id='word_1_25' title='bbox 709 333 800 364; x_wconf 70' lang='grc' dir='ltr'>δόξαν,</span> <span class='ocrx_word' id='word_1_26' title='bbox 817 335 984 367; x_wconf 78' lang='grc' dir='ltr'>αἰσχύνον-</span> 
     </span>
    </p>
   </div>
   <div class='ocr_carea' id='block_1_5' title="bbox 194 375 988 414">
    <p class='ocr_par' dir='ltr' id='par_1_5' title="bbox 194 375 988 414">
     <span class='ocr_line' id='line_1_5' title="bbox 194 375 988 414; baseline 0.008 -14"><span class='ocrx_word' id='word_1_27' title='bbox 194 383 252 401; x_wconf 78' lang='grc' dir='ltr'>ται·</span> <span class='ocrx_word' id='word_1_28' title='bbox 265 375 371 402; x_wconf 77' lang='grc' dir='ltr'>ἔσονται</span> <span class='ocrx_word' id='word_1_29' title='bbox 386 377 440 413; x_wconf 76' lang='grc' dir='ltr'>γὰρ</span> <span class='ocrx_word' id='word_1_30' title='bbox 458 378 498 408; x_wconf 84' lang='grc' dir='ltr'><strong>εἰς</strong></span> <span class='ocrx_word' id='word_1_31' title='bbox 511 377 606 412; x_wconf 77' lang='grc' dir='ltr'><strong>ὅρασιν</strong></span> <span class='ocrx_word' id='word_1_32' title='bbox 617 378 691 413; x_wconf 75' lang='grc' dir='ltr'>πάσῃ</span> <span class='ocrx_word' id='word_1_33' title='bbox 705 379 798 414; x_wconf 80' lang='grc' dir='ltr'>σαρκί.</span> <span class='ocrx_word' id='word_1_34' title='bbox 816 379 882 406; x_wconf 76' lang='grc' dir='ltr'><strong>Ἀπὸ</strong></span> <span class='ocrx_word' id='word_1_35' title='bbox 892 380 920 405; x_wconf 79' lang='grc' dir='ltr'>δὲ</span> <span class='ocrx_word' id='word_1_36' title='bbox 929 379 988 406; x_wconf 79' lang='grc' dir='ltr'><strong>τῶν</strong></span> 
     </span>
    </p>
   </div>
   <div class='ocr_carea' id='block_1_6' title="bbox 196 421 988 459">
    <p class='ocr_par' dir='ltr' id='par_1_6' title="bbox 196 421 988 459">
     <span class='ocr_line' id='line_1_6' title="bbox 196 421 988 459; baseline 0.006 -12"><span class='ocrx_word' id='word_1_37' title='bbox 196 421 365 454; x_wconf 76' lang='grc' dir='ltr'><strong>Αἰγυπτίων</strong></span> <span class='ocrx_word' id='word_1_38' title='bbox 396 423 443 448; x_wconf 77' lang='grc' dir='ltr'>καὶ</span> <span class='ocrx_word' id='word_1_39' title='bbox 463 422 517 448; x_wconf 80' lang='grc' dir='ltr'>τῶν</span> <span class='ocrx_word' id='word_1_40' title='bbox 540 423 660 459; x_wconf 77' lang='grc' dir='ltr'>ὁμόρων,</span> <span class='ocrx_word' id='word_1_41' title='bbox 684 425 730 450; x_wconf 78' lang='grc' dir='ltr'><strong>ἐπὶ</strong></span> <span class='ocrx_word' id='word_1_42' title='bbox 749 425 780 451; x_wconf 73' lang='grc' dir='ltr'>τὸ</span> <span class='ocrx_word' id='word_1_43' title='bbox 801 425 917 451; x_wconf 80' lang='grc' dir='ltr'><strong>καθόλου</strong></span> <span class='ocrx_word' id='word_1_44' title='bbox 933 426 988 452; x_wconf 83' lang='grc' dir='ltr'>τῶν</span> 
     </span>
    </p>
   </div>
   <div class='ocr_carea' id='block_1_7' title="bbox 198 467 988 504">
    <p class='ocr_par' dir='ltr' id='par_1_7' title="bbox 198 467 988 504">
     <span class='ocr_line' id='line_1_7' title="bbox 198 467 988 504; baseline 0.008 -12"><span class='ocrx_word' id='word_1_45' title='bbox 198 467 282 493; x_wconf 80' lang='grc' dir='ltr'><strong>ἐθνῶν</strong></span> <span class='ocrx_word' id='word_1_46' title='bbox 292 468 336 493; x_wconf 78' lang='grc' dir='ltr'>τὸν</span> <span class='ocrx_word' id='word_1_47' title='bbox 344 467 422 502; x_wconf 75' lang='grc' dir='ltr'>λόγον</span> <span class='ocrx_word' id='word_1_48' title='bbox 432 469 565 504; x_wconf 76' lang='grc' dir='ltr'><strong>ἀνήγαγε,</strong></span> <span class='ocrx_word' id='word_1_49' title='bbox 578 470 696 504; x_wconf 78' lang='grc' dir='ltr'><strong>νήσους</strong></span> <span class='ocrx_word' id='word_1_50' title='bbox 704 471 793 498; x_wconf 78' lang='grc' dir='ltr'>καλῶν</span> <span class='ocrx_word' id='word_1_51' title='bbox 803 472 852 503; x_wconf 75' lang='grc' dir='ltr'><strong>τὰς</strong></span> <span class='ocrx_word' id='word_1_52' title='bbox 863 471 892 504; x_wconf 74' lang='grc' dir='ltr'>ἐξ</span> <span class='ocrx_word' id='word_1_53' title='bbox 902 472 988 499; x_wconf 70' lang='grc' dir='ltr'>ἐθνῶν</span> 
     </span>
    </p>
   </div>
   <div class='ocr_carea' id='block_1_8' title="bbox 204 512 985 552">
    <p class='ocr_par' dir='ltr' id='par_1_8' title="bbox 204 512 985 552">
     <span class='ocr_line' id='line_1_8' title="bbox 204 512 985 552; baseline 0.008 -14"><span class='ocrx_word' id='word_1_54' title='bbox 204 512 365 547; x_wconf 80' lang='grc' dir='ltr'>Ἐκκλησίας</span> <span class='ocrx_word' id='word_1_55' title='bbox 373 514 426 540; x_wconf 85' lang='grc' dir='ltr'>τῶν</span> <span class='ocrx_word' id='word_1_56' title='bbox 439 515 690 551; x_wconf 81' lang='grc' dir='ltr'>ὲγκεκαινισμὲνων</span> <span class='ocrx_word' id='word_1_57' title='bbox 702 518 742 547; x_wconf 85' lang='grc' dir='ltr'><strong>εἰς</strong></span> <span class='ocrx_word' id='word_1_58' title='bbox 749 517 895 552; x_wconf 77' lang='grc' dir='ltr'><strong>καινότητα</strong></span> <span class='ocrx_word' id='word_1_59' title='bbox 904 517 985 552; x_wconf 81' lang='grc' dir='ltr'>ζωῆς,</span> 
     </span>
    </p>
   </div>
   <div class='ocr_carea' id='block_1_9' title="bbox 197 559 985 599">
    <p class='ocr_par' dir='ltr' id='par_1_9' title="bbox 197 559 985 599">
     <span class='ocr_line' id='line_1_9' title="bbox 197 559 985 599; baseline 0.008 -15"><span class='ocrx_word' id='word_1_60' title='bbox 197 559 375 594; x_wconf 75' lang='grc' dir='ltr'><strong>ἀποθεμένων</strong></span> <span class='ocrx_word' id='word_1_61' title='bbox 390 561 438 596; x_wconf 85' lang='grc' dir='ltr'>τὴν</span> <span class='ocrx_word' id='word_1_62' title='bbox 447 561 627 598; x_wconf 78' lang='grc' dir='ltr'><strong>παλαιότητα,</strong></span> <span class='ocrx_word' id='word_1_63' title='bbox 639 562 744 589; x_wconf 81' lang='grc' dir='ltr'>Παύλου</span> <span class='ocrx_word' id='word_1_64' title='bbox 761 563 985 599; x_wconf 78' lang='grc' dir='ltr'>προστάττοντος·</span> 
     </span>
    </p>
   </div>
   <div class='ocr_carea' id='block_1_10' title="bbox 204 604 986 643">
    <p class='ocr_par' dir='ltr' id='par_1_10' title="bbox 204 604 986 643">
     <span class='ocr_line' id='line_1_10' title="bbox 204 604 986 643; baseline 0.009 -14"><span class='ocrx_word' id='word_1_65' title='bbox 204 604 367 632; x_wconf 82' lang='grc' dir='ltr'>Ἐκδύσασοε</span> <span class='ocrx_word' id='word_1_66' title='bbox 399 607 444 633; x_wconf 79' lang='grc' dir='ltr'>τὸν</span> <span class='ocrx_word' id='word_1_67' title='bbox 474 608 590 635; x_wconf 76' lang='grc' dir='ltr'>παλαιὸν</span> <span class='ocrx_word' id='word_1_68' title='bbox 627 608 786 643; x_wconf 79' lang='grc' dir='ltr'>ἅνθρωπον-</span> <span class='ocrx_word' id='word_1_69' title='bbox 822 610 868 636; x_wconf 76' lang='grc' dir='ltr'>καὶ</span> <span class='ocrx_word' id='word_1_70' title='bbox 895 610 986 636; x_wconf 84' lang='grc' dir='ltr'>πάλιν·</span> 
     </span>
    </p>
   </div>
   <div class='ocr_carea' id='block_1_11' title="bbox 202 650 988 690">
    <p class='ocr_par' dir='ltr' id='par_1_11' title="bbox 202 650 988 690">
     <span class='ocr_line' id='line_1_11' title="bbox 202 650 988 690; baseline 0.009 -14"><span class='ocrx_word' id='word_1_71' title='bbox 202 650 364 678; x_wconf 78' lang='grc' dir='ltr'><strong>Ἐνδύσασθε</strong></span> <span class='ocrx_word' id='word_1_72' title='bbox 393 653 440 679; x_wconf 73' lang='grc' dir='ltr'>τὸν</span> <span class='ocrx_word' id='word_1_73' title='bbox 453 654 514 680; x_wconf 80' lang='grc' dir='ltr'>νέον</span> <span class='ocrx_word' id='word_1_74' title='bbox 526 654 571 680; x_wconf 72' lang='grc' dir='ltr'>τὸν</span> <span class='ocrx_word' id='word_1_75' title='bbox 582 655 812 690; x_wconf 80' lang='grc' dir='ltr'><strong>ἀνακαινούμενον</strong></span> <span class='ocrx_word' id='word_1_76' title='bbox 827 656 886 682; x_wconf 83' lang='grc' dir='ltr'>κατ’</span> <span class='ocrx_word' id='word_1_77' title='bbox 895 656 988 683; x_wconf 80' lang='grc' dir='ltr'>εἰκόνα</span> 
     </span>
    </p>
   </div>
   <div class='ocr_carea' id='block_1_12' title="bbox 196 696 986 738">
    <p class='ocr_par' dir='ltr' id='par_1_12' title="bbox 196 696 986 738">
     <span class='ocr_line' id='line_1_12' title="bbox 196 696 986 738; baseline 0.01 -17"><span class='ocrx_word' id='word_1_78' title='bbox 196 696 243 722; x_wconf 79' lang='grc' dir='ltr'>τοῦ</span> <span class='ocrx_word' id='word_1_79' title='bbox 271 698 414 730; x_wconf 74' lang='grc' dir='ltr'>κτίσαντος</span> <span class='ocrx_word' id='word_1_80' title='bbox 426 699 517 726; x_wconf 76' lang='grc' dir='ltr'>αὐτόν.</span> <span class='ocrx_word' id='word_1_81' title='bbox 535 701 591 727; x_wconf 73' lang='grc' dir='ltr'><strong>Καὶ</strong></span> <span class='ocrx_word' id='word_1_82' title='bbox 606 701 687 728; x_wconf 84' lang='grc' dir='ltr'>πάλιν</span> <span class='ocrx_word' id='word_1_83' title='bbox 699 709 706 717; x_wconf 77' lang='grc'><em>’</em></span> <span class='ocrx_word' id='word_1_84' title='bbox 731 702 939 728; x_wconf 76' lang='grc' dir='ltr'>’Λνακαινούσοε</span> <span class='ocrx_word' id='word_1_85' title='bbox 954 704 986 738; x_wconf 86' lang='grc' dir='ltr'>τῇ</span> 
     </span>
    </p>
   </div>
   <div class='ocr_carea' id='block_1_13' title="bbox 196 741 988 782">
    <p class='ocr_par' dir='ltr' id='par_1_13' title="bbox 196 741 988 782">
     <span class='ocr_line' id='line_1_13' title="bbox 196 741 988 782; baseline 0.008 -14"><span class='ocrx_word' id='word_1_86' title='bbox 196 741 380 769; x_wconf 73' lang='grc' dir='ltr'>ἀνακαινώσει</span> <span class='ocrx_word' id='word_1_87' title='bbox 405 745 452 770; x_wconf 80' lang='grc' dir='ltr'>τοῦ</span> <span class='ocrx_word' id='word_1_88' title='bbox 472 745 531 776; x_wconf 77' lang='grc' dir='ltr'>νοὸς</span> <span class='ocrx_word' id='word_1_89' title='bbox 558 746 645 781; x_wconf 81' lang='grc' dir='ltr'>ὑμῶν.</span> <span class='ocrx_word' id='word_1_90' title='bbox 668 747 880 782; x_wconf 69' lang='grc' dir='ltr'>Ἐγλιιιινισμὸς</span> <span class='ocrx_word' id='word_1_91' title='bbox 898 746 988 774; x_wconf 78' lang='grc' dir='ltr'>οὗντὰ</span> 
     </span>
    </p>
   </div>
   <div class='ocr_carea' id='block_1_14' title="bbox 197 788 988 828">
    <p class='ocr_par' dir='ltr' id='par_1_14' title="bbox 197 788 988 828">
     <span class='ocr_line' id='line_1_14' title="bbox 197 788 988 828; baseline 0.008 -14"><span class='ocrx_word' id='word_1_92' title='bbox 197 788 258 814; x_wconf 69' lang='grc' dir='ltr'>καθ’</span> <span class='ocrx_word' id='word_1_93' title='bbox 277 789 356 822; x_wconf 70' lang='grc' dir='ltr'>ἡμᾶς,</span> <span class='ocrx_word' id='word_1_94' title='bbox 372 798 381 814; x_wconf 74' lang='grc' dir='ltr'><strong>ι</strong></span> <span class='ocrx_word' id='word_1_95' title='bbox 398 789 472 821; x_wconf 74' lang='grc' dir='ltr'>εἴτις</span> <span class='ocrx_word' id='word_1_96' title='bbox 485 792 513 817; x_wconf 82' lang='grc' dir='ltr'>ἐν</span> <span class='ocrx_word' id='word_1_97' title='bbox 524 792 634 827; x_wconf 79' lang='grc' dir='ltr'>Χριστῷ</span> <span class='ocrx_word' id='word_1_98' title='bbox 645 792 724 828; x_wconf 84' lang='grc' dir='ltr'>καινὴ</span> <span class='ocrx_word' id='word_1_99' title='bbox 732 794 830 824; x_wconf 80' lang='grc' dir='ltr'>κτίσις.</span> <span class='ocrx_word' id='word_1_100' title='bbox 849 803 858 820; x_wconf 71' lang='grc' dir='ltr'><strong>ι</strong></span> <span class='ocrx_word' id='word_1_101' title='bbox 873 794 949 824; x_wconf 80' lang='grc' dir='ltr'>Τινὲς</span> <span class='ocrx_word' id='word_1_102' title='bbox 960 793 988 820; x_wconf 76' lang='grc' dir='ltr'>δὲ</span> 
     </span>
    </p>
   </div>
   <div class='ocr_carea' id='block_1_15' title="bbox 197 834 987 874">
    <p class='ocr_par' dir='ltr' id='par_1_15' title="bbox 197 834 987 874">
     <span class='ocr_line' id='line_1_15' title="bbox 197 834 987 874; baseline 0.008 -15"><span class='ocrx_word' id='word_1_103' title='bbox 197 834 250 859; x_wconf 84' lang='grc' dir='ltr'>ἀπὺ</span> <span class='ocrx_word' id='word_1_104' title='bbox 261 834 318 867; x_wconf 70' lang='grc' dir='ltr'>τοῦ,</span> <span class='ocrx_word' id='word_1_105' title='bbox 329 834 372 869; x_wconf 77' lang='grc' dir='ltr'>μὴ</span> <span class='ocrx_word' id='word_1_106' title='bbox 385 837 401 861; x_wconf 87' lang='grc' dir='ltr'><em>ὁ</em></span> <span class='ocrx_word' id='word_1_107' title='bbox 413 836 658 870; x_wconf 50' lang='grc' dir='ltr'>ἀροτριῶνφὼως</span> <span class='ocrx_word' id='word_1_108' title='bbox 667 838 836 873; x_wconf 67' lang='grc' dir='ltr'>ἐξηγήσαντο</span> <span class='ocrx_word' id='word_1_109' title='bbox 847 847 854 853; x_wconf 85' lang='grc'><strong>·</strong></span> <span class='ocrx_word' id='word_1_110' title='bbox 866 839 987 874; x_wconf 73' lang='grc' dir='ltr'>Παραϐο-</span> 
     </span>
    </p>
   </div>
   <div class='ocr_carea' id='block_1_16' title="bbox 196 878 985 920">
    <p class='ocr_par' dir='ltr' id='par_1_16' title="bbox 196 878 985 920">
     <span class='ocr_line' id='line_1_16' title="bbox 196 878 985 920; baseline 0.009 -16"><span class='ocrx_word' id='word_1_111' title='bbox 196 878 280 911; x_wconf 81' lang='grc' dir='ltr'>λικῶς</span> <span class='ocrx_word' id='word_1_112' title='bbox 296 883 482 916; x_wconf 80' lang='grc' dir='ltr'>προτρέπεται</span> <span class='ocrx_word' id='word_1_113' title='bbox 500 883 600 914; x_wconf 74' lang='grc' dir='ltr'>αὐτοὺς</span> <span class='ocrx_word' id='word_1_114' title='bbox 611 883 785 920; x_wconf 67' lang='grc' dir='ltr'>δικαιοσύνης</span> <span class='ocrx_word' id='word_1_115' title='bbox 802 885 896 919; x_wconf 77' lang='grc' dir='ltr'>φέρειν</span> <span class='ocrx_word' id='word_1_116' title='bbox 918 893 985 920; x_wconf 88' lang='grc' dir='ltr'>καρ-</span> 
     </span>
    </p>
   </div>
   <div class='ocr_carea' id='block_1_17' title="bbox 197 919 986 964">
    <p class='ocr_par' dir='ltr' id='par_1_17' title="bbox 197 919 986 964">
     <span class='ocr_line' id='line_1_17' title="bbox 197 919 986 964; baseline 0.008 -14"><span class='ocrx_word' id='word_1_117' title='bbox 197 925 273 956; x_wconf 81' lang='grc' dir='ltr'>πούς,</span> <span class='ocrx_word' id='word_1_118' title='bbox 298 926 395 953; x_wconf 74' lang='grc' dir='ltr'>Θέλετε</span> <span class='ocrx_word' id='word_1_119' title='bbox 423 928 478 961; x_wconf 81' lang='grc' dir='ltr'>γάρ</span> <span class='ocrx_word' id='word_1_120' title='bbox 492 937 535 962; x_wconf 79' lang='grc' dir='ltr'><strong>με,</strong></span> <span class='ocrx_word' id='word_1_121' title='bbox 556 929 633 962; x_wconf 77' lang='grc' dir='ltr'>φησὶ,</span> <span class='ocrx_word' id='word_1_122' title='bbox 653 919 743 963; x_wconf 59' lang='grc' dir='ltr'>μόνον.</span> <span class='ocrx_word' id='word_1_123' title='bbox 754 929 894 963; x_wconf 72' lang='grc' dir='ltr'>ἀροτριᾷν</span> <span class='ocrx_word' id='word_1_124' title='bbox 909 919 986 964; x_wconf 71' lang='grc' dir='ltr'>ὑμῶν</span> 
     </span>
    </p>
   </div>
   <div class='ocr_carea' id='block_1_18' title="bbox 196 971 986 1010">
    <p class='ocr_par' dir='ltr' id='par_1_18' title="bbox 196 971 986 1010">
     <span class='ocr_line' id='line_1_18' title="bbox 196 971 986 1010; baseline 0.006 -13"><span class='ocrx_word' id='word_1_125' title='bbox 196 971 246 1002; x_wconf 78' lang='grc' dir='ltr'>τὰς</span> <span class='ocrx_word' id='word_1_126' title='bbox 257 971 357 1006; x_wconf 67' lang='grc' dir='ltr'>ψυχὰς,</span> <span class='ocrx_word' id='word_1_127' title='bbox 369 973 475 1007; x_wconf 81' lang='grc' dir='ltr'>καρπὸν</span> <span class='ocrx_word' id='word_1_128' title='bbox 486 974 588 1008; x_wconf 77' lang='grc' dir='ltr'><strong>μηδένα</strong></span> <span class='ocrx_word' id='word_1_129' title='bbox 601 975 779 1010; x_wconf 77' lang='grc' dir='ltr'>παρέχοντες.</span> <span class='ocrx_word' id='word_1_130' title='bbox 793 973 986 1002; x_wconf 82' lang='grc' dir='ltr'>Εἷταπαιδεύει</span> 
     </span>
    </p>
   </div>
   <div class='ocr_carea' id='block_1_19' title="bbox 197 1018 986 1057">
    <p class='ocr_par' dir='ltr' id='par_1_19' title="bbox 197 1018 986 1057">
     <span class='ocr_line' id='line_1_19' title="bbox 197 1018 986 1057; baseline 0.008 -14"><span class='ocrx_word' id='word_1_131' title='bbox 197 1018 296 1049; x_wconf 81' lang='grc' dir='ltr'>αὐτοὺς</span> <span class='ocrx_word' id='word_1_132' title='bbox 311 1020 368 1050; x_wconf 85' lang='grc' dir='ltr'>τοῖς</span> <span class='ocrx_word' id='word_1_133' title='bbox 382 1019 429 1046; x_wconf 81' lang='grc' dir='ltr'>τοῦ</span> <span class='ocrx_word' id='word_1_134' title='bbox 447 1020 514 1046; x_wconf 77' lang='grc' dir='ltr'>Θεοῦ</span> <span class='ocrx_word' id='word_1_135' title='bbox 532 1021 596 1056; x_wconf 73' lang='grc' dir='ltr'>περὶ</span> <span class='ocrx_word' id='word_1_136' title='bbox 609 1021 662 1047; x_wconf 85' lang='grc' dir='ltr'>τῶν</span> <span class='ocrx_word' id='word_1_137' title='bbox 673 1021 758 1048; x_wconf 71' lang='grc' dir='ltr'>ἐθνῶν</span> <span class='ocrx_word' id='word_1_138' title='bbox 772 1022 857 1049; x_wconf 79' lang='grc' dir='ltr'>εἴκειν</span> <span class='ocrx_word' id='word_1_139' title='bbox 876 1022 986 1057; x_wconf 83' lang='grc' dir='ltr'>βουλεύ-</span> 
     </span>
    </p>
   </div>
   <div class='ocr_carea' id='block_1_20' title="bbox 199 1063 986 1104">
    <p class='ocr_par' dir='ltr' id='par_1_20' title="bbox 199 1063 986 1104">
     <span class='ocr_line' id='line_1_20' title="bbox 199 1063 986 1104; baseline 0.009 -16"><span class='ocrx_word' id='word_1_140' title='bbox 199 1070 275 1097; x_wconf 77' lang='grc' dir='ltr'>μασι,</span> <span class='ocrx_word' id='word_1_141' title='bbox 291 1063 368 1098; x_wconf 80' lang='grc' dir='ltr'>μήτε</span> <span class='ocrx_word' id='word_1_142' title='bbox 384 1065 485 1099; x_wconf 78' lang='grc' dir='ltr'>πηλοῦ</span> <span class='ocrx_word' id='word_1_143' title='bbox 498 1066 695 1101; x_wconf 79' lang='grc' dir='ltr'>ἀνθισταμένου</span> <span class='ocrx_word' id='word_1_144' title='bbox 711 1067 750 1100; x_wconf 81' lang='grc' dir='ltr'>τῷ</span> <span class='ocrx_word' id='word_1_145' title='bbox 764 1069 895 1102; x_wconf 74' lang='grc' dir='ltr'>πλάστῃ,</span> <span class='ocrx_word' id='word_1_146' title='bbox 917 1070 986 1104; x_wconf 82' lang='grc' dir='ltr'>μήτε</span> 
     </span>
    </p>
   </div>
   <div class='ocr_carea' id='block_1_21' title="bbox 197 1109 986 1149">
    <p class='ocr_par' dir='ltr' id='par_1_21' title="bbox 197 1109 986 1149">
     <span class='ocr_line' id='line_1_21' title="bbox 197 1109 986 1149; baseline 0.01 -15"><span class='ocrx_word' id='word_1_147' title='bbox 197 1109 294 1135; x_wconf 84' lang='grc' dir='ltr'>τέκνου</span> <span class='ocrx_word' id='word_1_148' title='bbox 321 1110 436 1145; x_wconf 79' lang='grc' dir='ltr'>πατέρα</span> <span class='ocrx_word' id='word_1_149' title='bbox 464 1112 614 1145; x_wconf 80' lang='grc' dir='ltr'>κωλύοντος</span> <span class='ocrx_word' id='word_1_150' title='bbox 642 1113 791 1149; x_wconf 78' lang='grc' dir='ltr'>ἢμητὲρα</span> <span class='ocrx_word' id='word_1_151' title='bbox 824 1114 986 1146; x_wconf 79' lang='grc' dir='ltr'>σπεύδοντας</span> 
     </span>
    </p>
   </div>
   <div class='ocr_carea' id='block_1_22' title="bbox 197 1154 987 1195">
    <p class='ocr_par' dir='ltr' id='par_1_22' title="bbox 197 1154 987 1195">
     <span class='ocr_line' id='line_1_22' title="bbox 197 1154 987 1195; baseline 0.008 -14"><span class='ocrx_word' id='word_1_152' title='bbox 197 1154 268 1190; x_wconf 59' lang='grc' dir='ltr'><strong>⁸πρὸς</strong></span> <span class='ocrx_word' id='word_1_153' title='bbox 298 1156 386 1184; x_wconf 76' lang='grc' dir='ltr'>ἄλλων</span> <span class='ocrx_word' id='word_1_154' title='bbox 415 1157 479 1184; x_wconf 81' lang='grc' dir='ltr'>υἱῶν</span> <span class='ocrx_word' id='word_1_155' title='bbox 502 1159 690 1192; x_wconf 74' lang='grc' dir='ltr'>παιδοποιίαν,</span> <span class='ocrx_word' id='word_1_156' title='bbox 721 1160 786 1195; x_wconf 76' lang='grc' dir='ltr'>μηδὲ</span> <span class='ocrx_word' id='word_1_157' title='bbox 808 1160 910 1195; x_wconf 69' lang='grc' dir='ltr'>μέμψιν</span> <span class='ocrx_word' id='word_1_158' title='bbox 940 1161 987 1187; x_wconf 78' lang='grc' dir='ltr'><strong>ἐπὶ</strong></span> 
     </span>
    </p>
   </div>
   <div class='ocr_carea' id='block_1_23' title="bbox 197 1202 988 1242">
    <p class='ocr_par' dir='ltr' id='par_1_23' title="bbox 197 1202 988 1242">
     <span class='ocr_line' id='line_1_23' title="bbox 197 1202 988 1242; baseline 0.008 -14"><span class='ocrx_word' id='word_1_159' title='bbox 197 1202 284 1238; x_wconf 79' lang='grc' dir='ltr'>’τούτῳ</span> <span class='ocrx_word' id='word_1_160' title='bbox 297 1204 492 1238; x_wconf 65' lang='grc' dir='ltr'>προσάγοντος.</span> <span class='ocrx_word' id='word_1_161' title='bbox 510 1205 538 1231; x_wconf 94' lang='lat'><strong>&#39;0</strong></span> <span class='ocrx_word' id='word_1_162' title='bbox 551 1207 665 1240; x_wconf 76' lang='grc' dir='ltr'>ποιήσας</span> <span class='ocrx_word' id='word_1_163' title='bbox 680 1206 717 1238; x_wconf 84' lang='grc' dir='ltr'>δὲ,</span> <span class='ocrx_word' id='word_1_164' title='bbox 732 1207 809 1241; x_wconf 76' lang='grc' dir='ltr'>φησὶ,</span> <span class='ocrx_word' id='word_1_165' title='bbox 821 1207 857 1233; x_wconf 85' lang='grc' dir='ltr'>τὰ</span> <span class='ocrx_word' id='word_1_166' title='bbox 866 1208 988 1242; x_wconf 72' lang='grc' dir='ltr'><strong>ἐπερχό-</strong></span> 
     </span>
    </p>
   </div>
   <div class='ocr_carea' id='block_1_24' title="bbox 195 1250 987 1285">
    <p class='ocr_par' dir='ltr' id='par_1_24' title="bbox 195 1250 987 1285">
     <span class='ocr_line' id='line_1_24' title="bbox 195 1250 987 1285; baseline 0.008 -11"><span class='ocrx_word' id='word_1_167' title='bbox 195 1257 273 1282; x_wconf 76' lang='grc' dir='ltr'>μενα</span> <span class='ocrx_word' id='word_1_168' title='bbox 304 1250 349 1276; x_wconf 73' lang='grc' dir='ltr'><strong>διὰ</strong></span> <span class='ocrx_word' id='word_1_169' title='bbox 368 1251 418 1285; x_wconf 81' lang='grc' dir='ltr'>τῆς</span> <span class='ocrx_word' id='word_1_170' title='bbox 445 1252 637 1285; x_wconf 79' lang='grc' dir='ltr'><strong>προγνώσεως,</strong></span> <span class='ocrx_word' id='word_1_171' title='bbox 660 1252 793 1279; x_wconf 78' lang='grc' dir='ltr'>δυσωπῶν</span> <span class='ocrx_word' id='word_1_172' title='bbox 819 1254 917 1285; x_wconf 81' lang='grc' dir='ltr'>αὐτοὺς</span> <span class='ocrx_word' id='word_1_173' title='bbox 948 1255 987 1285; x_wconf 83' lang='grc' dir='ltr'><strong>είς</strong></span> 
     </span>
    </p>
   </div>
   <div class='ocr_carea' id='block_1_25' title="bbox 197 1293 986 1333">
    <p class='ocr_par' dir='ltr' id='par_1_25' title="bbox 197 1293 986 1333">
     <span class='ocr_line' id='line_1_25' title="bbox 197 1293 986 1333; baseline 0.009 -15"><span class='ocrx_word' id='word_1_174' title='bbox 197 1293 361 1328; x_wconf 74' lang='grc' dir='ltr'>κατανόησιν</span> <span class='ocrx_word' id='word_1_175' title='bbox 387 1295 437 1330; x_wconf 78' lang='grc' dir='ltr'>τῆς</span> <span class='ocrx_word' id='word_1_176' title='bbox 456 1295 524 1326; x_wconf 77' lang='grc' dir='ltr'>ἰδίας</span> <span class='ocrx_word' id='word_1_177' title='bbox 547 1296 700 1330; x_wconf 78' lang='grc' dir='ltr'>δυνάμεως.</span> <span class='ocrx_word' id='word_1_178' title='bbox 719 1297 810 1323; x_wconf 72' lang='grc' dir='ltr'>Ἔστω</span> <span class='ocrx_word' id='word_1_179' title='bbox 826 1299 890 1332; x_wconf 72' lang='grc' dir='ltr'>γὰρ,</span> <span class='ocrx_word' id='word_1_180' title='bbox 908 1300 986 1333; x_wconf 76' lang='grc' dir='ltr'>φησὶ,</span> 
     </span>
    </p>
   </div>
   <div class='ocr_carea' id='block_1_26' title="bbox 199 1339 987 1378">
    <p class='ocr_par' dir='ltr' id='par_1_26' title="bbox 199 1339 987 1378">
     <span class='ocr_line' id='line_1_26' title="bbox 199 1339 987 1378; baseline 0.01 -15"><span class='ocrx_word' id='word_1_181' title='bbox 199 1339 335 1366; x_wconf 83' lang='grc' dir='ltr'>ποιοῦντι</span> <span class='ocrx_word' id='word_1_182' title='bbox 359 1340 430 1375; x_wconf 83' lang='grc' dir='ltr'>ὑμᾶς</span> <span class='ocrx_word' id='word_1_183' title='bbox 452 1341 500 1368; x_wconf 76' lang='grc' dir='ltr'>καὶ</span> <span class='ocrx_word' id='word_1_184' title='bbox 524 1342 687 1369; x_wconf 80' lang='grc' dir='ltr'>πλάττοντι</span> <span class='ocrx_word' id='word_1_185' title='bbox 708 1344 738 1370; x_wconf 88' lang='grc' dir='ltr'>οὑ</span> <span class='ocrx_word' id='word_1_186' title='bbox 755 1345 987 1378; x_wconf 71' lang='grc' dir='ltr'>παρηκολουθεῖτε</span> 
     </span>
    </p>
   </div>
   <div class='ocr_carea' id='block_1_27' title="bbox 197 1383 987 1424">
    <p class='ocr_par' dir='ltr' id='par_1_27' title="bbox 197 1383 987 1424">
     <span class='ocr_line' id='line_1_27' title="bbox 197 1383 987 1424; baseline 0.01 -15"><span class='ocrx_word' id='word_1_187' title='bbox 197 1385 231 1419; x_wconf 81' lang='grc' dir='ltr'>τῇ</span> <span class='ocrx_word' id='word_1_188' title='bbox 243 1383 358 1418; x_wconf 80' lang='grc' dir='ltr'><strong>γνώσει·</strong></span> <span class='ocrx_word' id='word_1_189' title='bbox 375 1386 411 1421; x_wconf 84' lang='grc' dir='ltr'>μὴ</span> <span class='ocrx_word' id='word_1_190' title='bbox 422 1387 469 1412; x_wconf 74' lang='grc' dir='ltr'><strong>καὶ</strong></span> <span class='ocrx_word' id='word_1_191' title='bbox 493 1389 704 1423; x_wconf 82' lang='grc' dir='ltr'>προαγορεύοντι</span> <span class='ocrx_word' id='word_1_192' title='bbox 717 1389 751 1415; x_wconf 81' lang='grc' dir='ltr'><strong>τὰ.</strong></span> <span class='ocrx_word' id='word_1_193' title='bbox 763 1390 895 1424; x_wconf 75' lang='grc' dir='ltr'>μέλλοντα</span> <span class='ocrx_word' id='word_1_194' title='bbox 923 1391 987 1417; x_wconf 83' lang='grc' dir='ltr'>ἀπι-</span> 
     </span>
    </p>
   </div>
   <div class='ocr_carea' id='block_1_28' title="bbox 198 1430 986 1472">
    <p class='ocr_par' dir='ltr' id='par_1_28' title="bbox 198 1430 986 1472">
     <span class='ocr_line' id='line_1_28' title="bbox 198 1430 986 1472; baseline 0.01 -17"><span class='ocrx_word' id='word_1_195' title='bbox 198 1430 311 1465; x_wconf 81' lang='grc' dir='ltr'>στήσετε</span> <span class='ocrx_word' id='word_1_196' title='bbox 326 1439 334 1464; x_wconf 87' lang='lat'><strong>;</strong></span> <span class='ocrx_word' id='word_1_197' title='bbox 355 1431 427 1458; x_wconf 87' lang='grc' dir='ltr'>κατὰ</span> <span class='ocrx_word' id='word_1_198' title='bbox 438 1433 520 1468; x_wconf 72' lang='grc' dir='ltr'>μέρος</span> <span class='ocrx_word' id='word_1_199' title='bbox 543 1434 593 1468; x_wconf 77' lang='grc' dir='ltr'>μὲν</span> <span class='ocrx_word' id='word_1_200' title='bbox 615 1434 669 1469; x_wconf 77' lang='grc' dir='ltr'><strong>γὰρ</strong></span> <span class='ocrx_word' id='word_1_201' title='bbox 680 1435 785 1469; x_wconf 80' lang='grc' dir='ltr'>γίνεται</span> <span class='ocrx_word' id='word_1_202' title='bbox 792 1437 825 1462; x_wconf 76' lang='grc' dir='ltr'><strong>τὰ</strong></span> <span class='ocrx_word' id='word_1_203' title='bbox 840 1437 968 1472; x_wconf 73' lang='grc' dir='ltr'>γινόμενα</span> <span class='ocrx_word' id='word_1_204' title='bbox 980 1446 986 1453; x_wconf 90' lang='grc'><strong>·</strong></span> 
     </span>
    </p>
   </div>
   <div class='ocr_carea' id='block_1_29' title="bbox 198 1476 987 1518">
    <p class='ocr_par' dir='ltr' id='par_1_29' title="bbox 198 1476 987 1518">
     <span class='ocr_line' id='line_1_29' title="bbox 198 1476 987 1518; baseline 0.01 -17"><span class='ocrx_word' id='word_1_205' title='bbox 198 1476 284 1511; x_wconf 79' lang='grc' dir='ltr'>ἁθρόα</span> <span class='ocrx_word' id='word_1_206' title='bbox 295 1477 322 1503; x_wconf 75' lang='grc' dir='ltr'>δὲ</span> <span class='ocrx_word' id='word_1_207' title='bbox 336 1477 412 1512; x_wconf 73' lang='grc' dir='ltr'><strong>αὐτῷ</strong></span> <span class='ocrx_word' id='word_1_208' title='bbox 423 1479 469 1513; x_wconf 78' lang='grc' dir='ltr'>οιή</span> <span class='ocrx_word' id='word_1_209' title='bbox 485 1479 585 1512; x_wconf 73' lang='grc' dir='ltr'>γνῶσίς</span> <span class='ocrx_word' id='word_1_210' title='bbox 603 1481 661 1506; x_wconf 78' lang='grc' dir='ltr'>ἐστι</span> <span class='ocrx_word' id='word_1_211' title='bbox 676 1481 741 1516; x_wconf 84' lang='grc' dir='ltr'>παρ’</span> <span class='ocrx_word' id='word_1_212' title='bbox 762 1482 835 1516; x_wconf 82' lang='grc' dir='ltr'>ἐμοί.</span> <span class='ocrx_word' id='word_1_213' title='bbox 861 1483 934 1518; x_wconf 71' lang='grc' dir='ltr'>Πλὴν</span> <span class='ocrx_word' id='word_1_214' title='bbox 950 1484 987 1517; x_wconf 86' lang='grc' dir='ltr'>μὴ</span> 
     </span>
    </p>
   </div>
   <div class='ocr_carea' id='block_1_30' title="bbox 218 1522 987 1565">
    <p class='ocr_par' dir='ltr' id='par_1_30' title="bbox 218 1522 987 1565">
     <span class='ocr_line' id='line_1_30' title="bbox 218 1522 987 1565; baseline 0.01 -17"><span class='ocrx_word' id='word_1_215' title='bbox 218 1522 339 1556; x_wconf 78' lang='grc' dir='ltr'>πογνῶτε</span> <span class='ocrx_word' id='word_1_216' title='bbox 365 1523 415 1559; x_wconf 85' lang='grc' dir='ltr'>τὴν</span> <span class='ocrx_word' id='word_1_217' title='bbox 444 1527 593 1560; x_wconf 81' lang='grc' dir='ltr'>σωτηρίαν,</span> <span class='ocrx_word' id='word_1_218' title='bbox 605 1526 642 1558; x_wconf 82' lang='grc' dir='ltr'>ὡς</span> <span class='ocrx_word' id='word_1_219' title='bbox 657 1527 689 1554; x_wconf 83' lang='grc' dir='ltr'>ἅν</span> <span class='ocrx_word' id='word_1_220' title='bbox 705 1536 738 1559; x_wconf 86' lang='grc' dir='ltr'><strong>με</strong></span> <span class='ocrx_word' id='word_1_221' title='bbox 757 1527 849 1555; x_wconf 75' lang='grc' dir='ltr'>λαϐεῖν</span> <span class='ocrx_word' id='word_1_222' title='bbox 861 1529 987 1565; x_wconf 74' lang='grc' dir='ltr'>ἁμαρτά-</span> 
     </span>
    </p>
   </div>
   <div class='ocr_carea' id='block_1_31' title="bbox 197 1569 505 1604">
    <p class='ocr_par' dir='ltr' id='par_1_31' title="bbox 197 1569 505 1604">
     <span class='ocr_line' id='line_1_31' title="bbox 197 1569 505 1604; baseline 0.01 -11"><span class='ocrx_word' id='word_1_223' title='bbox 197 1576 287 1600; x_wconf 79' lang='grc' dir='ltr'>νοντες</span> <span class='ocrx_word' id='word_1_224' title='bbox 303 1569 340 1604; x_wconf 84' lang='grc' dir='ltr'>μὴ</span> <span class='ocrx_word' id='word_1_225' title='bbox 352 1569 505 1604; x_wconf 76' lang='grc' dir='ltr'>δυνάμενοι.</span> 
     </span>
    </p>
   </div>
   <div class='ocr_carea' id='block_1_32' title="bbox 197 1613 986 1654">
    <p class='ocr_par' dir='ltr' id='par_1_32' title="bbox 197 1613 986 1654">
     <span class='ocr_line' id='line_1_32' title="bbox 197 1613 986 1654; baseline 0.01 -15"><span class='ocrx_word' id='word_1_226' title='bbox 197 1613 269 1640; x_wconf 88' lang='lat' dir='ltr'><strong>ettitn</strong></span> <span class='ocrx_word' id='word_1_227' title='bbox 284 1615 374 1641; x_wconf 81' lang='lat' dir='ltr'><strong>omnia</strong></span> <span class='ocrx_word' id='word_1_228' title='bbox 387 1623 447 1649; x_wconf 73' lang='lat' dir='ltr'><strong>quze</strong></span> <span class='ocrx_word' id='word_1_229' title='bbox 463 1617 594 1649; x_wconf 76' lang='lat' dir='ltr'><strong>existunt,</strong></span> <span class='ocrx_word' id='word_1_230' title='bbox 615 1617 767 1645; x_wconf 79' lang='lat' dir='ltr'><strong>eﬂiciantnr</strong></span> <span class='ocrx_word' id='word_1_231' title='bbox 789 1619 917 1654; x_wconf 85' lang='lat' dir='ltr'><strong>quidem;</strong></span> <span class='ocrx_word' id='word_1_232' title='bbox 937 1621 986 1648; x_wconf 79' lang='lat' dir='ltr'><strong>sed</strong></span> 
     </span>
    </p>
   </div>
   <div class='ocr_carea' id='block_1_33' title="bbox 198 1659 983 1701">
    <p class='ocr_par' dir='ltr' id='par_1_33' title="bbox 198 1659 983 1701">
     <span class='ocr_line' id='line_1_33' title="bbox 198 1659 983 1701; baseline 0.009 -15"><span class='ocrx_word' id='word_1_233' title='bbox 198 1659 315 1687; x_wconf 88' lang='lat' dir='ltr'><strong>Tantum</strong></span> <span class='ocrx_word' id='word_1_234' title='bbox 327 1661 378 1695; x_wconf 85' lang='lat' dir='ltr'><strong>ipsi</strong></span> <span class='ocrx_word' id='word_1_235' title='bbox 396 1661 493 1688; x_wconf 88' lang='lat' dir='ltr'><strong>salutis</strong></span> <span class='ocrx_word' id='word_1_236' title='bbox 511 1669 586 1696; x_wconf 85' lang='lat' dir='ltr'><strong>spem</strong></span> <span class='ocrx_word' id='word_1_237' title='bbox 600 1670 654 1689; x_wconf 90' lang='lat' dir='ltr'><strong>non</strong></span> <span class='ocrx_word' id='word_1_238' title='bbox 673 1663 750 1698; x_wconf 80' lang='lat'><strong>521</strong></span> <span class='ocrx_word' id='word_1_239' title='bbox 770 1665 906 1700; x_wconf 86' lang='lat' dir='ltr'><strong>abjieiatis</strong></span> <span class='ocrx_word' id='word_1_240' title='bbox 920 1667 983 1701; x_wconf 90' lang='lat' dir='ltr'><strong>;qui</strong></span> 
     </span>
    </p>
   </div>
   <div class='ocr_carea' id='block_1_34' title="bbox 233 1706 985 1742">
    <p class='ocr_par' dir='ltr' id='par_1_34' title="bbox 233 1706 985 1742">
     <span class='ocr_line' id='line_1_34' title="bbox 233 1706 985 1742; baseline 0.008 -11"><span class='ocrx_word' id='word_1_241' title='bbox 233 1706 382 1740; x_wconf 79' lang='grc' dir='ltr'>Κρείττους</span> <span class='ocrx_word' id='word_1_242' title='bbox 392 1706 420 1732; x_wconf 81' lang='grc' dir='ltr'>δὲ</span> <span class='ocrx_word' id='word_1_243' title='bbox 431 1706 571 1740; x_wconf 81' lang='grc' dir='ltr'>γεγονότες</span> <span class='ocrx_word' id='word_1_244' title='bbox 584 1708 647 1742; x_wconf 70' lang='grc' dir='ltr'>ἐμοὶ</span> <span class='ocrx_word' id='word_1_245' title='bbox 659 1708 693 1734; x_wconf 81' lang='grc' dir='ltr'>τὰ</span> <span class='ocrx_word' id='word_1_246' title='bbox 726 1709 786 1735; x_wconf 75' lang='grc' dir='ltr'>καθ’</span> <span class='ocrx_word' id='word_1_247' title='bbox 807 1710 905 1742; x_wconf 71' lang='grc' dir='ltr'>αὐτοὺς</span> <span class='ocrx_word' id='word_1_248' title='bbox 923 1711 985 1737; x_wconf 75' lang='grc' dir='ltr'><strong>ἑπι-</strong></span> 
     </span>
    </p>
   </div>
   <div class='ocr_carea' id='block_1_35' title="bbox 198 1751 985 1791">
    <p class='ocr_par' dir='ltr' id='par_1_35' title="bbox 198 1751 985 1791">
     <span class='ocr_line' id='line_1_35' title="bbox 198 1751 985 1791; baseline 0.008 -14"><span class='ocrx_word' id='word_1_249' title='bbox 198 1751 326 1786; x_wconf 75' lang='grc' dir='ltr'>τρέψατε.</span> <span class='ocrx_word' id='word_1_250' title='bbox 355 1751 392 1777; x_wconf 84' lang='grc' dir='ltr'><strong>Οὺ</strong></span> <span class='ocrx_word' id='word_1_251' title='bbox 416 1752 471 1786; x_wconf 82' lang='grc' dir='ltr'><strong>γὰρ</strong></span> <span class='ocrx_word' id='word_1_252' title='bbox 487 1752 584 1788; x_wconf 77' lang='grc' dir='ltr'>δέομαι</span> <span class='ocrx_word' id='word_1_253' title='bbox 595 1754 646 1787; x_wconf 83' lang='grc' dir='ltr'>τῆς</span> <span class='ocrx_word' id='word_1_254' title='bbox 662 1754 778 1789; x_wconf 78' lang='grc' dir='ltr'>ὲξὺμῶν</span> <span class='ocrx_word' id='word_1_255' title='bbox 794 1755 985 1791; x_wconf 78' lang='grc' dir='ltr'>ὑπομνήσεως,</span> 
     </span>
    </p>
   </div>
   <div class='ocr_carea' id='block_1_36' title="bbox 197 1796 985 1837">
    <p class='ocr_par' dir='ltr' id='par_1_36' title="bbox 197 1796 985 1837">
     <span class='ocr_line' id='line_1_36' title="bbox 197 1796 985 1837; baseline 0.009 -15"><span class='ocrx_word' id='word_1_256' title='bbox 197 1796 234 1825; x_wconf 73' lang='grc' dir='ltr'>ὡς</span> <span class='ocrx_word' id='word_1_257' title='bbox 246 1796 278 1823; x_wconf 85' lang='grc' dir='ltr'>ἂν</span> <span class='ocrx_word' id='word_1_258' title='bbox 293 1796 373 1828; x_wconf 75' lang='grc' dir='ltr'>ὄντας</span> <span class='ocrx_word' id='word_1_259' title='bbox 388 1797 444 1831; x_wconf 77' lang='grc' dir='ltr'>ἐμὰ</span> <span class='ocrx_word' id='word_1_260' title='bbox 458 1798 599 1833; x_wconf 80' lang='grc' dir='ltr'>ποιήματα</span> <span class='ocrx_word' id='word_1_261' title='bbox 614 1799 658 1825; x_wconf 73' lang='grc' dir='ltr'><strong>καὶ</strong></span> <span class='ocrx_word' id='word_1_262' title='bbox 673 1801 717 1832; x_wconf 83' lang='grc' dir='ltr'>εὶς</span> <span class='ocrx_word' id='word_1_263' title='bbox 728 1802 812 1833; x_wconf 82' lang='grc' dir='ltr'>υιους</span> <span class='ocrx_word' id='word_1_264' title='bbox 829 1802 876 1828; x_wconf 79' lang='grc' dir='ltr'>καὶ</span> <span class='ocrx_word' id='word_1_265' title='bbox 897 1803 985 1837; x_wconf 82' lang='grc' dir='ltr'>θυγα-</span> 
     </span>
    </p>
   </div>
   <div class='ocr_carea' id='block_1_37' title="bbox 199 1841 986 1883">
    <p class='ocr_par' dir='ltr' id='par_1_37' title="bbox 199 1841 986 1883">
     <span class='ocr_line' id='line_1_37' title="bbox 199 1841 986 1883; baseline 0.008 -15"><span class='ocrx_word' id='word_1_266' title='bbox 199 1841 284 1875; x_wconf 75' lang='grc' dir='ltr'>τέρας</span> <span class='ocrx_word' id='word_1_267' title='bbox 300 1842 508 1877; x_wconf 81' lang='grc' dir='ltr'>λελογισμένους</span> <span class='ocrx_word' id='word_1_268' title='bbox 534 1844 649 1876; x_wconf 77' lang='grc' dir='ltr'>ἀξιῶσαι</span> <span class='ocrx_word' id='word_1_269' title='bbox 677 1846 815 1880; x_wconf 75' lang='grc' dir='ltr'>προνοίας.</span> <span class='ocrx_word' id='word_1_270' title='bbox 844 1847 910 1874; x_wconf 82' lang='grc' dir='ltr'><strong>Οὐδὲ</strong></span> <span class='ocrx_word' id='word_1_271' title='bbox 932 1848 986 1883; x_wconf 74' lang='grc' dir='ltr'><strong>γὰρ</strong></span> 
     </span>
    </p>
   </div>
   <div class='ocr_carea' id='block_1_38' title="bbox 198 1887 986 1927">
    <p class='ocr_par' dir='ltr' id='par_1_38' title="bbox 198 1887 986 1927">
     <span class='ocr_line' id='line_1_38' title="bbox 198 1887 986 1927; baseline 0.009 -14"><span class='ocrx_word' id='word_1_272' title='bbox 198 1888 310 1922; x_wconf 77' lang='grc' dir='ltr'>ἐμαυτῷ</span> <span class='ocrx_word' id='word_1_273' title='bbox 325 1887 370 1914; x_wconf 81' lang='grc' dir='ltr'>τὸν</span> <span class='ocrx_word' id='word_1_274' title='bbox 387 1889 516 1922; x_wconf 76' lang='grc' dir='ltr'>οὐρανὸν</span> <span class='ocrx_word' id='word_1_275' title='bbox 525 1890 642 1924; x_wconf 73' lang='grc' dir='ltr'>ἐποίησα</span> <span class='ocrx_word' id='word_1_276' title='bbox 661 1892 708 1917; x_wconf 78' lang='grc' dir='ltr'>καὶ</span> <span class='ocrx_word' id='word_1_277' title='bbox 727 1892 776 1927; x_wconf 75' lang='grc' dir='ltr'>τὴν</span> <span class='ocrx_word' id='word_1_278' title='bbox 793 1892 862 1927; x_wconf 73' lang='grc' dir='ltr'>γῆν,</span> <span class='ocrx_word' id='word_1_279' title='bbox 890 1894 930 1925; x_wconf 83' lang='grc' dir='ltr'>εἰς</span> <span class='ocrx_word' id='word_1_280' title='bbox 958 1893 986 1920; x_wconf 86' lang='grc' dir='ltr'>δὲ</span> 
     </span>
    </p>
   </div>
   <div class='ocr_carea' id='block_1_39' title="bbox 199 1934 987 1974">
    <p class='ocr_par' dir='ltr' id='par_1_39' title="bbox 199 1934 987 1974">
     <span class='ocr_line' id='line_1_39' title="bbox 199 1934 987 1974; baseline 0.009 -15"><span class='ocrx_word' id='word_1_281' title='bbox 199 1934 294 1968; x_wconf 78' lang='grc' dir='ltr'>χρείαν</span> <span class='ocrx_word' id='word_1_282' title='bbox 321 1934 468 1970; x_wconf 79' lang='grc' dir='ltr'>ὑμετέραν.</span> <span class='ocrx_word' id='word_1_283' title='bbox 488 1935 543 1962; x_wconf 74' lang='grc' dir='ltr'>Καὶ</span> <span class='ocrx_word' id='word_1_284' title='bbox 558 1937 708 1971; x_wconf 79' lang='grc' dir='ltr'>γινομένων</span> <span class='ocrx_word' id='word_1_285' title='bbox 728 1937 850 1973; x_wconf 83' lang='grc' dir='ltr'>ἀστέρων</span> <span class='ocrx_word' id='word_1_286' title='bbox 867 1939 987 1974; x_wconf 81' lang='grc' dir='ltr'>ἐθαύμα-</span> 
     </span>
    </p>
   </div>
   <div class='ocr_carea' id='block_1_40' title="bbox 200 1978 985 2019">
    <p class='ocr_par' dir='ltr' id='par_1_40' title="bbox 200 1978 985 2019">
     <span class='ocr_line' id='line_1_40' title="bbox 200 1978 985 2019; baseline 0.009 -15"><span class='ocrx_word' id='word_1_287' title='bbox 200 1978 245 2011; x_wconf 83' lang='grc' dir='ltr'>ζον</span> <span class='ocrx_word' id='word_1_288' title='bbox 261 1978 383 2013; x_wconf 81' lang='grc' dir='ltr'>ἄγγελοι.</span> <span class='ocrx_word' id='word_1_289' title='bbox 406 1979 517 2006; x_wconf 81' lang='grc' dir='ltr'>Πάντων</span> <span class='ocrx_word' id='word_1_290' title='bbox 533 1979 578 2008; x_wconf 71' lang='grc' dir='ltr'>οὖν</span> <span class='ocrx_word' id='word_1_291' title='bbox 590 1981 636 2007; x_wconf 82' lang='grc' dir='ltr'><strong>ὑπ’</strong></span> <span class='ocrx_word' id='word_1_292' title='bbox 666 1982 734 2016; x_wconf 76' lang='grc' dir='ltr'>ἐμοῦ</span> <span class='ocrx_word' id='word_1_293' title='bbox 760 1984 985 2019; x_wconf 74' lang='grc' dir='ltr'>κυϐερνωμένων,</span> 
     </span>
    </p>
   </div>
   <div class='ocr_carea' id='block_1_41' title="bbox 199 2025 986 2064">
    <p class='ocr_par' dir='ltr' id='par_1_41' title="bbox 199 2025 986 2064">
     <span class='ocr_line' id='line_1_41' title="bbox 199 2025 986 2064; baseline 0.008 -13"><span class='ocrx_word' id='word_1_294' title='bbox 199 2025 259 2051; x_wconf 81' lang='grc' dir='ltr'>οὐδὲ</span> <span class='ocrx_word' id='word_1_295' title='bbox 284 2025 318 2051; x_wconf 66' lang='grc' dir='ltr'>τὰ</span> <span class='ocrx_word' id='word_1_296' title='bbox 351 2025 396 2051; x_wconf 68' lang='grc' dir='ltr'><strong>ἐπὶ</strong></span> <span class='ocrx_word' id='word_1_297' title='bbox 436 2026 488 2061; x_wconf 81' lang='grc' dir='ltr'>γῆς</span> <span class='ocrx_word' id='word_1_298' title='bbox 520 2026 568 2061; x_wconf 76' lang='grc' dir='ltr'>τὴν</span> <span class='ocrx_word' id='word_1_299' title='bbox 590 2027 659 2062; x_wconf 71' lang='grc' dir='ltr'>ἐμὴν</span> <span class='ocrx_word' id='word_1_300' title='bbox 682 2028 811 2062; x_wconf 72' lang='grc' dir='ltr'>ἐκφεύγει</span> <span class='ocrx_word' id='word_1_301' title='bbox 844 2029 986 2064; x_wconf 84' lang='grc' dir='ltr'>διοίκησιν.</span> 
     </span>
    </p>
   </div>
   <div class='ocr_carea' id='block_1_42' title="bbox 200 2071 987 2109">
    <p class='ocr_par' dir='ltr' id='par_1_42' title="bbox 200 2071 987 2109">
     <span class='ocr_line' id='line_1_42' title="bbox 200 2071 987 2109; baseline 0.006 -12"><span class='ocrx_word' id='word_1_302' title='bbox 200 2071 354 2107; x_wconf 77' lang='grc' dir='ltr'>Τοιγαροῦν</span> <span class='ocrx_word' id='word_1_303' title='bbox 365 2072 412 2098; x_wconf 80' lang='grc' dir='ltr'>καὶ</span> <span class='ocrx_word' id='word_1_304' title='bbox 423 2072 520 2106; x_wconf 71' lang='grc' dir='ltr'>Κῦρος</span> <span class='ocrx_word' id='word_1_305' title='bbox 535 2072 580 2098; x_wconf 81' lang='grc' dir='ltr'><strong>ὑπ’</strong></span> <span class='ocrx_word' id='word_1_306' title='bbox 593 2073 660 2108; x_wconf 70' lang='grc' dir='ltr'>ἐμοῦ</span> <span class='ocrx_word' id='word_1_307' title='bbox 686 2074 819 2109; x_wconf 78' lang='grc' dir='ltr'>κινηθεὶς,</span> <span class='ocrx_word' id='word_1_308' title='bbox 840 2075 889 2102; x_wconf 77' lang='grc' dir='ltr'>οὐκ</span> <span class='ocrx_word' id='word_1_309' title='bbox 906 2076 987 2108; x_wconf 73' lang='grc' dir='ltr'>αὐτὸς</span> 
     </span>
    </p>
   </div>
   <div class='ocr_carea' id='block_1_43' title="bbox 200 2118 988 2155">
    <p class='ocr_par' dir='ltr' id='par_1_43' title="bbox 200 2118 988 2155">
     <span class='ocr_line' id='line_1_43' title="bbox 200 2118 988 2155; baseline 0.006 -11"><span class='ocrx_word' id='word_1_310' title='bbox 200 2118 238 2145; x_wconf 85' lang='grc' dir='ltr'>ὣν</span> <span class='ocrx_word' id='word_1_311' title='bbox 255 2119 379 2154; x_wconf 69' lang='grc' dir='ltr'>εὐσεϐὴς,</span> <span class='ocrx_word' id='word_1_312' title='bbox 399 2119 432 2144; x_wconf 79' lang='grc' dir='ltr'><strong>τὰ</strong></span> <span class='ocrx_word' id='word_1_313' title='bbox 443 2119 504 2145; x_wconf 82' lang='grc' dir='ltr'>καθ’</span> <span class='ocrx_word' id='word_1_314' title='bbox 523 2119 594 2153; x_wconf 83' lang='grc' dir='ltr'>ὑμᾶς</span> <span class='ocrx_word' id='word_1_315' title='bbox 612 2119 800 2155; x_wconf 80' lang='grc' dir='ltr'>διορθώσεται.</span> <span class='ocrx_word' id='word_1_316' title='bbox 836 2121 912 2148; x_wconf 79' lang='grc' dir='ltr'>Ἐπεὶ</span> <span class='ocrx_word' id='word_1_317' title='bbox 940 2123 988 2149; x_wconf 72' lang='grc' dir='ltr'>καὶ</span> 
     </span>
    </p>
   </div>
   <div class='ocr_carea' id='block_1_44' title="bbox 199 2165 988 2203">
    <p class='ocr_par' dir='ltr' id='par_1_44' title="bbox 199 2165 988 2203">
     <span class='ocr_line' id='line_1_44' title="bbox 199 2165 988 2203; baseline 0.006 -13"><span class='ocrx_word' id='word_1_318' title='bbox 199 2165 332 2200; x_wconf 71' lang='grc' dir='ltr'>πρότερον</span> <span class='ocrx_word' id='word_1_319' title='bbox 345 2165 415 2199; x_wconf 78' lang='grc' dir='ltr'>ὑμᾶς</span> <span class='ocrx_word' id='word_1_320' title='bbox 426 2165 454 2196; x_wconf 77' lang='grc' dir='ltr'><strong>ἐξ</strong></span> <span class='ocrx_word' id='word_1_321' title='bbox 465 2165 628 2199; x_wconf 78' lang='grc' dir='ltr'>Αιγύπτου,</span> <span class='ocrx_word' id='word_1_322' title='bbox 642 2167 734 2201; x_wconf 81' lang='grc' dir='ltr'>φησὶν,</span> <span class='ocrx_word' id='word_1_323' title='bbox 748 2167 988 2203; x_wconf 70' lang='grc' dir='ltr'>ἠλευθέρωσα,καὶ</span> 
     </span>
    </p>
   </div>
   <div class='ocr_carea' id='block_1_45' title="bbox 200 2211 987 2247">
    <p class='ocr_par' dir='ltr' id='par_1_45' title="bbox 200 2211 987 2247">
     <span class='ocr_line' id='line_1_45' title="bbox 200 2211 987 2247; baseline 0.006 -11"><span class='ocrx_word' id='word_1_324' title='bbox 200 2211 259 2241; x_wconf 81' lang='grc' dir='ltr'>ταῖς</span> <span class='ocrx_word' id='word_1_325' title='bbox 284 2212 364 2245; x_wconf 78' lang='grc' dir='ltr'>ἐμαῖς</span> <span class='ocrx_word' id='word_1_326' title='bbox 386 2211 520 2246; x_wconf 74' lang='grc' dir='ltr'>ἀπείρηκε</span> <span class='ocrx_word' id='word_1_327' title='bbox 550 2212 686 2245; x_wconf 69' lang='grc' dir='ltr'>μάστιξιν.</span> <span class='ocrx_word' id='word_1_328' title='bbox 719 2212 812 2247; x_wconf 72' lang='grc' dir='ltr'>Ὑμεῖς</span> <span class='ocrx_word' id='word_1_329' title='bbox 844 2214 871 2240; x_wconf 76' lang='grc' dir='ltr'>δὲ</span> <span class='ocrx_word' id='word_1_330' title='bbox 906 2215 987 2241; x_wconf 76' lang='grc' dir='ltr'>πάλιν</span> 
     </span>
    </p>
   </div>
   <div class='ocr_carea' id='block_1_46' title="bbox 201 2257 987 2293">
    <p class='ocr_par' dir='ltr' id='par_1_46' title="bbox 201 2257 987 2293">
     <span class='ocr_line' id='line_1_46' title="bbox 201 2257 987 2293; baseline 0.003 -10"><span class='ocrx_word' id='word_1_331' title='bbox 201 2257 405 2292; x_wconf 80' lang='grc' dir='ltr'>ἁμαρτάνοντες</span> <span class='ocrx_word' id='word_1_332' title='bbox 419 2257 468 2283; x_wconf 76' lang='grc' dir='ltr'>οὐκ</span> <span class='ocrx_word' id='word_1_333' title='bbox 494 2257 628 2283; x_wconf 78' lang='grc' dir='ltr'>ὲπαύεσοε</span> <span class='ocrx_word' id='word_1_334' title='bbox 655 2258 701 2284; x_wconf 84' lang='grc' dir='ltr'>καί</span> <span class='ocrx_word' id='word_1_335' title='bbox 741 2260 987 2293; x_wconf 80' lang='grc' dir='ltr'>ματαιοπονοῦντες</span> 
     </span>
    </p>
   </div>
   <div class='ocr_carea' id='block_1_47' title="bbox 201 2303 988 2340">
    <p class='ocr_par' dir='ltr' id='par_1_47' title="bbox 201 2303 988 2340">
     <span class='ocr_line' id='line_1_47' title="bbox 201 2303 988 2340; baseline 0.004 -12"><span class='ocrx_word' id='word_1_336' title='bbox 201 2303 247 2329; x_wconf 68' lang='grc' dir='ltr'><strong>ἐπὶ</strong></span> <span class='ocrx_word' id='word_1_337' title='bbox 259 2305 318 2334; x_wconf 75' lang='grc' dir='ltr'>’ταῖς</span> <span class='ocrx_word' id='word_1_338' title='bbox 331 2303 434 2329; x_wconf 77' lang='grc' dir='ltr'>ἑαυτῶν</span> <span class='ocrx_word' id='word_1_339' title='bbox 449 2303 614 2336; x_wconf 66' lang='grc' dir='ltr'>ἐμπορίαις.</span> <span class='ocrx_word' id='word_1_340' title='bbox 646 2304 715 2330; x_wconf 72' lang='grc' dir='ltr'><strong>Ἀλλ’</strong></span> <span class='ocrx_word' id='word_1_341' title='bbox 738 2305 813 2340; x_wconf 80' lang='grc' dir='ltr'>ὅμως</span> <span class='ocrx_word' id='word_1_342' title='bbox 848 2305 899 2339; x_wconf 80' lang='grc' dir='ltr'><strong>ἐμὲ</strong></span> <span class='ocrx_word' id='word_1_343' title='bbox 913 2311 927 2324; x_wconf 70' lang='grc' dir='ltr'>ιλ</span> <span class='ocrx_word' id='word_1_344' title='bbox 942 2315 988 2331; x_wconf 83' lang='grc' dir='ltr'>πι-</span> 
     </span>
    </p>
   </div>
   <div class='ocr_carea' id='block_1_48' title="bbox 202 2348 987 2382">
    <p class='ocr_par' dir='ltr' id='par_1_48' title="bbox 202 2348 987 2382">
     <span class='ocr_line' id='line_1_48' title="bbox 202 2348 987 2382; baseline 0.003 -8"><span class='ocrx_word' id='word_1_345' title='bbox 202 2348 363 2380; x_wconf 69' lang='grc' dir='ltr'>στεύσαντες</span> <span class='ocrx_word' id='word_1_346' title='bbox 381 2348 456 2381; x_wconf 72' lang='grc' dir='ltr'>ἕξετε</span> <span class='ocrx_word' id='word_1_347' title='bbox 474 2348 577 2380; x_wconf 79' lang='grc' dir='ltr'>πάντας</span> <span class='ocrx_word' id='word_1_348' title='bbox 595 2349 987 2382; x_wconf 67' lang='grc' dir='ltr'>ὑποσπόνδουςτοὺςἐνδόξους,</span> 
     </span>
    </p>
   </div>
   <div class='ocr_carea' id='block_1_49' title="bbox 201 2395 986 2431">
    <p class='ocr_par' dir='ltr' id='par_1_49' title="bbox 201 2395 986 2431">
     <span class='ocr_line' id='line_1_49' title="bbox 201 2395 986 2431; baseline 0.003 -11"><span class='ocrx_word' id='word_1_349' title='bbox 201 2395 248 2420; x_wconf 82' lang='grc' dir='ltr'>καὶ</span> <span class='ocrx_word' id='word_1_350' title='bbox 265 2395 439 2430; x_wconf 72' lang='grc' dir='ltr'>φρονήματος</span> <span class='ocrx_word' id='word_1_351' title='bbox 456 2395 602 2430; x_wconf 73' lang='grc' dir='ltr'>γέμοντας,</span> <span class='ocrx_word' id='word_1_352' title='bbox 636 2395 684 2422; x_wconf 74' lang='grc' dir='ltr'>καὶ</span> <span class='ocrx_word' id='word_1_353' title='bbox 707 2396 817 2430; x_wconf 83' lang='grc' dir='ltr'>ἀγάπης</span> <span class='ocrx_word' id='word_1_354' title='bbox 849 2396 986 2431; x_wconf 74' lang='grc' dir='ltr'>δεδεμένοι</span> 
     </span>
    </p>
   </div>
   <div class='ocr_carea' id='block_1_50' title="bbox 201 2439 987 2477">
    <p class='ocr_par' dir='ltr' id='par_1_50' title="bbox 201 2439 987 2477">
     <span class='ocr_line' id='line_1_50' title="bbox 201 2439 987 2477; baseline 0.003 -11"><span class='ocrx_word' id='word_1_355' title='bbox 201 2439 324 2474; x_wconf 79' lang='grc' dir='ltr'>δεσμοῖς</span> <span class='ocrx_word' id='word_1_356' title='bbox 347 2441 562 2474; x_wconf 83' lang='grc' dir='ltr'>καταντήσουσιν</span> <span class='ocrx_word' id='word_1_357' title='bbox 588 2440 627 2472; x_wconf 83' lang='grc' dir='ltr'><strong>είς</strong></span> <span class='ocrx_word' id='word_1_358' title='bbox 657 2441 846 2477; x_wconf 79' lang='grc' dir='ltr'>Ἰερουσαλὴμ,</span> <span class='ocrx_word' id='word_1_359' title='bbox 874 2442 910 2473; x_wconf 85' lang='grc' dir='ltr'>ὡς</span> <span class='ocrx_word' id='word_1_360' title='bbox 947 2444 987 2474; x_wconf 78' lang='grc' dir='ltr'><strong>εἰς</strong></span> 
     </span>
    </p>
   </div>
   <div class='ocr_carea' id='block_1_51' title="bbox 201 2484 989 2521">
    <p class='ocr_par' dir='ltr' id='par_1_51' title="bbox 201 2484 989 2521">
     <span class='ocr_line' id='line_1_51' title="bbox 201 2484 989 2521; baseline 0.004 -11"><span class='ocrx_word' id='word_1_361' title='bbox 201 2484 355 2516; x_wconf 73' lang='grc' dir='ltr'>θεοσεϐείας</span> <span class='ocrx_word' id='word_1_362' title='bbox 373 2485 574 2517; x_wconf 76' lang='grc' dir='ltr'>διδασκαλεῖον,</span> <span class='ocrx_word' id='word_1_363' title='bbox 588 2485 636 2510; x_wconf 75' lang='grc' dir='ltr'>καὶ</span> <span class='ocrx_word' id='word_1_364' title='bbox 658 2485 839 2520; x_wconf 82' lang='grc' dir='ltr'>μακαριοῦσιν</span> <span class='ocrx_word' id='word_1_365' title='bbox 855 2486 937 2521; x_wconf 79' lang='grc' dir='ltr'>ὑμᾶς,</span> <span class='ocrx_word' id='word_1_366' title='bbox 951 2486 989 2519; x_wconf 85' lang='grc' dir='ltr'>ὡς</span> 
     </span>
    </p>
   </div>
   <div class='ocr_carea' id='block_1_52' title="bbox 203 2529 989 2566">
    <p class='ocr_par' dir='ltr' id='par_1_52' title="bbox 203 2529 989 2566">
     <span class='ocr_line' id='line_1_52' title="bbox 203 2529 989 2566; baseline 0.004 -10"><span class='ocrx_word' id='word_1_367' title='bbox 203 2530 262 2562; x_wconf 76' lang='grc' dir='ltr'><strong>Θεῷ</strong></span> <span class='ocrx_word' id='word_1_368' title='bbox 277 2529 316 2563; x_wconf 82' lang='grc' dir='ltr'>τῷ</span> <span class='ocrx_word' id='word_1_369' title='bbox 327 2531 409 2565; x_wconf 80' lang='grc' dir='ltr'><strong>μόνῳ</strong></span> <span class='ocrx_word' id='word_1_370' title='bbox 432 2532 644 2565; x_wconf 79' lang='grc' dir='ltr'>λατρεύοντας,</span> <span class='ocrx_word' id='word_1_371' title='bbox 674 2531 711 2558; x_wconf 78' lang='grc' dir='ltr'><strong>ὃν</strong></span> <span class='ocrx_word' id='word_1_372' title='bbox 736 2532 869 2566; x_wconf 74' lang='grc' dir='ltr'><strong>ἠγνόουν</strong></span> <span class='ocrx_word' id='word_1_373' title='bbox 893 2534 989 2560; x_wconf 72' lang='grc' dir='ltr'>αὐτοί.</span> 
     </span>
    </p>
   </div>
   <div class='ocr_carea' id='block_1_53' title="bbox 207 2577 991 2613">
    <p class='ocr_par' dir='ltr' id='par_1_53' title="bbox 207 2577 991 2613">
     <span class='ocr_line' id='line_1_53' title="bbox 207 2577 991 2613; baseline 0.001 -10"><span class='ocrx_word' id='word_1_374' title='bbox 207 2577 299 2612; x_wconf 81' lang='grc' dir='ltr'><strong>Ὑμῶν</strong></span> <span class='ocrx_word' id='word_1_375' title='bbox 330 2577 358 2603; x_wconf 73' lang='grc' dir='ltr'>δὲ</span> <span class='ocrx_word' id='word_1_376' title='bbox 389 2577 457 2612; x_wconf 83' lang='grc' dir='ltr'>πρὸς</span> <span class='ocrx_word' id='word_1_377' title='bbox 484 2579 628 2613; x_wconf 85' lang='grc' dir='ltr'>μετάνοιαν</span> <span class='ocrx_word' id='word_1_378' title='bbox 656 2578 991 2613; x_wconf 73' lang='grc' dir='ltr'>ἀμε).ούντων,ὀμονογε-</span> 
     </span>
    </p>
   </div>
   <div class='ocr_carea' id='block_1_54' title="bbox 201 2622 991 2660">
    <p class='ocr_par' dir='ltr' id='par_1_54' title="bbox 201 2622 991 2660">
     <span class='ocr_line' id='line_1_54' title="bbox 201 2622 991 2660; baseline 0.003 -11"><span class='ocrx_word' id='word_1_379' title='bbox 201 2622 250 2658; x_wconf 85' lang='grc' dir='ltr'>νής</span> <span class='ocrx_word' id='word_1_380' title='bbox 266 2632 316 2658; x_wconf 77' lang='grc' dir='ltr'><strong>μου</strong></span> <span class='ocrx_word' id='word_1_381' title='bbox 342 2625 476 2659; x_wconf 79' lang='grc' dir='ltr'>παρέσται</span> <span class='ocrx_word' id='word_1_382' title='bbox 505 2624 566 2655; x_wconf 70' lang='grc' dir='ltr'>Υἱὸς</span> <span class='ocrx_word' id='word_1_383' title='bbox 592 2625 811 2659; x_wconf 74' lang='grc' dir='ltr'>Ἰερουσαλὴμο</span> <span class='ocrx_word' id='word_1_384' title='bbox 845 2625 991 2660; x_wconf 70' lang='grc' dir='ltr'>γενόμενος</span> 
     </span>
    </p>
   </div>
   <div class='ocr_carea' id='block_1_55' title="bbox 202 2666 989 2706">
    <p class='ocr_par' dir='ltr' id='par_1_55' title="bbox 202 2666 989 2706">
     <span class='ocr_line' id='line_1_55' title="bbox 202 2666 989 2706; baseline 0.004 -12"><span class='ocrx_word' id='word_1_385' title='bbox 202 2667 250 2695; x_wconf 79' lang='grc' dir='ltr'>καὶ</span> <span class='ocrx_word' id='word_1_386' title='bbox 270 2669 380 2701; x_wconf 81' lang='grc' dir='ltr'>Ἰούδας,</span> <span class='ocrx_word' id='word_1_387' title='bbox 393 2669 427 2696; x_wconf 82' lang='grc' dir='ltr'><strong>ἑν</strong></span> <span class='ocrx_word' id='word_1_388' title='bbox 443 2666 467 2703; x_wconf 86' lang='grc' dir='ltr'>ᾧ</span> <span class='ocrx_word' id='word_1_389' title='bbox 481 2670 711 2704; x_wconf 73' lang='grc' dir='ltr'>προσ-εὔξονται,</span> <span class='ocrx_word' id='word_1_390' title='bbox 743 2668 773 2697; x_wconf 73' lang='grc' dir='ltr'><strong>οὗ</strong></span> <span class='ocrx_word' id='word_1_391' title='bbox 798 2671 925 2706; x_wconf 72' lang='grc' dir='ltr'>σφραγῖδι</span> <span class='ocrx_word' id='word_1_392' title='bbox 941 2671 989 2697; x_wconf 83' lang='grc' dir='ltr'>καὶ</span> 
     </span>
    </p>
   </div>
   <div class='ocr_carea' id='block_1_56' title="bbox 237 2757 462 2791">
    <p class='ocr_par' dir='ltr' id='par_1_56' title="bbox 237 2757 462 2791">
     <span class='ocr_line' id='line_1_56' title="bbox 237 2757 462 2791; baseline 0.004 -6"><span class='ocrx_word' id='word_1_393' title='bbox 237 2758 260 2776; x_wconf 74' lang='grc'><strong>⁸⁵</strong></span> <span class='ocrx_word' id='word_1_394' title='bbox 282 2758 359 2786; x_wconf 80' lang='lat' dir='ltr'><strong>Rom.</strong></span> <span class='ocrx_word' id='word_1_395' title='bbox 376 2766 413 2791; x_wconf 74' lang='grc' dir='ltr'><strong>ιι,</strong></span> <span class='ocrx_word' id='word_1_396' title='bbox 436 2757 462 2786; x_wconf 84' lang='lat'><strong>6.</strong></span> 
     </span>
    </p>
   </div>
   <div class='ocr_carea' id='block_1_57' title="bbox 502 2758 983 2794">
    <p class='ocr_par' dir='ltr' id='par_1_57' title="bbox 502 2758 983 2794">
     <span class='ocr_line' id='line_1_57' title="bbox 502 2758 983 2794; baseline 0.002 -9"><span class='ocrx_word' id='word_1_397' title='bbox 502 2759 524 2775; x_wconf 76' lang='grc'><strong>⁸⁸</strong></span> <span class='ocrx_word' id='word_1_398' title='bbox 545 2758 644 2794; x_wconf 84' lang='lat' dir='ltr'><strong>Ephes.</strong></span> <span class='ocrx_word' id='word_1_399' title='bbox 666 2768 703 2792; x_wconf 88' lang='lat' dir='ltr'><strong>tv,</strong></span> <span class='ocrx_word' id='word_1_400' title='bbox 725 2760 771 2793; x_wconf 56' lang='lat'><strong>25;</strong></span> <span class='ocrx_word' id='word_1_401' title='bbox 809 2760 830 2775; x_wconf 84' lang='lat'><strong>&quot;</strong></span> <span class='ocrx_word' id='word_1_402' title='bbox 848 2759 916 2786; x_wconf 90' lang='lat' dir='ltr'><strong>Ibid.</strong></span> <span class='ocrx_word' id='word_1_403' title='bbox 936 2759 983 2787; x_wconf 71' lang='lat'><strong>25.</strong></span> 
     </span>
    </p>
   </div>
   <div class='ocr_carea' id='block_1_58' title="bbox 766 137 1259 172">
    <p class='ocr_par' dir='ltr' id='par_1_58' title="bbox 766 137 1259 172">
     <span class='ocr_line' id='line_1_58' title="bbox 766 137 1259 172; baseline 0.008 -5"><span class='ocrx_word' id='word_1_404' title='bbox 766 137 1033 168; x_wconf 74' lang='lat' dir='ltr'><strong>COMMENTARII</strong></span> <span class='ocrx_word' id='word_1_405' title='bbox 1053 139 1095 169; x_wconf 87' lang='grc' dir='ltr'><strong>ΙΝ</strong></span> <span class='ocrx_word' id='word_1_406' title='bbox 1115 139 1259 172; x_wconf 84' lang='lat' dir='ltr'><strong>ISAIAM.</strong></span> 
     </span>
    </p>
   </div>
   <div class='ocr_carea' id='block_1_59' title="bbox 202 190 986 234">
    <p class='ocr_par' dir='ltr' id='par_1_59' title="bbox 202 190 983 232">
     <span class='ocr_line' id='line_1_59' title="bbox 202 190 983 232; baseline 0.008 -15"><span class='ocrx_word' id='word_1_407' title='bbox 202 190 336 225; x_wconf 82' lang='grc' dir='ltr'>Ἰσραὴλ,</span> <span class='ocrx_word' id='word_1_408' title='bbox 351 192 388 224; x_wconf 88' lang='grc' dir='ltr'>ὼς</span> <span class='ocrx_word' id='word_1_409' title='bbox 405 193 488 220; x_wconf 82' lang='grc' dir='ltr'>πάλαι</span> <span class='ocrx_word' id='word_1_410' title='bbox 499 194 656 222; x_wconf 79' lang='grc' dir='ltr'>σεσωκότα</span> <span class='ocrx_word' id='word_1_411' title='bbox 689 196 743 221; x_wconf 72' lang='grc' dir='ltr'>τὸν</span> <span class='ocrx_word' id='word_1_412' title='bbox 758 195 888 230; x_wconf 80' lang='grc' dir='ltr'>Ἰσραήλ·</span> <span class='ocrx_word' id='word_1_413' title='bbox 899 197 983 232; x_wconf 70' lang='grc' dir='ltr'>ἦγουν</span> 
     </span>
    </p>
   </div>
   <div class='ocr_carea' id='block_1_60' title="bbox 1037 190 1228 234">
    <p class='ocr_par' dir='ltr' id='par_1_60' title="bbox 1037 199 1228 234">
     <span class='ocr_line' id='line_1_60' title="bbox 1037 199 1228 234; baseline 0.01 -9"><span class='ocrx_word' id='word_1_414' title='bbox 1037 199 1200 234; x_wconf 83' lang='lat' dir='ltr'><strong>adjiciuntut</strong></span> <span class='ocrx_word' id='word_1_415' title='bbox 1222 209 1228 227; x_wconf 90' lang='lat'>:</span> 
     </span>
    </p>
   </div>
   <div class='ocr_carea' id='block_1_61' title="bbox 1759 143 1830 174">
    <p class='ocr_par' dir='ltr' id='par_1_61' title="bbox 1759 143 1830 174">
     <span class='ocr_line' id='line_1_61' title="bbox 1759 143 1830 174; baseline 0.014 -1"><span class='ocrx_word' id='word_1_416' title='bbox 1759 143 1830 174; x_wconf 73' lang='grc'><strong>2430</strong></span> 
     </span>
    </p>
   </div>
   <div class='ocr_carea' id='block_1_62' title="bbox 1254 199 1830 235">
    <p class='ocr_par' dir='ltr' id='par_1_62' title="bbox 1254 199 1830 235">
     <span class='ocr_line' id='line_1_62' title="bbox 1254 199 1830 235; baseline 0.003 -9"><span class='ocrx_word' id='word_1_417' title='bbox 1254 200 1354 235; x_wconf 79' lang='lat' dir='ltr'><strong>quibus</strong></span> <span class='ocrx_word' id='word_1_418' title='bbox 1376 199 1534 228; x_wconf 78' lang='lat' dir='ltr'><strong>salvatorem</strong></span> <span class='ocrx_word' id='word_1_419' title='bbox 1551 199 1662 227; x_wconf 83' lang='lat' dir='ltr'><strong>Israelis</strong></span> <span class='ocrx_word' id='word_1_420' title='bbox 1684 208 1746 228; x_wconf 87' lang='lat' dir='ltr'><strong>eum</strong></span> <span class='ocrx_word' id='word_1_421' title='bbox 1769 209 1830 228; x_wconf 84' lang='lat' dir='ltr'><strong>esse</strong></span> 
     </span>
    </p>
   </div>
   <div class='ocr_carea' id='block_1_63' title="bbox 1039 247 1828 281">
    <p class='ocr_par' dir='ltr' id='par_1_63' title="bbox 1039 247 1828 281">
     <span class='ocr_line' id='line_1_63' title="bbox 1039 247 1828 281; baseline 0.004 -10"><span class='ocrx_word' id='word_1_422' title='bbox 1039 251 1168 280; x_wconf 87' lang='lat' dir='ltr'><strong>tanquam</strong></span> <span class='ocrx_word' id='word_1_423' title='bbox 1199 247 1245 281; x_wconf 89' lang='lat' dir='ltr'><strong>qui</strong></span> <span class='ocrx_word' id='word_1_424' title='bbox 1274 247 1363 281; x_wconf 77' lang='lat' dir='ltr'><strong>ipsum</strong></span> <span class='ocrx_word' id='word_1_425' title='bbox 1388 247 1454 274; x_wconf 94' lang='lat' dir='ltr'><strong>olim</strong></span> <span class='ocrx_word' id='word_1_426' title='bbox 1492 247 1619 279; x_wconf 85' lang='lat' dir='ltr'><strong>servarit,</strong></span> <span class='ocrx_word' id='word_1_427' title='bbox 1653 248 1828 281; x_wconf 69' lang='lat' dir='ltr'><strong>profitentur.</strong></span> 
     </span>
    </p>
   </div>
   <div class='ocr_carea' id='block_1_64' title="bbox 1037 290 1828 329">
    <p class='ocr_par' dir='ltr' id='par_1_64' title="bbox 1037 290 1828 329">
     <span class='ocr_line' id='line_1_64' title="bbox 1037 290 1828 329; baseline 0.004 -12"><span class='ocrx_word' id='word_1_428' title='bbox 1037 290 1095 318; x_wconf 82' lang='lat' dir='ltr'><strong>Nisi</strong></span> <span class='ocrx_word' id='word_1_429' title='bbox 1127 291 1206 319; x_wconf 89' lang='lat' dir='ltr'><strong>malis</strong></span> <span class='ocrx_word' id='word_1_430' title='bbox 1234 300 1308 319; x_wconf 89' lang='lat' dir='ltr'><strong>nunc</strong></span> <span class='ocrx_word' id='word_1_431' title='bbox 1335 293 1446 320; x_wconf 72' lang='lat' dir='ltr'><strong>lsraelis</strong></span> <span class='ocrx_word' id='word_1_432' title='bbox 1470 293 1661 328; x_wconf 83' lang='lat' dir='ltr'><strong>appellatione,</strong></span> <span class='ocrx_word' id='word_1_433' title='bbox 1693 295 1828 329; x_wconf 87' lang='lat' dir='ltr'><strong>eum.qui</strong></span> 
     </span>
    </p>
   </div>
   <div class='ocr_carea' id='block_1_65' title="bbox 1039 337 1830 374">
    <p class='ocr_par' dir='ltr' id='par_1_65' title="bbox 1039 337 1830 374">
     <span class='ocr_line' id='line_1_65' title="bbox 1039 337 1830 374; baseline 0.005 -11"><span class='ocrx_word' id='word_1_434' title='bbox 1039 337 1122 364; x_wconf 88' lang='lat' dir='ltr'><strong>Deum</strong></span> <span class='ocrx_word' id='word_1_435' title='bbox 1142 337 1243 370; x_wconf 86' lang='lat' dir='ltr'><strong>videat,</strong></span> <span class='ocrx_word' id='word_1_436' title='bbox 1266 339 1414 372; x_wconf 76' lang='lat' dir='ltr'><strong>signiﬁcari</strong></span> <span class='ocrx_word' id='word_1_437' title='bbox 1446 343 1628 374; x_wconf 85' lang='lat' dir='ltr'><strong>pntarc,cutn</strong></span> <span class='ocrx_word' id='word_1_438' title='bbox 1653 347 1708 366; x_wconf 90' lang='lat' dir='ltr'><strong>nott</strong></span> <span class='ocrx_word' id='word_1_439' title='bbox 1733 347 1830 367; x_wconf 82' lang='lat' dir='ltr'><strong>omnes</strong></span> 
     </span>
    </p>
   </div>
   <div class='ocr_carea' id='block_1_66' title="bbox 1038 384 1827 419">
    <p class='ocr_par' dir='ltr' id='par_1_66' title="bbox 1038 384 1827 419">
     <span class='ocr_line' id='line_1_66' title="bbox 1038 384 1827 419; baseline 0.001 -8"><span class='ocrx_word' id='word_1_440' title='bbox 1038 391 1100 411; x_wconf 83' lang='lat' dir='ltr'><strong>esse</strong></span> <span class='ocrx_word' id='word_1_441' title='bbox 1123 384 1273 416; x_wconf 86' lang='lat' dir='ltr'><strong>lsraelitas,</strong></span> <span class='ocrx_word' id='word_1_442' title='bbox 1292 385 1339 419; x_wconf 85' lang='lat' dir='ltr'><strong>qui</strong></span> <span class='ocrx_word' id='word_1_443' title='bbox 1363 392 1395 411; x_wconf 79' lang='lat' dir='ltr'><strong>ex</strong></span> <span class='ocrx_word' id='word_1_444' title='bbox 1416 385 1518 412; x_wconf 84' lang='lat' dir='ltr'><strong>lsraele</strong></span> <span class='ocrx_word' id='word_1_445' title='bbox 1545 389 1621 418; x_wconf 84' lang='lat' dir='ltr'><strong>sunt,</strong></span> <span class='ocrx_word' id='word_1_446' title='bbox 1639 386 1776 413; x_wconf 84' lang='lat' dir='ltr'><strong>scribatur</strong></span> <span class='ocrx_word' id='word_1_447' title='bbox 1794 385 1827 412; x_wconf 75' lang='grc'><strong>⁵⁵.</strong></span> 
     </span>
    </p>
   </div>
   <div class='ocr_carea' id='block_1_67' title="bbox 1038 428 1830 466">
    <p class='ocr_par' dir='ltr' id='par_1_67' title="bbox 1038 428 1830 466">
     <span class='ocr_line' id='line_1_67' title="bbox 1038 428 1830 466; baseline 0.004 -12"><span class='ocrx_word' id='word_1_448' title='bbox 1038 428 1172 455; x_wconf 80' lang='lat' dir='ltr'><strong>Caeterum</strong></span> <span class='ocrx_word' id='word_1_449' title='bbox 1189 429 1235 463; x_wconf 87' lang='lat' dir='ltr'><strong>qui</strong></span> <span class='ocrx_word' id='word_1_450' title='bbox 1253 430 1277 455; x_wconf 90' lang='lat' dir='ltr'><strong>ei</strong></span> <span class='ocrx_word' id='word_1_451' title='bbox 1303 429 1438 456; x_wconf 76' lang='lat' dir='ltr'><strong>adversati</strong></span> <span class='ocrx_word' id='word_1_452' title='bbox 1467 435 1541 462; x_wconf 87' lang='lat' dir='ltr'><strong>sunt,</strong></span> <span class='ocrx_word' id='word_1_453' title='bbox 1569 438 1630 457; x_wconf 90' lang='lat' dir='ltr'><strong>cum</strong></span> <span class='ocrx_word' id='word_1_454' title='bbox 1656 430 1715 464; x_wconf 71' lang='lat' dir='ltr'><strong>eius</strong></span> <span class='ocrx_word' id='word_1_455' title='bbox 1737 431 1830 466; x_wconf 55' lang='lat' dir='ltr'><strong>gloria</strong></span> 
     </span>
    </p>
   </div>
   <div class='ocr_carea' id='block_1_68' title="bbox 1038 473 1829 509">
    <p class='ocr_par' dir='ltr' id='par_1_68' title="bbox 1038 473 1829 509">
     <span class='ocr_line' id='line_1_68' title="bbox 1038 473 1829 509; baseline 0.003 -9"><span class='ocrx_word' id='word_1_456' title='bbox 1038 473 1148 501; x_wconf 79' lang='lat' dir='ltr'><strong>oﬂicere</strong></span> <span class='ocrx_word' id='word_1_457' title='bbox 1171 475 1355 509; x_wconf 79' lang='lat' dir='ltr'><strong>nequiverint,</strong></span> <span class='ocrx_word' id='word_1_458' title='bbox 1381 475 1586 509; x_wconf 72' lang='lat' dir='ltr'><strong>confundantur.</strong></span> <span class='ocrx_word' id='word_1_459' title='bbox 1604 475 1692 502; x_wconf 87' lang='lat' dir='ltr'><strong>Erunt</strong></span> <span class='ocrx_word' id='word_1_460' title='bbox 1706 476 1779 503; x_wconf 86' lang='lat' dir='ltr'><strong>enim</strong></span> <span class='ocrx_word' id='word_1_461' title='bbox 1801 476 1829 502; x_wconf 91' lang='lat' dir='ltr'><strong>in</strong></span> 
     </span>
    </p>
   </div>
   <div class='ocr_carea' id='block_1_69' title="bbox 1038 521 1830 554">
    <p class='ocr_par' dir='ltr' id='par_1_69' title="bbox 1038 521 1830 554">
     <span class='ocr_line' id='line_1_69' title="bbox 1038 521 1830 554; baseline 0.003 -8"><span class='ocrx_word' id='word_1_462' title='bbox 1038 526 1216 554; x_wconf 82' lang='lat' dir='ltr'><strong>conspectum</strong></span> <span class='ocrx_word' id='word_1_463' title='bbox 1244 521 1380 549; x_wconf 66' lang='lat' dir='ltr'><strong>uuiversm</strong></span> <span class='ocrx_word' id='word_1_464' title='bbox 1407 523 1500 549; x_wconf 84' lang='lat' dir='ltr'><strong>carni.</strong></span> <span class='ocrx_word' id='word_1_465' title='bbox 1528 522 1690 549; x_wconf 85' lang='lat' dir='ltr'><strong>Orationem</strong></span> <span class='ocrx_word' id='word_1_466' title='bbox 1712 529 1778 548; x_wconf 89' lang='lat' dir='ltr'><strong>vero</strong></span> <span class='ocrx_word' id='word_1_467' title='bbox 1795 523 1830 548; x_wconf 86' lang='lat' dir='ltr'><strong>ab</strong></span> 
     </span>
    </p>
   </div>
   <div class='ocr_carea' id='block_1_70' title="bbox 1039 564 1830 602">
    <p class='ocr_par' dir='ltr' id='par_1_70' title="bbox 1039 564 1830 602">
     <span class='ocr_line' id='line_1_70' title="bbox 1039 564 1830 602; baseline 0.003 -11"><span class='ocrx_word' id='word_1_468' title='bbox 1039 564 1174 600; x_wconf 60' lang='lat' dir='ltr'><strong>Egyptiis</strong></span> <span class='ocrx_word' id='word_1_469' title='bbox 1185 573 1334 601; x_wconf 82' lang='lat' dir='ltr'><strong>eorumque</strong></span> <span class='ocrx_word' id='word_1_470' title='bbox 1347 567 1445 594; x_wconf 85' lang='lat' dir='ltr'><strong>vicinis</strong></span> <span class='ocrx_word' id='word_1_471' title='bbox 1467 567 1499 594; x_wconf 89' lang='lat' dir='ltr'><strong>ad</strong></span> <span class='ocrx_word' id='word_1_472' title='bbox 1514 568 1622 602; x_wconf 82' lang='lat' dir='ltr'><strong>generis</strong></span> <span class='ocrx_word' id='word_1_473' title='bbox 1646 567 1767 594; x_wconf 88' lang='lat' dir='ltr'><strong>ttnivcrsi</strong></span> <span class='ocrx_word' id='word_1_474' title='bbox 1783 574 1830 593; x_wconf 88' lang='lat' dir='ltr'><strong>na-</strong></span> 
     </span>
    </p>
   </div>
   <div class='ocr_carea' id='block_1_71' title="bbox 1038 612 1829 645">
    <p class='ocr_par' dir='ltr' id='par_1_71' title="bbox 1038 612 1829 645">
     <span class='ocr_line' id='line_1_71' title="bbox 1038 612 1829 645; baseline 0.001 -7"><span class='ocrx_word' id='word_1_475' title='bbox 1038 612 1127 639; x_wconf 81' lang='lat' dir='ltr'><strong>tiones</strong></span> <span class='ocrx_word' id='word_1_476' title='bbox 1142 612 1291 645; x_wconf 84' lang='lat' dir='ltr'><strong>translulit,</strong></span> <span class='ocrx_word' id='word_1_477' title='bbox 1311 620 1372 640; x_wconf 89' lang='lat' dir='ltr'><strong>cum</strong></span> <span class='ocrx_word' id='word_1_478' title='bbox 1385 613 1534 640; x_wconf 79' lang='lat' dir='ltr'><strong>insularum</strong></span> <span class='ocrx_word' id='word_1_479' title='bbox 1550 614 1672 644; x_wconf 83' lang='lat' dir='ltr'><strong>nomine,</strong></span> <span class='ocrx_word' id='word_1_480' title='bbox 1695 612 1829 639; x_wconf 77' lang='lat' dir='ltr'><strong>conﬂatos</strong></span> 
     </span>
    </p>
   </div>
   <div class='ocr_carea' id='block_1_72' title="bbox 1038 658 1828 694">
    <p class='ocr_par' dir='ltr' id='par_1_72' title="bbox 1038 658 1828 694">
     <span class='ocr_line' id='line_1_72' title="bbox 1038 658 1828 694; baseline 0.001 -10"><span class='ocrx_word' id='word_1_481' title='bbox 1038 666 1053 684; x_wconf 91' lang='lat' dir='ltr'><strong>e</strong></span> <span class='ocrx_word' id='word_1_482' title='bbox 1076 658 1204 692; x_wconf 81' lang='lat' dir='ltr'><strong>gentibus</strong></span> <span class='ocrx_word' id='word_1_483' title='bbox 1229 658 1377 691; x_wconf 69' lang='lat' dir='ltr'><strong>Ecclesias,</strong></span> <span class='ocrx_word' id='word_1_484' title='bbox 1394 660 1440 694; x_wconf 86' lang='lat' dir='ltr'><strong>qui</strong></span> <span class='ocrx_word' id='word_1_485' title='bbox 1465 659 1554 693; x_wconf 89' lang='lat' dir='ltr'><strong>posito</strong></span> <span class='ocrx_word' id='word_1_486' title='bbox 1584 659 1669 686; x_wconf 88' lang='lat' dir='ltr'><strong>veteri</strong></span> <span class='ocrx_word' id='word_1_487' title='bbox 1687 659 1786 686; x_wconf 84' lang='lat' dir='ltr'><strong>exuvio</strong></span> <span class='ocrx_word' id='word_1_488' title='bbox 1801 659 1828 685; x_wconf 92' lang='lat' dir='ltr'><strong>itt</strong></span> 
     </span>
    </p>
   </div>
   <div class='ocr_carea' id='block_1_73' title="bbox 1039 703 1829 738">
    <p class='ocr_par' dir='ltr' id='par_1_73' title="bbox 1039 703 1829 738">
     <span class='ocr_line' id='line_1_73' title="bbox 1039 703 1829 738; baseline 0 -8"><span class='ocrx_word' id='word_1_489' title='bbox 1039 704 1101 730; x_wconf 75' lang='lat' dir='ltr'><strong>vita:</strong></span> <span class='ocrx_word' id='word_1_490' title='bbox 1116 704 1265 731; x_wconf 77' lang='lat' dir='ltr'><strong>novitatem</strong></span> <span class='ocrx_word' id='word_1_491' title='bbox 1280 706 1401 732; x_wconf 79' lang='lat' dir='ltr'><strong>renovati</strong></span> <span class='ocrx_word' id='word_1_492' title='bbox 1427 709 1501 737; x_wconf 81' lang='lat' dir='ltr'><strong>sunt,</strong></span> <span class='ocrx_word' id='word_1_493' title='bbox 1527 713 1589 732; x_wconf 90' lang='lat' dir='ltr'><strong>cttm</strong></span> <span class='ocrx_word' id='word_1_494' title='bbox 1610 704 1694 731; x_wconf 86' lang='lat' dir='ltr'><strong>Paulo</strong></span> <span class='ocrx_word' id='word_1_495' title='bbox 1722 703 1829 738; x_wconf 76' lang='lat' dir='ltr'><strong>signifi-</strong></span> 
     </span>
    </p>
   </div>
   <div class='ocr_carea' id='block_1_74' title="bbox 1039 749 1829 784">
    <p class='ocr_par' dir='ltr' id='par_1_74' title="bbox 1039 749 1829 784">
     <span class='ocr_line' id='line_1_74' title="bbox 1039 749 1829 784; baseline -0.003 -7"><span class='ocrx_word' id='word_1_496' title='bbox 1039 750 1130 782; x_wconf 88' lang='lat' dir='ltr'><strong>cavit;</strong></span> <span class='ocrx_word' id='word_1_497' title='bbox 1151 750 1192 776; x_wconf 89' lang='lat' dir='ltr'><strong>uti</strong></span> <span class='ocrx_word' id='word_1_498' title='bbox 1207 754 1324 776; x_wconf 82' lang='lat' dir='ltr'><strong>veterem</strong></span> <span class='ocrx_word' id='word_1_499' title='bbox 1345 750 1481 776; x_wconf 80' lang='lat' dir='ltr'><strong>hominem</strong></span> <span class='ocrx_word' id='word_1_500' title='bbox 1497 757 1599 784; x_wconf 84' lang='lat' dir='ltr'><strong>ponere</strong></span> <span class='ocrx_word' id='word_1_501' title='bbox 1623 749 1669 784; x_wconf 91' lang='lat' dir='ltr'><strong>qui</strong></span> <span class='ocrx_word' id='word_1_502' title='bbox 1684 757 1783 776; x_wconf 88' lang='lat' dir='ltr'><strong>novum</strong></span> <span class='ocrx_word' id='word_1_503' title='bbox 1795 749 1829 775; x_wconf 85' lang='lat' dir='ltr'><strong>ad</strong></span> 
     </span>
    </p>
   </div>
   <div class='ocr_carea' id='block_1_75' title="bbox 1040 793 1830 829">
    <p class='ocr_par' dir='ltr' id='par_1_75' title="bbox 1040 793 1830 829">
     <span class='ocr_line' id='line_1_75' title="bbox 1040 793 1830 829; baseline -0.005 -7"><span class='ocrx_word' id='word_1_504' title='bbox 1040 795 1179 822; x_wconf 80' lang='lat' dir='ltr'><strong>Creatoris</strong></span> <span class='ocrx_word' id='word_1_505' title='bbox 1202 795 1348 829; x_wconf 75' lang='lat' dir='ltr'><strong>imaginem</strong></span> <span class='ocrx_word' id='word_1_506' title='bbox 1377 795 1560 822; x_wconf 84' lang='lat' dir='ltr'><strong>instauratum</strong></span> <span class='ocrx_word' id='word_1_507' title='bbox 1581 795 1694 821; x_wconf 86' lang='lat' dir='ltr'><strong>induere</strong></span> <span class='ocrx_word' id='word_1_508' title='bbox 1717 794 1751 825; x_wconf 73' lang='grc'><strong>⁸⁸,</strong></span> <span class='ocrx_word' id='word_1_509' title='bbox 1781 793 1830 828; x_wconf 89' lang='lat' dir='ltr'><strong>qui</strong></span> 
     </span>
    </p>
   </div>
   <div class='ocr_carea' id='block_1_76' title="bbox 1040 839 1827 876">
    <p class='ocr_par' dir='ltr' id='par_1_76' title="bbox 1040 839 1827 876">
     <span class='ocr_line' id='line_1_76' title="bbox 1040 839 1827 876; baseline -0.004 -8"><span class='ocrx_word' id='word_1_510' title='bbox 1040 841 1158 876; x_wconf 87' lang='lat' dir='ltr'><strong>deniqtte</strong></span> <span class='ocrx_word' id='word_1_511' title='bbox 1183 841 1310 868; x_wconf 82' lang='lat' dir='ltr'><strong>renovari</strong></span> <span class='ocrx_word' id='word_1_512' title='bbox 1339 841 1643 872; x_wconf 85' lang='lat' dir='ltr'><strong>renovationementis,</strong></span> <span class='ocrx_word' id='word_1_513' title='bbox 1668 840 1783 874; x_wconf 86' lang='lat' dir='ltr'><strong>imperat</strong></span> <span class='ocrx_word' id='word_1_514' title='bbox 1794 839 1827 865; x_wconf 73' lang='lat'><strong>&quot;&quot;.</strong></span> 
     </span>
    </p>
   </div>
   <div class='ocr_carea' id='block_1_77' title="bbox 1040 886 1829 922">
    <p class='ocr_par' dir='ltr' id='par_1_77' title="bbox 1040 886 1829 922">
     <span class='ocr_line' id='line_1_77' title="bbox 1040 886 1829 922; baseline -0.005 -8"><span class='ocrx_word' id='word_1_515' title='bbox 1040 887 1094 922; x_wconf 84' lang='lat' dir='ltr'><strong>ipsi</strong></span> <span class='ocrx_word' id='word_1_516' title='bbox 1109 895 1174 921; x_wconf 80' lang='lat' dir='ltr'><strong>ergo</strong></span> <span class='ocrx_word' id='word_1_517' title='bbox 1189 895 1279 914; x_wconf 76' lang='lat' dir='ltr'><strong>sumus</strong></span> <span class='ocrx_word' id='word_1_518' title='bbox 1298 887 1427 918; x_wconf 80' lang='lat' dir='ltr'><strong>innovati,</strong></span> <span class='ocrx_word' id='word_1_519' title='bbox 1447 887 1470 913; x_wconf 90' lang='lat' dir='ltr'><strong>si</strong></span> <span class='ocrx_word' id='word_1_520' title='bbox 1486 893 1539 920; x_wconf 90' lang='lat' dir='ltr'><strong>qua</strong></span> <span class='ocrx_word' id='word_1_521' title='bbox 1567 886 1594 912; x_wconf 92' lang='lat' dir='ltr'><strong>itt</strong></span> <span class='ocrx_word' id='word_1_522' title='bbox 1620 886 1731 912; x_wconf 88' lang='lat' dir='ltr'><strong>Christo</strong></span> <span class='ocrx_word' id='word_1_523' title='bbox 1759 891 1829 911; x_wconf 80' lang='lat' dir='ltr'><strong>nova</strong></span> 
     </span>
    </p>
   </div>
   <div class='ocr_carea' id='block_1_78' title="bbox 1037 931 1828 965">
    <p class='ocr_par' dir='ltr' id='par_1_78' title="bbox 1037 931 1828 965">
     <span class='ocr_line' id='line_1_78' title="bbox 1037 931 1828 965; baseline -0.004 -6"><span class='ocrx_word' id='word_1_524' title='bbox 1037 937 1164 959; x_wconf 80' lang='lat' dir='ltr'><strong>creatura</strong></span> <span class='ocrx_word' id='word_1_525' title='bbox 1177 931 1210 959; x_wconf 64' lang='grc' dir='ltr'><strong>η.</strong></span> <span class='ocrx_word' id='word_1_526' title='bbox 1227 931 1355 959; x_wconf 85' lang='lat' dir='ltr'><strong>Nonnulli</strong></span> <span class='ocrx_word' id='word_1_527' title='bbox 1372 940 1386 958; x_wconf 90' lang='lat' dir='ltr'><strong>a</strong></span> <span class='ocrx_word' id='word_1_528' title='bbox 1403 932 1492 959; x_wconf 84' lang='lat' dir='ltr'><strong>verbis</strong></span> <span class='ocrx_word' id='word_1_529' title='bbox 1508 932 1579 963; x_wconf 84' lang='lat' dir='ltr'><strong>istis,</strong></span> <span class='ocrx_word' id='word_1_530' title='bbox 1596 939 1681 958; x_wconf 81' lang='lat' dir='ltr'><strong>nonne</strong></span> <span class='ocrx_word' id='word_1_531' title='bbox 1696 931 1741 965; x_wconf 90' lang='lat' dir='ltr'><strong>qui</strong></span> <span class='ocrx_word' id='word_1_532' title='bbox 1755 936 1828 963; x_wconf 84' lang='lat' dir='ltr'><strong>arat,</strong></span> 
     </span>
    </p>
   </div>
   <div class='ocr_carea' id='block_1_79' title="bbox 1037 975 1830 1011">
    <p class='ocr_par' dir='ltr' id='par_1_79' title="bbox 1037 975 1830 1011">
     <span class='ocr_line' id='line_1_79' title="bbox 1037 975 1830 1011; baseline -0.001 -7"><span class='ocrx_word' id='word_1_533' title='bbox 1037 977 1073 1004; x_wconf 90' lang='lat' dir='ltr'><strong>ita</strong></span> <span class='ocrx_word' id='word_1_534' title='bbox 1094 977 1244 1011; x_wconf 81' lang='lat' dir='ltr'><strong>explicant,</strong></span> <span class='ocrx_word' id='word_1_535' title='bbox 1270 980 1299 1003; x_wconf 91' lang='grc' dir='ltr'><strong>ιιι</strong></span> <span class='ocrx_word' id='word_1_536' title='bbox 1327 977 1509 1004; x_wconf 89' lang='lat' dir='ltr'><strong>similitudine</strong></span> <span class='ocrx_word' id='word_1_537' title='bbox 1524 976 1557 1003; x_wconf 86' lang='lat' dir='ltr'><strong>ad</strong></span> <span class='ocrx_word' id='word_1_538' title='bbox 1576 977 1690 1011; x_wconf 70' lang='lat' dir='ltr'><strong>justitiae</strong></span> <span class='ocrx_word' id='word_1_539' title='bbox 1721 975 1830 1003; x_wconf 79' lang='lat' dir='ltr'><strong>fructus</strong></span> 
     </span>
    </p>
   </div>
   <div class='ocr_carea' id='block_1_80' title="bbox 1037 1021 1828 1054">
    <p class='ocr_par' dir='ltr' id='par_1_80' title="bbox 1037 1021 1828 1054">
     <span class='ocr_line' id='line_1_80' title="bbox 1037 1021 1828 1054; baseline -0.004 -5"><span class='ocrx_word' id='word_1_540' title='bbox 1037 1023 1158 1049; x_wconf 85' lang='lat' dir='ltr'><strong>edendos</strong></span> <span class='ocrx_word' id='word_1_541' title='bbox 1173 1022 1313 1048; x_wconf 85' lang='lat' dir='ltr'><strong>adhortari</strong></span> <span class='ocrx_word' id='word_1_542' title='bbox 1336 1022 1431 1048; x_wconf 87' lang='lat' dir='ltr'><strong>velint.</strong></span> <span class='ocrx_word' id='word_1_543' title='bbox 1449 1021 1540 1048; x_wconf 83' lang='lat' dir='ltr'><strong>Vultis</strong></span> <span class='ocrx_word' id='word_1_544' title='bbox 1561 1022 1633 1049; x_wconf 90' lang='lat' dir='ltr'><strong>enittt</strong></span> <span class='ocrx_word' id='word_1_545' title='bbox 1654 1029 1707 1053; x_wconf 82' lang='lat' dir='ltr'><strong>nte,</strong></span> <span class='ocrx_word' id='word_1_546' title='bbox 1727 1021 1828 1054; x_wconf 86' lang='lat' dir='ltr'><strong>inquit,</strong></span> 
     </span>
    </p>
   </div>
   <div class='ocr_carea' id='block_1_81' title="bbox 1037 1066 1828 1099">
    <p class='ocr_par' dir='ltr' id='par_1_81' title="bbox 1037 1066 1828 1099">
     <span class='ocr_line' id='line_1_81' title="bbox 1037 1066 1828 1099; baseline -0.003 -5"><span class='ocrx_word' id='word_1_547' title='bbox 1037 1069 1143 1095; x_wconf 85' lang='lat' dir='ltr'><strong>animas</strong></span> <span class='ocrx_word' id='word_1_548' title='bbox 1178 1073 1286 1094; x_wconf 80' lang='lat' dir='ltr'><strong>vestras</strong></span> <span class='ocrx_word' id='word_1_549' title='bbox 1331 1075 1410 1093; x_wconf 84' lang='lat' dir='ltr'><strong>arare</strong></span> <span class='ocrx_word' id='word_1_550' title='bbox 1443 1071 1569 1099; x_wconf 84' lang='lat' dir='ltr'><strong>tantum;</strong></span> <span class='ocrx_word' id='word_1_551' title='bbox 1600 1066 1705 1093; x_wconf 81' lang='lat' dir='ltr'><strong>fructus</strong></span> <span class='ocrx_word' id='word_1_552' title='bbox 1736 1070 1828 1092; x_wconf 80' lang='lat' dir='ltr'><strong>autent</strong></span> 
     </span>
    </p>
   </div>
   <div class='ocr_carea' id='block_1_82' title="bbox 1038 1111 1830 1146">
    <p class='ocr_par' dir='ltr' id='par_1_82' title="bbox 1038 1111 1830 1146">
     <span class='ocr_line' id='line_1_82' title="bbox 1038 1111 1830 1146; baseline -0.003 -5"><span class='ocrx_word' id='word_1_553' title='bbox 1038 1115 1128 1142; x_wconf 88' lang='lat' dir='ltr'><strong>nullos</strong></span> <span class='ocrx_word' id='word_1_554' title='bbox 1150 1113 1241 1141; x_wconf 80' lang='lat' dir='ltr'><strong>edere.</strong></span> <span class='ocrx_word' id='word_1_555' title='bbox 1267 1112 1329 1141; x_wconf 85' lang='lat' dir='ltr'><strong>Illas</strong></span> <span class='ocrx_word' id='word_1_556' title='bbox 1354 1120 1463 1140; x_wconf 90' lang='lat' dir='ltr'><strong>rursum</strong></span> <span class='ocrx_word' id='word_1_557' title='bbox 1489 1111 1536 1140; x_wconf 88' lang='lat' dir='ltr'><strong>Dei</strong></span> <span class='ocrx_word' id='word_1_558' title='bbox 1552 1112 1681 1143; x_wconf 72' lang='lat' dir='ltr'><strong>consilio,</strong></span> <span class='ocrx_word' id='word_1_559' title='bbox 1707 1111 1777 1146; x_wconf 85' lang='lat' dir='ltr'><strong>quod</strong></span> <span class='ocrx_word' id='word_1_560' title='bbox 1795 1111 1830 1139; x_wconf 83' lang='lat' dir='ltr'><strong>de</strong></span> 
     </span>
    </p>
   </div>
   <div class='ocr_carea' id='block_1_83' title="bbox 1037 1159 1831 1195">
    <p class='ocr_par' dir='ltr' id='par_1_83' title="bbox 1037 1159 1831 1195">
     <span class='ocr_line' id='line_1_83' title="bbox 1037 1159 1831 1195; baseline -0.005 -7"><span class='ocrx_word' id='word_1_561' title='bbox 1037 1161 1170 1189; x_wconf 78' lang='lat' dir='ltr'><strong>Gentibus</strong></span> <span class='ocrx_word' id='word_1_562' title='bbox 1189 1161 1289 1192; x_wconf 87' lang='lat' dir='ltr'><strong>innuit,</strong></span> <span class='ocrx_word' id='word_1_563' title='bbox 1311 1161 1408 1188; x_wconf 86' lang='lat' dir='ltr'><strong>cedere</strong></span> <span class='ocrx_word' id='word_1_564' title='bbox 1428 1160 1576 1195; x_wconf 67' lang='lat' dir='ltr'><strong>pvmcepit;</strong></span> <span class='ocrx_word' id='word_1_565' title='bbox 1605 1159 1715 1194; x_wconf 87' lang='lat' dir='ltr'><strong>quando</strong></span> <span class='ocrx_word' id='word_1_566' title='bbox 1743 1166 1831 1193; x_wconf 84' lang='lat' dir='ltr'><strong>neque</strong></span> 
     </span>
    </p>
   </div>
   <div class='ocr_carea' id='block_1_84' title="bbox 1038 1206 1827 1242">
    <p class='ocr_par' dir='ltr' id='par_1_84' title="bbox 1038 1206 1827 1242">
     <span class='ocr_line' id='line_1_84' title="bbox 1038 1206 1827 1242; baseline -0.004 -9"><span class='ocrx_word' id='word_1_567' title='bbox 1038 1207 1123 1233; x_wconf 85' lang='lat' dir='ltr'><strong>lutum</strong></span> <span class='ocrx_word' id='word_1_568' title='bbox 1138 1207 1220 1242; x_wconf 83' lang='lat' dir='ltr'><strong>ﬁgulo</strong></span> <span class='ocrx_word' id='word_1_569' title='bbox 1236 1213 1387 1241; x_wconf 79' lang='lat' dir='ltr'><strong>repugnare</strong></span> <span class='ocrx_word' id='word_1_570' title='bbox 1408 1206 1511 1238; x_wconf 82' lang='lat' dir='ltr'><strong>soleat;</strong></span> <span class='ocrx_word' id='word_1_571' title='bbox 1529 1213 1618 1239; x_wconf 88' lang='lat' dir='ltr'><strong>neque</strong></span> <span class='ocrx_word' id='word_1_572' title='bbox 1641 1210 1755 1239; x_wconf 82' lang='lat' dir='ltr'><strong>patrem,</strong></span> <span class='ocrx_word' id='word_1_573' title='bbox 1782 1210 1827 1231; x_wconf 80' lang='lat' dir='ltr'><strong>aut</strong></span> 
     </span>
    </p>
   </div>
   <div class='ocr_carea' id='block_1_85' title="bbox 1038 1251 1828 1287">
    <p class='ocr_par' dir='ltr' id='par_1_85' title="bbox 1038 1251 1828 1287">
     <span class='ocr_line' id='line_1_85' title="bbox 1038 1251 1828 1287; baseline -0.005 -7"><span class='ocrx_word' id='word_1_574' title='bbox 1038 1260 1148 1280; x_wconf 76' lang='lat' dir='ltr'><strong>matrem</strong></span> <span class='ocrx_word' id='word_1_575' title='bbox 1178 1254 1212 1280; x_wconf 87' lang='lat' dir='ltr'><strong>ad</strong></span> <span class='ocrx_word' id='word_1_576' title='bbox 1239 1261 1338 1280; x_wconf 83' lang='lat' dir='ltr'><strong>novatn</strong></span> <span class='ocrx_word' id='word_1_577' title='bbox 1365 1253 1483 1280; x_wconf 88' lang='lat' dir='ltr'><strong>liliorunt</strong></span> <span class='ocrx_word' id='word_1_578' title='bbox 1511 1252 1729 1287; x_wconf 75' lang='lat' dir='ltr'><strong>prOct-eationent</strong></span> <span class='ocrx_word' id='word_1_579' title='bbox 1751 1251 1828 1278; x_wconf 81' lang='lat' dir='ltr'><strong>festi-</strong></span> 
     </span>
    </p>
   </div>
   <div class='ocr_carea' id='block_1_86' title="bbox 1038 1297 1831 1333">
    <p class='ocr_par' dir='ltr' id='par_1_86' title="bbox 1038 1297 1831 1333">
     <span class='ocr_line' id='line_1_86' title="bbox 1038 1297 1831 1333; baseline -0.005 -7"><span class='ocrx_word' id='word_1_580' title='bbox 1038 1305 1136 1327; x_wconf 88' lang='lat' dir='ltr'><strong>nantes</strong></span> <span class='ocrx_word' id='word_1_581' title='bbox 1159 1299 1303 1333; x_wconf 83' lang='lat' dir='ltr'><strong>impedire,</strong></span> <span class='ocrx_word' id='word_1_582' title='bbox 1327 1306 1444 1333; x_wconf 86' lang='lat' dir='ltr'><strong>eamque</strong></span> <span class='ocrx_word' id='word_1_583' title='bbox 1469 1305 1525 1324; x_wconf 87' lang='lat' dir='ltr'><strong>rem</strong></span> <span class='ocrx_word' id='word_1_584' title='bbox 1549 1297 1604 1324; x_wconf 85' lang='lat' dir='ltr'><strong>illis</strong></span> <span class='ocrx_word' id='word_1_585' title='bbox 1634 1297 1701 1323; x_wconf 88' lang='lat' dir='ltr'><strong>vitio</strong></span> <span class='ocrx_word' id='word_1_586' title='bbox 1723 1300 1831 1323; x_wconf 83' lang='lat' dir='ltr'><strong>vertere</strong></span> 
     </span>
    </p>
   </div>
   <div class='ocr_carea' id='block_1_87' title="bbox 1039 1342 1833 1377">
    <p class='ocr_par' dir='ltr' id='par_1_87' title="bbox 1039 1342 1833 1377">
     <span class='ocr_line' id='line_1_87' title="bbox 1039 1342 1833 1377; baseline -0.006 -5"><span class='ocrx_word' id='word_1_587' title='bbox 1039 1346 1121 1372; x_wconf 90' lang='lat' dir='ltr'><strong>lilius.</strong></span> <span class='ocrx_word' id='word_1_588' title='bbox 1151 1345 1228 1377; x_wconf 86' lang='lat' dir='ltr'><strong>Quod</strong></span> <span class='ocrx_word' id='word_1_589' title='bbox 1254 1349 1345 1372; x_wconf 88' lang='lat' dir='ltr'><strong>autem</strong></span> <span class='ocrx_word' id='word_1_590' title='bbox 1364 1349 1475 1371; x_wconf 74' lang='lat' dir='ltr'><strong>ventura</strong></span> <span class='ocrx_word' id='word_1_591' title='bbox 1501 1343 1599 1371; x_wconf 82' lang='lat' dir='ltr'><strong>fecisse</strong></span> <span class='ocrx_word' id='word_1_592' title='bbox 1618 1343 1696 1374; x_wconf 78' lang='lat' dir='ltr'><strong>dixit,</strong></span> <span class='ocrx_word' id='word_1_593' title='bbox 1713 1342 1746 1369; x_wconf 85' lang='lat' dir='ltr'><strong>ad</strong></span> <span class='ocrx_word' id='word_1_594' title='bbox 1763 1349 1833 1376; x_wconf 70' lang='lat' dir='ltr'><strong>prte—</strong></span> 
     </span>
    </p>
   </div>
   <div class='ocr_carea' id='block_1_88' title="bbox 1038 1387 1831 1425">
    <p class='ocr_par' dir='ltr' id='par_1_88' title="bbox 1038 1387 1831 1425">
     <span class='ocr_line' id='line_1_88' title="bbox 1038 1387 1831 1425; baseline -0.005 -7"><span class='ocrx_word' id='word_1_595' title='bbox 1038 1392 1183 1418; x_wconf 83' lang='lat' dir='ltr'><strong>scientiam</strong></span> <span class='ocrx_word' id='word_1_596' title='bbox 1211 1391 1318 1422; x_wconf 86' lang='lat' dir='ltr'><strong>retulit,</strong></span> <span class='ocrx_word' id='word_1_597' title='bbox 1341 1394 1369 1417; x_wconf 92' lang='lat' dir='ltr'><strong>ut</strong></span> <span class='ocrx_word' id='word_1_598' title='bbox 1388 1390 1493 1425; x_wconf 88' lang='lat' dir='ltr'><strong>pudore</strong></span> <span class='ocrx_word' id='word_1_599' title='bbox 1514 1390 1633 1417; x_wconf 83' lang='lat' dir='ltr'><strong>excitato</strong></span> <span class='ocrx_word' id='word_1_600' title='bbox 1662 1388 1773 1415; x_wconf 89' lang='lat' dir='ltr'><strong>eosdent</strong></span> <span class='ocrx_word' id='word_1_601' title='bbox 1797 1387 1831 1414; x_wconf 86' lang='lat' dir='ltr'><strong>ad</strong></span> 
     </span>
    </p>
   </div>
   <div class='ocr_carea' id='block_1_89' title="bbox 1039 1434 1831 1471">
    <p class='ocr_par' dir='ltr' id='par_1_89' title="bbox 1039 1434 1831 1471">
     <span class='ocr_line' id='line_1_89' title="bbox 1039 1434 1831 1471; baseline -0.008 -7"><span class='ocrx_word' id='word_1_602' title='bbox 1039 1446 1095 1465; x_wconf 72' lang='lat' dir='ltr'><strong>sua:</strong></span> <span class='ocrx_word' id='word_1_603' title='bbox 1109 1438 1221 1464; x_wconf 83' lang='lat' dir='ltr'><strong>virtutis</strong></span> <span class='ocrx_word' id='word_1_604' title='bbox 1235 1437 1494 1471; x_wconf 84' lang='lat' dir='ltr'><strong>contemplationem</strong></span> <span class='ocrx_word' id='word_1_605' title='bbox 1510 1438 1652 1470; x_wconf 60' lang='lat' dir='ltr'><strong>provocet.</strong></span> <span class='ocrx_word' id='word_1_606' title='bbox 1664 1434 1730 1461; x_wconf 84' lang='lat' dir='ltr'><strong>Esto</strong></span> <span class='ocrx_word' id='word_1_607' title='bbox 1746 1434 1831 1465; x_wconf 83' lang='lat' dir='ltr'><strong>enim,</strong></span> 
     </span>
    </p>
   </div>
   <div class='ocr_carea' id='block_1_90' title="bbox 1039 1479 1831 1519">
    <p class='ocr_par' dir='ltr' id='par_1_90' title="bbox 1039 1479 1831 1519">
     <span class='ocr_line' id='line_1_90' title="bbox 1039 1479 1831 1519; baseline -0.006 -9"><span class='ocrx_word' id='word_1_608' title='bbox 1039 1483 1148 1518; x_wconf 84' lang='lat' dir='ltr'><strong>inquit,</strong></span> <span class='ocrx_word' id='word_1_609' title='bbox 1173 1483 1244 1518; x_wconf 85' lang='lat' dir='ltr'><strong>ejus,</strong></span> <span class='ocrx_word' id='word_1_610' title='bbox 1264 1483 1309 1519; x_wconf 89' lang='lat' dir='ltr'><strong>qui</strong></span> <span class='ocrx_word' id='word_1_611' title='bbox 1329 1491 1377 1510; x_wconf 86' lang='lat' dir='ltr'><strong>vos</strong></span> <span class='ocrx_word' id='word_1_612' title='bbox 1396 1482 1471 1517; x_wconf 81' lang='lat' dir='ltr'><strong>fecit,</strong></span> <span class='ocrx_word' id='word_1_613' title='bbox 1487 1486 1514 1509; x_wconf 86' lang='lat' dir='ltr'><strong>et</strong></span> <span class='ocrx_word' id='word_1_614' title='bbox 1537 1481 1676 1516; x_wconf 77' lang='lat' dir='ltr'><strong>formavit,</strong></span> <span class='ocrx_word' id='word_1_615' title='bbox 1694 1479 1831 1514; x_wconf 73' lang='lat' dir='ltr'><strong>cognitio—</strong></span> 
     </span>
    </p>
   </div>
   <div class='ocr_carea' id='block_1_91' title="bbox 1001 1524 1831 1566">
    <p class='ocr_par' dir='ltr' id='par_1_91' title="bbox 1001 1524 1831 1566">
     <span class='ocr_line' id='line_1_91' title="bbox 1001 1524 1831 1566; baseline -0.007 -10"><span class='ocrx_word' id='word_1_616' title='bbox 1001 1538 1022 1566; x_wconf 70' lang='grc' dir='ltr'>α</span> <span class='ocrx_word' id='word_1_617' title='bbox 1040 1537 1100 1556; x_wconf 82' lang='lat' dir='ltr'><strong>nem</strong></span> <span class='ocrx_word' id='word_1_618' title='bbox 1129 1537 1182 1556; x_wconf 90' lang='lat' dir='ltr'><strong>non</strong></span> <span class='ocrx_word' id='word_1_619' title='bbox 1204 1529 1273 1556; x_wconf 86' lang='lat' dir='ltr'><strong>estis</strong></span> <span class='ocrx_word' id='word_1_620' title='bbox 1290 1528 1422 1560; x_wconf 84' lang='lat' dir='ltr'><strong>assecuti,</strong></span> <span class='ocrx_word' id='word_1_621' title='bbox 1449 1535 1540 1554; x_wconf 86' lang='lat' dir='ltr'><strong>annon</strong></span> <span class='ocrx_word' id='word_1_622' title='bbox 1563 1531 1590 1553; x_wconf 86' lang='lat' dir='ltr'><strong>et</strong></span> <span class='ocrx_word' id='word_1_623' title='bbox 1614 1526 1640 1553; x_wconf 83' lang='lat' dir='ltr'><strong>ei</strong></span> <span class='ocrx_word' id='word_1_624' title='bbox 1671 1526 1766 1557; x_wconf 84' lang='lat' dir='ltr'><strong>etiam,</strong></span> <span class='ocrx_word' id='word_1_625' title='bbox 1783 1524 1831 1559; x_wconf 84' lang='lat' dir='ltr'><strong>qui</strong></span> 
     </span>
    </p>
   </div>
   <div class='ocr_carea' id='block_1_92' title="bbox 1035 1570 1831 1608">
    <p class='ocr_par' dir='ltr' id='par_1_92' title="bbox 1035 1570 1831 1608">
     <span class='ocr_line' id='line_1_92' title="bbox 1035 1570 1831 1608; baseline -0.008 -7"><span class='ocrx_word' id='word_1_626' title='bbox 1035 1575 1126 1602; x_wconf 77' lang='lat' dir='ltr'><strong>futura</strong></span> <span class='ocrx_word' id='word_1_627' title='bbox 1152 1574 1297 1608; x_wconf 65' lang='lat' dir='ltr'><strong>praedicit,</strong></span> <span class='ocrx_word' id='word_1_628' title='bbox 1327 1573 1407 1601; x_wconf 80' lang='lat' dir='ltr'><strong>ﬁdem</strong></span> <span class='ocrx_word' id='word_1_629' title='bbox 1433 1572 1633 1607; x_wconf 76' lang='lat' dir='ltr'><strong>denegabitis?</strong></span> <span class='ocrx_word' id='word_1_630' title='bbox 1662 1570 1831 1605; x_wconf 75' lang='lat' dir='ltr'><strong>Singillatim</strong></span> 
     </span>
    </p>
   </div>
   <div class='ocr_carea' id='block_1_93' title="bbox 1005 1615 1829 1652">
    <p class='ocr_par' dir='ltr' id='par_1_93' title="bbox 1005 1615 1829 1652">
     <span class='ocr_line' id='line_1_93' title="bbox 1005 1615 1829 1652; baseline -0.008 -4"><span class='ocrx_word' id='word_1_631' title='bbox 1005 1628 1099 1648; x_wconf 87' lang='lat' dir='ltr'><strong>eorunt</strong></span> <span class='ocrx_word' id='word_1_632' title='bbox 1114 1620 1259 1647; x_wconf 79' lang='lat' dir='ltr'><strong>confertim</strong></span> <span class='ocrx_word' id='word_1_633' title='bbox 1275 1623 1332 1646; x_wconf 90' lang='lat' dir='ltr'><strong>tota</strong></span> <span class='ocrx_word' id='word_1_634' title='bbox 1351 1619 1416 1646; x_wconf 89' lang='lat' dir='ltr'><strong>tnilti</strong></span> <span class='ocrx_word' id='word_1_635' title='bbox 1431 1619 1457 1645; x_wconf 94' lang='lat' dir='ltr'><strong>in</strong></span> <span class='ocrx_word' id='word_1_636' title='bbox 1471 1620 1598 1652; x_wconf 84' lang='lat' dir='ltr'><strong>prumptu</strong></span> <span class='ocrx_word' id='word_1_637' title='bbox 1620 1621 1663 1643; x_wconf 90' lang='lat' dir='ltr'><strong>est</strong></span> <span class='ocrx_word' id='word_1_638' title='bbox 1699 1615 1829 1650; x_wconf 79' lang='lat' dir='ltr'><strong>cognitio.</strong></span> 
     </span>
    </p>
   </div>
   <div class='ocr_carea' id='block_1_94' title="bbox 1005 1662 1721 1700">
    <p class='ocr_par' dir='ltr' id='par_1_94' title="bbox 1005 1662 1721 1700">
     <span class='ocr_line' id='line_1_94' title="bbox 1005 1662 1721 1700; baseline -0.008 -7"><span class='ocrx_word' id='word_1_639' title='bbox 1005 1674 1038 1693; x_wconf 86' lang='lat' dir='ltr'><strong>tte</strong></span> <span class='ocrx_word' id='word_1_640' title='bbox 1057 1673 1171 1700; x_wconf 74' lang='lat' dir='ltr'><strong>precare</strong></span> <span class='ocrx_word' id='word_1_641' title='bbox 1188 1665 1310 1700; x_wconf 87' lang='lat' dir='ltr'><strong>quidem,</strong></span> <span class='ocrx_word' id='word_1_642' title='bbox 1325 1664 1399 1700; x_wconf 87' lang='lat' dir='ltr'><strong>quod</strong></span> <span class='ocrx_word' id='word_1_643' title='bbox 1434 1672 1477 1691; x_wconf 78' lang='lat' dir='ltr'><strong>me</strong></span> <span class='ocrx_word' id='word_1_644' title='bbox 1506 1664 1600 1694; x_wconf 79' lang='lat' dir='ltr'><strong>lateat,</strong></span> <span class='ocrx_word' id='word_1_645' title='bbox 1615 1662 1721 1688; x_wconf 81' lang='lat' dir='ltr'><strong>valetis.</strong></span> 
     </span>
    </p>
   </div>
   <div class='ocr_carea' id='block_1_95' title="bbox 1074 1708 1829 1741">
    <p class='ocr_par' dir='ltr' id='par_1_95' title="bbox 1074 1708 1829 1741">
     <span class='ocr_line' id='line_1_95' title="bbox 1074 1708 1829 1741; baseline -0.005 -5"><span class='ocrx_word' id='word_1_646' title='bbox 1074 1708 1125 1737; x_wconf 89' lang='lat' dir='ltr'><strong>Ubi</strong></span> <span class='ocrx_word' id='word_1_647' title='bbox 1144 1714 1236 1737; x_wconf 86' lang='lat' dir='ltr'><strong>autem</strong></span> <span class='ocrx_word' id='word_1_648' title='bbox 1254 1710 1386 1737; x_wconf 87' lang='lat' dir='ltr'><strong>meliores</strong></span> <span class='ocrx_word' id='word_1_649' title='bbox 1403 1708 1567 1741; x_wconf 76' lang='lat' dir='ltr'><strong>evaseritis;</strong></span> <span class='ocrx_word' id='word_1_650' title='bbox 1587 1715 1649 1741; x_wconf 66' lang='lat' dir='ltr'><strong>qua:</strong></span> <span class='ocrx_word' id='word_1_651' title='bbox 1662 1710 1751 1734; x_wconf 85' lang='lat' dir='ltr'><strong>vestra</strong></span> <span class='ocrx_word' id='word_1_652' title='bbox 1767 1709 1829 1733; x_wconf 82' lang='lat' dir='ltr'><strong>sunt</strong></span> 
     </span>
    </p>
   </div>
   <div class='ocr_carea' id='block_1_96' title="bbox 1037 1752 1831 1791">
    <p class='ocr_par' dir='ltr' id='par_1_96' title="bbox 1037 1752 1831 1791">
     <span class='ocr_line' id='line_1_96' title="bbox 1037 1752 1831 1791; baseline -0.008 -8"><span class='ocrx_word' id='word_1_653' title='bbox 1037 1756 1104 1783; x_wconf 88' lang='lat' dir='ltr'><strong>mihi</strong></span> <span class='ocrx_word' id='word_1_654' title='bbox 1135 1756 1297 1791; x_wconf 85' lang='lat' dir='ltr'><strong>permittite.</strong></span> <span class='ocrx_word' id='word_1_655' title='bbox 1325 1755 1386 1782; x_wconf 89' lang='lat' dir='ltr'><strong>Non</strong></span> <span class='ocrx_word' id='word_1_656' title='bbox 1409 1755 1482 1782; x_wconf 89' lang='lat' dir='ltr'><strong>enim</strong></span> <span class='ocrx_word' id='word_1_657' title='bbox 1506 1758 1595 1781; x_wconf 85' lang='lat' dir='ltr'><strong>vestra</strong></span> <span class='ocrx_word' id='word_1_658' title='bbox 1621 1754 1680 1788; x_wconf 87' lang='lat' dir='ltr'><strong>ipse</strong></span> <span class='ocrx_word' id='word_1_659' title='bbox 1703 1752 1831 1778; x_wconf 77' lang='lat' dir='ltr'><strong>admoni-</strong></span> 
     </span>
    </p>
   </div>
   <div class='ocr_carea' id='block_1_97' title="bbox 1037 1799 1831 1837">
    <p class='ocr_par' dir='ltr' id='par_1_97' title="bbox 1037 1799 1831 1837">
     <span class='ocr_line' id='line_1_97' title="bbox 1037 1799 1831 1837; baseline -0.004 -9"><span class='ocrx_word' id='word_1_660' title='bbox 1037 1803 1112 1830; x_wconf 87' lang='lat' dir='ltr'><strong>tione</strong></span> <span class='ocrx_word' id='word_1_661' title='bbox 1140 1810 1210 1837; x_wconf 86' lang='lat' dir='ltr'><strong>opus</strong></span> <span class='ocrx_word' id='word_1_662' title='bbox 1241 1803 1328 1830; x_wconf 83' lang='lat' dir='ltr'><strong>habeo</strong></span> <span class='ocrx_word' id='word_1_663' title='bbox 1352 1807 1382 1830; x_wconf 89' lang='lat' dir='ltr'><strong>ut</strong></span> <span class='ocrx_word' id='word_1_664' title='bbox 1404 1805 1537 1834; x_wconf 87' lang='lat' dir='ltr'><strong>vestrum,</strong></span> <span class='ocrx_word' id='word_1_665' title='bbox 1556 1809 1627 1836; x_wconf 85' lang='lat' dir='ltr'><strong>quos</strong></span> <span class='ocrx_word' id='word_1_666' title='bbox 1642 1801 1701 1834; x_wconf 81' lang='lat' dir='ltr'><strong>ipse</strong></span> <span class='ocrx_word' id='word_1_667' title='bbox 1718 1799 1782 1831; x_wconf 78' lang='lat' dir='ltr'><strong>feci,</strong></span> <span class='ocrx_word' id='word_1_668' title='bbox 1803 1799 1831 1825; x_wconf 91' lang='lat' dir='ltr'><strong>in</strong></span> 
     </span>
    </p>
   </div>
   <div class='ocr_carea' id='block_1_98' title="bbox 1036 1846 1824 1883">
    <p class='ocr_par' dir='ltr' id='par_1_98' title="bbox 1036 1846 1824 1883">
     <span class='ocr_line' id='line_1_98' title="bbox 1036 1846 1824 1883; baseline -0.005 -9"><span class='ocrx_word' id='word_1_669' title='bbox 1036 1848 1160 1883; x_wconf 80' lang='lat' dir='ltr'><strong>ﬁliosque</strong></span> <span class='ocrx_word' id='word_1_670' title='bbox 1183 1852 1208 1874; x_wconf 84' lang='lat' dir='ltr'><strong>et</strong></span> <span class='ocrx_word' id='word_1_671' title='bbox 1225 1848 1297 1882; x_wconf 82' lang='lat' dir='ltr'><strong>ﬁlias</strong></span> <span class='ocrx_word' id='word_1_672' title='bbox 1316 1846 1455 1882; x_wconf 76' lang='lat' dir='ltr'><strong>adoptavi,</strong></span> <span class='ocrx_word' id='word_1_673' title='bbox 1473 1846 1620 1878; x_wconf 86' lang='lat' dir='ltr'><strong>recorder,</strong></span> <span class='ocrx_word' id='word_1_674' title='bbox 1639 1851 1755 1880; x_wconf 76' lang='lat' dir='ltr'><strong>meaque</strong></span> <span class='ocrx_word' id='word_1_675' title='bbox 1774 1851 1824 1879; x_wconf 87' lang='lat' dir='ltr'><strong>pro</strong></span> 
     </span>
    </p>
   </div>
   <div class='ocr_carea' id='block_1_99' title="bbox 1036 1891 1830 1928">
    <p class='ocr_par' dir='ltr' id='par_1_99' title="bbox 1036 1891 1830 1928">
     <span class='ocr_line' id='line_1_99' title="bbox 1036 1891 1830 1928; baseline -0.006 -7"><span class='ocrx_word' id='word_1_676' title='bbox 1036 1895 1158 1921; x_wconf 84' lang='lat' dir='ltr'><strong>videntia</strong></span> <span class='ocrx_word' id='word_1_677' title='bbox 1170 1894 1268 1928; x_wconf 77' lang='lat' dir='ltr'><strong>dignos</strong></span> <span class='ocrx_word' id='word_1_678' title='bbox 1284 1893 1419 1926; x_wconf 81' lang='lat' dir='ltr'><strong>habeam;</strong></span> <span class='ocrx_word' id='word_1_679' title='bbox 1440 1892 1484 1927; x_wconf 86' lang='lat' dir='ltr'><strong>qui</strong></span> <span class='ocrx_word' id='word_1_680' title='bbox 1503 1892 1596 1918; x_wconf 73' lang='lat' dir='ltr'><strong>coelum</strong></span> <span class='ocrx_word' id='word_1_681' title='bbox 1615 1896 1643 1918; x_wconf 89' lang='lat' dir='ltr'><strong>et</strong></span> <span class='ocrx_word' id='word_1_682' title='bbox 1659 1891 1764 1922; x_wconf 85' lang='lat' dir='ltr'><strong>stellas,</strong></span> <span class='ocrx_word' id='word_1_683' title='bbox 1778 1898 1830 1916; x_wconf 82' lang='lat' dir='ltr'><strong>an-</strong></span> 
     </span>
    </p>
   </div>
   <div class='ocr_carea' id='block_1_100' title="bbox 1037 1937 1831 1975">
    <p class='ocr_par' dir='ltr' id='par_1_100' title="bbox 1037 1937 1831 1975">
     <span class='ocr_line' id='line_1_100' title="bbox 1037 1937 1831 1975; baseline -0.005 -9"><span class='ocrx_word' id='word_1_684' title='bbox 1037 1941 1112 1975; x_wconf 80' lang='lat' dir='ltr'><strong>gelos</strong></span> <span class='ocrx_word' id='word_1_685' title='bbox 1131 1939 1158 1966; x_wconf 93' lang='lat' dir='ltr'><strong>in</strong></span> <span class='ocrx_word' id='word_1_686' title='bbox 1175 1939 1385 1966; x_wconf 84' lang='lat' dir='ltr'><strong>admirationem</strong></span> <span class='ocrx_word' id='word_1_687' title='bbox 1398 1938 1547 1972; x_wconf 76' lang='lat' dir='ltr'><strong>rapientes,</strong></span> <span class='ocrx_word' id='word_1_688' title='bbox 1565 1942 1715 1971; x_wconf 84' lang='lat' dir='ltr'><strong>terramque</strong></span> <span class='ocrx_word' id='word_1_689' title='bbox 1730 1937 1831 1970; x_wconf 74' lang='lat' dir='ltr'><strong>ipsam,</strong></span> 
     </span>
    </p>
   </div>
   <div class='ocr_carea' id='block_1_101' title="bbox 1037 1981 1831 2015">
    <p class='ocr_par' dir='ltr' id='par_1_101' title="bbox 1037 1981 1831 2015">
     <span class='ocr_line' id='line_1_101' title="bbox 1037 1981 1831 2015; baseline -0.005 -4"><span class='ocrx_word' id='word_1_690' title='bbox 1037 1993 1091 2012; x_wconf 85' lang='lat' dir='ltr'><strong>nun</strong></span> <span class='ocrx_word' id='word_1_691' title='bbox 1111 1984 1139 2011; x_wconf 90' lang='lat' dir='ltr'><strong>in</strong></span> <span class='ocrx_word' id='word_1_692' title='bbox 1164 1991 1265 2015; x_wconf 83' lang='lat' dir='ltr'><strong>meant,</strong></span> <span class='ocrx_word' id='word_1_693' title='bbox 1292 1983 1339 2011; x_wconf 84' lang='lat' dir='ltr'><strong>sed</strong></span> <span class='ocrx_word' id='word_1_694' title='bbox 1364 1983 1390 2010; x_wconf 87' lang='lat' dir='ltr'><strong>in</strong></span> <span class='ocrx_word' id='word_1_695' title='bbox 1413 1987 1531 2010; x_wconf 85' lang='lat' dir='ltr'><strong>vestram</strong></span> <span class='ocrx_word' id='word_1_696' title='bbox 1550 1982 1695 2008; x_wconf 70' lang='lat' dir='ltr'><strong>utilitatem</strong></span> <span class='ocrx_word' id='word_1_697' title='bbox 1709 1981 1831 2008; x_wconf 86' lang='lat' dir='ltr'><strong>condidi.</strong></span> 
     </span>
    </p>
   </div>
   <div class='ocr_carea' id='block_1_102' title="bbox 1037 2029 1830 2064">
    <p class='ocr_par' dir='ltr' id='par_1_102' title="bbox 1037 2029 1830 2064">
     <span class='ocr_line' id='line_1_102' title="bbox 1037 2029 1830 2064; baseline -0.005 -7"><span class='ocrx_word' id='word_1_698' title='bbox 1037 2031 1103 2064; x_wconf 77' lang='lat' dir='ltr'><strong>Quae</strong></span> <span class='ocrx_word' id='word_1_699' title='bbox 1113 2031 1204 2058; x_wconf 84' lang='lat' dir='ltr'><strong>omnia</strong></span> <span class='ocrx_word' id='word_1_700' title='bbox 1213 2038 1276 2058; x_wconf 90' lang='lat' dir='ltr'><strong>cutn</strong></span> <span class='ocrx_word' id='word_1_701' title='bbox 1288 2030 1321 2057; x_wconf 83' lang='lat' dir='ltr'><strong>ad</strong></span> <span class='ocrx_word' id='word_1_702' title='bbox 1332 2037 1421 2056; x_wconf 84' lang='lat' dir='ltr'><strong>meum</strong></span> <span class='ocrx_word' id='word_1_703' title='bbox 1436 2030 1518 2056; x_wconf 87' lang='lat' dir='ltr'><strong>unius</strong></span> <span class='ocrx_word' id='word_1_704' title='bbox 1527 2029 1671 2055; x_wconf 86' lang='lat' dir='ltr'><strong>arbitrium</strong></span> <span class='ocrx_word' id='word_1_705' title='bbox 1686 2032 1830 2061; x_wconf 81' lang='lat' dir='ltr'><strong>regantur,</strong></span> 
     </span>
    </p>
   </div>
   <div class='ocr_carea' id='block_1_103' title="bbox 1037 2073 1832 2111">
    <p class='ocr_par' dir='ltr' id='par_1_103' title="bbox 1037 2073 1832 2111">
     <span class='ocr_line' id='line_1_103' title="bbox 1037 2073 1832 2111; baseline -0.006 -8"><span class='ocrx_word' id='word_1_706' title='bbox 1037 2084 1091 2104; x_wconf 91' lang='lat' dir='ltr'><strong>non</strong></span> <span class='ocrx_word' id='word_1_707' title='bbox 1108 2080 1225 2111; x_wconf 87' lang='lat' dir='ltr'><strong>possunt</strong></span> <span class='ocrx_word' id='word_1_708' title='bbox 1239 2083 1300 2111; x_wconf 68' lang='lat' dir='ltr'><strong>quae</strong></span> <span class='ocrx_word' id='word_1_709' title='bbox 1318 2076 1344 2101; x_wconf 92' lang='lat' dir='ltr'><strong>in</strong></span> <span class='ocrx_word' id='word_1_710' title='bbox 1361 2079 1435 2102; x_wconf 86' lang='lat' dir='ltr'><strong>terra</strong></span> <span class='ocrx_word' id='word_1_711' title='bbox 1450 2078 1524 2106; x_wconf 82' lang='lat' dir='ltr'><strong>sunt,</strong></span> <span class='ocrx_word' id='word_1_712' title='bbox 1540 2081 1554 2100; x_wconf 89' lang='lat' dir='ltr'><strong>a</strong></span> <span class='ocrx_word' id='word_1_713' title='bbox 1579 2081 1622 2100; x_wconf 83' lang='lat' dir='ltr'><strong>tne</strong></span> <span class='ocrx_word' id='word_1_714' title='bbox 1635 2080 1689 2099; x_wconf 94' lang='lat' dir='ltr'><strong>non</strong></span> <span class='ocrx_word' id='word_1_715' title='bbox 1716 2073 1832 2099; x_wconf 87' lang='lat' dir='ltr'><strong>admini-</strong></span> 
     </span>
    </p>
   </div>
   <div class='ocr_carea' id='block_1_104' title="bbox 1037 2121 1832 2157">
    <p class='ocr_par' dir='ltr' id='par_1_104' title="bbox 1037 2121 1832 2157">
     <span class='ocr_line' id='line_1_104' title="bbox 1037 2121 1832 2157; baseline -0.008 -6"><span class='ocrx_word' id='word_1_716' title='bbox 1037 2123 1130 2151; x_wconf 86' lang='lat' dir='ltr'><strong>strari.</strong></span> <span class='ocrx_word' id='word_1_717' title='bbox 1148 2123 1241 2157; x_wconf 81' lang='lat' dir='ltr'><strong>itaque</strong></span> <span class='ocrx_word' id='word_1_718' title='bbox 1256 2126 1282 2149; x_wconf 87' lang='lat' dir='ltr'><strong>et</strong></span> <span class='ocrx_word' id='word_1_719' title='bbox 1293 2122 1376 2157; x_wconf 79' lang='lat' dir='ltr'><strong>Cyrus</strong></span> <span class='ocrx_word' id='word_1_720' title='bbox 1394 2122 1453 2157; x_wconf 85' lang='lat' dir='ltr'><strong>ipse</strong></span> <span class='ocrx_word' id='word_1_721' title='bbox 1469 2129 1522 2148; x_wconf 91' lang='lat' dir='ltr'><strong>non</strong></span> <span class='ocrx_word' id='word_1_722' title='bbox 1536 2121 1570 2148; x_wconf 85' lang='lat' dir='ltr'><strong>ab</strong></span> <span class='ocrx_word' id='word_1_723' title='bbox 1586 2121 1649 2153; x_wconf 89' lang='lat' dir='ltr'><strong>alio,</strong></span> <span class='ocrx_word' id='word_1_724' title='bbox 1661 2128 1743 2154; x_wconf 83' lang='lat' dir='ltr'><strong>quant</strong></span> <span class='ocrx_word' id='word_1_725' title='bbox 1761 2127 1775 2146; x_wconf 81' lang='grc' dir='ltr'><strong>ιι</strong></span> <span class='ocrx_word' id='word_1_726' title='bbox 1789 2127 1832 2146; x_wconf 85' lang='lat' dir='ltr'><strong>tne</strong></span> 
     </span>
    </p>
   </div>
   <div class='ocr_carea' id='block_1_105' title="bbox 1037 2167 1832 2200">
    <p class='ocr_par' dir='ltr' id='par_1_105' title="bbox 1037 2167 1832 2200">
     <span class='ocr_line' id='line_1_105' title="bbox 1037 2167 1832 2200; baseline -0.004 -6"><span class='ocrx_word' id='word_1_727' title='bbox 1037 2169 1177 2200; x_wconf 84' lang='lat' dir='ltr'><strong>incitatus,</strong></span> <span class='ocrx_word' id='word_1_728' title='bbox 1193 2176 1255 2194; x_wconf 86' lang='lat' dir='ltr'><strong>cum</strong></span> <span class='ocrx_word' id='word_1_729' title='bbox 1284 2176 1378 2194; x_wconf 76' lang='lat' dir='ltr'><strong>verum</strong></span> <span class='ocrx_word' id='word_1_730' title='bbox 1393 2167 1440 2194; x_wconf 88' lang='lat' dir='ltr'><strong>Dei</strong></span> <span class='ocrx_word' id='word_1_731' title='bbox 1457 2167 1560 2194; x_wconf 85' lang='lat' dir='ltr'><strong>cultum</strong></span> <span class='ocrx_word' id='word_1_732' title='bbox 1585 2175 1639 2194; x_wconf 89' lang='lat' dir='ltr'><strong>nott</strong></span> <span class='ocrx_word' id='word_1_733' title='bbox 1660 2169 1832 2200; x_wconf 77' lang='lat' dir='ltr'><strong>agnosceret,</strong></span> 
     </span>
    </p>
   </div>
   <div class='ocr_carea' id='block_1_106' title="bbox 1037 2211 1832 2242">
    <p class='ocr_par' dir='ltr' id='par_1_106' title="bbox 1037 2211 1832 2242">
     <span class='ocr_line' id='line_1_106' title="bbox 1037 2211 1832 2242; baseline -0.005 -2"><span class='ocrx_word' id='word_1_734' title='bbox 1037 2213 1204 2240; x_wconf 72' lang='lat' dir='ltr'><strong>amictasres</strong></span> <span class='ocrx_word' id='word_1_735' title='bbox 1217 2217 1322 2240; x_wconf 86' lang='lat' dir='ltr'><strong>vestras</strong></span> <span class='ocrx_word' id='word_1_736' title='bbox 1335 2217 1478 2240; x_wconf 86' lang='lat' dir='ltr'><strong>erecturus</strong></span> <span class='ocrx_word' id='word_1_737' title='bbox 1488 2216 1542 2242; x_wconf 73' lang='lat' dir='ltr'><strong>est,</strong></span> <span class='ocrx_word' id='word_1_738' title='bbox 1556 2211 1629 2238; x_wconf 82' lang='lat' dir='ltr'><strong>sicut</strong></span> <span class='ocrx_word' id='word_1_739' title='bbox 1644 2215 1670 2238; x_wconf 89' lang='lat' dir='ltr'><strong>et</strong></span> <span class='ocrx_word' id='word_1_740' title='bbox 1683 2218 1731 2237; x_wconf 87' lang='lat' dir='ltr'><strong>vos</strong></span> <span class='ocrx_word' id='word_1_741' title='bbox 1753 2213 1832 2236; x_wconf 79' lang='lat' dir='ltr'><strong>antea</strong></span> 
     </span>
    </p>
   </div>
   <div class='ocr_carea' id='block_1_107' title="bbox 1038 2255 1834 2293">
    <p class='ocr_par' dir='ltr' id='par_1_107' title="bbox 1038 2255 1834 2293">
     <span class='ocr_line' id='line_1_107' title="bbox 1038 2255 1834 2293; baseline -0.005 -8"><span class='ocrx_word' id='word_1_742' title='bbox 1038 2258 1155 2293; x_wconf 58' lang='lat' dir='ltr'><strong>{Egypto</strong></span> <span class='ocrx_word' id='word_1_743' title='bbox 1172 2258 1297 2289; x_wconf 81' lang='lat' dir='ltr'><strong>liberavi,</strong></span> <span class='ocrx_word' id='word_1_744' title='bbox 1317 2266 1380 2285; x_wconf 88' lang='lat' dir='ltr'><strong>euttt</strong></span> <span class='ocrx_word' id='word_1_745' title='bbox 1400 2258 1468 2284; x_wconf 88' lang='lat' dir='ltr'><strong>meis</strong></span> <span class='ocrx_word' id='word_1_746' title='bbox 1484 2257 1529 2284; x_wconf 85' lang='lat' dir='ltr'><strong>illa</strong></span> <span class='ocrx_word' id='word_1_747' title='bbox 1554 2256 1653 2284; x_wconf 82' lang='lat' dir='ltr'><strong>cedere</strong></span> <span class='ocrx_word' id='word_1_748' title='bbox 1672 2255 1834 2283; x_wconf 81' lang='lat' dir='ltr'><strong>verberibus</strong></span> 
     </span>
    </p>
   </div>
   <div class='ocr_carea' id='block_1_108' title="bbox 1039 2301 1834 2338">
    <p class='ocr_par' dir='ltr' id='par_1_108' title="bbox 1039 2301 1834 2338">
     <span class='ocr_line' id='line_1_108' title="bbox 1039 2301 1834 2338; baseline -0.005 -7"><span class='ocrx_word' id='word_1_749' title='bbox 1039 2310 1136 2331; x_wconf 80' lang='lat' dir='ltr'><strong>coacta</strong></span> <span class='ocrx_word' id='word_1_750' title='bbox 1162 2308 1202 2331; x_wconf 88' lang='lat' dir='ltr'><strong>est</strong></span> <span class='ocrx_word' id='word_1_751' title='bbox 1217 2313 1224 2330; x_wconf 75' lang='grc' dir='ltr'><strong>ῑ</strong></span> <span class='ocrx_word' id='word_1_752' title='bbox 1253 2312 1302 2331; x_wconf 60' lang='grc' dir='ltr'>νος</span> <span class='ocrx_word' id='word_1_753' title='bbox 1318 2308 1408 2330; x_wconf 85' lang='lat' dir='ltr'><strong>autem</strong></span> <span class='ocrx_word' id='word_1_754' title='bbox 1427 2311 1538 2330; x_wconf 86' lang='lat' dir='ltr'><strong>rursum</strong></span> <span class='ocrx_word' id='word_1_755' title='bbox 1563 2310 1677 2338; x_wconf 85' lang='lat' dir='ltr'><strong>peccare</strong></span> <span class='ocrx_word' id='word_1_756' title='bbox 1692 2306 1719 2329; x_wconf 84' lang='lat' dir='ltr'><strong>et</strong></span> <span class='ocrx_word' id='word_1_757' title='bbox 1734 2301 1834 2328; x_wconf 73' lang='grc' dir='ltr'>νρειιίε</span> 
     </span>
    </p>
   </div>
   <div class='ocr_carea' id='block_1_109' title="bbox 1008 2347 1832 2385">
    <p class='ocr_par' dir='ltr' id='par_1_109' title="bbox 1008 2347 1832 2385">
     <span class='ocr_line' id='line_1_109' title="bbox 1008 2347 1832 2385; baseline -0.006 -7"><span class='ocrx_word' id='word_1_758' title='bbox 1008 2350 1265 2385; x_wconf 75' lang='lat' dir='ltr'><strong>Dnegutiationibus</strong></span> <span class='ocrx_word' id='word_1_759' title='bbox 1289 2350 1408 2376; x_wconf 81' lang='lat' dir='ltr'><strong>inaniter</strong></span> <span class='ocrx_word' id='word_1_760' title='bbox 1432 2349 1530 2384; x_wconf 76' lang='lat' dir='ltr'><strong>agitari</strong></span> <span class='ocrx_word' id='word_1_761' title='bbox 1555 2356 1610 2375; x_wconf 76' lang='lat' dir='ltr'><strong>non</strong></span> <span class='ocrx_word' id='word_1_762' title='bbox 1631 2347 1785 2375; x_wconf 86' lang='lat' dir='ltr'><strong>destitistis.</strong></span> <span class='ocrx_word' id='word_1_763' title='bbox 1804 2347 1832 2373; x_wconf 87' lang='lat' dir='ltr'><strong>ltt</strong></span> 
     </span>
    </p>
   </div>
   <div class='ocr_carea' id='block_1_110' title="bbox 1041 2394 1833 2432">
    <p class='ocr_par' dir='ltr' id='par_1_110' title="bbox 1041 2394 1833 2432">
     <span class='ocr_line' id='line_1_110' title="bbox 1041 2394 1833 2432; baseline -0.006 -8"><span class='ocrx_word' id='word_1_764' title='bbox 1041 2406 1082 2424; x_wconf 86' lang='lat' dir='ltr'><strong>me</strong></span> <span class='ocrx_word' id='word_1_765' title='bbox 1099 2403 1188 2425; x_wconf 83' lang='lat' dir='ltr'><strong>tamen</strong></span> <span class='ocrx_word' id='word_1_766' title='bbox 1203 2399 1257 2432; x_wconf 73' lang='lat' dir='ltr'><strong>iam</strong></span> <span class='ocrx_word' id='word_1_767' title='bbox 1277 2396 1299 2423; x_wconf 87' lang='lat' dir='ltr'><strong>si</strong></span> <span class='ocrx_word' id='word_1_768' title='bbox 1315 2397 1439 2428; x_wconf 80' lang='lat' dir='ltr'><strong>creditis,</strong></span> <span class='ocrx_word' id='word_1_769' title='bbox 1455 2399 1602 2431; x_wconf 88' lang='lat' dir='ltr'><strong>quotquot,</strong></span> <span class='ocrx_word' id='word_1_770' title='bbox 1624 2395 1704 2421; x_wconf 86' lang='lat' dir='ltr'><strong>laude</strong></span> <span class='ocrx_word' id='word_1_771' title='bbox 1732 2394 1833 2428; x_wconf 83' lang='lat' dir='ltr'><strong>aliqua.</strong></span> 
     </span>
    </p>
   </div>
   <div class='ocr_carea' id='block_1_111' title="bbox 1041 2440 1835 2478">
    <p class='ocr_par' dir='ltr' id='par_1_111' title="bbox 1041 2440 1835 2478">
     <span class='ocr_line' id='line_1_111' title="bbox 1041 2440 1835 2478; baseline -0.006 -8"><span class='ocrx_word' id='word_1_772' title='bbox 1041 2443 1082 2470; x_wconf 85' lang='lat' dir='ltr'><strong>vel</strong></span> <span class='ocrx_word' id='word_1_773' title='bbox 1099 2443 1252 2478; x_wconf 70' lang='lat' dir='ltr'><strong>prudentia:</strong></span> <span class='ocrx_word' id='word_1_774' title='bbox 1265 2443 1377 2470; x_wconf 89' lang='lat' dir='ltr'><strong>nomine</strong></span> <span class='ocrx_word' id='word_1_775' title='bbox 1395 2441 1463 2468; x_wconf 84' lang='lat' dir='ltr'><strong>clari</strong></span> <span class='ocrx_word' id='word_1_776' title='bbox 1487 2445 1563 2472; x_wconf 89' lang='lat' dir='ltr'><strong>sunt,</strong></span> <span class='ocrx_word' id='word_1_777' title='bbox 1580 2440 1728 2467; x_wconf 74' lang='lat' dir='ltr'><strong>imdcrnlos</strong></span> <span class='ocrx_word' id='word_1_778' title='bbox 1742 2443 1768 2466; x_wconf 86' lang='lat' dir='ltr'><strong>et</strong></span> <span class='ocrx_word' id='word_1_779' title='bbox 1789 2446 1835 2464; x_wconf 81' lang='lat' dir='ltr'><strong>so-</strong></span> 
     </span>
    </p>
   </div>
   <div class='ocr_carea' id='block_1_112' title="bbox 1042 2484 1834 2522">
    <p class='ocr_par' dir='ltr' id='par_1_112' title="bbox 1042 2484 1834 2522">
     <span class='ocr_line' id='line_1_112' title="bbox 1042 2484 1834 2522; baseline -0.008 -7"><span class='ocrx_word' id='word_1_780' title='bbox 1042 2490 1100 2515; x_wconf 85' lang='lat' dir='ltr'><strong>cios</strong></span> <span class='ocrx_word' id='word_1_781' title='bbox 1117 2489 1236 2515; x_wconf 87' lang='lat' dir='ltr'><strong>ltabituri</strong></span> <span class='ocrx_word' id='word_1_782' title='bbox 1250 2488 1330 2520; x_wconf 78' lang='lat' dir='ltr'><strong>estis,</strong></span> <span class='ocrx_word' id='word_1_783' title='bbox 1344 2487 1390 2522; x_wconf 90' lang='lat' dir='ltr'><strong>qui</strong></span> <span class='ocrx_word' id='word_1_784' title='bbox 1405 2487 1563 2514; x_wconf 83' lang='lat' dir='ltr'><strong>dilectionis</strong></span> <span class='ocrx_word' id='word_1_785' title='bbox 1578 2486 1682 2512; x_wconf 66' lang='lat' dir='ltr'><strong>vinculo</strong></span> <span class='ocrx_word' id='word_1_786' title='bbox 1696 2484 1834 2516; x_wconf 69' lang='lat' dir='ltr'><strong>obstricti,</strong></span> 
     </span>
    </p>
   </div>
   <div class='ocr_carea' id='block_1_113' title="bbox 1043 2529 1834 2568">
    <p class='ocr_par' dir='ltr' id='par_1_113' title="bbox 1043 2529 1834 2568">
     <span class='ocr_line' id='line_1_113' title="bbox 1043 2529 1834 2568; baseline -0.008 -7"><span class='ocrx_word' id='word_1_787' title='bbox 1043 2535 1076 2562; x_wconf 83' lang='lat' dir='ltr'><strong>ad</strong></span> <span class='ocrx_word' id='word_1_788' title='bbox 1093 2534 1258 2566; x_wconf 74' lang='lat' dir='ltr'><strong>Jerusalem,</strong></span> <span class='ocrx_word' id='word_1_789' title='bbox 1279 2538 1411 2568; x_wconf 83' lang='lat' dir='ltr'><strong>tanquam</strong></span> <span class='ocrx_word' id='word_1_790' title='bbox 1431 2532 1464 2559; x_wconf 91' lang='lat' dir='ltr'><strong>ad</strong></span> <span class='ocrx_word' id='word_1_791' title='bbox 1482 2531 1592 2567; x_wconf 83' lang='lat' dir='ltr'><strong>pietatis</strong></span> <span class='ocrx_word' id='word_1_792' title='bbox 1617 2531 1738 2557; x_wconf 85' lang='lat' dir='ltr'><strong>scholam</strong></span> <span class='ocrx_word' id='word_1_793' title='bbox 1753 2529 1834 2556; x_wconf 85' lang='lat' dir='ltr'><strong>vobis</strong></span> 
     </span>
    </p>
   </div>
   <div class='ocr_carea' id='block_1_114' title="bbox 1044 2574 1835 2612">
    <p class='ocr_par' dir='ltr' id='par_1_114' title="bbox 1044 2574 1835 2612">
     <span class='ocr_line' id='line_1_114' title="bbox 1044 2574 1835 2612; baseline -0.01 -5"><span class='ocrx_word' id='word_1_794' title='bbox 1044 2581 1105 2607; x_wconf 80' lang='lat' dir='ltr'><strong>ideo</strong></span> <span class='ocrx_word' id='word_1_795' title='bbox 1123 2584 1281 2610; x_wconf 84' lang='lat' dir='ltr'><strong>occurrent,</strong></span> <span class='ocrx_word' id='word_1_796' title='bbox 1299 2580 1448 2612; x_wconf 84' lang='lat' dir='ltr'><strong>beatosque</strong></span> <span class='ocrx_word' id='word_1_797' title='bbox 1464 2576 1664 2612; x_wconf 62' lang='lat' dir='ltr'><strong>praedicabunt,</strong></span> <span class='ocrx_word' id='word_1_798' title='bbox 1680 2575 1764 2610; x_wconf 88' lang='lat' dir='ltr'><strong>qttod,</strong></span> <span class='ocrx_word' id='word_1_799' title='bbox 1778 2574 1835 2600; x_wconf 81' lang='lat' dir='ltr'><strong>Deo</strong></span> 
     </span>
    </p>
   </div>
   <div class='ocr_carea' id='block_1_115' title="bbox 1043 2621 1834 2660">
    <p class='ocr_par' dir='ltr' id='par_1_115' title="bbox 1043 2621 1834 2660">
     <span class='ocr_line' id='line_1_115' title="bbox 1043 2621 1834 2660; baseline -0.011 -7"><span class='ocrx_word' id='word_1_800' title='bbox 1043 2626 1095 2653; x_wconf 80' lang='lat' dir='ltr'><strong>soli</strong></span> <span class='ocrx_word' id='word_1_801' title='bbox 1111 2626 1245 2657; x_wconf 66' lang='lat' dir='ltr'><strong>servitutis.</strong></span> <span class='ocrx_word' id='word_1_802' title='bbox 1259 2633 1334 2660; x_wconf 79' lang='lat' dir='ltr'><strong>quem</strong></span> <span class='ocrx_word' id='word_1_803' title='bbox 1353 2625 1403 2659; x_wconf 88' lang='lat' dir='ltr'><strong>ipsi</strong></span> <span class='ocrx_word' id='word_1_804' title='bbox 1420 2623 1581 2654; x_wconf 78' lang='lat' dir='ltr'><strong>nesciebant,</strong></span> <span class='ocrx_word' id='word_1_805' title='bbox 1604 2621 1652 2647; x_wconf 86' lang='lat' dir='ltr'><strong>Sin</strong></span> <span class='ocrx_word' id='word_1_806' title='bbox 1669 2625 1758 2647; x_wconf 81' lang='lat' dir='ltr'><strong>autem</strong></span> <span class='ocrx_word' id='word_1_807' title='bbox 1777 2627 1834 2653; x_wconf 63' lang='lat' dir='ltr'><strong>poe-</strong></span> 
     </span>
    </p>
   </div>
   <div class='ocr_carea' id='block_1_116' title="bbox 1043 2666 1836 2708">
    <p class='ocr_par' dir='ltr' id='par_1_116' title="bbox 1043 2666 1836 2708">
     <span class='ocr_line' id='line_1_116' title="bbox 1043 2666 1836 2708; baseline -0.01 -9"><span class='ocrx_word' id='word_1_808' title='bbox 1043 2673 1132 2699; x_wconf 82' lang='lat' dir='ltr'><strong>nitere</strong></span> <span class='ocrx_word' id='word_1_809' title='bbox 1153 2672 1302 2708; x_wconf 76' lang='lat' dir='ltr'><strong>negligitis,</strong></span> <span class='ocrx_word' id='word_1_810' title='bbox 1316 2671 1384 2698; x_wconf 88' lang='lat' dir='ltr'><strong>tttihi</strong></span> <span class='ocrx_word' id='word_1_811' title='bbox 1395 2669 1483 2698; x_wconf 84' lang='lat' dir='ltr'><strong>Filius</strong></span> <span class='ocrx_word' id='word_1_812' title='bbox 1497 2677 1551 2697; x_wconf 87' lang='lat' dir='ltr'><strong>tton</strong></span> <span class='ocrx_word' id='word_1_813' title='bbox 1566 2668 1655 2696; x_wconf 86' lang='lat' dir='ltr'><strong>deerit</strong></span> <span class='ocrx_word' id='word_1_814' title='bbox 1677 2666 1836 2701; x_wconf 74' lang='lat' dir='ltr'><strong>unigenitus</strong></span> 
     </span>
    </p>
   </div>
   <div class='ocr_carea' id='block_1_117' title="bbox 1022 2758 1269 2792">
    <p class='ocr_par' dir='ltr' id='par_1_117' title="bbox 1022 2758 1269 2792">
     <span class='ocr_line' id='line_1_117' title="bbox 1022 2758 1269 2792; baseline -0.004 -6"><span class='ocrx_word' id='word_1_815' title='bbox 1022 2760 1044 2776; x_wconf 75' lang='grc'><strong>⁸⁸</strong></span> <span class='ocrx_word' id='word_1_816' title='bbox 1060 2760 1082 2786; x_wconf 91' lang='lat' dir='ltr'><strong>ll</strong></span> <span class='ocrx_word' id='word_1_817' title='bbox 1099 2759 1162 2786; x_wconf 90' lang='lat' dir='ltr'><strong>Cor.</strong></span> <span class='ocrx_word' id='word_1_818' title='bbox 1179 2767 1205 2792; x_wconf 86' lang='grc' dir='ltr'><strong>ν,</strong></span> <span class='ocrx_word' id='word_1_819' title='bbox 1225 2758 1269 2786; x_wconf 78' lang='lat' dir='ltr'><strong>l7.</strong></span> 
     </span>
    </p>
   </div>
   <div class='ocr_carea' id='block_1_118' title="bbox 845 2805 1188 2837">
    <p class='ocr_par' dir='ltr' id='par_1_118' title="bbox 845 2805 1188 2837">
     <span class='ocr_line' id='line_1_118' title="bbox 845 2805 1188 2837; baseline 0.006 -6"><span class='ocrx_word' id='word_1_820' title='bbox 845 2805 962 2833; x_wconf 65' lang='lat' dir='ltr'><strong>VABIIE</strong></span> <span class='ocrx_word' id='word_1_821' title='bbox 984 2805 1188 2837; x_wconf 79' lang='lat' dir='ltr'><strong>LECTIONES.</strong></span> 
     </span>
    </p>
   </div>
   <div class='ocr_carea' id='block_1_119' title="bbox 208 2853 896 2889">
    <p class='ocr_par' dir='ltr' id='par_1_119' title="bbox 208 2853 896 2889">
     <span class='ocr_line' id='line_1_119' title="bbox 208 2853 896 2889; baseline 0.001 -10"><span class='ocrx_word' id='word_1_822' title='bbox 208 2876 210 2879; x_wconf 93' lang='lat'>.</span> <span class='ocrx_word' id='word_1_823' title='bbox 239 2857 258 2871; x_wconf 72' lang='grc'><em>’³</em></span> <span class='ocrx_word' id='word_1_824' title='bbox 279 2859 322 2888; x_wconf 56' lang='grc' dir='ltr'><strong>κο.</strong></span> <span class='ocrx_word' id='word_1_825' title='bbox 343 2853 442 2880; x_wconf 86' lang='grc' dir='ltr'>αὐτῶν.</span> <span class='ocrx_word' id='word_1_826' title='bbox 480 2857 494 2871; x_wconf 75' lang='grc' dir='ltr'>ιλ</span> <span class='ocrx_word' id='word_1_827' title='bbox 508 2853 551 2881; x_wconf 81' lang='grc' dir='ltr'><strong>ῖσ.</strong></span> <span class='ocrx_word' id='word_1_828' title='bbox 566 2853 637 2889; x_wconf 67' lang='grc' dir='ltr'>ἐμοί.</span> <span class='ocrx_word' id='word_1_829' title='bbox 680 2859 692 2872; x_wconf 70' lang='grc' dir='ltr'><strong>ε</strong></span> <span class='ocrx_word' id='word_1_830' title='bbox 710 2862 754 2889; x_wconf 66' lang='grc' dir='ltr'><strong>Π).</strong></span> <span class='ocrx_word' id='word_1_831' title='bbox 778 2853 896 2889; x_wconf 76' lang='grc' dir='ltr'>Ἰσραήλ.</span> 
     </span>
    </p>
   </div>
  </div>
