1999 3076
144 154 213 189 2141

721 156 983 187 ΟΟΜΜΕΝΤΑΒῘΙ
996 157 1037 187 ΙΝ
1053 158 1194 187 ISAIAM.

1699 156 1769 188 2442

146 221 193 248 ρον
205 211 388 238 ἐπιτελεῖσθαι
402 212 526 247 μακροῖς,
547 209 584 238 ὧν
599 211 634 238 τὰ
646 211 696 246 μὲν
711 212 761 247 ἤδη
779 211 928 246 πεποίηκα,

992 211 1008 239 d
1029 211 1110 239 fuerit
1137 215 1340 246 argumentum,
1369 210 1440 245 quod
1468 215 1592 237 meorum
1621 211 1770 245 propheta-

146 258 180 284 τὰ
195 257 224 283 δὲ
240 257 287 283 καὶ
303 257 420 290 ποιήσω,
435 257 480 284 διὰ
507 257 553 284 τοῦ
569 257 675 284 καλεῖν
694 256 838 284 πετεινῶν
857 257 935 292 δίκην

146 303 210 334 τοὺς
235 303 318 337 ἐμοὺς
338 302 478 337 ὑπηρέτας
493 303 636 336 ἀγγέλους,
652 303 686 329 τά
699 303 740 328 ’τε
761 302 935 336 λειτουργικὰ

147 348 293 383 πνεύματα
303 348 338 374 τὰ
354 348 422 382 πρὸς
433 348 571 375 διακονίαν
583 347 802 381 ἀποστελλόμενα
817 347 861 373 διὰ
872 347 936 378 τοὺς

149 394 296 429 μέλλοντας
315 393 494 429 κληρονομεῖν
521 393 668 428 σωτηρίαν.
683 393 715 419 Οἱ
733 393 762 419 δὲ
781 392 871 418 λοιποὶ
893 391 936 424 ἐξ-

148 439 263 470 έδωκαν,
276 439 382 466 Καλῶν
393 439 452 466 ἀπὸ
465 437 620 466 ἀνατολῶν
630 439 722 472 ὄρνιν⁷
734 437 792 464 ἀπὸ
801 437 857 472 τῆς
865 438 937 471 πόῤ-

146 484 243 518 ρωθεν
257 483 351 516 ἄνδρα
363 483 485 516 βουλῆς
493 492 563 517 μου.
577 483 655 518 Δηλοῖ
674 483 703 509 δὲ
717 482 763 509 τὸν
775 481 893 517 Χριστὸν
908 481 937 508 ὃν

147 528 351 564 ἀνακεκλῆσθαί
363 537 445 563 φησιν
458 529 489 555 ὲκ
507 529 559 563 γῆς
573 528 726 564 πόρρωθεν,
740 528 794 554 τῶν
810 527 857 554 τοῦ
875 527 936 562 ᾅδου

147 575 268 609 δηλονότι
286 574 389 608 μυχῶν,
409 574 441 600 δι’
457 570 487 600 οὗ
503 573 658 608 πληρώσειν
684 573 735 605 τὰς
770 572 937 607 ἐπαγγελίας

148 619 240 654 φησιν.
259 619 348 646 ’Λλλοι
367 619 395 645 δὲ
420 618 558 645 πετεινὸν
573 617 677 651 ἔφασαν
695 618 740 644 τὸν
753 616 936 647 Βαϐυλώνιον,

148 666 213 701 περὶ
227 662 257 692 οὗ
270 665 488 700 φησιν’ἰεξεκιήλ
499 672 506 679 ”
520 674 529 690 ι
547 665 576 691 '0
591 664 669 695 ἀετὸς
685 665 699 690 ὁ
717 663 812 697 μέγας,
825 664 840 689 ὁ
852 670 938 697 μεγα-

148 712 327 746 λοπτέρυγος,
348 721 356 737 ι
376 711 423 737 καὶ
438 710 473 736 τὰ
488 709 561 744 ἑξῆς.
577 710 667 744 "Amp
685 708 868 743 ἑξηγούμενός
885 716 937 742 φη-

150 766 210 785 σιν·
231 767 240 783 t
265 758 322 784 Οὐκ
343 756 491 783 ἐπίστασθε
510 756 537 782 τί
562 756 621 781 ἐστι
636 754 740 786 ταῦτα;
762 754 800 780 ὅτ’
815 753 848 780 ἂν
872 753 936 789 ἔλθῃ

150 803 276 839 βασιλεὺς
302 802 462 833 Βαϐυλῶνος
484 803 529 827 ἐπὶ
550 799 729 835 Ἰερουσαλὴμ
749 799 796 825 καὶ
820 798 936 833 λήψεται

149 849 194 877 τὸν
213 849 324 884 βασιλέα
340 848 436 883 αὐτῆς,
453 847 499 874 καὶ
523 847 587 878 τοὺς
609 846 744 881 ἄρχοντας
760 844 872 878 αὐτῆς»
886 849 938 873 καὶ

987 265 1047 284 rum
1063 265 1130 285 voce
1145 266 1205 291 quae
1220 261 1312 284 essent
1327 260 1459 284 eventura
1476 257 1556 291 longe
1584 261 1647 284 ante
1671 258 1770 292 praedi-

987 303 1085 331 xerim.
1104 310 1220 335 quorum
1238 301 1288 328 alia
1301 301 1356 336 jam
1374 309 1422 336 per
1448 309 1490 328 me
1517 301 1589 329 facta
1615 306 1690 334 sunt,
1717 303 1769 330 alia

987 348 1083 382 procul
1098 347 1182 374 dubio
1201 351 1229 374 et
1256 348 1314 382 ipse
1335 347 1467 380 clﬁciam;
1493 348 1540 382 qui
1567 348 1594 375 in
1615 348 1769 376 subsidium

988 400 1078 419 meum
1103 393 1225 427 angelos.
1243 396 1374 427 tanquam
1395 401 1465 424 aves.
1497 393 1664 428 spiritusque
1687 395 1770 422 mini-

989 442 1061 465 stros
1077 438 1104 464 in
1120 445 1227 468 eorum.
1244 437 1291 472 qui
1307 437 1407 465 salutis
1421 437 1542 465 liaaredes
1559 438 1644 465 futuri
1661 443 1724 466 sunt
1735 439 1769 471 ⁸³,

988 483 1119 510 auxilium
1132 491 1223 510 vocare
1239 483 1354 517 possim.
1372 483 1424 510 Alii
1439 487 1531 510 autem
1546 484 1747 512 transtulerunt
1761 494 1769 512 :

992 528 1095 555 Vocatus
1113 527 1145 554 ab
1162 529 1260 554 oriente
1287 536 1369 558 avem.
1387 536 1403 554 a
1428 533 1498 555 terra
1519 528 1662 563 longinqua
1685 529 1772 556 virum

988 573 1130 600 voluntatis
1165 581 1238 600 mea}.
1270 573 1375 605 Quibus
1402 577 1477 600 certe
1505 573 1646 601 Christum
1681 575 1770 608 ipsum

989 618 1195 653 signiﬁcarunt;
1215 626 1296 653 quem
1312 618 1345 646 de
1361 622 1432 645 terra
1451 618 1613 653 longinqua,
1637 619 1662 646 id
1677 622 1720 645 est
1736 619 1771 646 ab

989 663 1057 698 ipsis
1074 663 1224 690 inferorum
1242 664 1441 698 penetralibus,
1458 669 1602 692 evocatum
1618 673 1680 693 esse
1692 665 1770 697 dicit,

989 711 1016 735 et
1031 715 1077 742 per
1093 708 1217 735 eumdem
1235 716 1267 736 se
1288 709 1484 743 promissioues
1508 709 1696 744 impleturum.
1717 710 1771 737 Alii

989 760 1073 788 porro
1087 754 1140 780 avis
1157 753 1266 780 nomine
1279 753 1455 788 Babylonium
1468 754 1614 789 signiﬁcari
1632 755 1772 786 dixerunt.

990 799 1023 825 de
1041 805 1096 833 quo
1111 798 1267 832 loquentem
1287 798 1364 833 531
1387 798 1556 826 Ezechielem
1572 800 1706 834 reperias,
1723 800 1770 827 ubi

990 844 1028 874 ait
1045 853 1051 870 :
1070 854 1080 870 ‹
1097 844 1193 879 Aquila
1209 851 1318 878 magna,
1341 844 1447 879 magnis
1468 845 1565 878 pennis
1580 846 1613 879 “,
1634 855 1643 871 ›
1661 849 1773 873 emtera-

149 895 183 921 τὰ
208 883 276 929 μετὰ
298 893 399 920 ταῦτα’
421 893 532 925 τούτους
555 892 609 927 γὰρ
627 891 744 918 ἐκλεκτά
767 891 816 925 τῆς
836 891 933 924 κέδρου

992 897 1048 924 lue.
1069 897 1129 924 quae.
1146 893 1311 924 sequuntur.
1328 897 1444 924 quorum
1466 890 1506 918 sic
1518 891 1773 926 interpretationem

150 938 321 974 προκέκδηκε
336 938 379 964 διὰ
394 938 442 972 τῆς
458 938 632 972 παραϐολῆς.
647 938 761 970 Ἔλεγεν
780 936 807 962 δὲ
824 935 936 970 βασιλέα

149 985 194 1011 τὸν
221 984 365 1015 Σεδεκίαν,
395 983 425 1009 ὃν
449 983 624 1017 αἰχμάλωτον
649 982 769 1017 εἴληφεν.
790 981 882 1007 Ἀλλοι
907 980 936 1007 δὲ

149 1029 288 1057 answer
303 1028 430 1064 εἰρῆσθαι
445 1029 490 1055 τὸν
505 1028 596 1063 Κῦρόν
616 1036 709 1062 φασιν.
727 1027 764 1054 Τὸ
775 1027 803 1053 δὲ
818 1026 936 1057 ἐκτισα,

148 1075 220 1102 τοῦτ’
237 1076 293 1101 ἔστι
318 1074 519 1106 κατεσκεύασα,
541 1074 614 1101 κακά
638 1073 758 1107 δηλονότι
785 1072 936 1099 κακωτικά.

150 1123 180 1148 ΕΞ
196 1121 223 1147 δὲ
237 1121 284 1147 καὶ
301 1121 393 1155 μηδεὶς
410 1120 507 1155 εὑρεθῇ
523 1119 622 1154 τούμὸν
640 1119 746 1152 θέλημα
767 1117 876 1153 μετιὼν,
890 1117 937 1144 τὸν

150 1168 214 1194 Ti?"
236 1166 378 1194 ἀποστελῶ
392 1166 438 1193 τὸν
457 1166 523 1201 ἐμὴν
544 1165 593 1199 τὴν
612 1164 748 1199 πατρικὴν
780 1162 936 1198 πληροῦντα

151 1213 256 1248 βουλήν.

989 934 1112 969 adiungit
1128 943 1135 962 :
1154 944 1163 960 ι
1182 934 1300 962 Nescitis
1321 935 1385 968 quid
1411 935 1463 962 ista
1492 935 1671 970 signiﬁcent?
1702 936 1774 964 Ecce

988 980 1077 1006 veniet
1094 987 1140 1006 rex
1167 979 1332 1015 Babylonius
1355 979 1381 1006 in
1409 979 1580 1014 Jerusalem;
1600 985 1627 1008 et
1651 985 1774 1008 assumct

989 1032 1079 1059 regem
1097 1024 1194 1057 ipsius,
1214 1027 1240 1051 et
1256 1024 1395 1059 principes
1408 1024 1468 1059 ejus
1481 1025 1532 1058 ",i
1543 1030 1569 1053 et
1581 1033 1642 1060 qua:
1654 1033 1774 1061 sequun-

987 1073 1042 1096 tur.
1078 1069 1133 1096 llos
1156 1069 1228 1096 enim
1253 1073 1332 1096 antea
1369 1069 1512 1096 cedrorum
1546 1070 1698 1098 electarum
1727 1079 1775 1106 ap-

990 1115 1137 1150 pellatione
1151 1115 1178 1142 in
1193 1114 1321 1150 parabola
1335 1114 1553 1149 signiﬁcaverat;
1573 1116 1775 1150 Sedeciamque

989 1169 1091 1196 regem.
1106 1169 1186 1196 quem
1201 1161 1338 1195 captivum
1360 1161 1465 1193 habuit,
1479 1162 1696 1190 demonstrabat.
1722 1163 1776 1190 Alii

987 1214 1053 1234 vero
1065 1214 1112 1241 per
1124 1214 1205 1238 avem,
1216 1206 1314 1242 Cyrum
1325 1206 1460 1241 designari
1472 1207 1650 1234 arbitrantur.
1664 1207 1775 1239 Deinde.

150 1260 222 1295 quod
240 1266 342 1286 creasse
363 1266 391 1285 se
411 1257 515 1291 adjicit,
531 1263 701 1291 praeparasse
729 1255 835 1287 innuit;
853 1254 924 1282 mala
945 1252 1075 1280 nimirum
1106 1256 1134 1279 ct
1164 1253 1343 1285 calamitates,
1376 1253 1475 1287 quibus
1497 1252 1658 1282 allicientur.
1697 1253 1776 1287 Quod

151 1307 173 1334 si
200 1306 281 1333 etiam
328 1304 421 1331 nullus
453 1304 615 1337 reperiatur,
639 1302 685 1336 qui
712 1301 863 1327 voluntatis
896 1306 963 1326 mea:
1002 1298 1101 1333 placita
1117 1305 1169 1325 non
1183 1303 1335 1331 aversetur,
1351 1297 1450 1326 Filium
1472 1306 1522 1335 ego
1536 1307 1636 1333 meum,
1660 1300 1707 1334 qui
1726 1300 1777 1327 Pa-

152 1353 205 1380 tris
229 1351 375 1379 consilium
400 1351 553 1384 amplexus,
582 1349 704 1381 eiusdem
734 1348 861 1376 mandata
889 1348 1009 1383 impleat,
1026 1347 1161 1374 missurus
1178 1354 1248 1374 sum.

434 1398 557 1424 ΚΕΦᾹΛ.
578 1397 644 1424 ΜΖ’.

186 1444 264 1472 α-ιε’.
282 1443 437 1477 Κατάὸηθι,
464 1443 591 1470 κάθισον
609 1443 655 1469 ἐπὶ
672 1442 730 1475 τὴν
752 1441 818 1477 γῆν,
830 1440 936 1474 παρθέ-

1278 1393 1355 1421 CAP.
1368 1392 1474 1420 XLVII.

1022 1438 1100 1473 532
1108 1437 1191 1465 Vens.
1200 1437 1272 1465 1-15.
1283 1437 1422 1469 Descende,
1434 1437 1494 1465 sede
1506 1445 1583 1472 super
1593 1443 1700 1471 terram,
1708 1440 1778 1475 uirgo

150 1500 203 1524 νος
217 1491 342 1525 θύγατερ
359 1489 546 1522 Βαϐυλῶνος.
566 1489 695 1516 Εῖσελθε
710 1489 754 1521 εις
765 1488 798 1514 τὸ
815 1489 935 1519 σκότος,

992 1483 1049 1518 ﬁlia
1057 1483 1211 1518 Babylonis.
1224 1482 1290 1510 Sede
1301 1484 1328 1510 in
1337 1489 1445 1511 terram.
1455 1485 1593 1519 Ingredere
1604 1486 1632 1512 in
1647 1485 1778 1518 tenebras,

151 1537 278 1570 θύγατερ
297 1535 462 1567 Χαλδαίων,
483 1534 526 1561 ὅτι
547 1536 602 1561 οὐκ
621 1535 664 1561 ἔτι
683 1533 844 1568 προσθήσῃ
863 1535 938 1566 κλη-

992 1537 1043 1555 ηοη
1073 1532 1113 1555 est
1142 1528 1248 1559 solium,
1267 1528 1324 1561 ﬁlia
1346 1528 1530 1556 Chaldtromm
1547 1530 1693 1565 :quoniam
1727 1539 1779 1557 non

152 1581 240 1615 θῆναι
268 1580 370 1614 ἁπαλὴ
390 1581 440 1607 καὶ
462 1580 603 1615 τρυφερά.
618 1581 694 1607 Λάϐε
703 1580 812 1614 μύλον,
825 1579 940 1606 ἄλευσον

151 1627 289 1661 ἄλευρον,
300 1626 494 1660 ἀποκάλυψαι
502 1625 534 1652 τὸ
545 1625 722 1660 κατάλυμμά
730 1633 798 1657 σου,
807 1625 940 1659 ἀνάσυρε

152 1672 205 1705 τὰς
219 1672 337 1705 πολιὰς,
356 1671 551 1706 ἀποκάλυψαι
572 1671 625 1705 τὰς
636 1671 764 1705 κνήμας,
778 1680 805 1699 κ.
821 1679 846 1698 τ.
861 1671 886 1698 λ.

186 1758 242 1786 Καὶ
255 1759 342 1786 ταῦτα
360 1758 427 1794 πρὸς
441 1758 504 1789 τοὺς
516 1758 546 1792 ἐξ
563 1758 680 1794 Ἰσραὴλ,
699 1755 739 1790 οἷς
755 1758 842 1792 ἔλεγε,
859 1767 869 1784 ι
882 1758 941 1786 Τίνι

154 1813 187 1839 με
212 1804 373 1840 ὡμοιὼσατε
386 1813 393 1836 ;
415 1814 423 1830 ι
450 1805 523 1830 Ἐκεῖ
537 1804 585 1838 μὲν
601 1802 647 1831 οὖν
660 1804 852 1840 πλανωμένους
866 1802 942 1830 εἶπεν

154 1849 262 1881 αὐτοὺς,
289 1848 404 1874 ἐνταῦθα
419 1848 448 1874 δὲ
463 1848 696 1881 ἀπολωλεκότας
723 1849 780 1881 τὴν
805 1849 940 1882 καρδίαν.

160 1893 231 1920 ’Λνο’
257 1890 288 1920 οὗ
315 1893 463 1928 Σύμμαχος
489 1894 672 1925 ἐξέδωκεν,οὶ
697 1893 941 1928 σκληροκάρδιοι.

154 1938 223 1966 Καθ’
242 1939 372 1974 ἑκάτερον
387 1940 414 1965 δὲ
432 1939 597 1974 παρίσταται
613 1939 643 1965 τδ
665 1939 714 1974 τῆς
730 1939 842 1974 γνώμης
865 1940 943 1966 ἀναί-

154 1985 261 2020 σθητον,
290 1985 336 2010 Διὸ
355 1981 424 2020 προς
444 1985 664 2020 εἰδωλολατρείαν
686 1985 846 2020 ἐτράποντο.
868 1985 939 2011 Ἀλλ’

153 2030 227 2063 ὅμως
242 2030 325 2056 ἐλεῶν
342 2031 441 2061 αὐτοὺς
459 2031 472 2056 ὁ
487 2027 552 2062 Θὲδς
578 2030 741 2065 ὑποσχέσεσι
758 2030 854 2062 καλαῖς
873 2031 941 2057 ἀνα-

153 2076 277 2102 καλεῖται
287 2076 354 2111 πρὸς
367 2075 474 2102 σύνεσιν
488 2078 716 2110 μακρυνθέντας
730 2076 908 2109 δικαιοσύνη
917 2087 943 2109 ς,

152 2121 226 2147 τοῦτ’
254 2121 312 2147 ἔστι
342 2120 420 2147 Θεοῦ.
453 2121 653 2156 ’Λπειρήκεσαν
679 2121 731 2156 γὰρ
759 2123 819 2153 ταῖς
839 2122 944 2156 ψυχαῖς

153 2166 271 2198 ἁλούσας
292 2167 409 2202 ὁρῶντες
436 2168 486 2198 τὰς
504 2166 569 2192 δέκα
598 2166 701 2200 φυλὰς,

160 2211 303 2247 Ἀσσύριον
333 2212 449 2246 ὁρῶντες
471 2212 646 2247 ἐγκείμενον,
672 2212 790 2247 ματαίας
807 2212 854 2239 τοῦ
871 2212 939 2238 Θεοῦ

153 2259 201 2290 τὰς
217 2257 385 2292 ἐπαγγελίας
402 2258 536 2293 ἐνόμιζον.
555 2258 601 2284 Διὸ
619 2257 669 2292 τὴν
686 2257 756 2284 κατὰ.
779 2257 940 2286 Βαῦυλῶνοε

153 2302 252 2333 αὐτοὺς
265 2301 469 2336 εὐαγγελίζεται
488 2302 578 2336 δίκην.
610 2303 738 2328 Ἐκόλασε
757 2303 811 2338 γὰρ
829 2303 893 2334 τοὺς
911 2302 940 2336 ἐξ

159 2347 268 2382 Ἰσραὴλ
283 2349 296 2374 ὁ
311 2348 376 2379 Θεὸς
392 2348 419 2374 οὐ
446 2348 543 2382 μισῶν,
561 2348 699 2383 σωτηρίαν
713 2348 740 2374 δὲ
761 2349 853 2379 αὐτοῖς
874 2357 941 2383 μνη-

154 2392 324 2427 στευόμενος,
338 2392 375 2423 ὡς
389 2393 436 2419 καὶ
451 2393 504 2419 τῶν
521 2393 619 2427 ἰατρῶν
637 2394 660 2419 οἱ
675 2393 818 2428 τέμνοντές
843 2401 873 2419 τε
897 2394 944 2420 καὶ

154 2438 294 2469 καίοντες”
316 2438 378 2464 ἐπεὶ
400 2439 447 2464 καὶ
470 2440 544 2464 πᾶσα
559 2439 671 2470 κόλασις
690 2439 757 2474 πρὸς
774 2439 868 2472 ὄνησιν
884 2441 947 2465 ἑπι-

154 2483 276 2518 ιρέρεται.
296 2483 497 2510 Συναναπλέκει
513 2483 541 2510 δὲ
554 2485 585 2519 τῇ
600 2486 649 2518 τῆς
668 2484 784 2519 μερικῆς
795 2485 944 2519 σωτηρίας

154 2529 299 2563 ὑποσχέσει
315 2529 362 2555 καὶ
372 2529 421 2564 τῆς
435 2529 625 2564 γενικωτάτης
639 2530 687 2565 τὴν
699 2530 826 2565 δήλωσιν.
845 2531 875 2556 Ἡ
893 2531 942 2565 μὲν

154 2574 208 2608 γὰρ
223 2574 267 2600 διὰ
281 2575 402 2610 Κυρίουι]
413 2575 558 2611 λύτρωσις,
568 2577 678 2612 μερικὴ,
690 2577 706 2611 ἡ
717 2576 745 2602 δὲ
754 2576 799 2602 διὰ
808 2576 937 2611 Χριστοῦ,

155 2619 263 2645 πάντων
274 2619 479 2654 ἁνθρώπων.Τὸ
487 2621 526 2652 δὲ,
541 2622 576 2648 οὐ
590 2622 632 2655 μὴ
647 2623 679 2655 ,8;
689 2622 797 2654 αδῠνω,
810 2622 939 2657 παρέοικε

154 2664 193 2700 τῷ
203 2673 209 2680 ’
229 2674 237 2690 ι
250 2666 308 2692 Ἔτι
321 2667 418 2701 μικρὸν
428 2667 442 2694 ό
455 2667 604 2702 ἐρχόμενος
625 2668 694 2702 ἣξει,
705 2668 750 2694 καὶ
760 2667 789 2694 οὐ
804 2669 933 2702 mansi,»

191 2735 214 2750 "
244 2733 325 2761 llebr.
344 2743 364 2766 ι,
379 2735 422 2762 Η.
461 2736 484 2751 ⁸⁸
504 2735 602 2763 Ezecll.
616 2743 683 2768 xvu,
704 2736 731 2763 5.

990 1575 1062 1601 ultra
1077 1574 1235 1608 adjicies,ut
1250 1581 1348 1601 voceris
1363 1574 1450 1601 mollis
1476 1579 1501 1601 et
1518 1579 1616 1603 tenera.
1635 1575 1708 1603 Tolle
1724 1585 1779 1603 ma-

992 1620 1055 1649 lam.
1071 1623 1095 1645 et
1110 1620 1178 1646 mole
1204 1620 1319 1655 farinam
1333 1628 1341 1652 ;
1356 1620 1441 1647 revela
1469 1621 1664 1655 operimentum
1692 1629 1777 1654 tuum,

992 1665 1081 1700 detege
1102 1674 1190 1698 canas,
1207 1666 1311 1692 denuda
1340 1665 1431 1698 tibias,
1444 1671 1498 1694 etc.

1029 1755 1108 1790 533
1124 1754 1157 1782 Et
1171 1755 1222 1782 ista
1240 1755 1273 1782 ad
1299 1755 1436 1784 lsraelitas
1457 1757 1551 1790 etiam,
1571 1758 1597 1784 in
1614 1765 1684 1793 quos
1698 1765 1779 1794 supe-

994 1801 1053 1828 rius
1074 1801 1140 1828 illud
1163 1810 1168 1827 :
1188 1810 1196 1826 ‹
1216 1800 1265 1828 Cui
1286 1809 1329 1828 me
1346 1802 1567 1836 assimilastis“,
1587 1813 1597 1829 ι
1617 1808 1779 1839 usurpatum

993 1850 1044 1879 est,
1062 1845 1228 1873 referuntur.
1241 1846 1279 1873 lbi
1296 1854 1360 1881 ergo
1376 1854 1423 1875 eos
1437 1854 1540 1879 errare,
1558 1848 1603 1876 hic
1623 1853 1713 1876 autem
1735 1858 1781 1876 cor

994 1891 1150 1926 perdidisse.
1177 1892 1245 1925 sive,
1276 1896 1304 1918 ut
1328 1893 1463 1927 expressit
1496 1892 1689 1929 Symmachus,
1713 1895 1780 1922 duro

995 1939 1073 1965 corde
1088 1939 1213 1965 exsistere
1226 1938 1371 1971 signiﬁcat,
1384 1942 1535 1973 ututroquc
1544 1940 1625 1966 modo
1637 1941 1779 1972 vecordes,

995 1984 1133 2018 animique
1161 1991 1242 2011 sensu
1271 1983 1417 2010 destitutos
1445 1984 1478 2010 ad
1511 1974 1702 2012 idololatriam‘
1721 1994 1780 2014 sese

996 2030 1146 2056 contulisse
1164 2029 1345 2056 demonstret.
1363 2029 1415 2057 Sed
1435 2037 1530 2057 eorum
1549 2030 1606 2064 jam
1621 2031 1779 2058 miseratio-

997 2084 1030 2103 ne
1048 2079 1214 2102 commotum
1233 2075 1316 2103 Deum
1333 2083 1381 2110 spe
1395 2076 1477 2109 bona,
1490 2076 1697 2111 magniﬁcisque
1721 2078 1779 2112 pol-

998 2120 1207 2152 licitatiouibus,
1223 2122 1269 2155 qui
1286 2121 1455 2155 ajustitia,id
1469 2126 1511 2148 est
1524 2129 1538 2148 a
1550 2121 1615 2154 Deo,
1624 2122 1699 2158 longe
1713 2123 1781 2158 fuis-

725 2167 816 2198 αὑτοῖς
840 2175 871 2193 τε
893 2167 938 2193 τὸν

995 2171 1062 2200 sent,
1075 2167 1106 2192 ad
1133 2166 1349 2201 resipiscentiam
1377 2175 1536 2202 provocare.
1558 2167 1671 2195 Animos
1694 2169 1778 2198 enim.

991 2213 1037 2247 qui
1066 2212 1158 2239 decem
1178 2213 1267 2239 tribus
1283 2217 1377 2246 captas
1405 2219 1466 2240 esse
1483 2213 1643 2245 cernebant,
1670 2213 1779 2249 abjece-

990 2263 1054 2285 rant
1069 2267 1076 2291 ;
1095 2263 1122 2284 et
1138 2258 1184 2292 qui
1197 2258 1247 2285 sibi
1261 2259 1404 2294 Assyrium
1420 2259 1563 2286 imminere
1577 2259 1717 2292 videbant,
1729 2268 1778 2287 va-

991 2311 1042 2331 nas
1066 2311 1125 2331 esse
1146 2303 1357 2338 pollicitationes
1375 2304 1592 2331 arbitrabantur.
1609 2305 1700 2340 Atque
1715 2305 1779 2332 hinc

991 2349 1126 2384 est,quod
1151 2350 1192 2376 eis
1210 2349 1337 2383 praedicta
1356 2349 1503 2383 Babylonis
1526 2350 1631 2378 ultione
1660 2351 1778 2379 recreari

997 2396 1067 2423 Deus
1078 2395 1179 2429 voluit;
1199 2397 1243 2429 qui
1256 2403 1311 2423 non
1327 2396 1399 2428 odio,
1418 2397 1466 2424 sed
1485 2397 1583 2424 salutis
1599 2404 1692 2424 amore
1715 2405 1779 2432 pro-

994 2446 1107 2468 vocatus
1119 2441 1152 2468 ad
1165 2440 1347 2468 Israelitarum
1376 2448 1472 2475 pmnas
1488 2441 1616 2473 accessit,
1632 2449 1687 2469 non
1700 2442 1780 2470 aliter

994 2494 1075 2521 quam
1100 2486 1133 2513 ad
1160 2487 1367 2521 amputandum,
1380 2487 1422 2515 vel
1448 2487 1584 2514 urendum
1605 2488 1704 2515 medici
1724 2496 1780 2515 :nn.

992 2532 1081 2559 dicam
1116 2532 1225 2559 nonnisi
1253 2533 1380 2560 utilitatis
1405 2533 1494 2568 gratia
1519 2540 1630 2568 semper
1660 2533 1779 2561 ultiones

993 2577 1095 2604 induci.
1110 2576 1224 2612 Copulat
1241 2582 1332 2605 autem
1348 2585 1409 2605 cum
1424 2579 1582 2613 partieulari
1601 2579 1696 2606 salutis
1710 2587 1778 2614 pro—

994 2622 1135 2654 missione,
1155 2626 1183 2649 et
1193 2623 1253 2657 ejus
1265 2624 1346 2650 etiam
1362 2624 1603 2659 signiﬁcationem.
1621 2633 1682 2659 qua:
1700 2633 1779 2659 gene-

992 2669 1031 2697 ris
1051 2673 1093 2697 est
1106 2670 1238 2696 universi.
1255 2669 1304 2696 Est
1319 2670 1392 2696 enim
1408 2677 1468 2704 quae
1499 2671 1526 2697 ﬁt
1548 2678 1598 2704 per
1615 2669 1714 2705 Cyrum
1735 2677 1778 2696 re-

770 2736 792 2752 "
810 2736 877 2764 ibid.
901 2735 943 2762 l2.
984 2736 1006 2752 "
1035 2737 1089 2764 lsa.
1117 2744 1190 2770 XLVI,
1211 2737 1237 2763 5.

801 2806 917 2834 ἾΛΗΙᾹΞ
936 2805 1134 2834 LECTIONES.

193 2848 205 2869 ἀ
220 2850 261 2876 to.
278 2849 382 2884 Κύρου.

320 2896 456 2925 Ρηιιοι.
479 2895 536 2925 (in.
562 2896 749 2926 LXXXVII.

1578 2900 1615 2928 '77
