1999 3076
203 167 274 199 2445

749 164 1014 196 COMMENTARII
1030 163 1071 194 IN
1091 164 1235 194 ISAIAM.

1763 162 1833 196 2446

204 225 286 254 Ἴσως
300 222 328 249 δὲ
339 221 385 249 κα¹ι
400 222 490 254 αὐτοῖς
503 222 578 256 λέγει
591 222 648 254 τοῖς
657 221 741 249 πάλαι
754 223 883 257 νικήσασι
893 230 900 237 ·
914 221 992 248 τοῦτο

1046 226 1162 248 mentem
1179 221 1359 256 interpretum
1374 220 1553 257 Septuaginta
1566 220 1679 250 referas.
1695 219 1830 249 deimmi‘

201 268 230 294 δὲ
248 267 316 303 πρὸς
341 267 387 293 τὸν
417 267 527 302 Ἰσραὴλ
552 266 635 301 ῥηθὲν
663 267 901 303 παρεμῦἐϐ).ηται.
926 265 994 293 Εἶτα

201 312 282 338 πάλιν
303 312 371 347 πρδς
391 311 449 347 τὴν
461 311 615 338 Χαλδαίαν
645 311 724 347 φησι,
750 311 884 338 Κάθισον
907 319 997 337 κατα-

200 357 379 392 νενυγμένη,
393 357 410 392 ἢ
430 357 500 383 κατὰ
520 357 678 392 Σύμμαχον,
716 356 879 384 σιωπῶσα·
899 357 917 392 ἡ
942 356 997 392 γὰρ

201 403 272 430 οὕτω
298 403 481 438 μεγάλαυχος,
501 402 550 429 καὶ
574 403 612 434 ὡς
640 403 770 436 οἰκέταις
783 403 912 438 χρωμένη
930 404 987 434 τοῖς

201 450 317 482 ἔθνεσιν,
336 449 489 485 μετάγνωθι
503 449 595 476 λοιπὸν
609 449 652 484 ἐφ’
666 446 706 481 οἷς
721 449 853 485 ἔπραξας,
869 449 989 484 τοσούτῳ

201 494 301 527 σκότῳ
318 494 442 525 παιδείας
457 493 628 528 ὲκδιδομένη.

1045 266 1119 293 tibus
1130 266 1265 300 ejusmodi
1285 270 1313 293 et
1329 266 1489 302 inhumanis
1506 265 1664 293 hominibus
1679 287 1687 299 ,
1705 266 1833 294 fortassis

1045 316 1074 339 et
1091 312 1124 338 de
1144 311 1198 339 illis
1221 311 1303 338 etiam
1318 319 1333 338 a
1353 312 1454 347 quibus
1466 312 1531 340 victi
1549 311 1686 347 quondam
1709 312 1834 345 fuerunt,

1046 357 1192 384 intellexit.
1211 356 1265 384 Sed
1285 361 1328 384 est
1343 357 1376 384 ad
1392 357 1522 385 lsraclem
1543 357 1646 384 dictum
1662 357 1734 384 istud
1749 357 1834 385 inter-

1041 402 1169 429 calatum.
1179 402 1333 430 Chaldwam
1346 403 1444 430 deinde
1455 403 1633 438 compellens,
1646 402 1722 436 Sede,
1732 402 1832 438 inquit,

1042 453 1197 482 compuncta
1213 457 1221 480 ;
1238 449 1280 476 vel
1296 454 1409 481 tacens,
1432 449 1586 477 secundum
1624 449 1830 485 Symmachum.

1043 493 1108 526 Quae
1121 494 1195 521 enim
1216 502 1249 522 eo
1272 495 1405 530 superbia:
1421 499 1448 523 et
1463 496 1627 532 arrogantia;
1648 504 1776 524 evaseras
1803 501 1834 523 ut

202 546 334 576 tanquam
359 541 453 574 servis,
471 540 629 568 nationibus
653 541 768 569 utereris
788 550 795 575 ;
818 545 845 569 te
863 541 993 576 deinceps
1011 547 1117 574 eorum,
1133 548 1194 576 qua:
1203 541 1325 576 gessisti,
1345 541 1468 569 cum~iu
1489 543 1574 571 tantis
1605 543 1739 570 doctrinm
1761 548 1833 570 tene-

201 589 256 615 bris
273 587 434 619 versareris,
451 587 584 622 pmnitere
597 595 706 622 aequum
721 590 773 615 est.

235 635 272 662 Τὸ
289 635 316 661 δὲ
348 634 436 668 ισχὺς
455 634 636 667 βασιλείας,
661 634 807 671 δέσποινα
825 633 993 666 ,βασιλειῶν

200 680 316 713 ἐξέδωκε
334 679 493 714 Σύμμαχος,
510 679 558 705 καὶ
572 679 622 714 τὴν
637 679 726 705 αἰτίαν
748 680 900 714 ἐπήγαγεν,
917 679 991 706 διδά-

201 734 273 752 σκων
284 725 321 756 ὡς
333 725 362 751 οὐ
374 725 414 751 δεῖ
427 725 484 755 τοῖς
501 724 553 750 ὑπὸ
571 724 639 750 Θεοῦ
655 724 882 759 ταπεινουμένοις
906 725 994 758 ἐπεμ-

201 770 314 802 ϐαίνειν,
327 769 373 800 οὓς
387 769 505 804 ἐγχωρεῖ
516 768 712 800 παιδευθέντας
730 768 904 803 ἐλεηθῆναι.
923 769 992 795 Συν-

200 816 256 850 ῳδὰ
266 815 294 842 δὲ
307 814 413 846 τούτοις
428 814 476 841 καὶ
487 814 626 850 Ζαχαρίας
642 814 740 850 φησίν
759 825 768 840 ι
790 815 932 850 Ἐζήλωκα
941 815 992 852 τὴν

208 859 387 896 Ἰερουσαλὴμ
399 859 479 895 ζῆλον
496 860 594 895 μέγαν,
608 860 655 886 καὶ
666 859 746 895 θυμῷ
762 859 872 895 μεγάλῳ
885 859 993 896 ὀργίζο-

201 913 251 941 μαι
274 904 329 939 ἐγὼ
348 905 395 931 ἐπὶ
408 904 444 931 τὰ
468 904 531 940 ἔθνη
550 905 585 931 τὰ
601 904 846 939 συνεπιτιθέμεναο
876 904 935 931 ἀνθ’
954 900 991 931 ὧν

200 950 256 985 ἐγὼ
268 951 318 986 μὲν
335 949 476 986 ὠργίσθην
489 949 583 984 ὀλίγα,
609 950 686 976 αὐτοὶ
704 949 732 976 δὲ
754 949 934 977 συνεπέθεντο
953 949 993 981 είς

200 996 283 1023 κακὰ.
304 1005 313 1021 ι
332 995 367 1021 Σὺ
380 995 418 1028 δὲ,
435 995 513 1030 φησι,
525 995 573 1021 καὶ
584 994 717 1029 διηνεκῶς
727 995 906 1027 βασιλεύειν
914 996 993 1022 ὑπεί-

200 1041 298 1076 ληφας,
318 1040 454 1067 παιδεύων
468 1041 529 1071 ταῖς
544 1040 699 1075 παρούσαις
713 1040 881 1076 εὐπραγίαις
894 1041 931 1076 μὴ
944 1049 994 1067 πε-

201 1086 337 1118 ποιθέναι,
355 1087 476 1121 προορᾷν
489 1086 518 1112 δὲ
535 1086 569 1113 τὰ
584 1086 717 1120 ἔσχατα,
737 1087 785 1113 καὶ
804 1087 854 1118 τὰς
877 1086 993 1123 ὕστερον

201 1132 334 1167 ἐσομένας
348 1132 512 1166 μεταϐολάς.
527 1131 620 1158 Ταῦτα
634 1131 663 1158 δὲ
676 1132 726 1166 τῆς
738 1132 928 1167 ὑπερηφανίας
937 1133 992 1159 τῶν

200 1178 230 1204 ὲν
247 1178 315 1213 αὐτῇ
332 1177 551 1212 βασιλευσάντων
576 1176 710 1212 ὑπῆρχεν.
732 1177 792 1212 Ὑφ’
810 1177 860 1204 ἕνα
879 1178 907 1204 δὲ
922 1178 991 1214 αὐτῇ

200 1224 299 1259 καιρὸν
308 1223 415 1250 ἀπειλεῖ
425 1222 520 1258 ἀνδρὸς
532 1222 661 1257 στέρησιν
673 1222 721 1249 τοῦ
738 1223 799 1250 καθ’
819 1223 849 1250 ὃν
867 1223 925 1258 ἥλω
943 1224 993 1259 βα-

201 1269 355 1301 σιλεύοντος
366 1270 473 1305 χρόνον,
493 1269 541 1295 καὶ
559 1269 664 1295 τέκνων
678 1268 732 1295 τῶν
751 1268 795 1294 ὑπ’
811 1269 897 1304 αὐτῆς
914 1269 993 1305 βασι-

200 1317 366 1351 λευομένων,
383 1316 398 1351 ἣ
413 1315 525 1343 καὶτῶν
546 1315 630 1350 αὐτῆς
648 1315 801 1351 οἰκητόρων
822 1315 851 1342 ἐν
867 1317 901 1351 τῇ
918 1316 991 1352 μάχῃ

201 1362 350 1389 πεσόντων.
366 1362 403 1389 Οὺ
419 1362 462 1388 διὰ
476 1361 510 1387 τὰ
522 1360 708 1396 προλεχθέντα
723 1361 751 1386 δέ
763 1369 805 1387 σοι
818 1360 906 1387 ταῦτα
923 1369 993 1396 συμ-

200 1408 314 1443 6ήσεται
330 1408 410 1442 μόνον
421 1416 428 1422 ⁸
442 1407 500 1434 ἀλλ’
515 1407 556 1433 ὅτι
571 1406 619 1433 καὶ
632 1406 683 1438 τὰς
700 1406 811 1438 ἐλπίδας
823 1407 853 1432 ἐν
874 1407 993 1442 ἐπῳδαῖς

200 1454 262 1480 ἔθου
274 1454 321 1480 καὶ
343 1454 538 1489 φαρμακείαις.
568 1452 761 1488 Προλεγόντων
778 1452 833 1487 γάρ
855 1460 898 1479 σοι
913 1453 993 1488 νίκην

199 1500 254 1526 τῶν
270 1499 341 1526 αὐτὰ
360 1500 517 1534 μετιόντων,
533 1500 601 1535 πρὸς
619 1499 701 1533 ὄγκον
718 1499 834 1534 ἀρθεῖσα
851 1500 994 1535 φρονήμα-

200 1555 255 1577 τος,
267 1546 335 1581 ὁμοῦ
351 1546 398 1572 καὶ
414 1547 447 1581 τῇ
465 1546 580 1580 δυνάμει
599 1544 740 1581 θαρροῦσα
752 1565 760 1578 ,
780 1545 829 1572 καὶ
842 1545 893 1580 τὴν
905 1546 994 1581 ἀρχὴν

200 1593 251 1619 οὐκ
267 1593 377 1627 οἰομένη
394 1593 511 1627 κρείττω
525 1592 668 1627 φανεῖσθαι
691 1592 741 1626 τὴν
756 1592 904 1627 Περσικὴν,
924 1592 991 1626 έφα-
1008 1612 1029 1641 c

202 1647 281 1670 σκες·
305 1638 378 1672 Ἐγώ
387 1639 456 1672 ειμι,
471 1638 519 1665 καὶ
535 1638 589 1664 οὐκ
605 1637 691 1665 ἔστιν
702 1637 798 1671 ἑτέρα,
816 1639 876 1670 ταῖς
891 1639 922 1665 ὲκ
932 1639 993 1665 δαι-

203 1685 291 1719 μόνων
319 1684 472 1720 μαντείαις,
488 1684 535 1710 καὶ
559 1685 620 1715 ταῖς
637 1683 666 1716 ἐξ
683 1683 791 1719 ἄστρων
818 1683 991 1720 Θαρῤήσασα.

201 1729 256 1756 Καὶ
271 1730 319 1765 τὴν
334 1730 380 1756 ἐπὶ
394 1729 519 1764 δαίμοσιν
537 1729 634 1762 ἐλπίδα
645 1730 788 1763 πορνείαν
801 1730 889 1757 καλεῖ.
911 1731 993 1757 Ἀπο-

202 1776 316 1811 στατικὴ
330 1776 384 1811 γάρ
399 1776 457 1801 ἐστι
470 1775 549 1802 Θεοῦ.
567 1776 638 1802 [lth
650 1776 705 1810 γὰρ
720 1775 875 1811 ἀνθρώποις
890 1777 906 1812 ἡ
925 1776 993 1811 πρὸς

200 1821 266 1847 Θεὸν
278 1822 415 1852 οἰκείωσις
431 1822 502 1848 κατὰ
518 1820 611 1856 φύσιν,
627 1821 644 1856 ἡ
658 1821 686 1848 δὲ
702 1821 771 1856 πρὸς
793 1821 924 1857 δαίμονας
946 1822 993 1849 ἁλ-

201 1867 306 1904 λοτρία,
331 1868 381 1903 τὴν
407 1867 510 1894 τούτων
529 1868 597 1903 πρὸς
611 1867 772 1902 ἀνθρώπους
793 1869 937 1895 συνουσίαν
950 1869 995 1895 διὰ

201 1913 327 1950 γοητείας
342 1914 511 1949 ἐπαγομένη.
529 1914 576 1940 Διὸ
589 1915 635 1940 καὶ¹
654 1914 761 1946 Παῦλος
784 1916 817 1950 τῇ
834 1915 995 1951 φαρμακείᾳ

202 1958 334 1984 συνάπτει
353 1958 401 1994 τὴν
421 1958 643 1993 εἰδωλολατρείαν
673 1959 780 1994 λέγων·
807 1968 818 1986 ι
846 1960 998 1988 Εἰδωλολα-

202 2001 292 2036 τρεία,
309 2002 479 2037 φαρμακεία.
500 2012 509 2028 ι

1077 633 1212 661 Caeterum
1230 640 1285 668 quo
1301 634 1359 661 loco
1379 633 1508 668 fortitudo
1538 635 1611 670 regni
1627 635 1768 666 habemus,
1785 637 1834 663 do-

1043 679 1116 705 mina
1133 686 1274 713 regnarunt
1290 679 1372 706 vertit
1388 679 1570 715 Symmachus
1584 689 1590 713 ;
1607 685 1633 708 et
1655 688 1767 709 causam
1788 682 1835 709 ad-

1042 723 1092 756 dit,
1107 728 1136 750 ut
1158 724 1254 751 doceat
1273 731 1329 751 non
1346 724 1379 752 iis
1396 733 1468 758 esse,
1483 726 1531 760 qui
1557 733 1571 753 a
1588 726 1643 754 Deo
1664 726 1833 763 afﬂiguntur,

1041 769 1252 804 insurgentium,
1282 777 1399 804 quorum
1431 772 1604 807 correptione
1621 772 1655 800 ad
1686 774 1835 802 misericor-

1045 815 1118 842 diam
1131 816 1223 850 potius
1241 816 1332 843 decuit
1352 817 1529 845 commoveri.
1546 817 1610 846 lstis
1632 823 1722 846 autem
1744 824 1770 847 et
1790 820 1836 847 illa

1045 864 1212 895 congruunt,
1225 868 1285 895 quae
1301 868 1348 895 per
1365 860 1524 889 Zachariam
1541 862 1568 890 in
1584 863 1657 891 hunc
1669 864 1778 892 modum
1793 865 1836 892 di-
1872 895 1875 899 λ

1046 910 1163 933 cuntur:
1187 915 1195 932 ι
1220 905 1373 934 ΑΞιιιιιΙιιιυε
1399 914 1460 934 sum
1475 908 1626 936 Jerusalem
1646 910 1706 937 zelo
1717 917 1833 946 magno:

1045 955 1072 980 et
1086 952 1127 979 ira
1149 959 1246 987 magna
1262 960 1312 988 ego
1334 952 1440 981 irascor
1457 962 1541 990 super
1565 960 1661 990 gentes
1679 957 1833 992 opulentas.

1044 998 1113 1032 Quia
1129 1006 1180 1033 ego
1209 999 1294 1026 iratus
1316 1007 1376 1027 sum
1392 1008 1499 1035 parum,
1530 1001 1582 1036 ipsi
1609 1002 1774 1030 addiderunt.
1801 1005 1835 1031 ad

1043 1044 1114 1071 mala
1131 1044 1182 1072 ⁷⁸.»
1200 1045 1235 1072 At
1251 1050 1276 1073 te
1287 1045 1392 1073 diutius
1411 1051 1582 1082 regnaturum
1591 1049 1724 1076 arbitrata
1737 1057 1777 1082 es,
1792 1050 1834 1077 in-

1043 1090 1112 1125 quit.
1131 1095 1161 1117 ut
1182 1092 1308 1125 praesenti
1325 1100 1416 1119 rerum
1432 1095 1573 1122 successui
1599 1102 1654 1122 non
1672 1103 1733 1123 esse
1751 1096 1835 1124 conﬁ-

1043 1136 1172 1168 dendum,
1191 1137 1239 1164 sed
1255 1137 1361 1171 ultima,
1380 1142 1406 1165 et
1418 1147 1480 1174 quae
1491 1140 1621 1175 deinceps
1638 1141 1738 1169 futurze
1758 1148 1834 1176 sunt,

1043 1181 1211 1209 mutationes
1233 1187 1362 1217 oportere
1384 1185 1526 1220 praavideri
1544 1186 1757 1215 demonstraret.
1782 1187 1835 1215 De-

1043 1227 1235 1255 monstrabant
1251 1236 1317 1256 vero
1334 1228 1390 1256 haec
1406 1238 1500 1257 eorum
1517 1232 1563 1265 qui
1581 1232 1609 1259 in
1626 1240 1657 1259 ea
1673 1239 1834 1268 regnarunt.

1044 1274 1241 1310 arrogantiam.
1257 1274 1288 1302 Ei
1309 1283 1391 1310 porro
1411 1284 1466 1304 uno
1484 1277 1636 1313 eodemque
1658 1284 1790 1315 tempore,
1809 1285 1836 1308 et

1043 1320 1105 1353 viri,
1121 1320 1168 1355 qui
1184 1320 1250 1347 dum
1262 1326 1340 1355 capta
1358 1326 1400 1349 est
1410 1322 1552 1357 regnabat,
1568 1328 1595 1350 et
1611 1322 1772 1357 liberorum,
1788 1331 1836 1352 aut
1883 1318 1893 1326 ’

1044 1366 1124 1393 etiam
1141 1365 1254 1398 civium,
1271 1366 1318 1400 qui
1336 1367 1363 1393 in
1385 1367 1443 1394 acie
1465 1368 1556 1395 casuri
1572 1372 1675 1400 essent,
1695 1369 1834 1397 interitum

1044 1412 1196 1438 minitatur.
1215 1410 1309 1447 Neque
1325 1417 1415 1440 tamen
1440 1413 1491 1441 ista
1510 1413 1538 1441 in
1561 1418 1587 1442 te
1612 1415 1712 1447 solum,
1734 1416 1834 1451 inquit,

1045 1461 1207 1493 propterea,
1224 1465 1285 1492 quae
1303 1464 1367 1486 ante
1376 1459 1449 1486 dicta
1464 1465 1538 1493 sunt,
1554 1465 1669 1487 ventura
1688 1465 1771 1494 sunt;
1788 1462 1835 1489 sed

1045 1504 1106 1531 ideo
1119 1504 1202 1531 etiam
1221 1505 1293 1539 quod
1309 1513 1371 1540 spes
1384 1510 1446 1533 tuas
1459 1506 1485 1532 in
1500 1507 1734 1535 incantationibus
1750 1513 1777 1536 et
1791 1516 1838 1535 ve-

1046 1549 1152 1578 neliciis
1173 1551 1241 1579 sitas
1261 1550 1344 1586 536
1371 1551 1510 1580 habueris.
1529 1552 1596 1580 Cum
1612 1554 1684 1581 enim
1708 1562 1791 1590 penes
1811 1560 1838 1582 te

1048 1593 1106 1621 fore
1118 1594 1261 1622 victoriam
1273 1597 1465 1630 praedicerent,
1477 1598 1522 1632 qui
1539 1605 1569 1625 ea
1585 1597 1715 1632 adibant;
1730 1604 1836 1627 tantum

1045 1641 1118 1669 fastu
1132 1646 1159 1669 et
1175 1645 1332 1677 arrogantia
1358 1643 1522 1677 intumuisti,
1534 1649 1564 1672 ut
1577 1645 1676 1680 opibus
1687 1646 1740 1673 tuis
1755 1646 1835 1677 freta,

1044 1686 1192 1722 Persisque
1213 1693 1239 1715 te
1258 1688 1318 1716 fore
1341 1691 1509 1724 superiorem
1528 1691 1672 1723 arbitrata,
1688 1700 1745 1719 esse
1762 1697 1797 1725 te,
1812 1698 1837 1720 et

1043 1740 1094 1760 non
1104 1734 1229 1761 exsistere
1243 1734 1336 1769 aliam,
1349 1735 1432 1770 inque
1441 1736 1588 1770 vaticiniis,
1603 1744 1664 1772 qua:
1683 1745 1731 1772 per
1740 1738 1838 1766 dmino-

1044 1785 1093 1805 nas
1108 1783 1137 1806 et
1152 1784 1226 1807 astra
1240 1781 1319 1814 lltmt,
1336 1781 1484 1813 confidere,
1497 1789 1565 1809 ausa
1581 1782 1620 1809 sis
1636 1783 1738 1810 dicere.
1755 1783 1836 1818 Spem

1043 1823 1154 1858 deinde,
1168 1834 1229 1860 qua:
1241 1827 1268 1854 in
1280 1827 1450 1856 daemonibus
1458 1828 1618 1860 collocatur.
1633 1829 1837 1863 fornicationem

1045 1870 1107 1898 ideo
1123 1873 1257 1905 nominat,
1272 1874 1343 1908 quod
1360 1881 1375 1900 a
1393 1874 1448 1901 Deo
1463 1879 1582 1909 separet.
1598 1875 1646 1903 Est
1661 1877 1734 1903 enim
1748 1876 1793 1904 Dei
1810 1882 1837 1904 et

1047 1917 1188 1944 hominum
1204 1917 1322 1950 maxime
1339 1920 1490 1947 secundum
1507 1925 1633 1948 naturam
1653 1922 1835 1955 familiaritas,

1048 1962 1137 1990 aliena
1161 1970 1251 1992 autem
1275 1965 1364 2000 plane,
1390 1974 1450 2001 quae
1478 1973 1541 1993 cum
1563 1967 1731 1994 daemonibus
1757 1967 1835 2001 inita,

1049 2008 1103 2035 illis
1119 2016 1182 2036 cum
1201 2010 1360 2038 hominibus
1387 2019 1565 2046 congressum
1587 2013 1700 2048 magicis
1727 2013 1836 2041 artibus

201 2048 347 2075 conciliat:
371 2048 488 2084 indeque
514 2052 556 2076 est
576 2048 647 2085 quod
662 2048 763 2077 Paulus
785 2049 921 2077 idolorum
937 2052 1042 2080 cultum
1055 2061 1117 2081 cum
1134 2056 1168 2083 iis
1182 2056 1335 2093 conjungit,
1367 2065 1430 2085 cum
1455 2057 1592 2086 idolorum
1627 2060 1756 2091 servitus,
1787 2067 1837 2087 ve-

201 2095 309 2128 nelicia,
323 2094 390 2122 dicit
401 2094 435 2121 ".

237 2142 275 2168 Οὐ
287 2140 377 2168 τοίνυν
388 2140 450 2168 οὔτε
464 2141 627 2174 Χαλδαίοις
641 2141 697 2168 οὔθ’
715 2142 820 2178 ἑτέροις
837 2143 869 2169 τὸ
885 2144 992 2171 εἰδωλο-

201 2189 311 2224 λατρεῖν
337 2188 530 2222 συγγνωστὸν,
549 2188 608 2215 ἀλλ’
636 2188 770 2224 ὀλέθριον.
786 2190 896 2217 Ἔσται
923 2189 991 2223 οὗν,

1081 2145 1141 2174 Non
1157 2150 1201 2175 cst
1221 2147 1305 2182 igitur
1320 2147 1393 2174 idola
1413 2147 1502 2175 colere
1520 2155 1608 2183 neque
1625 2147 1773 2181 Cltalda'is,
1788 2158 1838 2178 ne-

1045 2201 1098 2228 que
1118 2193 1180 2221 aliis
1199 2193 1278 2220 venia
1299 2192 1425 2228 dignum,
1447 2193 1496 2220 sed
1513 2195 1612 2228 capite.
1630 2193 1687 2221 Erit
1712 2203 1772 2230 ergo
1783 2195 1838 2230 for-

202 2234 297 2270 φησὶν,
317 2235 334 2269 ἡ
349 2234 473 2267 πορνεία
484 2242 543 2261 σου
560 2235 604 2267 εὶς
621 2235 785 2269 αἰσχύνην,
810 2236 848 2262 ὅτ’
871 2236 904 2263 ἂν
918 2237 935 2272 ἡ
947 2236 992 2263 ἐπὶ

1046 2240 1145 2267 nicatio
1162 2245 1219 2273 tua,
1235 2240 1333 2276 inquit,
1348 2240 1375 2267 in
1390 2240 1521 2273 dedecus;
1537 2248 1597 2268 cum
1610 2242 1740 2277 tibi,qua=.
1755 2247 1797 2270 est
1809 2244 1837 2270 in

201 2280 326 2316 δαίμοσιν
350 2279 439 2313 ἐλπὶς
466 2280 607 2316 διαπέσῃ,
631 2278 675 2307 ὦν
692 2282 711 2315 ἡ
740 2281 839 2316 ἰσχὺς,
853 2283 992 2316 ἀσθένεια,

203 2327 273 2361 μήτε
297 2325 441 2360 προλέγειν
464 2326 592 2361 ἐχόντων,
622 2327 660 2359 ὠς
678 2327 734 2362 ἐγώ
748 2337 790 2354 σοι
808 2329 907 2362 ταῦτα,
923 2331 993 2366 μήτε

202 2371 308 2406 βοηθεῖν
319 2371 487 2406 δυναμένων.
509 2371 583 2398 ’Δντὶ
592 2371 621 2397 δὲ
638 2371 696 2403 τοῦ,
711 2372 807 2400 Γνῶθι
820 2373 864 2400 ὅτι
878 2374 896 2407 ἡ
915 2375 992 2401 σύν-

200 2425 266 2450 εσις
279 2417 392 2444 τούτων
408 2415 504 2449 ἔσται,
520 2418 569 2443 καὶ
595 2417 615 2451 ἡ
633 2419 757 2452 πορνεία
778 2428 826 2446 σοι
848 2421 991 2454 αἰσχύνη,

201 2463 349 2497 Σύμμαχός
363 2469 444 2497 φησι·
461 2462 517 2489 Καὶ
531 2463 549 2497 ἡ
569 2463 678 2498 γνῶσίς
712 2473 770 2492 σου
785 2466 861 2499 αὕτη
882 2466 995 2500 ἐξηπά-

200 2509 296 2542 τησέν
307 2515 355 2536 σε.
373 2509 504 2536 Σύνεσιν
524 2509 552 2536 δὲ
576 2510 714 2545 καλεῖτὴν
739 2512 835 2545 σοφίαν
850 2512 905 2539 τῶν
924 2514 994 2548 μάν-

200 2564 280 2582 τεων.
295 2555 341 2582 Διό
363 2563 441 2590 φησι,
455 2555 508 2582 Καί
521 2556 557 2582 οὐ
580 2555 624 2590 μὴ
641 2555 718 2590 γνῷς
730 2556 764 2583 ἐκ
779 2559 922 2591 μαντείας
941 2559 996 2586 τὸν

200 2602 402 2637 ἐπερχόμενον
429 2601 564 2635 ὄλεθρον,
589 2602 619 2628 ὃν
645 2603 691 2629 καὶ
705 2603 842 2635 βόθυνον
863 2605 950 2636 καλεῖ,
964 2605 995 2632 τὸ

201 2647 322 2682 ἄφυκτον
337 2646 392 2673 τῶν
407 2647 631 2680 ἐμπεπτωκότων
651 2648 750 2683 δηλῶν.
781 2649 936 2684 Παρίστησι
965 2650 993 2676 δὲ

201 2693 301 2727 Δανιὴλ
316 2693 389 2723 ὅπως
402 2691 478 2727 παρὰ
492 2692 636 2725 Χαλδαίοις
651 2693 799 2729 διέπρεπον
814 2695 897 2729 μάγοι
908 2694 992 2727 τινὲς,

201 2741 250 2768 καὶ¹
266 2739 431 2774 Γαζαρηγοὶ,
458 2729 515 2766 καὶ.
531 2741 684 2776 φαρμακοὶ,
710 2742 757 2768 καὶ
778 2742 803 2768 οἱ
821 2741 855 2768 τὰ
879 2741 993 2769 τοιαῦτα

203 2786 278 2822 σοφοὶ
292 2784 374 2821 (οὕτω
387 2784 443 2820 γὰρ
456 2785 555 2817 αὐτοὺς
570 2786 708 2823 ἐκάλουν),
720 2787 745 2814 οἳ
762 2789 809 2814 καὶ
832 2787 993 2823 εὐδοκίμουν

239 2876 260 2892 ⁷⁸
275 2876 388 2904 Zachar.
403 2885 421 2907 ι.
441 2877 484 2905 Η.
523 2878 545 2893 τι
558 2877 656 2912 Epiros.
674 2887 700 2909 γ,
719 2878 744 2906 5.
782 2879 803 2894 ⁷⁵
821 2878 886 2904 Dan.
903 2885 932 2908 ιι,
950 2876 974 2903 ι.

1047 2286 1228 2319 dtemonibus,
1244 2295 1303 2321 spes
1320 2286 1459 2319 exciderit,
1475 2296 1587 2322 quorum.
1604 2289 1687 2315 virtus
1700 2290 1735 2316 ab
1750 2290 1838 2325 impo-

1047 2334 1131 2360 tentia
1146 2341 1199 2360 uon
1214 2332 1317 2364 differt.
1334 2333 1381 2368 qui
1403 2333 1450 2360 tibi
1468 2334 1694 2368 nihilquidquam
1710 2335 1752 2362 vel
1767 2342 1837 2370 pra:-

1047 2376 1146 2408 dicere,
1161 2381 1189 2402 ut
1198 2383 1247 2410 ego
1259 2376 1321 2408 ista,
1334 2375 1376 2402 vel
1386 2376 1511 2402 auxiliari
1524 2381 1637 2410 queunt.
1650 2375 1750 2411 Atpro,
1763 2377 1836 2404 Scito

1046 2420 1116 2454 quod
1135 2420 1280 2453 prudentia
1295 2421 1390 2447 [torum
1404 2421 1465 2452 erit,
1480 2428 1504 2447 et
1519 2421 1662 2455 fornicatia
1677 2425 1722 2447 tua
1732 2421 1779 2448 tibi
1790 2422 1837 2448 tle-

1046 2467 1146 2499 decori,
1166 2467 1203 2493 ita
1227 2466 1430 2501 Symmachus:
1448 2465 1482 2492 Et
1507 2466 1680 2501 intelligentia
1704 2473 1761 2499 tua,
1782 2467 1836 2494 luet:

1046 2512 1145 2546 decepit
1162 2517 1196 2539 te.
1213 2511 1262 2538 Ubi
1282 2512 1463 2547 intelligentia:
1479 2513 1591 2540 nomine
1614 2512 1780 2539 vaticinandi
1792 2520 1838 2539 ur»

1047 2560 1101 2583 tem
1119 2556 1291 2590 signiﬁcavit.
1309 2555 1342 2582 Et
1359 2556 1422 2582 inde
1438 2561 1490 2588 est,
1505 2556 1578 2590 quod
1601 2556 1653 2583 ait;
1670 2555 1705 2582 Et
1725 2564 1777 2582 non
1792 2564 1836 2582 co-

1045 2609 1153 2636 gnosces
1169 2609 1202 2628 ea;
1226 2602 1357 2629 vaticiniis
1371 2601 1552 2628 advenientem
1574 2602 1732 2634 interitum;
1756 2609 1836 2636 quem

1046 2647 1148 2681 foveam
1161 2648 1242 2675 etiam
1258 2647 1415 2682 appellavit,
1433 2651 1461 2673 ut
1480 2655 1538 2679 eos,
1549 2647 1595 2682 qui
1613 2647 1639 2674 in
1650 2655 1711 2674 eam
1728 2646 1837 2674 cecide-

1039 2695 1104 2725 rint,
1126 2702 1179 2721 non
1193 2701 1254 2722 esse
1270 2701 1402 2721 evasuros
1419 2693 1633 2721 demonstraret.
1662 2693 1750 2728 Legas
1773 2701 1837 2721 vero

1045 2745 1072 2767 et
1085 2741 1156 2776 apud
1181 2740 1319 2768 Daniclcm
1336 2747 1429 2774 magos
1449 2739 1477 2766 in
1498 2739 1624 2766 Chaldtea
1644 2741 1790 2774 quosdam,
1811 2741 1839 2766 et

1047 2786 1213 2819 Gazat‘rnos,
1239 2786 1473 2819 ctrvcneticos”,
1495 2785 1618 2821 aliosque
1641 2785 1742 2813 artiutu
1767 2784 1838 2819 ejus-
