1999 3076
155 149 225 182 2447

823 153 998 184 PROCOPII
1014 153 1136 183 ὒΑΖΑῖῙ

1727 152 1797 183 2448

154 206 229 234 modi
247 204 429 240 professores,
449 213 518 241 quos
535 206 575 234 illi
603 207 742 242 sapientes
762 213 871 240 vocant,
892 208 941 235 cla-

1002 208 1078 244 παρὰ
1090 209 1129 244 τῷ
1143 208 1266 244 βασιλεῖ,
1286 207 1324 240 ὡς
1339 207 1373 235 δι’
1392 206 1484 234 αὐτῶν
1506 207 1726 244 κατορθουμένης
1743 209 1793 243 τῆς

154 251 255 284 ruisse,
271 254 433 285 tantumque
445 251 500 287 regi
515 252 646 286 probatos
666 254 762 287 fuisse,
777 257 807 281 ut
824 262 879 281 non
894 254 949 281 nisi

153 304 248 324 eorum
260 296 391 332 auspiciis
401 304 514 332 regnum
529 297 648 326 feliciter
667 300 855 327 administrari
866 307 949 335 posse

153 342 294 369 crederet:
307 349 376 376 quos
389 341 432 368 hic
449 349 497 377 per
517 342 603 377 ignem
617 351 750 378 passuros
765 352 828 372 esse
856 345 949 371 vindi-

153 392 225 415 ctam
255 391 348 416 monet
365 388 507 423 propheta,
529 395 591 415 cum
611 393 638 416 et
653 389 751 424 ipsum,
776 390 858 417 nullis
870 391 949 417 auxi--

153 434 219 461 lium
250 434 322 462 ferre
337 433 504 466 valentibus,
526 434 588 469 igne
618 436 788 470 conﬂagrare
807 436 947 463 civitatem

152 481 309 516 contigerit.
322 480 393 508 Sunt
408 484 500 507 tamen
517 481 562 515 qui
578 488 733 509 sermonem
745 482 779 509 ad
790 481 947 509 Chaidteam

151 527 256 555 ironice
282 527 362 562 dirigi
395 527 576 561 arbitrentur,
602 535 665 554 cum
699 528 794 556 habere
820 529 947 556 carbones

151 574 231 609 ignis,
257 578 406 602 aestuantes
427 573 556 600 nimirum
578 578 604 601 et
621 574 799 609 prmrervidos
820 575 947 603 homines

152 621 214 648 illos
229 621 309 653 dixit,
329 620 364 647 de
375 620 476 655 quibus
487 619 630 652 intellexit,
643 628 717 653 eum,
739 621 761 648 si
779 622 890 656 quando
902 630 947 648 su-

151 675 197 701 per
211 667 291 702 537
306 675 350 694 eos
363 666 474 698 sederis,
492 666 519 693 id
534 670 587 699 est,
607 667 786 701 requieveris.
811 668 945 702 adjnnxil.

150 713 275 740 Aderunt
287 712 359 740 enim
375 712 425 740 tibi
439 713 466 739 in
479 713 622 740 auxilium.
639 712 688 741 Vel
701 718 785 746 certe,
800 714 946 742 carbonum

150 757 274 790 nomine,
299 757 391 790 utiles,
416 762 444 785 et
459 759 493 785 ad
513 759 734 795 resipiscentiam
761 766 945 796 provocantes

119 814 124 818 ~
149 810 245 838 posnas
259 803 406 837 signiﬁcat.
425 802 487 831 Tibi
504 804 588 836 enim,
614 805 713 839 inquit,
736 813 798 832 cum
821 807 944 842 resipue-

149 848 200 881 ris,
216 849 268 876 ista
289 848 316 876 in
337 849 513 877 commodum
526 858 578 878 -me
598 851 748 878 auxiliante
772 853 887 880 cesserit
902 853 944 880 ul-

1002 255 1153 290 βασιλείας,
1168 255 1215 287 οὓς
1229 263 1296 290 φησι
1321 254 1528 289 καταλήψεσθαι
1554 256 1604 290 τὴν
1630 254 1680 281 διὰ
1697 255 1794 290 πυρὸς

1000 301 1148 336 τιμωρίαν,
1159 301 1240 336 ἡνίκα
1254 300 1440 336 πυρίκαυστος
1455 301 1504 327 καὶ
1518 301 1534 335 ἡ
1549 301 1627 332 πόλις
1639 302 1792 336 γενήσεται,

1001 347 1069 381 μηδὲ
1079 346 1171 377 αὐτοῖς
1196 346 1302 381 βοηθεῖν
1318 345 1495 380 δυναμένους.
1511 345 1589 377 Τινὲς
1600 345 1628 372 δὲ
1639 347 1698 372 κατ’
1714 347 1794 381 εἰρω-

999 392 1073 418 νείαν
1085 393 1130 418 τὸν
1144 392 1222 426 λόγον
1235 392 1302 428 πρὸς
1311 392 1368 426 τὴν
1379 392 1535 419 Χαλδαίαν
1545 392 1679 424 ἐδέξαντο.
1691 393 1794 426 Ἔχεις

999 438 1152 471 ἄνθρακας
1165 437 1272 471 πυρὸς,
1291 438 1305 464 ὃ
1324 438 1383 463 ἐστι
1405 437 1524 472 θερμοὺς
1540 438 1640 472 ἄνδρας
1653 438 1700 464 καὶ
1717 437 1793 469 ζέον-

999 492 1059 514 τας,
1073 484 1137 514 τοὺς
1149 483 1212 517 περὶ
1221 480 1258 508 ὧν
1268 484 1281 509 ὁ
1292 482 1381 516 λόγος,
1392 482 1429 509 ὅτ’
1438 483 1471 508 ἂν
1482 481 1528 508 ἐπ’
1539 482 1640 515 αὐτοῖς
1651 482 1791 515 καθίσῃς,

998 529 1012 556 ὅ
1025 530 1101 556 ἐστιν
1116 529 1312 564 ἐπαναπαύσῃ.
1328 529 1410 555 Αὐτοὶ
1422 528 1475 564 γὰρ
1491 528 1598 556 ἔσονταί
1616 537 1658 554 σοι
1670 527 1791 563 βοήθεια.

1000 576 1103 609 Ἦγουν
1115 575 1276 608 ἄνθρακας,
1288 574 1336 606 τὰς
1351 575 1568 609 ἑπιστρεπτικὰς
1582 575 1630 601 καὶ
1637 574 1792 608 ὠφελίμους

996 620 1131 656 τιμωρίας
1147 620 1235 646 καλεῖ.
1255 620 1469 655 Ἐπιστραφείσῃ
1481 620 1536 655 γάρ
1550 628 1601 652 σοι,
1612 620 1703 654 φησὶν,
1717 619 1792 645 ἔσται

996 666 1031 692 τὰ
1049 667 1100 701 τῆς
1118 665 1254 701 τιμωρίας
1267 665 1334 700 πρδς
1349 664 1454 699 ἀγαθοῦ
1469 665 1517 699 τῆς
1531 665 1596 700 παρ’
1611 664 1679 699 ἐμοῦ
1691 673 1794 699 τυγχα-

997 711 1096 747 νούσης
1109 712 1265 746 βοηθείας,
1282 713 1306 738 εἰ
1321 712 1368 739 καὶ
1381 713 1427 740 τὸν
1442 713 1496 748 πρὸ
1514 712 1560 738 τοῦ
1575 712 1671 747 χρόνον
1685 712 1725 742 εἰς
1734 721 1793 746 μα-

996 760 1172 785 ταιοπονίαν
1190 759 1363 792 ἀνήλωσας.
1378 759 1471 785 Ταῦτα
1487 759 1516 786 δὲ
1533 758 1627 794 φησὶν,
1642 758 1720 784 ἔσται
1744 757 1792 784 καὶ

995 804 1057 830 καθ’
1071 804 1185 830 ἕκαστον
1196 804 1250 830 τῶν
1263 804 1426 840 ἀνθρώπων.
1447 803 1486 831 Δι’
1509 804 1622 836 ἑαυτοὺς
1637 803 1691 837 γὰρ
1713 804 1791 829 πλα-

993 850 1137 884 νηθέντες
1150 850 1399 886 ἓξουσιτιμωρίαν,
1411 850 1444 885 ἥν
1459 851 1489 877 οὺ
1508 850 1594 886 φεύξῃ
1608 849 1645 884 μὴ
1659 850 1788 884 μετανοή-

149 895 200 928 tio,
220 895 399 930 quantumvis
416 899 496 923 antea
519 897 546 923 in
568 905 664 924 uanum
685 898 861 926 laboraveris.
879 899 941 926 Haec

995 903 1073 923 σασα.
1094 895 1131 922 Τὸ
1146 895 1174 921 δὲ
1189 895 1367 928 ἐκοπίασας,
1383 895 1444 922 ἀντὶ
1465 894 1512 921 τοῦ
1529 894 1714 928 ὴσθένησας.
1733 895 1791 920 Με-

149 945 252 974 autem,
266 941 365 977 inquil,
383 942 464 969 etiam
493 942 609 977 singulis
633 943 789 972 hominibus
810 948 942 972 eventura

149 991 224 1013 sunt.
242 985 294 1014 Per
307 993 337 1014 se
354 986 427 1014 enim
442 987 489 1022 qui
506 993 643 1020 errarunt,
663 988 775 1016 trullam
790 989 941 1024 patientur;

147 1039 229 1067 quam
250 1039 301 1060 nec
314 1032 370 1064 illa,
385 1039 466 1067 quam
484 1040 538 1060 non
548 1034 722 1068 paenituerit,
741 1035 845 1062 evitare
866 1040 943 1070 pote-

148 1079 192 1106 rit.
202 1077 345 1113 Signiﬁcat
355 1086 419 1106 vero
428 1079 500 1106 idem
514 1079 656 1111 laborasti,
680 1089 710 1108 uc
723 1080 860 1113 siinﬁrmu
868 1081 944 1116 fuisti

148 1124 274 1152 dixisset.
291 1124 425 1152 Perfacile
437 1118 510 1152 enim
521 1126 673 1161 expugnati
688 1126 807 1162 capique
821 1132 942 1162 poteras,

993 941 1167 968 ταϐαλοῦσα
1184 941 1238 976 γὰρ
1249 941 1289 972 εἰς
1299 941 1432 976 δαίμονας
1444 941 1497 967 ἀπὸ
1515 941 1582 967 Θεοῦ
1595 941 1644 976 τὴν
1661 940 1792 975 λατρείαν

993 987 1128 1018 εὐάλωτος
1142 987 1269 1020 γέγονας.
1291 987 1365 1014 Ἀντὶ
1379 987 1408 1013 δὲ
1424 987 1472 1014 τοῦ
1484 996 1490 1003 ·
1514 987 1698 1020 Ἐκοπίασας
1709 986 1744 1014 ἐν
1753 986 1791 1020 τῇ

990 1032 1143 1067 μεταϐολῇ
1156 1040 1225 1063 σου,
1249 1033 1297 1059 καὶ
1312 1033 1346 1060 τὰ
1366 1033 1431 1067 ἑξῆς
1443 1042 1449 1048 ·
1469 1034 1494 1060 οι
1521 1033 1610 1060 λοιποί
1635 1041 1718 1068 φασιν
1731 1053 1738 1065 ,
1756 1033 1790 1060 οι

994 1079 1118 1113 ἔμποροί
1130 1086 1189 1105 σου
1204 1079 1264 1106 ἀπὸ
1276 1080 1417 1112 νεότητός
1429 1086 1498 1106 σου.
1525 1079 1672 1111 Ἕκαστος
1692 1079 1735 1112 εἰς
1757 1079 1790 1105 τὸ

994 1123 1088 1158 πέραν
1100 1124 1113 1144 Ιι
1131 1123 1240 1150 ἑαυτοῦ
1260 1123 1490 1158 ἐπλανήθησαν,
1505 1123 1540 1156 ἐξ
1555 1121 1599 1150 ὧν
1618 1123 1719 1156 οὐδεὶς
1739 1123 1790 1150 εῦ-

148 1178 208 1206 quze
223 1170 269 1198 Dei
289 1171 393 1198 cultum
421 1178 483 1199 cum
504 1171 675 1200 daemonibus
695 1178 886 1202 canimutaras.
908 1176 941 1202 At

995 1171 1080 1205 ρηταί
1090 1178 1140 1198 σοι
1149 1171 1348 1204 σωτήρ.-Διὸ
1360 1172 1417 1197 οὐκ
1429 1171 1514 1198 ἐστιν
1527 1172 1542 1198 ό
1553 1169 1654 1200 σώζων
1664 1178 1712 1203 σε,
1720 1169 1791 1197 κατὰ

147 1217 232 1249 enim,
250 1224 318 1252 quo,
335 1217 395 1244 loco
410 1216 554 1244 Laborasti
573 1219 601 1245 in
617 1220 822 1247 commutatione
843 1224 900 1252 tua,
917 1224 945 1248 ct

102 1300 105 1301 ν
132 1265 208 1297 ’quaa
219 1268 383 1298 sequuntur,
400 1263 531 1298 legimus;
545 1263 645 1291 ibidem
657 1265 764 1292 caeteri:
783 1264 942 1300 Negotium-

147 1315 189 1335 τοι
207 1309 245 1335 tui
263 1303 492 1348 ab'adolescentia
516 1313 572 1342 tua,
591 1310 770 1345 unusquisque
783 1311 811 1337 in
825 1311 876 1345 ﬁne
891 1319 940 1338 suo

146 1359 312 1386 erraverunt,
329 1361 362 1381 ea:
376 1353 471 1388 quibus
491 1354 579 1381 nullus
592 1355 711 1382 inventus
729 1360 768 1382 est
782 1356 831 1382 tibi
852 1357 941 1384 salva-

148 1403 199 1432 tor,
216 1399 451 1434 interpretantur;
467 1399 649 1435 Symmachus
661 1405 763 1434 :iutem,
783 1401 878 1437 Imque
889 1412 941 1430 non

147 1449 196 1476 est,
222 1445 267 1480 qui
283 1444 365 1471 solvet
382 1450 415 1472 te.
434 1445 563 1472 Nonnulli
593 1454 674 1480 porro
693 1446 778 1474 illud:
807 1447 892 1475 Homo
912 1449 939 1475 in

147 1489 289 1524 semetipso
307 1490 418 1522 erravit,
436 1489 484 1516 tibi
494 1496 583 1516 autem
602 1499 653 1518 non
666 1493 717 1518 erit
736 1492 821 1524 salus,
840 1493 875 1519 ita
891 1501 942 1520 et-

993 1217 1153 1253 Σύμμαχον.
1180 1216 1259 1247 Τινὲς
1275 1216 1304 1243 δὲ
1332 1216 1371 1248 τὸ,
1399 1217 1568 1250 Ἀνθρωπος
1590 1216 1654 1243 καθ’
1679 1216 1790 1242 ἑαυτὸν

992 1263 1163 1296 ἐπλανήθη,
1179 1261 1229 1289 σοὶ
1246 1261 1280 1288 δὲ
1292 1263 1346 1288 οὐκ
1361 1262 1448 1288 ἔσται
1464 1261 1598 1295 σωτηρία
1614 1281 1621 1294 ,
1636 1260 1722 1292 οὕτως
1743 1261 1789 1296 ἑρ-

996 1310 1143 1344 μήνευσαν,
1158 1309 1224 1334 ὡσεὶ
1243 1308 1336 1342 ἔλεγεν
1349 1315 1356 1322 ’
1374 1307 1470 1334 Πολλοὶ
1493 1308 1547 1334 τῶν
1571 1307 1723 1342 ἀνθρώπων
1743 1307 1790 1333 ἀν-

994 1355 1137 1391 θρωπίνως
1150 1355 1353 1390 ἐπλανήθησαν,
1366 1354 1531 1389 συμμέτρως
1542 1354 1708 1385 ἀποστάντες
1720 1352 1788 1379 Θεοῦ

995 1401 1110 1428 πάθεσιν
1122 1399 1317 1435 ὑπενεχθέντες
1335 1400 1453 1434 σαρκός·
1471 1400 1503 1426 σὺ
1515 1399 1543 1426 δὲ
1559 1399 1598 1431 είς
1614 1398 1693 1425 τοῦτο
1722 1406 1790 1433 προ-

995 1447 1061 1482 ἐὸης
1087 1446 1260 1480 ἀνοσιότητος
1277 1465 1284 1477 ,
1298 1445 1336 1477 tbi,-
1356 1445 1458 1481 μηδένα
1472 1453 1513 1471 σοι
1543 1444 1680 1479 σωτηρίας
1705 1445 1789 1470 τόκον

994 1492 1214 1528 περιλειφθῆναι.

147 1535 259 1568 plicnul,
280 1543 312 1562 ac
326 1535 348 1563 si
372 1535 524 1570 pernmltos
542 1535 668 1564 homines
683 1538 774 1564 carnis
798 1538 942 1565 affectibus
962 1538 1102 1573 abreptos,
1116 1545 1178 1564 cum
1195 1544 1210 1564 a
1229 1537 1283 1563 Deo
1293 1536 1399 1563 modice
1429 1537 1622 1569 recessissent,
1643 1537 1788 1563 aberrasse

146 1580 268 1615 quidem,
295 1585 320 1608 te
344 1585 445 1613 autem,
467 1589 499 1608 eo
522 1581 701 1616 impuritatis,
733 1583 903 1618 processisse
922 1584 1038 1616 diceret,
1055 1589 1084 1610 ut
1112 1583 1204 1610 nullus
1221 1582 1268 1609 tibi
1283 1583 1364 1609 saluti
1379 1583 1456 1609 locus
1476 1582 1643 1616 relinquatur
1658 1582 1785 1617 amplius.

434 1649 512 1676 CAP.
535 1642 651 1678 vam.

183 1695 350 1731 538Vsns.
361 1695 440 1723 l-il.
452 1695 546 1722 Audite
555 1696 621 1728 hwc,
631 1696 726 1724 domus
734 1696 882 1733 Jacob,qui
897 1706 941 1725 vo-

147 1742 199 1768 cati
212 1742 274 1767 estis
291 1741 395 1767 nomine
410 1740 506 1773 Israel,
521 1746 544 1768 et
557 1741 648 1768 existis
661 1741 692 1768 de
709 1750 778 1776 aqua
794 1742 878 1776 Iuda,
895 1743 940 1777 qui

143 1787 246 1822 jurutis
267 1787 373 1814 nomine
392 1786 499 1814 Domini
517 1786 565 1814 Dei
584 1786 682 1818 Israel,
697 1789 741 1822 qui
762 1789 940 1816 recordamini

148 1843 200 1861 non
213 1842 273 1860 cum
288 1834 409 1867 ueritate,
428 1842 509 1869 neque
526 1842 584 1861 cum
597 1835 719 1868 justitia,
740 1836 785 1870 qui
797 1835 940 1863 ari/umetis

147 1881 249 1906 ηοιιιὶηἱ
266 1881 380 1907 civitatis
396 1885 541 1913 sanctw,et
551 1888 628 1915 super
642 1880 723 1907 Deum
735 1880 822 1908 Israel
833 1887 940 1908 consta-

148 1926 215 1952 ln'liti
228 1927 302 1958 estis,
317 1931 368 1953 etc.

183 2024 331 2060 Postquam
348 2025 382 2053 de
397 2025 554 2062 Babyloniis
576 2027 684 2055 locutus
701 2032 764 2060 est;
781 2028 814 2055 ad
829 2027 940 2055 Judaao-

148 2082 207 2100 rum
227 2074 468 2108 reprehensionem
486 2074 612 2107 accedit;
628 2074 716 2109 deque
728 2075 782 2101 illis
801 2082 841 2107 se,
856 2082 939 2110 prop-

149 2125 190 2147 ter
204 2119 338 2154 iustiliam
349 2127 440 2153 suam,
453 2127 506 2147 uon
518 2120 590 2155 quod
603 2121 705 2147 auxilio
720 2120 772 2148 isto
783 2120 856 2155 digni
872 2121 938 2153 sint,

147 2172 243 2198 plBIIHS
256 2171 365 2191 sumere
375 2164 556 2192 demonstrat.
583 2164 667 2192 Vocat
677 2166 749 2192 enim
762 2165 870 2192 domum
885 2165 937 2192 la-

147 2209 205 2243 τοῦ,
223 2213 354 2244 tanquam
372 2210 416 2237 avi
431 2211 540 2238 nomine
563 2210 710 2245 indignos;
728 2211 861 2245 nudaeque
876 2215 938 2237 tan-

148 2262 204 2284 lum
250 2257 362 2284 Israelis
403 2257 616 2291 appillationis,
641 2257 822 2292 cor-porcique
861 2258 938 2284 Judaz

148 2303 262 2330 seminis
302 2302 461 2337 participes.
493 2302 551 2330 Hoc
588 2303 661 2330 enim
700 2310 733 2330 ea:
772 2311 842 2338 aqua
889 2303 934 2330 di-

147 2355 215 2375 cens
248 2347 426 2380 signiﬁcavit.
453 2345 554 2374 ludam
589 2347 689 2375 deinde
708 2352 840 2383 tanquam
864 2350 938 2383 regio

147 2392 239 2427 generi
251 2391 392 2426 ascripsit.
411 2390 464 2418 Sed
480 2391 562 2426 539
573 2391 804 2427 quemadmodum
820 2392 888 2420 falso
902 2394 936 2420 ita

145 2440 327 2470 vcieabuntur,
347 2439 394 2473 qui
419 2440 576 2466 nominibus
592 2440 626 2467 iis
646 2445 724 2467 erant
748 2440 869 2476 indigni:
897 2441 937 2468 sic

147 2492 209 2511 cum
234 2485 372 2518 jnrarent,
391 2484 488 2519 Deique
505 2484 593 2511 Israel
608 2487 812 2513 recordarenntr
823 2506 831 2518 ,
858 2486 937 2514 labiis

148 2532 236 2566 ipsqu
256 2532 440 2562 honorabant,
464 2532 510 2566 qui
528 2531 610 2559 corde
632 2532 666 2559 ab
678 2534 772 2560 eodem
797 2533 875 2567 longe
894 2540 938 2559 rc-

149 2577 225 2608 mmi,
239 2577 397 2612 frustraque
411 2577 527 2604 Domino
538 2578 617 2604 inniti
628 2578 802 2611 videbantur,
817 2580 862 2613 qui
875 2579 938 2605 ciri-

149 2623 196 2649 Iuli
213 2623 299 2650 eidem
317 2628 485 2651 consecrata;
508 2623 690 2650 adhwrebant.
709 2623 776 2652 Sunt
794 2624 864 2651 enim
878 2628 939 2658 post

150 2669 275 2696 Ezechias
302 2673 437 2705 tempora,
456 2670 482 2696 in
499 2669 574 2696 omni
597 2669 744 2704 impietatis
758 2674 785 2697 et
803 2669 937 2704 supersti-

148 2715 231 2743 tionis
247 2723 345 2750 genere
358 2725 406 2752 per
423 2716 576 2745 Manassem
601 2717 723 2750 educati,
742 2724 822 2751 quem
841 2718 867 2743 in
885 2724 934 2742 au-

1284 1651 1408 1678 ΚΕΦΑΛ.
1426 1651 1495 1677 MH'.

1028 1698 1105 1726 a-ta'.
1132 1698 1290 1725 Ἀκούσατε
1317 1697 1420 1729 ταῦτα,
1449 1695 1532 1729 (hoc
1553 1696 1661 1727 Ἰακὼϐ,
1691 1698 1718 1723 οἰ
1737 1705 1787 1723 κε-

992 1744 1135 1779 κλημένοι
1147 1744 1196 1770 ἐπὶ
1209 1743 1249 1776 τῷ
1264 1743 1386 1777 ὀνόματι
1409 1742 1545 1777 Ἰσραὴλ,
1562 1742 1610 1769 καὶ
1632 1742 1666 1774 ἐξ
1689 1743 1787 1770 Ἰούδα

991 1790 1179 1822 ἐξελθόντες.
1204 1791 1236 1815 Ol
1265 1790 1428 1823 ὀμνύοντες
1457 1788 1497 1821 τῷ
1523 1789 1646 1823 ὀνόματι
1673 1790 1786 1823 Κυρίου

992 1835 1067 1862 Θεοῦ
1082 1834 1218 1869 Ἰσραήλ.
1235 1835 1478 1869 Μιμνησκόμενοι
1493 1836 1530 1862 οὐ
1541 1836 1617 1869 μετὰ
1630 1835 1784 1868 ἀληθείας,

991 1881 1062 1909 οὐδὲ
1085 1881 1161 1916 μετὰ
1176 1881 1383 1913 δικαιοσύνης,
1400 1880 1450 1907 καὶ
1463 1881 1656 1915 ἀντεχόμενοι
1668 1880 1708 1913 τῷ
1717 1881 1786 1908 ὀνό-

988 1936 1059 1962 ματι
1075 1927 1130 1962 τῆς
1146 1927 1259 1959 πόλεως
1279 1927 1335 1960 τῆς
1352 1927 1449 1961 ἁγίας,
1463 1926 1511 1953 καὶ
1527 1927 1576 1954 ἐπὶ
1591 1927 1629 1960 τῷ
1645 1926 1707 1960 Θεῷ
1728 1928 1784 1955 Ἰσ-

988 1973 1071 2007 ραὴλ
1084 1972 1368 2006 ὰντισττωιζόμενοι,
1386 1980 1413 1998 κ.
1429 1980 1454 1999 τ,
1469 1972 1494 1998 λ.

1027 2029 1066 2055 Τὰ
1085 2029 1156 2055 κατὰ
1182 2027 1362 2054 Βαϐυλωνίων
1390 2026 1494 2060 εἰπὼν,
1522 2027 1689 2061 ἐλεγκτικῶς
1716 2028 1785 2064 πρὸς

997 2075 1139 2106 Ἰουδαίους
1159 2073 1252 2109 φησὶν,
1263 2073 1301 2105 ὡς
1314 2073 1363 2100 Διὰ
1376 2073 1406 2100 τὸ
1419 2074 1483 2108 παρ’
1503 2073 1566 2108 ἐμοὶ
1586 2073 1691 2101 δίκαιον
1713 2075 1784 2101 ἐκεί-

989 2129 1051 2152 νους
1066 2120 1235 2156 μετέρχομαι
1253 2140 1260 2152 ,
1278 2119 1326 2154 οὐχ
1338 2119 1379 2145 ὅτι
1394 2119 1520 2154 βοηθείας
1535 2120 1613 2154 ὑμεῖς
1625 2119 1696 2152 ἄξιοι
1718 2120 1783 2146 καθ-

989 2167 1135 2202 εστήκατε.
1154 2163 1245 2192 Οἷχον
1260 2166 1314 2200 γὰρ
1333 2165 1410 2192 καλεῖ
1430 2165 1538 2198 Ἰακὼϐ,
1555 2165 1593 2197 ὡς
1609 2165 1656 2192 καὶ
1671 2165 1720 2200 τῆς
1735 2165 1783 2192 τοῦ

990 2213 1164 2248 προπάτορος
1178 2211 1304 2244 ἀναξίους
1319 2211 1489 2246 ἐπωνυμίας,
1501 2211 1548 2238 καὶ
1561 2211 1641 2247 ψιλῆς
1655 2212 1703 2238 τοῦ
1723 2212 1783 2239 Ἰσ-

987 2259 1068 2293 ραὴλ
1082 2258 1268 2294 προσηγορίας
1281 2258 1456 2293 μετέχοντας,
1473 2257 1522 2284 καὶ
1537 2257 1695 2293 σπέρματος
1710 2258 1783 2285 Ἰού-

990 2305 1028 2332 δα
1044 2304 1213 2340 σωματικοῦ.
1231 2304 1316 2330 Τοῦτο
1329 2304 1384 2338 γὰρ
1397 2304 1427 2330 τὸ
1443 2304 1476 2335 ἐξ
1496 2304 1616 2336 ὕδατος.
1638 2303 1682 2335 Ὧς
1703 2303 1781 2338 βασι-

991 2350 1060 2385 λικῴ
1074 2350 1103 2376 δὲ
1120 2350 1194 2384 γένει
1221 2350 1266 2375 τὸν
1288 2349 1406 2376 Ἰούδαν
1430 2349 1597 2384 ἐπέγραψεν.
1622 2350 1729 2384 ’Ὠσπερ
1752 2349 1782 2376 δὲ

991 2395 1096 2431 ψευδῶς
1113 2396 1238 2430 ἐλέγοντο
1250 2395 1339 2422 ταῦτα
1354 2395 1408 2421 τῶν
1419 2395 1561 2430 ὀνομάτων
1572 2394 1648 2426 ὄντες
1663 2394 1780 2428 ἀνάξιοι,

989 2443 1076 2474 οὕτως
1089 2442 1234 2477 ὀμνύντες
1245 2441 1294 2468 καὶ
1309 2441 1491 2476 μεμνημένοι
1500 2441 1553 2468 τοῦ
1562 2441 1637 2468 Θεοῦ
1648 2441 1779 2476 Ἰσραὴλ,

990 2489 1046 2519 τοῖς
1064 2488 1182 2523 χείλεσιν
1199 2487 1279 2514 αὑτὸν
1301 2487 1413 2522 ἐτίμων,
1438 2488 1625 2521 ἀφεστηκότες
1644 2487 1726 2513 αὑτοῦ
1747 2489 1780 2522 τῇ

991 2534 1100 2569 καρδίᾳ,
1113 2535 1160 2560 καὶ
1175 2533 1263 2568 μάτην
1283 2533 1392 2559 ἐδόκουν
1409 2533 1455 2559 ἐπὶ
1478 2533 1574 2567 Κυρίῳ
1591 2532 1779 2568 στηρίζεσθαι,

991 2578 1166 2613 ἀντεχόμενοι
1179 2579 1293 2610 πόλεως
1304 2577 1503 2611 ἀνακειμένης
1518 2577 1603 2612 αὐτῷ.
1627 2577 1703 2604 Μετὰ
1726 2577 1780 2612 γὰρ

991 2625 1037 2651 τὸν
1058 2624 1194 2656 Ἐζεκίαν,
1210 2623 1359 2658 Μανασσῆς
1377 2624 1474 2654 αὐτοὺς
1490 2624 1530 2654 εἰς
1547 2624 1636 2649 πᾶσαν
1651 2622 1781 2649 ἀσέϐειαν

992 2669 1113 2704 ἔτρεψεν,
1137 2670 1182 2695 καὶ
1209 2669 1238 2695 ἐν
1253 2669 1328 2703 αὐτῷ
1355 2667 1518 2704 καθίδρυσεν
1537 2667 1648 2702 ἄγαλμα
1663 2667 1701 2703 τῷ
1716 2667 1781 2702 θείῳ

992 2715 1058 2751 ναῷ.
1074 2716 1119 2742 Διό
1133 2724 1198 2751 φησι
1215 2716 1284 2751 πρὸς
1302 2715 1420 2748 αὐτούς)
1443 2724 1451 2740 ι
1471 2711 1505 2741 'l't'
1529 2715 1544 2750 ἡ
1570 2715 1737 2750 ἠγαπημένη
1751 2715 1782 2741 ἐν

803 2802 918 2830 VARI/1i
931 2801 1134 2830 LECTIONES.

183 2871 197 2891 h
216 2878 257 2905 γρ.
280 2872 374 2905 πέρας.
