1999 3076
177 171 247 203 2449

725 175 990 205 COMMENTARII
1009 175 1049 205 ΙΝ
1065 175 1207 205 ISAIAM.

1743 174 1815 207 9456

126 226 127 229 “
176 231 217 266 τῷ
231 229 299 264 οἴκῳ
316 237 365 264 μου
383 229 494 264 ἐποίησε
509 229 646 265 βδέλυγμα
661 240 668 263 ;
688 240 696 256 ι
728 231 839 263 πολλαῖς
854 241 884 258 τε
904 240 968 267 προ·

1034 237 1102 266 {usto
1117 231 1164 260 Dei
1178 229 1282 267 templo
1308 232 1486 260 simulacrum
1510 234 1615 269 erigere
1631 242 1684 260 non
1707 234 1814 268 puduit.

179 276 306 312 φητείαις
332 275 472 302 ὠνείδισεν
490 277 582 308 αὐτοῖς
593 277 642 312 τὴν
661 277 802 305 ἀσέϐειαν.
826 279 872 304 Διὸ
895 278 971 304 πλεί-

180 332 256 355 σταις
272 322 371 353 αὐτοὺς
393 322 463 357 πρὸς
482 323 624 351 εὐσέϐειαν
641 324 774 352 ἀνακαλεῖ
797 324 973 360 παρακλήσε-

181 378 233 396 σιν.
250 369 303 395 Καὶ
316 370 329 395 ὁ
343 368 438 404 Σωτὴρ
451 368 479 396 δὲ
493 369 590 401 αὐτοὺς
607 371 653 397 ἐπὶ
670 372 814 406 σωματικῇ
829 371 973 405 συγγενείᾳ

182 414 348 449 φρονοῦντας
364 415 504 450 ὲξήλεγχε,
521 415 616 450 λέγων·
633 426 641 441 ι
651 417 683 443 Εἰ
694 417 777 443 τέκνα
789 416 835 443 τοῦ
848 416 974 451 Ἀὔραὰμ

180 460 241 497 ἦτε,
255 461 290 488 τὰ
304 461 373 497 ἔργα
387 461 434 488 τοῦ
455 462 581 497 Ἀϐραὰμ
594 463 710 489 ἐποιεῖτε
726 463 768 490 ἄν.
785 472 794 488 ›
816 463 869 488 Καὶ
883 462 930 488 νῦν
946 461 973 488 δὲ

183 507 301 542 συνεχῶς
317 507 413 539 αὐτοὺς
428 508 459 534 ἐκ
474 508 527 534 τῶν
543 509 668 544 πατέρων
683 509 778 541 καλεῖ,
794 508 845 543 τῆς
861 508 974 534 ἐκείνων

182 553 257 587 ἄγων
277 553 418 584 εὐσεϐείας
442 554 483 585 είς
511 554 634 589 μνήμην,
659 554 698 586 ὡς
727 555 759 582 ἂν
783 553 921 584 ἀπωλείας
937 553 974 588 μὴ

186 600 291 630 ἑαυτοῖς
304 607 333 626 τε
345 599 392 626 καὶ
405 600 438 635 τῇ
456 599 533 626 πόλει
548 600 688 634 παραίτιοι
708 600 851 634 γένωνται.
869 599 936 625 θεὸν
946 598 975 625 δὲ

185 644 319 671 δείκνυσιν
334 644 416 671 αὑτὸν
447 644 681 680 προθεσπίζοντα,
703 646 753 672 οὐκ
773 644 974 676 ἐπιδεικτικῶς,

183 689 241 717 ἀλλ’
256 690 368 724 ὠφελῶν
385 691 408 723 ἰ,
425 690 469 717 ἵνα
484 691 521 726 μὴ
540 692 599 722 τοῖς
614 690 735 722 εἰδώλοις
752 690 925 725 ὲπιγρὰςρωσι
942 689 976 716 τὰ

186 736 379 772 συμϐαίνοντα.
398 737 444 764 καὶ
462 737 500 768 ὼς
517 737 549 764 ἂν
564 737 727 772 προγνόντες
759 737 974 771 μετανοήσωσιν·

186 782 302 817 ἠδύνατο
312 783 365 819 γὰρ
376 782 423 809 καὶ
435 783 546 809 σιωπῶν
557 782 766 818 τιμωρήσασθαι.
777 781 975 813 Βαϐυλωνίους.

186 830 242 857 Καὶ
249 829 289 865 τῷ
297 829 397 865 Φαραὼ
411 830 467 865 γὰρ
476 829 615 865 προλέγων
628 829 772 865 ἐπέφερεν·
780 839 789 854 ‹
797 829 854 856 Ἵνα
864 828 921 864 γνῷ
932 827 977 855 τὸν

187 875 334 908 ἐπάγοντα.
349 885 357 900 ι
371 874 460 901 Γνῶτε
477 872 535 907 οὖν,
550 872 700 907 ὧᾶπιστοι,
715 875 809 909 φησιν,
821 874 858 907 ὡς
871 875 921 901 ὅσα
932 873 976 901 διὰ

1022 279 1110 313 Atque
1131 278 1196 306 hinc
1213 283 1267 312 est,
1284 279 1357 314 quod
1377 287 1424 307 ros
1440 280 1466 306 in
1483 279 1556 307 hunc
1572 281 1683 307 modum
1709 287 1757 314 per
1772 279 1816 307 Je-

1023 325 1136 351 remiam
1150 324 1281 353 Dominus
1298 325 1462 359 alloquitur:
1481 334 1490 350 ι
1508 325 1596 358 Quam
1612 326 1711 353 dilecta
1724 326 1751 352 in
1767 325 1817 353 do-

1024 378 1068 397 mo
1084 378 1143 397 mea
1155 370 1219 398 fecit
1236 370 1468 398 abominationem
1481 371 1528 397 7‘?
1548 380 1557 397 ›
1577 371 1695 398 Assidua
1717 371 1818 398 deinde

1024 416 1219 450 prophetarum
1238 423 1304 443 voce
1324 416 1473 450 impietatis
1494 420 1641 444 accusatos
1661 416 1767 444 crebris
1782 416 1817 444 ad

1026 461 1156 495 pietatem
1171 460 1410 488 exhortationibus
1427 465 1567 496 provocat.
1582 460 1639 488 lmo
1655 468 1720 488 vero
1731 465 1757 488 et
1769 469 1817 488 eos

1026 507 1151 534 Salvator
1162 507 1230 542 ipse,
1240 507 1370 542 quouiam
1382 507 1524 542 sanguinis
1539 507 1669 534 atliuitate
1677 507 1818 542 superbie-

1026 554 1101 585 bant,
1119 557 1176 580 tum
1191 553 1331 588 repressit,
1348 560 1410 580 cum
1427 553 1512 581 dixit:
1536 563 1546 579 ι
1568 552 1597 581 Si
1615 553 1662 580 ﬁlii
1678 553 1818 580 Abraham

1025 599 1135 630 essetis.
1153 606 1235 634 opera
1249 598 1367 627 Abrahae
1390 598 1520 627 faceretis
1534 599 1584 627 ⁷⁷.»
1605 598 1638 626 Et
1658 606 1732 626 nunc
1757 605 1819 626 eos-

1027 643 1087 671 dem
1101 644 1200 679 saepius
1230 645 1263 672 de
1290 648 1398 678 patrum
1424 645 1534 673 nomine
1560 645 1689 681 appellat.
1714 649 1744 672 ut
1765 644 1819 672 illis

1027 690 1155 725 pietatem
1172 690 1292 725 ipsorum
1306 690 1334 717 in
1350 691 1511 718 memoriam
1528 694 1649 722 revocet,
1662 697 1697 718 ne
1710 690 1763 717 sibi
1791 693 1819 717 et

1027 735 1130 763 civitati
1145 736 1273 763 interitus
1290 740 1419 764 auctores
1432 744 1494 764 esse
1516 740 1642 772 pergant,
1657 736 1742 764 Deum
1755 742 1819 763 vero

1028 781 1151 810 ostendit
1164 781 1198 809 de
1213 789 1243 809 se
1259 786 1334 814 ante,
1352 791 1407 809 non
1429 782 1463 810 ad
1479 782 1704 813 ostentationem,
1723 781 1770 809 sed
1786 780 1820 809 ad

1029 827 1173 854 utilitatem
1191 826 1282 854 futura
1299 827 1467 862 praedicere:
1484 827 1582 862 partim
1598 827 1720 862 quidem,
1739 830 1769 854 ut
1778 834 1823 854 το-

1029 881 1090 900 rum
1109 877 1235 900 eventum
1263 873 1345 901 idolis
1369 881 1423 901 non
1448 873 1606 905 ascribant;
1636 872 1734 908 partim
1756 880 1821 900 vero

186 921 241 947 τῶν
252 921 370 956 πρόσθεν
382 920 514 947 ἑθέσπισα
526 921 683 956 προφητῶν,
701 921 738 953 ὡς
752 922 791 952 είς
807 921 890 952 ἀκοὰς
906 920 972 948 πολ-

1036 922 1066 952 ιι,
1096 917 1130 945 de
1146 917 1246 946 futuris
1271 918 1375 951 edocti,
1407 918 1581 954 resipiscam.
1608 917 1719 945 Poterat
1747 917 1820 945 enim

187 967 235 1004 λᾲς
250 967 312 1004 τοὺς
329 967 427 1004 λόγους
443 967 541 999 ἐλθεῖν,
558 968 601 1004 είς
622 967 702 1004 ἔργον
722 967 813 1004 εξέὸη.
835 966 904 1004 Θεοῦ
920 968 974 1004 γὰρ

1027 964 1110 990 etiam
1130 967 1224 990 tacens
1251 964 1285 991 de
1314 963 1477 1000 Babyloniis
1506 963 1672 999 supplicium
1701 970 1820 990 sumere.

188 1003 270 1037 μόνου
285 1002 316 1028 τὺ
337 1003 496 1038 προλέγειν·
520 1003 568 1029 καὶ
598 1003 686 1037 μάτην
716 1003 730 1028 ὁ
756 1003 908 1037 Μανασσῆς
932 1002 976 1030 διὰ

1034 1008 1092 1036 iam
1116 1013 1142 1036 et
1159 1009 1344 1044 Pharaonem,
1367 1019 1428 1038 cum
1452 1011 1484 1038 de
1510 1010 1613 1038 futuris
1639 1013 1775 1041 moneret,
1791 1014 1822 1038 t't

189 1047 318 1083 μαντείας
333 1048 432 1075 ειδέναι
448 1047 594 1080 σπουδάζει
606 1048 641 1074 τὰ
655 1048 787 1083 μέλλοντα
799 1056 805 1063 ·
822 1048 839 1075 ἃ
864 1049 891 1075 δὲ
908 1058 977 1085 προ-

1034 1061 1099 1085 ium,
1118 1055 1164 1090 qui
1191 1054 1296 1083 inducit
1319 1061 1492 1091 agnosceret,
1518 1055 1629 1091 adjecit.
1649 1055 1705 1084 Vos
1722 1055 1821 1090 igitur.

188 1093 267 1129 ἔφην,
277 1102 313 1128 φη
319 1093 370 1126 σὶν,
381 1094 405 1120 εί
417 1094 509 1130 καὶμὴ
521 1093 696 1130 προσέδοκαςὶ
706 1113 714 1126 ,
726 1094 784 1121 ἀλλ’
793 1093 841 1122 οὖν
852 1094 980 1127 ἐξάπινα

1034 1099 1127 1134 inquit,
1142 1101 1189 1135 qui
1206 1101 1257 1129 ﬁde
1279 1103 1390 1135 caretis,
1407 1110 1459 1133 me,
1476 1110 1649 1137 quaecunque
1670 1109 1749 1129 antea
1774 1107 1823 1136 per

187 1140 311 1175 γέγονεν.
1030 1146 1178 1180 prophetas
1193 1155 1207 1173 a
1227 1155 1270 1175 me
1291 1149 1422 1182 praedicta
1442 1148 1475 1175 ad
1495 1149 1642 1176 multorum
1663 1155 1744 1174 aures
1762 1154 1824 1181 per-

188 1193 332 1219 venerunl,
349 1195 377 1214 re
406 1187 464 1220 ipsa
477 1187 533 1223 jam
551 1188 711 1223 praestitisse
732 1190 897 1224 cognoscite.
928 1191 975 1218 Est
989 1193 1062 1219 enim
1076 1193 1121 1221 Dei
1140 1198 1245 1222 tantum
1263 1195 1355 1223 futura
1373 1196 1665 1231 praedicere:quorum
1683 1195 1822 1222 notionem

190 1242 239 1270 per
255 1233 392 1269 sortilegia
405 1234 521 1268 adipisci
557 1233 659 1262 l'ru5tra
696 1235 836 1263 Manasses
872 1241 997 1265 conatur.
1028 1238 1065 1266 Ea
1076 1248 1140 1274 ergo
1163 1249 1224 1276 quae
1247 1242 1372 1277 prwdixi,
1393 1243 1492 1277 inquit,
1514 1242 1688 1276 quantumvis
1711 1240 1825 1268 minime

190 1286 376 1316 exspectares,
392 1289 494 1316 repente
515 1285 606 1310 tamen
625 1283 683 1311 ﬁeri
709 1284 836 1319 contigit.

227 1329 358 1362 Πρότερα
372 1328 399 1354 δέ
416 1337 487 1361 τινες
499 1329 548 1365 τὴν
561 1330 748 1365 αἰχμαλωσίαν
762 1331 903 1366 εἰρήκασι,
924 1332 983 1367 μεθ’

1070 1331 1141 1360 Sunt
1153 1341 1217 1361 vero
1233 1334 1278 1369 qui
1296 1335 1416 1369 priorum
1447 1335 1557 1362 nomine
1574 1334 1759 1369 captivitatem
1780 1334 1824 1362 iu-

190 1376 225 1410 ῆν
253 1376 311 1401 ἑστι
339 1374 374 1401 τὰ
405 1376 438 1410 τῇ
466 1374 627 1411 Βαϐυλωνίᾳ
645 1376 788 1411 συμϐάντα
816 1377 903 1404 δεινά.
939 1377 984 1408 Ὠς

1036 1379 1082 1405 ηιιί
1100 1379 1193 1411 velint,
1218 1384 1363 1415 postquam
1386 1380 1438 1407 illa:
1453 1380 1519 1416 ipsa:
1541 1381 1710 1408 calamitates
1735 1381 1824 1409 conti-

191 1424 316 1460 ἀκαμπεϊ
328 1424 367 1458 δὲ,
381 1425 458 1460 φησὶ,
475 1425 521 1451 καὶ
531 1425 701 1460 ἀναισχύντῳ
713 1425 868 1459 προεῖπον,
883 1425 984 1459 καίπερ

192 1470 281 1503 εἰδὼς,
299 1470 336 1501 ὼς
353 1470 400 1496 καὶ
419 1469 505 1503 οὕτως
523 1470 645 1503 εἰδώλοις
662 1471 712 1506 τὴν
731 1471 784 1497 τῶν
803 1471 982 1507 συμϐησομέ-

191 1524 245 1543 νων
260 1515 441 1547 Βαΰυλωνίοις
453 1516 617 1551 ἐπιγράψεις
634 1517 736 1543 αἰτίαν.
761 1517 848 1550 Ἐπεὶ,
863 1517 910 1543 καὶ
934 1517 984 1551 τῆς

198 1561 376 1598 Ἰερουσαλὴμ
403 1561 533 1596 ἀλούσης,
556 1563 584 1588 αί
605 1562 822 1597 περιλειφθείσαι
844 1564 981 1597 γυναῖκες.

192 1608 343 1640 κωλύοντος
374 1607 504 1644 Ἱερεμίου
529 1608 670 1635 κατελθεῖν
694 1609 734 1639 εἰς
755 1608 804 1644 τὴν
833 1608 982 1642 Αἴγυπτον,

191 1653 380 1689 ἁνθυπέφερον
391 1662 397 1670 ·
421 1654 530 1689 Ἐπειδὴ
545 1654 702 1689 διελίπομεν
719 1653 834 1680 θύουσαι
849 1655 881 1689 τῇ
907 1653 984 1689 βασι-

192 1699 273 1735 λίσσῃ
287 1700 334 1726 τοῦ
347 1699 476 1736 οὐρανοῦ,
492 1700 609 1734 ἐπῆλθεν
625 1699 666 1734 ἐφ’
677 1700 752 1735 ἡμᾶς
764 1699 855 1726 πάντα
868 1699 901 1726 τὰ
913 1699 986 1726 κακὰ

192 1745 289 1772 ταῦτα.
305 1747 350 1772 Διὸ
365 1746 413 1773 καὶ
435 1745 620 1781 δυσχεραίνων
641 1745 776 1780 Ἱερεμίας
794 1745 880 1780 φησι·
898 1755 907 1771 ι
930 1745 986 1772 Κύ-

195 1799 247 1826 ριε,
263 1791 287 1817 ot
301 1791 435 1826 ὀφθαλμοί
448 1800 496 1817 σου
513 1792 553 1823 είς
571 1792 673 1818 πίστιν.
704 1790 914 1826 Ἐμαστίγωσας
938 1791 987 1817 αὺ-

193 1835 267 1868 τοὺς,
283 1836 330 1863 καὶ
342 1836 392 1863 οὒκ
402 1837 547 1872 ἐπόνησαν.
563 1837 744 1868 Συνετέλεσας
757 1837 866 1869 αὐτοὺς,
879 1837 926 1864 καὶ
935 1837 986 1864 οὐκ

194 1882 330 1917 ἠθέλησαν
345 1882 473 1915 δέξασθαι
488 1883 622 1910 παιδείαν.
644 1892 653 1908 ι
674 1883 739 1909 Ἰδοὺ
760 1883 850 1910 τοίνυν
861 1903 868 1916 ,
885 1883 986 1919 καίπερ

195 1927 252 1954 ὄντι
269 1927 393 1963 τοιούτῳ,
410 1928 600 1964 φιλάνθρωπος
615 1928 664 1961 ὢν,
683 1929 809 1964 προλέγω
824 1929 858 1955 τὰ
880 1928 986 1964 συμϐη-

197 1974 297 2008 σόμενα
314 1975 370 2005 τοῖς
386 1974 514 2009 μέλλουσί
533 1983 562 2001 σε
581 1975 809 2010 καταπολεμῆσαι
829 1974 984 2006 Χαλδαίοις,

196 2019 234 2050 ὡς
257 2020 290 2046 ἂν
314 2020 373 2045 τότε
399 2019 497 2055 βοηθὸν
516 2021 562 2046 τὸν
579 2021 746 2056 προειπόντα
769 2020 922 2052 καλέσειας.
939 2021 986 2056 Μὴ

196 2061 243 2090 οὖν
257 2064 366 2094 ἀπάτας
392 2065 474 2092 αὑτὸν
499 2065 512 2085 li
537 2065 632 2099 λέγων,
647 2066 685 2098 ὼς
712 2066 760 2092 καὶ
780 2065 833 2101 πρὸ
855 2067 903 2101 τῆς
916 2067 985 2102 ἐμῆς

198 2111 366 2146 προφητείας
379 2111 489 2138 εἴδωλά
498 2120 539 2138 σοι
549 2112 731 2144 ἐνετείλατο,
739 2111 812 2139 τοῦτ’
825 2112 900 2140 ἐστιν
912 2113 989 2148 ἠπεί-

197 2157 295 2192 λησαν,
308 2158 324 2193 ἦ
339 2158 572 2193 προαπήγγειλαν,
587 2159 625 2190 ὡς
641 2159 711 2185 αὑτά
737 2167 766 2185 σε
783 2158 916 2186 κακώσει.
940 2160 989 2186 Διὰ

197 2203 284 2231 ταῦτα
306 2203 360 2239 γὰρ
390 2203 479 2230 πείσει
498 2203 506 2223 ι
530 2204 634 2235 κακῶς,
649 2205 745 2240 ὅτιπερ
774 2205 896 2237 ἀποστὰς
920 2206 987 2241 ἐμοῦ

197 2249 367 2285 προσετέθης
388 2250 489 2281 αὐτοῖς.
510 2250 582 2286 Πλὴν
594 2250 671 2277 οὐδέν
686 2259 716 2277 σε
729 2250 759 2277 τὸ
774 2251 917 2286 προλέγειν
930 2251 988 2287 ὀνή-

1035 1430 1143 1459 gerunt,
1168 1434 1230 1461 quae
1251 1426 1416 1462 Babylonios
1435 1430 1605 1454 Invaserunt.
1628 1426 1739 1460 Deinde,
1767 1431 1825 1455 tan~

1036 1478 1116 1505 quam
1139 1472 1172 1499 de
1191 1473 1357 1504 contumaci,
1381 1472 1494 1507 prwdixi
1521 1473 1632 1500 verbum
1661 1473 1823 1507 usurpavit;

1036 1518 1228 1552 quantumvis,
1250 1518 1354 1553 inquit,
1379 1523 1406 1545 et
1425 1526 1521 1547 eorum
1540 1523 1566 1545 te
1591 1526 1702 1546 causam
1723 1519 1824 1550 etiam.

1037 1569 1097 1596 qua;
1114 1561 1270 1597 Babyloniis
1283 1568 1416 1590 eventura
1431 1567 1532 1595 essent,
1547 1563 1627 1590 idolis
1641 1562 1825 1596 ascripturam

1037 1614 1098 1634 esse
1115 1615 1167 1633 nou
1190 1605 1367 1642 ambigerem.
1391 1607 1561 1643 Expugnatis
1585 1607 1618 1634 ad
1649 1607 1706 1634 haec
1729 1606 1826 1635 Hiero-

1036 1651 1159 1686 solymis,
1171 1659 1234 1679 cum
1249 1653 1414 1687 superstites
1427 1652 1545 1680 leniiuas
1563 1652 1590 1679 in
1605 1651 1754 1687 Egyptum
1772 1652 1825 1678 mi-

1036 1704 1114 1732 grare
1127 1701 1229 1724 vetaret
1248 1697 1383 1725 Jeremias
1397 1706 1405 1731 ;
1422 1697 1474 1725 illae
1494 1697 1575 1735 5&0
1590 1702 1696 1731 contra,
1722 1706 1754 1726 ex
1770 1705 1825 1733 quo

1036 1743 1136 1778 regina:
1153 1743 1214 1771 coeli
1236 1744 1393 1772 sacriﬁcare
1410 1744 1561 1779 desierant,
1583 1745 1611 1772 in
1634 1752 1663 1773 se
1684 1745 1755 1772 mala
1773 1745 1826 1772 ista

1036 1788 1128 1815 omnia
1151 1789 1296 1818 devenisse
1318 1789 1521 1824 responderunt
1537 1799 1543 1817 :
1561 1790 1633 1817 unde
1647 1793 1674 1817 et
1690 1789 1736 1816 illa
1754 1798 1827 1825 aegre

1037 1833 1149 1861 ferentis
1168 1835 1308 1869 prophetae
1325 1835 1419 1866 verba,
1434 1843 1495 1870 qua:
1512 1836 1540 1863 in
1561 1835 1636 1863 hunc
1658 1835 1769 1863 modum
1787 1835 1827 1863 le-

1036 1880 1126 1915 gimus
1151 1889 1158 1908 :
1182 1889 1191 1906 ι
1211 1880 1335 1913 Domine,
1355 1881 1427 1909 oculi
1449 1881 1488 1909 tui
1514 1882 1542 1909 in
1567 1881 1647 1909 ﬁdem
1672 1881 1828 1917 Flagellasti

1036 1933 1094 1957 eos,
1118 1933 1207 1962 neque
1228 1927 1432 1954 laboraverunt.
1457 1927 1661 1956 Consummasti
1687 1936 1746 1960 eos,
1776 1937 1826 1957 nec

1037 1972 1183 1999 voluerunt
1198 1972 1342 2001 admittere
1362 1973 1535 2009 disciplinam
1551 1973 1585 2002 ⁷⁸.
1606 1983 1616 2000 ι
1640 1974 1712 2002 Ecce
1732 1974 1825 2010 igitur,

1038 2019 1213 2052 quantumvis
1228 2022 1254 2046 te
1269 2019 1350 2046 talem
1373 2020 1534 2054 prwbueris,
1551 2027 1602 2055 pro
1620 2027 1680 2047 mea
1696 2020 1722 2047 in
1737 2020 1828 2048 homi-

1038 2069 1088 2090 nes
1114 2062 1313 2095 benevolentia,
1333 2062 1479 2096 Chaldaeis,
1500 2063 1546 2099 qui
1567 2067 1594 2091 te
1618 2063 1690 2091 bello
1717 2072 1828 2099 supera-

1039 2108 1092 2135 turi
1113 2113 1187 2141 snnt,
1209 2109 1288 2143 longe
1301 2113 1364 2137 ante
1378 2109 1470 2136 futura
1485 2110 1618 2137 denuntio
1633 2114 1663 2137 ιιι
1673 2117 1736 2138 eum
1750 2115 1825 2142 tunc,

1039 2163 1054 2181 a
1069 2162 1124 2190 quo
1141 2155 1193 2182 ista
1210 2155 1257 2182 tibi
1275 2156 1405 2190 pnedicta
1427 2160 1500 2188 sunt,
1525 2157 1552 2183 in
1576 2157 1708 2184 auxilium
1729 2164 1829 2184 vocare

1039 2201 1206 2229 memineris.
1220 2201 1286 2228 Vide
1301 2202 1393 2237 itaque
1404 2210 1437 2229 ne
1452 2202 1608 2237 decipiaris,
1621 2203 1668 2231 tibi
1686 2204 1738 2230 ista
1752 2204 1829 2240 prius

1039 2248 1213 2284 idala,quam
1229 2256 1273 2276 me
1289 2250 1452 2281 mandasse;
1468 2249 1493 2276 id
1511 2254 1553 2277 est
1563 2251 1604 2278 vel
1618 2251 1742 2277 Ininitata
1755 2258 1828 2283 esse,

197 2303 282 2322 σειεν.
301 2297 343 2322 Ob
357 2295 457 2330 γνώσῃ
472 2295 619 2330 γὰρ,τοῦτ“
634 2296 719 2328 ἐστιν,
737 2296 766 2322 οὐ
787 2297 889 2332 γενήσῃ
910 2297 982 2332 σοφὸς

1043 2295 1084 2322 vel
1102 2294 1272 2329 praedixisse,
1288 2300 1317 2322 ut
1336 2300 1361 2322 te
1376 2301 1518 2329 vexarent,
1534 2296 1662 2324 atterens.
1676 2296 1739 2324 Ideo
1755 2298 1828 2324 enim

198 2343 232 2378 τῇ
253 2343 320 2377 πρὸς
334 2343 364 2369 τὸ
378 2345 499 2378 κρεῖττον
517 2343 652 2378 μεταϐολῇ
668 2364 675 2376 ,
699 2344 737 2380 μὴ
756 2344 911 2380 περιμένων
934 2344 989 2371 τῶν

200 2396 240 2414 σοι
256 2388 513 2422 προαπειλουμένων
534 2388 564 2414 τὸ
587 2388 674 2419 τέλος.
693 2388 839 2416 Ἀκουστιί
868 2398 908 2415 σοι
933 2397 989 2415 τοι-

199 2433 300 2467 γαροῦν
322 2433 451 2467 ἐποίησα
459 2434 495 2461 τὰ
507 2433 605 2462 καινά.
622 2434 715 2461 Καινὰ
732 2435 788 2469 γὰρ
807 2432 850 2470 ἦν,
869 2435 921 2470 πρὸ
940 2434 987 2461 τοῦ

199 2479 328 2512 γενέσθαι
352 2479 495 2515 λεγόμενα.
528 2481 642 2515 Πάσχων
673 2480 764 2507 τοίνυν
786 2482 825 2516 μὴ
840 2481 932 2518 λέξῃς,
950 2482 989 2513 ὡς

201 2525 269 2559 Πρὶν
298 2525 393 2554 παθεῖν
420 2526 470 2552 οὐκ
497 2526 625 2560 ἀκήκοα,
640 2527 740 2562 ἦγουν,
770 2528 811 2554 ὃτι
832 2528 989 2562 Προέγννων

203 2572 262 2606 μὲν,
278 2571 335 2598 ἀλλ’
351 2572 379 2605 ἐξ
394 2572 525 2599 είδώλων
543 2572 646 2607 μαθών.
663 2573 700 2599 Οὐ
722 2574 776 2609 γὰρ
797 2574 892 2609 ἔγνως
912 2574 989 2600 οὐδὲν

202 2617 268 2652 πρὶν
284 2617 334 2651 ἐμὲ
353 2618 443 2652 λέγειν
460 2618 546 2644 αὑτά·
564 2619 595 2645 οὺ
612 2618 667 2652 γὰρ
683 2620 823 2655 πεποίηκά
846 2629 886 2646 σοι
910 2620 990 2646 τοῦτο

202 2662 268 2698 παρ’
286 2663 380 2697 ἑτέρου
403 2664 550 2697 γνωστόν.
575 2664 642 2690 Ἰδοὺ
661 2664 689 2691 δέ
707 2673 736 2691 σε
762 2664 838 2691 καλῶ
861 2665 909 2692 καὶ
925 2666 988 2701 πρὶν

203 2707 351 2743 ἀπειθῆσαι
361 2708 545 2743 παράνομον.
559 2709 596 2735 Δι’
610 2709 678 2736 αὐτὸ
693 2710 747 2746 γάρ
764 2719 794 2736 σε
817 2711 865 2737 καὶ
890 2711 988 2745 φθάσει

240 2778 264 2793 ⁷⁸
279 2776 379 2805 Jcrem.
394 2786 431 2810 xl,
447 2778 490 2805 15.
529 2778 552 2794 ⁷⁷
565 2777 645 2806 Joan.
658 2786 718 2811 vui,
731 2778 776 2807 39.

1041 2340 1111 2368 male
1130 2341 1286 2376 excipieris,
1310 2341 1382 2376 quod
1403 2349 1446 2369 me
1460 2342 1590 2370 derelicto
1609 2343 1643 2369 ad
1657 2350 1689 2370 ea
1709 2343 1828 2370 transie-

1040 2387 1089 2414 ris.
1115 2385 1209 2422 Neque
1230 2390 1321 2413 tamen
1337 2386 1388 2414 tibi
1405 2387 1554 2422 quidquam
1570 2387 1712 2422 profutura
1727 2391 1769 2415 est
1791 2387 1830 2414 fu-

1042 2436 1164 2460 turorum
1181 2433 1330 2467 praedictio.
1350 2433 1413 2460 Non
1428 2435 1499 2461 enim
1517 2441 1676 2469 cognosces;
1698 2440 1729 2460 ac
1747 2434 1769 2461 si
1786 2434 1829 2460 di—

1041 2481 1114 2505 ceret
1129 2486 1135 2504 :
1152 2477 1212 2505 Non
1233 2478 1343 2513 sapiens
1364 2478 1411 2506 lies
1427 2480 1485 2514 ipsa
1511 2479 1660 2506 mutatione
1675 2479 1701 2505 in
1719 2478 1829 2510 melius,

1042 2524 1089 2558 qui
1106 2523 1211 2551 tristem
1231 2531 1321 2551 rerum
1344 2524 1461 2556 exitum,
1485 2532 1545 2559 qua:
1569 2525 1616 2552 tibi
1644 2525 1830 2560 praedicuntur

1041 2577 1096 2596 non
1111 2574 1263 2604 exspectes.
1283 2569 1383 2596 Audita
1398 2570 1490 2605 itaque
1513 2571 1564 2604 [εεί
1585 2571 1634 2597 tibi
1654 2579 1731 2598 nova.
1752 2570 1830 2598 Nova

1042 2616 1114 2643 enim
1137 2620 1227 2647 erant,
1251 2623 1313 2651 qum
1333 2620 1397 2643 ante
1417 2617 1590 2648 dicebantur,
1616 2625 1697 2652 quam
1723 2617 1829 2645 tierent.

1041 2662 1110 2690 Cum
1124 2670 1189 2697 ergo
1201 2663 1324 2698 patieris,
1336 2671 1369 2690 ne
1379 2667 1404 2690 te
1415 2663 1492 2698 prius
1502 2671 1556 2691 non
1567 2663 1700 2691 audivisse
1709 2663 1828 2696 dixeris;

1043 2709 1085 2736 vel
1109 2709 1132 2736 si
1157 2710 1296 2743 pra-scisse
1316 2710 1406 2742 dicas,
1433 2709 1468 2736 ab
1492 2709 1571 2737 idolis
1596 2710 1734 2738 didicisse.
1756 2709 1829 2737 l\ibil

821 2780 844 2796 ⁷⁸
853 2779 953 2807 .lerem.
972 2787 1045 2811 κων,
1062 2779 1106 2807 10,

849 2837 964 2865 VARl/E
980 2837 1184 2865 LEC’IIONES.

255 2895 262 2915 ί
281 2905 326 2931 γρ.
340 2895 496 2931 ὠφελίμως.
536 2896 542 2920 i
563 2905 610 2930 γρ.
627 2895 807 2934 προσεδόκας.

847 2897 860 2916 ¹ί
877 2905 920 2931 rp.
934 2896 1025 2924 ἀπάτα
1039 2896 1146 2923 σαυτόν.

1190 2898 1197 2918 ι
1214 2904 1259 2932 ῃ).
1271 2895 1365 2932 πείσῃ.
