1999 3076
163 165 230 200 4451

814 170 992 201 PROCOPII
1013 171 1134 206 GAZEI

1725 171 1796 203 2452

163 223 237 250 enim
254 223 365 251 omnino
385 224 546 259 priusquam
562 226 759 258 renuntiarem,
776 234 954 261 cugnoveras;

1008 227 1061 253 τῶν
1075 226 1286 263 προρρηθέντων
1301 227 1331 254 τὸ
1343 227 1430 261 τέλος,
1444 226 1481 259 ὡς
1495 228 1527 255 ὲκ
1542 227 1674 263 γενέσεως
1690 229 1720 255 ὲν
1733 229 1796 257 ἀσο-

166 276 254 303 neque
275 270 322 298 tibi
339 270 411 298 istud
429 278 479 306 ego
499 271 614 299 aliorum
630 279 712 307 opera
735 273 870 308 cognitum
890 280 952 300 esse

1006 272 1067 308 65qu
1081 273 1230 308 τραφέντα.

164 315 251 343 volui.
269 315 326 342 lmo
343 324 405 344 esse
422 321 448 344 te
459 317 552 349 etiam,
569 318 730 353 priusquam
763 325 778 345 a
812 319 864 345 fide
897 318 1039 353 conlingat
1076 319 1216 350 recedere,
1237 319 1356 353 iniquum
1377 319 1540 353 praenuntia.
1562 319 1603 347 Ub
1627 320 1653 347 id
1677 320 1750 348 enim
1770 326 1797 349 te

164 369 341 397 rerum,qua:
355 362 490 398 przedicta:
513 367 587 396 sunt,
603 365 693 392 exitus
706 363 787 390 etiam
819 367 980 397 anteverlet,
1020 364 1092 398 quod
1125 371 1139 391 a
1176 365 1313 392 natalibus
1344 365 1412 400 ipsis
1436 365 1462 392 in
1499 366 1637 401 impietate
1664 367 1796 396 educatus

163 407 212 434 sis.

200 463 247 491 Est
268 465 350 499 igitur
372 465 407 493 ab
433 466 604 493 humanitate
629 467 751 502 profecta
775 475 952 502 rerum,qu‘.e

164 510 212 539 tibi
231 517 370 538 eventum
383 515 460 543 sunt,
484 511 636 547 prmdietio.
662 511 729 538 Nam
750 515 777 540 et
796 516 822 539 te
836 520 898 540 cum
923 512 950 539 in

163 558 284 586 hostium
311 562 472 592 potestatem
499 558 611 589 tradidi,
638 557 665 584 id
691 565 800 592 quoque
823 558 851 585 in
876 562 951 585 tuam

163 612 220 632 rem
239 604 291 632 feci
313 612 320 630 :
338 612 392 631 non
408 612 463 639 quo
480 611 556 632 more
568 604 724 640 solent,qui
742 608 775 631 ad
795 612 872 632 suam
891 609 952 631 tan-

163 654 221 677 tum
237 650 380 677 utilitatem
403 650 563 685 respiciunt.
580 649 649 676 Eum
659 650 730 678 enim
748 657 869 684 persaape
881 650 951 677 solet

163 696 274 724 erudire
287 697 412 729 afﬂictio,
435 696 479 724 cui
497 697 565 724 nihil
580 697 613 723 ad
626 696 845 731 resipiscentiam
862 697 952 724 oratio

163 743 276 779 profuit.
295 743 384 779 Atque
403 743 466 770 hinc
489 747 540 775 est.
557 743 692 778 ait,‘quod
709 743 828 771 hostium
842 743 890 770 tibi
904 750 952 770 ca-

163 790 299 818 lamitates
323 789 455 824 praedixi;
472 793 502 816 ut
519 788 642 824 undique
655 789 688 815 ad
704 788 809 824 frugem
835 793 861 816 te
877 796 954 817 revo-

163 843 265 869 carem,
291 835 454 868 minitando,
482 841 638 868 metumque
669 838 697 862 et
721 834 843 861 dolorem
874 834 952 862 incu-

163 880 267 911 tiendo,
280 879 372 907 futura
388 880 471 907 etiam
485 879 672 915 prtedicendo;
691 879 717 906 in
737 879 890 906 libertatem
905 879 952 906 de-

163 926 264 960 nique,
283 925 330 960 qui
351 932 428 952 meus
446 930 489 952 est
516 924 543 951 in
573 928 598 952 te
620 932 697 951 amor
714 924 874 956 asserendo,
904 924 954 950 ho-

163 976 275 1007 stesque
290 971 464 1004 ulciscendo;
478 971 524 1006 qui
541 972 567 998 in
584 979 672 998 nteam
690 970 862 998 divinitatem
880 970 954 998 blas-

163 1018 354 1053 phemi,quam
367 1018 402 1045 de
413 1018 490 1044 vobis
502 1018 591 1052 adepti
603 1020 667 1045 sunt
677 1016 819 1044 victoriam
829 1016 881 1043 diis
894 1016 952 1044 suis

162 1064 318 1096 ascribunt;
342 1068 369 1091 et
384 1064 444 1098 ejus
467 1063 546 1099 541
563 1063 609 1098 qui
628 1067 680 1095 est,
700 1063 814 1097 gloriam
844 1063 888 1096 iis,
904 1064 951 1098 qui

163 1118 216 1138 non
235 1115 310 1142 sunt,
332 1111 481 1145 indulgent.
506 1109 653 1137 Fornacem
670 1114 760 1137 autent
775 1110 951 1145 paupertatis,

163 1158 306 1185 servitutis
326 1158 417 1185 locum
434 1157 562 1192 appellat,
583 1157 610 1183 in
628 1164 684 1192 quo
702 1164 760 1190 eos,
776 1157 822 1192 qui
843 1157 876 1184 ad
892 1164 951 1184 eam

162 1205 251 1232 adacti
289 1209 364 1237 sunt,
391 1204 474 1231 etiam
500 1203 649 1230 mendicare
682 1211 794 1231 necesse
823 1203 870 1230 sit.
904 1203 952 1229 llis

162 1251 260 1279 deinde
274 1251 364 1278 verbis
377 1252 498 1286 seipsum
508 1250 635 1278 lsraelem
651 1249 798 1277 vendidisse
811 1249 889 1282 dicit,
904 1249 952 1284 qui

163 1298 189 1324 in
207 1297 308 1333 argenti
328 1297 417 1324 locum
439 1304 488 1324 sua
505 1297 563 1332 ipse
578 1301 689 1330 peccata
708 1297 885 1324 concesserit.
899 1293 953 1322 Ne-

163 1352 217 1378 que
232 1345 316 1373 enim.
331 1344 430 1377 inquit,
442 1349 552 1378 propter
574 1343 672 1373 virium
687 1351 808 1370 mearum
827 1343 950 1370 imbecil-

163 1390 267 1415 litatem
291 1389 434 1424 premeris,
454 1388 501 1423 qui
518 1395 579 1424 qua:
596 1389 624 1415 in
642 1387 760 1423 [Egypto
775 1393 851 1423 gesta
876 1394 951 1420 sunt,

162 1436 190 1463 in
206 1440 281 1462 tuam
297 1435 448 1462 libertatem
465 1434 642 1470 patraverim.
662 1434 715 1462 Sed
733 1438 860 1469 quaerunt
881 1442 954 1461 non-

162 1482 243 1515 nulli,
259 1482 306 1517 qui
324 1489 353 1510 se
368 1490 434 1508 nova
446 1482 540 1516 fecisse
551 1485 667 1512 asserat,
677 1489 749 1513 cum,
771 1480 886 1508 docente
901 1481 954 1508 Ec-

162 1527 300 1561 clesiaste,
310 1527 379 1554 nihil
397 1535 498 1554 novum
513 1527 565 1556 sub
579 1527 650 1554 (mlo
664 1527 700 1554 sit
711 1527 745 1553 ⁷⁸.
755 1525 859 1553 Christi
871 1525 954 1562 igitur

163 1574 337 1610 mysterium,
370 1573 448 1608 longe
468 1581 512 1605 ea.
526 1580 587 1608 qua:
603 1574 738 1605 cernitur,
753 1577 882 1600 creatura
897 1580 954 1599 ma-

161 1621 218 1656 jus,
230 1621 303 1656 quod
320 1627 334 1647 a
346 1620 430 1647 Paulo
444 1620 525 1647 etiam
538 1619 730 1647 absconditum
747 1618 905 1646 nominatur
917 1618 952 1650 ⁸ο,

163 1667 308 1695 intellexit.
322 1667 440 1701 Indeque
459 1666 542 1698 verba
563 1665 625 1698 ista,
642 1673 722 1700 neque
739 1665 772 1691 ab
787 1665 864 1692 initia
875 1673 954 1692 aures

165 1717 225 1740 tuas
245 1713 349 1748 aperui.
366 1711 502 1744 adiunxit.
518 1711 659 1746 Apostolis
677 1711 761 1742 enim,
783 1714 813 1737 ut
828 1710 955 1745 Scriptu-

164 1767 209 1786 ras
224 1759 418 1794 intelligerent,
432 1765 510 1784 aures
526 1756 653 1784 Christus
678 1756 781 1791 aperuit
798 1763 807 1782 :
824 1763 884 1790 qua:
897 1760 954 1782 tum

164 1805 274 1833 demum
301 1804 381 1831 nobis
402 1803 581 1838 aperiuntur,
606 1810 667 1830 eum
689 1806 716 1830 et
735 1809 812 1829 mens
834 1801 904 1837 ipsa,
927 1804 956 1827 ut

163 1851 267 1878 frustra
279 1859 333 1877 non
351 1850 474 1882 audiant,
492 1853 641 1877 reseratur.
662 1848 777 1880 Deinde,
795 1848 854 1875 novi
871 1847 953 1879 enim,

164 1897 264 1932 inquit,
282 1897 352 1932 quod
366 1896 595 1931 prmaricaberis,
618 1895 735 1930 ideoque
759 1893 893 1922 occultavi
906 1914 913 1926 ,
931 1897 957 1920 et

1042 466 1146 494 Οὐκοῦν
1161 466 1204 493 διὰ
1223 466 1428 502 φιλανθρωπίαν
1449 467 1503 494 τῶν
1522 467 1564 494 σοι
1581 469 1797 504 συμϐησομένων

1007 514 1023 548 ἡ
1039 513 1202 548 πρόρρησις.
1224 513 1279 539 Καὶ
1294 513 1458 548 παραδιδούς
1472 522 1502 540 σε
1521 514 1587 550 γὰρ,
1611 515 1656 542 ἐπ’
1677 516 1797 553 ὠφελείᾳ

1006 559 1163 594 παρέδωκα,
1189 559 1238 594 οὐχ
1265 559 1303 591 ὼς
1317 560 1350 586 ἄν
1374 568 1418 592 τις
1431 560 1501 596 ἀνὴρ
1515 561 1584 596 πρὸς
1610 561 1677 589 ἴδιον
1701 563 1796 598 κέρδος

1005 605 1086 641 ὁρῶν.
1104 605 1230 632 Παιδεύει
1246 606 1299 640 γὰρ
1311 605 1366 632 ἔσθ’
1377 606 1422 633 ὅτε
1434 606 1531 639 πάθος,
1547 607 1577 633 δν
1589 608 1638 634 οὐκ
1651 608 1796 635 ἐπαίδευσε

1006 651 1094 685 λόγος.
1110 651 1149 678 Δι’
1166 651 1223 678 ὅσοι
1238 657 1258 671 ἰ
1273 653 1320 678 καὶ
1343 652 1398 678 τῶν
1419 653 1556 687 πολεμίων
1581 653 1631 685 τὰς
1653 654 1797 689 συμφορὰς

1005 696 1215 732 προηγόρευσα,
1239 697 1409 732 πανταχόθεν
1427 698 1601 733 ἐπιστρέφων
1615 718 1623 730 ,
1637 699 1752 734 ἀπειλῆς
1769 704 1794 733 ιι,

1006 742 1053 770 καὶ
1063 742 1154 778 φόϐῳ,
1178 743 1225 769 καὶ
1247 743 1351 774 πάθους
1373 743 1468 780 πείρᾳ,
1484 744 1530 770 καὶ
1542 744 1657 779 δυνάμει
1675 753 1794 780 προαγο-

1007 788 1136 824 ρεύσεως,
1150 789 1183 824 τῇ
1196 789 1260 824 περὶ
1273 789 1302 815 σὲ
1319 789 1514 826 φιλανθρωπίᾳ
1527 790 1556 816 σέ
1567 799 1597 817 τε
1621 790 1702 817 πάλιν
1718 791 1796 818 ἐλευο

1006 835 1103 870 θερῶν,
1129 836 1178 861 καὶ
1202 836 1265 867 τοὺς
1282 835 1398 871 ἐχθροὺς
1412 835 1630 871 τιμωρούμενος,
1648 837 1696 863 καὶ
1719 842 1739 869 ³,
1755 837 1797 864 ὅτι

1002 882 1051 916 τὴν
1070 882 1139 916 ὲμὴν
1153 881 1347 917 ἐϐλασφήμουν
1362 881 1489 917 θεότητα,
1511 881 1561 917 τὴν
1582 882 1643 909 καθ’
1661 883 1738 917 ὑμῶν
1755 884 1797 910 νί-

1003 934 1055 960 κην
1071 927 1128 958 τοῖς
1143 925 1219 957 ἰδίοις
1234 925 1305 958 θεοῖς
1320 927 1531 962 ἐπιγράφοντες,
1553 932 1567 952 P
1582 928 1632 962 τὴν
1648 927 1695 954 τοῦ
1720 927 1798 960 liv-to;

1004 972 1067 1005 τοῖς
1083 972 1134 999 οὐκ
1145 970 1205 999 οὖσι
1221 972 1396 1008 χαριζόμενοι
1409 972 1514 1005 δόξαν.
1533 973 1667 1007 Ῐιάμινον
1679 973 1707 1000 δὲ
1721 982 1798 1000 πτω-

969 1007 991 1036 B
1007 1019 1101 1053 χείας,
1114 1019 1160 1045 τὸν
1180 1007 1264 1045 τόπον
1284 1018 1335 1053 τῆς
1355 1018 1477 1050 δουλείας
1493 1019 1621 1046 ἐκάλεσεν
1632 1041 1639 1052 ,
1658 1020 1686 1046 ὲν
1708 1016 1731 1053 ᾧ
1742 1020 1798 1051 τοῖς

1006 1064 1177 1092 δουλεύουσιν
1188 1065 1235 1091 καὶ
1251 1065 1418 1100 πτωχεύειν
1431 1065 1548 1099 ἀνάγκη.
1565 1065 1604 1091 Δι’
1617 1061 1655 1091 ὧν
1665 1065 1693 1091 δὲ
1710 1065 1797 1098 λέγει,

1007 1110 1144 1137 δείκνυσι
1170 1110 1216 1136 τὸν
1237 1109 1344 1145 Ἰσραὴλ
1368 1110 1464 1137 ἑαυτὸν
1484 1110 1656 1145 πεπρακότα.
1670 1110 1728 1136 ἀντ’
1746 1109 1798 1143 ἀρ-

1007 1157 1111 1191 γυρίου
1124 1155 1174 1187 τὰς
1187 1155 1285 1182 ἑαυτοῦ
1302 1155 1453 1191 προέμενον
1468 1156 1616 1192 ἁμαρτίας.
1632 1156 1670 1182 Οὐ
1685 1156 1718 1182 δι’
1729 1155 1798 1191 ἐμὴν

1007 1202 1062 1237 γὰρ
1076 1201 1222 1237 ὑπομένεις
1245 1201 1388 1228 ἀσθένειαν
1406 1202 1453 1229 τοῦ
1470 1201 1505 1228 τὰ
1526 1202 1555 1228 ἐν
1576 1201 1708 1235 Αἰγύπτῳ
1730 1200 1799 1236 πρὸς

1006 1248 1055 1284 τὴν
1069 1247 1118 1283 σὴν
1128 1247 1285 1282 ἐλευθερίαν
1293 1247 1488 1284 δραματουργή
1494 1257 1599 1280 σαντος.
1609 1248 1669 1280 Πῶς
1683 1248 1712 1275 δὲ
1721 1247 1798 1283 λέγει

1006 1293 1214 1328 πεποιηκέναι,
1228 1294 1298 1321 καθά
1327 1295 1393 1328 φασί
1407 1303 1490 1326 τινες,
1507 1295 1605 1327 καινὰ,
1618 1295 1666 1322 τοῦ
1688 1295 1800 1331 Ἐκκλη-

1007 1339 1321 1376 σιασ[τικ]οῦ’λέγοντος,
1335 1341 1390 1367 Καὶ
1409 1340 1484 1367 οὐδὲν
1506 1342 1616 1374 καινόν;
1627 1341 1664 1367 Τὸ
1680 1341 1798 1377 Χριστοῦ

1005 1387 1095 1414 τοίνυν
1108 1387 1182 1420 λέγει
1202 1385 1352 1421 μυστήριον
1370 1386 1462 1422 μεῖζον
1481 1386 1530 1422 τῆς
1545 1387 1687 1422 ὁρωμένης
1710 1388 1799 1423 ὑπάρ-

1006 1441 1054 1467 χον
1067 1432 1191 1463 κτίσεως,
1210 1431 1224 1458 ὃ
1237 1432 1285 1458 καὶ
1301 1432 1551 1467 ἀποκεκρυμμένον
1564 1433 1578 1459 δ
1591 1431 1697 1464 Παῦλος
1710 1433 1798 1460 καλεῖ.

1007 1479 1054 1506 Διό
1067 1486 1158 1514 φησιν,
1173 1479 1247 1506 οὔτε
1259 1478 1294 1510 ἐξ
1306 1478 1401 1513 ἀρχῆς
1418 1478 1526 1512 ἧνοιεά
1538 1486 1596 1506 σου
1608 1479 1644 1506 τὰ
1657 1477 1726 1506 ὦτα.
1739 1479 1800 1506 Τῶν

1006 1526 1061 1562 γὰρ
1085 1525 1242 1553 ἀποστόλων
1273 1525 1391 1560 Χριστὸς
1416 1525 1519 1559 ἤνοιξε
1536 1525 1573 1552 τὰ
1601 1523 1661 1553 ὦτα
1676 1526 1745 1561 πρὸς
1770 1525 1800 1552 τὸ

1008 1572 1129 1598 συνιέναι
1144 1571 1193 1603 τὰς
1203 1571 1326 1607 Γραφάς.
1347 1571 1498 1605 Ἀνοίγεται
1514 1571 1543 1598 δὲ
1558 1571 1593 1598 τὰ
1607 1568 1674 1604 ὦτα,
1691 1571 1735 1598 ὅτε
1753 1571 1800 1599 καὶ

1007 1617 1079 1649 νοῦς.
1095 1617 1133 1644 Οὐ
1144 1617 1200 1652 γὰρ
1217 1617 1306 1652 μάτην
1321 1617 1426 1644 ἀκούει.
1441 1617 1555 1652 Ἕγνων
1564 1617 1630 1653 γὰρ,
1647 1619 1740 1653 φησιν,
1755 1617 1800 1644 ὅτι

1007 1664 1174 1697 ἀθετήσεις,
1190 1663 1230 1689 διδ
1243 1663 1291 1689 καὶ
1302 1663 1418 1698 ἔκρυψα,
1432 1664 1482 1690 καὶ
1503 1663 1616 1698 ἄνομος
1636 1664 1670 1691 ἐκ
1685 1664 1801 1697 κοιλίας

1008 1709 1168 1744 κληθήσῃ·
1193 1708 1304 1744 δηλαδὴ,
1323 1711 1356 1745 τῇ
1382 1710 1547 1745 προγνώσει.
1568 1710 1662 1743 Οὕτως
1683 1711 1801 1746 ἁπηλλοο

1007 1755 1164 1791 τριώθησαν
1178 1755 1203 1782 οί
1219 1755 1376 1790 ἁμαρτωλοὶ
1391 1755 1445 1782 ἀπὸ
1459 1757 1578 1791 μήτρας.
1593 1757 1713 1788 Ἔπαθες
1729 1757 1752 1783 δ’
1767 1757 1800 1784 ἂν

1008 1800 1056 1826 καὶ
1073 1799 1273 1836 πανωλεθρίαν,
1289 1799 1346 1826 ἀνθ’
1361 1797 1398 1826 ὦν
1408 1809 1469 1835 μου
1483 1801 1540 1834 τὴν
1552 1801 1647 1833 δόξαν
1666 1801 1799 1836 ἀνέθηκας

1007 1844 1144 1881 δαίμοσιν,
1158 1845 1181 1871 εί
1194 1845 1231 1880 μὴ
1246 1846 1280 1872 δι’
1294 1846 1379 1880 αὐτήν
1390 1855 1450 1880 μου
1465 1845 1523 1880 τὴν
1532 1846 1628 1879 δόξαν
1644 1846 1801 1882 φανησομέ-

1009 1900 1058 1927 νην
1072 1892 1119 1918 ὲπὶ
1139 1891 1262 1927 σωτηρίᾳ
1278 1891 1325 1918 τοῦ
1339 1891 1454 1927 κόσμου.

164 1947 271 1982 iniquus
291 1953 323 1973 ea:
342 1950 417 1972 utero
443 1945 599 1976 vocaberis;
621 1943 792 1979 praenotione
814 1942 956 1969 nimirum.
976 1939 1036 1973 Quo
1076 1939 1158 1967 modo
1184 1940 1293 1967 alienati
1317 1945 1393 1972 sunt,
1418 1940 1463 1973 qui
1489 1947 1503 1966 a
1529 1940 1609 1967 vulva
1643 1945 1801 1975 peccatores

165 1995 345 2023 exsistunt“.
364 1994 427 2021 Ideo
443 1999 534 2021 autem
551 1993 660 2028 penitus
677 1992 759 2019 etiam
785 1990 952 2021 interiisses,
972 1988 1043 2023 quod
1061 1988 1178 2023 gloriam
1194 1995 1280 2014 meum
1303 1987 1473 2015 daunonibus
1488 1987 1650 2020 attribuisti,
1685 1987 1739 2015 nisi
1774 1990 1802 2014 et

165 2045 225 2079 ipsa
245 2048 280 2076 te,
303 2051 364 2078 quae
380 2043 407 2069 in
425 2041 520 2069 mundi
536 2041 652 2069 salutem
665 2043 812 2075 operatura
827 2042 880 2071 est,
896 2037 983 2073 gloria
998 2044 1056 2063 mea
1070 2035 1223 2062 liberasset.

202 2098 282 2134 542
291 2097 374 2124 Vens.
383 2097 475 2124 ιιι-22.
485 2096 556 2123 Audi
565 2103 615 2128 me,
628 2094 722 2127 Iacob,
734 2098 759 2121 et
770 2093 865 2125 Israel,
878 2101 953 2126 quem

165 2154 212 2180 ego
227 2153 299 2172 uoco.
322 2144 376 2180 Ego
393 2152 451 2170 sum
466 2143 578 2178 primus,
594 2147 617 2168 et
633 2149 677 2176 ego
691 2149 749 2167 sum
769 2141 795 2167 in
815 2135 953 2173 sempiter—

167 2200 240 2224 num,
263 2196 288 2218 et
313 2198 409 2217 manus
430 2197 488 2216 mea
513 2187 634 2222 [undavit
661 2191 770 2217 terram,
801 2189 825 2212 et
843 2184 954 2211 dextera

166 2247 225 2266 mea
241 2237 371 2265 stabilivit
387 2236 490 2263 caelum.
509 2234 577 2261 Vaco
591 2241 646 2266 eos,
665 2237 690 2260 et
707 2235 814 2259 stabunt
829 2230 920 2264 simul,
931 2234 956 2257 et

167 2283 396 2320 congregabantur
409 2289 509 2313 omnes,
520 2285 546 2308 et
558 2279 677 2312 audient,
694 2283 748 2306 etc.

1044 2091 1137 2127 ιβγκβκ
1152 2090 1261 2119 ’Ἄκουέ
1275 2099 1334 2125 μου
1353 2110 1360 2123 ,
1385 2090 1503 2123 Ἰακὼβ,
1535 2090 1584 2117 καὶ
1608 2089 1740 2123 Ἰσραὴλ,
1768 2089 1804 2116 ὃν·

1004 2137 1062 2173 ἐγὼ
1081 2137 1174 2165 καλῶ.
1195 2137 1267 2172 Ἐγώ
1288 2138 1347 2171 ειμι
1363 2135 1497 2170 πρῶτος,
1527 2136 1577 2163 καὶ
1599 2135 1656 2170 ἐγώ
1675 2137 1733 2170 ειμι
1759 2135 1804 2168 εἰς

1006 2182 1060 2208 τὸν
1073 2181 1175 2208 αἰῶνα.
1197 2180 1252 2207 Καὶ
1267 2180 1294 2214 ὴῐ
1308 2180 1373 2214 χείρ
1390 2189 1450 2214 μου
1465 2180 1644 2214 ἐθεμελίωσε
1665 2179 1735 2214 γῆν,
1754 2179 1804 2205 καὶ

1007 2227 1026 2261 ἠ
1050 2226 1136 2259 δεξιά
1158 2235 1219 2262 μου
1243 2226 1408 2260 ὲστερέωσε
1428 2225 1481 2253 τὸν
1508 2226 1649 2260 οὐρανόν.
1680 2224 1806 2252 Καλέσω

1008 2273 1131 2306 αὐτοὺς,
1146 2272 1196 2300 καὶ
1217 2272 1385 2305 στήσονται
1402 2271 1473 2306 ἅμα,
1493 2271 1542 2298 καὶ
1556 2269 1806 2305 συναχθήσονται

1013 2319 1136 2353 πάντες,
1149 2319 1199 2347 καὶ
1211 2320 1405 2351 ἀκούσονται,
1418 2328 1445 2346 κ.
1462 2327 1488 2347 τ.
1504 2318 1530 2345 λ.

205 2385 400 2421 Superioribus
411 2384 439 2411 in
454 2383 570 2411 infames
587 2381 724 2410 lsraelitas
740 2379 894 2415 usurpatis,
912 2377 954 2406 hic

1048 2378 1089 2405 Τὰ
1112 2377 1209 2414 πρῶτα
1230 2378 1286 2409 τοῖς
1312 2376 1535 2412 διαϐεϐλημένοις
1565 2375 1662 2407 είπὼν,
1688 2366 1807 2402 ἐνταῦθα

167 2433 223 2466 jam
239 2439 300 2460 cum
318 2431 412 2466 probis
426 2433 454 2457 et
471 2428 595 2456 honestis
609 2427 732 2462 disputat
749 2435 756 2453 :
777 2425 896 2459 indeque
904 2427 957 2457 est,

169 2478 242 2515 quod
259 2485 335 2513 quem
346 2485 393 2511 ego
405 2475 494 2502 vocavi
507 2474 621 2505 addidit,
636 2480 684 2508 pro
693 2479 747 2507 quo
763 2475 871 2499 uocatus
887 2477 960 2497 meus

170 2524 368 2561 Symmachus;
390 2522 504 2556 Aquilas
522 2524 612 2547 autem
636 2523 726 2546 vocate
749 2518 797 2550 mi,
826 2517 960 2552 interpre-

171 2574 274 2598 tantur.
291 2569 376 2596 Erant
391 2566 464 2593 enim
479 2573 511 2593 ex
531 2571 625 2592 earum
646 2572 761 2592 numero
785 2562 872 2590 vocati
896 2562 959 2597 qui-

171 2624 230 2644 «em
247 2614 386 2651 permulti.
398 2613 476 2641 electi
489 2617 579 2639 autem
601 2611 678 2638 valde
693 2610 785 2645 pauci.
799 2609 852 2637 Sed
869 2609 914 2636 hic
925 2609 958 2636 de

172 2663 283 2695 vocalis,
297 2668 352 2688 non
366 2661 399 2688 de
411 2660 505 2687 electis
521 2659 638 2685 habetur
651 2655 813 2691 disputatio.
827 2655 880 2683 Eos
896 2662 963 2682 vero

1011 2425 1068 2456 τοῖς
1090 2423 1269 2459 κατορθοῦσιν
1293 2423 1323 2456 ἐξ
1344 2422 1452 2458 Ἰσραὴλ
1475 2422 1640 2456 διαλέγεται.
1658 2421 1704 2448 Διὸ
1718 2421 1806 2456 πρόσ-

1011 2479 1099 2497 κειται
1123 2470 1164 2502 τὸ,
1185 2469 1222 2496 ὃν
1232 2469 1377 2496 ἐκάλεσα.
1398 2469 1470 2495 ‘AVO‘
1492 2466 1524 2496 οὗ
1548 2468 1698 2504 Σύμμαχος
1714 2468 1774 2502 μὲν,
1789 2468 1807 2494 ό

1010 2515 1121 2549 κλητός
1127 2524 1198 2550 μου,
1221 2515 1335 2546 Ἀκύλας
1357 2514 1395 2547 δὲ,
1416 2514 1508 2548 κλητέ
1519 2523 1592 2548 μου,
1612 2513 1702 2548 φασίν.
1717 2510 1808 2539 *Ησαν

1009 2562 1064 2596 γὰρ
1077 2560 1106 2593 ἐξ
1134 2561 1239 2587 ἐκείνου
1257 2559 1350 2586 πολλοὶ
1365 2560 1468 2592 κλητοὶ
1483 2580 1491 2592 ,
1509 2559 1600 2593 ὀλίγοι
1623 2558 1651 2584 δὲ
1671 2557 1806 2584 ἐκλεκτοί.

1009 2608 1082 2643 Πλὴν
1094 2609 1144 2634 οὐκ
1159 2608 1293 2639 ἐκλεκτοὶ,
1310 2607 1378 2642 πρὸς
1395 2606 1444 2638 οὓς
1466 2607 1479 2633 ὁ
1503 2606 1591 2640 λόγος,
1606 2605 1674 2632 ἀλλὰ
1688 2606 1808 2638 κλητοί.

1024 2651 1281 2687 Ὑπομιμνήσκειδὲ
1296 2651 1396 2682 αὐτοὺς
1408 2651 1454 2677 καὶ
1471 2649 1521 2684 τῆς
1541 2648 1638 2676 ἑαυτοῦ
1655 2647 1808 2682 θεολογίαςν

173 2709 205 2738 ιιι]
222 2716 279 2736 sua:
291 2709 373 2736 etiam
392 2705 545 2734 divinitatis
565 2703 771 2732 meditationem
789 2701 869 2738 543
889 2701 954 2729 ίῐινίε

1016 2699 1133 2734 ἄναρχον
1146 2697 1241 2725 ἑαυτὸν
1255 2697 1353 2732 λέγων.
1370 2696 1408 2723 Τὸ
1422 2695 1476 2732 γὰρ
1493 2695 1539 2723 τοῦ
1554 2694 1671 2729 πρώτου
1686 2687 1808 2729 πρεσϐύ-

209 2777 231 2793 "
250 2776 338 2804 Eccle.
356 2784 373 2805 ι,
390 2775 432 2801 i0.
470 2774 493 2789 “°
511 2772 618 2800 (inless.
637 2779 656 2803 ι,
677 2770 722 2797 ‘26.
761 2770 782 2786 "
796 2769 867 2796 Psal.
884 2776 948 2801 Lvn,
963 2769 989 2796 ι.

806 2840 922 2868 ΥΛΠΙΑΕ
943 2839 1147 2867 LECTIONI'ZS.

212 2907 232 2923 ιιι
249 2911 290 2938 ηρ.
304 2903 344 2928 6:6
356 2911 405 2934 σοι,
420 2902 495 2937 φησί.
536 2907 547 2919 η
571 2911 614 2935 κο.
637 2901 771 2931 anulatis
787 2901 802 2937 ἦ
818 2900 926 2936 ἀπειλῇ,
968 2905 980 2917 υ
994 2899 1044 2934 ἀρ.
1060 2898 1116 2926 καί.
1154 2897 1234 2924 λείη.
1251 2897 1294 2924 ἲσ.
1309 2895 1366 2922 καί.
