1999 3076
185 86 256 117 2453

736 85 1009 116 COMMENTARII
1024 85 1065 115 IN
1085 85 1230 115 ISMAM.

1750 79 1821 111 2451

186 150 276 177 τερον,
292 140 339 167 καὶ
353 141 533 176 ἀτελεύτητον
549 140 715 174 ἁκοὶούθως.
732 139 770 169 (ιῦ
784 142 896 178 γὰρούκ
910 141 983 169 ἔστιν

1041 146 1086 174 Lat,
1101 149 1164 168 eum
1185 149 1214 168 se
1233 139 1398 175 principium
1411 147 1464 167 non
1482 139 1582 166 habere
1591 138 1727 173 signiﬁcat
1755 137 1822 163 Nam

188 187 271 222 ἀρχὴ,
289 186 349 213 οὐδὲ
366 186 454 217 τέλος.

226 319 316 354 Ὅπερ
326 319 349 345 οἱ
362 318 452 346 λοιποὶ
460 318 604 354 δηλοῦντες
615 319 760 351 ἐξέδωκαν,
770 319 844 354 Ἐγὼ
856 319 982 354 πρῶτος,

191 364 240 391 καὶ
253 365 309 399 ἐγὼ
323 365 462 398 ἔσχατος.
481 366 595 400 Εἴρηται
607 365 634 391 δέ
650 374 700 391 που
716 366 781 400 περὶ
796 365 843 392 τοῦ
861 367 983 400 Μονογε-

191 411 264 444 νοῦς,
290 411 331 437 ὅτι
350 420 358 435 ι
373 411 458 442 Αὐτός
480 412 554 437 ἐστιν
570 412 583 437 ὁ
616 411 726 446 πρῶτος
739 412 785 438 καὶ
802 412 816 436 ὁ
831 411 953 447 ἔσχατος.
974 422 982 437 ι

195 458 227 483 Ὃ
248 457 412 492 διεσάφησεν
435 457 630 490 εἰπὼν,”Εξων
653 458 700 484 καὶ
720 458 855 493 ἐγενόμην
879 459 985 494 νεκρός.

198 501 283 536 Ἀρχὴ
308 501 363 536 γάρ
389 502 449 527 ἐστι
468 501 542 536 ζωῆς
566 503 580 528 ὁ
602 502 694 534 αὐτὸς,
720 503 766 528 καὶ
784 503 909 537 ἔσχατος,
927 503 988 529 ἐπεὶ

192 546 325 573 ἐκένωσεν
350 546 448 573 ἑαυτὸν
478 547 587 582 μορφὴν
612 547 707 573 δούλου
734 548 836 574 λαϐὼν.
861 548 936 583 Ἂμα
959 549 987 574 δὲ

194 593 240 618 καὶ
257 594 296 624 εἷς
312 593 465 628 ἀνάμνησιν
478 593 578 625 αὐτοὺς
591 593 722 628 ἀναφέρει
739 594 786 628 τῆς
803 594 928 628 δοθείσης
939 595 999 620 αὑ-“

193 639 249 669 τοῖς
263 638 348 672 τιμῆς
365 647 394 664 τε
420 639 467 665 καὶ
492 638 581 674 δόξης.
600 639 671 674 Πρὸς
692 639 846 675 οἰκειότητα
871 640 925 675 γὰρ
939 641 990 675 τὴν

193 684 277 710 αὑτοῦ
290 684 426 717 κέκληκεν
446 684 545 715 αὐτοὺς
563 685 595 711 ὲκ
609 685 719 711 πάντων
733 685 788 712 τῶν
811 685 906 717 ἐθνῶν,
921 686 991 713 κατὰ

192 730 232 761 τὸ,
251 739 260 755 ι
272 730 338 756 Ὅτε
352 730 506 765 διεμέριζεν
522 731 535 756 ὁ
553 730 684 764 ’Ύψιστος
701 730 793 764 ἔθνη.)
807 731 896 758 καὶτὰ
916 731 990 766 ἑξῆς.

194 777 249 802 Καὶ
274 776 354 802 πάλιν
370 784 376 791 ·
395 785 404 801 1
420 776 475 803 Καί
499 785 528 802 σε
550 775 691 808 ἐξελέξατο
711 776 814 811 Κύριος
831 777 863 802 ἐκ
882 777 992 804 πάντων

1032 187 1103 221 quod
1120 187 1205 219 primo
1218 186 1360 220 antiquius
1377 188 1430 217 est,
1445 188 1472 211 et
1488 184 1555 211 illud
1567 184 1648 211 etiam
1666 184 1718 209 line
1731 190 1825 209 carere

1032 233 1232 267 consequitur:
1249 239 1312 258 cum
1339 231 1411 266 quod
1439 230 1547 257 initium
1578 237 1633 257 non
1655 228 1761 259 habuit,
1780 235 1825 255 ex-

1035 283 1120 305 tremo
1137 278 1238 312 privari
1253 277 1334 305 etiam
1352 283 1497 304 necessum
1514 275 1560 303 sit.

1069 324 1147 357 Quod
1164 328 1193 350 ut
1206 324 1297 351 caeteri
1312 323 1512 358 significarent,
1533 321 1590 357 Ego
1607 321 1720 357 primus,
1735 323 1760 347 et
1778 327 1824 354 ego

1035 370 1147 396 ultimus
1175 369 1351 403 interpretari
1378 368 1548 395 maluerunt.
1576 367 1689 402 Legitur
1706 373 1772 392 vero
1794 366 1826 391 de

1037 416 1184 450 Uuigi-uito
1196 415 1297 442 alivubi
1312 424 1334 442 ιι
1348 415 1405 450 Ego
1417 423 1477 442 sunt
1488 415 1594 448 primus
1605 418 1631 440 et
1640 412 1753 440 ultimus
1763 411 1787 427 ⁸⁸
1797 419 1804 437 :
1815 421 1823 434 ι

1037 461 1108 495 quod
1126 468 1179 487 non
1208 461 1325 488 obscure
1352 460 1519 494 signiﬁcavit
1547 466 1621 491 cum,
1648 458 1755 486 vixisse
1776 463 1824 486 se.

1037 510 1064 533 ct
1090 505 1177 532 fuisse
1193 509 1345 538 mortuum,
1371 505 1482 539 adjecit.
1505 504 1551 531 Est
1575 504 1649 532 enim
1674 503 1746 530 idem
1764 501 1826 528 vita:

1038 551 1145 578 initimn
1175 554 1202 578 ct
1217 551 1295 582 finis;
1310 552 1375 584 quia
1393 551 1513 584 seipsum
1529 549 1694 581 exinanivit,
1710 552 1741 574 ut
1753 548 1824 575 servi

1039 599 1155 626 formam
1176 597 1315 633 acciperet
1326 597 1359 624 3‘.
1380 597 1467 624 Simul
1485 601 1576 623 autent
1596 599 1624 623 et
1644 602 1691 622 eos
1712 595 1740 622 in
1758 601 1826 621 con-

1039 645 1111 672 cassi
1142 644 1256 671 honoris
1277 648 1305 671 et
1318 643 1412 679 gloriae
1433 643 1594 670 memoriam
1619 646 1741 672 revocat,
1758 648 1827 676 quos

1040 690 1069 717 in
1086 696 1164 716 suam
1182 689 1397 716 familiaritatem
1413 696 1446 715 ex
1473 688 1548 716 omni
1565 687 1688 722 gentium
1713 693 1828 713 numero

1042 734 1160 766 vocavit,
1184 733 1263 769 juxta
1279 733 1346 761 illud
1364 743 1371 762 :
1394 743 1404 760 ι
1422 733 1490 761 Cum
1508 733 1644 760 divideret
1668 731 1828 758 Altissimus

1043 784 1139 814 gentes
1153 779 1188 810 ⁸⁵,
1211 788 1220 804 ι
1239 778 1351 813 illaque,
1374 786 1435 812 quae
1457 782 1621 813 sequuntur.
1648 776 1681 803 Et
1707 783 1828 803 rursus:

194 822 249 847 τῶν
263 821 348 847 ἐθνῶν
364 819 435 847 εἴναι
452 821 535 848 αὑτοῦ
551 822 624 848 λαόν.
646 831 654 847 ι
681 822 779 857 Ἐχρῆν
791 821 838 849 οὖν
852 823 934 850 αὐτὸν
950 823 987 858 μὴ

1042 833 1051 850 ι
1067 824 1099 850 Ει
1114 829 1140 852 te
1157 824 1238 859 elegit
1256 823 1389 851 Dominus
1405 824 1533 860 gentibus
1551 823 1691 856 omnibus,
1710 826 1740 849 ut
1752 829 1830 850 esses

195 865 345 899 ἀποστῆναι
373 865 440 892 Θεοῦ
466 867 512 892 καὶ
539 866 724 902 προστεθῆναι
741 866 852 902 δαίμοσι
877 868 925 894 καὶ
945 868 992 894 λα-

193 910 302 945 τρεύειν
319 912 352 946 τῇ
368 911 456 939 κτίσει
471 913 548 948 παρὰ
572 913 617 939 τὸν
631 913 781 941 κτίσαντα.
800 915 872 950 Πλὴν
888 915 935 941 καὶ
947 915 992 942 οὓ-

193 963 248 986 τως
273 956 417 991 οἰκτείρων
444 957 543 989 αὐτοὺς
570 958 660 985 καλεῖ
683 959 752 994 πρὸς
778 960 927 987 εὐπάθειαν
947 961 989 994 τὸ,

197 1001 308 1028 Ἀκουέ
318 1011 388 1037 μου,
409 1003 479 1038 βοῶν
495 1012 503 1019 ν
521 1003 569 1031 νῦν
591 1004 659 1038 γοῦν
667 1005 750 1038 ἀξιῶν
771 1005 927 1040 πεισθῆναι,
944 1007 991 1034 καὶ

194 1047 250 1073 τῶν
265 1047 294 1078 ἐξ
309 1047 390 1074 αὑτοῦ
407 1047 525 1082 βεϐαίως
537 1050 630 1084 τυχεῖν
644 1049 764 1085 δωρεῶν.
786 1050 865 1077 Κατὰ
876 1051 929 1086 γὰρ
945 1052 991 1078 τὸν

195 1093 314 1125 Παῦλον,
340 1094 494 1129 ὀφείλοντες
520 1093 591 1123 εῖναι
623 1096 780 1123 διδάσκαλοι
799 1097 844 1124 διὰ
866 1097 912 1124 τὸν
928 1098 992 1133 χρό-

195 1149 250 1173 νον,
268 1141 350 1168 πάλιν
366 1142 500 1177 ἐσχήκασι
521 1143 616 1178 χρείαν
632 1143 680 1169 τοῦ
704 1143 877 1176 διδάσκοντος
892 1144 992 1175 αὐτοὺς

195 1187 256 1214 τίνα
270 1187 303 1214 τὰ
324 1189 444 1223 στοιχεῖα
467 1189 518 1224 τῆς
543 1189 629 1225 ἀρχῆς
646 1190 700 1216 τῶν
716 1191 814 1224 λογίων
837 1190 882 1216 τοῦ
910 1190 989 1218 Θεοῦ.

197 1232 234 1258 Τὸ
245 1233 273 1259 δὲ
286 1233 381 1265 ἀΐδιον,
395 1234 442 1260 καὶ
456 1233 541 1265 ὅντως
565 1233 605 1265 ὃν.
623 1235 774 1270 παρίστησι
789 1235 829 1267 τὸ,
840 1236 912 1270 Ἐῖώ
922 1238 990 1271 εἰμι,

197 1278 351 1313 συμφώνως
375 1278 431 1313 τῷ·
457 1278 549 1312 «Ἐγώ
567 1279 624 1314 εἰμι
647 1281 661 1305 ὁ
689 1278 736 1310 ὢν,
750 1289 758 1305 ι
780 1280 818 1311 ὡς
838 1282 886 1313 τὴν
900 1281 991 1315 φύσιν,

197 1323 269 1350 οὕτω
293 1324 387 1351 καὶτὸ
412 1322 478 1360 ἦθος
503 1325 632 1360 ἀκίνητον
649 1323 719 1352 εἷναι
739 1326 837 1360 δηλῶν.
866 1327 894 1353 Ὀ
911 1327 992 1359 αὐτὸς

198 1370 253 1405 γὰρ
267 1370 316 1403 ὢν,
334 1370 363 1403 ἐξ
375 1371 546 1405 ἀγαθότητος
567 1371 622 1406 ἔχω
635 1371 664 1397 τὸ
679 1371 834 1407 γνώρισμα,
848 1373 883 1399 δι’
898 1375 930 1408 ἢν
946 1375 993 1400 καὶ

198 1417 288 1444 πάντα
313 1418 382 1453 πρὸς
408 1418 439 1444 τὸ
463 1416 534 1444 εἶναι
561 1419 744 1454 παρήγαγον,
767 1419 993 1448 ἀντιδιαστέλλων

199 1464 267 1499 πρὸς
280 1464 343 1495 τοὺς
357 1464 407 1490 οὐκ
423 1464 503 1496 byn;
518 1464 613 1496 θεοὺς,
629 1465 694 1500 περὶ
710 1462 747 1492 ὧν
763 1466 887 1500 λέγεται·
909 1476 918 1492 ι
932 1467 994 1494 Geel.

199 1510 224 1535 οἳ
243 1509 289 1536 τὸν
309 1509 423 1544 οὐρανὸν
448 1510 494 1536 καὶ
516 1509 565 1545 τὴν
590 1510 641 1545 γῆν
665 1511 715 1537 οὐκ
735 1511 878 1546 ἐποίησαν,
895 1513 995 1539 ἀπολέ-

201 1555 318 1582 σθωσαν.
339 1565 348 1580 ι
374 1555 483 1590 Ἐπειδὴ
507 1555 536 1581 δὲ
552 1555 663 1590 ἐπάγει,
688 1556 723 1583 Ἠ
740 1557 804 1591 χείρ
824 1566 884 1591 μου
894 1558 994 1592 ἐθεμε-

199 1601 293 1629 λίωσε
309 1601 367 1634 τὴν
394 1602 462 1635 γῆν,
490 1601 536 1628 τοῦ
566 1602 687 1638 Πατέρος
707 1602 779 1634 τινὲς
802 1603 833 1629 τὸ
847 1604 994 1639 πρόσωπον

199 1646 314 1680 ἔφασαν,
325 1644 354 1673 οὗ
370 1647 435 1680 χεὶρ
451 1647 463 1673 ὁ
476 1647 632 1682 Μονογενὴς
644 1649 672 1673 ὲν
682 1648 742 1678 ταῖς
754 1648 875 1682 Γραφαῖς
892 1648 992 1683 ὀνομά-

201 1691 286 1722 ζεται·
304 1691 407 1724 Μωσῆς
421 1690 476 1726 γάρ
495 1700 577 1726 φησιν
589 1699 596 1705 ·
617 1701 625 1716 ι
637 1690 669 1717 Ἡ
687 1692 762 1723 δεξιά
782 1701 828 1718 σου
850 1694 920 1727 χεὶρ,
938 1693 992 1719 Κύ-

202 1743 254 1770 ριε,
268 1735 423 1766 δεδόξασται
436 1736 465 1761 ὲν
482 1736 564 1770 ἰσχύϊ,
581 1746 589 1762 ι
605 1737 650 1762 καὶ
666 1737 700 1763 τὰ
712 1737 785 1772 ἑξῆς.
803 1738 856 1764 Καὶ
871 1739 884 1764 ὁ
900 1738 990 1764 Δαϐίδ-

204 1791 213 1806 ι
231 1780 437 1816 Κραταιωθήτω
451 1782 467 1816 ἡ
482 1781 543 1816 χείρ
563 1782 780 1817 σου.Ὑψωοήτω
795 1783 812 1818 ὴ
827 1783 902 1815 δεξιά
914 1793 988 1816 σου,›

201 1825 273 1852 οὕτω
287 1826 433 1861 λεγόμενος
449 1827 487 1859 ὡς
509 1828 655 1863 πληρωτὴς
669 1827 724 1854 τῶν
746 1828 792 1855 τοῦ
814 1829 935 1865 Πατέρος
951 1831 993 1857 ἔν-

201 1871 292 1902 νοιῶν,
306 1872 343 1903 ὼς
357 1869 427 1898 εἶναι
447 1872 552 1907 κυρίως
570 1873 667 1907 σοφίαν
688 1873 769 1901 αὑτὸν
783 1873 829 1900 τοῦ
845 1874 924 1908 Θεοῦ,
942 1883 991 1902 σα-

203 1918 371 1952 φηνίςουσςιν
395 1918 445 1950 τὰς
467 1919 605 1953 πατρικὰς
626 1919 732 1951 ἑννοίας
758 1921 786 1945 ὲν
804 1921 861 1952 τοῖς
884 1921 929 1947 ὑπ’
946 1922 994 1948 αὺ-

203 1963 251 1989 τοῦ
290 1963 444 1998 γινομένοις
473 1964 574 1999 ἔργοις.
605 1965 650 1991 Διὸ
686 1965 795 1999 λέγεται
826 1969 855 1993 ἐν
890 1968 992 2003 Παροι-

205 2008 281 2041 piat;
297 2015 305 2022 ·
339 2008 368 2033 ’0
393 2007 459 2039 Θεὸς
488 2010 521 2044 τῇ
551 2009 632 2045 σοφίᾳ
659 2010 825 2046 ἑθεμελίωσε
852 2012 902 2048 τὴν
925 2014 987 2048 γῆν,

1042 870 1080 897 illi
1105 870 1222 904 populus
1237 870 1271 896 ⁸⁸.
1294 879 1303 896 ι
1320 869 1387 896 Eum
1415 877 1481 905 ergo
1508 868 1630 904 oportuit
1655 876 1670 895 a
1696 867 1751 895 Deo
1775 875 1829 894 non

1042 915 1183 946 recedere,
1211 923 1299 949 neque
1322 916 1506 945 committere,
1537 919 1566 941 ut
1590 913 1760 941 daemonibus
1791 913 1832 947 ip-

1042 962 1121 996 sique
1136 965 1272 988 creaturae
1288 961 1380 995 potius
1394 968 1477 996 quam
1493 959 1620 988 Creatori
1636 959 1783 986 inserviret
1796 958 1830 986 ⁸⁷.

1041 1007 1136 1042 Neque
1162 1012 1252 1034 tamen
1277 1013 1368 1035 cessat
1396 1007 1573 1035 miseratione
1604 1009 1771 1037 commotus,
1802 1009 1833 1031 nt

1042 1052 1126 1078 animi
1146 1052 1186 1078 sui
1203 1052 1419 1086 propensitatem
1435 1051 1549 1084 indicet,
1567 1058 1615 1078 eos
1631 1051 1706 1085 ipsos
1727 1057 1829 1079 vorare.

1041 1101 1080 1130 et,
1096 1097 1167 1123 Audi
1183 1105 1233 1129 me,
1250 1097 1400 1124 inclamare
1415 1108 1420 1124 :
1437 1096 1537 1131 partim
1562 1096 1670 1131 quidem
1684 1095 1735 1122 sibi
1753 1094 1831 1122 ﬁdem

1042 1142 1170 1169 adhiberi
1187 1142 1350 1176 postulans;
1373 1143 1472 1176 partim
1493 1144 1584 1168 autem
1602 1141 1661 1169 suis
1677 1140 1757 1167 donis
1772 1147 1833 1167 esse

1043 1187 1180 1221 potituros
1206 1187 1388 1213 conﬁrmans.
1420 1186 1506 1213 Paulo
1528 1186 1601 1214 enim
1629 1190 1700 1213 teste
1714 1186 1748 1218 ⁸³,
1770 1192 1832 1212 cum

1042 1232 1177 1260 deberent
1208 1239 1270 1260 esse
1300 1232 1425 1266 magistri
1454 1235 1567 1267 propter
1587 1236 1706 1266 tempus,
1730 1238 1832 1267 praece-

1044 1282 1123 1313 ptore
1151 1285 1251 1305 rursus
1281 1281 1428 1312 eguerunt,
1446 1285 1461 1304 a
1479 1285 1534 1312 quo
1551 1284 1612 1312 [ιιΙω
1627 1277 1683 1304 Silii.
1698 1277 1833 1304 elementa

1042 1324 1149 1352 exordii
1164 1331 1322 1351 sermonum
1339 1324 1397 1357 Dei,
1417 1324 1594 1351 docerentur.
1610 1323 1745 1351 Caeterum
1762 1330 1834 1350 sem-

1043 1370 1180 1404 piternum
1194 1377 1223 1397 se
1237 1377 1309 1400 esse,
1323 1373 1349 1396 et
1362 1377 1425 1397 vere
1440 1370 1583 1403 exsistere,
1603 1378 1635 1397 eo
1651 1370 1710 1405 ipso
1722 1369 1834 1397 demon-

1043 1420 1145 1447 strans,
1160 1415 1233 1450 quod
1253 1414 1309 1450 Ego
1325 1423 1394 1447 sum,
1409 1415 1528 1450 adjecit;
1547 1416 1626 1450 quale
1647 1415 1698 1443 fuit
1713 1420 1740 1443 et
1755 1415 1833 1447 illud,

1044 1469 1107 1488 cum
1130 1471 1139 1487 ι
1156 1462 1213 1497 Εεο
1241 1469 1313 1494 smn,
1333 1462 1379 1496 qui
1393 1462 1502 1493 sum",
1523 1471 1531 1486 ι
1558 1461 1638 1493 dixit,
1653 1464 1683 1488 ut
1701 1468 1779 1488 suam
1797 1461 1835 1487 ila

1044 1511 1172 1535 naturam
1201 1515 1323 1542 suosque
1334 1515 1425 1535 mores
1441 1508 1579 1535 immutari
1596 1515 1735 1542 nunquam
1753 1515 1836 1542 posse

1044 1553 1266 1587 demonstraret;
1295 1559 1424 1588 tanquam
1450 1553 1578 1581 eumdem
1609 1562 1639 1581 se
1669 1559 1731 1581 esse
1754 1561 1786 1580 ex
1804 1561 1835 1579 ea

1044 1598 1167 1625 bonitate
1194 1599 1373 1633 signiﬁcaret,
1404 1606 1451 1634 per
1477 1606 1559 1633 quam
1588 1599 1682 1626 omnia
1709 1605 1772 1626 esse
1797 1597 1837 1624 fe-

1041 1644 1136 1675 cisset,
1166 1649 1196 1670 ut
1221 1645 1254 1671 ah
1271 1645 1316 1676 iis,
1342 1652 1403 1679 quae
1429 1652 1483 1672 non
1507 1650 1596 1675 erant.
1617 1649 1770 1680 separaret,
1802 1645 1836 1672 de

1041 1689 1141 1722 quibus
1161 1688 1235 1716 hunc
1252 1689 1279 1716 in
1294 1689 1404 1716 modum
1422 1689 1540 1723 legitur:
1558 1698 1567 1714 ι
1586 1688 1626 1716 Dii
1639 1690 1685 1723 qui
1701 1689 1800 1717 ctelum
1810 1693 1838 1716 et

1042 1737 1142 1760 terram
1151 1742 1204 1761 non
1213 1734 1533 1767 fecerunt,intereant”.
1545 1744 1554 1760 ι
1573 1734 1683 1766 Deinde,
1701 1735 1762 1769 quia
1781 1733 1841 1761 Μα-

1043 1786 1091 1804 nus
1104 1787 1161 1806 utea
1174 1780 1294 1815 [undavit
1308 1781 1429 1807 terram"l
1443 1779 1580 1814 adjunxit,
1591 1779 1680 1806 Patris
1692 1787 1836 1814 personati:

1043 1823 1158 1851 indicari
1169 1826 1314 1853 voluerunt
1326 1826 1465 1858 nonnulli;
1478 1827 1558 1860 cujus
1570 1834 1664 1852 "ianus
1676 1826 1703 1852 itt
1714 1825 1839 1860 Scriptu-

1043 1869 1082 1896 ris
1092 1868 1252 1906 Uuigeuitus
1261 1876 1445 1907 nuncupetur.
1454 1871 1576 1899 Aitenim
1586 1871 1676 1898 Moses
1689 1879 1710 1898 ε(
1724 1871 1839 1898 Dextera

1042 1923 1140 1945 manus
1151 1922 1207 1950 tua,
1217 1918 1342 1950 Domine,
1354 1918 1505 1953 glorilicata
1519 1921 1561 1945 est
1579 1917 1607 1944 in
1626 1917 1766 1944 fortudine
1779 1921 1840 1949 ),et

1046 1971 1108 1999 qua:
1119 1964 1296 1998 deinceps.Et
1305 1964 1388 1991 David
1400 1974 1407 1992 ι
1417 1974 1425 1990 ι
1440 1963 1576 1991 Firmetur
1585 1971 1683 1991 manus
1693 1967 1751 1996 tua,
1760 1963 1836 1990 exal-

1044 2011 1238 2040 teturdextera
1248 2011 1337 2043 tua”;
1355 2020 1364 2036 ι
1378 2016 1507 2044 tauquam
1519 2009 1608 2037 Patris
1620 2010 1739 2044 cegitata
1756 2009 1839 2044 perli-

203 2053 268 2085 ciat,
289 2054 361 2080 unde
380 2053 490 2089 proprie
501 2053 548 2081 Dei
560 2055 695 2090 sapientia
705 2057 751 2084 illa
760 2057 805 2089 sit,
818 2058 900 2094 544,
910 2068 970 2094 quae
984 2066 1104 2095 paterna:
1114 2058 1213 2085 mentis
1221 2056 1424 2084 voluntatemin
1438 2056 1481 2088 iis,
1499 2063 1560 2090 qua:
1585 2063 1600 2082 a
1622 2062 1652 2082 se
1670 2055 1839 2086 conduntur,

204 2101 335 2134 operibus
354 2101 489 2135 explicet;
505 2110 559 2137 quo
575 2102 690 2134 factum,
705 2109 734 2131 ut
749 2105 776 2131 in
791 2105 947 2135 Proverbiis
958 2108 1042 2136 Demn
1060 2106 1196 2142 sapientia
1214 2109 1315 2132 terram
1329 2103 1460 2130 fundasse
1472 2103 1596 2138 legamus
1610 2103 1644 2128 ⁸⁸.

241 2147 296 2181 Οὐχ
313 2147 351 2178 ὡς
372 2147 454 2182 μέρος
468 2147 515 2174 οὖν
536 2149 555 2183 ἡ
578 2149 652 2183 χεὶρ,
668 2150 726 2176 ἀλλ’
747 2151 786 2182 ὡς
801 2152 902 2186 τελεία,
914 2154 948 2181 δι’
964 2152 992 2190 ἦς

1086 2153 1146 2180 Non
1162 2160 1256 2179 manus
1280 2158 1356 2185 ergo,
1376 2154 1406 2177 ut
1422 2157 1505 2185 pars,
1527 2149 1575 2176 sed
1603 2151 1632 2174 ut
1657 2146 1789 2182 perfecta,
1808 2146 1842 2172 ab

206 2191 288 2223 αὐτὸς
310 2191 470 2227 ἐργάζεται,
496 2193 512 2229 ή
535 2193 564 2226 ἐξ
585 2195 668 2221 αὑτοῦ
691 2195 806 2231 δύναμις
820 2218 826 2230 ,
858 2198 996 2235 ὲγγυτάτη

206 2235 275 2264 οὖσα
306 2238 391 2274 αὐτῷ.
418 2238 479 2270 Πῶς
508 2237 565 2270 οὖν,
592 2242 670 2275 φησὶ,
694 2242 837 2278 λατρεύεις
859 2245 892 2279 τῇ
909 2245 999 2272 κτίσει

209 2284 284 2319 παρὰ
297 2283 342 2309 τὸν
361 2284 519 2318 κτίσαντα,
534 2285 571 2311 To
589 2286 643 2321 γὰρ
660 2287 772 2321 ποιηθὲν
789 2288 838 2323 τὴν
852 2289 899 2315 τοῦ
920 2291 1000 2325 ποιή-

209 2337 306 2360 σαντος
332 2329 459 2364 ἀμέτρως
480 2330 652 2366 ὐποκάοηται
670 2333 758 2364 δόξαν,
777 2333 815 2365 ὡς
830 2335 939 2361 ἀσεϐεῖν
954 2335 1000 2362 τὸν

208 2376 241 2410 τῇ
257 2376 441 2411 προσκυνήσει
453 2376 521 2411 πρὸς
535 2377 596 2412 ἴσην
618 2378 718 2412 ἄγοντα
735 2379 814 2406 τοῦτο
830 2380 870 2415 τῷ
884 2389 1001 2415 πεποιη-

209 2421 269 2448 κότι
282 2422 376 2457 τιμήν.
394 2421 429 2448 Ἡ
444 2422 528 2454 δεξιὰ
544 2423 633 2450 τοίνυν
645 2433 716 2458 μου,
734 2426 826 2460 φησὶν,
844 2427 898 2453 τὸν
912 2428 1002 2461 οὐρα-

209 2467 266 2493 νὸν
277 2467 471 2500 ἐστερέωσεν,
482 2467 511 2502 ἧ,
528 2468 600 2502 τοὺς
619 2471 777 2505 οὐρανοὺς,
794 2473 865 2499 κατὰ
879 2473 942 2504 τοὺς
955 2473 1003 2499 ᾱλ-

211 2512 273 2545 λους
287 2513 435 2548 ἑρμηνέας,
447 2514 547 2550 δηλαδὴ
560 2515 610 2547 τὰς
626 2516 770 2551 οὐρανίους
781 2518 920 2554 δυνάμεις,
938 2520 1003 2555 περὶ

211 2555 249 2585 ὧν
279 2559 424 2594 ἐπιφέρει·
453 2560 579 2588 Καλέσω
604 2562 725 2596 αὐτοὺς.
755 2564 804 2591 καὶ
835 2565 1003 2599 στήσονται

213 2603 282 2638 ἅμα.
309 2604 491 2640 Πειθαρχοῠσι
519 2605 573 2641 γὰρ
597 2606 635 2638 ὡς
656 2607 689 2634 ἂν
710 2609 835 2646 Δεσπότῃ
861 2611 955 2636 ἑστᾶσί
971 2620 1001 2637 τε

249 2661 381 2701 ‘fﬂApoc.
394 2671 419 2701 ιΔ
432 2664 473 2701 l7.
529 2664 552 2680 ⁸⁵
568 2664 687 2701 Philipp.
704 2674 734 2698 ﬂ,
757 2668 784 2699 6.
799 2668 825 2696 7.

215 2705 242 2729 ν,
261 2697 305 2724 i2.
360 2698 383 2714 ⁸⁵³
401 2698 484 2726 Exod.
508 2707 546 2733 ιιι,
565 2700 607 2728 Μ.
643 2697 682 2718 ’δυ
702 2697 804 2739 Jcrem.
821 2712 848 2736 ι,
870 2704 912 2730 11.

881 2668 905 2684 ⁸⁵
926 2669 1005 2696 Deut.
1029 2677 1114 2701 \‘sxn,
1133 2669 1160 2696 8.
1199 2667 1223 2684 ⁸⁸
1243 2669 1321 2695 Deut.
1333 2675 1383 2699 vn,
1402 2666 1429 2694 6.
1467 2667 1490 2683 ⁸⁷
1504 2666 1584 2694 Rern.
1597 2674 1616 2698 ι,
1632 2666 1679 2693 25.

1051 2207 1138 2235 eoque
1152 2199 1286 2230 derivata,
1302 2201 1329 2224 et
1342 2196 1430 2223 cidem
1446 2195 1565 2222 maxime
1581 2194 1670 2221 vicina
1680 2194 1780 2224 virtus,
1794 2200 1841 2226 per

1052 2254 1133 2282 quam
1151 2246 1210 2280 ipse
1228 2248 1369 2280 operatur,
1389 2242 1572 2278 significatur.
1591 2241 1662 2274 Quid
1681 2240 1778 2275 igitur,
1798 2239 1842 2266 in-

1052 2291 1121 2326 quit,
1135 2293 1269 2317 creaturaa
1295 2288 1398 2323 potius,
1422 2294 1505 2322 quam
1521 2285 1644 2313 Creatori
1661 2285 1765 2313 servire
1782 2292 1841 2311 Sus-

1052 2336 1142 2364 tines?
1159 2335 1237 2368 Quod
1249 2335 1322 2361 enim
1334 2333 1460 2361 ell'ectunt
1476 2337 1528 2365 est,
1542 2332 1614 2359 idem
1631 2333 1692 2365 ejus
1708 2330 1841 2365 dignitate

1055 2386 1083 2408 et
1107 2381 1194 2416 gloria
1218 2387 1233 2406 a
1257 2387 1312 2413 quo
1338 2378 1464 2406 effectum
1490 2382 1542 2409 est,
1571 2377 1651 2411 longe
1678 2379 1841 2411 superatur;

1056 2425 1195 2461 impieque
1211 2424 1286 2456 facit,
1301 2424 1428 2459 quisquis
1444 2423 1609 2450 adoraturns
1623 2421 1843 2449 euunlemhono-

1057 2479 1113 2498 rem
1139 2474 1272 2498 creaturae
1295 2474 1322 2496 et
1349 2468 1471 2496 Creatori
1501 2468 1609 2496 tribuit.
1626 2467 1741 2494 Dextera
1759 2467 1843 2501 igitur

1056 2528 1124 2550 mea.
1151 2518 1251 2553 inquit.
1267 2517 1371 2550 curtum,
1391 2517 1432 2544 vel
1462 2516 1551 2548 caelos,
1568 2519 1598 2542 ut
1614 2515 1675 2542 aliis
1695 2515 1782 2549 placet
1800 2514 1844 2540 in-

1057 2565 1233 2600 terpretibus,
1251 2564 1278 2591 id
1291 2569 1348 2595 est,
1376 2564 1503 2590 cmlestes
1525 2562 1643 2589 virtutes
1656 2562 1792 2596 ﬁrmavit;
1811 2561 1845 2586 de

1055 2612 1156 2647 quibus
1185 2618 1302 2646 pergens
1326 2617 1332 2634 :
1364 2608 1467 2635 Vocabo
1493 2617 1547 2641 eos,
1563 2613 1588 2635 et
1616 2608 1725 2635 stabunt
1750 2607 1842 2638 simul,

1717 2666 1740 2682 ⁸⁸
1761 2665 1843 2692 ΙΙιιΙιΓ.

970 2705 991 2720 εθι
1016 2703 1102 2732 Exod.
1117 2713 1162 2737 xv,
1176 2703 1202 2731 6.
1242 2703 1264 2719 "
1281 2702 1355 2730 l’sal.
1374 2710 1506 2735 Lxxxvnt,
1526 2702 1570 2730 Η.
1607 2702 1631 2719 ³³
1649 2702 1730 2730 Prov.
1743 2709 1784 2734 tn,
1800 2702 1843 2729 lt).

846 2763 963 2791 VARI/I3
995 2763 1197 2792 LECTIONES.

252 2804 298 2829 πρ.
314 2794 427 2821 ἐστᾶσαί
441 2803 469 2820 τε
483 2795 538 2822 καί.
