1999 3076
177 92 248 125 2455

829 102 1006 133 PROCOPII
1023 104 1145 135 GAZ/EI

1742 104 1813 136 Ἃὅό

180 148 303 184 subjicit.
334 149 434 177 Parent
451 151 535 186 cnim,
566 158 696 188 tanquam
722 154 839 183 Domino
862 161 952 184 astent

1023 159 1220 194 συνερχόμεναι
1257 159 1312 186 τῶν
1343 159 1431 194 λόγων
1464 158 1546 186 αὐτοῦ
1577 159 1647 195 προς
1676 159 1818 194 ἀκρόασιν.

177 198 205 222 et
232 195 266 222 ad
285 196 429 224 verborum
446 198 507 232 ejus
525 201 757 230 auscultationem
780 203 952 238 colliguntur
968 212 973 229 :

178 243 261 278 quale
274 242 401 272 fuitillud
419 245 519 273 initio:
538 255 547 273 ι
566 248 649 281 Audi,
665 250 779 283 cwlum,
794 255 820 278 et
837 252 973 286 ausculta,

179 293 264 322 terra,
292 292 424 326 quoniam
455 292 588 323 Dominus
617 295 729 324 locutus
746 303 790 325 est
810 298 845 325 νδ.
869 308 879 324 ›
896 298 974 331 Quod

180 335 203 363 si
232 335 330 364 factori
352 344 404 365 suo
425 337 540 366 virtutes
561 340 615 367 illa:
635 343 844 375 prtestantinres
872 351 973 378 magna

177 381 246 409 adeo
266 383 442 412 observantia
455 389 484 413 et
501 386 634 421 religione
650 394 710 415 sese
725 389 848 422 praebent
861 389 968 416 obtem-

176 432 322 463 perantes;
351 430 398 465 qui
427 438 488 465 vos,
516 431 562 467 qui
588 432 714 460 homines
742 434 820 466 estis,
847 435 972 462 divinum

175 473 304 501 timorem
326 475 419 509 potius
444 483 499 503 non
526 477 686 505 resumitis?
709 477 810 506 Verum
825 487 882 515 quo
898 480 968 513 loco,

176 517 242 550 Quis
253 519 291 546 eis
302 522 462 548 renuntiavit
469 523 524 549 Iuee
533 524 546 550 ?
559 522 701 557 habemus,
714 524 751 552 ibi
767 525 948 560 Symmachus
962 534 968 552 :

175 563 243 595 Quis
261 565 299 591 eis
322 567 489 594 annuntiavit
511 568 587 595 lima?
612 568 695 602 Quem
719 569 846 597 Dominus
869 570 967 606 diligit,

174 610 255 645 faciet
279 613 439 640 voluntatem
459 614 528 649 ejus,
546 615 661 650 Aquilus
679 621 770 643 autem
795 617 881 650 :Quis
900 619 969 645 inter

173 657 290 684 homines
311 658 366 686 Iure
380 660 516 694 protulit?
536 661 665 688 Dominus
679 663 775 689 dilexit
791 672 859 690 eum.
876 664 968 691 Caelo—

173 708 234 728 rum
248 704 320 730 enim
334 705 463 738 virtutes,
483 707 583 740 inquit,
601 715 662 741 quae
676 713 820 741 vocantur,
846 709 879 736 ad
906 717 967 737 ver-

173 748 271 776 borum
291 750 378 785 ipsius
401 753 633 780 auscultationem
662 758 783 781 attentas
805 759 833 781 et
856 759 965 789 paratas

171 802 251 827 esse;
268 795 351 831 idque
365 797 414 824 tibi
432 802 544 833 propter
557 807 695 826 summum
713 800 774 834 ejus
790 800 818 827 in
841 805 868 827 Ie
886 808 964 828 amo-

1029 205 1178 240 Σὺμφωνον
1204 205 1243 239 τῷ
1269 205 1330 232 κατ’
1354 205 1462 241 ἀρχάς·
1492 205 1748 240 «“Ἀκουε,οὑρανὲ,
1774 206 1821 231 καὶ

1027 250 1166 283 ἐνωτίζου,
1180 251 1228 286 γῆ,
1245 252 1285 278 ὅτι
1298 250 1402 286 Κύριος
1418 250 1559 285 ἐλάλησεν.
1577 260 1586 276 ι
1607 251 1638 277 El
1652 251 1679 277 δὲ
1691 251 1821 285 δυνάμεις

1027 297 1055 324 αἱ
1070 297 1212 333 κρείττους
1226 297 1298 324 οὕτω
1319 297 1367 323 σὺν
1384 296 1513 331 εὐλαϐείᾳ
1528 296 1567 332 τῷ
1581 296 1744 330 πεποιηκότι
1758 304 1820 322 πει-

1026 342 1122 378 θήνιοι,
1138 344 1219 379 ἡμεῖς
1235 349 1246 362 τ
1269 343 1346 374 ὅντες
1367 342 1505 378 ἄνθρωποι
1530 342 1589 374 πῶς
1614 343 1643 369 οὑ
1661 342 1760 376 μᾶλλον
1773 342 1820 369 τὸν

1025 388 1097 415 θεῖον
1120 388 1290 424 ἀναλήψεσθε
1316 388 1418 423 φόδον;
1441 388 1514 414 Ἀντὶ
1531 387 1559 414 δὲ
1581 387 1639 420 τοῦ,
1653 388 1701 420 Τίς
1717 387 1820 420 αὐτοῖς

1023 435 1204 470 ἀνήγγειλεν
1215 435 1319 467 ταῦτα,
1336 434 1351 461 ό
1367 434 1515 469 Σύμμαχος
1530 433 1641 468 ἔφησεν,
1660 434 1707 466 Τίς
1717 434 1819 467 αὐτοῖς

1023 479 1206 514 ἀπήγγειλεν
1216 479 1309 506 ταῦτα
1315 487 1326 508 ;
1336 480 1390 505 ’ον
1404 479 1511 513 Κύριος
1519 478 1679 512 ἀγαπήσει,
1695 479 1816 511 ποιήσει

1022 526 1056 552 τὸ
1064 524 1181 560 θέλημα
1192 525 1295 553 αὐτοῦ.
1305 526 1334 552 ’0
1348 525 1375 552 δὲ
1394 525 1520 557 Ἀκύλας,
1538 525 1585 557 Τίς
1600 525 1634 551 ὲν
1648 524 1818 558 ἀνθρώποις

1021 571 1205 606 ἀπήγγειλεν·
1239 571 1352 602 mira;
1383 571 1490 604 Κύριος
1520 570 1681 604 ἠγάπησεν
1710 571 1815 597 αὐτόν.

1021 617 1083 644 Ὅτι
1095 617 1159 652 γὰρ.
1178 617 1270 652 φησιν,
1287 617 1314 643 αἱ
1330 616 1382 643 τῶν
1397 616 1520 651 οὐρανῶν
1536 616 1667 651 δυνάμεις
1679 615 1817 651 καλούμε-

1020 672 1063 690 ναι
1076 663 1144 698 πρδς
1159 663 1208 698 τὴν
1227 663 1281 689 τῶν
1302 662 1384 689 αὐτοῦ
1396 662 1482 696 λόγων
1499 662 1632 697 ἀκρόασιν
1649 662 1816 689 ὑπακούουσι

1019 709 1231 744 παριστάμεναι,
1248 709 1328 740 αὐτὸς
1341 708 1505 744 ἀπήγγειλε
1521 708 1633 744 Κύριος,
1652 709 1698 734 καὶ
1713 708 1757 735 διὰ
1767 709 1816 744 τὴν

1018 755 1129 790 ἀγάπην
1158 754 1208 788 τὴν
1243 754 1310 789 πρὸς
1340 754 1389 786 σὲ,
1422 754 1540 789 φανερόν
1579 762 1620 780 σοι
1651 754 1814 789 πεποεηκεν.

1019 801 1121 834 Ἤγουν
1142 800 1212 826 κατὰ
1225 801 1270 826 τὸν
1293 800 1408 826 Ἀκύλαν
1422 801 1467 826 καὶ
1481 800 1639 836 Σύμμαχον,
1658 800 1688 827 Ὀ
1701 800 1816 835 ἀγαπη-

172 848 228 868 rem
243 842 332 876 palam
348 843 405 871 fieri
421 845 543 873 voluisse
558 845 629 873 idem
647 847 808 873 renuntiavit
820 846 962 876 Dominus.

1016 846 1066 878 τὸς
1079 845 1125 872 τοῦ
1146 846 1268 880 Πατέρος
1285 846 1331 872 καὶ
1353 846 1521 881 Μονογενὴς,
1537 846 1618 878 αὐτὸς
1630 845 1814 881 ἀπήγγειλεν

171 885 232 919 Vel,
250 893 279 915 ut
291 888 399 924 Aquilae
418 890 508 924 placet
520 895 546 917 et
557 890 735 927 Symmacho,
747 892 865 919 Dilertus
877 892 968 920 Patris

170 938 198 960 ct
210 933 375 969 Unigenitus
390 936 448 971 ipse
465 938 624 965 renuntiavit
636 938 807 972 hominibus.
822 941 867 975 qui
882 941 964 968 etiam

171 980 334 1007 voluntatem
359 981 449 1010 Patris
476 983 640 1018 operabitur,
666 984 730 1012 dum
749 993 810 1019 quae
835 986 965 1021 praedicta

171 1031 247 1061 sunt,
276 1029 302 1055 in
324 1028 487 1064 Babylonem
514 1031 642 1063 inducet;
667 1039 722 1067 quo
747 1033 875 1060 nimirum
894 1037 963 1061 tem-

171 1082 237 1108 pore
250 1076 381 1110 populum
399 1077 426 1103 in
444 1077 597 1105 libertatem
612 1083 749 1106 assertum
766 1082 845 1106 terra!
868 1079 962 1114 patriae

169 1121 352 1149 restituturus
367 1126 419 1150 est.
435 1121 494 1149 Non
511 1123 611 1153 desunt
626 1128 717 1151 tamen
728 1124 776 1158 qui
791 1124 875 1151 verba
889 1125 960 1152 ista:

174 1166 280 1194 Vorabo
312 1175 377 1201 eos,
409 1173 433 1195 et
453 1169 564 1196 stabunt
589 1169 692 1201 simul,
719 1169 753 1197 de
778 1169 879 1197 lsraele
908 1170 962 1198 dici

169 1213 361 1247 arbitrentur;
390 1219 520 1249 tanquam
543 1222 573 1242 se
599 1215 768 1248 perlibenter
793 1216 960 1251 congregatis

169 1259 226 1287 illis
244 1259 402 1287 auditurum
419 1261 600 1289 demonstret.
617 1261 698 1298 55,5
719 1261 785 1294 Quis
802 1262 874 1290 Deus
891 1262 962 1290 alius

168 1305 289 1333 futuram
304 1306 369 1334 belli
385 1307 583 1340 calamitatem,
599 1311 681 1342 atque
697 1309 756 1343 ipse
780 1316 829 1343 per
847 1308 964 1343 prophe-

167 1355 211 1378 tas
228 1351 337 1386 singula
361 1353 437 1386 prius
459 1352 589 1379 indicarit
612 1361 618 1379 :
644 1353 724 1387 cujus
736 1358 764 1380 et
781 1353 835 1388 ipsi
858 1354 963 1381 monita

169 1397 323 1431 aspernati,
346 1398 464 1431 experiri
482 1405 566 1432 quam
581 1398 670 1425 vitare
687 1398 787 1425 damna
802 1398 962 1426 maluerint.

1021 892 1185 927 ἀνθρώποις,
1201 891 1230 922 ὃς
1246 891 1293 918 καὶ
1310 891 1340 917 τὺ
1356 891 1471 926 θέλημα
1485 891 1538 918 τοῦ
1547 892 1677 926 Πατέρος
1691 893 1797 927 ἐνεργὴ

1019 946 1076 969 σει,
1090 937 1125 964 τὰ
1143 937 1324 973 προλεχθὲντα
1340 938 1415 965 κατὰ
1431 938 1617 971 Βαϐυλῶνος
1631 938 1751 971 ἐπάξων,
1769 939 1814 966 ὅτε

1019 986 1064 1011 καὶ
1075 984 1124 1020 τὴν
1139 984 1298 1020 ἐλευθερίαν
1323 985 1370 1011 καὶ
1393 985 1442 1019 τὴν
1464 985 1593 1011 ἐπάνοδον
1609 985 1756 1019 ἐργάσεται
1767 985 1814 1012 τοῦ

1017 1030 1092 1058 λαοῦ.
1108 1031 1186 1062 Τινὲς
1200 1031 1229 1057 δὲ
1243 1030 1283 1062 τὸ,
1301 1030 1425 1057 Καλέσω
1440 1030 1562 1063 αὐτοὺς,
1578 1031 1627 1058 καὶ
1647 1031 1814 1064 στήσονται

1016 1074 1085 1109 ἅμα,
1102 1075 1164 1109 περὶ
1177 1073 1231 1100 τῶν
1244 1073 1274 1106 ἐξ
1291 1074 1401 1110 Ἰσραὴλ
1412 1075 1537 1109 εἰρῆσθαί
1554 1084 1648 1110 φασιν.
1668 1077 1713 1107 Ὠς
1728 1076 1814 1111 ἡδέως

1017 1121 1049 1147 ἂν
1067 1121 1208 1156 ἐπυθόμην
1223 1121 1424 1155 συνηγμένων
1438 1121 1548 1154 αὐτῶν,
1566 1123 1611 1155 τίς
1631 1122 1708 1154 ἄλλος
1722 1123 1814 1154 αὐτοῖς

1015 1167 1082 1198 Θεὸς
1095 1167 1144 1202 τὴν
1170 1167 1201 1193 ἐκ
1215 1167 1261 1194 τοῦ
1287 1167 1406 1202 πολέμου
1436 1168 1635 1203 προμεμήνυκε
1656 1169 1811 1204 συμφορὰν,

1015 1213 1052 1244 ὡς
1069 1212 1123 1246 ἐγὼ
1138 1212 1182 1239 διὰ
1197 1213 1251 1238 τῶν
1271 1212 1421 1248 προφητῶν
1442 1222 1493 1247 μου
1513 1214 1547 1240 τὰ
1562 1214 1633 1239 κατὰ
1657 1214 1740 1250 μέρος
1752 1215 1814 1250 ἐδή-

1013 1257 1103 1284 λωσα”
1129 1258 1176 1284 ttat
1201 1257 1255 1284 τῶν
1279 1258 1353 1293 ὲμῶν
1374 1259 1633 1293 καταφρονήσαντες
1647 1260 1745 1293 λόγων,
1763 1260 1813 1295 τὴν

1014 1305 1068 1330 τῶν
1081 1305 1174 1330 κακῶν
1185 1304 1345 1337 ἀνεμείνατε
1358 1305 1468 1340 πεῖραν.
1483 1304 1532 1336 Τίς
1545 1303 1592 1331 οὖν
1606 1305 1671 1340 ὑμῖν
1686 1307 1702 1341 ὴ
1720 1306 1812 1341 ὄνησις

1014 1351 1064 1385 τῆς
1080 1351 1112 1377 ὲκ
1134 1349 1270 1383 δαιμόνων
1287 1351 1419 1385 μαντείας
1434 1351 1512 1377 οὐδὲν
1534 1352 1744 1386 προεγνωκυίας
1757 1352 1812 1378 τῶν

1017 1396 1130 1432 ὕστερον
1142 1404 1150 1429 ;

167 1442 305 1475 Quidnam
334 1443 418 1479 igitur
441 1443 495 1472 illis
522 1445 581 1479 ipsa
611 1443 766 1472 dmmonum
801 1445 958 1472 vaticinatio
978 1443 1168 1479 profuit,qu:n
1191 1443 1261 1470 nihil
1273 1449 1381 1474 eorum,
1405 1451 1466 1478 qua:
1501 1449 1596 1479 postea
1634 1444 1808 1478 acciderunt,

169 1490 320 1524 praevidere
336 1491 443 1525 potuit?

204 1538 305 1566 Voluut
329 1539 468 1573 nonnulli,
487 1547 546 1574 eos,
567 1541 614 1576 qui
636 1540 670 1568 de
693 1540 816 1576 gentium
832 1547 959 1572 numero,

1050 1535 1126 1567 Τινὲς
1138 1535 1166 1563 δέ
1182 1544 1257 1570 φασι,
1271 1536 1335 1568 τοὺς
1350 1536 1422 1572 μέγα
1442 1537 1611 1572 φρονοῦντας
1624 1537 1679 1563 τῶν
1693 1537 1810 1564 ἐθνικῶν

167 1591 297 1620 magnum
313 1585 378 1620 quid
392 1590 532 1621 saperent,
559 1587 671 1614 invitari
696 1591 725 1613 ut
750 1586 835 1614 velint
852 1585 960 1617 adesse.

167 1629 195 1657 in
211 1630 389 1666 animumque
415 1631 557 1664 inducere,
576 1631 682 1659 nullum
699 1630 752 1659 sibi
775 1639 836 1666 qua:
868 1631 895 1658 in
911 1638 961 1665 po-

167 1678 272 1702 sterum
298 1680 392 1703 essent
416 1680 560 1709 eventura,
575 1676 750 1712 praedixisse;
778 1676 827 1704 sed
862 1684 877 1703 a
904 1676 960 1703 Dco

167 1721 237 1748 dura
260 1726 287 1749 et
310 1729 408 1757 aspera
430 1730 494 1751 esse
517 1723 752 1758 prtesignilicata;
770 1726 800 1750 ut
825 1723 959 1750 sententia

167 1771 271 1794 mutata
286 1773 483 1796 revocarentur
502 1779 509 1796 :
526 1769 646 1805 indeque
658 1769 727 1802 ﬁeri,
745 1770 817 1804 quod
839 1772 913 1796 metu
925 1769 959 1795 ad

167 1814 386 1848 resipisccntiam
400 1822 564 1849 provocans,
579 1823 641 1850 quae
654 1821 771 1844 ventura
785 1819 874 1843 essent
888 1821 959 1850 pra:-

167 1858 278 1885 dixerit.
306 1858 409 1886 Deinde
437 1860 561 1888 ostendit
588 1868 684 1888 eorum
712 1868 742 1888 se
764 1867 820 1887 non
850 1859 960 1894 injuriae

166 1904 370 1937 recordatione,
386 1905 435 1933 sed
452 1906 645 1934 benevolentia
667 1907 773 1942 potius,
797 1906 873 1942 quod
891 1907 959 1940 ipsis

165 1950 274 1977 libitum
303 1950 412 1985 fuisset,
439 1952 600 1987 perfecisse.
625 1953 694 1980 Cum
719 1954 791 1980 enim
817 1952 958 1980 Clmldwos

165 1994 218 2021 sibi
249 1996 388 2030 perpetuis
419 1996 628 2025 incursionibus
655 1997 831 2025 imminentes
861 2005 877 2024 a
903 1996 959 2024 Deo

164 2039 250 2067 deleri
279 2047 429 2077 cuperent;
460 2043 488 2070 id
508 2043 598 2078 ipsum
613 2048 687 2071 certe
708 2048 734 2071 et
751 2044 795 2071 ille
819 2044 957 2079 praestitit,

165 2094 221 2114 non
245 2091 377 2122 tanquam
405 2088 490 2122 justis
521 2089 638 2123 gratiam
658 2089 814 2121 relaturus,
841 2089 889 2116 sed
908 2096 958 2124 pro

164 2140 214 2161 sua
233 2133 412 2169 benignitate.
426 2142 533 2169 suoque
548 2142 652 2167 amore,
668 2136 833 2162 beneﬁcium
860 2135 888 2162 in
915 2136 957 2162 in-

165 2182 259 2212 gratos
287 2179 370 2206 etiam
396 2184 422 2206 et
453 2184 612 2214 peccatores
641 2180 838 2208 collocaturus.
863 2180 954 2215 Atque

1013 1585 1143 1619 παρεῖναι
1170 1584 1368 1618 προτρέπεται.
1391 1584 1439 1611 καὶ
1455 1584 1524 1620 πρὸς
1540 1584 1602 1611 νοῦν
1616 1584 1753 1618 ὲκλαΰεῖν,
1772 1586 1812 1617 ὡς

1012 1630 1099 1660 οὐδεὶς
1114 1629 1207 1660 αὐτοῖς
1231 1629 1265 1655 τὰ
1288 1629 1358 1664 μετὰ
1378 1629 1492 1664 χρόνους
1511 1630 1630 1664 ἐσόμενα
1644 1630 1810 1665 προῦλεγεν.

1011 1675 1099 1707 Αὐτὸς
1110 1675 1138 1701 δὲ
1152 1672 1186 1710 ἦν
1200 1676 1214 1701 ὁ
1228 1675 1294 1706 Θεὸς
1309 1675 1324 1701 ό
1341 1675 1388 1702 καὶ
1403 1675 1544 1711 προλέγων
1563 1676 1596 1703 τὰ
1617 1676 1745 1712 δυσχερῆ.
1764 1678 1811 1704 καὶ

1014 1719 1234 1754 μετατιθεμένων
1260 1719 1490 1755 ἀνακαλούμενος.
1513 1721 1560 1748 Διὸ
1587 1723 1634 1748 καὶ
1657 1722 1810 1758 προῦλεγεν

1012 1765 1186 1800 ἐπιστρέφων
1201 1764 1240 1800 τῷ
1255 1765 1340 1800 φόὸῳ.
1355 1764 1422 1792 Εἶτα
1436 1766 1584 1800 δείκνυσιν,
1609 1767 1647 1799 ὡς
1661 1768 1692 1794 οὺ
1710 1777 1810 1803 μνησιτ

1012 1810 1106 1837 κακῶν
1122 1810 1225 1842 αὐτοῖς,
1248 1811 1364 1844 ἀγαπῶν
1387 1811 1415 1838 δὲ
1439 1811 1598 1839 τούναντίον
1613 1813 1685 1849 ἆπερ
1701 1813 1809 1849 ἤθελον,

1011 1856 1124 1892 ἔπραξε.
1140 1856 1210 1887 Τοὺς
1225 1856 1280 1891 γὰρ
1294 1856 1464 1890 Χαλδαίους
1487 1857 1628 1890 θλίϐοντάς
1640 1866 1670 1885 τε
1688 1860 1735 1885 καὶ
1749 1860 1810 1886 ὲπιο

1011 1903 1169 1936 τιθεμένους
1185 1903 1286 1933 αὐτοῖς,
1315 1903 1360 1929 τὸν
1380 1903 1446 1930 Θεὸν
1468 1903 1614 1938 ἠϐούλοντο
1641 1905 1808 1940 διαφθεῖραι,

1011 1949 1024 1975 ὃ
1038 1949 1070 1984 δὴ
1088 1950 1135 1976 καὶ
1153 1949 1316 1984 πεποίηκεν,
1341 1950 1392 1975 οὐκ
1417 1950 1609 1982 ἀνταποδιδοὺς
1630 1951 1668 1983 ὼς
1683 1952 1808 1984 δικαίοις,

1010 1995 1045 2022 δι’
1057 1995 1213 2029 ἀγαθότητα
1228 1995 1256 2021 δὲ
1270 1995 1465 2030 χαρισάμενος,
1481 1996 1584 2031 καίπερ
1613 1997 1810 2032 ἡμαρτηκότας

1011 2041 1137 2076 ἀγαπῶν.
1155 2041 1200 2068 Διὸ
1224 2041 1272 2068 καὶ
1288 2041 1355 2076 πρὶν
1377 2041 1475 2068 παθεῖν
1490 2041 1573 2076 ὑμᾶς,
1588 2043 1719 2077 προεῖπον
1736 2042 1809 2068 ὲκεί-

1011 2096 1064 2114 νων
1076 2087 1124 2123 τὴν
1138 2087 1241 2122 ἔφοδον,
1256 2087 1299 2114 ἵνα
1317 2087 1534 2122 μετανοήσαντες
1550 2087 1692 2122 ἄπρακτον
1705 2088 1808 2122 ταύτην

1010 2133 1156 2168 ποιήσητε.
1187 2132 1242 2164 Οὓς
1267 2136 1278 2150 ⁵
1309 2133 1345 2168 μὴ
1374 2133 1555 2167 πειθομένων,
1583 2133 1714 2160 εὐώδωσα
1747 2133 1808 2160 καθ’

1011 2179 1099 2213 ὑμῶν,
1113 2178 1248 2205 παιδεύων
1261 2179 1333 2214 ὑμᾶς
1345 2178 1521 2215 ἀμετανόητα
1542 2178 1806 2214 πλημμελήσαντας.

165 2223 231 2251 hinc
248 2228 300 2257 est,
318 2224 417 2259 inquit,
432 2225 506 2260 quod
533 2226 695 2260 priusquam
712 2233 760 2253 vos
775 2226 829 2260 pati
844 2227 954 2253 contin-

1015 2225 1085 2257 Γινὲς
1101 2225 1130 2251 δὲ
1147 2225 1193 2251 τὸν
1206 2224 1297 2260 Κῦρον
1313 2224 1469 2251 εὐωδῶσθαι
1483 2224 1554 2251 κατὰ
1564 2225 1722 2252 Χαλδαίων
1734 2226 1809 2260 εἰρή-

165 2274 251 2304 geret.
269 2276 364 2296 eorum
378 2271 404 2297 in
418 2278 467 2297 vos
482 2270 686 2305 expeditionem
702 2271 832 2306 prmdixi;
851 2277 880 2298 ut
892 2279 955 2299 cum

166 2315 351 2350 ptenituisset,
370 2315 439 2342 nihil
470 2316 498 2343 in
528 2323 576 2343 vos
597 2316 643 2344 illa
665 2317 815 2352 quidquam
842 2317 953 2344 valeret.

165 2361 232 2395 Quae
249 2369 311 2389 cum
325 2362 473 2397 impetrare
486 2370 542 2389 non
557 2363 719 2397 potuissem,
737 2363 882 2390 adversum
905 2371 955 2391 vos

163 2409 227 2436 ideo
243 2407 472 2444 progrediendum
491 2409 599 2441 censui,
615 2413 645 2436 ut
658 2409 685 2436 in
711 2417 758 2436 eos
783 2408 956 2436 animadver-

165 2459 261 2486 terem,
272 2455 318 2489 qui
332 2454 407 2481 nulla
419 2458 599 2490 peccatorum
611 2455 782 2489 pmnituilinc
793 2459 953 2490 tanguntur.

165 2500 236 2527 Sunt
252 2508 316 2528 vero
330 2501 377 2535 qui
392 2500 494 2536 Cyrum
511 2501 646 2528 adversus
661 2499 802 2528 Chaldwos
826 2500 955 2529 Hebraeo-

165 2554 225 2572 rum
241 2545 363 2579 nomine,
385 2548 413 2574 in
424 2554 493 2582 quos
509 2546 546 2573 illi
563 2546 692 2574 smviores
708 2547 884 2579 exsisterent,
896 2546 958 2574 feli-

164 2591 233 2619 citer
252 2599 328 2619 arum
342 2593 461 2621 movisse
475 2593 655 2620 arbitrentur.
673 2593 728 2621 lsta
741 2594 838 2629 igitur,
853 2593 954 2629 inquit,

165 2645 215 2665 suo
244 2643 368 2674 tempore
396 2647 456 2667 sum
483 2640 612 2674 deinceps
641 2640 825 2674 pnestiturns.
850 2640 904 2668 \‘os
923 2647 956 2668 ea

200 2726 225 2743 ’⁸
243 2725 295 2754 lsa.
314 2735 333 2760 ι,
347 2727 375 2754 2.

1007 2279 1071 2297 κασι
1085 2271 1172 2305 φειδοῖ
1193 2270 1247 2298 τῶν
1270 2271 1416 2306 Ἑϐραίων,
1439 2270 1501 2297 καθ’
1516 2268 1553 2297 ὢν
1573 2271 1745 2304 ἐπεδείξαντο
1759 2271 1807 2306 τὴν

1006 2316 1147 2351 ὠμότητα.
1167 2315 1260 2342 Ταῦτα
1285 2315 1334 2350 μὲν
1357 2312 1405 2342 οὖν
1429 2315 1503 2342 κατὰ
1523 2315 1620 2350 καιρὸν
1640 2316 1747 2350 ποιήσω
1762 2315 1808 2342 τὸν

1009 2363 1152 2398 μέλλοντα.
1176 2363 1271 2396 Ὑμεῖς
1298 2362 1325 2388 δὲ
1350 2362 1437 2389 ταῦτα
1465 2362 1659 2398 μεμαθηκότες
1684 2363 1740 2389 οὐκ
1770 2363 1806 2388 ἐν

1007 2409 1107 2443 πρυφῇ
1132 2408 1297 2443 λαλούμενα,
1333 2409 1381 2435 σὺν
1408 2408 1492 2444 πολλῇ
1519 2408 1548 2435 δὲ
1577 2409 1610 2444 τῇ
1645 2409 1803 2443 παρρησίᾳ,

1006 2455 1089 2490 ἥκετε
1106 2455 1181 2489 πρός
1203 2464 1240 2489 με
1262 2455 1444 2486 σπεύδοντες·
1460 2455 1507 2482 καὶ
1537 2455 1592 2490 γὰρ
1615 2455 1659 2481 ὅτε
1683 2455 1771 2481 ταῦτα
1792 2455 1806 2481 ό

1008 2501 1101 2537 Πατὴρ
1116 2501 1275 2528 ἐϐουλεύετο
1290 2501 1356 2534 παρ’
1372 2501 1448 2536 αὐτῷ
1465 2502 1530 2536 ἡμῖν
1549 2502 1569 2528 τ.
1583 2501 1637 2527 Καὶ
1654 2500 1701 2527 νῦν
1715 2500 1743 2527 δὲ
1758 2501 1807 2526 αὑ-

1007 2547 1053 2579 τὸς
1068 2548 1081 2573 ὁ
1096 2547 1202 2583 Πατὴρ,
1215 2547 1260 2574 καὶ
1278 2547 1310 2574 τὸ
1328 2547 1449 2582 Πνεῦμα
1465 2547 1515 2582 τῆς
1541 2546 1697 2582 ἁγιωσύνης
1712 2545 1806 2573 αὐτοῦ

1010 2593 1079 2628 πρὸς
1103 2593 1276 2629 κατόρθωσίν
1299 2602 1332 2628 με
1357 2593 1412 2620 τῶν
1440 2592 1486 2619 ὑπ’
1512 2592 1595 2619 αὑτοῦ
1618 2593 1806 2628 διωρισμένων

1011 2640 1199 2669 ἀπέστειλεν.
1220 2640 1279 2673 Πῶς
1294 2640 1323 2667 δὲ
1342 2641 1398 2667 οὐκ
1419 2640 1454 2667 ὲν
1471 2639 1572 2674 κρυφῇ
1586 2639 1803 2676 προαπήγγειλε,

810 2773 926 2802 νΑῘζΙᾸί
956 2774 1151 2803 LECTlONES

426 2828 434 2840 μ
451 2830 494 2856 πρ.
511 2818 558 2848 ὧν.
601 2823 606 2837 ‘
623 2829 666 2856 ῃ).
683 2819 727 2857 ἧν.

204 2827 216 2843 τ
232 2831 276 2857 γρ.
296 2823 383 2857 ὑμεῖς.
