1999 3076
142 135 211 166 2457
713 125 950 158 COMMENTAR

1006 125 1040 155 [N
1071 123 1216 154 ISAIAM.
1714 118 1785 149 2458

142 193 187 220 διὰ
214 191 268 218 τῶν
292 188 440 226 προφητῶν
464 187 549 214 εἰπὼν
573 185 716 222 ἐναργῶς·
732 194 742 211 ι
769 184 849 211 Οὕτω
864 184 941 218 λέγει

1006 183 1094 214 :docti,
1117 190 1168 208 non
1183 180 1264 211 clam,
1289 179 1336 207 sed
1352 179 1441 214 palam
1462 182 1489 206 et
1504 177 1673 206 conﬁdenter
1695 177 1729 205 ad
1748 186 1789 205 me

143 238 246 272 Κύριος
268 235 307 272 τῷ
320 234 425 271 χριστῷ
446 242 497 269 μου
510 232 607 268 Κύρῳ,
628 229 657 258 οὗ
675 230 816 265 ἐκράτησα
831 230 879 264 τῆς
894 228 939 255 δε-

1006 227 1131 255 estinate.
1151 227 1207 262 Ego
1220 226 1296 253 enim
1312 233 1375 252 cum
1394 225 1475 252 Patre
1492 228 1558 252 tunc
1575 225 1700 263 aderant,
1725 232 1788 251 eum

146 269 215 316 ξιᾶξ,
232 293 241 308 ι
257 269 306 311 καὶ
390 280 453 315 ἑξῆς
468 287 474 294 ·
490 279 547 306 Καὶ
569 279 618 304 οὐκ
642 276 724 303 αὐτοῦ
742 274 775 311 ἦν
792 275 870 311 ἔργον
890 274 941 309 τῆς

1006 275 1026 299 te
1042 273 1123 299 rebus
1138 272 1199 299 istis
1216 271 1364 298 consilium
1390 270 1516 306 agitaret.
1529 269 1589 297 Jam
1616 277 1682 297 vero
1704 273 1731 297 et
1746 277 1788 297 me

145 329 306 360 Βαϐυλῶνος
325 329 341 363 ὴ
364 328 487 363 αἵρεσις,
510 325 577 352 ἀλλὰ
596 325 645 358 τῆς
672 323 742 363 ἐμῆς
760 321 941 356 ἀντιλήψεως.

145 375 255 407 Μεταξὺ
276 374 315 406 δὲ,
333 373 426 407 φασὶν,
439 372 500 398 ἐστὶ
530 370 577 397 τοῦ
598 369 690 404 Κύρου
714 367 801 402 φωνὴ,
823 366 865 399 τὸ,
884 366 943 392 Κύ-

142 429 209 456 ριος
221 418 395 448 ἀπέσταλκέ
413 426 451 453 με
471 417 519 444 καὶ
537 416 570 443 τὸ
583 414 704 449 Πνεῦμα
717 411 822 440 αὑτοῦ.

995 318 1076 345 Pater
1102 318 1172 352 ipse.
1196 321 1222 343 et
1246 315 1402 343 sanctitatis
1419 314 1538 350 ejusdem
1555 314 1681 349 Spiritus,
1698 315 1730 342 ad
1746 322 1789 348 ea,

998 372 1058 398 qum
1074 363 1108 390 ab
1123 363 1184 396 ipso
1208 361 1318 389 decreta
1332 365 1407 392 sunt,
1437 361 1610 395 exsequenda
1631 360 1790 388 mittendum

998 409 1117 437 censuit.
1131 408 1183 440 Qui
1199 407 1297 434 deinde
1310 415 1361 433 non
1376 405 1446 432 clam
1460 406 1539 441 longe
1554 412 1616 433 ante
1629 407 1790 440 praedixisse

149 451 205 494 non
231 465 397 501 reperiatur,
413 451 466 499 uni
488 471 537 498 per
560 461 709 496 prophetas
736 460 772 485 ila
800 462 894 493 aperte
917 457 1047 489 loquatur
1073 463 1105 481 ει
1129 453 1175 481 Sic
1199 453 1270 480 dicit
1297 452 1433 479 Dominus
1474 452 1580 479 christo
1606 459 1667 479 meo
1705 451 1788 487 Cyro,

148 512 229 546 cujus
255 498 435 545 apprehendi
452 516 563 535 manum
587 508 725 533 dexteram
748 505 782 535 ⁸⁸,
806 506 860 530 iet
882 509 943 537 quae
964 502 1080 537 postea“!
1105 500 1216 532 Adhaec,
1242 507 1296 526 non
1329 499 1391 533 ejus
1422 506 1516 534 opera,
1532 498 1578 525 sed
1599 506 1660 526 meo
1685 498 1789 525 auxilio

148 543 227 591 capta
241 543 454 590 ex-p-ugnataque
469 557 510 580 est
526 551 659 586 Babylon.
691 550 826 583 Deinceps
867 551 970 579 autem,
999 545 1087 578 aiunt,
1105 544 1169 580 Cyri
1186 552 1237 571 vox
1253 548 1295 572 est
1307 543 1371 574 ista.
1385 551 1447 578 quae
1462 543 1544 579 546
1560 543 1685 578 sequitur
1706 551 1712 569 :
1735 543 1789 570 Da.

149 605 237 631 minus
255 604 327 630 misit
340 611 391 635 me,
407 607 431 630 et
451 601 569 634 Spiritus
582 599 650 633 ejus.

185 653 222 678 Τὸ
237 651 277 682 δὲ,
293 649 342 676 καὶ
357 649 425 681 νῦν,
442 647 517 682 δηλοῖ
529 646 568 677 ὡς
584 646 608 671 εἰ
622 645 669 671 καὶ
685 644 722 679 μή
734 652 760 669 τι
771 642 826 669 τῶν
840 641 944 677 ωμὸε-

150 698 274 734 δηκότων
294 693 509 731 προαπηγγέλθη
535 692 611 727 παρὰ
630 690 709 720 Θεοῦ,
735 689 792 716 ἀλλ’
817 688 871 715 ἰδοὺ
897 687 945 714 νῦν

151 745 199 771 καὶ
212 743 302 778 Κῦρος
315 741 396 772 αὐτὸς
408 739 587 775 ὡμολόγηκεν
603 737 655 763 ὑπὸ
671 736 739 763 Θεοῦ
754 733 944 770 συνηργῆσθαι

151 792 207 818 τῶν
223 790 303 816 ὅλων.
329 788 422 814 Ταῦτα
444 787 498 820 γὰρ
522 784 648 820 εἰρῆσθαι
671 782 734 818 περὶ
763 781 846 808 αὑτοῦ
866 779 944 814 παρὰ

151 838 206 865 τῶν
221 835 404 871 αἰχμαλώτων
433 831 538 868 μαθὼν,
565 828 699 864 ἀναγνούς
719 837 749 855 τε
768 828 817 863 τὴν
837 835 945 863 προφη-

1035 637 1138 665 Deinde
1162 637 1234 673 quod
1265 641 1289 663 et
1314 644 1384 663 nunc
1412 635 1554 669 habetur,
1581 634 1692 662 etiamsi
1723 634 1791 662 nihil

997 692 1105 716 eorum.
1135 691 1195 718 quae
1222 682 1394 714 acciderunt,
1425 689 1440 708 a
1466 681 1520 709 Deo
1547 685 1611 708 ante
1629 679 1788 715 praedictum

997 734 1081 760 esset,
1102 736 1166 756 ecce
1182 733 1273 755 tamen
1296 727 1380 754 etiam
1403 734 1475 754 nunc
1496 727 1597 762 Cyrum
1615 725 1792 761 praepotentis

997 775 1046 803 Dei
1068 775 1172 802 auxilio
1195 773 1321 801 confecta
1354 780 1416 800 esse
1442 772 1564 807 protiteri
1580 775 1708 799 testatur.
1724 771 1792 798 Cum

997 821 1071 848 enim
1087 821 1138 847 ista
1154 819 1187 847 de
1202 827 1232 847 se
1247 827 1262 846 a
1278 819 1395 853 captivis
1410 818 1554 845 didiciscet
1567 817 1706 852 usurpari,
1727 824 1794 852 pro-

252 862 402 917 ᾬράμμστι
425 862 676 913 έρῆταινβαςιλικῷ
687 876 715 901 ὲν
731 862 836 909 Ἕσδρᾳ
855 862 948 908 κειμέ-

1006 867 1180 902 phetiamque
1200 866 1322 900 legisset,
1352 864 1483 892 mandato
1516 865 1602 898 regio,
1627 862 1701 898 quod
1720 862 1794 897 apud
1822 870 1827 874 ‘

152 938 199 965 νῳ,
225 929 273 955 καὶ
289 928 406 960 λέγοντι·
427 923 518 949 «Τάδε
548 922 622 956 λέγει
643 922 656 946 ὁ
682 919 810 955 βασιλεὺς
835 917 948 953 Περσῶν

153 976 264 1010 Κῦρος·
287 973 354 1008 Ἐμὲ
382 970 502 1003 ἀνέδειξε
523 968 636 1004 βασιλέα.
668 968 717 1001 τῆς
749 965 911 1000 οἰκουμένης
934 964 949 990 ὁ

152 1009 255 1057 Κύριος
286 1018 334 1045 τοῦ
362 1016 472 1052 Ἰσραὴλ
485 1015 608 1049 ὕψιστος,
626 1023 634 1039 I
660 1012 708 1039 καὶ
727 1011 761 1039 τὰ
781 1011 854 1045 ἑξῆς.
870 1009 948 1040 Τινὲς

151 1067 180 1094 δὲ
195 1055 235 1098 τὸ,
256 1066 365 1099 Κύριος
385 1059 561 1090 ἀπέσταλκέ
572 1068 620 1094 με,
641 1057 736 1085 καὶτὸ
756 1055 876 1090 Πνεῦμα
893 1055 949 1081 αῠ-

151 1112 216 1145 τοῦ,
231 1111 285 1138 ἀπὸ
303 1109 450 1145 προσώπου
470 1105 518 1133 τοῦ
530 1106 670 1140 προφήτου
698 1102 825 1137 λελέχθαι
854 1101 947 1136 ῳασὶν,

152 1157 270 1185 Ὀτικαὶ
295 1155 389 1191 πρώην
411 1154 475 1188 ὑμῖν
493 1151 592 1186 οὑκῖὲν
625 1150 712 1184 γωνίᾳ
732 1147 886 1181 λελάληκα,
902 1145 950 1173 καὶ

151 1204 199 1231 νῦν
214 1202 290 1229 οὐδὲν
306 1199 390 1238 ἦττον
408 1200 441 1225 ὲκ
457 1197 525 1224 Θεοῦ
543 1195 679 1231 πεμφθεὶς
693 1195 754 1230 ἥκω
766 1194 834 1228 πρὸς
851 1191 950 1227 ὑμετὲ-

153 1259 203 1286 pav
218 1248 363 1282 dietélatav.
376 1246 441 1280 περὶ
459 1244 513 1271 τῶν
525 1242 615 1270 αὐτῶν
628 1241 757 1271 πολλάκις
770 1239 868 1271 λαλῶν,
881 1237 949 1265 Θεοῦ

154 1283 203 1331 im
218 1295 400 1330 πέμποντος,
416 1289 585 1325 ὑηχοῦντος
609 1287 638 1313 δὲ
652 1286 700 1313 τοῦ
715 1285 888 1318 Πνεύμίιτος
903 1283 949 1310 τοῦ

152 1330 241 1378 thyias.
260 1342 370 1368 Ἄκουε
391 1334 525 1368 τοίνυν,ὦ
550 1333 686 1368 Ἰσραὴλ.
706 1332 724 1359 ἆ
752 1340 781 1357 σε
802 1331 921 1357 διδάσκει
934 1330 951 1356 ό

153 1387 324 1424 ρυσάμενός
345 1393 383 1412 σε
410 1384 528 1417 Κύριος.
547 1381 680 1416 Μέμνησο
703 1378 756 1405 τοῦ
783 1377 857 1404 Θεοῦ
881 1384 949 1403 σου.

154 1435 249 1462 Ταῦτα
271 1433 327 1468 γάρ
342 1431 382 1458 σοί
407 1438 479 1466 φημι
507 1425 579 1462 ὑπὲρ
595 1426 642 1453 τοῦ
664 1425 764 1460 εὑρεῖν
778 1424 849 1451 ὁδὸν
863 1432 950 1468 σοπη-

156 1481 228 1518 ρίας,
241 1466 375 1512 ὅςεί-καὶ
389 1476 439 1511 τὴν
460 1473 547 1510 ἀρχὴν
564 1472 707 1506 ἐπείσθης,
720 1471 866 1505 ἀπείρατος
880 1466 952 1518 ἦσθα

155 1514 259 1553 κακῶν.
281 1523 433 1558 Ἔπλήθυες
445 1521 467 1547 δ’
483 1521 515 1547 ἂν
528 1520 563 1546 ἐν
573 1517 678 1553 εἰρήνῃ
701 1516 750 1543 καὶ
774 1514 952 1547 δικαιοσύνῃ

1003 913 1119 940 Esdram
1137 912 1245 946 legitur,
1259 911 1391 938 utendum
1405 912 1525 942 censuit.
1541 911 1567 937 in
1581 910 1653 937 hunc
1665 910 1792 936 modum:

1006 969 1015 986 (
1034 959 1097 986 Haec
1114 959 1182 986 dicit
1195 958 1341 986 Persarum
1359 965 1405 985 rex
1421 957 1526 992 Cyrus:
1544 956 1585 984 Me
1608 963 1699 991 regem
1718 955 1794 983 orbis

1004 1005 1123 1032 universi
1138 1003 1304 1031 renuntiavit
1317 1003 1388 1030 Deus
1403 1002 1675 1034 lsraelexcelsns",i
1691 1006 1718 1028 et
1732 1008 1794 1037 quae

1002 1051 1143 1084 deinceps.
1160 1049 1291 1077 Nonnulli
1308 1049 1389 1077 verba
1403 1049 1455 1075 ista
1476 1058 1482 1075 :
1503 1048 1633 1074 Dominus
1654 1048 1725 1074 misit
1742 1055 1792 1080 me,

1002 1103 1026 1125 et
1039 1098 1156 1132 Spiritus
1172 1096 1240 1131 ejus,
1261 1097 1287 1123 in
1302 1096 1440 1131 propheta:
1456 1102 1571 1130 persona
1587 1094 1641 1121 diei
1656 1093 1795 1120 arbitran-

1003 1150 1067 1177 ttu';
1088 1148 1217 1178 tanquam
1238 1150 1267 1170 se
1285 1142 1363 1177 prius
1379 1141 1447 1168 nihil
1462 1141 1518 1168 illis
1533 1140 1559 1167 in
1577 1140 1677 1174 angulo
1689 1139 1794 1166 dixisse

1003 1189 1156 1224 signiticet:
1173 1196 1247 1216 nunc
1263 1193 1354 1215 autem
1367 1195 1396 1215 se
1409 1195 1424 1214 a
1437 1187 1491 1214 Deo
1507 1187 1622 1214 missum
1635 1185 1668 1213 ad
1684 1193 1795 1212 eorum-

1003 1236 1066 1264 dem
1085 1237 1230 1262 utilitatem
1256 1235 1399 1266 accedere,
1426 1235 1514 1269 deque
1545 1234 1642 1260 iisdem
1671 1238 1795 1267 persaepe

1005 1282 1061 1309 Deo
1084 1282 1193 1316 quidem
1212 1281 1273 1316 ipso
1288 1281 1417 1312 mittente,
1435 1280 1482 1306 sed
1502 1279 1604 1314 Spiritu
1618 1282 1715 1306 sancto
1729 1284 1794 1305 suc-

1005 1329 1114 1355 cinente
1136 1333 1164 1355 ct
1192 1327 1504 1362 sull'ragaute,locutum
1532 1334 1604 1354 esse.
1630 1326 1702 1352 Audi
1717 1333 1794 1360 ergo,

1005 1374 1106 1408 inquit,
1124 1372 1221 1406 Israel,
1246 1381 1307 1407 qua:
1333 1378 1358 1400 te
1378 1373 1423 1400 ille
1448 1373 1528 1400 docet
1540 1372 1683 1404 Dominus,
1709 1371 1796 1406 quite

1004 1420 1137 1447 liberavit.
1162 1420 1320 1447 Memineris
1341 1419 1385 1446 Dei
1413 1420 1463 1446 tui.
1495 1419 1556 1446 lltec
1583 1419 1655 1446 enim
1686 1418 1736 1445 tibi
1763 1418 1797 1445 de

1006 1466 1162 1493 invenienda
1184 1466 1282 1493 salutis
1305 1466 1347 1492 via
1376 1469 1481 1500 repeto,
1512 1465 1614 1500 quibus
1635 1464 1658 1492 si
1676 1464 1796 1498 primum

1007 1513 1159 1547 paruisses,
1174 1512 1307 1539 malortun
1322 1519 1421 1546 expers
1435 1532 1442 1544 ,
1458 1512 1536 1546 inque
1551 1519 1616 1546 pace
1640 1515 1664 1537 et
1676 1510 1796 1545 justitia,

156 1571 210 1598 τῶν
232 1555 367 1596 ἐντεῦθεν·
385 1565 477 1593 καλῶν
502 1562 677 1597 ποταμηδόν
700 1569 743 1588 σοι
763 1559 880 1596 ῥεόντων
906 1558 952 1585 καὶ

1006 1561 1086 1588 bonis
1110 1561 1159 1587 tibi
1177 1560 1240 1586 aliis
1264 1563 1347 1593 atque
1363 1559 1423 1585 aliis
1438 1559 1581 1593 ﬂuviorum
1607 1559 1710 1590 instar,
1736 1561 1798 1583 tan-

157 1615 244 1643 ἄλλων
264 1613 307 1639 ἐπ’
322 1612 424 1642 ἄλλοις,
444 1610 484 1642 ὡς
503 1607 643 1643 κυμάτων
655 1606 816 1638 θαλάττης,
841 1604 953 1637 Ἦγουν,

157 1659 396 1694 ἀνανταγώνιστον
421 1655 494 1691 εἶχες
511 1654 636 1689 δύναμιν,
653 1652 690 1683 ὡς
707 1651 834 1685 ποταμοί
859 1658 889 1676 τε
909 1649 955 1676 καὶ

157 1703 376 1736 οἀλατται.Ἶίν
389 1703 410 1730 δ’
422 1703 454 1729 ἄν
472 1710 518 1727 σου
530 1700 577 1727 καὶ
591 1698 623 1726 τι)
636 1699 764 1732 σπέρμα,
783 1697 876 1731 φησὶν,
891 1697 956 1722 ἁνα-

160 1753 304 1790 ρίομητον,
322 1749 462 1785 πολεμίων
479 1747 585 1782 ἐφόδοις
598 1746 628 1772 οὑ
643 1744 848 1779 δαπανώμενον.
868 1743 903 1770 Th
926 1743 955 1769 δὲ

159 1788 233 1834 ἀοῦς
251 1796 305 1831 τῆς
331 1795 400 1831 γῆς.
429 1793 550 1828 κέγχροι
575 1791 632 1826 τῆς
656 1790 793 1823 ἐξέδωκαν
809 1789 834 1815 οἱ
853 1788 953 1815 λοιποί.

159 1843 309 1880 Σωματικὰ
325 1842 353 1869 δὲ
373 1841 484 1875 λέγεται
507 1838 575 1873 πρὸς
601 1836 784 1880 σωματικούε.
809 1834 904 1866 ’Δξῐως
926 1834 956 1860 δὲ

160 1892 235 1920 Θεοῦ
260 1891 346 1917 νοοῖτο
371 1887 490 1921 σπέρμα
510 1884 637 1919 ’1σραὴλ”.
661 1883 726 1917 περὶ
740 1879 770 1908 οὗ
795 1882 825 1908 ab
846 1881 928 1916 ῥηθέν
947 1889 955 1896 θ

163 1947 173 1964 ‹
186 1938 218 1964 Εἰ
235 1937 273 1972 μὴ
290 1935 392 1969 Κύριος
417 1930 530 1959 Σαϐαὼο
549 1928 728 1964 ἐγκατέλιπεν
749 1928 815 1962 ἡμῖν
834 1927 955 1961 σπέρμα,

159 1985 198 2016 ὡς
234 1983 339 2017 Σόδομα
363 1980 396 2007 ἂν
421 1977 612 2013 ἐγενήθημεν,
633 1985 642 2001 ι
668 1974 811 2009 δηλοῦντος
839 1974 903 2004 τοὺς
927 1971 957 2004 ἐξ

164 2028 302 2056 Ἰουδαίων
332 2025 544 2054 πιστεύσαντας.
568 2021 691 2056 Πατὲρες
717 2020 772 2054 γὰρ
794 2019 848 2045 τῶν
869 2019 957 2045 ἄλλων

161 2076 285 2111 ἐγένοντο
307 2074 370 2104 τοὺς
397 2069 559 2107 προσιόντας
585 2066 820 2100 ἀναγεννήσαντες
835 2085 842 2097 ,
864 2065 888 2091 οἳ
906 2065 957 2091 οὐκ

162 2122 191 2154 ἐξ
210 2120 356 2155 αἱμάτων,
383 2116 441 2143 ἀλλ’
464 2116 496 2141 ὲκ
522 2113 590 2140 Θεοῦ
617 2110 811 2146 ἐγεννήθησαν.
838 2110 958 2144 Εὕλογον

161 2165 208 2194 οὖν
244 2164 418 2200 ἀλληγορεῖν.
451 2158 621 2195 Σωματικῶς
651 2157 706 2192 γὰρ
746 2156 870 2183 Ἰουδαῖοι
909 2156 957 2182 καὶ

163 2212 377 2249 παραϐαίνοντες
405 2208 454 2239 τὰς
483 2206 592 2236 ἐντολὰς
612 2203 838 2238 ὲπληθύνθησαν,
863 2202 900 2233 ὡς
927 2203 958 2228 τὸ

164 2258 245 2294 ῥητὸν
272 2256 374 2292 μᾶλλον
398 2253 519 2289 ἁρμόσαι
546 2251 585 2287 τῷ
613 2249 702 2284 νοητῷ
726 2248 784 2284 μεθ’
809 2248 958 2283 ὑποστολῆς

161 2304 250 2338 λέγων
263 2323 270 2335 ,
299 2303 324 2329 ει
345 2301 399 2333 τὰς
419 2297 546 2330 ἐντολὰς
570 2296 725 2329 ἐτήρησαν
751 2294 835 2320 τῶνδε.
854 2295 956 2328 τυχεῖν,

164 2350 249 2376 Οὐδὲν
269 2349 324 2384 γὰρ
351 2348 423 2383 μέγα
445 2345 476 2372 τὸ
505 2342 673 2379 σωματικῶς
699 2341 851 2376 σκωλήκων
878 2341 958 2376 δίκην

164 2394 307 2431 πληθύειν.

1006 1615 1086 1641 quam
1110 1606 1192 1632 maris
1210 1606 1289 1632 undis
1307 1605 1492 1637 atllueutibus,
1514 1609 1613 1632 auctus
1629 1608 1656 1631 et
1671 1603 1799 1630 cumula-

1006 1657 1051 1680 tus
1069 1652 1202 1680 vixisses..
1219 1651 1248 1678 ld
1275 1656 1318 1678 est
1332 1673 1339 1684 ,
1368 1656 1590 1686 propugnatores
1616 1658 1675 1680 eos.
1698 1649 1798 1684 quibus

1006 1707 1059 1725 non
1076 1701 1163 1732 magis
1179 1705 1259 1732 quam
1275 1697 1432 1731 ﬂuminibus
1445 1718 1453 1729 ,
1479 1700 1525 1723 aut
1544 1695 1613 1722 mari
1634 1695 1700 1723 nihil
1716 1698 1800 1730 queat

1006 1745 1146 1776 resistere,
1164 1744 1321 1770 habuisses.
1344 1743 1454 1770 Fuisset
1469 1750 1534 1769 vero
1559 1747 1586 1769 et
1614 1750 1699 1769 semen
1725 1747 1799 1768 tuum

1007 1791 1221 1821 innumerabile,
1239 1789 1323 1816 nullis
1341 1789 1472 1816 videlicet
1487 1789 1608 1816 hostium
1630 1786 1799 1815 incursioni-

1007 1837 1058 1864 bus
1078 1837 1262 1863 imminutum.
1276 1837 1311 1862 At
1327 1842 1375 1870 pro
1392 1843 1447 1869 quo
1459 1834 1544 1868 pulvis
1559 1839 1635 1861 terra:
1647 1833 1780 1860 habemus
1790 1853 1799 1866 ,

1007 1883 1082 1910 milia
1113 1887 1189 1909 teme
1217 1882 1316 1916 reliqui
1345 1882 1561 1916 interpretantur
1583 1889 1590 1907 :
1612 1879 1751 1910 uimirutn,
1770 1882 1800 1906 ut

1008 1929 1163 1963 corporalia
1173 1936 1235 1955 cum
1249 1928 1352 1955 crassis
1367 1927 1527 1954 hominibus
1541 1933 1624 1960 agens
1638 1929 1798 1960 usurparet.

1008 1974 1067 2002 Non
1092 1975 1229 2002 immerito
1258 1978 1347 2000 autem
1375 1973 1424 2000 Dei
1451 1980 1538 1999 semen
1563 1971 1609 1998 ille
1629 1970 1799 2005 intelligatur

1008 2020 1111 2053 Israel,
1137 2020 1170 2046 de
1191 2019 1291 2054 quibus
1307 2019 1358 2045 fuit
1373 2023 1400 2044 et
1415 2018 1483 2045 illud
1500 2022 1579 2044 antea
1610 2019 1798 2050 usurpatum:

1010 2076 1020 2092 ‹
1041 2066 1098 2093 Nisi
1117 2066 1198 2093 nobis
1223 2065 1356 2092 Dominus
1380 2064 1501 2091 Sabaoth
1519 2063 1675 2098 reliquisset
1693 2069 1799 2095 semen,

1008 2117 1138 2147 tauquam
1155 2111 1274 2138 Sodoma
1295 2111 1358 2138 facti
1381 2110 1531 2137 fuissemus
1545 2110 1585 2142 '7;
1605 2118 1614 2134 ι
1639 2112 1668 2135 ut
1682 2115 1740 2140 eos,
1755 2107 1803 2142 qui

1010 2159 1088 2186 [idem
1104 2158 1219 2193 amplexi
1236 2161 1329 2185 essent
1346 2157 1492 2184 indicaret.
1515 2156 1609 2182 Patres
1629 2155 1701 2181 enim
1724 2158 1803 2181 etate-

1010 2205 1050 2232 ris
1065 2205 1242 2237 exstiterunt,
1258 2211 1320 2231 eum
1331 2211 1379 2230 eos
1393 2202 1426 2229 ad
1445 2210 1475 2229 se
1491 2202 1631 2229 venientes
1641 2201 1738 2228 iterum
1755 2208 1803 2236 ge-

1011 2255 1130 2278 nuerunt
1148 2251 1194 2284 qui
1212 2258 1266 2276 non
1287 2258 1319 2276 ex
1337 2248 1527 2284 sanguinibus,
1543 2247 1592 2275 sed
1615 2255 1649 2274 ex
1669 2248 1723 2274 Deo
1744 2246 1801 2273 nati

1008 2301 1072 2325 sunt
1094 2297 1128 2324 θ’.
1146 2296 1194 2324 Est
1209 2297 1294 2331 igitur
1311 2296 1460 2330 allegorice
1478 2294 1552 2329 loqui
1571 2298 1798 2320 consentaneum.

1007 2343 1196 2378 Corporaliter
1209 2342 1281 2369 enim
1297 2340 1418 2374 Judacos,
1445 2339 1554 2367 etiamsi
1577 2339 1721 2374 pratceptis
1746 2346 1802 2366 non

1011 2387 1319 2425 paruerint,propagari
1333 2386 1568 2421 multiplicarique
1579 2385 1659 2421 547
1671 2385 1799 2420 contigit;

164 2443 281 2476 illucque
295 2437 460 2474 intelligibili
482 2436 570 2470 magis
581 2435 685 2462 dictum
700 2433 768 2460 illud
784 2434 950 2468 conveniat,
990 2436 1064 2471 quod
1083 2435 1206 2463 adhibita
1235 2434 1376 2466 cautione,
1407 2433 1431 2460 si
1473 2437 1602 2467 pracepta
1629 2431 1802 2458 servaverint.

164 2490 226 2518 istis
245 2489 394 2524 potiturum
411 2489 528 2513 asserat.
544 2483 638 2518 Neque
656 2482 729 2510 enim
743 2489 872 2516 magnum
884 2483 950 2518 quid
969 2489 1188 2520 consequentur,
1204 2483 1228 2512 si
1261 2490 1314 2518 qua
1336 2482 1444 2509 ratione
1479 2481 1604 2509 videmus
1620 2479 1647 2506 in
1663 2479 1804 2506 vermibus

166 2536 245 2566 ellici.
260 2541 378 2569 corpore
396 2533 460 2559 mult
467 2531 627 2566 iplieeutur.

200 2582 278 2613 Τινὲς
287 2582 315 2608 δὲ
325 2581 365 2612 τὸ,
382 2578 505 2614 Δέδειχά
518 2586 568 2605 σοι
577 2577 630 2604 τοῦ
646 2576 746 2611 εὑρεῖν
757 2584 794 2604 σε
811 2578 869 2612 τὴν
877 2577 950 2604 ὁδὸν

165 2627 292 2664 εἰρῆσθαί
306 2634 399 2662 φασιν,
419 2625 456 2656 ὡς
474 2624 528 2650 τῶν
555 2623 585 2655 ἐξ
603 2622 711 2658 Ἰσραὴλ
728 2622 882 2657 λεγόντων·
898 2623 961 2656 Πῶς

167 2673 220 2701 ὑπὸ
232 2673 262 2698 σὲ
273 2671 413 2702 τελοῦντες
436 2669 549 2696 τοιαῦτα
569 2667 745 2703 πεπόνθαμεν
765 2668 790 2694 οἱ
811 2669 897 2696 πάλαι
912 2671 960 2705 ῥυ-

167 2719 276 2750 σθέντες
300 2718 334 2745 ἐκ
359 2715 460 2752 Φαραὼ
495 2714 540 2742 διὰ
573 2714 623 2749 τῆς
638 2713 689 2749 σῆς
711 2714 819 2749 ἀμάχου
852 2715 958 2751 poni”;

169 2764 291 2796 Ἐὃειξιὶ
304 2772 353 2791 σοι
364 2763 430 2798 γὰρ,
442 2761 536 2797 φησὶν,
548 2759 621 2788 ὁδὸν
636 2759 848 2794 σωτηρίας-,τὸν
860 2761 941 2797 νόμον
952 2770 960 2778 ο

1047 2578 1118 2605 Sunt
1139 2584 1221 2611 porro
1235 2575 1373 2608 nonnulli,
1391 2574 1437 2609 qui
1467 2574 1549 2602 verba
1573 2573 1625 2601 ista
1642 2581 1648 2599 :
1666 2572 1751 2599 Docui
1768 2576 1803 2604 te,

1011 2628 1040 2651 ut
1052 2624 1178 2650 invenires
1192 2622 1272 2654 viam,
1289 2625 1421 2655 tauquam
1446 2619 1634 2647 lsraelitarum
1650 2626 1712 2646 esse
1729 2625 1805 2645 asse-

1011 2674 1083 2701 rant,
1100 2670 1146 2704 qui
1163 2669 1312 2704 loquantur
1327 2668 1354 2694 in
1389 2667 1462 2694 hunc
1485 2666 1597 2693 modum
1621 2675 1628 2693 :
1645 2665 1696 2698 Qui
1712 2664 1764 2692 sub
1777 2668 1805 2692 te

1012 2718 1140 2752 degentes
1162 2715 1228 2742 talia
1256 2713 1328 2750 passi
1346 2721 1454 2746 sumus,
1470 2713 1517 2748 qui
1537 2716 1586 2740 tuo
1603 2711 1668 2739 olim
1688 2712 1804 2744 inexpu-

1011 2763 1112 2799 gnabili
1132 2762 1235 2789 auxilio
1265 2759 1417 2788 Pharaonis
1445 2767 1558 2788 manum
1583 2757 1741 2787 evasimus?
1764 2755 1804 2784 Te

203 2855 226 2872 ’⁸
246 2854 299 2883 lsa.
315 2862 361 2889 Lv,
383 2854 408 2882 l.
447 2854 470 2870 "
489 2854 499 2881 ι
515 2854 595 2885 Esdr.
624 2862 643 2887 ι,
663 2855 690 2882 2.
747 2854 769 2870 ³⁷
791 2854 844 2882 Isa.
861 2861 881 2886 ι,
898 2852 925 2880 9.

1006 2850 1086 2879 .loan.
1102 2858 1122 2884 ι,
1141 2850 1185 2878 15.
