1999 3076
206 122 240 154 24
244 122 277 153 59

873 126 1047 157 PROCOPII
1064 127 1186 158 GAZ/EI

1761 130 1832 162 2160

204 177 277 203 enim
295 175 354 212 ipse
363 177 431 204 riam
447 177 553 211 salutis,
568 178 594 206 id
608 183 660 211 est,
673 179 769 215 legem,
791 181 887 213 docui;
899 177 991 217 quam,

1044 182 1073 209 ὃν
1098 183 1176 218 εἴπερ
1211 181 1306 218 ἤθελες
1331 179 1361 208 εὖ
1392 182 1540 216 πράττειν,
1558 181 1716 216 ἐφύλαττες.
1735 183 1792 210 Νῦν
1807 185 1837 210 δὲ

204 222 227 249 si
244 222 358 249 feliciter
374 223 472 258 degere
496 224 631 252 volttisses
642 245 650 257 ,
678 226 826 253 observate
845 226 991 255 debueras.

204 265 306 294 Verum
322 259 387 302 quia
402 275 461 295 eam
477 273 667 304 transgressus
683 270 717 297 ad
736 270 872 298 idolorttm
889 272 992 299 cultutn

206 316 233 340 te
246 313 401 345 contulisti,
416 314 443 341 in
459 315 578 342 hostium
596 320 758 350 potestatetn
776 318 883 344 venisti.
899 318 994 353 Neque

204 362 297 385 tamen
314 359 352 385 ita
368 363 394 386 te
409 367 458 394 pro
470 368 529 387 mea
546 361 736 388 benevolentia
761 361 885 390 funditus
897 365 994 391 exstir-

204 402 264 436 pari
284 404 507 438 exterminarique
521 412 617 439 passus
633 414 708 438 stult;
730 407 777 440 qui
795 407 896 441 ubique
910 408 994 436 lsrae-

205 449 238 474 lis
255 448 385 482 reliquias
399 451 535 477 asservari
552 451 692 479 voluerim.
719 452 823 486 Itaque,
842 457 868 479 et
897 457 922 480 te
936 454 992 486 jatn

203 493 349 528 Babylone,
365 502 419 521 non
433 502 505 522 metu
519 501 736 527 consmrnatum.
751 498 797 525 sed
814 498 905 525 studio
923 500 992 526 lidu-

203 539 393 575 ciaquequam
421 541 537 568 tnaxiuta
561 542 660 569 lretitite
676 552 761 570 vocem
786 545 991 580 inclatuantem,

203 585 294 614 egredi
334 586 406 612 volo.
451 585 485 613 Ut
526 587 599 614 enim
631 588 675 614 illa
704 589 830 623 gentibus
865 591 992 618 omnibus

204 629 352 665 (/Egyptiis
369 636 395 658 et
413 632 558 659 Pharaone
571 633 680 664 deletis,
694 641 774 668 quem
790 643 818 662 se
834 635 859 662 in
878 636 928 662 hoc
944 644 991 662 ex-

203 679 316 708 cttasse,
350 681 380 702 ιιι
403 677 429 703 itt
461 677 556 704 eodetu
575 679 689 713 gloriam
718 687 795 706 suam
824 682 990 715 ostenderet,

203 721 346 748 allirtnavit
375 721 504 749 Dotninus
522 723 556 758 ς⁸’)
572 732 605 751 ex
622 723 740 760 [Egypto
759 726 877 753 innotuit
900 732 991 755 trans-

203 766 333 798 migratio
349 774 355 792 :
378 768 418 794 sic
434 771 460 794 et
472 768 550 794 istam
568 768 602 795 de
617 769 754 805 Babylone
775 772 989 807 redemptionem

203 811 317 839 minime
344 812 422 840 decet
456 814 601 845 occultari.
635 816 681 842 sed
700 824 733 842 ex
753 824 784 842 ea
810 818 990 852 redemptoris

203 856 317 890 gloriam
330 856 499 885 innotescere
517 862 544 886 et
560 859 712 894 praedicari.
725 869 735 885 ι
756 860 813 888 Vox
827 862 911 894 enim,
929 864 994 889 scri-

202 901 276 927 bitur
313 902 506 931 cxsultationis
546 909 574 932 et
616 905 715 933 salutis
743 907 771 933 in
813 908 995 935 tabernaculis

202 946 339 982 juslorttm
355 949 375 976 ¹.
390 958 399 973 ι
412 948 531 983 Equum
543 950 615 977 enitn
628 949 716 978 fuerat
731 953 897 979 narrationis
915 953 994 980 modo

203 992 301 1020 laudes
314 993 382 1021 istas
410 994 564 1027 decantari,
585 996 657 1023 sicut
672 1005 686 1023 a
706 996 807 1025 Davide
827 999 926 1025 factum
941 1003 993 1033 est,

203 1038 249 1065 ubi
268 1040 326 1066 ait:
344 1049 353 1066 ‹
370 1039 533 1075 Suscepisti,
560 1041 683 1075 Domine,
703 1047 803 1070 terram
824 1048 908 1076 tuam,
926 1053 994 1072 eon-

203 1085 310 1111 vertisti
331 1086 517 1120 captivitatem
544 1087 640 1115 lat-ob.
665 1089 805 1118 “emisisti
834 1091 994 1124 iniquitates

202 1130 305 1164 populo
322 1134 389 1164 tuo;
422 1133 553 1166 operuisti
583 1134 675 1160 omnia
694 1140 806 1169 peccata
827 1143 921 1163 eorum
939 1138 959 1164 '.
982 1147 991 1162 I

203 1175 305 1202 Verum
339 1181 369 1203 ut
384 1178 509 1205 eumdem
536 1187 565 1206 se
593 1187 655 1207 esse
670 1180 851 1211 demonstret.
866 1183 910 1217 qui
929 1183 993 1209 olim

203 1219 332 1248 lsraeletn
351 1230 397 1256 per
421 1223 554 1251 desertum
581 1225 702 1252 traduxit
724 1225 781 1252 fore
803 1228 958 1261 pollicetur,
971 1228 994 1254 si

204 1266 357 1298 velpelram
387 1268 483 1295 iterum
500 1271 618 1297 scindere
639 1272 666 1298 in
686 1280 816 1306 aquarum
846 1273 994 1300 subsidium

203 1320 273 1346 optts
293 1314 338 1346 sit,
358 1318 385 1340 et
402 1315 474 1342 istud
500 1316 538 1342 illi
562 1318 644 1343 etiam
671 1320 698 1345 iu
739 1317 859 1345 Judmam
884 1320 993 1353 prolici-

205 1358 291 1385 srenti
309 1366 361 1385 nou
380 1359 550 1387 defuturum.
575 1362 652 1395 Quod
675 1364 737 1396 quia
761 1364 848 1399 reipsa
867 1366 922 1399 geri
940 1374 993 1393 non

206 1404 329 1438 contigit,
357 1405 390 1432 ad
420 1406 579 1440 allegoriam
610 1409 649 1435 sic
678 1410 801 1436 nonnulli
831 1411 992 1439 rettuleritut.

205 1448 252 1478 lis.
271 1449 317 1482 qui
344 1450 503 1485 captivitate
523 1452 688 1487 intelligihili
713 1455 820 1483 liberati
848 1461 936 1488 erant,
961 1458 994 1484 de

204 1495 305 1527 quibus
335 1495 463 1524 Christus
488 1497 545 1532 ipse
566 1500 738 1534 loquebatur,
755 1509 817 1527 eum
839 1510 867 1529 se
880 1507 908 1528 ut
928 1511 994 1537 pau-

205 1541 319 1575 peribus
331 1543 544 1577 evangelizaret,
556 1549 582 1572 et
596 1547 711 1581 captivis
722 1547 911 1575 remissionem
927 1557 994 1583 prae-

205 1587 319 1619 dicaret,
336 1589 450 1616 missum
463 1598 524 1617 esse
536 1591 650 1624 diceret,
665 1592 746 1628 548
762 1595 903 1622 rationalis
918 1603 995 1631 aqua:

205 1632 280 1659 rivus
294 1632 326 1660 de
340 1639 413 1667 petra
434 1636 557 1664 veritatis
583 1638 721 1664 emanavit
742 1638 761 1664 ³.
786 1639 866 1666 Petra
891 1645 992 1673 autem,

204 1677 292 1712 inquit
326 1680 485 1713 Apostolus.
511 1687 571 1708 erat
598 1683 725 1711 Christus
741 1683 770 1715 ⁵;
790 1685 870 1719 cujus
893 1690 920 1713 et
943 1687 993 1713 ista

204 1728 287 1751 sunt:
307 1734 316 1750 ε
332 1724 383 1757 Qui
401 1726 499 1754 biberit
531 1735 641 1762 aquam,
669 1737 750 1763 quam
771 1738 822 1764 ego
844 1731 925 1764 dabo,
940 1731 992 1758 llu-
1010 1729 1012 1731 ’

1045 228 1181 263 παραϐὰς,
1209 227 1344 263 καὶπρὸς
1369 228 1592 264 εἰδωλολατρείαν
1612 229 1740 264 τραπεὶς,
1766 238 1837 264 παρ-

1045 274 1138 310 εδόθης
1162 274 1283 310 ἐχθροῖς·
1312 273 1360 300 καὶ
1383 274 1444 301 οὐδὲ
1476 274 1548 301 οὕτω
1573 275 1704 308 παγγενεὶ
1719 274 1753 300 δι’
1765 275 1835 310 ἐμὴν

1044 319 1249 355 φιλανθρωπίαν
1261 319 1508 354 ἐξωλοθρεύθητε,
1530 321 1685 356 Τετήρηται
1697 320 1751 356 γὰρ
1767 330 1835 348 παν-

1043 365 1125 401 ταχοῦ
1138 367 1168 392 τὸ
1184 365 1359 400 κατάλειμμα
1389 365 1429 401 τῷ
1447 365 1567 401 Ἰσραήλ.
1597 367 1642 393 Διό
1661 375 1703 393 σοι
1725 367 1773 394 καὶ
1788 367 1836 393 νῦν

1044 412 1076 437 ὲκ
1105 410 1285 443 Βαϐυλῶνος
1310 410 1410 442 ἐξιέναι
1437 410 1527 445 φημὶ,
1556 410 1594 445 μὴ
1621 410 1669 437 σὺν
1689 410 1763 446 φόϐῳ
1788 412 1835 438 καὶ

1044 455 1158 488 ὑπτίως,
1175 456 1279 490 σπουδῇ
1296 455 1324 482 δὲ
1346 456 1509 490 κεχρημένῳ
1531 455 1627 491 πολλῇ,
1652 456 1700 482 καὶ
1728 457 1835 490 φωνὴν

1042 501 1233 535 εὐφροσύνης
1244 500 1350 536 βοῶντι.
1371 501 1414 532 Ὠς
1431 501 1485 535 γὰρ
1501 500 1556 535 ήὲξ
1571 501 1710 535 Αἰγύπτου
1725 502 1835 536 γέγονεν

1043 547 1130 580 ἔξοδος
1146 547 1212 573 πᾶσι
1228 548 1286 578 τοῖς
1300 547 1404 573 ἔθνεσιν
1427 546 1551 582 ἐμφανὴς
1565 547 1673 583 (Φαραὼ
1691 548 1741 583 μὲν
1770 548 1835 574 ἀνθ-

1045 592 1203 627 ισταμένου,
1219 593 1410 627 πληττομένων
1422 592 1451 619 δὲ
1469 592 1524 619 τῶν
1537 593 1705 626 Αἰγυπτίων,
1725 594 1793 628 πρὸς
1805 594 1834 620 ὄν

1043 646 1140 672 φησιν·
1167 639 1214 670 Εἰς
1232 638 1311 664 τοῦτο
1334 638 1464 673 ἐξήγειρά
1478 646 1518 670 σε,
1541 639 1614 669 ὅπως
1631 639 1791 673 ἐνδείξωμαι
1805 639 1834 665 ὲν

1044 683 1084 708 σοὶ
1106 681 1155 717 τὴν
1166 681 1280 715 δύναμίν
1297 683 1371 716 μου),
1385 682 1471 714 οὕτως
1485 682 1569 717 ἐχρῆν
1594 683 1662 718 μηδὲ
1676 684 1723 717 τὴν
1738 684 1770 710 ἐκ
1783 684 1836 710 Βα-

1042 728 1159 759 ϐυλῶνος
1175 727 1308 763 λύτρωσιν
1322 728 1447 762 γενέσθαι
1473 730 1548 764 σιγῇ,
1579 729 1730 763 δοξολογεῖν
1744 729 1771 755 δὲ
1789 729 1844 756 τὸν·

1042 773 1193 810 λυτρωτὴν.
1212 783 1221 800 ι
1236 775 1314 809 Φωνὴ
1336 774 1391 810 γὰρ
1407 769 1594 808 ἀγαλλιάσεως
1621 775 1668 801 καὶ
1695 775 1834 810 σωτηρίας

1043 820 1072 846 ὲν
1104 821 1216 856 σκηναῖς
1241 820 1391 847 Stult-Ml
1417 820 1515 856 Ἐχρῆν
1535 819 1590 854 γὰρ
1623 821 1653 845 ὲν
1681 820 1834 855 διηγήσεως

1011 858 1032 885 Β
1045 867 1139 902 τρόπῳ
1149 866 1297 900 δοξολογεῖν
1311 866 1382 893 κατὰ
1395 866 1441 892 τὸν
1465 867 1553 900 μέγαν
1567 866 1648 892 Δαϐίδ
1660 874 1666 881 ·
1682 876 1691 892 «
1714 866 1825 901 Εὺδόκη-

1045 920 1106 944 σας,
1122 912 1219 948 Κύριε,
1233 912 1284 947 τὴν
1298 913 1350 947 γῆν
1365 920 1424 944 σου,
1448 911 1620 947 ὲπέστρεψας
1635 912 1684 947 τὴν
1693 912 1834 947 αἰχμαλω-

1045 958 1106 984 σίαν
1127 958 1237 985 Ἰακώϐ.
1266 958 1387 992 Ἀῳῆκας
1415 958 1464 990 τὰς
1488 958 1605 992 ἀνομίας
1633 958 1671 993 τῷ
1695 959 1753 994 λαῷ
1774 968 1833 991 σου,

1044 1002 1184 1038 ὲκάλυψας
1196 1003 1285 1034 πάσας
1301 1003 1350 1034 τὰς
1373 1003 1512 1037 ἁμαρτίας
1523 1003 1626 1030 αὐτῶν.
1643 1013 1653 1029 ι
1673 1003 1784 1031 Ἑαυτὸν
1805 1004 1834 1030 δὲ

1043 1048 1150 1079 δεικνὺς
1177 1049 1279 1074 ἐκεῖνον
1309 1048 1374 1074 ὄντα
1402 1048 1446 1074 τὸν
1460 1047 1494 1074 δι’
1513 1047 1626 1082 ἐρήμου
1642 1048 1727 1075 πάλαι
1739 1049 1834 1082 διαγαν

1043 1093 1127 1126 γόντα
1141 1093 1186 1119 τὸν
1207 1092 1325 1128 Ἰσραὴλ,
1340 1093 1434 1128 φησὶν,
1449 1092 1486 1124 ὡς
1501 1093 1534 1119 Et
1548 1092 1628 1119 πάλιν
1644 1093 1756 1128 ὲδεήθης
1765 1101 1834 1128 σχιν

1045 1137 1170 1172 ζυμένης
1189 1137 1300 1172 πέτρας
1312 1137 1388 1171 πρὸς
1405 1137 1514 1170 ὓδατος
1526 1137 1682 1172 χορηγίαν.
1695 1136 1729 1173 ἦν
1744 1139 1776 1165 ἄν
1792 1147 1833 1164 σοι

1044 1184 1091 1210 καὶ
1109 1183 1188 1210 τοῦτο
1197 1184 1237 1214 εἰς
1257 1184 1308 1218 τὴν
1328 1183 1459 1210 Ἰουδαίαν
1474 1182 1618 1218 βαδίζοντι.
1630 1183 1675 1218 Μὴ
1690 1185 1833 1219 γενόμενον

1043 1229 1071 1255 δὲ
1097 1229 1156 1255 καθ’
1190 1229 1320 1264 ἱστορίαν,
1344 1228 1416 1255 οὕτω
1442 1229 1514 1260 τινὲς
1538 1229 1739 1264 ἡλληγόρησαν.
1771 1231 1833 1260 Τοῖς

1043 1274 1233 1308 αἰχμαλωσίας
1263 1273 1498 1309 ἠλευθερωμένοις
1525 1272 1575 1307 τῆς
1597 1274 1695 1308 νοητῆς
1716 1274 1779 1308 περὶ
1797 1270 1833 1300 ὧν

1043 1319 1136 1353 ἔλεγεν
1144 1320 1157 1345 ὁ
1167 1319 1293 1354 Χριστὸς,
1307 1319 1542 1353 Εὑαγγελίσασθαι
1556 1321 1674 1354 πτωχοῖς
1681 1319 1836 1346 ἀπέσταλκε

1045 1374 1089 1400 με,
1107 1364 1224 1400 κηρύξαι
1240 1365 1422 1400 αἰχμαλώτοις
1457 1366 1565 1399 ἄφεσιν,
1579 1364 1608 1390 τὸ
1633 1364 1740 1397 λογικὸν
1761 1365 1836 1399 νάμα

1043 1411 1092 1445 τῆς
1107 1410 1237 1447 ἀληθινῆς
1262 1411 1394 1438 ἐκδίδοται
1424 1411 1545 1444 πέτρας.
1566 1411 1599 1436 Ἡ
1621 1410 1649 1437 δὲ
1668 1411 1753 1444 πέτρα
1771 1408 1804 1445 ἦν
1821 1411 1835 1437 ὁ

1043 1457 1171 1492 Χριστὸς,
1188 1457 1258 1484 κατά
1274 1457 1320 1483 τον
1337 1457 1509 1489 Ἀπὸστολον,
1532 1457 1562 1487 ὃς
1575 1457 1621 1483 καί
1643 1464 1736 1492 φησιν·
1756 1465 1765 1482 t
1787 1457 1835 1488 Ὃς

1046 1503 1078 1529 ἂν
1090 1503 1139 1538 πίῃ
1152 1504 1183 1529 ἐκ
1193 1503 1240 1530 τοῦ
1257 1503 1351 1535 ὓδατος
1380 1501 1410 1529 οὗ
1430 1502 1487 1537 ὲγὼ
1499 1503 1590 1535 δώσω,
1609 1503 1727 1537 ποταμοὶ
1743 1503 1775 1528 ἐκ
1785 1502 1835 1536 τῆς

1047 1548 1150 1581 κοιλίας
1165 1548 1246 1575 αὐτοῦ
1265 1548 1407 1584 ῥεύσουσιν
1429 1549 1523 1580 ’ὕδατος
1543 1547 1656 1580 ζῶντος.
1675 1557 1684 1573 ι
1706 1548 1749 1579 Ὠς
1764 1547 1796 1574 ἂν
1807 1548 1835 1574 δὲ

1048 1595 1085 1629 μὴ
1102 1594 1248 1629 νομίσωσιν
1279 1595 1303 1621 οἱ
1330 1595 1358 1620 ἐν
1386 1595 1478 1626 αὐτοῖς
1502 1594 1611 1625 ἀσεϐεῖς
1633 1593 1723 1621 καὶδι’
1738 1593 1836 1623 αὐτοὺς

1045 1641 1187 1675 γεγονέναι
1213 1641 1263 1675 τῆς
1290 1640 1415 1674 ἀφέσεως
1438 1639 1488 1676 τὴν
1502 1640 1657 1675 ὑπόσχεσιν,
1671 1639 1719 1665 καὶ
1743 1639 1791 1674 τὴν
1805 1639 1835 1671 ἐξ

1046 1687 1129 1722 αὐτῆς
1145 1687 1349 1720 εὐφροσύνην,
1358 1686 1462 1712 τούτων
1476 1687 1575 1717 αὐτοὺς
1595 1686 1752 1720 ἀλλοτρίους
1780 1686 1836 1712 ἀπ-

1046 1732 1156 1767 έφηνεν.

203 1772 277 1798 tniua
292 1772 326 1798 de
343 1778 438 1800 ventre
469 1774 529 1808 ejus
550 1775 634 1802 ﬂuent
652 1785 730 1811 aqum
748 1777 815 1805 viva:
829 1778 860 1805 “.
877 1788 886 1804 ι
903 1779 1048 1812 Caeterum,
1066 1788 1101 1807 tte
1114 1780 1162 1814 qui
1188 1780 1260 1806 inter
1293 1787 1341 1806 eos
1359 1784 1507 1806 versantttr
1539 1778 1626 1813 impii,
1661 1781 1773 1812 propter
1805 1785 1835 1805 se

203 1818 283 1846 etiam
301 1820 386 1847 venite
400 1822 607 1855 promissionem
626 1823 682 1850 lieri
697 1825 910 1858 arbitrarentur,
931 1827 1033 1854 (milia:
1048 1835 1143 1854 eorum
1162 1831 1289 1861 expertes
1308 1826 1366 1852 fore
1391 1826 1466 1860 ipsos
1487 1825 1684 1859 pronuntiavit.

238 1864 369 1893 Nonnulli
389 1867 599 1903 Babyloniormn
635 1871 746 1898 neruiue
773 1871 872 1907 impios
889 1873 987 1908 signiti-

202 1909 260 1936 eari
274 1911 448 1939 arbitrantur
466 1914 512 1947 qui
533 1914 628 1942 ultioni
655 1917 761 1949 traditi,
781 1918 814 1945 iis
830 1919 993 1945 exsultanti-

203 1956 323 1991 bu5,qui
341 1957 473 1992 redeutpti
498 1963 603 1991 essent,
629 1961 748 1994 gaudere
779 1969 833 1989 non
853 1967 990 1997 poterant.

202 2000 372 2034 Putantalii,
389 2011 423 2030 ne
438 2010 545 2037 eorum,
567 2012 627 2040 qua:
655 2006 728 2032 dicta
751 2011 828 2039 sunt,
852 2008 992 2042 voluptate

202 2048 272 2083 capti
289 2048 388 2083 supine
414 2057 443 2076 se
460 2054 486 2076 et
510 2050 679 2084 negligenter
695 2057 842 2087 gererent;
859 2058 989 2088 tauquam

201 2100 233 2120 ea
248 2094 370 2126 omnino,
387 2096 563 2128 quantumvis
590 2096 672 2131 impie
689 2097 821 2128 viverent.
841 2099 992 2134 adepturos

202 2139 316 2166 dixisset
330 2139 420 2172 Deus;
439 2144 540 2168 metunt
568 2141 635 2176 ipsis
658 2150 707 2177 pro
726 2144 877 2172 securitate
900 2144 992 2172 immi—

203 2193 267 2213 nere
283 2185 480 2214 demonstrari.
496 2188 546 2221 Qui
572 2189 644 2216 enim
674 2190 764 2217 [artari
783 2191 928 2226 quisquam
946 2201 992 2220 va-

1080 1873 1158 1904 Τινὲς
1175 1873 1204 1899 δὲ
1217 1873 1327 1904 ἀσεϐεῖς
1337 1873 1399 1903 τοὺς
1414 1871 1599 1903 Βαϐυλωνίους
1609 1870 1734 1905 εἰρῆσθαί
1743 1879 1833 1904 (possm

1043 1920 1068 1946 οῖ
1098 1919 1296 1955 παραδοθέντες
1325 1919 1435 1946 κολάσει
1477 1917 1583 1953 χαίρειν
1613 1918 1661 1943 οὐκ
1682 1914 1765 1952 εἶχον,
1780 1916 1835 1942 τῶν

1043 1966 1253 2000 λελυτρωμένων
1269 1965 1429 2000 χαιρόντων.
1448 1964 1526 1994 Τινὲς
1536 1963 1564 1989 δέ
1580 1972 1671 1998 φασιν,
1686 1963 1728 1989 ἵνα
1741 1963 1778 1998 μὴ
1790 1963 1835 1989 διὰ

1041 2012 1091 2046 τὴν
1108 2011 1162 2037 τῶν
1178 2011 1314 2045 ῥηθέντων
1338 2010 1436 2045 ἡδονὴν
1459 2009 1643 2039 ὑπτιάσαντες
1671 2008 1835 2042 ρᾳθυμήσω-

1047 2066 1099 2089 σιν,
1117 2057 1155 2088 ὡς
1169 2056 1278 2088 πάντως
1294 2056 1383 2082 αὐτῶν
1397 2055 1565 2090 τευξόμενοι,
1575 2055 1625 2081 κᾶν
1635 2054 1742 2084 ἀσεϐεῖς
1756 2050 1833 2084 ὦσιν,

1043 2096 1266 2137 ἃπαξεὶρήκότος
1291 2101 1368 2132 Θεοῦ,
1388 2101 1471 2135 φόϐον
1490 2100 1583 2126 αὐτοῖς
1599 2099 1670 2133 ὑπὲρ
1684 2098 1835 2132 ἀσφαλείας

1043 2148 1208 2183 ὲπήρτησεν.
1221 2146 1276 2173 Καὶ
1309 2147 1367 2178 πῶς
1384 2148 1438 2181 γὰρ
1456 2146 1488 2173 ἄν
1512 2155 1554 2177 τις
1581 2145 1770 2179 είιερραίνοιτο
1786 2143 1834 2169 τοῦ

1043 2193 1092 2228 τῆς
1103 2194 1188 2228 χαρᾶς
1210 2193 1352 2229 στερηθεὶς
1379 2192 1516 2228 χορηγοῦ;
1549 2192 1581 2217 At
1598 2192 1652 2226 γὰρ
1669 2190 1833 2224 ἐπαγγελίαι

202 2232 266 2264 leat,
284 2233 331 2267 qui
349 2241 392 2264 eo,
406 2241 420 2260 a
438 2241 492 2268 quo
510 2235 603 2262 laetitia
619 2236 822 2270 suppeditatur,
837 2239 991 2266 exciderit?

1044 2240 1097 2271 τοῖς
1114 2239 1277 2272 φυλάττουσι
1291 2239 1404 2274 βέϐαιοι.
1417 2239 1471 2264 Τοῦ
1485 2238 1551 2263 Θεοῦ
1568 2237 1623 2272 γὰρ
1645 2237 1662 2271 ἡ
1681 2236 1836 2271 πρόγνωσις

203 2276 271 2304 Sunt
286 2277 358 2304 eniut
371 2277 415 2309 iis,
431 2286 445 2305 a
464 2279 564 2313 quibus
589 2281 782 2315 observantur,
803 2287 885 2310 certae
903 2288 929 2310 et
951 2284 992 2310 iu-

201 2323 332 2350 dubitatae
358 2324 557 2359 proutissiones
586 2334 593 2353 :
625 2334 713 2362 neque
743 2328 789 2356 Dei
815 2330 992 2365 praacoguitio

201 2368 332 2396 virtutem
348 2370 475 2404 cuiquam
499 2379 532 2398 ex
553 2373 719 2400 necessitate
749 2379 891 2409 operatur.
920 2377 990 2404 Ecce

200 2415 285 2446 enim.
315 2422 378 2442 cum
405 2416 539 2444 Jacobum
560 2417 620 2446 fore
639 2420 777 2455 integrum
807 2423 988 2457 praevidisset,

201 2460 299 2489 taliset
321 2461 380 2496 ipse
404 2470 451 2497 per
467 2471 507 2495 se.
525 2471 579 2492 non
592 2465 657 2500 quia
678 2467 814 2501 praevisus
827 2472 911 2502 esset,
925 2476 989 2496 eva-

201 2506 247 2538 sit.
275 2506 391 2542 vitaeque
407 2509 573 2543 probitatem
592 2511 652 2546 ipsa
668 2511 718 2539 viri
736 2516 832 2540 secuta
846 2518 888 2541 est
905 2515 990 2542 bene-

200 2553 293 2580 dictio.
310 2554 390 2582 Decet
405 2555 489 2590 igitur
509 2555 599 2584 futura
611 2557 645 2585 de
660 2558 740 2586 ttobis
753 2559 920 2594 praedicente
935 2559 990 2587 Deo

201 2598 270 2625 nihil
288 2600 395 2633 supine,
413 2601 479 2628 nihil
496 2602 664 2638 negligenter
674 2611 764 2639 agere.
785 2604 898 2636 Deinde,
916 2606 989 2640 quod

200 2644 289 2679 egredi
304 2645 335 2671 de
348 2644 484 2681 Babylone
500 2647 597 2682 jubet;
629 2653 656 2676 et
677 2649 777 2682 locum,
790 2654 817 2676 et
834 2658 926 2678 mores
940 2651 991 2678 im-

237 2702 259 2718 "
273 2701 357 2729 Exod.
369 2707 479 2732 tttettv.
510 2706 518 2721 ‘
530 2705 601 2733 Psal.
615 2713 679 2739 cm,
695 2707 738 2735 15.
777 2708 787 2722 ¹
802 2707 875 2736 Psal.
892 2717 1004 2741 Lxxxtv,
1020 2709 1047 2736 5.

1043 2285 1072 2317 ἐξ
1084 2286 1206 2320 ἀνάγκης
1222 2286 1322 2321 ἀρετὴν
1332 2285 1362 2311 οὐ
1385 2285 1467 2310 ποιεῖ.
1487 2283 1552 2309 Ἰδοὺ
1577 2283 1634 2317 γὰρ
1650 2281 1775 2317 προέγνω
1790 2282 1835 2308 τὸν

1048 2330 1142 2356 Ἰακὼὸ
1153 2330 1256 2364 ἀγαθὸν
1272 2329 1467 2364 γενησόμενον.
1493 2328 1548 2354 Καὶ
1569 2328 1666 2361 γέγονε
1692 2326 1725 2352 δι’
1739 2326 1835 2352 ἑαυτὸν

1042 2375 1153 2410 ἀγαθὸς,
1177 2376 1227 2411 οὺχ
1254 2375 1294 2401 ὅτι
1321 2375 1507 2410 προέγνωστο.
1522 2373 1567 2399 Διὸ
1583 2376 1628 2399 καὶ
1649 2372 1792 2406 εὐλογῆται
1808 2375 1834 2398 ιι.

1040 2423 1087 2449 Δεῖ
1108 2422 1154 2449 οὖν
1185 2422 1221 2457 μὴ
1237 2421 1380 2457 ῥᾳθυμεῖν,
1398 2420 1465 2446 Θεοῦ
1483 2419 1513 2446 τὸ
1525 2419 1624 2454 μέλλον
1643 2417 1834 2452 προλέγοντος.

1040 2469 1076 2495 Τὸ
1088 2468 1257 2500 δὲ,Ἔεελθε
1270 2468 1306 2494 ἐκ
1315 2465 1506 2498 Βαϐυλῶνος,
1522 2465 1569 2492 καὶ
1583 2464 1665 2491 τόπον
1677 2463 1723 2489 καὶ
1734 2462 1834 2497 τρόπον

1038 2514 1167 2549 ἀμείϐειν
1197 2512 1418 2549 παρακελεύεται
1444 2512 1528 2547 μηδὲν
1553 2509 1741 2545 ἐπαγομένους
1768 2507 1834 2543 ἦθος

1037 2559 1219 2591 Χαλδαῖκὸν.
1246 2557 1394 2593 οἱωνισμοῦ
1410 2567 1439 2584 τε
1456 2558 1504 2584 καὶ
1520 2557 1660 2592 μαντείας,
1673 2555 1720 2581 καὶ
1744 2555 1835 2587 πάσης

1038 2604 1156 2632 εἰδώλων
1184 2603 1389 2639 καθαρεύοντας
1415 2602 1531 2636 πλάνης.
1559 2600 1645 2627 Τοῦτο
1672 2599 1702 2625 δὲ
1722 2599 1767 2626 καὶ
1788 2598 1835 2624 ἐπὶ

1039 2651 1148 2677 πάντων
1162 2649 1293 2686 ἁρμόσειε
1307 2648 1361 2675 τῶν
1376 2648 1471 2675 ἐθνῶν.
1486 2647 1564 2677 Τινὲς
1579 2646 1607 2672 δὲ
1621 2645 1662 2676 τὸ,
1681 2643 1835 2679 Προσαγά-

1078 2709 1088 2724 ³
1105 2708 1172 2735 Luc.
1188 2715 1224 2738 tv,
1242 2706 1340 2739 18,19.
1380 2706 1389 2722 ⁸
1402 2705 1482 2733 lCor.
1497 2713 1524 2737 tt,
1541 2705 1565 2732 4.
1607 2704 1624 2718 ⁸·
1641 2702 1708 2728 -Ιυιιςι
1733 2700 1835 2733 vn,5i-

841 2787 955 2816 VARUS
977 2785 1180 2814 LECTIONES.

239 2832 254 2847 ιλ
267 2837 310 2863 γρ.
324 2830 486 2864 εὐλογεῖται.
