1999 3076
93 155 168 188 2465

666 147 934 180 COMMENTARII
957 146 998 176 ΙΝ
1021 146 1164 177 ISAIAM.

1670 143 1743 176 2466

94 212 227 248 Χριστός.
245 211 290 242 Ὧς
300 211 329 238 δὲ
346 211 414 237 Θεοῦ
427 210 541 245 δύναμις
556 209 590 236 δι’
613 205 652 236 ὧν
681 209 831 245 ἐργάζεται
845 208 896 234 δο-

955 205 1046 241 ιυοιίιι
1064 205 1147 232 servis
1173 205 1306 235 duxerat,
1337 211 1427 231 servus
1457 202 1566 231 dicatur
1595 203 1745 236 Christus;

96 258 178 292 ξάζει
190 259 235 285 τὸν
253 254 284 284 οὗ
296 258 354 284 ἐστι
365 256 481 291 δύναμις
492 275 499 288 ,
521 255 557 282 ἐν
573 254 793 289 μορφῇδούλου
810 255 894 289 γενό-

92 313 198 340 μενος.
212 303 303 330 καίτοι
321 303 393 329 κατὰ
404 302 486 336 φύσιν
498 301 630 336 ὑπάρχων
643 300 717 331 Υἱὸς,
745 296 768 333 ᾧ
791 299 895 334 κάμψει

96 351 154 377 πᾶν
183 350 247 384 γόνυ
280 348 411 382 ἐπιγείων
444 347 491 373 καὶ
519 346 717 381 καταχθονίων,
748 345 797 372 καὶ
818 346 894 372 πᾶσα

96 396 211 431 γλῶσσα
239 394 481 429 ἐξομολογήσεται,
507 393 550 420 ὃτι
570 392 673 431 Κιξριος
693 391 817 425 Ἰησοῦς
830 392 897 424 Χρι-

97 443 174 476 στὸς
189 444 228 474 εἰς
240 442 320 474 δόξαν
339 440 407 467 Θεοῦ
423 439 556 475 Πατέρος.

136 577 215 608 Τινὲς
234 576 262 603 δὲ
278 576 347 612 πρὸς
371 576 417 603 τὸν
440 575 649 609 λαὸν,’1σραὴλ
673 574 800 610 εἰρῆσθαι
823 575 900 610 νομί-

101 631 198 654 σαντες
217 623 299 656 φασί·
316 622 457 649 Δείκνυσιν
473 623 514 648 ὅτι
529 622 561 648 δι’
576 621 732 656 ἀγαθότητα
750 622 834 656 μόνην
848 622 900 657 ηὑ-

99 668 199 702 δόκησε
224 668 364 703 Δεσπότης
394 667 538 694 καλεῖσθαι
565 666 612 693 τοῦ
631 666 773 700 Ἰσραὴλ,
799 667 848 693 καὶ
871 667 900 692 ἐν

100 714 176 749 αὒτῴ
196 713 400 747 ὃυξασθῆναι,
415 713 461 740 διά
473 721 501 739 τε
517 712 573 739 τῶν
589 711 798 746 κατ-Ἀἴγυπτον
822 712 903 748 τερά-

100 769 166 792 των,
184 759 232 786 καὶ
246 759 299 786 τῶν
318 759 417 795 ἐφεξῆς
431 759 593 793 γεγονότων.
610 759 642 784 Οἱ
657 758 684 784 δὲ
703 758 781 784 αὐτοὶ
796 758 843 784 καὶ
859 760 901 799 τὸ,

103 804 204 836 Κενῶς
219 804 378 835 ἐκοπίασα,
396 805 428 830 ὲκ
443 803 491 829 τοῦ
507 803 647 838 προφήτου
663 802 790 838 λελέχθαι
809 804 901 837 φασὶν,

101 851 140 882 ὡς
156 850 241 877 πολλὰ
259 850 308 886 μὲν
326 851 354 876 ἐν
368 850 406 885 τῷ
423 849 568 886 κηρύττειν
583 849 726 881 παθόντος,
742 849 780 885 μὴ
794 849 902 884 ὠφελήο

104 904 201 927 σαντος
218 896 246 923 δὲ
261 895 315 922 τῶν
325 896 501 923 ἀκουσάντων
520 895 716 930 μηδένα.“Αλλ’
731 897 744 922 ὁ
760 895 826 927 Θεός
846 903 902 930 μοι,

104 943 181 977 φησι,
192 942 241 977 τὴν
255 943 316 968 κατ’
327 941 406 974 ἀξίαν
419 942 474 968 τῶν
488 942 577 968 πόνων
593 942 759 969 ἀποδίδωσιν
774 942 902 977 ἀμοιϐήν.

103 989 220 1022 Λέγεται
235 987 263 1014 δὲ
277 989 367 1020 τοῦτο,
381 988 458 1023 φασὶ,
476 988 523 1015 καὶ
541 989 604 1023 περὶ
618 989 735 1015 ἑκάστου
751 988 905 1022 λαμϐάνον-

103 1042 149 1065 τος
163 1033 299 1069 αἴσθησιν,
315 1035 351 1064 ὡς
369 1034 458 1070 μάτην
480 1034 526 1060 τὸν
549 1034 644 1070 καιρον
661 1035 690 1060 ὲν
704 1035 764 1066 ταῖς
782 1034 829 1060 τοῦ
846 1034 904 1069 βίου

105 1080 269 1114 φαντασίαις
285 1080 434 1107 ἀνάλωσεν.
453 1080 624 1115 Οίκειότερον
638 1081 660 1107 δ’
674 1080 707 1107 ἂν
722 1081 769 1108 ἐπὶ
784 1080 830 1107 τοῦ
848 1081 906 1107 Σω-

105 1126 188 1161 τῆρος
210 1125 388 1161 λαμὸάνοιτο,
406 1126 436 1158 ὃς
453 1126 574 1158 ἀκούσας
599 1127 654 1153 τῶν
677 1127 831 1162 εἰρημένων
850 1127 904 1153 ἁπ-

105 1169 243 1204 εκρίνατο.
257 1171 311 1198 Καὶ
326 1171 395 1203 πῶς,
407 1169 429 1197 ὦ
446 1172 548 1206 Πάτερ,
564 1173 592 1198 ὲν
608 1172 670 1206 ἐμοὶ
680 1172 872 1207 δοξασθήσῃ,
892 1173 906 1199 ὁ

107 1216 174 1242 ποτὲ
194 1216 280 1243 πολλὰ
296 1217 394 1252 καμὼν
410 1218 480 1253 ὑπὲρ
500 1219 550 1252 τῆς
573 1218 627 1244 τῶν
649 1218 802 1253 ἀνθρώπων
817 1227 905 1252 σωτη-

109 1262 182 1297 ρίας,
197 1262 274 1289 οὐδὲν
288 1262 375 1298 ἤνυσα
387 1263 478 1294 πλέον,
493 1264 731 1298 ὲναπομεινάντων
744 1265 776 1298 τῇ
791 1264 906 1299 ἀπιστίᾳ

108 1307 214 1334 πολλῶν
237 1317 265 1334 τε
289 1308 388 1340 ἄλλων,
404 1305 452 1335 διαὶ
475 1310 529 1336 τῶν
553 1311 585 1335 ὲκ
600 1311 751 1345 περιτομῆς
765 1318 772 1343 ;
788 1310 852 1345 περὶ
868 1307 905 1336 ὧν

108 1352 211 1387 Ελεγεψ
227 1363 236 1378 ι
249 1354 305 1380 Οὐκ
315 1354 471 1389 ἀπεστάλην
487 1356 511 1381 εἰ
525 1354 608 1390 μὴείς
616 1355 649 1382 τὰ
664 1355 824 1382 ἀπολωλότα
836 1356 904 1391 πρό-

108 1397 178 1424 εατα
200 1398 276 1425 οἴκου
294 1399 422 1434 Ἰσραὴλ,
445 1409 454 1425 ι
469 1401 526 1434 οἵγε
544 1400 614 1435 πρὸς
639 1400 678 1436 τῷ
702 1401 845 1434 ἀπειθεῖν,
859 1403 906 1429 καὶ

107 1444 299 1479 ἐσταύρωσαν,
314 1444 352 1476 ὡς
375 1446 502 1481 εἰρῆσθαι
527 1447 574 1472 καὶ
591 1448 666 1482 παρᾶ
682 1447 721 1482 τῷ
736 1447 884 1483 Ψαλμῳδῷ
896 1456 903 1464 ⁶

111 1498 121 1514 ι
136 1489 184 1520 Τίς
199 1490 320 1524 ὠφέλεια
335 1491 364 1517 ὲν
379 1491 418 1526 τῷ
432 1491 528 1526 αἵματί
544 1501 596 1527 μου
607 1513 614 1525 ,
629 1493 658 1518 ὲν
675 1492 713 1527 τῷ
727 1493 904 1520 καταϐαίνειν

110 1544 144 1570 με
161 1536 200 1567 εἰς
219 1536 389 1572 διαφθοράν;
406 1546 416 1562 ι
436 1537 505 1564 Ἀλλ’
523 1539 622 1565 ἐκεῖνοι
649 1539 699 1573 μὲν
722 1538 859 1566 ταῦτα.Ἦ
875 1539 903 1566 δὲ
919 1547 939 1575 c

108 1582 209 1614 κρίσις
234 1590 294 1615 μου
313 1583 393 1616 παρὰ
418 1582 459 1615 τῷ
479 1583 585 1617 Κυρίῳ.
597 1583 668 1618 Ἐγὼ
695 1585 749 1618 γὰρ
774 1585 807 1610 τὰ
833 1585 903 1619 παρ’

109 1627 227 1662 ἐμαυτοῦ
243 1628 350 1663 πράξας
368 1629 508 1656 ἐναντίον
520 1630 572 1656 τοῦ
587 1630 661 1656 Θεοῦ
672 1639 743 1664 μου,
759 1630 788 1656 τὸ
804 1639 902 1665 πατρι-

109 1674 156 1700 κὸν
172 1675 319 1702 ὲτελείωσα
337 1675 473 1712 βούλημα.
492 1677 543 1703 Διὰ
560 1677 641 1703 τοῦτο
663 1676 691 1702 δὲ
707 1677 755 1703 καὶ
771 1678 789 1710 ἡ
803 1679 903 1710 κρίσις

109 1719 283 1755 ἐξενήνεκται
298 1721 362 1757 παρ’
375 1722 469 1748 αὑτοῦ.
481 1722 680 1757 Ἑξεϐλὴοησαν
695 1723 749 1757 γὰρ
766 1723 817 1757 τῆς
834 1723 904 1758 πρὸς

109 1767 191 1793 αὑτὸν
205 1768 383 1802 οἰκειότητος.
399 1768 439 1794 Τὰ
459 1768 488 1795 δὲ
503 1768 566 1803 ἔθνη
582 1770 678 1802 γέγονε
703 1768 804 1802 κλῆρος
821 1768 901 1795 Θεοῦ.

112 1812 172 1844 Τὴν
189 1814 291 1846 κρίσιν
303 1813 332 1839 δὲ
346 1814 448 1849 ταύτην
463 1814 510 1840 καὶ
524 1814 567 1841 διὰ
582 1815 631 1850 τῆς
647 1815 807 1849 παραῆολῆς
819 1815 833 1840 ὁ
848 1814 903 1841 Κύ-

111 1866 168 1893 ριος
184 1858 278 1892 ἔδειξε,
288 1859 416 1895 περὶτῶν
430 1860 561 1895 γεωργῶν
576 1860 662 1894 λέγων
676 1860 730 1886 τῶν
745 1861 788 1886 τῦν
803 1860 903 1896 κὶηρο-

109 1904 191 1939 νόμον
206 1905 404 1937 ἀπεκτονότων,
419 1905 465 1937 οὓς
490 1906 537 1932 καὶ
561 1906 708 1939 ἀπολέσας,
727 1906 831 1940 ἑτέροις
855 1907 901 1933 τὸν

110 1949 262 1984 ἀμπελῶνα
276 1953 409 1986 γεωργοῖς
435 1951 577 1983 ἐξέδωκεν,
593 1952 692 1983 οἵτινες
716 1951 902 1978 ἀποδώσουσιν

110 1996 186 2032 αὐτῷ
199 1997 260 2028 τοὺς
275 1998 398 2032 καρποὺς
413 1998 442 2024 ἐν
463 1998 518 2028 τοῖς
534 1999 640 2032 καιροῖς
654 1997 756 2024 αὐτῶν.
776 1995 857 2024 Οὗτοι
872 1997 901 2024 δὲ

109 2040 180 2077 ἦσαν
194 2043 247 2069 τῶν
263 2043 438 2078 Εὑαγγελίων
454 2045 478 2070 oi
495 2044 624 2080 κήρυκες,
643 2045 686 2078 ἐφ’
703 2041 740 2070 ὧν
752 2048 762 2061 τ
780 2044 808 2070 αἱ
824 2043 901 2078 νεφέ-

110 2088 153 2115 λαι
173 2089 297 2123 καθῆκαν
313 2089 407 2121 ὑετοὺς
424 2091 451 2116 αἱ
467 2089 654 2116 κελευσθεῖσαι
673 2090 710 2124 μὴ
725 2089 834 2124 βρέχειν
855 2090 901 2116 ἐπὶ

111 2135 156 2162 τὸν
174 2135 317 2162 Ἰουδαϊκὸν
333 2135 492 2170 ἀμπελῶνα,
509 2136 551 2170 ἐφ’
565 2133 603 2163 ὧν
620 2137 671 2162 οὐκ
686 2136 816 2167 ἀκάνθας,
833 2135 901 2162 ἀλλὰ

112 2180 249 2214 σταφυλὰς
263 2180 414 2215 ἐτρύγησεν
428 2182 442 2207 ὁ
456 2181 584 2216 Χριστὸς,
601 2181 734 2216 λεγόντων
757 2182 845 2216 ἡμῶν,
861 2182 900 2208 ὅτι

947 259 1047 287 genere
1079 247 1183 283 autem,
1208 251 1279 285 quod
1294 250 1329 277 ab
1349 249 1462 283 Israele,
1480 249 1561 284 553
1578 249 1674 277 Israel.
1693 251 1748 279 Sed

950 304 1080 333 tanquam
1105 297 1152 326 Dei
1181 298 1286 329 virtus,
1317 297 1399 325 rebus
1417 297 1495 332 ipsis,
1521 305 1589 332 quas
1614 302 1747 333 operatur

947 353 1022 377 eum,
1043 344 1122 380 cujus
1142 344 1231 370 virtus
1245 348 1296 375 est,
1315 344 1401 378 gloria
1410 343 1501 380 uﬂicil,
1523 343 1551 370 in
1566 343 1656 377 {arma
1674 345 1746 371 servi

948 382 1047 422 factus,
1061 390 1264 425 quantumlibet
1293 396 1392 416 natura
1406 379 1497 422 illius;
1520 390 1563 416 cui
1593 389 1748 419 ἰιιαθρίριηῐ·

948 443 1030 464 omne
1040 443 1111 471 genu
1122 436 1295 462 terrestrium
1318 442 1344 462 et
1357 435 1548 469 inlernorum;
1565 445 1645 472 quem
1657 437 1748 465 omnis

949 482 1034 508 etiam
1048 482 1140 517 lingua
1160 481 1304 508 Dominum
1319 481 1412 508 Iesum
1429 481 1566 509 Christum
1584 484 1611 510 in
1629 483 1748 519 gloriam

951 527 999 555 Dei
1015 527 1103 555 Patris
1116 535 1177 555 esse
1194 527 1373 555 conﬁtebitur
1391 528 1423 554 ¹¹⁸.

985 571 1113 599 Nonnulli
1129 572 1161 600 ad
1182 580 1276 600 vocem
1308 571 1400 600 Israel
1421 573 1519 601 relerri
1538 574 1675 607 arbitrati,
1693 573 1747 601 Do-

952 618 1039 650 mino,
1059 623 1171 653 propter
1200 618 1354 645 bonitatem
1371 619 1471 650 solam,
1496 618 1583 646 Israel
1603 619 1747 654 appellari,

951 669 980 692 et
995 666 1021 691 in
1033 672 1065 691 eo
1084 668 1196 699 propter
1209 664 1354 696 miracula,
1371 673 1433 699 qua:
1449 665 1475 692 in
1493 665 1613 701 [Egypto
1623 670 1652 693 et
1667 665 1748 693 deinv

953 718 1018 745 ceps
1032 714 1140 744 patrata
1171 716 1245 742 sunt.
1269 711 1381 745 gloriari
1398 712 1534 746 placuisse
1564 712 1747 739 arbitrantur.

953 756 1055 783 Putant
1077 756 1159 783 iidem
1175 757 1258 784 verba
1275 757 1338 789 ista,
1358 757 1471 784 Frustra
1491 758 1619 791 laboravi,
1638 766 1670 785 ex
1686 766 1750 793 pro-

956 803 1042 837 pheta:
1056 810 1173 837 persona
1195 802 1262 834 dici,
1287 806 1418 838 tanquam
1437 811 1466 831 se
1484 803 1676 831 cnncionando
1695 813 1748 832 non

956 857 1050 884 parum
1064 849 1226 880 desudasse,
1244 849 1292 877 sed
1315 849 1382 876 nihil
1394 850 1456 877 inde
1469 851 1613 885 probiores
1626 851 1750 878 evasisse

957 894 1108 926 auditores,
1125 900 1313 928 c0nqueralur
1341 904 1348 922 :
1373 903 1492 929 eumque
1517 895 1569 923 sibi
1592 900 1621 923 ut
1637 895 1748 931 dignam

957 939 1081 967 laborum
1103 939 1258 967 mercedem
1289 945 1404 975 reponat
1426 941 1569 974 Dominus,
1597 943 1747 977 postulare.

957 987 1088 1013 Sumatur
1107 991 1134 1014 et
1147 986 1226 1019 illud,
1254 987 1342 1020 aiunt,
1360 987 1393 1014 de
1408 987 1520 1015 homine
1539 989 1672 1023 quolibet,
1701 989 1748 1023 qui

956 1032 1023 1059 sein
1039 1032 1158 1060 diversis
1192 1031 1274 1066 hujus
1308 1033 1372 1060 vitae
1401 1033 1574 1068 voluptatum
1599 1035 1748 1067 generibus

957 1077 1059 1105 frustra
1071 1081 1178 1112 tempus
1188 1079 1370 1113 insumpsisse
1381 1080 1555 1107 recordetur.
1571 1080 1624 1108 Sed
1638 1083 1750 1116 proprie

957 1125 1043 1158 magis
1058 1126 1092 1150 ad
1108 1123 1280 1151 Salvatorem
1311 1123 1458 1156 referatur,
1481 1126 1528 1159 qui
1546 1125 1650 1153 auditis
1669 1133 1748 1161 supc-

957 1169 1143 1196 riorihus‘ista
1170 1173 1291 1203 reponat
1305 1177 1313 1196 :
1329 1169 1488 1201 Enimvero,
1504 1169 1597 1204 Pater,
1611 1171 1657 1206 qui
1677 1176 1703 1198 tu
1722 1172 1748 1198 in

958 1222 1001 1241 me
1016 1214 1213 1249 gloriﬁcaberis
1224 1235 1232 1247 ,
1251 1222 1313 1241 cum
1331 1216 1425 1242 multis
1438 1224 1488 1251 pro
1505 1217 1593 1244 salute
1607 1218 1748 1244 hominum

958 1261 1098 1288 laboribus
1112 1262 1268 1293 exantlatis,
1281 1262 1350 1289 nihil
1360 1263 1535 1297 profecerim,
1549 1264 1643 1291 multis
1656 1264 1747 1291 adhuc

957 1307 1019 1333 aliis
1049 1308 1075 1333 in
1101 1307 1297 1335 incredulitate
1326 1309 1564 1342 permanentibus,
1595 1313 1622 1336 et
1644 1309 1748 1338 Iudaeis

957 1352 1044 1387 ipsis?
1057 1351 1092 1378 At
1107 1353 1141 1379 de
1157 1352 1217 1379 istis
1247 1353 1414 1387 intelligens,
1428 1361 1458 1381 se
1469 1362 1523 1381 non
1551 1354 1604 1382 nisi
1633 1355 1666 1382 ad
1683 1363 1750 1383 oves

957 1397 1056 1425 dOIIHIS
1072 1397 1175 1429 lsrael,‘
1185 1405 1246 1432 qua:
1262 1399 1413 1433 perierant,
1427 1399 1543 1427 missum
1558 1399 1627 1427 dixit
1637 1400 1676 1433 ”;
1689 1408 1751 1435 quae

957 1448 1048 1471 tamen
1062 1449 1088 1470 et
1105 1445 1169 1479 ipsa:
1183 1450 1365 1479 pralcrquam
1378 1445 1452 1480 quod
1469 1445 1549 1472 [idem
1562 1446 1746 1480 abnegarunt,

956 1496 1018 1516 eum
1045 1489 1126 1516 etiam
1146 1489 1222 1516 cruci
1240 1489 1395 1520 allixcrunt,
1407 1491 1440 1516 de
1455 1498 1510 1524 quo
1528 1490 1569 1517 sic
1587 1490 1660 1525 apud
1673 1490 1751 1518 Davi-

957 1534 1018 1561 dem
1032 1535 1165 1568 legimus:
1180 1543 1190 1559 ι
1202 1534 1268 1567 Qua:
1283 1535 1388 1562 utilitas
1401 1535 1429 1561 in
1438 1535 1574 1570 sanguine
1587 1543 1658 1568 meo,
1675 1536 1749 1571 quod

957 1579 1098 1607 descendo
1127 1580 1153 1606 in
1171 1580 1380 1613 corruptionem
1390 1581 1433 1607 "'3
1447 1590 1456 1606 ι
1475 1581 1527 1608 Sed
1562 1582 1613 1609 ista
1639 1583 1750 1617 quidem

957 1625 1006 1652 illi.
1024 1625 1154 1659 Sequitur
1167 1633 1241 1658 vero,
1253 1625 1386 1660 judicium
1405 1635 1491 1653 meum
1506 1627 1577 1661 apud
1592 1627 1748 1655 Dominum.

956 1671 1013 1706 Ego
1030 1672 1115 1704 enim,
1130 1673 1230 1706 inquit,
1249 1680 1309 1706 quae
1320 1680 1335 1699 a
1352 1680 1395 1700 me
1411 1674 1472 1707 ipso
1483 1679 1572 1706 el'anl,
1589 1682 1678 1701 coram
1693 1674 1748 1702 Deo

957 1726 1014 1744 mea
1044 1723 1208 1749 exsecutus,
1230 1723 1351 1752 paterna:
1364 1719 1515 1747 voluntatis
1541 1722 1620 1748 linem
1634 1721 1750 1756 adeptus

956 1771 1038 1790 sum:
1059 1764 1096 1793 ob
1118 1764 1202 1798 idque
1217 1770 1242 1791 et
1254 1764 1388 1798 judicium
1409 1766 1444 1792 ab
1457 1773 1490 1792 eo
1501 1766 1586 1793 latum
1608 1771 1661 1795 est.
1680 1767 1751 1794 Sunt

955 1810 1028 1837 enim
1042 1809 1076 1836 ab
1089 1817 1131 1842 ea,
1158 1818 1241 1844 quam
1270 1819 1331 1837 cum
1361 1811 1476 1839 Domino
1508 1812 1656 1845 habebant,
1681 1821 1749 1841 con-

954 1855 1100 1890 junctione
1129 1855 1248 1888 divulsi;
1266 1861 1362 1891 gentes
1398 1862 1488 1884 autem
1517 1859 1542 1885 iu
1568 1858 1616 1886 Dei
1643 1865 1749 1888 sortem

956 1901 1058 1928 ascitas.
1075 1900 1213 1928 Iudicium
1240 1910 1322 1936 porro
1350 1903 1423 1930 istud
1452 1903 1491 1930 vel
1507 1904 1564 1938 ipse
1576 1905 1603 1931 in
1617 1906 1749 1940 parabola

955 1945 1088 1974 Dominus
1105 1947 1138 1974 de
1153 1947 1294 1982 agricolis,
1323 1950 1369 1983 qui
1385 1949 1521 1976 luet-edem
1540 1950 1749 1984 interemerant,

957 1994 1067 2021 locutus
1083 1993 1226 2025 indicavit,
1253 2001 1315 2020 cum
1330 1995 1447 2022 sublatis
1460 1996 1532 2026 istis,
1553 1996 1624 2029 aliis,
1637 1997 1683 2032 qui
1696 1999 1749 2026 sibi

956 2045 1029 2067 stato
1044 2043 1071 2067 et
1083 2039 1182 2068 idoneo
1198 2045 1320 2075 tempere
1337 2041 1444 2068 fructus
1456 2042 1605 2070 redderent
1617 2064 1624 2075 ,
1641 2044 1748 2071 vincam

955 2094 1033 2113 suam
1058 2086 1216 2113 elocavit“.
1235 2086 1253 2113 li
1272 2094 1337 2113 vero
1354 2088 1521 2114 exstiterunt
1539 2089 1748 2124 evangeliorum

954 2140 1097 2167 pr2e00nes
1130 2132 1194 2167 ipsi,
1208 2133 1233 2159 iu
1251 2141 1322 2168 quos
1342 2134 1429 2161 nubes
1447 2133 1529 2170 554Ι
1559 2135 1623 2168 illze,
1651 2138 1748 2170 quaein

954 2177 1093 2205 Judaicani
1109 2179 1190 2205 vitem
1206 2179 1336 2213 depluere
1349 2179 1524 2212 vetabantur,
1539 2181 1658 2214 pluviam
1671 2190 1748 2208 suam

119 2225 147 2252 '0
165 2227 266 2262 Κύριος
278 2227 358 2253 δώσει
375 2228 559 2263 χρηστότητα,
577 2227 626 2254 καὶ
640 2227 656 2262 ἡ
671 2228 706 2262 γῆ
731 2227 810 2262 ἡμῶν
822 2226 902 2254 δώσει

955 2224 1141 2251 demiserunt:
1155 2231 1209 2258 quo
1239 2224 1342 2251 factum
1371 2229 1425 2255 est,
1440 2229 1469 2252 ut
1485 2233 1538 2252 non
1567 2226 1674 2261 spinus,
1694 2227 1744 2254 sed

111 2274 173 2304 τοὺς
198 2274 321 2307 καρποὺς
346 2273 446 2300 αὐτῶν.
465 2274 518 2300 Καὶ
543 2274 630 2305 ἄλλως
654 2273 682 2299 δὲ
709 2274 762 2300 τὸν
784 2274 905 2300 πόνονὸ

113 2319 216 2350 Παῦλος
231 2319 311 2345 αὐτοῦ
330 2319 378 2346 καὶ
399 2322 456 2353 τὴν
471 2320 572 2354 κρίσιν
586 2319 662 2354 δηλοῖ
674 2319 761 2353 λέγων
771 2327 777 2333 ”
795 2320 861 2351 «Ὃς
877 2320 905 2345 ἐν

114 2367 204 2400 μορφῇ
231 2365 299 2392 Θεοῦ
317 2366 463 2401 ὑπάρχων,
480 2367 528 2401 οὐχ
553 2366 700 2401 ἁρπαγμὸν
726 2367 860 2401 ἡγήσατο,
874 2365 906 2392 τὸ

115 2409 182 2437 εἶναι
206 2411 251 2438 ῐσα
267 2411 337 2446 Θεῷ,
361 2412 417 2438 ἀλλ’
429 2412 524 2438 ἑαυτὸν
539 2412 673 2438 ἐκένωσεν
690 2412 799 2447 μορφὴν
811 2411 904 2438 δούλου

115 2457 214 2490 λαϐὼν,
234 2458 353 2493 ὑπήκοος
368 2458 488 2492 γεγονὼς
497 2458 535 2492 τῷ
549 2457 662 2493 Πατέρι,
678 2457 759 2493 μέχρι
774 2457 902 2490 Θανάτου,

113 2502 228 2528 θανάτου
237 2503 265 2528 δὲ
276 2503 403 2538 σταυροῦ.
415 2503 460 2530 Διὸ
472 2503 519 2530 καὶ
530 2503 710 2538 ὑπερύψωσεν
721 2503 814 2537 αὐτὸν,
825 2503 903 2538 φησὶ,

112 2549 142 2574 τὺ
155 2549 239 2584 ὄνομα
249 2549 310 2581 δοὺς
323 2551 353 2576 τὸ
368 2550 438 2585 ὑπὲρ
454 2551 508 2576 πᾶν
525 2550 620 2584 ὄνομα,
635 2550 678 2576 ἵνα
694 2549 724 2576 ὲν
738 2549 776 2584 τῷ
792 2550 903 2584 ὀνόματι

113 2593 195 2618 αὐτοῦ
210 2594 263 2619 πᾶν
279 2595 343 2628 γόνυ
359 2595 465 2630 κάμψῃ.
486 2603 494 2620 ν

955 2278 1022 2298 uvas
1053 2270 1180 2297 Christus
1197 2271 1389 2305 collegerit";
1406 2272 1478 2298 sicut
1494 2272 1545 2306 ipsi
1571 2272 1745 2306 proﬁtemur,

956 2324 1017 2343 cum
1036 2317 1178 2343 Dmuinnm
1193 2317 1390 2350 benignitatem
1403 2324 1494 2350 suain,
1511 2323 1669 2353 terramque
1695 2319 1750 2346 fru-

955 2366 1029 2389 ctum
1051 2370 1131 2388 suum
1146 2362 1275 2389 daturum
1291 2370 1352 2390 esse
1375 2365 1501 2391 canimus
1511 2365 1546 2391 ’³.
1567 2365 1642 2392 Alias
1657 2369 1748 2392 autem

956 2413 983 2434 et
997 2407 1098 2435 Paulus
1112 2408 1171 2442 ipse
1186 2408 1308 2442 ejusdem
1326 2409 1442 2436 laborem
1456 2410 1623 2444 etjtulicium
1645 2410 1750 2437 indica-

956 2455 1008 2484 vit,
1034 2453 1078 2480 ubi
1098 2453 1135 2480 ait
1153 2460 1159 2480 :
1174 2463 1183 2478 ι
1195 2453 1246 2485 Qui
1263 2462 1325 2480 cum
1343 2454 1369 2480 in
1385 2454 1471 2481 forma
1507 2454 1552 2482 Dei
1577 2459 1662 2487 esset,
1693 2463 1748 2482 non

957 2500 1080 2535 rapinam
1097 2500 1248 2527 arbitratus
1266 2504 1309 2526 est
1325 2508 1385 2528 esse
1403 2509 1431 2528 Sc
1456 2501 1588 2536 aequalem
1614 2501 1680 2534 Deo,
1700 2501 1748 2528 sed

958 2548 1078 2582 scipsnm
1093 2546 1244 2574 exinanivit
1259 2547 1376 2574 formam
1410 2549 1482 2575 servi
1505 2548 1654 2583 accipiens,
1674 2547 1749 2575 Patri

959 2592 1049 2619 lactus
1064 2591 1195 2619 ohediens
1217 2601 1304 2626 usque
1320 2594 1353 2620 ad
1376 2599 1502 2626 mortem,
1520 2599 1635 2621 mortem
1655 2599 1746 2621 autem

113 2638 347 2674 rrm'is.Propter
374 2640 447 2674 quod
473 2639 556 2666 etiam
584 2639 717 2666 exaltavit
753 2639 841 2668 illum.
880 2637 980 2672 inquit,
1009 2641 1034 2664 ct
1057 2637 1133 2664 dedit
1168 2637 1208 2664 illi
1240 2646 1351 2671 non-en,
1379 2639 1452 2674 quod
1481 2643 1524 2667 est
1552 2647 1634 2674 super
1665 2647 1747 2668 omne

115 2691 263 2719 uouirn,ut
279 2687 303 2713 in
325 2688 435 2715 neruiue
468 2687 555 2722 ipsius
593 2695 674 2715 omne
701 2695 770 2722 genu
789 2686 957 2714 ﬂectatur“.
979 2695 987 2710 ι

151 2742 173 2778 ‘f
192 2742 310 2778 Philipp.
330 2752 360 2775 ιι,
374 2746 400 2776 9,
421 2744 464 2772 l0.

115 2777 137 2792 ³³
159 2776 228 2804 Psal.
261 2776 332 2808 mn.
353 2780 379 2806 ϐ.
417 2780 440 2795 ²³
460 2780 577 2815 Philipp.
603 2788 633 2812 ιι,
649 2780 727 2807 7-10.

522 2745 543 2760 ¹⁹
559 2744 652 2771 Matth.
672 2753 713 2776 xv,
730 2744 774 2770 24.
814 2745 837 2759 ²⁰
854 2743 902 2770 l‘sa

955 2750 1028 2769 xxix.
1059 2742 1103 2769 lU.
1141 2742 1161 2758 ¹¹
1194 2742 1289 2770 Matth.
1315 2751 1370 2776 xxi,
1389 2743 1421 2770 53
1441 2751 1518 2779 seqq.

1557 2744 1580 2760 "
1599 2743 1649 2772 Isa.
1679 2753 1706 2778 ν,
1719 2744 1746 2772 ι.

775 2825 888 2854 VARIJE
909 2824 1112 2854 LECTIONES.

151 2874 162 2888 ι
180 2879 225 2904 γρ.
245 2871 302 2904 οὓς.
