1999 3076
236 134 306 168 2487

904 133 1084 165 PROCOPII
1104 134 1225 166 GAZ.’EI

1808 135 1879 167 2568

270 193 333 220 Ihec
361 197 450 220 autem
485 192 638 221 secundum
665 199 778 220 carnem
806 192 957 228 intelliges.
977 192 1026 219 Est

1114 193 1207 219 Ταῦτα
1229 192 1256 219 δὲ
1280 192 1353 219 κατὰ
1377 192 1467 228 σάρκα
1481 193 1598 229 νοήσεις.
1614 193 1696 220 Φύσει
1713 193 1769 229 γὰρ
1783 193 1850 226 Θεὸς
1864 195 1879 220 ὁ

233 239 306 267 enim
339 238 425 266 Filius
462 244 563 266 natura
602 239 696 271 Deus,
725 245 777 266 nec
801 238 950 271 laborans,
977 246 1028 266 nee

234 286 387 313 mercedem
404 285 524 312 laborant
536 285 648 312 nomine
660 283 898 320 postulansNoce
913 290 1027 319 pra-ter-

233 340 264 359 ea
281 340 348 358 usus
378 331 536 358 hominibus
568 339 701 366 congrua.
725 339 829 358 servum
857 340 884 358 se
912 331 944 357 ab
969 332 1026 364 ipso

233 377 327 403 matris
339 380 411 402 utero
427 376 572 410 formatum
588 375 656 403 dicit
673 383 680 402 :
695 375 754 410 qui,
774 379 911 410 quatenus
929 374 1027 407 Filius,

233 430 289 449 non
306 421 437 456 formatus
456 426 547 448 tamen
565 422 611 451 sit,
630 421 676 448 sed
705 421 752 455 qui
780 425 919 455 quatenus
937 428 1026 447 servus

234 475 344 495 carnem
359 472 445 502 gerat.
459 466 510 500 Qui
529 467 614 498 enim,
634 466 657 493 si
669 472 765 493 natura
792 474 888 493 servus
905 470 964 493 erat
983 464 1027 493 Fi-

234 513 299 545 lius,
314 514 340 540 in
353 514 504 540 seruitutem
519 513 651 547 formatus
664 520 726 540 esse
737 512 864 539 dicatur?
888 512 954 539 Esse
978 512 1027 547 igi-

233 562 279 585 tur
314 563 410 585 natura
435 558 553 585 liberum
578 562 701 592 apparet.
717 557 792 584 istud
816 557 888 584 enim
906 558 948 584 vel
967 557 1026 592 ipsa

234 605 391 632 didrachmi
421 605 553 639 pensione
576 605 644 631 satis
674 603 817 636 indicavit,
836 612 898 631 cum
916 605 1025 631 Petrum

234 650 335 678 liberos
355 658 416 678 esse
436 651 506 678 lilios
528 650 636 677 docuit.
661 650 757 685 itaque
772 658 804 677 ex
815 654 893 676 utero
910 650 1025 682 dixit“,

234 697 406 723 utservitutis
428 696 559 730 temporis
571 695 742 727 ostenderet,
759 695 884 730 ejusque,
902 703 964 730 qtuc
981 703 1025 722 se-

235 741 355 769 cundum
376 749 487 768 carnem
503 746 555 774 est,
577 741 730 768 [nativitatis
744 741 856 767 modum
873 741 1027 776 distingue-

233 793 287 817 ret.
307 789 409 816 Deinde
431 789 533 816 servilis
566 788 736 823 formationis
750 796 863 815 causam
878 788 1025 820 deﬁniens,

235 834 406 862 adlacobuin
435 834 645 869 congregandum
679 835 778 862 factam
795 843 857 862 esse
880 834 1024 870 adjunxit;

235 880 315 915 cujus
341 880 452 907 nemine
481 885 588 907 tantum
616 880 803 914 formationem
829 880 909 906 istam
931 880 1026 913 subiit,

234 933 297 953 cum
317 926 467 953 inminime
483 926 598 952 formata
614 926 760 953 divinitate
787 926 955 960 quiesceret.
975 925 1028 953 Eos

235 972 307 999 enim
334 973 415 999 etimit
436 979 498 998 cum
528 973 590 999 aliis
619 968 746 1005 Satanas,
775 972 832 999 sive
857 972 929 1006 quod
957 972 1027 998 idola

234 1019 378 1051 colerent,
412 1019 470 1045 sive
505 1018 579 1053 quod
606 1018 749 1045 hominum
786 1017 915 1044 mandata
948 1019 1028 1045 doce-

192 1069 195 1073 ‘
235 1070 308 1096 rent,
325 1072 339 1091 a
355 1064 408 1091 Deo
436 1068 611 1098 separaverat
633 1073 640 1090 :
667 1064 713 1090 sed
748 1064 841 1090 hostes
876 1063 920 1090 Dei
942 1063 1028 1091 factos

235 1111 363 1138 Christus
387 1111 445 1145 ipse
460 1110 530 1137 l'atri
550 1109 750 1141 reconciliavit,
764 1110 836 1144 quod
854 1111 918 1136 olim
941 1114 969 1136 ut
986 1110 1028 1136 l'a-

235 1161 341 1189 cerent,
359 1164 451 1190 pacein
461 1164 522 1183 cum
537 1164 569 1183 eo
581 1157 728 1183 inv-undam
740 1164 800 1183 esse
813 1156 1026 1183 inrlamansnon

235 1203 322 1230 Isaias
347 1205 438 1235 modo,
457 1203 503 1230 sed
520 1203 570 1237 ipsi
586 1203 668 1229 etiam
695 1202 824 1236 discipuli
847 1211 896 1236 pro
913 1202 1027 1229 Christo

236 1248 371 1282 legatione
385 1247 572 1282 fungentes“,
589 1252 721 1282 tauquam
737 1247 791 1274 Deo
812 1255 858 1282 per
872 1247 946 1280 ipsos
967 1255 1028 1279 pro-

236 1299 363 1325 vocante.
394 1294 571 1329 nondumque
603 1294 654 1321 sibi
685 1301 795 1320 rursum
824 1300 872 1327 per
886 1292 1026 1319 Christum

235 1339 441 1371 reconciliante,
458 1343 635 1365 monuerant.
654 1338 847 1372 lntelligantur
861 1344 926 1364 vero
939 1336 1028 1363 Israe-

236 1384 271 1411 lt't
283 1389 310 1411 et
325 1383 419 1410 Jacobi
431 1385 598 1417 nominibus,
616 1392 669 1411 non
692 1384 709 1410 ii
729 1386 845 1416 tantum,
863 1383 910 1418 qui
925 1390 958 1409 ex
972 1383 1028 1408 cir-

236 1431 407 1458 cumcisioue
420 1436 494 1462 sunt,
511 1431 544 1457 ad
560 1439 629 1464 quos
654 1429 733 1465 555
755 1430 836 1456 etiam
868 1429 982 1456 missum
999 1436 1028 1455 se

237 1485 301 1505 esse
328 1477 510 1508 demonstrat,
531 1485 594 1504 cum
613 1477 640 1504 in
667 1477 737 1503 viain
755 1477 876 1512 gentium
890 1477 1029 1502 ambulare

237 1522 409 1558 prohibet",
427 1522 473 1549 sed
489 1522 605 1557 quilibet
621 1521 715 1553 etiam,
729 1521 775 1555 qui
792 1528 840 1555 per
851 1521 930 1548 iidem
948 1520 1029 1547 fuerit

239 1569 356 1596 salutem
383 1573 560 1596 consecutus.
598 1567 691 1602 Neque
721 1567 807 1598 enim,
824 1567 870 1600 qui
889 1569 916 1593 in
935 1571 1028 1602 aperto

237 1618 358 1646 tantum,
373 1615 420 1641 sed
436 1615 482 1649 qui
501 1614 526 1641 in
540 1615 650 1641 occulto
659 1613 873 1646 etiam,.|uda:us
888 1614 1029 1641 habendus

237 1664 281 1688 est
289 1660 322 1687 "‘.
338 1659 433 1695 Itaque
447 1665 474 1687 et
491 1660 610 1687 sermoni
628 1668 745 1694 persona
771 1668 867 1688 eorum
888 1661 1031 1686 interseri-

238 1710 296 1739 tur,
311 1710 357 1742 qui
372 1715 419 1743 per
438 1707 517 1734 iidem
538 1707 634 1735 salvati
660 1707 693 1734 ad
708 1715 770 1734 eum
792 1715 821 1734 se
843 1712 1031 1742 congregatum

1081 237 1153 271 Υἱὸς,
1168 238 1198 265 οὺ
1214 238 1338 270 κοπιῶν,
1352 239 1403 265 οὐκ
1416 239 1536 273 ἀμοιϐὴν
1551 239 1612 265 ἀντὶ
1627 240 1729 266 κόπων
1740 239 1878 274 δεόμενος.

1080 282 1146 311 Εἶτα
1164 285 1246 312 πάλιν
1267 285 1500 320 ἀνθρωποπρεπεῖ
1514 285 1685 320 κεχρημένος
1701 286 1787 321 φωνῇ,
1807 285 1879 312 δοῦ-

1077 333 1135 358 λον
1151 332 1260 358 ἑαυτὸν
1271 331 1305 358 ἐκ
1322 331 1440 363 κοιλίας
1456 331 1630 358 πεπλάσθαι
1647 332 1724 367 φησὶ,
1741 331 1809 358 καθὸ
1828 332 1879 366 μὲν

1078 377 1154 409 Υἱὸς,
1171 378 1208 413 μὴ
1226 378 1433 412 πλαττόμενος
1443 386 1450 393 ·
1466 377 1534 404 καθὸ
1544 378 1572 403 δὲ
1583 377 1705 410 δοῦλος,
1720 377 1769 412 τὴν
1782 377 1880 413 δούλην

1078 424 1166 459 σάρκα
1183 423 1284 459 φορῶν.
1298 423 1359 455 Πῶς
1373 423 1428 458 γὰρ
1442 423 1486 454 ἂν,
1496 425 1520 449 εἰ
1534 423 1613 458 φύσει
1627 423 1718 454 δοῦλος
1733 421 1767 458 ἦν
1777 425 1791 450 ὀ
1803 424 1878 457 Υἱὸς,

1076 472 1120 503 εις
1133 470 1283 504 Ιδουλείαν
1302 470 1412 503 ὲλέγετο
1435 469 1620 496 πλάττεσθαι
1633 478 1642 501 ;
1657 470 1742 504 Δῆλον
1768 469 1816 496 οὖν
1838 470 1878 502 ὡς

1077 517 1148 543 κατὰ
1164 516 1245 550 φύσιν
1261 516 1394 551 ὑπάρχων
1412 515 1566 550 ἐλεύθερος.
1576 516 1662 542 Τοῦτο
1676 515 1731 551 γὰρ
1742 517 1790 543 καὶ
1802 518 1831 542 ὲν
1841 517 1875 552 τῇ

1048 587 1053 591 ,
1077 564 1124 589 τοῦ
1140 562 1288 597 διδράχμου
1312 562 1478 596 συνεισφορᾷ
1502 561 1570 597 πρὸς
1594 561 1639 587 τὸν
1664 561 1767 596 Πέτρον
1783 562 1877 597 φησὶν,

1081 608 1179 642 ε’Λρα,
1191 607 1287 641 λέγων,
1297 607 1435 642 ἐλεύθεροί
1447 608 1515 633 εἰσιν
1528 608 1553 633 οἱ
1568 607 1631 634 υἱοί,
1648 617 1657 632 ι
1672 607 1833 642 Τοιγαροῦν,
1847 608 1878 635 τὸ

1076 652 1111 679 ἐκ
1119 652 1235 685 κοιλίας
1246 653 1426 688 προσέθηκεν,
1440 653 1478 684 ὡς
1489 653 1522 679 ἃν
1534 652 1626 688 δειχθῆ
1642 653 1694 688 τῆς
1706 653 1848 686 δουλείας
1863 655 1878 681 ὃ

1076 705 1106 723 τε
1115 697 1211 733 χρόνος
1225 698 1272 725 καὶ
1288 698 1427 734 τρόποςτῇ
1438 697 1509 725 κατὰ
1519 699 1609 733 σάρκα
1622 699 1748 734 γεννήσει
1763 699 1879 734 διοριζό-

1079 755 1172 782 μενος.
1188 746 1244 773 Καὶ
1259 745 1316 780 τῆς
1336 744 1482 780 δουλικῆς
1505 746 1648 779 πλάσεως
1660 746 1710 781 τὴν
1725 745 1817 773 αῑτίαν
1835 746 1877 772 δι-

1076 793 1254 828 οριζόμενος,
1282 793 1421 827 ἐπήγαγεν
1448 792 1496 819 τοῦ
1518 793 1667 827 συνάγειν
1685 793 1739 818 τὸν
1761 791 1875 820 Ἰακώϐ.

1080 839 1186 866 Οὐκοῦν
1211 840 1235 866 εἰ
1254 839 1291 874 μὴ
1307 839 1351 865 διὰ
1376 840 1498 870 τούτους,
1515 839 1566 865 οὐκ
1580 837 1614 865 ἂν
1630 837 1771 872 ἐπλάσθη
1794 839 1823 864 ὲν
1843 841 1876 874 τῇ

1080 885 1210 920 ἀπλάστῳ
1227 885 1316 919 μένων
1330 883 1449 919 θεύτητι.
1463 883 1520 910 Καὶ
1536 884 1649 914 τούτους
1662 884 1716 918 γὰρ
1735 883 1805 918 μετὰ
1820 883 1877 910 τῶν

1087 932 1175 959 ἄλλων
1190 932 1204 958 ὁ
1218 930 1338 962 Σατανᾶς
1355 931 1387 956 ἐκ
1401 929 1468 956 Θεοῦ
1489 929 1675 960 διεσκέδασεν,
1696 928 1713 962 ἢ
1735 927 1877 954 εἰδωλολα-

1087 977 1228 1010 τροῦντας,
1245 975 1261 1010 ἢ
1273 975 1429 1008 ἐντάλματα
1438 973 1590 1008 ἀνθρώπων
1600 972 1786 1003 διδάσκοντας.
1805 971 1876 998 Ἀλλ’

1088 1023 1201 1057 ἐχθροὺς
1216 1022 1295 1052 ὄντας
1311 1022 1324 1046 ὁ
1341 1020 1457 1055 Χριστὸς
1472 1019 1597 1054 διήλλαξε
1617 1019 1655 1053 τῷ
1675 1018 1786 1052 [Ῑατέρι,
1806 1017 1876 1053 πρὸς

1088 1067 1157 1102 ὅπερ
1170 1067 1268 1099 αὐτοὺς
1281 1066 1328 1093 καὶ
1342 1066 1455 1096 Ἡσαΐας
1464 1065 1737 1099 εκὰλει,[ιοιήσιι›μεν
1753 1063 1876 1098 εἰρήνην,

1088 1112 1163 1148 αὐτῷ
1178 1113 1276 1147 λέγων,
1293 1113 1450 1148 ποιήσωμεν
1473 1111 1586 1146 εἰρήνην
1602 1110 1626 1137 οἱ
1651 1109 1804 1144 ὲρχόμενοι.
1821 1109 1877 1135 Καὶ

1078 1157 1102 1183 οἱ
1121 1156 1240 1191 μαθηταὶ
1249 1156 1277 1181 δὲ
1289 1155 1483 1189 κεκράγασιψι
1495 1154 1580 1188 ’Υπὲρ
1592 1153 1710 1188 Χριστοῦ
1725 1151 1878 1188 πρεσϐεύο-

1081 1211 1141 1237 μεν,
1150 1202 1187 1233 ὼς
1194 1201 1241 1228 τοῦ
1250 1200 1317 1228 Θεοῦ
1327 1199 1548 1236 παρακαλοῦντος
1559 1200 1593 1226 δι’
1603 1199 1692 1234 ήμῶν·
1700 1207 1709 1224 ι
1725 1199 1772 1224 καὶ
1783 1198 1875 1230 πάλιν,

1082 1258 1091 1274 ι
1109 1249 1174 1279 Θεὸς
1185 1249 1239 1283 γὰρ
1254 1245 1287 1282 ἦν
1303 1246 1412 1282 Χριστῷ
1429 1247 1530 1280 κόσμον
1541 1245 1630 1280 ἑαυτῷ
1646 1244 1851 1273 καταλλάσσων.
1864 1253 1873 1270 ι

1079 1294 1175 1320 Νοοῖτο
1189 1293 1212 1319 δ’
1223 1293 1256 1319 ἂν
1275 1291 1400 1325 Ἰσραὴλ
1416 1292 1464 1317 καὶ
1489 1291 1595 1318 Ἰακὼϐ
1607 1290 1638 1316 οὐ
1657 1291 1737 1325 μόνον
1750 1290 1782 1316 ὲκ
1797 1298 1878 1324 περιέ

1079 1340 1176 1376 τομῆς,
1194 1338 1236 1374 ἐφ’
1253 1338 1298 1370 οὓς
1311 1338 1358 1364 καὶ
1376 1337 1544 1364 ἀπεστάλθαι
1570 1337 1653 1371 φησὶν
1678 1336 1768 1370 λέγων
1780 1344 1788 1350 ·
1804 1344 1813 1361 ι
1830 1335 1878 1367 Εἰς

1079 1387 1138 1413 ὁδὸν
1147 1387 1230 1412 ἐθνῶν
1243 1383 1451 1424 μὴπορεὺεσϐε.
1459 1393 1468 1409 ι
1479 1383 1559 1410 Ἀλλὰ
1573 1384 1620 1409 καὶ
1635 1383 1689 1414 πᾶς
1703 1383 1716 1408 ὁ
1726 1381 1822 1413 σωθεὶς
1833 1381 1878 1408 διὰ

1080 1432 1209 1464 πίστεως.
1217 1442 1226 1458 α
1239 1433 1276 1458 Οὐ
1285 1433 1339 1467 γὰρ
1347 1433 1360 1458 ὁ
1372 1433 1400 1458 ἐν
1408 1432 1446 1466 τῷ
1457 1430 1567 1466 φανερῷ
1576 1431 1656 1464 μόνον
1664 1429 1798 1460 Ἰουδαῖος,
1806 1438 1815 1453 ι
1830 1429 1878 1454 καὶ

1080 1479 1114 1505 τὰ
1133 1479 1207 1513 ἑξῆς.
1225 1477 1378 1512 Τοιγαροῦν
1395 1478 1442 1504 καὶ
1461 1477 1562 1511 μεταξὺ
1577 1476 1624 1502 τοῦ
1639 1476 1720 1509 λόγου
1735 1473 1878 1509 παρεμόἐ·

1043 1541 1064 1568 c
1081 1522 1178 1557 ὄληται
1200 1523 1346 1558 πρόσωπον
1360 1522 1413 1548 τῶν
1429 1521 1473 1548 διὰ
1494 1521 1612 1552 πίστεως
1635 1519 1796 1554 σωζομένων
1810 1519 1879 1553 ὁμο-

1081 1567 1245 1601 λογούντων,
1260 1568 1301 1593 ὅτι
1326 1567 1397 1602 Πρὸς
1422 1566 1504 1593 αὑτὸν
1518 1565 1764 1600 συναχθήσομιιι,
1779 1565 1825 1590 καὶ
1842 1564 1878 1590 τὰ

1082 1614 1188 1646 τούτοις
1213 1614 1345 1649 ἑπόμενα.
1368 1612 1552 1645 Δοξάσονται
1577 1611 1605 1638 δὲ
1628 1612 1675 1637 καὶ
1697 1610 1728 1636 τὸ
1750 1610 1879 1645 λαμπρὴν

1085 1661 1197 1697 αὔχημα
1211 1663 1259 1696 τῆς
1275 1662 1411 1692 υἱοθεσίας
1423 1661 1619 1695 λαμϐάνοντες,
1631 1660 1677 1686 καὶ
1694 1658 1774 1685 αὐτὸν
1785 1657 1881 1692 ἰσχὺν

1086 1707 1177 1742 ἔχουσι
1195 1708 1263 1743 πρὸς
1280 1708 1329 1741 τὴν
1345 1707 1399 1733 τῶν
1416 1707 1561 1742 πρακτέων
1571 1704 1752 1740 κατόρθωσιν.

238 1755 284 1788 iri,
296 1760 450 1790 caulemque
469 1756 514 1782 illa
526 1764 586 1790 qua:
603 1761 768 1790 sequuntur,
781 1755 954 1790 proﬁtentur.
970 1754 1164 1790 Gloriﬁcanmr
1190 1764 1257 1784 vero
1268 1762 1295 1783 et
1311 1756 1374 1791 ipsi,
1389 1756 1434 1789 qui
1452 1755 1612 1789 przrclaram
1647 1754 1721 1780 illam
1755 1752 1882 1787 adoptio-

239 1802 284 1830 nis
321 1802 428 1829 laudem
464 1801 554 1837 adepti
590 1805 677 1834 sunt;
705 1802 806 1836 quique
835 1801 961 1828 eumdem
989 1800 1023 1827 ad
1044 1809 1088 1828 res
1114 1802 1183 1828 bene
1207 1801 1342 1836 gerendas
1364 1802 1393 1828 in
1442 1799 1628 1835 fortitudinem
1667 1802 1732 1825 sunt
1780 1804 1881 1824 conse-

239 1849 307 1876 cuti.

278 1895 349 1922 Sunt
364 1903 446 1930 porro
474 1896 520 1930 qui
538 1896 714 1931 congregnbor
740 1896 866 1928 verbum,
880 1901 906 1923 et
920 1904 982 1931 quae
998 1896 1034 1924 ei-

241 1943 302 1970 dem
315 1942 461 1973 inluercnt,
477 1942 511 1969 (le
525 1942 636 1969 Christo
651 1942 705 1969 dici
720 1945 834 1977 putent;
848 1941 894 1968 sed
907 1943 952 1976 qui
962 1942 1035 1969 istud

240 1988 397 2019 conveniat,
413 1989 576 2015 omiserunt.
588 1989 637 2014 Alii
657 1996 720 2015 vero
731 1988 762 2015 ad
774 1988 933 2022 prophetam
948 1989 1032 2015 etiam

241 2034 338 2062 referri
359 2042 437 2069 posse
463 2034 589 2061 arbitrati
612 2039 687 2067 sunt,
716 2038 845 2069 tanquam
867 2034 976 2061 lsraclis
993 2043 1036 2062 re-

241 2081 357 2113 vocatio,
373 2085 400 2108 et
417 2088 511 2107 eorum
530 2081 576 2115 qui
591 2081 709 2116 dispersi
732 2085 810 2108 erant
823 2081 850 2107 in
867 2088 951 2108 unum
970 2088 1034 2107 con-

1119 1896 1198 1927 Τινὲς
1210 1896 1239 1923 δὲ
1253 1896 1301 1922 καὶ
1312 1895 1354 1927 τὸ,
1366 1891 1679 1929 συναχθήσομαι,⁴καὶ
1691 1894 1726 1919 τὰ
1738 1892 1782 1918 ἐπ’
1792 1891 1879 1926 αὐτῷ,

1084 1943 1149 1977 περὶ
1168 1941 1286 1977 Χριστοῦ
1301 1941 1441 1973 λαὸόντες,
1453 1940 1484 1966 τὸ
1498 1940 1557 1970 πῶς
1571 1939 1704 1974 ἁρμόττει
1716 1937 1879 1972 παρέλιπον.

1085 1988 1179 2014 ’Ἄλλοι
1193 1987 1221 2013 δὲ
1237 1987 1284 2012 καὶ
1305 1987 1345 2017 εἰς
1368 1985 1414 2011 τὸν
1439 1985 1586 2020 προφήτην
1603 1983 1732 2019 εἰρήκασι
1748 1982 1881 2009 δύνασθαι

1083 2034 1231 2068 νοηθῆναι,
1261 2033 1394 2067 σημαῖνον
1415 2031 1567 2066 ἀνάκλησιν
1590 2030 1643 2056 τοῦ
1667 2028 1807 2062 Ἰσραὴλ,
1832 2028 1883 2054 καὶ

1083 2081 1137 2106 τῶν
1155 2079 1361 2113 διασπαρέντων
1379 2075 1591 2110 ἐπισυναγωγή
1602 2080 1622 2102 ³.
1638 2075 1717 2101 Κατὰ
1732 2074 1884 2109 ἀναγωγὴν

241 2129 359 2163 gregatio
377 2128 554 2162 signiﬁcetur.
568 2127 666 2154 Verum
683 2128 707 2155 si
724 2129 757 2154 ad
772 2135 923 2162 auagogem
943 2128 1029 2162 respi-

1085 2127 1123 2159 δὲ,
1138 2126 1183 2152 καὶ
1209 2126 1255 2151 ὲπὶ
1281 2124 1327 2151 τὸν
1353 2124 1468 2159 Σωτῆρα
1494 2123 1543 2157 τὴν
1566 2121 1620 2148 τῶν
1645 2120 1758 2147 δικαίων
1776 2120 1883 2155 πηγὴν,

242 2175 298 2208 eis;
313 2178 340 2201 et
355 2174 388 2201 ad
401 2174 571 2201 Salvatorem
594 2174 698 2209 ipsum,
722 2175 838 2208 justiti-ae
853 2174 968 2206 fontem,
979 2181 1033 2200 non

241 2223 322 2250 aliter
334 2229 416 2257 quam
430 2222 563 2249 malorum
576 2223 645 2249 ratio
656 2223 688 2248 ad
701 2229 797 2249 eorum
811 2226 951 2248 auctorem
971 2222 1028 2256 pri-

242 2276 328 2299 mum,
344 2267 441 2295 referri
475 2272 567 2303 queat.
587 2267 690 2295 Deinde
709 2268 742 2295 ad
763 2267 931 2295 Salvatorem
945 2267 1034 2302 inquit

241 2314 333 2347 Pater,
352 2314 478 2348 Magnum
501 2315 547 2341 tibi
561 2319 598 2341 est
611 2334 618 2346 ,
635 2319 663 2341 ut
679 2315 778 2341 voceris
798 2322 862 2348 puer
880 2321 962 2346 meus,
986 2319 1034 2340 aut

240 2360 390 2387 secundum
403 2360 482 2392 alios,
498 2368 588 2386 servus
602 2367 686 2386 meus.
704 2358 830 2393 Magnum
848 2359 919 2385 enim
935 2365 1033 2384 revera

242 2412 311 2439 opus
333 2404 451 2437 exstitit,
470 2412 531 2431 eam
547 2404 579 2431 ad
592 2405 743 2430 servitutem
756 2404 886 2438 formatus
901 2408 968 2429 esset
989 2402 1034 2429 Fi-

243 2451 307 2483 lius,
323 2450 355 2477 ad
368 2451 493 2477 humanae
509 2455 614 2477 natura:
629 2450 759 2480 salutem,
789 2457 871 2484 quatit
901 2449 1034 2482 condidit,

243 2496 310 2523 servi
327 2495 442 2530 formam
459 2503 612 2523 assumere.
631 2495 720 2530 Atque
736 2495 799 2522 inde
816 2498 868 2525 est,
886 2494 959 2529 quod
980 2495 1036 2529 glo—

243 2544 378 2579 riﬁcatur,
394 2548 524 2578 tanquam
542 2544 666 2578 rapinam
677 2543 789 2570 minime
801 2543 952 2570 arbitratus
975 2549 1036 2569 esse

243 2599 274 2619 se
289 2592 422 2626 atqu-atem
439 2590 493 2618 Deo
504 2591 537 2617 ‘°.
557 2590 604 2617 Est
617 2598 682 2618 vero
692 2590 742 2616 alia
755 2589 861 2616 ratione
875 2595 969 2623 magna
983 2582 1034 2620 res,

232 2643 274 2665 \ut
295 2638 415 2670 homini;
448 2645 530 2672 parva
559 2641 661 2669 autem,
693 2641 723 2663 ut
754 2635 828 2667 Deo,
856 2640 885 2661 ut
912 2635 1033 2667 suscites,

244 2683 343 2719 inquit,
375 2684 458 2712 tribus
490 2682 586 2710 Jacob.
617 2682 712 2717 itaque
729 2685 755 2709 et
774 2680 878 2708 eisdem
904 2679 1033 2714 primum,

1086 2174 1180 2208 ὥσπερ
1191 2172 1237 2199 οὖν
1251 2172 1297 2198 καὶ
1308 2172 1322 2197 ὁ
1335 2171 1398 2205 περὶ
1412 2169 1505 2196 κακῶν
1520 2169 1598 2202 λόγος
1612 2168 1651 2200 εἰς
1664 2167 1710 2194 τὸν
1725 2167 1884 2202 ἀρχέκακον

1085 2219 1265 2253 ἀναφέρεται.
1283 2217 1355 2252 Πρὸς
1380 2216 1409 2242 δὲ
1426 2216 1472 2241 τὸν
1489 2214 1605 2249 Σωτῆρα
1626 2221 1710 2249 φησιν
1731 2214 1746 2239 ὁ
1773 2212 1883 2247 Πατὴρ.

1085 2267 1166 2300 Μέγα
1177 2265 1228 2292 σοί
1237 2265 1302 2292 ἐστι
1318 2263 1372 2290 τοῦ
1385 2261 1535 2295 κληθῆναί
1546 2269 1583 2287 σε
1595 2259 1687 2286 παῖδά
1698 2268 1769 2294 μου,
1780 2258 1796 2293 ἢ
1811 2258 1885 2285 δοῦ-

1084 2313 1142 2338 λόν
1158 2320 1227 2345 μου,
1245 2309 1318 2336 κατὰ
1335 2309 1398 2339 τοὺς
1419 2306 1543 2338 λοιπούς.
1568 2305 1650 2340 Μέγα
1666 2305 1721 2340 γὰρ
1741 2305 1823 2340 ἔργον
1845 2303 1885 2335 ὡς

1083 2357 1202 2392 ἀληθῶς.
1218 2356 1264 2382 τοῦ
1288 2356 1363 2389 πρὸς
1378 2354 1521 2381 δουλείαν
1543 2351 1735 2383 πλασθέντας
1754 2349 1819 2376 Υἱοῦ
1830 2369 1839 2382 ,
1854 2351 1887 2375 τὸ

1081 2403 1203 2438 μορφὴν
1217 2402 1329 2428 δούλου
1343 2401 1435 2427 λαϐεῖν
1448 2399 1517 2434 πρὸς
1533 2398 1671 2433 σωτηρίαν
1684 2395 1717 2433 ἧς
1733 2395 1886 2431 ἐδημιούρ-

1085 2457 1168 2483 γησεν
1183 2447 1328 2482 ἀνθρώπου
1345 2446 1464 2479 φύσεως.
1482 2444 1527 2469 Διὸ
1543 2444 1589 2469 καὶ
1603 2442 1767 2474 δοξάζεται,
1778 2441 1817 2472 ὡς
1833 2441 1886 2475 οὐχ

1087 2493 1236 2528 ἁρπαγμὸν
1255 2491 1430 2527 ἡγησάμενος
1447 2489 1476 2516 τὸ
1491 2487 1561 2515 εἶναι
1578 2488 1624 2515 ἴσα
1638 2487 1708 2522 Θεῷ.
1723 2487 1778 2514 Καὶ
1795 2485 1886 2517 ἄλλως

1088 2540 1116 2566 δὲ
1131 2539 1207 2574 μέγα
1222 2538 1258 2568 ὡς
1274 2536 1411 2571 ἀνθρώπῳ
1422 2555 1429 2568 ,
1446 2535 1543 2570 μικρὸν
1557 2534 1586 2560 δὲ
1602 2534 1639 2564 ὡς
1653 2533 1723 2568 θεῷ,
1741 2532 1793 2559 τοῦ
1808 2531 1884 2565 στῆ-

1089 2594 1151 2618 σαι,
1166 2585 1234 2618 φησὶ
1249 2583 1302 2615 τὰς
1317 2583 1417 2617 φυλὰς
1432 2582 1544 2609 Ἰακὼϐ.
1561 2580 1605 2607 Διδ
1617 2581 1665 2607 καὶ
1681 2579 1798 2614 πρώτοις
1816 2579 1887 2613 ἐκή-

1089 2639 1184 2668 ρυττεν
1213 2629 1303 2660 αὐτοῖς
1323 2627 1506 2663 αἰχμαλώτοις
1526 2627 1585 2653 οὖσι
1600 2626 1646 2657 τὰς
1661 2625 1749 2660 ψυχὰς
1774 2625 1886 2658 ἄφεσιν,

1090 2676 1138 2703 καὶ
1159 2675 1270 2710 τυφλοῖς
1287 2674 1446 2708 ἀνάϐλεψιν.
1455 2671 1564 2706 Ἐπειδὴ
1579 2671 1607 2698 δὲ
1623 2671 1672 2705 τὴν
1694 2671 1773 2705 χάριν
1795 2670 1887 2705 ὴρνή-

281 2763 304 2780 ³⁵
321 2763 420 2791 Matth.
447 2770 515 2795 xvu,
543 2762 641 2790 25-20.
682 2762 705 2779 ‘°
719 2761 738 2789 ll
750 2761 813 2789 Cor.
829 2767 855 2792 ι’,
870 2759 917 2786 ‘20.
956 2759 978 2774 ’⁷
995 2758 1029 2786 iii:

1084 2778 1091 2786 .
1116 2757 1181 2789 x,5.
1219 2756 1242 2773 ’⁸
1271 2756 1352 2784 Rom.
1381 2763 1411 2786 ιι,
1439 2753 1485 2781 28.
1523 2753 1546 2769 ι’
1567 2751 1726 2785 Philippm,
1743 2749 1771 2777 5.

895 2827 1012 2855 VARIE
1031 2826 1233 2856 LECTIONES.

280 2874 292 2889 ι
324 2876 369 2902 γρ.
388 2866 608 2903 ἐπισυναγωγὴν.
