1999 3076
136 158 208 189 2469

662 155 928 186 COMMENTARII
944 156 985 186 IN
1004 156 1147 187 ISAIAM.

1693 157 1767 190 24ῗο

138 223 230 246 σαντο,
246 211 401 243 ἀκολούθως
419 211 570 247 ἐπήνεγκεν
582 218 588 226 ·
608 210 682 237 Ἰδοὺ
703 210 819 237 τέθεικὰ
833 219 871 238 σε
886 212 930 244 είς

984 219 1043 238 cunt
1061 212 1183 246 captivas
1198 210 1332 238 haberent
1349 212 1472 243 annuas,
1488 215 1515 239 et
1529 212 1651 239 cmeitate
1667 212 1774 240 labora-

136 260 199 295 φῶς
215 258 319 286 ἐθνῶν.
335 258 390 284 Καὶ
405 258 430 284 οἱ
450 258 541 283 λοιποὶ
562 257 590 284 δὲ
612 257 699 288 οὕτως
724 257 868 289 ἐξέδωκαν.
884 257 930 283 Διὸ

136 303 186 338 τῆς
198 302 339 337 παρούσης
355 301 526 336 προφητείας
543 301 696 336 ἀρχόμενος
710 301 815 335 ἔλεγεν·
827 301 929 328 Ἀκού-

136 349 212 376 σατέ
231 357 303 383 μου,
316 347 424 380 νῆσοι.
439 346 487 373 καί
503 346 679 380 προσέχετε,
692 347 764 379 ἔθνη
774 355 780 362 ·
806 347 860 373 ἔδει
875 347 930 383 γὰρ

138 395 253 422 ἀκοῦσαι
276 393 312 420 τὰ
336 393 399 428 ἔθνη
427 392 475 419 τόο
498 391 575 419 Ἰδοὺ
597 391 717 418 τέθεικὰ
742 401 779 419 σε
803 394 847 425 είς
869 393 931 427 φῶς

137 440 242 468 ἐθνῶν.
258 439 296 466 Οὐ
312 438 366 474 γὰρ
383 439 468 474 ἐχρῆν
485 438 535 472 τὴν
545 437 680 473 τοσαύτην
695 438 852 473 οἰκονομίαν
865 440 932 465 ἀπο-

138 487 245 521 τυχεῖν,
264 485 462 519 ἀπειθήσαντος
481 483 617 518 Ἰσραὴλ,
633 484 680 510 καὶ
699 484 730 510 τὸ
748 485 842 515 σκότος
861 485 928 518 ἠγα-

140 532 269 567 πηκότος.
286 530 382 556 Καίτοι
406 529 461 556 τῶν
482 530 630 565 προφητῶν
652 530 666 556 ὁ
694 530 743 564 μέν
767 538 810 561 τις
829 529 931 563 ἔφασκε

140 577 209 612 πρὸς
225 575 324 606 αὐτούς
334 584 356 601 ἰ
372 574 505 607 Φωτίζου,
518 574 647 609 φωτίζου,
657 574 931 610 Ἱερουσα).ήμ.Ἤκει

140 623 194 657 γάρ
208 631 253 649 σου
269 622 300 648 τὸ
314 621 381 656 φῶς,
397 631 406 646 ι
420 622 466 647 καὶ
480 621 515 647 τὰ
543 621 589 647 ἐπὶ
616 620 717 655 τούτῳ·
731 621 744 646 ὁ
758 620 796 653 δὲ,
809 629 818 645 ‹
835 621 932 646 ἀνατε-

140 669 182 696 λεί
199 669 263 704 ὑμῖν
279 669 335 699 τοῖς
352 667 531 702 φοΰουμένοις
559 675 592 702 με
623 666 700 702 ἥλιος
714 666 898 700 δικαιοσύνης.
919 675 928 690 ι

140 714 242 741 Λοιπον
260 715 315 745 τοῖς
329 713 418 739 ἔθνεσι
433 711 602 748 προσφωνῶν
614 712 723 745 ἐπάγει,
739 711 838 744 Οὕτως
852 710 932 745 λέγει

139 760 256 794 Κύριος.
267 759 405 792 Ἀγνοοῦσι
426 758 454 784 δὲ
468 758 510 789 τίς
520 759 533 784 ὀ
549 757 661 793 Κύριος,
679 757 760 792 φησίν
772 765 778 772 “
795 756 826 783 '0
836 756 932 790 ῥυσοὶ-

136 813 189 839 μεν
195 813 228 837 ος
239 805 292 830 τὸν
303 803 438 837 Ἰσραήλ.
448 802 599 829 Ἠκούσατε
611 803 665 837 γὰρ
681 802 739 833 πῶς
753 803 782 836 ἐξ
793 801 932 836 Αἰγύπτου

138 849 222 876 πάλαι
243 849 354 880 τούτους
372 849 512 875 διέσωσεν.

983 257 1207 291 rent,Evange|ii
1235 258 1402 292 praeconium
1424 257 1540 292 largitus
1553 262 1606 289 est,
1629 258 1774 293 visumque

982 301 1114 327 restituit.
1126 301 1227 328 Verum
1246 301 1308 336 quia
1326 301 1441 336 gratiam
1460 301 1496 328 illi
1511 303 1692 337 abnegarunt,
1708 311 1774 330 cott-

981 351 1128 381 Sequenter
1157 346 1226 374 Ecce
1235 348 1312 381 posui
1333 353 1356 374 te
1372 348 1399 374 in
1415 347 1500 374 lucem
1519 349 1646 383 gentium,
1665 349 1772 376 intulit:

981 392 1054 427 quod
1070 400 1103 419 eo
1131 392 1212 419 tnodo
1241 392 1324 419 etiam
1357 393 1455 427 reliqui
1485 393 1714 427 interpretantur.
1741 393 1774 421 Et

982 439 1052 464 hanc
1061 437 1122 464 inde
1132 438 1290 472 auspicatus
1299 438 1470 472 prophetiam
1483 438 1596 466 :Audite
1606 447 1658 472 me,
1667 439 1772 472 insulte,

981 488 1006 509 et
1021 482 1158 513 attendite,
1173 487 1270 517 gentes,
1291 482 1377 515 dixit;
1392 483 1457 518 qttia
1482 487 1577 517 gentes
1600 484 1677 514 illud.
1706 483 1774 512 Ecce

981 527 1058 562 posui
1077 531 1101 554 te
1114 527 1141 554 in
1162 527 1244 554 lucem
1259 528 1384 562 gentium,
1400 528 1495 555 audire
1507 529 1662 563 oportebat.
1679 528 1775 564 Neque

982 573 1054 600 enini
1090 572 1192 600 Israele
1224 572 1304 600 ﬁdem
1326 578 1480 606 aversante,
1510 574 1694 609 tenebrasque
1713 582 1773 601 ani-

983 619 1129 654 plectente,
1146 623 1247 646 tantam
1266 619 1447 646 (EconOIniatn
1475 619 1602 647 excidere
1615 625 1642 647 et
1658 620 1710 648 ﬁne
1724 628 1774 647 suo

982 671 1077 691 t-arere
1093 664 1194 690 decuit.
1209 663 1240 690 Et
1250 672 1315 690 vero
1329 665 1523 699 prophetarum
1536 665 1680 699 quemdam
1693 665 1776 700 556

983 709 1065 735 aliuttt
1084 709 1112 735 in
1128 709 1199 735 hunc
1214 708 1324 736 modum
1333 709 1367 735 ad
1379 717 1425 736 eos
1435 710 1555 737 locutum
1568 711 1704 744 reperias:
1717 720 1726 736 ι
1741 710 1775 737 ll-

984 753 1129 786 luminare,
1142 753 1310 787 illuminare,
1325 753 1486 781 Jerusalem.
1505 754 1584 781 Venit
1600 761 1671 782 enttn
1684 755 1774 782 lumen

985 800 1103 830 tuum”.
1117 810 1125 826 ι
1141 805 1164 827 el
1178 808 1238 835 qua:
1254 805 1360 834 postea.
1380 800 1412 827 Et
1434 800 1518 827 alintn
1535 801 1616 828 etiam
1633 822 1639 828 .
1663 800 1774 832 «Vobis,

984 846 1030 881 qui
1045 846 1146 873 timetis
1162 854 1215 877 me,
1227 846 1368 872 exorietur
1384 846 1429 873 Sol
1443 847 1555 881 iustitia:
1567 847 1600 874 ".
1616 856 1625 872 ι
1643 846 1775 882 Deinceps

138 901 227 924 autem
245 894 371 929 gentibus
387 894 549 926 inclamans,
564 893 609 920 Sic
623 893 687 919 dicit
707 892 834 920 Dominus
845 913 852 924 ,
868 891 981 918 addidit.
1000 891 1053 919 Sed
1069 891 1133 926 quia
1156 899 1210 918 non
1230 891 1355 923 deerant,
1376 892 1421 926 qui
1439 892 1584 918 Dominum
1600 892 1774 927 ignorabant,

137 942 264 974 quisnam
283 943 366 972 esset,
379 947 441 966 cutn
468 938 595 966 Israelem
611 940 711 966 eruisse
735 947 765 967 se
786 939 961 974 signiﬁcavit,
977 939 1114 974 expressit
1128 947 1135 965 :
1152 938 1234 972 quasi
1258 946 1306 965 eos
1328 939 1448 972 qualiter
1464 938 1626 974 Egyptiaea
1643 940 1776 968 servitute

139 987 256 1016 iiln-rati,
275 987 432 1021 servatique
448 986 513 1017 sint,
528 989 723 1012 commoneret.

175 1024 266 1058 Ἄλλοι
274 1032 302 1057 δὲ
313 1031 380 1066 πρὸς
388 1033 450 1063 τοὺς
462 1033 493 1057 ὲκ
502 1033 653 1067 περιτομῆς
661 1032 786 1067 εἰρῆσθαι
797 1031 876 1058 τοῦτό
883 1039 932 1066 φα-

1019 1029 1070 1056 Aiii
1082 1029 1116 1056 ad
1128 1029 1238 1057 Judaeos
1252 1029 1305 1056 diei
1323 1029 1397 1057 istud
1415 1030 1598 1062 arbitrantur,
1615 1031 1666 1058 hoc
1682 1032 1774 1064 modo,

140 1087 194 1106 σιν.
210 1077 247 1109 ὡς
261 1077 275 1102 ὁ
294 1077 376 1103 πάλαι
388 1084 425 1103 σε
434 1077 607 1111 ῥυσάμενος
617 1077 775 1113 ἐντέλλομαί
788 1086 838 1110 σοι,
851 1076 889 1108 ὡς
902 1077 933 1103 ἂν

142 1124 179 1158 μὴ
188 1122 345 1158 προσκόψῃς
354 1122 391 1156 τῷ
401 1122 466 1156 λίθῳ
474 1122 519 1148 τοῦ
531 1123 746 1158 προσκόμματος
755 1143 762 1149 .
780 1122 934 1157 Ἀγιάσατε

143 1169 194 1196 τὸν
204 1168 385 1203 φαυλίζοντα
407 1169 464 1201 τὴν
478 1168 585 1202 ψυχὴν
601 1169 785 1203 αὺτοῦ.”υσῳ
799 1169 854 1203 γὰρ
871 1169 935 1194 ὲτα-

141 1215 273 1241 πείιωσεν
287 1214 382 1241 ἑαυτὸν
396 1215 477 1249 μέχρι
489 1214 616 1244 θανάτου,
631 1214 747 1241 θανάτου
757 1214 784 1240 δὲ
797 1214 916 1249 σταυροῦ
926 1222 932 1229 ·

140 1259 264 1294 τοσούτῳ
278 1259 419 1291 δοξάσατε,
438 1259 484 1285 καὶ
499 1259 640 1293 ἁγιάσατε
660 1259 740 1285 αὐτόν
751 1268 757 1274 ·
785 1260 809 1285 εί
825 1259 853 1285 δὲ
867 1259 935 1293 πρὸς

140 1305 175 1332 τὰ
189 1294 253 1340 ἔθνη
270 1305 388 1338 λέγοιτο,
405 1305 622 1339 διαμαρτύρεται
647 1305 684 1339 μὴ
700 1305 781 1331 ταυτὶ)
794 1306 850 1335 τοῖς
867 1305 931 1330 Ἰου-

140 1350 226 1381 δαίοις
251 1350 358 1376 παθεῖν.
377 1350 414 1375 Τὺ
435 1350 464 1376 δὲ
481 1351 634 1384 ἁγιάσατε,
663 1350 760 1376 σεπτὸν
787 1349 833 1376 καὶ
858 1350 935 1383 ἅγιον

142 1396 371 1424 ὑπολάϐετε.Ἔτι
396 1395 450 1430 γὰρ
474 1396 559 1422 ὄντων
576 1397 655 1430 ἡμῶν
670 1396 851 1430 ἁμαρτωλῶν,
866 1396 935 1431 ὑπὲρ

142 1441 248 1467 ἀσεϐῶν
256 1440 356 1467 ἔπαθεν
367 1441 380 1466 ὁ
390 1441 476 1474 λέγων
488 1449 510 1466 ⁸(
521 1440 550 1466 '0
561 1441 661 1475 ποιμὴν
672 1441 685 1466 ὁ
697 1441 778 1472 καλὸς
790 1441 838 1475 τὴν
847 1440 935 1476 ψυχὴν

142 1485 224 1512 αὐτοῦ
250 1485 357 1521 τίθησιν
369 1485 439 1520 ὑπὲρ
454 1485 507 1512 τῶν
539 1485 695 1520 προΰάτων,
711 1494 720 1509 ι
736 1485 935 1519 Ὀμολογείσθω

142 1531 233 1557 τοίνυν
245 1530 339 1564 ἅγιος,
357 1531 371 1556 ὃ
388 1530 461 1565 μόνῳ
474 1531 574 1565 πρέπει
587 1532 657 1564 Θεῷ.
675 1531 809 1561 Οὺσιὼδες
821 1531 875 1565 γὰρ
886 1531 936 1556 ἐπ’

143 1575 226 1602 αὐτοῦ
240 1575 270 1602 τὸ
283 1577 339 1606 τοῖς
351 1575 442 1606 ἄλλοις
455 1575 651 1608 ἐπισυμϐαἶνον
663 1576 694 1600 ἐκ
709 1574 758 1608 τῆς
771 1574 853 1600 αὑτοῦ
870 1583 935 1609 μετ-

142 1621 207 1655 οχῆς
219 1629 226 1636 θ
245 1622 306 1647 ἐπεὶ
324 1621 371 1647 καὶ
387 1621 444 1654 φῶς
457 1620 494 1646 ὼν
510 1621 602 1654 λέγει·
623 1629 632 1645 ί
644 1620 738 1654 Ὑμεῖς
753 1622 813 1646 ἐστε
829 1621 860 1646 τὺ
877 1620 935 1654 φῶς

141 1666 189 1692 τοῦ
203 1666 306 1701 κόσμου
318 1666 440 1692 τούτου.)
455 1667 644 1700 Καὶλέγοντες
655 1666 682 1692 δὲ
692 1666 748 1696 vim
761 1665 933 1701 Ἀγιασθήτω

141 1711 173 1738 τὸ
196 1711 280 1745 ὄνομά
304 1719 361 1742 σου,
381 1721 390 1736 ι
405 1711 454 1746 οὐχ
480 1710 617 1745 ἁγιασμοῦ
631 1710 789 1746 προσθήκην
803 1711 933 1745 αἰτοῦμεν

143 1757 219 1791 αὐτῷ
244 1756 382 1790 γενέσθαι,
400 1757 457 1783 ἀλλ’
473 1757 516 1782 ἵνα
545 1757 590 1782 τὸν
617 1757 726 1792 ἀληθῶς
741 1757 818 1790 ἂγιον
833 1757 933 1789 πάντες

143 1802 369 1838 ὁμολογήσαντες,
385 1804 413 1828 ὲν
430 1802 537 1837 μεθέξει
552 1804 600 1837 τῆς
615 1803 768 1837 ἁγιωσύνης
789 1803 872 1829 αὑτοῦ
886 1811 933 1836 γε-

142 1848 301 1883 νησώμεθα.
316 1848 474 1883 Προσέθηκε
487 1849 514 1874 δὲ
531 1849 584 1874 τὸν
603 1848 856 1882 ,βδελυσσόμενον
874 1849 934 1876 ὑπὸ

142 1894 202 1921 τῶν
223 1893 329 1925 ἐθνῶν,
346 1893 400 1920 τῶν
426 1894 547 1920 ἀπίστων
570 1893 700 1929 δηλονότι.
718 1893 934 1921 Βδελύττονται

142 1940 206 1975 γὰρ,
220 1940 268 1967 καὶ
291 1940 337 1966 τὸν
355 1939 470 1966 θάνατον
487 1939 570 1966 αὑτοῦ
586 1940 755 1975 διασύρούσι.
771 1940 826 1966 Καὶ
842 1949 932 1975 παρα-

141 1985 251 2012 δοθέντα
267 1986 295 2012 δὲ
319 1985 359 2020 τῷ
381 1985 490 2020 Πιλάτῳ
509 1985 562 2011 τῶν
581 1985 753 2020 στρατιωτῶν
767 1994 838 2016 τινες
853 1986 933 2012 αὑτὸν

140 2031 354 2057 ἐϐδελύττοντο
380 2030 582 2060 καταπτύοντες
608 2038 639 2056 τε
665 2030 714 2056 καὶ
739 2030 875 2061 παίοντες.
903 2031 933 2056 ἐν

142 2075 286 2111 διασυρμῷ
302 2083 331 2101 τε
347 2075 476 2110 βοῶντες·
496 2084 504 2100 ι
518 2075 615 2109 Χαῖρε,
632 2075 645 2100 ὁ
659 2075 786 2107 βασιλεὺς
800 2075 854 2101 τῶν
870 2075 934 2102 Ἰου-

141 2121 234 2147 δαίων.
249 2131 258 2146 ι
277 2121 322 2146 Διὺ
337 2120 396 2147 τῶν
411 2120 530 2147 δούλων
545 2119 604 2146 τῶν
613 2120 767 2154 ἀρχόντων
780 2121 931 2155 ἐπήγαγεν.

144 2166 223 2196 Ἴσως
238 2166 266 2192 δὲ
280 2166 326 2192 καὶ
342 2165 398 2192 τῶν
412 2165 642 2200 κοσμοκρατόρων
657 2165 703 2191 τοῦ
717 2165 827 2196 extimo;
839 2165 931 2200 φησὶν,

141 2208 180 2242 οἷς
198 2210 400 2238 δουλεύουσιν
426 2211 450 2236 οἱ
474 2209 520 2236 τὸν
547 2208 665 2244 Χριστὲιν
686 2209 931 2243 βδελυττόμενοι.

141 2256 214 2291 Πλὴν
231 2255 398 2290 ἀναλάμψει,
411 2254 488 2289 φησι,
506 2254 554 2280 καὶ
574 2254 654 2288 μέχρι
676 2253 832 2286 ,βασιλέων
853 2253 933 2286 αὐτῷ

141 2301 422 2336 προσκυνήσουσιν,
438 2300 536 2331 οἵτινες
566 2300 692 2334 ὄψονται
710 2299 800 2331 αὐτὸν,
818 2300 848 2326 οὐ
865 2301 933 2327 πάν-

139 2357 193 2380 τως
207 2349 372 2382 σωματικοῖς
386 2347 547 2381 ὀφθαλμοῖς.
561 2346 629 2373 ἀλλὰ
645 2346 682 2381 ιῷ
695 2347 741 2373 ναὶ
757 2346 864 2381 καρδίᾳ.

987 1076 1048 1110 Ipse
1060 1076 1119 1107 tibi,
1144 1081 1273 1110 tanquam
1291 1077 1376 1110 quite
1388 1076 1525 1110 quondam
1554 1077 1678 1108 erueritn,
1696 1085 1729 1104 ne
1746 1078 1775 1105 in

986 1121 1102 1156 lapidem
1121 1121 1283 1148 oﬂensionis
1311 1122 1458 1156 impingas,
1480 1123 1617 1157 praecipio.
1648 1123 1774 1157 Sanctiﬁ-

984 1173 1041 1194 cate
1058 1175 1116 1194 eunt
1128 1168 1172 1202 qui
1183 1168 1299 1202 despexit
1316 1168 1433 1194 animata
1451 1166 1537 1196 suam.
1559 1170 1668 1202 Quanto
1687 1172 1774 1205 magis

985 1214 1056 1240 enitn
1072 1222 1101 1240 se
1115 1215 1147 1240 ad
1165 1219 1280 1240 mortem
1296 1222 1393 1248 usque,
1407 1222 1521 1249 eantqtte
1539 1216 1639 1248 crucis,
1660 1216 1773 1251 depres-

985 1260 1032 1291 sit,
1060 1264 1137 1286 tanto
1163 1267 1211 1287 vos
1232 1268 1293 1286 etim
1326 1260 1410 1294 gloria
1427 1265 1452 1286 et
1477 1261 1580 1288 honore
1607 1263 1775 1297 proseqniet

985 1305 1154 1339 sanctiﬁcare
1168 1305 1248 1331 interit
1259 1307 1376 1340 aequius.
1393 1305 1470 1338 Quod
1486 1306 1508 1333 si
1525 1306 1557 1333 ad
1571 1312 1667 1341 gentes
1682 1315 1775 1336 sertnu

985 1353 1038 1381 est,
1067 1356 1122 1374 non
1149 1348 1220 1375 ident
1243 1357 1289 1376 eas
1325 1358 1387 1376 cuin
1416 1349 1517 1377 Jndmis
1552 1359 1683 1385 passuras
1713 1360 1775 1379 esse

985 1394 1146 1421 obtestatur.
1178 1394 1279 1421 Deinde
1308 1396 1380 1429 quod
1408 1397 1575 1430 sanctiﬁcata
1605 1397 1685 1429 dixit.
1701 1399 1773 1425 idem

987 1439 1077 1472 plane,
1095 1446 1127 1466 ac
1140 1439 1161 1466 si
1177 1440 1302 1466 venerari
1318 1444 1344 1466 et
1357 1444 1482 1467 sanctum
1493 1441 1594 1468 dueere
1613 1443 1772 1477 imperaret,

987 1485 1131 1512 intellexit.
1150 1486 1216 1512 Cum
1233 1486 1305 1512 enim
1319 1487 1408 1514 adhuc
1420 1487 1446 1513 in
1459 1488 1580 1521 peccatis
1590 1496 1774 1520 versaremur,

986 1537 1035 1565 pro
1053 1530 1143 1565 impiis
1170 1531 1228 1565 ipse
1245 1539 1343 1565 passus
1373 1537 1426 1563 est,
1442 1532 1488 1566 qui
1508 1533 1608 1559 bonum
1635 1539 1773 1567 pastorem

986 1583 1035 1610 pro
1052 1576 1109 1602 suis
1125 1576 1220 1603 ovibus
1229 1577 1348 1603 animatn
1365 1585 1465 1611 ponere
1480 1578 1629 1607 dixerat".
1648 1578 1776 1606 Sanctum

985 1629 1051 1656 ergo
1067 1621 1150 1656 (quod
1172 1622 1255 1648 Deum
1274 1631 1357 1650 unum
1377 1623 1467 1658 decet)
1483 1625 1608 1652 eumdem
1625 1633 1685 1652 esse
1711 1635 1776 1652 cou-

987 1665 1125 1693 titeantur.
1141 1666 1188 1692 Est
1210 1667 1281 1693 enim
1297 1668 1324 1694 in
1341 1676 1373 1695 eo
1386 1669 1544 1702 essentiale,
1573 1671 1645 1704 quod
1662 1671 1723 1698 aliis
1740 1680 1774 1698 ex

986 1712 1046 1746 ejus
1062 1713 1271 1746 participatione
1287 1714 1436 1749 contingit;
1449 1715 1558 1749 quando
1569 1720 1596 1743 et
1613 1717 1703 1744 lumen
1717 1718 1776 1752 ipse

985 1757 1117 1789 existens,
1135 1768 1143 1783 ι
1157 1757 1212 1785 Vos
1234 1759 1303 1786 estis
1321 1759 1367 1786 lux
1385 1761 1516 1793 mundi",
1531 1770 1540 1786 ι
1560 1761 1637 1788 dixit.
1662 1763 1733 1795 Quin
1751 1769 1778 1791 et

985 1804 1155 1830 sanetitieari
1177 1812 1275 1831 nomen
1299 1805 1359 1839 ejus
1385 1810 1520 1840 petentes,
1546 1815 1600 1834 non
1621 1809 1778 1836 sanctitatis

986 1849 1172 1876 accessionem
1198 1849 1267 1882 fieri,
1296 1851 1343 1878 sed
1361 1855 1390 1878 ιιι
1413 1857 1538 1879 sanetum
1560 1861 1654 1880 revera
1680 1861 1777 1883 mnnes

986 1894 1119 1926 confessi,
1136 1895 1263 1930 ejusdem
1298 1898 1486 1925 sanctintonite
1509 1899 1657 1934 participes
1676 1899 1778 1927 cilicia-

986 1941 1202 1974 murposcimns.
1217 1941 1318 1969 Deinde
1329 1944 1464 1976 sequitur,
1476 1944 1520 1978 qui
1535 1944 1725 1972 abominationi
1738 1950 1777 1972 eet

985 1986 1116 2020 gentibus,
1141 1994 1196 2013 non
1221 1988 1400 2016 credentibus
1431 1989 1546 2016 scilicet.
1576 1991 1772 2018 Abantinantur

984 2031 1069 2064 enitn,
1079 2037 1105 2058 et
1115 2032 1194 2059 tnorti
1208 2033 1269 2066 ejus
1281 2034 1447 2061 obtrectant.
1458 2036 1513 2062 lmo
1525 2043 1585 2062 cum
1602 2042 1675 2063 esset
1689 2036 1776 2064 Pilato

986 2076 1114 2109 traditus,
1144 2085 1198 2104 non
1223 2077 1369 2106 defuerunt
1400 2088 1414 2106 e
1436 2081 1567 2108 militibus
1594 2082 1775 2117 quidam.qu

984 2121 1072 2155 ipsutn
1086 2122 1241 2154 abominati,
1255 2126 1396 2159 sputisque
1408 2131 1434 2152 et
1446 2127 1569 2161 colaphis
1582 2129 1713 2162 aggressi,
1729 2136 1777 2155 ore

984 2167 1137 2195 maledictis
1152 2173 1179 2195 et
1195 2170 1327 2196 conviciis
1341 2172 1421 2205 pleno
1435 2171 1460 2198 in
1478 2173 1614 2204 eumdem,
1632 2183 1640 2199 ι
1652 2173 1717 2206 Ανυ,
1729 2182 1774 2201 rex

983 2210 1203 2245 Jttthcorttttt“,i
1229 2216 1417 2243 inelatnareut.
1444 2217 1520 2245 Unde
1545 2223 1600 2251 est,
1625 2220 1697 2253 quod
1728 2221 1775 2248 sub

983 2258 1064 2285 servis
1079 2259 1240 2293 principibus
1255 2261 1367 2295 adjecit,
1382 2262 1507 2297 {ortuque
1543 2265 1634 2291 tmttuli
1651 2267 1777 2293 tenebra-

984 2311 1099 2338 rumque
1114 2310 1272 2339 potestates,
1286 2308 1386 2341 quibus
1400 2309 1416 2335 ii
1429 2310 1556 2342 serviunt,
1573 2312 1619 2345 qtti
1635 2311 1775 2339 Christum

984 2349 1183 2383 abominantur,
1196 2352 1337 2379 indicavit.
1352 2353 1449 2380 Verum
1463 2355 1575 2389 fulgebit
1587 2361 1776 2388 tatnen,eum—

141 2402 194 2429 que
208 2395 250 2421 vel
268 2403 338 2429 reges
357 2395 407 2427 ipsi
418 2393 581 2427 adorabunt,
596 2402 650 2419 non
665 2394 787 2427 corporis
803 2394 926 2426 omnino,
949 2395 1028 2430 557
1045 2397 1090 2423 sed
1109 2398 1207 2425 mentis
1221 2403 1250 2426 et
1265 2399 1358 2426 cordis
1377 2401 1465 2427 oculis
1476 2402 1616 2429 intuentes.

175 2438 431 2473 Προσκονήσουσι
447 2438 475 2464 δὲ
500 2438 616 2473 μάλιστα
637 2438 685 2463 καὶ
708 2439 818 2470 πάντες,
849 2439 887 2465 ὅτ’
905 2439 932 2465 ἂι

1025 2441 1183 2468 Adorabunl
1204 2451 1270 2470 vero
1295 2452 1389 2471 omnes
1418 2450 1474 2471 tum
1501 2447 1609 2474 demunt
1630 2449 1775 2483 prmcipue,

141 2484 205 2520 ἔλθῃ
221 2486 250 2510 ὲν
265 2485 297 2519 τῇ
311 2483 374 2519 δόξῃ
387 2483 434 2510 τοῦ
451 2484 573 2518 Πατέρος
591 2483 673 2510 αὐτοῦ
700 2483 768 2518 μετὰ
782 2484 836 2510 τῶν
850 2484 934 2518 ἀγγέ-

139 2529 195 2557 λων
207 2530 304 2563 αὑτοῦ,
317 2530 366 2556 καὶ
383 2529 482 2564 καθίσῃ
497 2529 545 2555 ἐπὶ
562 2529 656 2563 θρόνου
672 2529 751 2563 δόξης
774 2529 856 2555 αὐτοῦ
874 2529 935 2564 κρί-

140 2584 194 2602 νων
207 2574 312 2607 ζῶντας
329 2576 376 2601 καὶ
390 2575 517 2610 νεκρούς.
533 2574 792 2608 Προσκυνήσουσι
813 2574 841 2600 δὲ
860 2574 935 2609 αὐτῷ

139 2621 233 2648 ἕνεκεν
256 2621 303 2647 τοῦ
329 2621 450 2655 Πατέρος
468 2620 550 2647 αὐτοῦ
563 2628 569 2634 ·
583 2620 726 2653 δοξάζεται
747 2620 801 2655 γὰρ
817 2620 854 2651 ὡς
870 2620 934 2652 Υἱίς

139 2665 188 2693 τοῦ
212 2665 299 2697 Θεοῦ,
317 2665 361 2693 ὅτι
387 2667 494 2699 πιστός
517 2666 603 2692 ἐστιν
628 2667 644 2692 ό
673 2665 756 2699 ἅγιος
775 2666 893 2699 Ἰσραὴλ
918 2668 934 2693 ό

137 2710 342 2746 ἐκλεξάμενος
358 2712 462 2743 αὐτὸν,
478 2711 551 2738 τοῦτ’
562 2711 635 2737 ἐστιν
659 2712 703 2738 ἀεὶ
728 2712 775 2737 καὶ
801 2711 932 2744 ὡσαύτως

138 2758 218 2793 ἔχων.
233 2758 346 2785 Πιστόν
360 2758 414 2793 γὰρ
426 2758 502 2785 οὐδὲν
519 2758 547 2784 ὲν
563 2758 696 2792 κτίσμασι
707 2759 764 2789 τοῖς
783 2758 933 2793 ὑποκειμέ.

139 2812 195 2835 νοις
210 2803 356 2838 μεταϐολῇ.
366 2803 395 2830 '0
409 2804 438 2830 δὲ
455 2804 552 2839 Πατὴρ
565 2803 726 2836 ἐξελέξατο
738 2804 801 2835 τοὺς
816 2803 850 2830 δι’
863 2804 927 2830 Υἱοῦ

987 2493 1049 2513 cum
1064 2489 1171 2514 Vt-nerit
1188 2488 1214 2514 in
1232 2488 1320 2516 Patris
1338 2489 1450 2518 dextera
1467 2499 1529 2518 cum
1548 2493 1653 2526 angelis
1664 2494 1733 2525 suis,
1749 2500 1777 2521 et

987 2532 1089 2558 sederit
1103 2532 1129 2558 in
1143 2533 1242 2560 throno
1256 2534 1350 2568 gloria:
1362 2535 1555 2570 suaejudicans
1570 2538 1644 2563 vivos
1660 2542 1686 2564 et
1699 2546 1776 2564 mor-

987 2580 1049 2605 tnos
1078 2577 1110 2604 ⁸⁵.
1140 2578 1298 2606 Adorabtmt
1325 2581 1399 2612 itetn,
1431 2587 1540 2616 propter
1571 2583 1680 2610 Patrem
1703 2584 1774 2618 ejus.

987 2623 1162 2651 Gloriﬁt'alur
1175 2625 1259 2658 enim,
1277 2630 1406 2660 tanquam
1426 2627 1470 2654 Dei
1489 2627 1593 2661 Filius;
1610 2629 1673 2663 quia
1688 2628 1775 2663 ﬁdelis

986 2673 1026 2695 est
1051 2674 1160 2696 sanctus
1189 2671 1285 2703 Israel,
1315 2672 1362 2706 qui
1389 2673 1466 2707 elegit
1492 2681 1568 2705 eum;
1599 2674 1625 2701 id
1647 2677 1701 2707 est,
1727 2675 1774 2709 qui

986 2721 1094 2748 semper
1110 2715 1206 2742 eodem
1228 2717 1310 2742 tnodo
1327 2724 1356 2744 se
1375 2716 1467 2744 habet.
1491 2717 1566 2745 Nihil
1580 2727 1675 2746 eorum
1691 2720 1776 2754 siqui-

986 2758 1059 2791 dem,
1076 2769 1138 2795 qua:
1157 2762 1268 2789 condita
1293 2769 1367 2794 sunt,
1385 2764 1451 2799 quia
1476 2765 1624 2792 mutationi
1644 2765 1774 2797 obnoxia,

982 2805 1066 2838 ﬁdum
1089 2814 1121 2834 ac
1135 2812 1240 2835 certum
1269 2810 1402 2843 reperias.
1424 2810 1512 2846 Elegit
1541 2820 1605 2839 vero
1618 2819 1665 2839 eos
1683 2811 1773 2843 Pater,

174 2862 258 2889 "lsn.
271 2870 314 2895 ιιι,
329 2863 352 2889 i.
393 2863 413 2878 "
426 2863 538 2891 Malaeh.
550 2872 586 2895 IV,
600 2863 626 2890 2.
666 2865 686 2880 ³⁵
699 2863 776 2892 ιίυηιι.
799 2874 823 2899 x,
841 2865 883 2892 iii.
924 2865 1089 2900 “Maltinv,
1105 2868 1148 2896 14.
1188 2868 1312 2898 3‘ltlatth.
1325 2878 1409 2903 xxvn,
1421 2871 1465 2900 ‘29.
1506 2874 1527 2892 ³⁸
1542 2873 1635 2901 Matth.
1654 2881 1715 2902 xxv.
1727 2872 1771 2900 Si.
