1999 3076
145 140 164 170 ἓ.
170 138 222 169 473

699 137 968 168 COMMENTARII
988 137 1029 167 IN
1048 138 1191 168 ISAIAM.

1710 135 1781 165 2414

146 198 290 233 ἐρήμουςν
307 197 324 232 ἣ
340 198 410 224 κατὰ
424 197 571 233 Σύμμαχον
614 195 773 230 Ἀνεγεῖραι
790 195 848 229 τὴν
866 195 935 230 γῆν,

1000 195 1057 223 'ecit
1074 195 1207 222 Dominus
1222 195 1255 220 ⁸¹.
1276 203 1285 219 ι
1308 193 1390 221 Addit
1402 197 1514 229 postea:
1536 191 1569 219 Et
1581 191 1642 219 dedi
1657 195 1681 218 te
1704 192 1730 218 in
1743 200 1782 218 te-

146 245 196 272 καὶ
227 243 452 278 κληροδοτῆσαι
485 242 690 277 κληροδοσίας
720 241 940 276 ἠφανισμένος.

146 291 278 318 Τοιαῦται
291 290 319 317 δὲ
331 288 402 325 ἦσαν
415 290 443 316 αι
456 288 511 316 τῶν
524 288 614 315 ἀθέων
627 288 714 323 ψυχαὶ
723 308 731 318 ,
749 287 849 323 ἔρημοι
861 287 941 320 Θεοῦ,

147 338 194 364 καὶ
219 336 328 372 ἀληθῶς
352 335 568 370 ἠφανισμέναι.
586 332 676 361 Ἦσαν
699 334 728 361 δὲ
755 334 804 361 καὶ
829 333 943 368 σειραῖς

149 382 359 419 ἁμαρτημάτων
382 380 559 416 δεσμώτιδες.
573 380 628 406 Καί
643 388 707 407 ποτε
732 380 837 413 σκότος,
856 379 903 406 νῦν
915 379 943 406 δὲ

149 429 207 464 φῶς
231 430 260 455 ὲν
277 428 383 464 Κυρίῳ.
399 427 455 463 Τὴν
480 426 527 453 οὖν
547 426 677 460 τοιαύτην
698 426 869 459 κατέστησε
884 424 944 459 γῆν

148 475 370 511 τεθορυϐημένην
386 474 614 507 κακοῖς.¹Ηγουν,
630 473 734 504 πάντας
747 471 811 504 τῶς
824 472 874 499 ἐπὶ
887 471 944 506 τῆς

149 523 196 549 καὶ
223 522 272 555 τῆς
300 520 479 555 ἐπικειμένης
500 518 748 554 ἀπήλλαξεζάλης,
765 518 813 545 καὶ
829 517 945 551 κλῆρον

150 569 215 594 ἴδιον
229 568 387 600 ἐποιήσατο,
406 566 488 600 μόνον
501 565 570 600 ἔχων
585 565 670 591 πάλαι
687 565 733 590 τὸν
750 564 944 599 Ἰσραήλ.’ῐόὺς

148 614 179 640 δὲ
191 606 315 647 δεσμῶν
330 612 380 638 καὶ
399 612 530 643 σκότους
543 611 785 646 ἡλευθερωμένους
799 609 945 644 εὐαγγελιιι

151 658 239 690 Carm.
256 658 343 691 λέγων
354 665 360 672 ·
371 648 419 683 ’έν
431 656 544 689 πάσαις
558 656 622 688 ταῖς
639 655 719 688 ὁδοῖς
731 654 946 688 βοσκηθήσον-

151 712 210 730 ται.
220 702 299 729 Ὀδοὶ
319 702 347 728 δὲ
363 701 412 728 καὶ
427 701 530 736 τρίϐοι,
546 701 578 732 ἃς
589 701 738 727 διώδευσαν
753 701 778 727 ot
792 699 876 727 πάλαι
886 700 946 727 θεο-

153 749 252 781 σεόεἰς,
269 749 297 774 αἱ
312 748 382 774 θεῖαι
399 747 506 783 Γραφαί
518 756 528 763 ··
543 747 638 782 ἤγουν,
649 746 677 773 αἱ
691 746 746 772 τῶν
761 746 867 782 ἀρετῶν
885 748 947 773 ὲπι-

151 796 292 831 τηδεύσεις
304 794 400 821 ἄϐατοι
413 795 469 824 τοῖς
480 793 509 825 ἐξ
517 793 603 819 ἐθνῶν
614 793 790 828 ὑπάρχουσαι
801 792 946 828 πρότερον,

151 843 182 868 ἐν
198 839 241 871 αἷς
260 841 419 876 βοσκόμενοι
431 840 530 871 πάντες
546 839 661 873 λογικῆς
673 839 778 874 τροφῆς
792 839 944 865 ἀπολαύουν

997 246 1157 268 Nomentum
1171 241 1299 276 gentium,
1311 245 1339 266 ut
1355 241 1526 266 constitueres
1536 243 1647 270 terram,
1656 243 1681 265 et
1694 237 1782 272 possi-

994 287 1069 315 deres
1082 288 1250 315 haereditate:
1270 286 1410 319 desertas;
1425 290 1472 313 aut
1485 285 1638 313 secundum
1660 284 1784 321 Symma-

995 334 1076 361 chum
1093 354 1101 366 ,
1120 333 1153 360 Ut
1165 333 1310 360 suscitares
1325 337 1467 364 terram,et
1478 332 1606 360 dividere:
1616 332 1784 359 hereditates

995 385 1094 407 uastas.
1120 380 1221 413 Quales
1241 385 1321 408 erant
1340 380 1406 415 ipsa:
1426 379 1569 406 alheorum
1591 379 1700 413 animae,
1729 379 1786 406 Deo

995 426 1107 461 privatae
1124 426 1240 458 scilicet,
1256 430 1282 453 et
1294 431 1405 453 vastata:
1418 433 1523 454 revera.
1538 425 1622 453 Eram
1635 430 1662 454 et
1688 433 1786 461 pecca—

996 475 1086 499 torum
1096 472 1206 499 vinculis
1216 473 1381 500 constricta.
1390 471 1476 499 Erant
1492 480 1590 500 rursus
1603 476 1632 500 et
1644 473 1785 504 tenebrat;

996 525 1070 544 nunc
1086 523 1175 544 autem
1195 518 1241 545 lux
1259 518 1285 544 in
1304 517 1428 545 Domino.
1445 517 1538 545 Talem
1558 519 1641 552 igitur
1659 526 1715 545 esse
1732 523 1786 545 ter-

997 572 1068 595 ram,
1094 571 1157 590 cuin
1179 563 1259 590 malis
1282 563 1358 598 prius
1383 563 1545 597 agitaretur,
1561 564 1662 590 voluit:
1691 563 1716 590 id
1733 568 1786 592 est.

997 616 1094 636 omnes
1110 609 1137 635 in
1154 612 1224 635 terra
1239 608 1370 644 degentes
1399 609 1557 636 imminente
1575 613 1736 643 tempestate
1752 609 1787 636 li-

999 654 1115 685 beravit,
1131 654 1239 689 sibique
1254 654 1322 690 ipsis
1337 654 1364 681 in
1379 654 1594 688 peculium,cum
1611 654 1676 681 olim
1696 653 1786 683 Israe-

998 700 1051 727 lem
1071 705 1175 728 tantum
1187 700 1311 732 haberet,
1325 700 1426 727 eﬁecit.
1440 699 1660 735 Eistleinde,qui
1673 700 1787 727 uinculis

997 751 1022 774 et
1038 747 1149 774 tenebris
1166 747 1273 774 liberati
1288 750 1363 778 sunt,
1383 746 1472 774 fausta
1484 747 1647 778 annuntiat;
1666 753 1729 774 cum
1741 755 1788 774 eos

999 794 1026 820 in
1040 793 1161 819 omnibus
1177 793 1226 820 uiis
1244 792 1325 828 559
1338 798 1461 826 pasturos
1476 801 1533 820 esse
1548 793 1695 827 signiﬁcat.
1717 792 1789 820 Sunt

1001 843 1091 866 autem
1104 839 1153 866 via:
1164 843 1190 866 et
1204 839 1315 870 semitm,
1331 846 1399 874 quas
1414 838 1452 873 pii
1467 841 1560 873 patres
1569 838 1634 866 olim
1646 841 1787 873 pertrans-

154 896 213 920 σιν,
230 887 264 922 ἣν
281 887 328 913 καὶ
341 885 486 921 νεμόμενοί
503 893 586 920 φασι·
609 884 711 920 Κύριος
735 885 874 920 ποιμαίνει
899 893 944 919 με,

1000 885 1099 917 ierunt,
1124 885 1190 919 ipsa).
1205 891 1292 912 sacrm
1307 883 1457 919 Scriptura:
1478 892 1486 911 :
1505 883 1531 911 id
1546 888 1599 917 est,
1627 883 1685 919 ipsa
1699 883 1789 910 virtu-

153 934 203 960 καὶ
225 933 302 959 οὐδέν
325 941 359 968 με
383 932 541 967 ὑστερήσει,
557 931 603 958 καὶ
624 931 658 957 τὰ
683 931 790 962 τούτοις
811 930 943 965 ἑπόμενα.

154 978 217 1010 Πῶς
238 977 285 1005 οὖν
311 977 385 1014 [οὐκ]
409 977 593 1013 ὑπομένουσιν
614 976 654 1004 ἔτι
679 976 769 1012 ψυχῆς
784 976 901 1009 πεῖναν,
925 975 944 1010 ἢ

153 1025 259 1059 δίψαν,
269 1024 302 1055 ἃς
311 1022 384 1059 εἶχον
399 1024 482 1050 πάλαι
492 1023 531 1058 μὴ
545 1023 632 1058 νόμῳ,
645 1022 683 1058 μὴ
697 1024 853 1058 προφήταις
867 1022 945 1049 παιδ-

156 1071 359 1105 αγωγούμενοι;
375 1068 546 1096 Μεταὸαλὼν
563 1069 592 1095 δέ
615 1077 656 1100 τις
682 1069 754 1095 κατὰ
776 1068 904 1103 Χριστὸν,
917 1069 946 1095 ὲν

155 1116 285 1151 εὐτροψίᾳ
302 1116 408 1150 γίνεται
428 1116 523 1150 νοητῇ,
545 1115 670 1148 λέγοντος
689 1114 817 1141 Ἡσαΐου·
836 1123 846 1139 ι
860 1114 946 1146 Αὐτὸς

155 1163 261 1197 οἰκήσει
276 1163 304 1188 ὲν
319 1161 413 1197 ὑψηλῷ
428 1161 552 1195 σπηλαίῳ
564 1160 667 1195 πέτρας
696 1160 820 1195 ἰσχυρᾶς,
848 1160 947 1195 ’Λρτος

156 1208 231 1244 αὐτῷ
243 1208 395 1243 δοθήσεται,
404 1207 489 1234 καὶτὸ
502 1206 574 1241 ὕδωρ
584 1205 664 1233 αὑτοῦ
677 1206 773 1232 πιστόν
784 1215 805 1232 ,ι
815 1205 887 1233 Ἀλλ’
899 1206 946 1232 οὒ-

156 1254 185 1280 δὲ
209 1255 223 1280 6
246 1253 366 1288 φλογμὸς
383 1253 430 1279 τοῦ
447 1253 505 1287 βίου
527 1252 653 1284 πατάξει
671 1252 782 1284 αὐτοὺς,
798 1252 947 1287 λεγόμενος

156 1300 279 1326 καύσων
291 1299 339 1326 καὶ
354 1298 451 1333 ἣλιος.
469 1298 568 1332 Γέγονε
584 1298 639 1334 γὰρ
657 1299 749 1330 αὐτοῖς
764 1299 920 1334 σκεπαστὴς
933 1299 947 1325 6

157 1347 274 1381 Χριστὸς
295 1347 309 1372 6
324 1346 368 1371 καὶ
383 1345 467 1371 πάλαι
483 1345 582 1380 νεφέλῃ
604 1345 745 1376 σκεπάσας
762 1345 807 1371 τὸν
827 1345 946 1380 Ἰσραήλ.

157 1391 305 1427 Σύμφωνον
318 1391 405 1425 τούτῳ
413 1391 442 1416 τὸ
455 1390 503 1417 τοῦ
518 1390 681 1417 Ἀποστόλου
697 1390 778 1426 ῥητόν
788 1398 795 1405 '
810 1399 820 1415 ι
830 1390 946 1422 Δυνατὸς

157 1438 185 1464 δὲ
203 1439 217 1464 ὁ
234 1437 308 1468 Θεὸς,
326 1436 355 1468 ὃς
375 1436 426 1462 οὐκ
450 1436 527 1462 ὲάσει
550 1436 623 1471 ὑμᾶς
642 1435 824 1472 πειρασθῆναι
847 1436 917 1471 ὑπὲρ
934 1435 949 1462 ὃ

157 1483 282 1510 δύνασῦε,
298 1492 307 1508 ο
326 1483 380 1509 Καὶ
394 1482 463 1517 αὕτη
478 1481 531 1510 τοῦ
546 1482 707 1515 ἐλεοῦντος
721 1482 795 1518 ἡμᾶς
815 1482 835 1516 ἠ
851 1481 948 1516 παρά-

159 1531 279 1563 mtuam.

1000 935 1056 958 tum
1067 930 1157 958 studia
1169 930 1297 966 gentibus
1307 930 1372 957 olim
1386 930 1568 964 inaccessa,in
1577 930 1678 965 quibus
1692 937 1789 957 omnes

999 976 1109 1004 educati
1123 975 1198 1003 verbi
1210 976 1274 1003 cibo
1288 975 1488 1011 perfruuntur;
1503 983 1559 1011 quo
1569 975 1615 1011 qui
1625 980 1789 1008 vescuntur,

1000 1030 1015 1049 a
1032 1021 1147 1049 Domino
1161 1029 1191 1050 se
1211 1022 1297 1057 pasci.
1319 1029 1369 1050 nec
1385 1022 1438 1050 sibi
1452 1022 1602 1058 quidquam
1617 1021 1787 1055 defuturum,

1000 1072 1154 1103 cteteraque
1169 1075 1231 1103 qua:
1250 1072 1416 1103 sequuntur,
1434 1068 1607 1103 proﬁtentur.
1625 1068 1677 1102 Qui
1704 1068 1789 1103 igitur

999 1121 1060 1141 eam
1072 1114 1169 1142 animae
1179 1114 1305 1147 esuriem,
1320 1119 1366 1141 aut
1379 1115 1463 1147 sitim,
1475 1114 1564 1142 adhuc
1573 1122 1627 1142 non
1638 1115 1788 1149 patiantur.

1000 1168 1053 1196 qua
1064 1161 1081 1188 ii
1089 1161 1227 1195 quondam
1237 1161 1322 1196 qui'se
1330 1168 1380 1188 nec
1392 1161 1442 1196 legi
1451 1168 1500 1189 nec
1509 1161 1650 1196 prophetis
1659 1161 1790 1196 permise-

1000 1207 1290 1242 runt,torquebantur?
1298 1207 1333 1234 At
1343 1207 1469 1242 quisquis
1481 1207 1515 1234 ad
1527 1206 1666 1234 Christum
1678 1206 1788 1236 transit.

1002 1253 1089 1279 multo
1105 1257 1191 1284 certe,
1207 1260 1296 1288 eoque
1310 1252 1485 1288 intelligibili,
1500 1253 1563 1280 cibo
1574 1252 1703 1284 abundat,
1719 1252 1789 1280 Isaia

1001 1301 1081 1329 teste,
1107 1306 1171 1325 cum
1196 1299 1251 1326 ait:
1282 1308 1291 1325 ι
1309 1298 1370 1333 ipse
1394 1299 1528 1326 habitabit
1545 1298 1572 1326 in
1593 1299 1700 1326 excelsa
1724 1306 1787 1334 spe-

1002 1344 1082 1371 lunca
1098 1344 1217 1379 praeduri
1235 1344 1346 1380 lapidis.
1363 1343 1446 1372 Panis
1463 1344 1514 1384 ipsi
1541 1344 1661 1375 dabitur,
1674 1349 1701 1372 et
1716 1352 1788 1379 aqua

1001 1390 1061 1425 ejus
1084 1390 1174 1419 ﬁdelis
1195 1390 1232 1419 -".
1254 1400 1264 1417 ι
1293 1391 1349 1419 lmo
1371 1399 1406 1419 ne
1427 1392 1489 1419 vitae
1511 1391 1619 1426 quidem
1638 1390 1789 1422 inccndio,

1001 1437 1074 1472 quod
1085 1442 1164 1465 tectus
1175 1441 1200 1464 et
1212 1438 1277 1465 solis
1287 1437 1398 1464 nomine
1405 1436 1584 1472 signiﬁcatur,
1596 1438 1788 1469 percutientur;

1001 1483 1048 1518 qui
1063 1483 1215 1517 Christum,
1231 1491 1288 1519 quo
1304 1484 1403 1511 nebula
1417 1484 1498 1511 etiam
1514 1484 1579 1511 olim
1594 1488 1735 1518 protectus
1748 1487 1788 1510 est

1002 1527 1097 1560 Israel.
1115 1529 1288 1557 defensorem
1304 1529 1434 1557 habeant.
1453 1528 1522 1556 lluic
1537 1534 1627 1557 autem
1651 1529 1790 1556 consentit

158 1581 186 1603 et
207 1575 329 1609 Apostoli
351 1575 439 1605 locus.
454 1574 500 1602 ubi
514 1574 566 1601 ait:
595 1583 605 1599 ι
621 1573 721 1601 Potens
735 1577 779 1600 est
801 1573 885 1606 Deus,
898 1574 948 1609 qui
971 1583 1026 1602 non
1042 1577 1115 1604 sinet
1126 1584 1174 1604 vos
1204 1576 1303 1604 tentari
1326 1584 1409 1612 supra
1432 1576 1461 1604 Id
1499 1576 1572 1611 quod
1596 1577 1710 1612 potestis
1725 1576 1758 1603 “.
1777 1584 1787 1602 ι

160 1623 193 1650 ΕΙ.
209 1623 267 1649 haec
284 1622 342 1656 ipsa
356 1625 398 1648 est
415 1621 501 1648 nostri
518 1620 708 1647 miserescentis
719 1620 876 1647 consolatio.

196 1669 251 1697 Καὶ
273 1668 322 1695 διὰ
349 1667 463 1702 πηγῶν,
479 1668 571 1703 φησὶν,
597 1667 716 1695 ὑδάτων
736 1667 803 1699 ἄξει
827 1668 948 1700 αὐτούς.

1038 1668 1169 1703 Sequitur
1182 1667 1281 1696 deinde
1293 1671 1319 1695 et
1330 1674 1377 1700 per
1391 1666 1477 1701 fontes
1494 1675 1625 1702 aquarum
1643 1667 1721 1694 ducet
1732 1676 1788 1695 eos.

161 1717 260 1743 Πολλαὶ
273 1716 302 1742 δὲ
313 1715 405 1748 πηγαὶ
418 1714 527 1750 Ἰσραὴλ
536 1735 544 1746 ,
562 1715 610 1741 καὶ
638 1714 730 1749 πηγαὶ
759 1715 906 1750 σωτηρίου.
921 1715 950 1742 αἱ

161 1763 211 1798 μὲν
222 1763 270 1796 τῆς
288 1761 406 1792 Παλαιᾶς
420 1760 566 1795 Διαϐήκης,
582 1760 610 1785 at
627 1760 655 1786 δὲ
675 1760 725 1795 τῆς
738 1760 852 1795 Καινῆς.
866 1761 951 1787 Οὐδὲν

160 1810 189 1835 δὲ
217 1809 348 1835 δύσῦλτον
376 1808 467 1839 αὐτοῖς
497 1807 568 1843 τὴνθ
605 1808 738 1842 σωτήριον
763 1808 951 1844 ὁδοιποροῦσιν

160 1855 245 1882 ὀδόν.
262 1855 335 1888 Ἴκφη
360 1855 413 1889 γὰρ
425 1855 439 1879 6
455 1854 599 1888 προφήτης
619 1854 667 1880 καὶ
697 1854 832 1890 πρότερον
843 1863 850 1870 ·
873 1864 882 1880 ι
895 1855 952 1882 Καὶ

161 1902 234 1927 πᾶσα
249 1900 356 1936 φάραγξ
372 1899 590 1935 πληρωθήσεται,
600 1909 609 1926 ›
624 1900 715 1926 καὶτὰ
726 1901 772 1926 ἐπὶ
783 1901 882 1935 τούτῳ.
896 1901 952 1928 Καὶ

164 1946 243 1972 πάλιν
279 1954 289 1970 ι
309 1945 382 1976 Ὁδὸς
406 1944 514 1971 ἀσεϐῶν
539 1944 636 1971 εὐθεῖα
665 1945 786 1979 ἐγένετο.
806 1955 815 1972 ι
847 1947 951 1980 Ἥγουν

160 1990 338 2026 ὁμαλίζεοϐαι
351 1989 384 2016 τὰ
399 1989 494 2016 σκολιὰ
510 1991 557 2016 καὶ
572 1989 706 2025 ἀνώμαλα
719 1999 786 2025 φησι
800 1990 855 2018 τῶν
865 1991 950 2026 ἠθῶν.

163 2036 229 2063 Εἶτα
243 2037 305 2068 τοὺς
322 2035 508 2070 κεκλημένους
519 2036 688 2070 πανταχόθεν
702 2036 788 2069 ἧξειν
802 2036 852 2071 τῆς
862 2037 952 2063 οἰκου-

163 2082 249 2117 μένης
262 2081 339 2115 φησὶ,
368 2080 422 2106 τῶν
439 2080 581 2115 τεσσάρων
594 2080 735 2114 κλιμάτων
755 2079 896 2114 μνησθείς.
915 2079 951 2106 Τὸ

163 2127 217 2160 γὰρ
233 2126 394 2159 adoptat/er,
405 2124 436 2150 τὺ
449 2125 552 2151 νότειον
582 2124 658 2158 δηλοί
673 2125 728 2150 τῶν
756 2124 952 2161 μεσημϐρινῶν

163 2172 253 2199 τόπων
269 2173 334 2205 ἡμῖν
343 2171 547 2205 ἀκατάληπτον.
562 2171 594 2197 Ἢ
602 2171 630 2197 δὲ
650 2170 792 2197 θάλασσα
805 2170 854 2205 τὴν
869 2172 951 2198 ἑσπέ-

165 2224 214 2253 ραν
242 2218 326 2253 δηλοῖ,
351 2217 518 2251 δυτικωτέρα
544 2217 592 2252 τῆς
621 2217 749 2248 Ἰουδαίας
780 2217 950 2254 ὑπάρχουσα.

166 2265 269 2298 Ὥσπερ
277 2263 324 2290 οὖν
337 2263 387 2298 τὴν
400 2263 532 2298 ἀνατολὴν
548 2262 568 2296 ἡ
587 2262 713 2296 Περσῶν
737 2263 887 2297 παρίστησι

169 2307 249 2341 Δηλοῖ
266 2307 294 2332 δὲ
309 2307 390 2341 τάχα,
406 2306 484 2341 φασὶ,
501 2308 564 2338 τοὺς
587 2307 832 2343 προσκυνήσαντας
844 2309 959 2343 Μάγους

1003 1715 1074 1742 Sunt
1095 1720 1161 1741 vero
1179 1713 1300 1746 lsraelis,
1323 1717 1406 1748 atque
1421 1713 1490 1740 adeo
1517 1713 1614 1741 salutis
1629 1713 1714 1748 [outer
1727 1721 1790 1748 per-

1001 1761 1097 1789 multi:
1111 1761 1157 1788 alii
1172 1759 1284 1796 quidem
1304 1759 1424 1792 Veteris,
1444 1759 1489 1786 alii
1508 1764 1600 1787 autem
1616 1759 1789 1787 Recentioris

1002 1807 1181 1835 Testamenti.
1190 1806 1243 1833 Sed
1251 1806 1318 1833 nihil
1328 1805 1362 1833 iis
1371 1809 1475 1841 poterat
1484 1805 1789 1841 prmberedilﬁcultatis,

1001 1853 1049 1889 qui
1066 1854 1135 1880 viam
1154 1852 1253 1880 salutis
1274 1852 1472 1879 ambulassem.
1499 1851 1609 1878 Dixerat
1633 1852 1706 1878 enim
1726 1859 1789 1886 pro-

1002 1900 1083 1935 pheta
1112 1899 1194 1928 etiam
1224 1903 1305 1926 antea
1330 1906 1338 1926 :
1363 1907 1373 1924 ‹
1390 1898 1422 1925 Ει
1447 1898 1538 1925 omnis
1553 1897 1635 1925 vallis
1662 1897 1790 1932 implebi-

1003 1952 1047 1974 tur
1062 1946 1095 1978 ιδ,
1112 1955 1123 1972 ι
1142 1947 1249 1981 aliaque
1275 1952 1336 1980 qua
1350 1948 1514 1979 sequuntur.
1540 1943 1662 1979 itemque
1683 1952 1690 1971 :
1713 1952 1723 1969 ι
1738 1942 1789 1970 Via

1003 1991 1148 2024 impiorum
1173 1996 1248 2018 recta
1265 1990 1338 2018 iacta
1362 1993 1404 2018 est.
1419 1989 1452 2017 “.
1473 1998 1482 2015 ι
1511 1989 1657 2021 Nimirum,
1683 1993 1713 2015 ut
1729 1996 1790 2024 quae

1002 2037 1112 2073 obliqua
1128 2041 1155 2064 et
1175 2036 1317 2064 salebrosa
1345 2035 1456 2063 fuerant
1469 2036 1497 2061 in
1517 2034 1652 2066 moribus,
1673 2039 1748 2062 recta
1764 2039 1791 2061 et.

1003 2083 1083 2118 plana
1126 2082 1186 2110 fore
1229 2082 1410 2117 signiﬁcaret.
1452 2080 1570 2108 Vocates
1611 2080 1711 2108 deinde
1756 2080 1791 2108 ab

1002 2128 1077 2155 omni
1111 2132 1192 2155 terra:
1225 2127 1382 2155 habitabilis
1408 2130 1494 2161 parte,
1534 2125 1614 2160 cujus
1646 2126 1790 2160 plagarum

1002 2178 1121 2209 quatuor
1142 2173 1275 2206 meminit,
1301 2178 1424 2200 venturos
1443 2180 1500 2199 esse
1515 2171 1696 2198 demonstrat.
1711 2169 1791 2202 Quod

1002 2220 1076 2247 enim
1103 2221 1135 2246 de
1153 2222 1229 2254 longe
1253 2219 1331 2250 dixit,
1360 2218 1495 2246 australes
1515 2217 1638 2244 tucridiei
1664 2217 1791 2251 regiones

1003 2265 1085 2292 nobis
1100 2265 1255 2300 incognitas
1265 2263 1448 2299 signiﬁcavit:
1464 2268 1493 2290 ut
1507 2270 1555 2298 per
1566 2271 1638 2289 mare
1649 2262 1790 2294 occiduas;

1003 2311 1075 2346 quod
1097 2310 1190 2338 Judaaa
1209 2311 1294 2346 magis
1305 2310 1339 2337 ad
1353 2317 1483 2338 occasum
1499 2310 1603 2345 vergit:
1623 2318 1670 2344 per
1694 2314 1792 2336 terram

170 2352 253 2385 αὐτῷ.
269 2352 354 2378 Τοῦτο
369 2352 423 2387 γὰρ
439 2352 548 2386 δηλοῦν,
565 2354 612 2379 καὶ
621 2353 662 2385 τὸ,
684 2363 693 2378 ι
712 2353 859 2389 Δοθήσεται
882 2354 948 2390 αὐτῇ

1004 2361 1094 2383 autem
1106 2356 1251 2383 Persarum
1266 2355 1407 2384 Orientem
1436 2357 1538 2391 ipsum.
1553 2356 1682 2383 Forsitan
1710 2356 1791 2383 etiam

169 2399 201 2424 ὲκ
215 2399 261 2424 τοῦ
277 2400 390 2433 χρυσίου
413 2398 462 2433 τῆς
491 2398 632 2434 Ἀραϐίας.
655 2408 664 2425 ι
681 2398 738 2426 Νῦν
756 2400 810 2435 γὰρ
829 2400 959 2436 Ἀραϐίαν

167 2445 216 2479 τὴν
231 2444 354 2477 Περσῶν
365 2444 457 2480 χώραν
471 2444 663 2479 σημαίνεσθαι.
684 2443 752 2471 Εἶτα
768 2445 837 2481 πρὸς
860 2446 959 2482 ἑορτὴν

167 2490 217 2524 τὴν
233 2490 322 2516 κτίσιν
335 2490 382 2516 ἐπὶ
395 2491 451 2521 τοῖς
465 2489 648 2524 σεσωσμένοις
672 2490 751 2517 καλεῖ
761 2500 767 2506 -
788 2491 822 2517 δι’
839 2491 957 2527 οὐρανοῦ

169 2536 228 2572 μὲν,
249 2536 298 2567 τὰς
320 2536 379 2562 ἐκεῖ
397 2536 537 2571 δυνάμεις,
561 2535 588 2562 αἳ
613 2537 660 2563 καὶ
688 2537 730 2571 ἐφ’
745 2537 788 2565 ἐνὶ
813 2537 958 2573 χαίρουσιν

168 2582 323 2618 ἁμαρτωλῷ
347 2583 532 2617 μετανοοῦντι.
557 2583 608 2610 Διὰ
627 2582 683 2618 τῆς
698 2583 736 2615 δὲ,
753 2584 816 2615 τοὺς
847 2585 959 2621 ὅσοιπερ

168 2630 197 2655 ὲν
211 2629 279 2663 αὐτῇ
296 2629 343 2656 καὶ
358 2628 541 2660 προσεδόκων,
559 2629 669 2662 καὶτῆς
684 2629 845 2663 θεοφανείας
859 2631 959 2663 ἠξίων-

166 2678 221 2696 ται.
235 2669 313 2695 υῦτω
325 2669 371 2695 καὶ
387 2670 497 2704 Συμεὼν
511 2672 747 2707 εὐφραινόμενος
759 2673 863 2708 ἔλεγεν·
879 2674 951 2702 «Νῦν

203 2724 307 2751 “Ps-al.
326 2733 416 2757 exvit,
438 2726 482 2753 2L
536 2727 558 2743 ἰ’
572 2728 729 2759 lsa.xxxtn.
753 2730 795 2758 16.

168 2759 190 2774 ⁸⁵
217 2759 288 2787 l’sal.
316 2767 390 2794 Lxxt,
421 2761 465 2788 15.
503 2762 524 2778 δ’
545 2762 614 2791 Luc.
641 2772 685 2796 xv,
715 2765 742 2792 9.

848 2731 870 2748 ⁸³
885 2732 894 2759 Ι
912 2732 977 2760 Cor.
996 2742 1022 2768 x,
1044 2736 1088 2764 15.

1003 2405 1032 2428 et
1041 2402 1147 2436 Magos,
1162 2401 1249 2434 aiunt,
1265 2408 1280 2427 a
1293 2403 1394 2436 quihns
1411 2406 1454 2429 est
1476 2402 1534 2436 ipse
1550 2402 1692 2428 adoratus.
1714 2401 1790 2428 Istud

1004 2448 1078 2475 enim
1101 2448 1143 2475 vel
1167 2448 1277 2475 Davidis
1303 2448 1386 2475 verba
1409 2457 1418 2475 :
1440 2457 1451 2473 ι
1469 2447 1583 2474 Dabitur
1605 2447 1630 2474 ei
1660 2447 1694 2474 de
1724 2453 1793 2472 auro

1003 2493 1111 2521 Arabiae
1125 2493 1158 2526 ⁸³,
1178 2503 1187 2519 ι
1209 2493 1418 2527 conﬁrmarint;
1435 2501 1497 2520 cum
1509 2500 1556 2528 per
1567 2491 1695 2519 Arabiam
1712 2491 1794 2518 hodie

1006 2538 1150 2566 Persarum
1172 2540 1312 2575 regionem
1347 2539 1498 2575 signiﬁcari
1523 2538 1619 2565 velint.
1644 2536 1794 2564 Creaturas

1006 2593 1106 2613 rursus
1130 2586 1163 2613 ad
1189 2586 1262 2613 diem
1295 2585 1406 2617 festum,
1429 2589 1540 2620 propter
1568 2584 1649 2619 560
1673 2584 1794 2610 salvatus

1006 2630 1118 2658 invitat:
1140 2630 1217 2659 Cwlo
1229 2631 1350 2667 quidem,
1366 2631 1497 2665 degentes
1513 2630 1539 2656 in
1559 2638 1592 2657 eo
1608 2631 1723 2656 virtutes
1739 2637 1794 2655 uno

1005 2677 1185 2713 resipiscente
1210 2684 1355 2714 peccatore
1377 2677 1463 2705 laetari
1492 2677 1588 2704 solitas
1609 2677 1733 2703 indicans
1750 2675 1793 2705 υ,

1141 2736 1164 2752 ⁸⁸
1179 2736 1231 2764 lsa.
1248 2745 1293 2770 XL,
1324 2737 1352 2764 4.
1402 2736 1425 2752 ⁸⁸
1442 2735 1495 2763 lsa.
1511 2742 1593 2768 xxxv,
1609 2733 1625 2761 8
1638 2742 1693 2761 sec.
1710 2731 1790 2759 LXX.

809 2814 850 2841 VA
857 2815 925 2843 “le
944 2815 1144 2844 LEC'I‘lONi‘ZS.

202 2859 214 2873 '
251 2862 296 2887 γρ.
310 2851 355 2889 ἧνι

347 2901 482 2931 ΡΑτιιοι..
500 2902 556 2931 Gn.
580 2902 709 2931 LXXXV
718 2902 758 2933 li.
