1999 3076
199 128 274 163 ’9475

875 133 1054 164 PROCOPII
1074 134 1196 165 ῦΑΖίΕΙ

1770 140 1841 173 2176

203 187 288 214 Terra
315 190 417 218 autent,
433 185 561 213 eumdem
593 186 631 214 ibi
649 191 841 222 exspectantes
857 207 865 219 .
892 187 979 223 Deiqu

1047 189 1179 222 ἀπολύεις
1203 191 1250 218 τὸν
1276 191 1368 219 δοῦλόν
1400 201 1459 225 σου,
1478 195 1611 228 Δέσποτα,
1624 204 1635 222 s
1653 195 1701 222 καὶ
1714 196 1749 223 τὰ
1765 197 1839 232 ἑξῆς.

203 233 322 260 adventu
354 240 408 259 nou
424 231 564 266 indignos.
583 230 630 260 Sic
653 239 680 260 et
708 232 822 260 Simeon
839 234 885 262 ille
900 234 997 261 laetitia

197 279 330 314 gestiens:
352 287 361 304 (
379 277 457 305 Nunc
487 278 614 310 dimittis,
630 277 753 312 Domine,
769 279 870 313 aiebat,
886 287 996 307 servum

199 331 277 354 tuum
295 325 321 352 in
336 331 404 359 pace
418 323 459 356 “;
477 333 486 350 ι
511 328 538 351 et
553 332 614 359 qua:
627 324 772 360 deinceps.
788 326 823 352 At
849 326 994 360 propheta,

199 373 287 405 aiunt,
297 374 462 406 praegustata
477 369 578 398 futurae
592 371 717 398 omnium
733 371 833 399 salutis
843 372 995 407 voluptate,

199 422 300 446 cuncta
316 425 422 449 secum,
436 417 493 444 sive
509 423 612 450 mente,
629 418 688 445 sive
699 426 782 446 sensu
795 419 992 454 percipiantur,

198 465 233 492 ad
250 465 374 492 lwtitiam
391 463 564 491 adhortatur.
583 463 610 490 Si
625 464 699 491 enim
715 464 815 491 damna
831 469 925 492 nostra
952 466 994 492 lu-

198 519 262 544 gere
285 518 328 538 res
353 514 460 537 creatas
488 513 613 541 constat;
645 515 688 537 est
715 514 743 537 et
774 510 864 538 salute
897 515 993 538 nostra

197 559 287 586 lwtari
311 561 539 585 consentaneum.
571 556 704 592 lntelligit
735 562 827 584 autem
862 558 993 584 montium

197 605 282 632 verbo
308 603 350 631 vel
377 606 486 630 evectas
503 610 614 630 sursum
642 604 759 630 virtutes
775 603 890 631 rationis
907 604 994 639 parti-

197 652 291 686 cipes;
307 650 349 677 vel
367 650 441 685 ipsos
458 648 668 684 Evangeliorum
688 657 844 684 pracones;
862 650 909 685 qui
929 659 992 678 eum

196 697 338 725 Christum
354 695 565 727 auuuntiarunt,
576 701 732 731 terramque
748 696 884 731 spirituali
899 697 992 724 laititia

196 745 414 780 compleverunt.
433 743 493 776 Quo
510 747 613 776 autem,
628 744 778 778 Erumpunt
799 749 899 772 montes
926 745 993 772 ιωιες

197 791 263 817 (iant
276 791 356 823 dixit,
372 789 566 817 Exlrilareutur
590 796 690 816 utentes
718 790 745 816 in
769 790 889 818 omnibus
913 790 992 826 Sym-

197 837 332 870 machus;
350 836 466 871 Aquilas
485 841 588 868 autern,
604 835 745 868 Resonute,
759 841 870 869 montes,
884 836 990 864 tandem

196 882 410 911 transtuli-runt.
433 882 513 910 Dicas
538 885 566 908 et
585 887 685 909 montes
701 883 877 917 peculiariter
903 884 990 918 magis
1006 873 1027 901 Β

196 929 304 955 animas
324 936 383 960 eas,
403 936 465 964 qua:
481 935 571 955 rerum
584 929 716 964 praeclare
731 933 881 963 gestarum,
899 929 987 956 virtu-

196 975 288 1010 tisque
310 975 396 1010 gloria
412 995 419 1007 ,
443 975 507 1001 dum
524 974 552 1001 in
575 974 656 1002 terris
673 979 828 1008 versantur,
856 975 884 1003 in
900 976 988 1003 altum

194 1022 347 1055 eriguntur.
366 1020 489 1048 (Inutiles
503 1025 606 1054 autem,
623 1028 671 1048 eos
686 1021 772 1057 ipsos,
793 1022 841 1058 qui
859 1024 988 1058 superius

194 1067 332 1102 designati
353 1067 395 1094 vel
411 1066 631 1094 misericordiam
648 1068 793 1095 consecuti
818 1073 896 1101 sunt;
918 1077 988 1104 quos

194 1113 228 1140 de
237 1117 357 1148 quatuor
373 1112 466 1140 tnundi
483 1112 643 1140 cardinibus
658 1113 778 1149 Spiritus
795 1115 884 1142 sancti
901 1117 987 1150 parti-

194 1160 271 1195 cipes
286 1159 397 1187 ell‘ectos
411 1159 546 1186 diabolica
559 1159 691 1187 servitute
703 1160 831 1187 Christus
847 1161 985 1195 liberavit;

1047 236 1243 272 Προεστιαθεὶς
1260 238 1300 272 δὲ,
1316 239 1399 274 φασὶν
1412 260 1420 272 ,
1438 241 1453 267 ὁ
1471 242 1614 277 προφήτης
1642 244 1676 278 τῇ
1703 243 1840 280 μελλούσῃ

1047 283 1156 309 πάντων
1171 285 1305 321 σωτηρίᾳ,
1320 287 1598 321 συνευφραίνεσθαι
1612 289 1687 324 αὐτῷ
1698 289 1781 323 νοητά
1794 291 1840 316 καὶ

1046 329 1164 365 αἰσθητὰ
1179 330 1270 358 πάντα
1282 332 1479 367 προτρέπεται.
1491 334 1523 360 Εἰ
1535 335 1588 369 γὰρ
1600 334 1705 361 στένειν
1717 336 1733 370 ὴ
1751 335 1840 367 κτίσις

1046 375 1093 402 ἐπὶ
1108 376 1164 407 τοῖς
1190 377 1336 414 ἡμετέροις
1359 378 1469 411 λέγεται
1494 381 1601 412 κακοῖς,
1618 381 1765 408 ἀκόλουθον
1793 381 1840 407 ἐπὶ

1046 421 1212 457 σωζομένοις
1238 424 1462 458 εὐφραίνεσθαι.
1481 425 1554 460 Ὀρη
1575 426 1604 453 δὲ
1630 426 1704 461 λέγει
1726 427 1840 461 λογικὰς

1044 468 1174 504 δυνάμεις
1195 467 1318 505 ὴῖμένας
1344 470 1425 506 ὑψοῦ,
1454 471 1470 506 ἢ
1493 471 1548 498 τῶν
1571 473 1748 507 Εύαγγελίων
1776 474 1839 505 τοὺς

1044 515 1181 551 κήρυκας.
1195 517 1314 552 Χριστὸν
1327 517 1381 553 γὰρ
1396 517 1574 551 ἀγγέλλοντες
1585 520 1684 554 νοητῆς
1699 520 1836 555 εὐφροσύ-

1044 570 1093 596 νης
1110 562 1246 597 ἐπλήρουν
1262 562 1312 598 τὴν
1328 564 1392 598 γῆν.
1410 563 1485 590 ’Λντὶ
1500 564 1527 591 δὲ
1542 564 1589 591 τοῦ
1600 565 1786 599 ρηξιίτωσαν
1801 567 1838 593 τὰ

1044 607 1097 641 ὅρη
1123 608 1337 643 εὐφροσύνην·
1366 610 1380 636 ὁ
1403 609 1562 646 Σύμμαχος⁸
1590 610 1837 645 Ἰλιιρευθήσεται

1044 653 1097 688 ὄρη
1108 653 1158 679 ἐπὶ
1169 654 1274 682 πᾶσιν.
1284 655 1313 682 ’0
1319 655 1348 682 δὲ
1358 655 1476 689 Ἀκύλας
1485 665 1493 672 '
1501 657 1701 691 κελαδήσατε,
1716 658 1783 692 ὅρη,
1793 658 1838 685 αἵ-

1042 708 1130 727 νεσιγ
1147 698 1249 733 ἔλεξαν.
1266 702 1362 733 Ιιῐποις
1374 703 1396 728 δ’
1408 703 1440 730 ἂν
1455 703 1488 730 τὰ
1500 703 1554 738 ὅρη
1561 703 1657 738 δηλοῦν
1670 705 1837 740 οἰκειότερον

1041 747 1131 782 ψυχὰς
1144 747 1191 773 ἐπὶ
1204 747 1257 782 γῆς
1273 748 1323 783 μὲν
1338 748 1377 774 ἔτι
1390 748 1511 784 βιούσας,
1529 749 1631 785 σφόδρα
1647 750 1675 777 δὲ
1690 751 1757 786 πρὸς
1771 751 1837 786 idco;

1041 791 1162 827 ὴρμένας
1179 791 1223 818 διὰ
1234 793 1284 827 τῆς
1311 792 1365 819 τῶν
1379 793 1484 829 ἀρετῶν
1507 793 1714 829 κατορθώσεως.
1732 796 1837 821 Ταπεὶ-

1041 838 1115 872 νοὺς
1127 838 1154 865 δὲ
1164 839 1331 874 ὴλεημένους
1358 841 1425 875 φησὶ
1444 841 1508 872 τοὺς
1530 840 1787 876 προδεδηλωμένους
1804 841 1837 868 ὲκ

1041 883 1096 911 τῶν
1120 885 1262 919 τεσσάρων
1284 884 1444 920 κλημάτων,
1473 884 1520 917 οὒς
1533 887 1565 912 ὲκ
1577 885 1629 920 τῆς
1650 886 1807 920 διαϐολικῆς
1821 887 1836 913 ὸ

1040 930 1158 964 Χριστὸς
1170 930 1328 966 τυραννίδος
1344 930 1489 966 ἐρρύσατο,
1503 930 1576 958 Θείου
1593 931 1752 967 Πνεύματος
1768 940 1835 966 μετ-

1040 977 1120 1012 όχους
1133 977 1376 1012 ἀπεργασάμενος.
1385 977 1536 1010 Ταπεινοίις
1549 977 1610 1014 δὲ,ἣ
1620 978 1834 1010 ὡςτεταπεινω-

1041 1024 1139 1058 μένους
1150 1024 1333 1060 ἁμαρτήμασι
1345 1024 1489 1059 πρότερον,
1504 1025 1551 1050 καὶ
1566 1025 1716 1056 νεύσαντας
1727 1025 1767 1056 εις
1782 1025 1835 1060 γῆν

1038 1071 1078 1104 τῷ
1094 1071 1258 1106 φρονήματι.
1274 1070 1310 1096 Ἦ
1326 1070 1365 1102 ὡς
1387 1070 1582 1105 ὑποκύψαντας
1596 1071 1635 1106 τῷ
1650 1071 1762 1107 Χριστῷ
1787 1072 1834 1098 τὸν

1041 1117 1154 1152 αὐχένα,
1167 1117 1221 1144 τῶν
1251 1116 1459 1151 ἀνθισταμένων
1481 1116 1557 1152 αὐτῷ
1581 1117 1722 1152 ύψούντων
1748 1117 1834 1153 κέρας

1041 1163 1088 1190 καὶ
1100 1162 1254 1189 λαλούντων
1269 1162 1377 1189 ἀδικίαν
1389 1163 1449 1188 κατ’
1463 1161 1556 1190 αὐτοῦ.

193 1206 236 1233 vel
271 1213 318 1233 eos
340 1205 434 1238 etiam,
450 1206 507 1240 qui,
525 1205 646 1240 peccatis
673 1205 809 1240 depressi,
824 1211 904 1234 terrae
949 1208 1156 1241 incubueruut;
1187 1209 1229 1236 vel
1272 1216 1320 1235 eos
1350 1208 1480 1243 denique,
1517 1208 1565 1243 qui
1591 1208 1694 1236 Christi
1722 1209 1830 1244 jugutn,

194 1253 283 1281 cidem
313 1252 524 1280 adversantibus
550 1253 612 1279 aliis
636 1260 779 1288 cornuqtte
806 1254 1004 1290 exaltantibus,
1025 1261 1053 1284 et
1076 1255 1240 1290 injustitiam
1255 1255 1458 1282 adversuseum
1474 1255 1661 1290 loquentibus,
1675 1255 1829 1282 subierunt.

229 1299 308 1335 561
330 1298 413 1327 Vsus.
438 1299 533 1326 ιι-εθ.
553 1298 627 1326 Dixit
650 1303 740 1326 autem
768 1299 859 1328 Sion:
884 1301 987 1329 Dereli-

193 1345 249 1380 quit
265 1353 306 1372 me
319 1344 460 1377 Dominus,
473 1348 498 1372 et
514 1344 644 1372 Dominus
656 1344 756 1372 oblitus
771 1351 809 1373 est
826 1346 888 1374 mei.
904 1346 985 1373 Run-

193 1392 256 1427 quid
272 1391 444 1419 obliviscetur
466 1392 562 1418 mulier
577 1391 629 1426 ﬁlii
647 1392 701 1425 sui,
717 1397 745 1419 ut
760 1401 811 1420 non
824 1393 986 1421 misereatur

194 1442 288 1472 partus
311 1438 380 1464 uteri
391 1437 456 1464 sui?
482 1436 530 1464 Sin
547 1442 636 1464 autem
652 1437 780 1465 ethorum
800 1438 883 1466 oblita
903 1440 984 1474 fuerit

193 1483 299 1516 mulier,
318 1491 364 1518 ego
376 1488 462 1509 tanien
478 1482 516 1508 tui
531 1490 583 1508 non
598 1482 751 1514 obliviscar,
761 1482 830 1510 dixit
841 1483 982 1511 Dominus.

194 1529 262 1556 Ecce
286 1536 365 1563 super
381 1536 476 1555 manus
492 1536 564 1555 uaeas
580 1527 687 1563 dopiuxi
701 1536 790 1555 muros
805 1533 876 1564 tuos,
891 1536 945 1558 etc.

228 1618 308 1654 562
325 1617 415 1653 Supra
431 1618 487 1652 jam
501 1617 605 1645 dictum
632 1621 685 1651 est,
714 1617 822 1645 Sionem
833 1623 861 1646 et
873 1617 984 1646 Jerusa~

192 1666 244 1692 lcm
268 1665 367 1692 decere
392 1672 442 1692 nos
456 1663 546 1691 tribus
570 1664 659 1692 modis
685 1664 850 1701 intelligere,
875 1665 932 1698 Vel,
954 1672 984 1692 ut.

192 1719 275 1739 sensu
297 1709 504 1745 percipiuntur;
525 1709 578 1742 vel,
602 1713 633 1736 ut
656 1710 731 1744 pium
751 1717 859 1743 eorum,
880 1711 929 1746 qui
954 1711 981 1738 in

192 1761 266 1784 terra
282 1760 356 1789 sunt,
373 1756 436 1783 vita:
451 1755 607 1782 institutum
624 1755 782 1790 signiﬁcant
798 1765 805 1790 ;
822 1756 875 1789 vel,
889 1760 917 1783 ut
930 1764 981 1784 an-

192 1803 307 1837 gelicam
325 1802 352 1829 in
369 1802 449 1829 cmlis
469 1801 587 1837 degendi
610 1802 757 1835 rationem,
782 1802 817 1830 de
834 1810 887 1837 qua
903 1803 981 1830 Pauli

191 1849 237 1874 illa
249 1852 315 1875 sunt
332 1857 338 1875 :
354 1857 363 1873 ι
385 1846 422 1874 Ea
438 1852 541 1880 autem,
560 1854 621 1882 quae
638 1855 749 1875 sursum
762 1853 805 1876 est
815 1847 981 1882 Jerusalem,

190 1894 275 1921 libera
290 1898 333 1921 est.
347 1893 392 1920 ιν.
409 1893 477 1921 »Ειε
490 1903 500 1919 ‹
515 1893 577 1921 Νοη
592 1893 664 1921 enim
678 1895 837 1922 accessistis
853 1895 886 1922 ad
903 1903 982 1922 mon-

191 1944 243 1968 tem
266 1939 332 1967 Siou
355 1939 377 1956 ⁸³
395 1948 403 1974 ;
423 1949 432 1966 ι
452 1943 480 1967 et
497 1947 559 1975 qua:
584 1939 726 1975 deinceps.
752 1939 832 1967 Nunc
847 1939 930 1975 igitur
946 1940 981 1968 de

190 1987 235 2022 pio
254 1986 301 2014 illo
316 1985 437 2014 civitatis
456 1986 590 2022 regimine
601 1986 732 2021 loquitur,
750 1986 825 2022 quod
840 1986 980 2021 quondam

189 2033 260 2068 apud
273 2032 384 2060 Iuda-os
398 2033 554 2060 institutum
570 2032 597 2060 in
613 2033 735 2068 gentium
746 2032 898 2061 Ecclesiam
913 2041 981 2061 cou-

190 2086 298 2106 versum
314 2081 366 2105 est.
377 2076 415 2105 De
431 2077 530 2104 insulis
544 2077 618 2105 enim
633 2082 660 2105 et
671 2078 800 2112 gentibus
817 2085 911 2106 sermo
921 2077 980 2105 fue-

191 2129 249 2158 rat;
266 2125 368 2159 quibus
382 2127 587 2159 consequenter
603 2123 715 2158 adjicit,
731 2132 762 2151 ne
779 2132 816 2157 se,
831 2129 980 2159 quantum-

189 2170 231 2198 vis
248 2170 357 2197 sublato
373 2170 418 2204 pio
431 2170 478 2197 illo
493 2169 565 2204 apud
578 2169 688 2197 Iudaeos
702 2170 824 2197 civitatis
833 2171 977 2204 regimine,

1076 1303 1180 1334 ιδ’-κς’.
1200 1300 1274 1328 Eine
1289 1301 1323 1328 δὲ
1339 1301 1432 1328 Σιών·
1452 1300 1646 1336 Ἐγκατέλιπέ
1659 1309 1697 1336 με
1710 1301 1830 1335 Κύριος,

1038 1349 1086 1375 καὶ
1099 1350 1116 1375 ὁ
1129 1349 1237 1381 Κύριος
1247 1346 1492 1381 ἀπελάθετόμου.
1502 1346 1549 1379 Μὴ
1559 1346 1737 1380 ἐπιλήσεται
1750 1346 1829 1380 γυνὴ

1037 1394 1090 1420 τοῦ
1104 1393 1225 1420 παιδίου
1254 1392 1360 1426 αὐτῆς,
1372 1392 1392 1427 ἣ
1411 1393 1463 1419 τοῦ
1471 1396 1515 1427 μὴ
1532 1391 1657 1426 ἐλεῆσαι
1673 1393 1708 1419 τὰ
1718 1392 1830 1427 ἔκγονα

1036 1439 1093 1473 τῆς
1112 1440 1229 1472 κοιλίας
1253 1438 1368 1472 aonie;
1379 1439 1412 1465 El
1425 1438 1460 1465 δὲ
1474 1438 1523 1465 καὶ
1537 1439 1631 1466 ταῦτα
1655 1438 1830 1465 ἐπιλάθοιτο

1035 1486 1125 1520 γυνὴ,
1141 1487 1208 1513 ἀλλ’
1223 1485 1280 1520 ἐγὼ
1290 1487 1346 1512 οὐκ
1361 1485 1546 1520 ἐπιλήσομαί
1557 1493 1627 1518 σου,
1637 1484 1702 1512 εἶπε
1710 1487 1828 1521 Κύριος.

996 1543 1018 1573 c
1042 1531 1120 1560 Ἰδοὺ
1136 1531 1185 1559 ἐπὶ
1200 1532 1259 1558 τῶν
1284 1530 1393 1566 χειρῶν
1415 1540 1476 1566 μου
1495 1531 1692 1566 ἐζωγρὰφησά
1716 1540 1775 1558 σου
1792 1532 1830 1558 τὰ

1034 1578 1130 1612 τείχη,
1148 1587 1176 1605 κ.
1195 1587 1220 1605 τ.
1234 1578 1260 1605 λ.

1072 1624 1143 1659 Ἤδη
1155 1624 1329 1660 προείρηται,
1341 1625 1379 1656 ὡς
1389 1623 1460 1651 κατὰ
1472 1624 1591 1658 τρόπους
1601 1625 1676 1659 τρεῖς
1692 1624 1828 1660 προσήκει

1034 1671 1103 1696 νοεῖν
1116 1671 1165 1706 τὴν
1180 1669 1258 1697 Σιὼν
1271 1670 1319 1697 καὶ
1348 1670 1397 1705 τὴν
1419 1670 1598 1706 Ἰερουσαλήμ
1610 1678 1617 1686 ·
1633 1670 1650 1706 ἢ
1666 1670 1804 1706 αἰσθητῶς
1818 1679 1826 1686 ’

1033 1717 1049 1752 ἢ
1066 1717 1176 1744 κατὰτὸ
1190 1717 1315 1748 θεοσεϐὲς
1327 1717 1381 1744 τῶν
1405 1717 1452 1744 ἐπὶ
1479 1717 1533 1752 γῆς
1553 1717 1637 1744 ὄντων
1657 1717 1826 1753 πολίτευμα·

1033 1763 1049 1798 ἢ
1061 1763 1132 1790 κατὰ
1155 1763 1204 1799 τὴν
1219 1764 1247 1789 ὲν
1260 1764 1386 1798 οὐρανοῖς
1419 1763 1570 1798 ἀγγελικὴν
1584 1763 1722 1790 πολιτείαν
1732 1785 1741 1798 ,
1762 1765 1827 1799 περὶ

1031 1809 1065 1847 ἧς
1081 1811 1163 1846 φησὶν
1176 1812 1190 1838 ὁ
1203 1811 1307 1843 Παῦλος
1321 1818 1327 1825 ·
1354 1820 1363 1837 ι
1375 1811 1406 1837 Ἡ
1422 1811 1450 1838 δὲ
1474 1811 1530 1838 ἄνω
1547 1811 1728 1847 Ἰερουσαλὴμ.
1748 1812 1826 1838 ὲλευ-

1033 1858 1099 1892 θέρα
1114 1858 1198 1885 ἐστί.»
1214 1858 1278 1889 Καὶ,
1292 1857 1344 1884 (ού
1357 1859 1412 1893 γὰρ
1426 1857 1646 1894 προσεληλύθατε
1657 1859 1726 1885 Σιὼν
1737 1859 1823 1895 ὄρει.)

1032 1904 1080 1930 καὶ
1090 1903 1124 1930 τὰ
1152 1903 1227 1939 ἑξῆς.
1253 1903 1309 1930 Νῦν
1332 1902 1493 1938 οὗνὸλόγος
1522 1905 1587 1940 περὶ
1613 1904 1660 1931 τοῦ
1684 1905 1826 1940 θεοφιλοῦς

1033 1950 1240 1984 πολιτεύματος,
1252 1949 1266 1976 ὃ
1278 1950 1361 1976 πάλαι.
1373 1951 1423 1984 μὲν
1437 1950 1502 1985 παρ’
1519 1950 1656 1982 Ἰουδαίοις
1669 1951 1824 1981 συνίστατο.

1031 1995 1194 2030 καθαιρεοὲν
1204 1995 1233 2022 δὲ
1244 1995 1446 2031 μεταϐέϐληται
1455 1996 1495 2027 εις
1506 1996 1555 2030 τὴν
1566 1995 1595 2028 ἐξ
1607 1996 1691 2022 ἐθνῶν
1705 1995 1824 2031 Ἐκκλη-

1032 2042 1103 2068 σίαν.
1122 2041 1188 2076 Περὶ
1205 2041 1296 2076 νήσων
1313 2040 1368 2076 γὰρ
1386 2041 1434 2068 καὶ
1447 2041 1501 2067 τῶν
1516 2040 1603 2067 ὲονῶν
1618 2041 1763 2076 διελέγετο,
1781 2040 1824 2074 οἷς

1031 2087 1185 2119 ἀκολούθως
1215 2087 1313 2122 φησίν·
1343 2087 1367 2113 εἰ
1393 2087 1440 2113 καὶ
1461 2087 1616 2123 καθήρηται
1642 2088 1672 2114 τὺ
1699 2088 1824 2120 θεοσεϐὲς

1031 2133 1095 2167 παρ’
1108 2132 1248 2164 Ἰουδαίοις
1263 2132 1424 2167 πολίτευμα,
1439 2133 1481 2168 μὴ
1493 2132 1606 2167 λεγέτω,
1626 2134 1823 2168 Ἐτκατέλιπε

1030 2179 1147 2212 Κύριος.
1158 2179 1211 2205 Καὶ
1221 2179 1258 2214 τῷ
1267 2179 1323 2212 τῆς
1339 2180 1452 2214 μητρὸς
1462 2180 1665 2215 παραδείγματι
1672 2181 1702 2206 τὸ
1710 2180 1823 2215 τῆς-λή-

194 2227 201 2241 ‹
221 2216 334 2243 Domino
342 2215 489 2249 derelinqui
498 2219 706 2250 conquerantur
715 2237 723 2250 ,
733 2215 877 2251 matrisque
888 2224 979 2244 exerti-

1037 2227 1086 2258 Ίης
1099 2224 1230 2251 ἀδύνατον
1243 2225 1337 2257 ἔδειξε.
1351 2225 1418 2252 Θεοῦ
1434 2225 1489 2261 γὰρ
1499 2225 1576 2257 ὄντες
1585 2223 1641 2252 οἷον
1651 2227 1820 2261 γεννήματα,

189 2263 234 2298 pio
249 2271 343 2290 eorum
362 2270 392 2290 se
409 2270 548 2297 nunquam
560 2262 680 2289 oblivisci
693 2270 775 2296 posse
796 2261 979 2290 demonstrat.

190 2308 237 2337 Dei
258 2309 330 2336 enim
350 2308 434 2336 veluti
451 2309 574 2344 germina
598 2308 724 2343 quzedam
744 2315 807 2335 cum
822 2316 928 2341 sunms,
955 2308 978 2336 si

189 2363 266 2384 suam
292 2355 352 2391 ipse
373 2363 388 2382 a
412 2355 492 2382 nobis
509 2355 709 2390 providentiam
732 2358 842 2382 revocet
855 2375 863 2387 ,
883 2359 910 2382 et
930 2361 980 2382 nos

189 2401 304 2429 interire
324 2408 469 2429 necessum
482 2404 533 2427 est.
548 2399 633 2426 Suam
656 2399 756 2427 deinde
770 2404 889 2427 mentem
901 2407 980 2435 aper-

189 2449 244 2475 tius
259 2447 441 2483 exprimens:
459 2445 536 2478 Ecce,
558 2446 665 2480 adjicit.
689 2453 767 2480 super
789 2454 885 2473 manus
908 2455 978 2474 ntoas

187 2495 296 2530 depinai
312 2502 402 2521 muros
416 2497 496 2526 tuos;
513 2492 560 2520 ubi
578 2500 628 2528 pro
643 2491 761 2526 depinxi,
775 2492 880 2526 ﬁrmavi
899 2491 978 2528 Sym-

188 2541 325 2573 machus;
346 2540 462 2575 Aquilas
480 2547 556 2573 vero,
572 2543 596 2566 te
613 2538 640 2565 in
655 2538 752 2573 palmis
787 2543 910 2565 accurate
933 2538 978 2566 de-

187 2586 462 2622 scripsiﬂheodotio
481 2585 599 2620 denique
613 2584 761 2619 e/Turmavi,
783 2584 972 2611 reddiderunt.

187 2633 292 2661 Revera
304 2633 376 2660 enirn
393 2640 520 2659 manuum
536 2631 582 2658 Dei
601 2632 722 2662 nomine,
733 2631 806 2657 vires
821 2630 883 2665 ejus
897 2631 976 2659 intel-

187 2679 327 2712 liguntur;
344 2686 461 2713 quarum
477 2684 560 2712 opera
576 2681 649 2703 tanta
667 2679 709 2703 est
722 2680 862 2703 exstructa
875 2676 973 2704 civitas

186 2724 310 2759 ejusque,
326 2731 386 2758 quae
405 2722 556 2750 secundum
576 2721 662 2748 Deum
684 2725 737 2754 est,
764 2720 852 2748 forma
874 2726 976 2749 morta-

187 2771 252 2797 llum
273 2769 372 2796 animis
394 2769 528 2804 impressa
543 2772 570 2796 et
591 2767 739 2803 insculpta.
757 2767 834 2801 Quod
851 2772 926 2796 certe
939 2768 976 2796 ci-

221 2859 243 2876 “
259 2860 326 2887 Luc.
342 2868 372 2895 tt,
385 2859 430 2886 9.1).
469 2858 502 2874 ‘5‘
517 2858 606 2886 Galat.
622 2866 659 2892 tv,
671 2859 717 2887 “20.
742 2858 764 2874 δ’
776 2857 860 2887 llebr.
871 2858 971 2892 xtt,l8.

1029 2271 1053 2297 εἰ
1068 2269 1204 2297 παύσαιτο
1218 2270 1269 2305 τῆς
1282 2271 1347 2306 περὶ
1362 2271 1441 2307 ἡμῶν
1453 2270 1597 2306 προνοίας,
1615 2272 1662 2298 καὶ
1688 2271 1735 2298 τοῦ
1751 2270 1822 2298 εἶναι

1029 2316 1201 2351 παυσόμεθα.
1215 2316 1271 2343 Καὶ
1283 2316 1332 2352 τὴν
1347 2316 1451 2343 ἔννοιαν
1479 2317 1694 2353 ὲπεξεργάζεται
1713 2318 1800 2352 λέγων
1813 2325 1820 2332 ·

1035 2361 1108 2388 Ἰδοὺ
1122 2361 1173 2388 ἐπὶ
1194 2361 1254 2388 τῶν
1272 2361 1380 2397 χειρῶν
1400 2371 1460 2397 μου
1484 2362 1680 2398 ἐζωτρὰφησά
1711 2372 1770 2391 σου
1785 2364 1822 2390 τὰ

1030 2407 1125 2442 τείχη.
1134 2407 1163 2434 Ὁ
1173 2407 1201 2434 δὲ
1216 2407 1365 2443 Σύμμαχος
1374 2409 1435 2434 ἀντὶ
1449 2409 1496 2435 τοῦ
1510 2408 1717 2443 ἐζωπράφησα,
1728 2409 1821 2443 ἐστή-

1024 2453 1096 2488 ριξά
1111 2460 1149 2480 σε
1164 2453 1246 2488 φησιν
1258 2463 1265 2469 ·
1280 2455 1294 2481 ὁ
1316 2454 1346 2481 δὲ
1359 2454 1493 2487 ’Λκύλας-
1513 2455 1587 2482 Ἰδοὺ
1601 2455 1652 2482 ἐπὶ
1678 2456 1738 2484 τῶν
1750 2465 1821 2491 ταρ-

1027 2500 1092 2527 σῶν
1105 2501 1257 2534 ἠκρίϐωσά
1270 2510 1316 2529 σε.
1340 2501 1369 2528 ’0
1377 2502 1404 2528 δὲ
1419 2502 1576 2530 Θεοδοτίωψ
1592 2503 1759 2538 Διεχάραξά
1772 2513 1819 2531 σε.

1027 2547 1129 2582 Χεῖρες
1143 2547 1198 2583 γὰρ
1207 2547 1244 2579 ὡς
1257 2547 1376 2583 ἀληθῶς,
1390 2548 1462 2574 τοῦτ’
1488 2548 1562 2575 ἔστιν
1579 2549 1716 2585 ἐνέργειαι
1739 2551 1818 2582 Θεοῦ.

1027 2593 1076 2629 τὴν
1100 2593 1228 2629 τοιαύτην
1255 2594 1430 2629 οἰκοδομοῦσι
1460 2595 1547 2626 πόλιν,
1565 2598 1629 2628 τοὺς
1655 2596 1756 2629 τύπους
1771 2599 1821 2633 τῖς

1030 2640 1102 2679 mult
1115 2640 1181 2666 Θεὸν
1193 2639 1328 2671 πολιτείας
1340 2640 1556 2675 ὲγχαράττουσαι
1572 2643 1632 2674 ταῖς
1647 2643 1702 2669 τῶν
1717 2644 1822 2679 ἀνθρώ-

1029 2695 1088 2713 πων
1112 2686 1221 2721 ψυχαῖς.
1238 2685 1310 2720 Ὂδὴ
1323 2686 1370 2712 καὶ
1394 2687 1474 2718 αὐτὸς
1489 2689 1503 2714 ὸ
1522 2689 1571 2723 τῆς
1594 2689 1692 2716 ἑαυτοῦ
1717 2691 1821 2724 πόλεως

1029 2734 1169 2769 οἰκοδόμος
1180 2734 1194 2760 ὁ
1206 2733 1252 2760 τοῦ
1267 2732 1335 2759 Θεοῦ
1343 2733 1430 2767 Λόγος
1444 2734 1547 2767 ἐδίδαξε
1555 2735 1642 2770 λέγων
1654 2745 1660 2752 ·
1676 2746 1685 2763 ‹
1697 2738 1759 2764 Ἐπὶ
1771 2739 1821 2772 τὴν

1030 2781 1134 2816 πέτραν
1150 2779 1321 2815 οἰκοδομήσω
1340 2787 1390 2814 μου
1400 2779 1450 2815 τὴν
1466 2780 1659 2818 Ἐκκλησίαν.»
1682 2784 1713 2811 ’Π
1726 2785 1754 2812 δὲ
1770 2785 1821 2812 πέ-
