1999 3076
156 183 227 215 2477

696 185 966 217 COMMENTARII
983 185 1026 216 IN
1046 185 1192 216 ISAIAM.

1718 184 1790 216 2i78

157 250 210 277 τρα
223 239 257 277 ἦν
271 241 352 269 πάλιν
367 241 458 274 αὐτὸς.
471 243 512 277 ἐφ’
526 243 560 279 ῆν
576 243 601 269 οῐ
615 243 719 278 πρῶτοι
732 242 854 278 θεμέλιοι
881 250 949 269 κατ-

1012 242 1096 270 vitatis
1112 250 1170 270 sua:
1183 245 1362 269 constructor
1378 241 1423 270 Dei
1444 241 1531 269 Filius
1546 242 1657 269 edocuit
1673 250 1735 270 Cllttl
1751 252 1796 270 su-

157 287 323 322 εδλήοησαν,
348 289 412 323 περὶ
424 285 461 315 ὧν
487 289 614 324 εἴρηται⁸
646 298 656 315 ι
674 288 954 324 Ἑποικοδομηθέντες

157 333 204 359 ἐπὶ
214 333 254 369 τῷ
270 333 387 369 θεμελίῳ
399 334 454 360 τῶν
469 334 627 361 ἀποστόλων
639 335 687 362 καὶ
701 334 863 370 προφητῶν.
877 333 955 364 ὄντος

157 380 357 414 ἀκρογωνιαίου
372 380 493 415 Χριστοῦ
512 381 613 415 Ἰησοῦ.
628 390 637 406 ι
657 381 717 407 Ὅτι
732 381 761 407 δὲ
776 381 805 407 αἱ
821 379 868 406 τοῦ
885 379 954 406 Θεοῦ

158 427 293 463 ἐνέργειαι
307 427 405 461 χεῖρες
431 427 558 464 εἴρηνται
574 430 607 464 τῇ
620 429 728 464 Γραφῇ,
754 428 831 462 δηλοῖ
846 428 887 458 τὺ.
904 426 955 454 (At

158 473 249 508 χεῖρές
268 481 315 500 σου
330 473 462 508 ἐποίησάν
479 483 524 509 με,
541 474 588 501 καὶ
613 474 736 501 ἐπλασάν
755 483 799 510 με.
817 483 827 499 )
847 483 857 500 I
872 473 955 500 ῖὊτι

158 518 242 545 αὐτοῦ
258 520 359 554 ὲστινὴ
374 519 508 551 θάλασσα,
531 521 578 547 καὶ
593 521 643 556 τὴν
655 521 742 556 ξηρὰν
754 521 783 547 αἱ
798 522 891 556 χεῖρες
906 520 956 546 αὐ-

158 563 206 591 τοῦ
232 564 365 592 ἔπλασαν.
380 575 390 591 ›
405 566 461 592 Καὶ
486 566 585 593 πάλιν·
601 577 610 592 ‹
624 568 679 594 Καὶ
698 567 767 602 ἔργα
786 566 841 593 τῶν
855 565 956 602 χειρῶν

160 610 207 636 σού
222 611 293 636 εἰσιν
308 611 332 637 οι
346 611 469 646 οὐρανοί.
483 621 492 637 ι
508 611 587 643 Τινὲς
597 612 625 638 δὲ
639 611 683 638 διὰ
698 611 803 647 τὴνὲπὶ
815 611 862 638 τοῦ
876 620 956 638 crau-

160 656 208 692 ροῦ
222 656 365 692 διάτρησιν
375 657 430 683 τῶν
439 657 539 692 χειρῶν
553 658 689 692 λέγουσιν.
707 657 792 692 ’Υπὲρ
809 657 888 692 ἡμῶν
902 657 957 692 γὰρ

160 700 266 731 παθὼν.
284 701 342 733 πῶς
352 701 386 728 ἂν
397 702 476 737 ἡμῶν
488 703 660 736 ὲπιλάθοιτο;
681 703 718 730 Τὸ
729 703 784 738 γὰρ
799 703 859 729 ὅλον
871 703 958 734 πάθος

158 749 193 773 ὲκ
209 747 308 784 μέρους
322 747 488 781 ἐδήλωσεν.
501 749 595 781 Εἶποις
605 750 627 776 δ’
644 750 677 776 ἂν
692 750 739 777 καὶ
758 749 858 781 ἄλλως.
873 750 958 775 Φασὶν

158 794 198 826 ὡς
213 795 241 820 ὲν
254 795 316 826 ταῖς
339 794 385 821 τοῦ
400 795 524 830 Πατέρος
544 796 652 829 χερσὶν
667 796 770 828 πάντες
790 795 861 822 εἰσὶν
875 796 901 822 οἱ
913 803 959 822 πι-

161 840 334 873 στεύσαντες.
355 841 453 874 Ἔλεγε
480 841 535 876 γὰρ
552 843 566 868 ὁ
579 842 697 877 Χριστὸς
723 842 789 878 περὶ
813 841 869 868 τῶν
887 841 959 868 ἰδίων

160 887 316 922 προϐάτων,
328 887 367 918 ὡς
378 896 388 912 ε
399 887 495 919 Οὐδεὶς
511 888 633 923 ἁρπάσει
646 888 716 915 αὐτὰ
731 890 763 915 ὲκ
777 887 836 914 τῶν
852 887 960 922 χειρῶν

160 932 207 959 τοῦ
225 932 346 969 Πατέρος
363 941 413 967 μου
425 953 432 964 ,
448 943 457 959 ι
477 933 527 969 τὴν
542 934 647 961 ὲκείοεν
662 934 768 970 σκέπην
777 933 875 969 δηλῶν.

1007 296 1055 323 per
1068 293 1173 323 petram
1193 295 1272 315 suam
1295 295 1324 315 se
1338 287 1537 315 aediﬁcaturum
1554 287 1705 316 Ecclesiam
1722 290 1794 316 allii-

1006 335 1091 361 mavit
1105 334 1152 361 ⁵⁹·.
1168 333 1235 360 Erat
1245 341 1354 361 rursum
1364 338 1392 361 et
1408 333 1488 369 563
1499 334 1557 369 ipse
1567 338 1656 369 petra,
1670 335 1698 362 in
1712 343 1795 371 quam

1006 381 1094 416 prima
1109 380 1156 407 illa
1176 380 1250 415 jacta
1265 384 1329 408 sunt
1345 379 1534 413 fundamenta,
1554 381 1589 408 de
1609 381 1711 415 quibus
1726 382 1797 408 dici-

1007 430 1073 454 tur:
1093 435 1102 452 t
1121 425 1261 454 Edilicati
1282 434 1365 461 super
1384 425 1593 454 fundamentum
1609 427 1797 462 apostolorum

1007 477 1034 500 et
1048 473 1256 507 prophetarum,
1274 472 1333 506 ipso
1351 481 1461 500 summo
1477 473 1568 508 lapide
1584 466 1710 509 an‘gulari
1730 472 1795 500 Jesu

1007 517 1120 544 Christo
1145 518 1180 544 ”.
1204 526 1212 543 ι
1235 517 1316 550 Quod
1342 520 1433 545 autem
1458 526 1588 545 manuum
1618 519 1731 546 nomine
1751 519 1798 546 Dei

1006 563 1136 590 virtutem
1161 562 1298 598 signiticet
1313 562 1467 598 Scriptura,
1484 564 1527 590 vel
1544 563 1607 591 inde
1629 565 1799 595 constiterit,

1008 606 1081 641 quod
1097 616 1106 632 ι
1126 606 1223 634 Matius
1256 610 1312 634 tua:
1333 607 1459 635 fecerunt
1482 615 1526 635 Ine
1544 612 1572 635 et
1594 608 1801 643 piasmaverunt

1008 661 1062 684 me,
1083 662 1092 678 ι
1112 653 1152 679 ait
1178 653 1212 680 “.
1237 652 1270 680 Et
1292 660 1299 678 :
1319 663 1328 679 ι
1351 653 1486 687 Quoniam
1507 654 1595 689 ipsius
1609 659 1652 682 est
1664 662 1750 688 mare,
1773 658 1802 682 et

1009 699 1114 726 aridam
1131 698 1318 726 fundaverunt
1329 707 1427 726 manus
1439 700 1499 734 ejus
1515 702 1549 727 δ’.
1564 710 1574 726 ι
1591 701 1710 728 ltursum
1724 709 1731 727 :
1746 710 1755 726 ι
1768 700 1804 727 Et

1009 753 1091 779 opera
1113 753 1244 772 manuum
1261 746 1322 780 ejus
1338 749 1404 773 sunt
1416 746 1477 773 caeli
1494 746 1529 773 ".
1551 755 1560 772 ι
1582 745 1654 773 Sunt
1673 753 1740 773 vero
1755 747 1801 781 qui

1010 792 1105 820 isthaac
1117 792 1150 819 ad
1165 800 1295 819 manttutn
1313 791 1418 819 Christi
1432 792 1658 827 perforationem,
1674 801 1756 828 quant
1774 792 1803 819 in

1010 847 1093 866 cruce
1109 846 1208 874 passus
1223 843 1276 872 est,
1290 838 1386 866 referri
1399 839 1571 866 existiment.
1586 839 1637 872 Qui
1651 840 1725 867 enim
1753 846 1804 866 no-

1011 885 1072 918 stri,
1081 893 1196 920 quorttm
1210 885 1321 912 nomine
1333 890 1491 920 passusest,
1504 885 1696 913 obliviscatur?
1706 884 1802 912 Totam

975 925 996 952 Β
1012 932 1149 966 siquidem
1167 932 1324 966 passionem
1342 931 1377 958 ab
1394 939 1448 958 una
1462 931 1585 965 ejusdem
1606 936 1684 967 parte
1699 929 1805 966 signiti-

158 979 246 1009 cavit.
264 978 344 1005 Dicas
356 986 421 1006 vero
434 982 462 1006 et
476 980 566 1006 aliter.
581 980 664 1007 Aiunt
677 982 750 1008 enim
764 988 812 1009 eos
829 981 857 1007 in
870 979 956 1007 unitts
975 978 1068 1005 Patris
1083 977 1205 1004 manibus
1222 985 1284 1005 esse
1298 985 1395 1005 omnes
1407 977 1454 1012 qui
1466 978 1547 1005 iidem
1576 977 1697 1013 amplexi
1717 980 1801 1005 sunt:

160 1022 272 1057 quando
280 1022 313 1049 de
323 1023 381 1050 suis
393 1023 490 1051 ovibus
502 1024 616 1060 loquens
631 1025 770 1058 Christus,
783 1026 890 1053 nu|lum
910 1032 957 1052 eas
979 1024 1014 1051 de
1046 1023 1138 1051 Patris
1156 1024 1199 1051 sui
1221 1022 1345 1050 manibus
1362 1027 1522 1059 erepturum
1541 1043 1550 1058 ,
1581 1027 1613 1051 ut
1646 1027 1805 1060 protectore

161 1070 276 1097 minime
291 1077 387 1098 carere
397 1071 521 1105 doceret,
537 1072 683 1100 allirmavit
693 1073 727 1101 ".

199 1117 286 1150 Τείχη
304 1116 332 1143 δὲ
345 1117 395 1152 τῆς
405 1117 571 1154 Ἐκκλησίας
587 1120 611 1146 ol.
626 1119 674 1147 τοῦ
691 1120 810 1156 Χριστοῦ
835 1119 957 1156 μαθηταὶ

162 1162 210 1188 καὶ
233 1162 389 1194 ἀπόστολοι,
405 1160 442 1189 ὦν
458 1164 489 1190 οὐ
507 1164 641 1199 λαμϐάνει
654 1161 765 1200 λήθην.
785 1165 958 1202 Ἐγέγραπτο

162 1208 216 1244 γὰρ
230 1208 320 1234 αὐτῶν
341 1210 370 1235 ἐν
383 1210 509 1245 οὐρανοῖς
518 1211 552 1237 τὰ
569 1211 690 1246 ὀνόματα
704 1214 737 1248 τῇ
751 1212 835 1248 βίὸλῳ
849 1213 957 1244 ζώντων

163 1254 322 1289 ἐγκείμενοι.
341 1255 560 1291 Προηγουμὲνως
589 1257 638 1291 μὲν
659 1258 713 1293 γὰρ
728 1259 778 1292 τῆς
793 1258 959 1295 Ἐκκλησίας

163 1301 261 1335 τεῖχός
274 1302 348 1328 ἐστιν
361 1302 376 1328 ὁ
389 1302 518 1337 Χριστὸς,
537 1303 633 1338 ῶσπερ
648 1305 697 1330 καὶ
716 1304 774 1339 φῶς
783 1313 790 1320 ·
807 1305 836 1331 ἐν
849 1304 958 1340 μεθέξει

161 1347 191 1373 δὲ
206 1348 289 1375 αὐτοῦ
304 1348 447 1382 γεγονότες
461 1350 485 1375 ot
505 1350 626 1385 μαθηταὶ
640 1350 744 1377 τούτων
768 1352 899 1386 ἑκάτερον
915 1352 961 1378 λέ-

162 1401 266 1428 γονται.
280 1394 357 1426 Τινὲς
366 1395 394 1421 δὲ
406 1395 440 1421 τὰ
448 1396 572 1430 παρόντα
584 1396 733 1431 νοήσαντες
742 1397 879 1432 αἰσθητῶς
891 1417 898 1430 ,
918 1398 963 1429 Ὠς

164 1439 296 1474 παρόντα,
314 1441 391 1475 φασὶ,
408 1440 484 1475 λέγει
499 1441 534 1468 τὰ
549 1441 693 1476 μέλλοντα.
712 1443 807 1470 Πάντα
820 1444 874 1479 γὰρ
886 1443 964 1478 αὐτῷ

163 1486 292 1520 πάρεστι,
323 1486 370 1513 καὶ
396 1488 600 1523 προδιαγράφει
625 1489 675 1524 τὴν
704 1489 870 1524 μέλλουσαν,
890 1489 960 1525 μετὰ

162 1532 212 1567 τὴν
223 1532 254 1558 ὲκ
271 1531 430 1564 Βαϐυλῶνος
446 1532 558 1566 ἅλωσιν,
575 1533 635 1561 τῶν
649 1533 760 1569 τειχῶν
773 1535 960 1570 οἰκοδόμησιν,

1048 1115 1118 1143 Sunt
1132 1121 1217 1150 porro
1232 1113 1364 1141 Ecclesia:
1378 1113 1460 1146 muri,
1477 1112 1607 1148 discipuli
1625 1118 1653 1141 et
1668 1114 1803 1149 apostoti,

1012 1170 1130 1198 quorum
1148 1161 1218 1196 ipse,
1237 1160 1309 1195 quod
1322 1160 1433 1187 nomina
1454 1160 1482 1187 in
1498 1161 1586 1192 caelis,
1602 1161 1628 1187 in
1652 1160 1803 1188 viventium

1013 1209 1085 1236 libro
1109 1207 1248 1242 descripta
1272 1206 1391 1234 habeant
1411 1206 1455 1240 ⁵⁵,
1478 1207 1597 1234 oblivisci
1623 1215 1677 1234 non
1702 1212 1804 1242 potest.

1011 1254 1152 1289 Pratcipue
1171 1258 1263 1281 autem
1288 1252 1417 1280 Ecclesiae
1446 1261 1551 1284 "turus.
1574 1253 1804 1288 quemadmodum

1011 1303 1038 1326 et
1053 1299 1156 1331 lumen,
1172 1298 1274 1324 dicitur
1289 1296 1437 1329 Christus;
1460 1297 1508 1324 sed
1530 1297 1674 1332 utriusque
1692 1297 1807 1332 partici-

1011 1345 1121 1380 patione
1133 1344 1180 1378 qui
1205 1343 1266 1378 ejus
1286 1342 1363 1370 fuere
1377 1342 1520 1377 discipuli.
1545 1341 1675 1369 Nonnulli
1698 1342 1751 1370 ista
1771 1342 1804 1370 ad

1012 1397 1145 1418 sonsuutn
1158 1389 1266 1424 objecta
1282 1388 1446 1421 referentes,
1463 1388 1569 1420 futura.
1585 1393 1713 1423 tanquam
1736 1397 1806 1424 prte-

1013 1435 1112 1467 sentia,
1125 1433 1309 1461 demonstrari
1324 1434 1508 1461 arbitrantur.
1520 1433 1619 1461 Omnia
1631 1435 1703 1461 enitn
1719 1433 1805 1462 Deum

1014 1481 1040 1508 in
1057 1484 1185 1515 promptu
1204 1480 1316 1511 habere.
1340 1480 1519 1516 futuramque
1544 1489 1681 1509 murorum
1696 1482 1806 1510 instau-

1014 1527 1149 1554 rationem
1162 1531 1224 1561 post
1236 1526 1412 1563 Babylonica:
1427 1528 1549 1556 civitatis
1562 1529 1805 1563 expugnationem,

169 1579 210 1608 εὶς
235 1578 269 1612 ἢν
290 1578 427 1613 ἀπήχοης,
446 1579 522 1614 φησὶ,
539 1579 750 1614 παιδευόμενος,
768 1579 799 1606 οὐ
818 1580 868 1614 τῆς
889 1579 958 1615 ἐμῆς

1016 1571 1043 1598 in
1057 1578 1150 1605 quam.
1163 1571 1355 1605 castigationis
1371 1578 1448 1606 ergo,
1466 1578 1566 1607 magna
1582 1572 1642 1606 ejus
1659 1573 1806 1607 providen-

1015 1617 1050 1630 ιι..
1074 1616 1207 1630 (lati-un...-
1227 1624 1255 1630 ΔΛ
1287 1616 1375 1630 ξηι-..ζι
1407 1617 1486 1630 In“..-
1511 1621 1575 1630 ιη...-
1593 1617 1750 1630 ,1..-Α..31.---
1790 1619 1802 1630 Δ

164 1624 291 1659 προνοίας
313 1624 514 1656 ὲκπεπτωκώς.
537 1624 690 1660 Τοιγαροῦν
711 1627 739 1653 οι
756 1626 959 1659 καθελοῦντες

164 1670 414 1705 οικοδομήσουσι,
439 1671 493 1698 τῶν
511 1671 566 1698 σῶν
589 1671 797 1707 ἐξανιστάμενοι
811 1672 902 1699 τόπων
913 1681 920 1687 ·
935 1673 960 1699 εί

163 1716 193 1742 δὲ
206 1716 253 1743 καὶ
270 1717 362 1743 πίστιν
376 1716 459 1752 ἔχεις,
477 1717 532 1752 ὅρα
543 1718 591 1745 καὶ
605 1719 669 1749 τοὺς
686 1718 725 1749 εἰς
741 1719 771 1744 σε
797 1718 957 1753 συναχθή-

164 1762 275 1788 σεσθαι
290 1762 449 1796 μέλλοντας.
468 1763 550 1798 Ὀψις
565 1763 632 1800 γὰρ,
645 1764 682 1796 ὡς
696 1765 795 1796 εἰπεῖν,
811 1765 828 1800 ὴ
844 1765 899 1791 τῶν
912 1773 959 1791 πι-

166 1807 237 1834 στῶν
249 1807 328 1841 ἀκοὴ,
343 1808 414 1835 καθὰ
429 1810 476 1836 καὶ
487 1810 504 1844 ἡ
519 1809 573 1836 τῶν
589 1810 750 1846 προφητῶν.
768 1811 822 1837 Καὶ
837 1811 960 1846 Μιχαίας

164 1853 220 1888 γάρ
234 1862 315 1889 φησιν
328 1861 335 1868 ·
350 1855 433 1881 (Ἰδοὺ
447 1855 544 1889 θεωρῶ
556 1855 601 1882 τὸν
628 1855 692 1882 λαὸν
714 1856 959 1892 διεσκορπισμένον

165 1899 194 1925 ὲν
204 1901 259 1932 τοῖς
284 1900 391 1935 όρεσιν,
415 1901 453 1932 ὡς
473 1901 600 1937 πρόϐατα
629 1903 747 1937 ποιμένα
770 1903 808 1938 μὴ
824 1903 931 1938 ἔχοντα.
947 1912 957 1929 ι

164 1945 250 1980 (νησὶν
261 1944 307 1972 οὖν
322 1946 359 1978 ὠς
373 1946 445 1979 ἕξεις
459 1948 522 1979 τοὺς
538 1948 695 1983 οἰκήτορας,
711 1948 749 1980 ὼς
760 1949 878 1983 κόσμον
898 1949 960 1976 τινὰ

164 1989 327 2023 νυμφικόν.
340 1990 398 2016 Οὺκ
429 1991 494 2026 ἄρα,
515 1992 592 2026 φασὶ,
605 1991 635 2018 τὸ
652 1993 829 2027 κοσμεῖσθαι
840 1994 961 2028 νύμφας

164 2033 318 2068 ἁπόόλητον
347 2035 416 2070 πρὸς
440 2037 549 2070 κίνησιν
565 2036 649 2064 πόθου
665 2038 826 2073 συνέχοντος
841 2039 891 2072 τὴν
905 2039 956 2074 τῆς

167 2080 298 2115 συζυγίας
312 2081 436 2117 ενότητα,
453 2082 487 2118 ῆν
498 2082 631 2110 ἀδύνατον
659 2083 772 2118 ἀγάπης
799 2085 961 2111 συνεστᾶναι

166 2135 260 2162 χωρις.

200 2173 282 2200 Ἀλλὰ
289 2173 339 2209 τὴν
352 2174 473 2210 ἱστορίαν
481 2175 607 2209 ἀφέντες,
617 2175 662 2202 ἐπὶ
672 2176 722 2211 τὴν
732 2176 846 2212 πρώτην
860 2177 960 2213 ἐξήγη-

166 2227 209 2246 σιν
234 2219 448 2255 ἀναδράμωμεν.
467 2221 544 2247 Ἐπεὶ
560 2221 614 2256 γὰρ
628 2222 656 2247 ὲν
674 2221 771 2258 βραχεῖ
795 2222 883 2258 χρόνῳ
895 2223 912 2258 ἡ
929 2222 959 2256 ἐξ

1015 1617 1052 1644 tia
1072 1616 1208 1644 deductus
1226 1624 1267 1648 es,
1287 1616 1388 1652 inquit.
1407 1617 1487 1652 longe
1511 1621 1576 1644 ante
1591 1617 1762 1646 describere.
1782 1619 1806 1646 Α

1010 1662 1108 1697 quibus
1126 1661 1219 1697 itaque
1231 1662 1369 1689 destructa
1382 1670 1420 1694 ea.
1435 1662 1536 1697 inquit,
1562 1662 1597 1690 ab
1612 1663 1711 1690 iisdem
1721 1663 1806 1691 etiam

1010 1708 1045 1735 de
1059 1707 1115 1735 tuis
1131 1707 1231 1735 ﬁnibus
1243 1708 1363 1743 egressis
1375 1708 1580 1735 instauraberia.
1592 1707 1671 1742 Quod
1686 1709 1709 1737 si
1725 1709 1805 1737 ﬁdem

1011 1754 1109 1787 habes,
1127 1754 1186 1781 vide
1204 1754 1287 1781 etiam
1309 1754 1372 1781 illos
1383 1754 1430 1789 qui
1449 1755 1482 1781 ad
1494 1759 1521 1782 te
1534 1755 1632 1782 coituri
1643 1759 1715 1783 sunt.
1728 1755 1806 1784 Visio

1011 1799 1098 1832 enim,
1116 1803 1146 1826 ut
1161 1800 1197 1826 ita
1210 1799 1313 1832 dicam.
1335 1800 1394 1835 ipsa
1411 1804 1453 1827 est
1472 1800 1593 1828 ﬁdelium
1606 1801 1713 1829 auditio
1733 1801 1807 1830 sicut

1011 1850 1039 1872 et
1056 1846 1263 1881 prophetarum.
1278 1845 1346 1873 Nam
1362 1852 1389 1873 et
1403 1845 1536 1874 ldichaeas
1554 1847 1592 1874 ait
1607 1856 1615 1875 :
1634 1857 1644 1874 ‹
1664 1847 1734 1876 Ecce
1755 1856 1806 1884 po-

1012 1892 1105 1926 pulum
1123 1892 1150 1919 in
1164 1892 1306 1920 montibus
1320 1892 1487 1927 dissipatum
1504 1893 1597 1926 video,
1612 1898 1743 1930 tanquam
1757 1895 1805 1930 qui

1013 1942 1129 1973 pastore
1143 1938 1306 1965 destituitur
1325 1938 1358 1965 ⁸⁸.
1376 1947 1385 1963 ι
1399 1937 1507 1966 lncolas
1526 1939 1657 1974 deinceps
1674 1943 1805 1974 tanquam

1012 1984 1130 2011 monilia
1143 1992 1281 2020 sponsam,
1295 1984 1453 2012 habituram
1470 1984 1685 2019 signiﬁcam‘mn
1701 1990 1743 2013 est
1756 1986 1807 2022 lgi-

1013 2035 1069 2062 tur,
1083 2030 1172 2062 aiunt,
1188 2037 1299 2064 sponsas
1312 2031 1406 2057 ornari
1419 2031 1453 2058 ad
1467 2031 1572 2058 amoris
1585 2031 1661 2058 illius
1669 2038 1806 2066 provoca.

1012 2075 1127 2107 tionem.
1148 2075 1194 2111 qui
1216 2075 1337 2111 conjugii
1353 2076 1484 2104 unitatem
1502 2081 1659 2110 conservat,
1672 2084 1734 2112 quze
1743 2077 1805 2106 sine

1012 2122 1161 2150 dilectione
1184 2126 1258 2150 stare
1281 2130 1336 2149 non
1362 2126 1460 2157 potest,
1475 2121 1558 2158 564
1580 2122 1803 2158 improbandmn.

1047 2167 1148 2194 Verum
1159 2188 1166 2199 ,
1176 2168 1278 2195 omissa
1288 2167 1415 2200 historia,
1427 2168 1459 2194 ad
1469 2168 1584 2203 primam
1593 2169 1804 2204 explicationem

1012 2218 1193 2241 revertamur.
1218 2212 1353 2245 Quoniam
1377 2212 1451 2239 enim
1474 2212 1549 2240 brevi
1575 2217 1708 2248 tempore.
1729 2220 1806 2249 post-

165 2265 251 2292 ἐθνῶν
286 2265 437 2302 Ἐκκλησία
458 2266 586 2302 συνέστη,
613 2268 788 2300 πεπτωκότος
822 2268 870 2303 τοῦ
893 2269 958 2304 παρ’

1012 2266 1094 2294 quam
1113 2259 1156 2294 pia
1172 2257 1328 2286 Iudaeorum
1356 2259 1479 2285 instituta
1491 2259 1632 2286 observari
1651 2260 1804 2293 desierunt,

172 2310 309 2342 Ἰουδαίοις
330 2310 472 2342 θεοσεϐοῦς
496 2311 719 2346 πολιτεύματος,
747 2313 861 2348 ἐπάγει·
879 2313 958 2348 Ταχὺ

165 2356 400 2391 οὶκοδομηθήσῃ,
416 2359 467 2392 ὑφ’
487 2356 529 2385 ὧν
550 2359 732 2392 καθῄρεθης.
754 2359 799 2390 Ὠς
821 2360 875 2395 γὰρ
891 2360 960 2386 Ἰου-

164 2403 246 2430 δαίων
273 2404 402 2440 ἇρχοντες
432 2405 482 2439 τῆς
503 2405 693 2440 καθαιρέσεως
717 2406 802 2442 αὐτῆς
815 2407 960 2441 γεγόνασιν

165 2450 258 2483 αἴτιοι,
269 2450 404 2485 λέγοντες·
421 2461 430 2477 ι
448 2451 545 2487 Ἡμεῖς
560 2453 671 2487 οἴδαμεν
683 2452 723 2479 ὅτι
738 2453 835 2479 Μωσεί
843 2453 960 2488 λελάλη-

164 2505 212 2523 κεν
223 2498 238 2523 ὁ
252 2497 328 2528 Θεὸς.
341 2497 434 2524 τοῦτον
448 2498 477 2524 δὲ
490 2498 540 2525 οὐκ
554 2498 666 2534 οἴδαμεν
683 2497 764 2525 πόθεν
779 2498 847 2526 ἐστι·
861 2509 871 2525 ι
887 2498 959 2526 οὕτω

165 2543 248 2569 πάλιν
264 2542 294 2576 ἐξ
308 2544 393 2579 αὐτῆς
420 2541 491 2579 ἦσαν
508 2545 531 2570 οἱ
545 2545 701 2576 ἀπόστολοι,
725 2545 775 2580 τῆς
798 2545 960 2580 οἰκοδομῆς

164 2590 214 2624 τῆς
231 2590 294 2621 νέας
311 2590 386 2621 avra;
413 2591 528 2625 ἐργάται
539 2598 546 2604 ·
571 2591 647 2618 αὐτοὶ
661 2591 690 2618 δὲ
706 2592 731 2618 οἱ
742 2592 791 2627 τὴν
811 2591 959 2628 Ίουδαῖκὴν

165 2635 390 2670 ἐθελοθρησκείαν
417 2636 617 2672 καθῃρηκότες,
639 2636 693 2668 οἷος
707 2639 722 2664 ὁ
735 2637 839 2668 Παῦλος
851 2637 938 2672 λέγων
951 2644 957 2652 ”

168 2689 179 2706 ι
192 2681 222 2707 Εἰ
235 2681 289 2716 γὰρ
301 2681 319 2708 ἃ.
330 2682 476 2715 κατέλυσα,
506 2683 594 2710 ταῦτα
616 2683 699 2710 πάλιν
726 2683 870 2719 οἰκοδομῶ.
883 2693 892 2709 ι
906 2683 956 2719 τὴν

165 2725 228 2752 νέαν
241 2726 318 2752 Σιὼν
330 2726 401 2754 κατὰ
421 2727 470 2763 τὴν
487 2728 671 2764 εὐαγγελικὴν
689 2731 889 2765 συνεστήσαντο
903 2738 956 2756 πο-

201 2781 339 2818 "‘llatth.
352 2791 406 2815 xvi,
419 2783 462 2810 18.
500 2784 523 2799 ⁵ο
544 2783 642 2817 Ephes.
659 2793 690 2815 tt.
706 2785 753 2812 20.
790 2785 811 2801 “
823 2784 998 2818 Rsal.cxvtn,
1012 2785 1055 2812 75.
1094 2785 1117 2800 "
1132 2784 1207 2812 Psal.
1218 2791 1280 2816 va,
1296 2783 1323 2811 6.

164 2816 209 2844 29.
246 2817 270 2833 ⁵⁸
284 2817 353 2846 Luc.
374 2827 401 2851 Χ,
414 2819 459 2846 20.
498 2819 520 2835 ⁵⁸
536 2816 571 2846 Ill
588 2820 653 2856 lic-5.
679 2829 744 2855 x.\tt,
761 2821 814 2853 17;
836 2816 856 2847 ll
874 2821 958 2846 l’arul.

1012 2828 1061 2853 :m,
1086 2820 1130 2847 l6.
1168 2820 1190 2835 ⁸⁷
1206 2819 1295 2847 Galat.
1311 2827 1341 2853 tl,
1360 2819 1403 2848 18.

1011 2305 1132 2333 excitata
1155 2308 1199 2332 est
1220 2303 1341 2331 Ecclesia
1358 2312 1365 2330 :
1383 2303 1442 2332 Cito
1464 2305 1658 2340 wdi/icaberis,
1677 2315 1693 2333 a
1711 2307 1805 2342 quibus

1012 2351 1147 2379 destructa
1167 2351 1271 2386 fuerat,
1295 2350 1399 2378 intulit.
1419 2349 1455 2377 Ut
1477 2351 1551 2378 enim
1576 2352 1627 2386 ipsi
1645 2351 1803 2380 Judaaorum

1012 2397 1162 2434 principes,
1188 2397 1230 2425 sui
1254 2396 1401 2424 sibiofuere
1426 2397 1525 2425 excidii
1546 2403 1684 2431 auctores,
1703 2399 1750 2434 qui
1774 2407 1804 2428 se

1013 2444 1098 2470 Deum
1122 2451 1184 2470 cum
1211 2442 1286 2470 Mose
1305 2443 1473 2470 collocutum
1495 2451 1558 2471 esse
1581 2444 1653 2472 scire
1671 2444 1782 2479 qllldt‘nl
1796 2465 1804 2476 ,

1012 2490 1153 2517 Christum
1169 2494 1260 2516 autem
1276 2489 1347 2516 ttnde
1361 2493 1436 2516 esset
1453 2489 1582 2524 ignorare
1598 2490 1748 2522 dixerunt;
1762 2490 1803 2517 sic

1009 2543 1042 2562 ex
1066 2535 1134 2570 ipsis
1164 2543 1276 2562 rursum
1307 2535 1446 2570 apostoli,
1474 2536 1593 2563 recentis
1615 2535 1803 2570 a'di/icationis

1010 2580 1125 2616 opiﬁces
1140 2579 1317 2608 exstiterunt.
1342 2581 1400 2607 imo
1411 2585 1439 2607 et
1453 2580 1517 2615 ipsi.
1537 2581 1626 2607 deleta
1643 2579 1802 2608 Jutlmormn

1009 2626 1203 2662 superstitione
1227 2627 1269 2660 (ut
1294 2625 1328 2653 de
1347 2633 1378 2654 se
1405 2626 1448 2653 his
1465 2626 1557 2654 verbis
1575 2636 1581 2653 ε
1601 2635 1611 2651 ι
1636 2627 1663 2654 Si
1679 2635 1739 2661 qua:
1751 2634 1803 2661 ego

1009 2673 1144 2704 destruxi,
1159 2672 1259 2700 iterum
1273 2672 1379 2700 ουσιίιίεο
1393 2672 1427 2705 ",
1451 2682 1460 2699 ι
1483 2677 1549 2704 etc..
1561 2677 1679 2700 testatur
1690 2672 1802 2707 Paulus)

1011 2718 1120 2746 Sionem
1136 2722 1274 2746 recenteut
1287 2725 1321 2745 ex
1330 2718 1470 2754 Evangelii
1483 2718 1621 2752 instituto,
1636 2718 1738 2746 Davide
1763 2723 1805 2746 te-

1376 2784 1400 2821 'f
1416 2784 1488 2813 Psal.
1505 2785 1596 2819 αλδ.
1634 2785 1657 2803 ⁸⁸
1673 2785 1753 2814 Joau.
1776 2795 1803 2821 ι,

812 2866 926 2894 VARle
937 2865 1139 2895 LECTIONES.

214 2908 225 2928 ί
238 2909 280 2936 ἴσ.
294 2911 323 2936 λ.
339 2910 396 2937 καί.
