1999 3076
197 201 267 233 2479

861 195 1038 226 PROCOPII
1057 195 1178 225 ΟΛΖᾸΞΙ

1755 191 1826 223 2480

194 262 248 288 sic,
265 257 489 284 construxerunt,
502 253 549 288 qui
561 252 700 288 principes
711 258 759 279 eos
774 258 858 286 super
874 257 984 278 omnem
1000 275 1002 279 .

1055 249 1150 277 ιτείαν.
1162 249 1230 285 Περὶ
1243 244 1280 275 ὦν
1294 256 1362 283 φησι
1380 247 1428 274 καὶ
1440 246 1537 274 Δαϐίδ’
1554 255 1565 272 ι
1577 247 1768 283 Καταστήσας
1777 247 1827 273 at)-

195 307 298 329 terram
319 300 403 326 Deum
414 307 475 327 esse
491 299 709 326 constituturum
722 297 888 324 vaticinatus
901 300 943 324 est
953 295 984 322 ⁵⁸.

198 347 298 375 Verum
313 351 412 381 prteter
437 345 516 378 istos,
534 349 562 371 et
579 344 626 372 alii
644 344 728 371 etiam
743 343 925 379 sequentibus
942 343 986 370 in-

198 393 336 424 dicantur,
355 391 402 426 qui
421 390 526 418 Sionem
551 391 663 426 quidem
682 393 837 422 vastarunt,
859 389 908 417 sed
932 396 988 416 non

199 439 390 467 instaurarunt
405 446 412 464 :
434 437 468 464 de
485 437 595 472 quibus,
611 441 636 464 et
648 436 693 471 qui
707 440 730 464 te
744 436 929 464 desalaverunt
944 443 988 462 ve-

198 486 269 511 nient
287 492 319 511 ex
337 488 371 514 te.
400 483 512 518 adjecit.
540 483 623 523 Quod,
633 483 716 510 etiam
736 482 889 510 secundum
904 482 989 509 histo-

199 531 279 562 riam,
303 533 366 565 post
389 528 535 557 conﬂatam
549 537 564 556 e
581 529 709 564 gentibus
727 528 877 556 Ecclesiam
894 527 990 556 obser-

200 579 294 603 vatum
308 579 364 605 cst;
381 582 443 601 cum
460 573 748 601 sensibililerusalem
767 572 870 600 Judteis
894 572 989 600 adem-

201 626 258 657 pta.
273 621 317 656 pia
331 628 444 655 quoque
460 619 537 647 urbis
551 619 696 654 disciplina
707 619 814 646 sublata
825 623 877 645 est.
890 617 991 645 Deinde

201 672 330 701 tanquam
343 672 446 700 sponsa
456 664 574 699 alicujus
587 664 640 691 sibi
656 663 804 690 liberorum
815 661 992 689 multitudine

201 712 337 748 placentis
352 718 499 747 personam
519 709 635 740 inducit,
656 708 691 736 ad
709 716 826 743 eamque
845 707 883 735 ait
899 717 906 734 :
925 706 992 734 Leva

201 760 231 786 in
245 758 360 786 circuitu
381 757 471 784 oculos
485 761 543 783 tuo:
561 760 585 782 et
603 755 660 782 vide
677 762 778 781 omnes.
800 754 844 786 Et,
861 753 924 788 quia
937 761 993 780 om-

203 805 281 831 nibus
300 803 368 836 illis,
390 807 518 837 tanquam
541 805 696 828 ornamento
723 800 854 827 vestieris.
875 799 992 832 Quinam

202 854 295 875 autem
309 847 355 874 isti
370 854 458 873 omnes
477 849 581 878 essent,
604 849 631 873 et
649 845 732 876 unde,
749 843 994 879 superiusindiea-

204 893 262 926 vit;
280 900 344 920 cum
362 891 485 927 undique
525 894 645 926 quatuor
662 890 754 917 mundi
765 889 852 925 plagis
868 890 902 917 de
915 889 996 924 longe

1039 296 1100 326 τοὺς
1110 295 1244 330 ἄρχοντας
1260 294 1308 320 ἐπὶ
1321 294 1413 320 πᾶσαν
1428 293 1478 327 τὴν
1490 293 1552 327 γῆν.
1563 301 1573 318 ι
1586 292 1695 327 Ἐτεροι
1709 291 1738 318 δὲ
1752 291 1830 326 παρὰ

1039 341 1150 372 τούτους
1161 341 1303 374 δηλοῦνται
1317 339 1361 366 διὰ
1373 338 1429 365 τῶν
1444 338 1519 374 ἑξῆς,
1535 338 1560 364 ot
1572 337 1767 373 ἐρημώσαντες
1779 337 1829 372 μὲν

1039 387 1088 423 τὴν
1116 387 1202 420 Σιὼν,
1218 385 1248 412 οὐ
1277 385 1330 421 μὴν
1362 385 1410 411 καὶ
1433 384 1672 418 οἰκοδομήσαντες.
1697 384 1763 419 Περὶ
1791 381 1830 410 ὧν

1039 443 1116 469 φησι,
1134 433 1181 460 καὶ
1197 434 1224 460 οἱ
1235 431 1443 467 ἐρημώσαντες
1456 431 1491 457 ἐκ
1505 431 1564 458 σοῦ
1595 430 1811 462 ἐξελεύσονται
1822 437 1829 444 ·

1039 481 1054 507 ὃ
1070 481 1117 507 καὶ
1132 479 1195 506 καθ’
1221 479 1341 514 ἱστορίαν
1366 477 1495 508 ἐσώζετο,
1523 475 1593 511 μετὰ
1623 475 1671 511 τὴν
1697 475 1727 507 ἐξ
1747 474 1831 501 ἐθνῶν

1047 525 1211 561 Ἐκκλησίαν
1220 524 1268 551 τοῦ
1282 524 1337 550 τῶν
1354 522 1489 550 Ἰουδαίων
1501 521 1596 552 ἔθνους
1619 520 1831 551 ἐκπεπτωκότας

1040 572 1089 605 τῆς
1101 571 1234 606 αἰσθητῆς
1251 569 1441 606 Ἰερουσαλὴμ,
1459 568 1528 603 πρὸς
1546 567 1587 602 τῷ
1609 566 1658 593 καὶ
1671 566 1719 592 τοῦ
1741 565 1832 592 Oscos-

1042 616 1106 648 6οὗς
1117 616 1313 652 πολιτεύματος
1326 615 1466 642 ἐκπεσεῖν.
1480 613 1559 641 Μετὰ
1572 612 1660 640 ταῦτα
1687 620 1833 648 προσωπο-

1043 663 1117 689 ποιεῖ
1143 662 1270 698 καθάπερ
1291 661 1354 688 τινὰ
1379 661 1503 695 νύμφην
1527 659 1574 686 ἐπὶ
1603 658 1703 693 πλήθει
1731 657 1834 684 τέκνων

1042 707 1174 743 κομῶσαν
1195 707 1265 743 πρὸς
1284 707 1319 743 ἦν
1338 714 1438 742 φησιν·
1456 703 1550 739 Ἀρον
1559 705 1662 736 κύκλῳ
1691 703 1764 737 τοὺς
1779 704 1833 737 όφ-

1043 753 1178 788 θαλμούς
1191 761 1261 785 σου,
1281 752 1331 779 καί
1347 752 1393 779 ἴδε
1409 751 1535 784 πάντας.
1556 750 1622 782 Καὶ,
1641 750 1702 776 Ὅτι
1718 749 1836 783 πάντας

1044 799 1165 832 αὐτοὺς,
1185 798 1226 831 ὡς
1250 798 1367 832 κόσμον
1381 817 1389 831 ,
1416 797 1542 830 ἐνδύσῃ.
1561 796 1643 826 Τίνας
1663 795 1692 822 δὲ
1719 795 1836 828 πάντας

1044 845 1092 872 καὶ
1107 844 1190 871 πόθεν
1210 843 1312 876 ἐδίδαξε
1327 842 1477 879 προειπών·
1490 852 1499 868 ι
1514 842 1581 869 Ἰδοὺ
1601 839 1675 868 οὗτοι
1694 841 1839 877 πόρρωθεν

1045 891 1140 927 ἥξουσι
1153 890 1218 924 περὶ
1235 890 1290 917 τῶν
1307 890 1450 925 τεσσάρων
1475 888 1616 923 κλιμάτων
1628 908 1635 921 ,
1665 887 1749 914 είπὼν
1761 888 1773 908 ε
1790 887 1838 919 οὓς

207 943 338 966 venturos
358 938 436 971 dixit,
452 945 522 972 quos
540 944 588 972 per
604 936 715 971 Sponsae
738 935 842 964 Christi
858 943 996 962 ornamen-

1054 937 1096 964 ιαὶ
1111 938 1229 971 κόσμον
1243 936 1294 972 τῆς
1315 936 1362 964 τοῦ
1387 934 1506 971 Χριστοῦ
1528 935 1651 970 νύμφης
1671 934 1838 970 Ἐκκλησίας

209 989 263 1011 tum
283 982 458 1018 signiﬁcavit.
476 982 638 1009 Animorum
659 981 732 1008 enim
752 981 811 1016 ipsa
832 981 996 1009 ornamentis

208 1028 430 1059 commendatur,
444 1027 603 1054 eorumdem
619 1026 778 1058 virtutibus,
792 1025 929 1061 donisque
940 1026 997 1060 spi-

209 1074 368 1105 ritualibus,
397 1078 527 1108 tanquam
555 1072 687 1107 pretiosis
714 1072 863 1107 lapidibus,
876 1072 998 1099 circuat-

210 1121 323 1148 amicta.
336 1119 406 1147 llinc
419 1123 460 1147 est
474 1119 558 1154 igitur
570 1118 645 1154 quod
662 1126 722 1146 eam
736 1118 838 1146 vestitu
854 1118 998 1150 deaurato,

210 1170 238 1194 et
253 1166 330 1194 vario
347 1165 388 1193 sic
413 1164 506 1192 ornari
524 1163 666 1199 Scriptura
689 1167 806 1191 testatur
821 1164 854 1197 '9,
879 1168 909 1191 ut
933 1163 999 1191 illud

210 1219 243 1238 ex
275 1217 306 1237 ea
328 1210 444 1245 quilibet
473 1209 577 1245 gratias
607 1213 720 1236 acturus
743 1207 823 1236 facile
845 1211 984 1242 usurpet:

213 1266 224 1283 ι
246 1256 365 1283 [ιιειοιυιν
387 1255 478 1282 anima
488 1262 548 1282 mea
567 1255 594 1281 in
619 1253 744 1281 Domino.
762 1253 852 1281 Induit
866 1253 940 1280 enim
957 1260 1002 1281 me

210 1302 376 1330 vestimento
396 1300 506 1332 salutis,
532 1303 559 1327 et
578 1299 671 1327 tunica
691 1299 803 1326 Isetititc.
819 1298 925 1326 Ornatu
945 1306 1000 1330 me,

210 1352 342 1383 tanquam
357 1353 501 1382 sponsum,
513 1349 540 1373 et
556 1353 636 1379 zona,
648 1342 777 1380 tanquam
792 1352 934 1379 sponsam,
947 1344 1003 1372 cir-

212 1393 353 1422 cumdedit
365 1393 399 1420 ".
421 1401 430 1418 ι
445 1391 575 1419 Nonnulli
591 1392 675 1420 verba
687 1391 740 1419 ista
753 1391 785 1418 ad
800 1391 927 1423 salutem,
943 1398 1004 1426 quae

214 1440 310 1468 ultimo
319 1438 427 1466 tandem
437 1437 576 1466 lsraelitas
594 1437 674 1473 565
685 1440 790 1468 manet.
802 1444 866 1464 cum
881 1437 1003 1472 gentium

213 1484 356 1521 plenitudo
374 1483 498 1519 ingressa
514 1483 599 1511 fuerit
617 1483 652 1516 ⁶¹,
668 1482 845 1511 referendum
863 1483 1004 1511 arbitran-

215 1535 270 1558 tur.

252 1576 365 1608 Deinde,
381 1575 414 1603 Et
426 1576 530 1603 deserta
548 1580 594 1602 tua
617 1575 773 1610 angustiora
793 1574 882 1610 faciet,
901 1575 1002 1610 inquit.

1048 983 1135 1010 καλεῖ.
1157 983 1265 1018 Ψυχαῖς
1293 982 1348 1018 γὰρ
1358 981 1426 1017 αὐτὴ
1446 982 1587 1016 κοσμίαις
1601 980 1773 1016 σεμνύνεται,
1788 980 1839 1011 τὰς

1047 1029 1138 1056 αὐτῶν
1165 1029 1286 1064 ἀρετὰς,
1314 1029 1361 1055 καὶ
1389 1028 1424 1055 τὰ
1456 1027 1633 1062 πνευματικὰ
1654 1026 1757 1054 τούτων
1789 1035 1840 1062 χα-

1049 1076 1169 1111 ρίσματα
1183 1096 1191 1107 ,
1213 1076 1272 1101 ἀντὶ
1288 1075 1370 1102 λίθων
1392 1074 1493 1109 τιμίων
1518 1073 1709 1109 περικειμένη.
1738 1073 1839 1108 Διόπερ

1048 1121 1134 1157 αὐτὴν
1168 1121 1307 1157 ἱματισμῷ
1341 1119 1503 1155 περιχρύσῳ
1542 1119 1590 1146 καὶ
1632 1118 1841 1153 πεποικιλμένῳ

1049 1167 1238 1203 κεκοσμῆσθαι
1262 1167 1344 1202 φησὶν
1357 1167 1373 1202 ἠ
1386 1166 1483 1201 Γραφὴ
1517 1167 1555 1197 ὼς
1570 1165 1686 1192 ’ἑκαστον
1700 1165 1730 1197 ὲξ
1753 1165 1841 1200 αὐτῆς

1050 1214 1262 1249 εὐχαριστοῦντα
1290 1213 1380 1247 λέγειν
1403 1220 1410 1228 ’
1432 1211 1673 1246 ι’Δγαλλιάσθωὴ
1700 1211 1772 1246 ψυχή
1789 1220 1842 1246 μου

1051 1261 1097 1287 ἐπὶ
1118 1260 1158 1296 τῷ
1184 1260 1277 1295 Κυρίῳ
1297 1268 1304 1274 ·
1333 1259 1441 1286 ἐνέδυσε
1472 1258 1527 1294 γάρ
1555 1266 1588 1293 με
1616 1258 1723 1293 ἱμάτιον
1751 1266 1841 1292 σωτη-

1053 1307 1111 1342 ρίου
1147 1307 1195 1333 καὶ
1223 1305 1324 1341 χιτῶνα
1347 1305 1542 1340 εὐφροσύνης·
1571 1303 1609 1336 ὡς
1638 1303 1749 1338 νυμφίῳ
1763 1312 1843 1339 περι-

1052 1351 1135 1386 έθηκέ
1163 1360 1208 1387 μοι
1227 1350 1341 1386 κόσμον,
1361 1351 1408 1378 καὶ
1435 1350 1473 1382 ὡς
1499 1349 1593 1385 νύμφη
1619 1348 1768 1384 περιέθηκέ
1797 1357 1843 1384 μοι

1055 1398 1165 1433 μίτραν.
1185 1407 1196 1424 ι
1213 1397 1292 1428 Τινὲς
1306 1397 1334 1423 δὲ
1356 1397 1387 1423 τὸ
1403 1395 1490 1431 παρὸν
1515 1395 1597 1431 ρητδν
1616 1394 1714 1430 δηλοῦν
1739 1394 1845 1429 ἔφασαν

1052 1443 1102 1478 τὴν
1115 1443 1158 1470 ἐπ’
1175 1443 1291 1478 ἐσχάτου
1317 1442 1372 1469 τῶν
1395 1441 1425 1474 ἐξ
1448 1441 1555 1477 Ἰσραὴλ
1581 1441 1729 1476 σωτηρίαν,
1751 1439 1790 1467 ὅτ’
1810 1440 1844 1467 ἂν

1053 1489 1084 1515 τὸ
1097 1488 1233 1524 πλήρωμα
1246 1487 1301 1515 τῶν
1313 1487 1397 1515 ὲονῶν
1407 1487 1527 1523 εἰσέλθῃ.

1091 1574 1158 1604 Είτά
1169 1585 1245 1612 φησι,
1270 1577 1326 1603 Καὶ
1343 1577 1379 1604 τὰ
1409 1575 1504 1611 ἕρημά
1527 1583 1585 1603 σου
1606 1576 1844 1610 στενοχωρήσει.

216 1621 264 1649 Est
278 1621 351 1649 enim
371 1621 399 1648 in
419 1620 649 1648 circumcisorum
671 1621 761 1648 locmn
792 1620 852 1656 ipsa
879 1620 1002 1655 gentium

1061 1622 1135 1649 ’Δντὶ
1221 1622 1275 1648 τῶν
1292 1622 1325 1648 ἐκ
1342 1610 1511 1657 περιτομῆς,
1526 1621 1558 1648 τὸ
1569 1621 1624 1648 τῶν
1641 1621 1726 1648 ὲθνῶν
1739 1622 1847 1648 ἀντεισ-

216 1668 290 1696 intro
308 1667 429 1695 admissa
451 1666 598 1694 multitudo
613 1674 620 1693 :
637 1673 688 1701 pro
712 1666 824 1701 quibus,
850 1666 894 1701 qui
914 1670 940 1693 te
956 1665 1005 1692 ab-

217 1714 367 1746 wrbebant,
381 1713 457 1748 longe
474 1712 655 1748 fugabuntur;
670 1712 732 1740 falsi
745 1713 875 1740 nimirum
889 1711 1006 1747 prophe-

217 1763 262 1792 ιω,
293 1762 320 1786 et
352 1758 437 1786 duces
469 1758 573 1793 populi,
597 1765 668 1793 quos
696 1758 777 1794 pleno
800 1765 850 1785 ore
875 1757 1006 1792 populqu

219 1812 300 1833 suum
325 1803 475 1832 absorbere
494 1805 717 1839 conquerebatur
742 1803 886 1830 Dominus.
907 1802 1007 1830 Locum

219 1849 320 1878 deinde
335 1849 465 1877 Ecclesia:
489 1850 662 1884 ampliorem,
688 1853 800 1885 propter
823 1848 1006 1884 frequentiam

219 1901 247 1924 et
261 1896 378 1931 copiam,
398 1895 570 1930 postulantes
595 1895 676 1930 ﬁlios,
695 1895 743 1930 qui
767 1899 832 1923 ante
856 1895 1006 1930 perierant,

222 1941 287 1968 facit
302 1950 309 1968 :
326 1941 454 1975 indeque,
478 1949 542 1976 quos
569 1941 720 1976 perdidisti,
748 1941 860 1976 adjecit,
888 1948 1008 1976 quorum

221 1995 330 2016 rursum
346 1988 529 2023 frequentiam
552 1988 697 2022 demirata,
725 1988 882 2016 Judaeorum
906 1988 1010 2016 orbita-

221 2039 276 2061 tem
296 2034 432 2069 agnoscit,
460 2042 535 2069 seque
555 2034 610 2061 sine
641 2034 742 2066 liberis,
767 2039 792 2061 et
822 2034 928 2061 viduam
954 2042 1010 2062 esse

221 2079 378 2107 conﬁtetur.
398 2079 476 2112 Quod
493 2080 516 2107 si
531 2079 566 2108 de
590 2080 718 2115 gentibus
746 2079 921 2115 intelligitur,
953 2084 1010 2107 sta-

223 2131 292 2158 tum,
310 2126 338 2153 in
355 2133 410 2161 quo
436 2129 543 2158 essent,
568 2126 730 2160 priusquam
759 2130 934 2158 vocarentur,
964 2124 1012 2152 de—

223 2175 360 2198 monstret
371 2177 486 2197 necesse
507 2176 559 2197 est.
582 2169 631 2197 Est
647 2177 713 2197 vero
728 2169 786 2202 isti,
803 2169 876 2204 quod
896 2169 951 2202 hic,
967 2169 1012 2203 {ac

223 2216 288 2242 mihi
303 2217 401 2247 locant,
428 2216 570 2248 habemus,
589 2215 664 2242 aliud
682 2223 735 2243 non
753 2216 947 2250 incongruum,
964 2215 1011 2243 ubi

223 2263 344 2297 legitur:
363 2270 372 2288 ι
392 2262 480 2289 Dilata
501 2262 592 2289 locum
614 2261 785 2289 tabernaculi
805 2263 854 2294 tui,
871 2262 1012 2297 pellesque

224 2308 404 2335 tentoriorum
427 2311 538 2334 tuorum
569 2307 627 2343 ﬁge.
652 2306 692 2335 Ne
711 2315 829 2343 parcas;
859 2308 950 2335 adhuc
977 2307 1011 2334 ad

224 2354 348 2382 dextram
365 2358 392 2381 ct
408 2353 501 2380 laevam
527 2353 643 2381 extende
667 2354 702 2381 ⁶¹.
728 2363 738 2380 ι
756 2353 829 2381 istud
857 2358 949 2380 autem
971 2353 1012 2380 vel

225 2399 285 2434 ipsa
297 2399 408 2426 Mosaici
424 2399 595 2427 tabernaculi
622 2399 784 2435 magnitudo
806 2399 1013 2434 amplitudoque

227 2445 389 2473 iudicarint.
403 2445 504 2474 Verum
522 2447 663 2474 enimvero
673 2447 731 2482 quis
752 2447 802 2474 sibi
819 2447 884 2474 istos
896 2447 1014 2482 genuerit

225 2493 370 2528 quzerenti,
392 2493 459 2520 ﬁdes
476 2493 502 2520 in
518 2493 639 2526 Christo,
664 2492 790 2528 Deusquc
815 2493 874 2528 ipse
895 2500 1013 2528 respon-

225 2538 344 2565 dendum
361 2543 413 2571 est,
430 2539 474 2574 qui
497 2539 578 2566 etiam
599 2539 748 2574 postulanti
764 2539 911 2574 respondet
925 2547 932 2566 :
949 2538 1017 2566 Ecce

225 2585 295 2612 elevo
308 2592 387 2618 super
404 2589 493 2620 gentes
508 2593 616 2612 manum
629 2593 726 2617 nteant,
741 2589 768 2612 et
787 2592 848 2619 qum
863 2585 994 2619 deinceps
1008 2592 1016 2618 ;

227 2630 266 2657 ita
281 2629 417 2663 videlicet,
435 2629 507 2657 unde
523 2630 547 2658 ei
562 2630 680 2665 ﬁliorum
695 2635 719 2657 et
735 2630 855 2665 ﬁliarum
868 2629 1017 2657 multitudo

227 2679 341 2703 ventura
357 2676 403 2707 sit,
420 2675 630 2708 demonstrans;
647 2683 791 2710 manusque
805 2674 939 2702 vocabulo
959 2675 1016 2702 vir-

231 2725 317 2749 tutem
333 2729 412 2749 suam
427 2725 455 2749 et
470 2721 634 2757 potentiam,
651 2721 791 2749 Christum
811 2721 952 2754 nimirum,
973 2720 1014 2749 si-

1055 1667 1199 1702 ενήνεκται
1216 1667 1327 1702 πλῆθος.
1350 1667 1419 1693 Ἄνθ¹
1434 1663 1471 1694 ὧν
1485 1674 1586 1702 φησιν·
1605 1668 1637 1693 υὶ
1664 1667 1846 1694 καταπίνω·-

1056 1713 1106 1746 τές
1113 1722 1160 1745 σε,
1168 1712 1436 1747 μακρυγθήσονται
1448 1721 1456 1729 ο
1466 1713 1691 1749 ψευδοπροφῆται
1703 1712 1826 1747 δηλονότι
1837 1732 1847 1743 ,

1057 1760 1104 1786 καὶ
1119 1759 1272 1795 καθηγηταί.
1286 1758 1333 1785 τοῦ
1349 1758 1426 1791 λαοῦ,
1439 1760 1503 1793 περὶ
1515 1756 1552 1786 ὧν
1564 1759 1666 1792 ἔλεγεν·
1684 1759 1716 1785 Οί
1729 1759 1851 1786 καταπί-

1057 1814 1149 1837 νοντες
1162 1804 1208 1831 τὸν
1223 1804 1287 1832 λαόν
1299 1813 1350 1840 μου
1361 1805 1414 1840 ὅλῳ
1423 1805 1461 1839 τῷ
1473 1805 1598 1840 στόματι.
1611 1802 1678 1831 Εἶτα
1690 1805 1752 1837 τοὺς
1765 1805 1851 1838 υἱοὺς

1056 1852 1107 1886 τῆς
1127 1851 1291 1886 Ἐκκλησίας
1305 1851 1410 1885 εἰσάγει
1422 1852 1511 1878 τόκον
1523 1850 1667 1882 αίτοῦντας
1681 1851 1726 1877 διὰ
1737 1851 1766 1878 τὸ
1778 1851 1849 1885 πλῆ-

1059 1896 1104 1929 θος
1117 1896 1297 1932 πλατύτερον,
1311 1897 1409 1928 οἵτινες
1429 1895 1499 1932 ἦσαν
1511 1897 1541 1923 ὲν
1557 1896 1682 1932 ἀπωλείᾳ
1700 1896 1731 1923 τὸ
1751 1897 1852 1931 πρότε-

1061 1950 1117 1977 ρον.
1131 1942 1212 1969 Ὅθεν
1225 1943 1306 1977 φησὶν
1322 1942 1375 1975 οὓς
1389 1943 1560 1975 ἀπώλεσας,
1573 1940 1611 1969 ὧν
1624 1942 1655 1969 τὸ
1666 1942 1769 1977 πλῆθος
1783 1942 1852 1969 θαυ-

1061 1987 1195 2023 μάζουσα,
1219 1987 1269 2022 τὴν
1286 1988 1319 2014 ὲκ
1344 1987 1398 2014 τῶν
1432 1987 1567 2015 Ἰουδαίων
1582 1987 1709 2015 ἀτεκνίαν
1724 1988 1852 2022 ὁμολογεῖ

1060 2033 1193 2068 λέγουσα·
1217 2033 1292 2069 Ἐγὼ
1310 2034 1345 2061 δὲ
1358 2034 1484 2068 ἄτεκνος
1500 2035 1550 2062 καὶ
1575 2034 1663 2069 χήρα.
1686 2034 1718 2060 Εἰ
1741 2034 1770 2060 δὲ
1787 2034 1853 2068 περὶ

1060 2080 1114 2107 τῶν
1125 2079 1210 2106 ἐθνῶν
1224 2081 1320 2112 νοοῖτο,
1344 2079 1421 2114 δηλοί
1437 2080 1486 2116 τὴν
1511 2080 1650 2116 προτέραν
1676 2080 1766 2106 αὐτῶν
1786 2079 1852 2114 πρὶν

1061 2126 1194 2161 κληθῆναι
1211 2126 1389 2154 κατάστασιν.
1414 2127 1563 2161 Σύμφωνον
1591 2126 1620 2153 δὲ
1646 2125 1696 2161 τῷ,
1722 2126 1854 2159 ποίησόν

1059 2181 1109 2206 μοι
1118 2172 1230 2204 τόπον,
1241 2172 1271 2198 τὸ
1288 2181 1297 2197 ‹
1306 2172 1444 2198 Πλάτυνον
1459 2173 1505 2199 τὸν
1515 2172 1597 2198 τόπον
1611 2173 1661 2206 τῆς
1676 2171 1780 2205 σκηνῆς
1793 2179 1851 2197 σου.

1062 2218 1117 2244 Καὶ
1132 2217 1192 2253 [τὰς
1206 2217 1306 2253 δέρεις]
1323 2218 1377 2244 τῶν
1394 2218 1514 2245 αὐλαίων
1526 2226 1574 2244 σου
1590 2217 1686 2252 πῆξον.
1702 2217 1747 2252 Μὴ
1760 2218 1853 2251 φεισῇ,

1064 2263 1103 2290 ἔτι
1120 2264 1160 2294 είς
1178 2262 1214 2289 τὰ
1228 2263 1312 2296 δεξιὰ,
1340 2264 1386 2290 καὶ
1402 2264 1442 2294 είς
1458 2263 1492 2290 τὰ
1511 2262 1646 2299 ἀριστερὰ
1663 2262 1825 2289 ὲκπέτασον.
1842 2271 1852 2288 ι

1064 2308 1149 2335 Τοῦτο
1161 2307 1190 2335 δὲ
1205 2308 1252 2335 καὶ
1266 2309 1316 2343 τῆς
1331 2308 1407 2343 παρὰ
1423 2309 1519 2336 Μωσεί
1539 2309 1642 2344 σκηνῆς
1663 2307 1698 2334 τὰ
1717 2308 1791 2342 μήκη
1807 2307 1856 2333 καὶ

1063 2356 1152 2390 πλάτη
1164 2356 1248 2390 δηλοῖ.
1259 2356 1382 2392 Δεγούσῃ
1391 2355 1430 2388 δὲ,
1440 2356 1488 2389 Τίς
1498 2355 1646 2390 ἐγέννησέ
1651 2364 1702 2390 μοι
1712 2355 1837 2386 τούτους
1846 2362 1855 2385 ,'

1063 2402 1173 2429 λεκτέον
1185 2411 1191 2417 ·
1216 2402 1248 2428 ἸΙ
1264 2403 1357 2434 πίστις
1375 2403 1391 2438 ὴ
1404 2404 1434 2430 ὲν
1448 2402 1569 2438 Χριστῷ,
1584 2402 1666 2434 αὑτός
1677 2410 1706 2428 τε
1715 2401 1792 2432 Θεός.
1808 2402 1856 2431 '0;

1063 2449 1111 2476 καὶ
1136 2448 1327 2485 πυνθανομένη
1351 2448 1451 2483 φησίν·
1479 2447 1557 2476 Ἰδοὺ
1582 2448 1655 2482 αἴρω
1670 2448 1712 2481 εὶς
1733 2447 1769 2474 τὰ
1783 2447 1856 2480 ἔθνη

1064 2494 1122 2527 τὴν
1138 2494 1220 2528 χεῖρά
1228 2503 1299 2529 μου,
1315 2495 1363 2521 καὶ
1375 2493 1410 2520 τὰ
1427 2494 1491 2529 ἑξῆς
1501 2502 1507 2509 ·
1529 2494 1616 2529 δηλῶν
1631 2494 1713 2520 πόθεν
1729 2492 1858 2528 ἧξειτῶν

1064 2539 1138 2567 υἱῶν
1148 2539 1225 2574 αὐτῇ
1240 2541 1289 2567 καὶ
1305 2539 1477 2574 θυγατέρων
1485 2539 1517 2566 τὸ
1532 2539 1645 2574 πλῆθος,
1665 2537 1750 2573 χεῖρα
1765 2538 1857 2565 καλῶν

1065 2585 1114 2620 τὴν
1136 2584 1204 2611 ἰδίαν
1219 2585 1296 2620 ἰσχύν
1312 2593 1342 2611 τε
1360 2584 1408 2611 καὶ
1423 2583 1549 2619 δύναμιν,
1565 2584 1610 2610 τὸν
1626 2583 1756 2619 Χριστὸν,
1768 2583 1798 2614 ὃς
1813 2582 1859 2609 διὰ

1065 2629 1119 2656 τῶν
1136 2629 1283 2663 θαυμάτων
1308 2629 1406 2664 γέγονε
1427 2630 1482 2661 τοῖς
1499 2628 1605 2656 ἔθνεσιν
1622 2627 1735 2663 ὑψηλὸς,
1754 2628 1799 2654 καὶ
1813 2628 1859 2654 διὰ

1065 2675 1115 2709 τῆς
1137 2673 1325 2706 ἀναστάσεως.
1341 2674 1466 2709 Νήσους
1480 2674 1510 2701 δὲ
1524 2674 1575 2706 τὰς
1599 2674 1670 2701 κατὰ
1690 2674 1774 2709 μέρος
1796 2674 1860 2700 Ἐπι-

1069 2720 1195 2756 κλησίας,
1207 2716 1283 2753 ὲξῶν
1301 2721 1318 2756 ἡ
1341 2720 1390 2756 μία
1400 2721 1448 2748 καὶ
1464 2720 1596 2756 καθολικὴ
1607 2719 1756 2752 πανταχοῦ.
1780 2719 1861 2747 Σύσ-

276 2799 288 2815 ⁶
300 2799 374 2828 Psal.
394 2806 468 2832 xuv,
484 2798 528 2826 17.
566 2799 588 2815 ¹⁹
603 2798 669 2827 ibid.
687 2799 731 2827 10.
769 2799 792 2815 ⁶⁰
813 2799 864 2828 lsa.
882 2807 939 2832 ut,
956 2798 999 2826 10.

1054 2799 1155 2826 lnom.
1178 2807 1215 2832 xi,
1233 2799 1280 2827 25.
1319 2799 1406 2827 "lsa.
1425 2799 1520 2834 uv,2.

881 2857 997 2886 VARIE
1011 2857 1212 2885 LECTIONES.

266 2906 280 2927 ⁵
296 2906 347 2940 ἀφ.
363 2909 393 2932 τὸ
406 2905 501 2932 εἰπών.
