1999 3076
191 149 260 182 2481

741 152 1009 182 COMMENTARII
1028 153 1070 183 IN
1090 153 1232 183 ISAIAM.
1275 151 1277 153 ’
1295 132 1297 134 η

1749 149 1821 181 2482

191 213 294 240 mutor
308 205 348 236 δὲ,
361 204 391 231 τὺ
402 205 468 240 περὶ
481 203 529 231 τοῦ
543 205 659 240 σταυροῦ
677 205 725 232 καὶ
741 206 791 241 τῆς
810 207 984 239 ἀναστάσεως

1044 207 1180 243 gniﬁcans,
1198 207 1247 243 qui
1270 214 1285 234 a
1303 207 1429 242 gentibus
1446 206 1525 242 ipsis,
1543 209 1654 242 propter
1672 204 1822 233 admirabi-

192 252 336 286 κήρυγμα.
362 251 435 277 Ἀντὶ
454 251 483 277 δὲ
505 251 553 278 τοῦ
581 251 616 277 ἐν
639 251 753 284 κόλπῳ,
782 252 818 279 ἐν
836 253 984 288 ἀγκάλαις

191 298 328 331 ἐξέδωκαν
338 298 362 324 οἱ
377 297 478 324 λοιποί.
494 297 573 328 Τίνες
591 297 620 324 δὲ
642 297 722 324 τοῦτο
743 298 918 334 ποιήσουσιν;
936 299 984 334 δῆ-

191 344 238 371 λον
250 344 288 375 ὼς
301 343 448 370 ἀπόστολοι
459 351 499 375 τε,
513 343 561 370 καὶ
575 343 600 369 oi
614 344 664 378 τῆς
681 343 843 380 Ἐκκλησίας
858 345 986 372 διδάσκα-

192 391 244 422 λοι,
258 387 302 416 οἷα
317 388 432 424 νηπίους
447 388 684 424 χειραγωγοῦντες
702 389 765 420 τοὺς
777 390 939 425 προσιόντας
950 391 984 425 τῇ

193 436 295 468 πίστει,
311 431 352 466 οἷς
365 434 442 468 ἔλεγε
452 434 498 460 καὶ
510 433 617 465 Παῦλος
628 442 635 449 ·
653 444 662 459 ι
673 434 746 461 Γάλα
757 434 830 469 ὑμᾶς
843 435 982 462 ἐπότισα.»

194 482 248 507 Καὶ
275 481 372 507 πάλινσ
394 489 403 506 ι
425 479 526 506 Τεκνία.
554 488 616 514 μου,
632 479 680 511 οὓς
692 480 775 507 πάλιν
790 481 889 508 ὠδίνω.
908 491 918 507 ι
932 482 987 507 Kal.

193 527 293 553 πάλιν·
313 536 323 552 ‹
345 526 390 558 Ὠς
409 526 442 553 ἂν
462 525 561 561 τροφὸς
576 525 666 560 θάλπη
691 526 725 552 τὰ
742 526 844 561 ὲαυτῆς
864 526 958 558 τέκνα,
975 536 984 552 ι

192 571 459 606 οὖτωςίμειρόμενοι
475 570 551 605 ὑμῶν
562 571 729 606 εὐδοκοῦμεν
744 571 905 606 μεταδοῦναι
920 572 986 607 ὑμῖν

193 618 225 644 οὐ
239 617 320 652 μόνον
333 617 363 643 τὸ
375 616 540 650 Εὑαγγέλιον
559 616 606 643 τοῦ
621 616 740 652 Χριστοῦ
750 636 758 648 ,
781 616 850 644 ἀλλὰ
877 617 924 644 καὶ
939 617 988 649 τὰς

195 664 300 690 ἑαυτῶν
311 663 399 698 ψυχάς
413 672 420 679 δ
436 664 480 690 ὅτε
495 663 543 690 καὶ
555 663 610 690 τῶν
621 664 790 699 προσιόντων
801 663 867 690 ἐϐόα
878 664 908 690 τὸ
923 664 988 699 πλῆ-

195 708 241 740 θος
253 717 259 725 ·
291 717 300 733 ι
318 707 400 734 Δεῦτε
414 728 420 741 ,
449 708 595 742 ἀναδῶμεν
607 708 648 740 εἱς
674 708 704 735 τὺ
717 708 785 744 [ὅρος
803 708 852 735 τοῦ
866 709 969 743 Κυρίου
979 729 986 742 ,

196 754 243 780 καὶ
258 755 297 785 εἰς
309 754 354 780 τὸν
371 752 444 780 οἷκον
459 753 506 780 τοῦ
518 753 587 780 Θεοῦ
612 753 721 786 Ἰακὼϐ,
739 763 747 780 ι
766 754 814 780 καὶ
828 754 863 781 τὰ
876 754 986 788 ἐφεξῆς.

195 799 278 833 Δηλοῖ
294 799 322 825 δὲ
333 798 373 828 τὺ.
395 799 430 825 ἐν
454 799 592 831 κόλποις.
608 799 656 826 καὶ
670 798 718 825 ἐπ’
743 799 839 833 ὤμων,
857 800 888 826 τὸ
903 800 988 835 χωρὶς

197 844 319 880 ἱδρῶτος,
337 844 384 870 τοῦ
397 843 464 870 Θεοῦ
478 844 528 879 τὴν
540 844 600 871 ὸδὺν
613 844 837 876 κατευθύνοντος,
854 846 925 871 κατὰ
939 845 969 872 τδ
979 866 986 877 ,

199 900 208 916 ι
232 889 305 922 Ὁδὸς
332 889 452 916 εὐσεϐῶν
475 890 567 916 εὐθεῖα
583 891 703 924 ἐγένετο.
728 900 737 917 ι
763 891 819 918 Καὶ
839 891 876 922 ὼς
895 892 927 917 ἐκ
939 891 986 918 τοῦ
1006 879 1026 906 Β

198 936 354 963 Βαπτιστοῦ
383 936 412 962 δὲ
429 936 538 970 ἐλέγετο
562 936 602 969 τὸ,
625 946 633 962 ι
660 936 839 972 Ἑτοιμάσατε
864 937 914 972 τὴν
928 937 987 964 ὁδὸν

198 981 312 1017 Κυρίου,
329 991 337 1007 ι
358 983 404 1008 καὶ
418 982 451 1008 τὰ
467 982 598 1016 ἑπόμενα.

1036 253 1073 281 lia
1084 261 1178 288 opera,
1191 258 1219 281 et
1235 253 1481 284 resurrectionem.
1502 253 1627 280 excelsus
1642 251 1753 280 habitus
1769 257 1821 279 est.

1036 299 1193 326 [mularum
1206 306 1288 334 porro
1295 299 1415 332 nomine,
1427 299 1564 326 Ecclesias
1578 298 1733 334 singulares
1744 299 1824 326 intel-

1036 345 1107 379 ligit,
1132 352 1165 372 cx
1192 345 1294 379 quibus
1326 352 1380 372 una
1407 348 1450 372 est
1479 344 1592 379 ubique,
1621 348 1648 371 et
1677 343 1823 372 catholica.

1037 390 1150 426 Signum
1171 391 1269 418 deinde
1282 390 1339 424 ipsa
1354 390 1437 417 fuerit
1451 389 1544 417 crucis
1564 393 1592 416 et
1611 388 1825 416 resurrectionis

1036 436 1232 472 promulgatio.
1250 435 1303 464 Sed
1317 435 1362 463 ubi
1389 436 1417 462 in
1432 435 1503 466 sinu,
1532 435 1681 468 habemus,
1702 434 1730 461 in
1753 434 1824 461 ulnis

1037 482 1083 510 alii
1106 482 1320 510 transtulerunt.
1346 481 1461 514 Verum,
1485 481 1598 516 quinam
1626 481 1662 513 ii,
1689 481 1736 514 qui
1759 480 1824 508 illud

1037 528 1188 563 prestituri
1207 528 1291 556 sunt?
1309 527 1433 563 Apostoli
1460 527 1554 562 procul
1576 526 1673 558 dubio,
1688 530 1715 553 et
1732 525 1826 553 Eccle-

1038 574 1087 602 sia:
1102 573 1238 609 magistri,
1269 573 1316 608 qui
1345 573 1378 600 ad
1405 572 1485 600 ﬁdem
1507 572 1669 599 accedentes
1686 570 1825 606 parvulos,

1038 624 1168 655 tanquam
1184 627 1277 652 manu,
1292 619 1443 646 ductabant.
1459 627 1466 646 :
1480 618 1575 653 quales
1595 617 1632 644 illi
1649 617 1825 647 exstiterunt,

1038 666 1071 694 ad
1090 673 1158 701 quos
1172 670 1200 692 et
1215 665 1290 692 Pauli
1305 665 1351 693 illa
1366 668 1429 692 sunt
1445 673 1452 691 :
1473 673 1483 690 ι
1506 664 1560 691 Lac
1573 663 1652 690 vobis
1666 666 1761 697 potum
1775 661 1825 689 dc-

1038 709 1065 737 di
1082 710 1114 738 “.
1134 719 1143 736 ›
1161 710 1192 736 Et
1210 717 1320 737 rursum
1335 718 1342 736 :
1360 717 1370 734 ι
1395 708 1456 736 Filii
1472 708 1537 737 mei.
1553 715 1623 742 quos
1637 715 1748 735 rursum
1765 714 1827 740 par-

1039 757 1112 784 turio
1126 757 1159 784 ⁶⁸.
1180 765 1189 782 ι
1205 755 1291 783 ltem:
1308 764 1317 781 ι
1335 754 1478 790 Tanquam
1493 754 1574 790 566
1586 754 1610 782 si
1625 753 1720 781 nutrix
1738 753 1827 779 foveat

1041 802 1112 830 ﬁlios
1131 809 1196 830 suos
1215 810 1222 829 :
1240 802 1281 828 sic
1297 801 1395 829 aﬂ‘ectu
1416 801 1443 828 in
1462 808 1511 828 vos
1525 800 1653 835 propensi
1667 798 1828 826 volebamus

1040 847 1119 874 vobis
1150 846 1261 873 tradere
1299 854 1353 873 non
1383 846 1471 873 solum
1503 845 1678 880 Evangelium
1706 842 1827 877 Christi,

1041 892 1090 920 sed
1106 893 1214 920 animas
1230 892 1312 920 etitm
1329 896 1439 919 nostras
1465 891 1506 925 ⁶⁸;
1523 898 1579 926 quo
1601 894 1724 924 tempore
1744 886 1827 915 nimi—

1040 946 1101 966 rum
1116 942 1144 965 et
1170 938 1229 973 ipsa
1252 945 1314 972 quae
1337 937 1485 964 accedebat
1501 935 1669 963 multitudo:
1693 943 1702 961 I
1718 933 1827 966 Venite,

1042 983 1224 1012 ascendamus
1250 983 1284 1010 ad
1314 987 1434 1010 montem
1471 981 1576 1009 Domini
1601 985 1629 1008 et
1655 980 1689 1008 ad
1717 979 1827 1007 domum

197 1026 244 1054 Dei
261 1027 346 1054 Jacob
373 1028 413 1058 ⁸⁸,
444 1037 453 1053 ι
473 1032 625 1061 cmteraque
643 1026 784 1061 deinceps.
801 1027 979 1055 inclamabat.
1001 1027 1145 1063 Signiﬁcat
1168 1035 1234 1055 vero
1260 1027 1334 1063 quod
1360 1028 1389 1054 in
1410 1027 1470 1054 sinu
1488 1027 1557 1054 etin
1589 1026 1703 1053 humeris
1745 1024 1828 1052 hahe-

196 1077 242 1101 tur
255 1073 282 1101 id
297 1074 356 1102 sine
375 1074 486 1105 sudore.
503 1074 558 1101 Deo
578 1074 649 1101 viam
666 1074 813 1109 dirigente.
840 1075 963 1102 futurum
979 1086 985 1102 :
1004 1076 1083 1111 juxta
1101 1075 1169 1102 illud
1201 1075 1341 1110 prophetze
1356 1083 1363 1102 :

1405 1083 1416 1100 ι
1440 1073 1542 1101 Semita
1565 1072 1674 1108 piorum
1699 1074 1772 1098 recta
1789 1070 1829 1096 la-

197 1126 240 1148 eta
254 1125 297 1148 est
312 1121 344 1148 ⁸⁷.
365 1131 374 1147 ›
393 1121 426 1148 Et
441 1120 569 1155 Baptista:
589 1130 598 1146 ι
618 1120 716 1148 Parate
730 1121 801 1148 viam
815 1121 941 1153 Domino,
969 1126 1060 1149 rectas
1077 1121 1160 1149 facite
1173 1122 1285 1149 semitas
1301 1121 1361 1156 ejus
1377 1120 1409 1147 ⁸⁸.
1433 1129 1442 1146 ι

234 1166 291 1202 Τὴν
305 1167 333 1193 δὲ
343 1167 427 1201 τιμὴν
441 1167 494 1193 τῶν
512 1166 616 1193 πιστῶν
634 1166 685 1201 τὴν
699 1167 740 1198 είς
758 1166 843 1202 ἄκρον
859 1167 935 1202 δηλοῖ
948 1168 989 1200 τὸ,

203 1215 299 1246 Τιθην(
308 1214 343 1245 ῑνς
355 1213 446 1246 λέγειν
457 1212 611 1245 βασιλεῖς,
625 1211 675 1239 καὶ
689 1213 743 1245 τὰς
760 1212 915 1247 ἀρχούσας
927 1221 992 1246 τρο-

199 1259 286 1294 ροὺς,
297 1258 346 1293 τὴν
362 1258 492 1284 ἀνωτάτω
516 1257 613 1293 δηλοῦν
636 1258 662 1291 ιι,
688 1257 802 1290 καὶτὰς
826 1258 885 1285 κατ’
904 1258 991 1290 ἔθνος.

205 1303 305 1340 Ἀρχὰς
332 1304 450 1338 τροφῶν
471 1303 548 1339 δίκην
564 1303 827 1338 ὲευπτιρετουμὲνων
847 1305 855 1324 ἰ
873 1305 930 1336 τοῖς
947 1304 992 1331 ὲν-

198 1351 271 1377 δεέσι
283 1351 334 1386 τῆς
352 1349 574 1384 Ἐκκλησίας-διὰ
583 1350 638 1376 τῶν
652 1349 798 1385 διδομένων
817 1349 991 1385 σιτηρεσίων.

200 1397 256 1425 Καὶ
274 1397 362 1430 ἄλλως
375 1396 413 1429 δὲ,
435 1396 552 1434 ήπολλὴ
581 1397 733 1433 κηδεμονία
758 1396 836 1430 δόξαν
862 1398 996 1432 τροφέων

201 1444 379 1480 παρίστησιν,
394 1443 419 1470 οἳ
436 1444 483 1470 καὶ
495 1443 633 1475 κλίνοντες
647 1444 678 1470 ὲν
699 1443 848 1479 Ἐκκλησία
865 1443 941 1478 γόνυ,
957 1443 995 1478 τῇ

201 1489 239 1524 γῇ
254 1490 284 1516 τὸ
311 1489 436 1524 μέτωπον
463 1489 680 1525 προσερείδουσι,
705 1489 753 1516 καὶ
778 1490 832 1516 τὸν
847 1489 936 1523 χοῦν,
958 1489 997 1522 ὡς

202 1536 300 1568 εἰπεῖν,
325 1535 451 1570 ἐκλαχεῖν
480 1534 487 1560 i
509 1535 552 1562 διὰ
569 1535 663 1562 πίστιν
681 1535 839 1566 ποθοῦντες.
856 1535 951 1562 Ταῦτα
967 1535 995 1562 6's

202 1581 272 1616 πρὸς
285 1581 335 1616 τὴν
349 1581 511 1616 βασίλισσαν
525 1580 575 1615 τὴν
585 1581 618 1607 ὲκ
629 1581 726 1613 δεξιῶν
734 1580 846 1616 Χριστῷ
859 1589 995 1616 παριστα-

1078 1168 1117 1196 Εο
1129 1168 1188 1203 ipso
1203 1167 1302 1195 deinde
1318 1174 1455 1194 sumntum
1479 1165 1538 1194 fore
1553 1163 1681 1192 ﬁdelibus
1698 1163 1830 1191 honorent

1042 1214 1224 1247 demonstrat,
1244 1213 1318 1249 quod
1332 1221 1427 1241 eorum
1441 1212 1566 1240 nutritio;
1587 1219 1670 1248 reges,
1686 1216 1711 1239 et
1728 1211 1831 1246 reginas

1044 1260 1158 1288 nutrices
1173 1259 1233 1287 fore
1248 1258 1396 1294 signiﬁcat.
1412 1258 1469 1287 lmo
1483 1263 1510 1287 et
1525 1259 1585 1294 ipsa
1603 1257 1727 1292 gentium
1745 1256 1831 1291 impe-

1044 1307 1096 1339 ria,
1125 1306 1266 1334 demensis
1290 1306 1319 1333 in
1346 1311 1491 1341 pauperes,
1520 1303 1715 1331 nutrititiorum
1742 1307 1830 1333 more,

1045 1352 1213 1386 distributis,
1231 1351 1362 1380 Ecclesiae
1377 1350 1577 1379 subservitura.
1602 1349 1677 1376 Alias
1699 1352 1789 1375 autem
1805 1351 1834 1374 et

1043 1399 1103 1434 ipsa
1115 1399 1264 1426 vehemens
1286 1396 1455 1429 sollicitudo,
1470 1396 1589 1422 nutritiis
1605 1394 1720 1430 gloriam
1737 1392 1832 1420 conci-

1043 1444 1109 1477 liat;
1127 1443 1174 1478 qui
1189 1451 1259 1478 genu
1276 1442 1348 1471 ﬁexo
1363 1442 1391 1470 in
1404 1441 1528 1470 Ecclesia
1544 1446 1622 1468 term
1637 1440 1756 1468 frontem
1772 1438 1833 1466 alli-

1043 1490 1122 1522 dunt,
1135 1489 1266 1525 pulverem
1283 1489 1384 1524 ipsum,
1405 1492 1435 1516 ut
1454 1489 1491 1516 ita
1510 1487 1611 1520 dicam,
1624 1491 1735 1523 propter
1748 1485 1830 1512 ﬁdem

1043 1537 1184 1573 delingere
1200 1536 1361 1572 gestientes.
1378 1535 1467 1571 Atque
1484 1535 1543 1562 hrec
1557 1534 1669 1570 quidem
1683 1533 1742 1568 ipsa
1755 1537 1831 1564 sunt.

1044 1591 1104 1618 quae
1119 1583 1219 1618 regina:
1244 1582 1353 1610 Christo
1367 1583 1399 1609 ad
1420 1581 1562 1608 dexteram
1599 1579 1702 1608 astanti
1726 1578 1834 1614 psalmo

204 1627 289 1662 μένην
302 1627 316 1653 ὁ
332 1625 551 1660 τεσσαρακοστὺς
565 1625 696 1660 τέταρτος
718 1624 793 1660 λέγει
818 1625 936 1660 ψαλμὺς,
961 1626 994 1662 ἢν

1047 1629 1258 1664 quadragesimo
1274 1632 1373 1663 quarto
1401 1627 1573 1659 tribuuntur,
1593 1633 1675 1662 quam
1700 1626 1782 1653 etiam
1800 1624 1835 1652 de

202 1673 250 1700 καὶ
269 1672 299 1705 ἐξ
313 1672 471 1706 ἀλλοφύλων
499 1669 583 1699 οὖσαν
605 1672 690 1707 δηλοῖ.
713 1672 814 1708 Ὅμοια
838 1673 866 1699 δὲ
893 1673 940 1699 καὶ
952 1673 993 1704 είς

202 1718 285 1745 αὑτὸν
295 1717 341 1745 τὸν
350 1717 486 1750 βασιλέα
502 1718 516 1744 ὁ
529 1717 730 1753 ἑὸδομηκοστὺς
745 1718 864 1754 πρῶτος.
889 1718 993 1746 οὐκοῦν

203 1763 269 1799 περὶ
284 1763 333 1798 τῆς
355 1762 523 1798 Ἑκκλησίας
538 1762 588 1798 τῆς
606 1763 636 1789 ὲν
651 1763 774 1798 Χριστῷ,
802 1763 836 1790 τὰ
859 1763 995 1799 λεγόμενα

203 1808 273 1843 πρὸς
281 1808 332 1842 τὴν
345 1807 536 1844 Ἰερουσαλὴμ,
548 1807 565 1843 ἡ
578 1807 628 1843 τὴν
642 1807 722 1840 δόξαν
736 1808 792 1844 ἔχει
803 1808 850 1835 τοῦ
863 1808 992 1844 Χριστοῦ.

204 1853 315 1880 Τούτων
325 1853 364 1884 δὲ,
376 1854 453 1888 φησὶ,
463 1853 644 1888 γιγνομένων,
656 1854 758 1890 γνώσῃ
766 1854 811 1881 ὅτι
819 1855 878 1889 ἐγὼ
887 1855 996 1888 Κύριος

205 1899 255 1927 καὶ
265 1900 322 1926 οὑκ
330 1898 591 1933 αὶσχυνθήσονται
600 1900 627 1926 οὶ
637 1898 841 1933 ὺπομένοντές
847 1908 894 1934 με,
906 1900 995 1927 Καλὸν

204 1946 259 1981 γὰρ
275 1945 312 1980 μὴ
328 1945 529 1978 ἀπογινώσκειν
542 1944 592 1980 τὴν
609 1945 706 1971 ἐλπίδα
719 1945 772 1980 πρὸ
784 1946 834 1980 τῆς
842 1946 896 1972 τῶν
907 1945 997 1982 ἔργων

205 1991 356 2022 ἐκϐάσεως.
372 1988 439 2017 Εἶτα
454 1990 588 2023 διδάσκει,
601 1990 663 2018 τίνα
681 1990 782 2026 τρόπον
798 1991 833 2017 τὰ
852 1991 904 2018 ὑπὸ
917 1993 998 2027 χεῖρα

205 2037 253 2064 τοῦ
268 2036 544 2072 διαϐόλους-πρότερον
556 2036 620 2073 ἐονη
636 2036 813 2073 ἠλευθερώθη
828 2038 872 2065 διὰ
886 2039 936 2074 τῆς
949 2038 997 2065 τοῦ

206 2084 334 2120 Σωτῆρος
346 2083 498 2118 δυνάμεως.
519 2084 552 2110 Ὃ
563 2083 608 2110 διὰ
621 2083 670 2118 τῆς
684 2084 841 2119 παραϐολῆς
865 2084 998 2120 ἐδήλωσεν

206 2130 220 2156 6
235 2130 372 2165 Χριστός·
390 2138 400 2155 ι
419 2129 492 2161 Πῶς,
513 2129 613 2163 λέγων,
626 2129 738 2156 δύναταί
749 2138 792 2161 τις
807 2129 938 2156 εἰσελθεῖν
958 2131 998 2162 είς

206 2175 255 2211 τὴν
276 2175 365 2202 οἰκίαν
378 2174 424 2201 τοῦ
440 2175 565 2211 ἰσχυροῦ,
582 2176 629 2202 καὶ
642 2176 677 2202 τὰ
693 2175 777 2211 σκεύη
790 2175 873 2202 αὑτοῦ
888 2175 1000 2210 διαρπά-

209 2229 265 2252 σαι,
286 2221 334 2247 ὲὰν
347 2221 384 2256 μὴ
399 2221 507 2256 πρῶτον
521 2221 590 2256 δήσῃ
604 2221 649 2248 τὸν
671 2222 796 2256 ῐσχυρόνς
816 2231 824 2247 ι
843 2221 897 2248 Καὶ
912 2221 960 2248 νῦν
970 2221 1000 2248 δέ

208 2273 286 2299 φησι,
303 2265 349 2300 Μή
365 2273 393 2291 τι
409 2265 449 2300 τῷ
462 2265 570 2300 τυχόντι
587 2265 699 2292 δυνατὸν
725 2266 801 2301 παρὰ
812 2265 859 2292 τοῦ
875 2265 999 2292 διαϐόλου

1045 1675 1259 1711 alienigenarum
1277 1681 1392 1702 numero
1412 1681 1476 1702 esse
1496 1672 1643 1708 signiﬁcat.
1662 1670 1754 1707 Neque
1768 1678 1835 1698 vero

1044 1720 1191 1749 dissimilia
1207 1719 1320 1751 fuerint,
1336 1726 1396 1755 qua
1418 1718 1445 1746 in
1468 1725 1553 1753 regem
1570 1716 1661 1753 ipsum
1687 1720 1835 1750 septuage—

1045 1766 1114 1794 simo
1126 1765 1213 1800 primo
1229 1765 1364 1800 leguntur.
1381 1763 1452 1792 Sunt
1471 1763 1554 1800 igitur
1574 1770 1636 1798 quae
1655 1761 1690 1790 de
1706 1761 1836 1789 Hieroso-

1045 1811 1126 1848 lymis
1147 1812 1286 1845 dicuntur,
1310 1811 1344 1839 de
1356 1811 1459 1839 Christi
1477 1810 1612 1842 Ecclesia,
1631 1809 1757 1844 ejusdem
1774 1807 1835 1842 glo-

1046 1858 1115 1886 riam
1131 1858 1258 1890 habente,
1285 1857 1475 1893 intelligenda.
1494 1856 1561 1889 Quae
1587 1863 1648 1883 cum
1672 1854 1834 1883 acciderint.

1046 1905 1147 1940 inquit,
1171 1904 1314 1940 intelliges,
1329 1904 1392 1939 quia
1419 1911 1464 1938 ego
1488 1902 1632 1933 Dominus;
1654 1905 1677 1928 et
1699 1909 1750 1927 non
1774 1908 1835 1926 can-

1046 1949 1192 1985 ]undentur
1208 1950 1253 1985 qui
1269 1953 1422 1983 exspectant
1448 1955 1498 1976 me.
1536 1947 1586 1975 Est
1612 1946 1686 1973 enim
1712 1944 1834 1977 virtutis,

1047 2003 1122 2031 spem
1146 2002 1203 2023 non
1228 1995 1306 2030 prius
1323 1994 1454 2029 abjicere,
1481 2000 1563 2028 quam
1585 1992 1689 2020 exitqu
1710 1999 1754 2018 res
1771 1991 1837 2024 ipsa:

1047 2042 1209 2070 sortiantur.
1241 2040 1326 2068 Docet
1351 2043 1445 2076 postea
1472 2037 1704 2074 quemadmodum
1730 2040 1836 2072 gentes,

1048 2095 1110 2122 quae
1125 2087 1177 2114 sub
1199 2086 1302 2114 diaboli
1323 2089 1459 2121 potestate
1478 2085 1555 2120 prius
1571 2083 1716 2119 degebant,
1740 2081 1837 2109 Salva-

1049 2131 1117 2159 toris
1133 2131 1236 2158 virtute
1261 2131 1288 2158 in
1320 2130 1472 2157 libertatem
1502 2132 1616 2156 assertae
1649 2127 1705 2155 sint
1736 2125 1838 2160 :quod

1049 2177 1131 2205 etiam
1152 2177 1180 2204 in
1208 2176 1338 2212 parabola
1365 2175 1492 2203 Christus
1520 2174 1580 2209 ipse
1603 2172 1746 2204 indicavit.
1773 2178 1837 2198 cum

1050 2224 1110 2252 ait:
1136 2233 1146 2250 ‹
1164 2223 1216 2257 Qui
1230 2226 1320 2259 potest
1336 2222 1399 2257 quis
1421 2221 1534 2249 domum
1561 2219 1643 2248 fortis
1671 2217 1788 2255 ingredi,
1810 2220 1838 2244 et

1051 2269 1248 2306 supellectilem
1265 2269 1325 2304 ejus
1348 2267 1478 2303 diripere,
1504 2266 1558 2294 nisi
1585 2265 1683 2294 fortem
1706 2265 1785 2300 prius
1810 2263 1838 2290 in

207 2310 310 2337 σκῦλα
328 2310 447 2344 λαϐεἵν;
465 2310 495 2337 ὃν
514 2311 628 2337 ἐκάλεσε
646 2312 771 2346 γίγαντα
782 2319 788 2326 ·
802 2311 855 2338 κᾶν
871 2312 994 2347 ἐπιχειρῇ

1051 2302 1168 2342 vinculis
1182 2302 1309 2341 habuerit
1324 2311 1365 2339 "‘2
1381 2321 1391 2338 ι
1406 2302 1465 2338 llam
1485 2318 1561 2344 vero,
1577 2311 1698 2338 etiamne
1714 2309 1837 2340 cuilibet.

208 2356 236 2383 δέ
249 2365 292 2388 τις
306 2356 386 2383 τοῦτο
400 2356 523 2390 δικαίως
550 2356 646 2389 ποιῶν,
673 2357 727 2393 ἄρα
742 2357 831 2389 ἀθῶος
843 2358 998 2392 γενήσεται,

209 2403 257 2430 καὶ
270 2404 302 2430 οὐ
316 2403 465 2439 κρατηθεὶς
476 2404 664 2437 κινδυνεύσεις
677 2404 737 2431 ἀντὶ
747 2404 801 2439 γὰρ
815 2404 862 2430 τοῦ
878 2403 998 2436 ἀδίκως,

1049 2361 1098 2393 ait,
1127 2363 1283 2394 promptum
1300 2362 1356 2391 est,
1384 2357 1504 2392 diabolo,
1522 2364 1604 2392 quem
1630 2363 1680 2391 per
1705 2356 1839 2390 giqantem

1048 2405 1223 2440 signiﬁcavit,
1241 2404 1326 2440 spolia
1337 2404 1540 2439 eripere?Quod
1559 2403 1582 2431 si
1595 2403 1657 2438 quis
1681 2402 1733 2429 hoc
1749 2403 1840 2437 ipsum

209 2449 239 2475 τὸ
261 2448 406 2484 Ἐϐραῖκδν
419 2449 540 2482 δικαίως
555 2449 623 2485 ἔχει.
640 2450 750 2477 Δίκαιον
776 2450 825 2485 μὲν
838 2450 892 2486 γὰρ
920 2449 994 2476 τοῦτο

1044 2452 1117 2486 juste
1134 2454 1269 2485 conetur;
1288 2451 1422 2479 evadetne
1447 2450 1560 2482 illamus,
1586 2456 1676 2484 neque
1702 2448 1793 2476 victus
1813 2448 1841 2476 in

214 2496 307 2522 ποιεῖν.
329 2495 411 2522 Ἀλλὰ
422 2496 465 2527 τίς
479 2496 608 2523 τοσοῦτόν
622 2497 680 2522 ἐστι
700 2496 829 2528 δυνατός;
855 2495 998 2532 ἄνθρωπος

211 2540 261 2576 μὲν
275 2541 372 2573 οὐδείς.
389 2542 483 2574 Ὅπως
497 2542 525 2568 δὲ
538 2542 569 2569 τὸ
583 2543 659 2578 παρὰ
680 2542 835 2577 ἀνθρώποις
858 2542 998 2576 ἀδύνατον,

209 2587 248 2622 τῷ
260 2588 319 2622 Θεῷ
333 2588 446 2616 δυνατὸν
456 2589 592 2624 ἐπιφέρει.
613 2589 644 2616 Εἰ
666 2589 694 2616 δὲ
707 2589 817 2622 ἀδίκως
836 2588 911 2624 ιέχει,
927 2589 999 2616 κατὰ

209 2634 272 2665 τοὺς
300 2634 502 2670 Ἐὃδομήκοντα
516 2655 524 2668 ,
545 2636 575 2662 τὸ
598 2635 691 2670 ῥητὸν,
711 2635 777 2670 περὶ
799 2634 846 2661 τοῦ
874 2635 999 2662 διαῦόλου

210 2680 287 2714 φησὶ,
304 2680 393 2716 δηλῶν
411 2682 449 2713 ὡς
462 2681 562 2713 ἀδίκως
582 2682 753 2717 ἐπιπηδήσας
776 2683 834 2714 τοῖς
855 2681 999 2718 ἠδικηκόσι

247 2736 269 2752 ⁵³
285 2735 294 2762 1
317 2736 379 2763 Cur.
397 2745 439 2768 ιιι,
454 2738 482 2764 2.
521 2737 543 2752 ⁸⁸
555 2737 644 2764 Galat.
663 2745 698 2769 tv,
719 2737 762 2765 l-‘l.
802 2737 824 2753 "
839 2737 846 2764 I
864 2737 962 2764 Thess.
974 2744 1003 2769 ιι,
1023 2737 1049 2763 7.

212 2771 233 2786 ⁶⁹
248 2771 332 2798 Muth.
348 2779 383 2798 Ml
399 2792 408 2805 ,
428 2772 472 2799 ‘29.

1047 2497 1169 2533 periculo
1196 2497 1371 2526 versabitur?
1394 2496 1473 2525 Iuste
1497 2496 1581 2527 enim,
1596 2502 1647 2530 pro
1668 2494 1842 2529 injusle,lta-

1053 2544 1098 2572 bet
1115 2543 1246 2571 Hebraica
1261 2543 1360 2576 lectio;
1375 2543 1439 2579 quia
1457 2542 1562 2578 justum
1579 2541 1660 2577 567
1673 2541 1710 2568 sit
1723 2540 1751 2567 id
1769 2540 1840 2568 ﬁeri.

1054 2589 1106 2616 Sed
1120 2590 1183 2624 quis
1202 2593 1300 2624 potens
1315 2589 1384 2617 adeo
1398 2588 1528 2616 futurus?
1542 2587 1624 2614 homo
1639 2590 1714 2614 certe
1737 2586 1841 2613 nullus.

1052 2636 1097 2668 At,
1112 2635 1159 2670 qui
1177 2635 1249 2670 quod
1268 2635 1426 2662 hominibus
1441 2634 1527 2666 nefas,
1547 2633 1602 2661 Deo
1618 2632 1670 2668 ipsi
1686 2636 1841 2667 promptum

1053 2681 1100 2712 sit.
1117 2681 1250 2716 suggerit.
1265 2681 1312 2708 Sin
1328 2686 1431 2714 autem,
1462 2684 1491 2708 ut
1517 2680 1620 2708 habent
1649 2679 1840 2714 Septuaginta,

1105 2737 1127 2753 “
1139 2737 1191 2765 lsa.
1210 2744 1241 2769 ιι,
1257 2738 1284 2765 5.
1323 2738 1345 2754 ⁶¹
1362 2738 1413 2765 Isa.
1434 2745 1509 2771 xxvt,
1525 2738 1554 2765 7.
1591 2737 1614 2754 “
1629 2735 1725 2765 Matth.
1750 2744 1792 2768 ιιι,
1808 2736 1845 2764 5..

850 2816 967 2844 νΛιιιΑε
988 2816 1190 2844 LECTIONES.

246 2861 259 2880 ιι
270 2862 322 2896 ἀρ.
339 2862 388 2898 τὴν
404 2862 534 2890 ἀνωτάτω
548 2863 654 2898 δηλοῦν.

708 2863 714 2883 i
734 2871 779 2897 γρ,
793 2862 1058 2900 ἐξυπηρετουμένσς.
1099 2861 1105 2886 i
1124 2870 1170 2897 χρ.
1185 2861 1326 2898 ἑκλείχειν.
