1999 3076
196 112 229 143 26
233 114 266 144 83

868 127 1044 159 PROCOPII
1064 129 1186 160 GAZJEI

1765 135 1837 166 2184

196 169 302 204 liquata
323 173 450 210 legimus,
476 178 510 204 ad
526 178 665 208 diabolum
682 190 774 211 sermo
790 185 934 218 referetur,
960 194 973 214 ε

1042 188 1136 224 μηδὲν,
1165 189 1213 215 καὶ
1241 188 1333 216 λαϐὼν
1362 190 1565 226 αἰχμαλώτους,
1592 193 1629 220 οὐ
1651 193 1835 226 σωθήσεται.

194 218 332 252 eutndetn,
347 221 393 256 qui
412 223 480 250 nihil
494 225 607 253 meritos
620 227 807 264 insultaverit,
822 235 850 258 et
861 233 985 267 captivos

195 263 335 298 habuerit,
355 266 480 295 Salutem
496 278 548 297 non
576 280 781 302 conseculurum
800 263 986 310 rsigniﬁ-cabit.

194 309 280 342 Quale
295 316 339 339 est
355 313 434 347 illud,
452 316 526 350 quod
541 317 607 345 alibi
628 319 656 346 in
674 320 747 348 hunc
761 309 872 350 modum
887 325 987 352 scribi-

192 360 238 382 tur
253 365 261 383 z
278 366 287 382 ‹
305 357 545 390 Quetnadmodutn
570 372 631 399 qua:
657 367 792 402 sanguine
808 370 910 403 polluta
930 375 983 403 est,

191 403 295 429 munda
311 411 365 431 non
381 411 444 434 est:
464 407 505 435 sic
526 416 613 443 purus
630 415 657 438 et
677 418 703 439 et
715 413 774 448 ipse
790 413 861 441 haud
875 414 986 443 futurus

190 454 230 473 es.
246 448 382 480 Quoniam
412 456 514 480 terram
533 463 623 482 meam
645 460 770 492 vastasti,
796 462 985 497 populumque

195 501 286 522 meum
304 495 487 531 interfecisti;
503 508 557 527 non
580 503 705 531 manebis
722 505 748 532 in
769 510 901 534 aeternum
916 511 986 535 tenk

195 545 248 572 pus
275 539 308 566 "°.
340 549 350 566 ›
378 541 442 583 {Ejus
473 551 538 572 vero
555 545 666 574 dotnum
685 548 858 583 inparabola
888 552 983 580 mundi

192 585 305 612 nomine
325 580 453 623 intelligi.
469 594 496 616 et
511 598 559 625 per
573 593 771 627 supellectilem
787 596 906 629 animas,
921 598 984 632 qui-

188 629 240 657 bus
261 639 323 658 eum
349 633 486 667 spoliavit,
519 636 636 665 latenter
663 639 807 668 indicavit.
827 641 907 674 Quod
930 629 978 671 ubi

1039 234 1150 261 Τοιοῦτο
1164 235 1193 262 δέ
1209 244 1293 270 φησιν
1309 236 1443 272 ἀλλαχοῦ·
1460 247 1471 264 ε
1491 238 1541 265 ’ον
1560 238 1661 274 τρόπον
1683 239 1789 272 ἱμάτιον
1805 241 1835 266 ὲν

1038 280 1136 315 αἵματι
1152 282 1328 318 πεφυρμένον
1353 283 1404 310 οὐκ
1423 283 1499 310 ἔσται
1517 284 1647 319 καθαρὸν,
1669 284 1755 316 οὕτως
1773 285 1835 311 οὐδὲ

1039 327 1071 353 σὺ
1086 327 1134 362 ἔσῃ
1155 327 1288 362 καθαρός.
1305 329 1378 355 Διότι
1392 329 1442 363 τὴν
1457 329 1512 364 γῆν
1530 338 1580 364 μου
1604 329 1758 361 ἀπώλεσας,
1785 329 1834 356 καὶ

1037 372 1083 399 τὸν
1093 372 1158 400 λαόν
1171 382 1221 408 μου
1238 373 1414 407 ἀπέκτεινας,
1433 375 1463 401 οὐ
1477 374 1515 409 μὴ
1534 375 1629 411 μείνῃς
1649 376 1689 406 είς
1703 376 1748 402 τὸν
1767 374 1834 401 αἰῶ-

1037 427 1070 444 να
1085 419 1191 454 χρόνον.
1206 429 1216 446 ι
1226 420 1322 447 Οἰκίαν
1330 419 1358 446 δὲ
1369 421 1452 447 αὐτοῦ
1465 421 1511 447 τὸν
1519 421 1620 455 κόσμον
1630 420 1674 447 διὰ
1684 421 1732 453 τῆς
1741 429 1832 455 παρα-

1038 462 1119 498 ϐολῆς
1135 464 1285 499 ὑπῃνίξατο
1298 485 1306 496 ,
1335 465 1384 492 καὶ
1399 465 1485 500 σκεύη
1511 465 1560 497 τὰς
1575 465 1675 500 ψυχὰς,
1692 465 1725 496 ἃς
1740 465 1831 492 ἐσκύο

1036 510 1152 536 λευσεν
1171 510 1201 542 ἐξ
1220 510 1315 538 αὐτοῦ.
1344 512 1377 537 "0
1401 511 1433 546 δὴ
1463 512 1591 546 ποιήσας,
1624 511 1672 537 καὶ
1689 512 1728 542 εὶς
1755 511 1831 545 ἡμᾶς

1038 555 1204 590 παρέπεμψε
1223 556 1254 583 τὸ
1270 557 1358 593 νικᾷν.
1371 556 1457 583 Τοῦτο
1472 556 1526 591 γὰρ
1545 557 1593 582 καὶ
1610 556 1715 587 Παῦλος
1738 555 1830 582 λαῦὼν

1038 598 1154 633 ἔφασκε,
1177 610 1187 628 ι
1203 601 1296 628 Πάντα
1313 602 1398 637 ἰσχύω
1409 603 1437 628 ὲν
1450 602 1490 637 τῷ
1500 601 1694 637 ἐνδυναμοῦντί
1712 609 1744 636 με
1760 601 1829 636 Χρι-

1035 653 1101 681 στῳ.
1110 656 1120 673 ι

186 677 325 710 prastitit,
356 685 383 706 et
407 680 440 707 ad
467 689 518 709 nos
540 683 622 710 etiam
644 686 770 714 vincendi
798 687 972 723 facultatem,
993 689 1079 720 Paulo
1096 698 1178 728 teste,
1199 694 1365 727 transmisit,
1388 694 1434 730 qui
1457 695 1484 721 in
1521 694 1634 721 Christo
1658 693 1732 721 vires
1765 699 1829 728 sup-

185 720 327 756 peditante
344 723 413 751 nihil
425 733 478 752 non
492 733 572 760 posse
588 728 733 756 afﬁrmavit
748 731 781 758 “.

222 767 310 801 Atque
323 768 386 796 inde
402 775 455 804 est,
470 773 542 806 quod
554 773 726 804 daemonibus
743 778 822 813 ipsis,
835 784 862 806 et
878 780 982 807 morbis

184 812 268 839 animi
279 816 436 849 superiores
453 819 610 854 evadimus;
634 822 793 859 Christique
814 825 980 854 benevolen-

184 856 232 888 tia,
247 862 376 893 tanquam
395 862 480 890 armis
495 865 604 898 tnuniti,
617 866 716 895 fortem
732 869 821 904 ipsum
834 871 980 905 spoliantus

183 907 350 940 nostrasque
375 908 469 941 ipsiet
496 910 650 939 vicinorum
676 914 784 942 animas
811 916 844 943 ab
868 917 979 944 interitu

182 947 366 978 vindicamus.
384 952 478 989 Itaque
505 956 541 983 ait
556 965 562 983 :
579 957 682 993 Siquis
712 962 845 995 captivum
874 963 981 998 duxerit

182 993 326 1029 gignulem,
353 999 438 1029 spolia
463 1002 582 1036 accipiet,
597 1008 622 1030 et
650 1006 695 1040 qui
721 993 859 1042 acceperit,
875 1017 890 1035 a
915 1009 981 1044 forti

180 1040 338 1068 salvebitur.
352 1042 404 1070 Per
415 1045 556 1074 Christum
570 1050 642 1076 enim
672 1051 761 1086 ipsuut
777 1040 936 1088 spoliantur,
953 1060 980 1084 et

180 1085 328 1120 salvamur,
342 1090 388 1123 qni
401 1090 469 1118 dixit
481 1101 488 1119 ς
505 1102 514 1119 ί
530 1093 598 1122 Ecce
609 1103 660 1131 ego
677 1085 711 1125 do
725 1085 802 1126 vobis
815 1105 977 1135 potestatem

180 1132 361 1161 cononlcandi
382 1143 479 1165 omnes
504 1145 647 1174 Serpentes
662 1147 689 1170 et
719 1145 891 1180 scorpiones,
917 1155 978 1174 om-

179 1184 298 1213 nemque
309 1185 471 1215 poteslatem
484 1185 586 1214 inimici
604 1188 638 1215 τ’.
656 1198 666 1214 ι
688 1189 736 1218 Est
751 1192 824 1218 enim
846 1192 904 1227 ipse
922 1194 977 1220 vir-

179 1226 267 1250 tutum
283 1227 404 1254 otnniutu
421 1227 562 1259 Dominus.
578 1231 671 1268 Neque
683 1243 748 1262 vero
773 1226 892 1265 istaarse
919 1239 974 1266 ﬁeri

178 1267 309 1305 deinceps
330 1274 450 1308 reticuit,
473 1283 536 1303 cum
566 1279 604 1305 ait
619 1267 634 1307 :7
651 1279 708 1316 Ego
727 1281 861 1316 judicium
888 1292 975 1312 meum

179 1312 303 1344 iudicabo
318 1325 328 1344 .-
346 1323 370 1344 et
404 1328 450 1354 ego
469 1322 541 1355 filios
568 1332 637 1352 meos
663 1312 766 1360 εὲυαῖη,
782 1333 910 1364 tauquatn
932 1331 975 1358 id-

179 1359 270 1395 ipsutn
287 1371 302 1390 a
318 1371 348 1392 se
361 1372 415 1392 uno
433 1371 537 1395 tantum
553 1372 674 1404 praestari
695 1380 793 1408 posse;
810 1375 973 1403 spoliorum-

178 1414 233 1440 quc
245 1409 356 1436 nomine
370 1411 440 1439 lilios
460 1413 641 1443 demonstrari
657 1418 864 1453 signiticet.Qui
881 1428 970 1450 autem

177 1460 225 1480 ros
237 1456 420 1489 sustulerunt,
435 1458 499 1492 quia
513 1459 569 1494 jam
585 1461 700 1489 aliorum
713 1471 806 1491 carnes
825 1466 901 1493 edere
917 1475 970 1494 non

177 1504 304 1533 possunt,
321 1509 383 1528 suas
396 1502 598 1537 ipsicomedertt.
612 1506 645 1533 Et
655 1508 701 1543 qui
715 1509 897 1538 lmmauarum
910 1513 970 1540 aui-

1070 780 1120 807 Διὰ
1136 780 1217 807 τοῦτο
1232 781 1279 808 καὶ
1290 781 1421 816 δαίμονας
1435 780 1566 815 νικῶμεν,
1578 779 1626 807 καὶ
1639 779 1733 806 παθῶν
1746 787 1825 815 περιρ

1034 826 1168 862 γινόμεθα
1182 826 1306 861 ψυχικῶν
1321 827 1404 853 ὅπλον
1421 827 1546 858 εὐδοκίας
1567 826 1676 861 ἔχοντες
1699 826 1745 853 τὸν
1760 826 1828 861 Χρι-

997 888 1017 915 Β
1035 873 1165 905 orbi/mai.
1178 873 1371 906 σκυλεύομεν
1385 873 1478 906 αὐτὸν,
1499 872 1549 907 τὴν
1564 872 1701 907 ἡμετέραν
1722 871 1824 903 σώζον-

1032 927 1089 950 τες,
1106 918 1153 945 καὶ
1175 919 1230 945 τῶν
1245 918 1358 954 πλησίον
1380 918 1479 953 ψυχάς.
1495 918 1542 943 Διό
1570 926 1653 951 φησιν
1665 924 1671 931 ·
1693 916 1765 943 Ἐάν
1779 925 1825 949 τις

1032 963 1264 998 αΙχμαλωτεύσῃ
1277 964 1412 997 γίγαντα,
1427 963 1558 997 λήψεται
1569 963 1681 990 σκῦλα.
1702 963 1824 1013 έαμϐἀῖ

1031 1016 1092 1034 νων
1109 1007 1152 1040 δὲ,
1173 1008 1253 1041 παρὰ
1264 1009 1426 1042 Ζσχύοντος
1441 1008 1621 1041 σωθήσεται.
1641 1009 1690 1035 Διά
1702 1008 1822 1044 Χριστοῦ

1030 1053 1085 1088 γὰρ
1100 1055 1293 1086 σκυλεύομεν
1307 1054 1398 1087 αὑτὸν,
1415 1055 1462 1081 καὶ
1479 1053 1641 1089 σωζόμεθα,
1657 1054 1704 1081 τοῦ
1731 1056 1821 1081 εἶπόνι

1029 1108 1093 1131 τος*
1112 1110 1120 1126 ι
1146 1100 1212 1126 Ἰδοὺ
1231 1100 1335 1127 δέδωκα
1363 1101 1427 1134 ὑμῖν
1450 1100 1574 1133 ἐξουσίαν
1602 1103 1699 1127 πατεῖν
1729 1102 1822 1129 ἐπάνω

1029 1144 1117 1178 ὅφεων
1129 1145 1177 1171 καὶ
1193 1146 1343 1181 σκορπίων,
1356 1145 1403 1172 καὶ
1417 1146 1463 1172 ἐπὶ
1477 1147 1567 1173 πᾶσαν
1580 1146 1630 1182 τὴν
1644 1147 1760 1182 δύναμιν
1773 1146 1820 1173 τοῦ

1028 1191 1137 1226 ἐχθροῦ.
1160 1201 1170 1218 ι
1184 1192 1269 1223 Αὐτὸς
1279 1192 1360 1227 γὰρό
1379 1192 1433 1219 τῶν
1458 1193 1600 1228 δυνάμεων
1623 1193 1734 1228 Κύριος.
1758 1193 1821 1220 Ὀτι

1027 1237 1082 1272 γὰρ
1098 1238 1111 1263 ὸ
1126 1237 1213 1266 ταῦτα
1239 1239 1346 1273 πράξας
1361 1239 1435 1266 ἐστὶν
1449 1239 1530 1271 αὐτὸς
1546 1238 1621 1274 δηλοί
1634 1240 1720 1273 λέγων
1736 1239 1800 1274 ἑξῆς
1810 1246 1819 1254 '

1033 1283 1107 1318 Ἐγὼ
1132 1283 1166 1310 δὲ
1190 1284 1248 1318 τὴν
1277 1285 1379 1319 κρίσιν
1394 1293 1455 1320 μου
1470 1284 1570 1320 κρινῶ.
1592 1285 1648 1312 Καὶ
1666 1285 1723 1320 ἐγὼ
1747 1284 1820 1318 τοὺς

1025 1329 1110 1362 υὶοτύς
1124 1338 1184 1364 μου
1194 1330 1340 1364 ῥύσομαι,
1355 1330 1446 1364 ἐαυτῷ
1463 1331 1535 1365 μόνῳ
1551 1330 1664 1356 δυνατὸν
1678 1330 1708 1356 τὸ
1722 1330 1819 1365 χρῆμα

1024 1375 1142 1408 δεικνὺς,
1162 1376 1211 1402 καὶ
1233 1375 1270 1402 τὰ
1297 1376 1399 1403 σκῦλα
1425 1376 1514 1410 δηλῶν
1538 1377 1602 1408 τοὺς
1622 1376 1706 1408 υῑούς.
1730 1377 1761 1402 0t
1789 1375 1819 1404 δὲ

1024 1422 1137 1454 τούτους
1156 1422 1364 1457 ἀφαιρεθέντες,
1385 1422 1435 1448 οὐκ
1457 1422 1498 1448 ἑτι
1517 1422 1567 1453 τὰς
1584 1421 1685 1457 ἐτέρων
1700 1421 1818 1455 σάρκας

1023 1468 1137 1495 ἐσθίειν
1155 1468 1310 1503 δυνάμενοι,
1326 1468 1380 1500 τὰς
1396 1467 1511 1495 ἑαυτῶν
1526 1467 1682 1503 φάγονται.
1694 1468 1732 1494 Οὐ
1746 1467 1774 1494 δὲ
1787 1468 1818 1494 τὸ

1022 1512 1093 1549 αἷμα
1104 1515 1158 1541 τῶν
1175 1514 1354 1550 ἀνθρωπίνων
1376 1513 1485 1549 ψυχῶν
1505 1514 1641 1541 ἐκπίνειν
1659 1514 1816 1549 δυνάμενοι,

177 1551 282 1572 tuarum
299 1548 454 1582 sanguinem
467 1550 570 1578 ebibere
589 1560 643 1580 non
670 1561 795 1589 possunt,
813 1565 892 1584 suttttt
914 1558 964 1593 ipsi

1026 1548 1168 1587 :orézu'cd'w
1184 1548 1252 1595 αἷμα
1265 1561 1309 1593 εις
1320 1548 1418 1595 μέθην·
1431 1560 1561 1592 πίονται,
1575 1560 1619 1586 ὅτε
1634 1548 1735 1590 πάντες
1746 1560 1772 1585 oi
1787 1561 1817 1587 ὲν

175 1588 211 1623 ad
222 1590 373 1619 ebrietatem
384 1602 466 1628 usque
479 1595 585 1629 bibent;
604 1600 713 1632 quando
724 1609 821 1629 omnes
835 1603 972 1644 homines,

174 1635 222 1668 qui
236 1634 263 1662 in
279 1643 363 1664 carne
379 1643 455 1670 sunt.
472 1649 512 1667 nte
525 1641 667 1670 Dominum
680 1653 747 1677 esse,
761 1647 807 1682 qui
822 1653 856 1680 te,
876 1634 973 1676 civita:

175 1683 229 1706 tem
245 1688 346 1713 meam.
357 1685 470 1712 eruerim
484 1688 602 1721 aguituri
618 1695 693 1718 sunt.
707 1691 767 1719 Alio
782 1698 872 1721 tamen
888 1702 970 1723 sensu

175 1730 305 1766 tanquam
411 1737 520 1766 sumpto
531 1733 641 1762 aliunde
652 1737 800 1772 principio,
816 1739 850 1766 de
862 1739 906 1773 iis,
923 1748 969 1775 qui

174 1770 325 1799 Ecclesium
343 1781 487 1810 vexarunt,
505 1782 626 1807 extrema
641 1782 784 1811 subituros
807 1792 869 1812 esse
906 1793 971 1820 sup-

174 1817 256 1852 plicia
276 1819 381 1849 indicat
409 1823 516 1856 oratio;
544 1829 574 1852 ut
605 1828 744 1861 omnibus,
772 1838 826 1858 non
859 1817 969 1858 mortali

173 1864 275 1893 virtute
286 1866 388 1909 aliqua,
404 1870 450 1897 sed
472 1878 487 1897 a
505 1871 559 1900 Deo
583 1872 678 1908 Jacob,
696 1876 848 1906 Ecclesium
872 1878 970 1907 deleu-

172 1917 231 1937 sam
253 1910 337 1940 fuisse
352 1914 516 1944 innotescat.

207 1959 365 1993 Opportune
379 1967 469 1994 autem
483 1964 579 1992 Jacobi
601 1974 700 1995 nomen
714 1969 748 1996 ad
764 1978 826 1998 eum
837 1991 844 2003 ,
862 1972 908 2007 qui
939 1973 966 2001 in

173 2005 260 2032 forma
277 2006 397 2035 hominis
410 2010 573 2043 patriarchae
586 2014 662 2046 visus
674 2019 726 2046 est,
743 2016 826 2043 lilium
844 2018 890 2045 Dei
911 2020 967 2047 sci-

171 2050 247 2084 licet,
273 2053 355 2080 animi
383 2055 578 2090 cogitationem
605 2060 730 2087 remittit.
754 2062 849 2090 Potest
875 2068 965 2092 tamen

171 2096 254 2122 etiam
268 2098 427 2132 quemlibet,
445 2101 490 2134 qui
510 2102 649 2130 diabolum
668 2106 852 2140 supplantarit
869 2116 966 2143 pecca-

172 2143 248 2177 tique
262 2143 375 2179 laqueos
388 2147 514 2181 solverit,
534 2149 701 2184 signiﬁcare.
721 2152 798 2185 Quod
813 2158 903 2182 autent
928 2156 966 2183 di-

171 2189 210 2215 xit
226 2198 233 2216 :
249 2190 316 2217 Ecce
325 2192 395 2222 cleuo
411 2201 490 2227 super
510 2200 597 2229 gentes
622 2205 740 2231 "ianum,
756 2204 783 2226 et
799 2208 860 2235 qua:
887 2202 963 2230 dein-

171 2242 254 2270 ceps;
271 2235 403 2265 historice
428 2247 539 2267 rursum
565 2241 599 2268 de
617 2242 672 2275 his,
688 2245 734 2278 qui
752 2246 851 2280 captivi
873 2254 962 2281 erant,

173 2282 296 2308 nonnulli
310 2290 493 2318 accept-runt;
522 2294 555 2314 ac
571 2287 593 2316 si
618 2294 754 2317 annuente
775 2299 803 2318 se
827 2292 964 2321 collectum

172 2326 218 2360 iri,
239 2327 360 2363 undique
379 2329 554 2365 hostimnque
569 2333 699 2361 satellitio
718 2338 791 2362 tutos
803 2340 830 2363 et
844 2333 965 2366 munitos

170 2371 230 2399 fore
257 2373 472 2402 demonstraret.
495 2375 573 2409 Quod
596 2378 630 2405 ad
656 2380 848 2414 promissionis
877 2390 964 2418 usque

169 2424 279 2454 tempus
291 2428 346 2447 non
360 2421 419 2448 ideo
436 2422 549 2450 dilatum
564 2429 615 2456 est,
630 2426 703 2460 quod
725 2435 825 2455 vanum
841 2432 868 2455 et
881 2428 962 2457 fallax

169 2467 316 2493 exsisteret
330 2476 337 2494 :
352 2467 398 2494 sed
412 2468 485 2502 quod
502 2469 552 2503 ipsi
568 2469 702 2498 factorum
720 2473 887 2508 turpitudine
895 2475 966 2502 divi-

170 2511 214 2539 nis
242 2512 472 2547 promissionibns
493 2514 621 2542 idoneunt
638 2520 746 2553 tempus
769 2520 883 2547 concedi
908 2529 963 2549 non

170 2559 369 2594 permitterent.
384 2560 485 2589 Deinde
509 2562 640 2590 adversus
653 2572 750 2598 pravas
764 2573 859 2597 eorum
876 2568 960 2595 animi

170 2605 353 2640 cogitationes
368 2615 491 2641 pugnans
504 2609 614 2637 eosdem
635 2616 747 2646 propter
766 2613 871 2647 privata
901 2622 962 2642 sce-

171 2649 240 2681 lera.
257 2658 311 2678 non
344 2656 456 2687 propter
481 2653 580 2680 \‘it'iutlt
604 2662 716 2682 suarutn
747 2656 959 2686 imbecillitatem

1026 1606 1110 1641 σαρκὶ
1124 1607 1305 1642 τυγχάνοντες
1321 1606 1459 1641 ἄνθρωποι
1473 1605 1623 1640 γνώσονται
1638 1606 1678 1632 ὅτι
1689 1605 1746 1640 ἐγὼ
1759 1605 1818 1631 Κύ-

1020 1660 1087 1685 ριος
1098 1653 1114 1678 o'
1128 1651 1304 1686 ρυσάμενύς
1318 1660 1355 1678 σε
1366 1651 1416 1686 τὴν
1433 1651 1554 1686 ἐμαυτοῦ
1567 1651 1654 1677 πόλιν.
1673 1650 1742 1677 Καθ’
1755 1650 1816 1678 ἐτέ-

1025 1705 1075 1732 ραν
1087 1697 1114 1724 δὲ
1131 1697 1259 1727 διάνοιαν.
1275 1697 1312 1728 ὡς
1323 1697 1353 1729 ἐξ
1368 1697 1464 1732 ἐτέρας
1490 1698 1589 1732 ἀρχῆς,
1605 1697 1668 1732 περὶ
1684 1696 1739 1723 τῶν
1750 1696 1815 1723 διω-

1024 1743 1127 1775 ξάντων
1144 1744 1194 1778 τὴν
1215 1743 1380 1778 Ἐκκλησίαν
1397 1744 1411 1769 ό
1424 1744 1513 1777 λόγος,
1529 1744 1625 1778 ὅτιπερ
1641 1743 1756 1777 ἐσχάτας
1772 1742 1815 1768 τί-

1024 1799 1099 1816 σουσι
1117 1790 1205 1822 δίκας,
1229 1790 1266 1821 ὡς
1295 1790 1450 1825 γνωσθῆναι
1468 1790 1562 1822 πᾶσιν,
1592 1790 1632 1816 ὅτι
1654 1790 1691 1824 μὴ
1714 1788 1815 1824 θνητῆς

1022 1836 1128 1871 ὑπῆρχε
1146 1836 1289 1870 δυνάμεως
1301 1837 1352 1870 τῆς
1377 1836 1540 1871 Ἐκκλησῐας
1561 1837 1578 1872 ἡ
1592 1836 1697 1871 σκέπη,
1718 1836 1766 1862 τοῦ
1784 1836 1814 1862 δὲ

1022 1882 1096 1912 Θεοῦ
1117 1881 1224 1909 Ἰακώϐ,

1056 1971 1103 2004 Εἰς
1117 1972 1213 2007 καιρὸν
1227 1972 1240 1991 ¹ί
1254 1972 1282 1998 δὲ
1300 1971 1393 2007 ῥηθεὶς
1409 1971 1514 1998 Ἰακὼϐ
1528 1971 1686 2006 ἀναπέμπει
1701 1971 1751 2006 τὴν
1765 1971 1811 1997 ἓν·

1019 2026 1094 2047 νοιαν
1114 2018 1161 2044 ἐπὶ
1181 2018 1227 2044 τὸν
1248 2019 1278 2044 ὲν
1295 2017 1440 2053 ἀνθρώπου
1465 2018 1586 2053 σχήματι
1598 2017 1637 2052 τῷ
1652 2017 1810 2053 πατριάρχῃ

1019 2064 1150 2098 φανέντα,
1164 2064 1210 2091 τὸν
1223 2064 1288 2091 Υίὸν
1300 2064 1346 2091 τοῦ
1363 2064 1442 2091 Θεοῦ.
1470 2065 1587 2090 Δύναται
1610 2063 1639 2090 δὲ
1655 2065 1702 2089 καὶ
1721 2063 1810 2090 πάντα

1017 2110 1114 2145 δηλοῦν
1126 2110 1304 2146 πτερνίζοντα
1318 2110 1362 2136 τὸν
1373 2109 1505 2140 διάϐολον,
1520 2109 1567 2136 καὶ
1578 2110 1640 2140 τοὺς
1655 2109 1705 2144 τῆς
1716 2110 1809 2144 ἁμαρ-

1018 2158 1079 2188 τίας
1103 2157 1279 2192 παραλύοντα
1295 2156 1421 2191 βρόχους.
1449 2156 1485 2182 Τδ
1500 2156 1549 2205 δέ·-
1575 2155 1741 2205 Ἰιῖοὺριῖρω
1764 2157 1809 2205 εἰς

1017 2200 1053 2227 τὰ
1068 2200 1140 2233 ἔθνη
1169 2200 1226 2234 τὴν
1244 2199 1329 2235 χεῖρὰ
1350 2209 1410 2234 μου
1422 2220 1430 2232 ,
1456 2200 1503 2227 καὶ
1522 2200 1557 2227 τὰ
1572 2200 1646 2235 ἑξῆς,
1664 2200 1808 2235 ἱστορικῶς

1017 2254 1089 2277 τινες
1105 2246 1186 2272 πάλιν
1204 2245 1341 2279 ἐξέλαϐον,
1359 2246 1423 2281 περὶ
1436 2245 1491 2272 τῶν
1504 2246 1533 2272 ὲν
1545 2246 1728 2281 αἰχμαλωσίᾳ.
1742 2246 1809 2272 Βου-

1016 2293 1131 2328 λομένου
1147 2293 1202 2328 γάρ
1218 2301 1270 2328 μου
1286 2292 1530 2328 συναχθήσεσθε,
1547 2293 1624 2328 φησὶ,
1639 2293 1808 2327 πανταχόθεν

1016 2340 1069 2366 ὑπὸ
1086 2339 1139 2366 τῶν
1152 2339 1258 2374 ἐχθρῶν
1274 2339 1571 2374 δορυφορηθησὸμενοι.
1584 2338 1670 2365 Τοῦτο
1680 2339 1708 2365 δὲ
1725 2338 1807 2373 μέχρι

1015 2386 1064 2421 τῆς
1075 2386 1241 2419 ἐπαγγελίας
1258 2385 1323 2420 ἔστη
1336 2385 1374 2421 μὴ
1385 2386 1530 2420 γενόμενον
1542 2385 1625 2420 ἔργῳ,
1635 2386 1684 2420 οὐχ
1695 2385 1733 2416 ὡς
1742 2386 1808 2419 ψευ-

1014 2432 1069 2464 δὲς,
1098 2431 1158 2459 ἀλλ’
1178 2432 1215 2463 ὡς
1230 2432 1341 2459 ἐκείνων
1358 2431 1402 2458 διὰ
1429 2431 1459 2458 τὸ
1472 2431 1581 2463 ἀνάξιον
1599 2431 1636 2466 μὴ
1651 2431 1807 2457 δεδωκότων

1014 2478 1111 2514 καιρὸν
1129 2479 1188 2510 ταῖς
1206 2478 1292 2509 θείαις
1320 2477 1510 2512 ἐπαγγελίαις·
1523 2477 1590 2512 πρὸς
1610 2478 1638 2503 δὲ
1657 2477 1706 2508 τὰς
1717 2476 1806 2508 κακὰς

1015 2523 1105 2550 αὐτῶν
1115 2523 1219 2554 ἐννοίας
1232 2523 1397 2558 μαχόμενος,
1410 2523 1544 2549 δείκνυσιν
1557 2523 1595 2554 ὡς
1607 2523 1688 2549 οὐδιὰ
1698 2523 1748 2558 τὴν
1756 2522 1805 2548 αὑ-

1015 2567 1062 2594 τοῦ
1077 2567 1222 2602 γεγόνασιν
1232 2567 1578 2604 ἁδυναμίαναιχμάλωτοι,
1591 2568 1634 2594 διὰ
1649 2567 1731 2599 δὲτὰς
1739 2568 1805 2597 ἑαυ-

1016 2614 1070 2641 τῶν
1083 2614 1231 2650 ἁμαρτίας.
1241 2614 1284 2646 Ὠς
1293 2614 1347 2650 γὰρ
1357 2615 1444 2646 οὐδεὶς
1451 2615 1505 2641 τῶν
1514 2614 1580 2650 παρ’
1587 2615 1651 2650 ὑμῖν
1660 2614 1805 2650 νομιζομέ-

1018 2668 1072 2687 νων
1088 2660 1236 2695 γιγάντων
1247 2660 1300 2687 ὑπὸ
1314 2660 1509 2689 ἀσθενεστέρου
1532 2661 1729 2694 σκυλεύεται,
1741 2659 1806 2690 ἀδι-

205 2732 228 2746 ”
241 2731 340 2761 Ezech.
355 2743 423 2770 un,
435 2737 462 2771 4,
478 2739 506 2766 5.
543 2735 566 2754 ²¹
580 2734 682 2770 Ephes.
695 2743 732 2771 tv,
746 2736 772 2764 7.
810 2737 833 2754 ⁷²
842 2737 908 2764 Luc.
919 2746 946 2771 x,
967 2738 1011 2765 19.

821 2801 936 2834 YAHL‘E
955 2801 1158 2832 LECTIONES.

206 2837 218 2857 ιι
232 2847 275 2872 ῃ).
292 2840 439 2877 εὐκαίρως.
