1999 3076
164 173 234 204 2i85

707 177 972 209 COMMENTARII
994 178 1036 210 IN
1053 178 1198 212 ISAIAM.

1725 183 1801 215 9188

156 238 213 256 κον
229 230 374 265 ὑπομένων
386 231 607 266 αίχμαλωσίαν,
626 232 734 268 ἀναιρεῖ
752 232 781 259 δὲ
801 233 848 259 τὸν
863 234 952 268 ὲγχει-

1011 235 1122 270 :aptivos
1132 244 1187 263 esse
1197 235 1379 264 demonstrat.
1393 237 1626 271 Quemadmodum
1647 239 1720 268 enim
1751 251 1798 266 οισι-

159 277 281 310 ρήσαντα
291 284 298 292 ’
313 277 402 309 οὕτως
417 278 467 304 οὐκ
493 278 557 313 ἐνῆν
571 277 637 313 ἐμοῦ
654 278 691 313 μὴ
704 278 878 314 Θελήσαντος,
888 280 952 311 τοὺς

157 322 289 354 λαϐόντας
300 322 375 358 una.
383 323 575 358 αἰχμαλώτους
586 324 666 355 ἑλεῖν,
680 325 710 351 El
725 324 762 360 μὴ
775 325 836 351 καθ’
844 325 950 352 ἑαυτῶν

158 368 351 404 ἡμαρτηκότες
374 368 424 404 τὴν
447 369 538 396 αἰτίαν
565 370 711 406 παρέχετε.
738 371 812 406 Πλὴν
830 371 949 406 ἐλεήσας

160 414 232 450 ὑμᾶς
245 415 295 449 μὲν
311 415 483 448 ἀνακαλέσω,
499 414 619 447 ἐκείνους
643 415 671 442 δὲ
692 417 887 451 τιμωρήσομαι
899 417 949 451 τὴν

159 462 221 488 καθ’
246 462 324 498 ὑμῶν
342 462 530 494 ὲπιτείναντας
557 462 682 490 κόλασιν·
697 463 744 489 καὶ
760 462 882 497 σαρκῶν
895 463 949 490 τῶν

161 507 234 535 ίδίων
260 508 426 542 γευσάμενοι
455 508 605 543 γνώσονται
627 509 673 535 τὸν
691 508 856 544 ποιήσαντα,
877 509 949 536 καθὰ

160 554 207 580 καὶ
219 553 453 589 Ναόουχοδονόσορ
476 553 520 580 διὰ
538 554 659 590 σημείων
682 554 838 586 παιδευθεὶς
863 555 950 589 μέγαν

160 599 296 634 ὡμολόγει
319 599 364 626 τὸν
387 599 454 626 Θεὸν
467 599 580 635 Δανιήλ.
614 600 694 632 Τινὲς
716 600 744 627 δὲ
760 601 795 627 τὰ
812 601 877 636 περὶ
901 601 949 627 τοῦ

160 645 300 679 γίγαντος
325 645 504 681 ἐξηγούμενοι
530 646 674 681 λέγουσιν·
692 647 748 682 Οὐχ
777 647 893 682 ἥττηται
920 647 952 673 τὸ

160 691 273 718 δυνατὸν
295 691 345 726 τῆς
376 693 565 729 Ἰερουσαλὴμ,
583 694 644 720 οὐδὲ
668 694 685 729 ὴ
712 693 872 729 δικαιοσύνη
888 694 905 729 ἡ
922 693 951 720 ὲν

161 737 242 772 αὐτῇ,
259 738 328 764 ἀλλὰ
341 738 375 764 δι’
388 738 526 774 ἁμαρτίας
541 740 721 775 κεκράτηται.

1004 288 1064 307 rum
1076 281 1180 313 nullus,
1197 281 1244 316 qui
1254 282 1373 318 gigantes
1395 287 1526 318 putantur
1541 291 1556 311 a
1573 285 1663 318 nobis,
1682 286 1795 313 alterius

1004 326 1196 355 imbecillioris
1212 328 1383 363 essepraeda
1397 335 1491 364 queat,
1511 334 1537 358 et
1569 330 1670 366 injuste
1696 333 1796 365 captivi

1001 372 1078 406 fieri;
1095 373 1142 401 sed
1156 381 1218 401 eum
1239 374 1340 409 potius,
1362 375 1408 410 qui
1423 375 1450 403 id
1466 376 1494 403 in
1509 384 1540 404 se
1564 381 1692 408 conetur.
1715 378 1796 405 facile

999 419 1128 446 conficiat
1143 428 1150 446 :
1165 420 1207 447 sic
1222 423 1250 447 et
1274 427 1334 454 vos,
1355 429 1400 449 me
1429 422 1551 455 nolente,
1571 424 1630 458 capi
1655 430 1796 458 nunquam

1003 465 1145 500 poteratis,
1163 466 1216 494 nisi
1232 466 1259 494 in
1276 474 1325 495 vos
1336 467 1388 502 ipsi
1410 468 1532 502 peccatis
1554 468 1655 496 vestris
1681 476 1795 496 causam

1003 511 1200 546 praebuissetis.
1218 511 1271 540 Sed
1282 520 1331 541 vos
1350 520 1400 548 ego
1415 512 1471 548 jam
1488 517 1581 541 tamen
1594 514 1678 542 vestri
1696 515 1799 542 miser-

1003 559 1048 584 tus
1061 556 1118 591 ipse
1128 564 1268 591 revocare,
1281 558 1406 593 illosque,
1420 558 1466 594 qui
1479 567 1621 593 poenarum
1635 559 1796 595 gravitatem

1004 602 1083 630 vobis
1111 603 1283 636 adauxerint,
1301 604 1398 632 ulcisci
1431 605 1536 638 statui;
1559 609 1720 640 tantumque
1742 605 1796 632 elli-

1005 655 1077 680 cere,
1096 651 1127 675 ut
1155 648 1214 676 suis
1244 649 1282 676 illi
1307 649 1432 676 carnibus
1448 650 1531 685 pasti,
1561 649 1693 677 factorem
1717 658 1796 677 stium

1003 697 1174 728 agnoscant;
1190 702 1246 722 non
1272 694 1352 722 aliter
1380 702 1462 730 quam
1483 695 1570 731 signis
1589 695 1655 722 olim
1686 694 1798 722 adactus

1002 737 1257 768 Nabuchodonosor
1299 741 1419 770 Dauielis
1451 741 1536 769 Deum
1575 749 1704 776 magnum
1736 748 1799 769 esse

162 783 305 813 coufessns
318 790 360 812 est
371 785 402 811 ⁷³.
410 783 546 813 Nonnulli
564 794 623 820 qua:
642 786 675 814 de
689 787 795 822 gigante
811 785 950 818 dicuntur,
971 783 1008 811 ita
1032 786 1181 821 explicant,
1209 790 1240 814 ut
1256 794 1309 815 non
1345 786 1604 823 Hierosolymorum
1627 789 1708 820 vires,
1745 795 1800 815 non

159 828 306 865 justitiam,
333 840 388 868 qua
415 833 564 869 pollebant,
593 833 738 867 superari;
764 832 813 860 sed
836 836 947 868 pmpter
966 831 1071 859 scelera
1084 833 1145 869 capi
1160 833 1339 861 arbitrentur.

464 879 591 907 ΚΕΦΑΛ.
606 880 649 906 N'.

196 929 276 952 α-ια’.
294 925 393 959 Οὕτως
407 926 489 961 λέγει
499 927 619 961 Κύριος,
629 926 717 953 ποῖον
730 926 818 954 τοῦτο
831 927 955 959 βιϐλίον

161 970 215 998 τοῦ
229 971 422 998 ἀποστασίου
433 970 488 1006 τῆς
499 972 613 1006 μητρὸς
628 971 721 1007 ὑμῶν,
738 969 762 1006 ᾦ
778 972 953 1004 ἐξαπέστει-

161 1019 202 1044 λα
213 1019 328 1053 αὑτήν;
344 1018 364 1053 ἢ
386 1018 445 1045 τίνι
466 1018 603 1053 ὐποχρέω
620 1018 760 1053 πέπρακιι
771 1018 849 1053 ὑμᾶς
859 1028 870 1052 ;
889 1019 954 1047 ίδοὺ

161 1065 228 1099 ταῖς
244 1065 401 1101 ἁμαρτίαις
410 1064 494 1099 ὑμῶν
507 1064 665 1099 eamdi/nte,
677 1065 726 1091 καὶ
738 1065 803 1098 ταῖς
816 1065 955 1100 ἀνομίαις

162 1112 246 1147 ὑμῶν
251 1111 452 1145 ἐξαπέστειλα
462 1110 520 1146 τὴν
527 1111 640 1146 μητέρα
649 1111 747 1146 ὐμῶν;
757 1113 785 1138 τί
794 1112 838 1138 ὅτι
848 1110 953 1147 ἦλθον,

161 1159 212 1186 καὶ
227 1159 283 1186 οὐκ
298 1156 338 1194 ἦν
352 1157 522 1192 ἅνθρωπος·
534 1157 676 1190 ἐκάλεσα,
689 1157 738 1184 καὶ
749 1159 804 1185 οὐκ
817 1156 857 1194 ἦν
873 1160 890 1186 ὁ
899 1159 956 1186 ὑπ-

162 1206 292 1238 ακούων,
306 1213 334 1232 κ.
354 1213 381 1232 τ.
399 1204 426 1232 λ.
707 1238 710 1240 η

197 1250 315 1278 Διελθὼν
331 1252 345 1278 ό
361 1250 440 1285 λόγος
458 1250 489 1277 τὸ
505 1250 637 1286 κήρυγμα
652 1250 682 1277 τὸ
699 1250 888 1285 εὐαγγελικὸν.
905 1251 955 1286 τήν

162 1304 193 1323 τε
205 1296 240 1323 δι’
253 1295 336 1323 αὑτοῦ
348 1295 403 1322 τῶν
421 1295 507 1323 ἐθνῶν
522 1296 630 1330 κλῆσιν,
643 1295 690 1322 καὶ
702 1296 751 1329 τὴν
766 1295 897 1322 σύστασιν
907 1294 955 1321 τοῦ

164 1341 308 1373 θεοσεϐοῦς
325 1341 534 1376 πολιτεύματος,
552 1341 600 1368 καὶ
619 1340 668 1367 τοῦ
685 1341 814 1376 ῥηθέντος
828 1340 956 1375 γίγαντος

163 1388 214 1423 τὴν
228 1387 400 1423 καθαίρεσιν,
420 1387 578 1422 μεταϐαίνει
590 1387 670 1414 πάλιν
689 1387 736 1413 ἐπὶ
748 1387 812 1417 τοὺς
828 1387 861 1412 ὲκ
876 1394 955 1421 περι-

163 1435 261 1469 τομῆς,
281 1433 376 1468 ὦσπερ
388 1432 605 1468 ἀπολογούμενος
619 1432 664 1460 διὰ
678 1432 704 1459 τί
717 1432 751 1459 τὰ
766 1432 830 1467 ἔθνη
843 1433 955 1458 ἐπισκο-

166 1481 269 1515 πὴσας,
284 1480 384 1512 αὐτοὺς
395 1479 520 1511 ἐκδότους
534 1480 673 1515 εποίησεν.
685 1479 788 1507 Τούτου
801 1480 852 1516 γὰρ
861 1479 954 1513 αἴτιοι,

165 1526 268 1562 φησὶν,
282 1526 373 1561 ὑμεῖς,
402 1526 452 1553 οὐκ
479 1526 545 1560 ἐγώ.
561 1526 598 1553 Οὐ
624 1526 679 1562 γὰρ
701 1525 757 1561 ὲγὼ
779 1526 829 1561 τὴν
843 1525 956 1561 μητέρα

165 1572 250 1608 ὑμῶν
260 1572 470 1608 ἀπεπεμψάμην
485 1573 661 1608 Συναγωγὴν,
675 1573 692 1607 ἢ
706 1573 756 1607 τὴν
773 1573 820 1599 ἐπὶ
832 1573 883 1607 γῆς
906 1572 956 1599 Ίε-
970 1562 992 1592 C

168 1617 310 1654 ρουσαλὴμ
325 1618 365 1654 (οὺ
380 1618 460 1645 τοῦτο
472 1618 526 1653 γὰρ
554 1619 570 1653 ἡ
590 1618 635 1644 διὰ
661 1619 784 1650 Μωσέως
812 1618 958 1653 νομοθεσία

166 1664 258 1700 δηλοῖ)
275 1664 367 1699 σχέσιν
382 1664 411 1691 δὲ
425 1664 475 1700 τὴν
491 1665 558 1700 περὶ
575 1663 584 1683 1
602 1664 691 1699 ὑμᾶς⁹
713 1664 745 1699 ἣν
761 1665 775 1690 ὁ
789 1664 904 1699 Μωσῆς,
921 1664 959 1695 ὡς

166 1710 231 1737 ἕδνα
254 1710 349 1747 νύμξῃ
378 1710 470 1738 δοῦναι
500 1709 680 1746 βουλόμενος,
709 1710 756 1736 καὶ
776 1710 867 1745 φέρων
882 1711 957 1744 ὑμῖν,

169 1757 354 1792 μοιχεύσασαν
371 1757 416 1784 διὰ
438 1757 488 1792 τῆς
507 1757 684 1792 μοσχοποιίας
711 1755 800 1792 εὑρὼν
818 1757 867 1791 τὴν
894 1756 959 1782 Συν-

167 1803 280 1839 αγωγὴν
295 1803 440 1830 διέσπασεν
464 1802 578 1835 ἀναξίαν
598 1802 686 1838 εὑρὼν
705 1807 724 1821 ω
746 1802 801 1829 τῶν
815 1801 889 1836 ἐμῶν
906 1801 958 1828 δω-

168 1857 250 1885 ρεων.

204 1937 379 1973 Παραὸάλλει
399 1937 428 1965 δὲ
445 1937 544 1965 ἑαυτὸν
568 1937 635 1965 ποτὲ
662 1937 711 1973 μὲν
726 1937 815 1973 ἀνδρὶ,
836 1937 874 1970 ὡς
890 1937 960 1973 πρὸς

168 1986 295 2020 γυναῖκα,
314 1984 380 2011 ποτὲ
405 1983 434 2010 δὲ
453 1983 586 2020 Δεσπότῃ.
601 1984 639 2016 ὡς
662 1983 730 2019 πρὸς
751 1983 870 2015 οἰκέτας.
893 1984 959 2011 Οὐδὲ

167 2031 224 2066 γὰρ
243 2030 280 2062 ὡς
295 2031 327 2058 ἄν
351 2039 392 2062 τις
416 2030 555 2065 Δεσπότης
579 2029 695 2063 ὀφείλων
714 2029 854 2065 ἀπεδόμην
876 2029 959 2065 ὑμᾶς.

175 2076 247 2103 Ἀλλ’
259 2076 344 2111 ὑμεῖς
357 2075 405 2102 ἀπ’
421 2076 509 2111 ἀρχῆς
521 2076 561 2107 εἰς
575 2075 652 2106 τέλος
674 2075 897 2111 παρανομοῦντες
912 2076 959 2102 ὲκ-

169 2122 315 2156 6ἐ6λησθε,
330 2121 494 2155 πραθέντες
509 2120 571 2154 τοῖς
585 2120 807 2156 ἁμαρτήμασιν,
830 2118 870 2152 οἷς
887 2121 961 2148 ἐδου-

169 2168 285 2204 λώθητε,
308 2167 410 2202 τούμὸν
436 2166 520 2202 μέρος
547 2166 689 2201 γεγονότες
718 2166 888 2199 αὺτεξούσιοι
913 2166 960 2193 καὶ

171 2215 320 2250 ἐλεύθεροι.
337 2213 392 2240 Καὶ
404 2212 492 2244 τέλος,
508 2212 559 2238 οὐκ
579 2211 691 2247 ὤκνησα
710 2211 777 2244 Θεὸς
797 2212 850 2244 ὢν,
873 2212 960 2239 ἐλθεῖν

170 2261 239 2296 πρὸς
253 2261 336 2296 ὑμᾶς,
354 2259 530 2290 ὑποκαταϐὰς
546 2259 595 2294 τῆς
610 2258 688 2291 ἀξίας
706 2259 755 2293 τῆς
770 2259 901 2294 ὲμαυτοῦ,
913 2259 960 2286 καὶ

170 2309 316 2344 γενόμενος
333 2305 476 2341 ἄνθρωπος
485 2314 492 2320 ·
504 2306 551 2332 καὶ
565 2305 709 2332 καλοῦντι
722 2306 797 2339 πρὸς
809 2307 961 2341 σωτηρίαν

171 2356 326 2390 ὑπήκουσεν
350 2352 447 2384 οὐδείς.
478 2353 539 2379 Οὐκ
564 2350 603 2388 ἦν
621 2352 650 2379 δὲ
671 2352 836 2387 ἅνθρωπος,
867 2353 959 2388 φησὶν,

170 2400 265 2434 ἐπειδὴ
281 2399 311 2426 τὸ
326 2398 460 2433 ἀνήκοον
479 2398 580 2434 πλῆθος
611 2397 682 2424 οὐδὲ
697 2398 774 2424 εἶναι
796 2398 960 2433 λελόγισται.

171 2445 204 2472 οἱ
216 2444 244 2471 δὲ
258 2444 491 2476 ὑπακούσαντες
501 2462 509 2475 ,
522 2442 560 2474 ὡς
575 2442 644 2478 πρὸς
653 2443 713 2469 ὅλον
731 2443 762 2469 τὸ
776 2442 851 2475 ἔθνος
865 2443 962 2478 ὀλίγοι,

170 2491 208 2523 ὼς
224 2491 261 2527 μὴ
287 2490 466 2526 ἀριθμεῖσθαι
488 2490 528 2520 είς
552 2488 630 2524 λόγον
659 2489 706 2516 τοῦ
728 2489 831 2521 ἔθνους.
849 2489 895 2516 Διὸ
917 2491 964 2517 καὶ

172 2537 405 2573 ὑπεξῃρήθησαν,
427 2535 464 2568 ὡς
490 2535 505 2561 ὸ
522 2534 584 2562 Λὼτ
610 2535 665 2562 ἀπὸ
688 2535 823 2570 Σοδόμων.
847 2536 885 2563 Οὐ
908 2536 963 2572 γὰρ

172 2584 316 2618 τοσούτους
330 2582 383 2609 ἔδει
398 2582 550 2617 παρασχεῖν
565 2581 604 2617 τῷ
618 2582 714 2618 Κυρίῳ
730 2583 779 2618 τὴν
799 2581 883 2616 ἁγίαν
899 2583 962 2618 γῆν.

173 2631 256 2658 Ὀοεν
269 2631 316 2657 καὶ
331 2630 444 2665 σημεῖον
458 2629 507 2664 τῆς
522 2629 662 2665 ἀκαρπίας
678 2629 764 2664 αὐτῆς
787 2630 804 2664 ή
820 2629 964 2665 ξηρανθεῖ-

174 2686 209 2704 σα
223 2677 304 2712 συκῆ.
314 2675 400 2703 Τοῦτο
411 2676 439 2702 δὲ
452 2676 501 2702 καὶ
515 2675 560 2703 διὰ
568 2677 619 2712 τῆς
632 2677 821 2712 Εὑαγγελικῆς
841 2677 962 2712 παραϐοσ

172 2723 223 2759 λῆς
238 2723 291 2750 τῶν
303 2722 505 2760 παρῃτημένων
516 2722 546 2749 τὸ
563 2722 670 2749 δεῖπνον
683 2723 857 2758 σημαίνεται,
870 2723 922 2750 τῶν
935 2724 964 2750 ὲν

211 2811 234 2828 ⁷³
249 2810 317 2851 Dan.
331 2819 361 2843 ιι,
375 2810 420 2838 47.
459 2809 482 2825 ⁷⁸
495 2809 564 2837 Gen.
584 2817 639 2842 xxx,
659 2810 666 2836 Ι
691 2817 768 2845 seqq.

1322 881 1365 909 CA
1371 881 1402 908 Ρ.
1432 880 1465 908 L.

1041 924 1221 961 569-570
1233 925 1316 954 Vens.
1337 927 1413 954 1-H.
1435 927 1482 955 Sic
1497 927 1562 955 dicit
1576 927 1714 961 Dominus,
1728 936 1799 963 qua-

1005 971 1039 998 lis
1053 972 1096 998 Itic
1110 971 1176 999 liber
1189 972 1291 1007 repudii
1305 973 1397 1000 matris
1415 977 1518 1007 vestrte,
1532 981 1583 1009 quo
1598 974 1689 1002 dimisi
1711 983 1772 1001 eam
1787 975 1802 1002 Ρ

1005 1022 1052 1043 aut
1074 1019 1118 1044 cui
1137 1017 1263 1044 creditori
1276 1022 1301 1045 et
1311 1019 1430 1046 στασιονί
1445 1027 1502 1046 meo
1517 1019 1622 1046 vendidi
1635 1021 1703 1048 vos?
1732 1019 1800 1047 Ecce

1005 1064 1119 1098 peccatis
1139 1065 1233 1091 vestris
1257 1065 1399 1092 venundati
1424 1065 1500 1097 estis,
1527 1066 1591 1093 etin
1612 1066 1800 1101 iniquitatibus

1005 1110 1098 1136 vestris
1114 1110 1206 1137 dimisi
1223 1115 1335 1137 matrem
1349 1116 1473 1138 uestram.
1493 1111 1575 1145 Quid,
1591 1113 1653 1147 quia
1679 1113 1747 1145 t'em',
1774 1117 1800 1139 et

1006 1163 1058 1182 non
1083 1159 1140 1182 erat
1154 1154 1256 1182 homo?
1283 1157 1384 1188 uocaui,
1404 1161 1429 1183 et
1451 1165 1503 1184 non
1525 1161 1583 1184 erat
1600 1157 1645 1193 qui
1658 1158 1774 1185 obediret
1787 1159 1802 1187 1³

1005 1205 1061 1228 CIC.

1041 1246 1177 1274 Absoluta
1205 1246 1395 1282 disputatione
1418 1248 1453 1276 de
1481 1248 1624 1284 Evangelii
1658 1257 1798 1284 praecon'o

1006 1293 1095 1329 deque
1111 1302 1159 1330 per
1170 1294 1259 1330 ipsum
1275 1294 1346 1322 facta
1358 1296 1482 1331 gentium
1502 1298 1648 1325 vocatione
1662 1306 1669 1331 ;
1698 1298 1733 1325 de
1761 1298 1799 1332 pii

1006 1339 1071 1367 item
1082 1340 1222 1376 regiminis
1232 1341 1370 1374 instituto,
1379 1341 1412 1370 de
1423 1343 1542 1377 gigantis
1557 1343 1669 1371 interitu
1681 1344 1801 1378 denique

1007 1393 1087 1421 quem
1102 1386 1254 1414 nominavit
1271 1396 1279 1414 :
1298 1387 1330 1415 ad
1353 1388 1536 1416 circumcisus
1565 1389 1707 1424 deinceps,
1737 1393 1800 1416 tan-

1007 1439 1089 1466 quam
1101 1432 1207 1467 adjecta
1226 1433 1399 1468 purgatione,
1416 1433 1495 1469 571
1522 1435 1595 1470 quod
1619 1435 1662 1463 eis
1691 1435 1802 1470 rejectis

1007 1486 1100 1505 curam
1116 1479 1237 1514 gentium
1252 1480 1358 1513 subeat,
1374 1488 1403 1507 se
1419 1481 1538 1508 confert.
1559 1480 1646 1517 Hujus
1662 1482 1734 1510 enim
1753 1491 1802 1511 vos

1008 1525 1035 1552 in
1051 1532 1144 1557 causa,
1154 1525 1252 1561 inquit,
1265 1525 1364 1559 fuistis,
1376 1534 1431 1554 non
1441 1535 1491 1562 ego
1502 1535 1509 1559 ;
1519 1535 1608 1562 neque
1620 1527 1677 1563 ipse
1686 1533 1800 1555 matrem

1007 1575 1122 1598 vestram
1138 1571 1288 1606 repudiavi.
1300 1571 1469 1607 Synagogam
1479 1573 1594 1606 scilicet,
1605 1578 1652 1600 aut
1664 1578 1801 1602 terrenam

1008 1614 1160 1643 Jerusalem
1176 1616 1243 1650 (non
1259 1617 1331 1643 enim
1355 1617 1382 1644 id
1397 1625 1458 1651 qua:
1473 1625 1521 1653 per
1536 1617 1638 1645 lllosem
1671 1618 1726 1645 lata
1757 1619 1801 1646 lex

1009 1667 1061 1695 est,
1077 1662 1236 1697 signiﬁcat),
1251 1663 1298 1690 sed
1325 1664 1552 1691 consuetudinem
1568 1669 1596 1692 et
1627 1664 1802 1693 familiarita-

1010 1713 1075 1741 tem,
1109 1716 1171 1743 qua:
1191 1709 1258 1736 mihi
1285 1709 1438 1742 vobiscum,
1467 1711 1662 1738 intercesserat
1687 1719 1693 1737 :
1719 1719 1802 1746 quam

1009 1754 1099 1782 Muses
1114 1755 1182 1789 ipse,
1202 1758 1333 1790 tanquam
1348 1763 1458 1792 sponsm
1478 1765 1591 1784 munera
1609 1757 1724 1785 daturus
1753 1766 1802 1785 vo-

1010 1801 1107 1836 bisque
1125 1800 1227 1832 fcrens,
1241 1805 1385 1836 postquam
1397 1802 1473 1830 vituli
1494 1802 1667 1830 confectione
1679 1803 1805 1840 Synago-

1010 1854 1072 1881 gam
1089 1846 1250 1874 fornicatam
1285 1855 1347 1875 esse
1380 1849 1522 1883 sensisset,
1540 1849 1604 1884 quia
1629 1849 1697 1877 lucis
1723 1850 1803 1878 donis

1010 1892 1149 1928 indignam
1164 1893 1320 1928 reperisset,
1337 1894 1490 1926 dissipavit.

1045 1937 1158 1966 Confert
1179 1942 1269 1966 autem
1291 1938 1413 1973 seipsum
1430 1947 1491 1966 cmn
1511 1939 1570 1966 viro
1593 1939 1753 1975 aliquando,
1774 1947 1803 1967 ut

1011 1991 1125 2012 uxorem
1153 1984 1291 2019 respicit:
1317 1984 1464 2019 aliquando
1491 1986 1572 2012 etiam
1587 1994 1650 2012 cum
1679 1986 1755 2018 hero,
1774 1991 1803 2012 ut

1012 2029 1140 2058 famulos.
1155 2029 1250 2063 Neque
1265 2031 1339 2058 enim
1358 2038 1406 2058 vos
1422 2031 1491 2066 ipse,
1504 2031 1554 2063 ait,
1575 2035 1706 2067 tanquatn
1721 2032 1804 2060 herus

1011 2076 1113 2111 aliquis
1126 2075 1274 2109 ohmratus,
1300 2076 1327 2104 in
1348 2077 1512 2104 solutionem
1542 2077 1660 2105 tradidi:
1680 2077 1728 2105 scd
1750 2078 1802 2113 ipsi

1011 2130 1061 2158 per
1076 2130 1125 2150 vos
1139 2123 1174 2150 ab
1203 2123 1283 2150 initio
1299 2123 1333 2150 ad
1351 2123 1431 2151 linem
1448 2131 1536 2160 USque
1553 2131 1661 2159 semper
1684 2124 1803 2159 cxieges.

1012 2170 1092 2205 ejeeti
1116 2169 1182 2198 estis
1197 2191 1204 2202 _.
1234 2170 1347 2204 peccatis
1376 2171 1468 2198 uestris
1492 2171 1621 2198 nimirum
1650 2171 1804 2203 venundati,

1013 2215 1113 2250 quibus
1137 2215 1241 2244 servire
1264 2216 1419 2250 maluistis;
1447 2217 1624 2251 quantumvis
1647 2217 1730 2244 vestri
1758 2224 1806 2244 vos

1018 2260 1090 2295 juris
1114 2263 1141 2288 et
1162 2260 1305 2296 potestatis
1335 2268 1396 2288 esse
1415 2261 1573 2289 voluissem.
1609 2261 1741 2296 Denique,
1772 2269 1807 2288 ne

1017 2306 1089 2341 Deus
1108 2307 1218 2342 quidem
1241 2307 1299 2342 ipse
1313 2307 1461 2340 cxsistens,
1483 2308 1516 2334 ad
1533 2316 1582 2336 vos
1606 2308 1698 2336 venire
1715 2311 1807 2335 tamen

1016 2353 1123 2384 distuli,
1145 2360 1268 2388 meaque
1283 2352 1425 2388 dignitatis
1442 2353 1564 2381 fascibus
1583 2353 1740 2386 submissis,
1756 2353 1807 2379 ho.

1018 2405 1064 2426 mo
1081 2399 1150 2432 ﬁeri,
1164 2402 1190 2427 et
1206 2399 1240 2425 ad
1253 2399 1378 2431 salutem,
1396 2399 1523 2427 audiente
1551 2401 1671 2433 nemine,
1703 2408 1806 2427 vocare.

1018 2443 1123 2479 Itaque,
1152 2453 1203 2472 non
1234 2449 1292 2472 erat
1308 2445 1397 2477 Immo,
1424 2445 1535 2479 adjicit;
1564 2451 1693 2480 tanquam
1715 2446 1808 2473 multi-

1019 2490 1152 2524 tudinem,
1173 2499 1235 2525 qute
1249 2499 1304 2518 non
1319 2491 1424 2524 audiat,
1437 2500 1489 2519 non
1512 2500 1568 2519 esse
1589 2492 1744 2524 existimet;
1760 2491 1808 2526 qui

1017 2541 1109 2565 autem
1126 2536 1281 2568 audiant.si
1293 2545 1356 2564 cum
1369 2537 1497 2566 universa
1509 2543 1590 2573 gente
1602 2542 1807 2573 comparentur,

1019 2588 1074 2612 tam
1095 2591 1198 2619 paucos
1212 2592 1283 2615 esse,
1311 2588 1342 2611 ut
1368 2584 1395 2611 in
1416 2584 1503 2619 gentis
1518 2583 1651 2611 rationem
1680 2591 1734 2610 non
1760 2591 1808 2611 ve-

1019 2630 1116 2663 niant;
1130 2630 1257 2665 ideoque,
1273 2634 1302 2657 ut
1316 2629 1402 2658 Lotus
1421 2630 1487 2657 olim
1505 2629 1644 2661 Sodomis.
1666 2634 1808 2664 exemptos

1016 2685 1079 2705 esse
1091 2677 1124 2705 ⁷⁸.
1134 2676 1194 2704 Non
1209 2678 1281 2704 enim
1299 2675 1415 2704 Domino
1429 2681 1484 2704 tam
1500 2676 1713 2703 multosterram
1727 2683 1809 2703 sanc-

1019 2727 1073 2749 tam
1085 2723 1206 2758 praebere
1221 2722 1370 2751 decuerat:
1385 2722 1455 2750 unde
1470 2727 1498 2750 et
1517 2722 1671 2751 sterilitatis
1680 2721 1738 2758 ejus
1753 2722 1810 2757 sig,-

845 2856 961 2885 V.\lil.-E
984 2854 1185 2884 LECTIONES.

217 2902 280 2931 ὶῖσ.
299 2904 364 2938 πρός
416 2903 491 2938 mitts.
511 2903 540 2930 τὸ
554 2902 651 2938 εὑρών.
