1999 3076
213 165 282 197 2487

214 229 280 248 num
295 223 398 250 siccam
428 222 508 250 ticum
539 223 690 259 praebuisse
712 227 834 252 constat.
854 224 933 258 Quod
957 226 1005 255 illa
1019 231 1041 258 Λ

212 271 295 297 etiam
323 269 461 303 Evangelii
489 270 617 304 parabola
646 270 819 306 significatur
844 271 878 305 ⁷⁸,
898 272 924 299 in
948 281 1002 308 qua

214 315 356 342 nonnullis
371 314 405 342 ad
418 315 563 351 prandium
582 315 676 343 venire
695 317 899 350 recusantibus,
912 318 957 346 alii
975 319 1003 346 in

213 368 308 387 eorum
322 361 413 388 locum
433 360 467 388 de
487 360 577 389 triviis
596 367 790 390 accersuntur:
805 362 839 390 de
857 363 958 398 quibus
975 365 1003 391 in

214 405 286 433 hunc
302 406 413 434 modutn
427 406 498 441 apud
512 406 672 441 prophetam
685 407 767 434 istum
783 407 920 442 reperias:
940 417 949 434 ι
960 407 1005 435 ln-

213 456 312 480 ventus
328 459 387 480 sum
400 452 434 480 ab
450 452 503 486 his,
521 452 567 487 qui
583 460 625 480 me
650 459 705 480 non
726 453 900 487 qumrebant:
926 453 1005 480 inno—

215 498 253 524 tui
271 499 323 529 his,
345 499 391 533 qui
404 506 447 525 me
456 507 511 526 non
525 498 742 534 interrogabant.
758 499 920 527 Dixi:Eeee
943 507 1003 527 sum

213 544 246 571 ad
262 548 381 579 gentem,
410 552 471 579 qute
488 553 541 572 non
568 549 682 572 noverat
713 552 756 573 me
773 545 822 572 ⁷⁸.»
844 545 881 572 De
903 545 1004 573 Judaeis

214 595 305 618 autent
321 591 360 618 sic
377 591 470 619 addit:
493 591 562 619 Tota
576 591 621 618 die
636 590 754 626 expandi
769 599 867 619 manus
885 599 960 618 meas
971 592 1004 619 ad

215 638 347 672 populum
365 638 547 671 ineredulom,
560 643 587 667 et.
607 642 804 674 repugnantem
821 639 871 664 ".I
888 638 1004 666 Eosdem

214 688 241 711 et
259 684 285 711 in
300 684 454 720 Evangeliis
469 688 600 719 provocat
615 684 658 712 his
673 684 765 712 verbis
778 694 785 712 :
802 694 810 710 ι
830 685 956 712 Accedite
971 685 1005 712 ad

215 738 269 763 me,
283 738 379 758 omnes
401 732 447 766 qui
479 730 612 758 laboratis
635 734 663 758 et
691 731 798 758 onerati
821 731 899 763 estis,
915 735 942 758 et
956 738 1006 766 ego

215 776 337 803 reﬁciam
349 784 399 804 vos
408 777 442 810 1';
457 786 466 803 ι
481 782 510 804 ιιι
522 785 594 811 εατρο
608 777 677 804 alias
698 777 835 805 sitnilibtts
852 777 1005 812 permultis.

214 822 255 849 An
274 823 370 858 igitur,
384 823 484 858 inquit,
505 824 570 859 quia
592 830 703 851 servare
730 831 780 851 vos
795 830 849 850 non
874 824 961 858 potui,
979 823 1006 850 in

214 868 403 904 captivitatem
421 868 501 904 572
517 869 585 896 estis
603 868 729 901 abducti;
756 876 844 902 neque
864 868 948 904 hujus
963 872 1006 905 ty-

215 914 331 942 rannide
359 915 472 942 liberari
487 915 633 950 poteritis?
661 914 690 942 In
714 915 891 950 biasphemos
922 913 1042 949 igiturB

214 962 349 990 adversus
365 961 448 989 Deum
465 961 538 989 istud
552 965 605 993 est,
621 961 666 996 qui
684 968 795 989 servare
809 960 937 996 populum
949 968 1005 988 non

213 1014 294 1042 posse
309 1007 377 1035 falso
393 1007 570 1035 arbitrantur.
587 1007 674 1040 Quale
690 1011 731 1035 est
745 1010 772 1034 et
791 1006 858 1035 illud
873 1007 1006 1034 adversus

213 1060 272 1083 eos,
293 1052 340 1087 qui
358 1052 528 1080 Salvatoreut
547 1061 602 1079 non
619 1057 718 1088 sponte
746 1056 861 1080 mortem
885 1052 1006 1080 obivisse

214 1104 356 1134 putarunt,
368 1100 401 1127 de
411 1103 506 1135 parato
518 1099 661 1126 duodecim
672 1099 809 1134 Iegioaum
819 1099 920 1127 auxilio
933 1098 1006 1133 ejus-

213 1144 274 1170 dem
293 1151 455 1178 responsant
470 1144 504 1171 "'.
524 1143 571 1171 Vel
591 1149 674 1177 certe,
695 1144 760 1178 quia
780 1144 883 1171 nullum
906 1152 1004 1171 vocan-

214 1195 265 1218 tem
281 1191 374 1218 audire
392 1191 480 1224 dixit;
497 1197 677 1227 praeterquam
693 1191 767 1226 quod
785 1199 866 1218 aures
883 1191 935 1218 sibi
954 1191 1004 1218 ob-

213 1241 353 1271 turarunt,
375 1238 467 1265 omnia
484 1238 568 1265 etiam
585 1238 612 1264 in
631 1245 660 1265 se
676 1244 772 1272 pra-ter
787 1237 828 1264 fas
856 1237 1004 1265 admisisse

213 1283 338 1317 indicat;
355 1292 417 1318 qua:
433 1288 525 1311 tamen
541 1284 676 1318 patienter
695 1284 769 1316 tulit,
786 1291 849 1311 cum
867 1292 882 1311 a
902 1291 932 1312 se
946 1292 1004 1312 om—

213 1328 280 1356 nino
292 1336 386 1356 arcere
401 1330 553 1364 potuisset;
571 1332 601 1356 ut
615 1328 769 1356 dessiccato
784 1329 859 1364 prius
873 1329 901 1356 in
910 1333 1004 1356 trans-

214 1375 283 1403 itum
308 1375 379 1402 mari
393 1375 487 1403 Rubro
500 1384 508 1409 ;
520 1379 551 1402 ut
564 1374 684 1402 Jordanc
693 1375 777 1402 ﬂuvio
794 1384 801 1408 ;
815 1379 845 1402 ut
860 1375 943 1403 trium
957 1374 1004 1402 de-

214 1423 296 1457 nique
313 1421 421 1450 dierum
438 1422 549 1449 tenebris
568 1422 595 1449 in
610 1421 729 1457 Egypto
745 1422 852 1456 patuit;
875 1422 912 1449 ita
929 1422 1003 1449 enitn

213 1469 297 1497 habet
323 1468 482 1505 Symmachi
503 1469 708 1504 interpretatio:
730 1468 798 1496 Ecce
822 1469 1002 1503 increpatione

215 1525 273 1543 mea
287 1515 431 1544 detsiccavi
452 1524 535 1547 mare.
556 1515 605 1550 feci
621 1516 714 1550 ﬂuvias
726 1516 868 1543 desertum.
889 1515 966 1548 Quod
979 1516 1003 1543 si

214 1561 248 1588 ad
271 1561 364 1589 futura
378 1560 495 1592 referas.
512 1561 610 1595 Deum,
635 1561 658 1589 si
679 1561 755 1593 velit,
769 1561 875 1588 ellicerc
901 1561 1002 1588 similia

214 1615 296 1643 posse
319 1607 528 1642 intelligendum
544 1611 586 1635 est
607 1616 614 1634 :
644 1606 763 1634 tenebras
783 1611 885 1638 autem,
901 1610 928 1634 et
954 1606 1003 1641 qui

213 1661 262 1680 eas
275 1653 378 1688 operati
390 1653 502 1686 sunt,iu
516 1653 574 1688 ipsa
587 1661 677 1680 rerum
693 1653 816 1680 omnium
827 1660 1004 1680 consumma-

215 1700 289 1728 tione
300 1700 463 1734 dissipatum
477 1699 509 1727 iri
522 1708 530 1732 ;
543 1707 597 1734 quo
614 1703 737 1735 tempore
759 1707 808 1726 sua
823 1699 922 1734 cuique
941 1699 1005 1726 vita).

216 1747 287 1774 ratio
309 1755 359 1782 pro
390 1747 496 1773 meritis
523 1746 662 1774 reddenda
688 1749 741 1773 est.
768 1746 839 1778 Quin
860 1748 887 1772 et
915 1745 1003 1780 primo

215 1792 303 1827 ipsius
321 1791 438 1818 adventu
457 1792 622 1825 increpatttm
637 1791 671 1818 ab
692 1792 752 1826 ipso
765 1799 838 1817 mare
849 1790 998 1825 quievisse,

214 1837 419 1872 invisibilesque
440 1841 589 1872 potestates
604 1836 664 1871 ejus
681 1836 794 1871 imperio
811 1837 936 1871 paruisse
954 1843 1004 1863 uo-

214 1888 272 1911 tum
304 1888 357 1916 est,
392 1884 504 1919 quibus,
520 1884 583 1919 quia
600 1882 899 1917 Judaeisspectautibus
930 1882 1004 1910 edita

214 1934 305 1964 erant,
322 1937 384 1958 cum
409 1931 431 1957 si
458 1930 606 1962 noluisset,
630 1937 778 1964 passurqu
799 1936 853 1955 non
883 1935 960 1961 esse;
976 1933 1004 1955 et

215 1984 307 2011 posse,
325 1976 347 2004 si
364 1976 509 2008 voluisset,
523 1975 650 2010 quamvis
661 1975 754 2006 homo,
769 1974 862 2002 orbem
878 1974 950 2001 hunc
961 1975 1004 2000 in-

214 2022 342 2051 feriorem
360 2030 482 2052 servare,
494 2021 607 2049 eosdem
618 2028 673 2048 non
691 2020 818 2047 dubitare
836 2019 938 2047 decuit.
951 2018 1004 2047 Ne-

214 2076 268 2104 que
283 2068 425 2096 conversis
440 2067 473 2095 ad
490 2067 516 2095 id
536 2071 654 2099 tantum,
674 2067 748 2101 quod
772 2069 886 2100 apparet
902 2065 1003 2097 oculis,

214 2122 276 2142 eum
292 2122 332 2147 εκ,
349 2122 404 2141 non
420 2118 530 2148 propter
543 2113 651 2148 egregia
662 2112 742 2144 facta,
752 2112 800 2139 sed
813 2115 923 2146 propter
933 2110 1005 2137 blas-

215 2160 339 2195 pltemias
347 2160 485 2194 lapidibus
496 2164 599 2194 petere,
610 2159 656 2194 qui
668 2159 748 2185 homo
758 2158 906 2189 exsistens,
919 2156 1003 2184 Deum

215 2214 246 2234 se
261 2206 355 2238 faciat,
385 2207 573 2241 respondere:
592 2205 639 2233 sed
652 2204 760 2232 discere
784 2203 911 2232 eumdem
924 2203 1005 2237 plane

214 2261 288 2285 esse,
304 2253 351 2287 qui
369 2260 491 2287 praesens
510 2251 574 2279 olim
586 2259 618 2279 ea
631 2250 713 2279 etiam
727 2249 859 2277 miracula
871 2252 1003 2284 patrarat,
1019 2263 1042 2291 Ι)

214 2299 249 2327 de
259 2299 360 2333 quibus
375 2299 410 2325 ita
422 2298 493 2333 apud
506 2297 634 2325 Davidem
648 2297 764 2331 legimus
775 2305 796 2322 τι
809 2295 880 2329 Quid
889 2295 1004 2327 esttibi,

885 169 1062 201 PROCOPII
1078 171 1200 201 (ΞΛΖΈΙ

1782 173 1853 205 2438

1056 229 1115 260 ταῖς
1131 228 1200 260 ὁδοῐς
1214 228 1467 265 ἀντικεκλημένων,
1482 229 1547 265 περὶ
1566 226 1605 257 ὧν
1626 230 1656 256 ἐν
1679 229 1721 265 τῷ
1735 231 1854 265 παρόντι

1055 275 1186 310 προφήτῃ
1202 274 1286 310 φησὶν
1309 275 1324 301 ὀ
1341 276 1477 312 Χριστόςσ
1497 286 1507 302 ι
1523 276 1648 313 Εὑρέθην
1670 278 1726 309 τοῖς
1746 276 1797 310 ἐμὲ
1813 275 1851 312 μὴ

1054 319 1193 355 ζητοῦσιν.
1210 321 1353 357 Ἐμφανὴς
1366 322 1501 358 ἐγενόμην
1511 324 1567 354 τοῖς
1583 323 1632 358 ἐμὲ
1647 323 1685 358 μὴ
1705 322 1852 358 ἐπερωτῶ-

1056 375 1109 395 σιν.
1123 365 1206 400 Εῐπα,
1215 368 1281 395 ’1δοὺ
1292 369 1361 404 εἰμι,
1373 368 1413 404 τῷ
1428 369 1512 401 ἔθνει,
1528 369 1553 396 οἲ
1564 369 1614 396 οὐκ
1623 369 1774 404 ⁴ἠπίσταντό
1788 377 1850 404 με.»

1056 413 1125 448 Περὶ
1141 413 1169 440 δὲ
1187 414 1242 440 τῶν
1263 414 1399 441 Ἰουδαίων
1415 415 1514 450 ἐπάγει
1524 423 1532 431 ·
1552 424 1562 441 ι
1581 415 1666 450 Ὅλην
1677 415 1728 450 τὴν
1743 414 1852 450 ἡμέραν

1055 458 1208 490 ἐξεπέτασα
1223 459 1273 491 τὰς
1288 460 1383 495 χεῖράς
1400 469 1451 496 μου
1462 461 1531 496 πρὸς
1549 460 1613 487 λαδν
1626 460 1791 488 ἀπειθοῦντα
1803 460 1852 487 καὶ

1056 503 1242 538 ἀντιλέγοντα.
1260 514 1271 531 ι
1293 505 1347 537 Οὓς
1362 505 1409 532 καὶ
1422 506 1514 533 καλῶν
1528 507 1557 533 ὲν
1572 506 1748 541 Εὑαγγελίοις
1760 506 1849 540 ἔλεγε·

1061 560 1070 576 ι
1082 550 1165 577 Δεῦτε
1180 551 1248 586 πρός
1265 560 1310 587 με,
1322 552 1348 578 oi
1376 552 1528 585 κοπιῶντες
1555 553 1603 579 καὶ
1625 551 1851 587 πεφορτισμένοι,

1056 596 1136 630 κάγὼ
1148 596 1300 624 ἀναπαύσω
1313 597 1395 632 ὑμᾶς,
1408 606 1417 623 ι
1437 597 1484 624 καὶ
1497 597 1608 624 τοιαῦτα
1622 597 1763 628 πολλάκις.
1779 596 1851 622 Ἀλλ’

1057 643 1111 677 ἂρα
1129 641 1167 678 μὴ
1181 643 1266 669 σῶσαί
1282 651 1345 678 μου,
1359 643 1462 678 φησιν.
1478 643 1667 677 ἀσθενοῦντος,
1689 645 1730 675 εἰς
1747 644 1850 678 αἰχμα-

1056 688 1157 715 λωσίαν
1177 689 1340 725 ἀπήχθητε;
1363 689 1411 716 καὶ
1430 690 1461 716 οὐ
1483 689 1634 725 δυνήσεσθε
1658 690 1778 724 σωθῆναι
1799 691 1850 724 τῆς

1058 736 1164 763 ἐκείνου
1181 736 1355 772 τυραννίδος
1370 736 1450 763 τοῦτο
1464 736 1533 771 πρὸς
1553 736 1617 767 τοὺς
1643 736 1709 763 Θεὸν
1727 736 1851 771 βλασφη-

1059 782 1178 817 μοῦντας
1194 783 1232 814 ὠς
1248 783 1278 809 οὐ
1296 782 1443 818 δυνηθέντα
1468 783 1554 810 σῶσαι
1574 783 1620 808 τὸν
1640 782 1719 813 λαὸν,
1756 783 1850 808 ὁποῖον

1057 830 1105 856 καὶ
1118 829 1132 855 ὁ
1147 829 1242 864 Σωτὴρ
1260 828 1328 864 πρὸς
1343 828 1406 860 τοὺς
1418 828 1560 863 οἰομένους
1580 828 1663 854 αὑτὸν
1679 828 1780 854 ἄκοντα
1794 828 1849 854 πά-

1059 882 1144 909 σχειν,
1165 873 1231 908 περὶ
1246 874 1298 909 τῆς
1311 873 1366 900 τῶν
1382 877 1413 900 ιε’
1434 879 1449 893 ιι
1461 873 1602 908 λεγεώνων
1618 874 1684 908 φησὶ
1705 873 1849 909 παραστά-

1058 928 1143 952 σεως⁸
1158 920 1252 955 ἧγουν,
1267 919 1362 955 ἐπειδὴ
1375 917 1452 946 εἶπεν
1475 919 1579 955 μηδένα
1604 919 1776 946 ὑπακοῦσαι
1797 928 1849 946 κα-

1057 966 1173 998 λοῦντι,
1189 966 1327 993 δείκνυσιν
1336 965 1373 998 ὡς
1395 965 1465 1000 πρὸς
1483 965 1538 992 τῶν
1552 970 1563 980 α
1580 965 1617 1000 μὴ
1629 965 1794 997 ὑπακοῦσαι,
1812 965 1849 992 τὰ

1057 1012 1165 1039 πάντων
1176 1012 1351 1047 ἀθεσμότατα
1363 1013 1424 1039 κατ’
1434 1011 1501 1046 ἐμοῦ
1510 1011 1703 1046 διεπράξασθε.
1713 1012 1768 1036 Καὶ
1780 1011 1848 1046 πρές

1055 1058 1144 1084 ταῦτα
1154 1057 1192 1090 δὲ,
1209 1057 1302 1092 φησιν,
1314 1057 1485 1091 ἀνεξικάκως
1496 1057 1624 1092 ὴνέχθην,
1641 1057 1786 1092 δυνάμενος
1796 1066 1851 1092 μη-

1055 1103 1100 1129 δὲν
1115 1103 1183 1134 Eho;
1199 1103 1312 1129 παθεῖν·
1329 1103 1367 1134 ὡς
1384 1102 1504 1137 ἐδήλωσε
1513 1103 1645 1137 πρότερον
1661 1102 1779 1138 Ἐρυθρᾶ
1799 1103 1848 1137 ξη-

1058 1148 1186 1183 ρανθείσα
1200 1148 1267 1184 πρὸς
1281 1149 1405 1176 διάϐασιν
1420 1149 1542 1175 θάλασσα
1556 1158 1561 1163 ·
1580 1149 1628 1174 καὶ
1639 1149 1761 1183 ποταμὸς
1781 1149 1849 1183 Ἰορ-

1056 1193 1139 1228 δάνης
1147 1203 1153 1208 ’
1167 1194 1214 1220 καὶ
1229 1195 1342 1228 σκότος
1353 1195 1501 1230 τριήμερον
1512 1195 1541 1220 ἐν
1551 1194 1680 1229 Αἰγύπτῳ
1690 1194 1846 1229 γενόμενον.

1061 1241 1092 1266 Ὁ
1106 1241 1161 1276 γὰρ
1175 1241 1322 1276 Σύμμαχος
1341 1241 1485 1273 ἐξέδωκεν·
1495 1241 1573 1268 Ἰδοὺ
1586 1240 1667 1275 ἐντῆ
1678 1241 1847 1275 ἐπιτιμήσει

1053 1295 1114 1322 μου
1127 1287 1259 1321 ἐξήρανα
1274 1287 1445 1319 θάλασσαν,
1462 1287 1592 1321 ἐποίησα
1613 1287 1766 1321 ποταμοὺς
1779 1287 1848 1321 ἕρη-

1053 1342 1123 1368 μον.
1139 1333 1198 1360 Κᾶν
1214 1335 1260 1361 ἐπὶ
1281 1334 1423 1369 μέλλοντος
1437 1335 1465 1361 δὲ
1481 1334 1587 1370 ληφθῇ,
1611 1335 1720 1368 νοητέον
1738 1334 1776 1366 ὠς
1799 1333 1847 1360 τοῦ

1056 1379 1134 1411 Θεοῦ,
1145 1381 1168 1406 εἰ
1182 1380 1313 1414 βούλοιτο,
1326 1380 1477 1416 δυναμένου
1490 1381 1603 1415 ποιῆσαι
1612 1382 1646 1406 τὰ
1656 1380 1845 1415 παραπλήσια.

1055 1426 1093 1452 To
1106 1426 1135 1452 δὲ
1151 1428 1262 1460 σκότος
1276 1427 1324 1454 καὶ
1340 1427 1506 1462 ποιήσαντες
1517 1432 1530 1452 Ρ
1549 1429 1577 1453 ἐν
1588 1429 1620 1462 τῇ
1638 1427 1777 1462 συντελείᾳ
1792 1426 1849 1452 τῶν

1055 1471 1134 1504 ὅλων,
1164 1473 1193 1498 ὲν
1242 1472 1335 1498 καὶτὸ
1359 1473 1414 1500 πᾶν
1434 1473 1666 1508 ἀφανισθήσεται,
1694 1472 1748 1498 τῶν
1781 1472 1848 1507 βίων

1055 1516 1124 1551 πρὸς
1139 1516 1218 1550 ἀξίαν
1245 1517 1444 1553 εὖθυνομένων.
1470 1518 1526 1544 Καὶ
1551 1518 1599 1544 ἐπὶ
1613 1518 1663 1552 τῆς
1684 1517 1797 1552 πρώτης
1819 1517 1848 1543 δὲ

1055 1562 1207 1596 παρουσίας
1222 1562 1423 1597 ἀπειληθεῒσα
1447 1563 1516 1598 πρὸς
1542 1562 1624 1589 αὐτοῦ
1651 1562 1774 1598 ἡσύχασε
1795 1562 1848 1589 θά-

1055 1608 1159 1639 λαττα,
1178 1607 1225 1633 καὶ
1237 1607 1349 1643 ἀόρατοι
1361 1607 1490 1643 δυνάμεις
1503 1605 1579 1641 εἶξαν
1599 1607 1767 1642 ἐπιτάγματι
1783 1607 1848 1634 διω-

1055 1652 1181 1686 κόμεναι.
1196 1653 1287 1688 ’Δπερ
1299 1653 1383 1688 ὲχρῆν
1405 1653 1550 1685 Ἰουδαίους
1562 1652 1694 1688 ὁρῶντας,
1712 1652 1748 1688 μὴ
1763 1653 1848 1687 ἀμφι-

1056 1698 1166 1733 σῦητεῖν
1177 1698 1219 1725 ὅτι
1234 1699 1284 1724 οὐκ
1301 1699 1334 1725 ἂν
1347 1698 1460 1731 ἔπαθεν,
1472 1698 1552 1732 εἴπερ
1572 1698 1719 1732 ἠϐούλετο·
1745 1699 1794 1725 καὶ
1808 1699 1850 1724 ὅτι

1055 1744 1142 1770 σῶσαι
1154 1743 1266 1770 δύναται
1279 1744 1328 1779 τὴν
1347 1744 1392 1770 ὑπ’
1407 1744 1532 1780 οὐρανὸν,
1547 1746 1571 1771 εἰ
1594 1745 1641 1771 καὶ
1667 1744 1780 1779 γέγονεν
1799 1745 1848 1771 ἆν-

1056 1790 1175 1825 θρωπος’
1186 1791 1232 1818 καὶ
1244 1791 1281 1826 μὴ
1294 1791 1324 1817 τὸ
1333 1791 1496 1826 φαινόμενον
1506 1791 1628 1827 ὁρῶντας
1641 1791 1744 1825 λέγειν,
1758 1800 1768 1816 ‹
1781 1791 1850 1826 Περὶ

1055 1835 1135 1862 καλοῦ
1149 1835 1231 1871 ἔργου
1245 1837 1276 1862 οὐ
1291 1835 1439 1872 λιθάζομέν
1452 1845 1492 1869 σε,
1505 1837 1573 1864 ἀλλὰ
1585 1837 1650 1872 περὶ
1662 1837 1849 1871 βλασφημίας,

1054 1882 1095 1908 ὅτι
1108 1882 1139 1908 σὺ
1155 1882 1296 1917 ἄνθρωπος
1308 1881 1356 1914 ὢν,
1374 1884 1462 1914 ποιεῖς
1479 1883 1593 1910 σεαυτὸν
1609 1882 1691 1909 Θεόν·
1706 1892 1716 1908 ι
1729 1882 1787 1909 δέον
1798 1891 1850 1917 μα-

1056 1927 1121 1959 θεῖν,
1137 1927 1176 1959 ὡς
1191 1928 1274 1960 αὐτὸς
1288 1929 1303 1955 ὁ
1316 1928 1404 1955 λαλῶν
1419 1929 1544 1964 πάρειμι,
1558 1929 1614 1955 ὁτὰ.
1624 1928 1709 1955 πάλαι
1727 1928 1851 1963 θαυματ-

1054 1974 1202 2008 ουργήσας,
1218 1973 1236 2000 ἃ
1258 1973 1333 2009 δηλοί
1358 1974 1404 2001 καὶ
1430 1974 1512 2000 Δαὸὶδ
1525 1974 1629 2008 λέγων·
1648 1983 1658 1999 ι
1673 1973 1706 2000 Τί
1719 1972 1777 1999 ἐστὶ
1793 1981 1847 2004 σοι,

1055 2018 1188 2050 θάλασσα,
1205 2018 1245 2045 ὅτι
1259 2018 1379 2052 ξφυγες;
1395 2019 1442 2045 καὶ
1453 2019 1497 2052 σὺ,
1526 2018 1659 2054 Ἰορδάνῃ,
1680 2019 1721 2045 ὄτι
1742 2017 1850 2052 ἀνεχώ-

1056 2073 1143 2100 ρησας
1154 2065 1194 2095 είς
1209 2064 1243 2091 τὰ
1258 2064 1363 2097 ὀπίσω;
1377 2074 1387 2090 ›
1403 2065 1449 2092 καὶ
1458 2065 1551 2092 πάλιν⁹
1567 2074 1577 2091 ι
1590 2065 1697 2092 Ἰδοσάν
1708 2073 1738 2090 σε
1751 2063 1848 2096 ὕδατα,

1053 2110 1068 2136 ὸ
1082 2110 1158 2142 Θεὸς,
1177 2115 1191 2135 «1
1209 2110 1300 2137 ῖδοσάν
1319 2119 1349 2137 σε
1375 2110 1469 2144 ὕδατα,
1487 2111 1536 2138 καὶ
1560 2110 1747 2146 ἐφοϐήθησαν.
1765 2120 1775 2136 ι
1793 2111 1849 2137 Καὶ

1054 2155 1177 2190 περὶτοῦ
1198 2156 1334 2191 Ἰορδάνου
1349 2157 1430 2184 πάλιν
1443 2165 1449 2172 ’
1468 2165 1478 2183 ι
1497 2157 1533 2183 Σὺ
1548 2156 1686 2193 ὲΕήρανας
1705 2157 1848 2191 ποταμοὺς

1061 2202 1163 2236 Ἦοὰμ,
1182 2211 1192 2228 ι
1204 2202 1277 2229 τοῦτ’
1296 2202 1355 2229 ἐστι
1369 2203 1432 2234 τοὺς
1447 2204 1476 2229 έν
1489 2203 1530 2239 τῷ
1545 2203 1625 2238 νότῳ.
1641 2204 1673 2230 Et
1688 2203 1724 2238 μὴ
1737 2203 1791 2238 ἄρα
1804 2211 1849 2234 τις

1056 2249 1103 2275 καὶ
1117 2248 1161 2274 διὰ.
1182 2249 1283 2275 τούτων
1299 2249 1461 2276 θάλασσαν
1485 2249 1534 2285 μὲν
1558 2249 1790 2284 ξηραινομέτ-ην,
1814 2249 1850 2275 τὰ

1056 2296 1145 2331 πλήθη
1160 2296 1213 2322 τῶν
1223 2297 1329 2323 ἀσεϐῶν
1343 2297 1428 2323 ὲθνῶν
1437 2297 1605 2324 αἰνίττεσθαι
1624 2297 1747 2333 φήσειεν,
1756 2304 1849 2323 ποτα-

215 2353 301 2378 mare,
317 2345 390 2380 quod
402 2344 512 2379 fugisti?
523 2343 555 2370 Et
566 2347 608 2376 tu,
624 2342 764 2374 Jordanis,
774 2341 838 2376 quia
855 2349 1006 2368 conversus

1056 2342 1131 2377 μοὺς
1146 2342 1175 2369 δὲ
1183 2342 1395 2376 ὲρήμους,τοὺς
1403 2344 1488 2370 πάλαι
1500 2343 1605 2370 κατασύ
1611 2352 1706 2379 ροντας
1718 2344 1759 2375 εἰς
1770 2343 1849 2370 εἰδω-

213 2400 245 2420 cs
272 2397 425 2420 retrorsum
439 2391 480 2417 ενι
498 2400 507 2417 ι
528 2390 631 2418 Deinde
649 2398 656 2417 :
671 2398 680 2415 ‹
715 2388 849 2415 Viderunt
875 2391 901 2415 te
916 2395 1006 2422 aqute.

1056 2389 1214 2424 λολατρείαν
1225 2389 1320 2424 λόγους
1334 2399 1342 2406 ·
1357 2391 1464 2425 ἰχθύας
1476 2390 1504 2417 δὲ
1516 2392 1620 2417 τούτων
1632 2391 1848 2425 ἀπολλυμένους,

215 2438 297 2471 Deus,
309 2438 435 2466 viderunt
450 2441 477 2464 te
487 2444 574 2471 aqum.
589 2441 615 2463 et
627 2436 778 2463 timuerunt
788 2434 836 2461 ⁸¹.›
849 2435 881 2461 Ει
895 2441 1005 2462 rursum

1060 2435 1110 2467 τὰς
1135 2436 1272 2470 ἑρπούσας
1298 2437 1327 2463 ὲν
1351 2437 1412 2467 ταῖς
1428 2436 1483 2463 τῶν
1498 2436 1586 2463 ἀθέων
1607 2436 1705 2472 ψυχαῖς
1719 2436 1849 2470 δυνάμεις

213 2483 248 2510 de
264 2481 400 2509 Jonlane:
419 2491 429 2507 ι
448 2481 488 2508 Tu
515 2481 628 2509 elcvasti
653 2480 750 2507 ﬂuvios
773 2479 882 2507 Etbatui
897 2480 931 2511 κ’,
948 2488 957 2505 ι
977 2479 1003 2506 id

1058 2481 1191 2516 πονηρὰς,
1205 2481 1269 2508 ἔνθα
1280 2482 1327 2509 καὶ
1341 2483 1356 2508 ὸ
1367 2482 1476 2517 δράκων
1487 2481 1636 2518 διατρίϐειν
1651 2482 1760 2518 ἐρρέθη,
1777 2482 1849 2508 κατὰ

212 2531 265 2559 est,
287 2528 435 2556 australes.
450 2526 508 2555 Nisi
520 2526 542 2555 si
560 2526 622 2561 quis
634 2525 716 2553 etiam
729 2533 776 2560 per
791 2533 863 2551 mare
874 2524 1004 2552 deuiam-

1057 2527 1098 2559 τὸ,
1115 2537 1124 2554 ι
1143 2527 1219 2564 Αὕτη
1232 2529 1249 2564 ἡ
1264 2529 1386 2556 θάλασσα
1400 2530 1418 2564 ἡ
1444 2529 1551 2565 μεγάλη
1578 2529 1627 2556 καὶ
1645 2529 1815 2564 εὐρύχωρος,
1834 2538 1844 2553 ι

216 2579 280 2605 tum.
299 2574 444 2609 impiarum
458 2574 578 2608 gentium
595 2572 797 2600 multitudinem
818 2571 892 2599 dicat
906 2571 1004 2599 adum-

1058 2573 1106 2600 καὶ
1117 2574 1153 2600 τὰ
1164 2574 1232 2609 μετὰ
1243 2574 1339 2602 ταῦτα.

215 2621 306 2655 brari;
322 2628 370 2656 per
379 2621 472 2655 fluuios
486 2625 577 2648 autem
588 2619 716 2652 desertas,
732 2619 857 2647 nationes
870 2626 929 2652 eas,
964 2618 1064 2654 quibus
1097 2619 1132 2647 ad
1158 2620 1292 2648 idolorum
1325 2622 1428 2649 cultum
1447 2621 1557 2650 adducti
1572 2627 1655 2653 sunt;
1674 2627 1721 2656 per
1761 2620 1848 2653 pisces

214 2674 279 2694 vero
301 2671 460 2702 pereuntes,
484 2666 570 2693 malas
586 2669 749 2700 potestates,
770 2672 831 2700 qua;
844 2669 959 2700 serpunt
975 2665 1002 2692 in
1022 2666 1122 2693 animis
1138 2666 1300 2694 atheorum:
1317 2667 1363 2694 ubi
1381 2672 1408 2694 et
1430 2668 1514 2695 draco
1551 2667 1631 2703 573
1669 2667 1727 2701 ipse
1748 2666 1850 2699 «legero

213 2715 304 2742 dictus
319 2718 360 2741 est
374 2712 467 2748 ;juxta
483 2712 567 2739 illud:
584 2721 593 2739 ι
610 2710 667 2739 Hoc
678 2718 752 2739 mare
764 2718 892 2746 magnum
904 2715 931 2739 et
939 2712 1092 2746 spatiosum
1107 2712 1158 2746 ⁸³,ι
1177 2717 1204 2740 et
1216 2722 1276 2748 qua:
1291 2713 1430 2749 deinceps.

634 2769 657 2784 ⁷⁸
677 2767 728 2796 lsa.
742 2777 803 2797 μιν,
822 2768 849 2795 1.
897 2768 920 2784 ⁷⁷
938 2768 1005 2796 ibid.

1117 2770 1141 2786 "
1158 2769 1252 2797 Matth.
1268 2778 1305 2803 xl,
1317 2770 1362 2798 ‘28.
1415 2771 1437 2786 ⁷⁹
1453 2769 1549 2797 Matth.
1565 2777 1638 2803 ικνι,
1654 2769 1700 2796 55.
1737 2767 1761 2784 ⁸⁰
1772 2767 1844 2797 l’sai.

708 2806 730 2820 '"
752 2804 823 2831 Psal.
839 2812 935 2834 Lxxttl,
954 2803 994 2830 l5.
1033 2804 1057 2819 "
1073 2804 1146 2832 Psal.
1165 2813 1223 2836 ctu,
1238 2806 1283 2833 ‘25.

850 2849 968 2876 VAliI/E
988 2849 1190 2880 LECTlllNES.

253 2902 266 2916 π
280 2898 321 2925 ῖσ.
337 2899 372 2933 ιβ.
413 2902 424 2916 ο
436 2907 480 2933 γρ.
495 2899 545 2934 τῷ.
572 2904 585 2924 ι’
600 2907 644 2933 γρ.
662 2898 776 2933 ποιῂςας
790 2896 866 2924 αὐτό.
895 2901 908 2921 'I
923 2905 963 2932 πρ.
975 2896 997 2922 εἰ
1013 2896 1046 2927 5!.

249 2771 273 2786 ’⁵
290 2770 356 2798 Luc.
381 2779 436 2801 xlv,
457 2769 491 2797 16
519 2778 595 2804 seqq.

214 2814 290 2836 cxtu.
307 2807 334 2833 5.
373 2806 394 2823 ¹¹
412 2806 483 2834 L‘sal.
502 2813 595 2839 Lxxu,
608 2805 652 2832 l7.
