1999 3076
155 161 226 192 248)

725 160 995 192 ΕΟΜΜΕΝΤᾹΙΠΙ
1014 162 1055 192 IN
1078 162 1223 193 ISAIAM.

1718 165 1790 198 2490

191 219 213 246 Τ
214 221 303 252 ούτοις
317 219 346 247 δὲ
363 222 418 252 τοῖς
435 220 488 254 τῆς
509 220 659 254 θαλάττης
676 220 778 254 ἰχθύσι
795 221 843 247 καὶ
862 221 946 256 ἑρπε-

1036 220 1104 248 lstns
1119 229 1202 256 porro
1212 222 1297 256 pisces
1313 223 1432 250 marinos
1446 227 1473 250 et
1490 228 1630 259 serpentes
1647 232 1700 251 non
1718 224 1790 256 luce,

155 268 214 298 τοῖς
226 268 240 294 ὁ
251 267 331 301 λόγος
355 267 463 294 ἀπειλεῖ
475 267 618 299 σκότους,
638 267 668 293 οὗ
683 267 772 301 φωτὸς
790 268 880 302 πλήρη
899 267 948 303 ϐή-

157 321 213 339 σειν
225 313 271 340 τὸν
285 313 399 348 οὐρανόν
410 321 417 328 ·
434 313 522 345 εἴποις
537 313 559 339 δ’
574 313 606 339 ἂν
621 313 702 340 πάλιν
712 313 876 340 θάλασσαν
888 314 948 348 μὲν,

156 358 205 393 τὴν
220 358 274 384 τῶν
298 359 432 386 Ἰουδαίων
443 359 644 393 πολυπληθείαν
655 366 662 374 ·
678 359 818 393 ποταμοὺς
831 358 870 390 δὲ,
885 359 949 390 τοὺς

157 404 290 440 πρότερον
316 405 409 435 αὐτοῖς
431 404 528 439 λόγους
543 405 764 440 χορηγουμένους
774 412 781 419 ·
797 405 892 439 ἰχθύας
908 405 947 436 δὲ,

156 450 222 481 τοὺς
240 451 480 486 μαθητευομένους
492 452 552 483 ταῖς
570 450 732 482 Ὶουδαῖκαίς
743 450 927 485 παραδόσεσιν
940 458 948 467 ·

158 490 196 521 ὦν
211 495 244 529 δὴ
273 495 399 529 προλέγει
423 496 532 521 πάντων
564 495 728 530 ἀφανισμὸν,
752 495 800 521 καὶ
827 496 857 521 τὴ
881 496 950 522 πᾶσι

158 541 271 574 σκότος
300 541 482 573 ἐπιπολάσαν,
510 541 561 568 οὐκ
589 541 720 575 οὐρανοῦ
742 541 949 574 σκοτισθέντος,

158 586 216 613 ἀλλ’
231 587 323 618 αὺτοῖς
339 587 453 618 ἐκείνοις
480 587 648 614 ἐπιπολάσαν
667 592 677 606 ι’
690 587 783 622 ὥσπερ
799 587 950 618 σκοτώδους

159 630 349 666 καλύμματος.
368 632 414 658 Διὸ
438 632 467 658 οὺ
486 632 609 668 ποιήσειν
629 632 692 666 ἔφη,
707 632 765 658 ἀλλ’
784 632 909 659 ἔνδυσιν
928 637 951 665 τ,

159 677 362 713 ὑποδραμόντος
374 678 474 713 δηλαδὴ
483 678 536 705 τοῦ
545 679 675 711 σκότους
684 678 755 704 κατὰ
765 678 819 704 τῶν
833 678 951 710 ἀναξίων

159 723 259 757 φωτός.
283 723 311 749 Ὀ
324 723 351 749 δὲ
363 723 489 756 σάκκος,
505 714 622 754 πένθους
637 722 784 757 σύμϐολον,
802 723 848 750 διὰ
859 723 889 750 τὸ
906 724 952 750 καὶ

159 768 209 799 τὰς
221 768 364 804 οὐρανίους
379 769 509 803 δυνάμεις
522 769 629 795 πενθεῖν
637 769 727 796 αὐτῶν
741 770 791 804 τὴν
803 768 950 796 ἀπώλειαν.

160 814 316 850 Δυνάμενος
338 815 395 848 οὖν,
420 816 497 850 φησὶ,
516 815 553 850 μὴ
571 815 679 848 παθεῖν,
702 816 734 842 τὸ
748 816 829 850 σῶμά
849 824 900 850 μου
914 816 953 851 τῷ

161 860 242 887 πάθει
260 861 416 896 παρέδωκα.
433 861 518 887 Τοῦτο
534 861 588 896 γὰρ
603 861 690 888 ἐδόκει
713 870 765 897 μου
778 861 818 896 τῷ
840 862 951 896 Πατέρι.

999 267 1046 294 sed
1062 267 1183 294 tenebris
1203 267 1302 294 coelum
1330 268 1478 296 reret-turos
1494 277 1556 297 esse
1575 270 1662 296 oratio
1681 270 1792 296 minita-

999 319 1052 341 tur.
1069 314 1207 348 lutelligas
1221 322 1286 341 vero
1298 318 1325 341 et
1340 315 1423 341 maris
1436 315 1546 350 quidem
1561 316 1682 347 nomine,
1694 315 1792 349 ingen-

998 362 1054 385 tem
1080 358 1235 386 Iudaeorum
1255 359 1477 392 multitudinem;
1503 367 1551 395 per
1567 359 1665 387 ﬂuvios
1689 365 1792 391 autent,

999 412 1046 432 eos
1067 405 1153 440 ipsos,
1174 405 1220 440 qui
1242 405 1319 439 prius
1344 405 1396 432 illis
1416 405 1537 433 rationes
1562 406 1791 440 suppeditarunt;

999 457 1048 485 per
1061 450 1153 484 pisces
1170 450 1298 485 denique,
1313 458 1360 478 eos
1374 451 1420 485 qui
1444 450 1602 478 Judaaorum
1628 451 1792 478 traditiones

1000 495 1161 522 docentibus
1174 495 1236 522 aliis
1253 495 1427 522 didicerunt:
1440 503 1510 530 quos
1524 504 1618 523 omnes
1631 496 1793 523 interituros

1001 540 1136 576 praedicit,
1148 541 1270 576 fereque.
1288 544 1318 567 ut
1342 541 1454 568 tenebrae
1470 541 1497 568 in
1513 549 1609 569 omnes
1622 549 1675 569 non
1691 542 1794 569 obscu-

1002 592 1062 614 rato
1079 587 1190 622 quidem
1219 587 1295 618 cwlo,
1313 588 1361 614 sed
1379 588 1462 615 veluti
1487 587 1634 615 tenebroso
1659 587 1794 615 velamine

1002 633 1094 669 aliquo
1118 633 1228 668 objecto
1243 633 1444 660 dill‘undautur.
1460 633 1549 668 Atque
1569 633 1632 661 inde
1649 638 1703 667 est,
1720 634 1792 668 quod

1002 687 1056 707 non
1074 680 1211 707 facturum
1225 688 1266 712 se,
1281 679 1328 707 sed
1344 679 1500 706 iuduturum
1515 679 1594 711 dixit,
1610 684 1638 707 ut
1653 687 1701 707 eos
1716 679 1793 706 vide~

1003 725 1075 756 licet.
1091 725 1138 760 qui
1154 725 1215 753 luce
1235 725 1339 759 indigni
1361 729 1436 757 sunt,
1457 725 1568 752 tenebrae
1590 725 1730 754 invadant.
1745 724 1794 753 Est

1003 779 1068 798 vero
1081 779 1173 798 saccus
1198 771 1288 798 luctus
1307 771 1438 798 indicium
1464 775 1491 798 et
1511 771 1630 806 signum,
1648 775 1677 798 ul.
1698 778 1793 798 eorum

1004 816 1143 842 interitum
1165 816 1239 850 ipsas
1260 816 1342 843 etiam
1357 815 1490 843 caelorum
1506 818 1620 843 virtutes
1642 816 1734 851 lugere
1754 816 1794 842 si-

1004 860 1161 894 guilicetur.
1177 859 1244 887 Cum
1273 867 1381 893 possem
1407 860 1491 895 igitur
1507 868 1560 887 non
1585 861 1667 891 mori,
1692 861 1792 894 inquit,

161 908 207 934 Διὸ
229 907 278 934 καὶ
302 906 541 943 κατηγορούμενος
568 909 705 940 ἐσιώπων,
732 908 852 943 ὑπήκοος
878 908 952 943 αὑτῷ

1005 913 1106 939 corpus
1132 905 1191 939 ipse
1209 913 1300 932 meum
1318 905 1400 932 morti
1425 905 1537 932 tradidi.
1568 905 1604 931 Ita
1620 906 1693 932 enim
1719 904 1793 931 Patri

163 953 244 988 μέχρι
256 953 370 980 θανάτου
400 954 551 988 γινόμενος,
577 953 654 985 εἰδὼς
669 954 706 985 ὡς
725 953 802 980 ἔσται
821 953 865 988 μοί
886 961 951 979 ποτε

162 999 258 1034 καιρὸς
271 999 333 1025 καθ’
348 999 377 1025 ὃν
401 1000 451 1026 οὐκ
476 999 517 1025 ἔτι
533 1000 682 1034 σιγήσομαι
701 999 848 1034 γλῶσσαν
860 999 952 1025 λαϐὼν

162 1045 239 1080 παρὰ.
254 1044 302 1071 τοῦ
318 1045 438 1080 Πατέρος
467 1047 496 1071 ὲν
522 1044 610 1080 καιρῷ
620 1044 722 1080 λέγειν
745 1046 931 1081 ἐπισταμένην
943 1053 950 1060 ο

161 1092 206 1118 ὅτε
222 1100 273 1126 μου
289 1091 428 1127 πανταχοῦ
438 1092 488 1127 τῆς
502 1092 666 1126 Ἐκκλησίας
682 1091 891 1127 καθιδρυμένης,
908 1091 952 1118 διὰ

161 1136 216 1162 τῶν
242 1136 316 1170 ὲμῶν
346 1136 480 1172 βοήσομαι
507 1136 635 1171 μαθητῶν
666 1138 749 1163 πᾶσιν
776 1137 880 1163 ἔθνεσιν
906 1136 952 1162 τὸν

161 1182 282 1216 ἐμαυτοῦ
304 1182 446 1217 γνωρίζων
464 1182 585 1218 Πατέρα,
600 1182 681 1209 αὑτοῦ
706 1191 751 1217 μοι
772 1182 951 1218 χαριζομένου

161 1228 210 1254 καὶ
224 1225 285 1255 ὦτα
295 1228 475 1262 ἁκουστικὶι,
493 1229 544 1264 τῆς
557 1229 626 1264 ὲμῆς
641 1229 765 1256 συνιέντα
779 1228 952 1260 διδασκαλίας

161 1274 207 1301 τὶνν
222 1275 294 1307 νοῦν,
312 1275 382 1301 κατὰ
411 1275 451 1306 τὸ,
473 1285 482 1300 ‹
497 1276 552 1301 Καὶ
577 1275 682 1302 ἔσονται
705 1276 806 1306 πάντες
832 1275 952 1302 διδακτοὶ

161 1319 242 1353 Θεοῦ,
262 1329 271 1346 ι
289 1321 362 1355 ἅπερ
390 1321 455 1354 ταῖς
467 1321 602 1354 ἑωθινοῖς
613 1321 702 1356 ὥραις
718 1321 950 1357 προσεδρεύοντα,

161 1367 347 1399 παιδεύσεως
358 1368 405 1402 τῆς
414 1367 481 1402 ἐμῆς
496 1367 691 1402 μεταλήψεται.
707 1367 736 1394 '0
749 1367 778 1394 δὲ
792 1368 950 1403 Σύμμαχος,

163 1412 274 1446 Ἔθηκέ
292 1421 339 1446 μοι
357 1413 432 1446 πρωϊ
442 1413 521 1448 τύρῳ
536 1413 618 1448 φησίν
634 1415 655 1440 '.
671 1413 700 1440 '0
715 1414 743 1440 δὲ
762 1413 890 1446 Ἀκύλας,
904 1414 952 1441 Ἐν

161 1458 238 1492 ,πρωῒ
248 1458 379 1493 ἐξεγερεῖ
385 1467 436 1493 μοι
461 1459 550 1485 ὠτίον
573 1458 627 1486 τοῦ
653 1459 784 1487 ἀκούειν.
804 1457 884 1487 Οὗτοι
898 1460 952 1495 γάρ

164 1513 209 1540 μοι
235 1504 293 1532 ἀνθ’
318 1504 395 1539 ὑμῶν
424 1505 479 1532 τῶν
508 1505 546 1541 μὴ
580 1506 754 1533 ἀκουσάντων
779 1507 951 1542 γενήσονται,

164 1551 400 1586 προσεδρευόντων
419 1551 464 1578 ἀεὶ
475 1553 533 1583 ταῖς
554 1552 600 1578 τοῦ
614 1552 697 1587 νόμου
714 1554 814 1583 σκιαῖς.
837 1553 953 1580 Ἐκεῖνοι

163 1596 192 1623 δὲ
204 1597 266 1628 τοὺς
279 1596 382 1629 τύπους
409 1598 448 1629 εἰς
476 1597 607 1633 ἀλήθειαν
629 1599 817 1633 πνευματικῆς
837 1599 953 1633 θεωρίας

164 1642 328 1675 ἑκδὲξονται,
363 1643 439 1678 ὑμῶν
475 1644 710 1679 παρακουσάντων
735 1652 785 1679 μου
813 1644 951 1678 λέγοντος·

167 1698 176 1714 ι
189 1689 333 1724 Ἐρευνᾶτε
350 1690 400 1721 τὰς
410 1689 532 1724 Γραφὰς,
545 1690 586 1716 ὅτι
601 1690 629 1716 ὲν
641 1690 737 1722 αὐταῖς
753 1690 871 1716 δοκεῖται
883 1690 955 1725 ζωὴν

165 1735 273 1760 αἰώνιον
289 1734 361 1770 ἔχειν
393 1736 440 1762 καὶ
456 1735 536 1762 αὐταί
560 1736 628 1762 είσιν
645 1736 673 1762 αἱ
693 1736 880 1772 μαρτυροῦσαι
891 1735 956 1771 περὶ

164 1781 244 1815 ἐμοῦ,
255 1781 345 1808 καὶού
361 1782 452 1808 θέλετε
468 1782 554 1808 ἐλθεῖν
561 1782 632 1817 πρός
647 1791 691 1817 με,
708 1783 751 1809 ἵνα
759 1783 830 1818 ζωὴν
845 1783 952 1818 ἔχητε.»

164 1826 269 1860 Γράφει
290 1826 318 1851 δὲ
339 1827 387 1852 καὶ
419 1826 433 1851 ὁ
466 1826 536 1859 θεῖος
567 1827 739 1859 Ἀπόστολος,
760 1837 769 1853 ι
792 1828 854 1854 Ὅτι
873 1827 956 1862 ἡνίκα

164 1872 385 1908 ἀναγινώσκηται
409 1872 522 1908 Μωσῆς,
545 1873 678 1909 κάλυμμα
704 1874 753 1901 ἐπὶ
774 1874 824 1910 τὴν
841 1875 955 1910 καρδίαν

164 1918 256 1945 αὐτῶν
268 1920 368 1946 κεῖται.
384 1927 394 1945 ι

200 2048 278 2080 Τινὲς
305 2048 334 2075 δὲ
356 2049 395 2081 ὼς
407 2049 461 2076 ἀπὺ
485 2049 539 2076 τῶν
572 2049 701 2086 μαθητῶν
727 2050 854 2086 εἰρῆσθαι
876 2051 956 2078 τοῦτό

166 2103 243 2129 φασι,
252 2094 405 2122 λαλούντων
417 2095 524 2130 ἑκάστῳ
531 2096 566 2122 τὰ
576 2096 719 2131 πρόσφορα
732 2097 778 2123 καὶ
790 2097 954 2133 κατάλληλα·

164 2140 190 2167 οἳ
206 2141 250 2167 καδ
262 2140 420 2173 τεθεῖσθαι,
437 2142 529 2176 φασὶν,
554 2142 674 2175 ἑαυτοῖς
686 2147 700 2161 ιι
715 2143 765 2170 καὶ
784 2144 869 2178 πρωῒ,
883 2143 956 2170 τοῦτ’

166 2185 240 2213 εστιν
254 2187 294 2219 εἰς
305 2186 367 2214 νοῦν
382 2188 430 2214 καὶ
456 2188 570 2224 καρδίαν
593 2190 701 2225 ἡμέρας
725 2190 893 2226 διαύγασμα,
907 2191 957 2218 καὶ

165 2233 262 2267 νοητοῦ
277 2233 366 2268 φωτὸς
381 2233 525 2268 ἔλλαμῲιν.
544 2235 600 2262 Καὶ
613 2236 718 2267 Παῦλος
731 2237 785 2273 γὰρ
799 2237 957 2272 εὐχαριστεί

164 2278 203 2313 τῷ
210 2277 268 2313 Θεῷ
275 2278 372 2312 λέγων,
381 2279 421 2305 ὅτι
430 2289 439 2304 ι
446 2279 596 2316 Ἐῤῥύσατο
603 2282 619 2316 ή
625 2282 677 2315 μᾶς
686 2282 718 2308 ἐκ
725 2281 773 2316 τῆς
780 2281 903 2314 ἐξουσίας
909 2282 955 2309 τοῦ

164 2325 289 2356 σκύτους,
305 2325 351 2351 καὶ
368 2325 535 2360 μετέστησεν
550 2326 645 2361 εἰςτὴν
661 2326 800 2361 βασιλείαν
821 2327 868 2354 τοῦ
884 2327 950 2354 Υίοῦ

164 2369 213 2404 τῆς
228 2369 336 2405 ἀγάπης
347 2370 429 2396 αὑτοῦ
441 2371 469 2397 ὲν
479 2370 516 2405 τῷ
529 2371 608 2406 φωτί.
625 2381 634 2397 ι
646 2372 724 2403 Τινὲς
735 2373 781 2399 καὶ
791 2373 828 2404 ὡς
845 2373 898 2400 ἀπὺ
907 2372 954 2400 τοῦ

165 2416 306 2450 προφήτου
317 2416 428 2443 δυνατὸν
441 2417 470 2443 τὸ
481 2417 567 2453 παρὸν
593 2417 699 2452 ἔφασαν
716 2418 840 2454 λελέχθαι
861 2420 952 2455 ῥητόν.

168 2461 421 2498 Εὐαγγελισαμένου
441 2463 496 2498 γὰρ
509 2463 592 2489 αὐτοῦ
603 2465 652 2499 τὴν
672 2464 763 2492 αὐτῶν
782 2474 823 2498 τε,
839 2465 886 2491 καὶ
902 2466 957 2492 τῶν

165 2505 250 2532 ἐθνῶν
266 2507 412 2542 σωτηρίαν,
437 2508 483 2534 καὶ
509 2508 556 2534 τοῦ
579 2507 705 2543 Σωτῆρος
720 2507 769 2543 τὴν
788 2508 891 2543 ἄφιξιν,
907 2510 955 2536 καὶ

166 2551 212 2577 τοῦ
230 2553 333 2588 κόσμου
349 2554 397 2588 τὴν
411 2553 578 2586 συντέλειαν,
601 2554 683 2581 πόθεν
707 2554 795 2589 τούτῳ
808 2555 896 2582 ταῦτα
908 2554 953 2581 λέ-

165 2606 224 2631 γειν
236 2603 250 2617 ν
264 2599 382 2634 ἠπόρουν
399 2600 458 2626 καθ’
470 2599 592 2631 ἑαυτούς.
610 2600 640 2626 Ὀ
649 2600 677 2626 δέ
694 2608 786 2635 φησιν·
796 2599 855 2627 Οὐκ
863 2599 928 2635 ἐμὸς
940 2601 954 2626 ὁ

165 2643 254 2678 λόγος,
266 2646 280 2671 ὑ
296 2646 421 2681 χορηγῶν
449 2647 477 2673 δὲ
493 2647 620 2682 Χριστὸς,
637 2646 666 2679 ὃς
681 2649 737 2679 τοῖς
752 2647 849 2674 ἑαυτοῦ
865 2647 957 2674 δίδωσι

167 2690 262 2725 καιρόν
273 2699 301 2717 τε
312 2693 406 2726 λόγου
415 2693 461 2720 καὶ
472 2693 580 2719 σύνεσιν
590 2693 658 2728 πρὸς
668 2693 699 2720 τὸ
708 2695 788 2720 νοεῖν.
801 2694 858 2720 Οὐκ
869 2694 959 2722 ἀθετῶ

1002 959 1064 978 meo
1083 951 1171 978 visum
1185 954 1238 978 est.
1260 951 1355 985 Itaque
1367 951 1446 978 etiam
1463 958 1526 978 cum
1545 958 1702 983 accusaret,
1721 956 1794 978 tace.

1001 997 1075 1029 bam,
1091 997 1178 1024 eidem
1193 997 1226 1024 ad
1242 1003 1355 1024 mortem
1372 1005 1460 1032 usque
1476 1004 1579 1024 morem
1605 1005 1702 1032 gerens
1717 1005 1724 1029 ;
1744 1004 1794 1024 nec

1002 1043 1133 1070 dubitans
1148 1042 1207 1069 fore
1223 1042 1289 1069 mihi
1308 1046 1416 1076 tempus
1430 1042 1590 1077 aliquando,
1607 1050 1661 1076 quo
1675 1042 1765 1076 lingua
1779 1049 1794 1068 ιι

1003 1087 1084 1114 Patre
1102 1091 1226 1122 accepta,
1243 1094 1304 1121 qua:
1318 1087 1442 1121 loquendi
1460 1087 1699 1122 tcmpestivitatem
1720 1087 1795 1113 cale-

1001 1138 1054 1166 ret,
1068 1133 1135 1160 mihi
1155 1133 1274 1168 amplius
1289 1133 1435 1160 tacendum
1463 1138 1603 1161 nonesset
1623 1133 1732 1168 quando
1752 1133 1796 1160 ni-

1003 1182 1102 1208 mirum
1119 1181 1245 1209 stabilita
1256 1181 1357 1216 ubique
1369 1180 1503 1213 Ecclesia,
1518 1188 1567 1214 per
1578 1187 1653 1207 meos
1666 1180 1726 1214 ipse
1738 1179 1795 1206 dis-

1002 1227 1110 1262 cipulos
1127 1227 1257 1262 gentibus
1272 1227 1399 1254 omnibus
1414 1226 1522 1253 Patrem
1536 1234 1627 1253 meum
1644 1226 1796 1261 praedicans

1001 1273 1136 1305 clamabo,
1151 1272 1272 1307 mihique
1290 1271 1355 1299 item
1371 1271 1464 1298 audire
1480 1271 1595 1298 valentes
1611 1279 1700 1303 aures,
1714 1271 1740 1298 id
1753 1274 1796 1298 est

1001 1319 1153 1354 disciplinae
1169 1327 1235 1345 mea:
1251 1326 1367 1353 capaces
1388 1318 1506 1351 animas,
1528 1318 1607 1352 juxta
1630 1318 1714 1345 illud:
1732 1327 1742 1343 ι
1760 1316 1795 1344 Et

1002 1369 1082 1393 erunt
1093 1373 1188 1392 omnes
1196 1364 1327 1392 docibiles
1342 1363 1395 1391 Deo
1403 1364 1437 1397 °‘,
1455 1374 1464 1390 ι
1480 1365 1696 1398 largietur:qua:
1710 1368 1797 1390 matu-

1004 1414 1068 1439 tinis
1081 1413 1154 1439 horis
1169 1416 1279 1439 attenta:
1301 1412 1471 1446 disciplinam
1492 1419 1579 1439 meam
1602 1417 1795 1447 assequentur.

1002 1459 1103 1486 Verum
1123 1458 1196 1494 quod
1224 1457 1330 1486 addidit
1342 1458 1407 1485 mihi
1432 1466 1508 1485 mane
1533 1459 1683 1489 scientiam,
1708 1458 1792 1485 habet

1004 1504 1199 1540 Syuunachus,
1212 1503 1293 1530 Mane
1306 1503 1430 1530 excitavit
1446 1503 1510 1530 mihi
1524 1512 1615 1531 aurem
1628 1504 1662 1530 ad
1683 1503 1796 1530 audien-

1004 1551 1079 1583 dum,
1103 1549 1172 1576 dixit
1187 1549 1310 1584 Aquilas.
1327 1549 1360 1576 lli
1378 1549 1514 1584 siquidem
1531 1550 1596 1577 mihi
1608 1551 1635 1577 in
1651 1551 1738 1578 locum
1753 1558 1798 1578 vc-

1006 1601 1095 1623 strum
1111 1595 1219 1622 venturi
1237 1599 1312 1628 sunt,
1325 1595 1423 1630 quime
1439 1603 1493 1622 non
1511 1595 1648 1629 audistis;
1665 1595 1712 1623 sed
1730 1595 1797 1630 legis

1008 1641 1111 1667 umbrae
1127 1647 1236 1675 semper
1252 1639 1419 1667 adimsistis.
1438 1639 1472 1666 At
1487 1639 1525 1667 illi
1544 1640 1644 1675 ﬁguras
1665 1641 1692 1668 in
1715 1641 1798 1676 spiri-

1006 1686 1088 1714 tualis
1100 1686 1342 1721 contemplationis
1353 1687 1498 1714 veritatem
1509 1687 1657 1722 excipient,
1669 1694 1799 1714 aversan-

1006 1731 1081 1758 tibus
1096 1730 1174 1758 vobis
1193 1731 1240 1765 qui
1256 1739 1299 1758 tne
1315 1731 1446 1758 noluistis
1462 1731 1558 1758 audire
1587 1731 1624 1758 ita
1645 1738 1798 1766 provocan-

1006 1781 1060 1804 tetn
1075 1785 1083 1803 :
1098 1786 1107 1802 ι
1125 1777 1298 1804 Scrutamini
1314 1776 1484 1811 Scripturas,
1510 1776 1642 1812 quoniam
1677 1777 1705 1804 in
1731 1777 1798 1812 ipsis

1006 1823 1107 1858 putatis
1124 1823 1207 1849 vitam
1222 1827 1383 1858 perpetuam
1397 1823 1510 1856 habere,
1525 1827 1553 1851 et
1569 1823 1634 1858 ipsa:
1648 1827 1722 1854 sunt,
1737 1831 1798 1857 qua:

1006 1868 1194 1896 testimonium
1212 1869 1359 1903 perhibent
1377 1868 1412 1896 de
1428 1876 1481 1900 tne,
1502 1876 1590 1903 neque
1605 1868 1687 1895 vultis
1705 1869 1799 1895 venire

1006 1914 1041 1941 ad
1059 1921 1112 1946 me.
1130 1918 1160 1940 ut
1173 1914 1254 1941 vitam
1265 1914 1392 1942 habeatis
1406 1914 1457 1941 ⁸⁵.»
1473 1913 1575 1941 Scribit
1587 1921 1652 1942 vero
1664 1918 1691 1941 et
1703 1914 1798 1941 beatus

1006 1960 1088 1996 574
1101 1959 1219 1988 Paulus:
1239 1970 1247 1986 ι
1265 1960 1333 1988 Cum
1347 1961 1447 1995 legitur
1460 1960 1549 1988 Moses
1560 1970 1568 1994 ;
1578 1961 1701 1988 velamen
1716 1968 1799 1995 super

1006 2013 1053 2032 cor
1068 2013 1163 2032 eorum
1175 2005 1294 2040 positum
1314 2009 1357 2032 est
1369 2005 1402 2033 ⁸⁸.
1426 2014 1436 2031 ι

1041 2050 1100 2078 Non
1112 2052 1212 2078 desunt
1227 2055 1330 2083 autem,
1345 2051 1391 2086 qui
1414 2060 1446 2079 ex
1461 2051 1660 2087 discipulorum
1682 2059 1799 2087 persona

1007 2095 1079 2123 istud
1091 2096 1244 2131 accipiant;
1262 2101 1393 2132 tanquam
1414 2097 1564 2132 unicuique
1585 2097 1663 2124 utilia
1687 2100 1714 2122 et
1729 2104 1796 2123 cou-

1006 2149 1075 2177 grua
1092 2143 1170 2177 loqui
1186 2150 1216 2170 se
1233 2143 1347 2175 dicant;
1364 2151 1492 2178 mamqu
1517 2151 1544 2170 se
1559 2150 1615 2170 esse
1633 2141 1751 2173 additos,
1768 2141 1797 2168 id

1007 2193 1061 2221 est,
1076 2189 1213 2216 mentibus
1240 2193 1267 2216 et
1288 2189 1419 2218 cordibus
1435 2189 1502 2224 ipsis
1520 2189 1644 2216 divinum
1669 2187 1800 2222 splendo-

1009 2242 1067 2261 rem
1082 2239 1109 2261 ct
1123 2234 1194 2261 lucis
1208 2234 1391 2270 intelligibilis
1412 2235 1634 2262 coruscationem
1650 2234 1798 2269 accepisse.

1009 2279 1123 2307 Paulum
1142 2280 1216 2307 enim
1236 2280 1318 2309 etiam
1338 2280 1394 2308 Deo
1414 2281 1517 2316 gratias
1533 2288 1614 2316 agere
1637 2281 1753 2316 legimus
1765 2279 1799 2312 ⁸⁷,

1008 2326 1082 2362 quod
1097 2334 1127 2354 se
1154 2327 1188 2354 de
1203 2327 1380 2354 tenebrarum
1411 2332 1546 2363 potestate
1568 2332 1692 2362 ereptum
1712 2326 1740 2353 in
1756 2333 1800 2352 re-

1007 2381 1090 2409 gnum
1112 2373 1204 2401 dilecti
1218 2373 1278 2400 Filii
1295 2374 1339 2401 sui
1355 2373 1389 2401 ad
1408 2375 1497 2402 lucem
1517 2373 1700 2402 transtulerit.
1727 2371 1801 2398 Non-

1007 2419 1077 2447 nulli
1090 2427 1201 2447 rursum
1219 2423 1350 2454 tanquam
1363 2427 1379 2447 a
1394 2420 1529 2455 propheta
1546 2419 1628 2447 verba
1651 2419 1702 2446 ista
1725 2420 1796 2446 sumi

1012 2474 1094 2501 posse
1110 2466 1250 2494 dixerunt.
1270 2467 1339 2494 Cum
1354 2467 1428 2494 enim
1457 2474 1536 2494 suam
1561 2466 1615 2493 illis
1636 2470 1664 2494 et
1679 2465 1800 2501 gentium

1014 2512 1140 2544 salutem,
1165 2510 1373 2547 Salvatorisque
1394 2512 1550 2545 adventum,
1571 2512 1664 2539 mundi
1684 2512 1802 2547 denique

1008 2559 1276 2586 consummationem
1303 2558 1454 2589 nuntiaret,
1473 2558 1608 2586 undenam
1626 2559 1677 2585 ista
1691 2558 1801 2586 allen-ret

1010 2603 1082 2638 apud
1099 2611 1128 2631 se
1145 2603 1319 2631 dubitabant.
1331 2603 1444 2630 Atille:
1458 2602 1520 2632 Non
1536 2611 1623 2635 meus,
1639 2603 1738 2638 inquit,
1753 2604 1801 2631 sed

1011 2649 1116 2677 Christi
1132 2648 1345 2684 suppeditantis,
1362 2656 1453 2676 sermo
1468 2653 1520 2681 est,
1537 2649 1584 2684 qui
1603 2649 1661 2677 suis
1678 2649 1802 2684 loquendi

1014 2695 1195 2730 sapiendique
1220 2700 1327 2730 tempus
1356 2695 1478 2731 largitur.
1507 2694 1567 2724 Non
1584 2696 1701 2731 gratiam
1719 2696 1802 2730 igitur

201 2769 224 2786 “
237 2771 290 2798 lsa.
307 2779 360 2803 uv.
381 2772 415 2800 l5
447 2772 527 2801 Joan.
546 2781 582 2805 vt,
598 2773 643 2801 45.
680 2773 702 2790 ⁸⁸
719 2774 799 2803 Joan.
815 2783 841 2805 ν.
858 2774 952 2807 59,4θ.

1006 2774 1028 2803 ll
1040 2775 1103 2803 Cor.
1121 2783 1162 2807 tu,
1183 2775 1226 2804 15,
1241 2775 1263 2791 9*
1277 2774 1383 2802 Culuss.
1398 2783 1417 2806 ι,
1439 2774 1483 2806 ll.
1499 2775 1541 2803 l2.

809 2832 924 2860 VARIAS
945 2833 1146 2861 LECTIONES.

204 2878 215 2893 ῐ
231 2874 282 2907 (2,2.
299 2874 327 2900 το
341 2875 520 2903 ἐπιπολάσαν.
560 2877 569 2890 ⁵
585 2885 628 2912 γρ.
649 2878 780 2904 Ξνδύσειν.
821 2879 829 2897 ι
844 2888 888 2913 γρ.
903 2879 1014 2915 γνῶσιν,
1056 2885 1068 2899 ιι
1085 2879 1208 2912 ἐιυτνιὺς.

1255 2884 1268 2899 ν
1284 2887 1327 2913 γέν.
1342 2880 1426 2913 λὲγιι.
