1999 3076
195 144 263 178 2491

846 146 1023 178 PROCOPII
1051 145 1123 175 GAZ
1129 145 1176 174 ΔΕΙ

1762 144 1833 174 2-592

195 206 301 234 everto,
317 201 363 237 qui
385 200 509 236 ejusdem
526 200 716 236 praedicationi
741 203 885 230 subservio
901 212 909 237 ;
927 204 988 236 qui-

1046 202 1129 228 ιοίνυν
1161 201 1209 236 τὴν
1233 201 1313 236 χάριν
1339 200 1485 236 ὑπηρετῶν
1500 199 1581 227 αὐτοῦ
1604 199 1642 235 τῷ
1665 198 1833 235 κηρύγματι,

195 256 249 282 que
269 248 380 275 nomine
408 248 494 282 ips~us
513 248 606 276 omnia
630 248 749 276 tolerare
776 255 888 284 paratus
916 257 988 277 sum.

196 294 283 321 Etiam
302 294 324 321 si
351 302 405 327 me,
426 294 527 329 inquit,
549 293 674 328 caaditis;
699 295 722 322 si
744 296 910 329 conspiratis,
929 295 990 330 ejus

197 340 294 367 auxilii
311 348 387 374 spent
401 347 539 375 nunquam
558 340 696 375 abiecero,
707 348 759 375 qua
777 341 878 376 potitus
893 341 988 373 semel,

193 386 358 421 justumque
375 387 564 421 Consequendi
589 388 797 422 exspectatione
819 392 991 416 sustentatus

196 432 274 459 vobis
293 431 351 465 ipse
367 432 559 460 contradicere
571 440 624 458 non
640 432 798 459 volentibus
815 433 954 461 resistam.

231 478 285 504 Sed
307 478 340 504 ad
365 477 505 505 Christum
528 484 709 509 revertamur,
733 478 779 513 qui
798 483 910 505 vocatos
930 478 990 513 qui-

195 523 256 550 dem
271 522 381 551 Judaeos
395 525 490 551 audire
499 525 623 551 noluisse
637 533 644 558 ;
657 532 686 552 se
700 529 790 551 autem
807 523 880 552 Patri
892 529 991 552 cuncta

196 569 223 596 in
239 576 272 596 eo
295 569 453 597 instaurare
471 574 498 597 et
518 571 682 605 recolligere
700 572 832 598 statuenti
850 580 901 598 non
916 580 992 606 repu-

194 623 292 650 gnasse
309 619 444 643 testatur:
460 616 518 651 qui,
530 616 597 644 dtttn
615 625 645 644 se
657 622 816 649 evacuaret.
829 619 991 653 turpissima

196 669 313 695 qmeque
335 668 434 695 passus
463 661 531 687 nihil
560 661 587 688 in
615 668 669 696 quo
699 660 773 688 Patri
789 661 915 689 obediret
940 661 990 689 sibi

195 709 345 741 nitidquam
363 709 507 736 dedecoris
523 709 669 737 allaturum
685 709 837 738 arbitratus
853 715 914 738 est:
933 710 992 738 Non

195 754 350 788 ﬂagellaute
366 754 478 787 Pilato;
495 762 550 782 non
568 763 641 782 servo
656 754 799 789 colaphum
814 755 991 791 impingenle;

197 800 295 827 nonin
318 808 348 828 se
368 800 487 835 denique
511 801 716 835 conspueutibus
739 801 815 833 aliis.
828 802 874 837 qui
898 801 994 837 [aciem

197 853 273 872 suam
298 850 424 879 tanquam
448 845 555 879 ﬁrmant
573 850 676 879 petram
700 851 836 880 posuerat.
864 846 902 873 Ea
920 847 992 873 enim

197 891 225 918 id
251 892 353 918 virtute
381 895 489 926 gestum
506 897 558 922 est.
577 899 626 926 per
653 899 735 927 quam
755 894 891 927 patienter
911 893 992 926 tulit;

196 937 328 971 quoniam
341 944 356 964 e
373 937 445 964 cmlo
464 937 661 969 descenderat,
682 945 736 964 non
768 942 796 965 ut
820 945 886 971 suae,
903 938 949 966 sed
967 943 996 965 ut

197 983 268 1016 ejus,
285 990 299 1009 a
317 990 371 1017 quo
388 983 491 1010 tnissus
508 987 560 1015 est.
581 984 718 1010 voluntati
735 988 862 1018 pareret;
877 985 924 1019 qui
941 984 994 1012 sibi

199 1029 382 1064 humanaeque
397 1029 522 1056 tenuitati
537 1030 690 1057 auxiliatus
705 1034 758 1057 est.
771 1029 917 1065 Signiﬁcat
929 1038 994 1058 vero

196 1075 221 1101 ei
235 1083 265 1102 se
282 1075 364 1102 etiam
379 1082 457 1109 opetn
476 1075 585 1107 tulisse,
601 1075 666 1110 quia
687 1076 720 1103 de
736 1076 780 1107 iis,
800 1083 815 1102 a
834 1076 934 1110 quibus
952 1076 996 1102 in-

195 1120 298 1155 juriam
316 1121 481 1155 patiebatur,
499 1128 595 1156 pcenas
614 1121 781 1156 sumpserit;
798 1129 868 1155 quas
881 1125 995 1155 propter

197 1166 365 1193 celeritatem
381 1165 460 1200 juxta
484 1173 558 1199 esse,
575 1173 661 1200 seque
680 1174 694 1192 ιι
714 1165 769 1192 Deo
782 1166 932 1200 justiﬁcari
960 1166 995 1193 si-

196 1210 320 1247 gniﬁcat.
335 1209 444 1237 Iustum
470 1211 556 1242 enim,
574 1214 601 1237 et
613 1211 660 1246 qui
683 1210 768 1238 nullis
797 1210 944 1238 adversum
963 1217 993 1238 se

198 1256 262 1283 mali
279 1263 392 1283 causam
405 1256 571 1291 praebuerat,
582 1255 743 1283 interimere
754 1256 812 1283 ausi
828 1259 909 1283 sunt:
925 1263 994 1290 quo-

197 1309 259 1329 rum
286 1310 336 1338 ego
354 1310 417 1329 Cllm
444 1302 575 1337 injuriam
594 1301 675 1337 575
699 1302 830 1334 ulciscor,
857 1302 923 1328 nulli
950 1309 994 1329 me

197 1347 318 1380 crimini,
336 1347 438 1383 inquit,
450 1348 601 1376 obnoxium
627 1356 689 1375 esse
704 1352 825 1375 testatus
841 1353 894 1375 est.
911 1347 993 1376 intle-

196 1402 250 1429 quc
265 1394 303 1421 ait
318 1393 413 1421 Pater:
425 1403 434 1419 ‹
457 1394 489 1420 Et
500 1393 572 1420 dabo
587 1395 674 1420 tnalos
691 1401 740 1428 pro
755 1394 894 1428 sepultura
914 1394 991 1428 ejus:

197 1444 225 1466 et
246 1439 347 1466 divites
376 1447 426 1474 pro
446 1445 533 1466 morte
567 1439 655 1474 ipsius
666 1439 717 1466 ⁸⁸.)
733 1438 894 1466 Divitiarum
918 1439 992 1467 enim

196 1485 350 1520 cupiditate
373 1485 535 1512 inﬂammati
562 1484 719 1512 Judworum
748 1485 845 1518 duces,
865 1493 943 1513 suam
965 1486 991 1512 in

1042 250 1133 277 πάντα
1145 257 1174 276 τε
1191 249 1287 275 παθεῖν
1299 248 1408 283 ἕτοιμός
1421 248 1479 283 ειμι
1492 247 1527 274 δι’
1540 248 1632 275 αὐτόν.
1648 247 1706 274 Κᾶν
1715 247 1836 282 τύπτητέ

1044 305 1088 331 με,
1108 295 1248 330 φησὶ,κᾶν
1269 295 1428 328 ὲμπτύητε,
1449 294 1499 330 τὴν
1513 295 1579 329 παρ’
1602 293 1685 321 αὑτοῦ
1708 293 1834 328 βοήθειαν

1043 341 1160 375 ἐλπίζων
1173 346 1197 374 π,
1215 343 1248 376 ἦν
1262 341 1427 377 εὑράμενος,
1440 341 1487 367 καὶ
1509 341 1557 367 τοῦ
1570 340 1675 367 δικαίου
1689 339 1836 372 τεύξασθαι

1042 387 1214 424 προσδοκῶν,
1226 387 1426 422 ἀντιστήσομαι
1450 387 1515 422 ὑμῖν
1530 387 1682 421 ἀντιλέγειν
1701 386 1739 422 μὴ
1755 385 1837 412 δυνα-

1043 435 1147 470 μένοις.

1085 480 1154 507 Ἀλλ⁸
1167 481 1213 509 ἐπὶ
1221 481 1267 508 τὸν
1279 479 1398 515 Χριστὸν
1410 477 1614 513 ἐπανέλθωμεν,
1631 478 1660 509 ὃς
1673 486 1756 512 φησιν
1770 477 1838 504 Ἴου-

1042 525 1141 557 δαίοις·
1165 526 1210 558 Ὠς
1223 526 1304 561 ὑμεῖς
1320 526 1370 561 μὲν
1380 524 1544 560 καλούμενοι
1560 523 1766 559 παρηκούσατε,
1782 522 1839 557 ἐγὼ

1043 571 1071 597 δὲ
1087 572 1143 598 οὐκ
1162 570 1273 598 ἀπειθῶ
1287 571 1325 606 τῷ
1344 569 1446 605 Πατέρι
1461 568 1550 596 πάντα
1564 569 1593 595 ὲν
1603 569 1665 604 ἐμοὶ
1679 567 1838 603 βουληθέντι

1043 615 1350 650 ἀνακεφαλαιώσασθαι.
1378 613 1511 646 Κενώσας
1532 613 1560 640 δὲ
1572 613 1701 649 ἐμαυτὸν,
1715 611 1750 639 τὰ
1768 612 1838 638 πάνθ

1044 672 1098 690 των
1111 663 1239 698 αἴσχιστα
1256 661 1388 692 πέπονθα,
1408 660 1488 692 εἰδὼς
1510 660 1547 695 μὴ
1568 660 1661 694 φέρειν
1682 667 1726 694 μοι
1740 658 1838 693 αίσχύ-

1044 717 1093 742 νην
1106 708 1143 743 τῷ
1154 712 1168 732 Υ
1181 707 1340 742 πειθαρχεῖν
1356 707 1395 742 τῷ
1422 707 1532 742 Πατέρι.
1561 706 1692 733 Πιλάτου
1717 705 1766 740 μὲν
1779 713 1838 739 μα-

1045 755 1261 790 στιγώσαντος,
1273 753 1333 780 τῶν
1348 753 1376 779 δὲ
1388 753 1547 787 ὑπηρετῶν
1558 753 1617 784 ἑνός
1633 760 1667 787 με
1690 752 1840 786 ραπίσαν-

1044 809 1107 834 τος,
1119 800 1206 827 ἄλλων
1219 800 1247 827 δέ
1264 809 1315 834 μου
1335 800 1581 832 καταπτυόντων,
1593 800 1634 832 ὼς
1645 798 1773 832 στερεὰν
1784 797 1838 824 ,πέ-

1045 855 1119 881 τραν
1134 847 1166 874 τὸ
1182 846 1347 881 πρόσωπόν
1374 855 1435 880 μου
1456 846 1557 878 τιθείς.
1577 845 1725 879 Δυνάμεως
1740 844 1793 878 γὰρ
1804 841 1839 878 ἦν

1046 893 1076 920 τὺ
1093 894 1220 928 πρᾶγμα,
1236 893 1268 920 δι’
1296 893 1328 928 ἣν
1340 891 1507 928 ἐκαρτέρουν
1521 900 1529 907 ·
1543 892 1585 918 ὄτι
1605 890 1784 925 καταϐέϐηκα
1806 891 1839 917 ὲκ

1045 938 1093 965 τοῦ
1108 938 1236 974 ούρανοῦ,
1247 939 1296 973 οὺχ
1312 938 1356 964 ἶνα
1371 938 1440 964 ποιῶ
1456 938 1486 964 τὸ
1502 937 1608 972 θέλημα
1630 936 1660 963 τὸ
1679 936 1755 970 ὲμέιν,
1770 935 1840 962 ἀλλὰ

1045 985 1076 1012 τὸ
1090 985 1196 1021 θέλημα
1210 984 1257 1012 τοῦ
1283 983 1441 1020 πέμψαντός
1474 993 1519 1019 με.
1546 983 1632 1014 Αὐτὸς
1652 983 1706 1018 γάρ
1725 991 1775 1017 μου
1791 982 1839 1008 καὶ

1045 1032 1102 1062 τοῖς
1125 1029 1307 1065 ἀνθρωπίνοις
1333 1028 1468 1067 ἐϐοήθησε
1497 1028 1624 1063 μέτροις.
1646 1027 1726 1062 Δηλοϊ
1739 1026 1768 1053 δὲ
1792 1026 1840 1052 καὶ

1044 1077 1082 1108 ὡς
1095 1077 1235 1111 ἐπήμυνεν
1247 1074 1421 1110 αὑτῷ,δὶκην
1435 1074 1540 1104 ἐπιθεὶς
1562 1075 1619 1105 τοῖς
1635 1073 1790 1108 ὑϐρίσασιν,
1804 1072 1839 1107 ἢν

1045 1123 1092 1149 καὶ
1113 1122 1158 1148 διὰ
1180 1121 1263 1156 τάχος
1284 1121 1406 1155 ἐγγίζειν
1425 1121 1502 1155 φησὶ.
1525 1119 1743 1152 δικαιώσαντος
1757 1119 1839 1145 αὐτὸν

1044 1168 1091 1194 τοῦ
1105 1167 1236 1202 Πατέρος.
1249 1167 1371 1194 Δίκαιον
1385 1166 1440 1201 γὰρ
1458 1165 1535 1197 ὄντα,
1550 1166 1597 1192 καὶ
1611 1164 1671 1191 καθ’
1682 1164 1781 1191 ἑαυτοῦ
1800 1164 1839 1199 μὴ

1044 1213 1123 1240 δόντα
1139 1212 1237 1244 λαὸὰς,
1252 1211 1425 1239 ἀποκτείνειν
1440 1211 1604 1247 ἐτόλμησαν.
1627 1210 1698 1237 Ἀνθ“
1733 1207 1772 1238 ὦν
1787 1210 1840 1236 αὑ-

1043 1259 1107 1290 τοὺς
1120 1258 1248 1291 κολάσας,
1263 1257 1450 1285 ἀνυπεύθυνον
1478 1257 1611 1292 ὑπάρχειν
1628 1256 1678 1291 ἐμὲ
1695 1256 1840 1291 μεμαρτύ-

1045 1313 1139 1340 ρηκεν.
1155 1304 1200 1331 Διό
1210 1312 1293 1339 φησιν
1305 1304 1319 1330 ὁ
1332 1304 1428 1339 Πατήρ
1436 1312 1460 1329 ἰ
1472 1303 1527 1330 Καὶ
1538 1303 1616 1330 δώσω
1628 1303 1691 1334 τοὺς
1702 1301 1839 1337 πονηροὺς

1043 1351 1104 1377 ἀντὶ
1118 1350 1169 1386 τῆς
1184 1350 1274 1385 ταφῆς
1289 1349 1384 1382 αὑτοῦ,
1399 1350 1445 1376 καὶ
1460 1349 1523 1381 τοὺς
1541 1349 1686 1380 πλουσίους
1710 1348 1771 1375 ἀντὶ
1790 1348 1839 1375 τοῦ

1045 1396 1162 1423 θανάτου
1178 1396 1272 1424 αὐτοῦ,
1293 1405 1303 1421 ›
1318 1395 1494 1422 Φιλόπλουτοι
1510 1395 1564 1430 γὰρ
1579 1394 1723 1429 γεγονότες
1742 1394 1768 1420 οἱ
1783 1393 1839 1420 τῶν

1050 1441 1185 1469 Ἰουδαίων
1206 1442 1374 1477 καθηγηταὶ,
1402 1441 1472 1477 πρὸς
1497 1441 1547 1476 τὴν
1571 1440 1631 1468 κατ’
1652 1439 1736 1468 αὐτοῦ
1756 1448 1840 1475 πονη-

1046 1488 1106 1523 ρίαν
1122 1488 1283 1523 ἐτράποντο.
1303 1487 1359 1514 Kal.
1391 1487 1447 1522 γὰρ
1475 1486 1576 1517 εἰδότες
1598 1485 1679 1512 αὑτὸν
1702 1485 1836 1520 ἔφασκον·

195 1539 259 1558 cttm
274 1531 406 1558 malitiam
433 1535 642 1559 convcrtcrunt.
674 1531 765 1567 Ipsum
793 1532 865 1559 enim
881 1533 991 1567 conspi-

1048 1543 1057 1560 ι
1080 1532 1163 1565 Οὗτός
1179 1534 1251 1560 ἐστιν
1268 1535 1282 1560 ὁ
1298 1533 1466 1568 κληρονόμος
1477 1541 1484 1548 ·
1513 1532 1592 1559 δεῦτε
1605 1552 1612 1565 ,
1633 1531 1840 1566 ἀποκτείνωμεν

196 1577 262 1609 cati,
276 1576 439 1604 dixeruntu
458 1576 507 1604 llic
523 1580 566 1604 est
586 1577 685 1610 hmres,
703 1577 814 1610 venite;
839 1577 990 1605 interﬁcia-

196 1623 357 1658 lnusipsum
371 1623 423 1649 ³³.»

233 1667 310 1701 Quod
328 1668 350 1695 si
371 1669 407 1696 sit
428 1668 538 1703 aliquis.
560 1668 608 1704 qui
632 1677 675 1697 me
696 1669 770 1704 iusta
797 1677 910 1704 passum
930 1677 992 1698 esse

198 1714 362 1748 arbitretur,
375 1715 491 1742 Accedat
501 1715 569 1750 jam,
583 1716 743 1749 utrationes
755 1724 831 1744 nicas
845 1717 992 1751 improbet.

198 1761 252 1788 Sed
272 1766 346 1788 certe
363 1770 417 1788 non
435 1763 547 1796 poterit.
567 1761 600 1789 Et
615 1763 717 1789 alicubi
734 1752 807 1790 enim
824 1763 914 1798 inquit
929 1771 993 1798 pro-

197 1807 294 1841 pheta:
308 1817 316 1832 ι
331 1807 424 1835 Videte
443 1812 472 1835 ut
488 1808 581 1843 justus
598 1809 688 1844 periit,
703 1817 791 1844 neque
807 1809 833 1836 id
847 1810 991 1844 quisquam

197 1852 281 1880 corde
294 1853 441 1889 excipit".
459 1863 468 1880 ι
487 1855 562 1889 Apud
584 1855 713 1882 ettmdctn
731 1861 758 1883 et
772 1855 882 1883 Judatos
901 1856 938 1883 ita
957 1855 994 1883 lo-

197 1905 314 1933 quentes
335 1900 457 1934 reperias
475 1909 481 1927 :
497 1900 628 1935 Ligemus
649 1901 767 1935 justum,
793 1901 858 1936 quia
886 1901 993 1928 inutilis

197 1950 238 1972 est
249 1945 328 1973 nobis
342 1946 376 1973 ".
396 1955 406 1971 ι
426 1945 482 1973 Nec
497 1946 637 1973 innuerito
650 1947 754 1981 justum
771 1947 930 1982 appellavit,
944 1947 992 1981 qui

198 1996 340 2026 peccatum
359 2000 411 2019 non
424 1992 548 2025 admisit,
563 1997 590 2020 et
609 1993 636 2020 in
648 1993 726 2027 cujus
743 2001 790 2020 ore
805 1993 885 2020 dolus
900 1993 992 2021 nullus

199 2042 323 2071 repertus
346 2043 389 2064 est
402 2038 436 2065 θ’.
450 2038 530 2070 Quod
546 2042 637 2065 autent
655 2039 714 2073 quis
729 2047 816 2065 secum
837 2039 992 2074 titigaturus

197 2084 249 2114 ait,
282 2084 394 2118 quaerit,
418 2084 442 2111 ei
469 2084 605 2111 dissimile
625 2092 679 2111 non
712 2084 814 2117 fuerit,
847 2093 902 2119 quo
930 2086 991 2120 quis

198 2136 228 2156 se
259 2129 293 2156 de
327 2135 437 2164 peccato
465 2134 539 2157 esset
571 2131 731 2165 arguiturus
767 2131 925 2165 postulavit.
962 2131 992 2158 In

198 2175 326 2202 omniblts
360 2176 433 2202 enim
468 2176 538 2202 idem
572 2176 651 2210 plane
687 2176 831 2204 nobiscum
870 2177 938 2210 fuit,
969 2175 1013 2205 si.

826 2231 833 2250 :
864 2232 874 2249 ι
909 2223 990 2251 venit
1009 2227 1114 2258 υμοι;
1134 2216 1156 2254 ᾧ
1183 2219 1266 2254 μηδὲν
1288 2219 1305 2254 ἡ
1331 2218 1397 2254 παρ’
1412 2218 1568 2254 ἀνθρώποις
1585 2218 1687 2254 κρίσις¹
1707 2218 1745 2250 ὡς
1760 2218 1840 2253 σιγᾷν

198 2225 340 2255 peccatqu
379 2222 511 2256 excipias.
547 2221 641 2257 Itaque
679 2222 788 2250 dicebat

199 2267 328 2302 princeps
349 2267 442 2294 mundi
456 2267 545 2302 hujus,
563 2272 590 2295 et
605 2269 632 2295 in
650 2276 692 2295 me
712 2276 766 2296 non
779 2269 899 2297 inveniet
912 2271 992 2304 quid-

198 2320 281 2348 quam
296 2313 330 2340 ".
348 2322 357 2338 ι
376 2313 424 2340 Est
440 2321 507 2340 vero
522 2313 589 2341 illttd
606 2324 612 2341 :
630 2314 698 2347 Quis
711 2319 762 2347 est,
778 2315 822 2350 qui
840 2316 924 2350 litiget
936 2324 992 2343 me-

198 2359 281 2386 cum?
298 2359 411 2394 perfecti
431 2364 457 2386 et
477 2359 609 2394 inculpati
634 2361 684 2387 viri
706 2361 837 2396 signum;
857 2369 939 2396 quem
955 2362 992 2390 ita

200 2403 267 2431 nihil
282 2409 383 2437 movet,
410 2405 481 2440 apud
500 2405 626 2434 homines
646 2406 795 2441 judicium,
819 2412 851 2434 ut
873 2408 908 2435 ab
931 2408 991 2436 istis

198 2449 280 2477 etiam
296 2450 494 2478 condemnatus
517 2456 623 2485 taceat;
645 2452 820 2482 adversarios
841 2457 933 2481 autem
957 2454 991 2481 ad

198 2497 277 2530 illud,
294 2498 367 2531 quod
393 2498 464 2533 apud
484 2497 568 2526 Deum
593 2498 694 2534 agitur,
710 2504 799 2527 vocet.
822 2499 856 2527 At
872 2508 905 2528 eo
919 2501 991 2536 ipso,

201 2543 272 2579 quod
287 2544 346 2579 quis
363 2553 390 2571 se
402 2545 515 2572 laesurus
528 2545 573 2578 sit,
597 2546 709 2580 quaerit,
724 2547 786 2574 vita:
803 2555 833 2574 se
847 2555 911 2575 esse
935 2555 968 2575 au
978 2563 991 2568 -

199 2597 305 2618 ctorem
315 2590 499 2624 demonstrat,
510 2599 650 2626 vanasque
657 2600 752 2620 eorum
766 2593 851 2620 fuisse
862 2593 989 2626 insidias,

199 2635 258 2671 qui,
275 2639 304 2662 ut
317 2641 358 2664 est
373 2636 398 2663 in
415 2635 533 2664 Psalmis
548 2645 555 2664 :
575 2646 584 2662 ι
601 2637 725 2664 Inierunt
740 2639 899 2670 consilium,
915 2639 989 2674 quod

200 2681 325 2709 stabilire
351 2690 406 2709 non
432 2686 562 2717 poterunt
577 2682 610 2710 “.
633 2692 642 2709 ›
662 2683 714 2716 Qui
739 2684 824 2718 enitn,
847 2685 902 2711 vita
926 2693 988 2712 cum

251 2736 275 2752 ⁸⁸
287 2737 339 2764 lsa.
356 2745 415 2769 Ltll,
427 2738 454 2765 9.
492 2737 514 2754 ⁶⁹
529 2738 624 2767 Matth.
650 2747 705 2771 xm,
720 2740 765 2768 58.

201 2772 224 2789 ’³
239 2771 386 2806 Joau.xtv,
405 2773 451 2800 '50.
489 2773 514 2790 “
526 2774 601 2802 Psal.
625 2782 671 2808 xx,
694 2776 733 2803 l2.

1046 1581 1139 1608 αὐτόν.
1161 1592 1169 1606 ι

1083 1669 1150 1696 Είδὲ
1161 1667 1267 1703 νομίζει
1281 1676 1323 1699 τις
1337 1667 1450 1699 δικαίως
1467 1676 1500 1702 με
1513 1666 1687 1698 πεπονθέναι,
1702 1666 1840 1700 παρέστω

1046 1715 1116 1750 πρὸς
1131 1714 1252 1749 ἔλεγχον.
1272 1712 1343 1739 Ἀλλ’
1359 1714 1390 1740 οὐ
1414 1713 1567 1746 δυνήσεται.
1585 1712 1639 1738 Καὶ
1650 1711 1765 1747 ἀλλαχοῦ
1784 1711 1840 1746 γὰρ

1045 1764 1060 1790 ὁ
1073 1763 1217 1798 προφήτης
1230 1761 1323 1796 φησίν·
1345 1770 1355 1787 ι
1371 1761 1456 1787 Ἴδετε
1471 1760 1508 1792 ὡς
1519 1760 1625 1791 δίκαιος
1640 1759 1774 1791 ἀπώλετο,
1792 1759 1841 1786 καὶ

1046 1810 1134 1841 οὐδεὶς
1151 1809 1291 1844 ἐκδέχεται
1303 1809 1336 1843 τῇ
1361 1807 1473 1842 καρδίᾳ.
1495 1815 1504 1833 ι
1527 1807 1597 1842 Παρ¹
1610 1804 1632 1840 ᾧ
1645 1806 1694 1833 καὶ
1717 1805 1840 1833 Ἰουδαῖοί

1047 1864 1130 1891 φασι’
1151 1865 1161 1881 ι
1174 1856 1306 1891 Δήσωμεν
1318 1853 1365 1880 τὸν
1382 1854 1498 1885 δίκαιον,
1524 1852 1565 1879 ὅτι
1590 1852 1758 1888 δύσχρηστος
1771 1852 1840 1886 ἡμῖν

1047 1901 1132 1927 εστιν.
1161 1909 1171 1925 ι
1187 1900 1307 1931 Εἰκότως
1319 1898 1433 1931 δίκαιον,
1454 1907 1464 1925 ι
1484 1897 1521 1925 οὐ
1536 1898 1592 1934 γὰρ
1610 1897 1740 1933 ἐποίησεν
1749 1897 1840 1933 ἁμαρ-

1046 1947 1119 1979 τίαν,
1135 1946 1196 1973 οὐδὲ
1210 1945 1310 1981 εὑρέθη
1325 1945 1400 1977 δόλος
1418 1946 1446 1972 ὲν
1462 1944 1502 1980 τῷ
1514 1945 1630 1979 στόματι
1645 1944 1740 1971 αὑτοῦ.
1760 1953 1770 1970 ι
1792 1943 1839 1978 Τῷ

1046 1992 1086 2025 δὲ,
1098 1993 1142 2025 Τις
1157 1993 1173 2019 ό
1186 1992 1362 2027 κρινόμενός
1373 2001 1425 2026 μοι
1437 2000 1446 2023 ;
1461 1991 1533 2018 ἔοικε
1544 1991 1585 2023 τὸ,
1599 2000 1609 2017 ι
1623 1991 1670 2023 Τίς
1685 1990 1789 2025 ἐλέγξει
1803 1999 1839 2025 με

1047 2037 1113 2072 περὶ
1123 2036 1263 2072 ἁμαρτίας
1275 2045 1282 2069 ;
1296 2046 1305 2062 ι
1322 2036 1393 2063 κατὰ
1408 2036 1498 2062 πάντα
1514 2036 1569 2070 γὰρ
1583 2035 1657 2070 ἡμῖν1
1667 2035 1738 2071 πλὴν
1749 2035 1840 2070 ἁμαρ-

1047 2083 1108 2114 τίας
1118 2103 1125 2116 ,
1139 2082 1290 2118 ὡμοίωται.
1307 2082 1408 2117 Διόπερ
1423 2081 1533 2116 ἔλεγεν·
1552 2090 1561 2107 ι
1575 2082 1704 2116 Ἔρχεται
1719 2081 1733 2107 ὸ
1747 2081 1840 2115 ἄρχων

1047 2128 1095 2156 τοῦ
1120 2128 1224 2163 κόσμου
1254 2127 1361 2159 τούτου,
1389 2128 1435 2154 καὶ
1462 2127 1491 2154 ὲν
1514 2127 1576 2162 ἐμοὶ
1596 2127 1707 2162 εὑρήσει
1723 2126 1809 2153 οὐδέν.
1826 2135 1836 2151 I

1054 2173 1162 2210 Ἀνδρος
1178 2174 1207 2200 δὲ
1221 2173 1323 2200 τελείου
1339 2173 1493 2208 χαρακτὴρ,
1506 2173 1547 2205 τὸ,
1570 2172 1618 2206 Τίς
1633 2174 1649 2199 ὁ
1664 2171 1840 2206 κρινόμενός

1048 2266 1097 2301 μὲν
1114 2266 1159 2292 ὑπ’
1173 2265 1263 2291 αὐτῶν
1277 2264 1537 2299 καταδικαζόμενον,
1555 2264 1648 2291 καλεῖν
1665 2264 1694 2291 δὲ
1710 2264 1779 2299 πρὸς
1789 2264 1841 2297 τὴν

1047 2312 1124 2347 παρὰ
1139 2311 1199 2346 Θεῷ
1213 2311 1302 2348 κρίσιν
1312 2311 1377 2342 τοὺς
1391 2311 1541 2342 ἐναντίους.
1555 2310 1593 2337 Τὸ
1603 2310 1697 2343 δὲ,τίς
1708 2309 1840 2336 κακώσει

1044 2366 1101 2394 με;
1120 2358 1248 2393 ἐμφαίνει
1267 2357 1313 2384 τὸν
1335 2356 1456 2392 ἀρχηγὸν
1485 2357 1535 2391 τῆς
1561 2356 1644 2391 ζωῆς.
1665 2355 1770 2382 Οὐκοῦν
1799 2355 1840 2387 εἰς

1047 2406 1135 2441 μάτην
1164 2406 1181 2440 ἡ
1202 2405 1304 2431 τούτων
1329 2403 1473 2439 ἐπιϐουλὴ,
1504 2404 1578 2430 κατὰ
1597 2403 1627 2430 τὸ
1651 2403 1680 2429 ὲν
1699 2403 1817 2437 ψαλμοῖς
1830 2411 1838 2418 ⁸

1049 2461 1058 2478 ι
1084 2451 1293 2478 Ἐὃουλεὺσαντο
1313 2449 1422 2485 βουλὴν,
1432 2449 1466 2484 ἣν
1476 2449 1505 2476 οὐ
1519 2449 1555 2485 μὴ
1568 2448 1700 2476 δύνωνται
1712 2448 1837 2484 στῆσαι.»

1045 2497 1108 2529 Πῶς
1123 2498 1188 2532 γὰρ,
1205 2496 1242 2522 ὣν
1255 2495 1322 2532 ζωὴ,
1338 2495 1452 2530 θανάτῳ
1461 2494 1619 2530 κατείχετο;
1631 2494 1699 2521 καθὸ
1719 2494 1747 2520 δὲ
1758 2493 1840 2528 γέγο-

1044 2553 1090 2572 νεν
1104 2544 1259 2579 ἄνθρωπος,
1277 2543 1352 2569 δοκεῖ
1361 2541 1439 2568 τοῦτο
1453 2539 1580 2576 δέχεσθαι
1597 2540 1672 2575 παρὰ
1685 2539 1732 2566 τοῦ
1749 2538 1838 2567 Πατέ-

1045 2600 1102 2628 ρος.
1124 2591 1167 2622 Ὠς
1186 2590 1241 2626 γὰρ
1256 2590 1332 2622 Θεὸς,
1348 2589 1458 2624 ἥγειρεν
1475 2587 1572 2614 ἑαυτὸν
1585 2586 1689 2620 λέγων·
1708 2594 1717 2611 ι
1731 2585 1839 2612 Λύσατε

1044 2640 1091 2666 τὸν
1103 2638 1166 2666 ναὸν
1176 2637 1283 2669 τοῦτον,
1297 2637 1344 2663 καὶ
1354 2637 1382 2662 ὲν
1397 2635 1488 2670 τρισὶν
1497 2633 1615 2670 ἡμέραις
1623 2632 1712 2668 ὲγερῶ
1723 2631 1813 2658 αὐτόν.
1825 2641 1836 2658 ι

1050 2686 1108 2720 Ἐφ’
1126 2684 1167 2717 οἷς
1184 2693 1252 2720 φησι
1268 2684 1337 2719 πρὸς
1369 2681 1483 2713 αὐτούς·
1514 2679 1592 2707 Ἰδοὺ
1614 2678 1727 2711 πάντες
1753 2677 1840 2712 ὑμεῖς

831 2741 853 2756 ⁹⁰
871 2740 923 2768 lsa.
943 2749 987 2768 Lvl

1050 2763 1059 2771 .
1095 2744 1117 2760 "
1145 2743 1210 2777 Sap.
1233 2749 1262 2773 ιι,
1282 2741 1324 2768 12.
1361 2739 1384 2755 θ’
1403 2737 1454 2766 lsa.
1479 2744 1539 2770 Lm,
1556 2736 1591 2770 7;
1613 2734 1711 2763 chtr.
1727 2742 1758 2765 ιι,
1778 2732 1826 2761 22.

858 2821 974 2850 VARUE
994 2819 1198 2850 LECTlONES.

239 2867 253 2882 ³
270 2872 313 2898 γρ.
325 2863 436 2897 ἐλπίζω.
475 2868 489 2888 γ
503 2873 548 2900 γρ,
563 2864 602 2892 τό.
