1999 3076
119 145 190 178 2493

655 146 926 177 COMMENTABII
947 147 989 178 IN
1006 147 1151 178 ISAIAM.

1681 142 1752 175 2194

118 204 159 236 ὡς
178 202 304 237 Ιμὰτιον,
320 201 583 236 παιαιωθήσεσθε,
603 201 653 229 καί
665 202 726 235 σὴς
745 202 915 238 καταφάγεα

968 204 1014 237 sit,
1034 204 1131 230 mortis
1155 202 1261 237 legibus
1279 201 1580 236 teneaturiQuatenus
1595 209 1661 230 vero
1675 202 1755 229 homo

118 257 165 276 ται
178 248 267 283 ὑμᾶς.
283 248 317 274 Ἦ
327 247 431 281 εὑρὼς,
452 248 523 274 κατὰ
542 248 693 284 Σύμμαχον
707 255 715 263 '
740 249 757 283 ἢ
778 249 910 284 βρωτὴρ,

117 296 157 326 ὡς
179 294 306 326 Ἀκύλας.
333 295 372 320 Δι’
401 290 438 320 ὧν
459 294 589 328 σημαίνει
609 295 659 327 τὴν
684 294 838 321 παλαίωσιν
862 295 912 329 τῆς

118 341 179 367 κατ’
193 340 276 366 αὑτοῦ
286 339 446 374 σωματικῆς
458 339 597 373 λατρείας.
610 339 728 375 ῐίΞινγὰρ
740 339 771 365 τὸ
785 339 915 366 παλαιού-

121 395 200 421 μενον
222 386 270 412 καὶ
295 385 449 420 γηράσκον,
476 385 561 419 ἐγγὺς
589 384 757 420 ἀφανισμοῦ.
783 384 866 418 Σῆτα
883 385 914 412 δὲ

118 433 193 466 λέγει
210 431 482 466 καταϐιὸρώσκοντα,
496 433 546 466 τὴν
562 431 716 465 συνείδησιν
729 428 766 458 ὧν
780 431 914 466 τετολμή-

120 486 209 509 manv,
224 478 343 512 ὁρῶντες
369 478 418 513 τὴν
435 477 540 504 ἑαυτῶν
561 477 610 512 μὲν
625 476 773 511 ἀποϐολὴν,
787 476 838 511 τὴν
852 477 915 502 ἐπι-

121 523 239 558 στροφὴν
251 523 279 549 δὲ
289 523 338 559 τὴν
359 525 405 550 ἐπὶ
422 523 489 550 Θεὸν
515 523 570 550 τῶν
597 523 693 550 ἐθνῶν.
709 523 754 549 Διὸ
774 522 821 549 καὶ
844 521 913 558 πρὸς

119 569 158 604 τῷ
173 569 245 596 τέλει
259 569 310 605 τῆς
328 570 422 604 βίϐλου
442 569 537 605 φησίν·
553 580 562 595 ι
587 569 617 596 ’0
640 569 749 604 σκώληξ
774 569 866 596 αὐτῶν
880 569 911 594 οὑ

120 615 287 651 τελευτήσει,
303 616 394 642 καὶτὸ
413 616 468 651 πῦρ
484 616 514 642 οὐ
533 616 726 651 σϐεσθήσεται,
743 615 792 642 καὶ
803 614 912 641 ἔσονται

121 661 161 692 εἰς
173 661 273 692 ὄνειδος
288 661 361 697 πάσῃ
376 663 409 697 τῇ
425 663 471 697 γῇ.
494 671 503 687 ι

964 249 1027 280 fuit,
1047 249 1098 276 hoc
1130 249 1219 284 ipsum
1252 248 1361 276 videtur
1385 257 1400 275 a
1431 248 1512 276 Patre
1542 248 1693 282 accepisse.
1721 248 1757 275 Se

963 295 1037 322 enim
1065 300 1193 330 tanquam
1219 294 1291 322 Deus
1322 295 1380 330 ipse
1403 295 1560 327 suscitavit,
1589 295 1636 329 qui
1659 294 1755 320 dixit:

967 349 976 365 ι
994 340 1098 367 Solvite
1119 340 1252 375 templum
1277 340 1339 372 hoc,
1371 343 1398 366 ct
1425 339 1517 366 tribus
1540 340 1638 367 diebus
1665 339 1755 374 ipsum

963 387 1091 414 excitabo
1105 386 1139 413 ".
1164 396 1173 412 ι
1193 386 1310 413 Eosdem
1327 386 1458 420 deinceps
1483 385 1576 413 verbis
1603 385 1662 412 istis
1684 385 1756 412 allo-

964 432 1058 466 quitur
1076 441 1082 459 :
1102 432 1179 464 Ecce,
1190 440 1278 459 omnes
1299 440 1354 464 vos,
1378 432 1457 467 quasi
1482 432 1665 458 vestimentum
1687 436 1757 458 vete-

965 479 1086 510 rascetis,
1105 483 1130 505 et
1144 479 1217 506 tinea
1233 477 1350 505 comedet
1367 486 1429 511 vos;
1445 477 1613 512 sitcrubiga,
1634 477 1757 504 utiliter-

964 529 1089 558 pretatur
1117 524 1316 560 Symmachus,
1351 524 1412 551 sive
1434 524 1547 556 vermis,
1573 528 1603 550 ut
1631 523 1757 558 Aquilas.

965 569 1072 601 Quibus
1089 571 1180 598 verbis
1194 570 1347 605 corporalis
1362 569 1423 604 ejus
1435 570 1528 596 cultus
1540 570 1756 604 antiquationem

965 616 1071 644 instare
1095 617 1306 643 demonstravit.
1327 615 1428 642 Parum
1445 616 1518 643 enim
1535 615 1621 642 distat
1637 615 1672 642 ab
1688 615 1758 642 inte-

965 661 1020 688 ritu
1032 662 1165 696 quidquid
1178 661 1285 689 senium
1301 666 1522 696 vetustatemque
1536 661 1650 696 patitur.
1667 660 1757 688 Tincta

123 710 207 736 porro
235 706 410 741 depascentis
457 707 586 740 nomine,
625 715 739 739 eorum.
763 714 822 742 quae
847 706 1028 740 admiserunt,
1055 708 1253 736 conscientiam
1275 707 1357 744 576
1384 708 1521 742 intelligit,
1546 715 1608 735 cum
1644 707 1696 742 ipsi
1728 714 1760 735 se.

123 755 211 789 rejici.
224 759 319 789 gentes
328 759 419 781 autem
435 754 468 782 ad
479 754 563 782 Dento
581 755 706 782 converti
721 755 912 783 intuebuntur.
934 755 1025 790 Atque
1043 756 1106 784 hinc
1123 760 1166 783 est
1182 756 1256 792 quod
1272 760 1396 784 extremo
1416 756 1556 791 propheta:
1588 755 1656 782 libro
1689 755 1758 782 scri-

123 800 220 827 bitur:
246 809 255 826 ‹
277 799 385 827 Vermis
411 808 507 828 eorum
527 808 581 827 non
602 801 755 834 morietur,
779 806 806 828 et
832 800 905 835 ignis
932 808 987 828 non
1016 802 1227 838 exstinguetur,
1263 805 1291 829 et
1313 808 1394 830 erunt
1417 802 1444 829 in
1470 801 1601 836 probrum
1624 801 1759 828 universae

133 853 202 873 eme
210 845 243 872 ⁵⁸.
268 855 278 870 ι

157 892 238 926 Λέγοι
254 892 275 918 δ’
292 891 325 919 ἂν
335 891 415 925 σῆτα
441 893 489 919 καὶ
514 893 563 923 τὰς
585 892 724 928 ἁμαρτίας
749 893 850 920 αὐτῶν.
869 893 914 925 Ἐξ

1004 891 1083 919 Dicas
1101 892 1218 920 fortasse
1237 896 1265 920 et
1279 892 1376 919 tineam
1393 899 1487 919 eorum
1507 896 1621 927 peccata
1646 899 1679 919 eo
1698 891 1758 926 ipso

122 938 212 964 αὐτῶν
227 939 281 973 γὰρ
296 938 406 972 ἔχουσαι
422 939 453 965 τί)
474 937 553 973 εἶναι,
575 940 635 966 κατ’
647 939 737 967 αὐτῶν
750 940 799 975 τὴν
811 939 914 975 βλάῦην

122 984 223 1018 ὲργάζο
238 993 293 1010 ται.
326 984 405 1011 Ἐπεὶ
427 985 475 1011 καὶ
504 985 534 1012 τὸ
570 986 678 1020 ἱμάτιον
705 986 792 1021 τροφὴ
809 986 916 1020 γίνεται

122 1025 200 1063 ᾧπερ
226 1029 356 1063 ἐγέννησε
385 1030 519 1064 σκώληκι.
541 1031 678 1066 Λογισμδς
706 1031 735 1058 δὲ
753 1028 831 1063 οὗτος
847 1031 917 1066 πρὸς

121 1075 152 1100 τὸ
174 1075 210 1109 μὴ
222 1074 364 1108 φοϐεῖσθαι
383 1075 416 1102 τὰ
434 1075 463 1109 ἐξ
472 1076 624 1112 ἀνθρώπων
636 1077 691 1103 τῶν
709 1077 914 1112 ἀπολλυμένων,

123 1119 170 1146 καὶ
185 1119 297 1152 ἔνδειξις
312 1121 362 1155 τῆς
389 1121 435 1147 τοῦ
463 1121 590 1155 λέγοντος
606 1122 773 1157 ἀφθαρσίας.
791 1122 870 1158 Δηλοῖ
888 1122 916 1148 δὲ

123 1162 169 1189 καὶ
182 1163 230 1198 τὴν
246 1165 307 1190 κατ’
333 1165 424 1191 αὐτῶν
459 1166 596 1201 τιμωρίαν
618 1166 666 1193 καὶ
690 1165 794 1199 σητῶν
817 1167 916 1198 αὐτοὺς

123 1208 201 1244 δίκην
224 1209 420 1237 ἐκδαπανῶσαν
447 1213 509 1243 ταῖς
535 1214 700 1248 συμφοραῖς,
721 1213 776 1239 Καὶ
797 1212 914 1248 ἀλλαχοῦ

123 1256 204 1290 γᾰρό
219 1257 363 1292 προφήτης
388 1258 473 1293 φησί·
491 1267 500 1284 ι
523 1259 555 1285 Τί
577 1259 617 1285 ἐτι
642 1259 816 1294 πληγήσεσθε
829 1268 915 1295 προσ-

123 1301 244 1333 τιθέντες
257 1302 415 1337 ἁμαρτίας;
433 1304 512 1330 Πᾶσα
532 1304 636 1339 κεφαλὴ
661 1305 701 1336 εἰς
725 1306 816 1337 πόνον,
837 1315 846 1331 ι
868 1306 917 1332 καὶ

123 1348 156 1373 τὰ
173 1347 282 1382 ἐφεξῆς.
298 1349 336 1375 Δι’
351 1346 388 1375 ὧν
409 1349 499 1376 αὐτῶν
526 1350 601 1386 δηλοί
615 1351 665 1386 τὴν
692 1352 842 1385 ἀπώλειαν,
870 1353 917 1379 καὶ

123 1393 215 1428 χώρας
235 1393 414 1430 ἀλλοτρίωσιν
427 1416 435 1427 ,
463 1397 510 1422 καὶ
536 1396 641 1429 πόλεως
662 1398 834 1433 ἐμπρησμὸν.
851 1395 918 1425 Εἶτά

124 1447 201 1473 φησι,
220 1440 267 1473 Τίς
278 1440 313 1467 ἐν·
326 1441 396 1476 ὑμῖν
418 1443 436 1468 ὁ
457 1443 644 1478 φοϐούμενος
653 1445 707 1470 τὸν
721 1444 845 1478 Κύριον;
867 1444 917 1480 τὴν

123 1485 239 1521 ἀπορίαν
263 1486 367 1513 τούτων
392 1488 490 1523 δηλῶν,
513 1489 606 1516 καὶτὸ
627 1491 749 1517 σπάνιον.
773 1491 881 1526 [Τοῦτο,
897 1491 916 1526 ἢ

122 1530 244 1557 τοιοῦτόν
272 1531 310 1567 τι]
336 1532 365 1559 δὲ
388 1532 466 1567 ζητεῖ
481 1535 494 1560 ὀ
510 1534 548 1569 μὴ
574 1534 657 1562 θέλων
673 1536 717 1561 τὸν
734 1535 849 1563 Θάνατον
869 1537 916 1563 τοῦ

123 1576 300 1611 ἁμαρτωλοῦ,
316 1578 354 1609 ὡς
375 1579 425 1614 τὴν
451 1579 597 1614 μετάνοιαν
623 1581 717 1609 αὐτοῦ.
746 1583 792 1609 Διό
814 1591 915 1618 φησιν·

125 1623 186 1649 Ἔτι
199 1624 245 1649 καὶ
263 1623 311 1650 νῦν
337 1624 410 1659 ὑμᾶς
436 1626 627 1661 ἀνακαλοῦμαι
645 1627 673 1653 ἐν
685 1627 724 1662 τῷ
737 1628 788 1662 τῆς
805 1628 917 1662 ἀγνοίας

123 1670 223 1701 σκότῳ
244 1669 450 1704 τυγχάνονταςο
464 1672 511 1698 καὶ
533 1673 591 1703 τοῖς
616 1673 753 1699 ἐπιεικέσι
779 1673 917 1708 προτείνει

124 1714 339 1750 φιλανθρωπίαν.
355 1716 461 1752 Ἐσώοη
493 1717 548 1752 γὰρ
561 1717 591 1744 τὸ
613 1718 801 1754 κατάλειμμα,
815 1716 846 1746 οὗ
869 1720 917 1746 καὶ

123 1761 234 1796 ἀπαρχὴ
261 1761 307 1788 τοῦ
323 1762 448 1797 Σωτῆρος
462 1763 486 1788 οἱ
503 1763 635 1797 μαθηταί.
648 1763 703 1791 Καὶ
724 1762 867 1800 ἄνθρωπος
888 1766 917 1792 δὲ

123 1807 255 1840 γεγονὼς,
271 1807 340 1840 παῖς
355 1805 424 1834 εἶναί
448 1817 516 1843 φησι
539 1809 587 1835 τοῦ
613 1809 692 1838 Θεοῦ.
712 1811 766 1837 Καὶ
780 1811 810 1837 τὸ
827 1811 918 1838 ἀκοῦ-

123 1860 174 1878 σαι
193 1851 246 1887 τῆς
273 1854 367 1880 αὑτοῦ
394 1854 506 1888 φωνῆς,
529 1855 559 1882 οὐ
589 1856 671 1891 νόμου
698 1857 853 1892 παράϐασις
871 1855 916 1893 ἦν,

123 1898 192 1925 ἀλλὰ
206 1898 306 1933 μᾶλλον
318 1899 475 1934 βεδαίωσις,
506 1904 763 1937 σκιαγραῳήσαντος
786 1903 835 1938 τὴν
850 1904 918 1939 ἁλή-

124 1943 211 1976 θειαν,
233 1945 304 1972 κατὰ
328 1945 376 1972 τὸν
401 1946 562 1973 Ἀπόστολον
587 1947 721 1982 λέγοντατ
754 1948 846 1983 Νόμον
870 1948 917 1976 οὖν

124 1992 316 2028 καταργοῦμεν
336 1993 381 2020 διὰ
409 1994 460 2028 τῆς
480 1995 619 2029 πίστεωςς
644 1996 682 2031 μὴ
703 1996 818 2030 γένοιτο.
837 1997 916 2024 Ἀλλὰ

123 2038 206 2073 νόμον
223 2039 378 2073 ἱστάνομεν.
409 2040 569 2075 Γέγραπται
584 2041 638 2076 γὰρ
654 2042 696 2068 ὅτι
711 2043 725 2069 ὁ
740 2042 843 2074 δίκαιός
866 2052 916 2078 μου

123 2084 155 2110 ἐκ
170 2084 288 2116 πίστεως
308 2085 432 2119 ζήσεται.
466 2086 557 2123 Πέρας
574 2087 629 2122 γὰρ
648 2087 730 2122 νόμου
746 2089 793 2115 καὶ
809 2098 917 2125 προφη-

122 2129 203 2156 τῶνὸ
216 2131 332 2165 Χριστὸς
362 2131 476 2158 δικαιῶν
501 2134 529 2159 ὲν
559 2133 650 2160 πίστει
665 2133 710 2160 τὸν
737 2134 834 2170 ἀσεϐῆ.
853 2136 916 2168 Τοῖς

123 2176 152 2202 δὲ
163 2176 211 2202 νῦν
224 2177 402 2212 καλουμένοις
414 2179 507 2213 ἔλεγεν
523 2180 536 2205 ὁ
552 2180 646 2215 Πατήρ
656 2187 662 2194 ⁸
681 2189 690 2206 ι
709 2179 793 2213 Οὗτός
814 2183 888 2208 ἐστιν
901 2183 915 2209 ὁ

124 2221 188 2253 Υίὸς
199 2230 249 2256 μου
277 2223 291 2248 ὁ
323 2224 478 2258 ἀγαπητὸς,
507 2224 621 2251 ἀκούετε
644 2225 739 2253 αὑτοῦ.
756 2236 765 2252 ι
783 2227 861 2258 Τινὲς
888 2227 915 2253 δὲ

123 2268 233 2302 ἄμεινόν
248 2277 339 2303 φασιν,
355 2270 392 2301 ὡς
408 2270 454 2297 τὸν
470 2271 606 2298 θεοσεῦείν
618 2272 749 2299 δοκοῦντα
767 2274 832 2309 παρ’
846 2274 910 2300 Ἰου-

121 2314 206 2346 δαίοις
227 2315 360 2342 ἀνακαλεῖ
388 2317 456 2350 πρὸς
484 2318 640 2352 μετάνοιαν,
659 2319 705 2344 καὶ
730 2318 768 2351 ὡς
800 2319 915 2354 μηδενὸς

123 2360 296 2395 πειθομένου,
311 2361 347 2387 ἐν
365 2362 465 2395 σκότῳ
493 2363 575 2397 φησὶν
603 2363 736 2399 ὑπάρχειν
755 2365 853 2396 αὐτοὺς
868 2367 914 2392 καὶ

123 2407 220 2442 φωτὸς
247 2407 421 2443 ἐστερῆσθαι.
448 2409 534 2435 Τοῦτο
557 2409 584 2435 δὲ
607 2411 662 2441 τοῖς
688 2411 847 2443 ἀποστόλοις
865 2411 915 2447 οὐχ

123 2453 271 2488 ἥρμοττεν,
286 2455 346 2480 οὐδὲ
364 2455 396 2480 τὸ
412 2455 472 2488 πῦρ
494 2455 625 2490 σωρεύειν
652 2456 713 2482 καθ’
730 2457 847 2490 ἑαυτῶν,
866 2457 915 2484 καὶ

131 2499 308 2532 κατισχύειν
331 2498 389 2533 τὴν
415 2501 523 2535 φλόγα.
552 2501 747 2536 Ἐτιιμένοντας
771 2501 800 2528 δέ
826 2511 920 2537 φησιν,

128 2543 201 2578 ὑμᾶς
215 2545 247 2578 τῇ
258 2545 373 2580 ἀπιστίᾳ
386 2545 416 2571 τὸ
428 2546 477 2580 τῆς
501 2545 612 2572 αἰωνίου
629 2546 767 2576 κολάσεως
778 2547 918 2582 ἐκδέχεται

123 2588 200 2622 πῦρ·
213 2587 253 2621 οἷς
271 2592 399 2624 παραινεί
421 2595 434 2608 τ
459 2591 592 2626 πρότερον
615 2592 661 2618 ἐπὶ
683 2591 724 2624 τῷ
740 2592 837 2626 Κιιρίῳ
863 2601 916 2619 πε-

122 2635 268 2667 ποιθέναι,
289 2635 355 2662 Θεὸν
373 2636 470 2663 ἑαυτὸν
494 2634 564 2664 εἶναι
589 2637 687 2672 λέγων,
708 2637 756 2665 καὶ
782 2639 915 2675 ταπεινῆς

967 939 1134 974 signiﬁcare,
1162 939 1236 973 quod
1263 939 1289 966 in
1306 938 1416 966 eosdem
1437 946 1451 965 a
1469 938 1571 973 quibus
1592 942 1652 964 orta
1680 942 1756 969 sunt,

967 986 1118 1020 perniciem
1139 985 1312 1012 moliuntur:
1329 992 1384 1011 non
1402 985 1481 1012 aliter
1495 992 1577 1019 quam
1592 984 1675 1011 venui
1692 984 1756 1018 ipsi,

966 1039 981 1058 a
998 1039 1052 1066 qua
1068 1032 1160 1059 editus
1176 1036 1229 1062 est,
1247 1032 1274 1058 in
1288 1031 1378 1058 cibum
1399 1035 1500 1057 vestem
1519 1030 1594 1057 abire
1607 1030 1757 1057 cernimus.

966 1077 1006 1104 Ad
1030 1076 1057 1104 id
1071 1081 1162 1104 autem
1189 1081 1217 1103 et
1234 1076 1329 1103 istliaac
1349 1076 1536 1103 consideratio
1552 1076 1709 1108 contulerit,
1728 1079 1758 1102 ut

967 1122 1121 1153 hominum,
1144 1122 1191 1156 qui
1210 1125 1316 1156 petunt,
1335 1129 1389 1148 non
1411 1129 1494 1156 quam
1515 1121 1679 1148 metuendos
1696 1128 1758 1148 esse

968 1174 1097 1201 conatus,
1114 1168 1161 1195 sed
1188 1168 1259 1202 ejus,
1286 1169 1333 1202 qui
1361 1167 1494 1202 loquitur,
1523 1167 1757 1201 incorruptionem

967 1214 1259 1248 immortalitatemquc
1276 1213 1492 1240 meminerimus.
1518 1212 1644 1240 Ostendit
1657 1216 1758 1239 veroct

967 1269 1015 1289 eos
1031 1261 1236 1288 calamitatibus
1256 1260 1283 1287 in
1306 1260 1451 1291 ultionem,
1472 1263 1603 1294 tanquam
1620 1259 1696 1286 lineis
1713 1258 1758 1286 ab-

968 1307 1049 1333 sumi.
1083 1305 1151 1332 Nam
1172 1310 1199 1332 et
1222 1305 1324 1332 alicubi
1351 1305 1423 1339 apud
1441 1304 1600 1339 prophetam
1618 1304 1756 1339 legimus:

969 1351 1038 1384 Quid
1056 1351 1148 1378 adhuc
1163 1350 1360 1386 percutiamini
1377 1351 1510 1377 addentes
1523 1350 1657 1385 peccata?
1672 1348 1760 1377 Omne

969 1403 1052 1432 caput
1080 1397 1106 1423 in
1135 1397 1255 1423 laborem
1272 1396 1307 1428 ’⁷,
1327 1406 1338 1422 ›
1362 1400 1389 1423 et
1406 1404 1466 1430 qua:
1490 1396 1620 1430 deinceps
1636 1404 1643 1422 :
1658 1395 1759 1430 quibus

969 1449 1064 1469 eorum
1087 1442 1240 1472 interitum,
1258 1441 1436 1475 regionisque
1456 1440 1662 1472 alienationem,
1683 1440 1762 1467 urbis

970 1487 1128 1515 incendium
1155 1487 1273 1522 denique
1308 1487 1480 1522 signiﬁcavit.
1507 1486 1607 1514 Deinde
1638 1486 1760 1521 adjicit:

971 1533 1036 1566 Quis
1051 1533 1128 1559 estin
1144 1533 1227 1566 vobis,
1244 1533 1290 1568 qui
1303 1533 1376 1559 tintet
1394 1533 1557 1560 Demittunt?
1573 1533 1713 1566 nimirum,
1731 1537 1761 1560 ut

969 1580 1063 1606 talium
1078 1579 1220 1614 penuriam
1239 1579 1460 1613 paucitatemque
1470 1579 1652 1606 demonstret.
1664 1577 1694 1605 Id
1708 1586 1759 1605 au-

968 1629 1021 1651 tem
1035 1626 1078 1652 ille
1089 1625 1217 1659 postulat,
1235 1624 1388 1659 peccatoris
1405 1624 1605 1658 paenitentiam,
1622 1632 1675 1650 non
1686 1632 1760 1651 mor-

969 1677 1021 1698 tem
1031 1670 1210 1698 desidcrat".
1221 1669 1360 1704 Itnqtlclait
1368 1669 1460 1701 etimu,
1472 1677 1545 1696 nunc
1556 1676 1604 1696 vos
1612 1670 1639 1696 in
1648 1669 1760 1704 ignora-

969 1718 1050 1744 tionis
1070 1717 1183 1744 tenebris
1200 1720 1341 1743 versantes
1357 1717 1454 1743 iterum
1468 1719 1549 1750 atque
1567 1716 1664 1742 iterum
1681 1722 1758 1742 voco.

968 1764 1004 1791 lis
1015 1763 1124 1795 deinde,
1148 1763 1193 1798 qui
1210 1762 1280 1798 frugi
1298 1767 1374 1795 sunt,
1400 1767 1426 1789 et
1440 1763 1586 1793 mansueti,
1603 1762 1760 1789 humanita-

969 1815 1021 1837 tem
1038 1809 1187 1844 protendit.
1202 1809 1272 1836 Sunt
1283 1809 1356 1836 enim
1374 1813 1490 1836 servata:
1503 1808 1759 1844 reliquiaaqnarum

968 1855 1098 1890 primitia:
1114 1856 1165 1890 ipsi
1185 1854 1299 1881 fuerunt
1323 1854 1475 1881 Salvatoris
1498 1853 1639 1888 discipuli.
1659 1853 1761 1880 Deinde

969 1905 998 1928 ut
1021 1901 1111 1932 homo,
1137 1908 1204 1935 puer
1228 1899 1273 1927 Dei
1293 1899 1417 1927 dicitur:
1436 1899 1468 1926 Et
1477 1899 1548 1933 quod
1570 1900 1602 1926 de
1621 1898 1678 1933 ejus
1700 1905 1761 1925 voce

968 1948 1101 1974 audienda
1114 1947 1236 1979 additur,
1252 1946 1320 1981 legis
1337 1950 1380 1973 est
1395 1945 1582 1978 conﬁrmatio,
1600 1953 1653 1972 non
1671 1949 1761 1972 trans-

969 1995 1077 2029 gressio
1101 2001 1162 2028 qua:
1183 1992 1328 2020 veritatem
1353 1992 1560 2019 adumbrabat:
1578 1991 1657 2026 juxta
1683 1991 1758 2025 Apo-

967 2041 1078 2072 stoium,
1093 2039 1137 2066 ubi
1151 2039 1202 2066 ait:
1229 2047 1238 2064 ι
1254 2038 1352 2071 Legem
1367 2038 1450 2073 igitur
1465 2037 1653 2065 dcstruimus?
1671 2037 1760 2064 Absit.

967 2086 1023 2113 lino
1045 2086 1212 2114 stabilimus.
1242 2085 1376 2112 Scribitnr
1393 2085 1466 2112 enim
1485 2095 1492 2111 ι
1511 2083 1606 2111 Justus
1633 2091 1709 2111 meus
1727 2091 1761 2111 ex

968 2133 1020 2160 ﬁde
1033 2132 1116 2171 vivit.
1129 2131 1176 2160 Est
1197 2131 1270 2158 etiim
1293 2130 1421 2157 Christus
1436 2130 1504 2167 legis
1517 2133 1545 2156 et
1564 2131 1760 2165 prophetarum

968 2180 1030 2206 linis
1056 2179 1180 2210 ultimus,
1203 2178 1249 2213 qui
1273 2178 1388 2212 impium
1407 2185 1441 2204 ex
1470 2177 1523 2203 ﬁde
1550 2176 1684 2205 instilicat
1696 2176 1730 2202 θ’.
1747 2185 1758 2202 ι

932 2238 954 2265 ι)
971 2227 1016 2254 liis
1027 2231 1129 2257 autem,
1149 2225 1196 2260 qui
1217 2232 1290 2252 nunc
1306 2228 1453 2256 vocantur,
1468 2224 1509 2252 sic
1529 2223 1637 2251 Patrem
1658 2224 1762 2251 allocu-

966 2280 1024 2302 tum
1045 2280 1108 2300 esse
1131 2272 1263 2308 reperias,
1293 2281 1301 2298 ι
1332 2273 1380 2300 Hic
1402 2276 1444 2299 est
1479 2271 1566 2298 Filius
1596 2279 1673 2299 meus
1697 2271 1763 2299 dile-

967 2325 1040 2352 ctus,
1057 2320 1145 2354 ipsum
1165 2319 1257 2346 audite
1269 2319 1288 2346 '.
1311 2328 1320 2345 ι
1340 2319 1425 2346 Aiunt
1443 2318 1568 2346 nonnulli
1582 2327 1644 2346 eum
1660 2319 1761 2352 potius.

966 2366 1012 2401 qui
1029 2366 1091 2401 pius
1106 2373 1166 2393 esse
1176 2364 1286 2392 videtur
1298 2365 1368 2399 apud
1383 2363 1493 2391 Jutlwos
1504 2385 1510 2397 ,
1521 2364 1554 2391 ad
1572 2363 1761 2398 pmnilentiam

967 2419 1129 2448 prov0care,
1148 2411 1280 2446 nulloque
1301 2418 1436 2445 persuaso
1460 2411 1488 2436 in
1508 2409 1619 2437 tenebris
1640 2417 1688 2436 eos
1706 2416 1763 2436 ver-

971 2458 1036 2491 sari,
1059 2459 1166 2492 tuaeque
1192 2457 1305 2484 destitui
1325 2456 1481 2491 signiﬁcare
1500 2464 1507 2483 :
1525 2456 1598 2491 quod
1616 2455 1761 2490 discipulis

971 2512 1144 2539 nequaquam
1164 2503 1335 2535 convenerit,
1352 2507 1382 2530 ut
1405 2510 1494 2537 neque
1512 2503 1597 2537 ignem
1615 2502 1761 2530 adversum

970 2558 998 2577 se
1012 2557 1151 2582 acervarc,
1167 2549 1356 2584 ﬂammamque
1370 2548 1523 2583 obﬁrmare.
1540 2547 1617 2580 Quod
1630 2548 1652 2575 si
1670 2548 1760 2575 incre-

969 2597 1037 2629 duli,
1053 2597 1152 2631 inquit,
1168 2595 1248 2631 577
1264 2603 1326 2623 esse
1343 2594 1531 2630 perrexeritis,
1546 2602 1594 2622 vos
1615 2595 1760 2629 sempiter-

968 2651 1010 2670 nae
1021 2642 1148 2670 vindicta:
1167 2642 1236 2677 ignis
1253 2641 1371 2677 excipiat
1390 2646 1503 2668 necesse
1516 2645 1559 2668 est
1574 2649 1582 2674 ;
1601 2648 1656 2676 quo
1673 2642 1759 2676 prius,

198 2722 277 2766 Joan.
303 2733 333 2758 ιι,
353 2725 395 2754 19.
433 2727 456 2743 ’⁸
469 2726 523 2756 lsa.
538 2736 611 2762 utri,
626 2729 672 2758 24.
711 2730 798 2758 "lsa.
817 2738 837 2763 ι,
854 2738 879 2758 v.

967 2731 1056 2762 izech.
1073 2740 1154 2766 xvni,
1172 2732 1218 2760 25.
1255 2731 1278 2748 ⁰⁹
1292 2732 1373 2760 Rom.
1387 2740 1415 2767 ι,
1429 2732 1457 2761 4.
1497 2733 1506 2750 ¹
1525 2733 1622 2761 Matth.
1641 2741 1682 2767 ιιι,
1698 2732 1755 2766 l7;

124 2765 191 2787 xm.
212 2761 238 2786 ii.

772 2825 890 2856 VAIil/E
907 2823 1112 2869 LECTI'JBES.

161 2871 171 2885 ι
194 2868 235 2896 ἴσ.
250 2869 375 2904 παρῄνει.
