1999 3076
237 155 255 186 2
261 156 306 188 £95

912 155 1090 188 PROCOPH
1108 156 1230 187 GAZ/EI

1809 155 1881 186 ⁸2496

239 221 269 241 ut
290 213 404 241 Domino
429 214 594 249 conﬁderent
618 214 794 248 admouebat,
812 223 874 243 cum
896 216 983 244 Deum
1001 225 1032 244 se

1101 217 1189 249 vvola;
1198 218 1230 244 ἐκ
1241 216 1288 244 τοῦ
1302 217 1393 252 σάρκα
1417 217 1512 252 φορεῖν
1537 215 1634 243 ἑαυτὸν
1650 215 1814 250 ἀποτρέπων
1829 216 1879 242 αὑ-

238 259 408 294 ιιηειίἰροηε,
430 260 464 287 ab
482 260 636 294 humilique
652 259 686 287 de
706 268 736 288 se
757 261 943 295 cogitatione,
971 263 1036 297 quia

239 313 350 332 carnem
362 309 481 341 gereret,
497 313 628 339 avocans,
642 306 745 341 virgam
758 314 789 335 se
803 312 830 335 et
848 307 1040 335 fulcimentum

240 351 341 378 factum
356 359 417 380 esse
432 356 579 379 assereret.

277 407 371 442 Neque
393 409 466 436 enim
493 409 609 437 credere
636 410 757 442 valeam,
780 410 827 445 qui
845 410 961 445 gloriam
981 418 994 436 a
1013 418 1043 438 sc

241 458 349 486 mutuo,
376 462 430 482 non
449 462 464 481 a
483 454 549 487 Deo,
568 455 615 490 qui
632 455 707 491 virga
728 456 819 484 dictus
833 460 885 489 est,
903 461 1040 492 quaerant,

242 501 335 527 omnia
345 501 492 536 siquidem,
505 505 534 528 ut
550 503 618 529 bene
630 503 686 530 sint
698 504 818 530 sustinet
837 502 934 538 :juxta
950 503 1015 531 illud
1033 508 1040 526 ε

246 554 256 570 ι
277 544 359 580 Virga
393 550 439 572 tua
465 550 490 573 et
511 546 624 574 baculus
651 551 714 575 tuus
743 547 801 582 ipsa
827 556 871 575 me
897 548 1042 575 consolata

244 596 310 619 sunt
324 593 346 618 '.
371 600 379 617 ι
407 592 455 618 Est
471 591 545 619 enim
562 592 723 619 inconstans
751 597 778 620 et
802 592 908 619 lubrica
928 597 1041 626 natura,

246 642 363 672 egetque
386 638 536 672 potentiori
554 638 586 665 ad
602 638 775 665 retinendum
795 639 888 673 aliquo
902 645 910 665 :
923 646 979 673 quo
995 646 1043 673 po-

247 684 315 711 titus
340 683 386 718 qui
409 683 503 717 justus
529 689 581 716 est,
609 691 693 719 supra
720 688 824 718 petram
849 684 902 712 sibi
923 688 1042 712 statutos

246 737 309 757 esse
322 729 405 764 pedes
421 729 537 756 allii-mat
552 729 572 756 ³.
587 729 722 756 Caeterum
741 729 850 756 versari
878 730 905 756 in
928 729 1041 756 tenebris

249 773 360 802 Judaeos
376 779 403 801 et
428 773 530 802 Paulus
545 773 604 809 ipse
618 773 753 806 ostendit,
768 782 830 801 cmn
847 774 932 809 hujus
946 775 1040 802 saeculi

249 821 334 848 Deum
361 826 467 848 mentes
502 820 653 848 inlidelium
685 828 840 848 excaecasse
869 821 936 848 dicit
961 821 982 848 ⁸.
1010 821 1042 849 Et

248 865 333 892 Isaias
344 886 352 897 ,
367 872 430 892 cum
448 865 536 892 lucem
552 865 608 892 illis
624 865 851 900 exspectantibus
876 865 962 893 factas
979 873 1041 894 esse

249 909 388 936 tenebras.
420 908 489 935 Hinc
509 913 536 936 et
563 909 609 936 illa
637 909 741 936 Christi
767 918 774 938 :
796 919 806 936 ‹
835 910 890 945 Ego
908 919 967 939 smn
994 912 1040 938 lux

250 955 344 981 mundi
357 955 379 986 ',
404 963 413 980 ι
436 959 463 981 ιιι
478 962 538 990 quae
555 954 696 990 deinceps.
715 955 749 982 Et
766 955 812 982 illa
830 957 912 984 etiam
933 967 940 984 :
960 966 968 982 ι
987 957 1040 990 Qui

249 1000 335 1027 credit
350 1000 376 1027 in
392 1007 435 1027 me
450 1007 505 1027 non
521 1000 664 1034 judicatur
679 1001 690 1016 '
702 1011 707 1028 :
721 1005 752 1028 ut
763 1009 811 1029 eos
828 1003 862 1029 ab
887 1003 959 1038 ignis
979 1004 1041 1030 vin-

249 1046 323 1073 dicta
349 1051 487 1074 avocaret.
515 1045 651 1074 Cteterum
687 1047 760 1083 quod
789 1048 927 1082 obﬁrmate
955 1049 1041 1084 ignem

248 1092 333 1125 dixit;
360 1092 459 1127 judicii
490 1093 671 1120 acerbitatem
702 1094 959 1129 vehementiamque
992 1095 1041 1123 de—

249 1139 423 1166 monstravit.
441 1138 524 1166 Multa
540 1139 676 1174 siquidem
697 1139 770 1174 ignis
783 1145 913 1175 suggesta
930 1143 1042 1169 materia

250 1183 416 1219 adaugetur;
435 1192 517 1219 parva
532 1190 622 1212 autem
634 1186 809 1221 elanguescit
821 1195 828 1218 ;
840 1192 869 1214 et
881 1192 1043 1223 consumpta

248 1230 446 1265 exstinguitur.
474 1229 561 1258 Jude
589 1231 683 1266 itaque
711 1233 865 1267 prophetis,
887 1234 933 1268 qui
954 1234 987 1260 ad
1014 1242 1044 1262 se

251 1275 328 1303 missi
345 1280 450 1309 essent,
467 1277 567 1310 partim
584 1277 668 1309 ferto,
689 1280 788 1313 partim
802 1279 939 1314 lapidibus
958 1281 1044 1307 inter-

249 1322 360 1357 einptis,
370 1322 455 1357 ignem
467 1324 492 1349 in
509 1330 539 1350 se
552 1323 740 1357 accenderunt,
756 1325 946 1361 ﬂammamque
964 1327 1045 1361 obﬁr-

251 1372 381 1400 marunt;
397 1375 460 1395 cum
476 1368 585 1396 sublato
601 1369 722 1403 haerede,
739 1370 842 1398 Christi
857 1371 1043 1407 diSCIpiillalll,

253 1413 321 1449 legis
339 1414 447 1442 umbris
466 1414 580 1447 addicti,
595 1423 649 1442 non
668 1416 850 1444 admiserunt.
869 1419 922 1446 Eos
942 1419 1045 1454 itaque,

254 1464 386 1495 tanquam
410 1468 439 1488 se
466 1461 534 1496 legis
551 1461 662 1496 quidem
689 1462 772 1490 lucem
792 1463 892 1491 habere
907 1469 1044 1499 putarent,

253 1512 319 1532 vere
333 1511 424 1533 tamen
437 1514 492 1533 non
506 1507 650 1540 haberent,
670 1515 685 1535 a
702 1516 752 1536 sua
768 1509 825 1543 ipse
840 1514 914 1537 arcet
931 1511 1047 1538 frunilia-

1092 263 1165 295 τοὺς,
1181 263 1262 289 αὐτόν
1279 272 1309 289 τε
1323 263 1458 290 ποιεῖσθαι
1471 262 1569 298 ῥάϐδον
1586 261 1790 298 καὶστήριγμα.

1128 408 1166 434 Οὐ
1176 408 1230 442 γὰρ
1249 407 1381 442 ἠδύναντο
1409 406 1550 433 πιστεύειν
1577 405 1658 438 δόξαν
1681 406 1748 441 παρ’
1761 405 1884 441 ἀλλήλων

1092 454 1287 490 λαμϐάνοντες,
1317 454 1364 480 καὶ
1381 453 1430 488 τὴν
1449 453 1527 486 δόξαν
1542 454 1592 487 τήν
1610 452 1687 488 παρὰ
1699 452 1746 478 τοῦ
1770 452 1839 478 Θεοῦ
1851 453 1882 478 οὺ

1093 501 1249 536 ζητοῦντες,
1278 499 1307 532 ὃς
1328 499 1435 534 εἴρηται
1465 498 1573 534 ῥάϐδος.
1600 498 1703 532 ’Ᾱνέχει
1725 497 1779 532 γὰρ
1795 497 1884 523 πάντα

1093 547 1162 582 πρὸς
1173 546 1204 573 τὸ
1220 544 1292 572 εἶναι
1307 545 1398 577 καλῶς
1415 545 1486 572 κατὰ
1508 545 1538 570 τό
1550 552 1557 559 ’
1581 553 1590 569 ι
1616 544 1647 570 'H
1664 543 1761 578 ῥάϐδος
1776 552 1822 570 σου
1837 544 1886 570 καὶ

1093 595 1109 628 ἡ
1122 593 1257 629 βακτηρία
1273 601 1332 625 σου,
1345 591 1426 618 αὐταί
1439 600 1471 626 με
1485 590 1688 626 παρεκάλεσαν.
1710 600 1719 615 ι
1737 590 1886 624 Ὀλισοηρόι

1093 640 1175 674 γὰρὴ
1202 640 1293 673 φύσις,
1322 637 1369 664 καὶ
1394 637 1480 664 δεῖται
1507 636 1555 663 τοῦ
1585 635 1828 671 περικρατοῦντος.
1849 632 1887 661 Oi)

1091 685 1180 720 τυχὼν
1197 686 1210 712 ὁ
1224 685 1327 716 δίκαιος
1346 683 1440 718 λέγει·
1459 692 1470 710 ι
1489 684 1624 718 Ἕστησεν
1642 682 1689 708 ἐπὶ
1708 682 1811 716 πέτραν
1824 681 1887 712 τοὺς

1095 731 1180 762 πόδας
1194 739 1254 765 μου.
1271 740 1280 756 ι
1303 730 1355 757 Ἐν
1368 730 1469 760 σκότῳ
1483 729 1512 755 δὲ
1529 726 1600 754 εἶναι
1617 727 1830 759 τοὺς-Ἰουδαίους
1842 728 1886 752 καὶ

1091 778 1106 804 ὁ
1121 777 1225 807 Παῦλος
1237 776 1335 810 δηλῶν,
1353 785 1363 801 ‹
1374 775 1404 801 '0
1419 775 1484 806 Θεὸς
1496 774 1543 801 τοῦ
1557 773 1654 805 αἰῶνος
1668 773 1776 803 τούτου,
1793 773 1887 807 φησιν,

1092 823 1229 858 ἐτύφλωσε
1244 822 1277 849 τὰ
1291 823 1414 857 νοήματα
1430 821 1483 847 τῶν
1499 820 1640 847 ἀπίστων.
1662 829 1670 845 ι
1691 820 1745 846 Καὶ
1770 819 1887 850 Ἡσαΐας

1058 889 1080 916 Β
1094 869 1188 904 φησίν·
1209 878 1219 894 ι
1243 867 1467 902 ’Υπομεινάντων
1480 867 1570 893 αὐτῶν
1585 866 1654 901 φῶς,
1674 866 1784 900 ἐγένετο
1798 865 1888 896 αὐτοῖς

1095 914 1201 944 σκότος.
1220 922 1229 938 t
1249 913 1294 939 Διὸ
1313 912 1430 948 Χριστὸς
1445 912 1537 945 ἔλεγεν
1549 919 1556 926 ⁸
1583 921 1592 937 ι
1616 911 1689 945 Ἐγώ
1708 911 1766 945 εἰμι
1786 910 1816 936 τὸ
1831 910 1888 944 φῶς

1092 959 1140 985 τοῦ
1154 958 1270 994 κόσμου,
1290 967 1300 984 ι
1317 958 1366 984 καὶ
1384 957 1418 983 τὰ
1446 957 1524 991 ἑξῆς.
1553 956 1608 983 Καὶ
1625 956 1672 982 τοῦ
1687 956 1737 991 τῆς
1751 955 1888 986 κο).ἀσεω;

1092 1005 1120 1031 δὲ
1135 1004 1222 1038 πυρὸς
1237 1003 1401 1040 ἀποτρέπων
1417 1003 1516 1034 αὐτοὺς
1543 1002 1659 1036 ἔλεγεν·
1677 1012 1686 1028 ι
1709 1002 1738 1028 '0
1754 1001 1889 1027 πιστεύων

1095 1051 1136 1082 είς
1147 1049 1192 1076 τὸν
1205 1049 1283 1081 Υἰὸν,
1296 1049 1326 1075 οὐ
1352 1048 1486 1083 κρίνεται.
1510 1057 1518 1073 ι
1541 1048 1685 1074 Ἐπίτασιν
1699 1047 1728 1073 δὲ
1740 1046 1890 1081 παρίστησι

1096 1096 1216 1131 κρίσεως
1227 1095 1268 1126 τὸ,
1283 1094 1452 1129 Κατισχύετε
1473 1094 1573 1128 φλόγα.
1588 1094 1675 1128 ’Ὑλης
1692 1094 1741 1128 μὲν
1757 1093 1812 1127 γὰρ
1824 1092 1890 1118 πολε

1097 1142 1147 1177 λῆς
1159 1141 1384 1176 προσαγομένης,
1396 1140 1482 1172 αὔξει
1495 1140 1529 1166 τὸ
1538 1139 1609 1173 πῦρ·
1629 1139 1723 1173 ὀλίγης
1736 1138 1775 1170 δὲ,
1789 1138 1889 1164 ἀτονεῖ·

1094 1188 1300 1223 δαπανηοείσης
1320 1187 1366 1219 δὲ,
1399 1186 1555 1215 σϐέννυται.
1579 1186 1702 1212 Ἰουδαῖοι
1725 1185 1814 1211 τοίνυν
1835 1183 1891 1219 πῦρ

1095 1235 1157 1262 καθ’
1173 1233 1278 1261 ἑαυτῶν
1288 1233 1419 1264 ἔκαυσαν,
1435 1232 1649 1263 ἀποκτείναντες
1658 1233 1721 1263 τοὺς
1737 1231 1892 1266 προφήτας,

1096 1281 1142 1308 καὶ
1158 1279 1383 1314 λιθοϐολῆσαντες
1397 1279 1462 1310 τοὺς
1489 1278 1723 1313 ἀπεσταλμένους.
1744 1277 1892 1310 Κατίσχυ-

1096 1337 1157 1356 σαν
1170 1329 1200 1354 δὲ
1212 1329 1262 1363 τὴν
1279 1325 1395 1354 ἑαυτῶν
1406 1326 1516 1361 φλόγα,
1529 1325 1575 1352 τὸν
1592 1324 1763 1360 κληρονόμον
1773 1325 1893 1351 ἀπεκτο-

1096 1376 1182 1407 νότες,
1199 1374 1225 1401 οἳ
1247 1374 1297 1409 τὴν
1326 1372 1371 1400 διὰ
1395 1371 1516 1407 Χριστοῦ
1535 1371 1678 1398 παίδευσιν
1694 1371 1744 1397 οὐκ
1756 1368 1893 1402 ἐδέξαντο,

1096 1423 1156 1452 ταῖς
1173 1421 1219 1447 τοῦ
1231 1421 1315 1455 νόμου
1341 1420 1432 1450 σκιαῖς
1447 1417 1649 1453 ἐπιμείναντες.
1664 1416 1764 1451 Διόπερ
1779 1415 1817 1446 ὡς
1830 1414 1894 1450 φῶς

1099 1469 1148 1503 μὲν
1160 1467 1234 1503 ἔχειν
1248 1467 1391 1501 οἰομένους
1403 1465 1433 1492 τὸ
1447 1464 1569 1499 νομικὸν,
1591 1463 1622 1490 οὑ
1642 1464 1696 1498 μὴν
1706 1462 1818 1498 ἔχοντας
1833 1461 1895 1497 ἁληι

1099 1514 1163 1546 Οῶς,
1179 1514 1228 1548 τῆς
1246 1513 1314 1549 πρὸς
1341 1512 1423 1540 αὑτὸν
1442 1511 1618 1546 οἰκειότητος
1642 1509 1838 1544 ἀποπέμπεται
1851 1508 1884 1535 λέ

255 1551 337 1577 ritate
349 1555 376 1578 et
390 1552 610 1585 consuetudine;
623 1560 686 1580 cum
700 1554 726 1580 in
740 1553 840 1581 Iuntina
852 1556 920 1590 ignis
930 1557 1046 1591 proprii.

1101 1568 1172 1594 γωνο
1188 1559 1357 1593 Πορεύεσθε
1369 1557 1409 1590 τῷ
1421 1557 1495 1592 φωτί
1513 1555 1569 1583 τοῦ
1585 1555 1684 1589 πυρὸς
1693 1554 1771 1590 ὑμῶν
1791 1553 1841 1580 καὶ
1857 1553 1895 1587 τῇ

255 1602 280 1624 ει
304 1605 332 1624 ιη
345 1597 466 1632 ﬂamma,
484 1606 564 1633 quam
580 1600 784 1633 succenderunt,
798 1601 877 1635 jubet
894 1603 1045 1632 ambulare.

254 1646 350 1681 Neque
363 1655 428 1675 vero
444 1647 526 1675 illata;
539 1648 615 1683 ipsos
633 1649 659 1675 in
671 1648 812 1677 Christum
833 1651 940 1685 injuriae
953 1660 1048 1687 poenas

256 1693 343 1721 luisse
355 1694 475 1729 ignorari
491 1695 611 1729 patitur;
636 1701 699 1722 cum
715 1700 823 1731 propter
845 1705 872 1724 se
887 1698 979 1725 ist/two
994 1699 1049 1726 illis

257 1740 331 1775 fizcta
350 1748 416 1772 esse,
428 1741 488 1768 etin
501 1749 611 1768 maerore
621 1742 785 1769 dormituro:
797 1743 908 1778 subjicit
926 1753 933 1772 :
948 1745 1050 1780 quibus

257 1794 386 1822 agrorum
405 1787 573 1819 vastitalem,
587 1787 721 1824 urbisque
735 1788 931 1824 direptionem,
956 1792 1050 1826 templi

258 1833 377 1867 denique
405 1833 562 1860 incendium
581 1833 764 1861 demonstrat.
793 1835 963 1863 Dormierunt
983 1845 1050 1865 vero

257 1880 340 1906 etiam
357 1879 384 1907 in
405 1887 536 1912 maerore;
557 1880 612 1912 vel,
629 1883 659 1907 ut
683 1881 720 1907 ait
734 1880 937 1916 Symmachus,
956 1883 985 1910 in
999 1884 1049 1911 do-

257 1925 332 1957 lore;
360 1925 413 1958 vel,
441 1929 472 1952 ut
494 1925 620 1960 Aquilae,
646 1925 675 1952 in
705 1925 937 1962 defatigationem.
956 1927 1050 1963 Neque

257 1973 331 1999 enim
353 1972 399 2006 qui
421 1971 492 1999 facta
509 1980 558 2007 per
572 1972 715 2000 Christum
738 1973 928 2009 redemptione
943 1975 1049 2010 indigni

258 2019 342 2055 578
370 2023 445 2052 sunt,
474 2019 532 2054 ipsa
561 2019 736 2054 praemiorum
763 2028 833 2055 spe,
857 2029 912 2049 non
936 2022 1051 2057 spiritus

257 2067 442 2096 oblectatione
467 2066 612 2098 fruentur;
644 2067 690 2095 sed
718 2075 862 2102 poenarum
888 2068 1050 2105 dolorisque

581 2113 659 2142 CAP.
680 2114 722 2142 Ll.

293 2158 379 2186 Vens.
393 2159 453 2186 1—5.
471 2159 568 2186 Audite
583 2168 632 2192 me,
651 2161 896 2195 quipersequimini
915 2163 984 2196 quod
1006 2165 1052 2197 ju-

259 2210 387 2236 stumest.
412 2210 436 2232 et
457 2206 502 2240 qui
526 2206 645 2240 quaeritis
675 2206 827 2233 Dominum.
853 2206 997 2235 Intuemini
1024 2209 1052 2236 in

259 2251 373 2280 solidam
384 2256 496 2286 petram,
509 2260 590 2286 quam
606 2252 755 2284 excidistis,
771 2257 796 2279 et
808 2253 835 2280 in
852 2253 954 2287 foveam
966 2254 1052 2287 lacus,

259 2306 339 2333 quam
358 2298 498 2332 eﬂ'odistis.
517 2298 662 2325 Intuemini
675 2299 702 2326 in
718 2299 854 2326 Abraham
875 2306 977 2334 patrem
1011 2309 1054 2328 ιπε-

260 2349 358 2374 slrum.
377 2348 401 2371 et
419 2343 444 2370 in
460 2343 582 2377 Sarram,
599 2352 657 2380 qua:
671 2346 769 2379 peperit
784 2354 841 2377 vos,
857 2350 909 2373 etc.

297 2444 351 2472 Sed
368 2445 420 2472 ista
435 2452 469 2472 ne
484 2452 532 2473 vos
548 2445 606 2480 pati
622 2446 776 2480 contingat,
792 2446 875 2473 etiam
890 2454 966 2474 nunc
986 2446 1052 2473 hor-

261 2491 326 2523 tari,
342 2495 369 2518 et
384 2491 417 2518 ad
437 2490 656 2525 resipisceutiam
678 2499 831 2526 provocare
855 2499 911 2519 non
936 2491 1052 2524 desino;

260 2536 321 2572 Qui,
340 2536 471 2563 simulato
493 2535 606 2571 quidem
635 2536 663 2563 in
687 2536 774 2564 Deum
801 2537 888 2570 cultu,
913 2537 1055 2565 contraria

261 2589 351 2611 autem
366 2582 489 2618 ejusdem
500 2583 635 2610 voluntati
649 2583 786 2615 faciendo,
798 2583 864 2611 dum
874 2584 943 2619 quod
950 2583 1056 2618 justum

261 2633 301 2655 Cal
326 2628 523 2663 pet-sequimini,
539 2629 684 2656 veritatem
707 2629 784 2656 vobis
808 2629 947 2656 inimicam
978 2629 1052 2656 exsi-

262 2678 337 2702 stere
349 2674 568 2709 putatis.Placct
583 2682 649 2701 vero
665 2674 815 2705 nonnullis.
826 2682 883 2707 eos,
899 2674 945 2709 qui
963 2674 1055 2705 ﬁdem,

263 2720 460 2755 Chrisunnque
476 2720 614 2754 justitiam
631 2724 769 2755 quaarunt,
797 2721 958 2756 prophetam
983 2721 1055 2748 allo—

299 2799 310 2815 ¹
330 2798 403 2827 Psal.
420 2805 489 2830 nu,
508 2806 546 2825 ιν.

1100 1606 1201 1643 φλογί,
1232 1602 1252 1640 ᾗ
1281 1603 1479 1636 ὲΕεκαύσατε.
1507 1602 1569 1628 Ὀτι
1597 1601 1626 1628 δὲ
1641 1600 1692 1635 τῆς
1712 1601 1752 1632 εις
1778 1598 1896 1634 Χριστὸν

1101 1653 1246 1689 παροινίας
1259 1652 1351 1678 ἔτισαν
1369 1651 1447 1682 δίκας
1471 1648 1638 1685 παρίστησιν
1656 1647 1775 1682 ὲπάγων-
1791 1646 1830 1672 Δι’
1845 1645 1897 1680 ἐμὲ

1101 1699 1220 1734 ἐγένετο
1231 1698 1324 1725 ταῦτα
1334 1696 1414 1731 ὑμῖν·
1428 1696 1463 1722 ἐν
1471 1695 1554 1729 λύπῃ
1564 1692 1796 1728 κοιμηθήσεσθε.
1803 1691 1897 1718 Ταῦτα

1103 1746 1130 1772 δὲ
1145 1745 1218 1779 λέγει
1229 1744 1362 1779 πόρθησιν
1374 1742 1477 1778 χώρας,
1485 1741 1590 1772 πόλεως
1605 1740 1717 1770 ἅλωσιν,
1732 1737 1899 1774 ἐμπρησμὸν

1103 1792 1151 1819 τοῦ
1180 1791 1243 1818 νεῶ.
1263 1789 1486 1824 Ἑκοιμήθησαν
1499 1787 1528 1814 δὲ
1554 1787 1603 1814 καὶ
1617 1786 1715 1819 ὲλύπη
1730 1785 1783 1820 ι,ἢ
1802 1785 1851 1811 καὶ
1864 1783 1898 1809 ἐν

1103 1838 1210 1872 ὀδύνῃ,
1223 1836 1295 1863 κατὰ
1318 1835 1469 1871 Σύμμαχον
1480 1843 1486 1849 ·
1502 1834 1520 1869 ἢ
1541 1832 1612 1860 κατά
1627 1832 1674 1859 τὸν
1701 1831 1830 1861 Ἀκύλαν,
1855 1830 1896 1861 εὶς

1103 1884 1297 1917 διαπόνησιν.
1322 1882 1378 1917 Τὴν
1407 1881 1451 1907 διὰ
1477 1879 1596 1916 Χριστοῦ
1616 1878 1672 1913 γάρ
1694 1877 1829 1912 λύτρωσιν
1849 1875 1899 1902 οὖν

1103 1930 1264 1963 ἀξιωθέντες
1278 1928 1382 1959 λαϐεῖν,
1398 1927 1450 1953 οὑκ
1472 1927 1501 1952 ὲν
1524 1924 1614 1952 ἐλπίδι
1634 1923 1734 1959 γερῶν,
1749 1923 1795 1950 καὶ
1810 1922 1899 1956 Θυμη-

1103 1977 1149 2012 δία
1164 1975 1347 2011 πνευματικῇ,
1367 1973 1425 2000 ἀλλ’
1438 1973 1467 1999 ὲν
1481 1971 1556 2007 φόϐῳ
1582 1970 1732 2001 κολάσεων,
1751 1969 1800 1996 καὶ
1826 1967 1900 2004 λύπῃ

1105 2024 1138 2059 τῇ
1153 2023 1186 2050 δι’
1199 2022 1284 2052 αὐτὰς
1302 2018 1468 2053 ὀδυνώμενοι
1484 2016 1729 2053 κοιμηθήσονται.

1070 2078 1145 2100 metu
1166 2069 1324 2097 dormientes
1348 2066 1555 2094 cruciabuntur.

1400 2112 1525 2140 ΚΕΦΑΑ.
1544 2110 1610 2138 NA'.

1140 2162 1208 2197 α-γ’.
1224 2160 1390 2189 Ἀκούσατέ
1414 2169 1484 2194 μου,
1502 2159 1530 2185 οἱ
1551 2156 1710 2189 διώκοντες
1725 2154 1758 2182 τὸ
1773 2154 1904 2186 δίκαιον,

1105 2209 1156 2236 καί
1179 2207 1338 2242 ζητοῦντες
1362 2206 1415 2233 τὸν
1447 2205 1568 2239 Κύριον.
1584 2201 1775 2238 Ἐμϐλέψατε
1792 2201 1834 2232 εἰς
1845 2200 1904 2234 τὴν

1107 2252 1235 2290 στερεὰν
1248 2254 1372 2288 πέτραν,
1399 2251 1440 2286 ’ἣν
1463 2249 1683 2286 ἐλατομήσατε,
1710 2247 1762 2274 καί
1784 2247 1828 2280 εις
1849 2246 1904 2273 τὸν

1105 2302 1242 2335 ,ϐόθυνον
1255 2300 1310 2327 τοῦ
1331 2299 1460 2329 λάκκου.
1493 2297 1530 2324 ὃν
1547 2297 1692 2331 ὼρύξατε.
1719 2294 1905 2328 Ἐμϐλέψατδ

1109 2350 1153 2380 εἷς
1167 2347 1297 2381 Ἀϐραὰμ
1321 2345 1376 2372 τὸν
1400 2338 1520 2377 Πατέρα
1547 2341 1643 2376 ὑμῶν,
1657 2340 1709 2368 καὶ
1727 2341 1771 2374 εις
1786 2339 1906 2373 hippas-

1111 2393 1168 2427 τὴν
1181 2391 1353 2419 ὠδίνουσαν
1368 2389 1457 2425 ὑμᾶς,
1473 2397 1501 2415 κ.
1513 2397 1539 2415 τ.
1551 2388 1577 2415 λ.

1145 2439 1215 2465 Ἀλλ’
1231 2439 1275 2465 ἵνα
1286 2437 1323 2473 μὴ
1330 2437 1417 2464 ταῦτα
1428 2435 1545 2470 πάθητε,
1555 2433 1602 2461 καὶ
1609 2432 1657 2460 νῦν
1666 2431 1707 2459 ἔτι
1716 2429 1843 2467 παραινῶ
1856 2430 1908 2463 τὴν

1107 2481 1408 2520 μετάνοιαν,ὧάνδρες,
1419 2482 1495 2517 ὑμῖν,
1510 2481 1534 2507 οἱ
1544 2478 1777 2516 προσποιούμενοι
1796 2477 1845 2512 μὲν
1861 2475 1908 2501 τὸν

1105 2531 1208 2566 Κύριον
1221 2530 1316 2565 τιμᾷν,
1332 2528 1442 2556 ἐναντία
1456 2527 1486 2554 δὲ
1503 2527 1671 2562 πράττοντες
1687 2525 1720 2560 τῇ
1734 2522 1782 2550 τοῦ
1802 2522 1908 2556 Κυρίου

1110 2576 1202 2612 βουλῇ,
1212 2575 1252 2611 τῷ
1264 2575 1297 2602 τὸ
1306 2575 1425 2601 δίκαιον
1433 2573 1585 2605 ἐλαύνειν,
1593 2569 1740 2606 ὴγεῖσθαίι)
1748 2577 1778 2595 τε
1786 2568 1910 2603 δυσμενῆ

1110 2623 1160 2659 τὴν
1176 2622 1317 2657 ἀλήθειαν.
1329 2620 1408 2652 Τινὲς
1421 2620 1449 2646 δέ
1469 2626 1551 2653 φασιν
1570 2618 1608 2650 ὠς
1620 2617 1778 2653 προσφωνεῖ
1790 2616 1846 2646 τοῖς
1861 2623 1910 2640 πι-

1111 2669 1236 2696 στεὺουσι
1248 2669 1294 2695 καὶ
1307 2667 1418 2704 ζητοῦσι
1434 2665 1553 2702 Χριστὸν
1576 2665 1628 2700 τὴν
1649 2661 1838 2696 δικαιοσύνην,
1859 2660 1911 2687 καὶ

1112 2717 1149 2748 ὡς
1165 2716 1322 2752 ἀλλοτρίους
1337 2715 1391 2742 τῶν
1410 2713 1544 2741 Ἰουδαίων
1567 2711 1679 2738 τούτους
1698 2710 1785 2737 καλεῖ.
1799 2709 1912 2741 Πάντας

596 2799 605 2814 ³
627 2797 699 2826 Ρείιι.
719 2806 814 2831 nux,
830 2799 855 2826 5.
896 2798 905 2814 ⁸
927 2798 947 2826 ll
966 2799 1030 2828 Cur.

1105 2798 1132 2826 4.
1171 2798 1181 2812 ⁵
1202 2797 1222 2823 ll
1239 2797 1302 2824 Cor.
1331 2803 1387 2826 me,
1416 2794 1456 2822 lit.
1495 2792 1505 2807 ⁸
1524 2791 1603 2820 Joau.
1621 2799 1661 2823 ιιι,
1682 2789 1724 2817 18.

905 2858 1024 2888 ΥᾹΗΙίΕ
1047 2855 1251 2885 ιΑῦΕΤΙίῢίίδ.

306 2910 319 2924 α
334 2912 378 2939 π).
389 2903 417 2931 ὲν
431 2903 516 2939 λύπῃ.
556 2903 569 2924 ιδ
585 2911 631 2939 γρ.
648 2902 768 2937 ἡγεῖσθε.
