1999 3076
142 139 210 172 2497

712 139 979 170 COMMENTARII
1003 139 1042 168 ΙΝ
1061 139 1206 169 ISAIAM.

1704 139 1776 172 2498

143 198 196 234 γὰρ
211 199 325 234 προεῖπε
338 197 394 232 πῦρ
405 198 505 230 καίειν,
523 198 552 224 ἐν
573 193 595 231 ᾦ
619 198 665 224 καὶ
685 197 895 231 κατεκαύθησαν
909 196 933 222 οἳ

992 195 1050 230 qui;
1066 201 1092 224 et
1107 197 1182 223 velut
1196 203 1210 223 a
1226 195 1304 223 Judze
1318 196 1343 224 is
1357 196 1462 224 alienos
1478 197 1540 224 illos
1557 197 1701 232 appellare.
1715 199 1777 225 0m-

143 243 270 271 διώκωσι
295 243 329 269 τὸ
354 243 481 276 δίκαιον,
508 244 557 279 οὐχ
570 244 606 275 ὡς
625 244 815 276 ἐλαύνοντες,
828 242 934 274 ἀλλ’ὡς

143 290 186 316 ἐπ’
201 290 268 316 αὐτὸ
279 290 433 325 τρέχοντες.
447 289 490 316 ἵνα
519 289 721 321 καταλάϐωσιν,
739 289 776 321 ὼς
787 289 816 315 τό
827 297 833 304 ·
854 299 863 315 t
882 289 936 323 Ζή-

142 344 226 371 τησον
239 337 362 371 εἰρήνην,
383 336 429 362 καὶ
445 335 541 368 δίωξον
564 336 660 370 αὐτήν.
681 345 690 361 ι
716 335 866 369 Ὀλιγοστοὶ
885 335 935 370 μὲν

144 382 199 417 γὰρ
217 379 290 408 οὗτοι
301 390 307 397 ·
325 383 511 417 προϐήσονται
525 382 554 408 δὲ
569 383 610 414 εἰς
626 382 747 417 ἄμετρον
764 381 866 417 πλῆθος
880 381 935 408 τῶν

144 429 228 456 ὲθνεῖν
243 419 462 464 προστιθεμένὼν
476 430 537 460 τοῖς
548 430 581 456 ὲκ
605 429 759 464 περιτομῆς
774 429 788 455 ὃ
800 429 846 455 καὶ
863 437 936 463 παρ-

146 476 236 510 ίστησι
253 475 426 511 παράδειγμα
436 475 490 501 τὸν
505 475 634 510 Ἀϐραὰμ
647 475 695 502 καὶ
708 474 766 509 τὴν
776 474 895 509 Σάρῤαν
911 480 935 501 ε.

144 521 223 552 Τινὲς
233 521 262 547 δὲ
280 521 347 555 πρὸς
377 521 441 552 τοὺς
469 521 601 552 ἀπίστους
631 521 758 556 εἰρῆσθαι
775 521 822 547 τὺν
846 521 935 554 λόγον,

145 566 182 596 ὡς
195 565 374 600 προείπομεν,
386 565 522 598 λέγοντες,
538 566 620 599 φασὶν
635 564 673 597 ὡς
685 565 746 592 ἀντὶ
762 564 819 598 τοῦ,
831 564 881 592 καὶ
893 565 937 598 εἷς

144 612 199 639 τὸν
214 612 361 644 βόθυνον,
384 612 398 638 6
425 611 583 646 Σύμμαχος,
614 613 658 645 εὶς
670 612 730 645 τὴν
757 612 935 647 τρυμαλιάν·

144 659 158 684 6
180 657 210 683 δὲ
228 656 357 688 Ἀκύλας,
373 656 449 690 πρὸς
464 657 612 691 ἐκκοπὴν,
625 657 806 684 ὲκδεδώκασιν
822 666 829 673 ·
855 659 938 684 αἰνιτ-

144 703 259 738 τομένου
273 701 319 728 τοῦ
332 702 412 735 λόγου
431 701 482 737 τὴν
497 702 576 737 σῶμα
594 702 642 729 τοῦ
668 702 771 738 Κυρίου
787 703 939 738 δεξαμένην

146 749 259 783 πέτραν,
288 747 328 781 ἢν
349 747 459 782 ὅρυξεν
477 748 589 783 Ἰωσήφ.
612 745 678 775 Εἶτα
701 749 802 785 μετέϐη
835 750 881 776 ἐπὶ
909 749 939 776 τὸ

146 794 324 830 παράδειγμα
335 792 386 820 τοῦ
402 793 542 828 Ἀϐραὰμ,
553 794 601 821 καὶ
616 793 672 827 τῆς
683 793 809 829 Σάρῤας,
823 795 847 821 οἳ
860 795 939 830 δίκην

145 842 249 876 πέτρας
264 841 385 874 ἄκαρποι
395 841 442 866 καὶ
450 839 542 874 ἄγονοι
555 841 711 875 γεγονότες.
732 841 839 868 πολλῶν
854 841 940 869 ἐθνῶν

986 249 1035 270 nes
1053 242 1125 269 enim
1140 246 1220 269 antea
1241 241 1331 277 ignem
1345 243 1496 270 accendere
1509 243 1596 275 dixit;
1614 244 1640 270 in
1658 251 1712 278 quo
1725 244 1776 279 ipsi

985 287 1070 315 etiam
1092 288 1228 316 canthusti
1248 292 1324 319 sunt,
1349 289 1394 323 qui
1424 288 1493 323 quod
1518 289 1619 323 instant
1645 294 1694 321 est,
1722 297 1777 317 non

989 332 1141 367 abigendo,
1160 333 1206 359 sed
1239 332 1393 367 appetendo
1421 337 1449 359 ιιι
1472 331 1673 367 adipiscantur,
1690 341 1780 367 perse-

985 382 1103 413 quuntur
1120 387 1126 405 :
1153 377 1239 411 Quale
1254 377 1320 405 illud
1336 382 1398 406 est:
1418 387 1428 404 ε
1448 378 1544 411 Ouau'e
1561 385 1655 413 pacem
1673 383 1700 406 et
1717 386 1779 413 per-

987 432 1101 459 Sequere
1116 433 1176 452 eam
1193 425 1213 452 ".
1242 434 1251 450 ι
1272 424 1342 452 Sunt
1360 425 1432 452 enim
1448 424 1578 459 perpauci
1594 424 1632 451 illi
1649 424 1777 460 quidem;

987 470 1035 497 sed
1057 470 1084 497 in
1113 471 1317 498 multitudinem
1344 470 1459 498 evadent
1475 470 1621 504 infinitam,
1641 478 1703 498 cum
1726 471 1778 504 ipsi

987 517 1157 544 accesserint
1171 516 1269 550 Judaei,
1292 521 1322 544 ut
1342 517 1486 544 Abralmmi
1503 517 1643 550 Sarra'que
1654 517 1779 552 exemplo

988 562 1132 589 demonstr
1141 567 1212 589 atur.
1229 562 1357 590 Nonnulli
1373 571 1470 590 rursus
1480 563 1611 591 adversus
1623 563 1779 590 incredulos

989 615 1143 636 sermonem
1161 616 1231 639 esse.
1255 609 1337 637 Sicuti
1351 609 1481 641 diximus,
1497 609 1633 639 arbitrati,
1652 617 1699 642 pro
1712 615 1779 643 quo,

988 657 1013 679 el
1035 661 1061 679 ιη
1076 653 1179 687 foveant
1195 653 1347 687 habemus;
1365 659 1389 680 et
1403 654 1430 680 in
1451 654 1568 687 foramen
1584 653 1779 689 Symmachum

989 699 1111 733 quidem,
1131 700 1157 726 in
1176 700 1337 728 excisionem
1349 705 1438 727 auth
1455 700 1582 734 Aquilam
1605 700 1782 727 transtulisse

989 746 1104 779 volunt;
1124 751 1254 781 tanquam
1270 751 1373 781 petram
1393 747 1466 773 illam
1481 755 1542 781 qua)
1556 746 1659 774 Christi
1680 754 1782 781 corpus

990 794 1109 829 excepit,
1123 797 1150 820 et
1166 801 1181 820 a
1194 793 1315 829 Josepho
1330 794 1420 820 excisa
1436 799 1612 828 excavataque
1625 798 1678 826 est,
1692 794 1780 821 oratio

991 840 1178 867 demonstret.
1204 839 1307 867 Deinde
1320 839 1353 867 ad
1369 839 1515 866 Mra/tanti
1538 844 1562 866 et
1579 838 1669 866 Same
1689 847 1783 866 exelu-

145 886 272 920 :mtéps‘c
285 885 409 920 ἐγένοντο
431 885 476 911 διὰ
490 885 618 917 πίστεως,
638 885 676 917 ὡς
696 887 710 912 6
726 885 832 918 Παῦλος
847 894 914 921 φησι
929 894 936 901 ·

992 886 1065 920 plum
1082 894 1240 913 sermonem
1259 885 1400 917 transfert,
1415 885 1462 920 qui
1485 889 1511 912 et
1534 886 1584 918 ipsi
1609 885 1669 913 saxi
1694 892 1781 918 more,

149 942 157 957 ι
167 931 323 967 Κατενὸησε
334 931 364 958 τὸ
378 931 475 958 ἑαυτοῦ
489 931 568 966 σῶμα
576 931 626 967 ἢδη
637 932 852 967 νενεκρωμένον,
866 941 876 957 ι
890 933 939 958 καί¹

145 978 179 1004 τὰ
194 977 241 1003 ἐπὶ
254 977 351 1012 τούτῳ.
366 977 414 1009 Ἐξ
428 977 497 1010 ἑνὸς
513 976 570 1010 οὖν,
585 977 640 1004 τοῦ
658 977 786 1012 Ἀϐραὰμ
813 978 864 1005 καὶ
882 978 938 1012 τῆς

145 1023 262 1057 Σάῤῥας
275 1024 329 1057 (εὶς
339 1023 393 1057 γὰρ
406 1023 499 1057 ἄμφω,
518 1023 588 1050 κατὰ
602 1023 641 1049 16-
659 1024 787 1050 Ἔσονται
798 1024 822 1050 οἱ
837 1024 883 1050 δύο
899 1024 940 1055 είς

147 1070 237 1105 σάρκα
254 1069 330 1105 μιαν)
355 1069 421 1095 ὡσεὶ
435 1069 470 1096 τὰ
485 1069 574 1104 ἄστρα
588 1069 635 1096 τοῦ
656 1070 773 1105 οὐρανοῦ
788 1070 827 1105 τῷ
842 1070 939 1105 πλήθει

147 1116 316 1150 συνέστησαν
327 1124 334 1131 '
343 1115 383 1142 διό
395 1124 489 1148 φησιν.
505 1113 557 1148 Εἷς
569 1113 619 1150 ἦν,
628 1115 677 1142 καὶ
687 1115 821 1143 ἐκάλεσα
834 1117 937 1143 αὐτόν.

146 1161 253 1196 Ὥσπερ
266 1158 313 1187 οὖν
336 1160 383 1187 ἐπὶ
400 1160 447 1187 τοῦ
462 1159 592 1195 Ἀϐραὰμ
606 1160 678 1187 οὕτω
688 1161 827 1196 πεποίηκα
841 1169 847 1177 ’
868 1161 940 1188 οὕτω

148 1208 186 1244 μὴ
199 1207 417 1242 ἀπογινώσκετε,
434 1206 472 1238 ὡς
493 1207 540 1233 καὶ
565 1206 619 1233 ἀπὸ
635 1206 686 1241 τῆς
701 1205 812 1240 πέτρας
826 1205 938 1241 ταύτης,

146 1253 187 1288 ἣν
199 1253 284 1287 ὑμεῖς
296 1252 515 1286 ἐλατομήσατε,
543 1251 619 1279 ἔσται
635 1261 678 1283 τις
699 1252 777 1284 ἐλπὶς
801 1252 941 1288 σωτηρίας

146 1301 230 1327 πᾶσιν
246 1298 412 1334 ἀνθρώποις.
426 1298 508 1324 Ἀλλὰ
528 1298 576 1324 καὶ
590 1297 683 1332 πέτρα
698 1299 769 1326 κατὰ
784 1298 891 1325 Παῦλον
904 1297 938 1334 ἦν

146 1346 160 1372 6
172 1345 299 1381 Χριστὸς,
312 1344 346 1380 ἢν
357 1343 434 1378 ὲντῷ
444 1344 526 1370 πάθει
537 1343 682 1378 διώρυξτιν,
695 1343 766 1370 κατὰ
777 1344 808 1370 τό
817 1352 824 1358 ·
837 1353 845 1369 ι
855 1345 939 1378 Ὠρυ-

148 1391 196 1424 ξαν
210 1392 305 1426 χεῖράς
325 1399 376 1426 μου
394 1389 442 1416 καὶ
468 1389 552 1421 πόδας
579 1398 641 1425 μου.
658 1398 668 1415 ι
683 1390 821 1417 Βόθυνον
843 1390 872 1416 δὲ
888 1390 939 1424 τὴν

147 1437 297 1474 τρωθεῖσαν
312 1436 434 1471 πλευρὰν
451 1436 651 1463 ὑπαινίττεται.
666 1436 716 1463 Διὰ
737 1435 792 1471 γὰρ
807 1435 938 1472 τούτωνὴ

148 1483 280 1519 σωτηρία,
295 1483 343 1509 καὶ
359 1484 411 1518 τῆς
428 1481 592 1517 Ἐκκλησίας
615 1482 731 1517 συνέστη
743 1482 776 1508 τὸ
788 1482 938 1518 πλήρωμα,

148 1530 274 1565 καθάπερ
294 1528 329 1561 ἐξ
355 1528 479 1562 Ἀϐραὰμ
505 1527 555 1554 καὶ
577 1527 695 1561 Σιὶρῤας
723 1527 754 1553 16
783 1527 886 1562 πλῆθος
909 1528 940 1554 τὸ

147 1575 270 1611 ἄπειρον.
284 1576 329 1601 Διὸ
345 1573 516 1608 παρακαλεῖ
533 1574 582 1608 τὴν
596 1572 682 1605 Σιὼν,
700 1572 731 1599 τὸ
746 1572 871 1604 θεοσεϐὲς
888 1574 941 1600 πά-

147 1620 212 1647 λινά
228 1621 391 1655 πολίτευμα,
408 1620 475 1655 ὅπερ
488 1620 527 1650 εἰς
542 1619 646 1653 ἔρημον
665 1618 699 1644 δι’
721 1618 794 1653 ὑμᾶς
809 1619 941 1654 κατέστη.

147 1666 222 1702 Πλὴν
236 1665 293 1692 ἀλλ’
304 1665 359 1699 ἐγὼ
374 1665 423 1700 τὴν
435 1664 553 1700 ἐρημίαν
564 1663 649 1698 αὐτῆς
660 1663 835 1699 ἀναλήψομαι
846 1664 942 1698 παρά-

148 1714 261 1746 κλησιν
273 1711 363 1738 καλῶν
390 1711 441 1746 τὴν
462 1711 529 1746 περὶ
554 1710 658 1737 τούτων
679 1710 786 1737 ἐλπίδα.
807 1711 944 1744 Ἕρημον·

147 1758 185 1790 δὲ,
202 1758 239 1789 ὡς
262 1758 331 1793 πρὸς
345 1759 394 1793 τὴν
423 1757 538 1792 ἔχουσαν
564 1755 648 1784 πάλαι
668 1755 714 1782 τὸν
735 1757 830 1791 ἄνδρα,
844 1757 894 1792 τὴν
912 1756 942 1788 ἐξ

148 1804 233 1831 ἐθνῶν
241 1803 418 1839 Ἐκκλησίαν,
429 1803 518 1835 καλεῖ,
531 1803 599 1839 πρὸς
608 1803 641 1840 ἢν
653 1801 745 1836 ἔλεγεν
760 1803 774 1829 ὁ
785 1804 940 1838 προφήτης·

151 1860 161 1877 t
178 1850 363 1887 Εὐφράνθητι,
383 1851 487 1885 στεῖρα,
506 1850 522 1884 ὴ
549 1850 580 1876 οὺ
599 1849 744 1880 τίκτουσα,
756 1858 764 1874 ι
781 1849 828 1875 καὶ
848 1849 881 1875 τὰ
895 1849 942 1876 ἐπὶ

148 1897 246 1933 τούτῳ.
262 1897 310 1929 Τίς
323 1897 351 1923 δὲ
370 1897 387 1932 ἡ
399 1897 444 1923 τὸν
461 1896 546 1932 ἄνδρα
560 1896 671 1931 ἔχουσα.
688 1895 745 1922 ἀλλ’
759 1895 775 1930 ἢ
792 1895 822 1920 τὸ
839 1895 943 1930 βιϐλίον

147 1944 195 1970 τοῦ
209 1944 374 1970 ἀποστασίου
389 1942 581 1978 ποιησαμένη;
596 1943 624 1968 ὲν
642 1942 671 1969 δὲ
685 1943 719 1977 τῇ
737 1941 833 1977 ἐρήμῳ
848 1941 943 1974 παρά-

148 1990 253 2017 δεισον
266 1989 376 2017 ἔσεσθαι
396 1989 483 2024 λέγει.
500 1988 572 2016 κατὰ
585 1988 634 2015 τὸν
652 1988 681 2015 ἐν
697 1988 768 2023 ἀρχῇ
789 1987 867 2022 παρὰ
884 1988 940 2014 Ku-

151 2037 257 2071 ρίου....

991 931 1081 958 fructu
1107 932 1256 967 liberisque
1282 937 1430 964 carentes,
1455 932 1601 959 multarum
1626 940 1675 966 per
1701 932 1781 959 [idem

991 978 1111 1013 gentium
1129 984 1261 1012 parentes,
1279 978 1364 1005 Paulo
1380 983 1459 1011 teste,
1475 979 1599 1012 fuerunt,
1619 987 1681 1006 cum
1694 979 1784 1006 Abra-

991 1024 1102 1050 hamum
1118 1024 1173 1058 jam
1189 1032 1270 1051 suum
1286 1032 1389 1059 corpus
1404 1028 1574 1056 emortuum,
1588 1030 1616 1050 et
1630 1032 1690 1058 qua:
1702 1024 1781 1051 dein-

991 1077 1067 1103 ceps,
1083 1070 1275 1097 considerasse
1298 1069 1379 1096 dixit.
1398 1069 1441 1096 Ea;
1451 1078 1504 1096 uno
1519 1069 1612 1104 igitur.
1629 1069 1783 1096 Abrahamo

990 1119 1015 1142 et
1035 1114 1121 1142 Sarra
1135 1116 1228 1151 (unum
1243 1116 1317 1142 enim
1339 1120 1465 1150 uterque,
1482 1119 1511 1143 ut
1536 1115 1584 1142 illo
1607 1115 1704 1150 liquet,
1728 1122 1783 1149 quo

991 1161 1050 1188 fore
1062 1161 1131 1189 duos
1146 1162 1172 1188 in
1186 1169 1268 1189 carne
1284 1170 1338 1189 una
1350 1161 1475 1197 dicitur),
1489 1166 1619 1196 tanquam
1629 1162 1692 1190 coeli
1708 1167 1783 1188 astra

991 1206 1181 1238 multitudine,
1206 1207 1401 1234 constiterunt.
1435 1207 1552 1240 Ideoque
1575 1215 1644 1234 unus
1666 1212 1734 1238 erat,
1757 1211 1783 1234 et

990 1253 1081 1280 vocavi
1094 1261 1164 1285 eum,
1177 1253 1289 1287 adjecit.
1301 1253 1538 1285 Quemadmodum
1553 1254 1638 1287 Igitur
1655 1253 1682 1280 in
1696 1254 1784 1280 Abra.

990 1297 1069 1325 Immo
1086 1298 1112 1324 id
1128 1306 1179 1333 ego
1195 1299 1307 1332 praestiti
1325 1307 1331 1325 :
1351 1298 1392 1325 sic
1414 1302 1443 1325 et
1459 1298 1494 1326 ab
1517 1299 1570 1326 ista
1595 1304 1681 1332 petra,
1704 1307 1784 1334 quam

989 1343 1141 1374 excidia-tis,
1161 1343 1327 1371 mortalibus
1340 1343 1480 1371 universis
1499 1351 1564 1378 spes
1580 1344 1671 1378 aliqua
1686 1351 1785 1371 conse-

989 1388 1106 1423 quentiae
1117 1390 1217 1416 salutis
1232 1389 1324 1417 futura
1347 1393 1400 1417 est.
1416 1389 1481 1416 Erat
1500 1397 1564 1418 vero
1575 1395 1651 1424 petra
1669 1389 1788 1417 docente

989 1433 1077 1460 Paulo
1093 1434 1114 1466 κ,
1131 1434 1260 1462 Christus
1278 1435 1336 1469 ipse
1347 1443 1354 1468 ;
1366 1434 1410 1462 cui
1429 1438 1544 1462 mortem
1556 1435 1669 1462 obeunti
1685 1442 1784 1461 manus

991 1483 1018 1506 et
1033 1479 1116 1514 pedes
1131 1480 1217 1508 clavis
1232 1488 1294 1508 esse
1310 1480 1480 1508 transfossos
1499 1480 1640 1515 Scriptura
1655 1484 1784 1508 testatur.

994 1525 1171 1560 Signilicatur
1195 1527 1261 1554 item
1285 1534 1334 1560 per
1356 1526 1439 1561 579
1462 1526 1565 1561 foveam
1596 1527 1668 1554 latus
1694 1526 1786 1561 ipsutn

995 1571 1081 1598 hastae
1104 1580 1235 1600 mucrone
1252 1573 1436 1600 vulneratum.
1456 1572 1508 1600 Per
1531 1573 1589 1600 hzec
1613 1574 1686 1600 enim
1709 1578 1786 1608 parta

995 1619 1071 1646 salus
1096 1624 1138 1647 est
1156 1620 1271 1654 ipsaque
1285 1620 1367 1647 etiam
1384 1619 1516 1647 Ecclesia:
1531 1621 1681 1647 constituta
1700 1620 1788 1653 pleni-

993 1665 1080 1698 tudo;
1098 1673 1153 1692 uon
1170 1666 1250 1693 aliter
1263 1674 1345 1702 quam
1362 1673 1394 1692 ea:
1410 1666 1562 1692 Abrnltamo
1578 1671 1603 1692 et
1623 1665 1708 1693 Sarra
1724 1665 1787 1692 inii-

994 1712 1050 1738 nita
1063 1712 1219 1739 multitudo.
1235 1712 1326 1747 Atque
1338 1712 1401 1740 inde
1413 1717 1456 1740 est
1468 1712 1540 1747 quod
1552 1711 1658 1739 Sionem
1671 1721 1680 1745 ;
1698 1712 1787 1744 idest,

993 1757 1066 1792 piam
1088 1758 1154 1784 olim
1174 1758 1315 1785 civitatem
1333 1759 1503 1790 consolatur,
1518 1767 1580 1794 qua:
1602 1759 1711 1786 deserta
1727 1759 1789 1794 qui-

994 1803 1055 1830 dem
1074 1808 1187 1838 propter
1202 1811 1262 1836 vos,
1281 1805 1382 1839 inquit,
1400 1813 1450 1839 per
1476 1812 1519 1832 me
1538 1805 1669 1839 frequens
1689 1805 1788 1831 iterum

995 1848 1086 1875 futura
1098 1854 1139 1876 est
1152 1859 1158 1876 :
1171 1849 1217 1876 ubi
1230 1849 1388 1877 consolandi
1399 1850 1492 1882 verbo,
1504 1850 1696 1885 promissionis
1707 1850 1789 1885 hujus

995 1902 1071 1929 spem
1095 1896 1271 1930 signiﬁcavit.
1290 1896 1328 1924 Eo
1348 1897 1410 1931 ipso
1435 1902 1526 1924 autem
1553 1896 1627 1932 quod
1656 1897 1789 1923 desertam

993 1947 1085 1975 vocat,
1101 1943 1252 1972 Ecclesiam
1268 1945 1392 1980 gentium
1412 1944 1554 1980 intelligit,
1573 1949 1702 1979 tanquam
1728 1951 1790 1979 quae

996 1987 1099 2016 dudum
1115 1990 1204 2017 virum
1221 1990 1331 2023 habeat,
1347 1991 1380 2018 ad
1395 1999 1476 2025 quam
1496 1991 1532 2018 ita
1550 1991 1714 2025 loquebatur
1725 1997 1790 2025 pro-

996 2034 1094 2070 pheta:
1107 2045 1115 2060 ι
1127 2035 1242 2070 ιωιίιτθ,
1254 2037 1435 2073 sterilis,quze
1445 2046 1499 2064 non
1509 2037 1638 2073 peperisti
1648 2038 1717 2069 ’,ιοι
1729 2045 1790 2072 qure

151 2090 256 2123 postea.
273 2084 403 2117 Quaenam
424 2087 515 2111 autem
527 2087 580 2115 est,
600 2089 661 2117 qua:
673 2081 762 2108 virum
782 2080 874 2114 habet,
892 2081 946 2109 nisi
967 2091 1028 2118 qua:
1053 2084 1196 2119 repudium
1224 2085 1320 2112 misit?
1361 2084 1390 2113 In
1412 2085 1523 2113 deserto
1547 2084 1646 2112 deinde
1668 2084 1789 2111 iuturqu

155 2133 223 2159 dicit
236 2129 394 2166 paradisum
414 2129 439 2155 ei
452 2136 506 2156 non
523 2128 687 2160 absimilem,
705 2126 752 2162 qui
769 2126 846 2153 initio
861 2134 876 2153 a
890 2126 1051 2157 Domino....

183 2179 260 2211 δ-ις’.
279 2176 438 2205 Ἀκούσατέ
449 2185 520 2211 μου,
537 2175 700 2207 ἀκούσατε,
719 2175 795 2208 λαός
807 2183 877 2209 μου,
894 2175 940 2202 καὶ

1032 2179 1114 2214 580
1133 2179 1217 2207 Visus.
1231 2179 1307 2206 4-16.
1327 2178 1426 2206 Audite
1446 2187 1495 2211 me,
1513 2179 1613 2210 audite,
1630 2179 1724 2214 popule
1740 2179 1787 2212 mi,

148 2227 174 2252 οι
186 2223 340 2257 βασιλεῖς,
350 2223 425 2256 πρός
439 2231 477 2257 με
488 2221 684 2252 ἐνωτίσασθε,
704 2220 749 2247 ὅτι
762 2220 854 2254 νόμος
870 2219 941 2254 παρ’

147 2271 221 2306 ἐμοῦ
253 2269 455 2302 ἐξελεύσεται,
482 2267 532 2294 καὶ
564 2269 583 2302 ὴ
607 2267 706 2301 κρίσις
723 2274 782 2301 μου
809 2267 852 2298 εις
878 2264 942 2300 φῶς

147 2314 254 2343 ἐθνῶν.
270 2314 391 2350 Ἐγγίζει
417 2314 492 2349 ταχὺ
507 2314 526 2348 ἡ
545 2313 724 2346 δικαιοσύνη
738 2321 809 2347 μου,
827 2311 876 2338 καὶ
891 2311 942 2343 ἑξ-

147 2362 315 2394 ελεύσεται,
336 2362 376 2395 ὠς
405 2361 478 2396 φῶς,
502 2360 536 2387 τὸ
564 2359 716 2392 σωτήριόν
733 2367 806 2393 μου,
827 2357 876 2384 καὶ
899 2358 943 2390 εἷς

147 2408 202 2434 τὸν
211 2408 364 2442 βραχίονα
388 2415 448 2442 μου
475 2406 548 2440 ἔθνη
576 2404 748 2432 ἐλπιοῦσιν.
766 2403 833 2438 Ἐμὲ
851 2402 942 2437 νῆσοι

149 2455 348 2490 ὑπομενοῦσι,
368 2453 417 2481 καὶ
447 2454 492 2486 εὶς
505 2452 559 2480 τὸν
576 2451 727 2487 ,ϐραχίονά
743 2459 803 2486 μου
822 2449 947 2477 ἐλπιοῦο

150 2510 214 2534 σιν,
229 2510 256 2528 κ.
270 2510 297 2528 τ.
312 2500 338 2527 λ.

188 2567 195 2575 .
218 2566 227 2574 .
249 2567 256 2575 .
278 2566 285 2574 .
307 2545 469 2582 ἀνθρώπους
484 2543 663 2580 φοϐούμενος,
682 2542 719 2579 μὴ
732 2542 947 2577 ὰποσυνάγωγόν

152 2602 182 2620 σε
199 2593 349 2629 ποιήσωσιν
369 2593 392 2619 οἱ
408 2592 535 2626 λέγοντες
545 2599 553 2606 ·
568 2600 577 2617 ι
591 2590 735 2626 Δαιμόνιον
750 2590 806 2625 ἔχει
821 2590 869 2616 καὶ
885 2588 948 2624 μαί-

151 2648 237 2668 νεται.
255 2638 288 2666 Τί
303 2638 418 2666 ἀκούετε
435 2637 537 2672 αὐτοῦ;
553 2647 562 2664 ι
589 2634 635 2668 Οἷς
654 2637 747 2670 ἔλεγεν
770 2637 784 2663 6
808 2635 924 2672 Χριστός
937 2643 945 2651 ·

157 2696 166 2712 t
180 2686 235 2713 Kal.
250 2685 315 2721 ὑμῖν
337 2686 393 2717 τοῖς
405 2685 528 2720 νομικοῖς
543 2684 615 2716 οὐαὶ,
632 2683 674 2710 ὃτι
689 2683 774 2718 ἦρατε
791 2682 839 2718 τὴν
855 2681 946 2708 κλεῖδα

204 2765 214 2781 ⁷
234 2764 309 2792 Psal.
329 2771 429 2795 xxxui,
444 2762 490 2790 27.
524 2762 534 2778 ⁸
555 2761 564 2788 l
580 2761 644 2789 Cor.
660 2769 687 2794 χ,
701 2761 728 2788 li.
768 2760 778 2776 ⁹
799 2759 852 2788 lsa.
866 2767 923 2792 Liv,
936 2759 963 2786 1.

993 2230 1018 2253 et
1035 2234 1118 2260 reges,
1139 2225 1173 2252 ad
1194 2233 1234 2252 me
1244 2224 1386 2257 attendite,
1398 2226 1458 2260 quia
1475 2225 1516 2252 [ex
1537 2233 1554 2252 a
1573 2234 1613 2252 me
1631 2224 1789 2260 egredietur,

993 2273 1161 2307 eljudieiunt
1183 2281 1269 2300 meum
1289 2274 1316 2300 in
1335 2274 1420 2301 lucem
1438 2273 1566 2308 gentium.
1588 2271 1790 2306 Appropinquat

994 2319 1047 2345 cito
1068 2319 1178 2353 justitia
1196 2328 1265 2352 mea,
1281 2324 1306 2347 et
1324 2320 1483 2355 egredietur,
1505 2319 1572 2346 sicut
1589 2317 1646 2351 lux,
1671 2318 1790 2344 salutare

995 2374 1091 2396 meum,
1105 2371 1129 2393 et
1154 2366 1182 2393 in
1197 2366 1334 2394 brachium
1360 2373 1446 2393 meum
1461 2369 1551 2400 gentes
1565 2365 1718 2398 sperabunt,
1735 2367 1789 2391 etc.

1031 2542 1111 2578 581
1136 2563 1143 2570 .
1165 2563 1173 2570 .
1193 2561 1200 2568 .
1223 2562 1230 2569 .
1251 2541 1377 2569 homines
1400 2545 1526 2568 metuens
1548 2546 1584 2567 ne
1599 2543 1624 2566 te
1649 2544 1789 2573 synagoga

996 2593 1136 2621 moveant.
1155 2588 1277 2616 dicentes
1295 2596 1302 2615 :
1323 2597 1332 2614 ‹
1349 2586 1518 2614 Daemonium
1538 2585 1637 2616 habet,
1655 2588 1682 2610 et
1707 2583 1790 2616 furit;

998 2636 1063 2671 quid
1084 2635 1184 2664 auditis
1202 2643 1264 2663 eum
1282 2634 1325 2661 ‘°?
1346 2643 1356 2660 ι
1381 2633 1483 2669 quibus
1508 2630 1692 2666 respondebat
1711 2629 1792 2656 Chri-

1001 2686 1061 2708 stus
1079 2689 1086 2708 :
1105 2689 1114 2706 ι
1135 2680 1180 2707 Va:
1203 2679 1281 2707 vobis
1303 2678 1389 2706 etiam
1415 2676 1599 2712 legispcritis;
1625 2674 1690 2710 quia
1714 2672 1792 2700 fertis

986 2759 1020 2797 .‘°
1036 2759 1116 2787 Joan.
1137 2767 1165 2791 ιι,
1180 2758 1225 2786 20.

827 2817 944 2844 VARIZE
969 2816 1172 2846 LECTIONES.

196 2876 209 2891 ο
227 2878 272 2905 γρ.
287 2870 335 2897 τοῦ
351 2868 477 2904 ’Δϐραὰμ
489 2867 536 2895 καὶ
545 2867 593 2903 τῆς
606 2867 724 2903 Σάῤῥας.
761 2866 776 2888 ιι
788 2876 834 2901 γρ.
850 2865 944 2893 πάλαι.
