1999 3076
116 133 184 166 2501

684 135 952 166 COMMENTARII
968 135 1010 165 ΙΝ
1030 136 1175 168 ΙΞΛΙΛΜ.

1679 132 1751 164 2502

153 189 237 216 Τοῦτο
249 189 272 217 δ’
285 190 317 217 ἂν
329 190 436 225 λέγοιτο
449 190 496 218 ἐπὶ
509 191 557 218 τοῦ
579 192 671 219 πᾶσαν
683 192 821 227 τιμωρίαν
837 191 909 219 ὲκτί-

997 191 1074 219 Ιειιιιι
1089 200 1154 220 vero
1172 192 1206 220 de
1223 191 1271 218 illo
1285 191 1403 222 dicatur,
1423 190 1468 226 qui
1493 189 1526 217 ad
1548 190 1684 218 scelerum
1707 199 1757 218 ex-

117 244 213 267 σαντος
233 236 302 272 πρὸς
325 236 459 272 κάθαρσιν
483 237 710 272 ἁμαρτημάτων,
727 237 766 269 ὡς
790 238 836 264 ἐπὶ
856 237 910 264 τῶν

116 282 333 317 προσαγομένων
347 282 455 318 πικρῶν
467 282 613 309 ἀντιδότων
628 284 669 315 είς
683 284 810 310 κένωσιν.
824 283 912 309 Λυπετ

115 327 181 362 γὰρ,
196 327 234 359 ὡς
260 327 363 363 ῑατρὸς,
384 329 398 354 ὁ
421 327 488 360 Θεὸς
510 328 561 355 οὐκ
585 329 667 360 αὐτὸς
692 328 794 361 θέλων,
822 328 870 355 τοῦ
882 329 911 355 δὲ

116 373 279 408 πράγματος
295 373 498 408 ἀναγκάζοντος
511 383 518 390 ·
534 374 602 410 περὶ
617 372 648 401 οὗ
662 374 805 401 λέλεκται⁸
834 383 843 400 ε
861 375 912 401 Πο-

115 420 210 455 τήριον
228 420 257 446 ὲν
273 420 345 455 λειρὶ
365 420 470 454 Κυρίου
485 420 559 447 οἴνου
577 420 697 456 ἀκράτου
712 419 816 455 πλῆρες
829 419 913 455 κερά-

117 474 232 501 σματος.
258 466 313 492 Καὶ
334 465 441 492 ἔκλινεν
459 467 491 492 ὲκ
507 466 603 493 τούτου
627 467 667 498 είς
687 467 783 498 τοῦτο,
812 467 881 503 πλὴν
899 468 913 494 ὁ

115 512 230 547 τρυγίας
253 511 336 539 αὑτοῦ
360 512 410 538 οὐκ
436 512 600 549 ὲξεκενώθη.
626 513 737 540 Πίονται
763 513 865 545 πάντες
888 514 912 540 οἱ

116 558 275 594 ἁμαρτωλοὶ
286 559 336 594 τῆς
350 560 413 594 γῆς.
432 569 440 585 ι
459 559 544 586 Τοῦτο
558 560 586 586 δέ
610 568 651 586 σοι
666 559 803 595 παθούσῃ.
817 560 911 595 φησὶν,

115 602 206 630 οὐδέν
228 610 279 630 σοι
302 604 427 640 παρέστη
440 605 495 632 τῶν
518 605 621 632 τέκνων
632 606 911 641 παραμυθούμενον.

117 649 182 676 Ὅτε
207 650 256 685 μὲν
271 650 325 685 γὰρ
346 651 386 682 είς
401 651 562 686 ’Λσσυρίους
584 652 758 687 ἀπήχθησαν,
773 650 847 687 εἶχον
871 652 913 679 δι-

117 695 211 727 καίους
226 697 274 723 καὶ
294 698 438 732 προφήτας
453 698 718 732 παρακαλοῦντας·
736 698 804 733 μετὰ
819 698 848 725 δὲ
868 699 914 726 τὸν

116 741 288 776 τολμηθέντα
302 742 373 768 κατὰ
387 742 506 777 Χριστοῦ
519 742 634 769 θάνατον
645 762 652 774 ,
669 741 770 775 οὐδεὶς
786 742 913 778 θεοφιλὴς

116 786 233 822 εὓρηται
247 788 312 822 παρ’
324 785 523 819 αὑτοῖςῙΗσαν
535 787 590 823 ¹γὰρ
611 787 852 822 προαπελάσαντες
865 786 914 814 καὶ

116 833 163 860 τοῦ
177 833 304 869 Σωτῆρος
322 834 386 865 τοὺς
402 833 527 868 μαθητὰς
538 834 659 868 πληγαῖς
675 833 857 869 αἰκισάμενοι,
872 842 913 860 τι·

965 238 1114 272 piationem
1130 238 1199 265 nihil
1215 245 1271 264 non
1291 244 1436 272 ptenarum
1450 236 1617 270 exsolverit;
1635 244 1690 264 nou
1707 236 1759 263 ali-

965 288 1008 310 ter
1023 292 1105 319 quam
1123 284 1150 311 in
1166 285 1268 311 amaris
1284 283 1416 310 antidotis
1428 282 1487 310 ﬁeri
1505 282 1645 313 videmus.
1661 282 1708 317 qui
1723 282 1757 309 ad

965 330 1093 364 corporis
1119 330 1328 357 evacuationem
1354 329 1549 364 propinantur.
1577 327 1660 355 Aﬂ‘ert
1684 328 1757 355 enim

965 375 1088 403 dolorem
1104 375 1249 408 Dominus,
1266 379 1398 410 tanquam
1424 375 1557 407 medicus,
1574 382 1629 401 non
1649 378 1758 407 sponte,

966 421 1013 449 Sed
1039 422 1078 450 rei
1103 421 1273 449 necessitate
1296 421 1432 448 adductus
1457 430 1464 448 :
1486 420 1606 455 imleque
1631 420 1695 447 illud
1717 424 1760 446 est

966 468 1039 503 quod
1057 467 1190 496 scribitur
1207 476 1215 494 :
1233 476 1243 493 ι
1258 467 1336 494 Calix
1353 467 1379 494 in
1398 474 1481 494 manu
1501 466 1609 494 Domini
1623 465 1678 492 vini
1692 465 1759 491 Ineni

965 515 1064 549 plenus
1077 514 1170 542 misto.
1183 513 1216 541 Et
1236 513 1380 541 inclinavit
1397 521 1430 540 ex
1443 514 1494 540 hoc
1509 513 1536 540 in
1548 512 1631 543 illud;
1648 520 1759 538 verum-

968 565 1059 588 tamen
1077 560 1128 588 fa‘x
1142 561 1203 595 ejus
1228 568 1283 588 non
1295 565 1337 588 est
1359 560 1500 587 exinanita
1517 568 1524 586 :
1543 559 1638 587 bibent
1664 565 1759 585 omnes

954 611 1130 642 .peccatores
1158 610 1238 634 terra:
1256 607 1289 633 ν’.
1310 605 1407 633 »Ιειιιιί
1434 610 1525 632 autem
1554 612 1618 632 cum
1639 604 1761 638 patieba-

968 653 1017 685 ris,
1034 653 1133 687 inquit,
1150 661 1181 679 ne
1196 652 1228 679 de
1245 652 1307 680 ﬁliis
1324 651 1435 686 quidem
1451 659 1532 684 unus,
1544 651 1588 686 qui
1600 655 1624 677 te
1635 649 1761 676 consolar-

967 703 1050 730 retur,
1064 698 1163 725 adluit.
1182 697 1250 725 Cum
1266 698 1339 725 enim
1357 697 1384 724 in
1401 697 1542 732 Assyriam
1559 695 1670 722 abducti
1685 699 1759 726 sunt,

967 744 1049 771 etiam
1074 747 1131 770 tum
1155 743 1264 778 iustitia
1289 746 1316 770 et
1340 742 1485 777 prophetia
1507 740 1663 776 insignibus
1681 740 1760 771 viris,

967 789 1014 823 qui
1032 789 1149 817 alllictos
1173 788 1403 816 consolationibus
1424 788 1571 823 erigerent,
1591 794 1644 813 non
1664 793 1762 813 carne-

967 839 1043 862 runt.
1062 834 1115 862 Sed
1132 843 1165 862 ex
1180 842 1236 870 quo
1258 834 1361 861 Christi
1384 835 1484 861 caedem
1505 837 1711 868 perpetrarunt,
1730 840 1763 859 ne

117 880 166 910 νὰς
180 879 208 905 δὲ
224 880 272 906 καὶ
287 879 439 911 ἀνελόντες.
465 880 523 906 Δύο
547 879 582 906 δὲ
605 879 709 911 ταῦτα,
725 879 818 914 φησὶν.
831 879 914 907 ἀντί-

967 882 1041 917 pium
1056 881 1168 916 quidem
1185 889 1267 908 unum
1288 881 1398 914 Deoque
1416 880 1571 914 placentem
1593 887 1685 907 secum
1712 880 1762 906 ha-

116 924 211 951 κειταί
226 930 287 957 σοι,
305 925 354 951 καὶ
367 924 492 959 πολεμεῖ,
511 924 652 959 συντόμως
665 924 715 956 τὰς
732 926 764 951 ἐκ
775 923 822 951 τοῦ
835 924 916 951 πολέ-

117 980 170 1006 μου
182 971 271 1006 δηλῶν
283 971 437 1006 συμφοράς.
447 971 522 998 Ἀντὶ
534 971 563 998 δὲ
577 971 644 1004 δύο,
659 971 840 1008 προϐάλλεται
855 971 916 998 τέτ-

115 1025 199 1052 ταρα.
208 1016 288 1044 Ἀλλὰ
300 1017 334 1043 τὰ
343 1018 354 1037 ετ
370 1017 493 1052 ἑπόμενα.
507 1018 564 1048 τοῖς
579 1016 701 1052 πρώτοις
717 1017 731 1043 ὁ
745 1016 915 1052 προφητικὺς

116 1063 146 1089 ἐν
159 1062 264 1094 τούτοις
282 1063 412 1089 συνάπτει
432 1062 644 1097 λόγο;.”Ἐπεται
668 1062 725 1098 γὰρ
745 1062 784 1098 τῷ
801 1062 850 1096 μὲν
865 1063 915 1089 πί-

116 1117 202 1135 πτειν
217 1109 236 1143 ὴ
252 1108 409 1142 συντριόή.
421 1108 465 1141 Τῷ
481 1108 511 1135 δὲ
525 1107 612 1141 λιμῷ,
622 1107 766 1142 μάχαιρα,
776 1107 847 1135 τοῦτ’
858 1108 915 1134 ἔστι

117 1154 242 1185 θάνατος.
259 1154 318 1181 Δύο
332 1154 423 1180 τοίνυν
439 1155 474 1180 τὰ
489 1154 603 1188 πρῶτα,
619 1153 724 1188 πτῶμα
746 1153 795 1179 καὶ
816 1153 914 1187 λιμὸς,

117 1201 181 1235 περὶ
197 1197 234 1227 ὦν
248 1201 262 1226 6
275 1199 365 1234 λόγος,
379 1199 462 1235 φησὶν
474 1199 514 1226 ἃιι
529 1200 571 1230 τίς
585 1200 599 1226 6
616 1199 747 1226 κωλύσων
757 1220 765 1232 ,
781 1199 863 1234 φησὶν
873 1219 881 1231 ,
896 1199 913 1234 ἢ

117 1247 163 1273 καὶ
179 1246 264 1281 ψιλῶς
281 1246 568 1280 παραμυθούμενος-ς
583 1246 673 1280 “Apul
690 1246 714 1272 οἱ
732 1245 760 1271 ἐν
770 1246 811 1271 σοὶ
822 1245 916 1280 Γραμ-

119 1293 213 1328 ματεῖς
231 1292 278 1318 καὶ
296 1293 457 1326 Φαρισαῖοι;
485 1291 501 1325 ἢ
525 1291 573 1318 καὶ
590 1291 677 1322 ἄλλως
691 1291 798 1317 δυνατοί
808 1300 815 1324 ;
839 1291 916 1318 Ἀλλ’

119 1340 173 1366 ἰδοὺ
187 1339 235 1366 καὶ
249 1338 316 1373 περὶ
332 1337 437 1364 ἑαυτῶν
447 1337 645 1365 κινδυνεύουσι.
661 1337 848 1364 Καθεύδουσι
860 1338 916 1372 γὰρ

117 1385 217 1412 ἐπάνω
230 1384 334 1417 πάσης
346 1384 467 1417 ἐξόδου.
486 1383 541 1411 T017
555 1383 691 1419 πολέμου
707 1384 761 1419 γὰρ
773 1384 914 1419 κατασκή-

117 1432 232 1467 ψαντος,
246 1431 294 1464 τὰς
316 1432 367 1467 τῆς
393 1431 486 1467 χώρας
512 1431 643 1466 ἐσχατιὰς
668 1431 860 1464 κατελάϐοντο,
876 1430 916 1457 ἶν’

118 1476 174 1505 εἷεν
186 1479 290 1514 ἕτοιμοι
306 1479 375 1514 πρὸς
391 1478 492 1513 φυγὴν.
507 1478 538 1504 οὐ
563 1478 632 1513 πρὸς
647 1477 817 1512 ἀπόκρουσιν
833 1478 916 1513 ἐγρη-

117 1525 229 1560 γορότες
242 1528 345 1557 κακῶν,
355 1524 432 1559 φόϐῳ
440 1524 468 1550 δὲ
481 1524 642 1559 παρειμένοι
653 1524 780 1558 καθάπερ
789 1523 820 1549 ἐκ
829 1523 916 1558 μέθης

116 1571 157 1603 ὡς
187 1570 331 1597 σε-ὐτλιον
352 1570 510 1604 ήμίεφθον.
530 1569 608 1595 Κατὰ
635 1569 663 1595 δὲ
686 1568 852 1603 Σύμμαχον·
883 1569 915 1596 οὶ

116 1616 177 1644 υἱοί
196 1623 254 1642 σου
265 1615 622 1650 ἐπορεύθησανὰγϋμενοι
632 1613 678 1640 ἐπ’
686 1613 783 1648 ἀρχῆς
795 1613 917 1640 πάντων

116 1661 352 1697 ἀμφιϐλήστρων
378 1661 418 1694 ὠς
441 1660 516 1695 ὄρυξ’
544 1661 580 1686 ἐν
605 1659 832 1694 ἀμφιϐλήστρῳ.
861 1658 917 1685 Καὶ

116 1708 188 1734 κατὰ
209 1707 273 1738 τοὺς
294 1706 405 1738 λοιποὺς
425 1706 464 1738 δὲ,
480 1705 541 1733 ἀντὶ
561 1705 620 1738 τοῦ,
636 1705 676 1738 ὡς
692 1706 835 1732 σεύτλιον
849 1705 916 1739 ἡμι-

117 1755 219 1788 ερθον,
234 1754 275 1785 ὡς
287 1753 361 1786 ὄρυξ
371 1751 705 1786 ὴμφιὸληστρευμένος,
720 1750 737 1786 ἢ
749 1752 915 1783 συνειλημ-

113 1800 216 1835 μένος,
229 1800 347 1834 εἴρηται.
358 1799 387 1826 '0
397 1798 426 1824 δὲ
438 1798 511 1832 ὄρτυξ
526 1797 620 1833 ὄρνεόν
634 1799 718 1830 ἐστιν,
770 1796 915 1832 παραϐάλ-

117 1846 157 1872 λει
172 1846 235 1877 τοὺς
254 1846 330 1877 υίοὺς
347 1844 529 1880 Ἰερουσαλὴμ
554 1843 770 1879 ἀμφιϐλήστρῳ
790 1842 914 1870 διαϐόλου

117 1892 343 1927 περιδληθέντας.
360 1892 406 1918 Διὸ
426 1892 474 1919 καὶ
491 1891 531 1927 τῷ
548 1889 630 1926 θυμῷ
648 1890 852 1925 παρεδόθησαν.

966 927 1095 955 buerunt.
1111 926 1189 962 Ipsos
1204 926 1278 954 enim
1296 925 1449 953 Salvatoris
1471 925 1554 952 etiam
1578 924 1729 959 discipulos
1746 931 1761 951 a

965 982 996 1003 se
1020 975 1160 1010 imprimis
1194 974 1360 1009 abegerunt,
1383 973 1449 1000 dum
1473 972 1561 1007 plagis
1586 972 1667 1004 alios,
1691 972 1762 998 alios

965 1021 1047 1049 etiam
1060 1026 1150 1048 morte
1167 1021 1284 1055 turpiter
1298 1019 1459 1048 affecerunt.
1477 1018 1530 1046 Sed
1545 1018 1641 1050 habes,
1655 1017 1761 1053 adjicit,

965 1069 1018 1095 ista
1043 1067 1096 1094 duo
1125 1067 1174 1094 tibi
1194 1067 1344 1097 contraria.
1368 1071 1396 1094 et
1421 1066 1550 1099 hostilia;
1569 1065 1606 1092 ita
1631 1065 1760 1097 breviter,

965 1121 1026 1147 qua:
1041 1112 1113 1139 bella
1129 1116 1294 1147 sequuntur,
1310 1111 1484 1139 calamitates
1499 1109 1638 1137 indicans.
1658 1109 1760 1137 Verum

965 1167 1013 1194 pro
1034 1159 1149 1190 duobus,
1168 1163 1288 1194 quatuor
1308 1159 1440 1194 propheta
1462 1158 1600 1193 proponit,
1618 1157 1682 1184 dum
1700 1165 1762 1191 quae

967 1206 1058 1240 priora
1073 1205 1128 1232 duo
1143 1208 1360 1240 consequantur,
1375 1203 1460 1230 altera
1478 1203 1628 1230 connectit.
1647 1201 1761 1228 Ruinam

965 1251 1100 1284 siquidem
1135 1250 1195 1285 ipsa
1232 1249 1413 1284 consequitur
1440 1248 1584 1280 contritio,
1614 1248 1763 1282 famemque

966 1296 1086 1330 gladius,
1113 1303 1168 1330 quo
1197 1303 1272 1322 mors
1297 1295 1432 1322 innuitur.
1458 1295 1517 1322 Duo
1541 1294 1626 1329 igitur
1656 1294 1760 1329 priora,

966 1342 1072 1367 ruinam
1087 1346 1111 1368 et
1123 1341 1231 1375 farinam,
1246 1340 1279 1368 de
1293 1341 1392 1376 quibus
1404 1348 1495 1368 sermo
1510 1344 1562 1372 est,
1575 1340 1649 1375 quis,
1659 1339 1761 1374 inquit,

966 1387 1057 1414 valeat
1080 1395 1185 1421 arcere,
1209 1387 1252 1414 vel
1279 1387 1331 1414 levi
1358 1387 1440 1414 etiam
1469 1385 1652 1413 consolatione
1680 1385 1763 1412 miti-

966 1433 1049 1469 gare?
1063 1433 1162 1460 Annon
1191 1433 1238 1468 qui
1257 1437 1347 1460 tecum
1374 1437 1440 1460 sunt
1459 1433 1562 1460 Scriba:
1577 1436 1604 1459 et
1621 1431 1761 1464 l'harisan,

967 1484 1015 1508 aut
1031 1480 1112 1508 etiam
1132 1480 1179 1515 qui
1204 1479 1257 1506 alia
1279 1479 1410 1507 facultate
1430 1479 1590 1507 excellunt?
1611 1478 1665 1506 Sed
1685 1486 1760 1509 ecce,

968 1526 1021 1560 ipsi
1036 1526 1118 1552 etiam
1140 1525 1168 1552 in
1196 1525 1321 1558 periculo
1337 1529 1496 1557 versantur,
1514 1524 1560 1559 qui
1582 1524 1609 1551 in
1632 1524 1762 1557 capitibus

969 1571 1073 1598 viarum
1089 1571 1208 1597 omnium
1223 1570 1371 1597 dormiant.
1392 1570 1470 1597 Bello
1485 1570 1558 1597 enim
1576 1570 1720 1604 ingruente
1734 1569 1762 1596 in

970 1616 1097 1652 regiones
1111 1621 1250 1644 extremas
1263 1624 1294 1643 se
1312 1619 1487 1650 receperant,
1505 1619 1534 1641 ut
1555 1618 1649 1642 essent
1668 1614 1702 1642 ad
1719 1613 1763 1641 fu-

969 1670 1030 1696 gam
1046 1662 1255 1698 capessendam,
1273 1670 1328 1690 non
1354 1663 1388 1689 ad
1415 1662 1486 1689 mala
1511 1662 1658 1689 devitanda
1681 1669 1757 1696 para-

969 1708 1066 1739 tiores,
1085 1712 1159 1735 metu
1186 1708 1256 1742 ipso,
1271 1707 1414 1735 ebriorum
1440 1715 1527 1739 more,
1550 1712 1676 1742 tanquam
1702 1706 1762 1734 beta

968 1754 1120 1786 semicocta,
1136 1753 1215 1781 fracti
1233 1758 1260 1781 et
1276 1753 1396 1781 remissi.
1416 1752 1503 1780 Habet
1525 1757 1618 1780 autent
1639 1753 1666 1779 in
1688 1752 1761 1779 hunc

970 1799 1080 1826 modum
1092 1798 1250 1833 Symmachi
1269 1799 1464 1833 interpretatio
1480 1807 1487 1825 :
1507 1797 1572 1825 Filii
1591 1797 1762 1825 tuiambula-

969 1849 1061 1872 t'erunt
1076 1844 1151 1871 ducti
1162 1844 1189 1870 in
1201 1844 1332 1879 principio
1345 1844 1526 1875 reticulorum,
1539 1843 1620 1878 585
1635 1848 1762 1877 tanquam

965 1897 1045 1925 oryx.
1068 1889 1168 1918 Caeteri
1199 1898 1274 1923 vero,
1292 1897 1342 1925 pro
1365 1897 1421 1925 quo
1446 1895 1572 1924 tanquam
1597 1890 1657 1916 beta
1680 1889 1760 1916 semi-

117 1947 190 1968 θοι-ιιι
213 1941 357 1973 habemus,
379 1945 506 1974 tanquam
527 1947 593 1974 erga:
614 1939 749 1971 interitus,
767 1941 816 1966 aut
839 1939 1031 1973 circumseptus
1056 1938 1197 1966 dixerunt.
1216 1938 1299 1973 θνῃρὶ
1319 1942 1422 1970 autem.
1450 1937 1477 1965 id
1508 1941 1551 1964 est
1577 1937 1632 1968 avi.
1663 1935 1761 1963 Hiero-

117 1988 297 2022 solymitanos
323 1990 476 2021 comparat,
501 1986 572 2020 quod
599 1986 655 2013 sint
678 1984 780 2012 diaboli
808 1985 908 2012 retibus
927 1985 1073 2020 implicati,
1089 1989 1116 2013 et
1131 1985 1166 2012 ob
1181 1985 1208 2012 id
1225 1985 1312 2019 furori
1326 1985 1432 2012 traditi.

162 2034 234 2061 'Av-rl.
259 2034 287 2060 δὲ
313 2032 384 2065 τοῦ,
416 2034 432 2060 ὁ
462 2033 574 2068 κρίνων
604 2033 659 2059 τὸν
691 2031 770 2059 λαὸν
801 2031 912 2059 αὐτοῦ·

117 2081 274 2116 Σύμμαχος,
296 2078 506 2114 ῠπερμαχήσει
531 2078 599 2113 φησὶ
625 2077 679 2105 τοῦ
705 2077 782 2104 λαοῦ
807 2077 912 2104 αὑτοῦ.

1004 2031 1141 2060 Ceterum
1160 2032 1207 2059 ubi
1220 2032 1266 2067 qui
1275 2032 1380 2066 iudicat
1397 2031 1523 2065 populum
1537 2037 1612 2056 suum
1627 2028 1760 2064 legimusv

966 2086 1016 2113 pro
1038 2077 1136 2113 populo
1152 2085 1201 2105 suo
1221 2076 1366 2104 decertabit
1389 2075 1572 2112 Symmachus
1596 2074 1760 2108 interpreta-

117 2127 154 2153 Τὺ
178 2126 207 2152 δὲ
225 2126 339 2160 εἴληφα
355 2125 427 2152 τοῦτ’
448 2125 506 2151 ἐστι
533 2124 681 2159 λήψομαι.
699 2123 914 2158 Ἐπαγγέλλεται

967 2128 1023 2151 tur.
1050 2123 1185 2151 Praeterea
1210 2131 1272 2150 cum
1299 2123 1400 2157 sumpsi
1424 2121 1510 2153 dixit,
1538 2125 1703 2154 sumpturum
1730 2126 1761 2147 se

117 2174 172 2209 γὰρ
184 2173 295 2208 ἀνήσειν
314 2172 369 2199 τὸν
379 2172 477 2207 θυμὸν
501 2171 617 2207 ποιούσῃ
627 2171 662 2197 τὰ
677 2169 913 2206 προσταετόμενα,

118 2219 191 2255 amp
213 2216 247 2254 ἦν
268 2218 438 2254 ἐξεγείρου,
460 2216 622 2252 ἐξετείρου.
650 2215 834 2250 Ἐπιμένουσα
858 2216 914 2250 γὰρ

118 2266 152 2301 τῇ
180 2264 308 2296 πτώσει,
342 2264 417 2290 αἰτία
439 2263 515 2290 ἔσται
537 2264 588 2298 τῆς
620 2262 675 2289 τῶν
700 2261 914 2297 ἐπηγγελμένων

118 2310 274 2342 κωλύσεως.
284 2309 410 2337 Τοιοῦτον
423 2309 471 2336 καὶ
483 2309 529 2336 τό·
547 2319 556 2335 ι
570 2308 617 2344 Μὴ
631 2309 645 2335 ὁ
660 2308 769 2335 πίπτων
788 2308 838 2334 οὐκ
853 2307 915 2335 ἀνί-

120 2364 231 2388 σταται;
255 2355 273 2391 ἢ
299 2356 314 2382 ὁ
337 2354 518 2389 ἀποστρέφων
528 2354 579 2380 οὐκ
607 2353 785 2389 ὲπιστρέφει;
802 2353 861 2379 Ἰνα
889 2352 916 2380 τί

119 2401 307 2436 ἀποστρέφετε
333 2399 510 2435 ἀποστροφὴν
531 2398 645 2433 ἀναιδῆ;
673 2398 748 2432 λέγει
777 2397 890 2433 Κύριος.
905 2406 914 2422 ι

119 2449 232 2483 Μήποτε
245 2447 272 2474 δὲ
289 2447 387 2483 μηκέτι
404 2445 531 2478 πιεῖσθε,
548 2445 616 2480 φησι
628 2464 635 2477 ,
652 2444 697 2471 διὰ
711 2444 761 2479 τὴν
776 2444 820 2470 ἐπ’
832 2443 916 2478 ἐσχά-

119 2503 173 2520 των
181 2492 463 2529 ὲπιστροφήν.’Έλεγε
474 2491 539 2527 γὰρ,
550 2500 558 2516 ι
571 2490 762 2525 Ἐπιλήσονται
771 2490 819 2524 τὴν
825 2489 916 2524 θλίψιν

120 2540 210 2566 αὐτῶν
221 2539 270 2575 τὴν
278 2539 401 2575 πρώτην,
414 2548 423 2564 ι
436 2538 526 2565 καὶτὰ
539 2537 612 2572 ἑξῆς.
621 2536 769 2570 Ποτήριον
779 2537 807 2563 δὲ
821 2536 914 2563 καλεῖν

119 2587 181 2618 ἔθος
197 2585 252 2612 ἔσθ’
264 2586 308 2612 ὅτε
325 2587 358 2621 τῇ
371 2585 430 2620 θείᾳ
441 2585 537 2620 Γραφῇ
550 2584 580 2610 τὸ
593 2582 836 2617 ἀνταποδιδόμενον
846 2583 913 2616 ἁγα-

121 2632 213 2668 Θοῖς,ἥ
226 2633 331 2665 κακοῖς,
345 2632 382 2664 ὼς
399 2630 476 2667 παρὰ
490 2630 529 2666 τῷ
547 2629 629 2657 Δαὸίδ
639 2638 645 2644 ·
664 2639 672 2655 ι
688 2628 759 2664 Πῦρ,
770 2629 817 2655 καὶ
829 2628 911 2661 Θεῖον,

120 2680 169 2705 καὶ
191 2677 302 2713 πνεῦμα
321 2677 488 2712 καταιγίδος,
509 2677 527 2713 ἠ
552 2676 632 2712 μερὶς
647 2674 696 2702 τοῦ
712 2674 844 2710 ποτηρίου
861 2674 912 2701 αὑ-

157 2759 180 2776 ¹⁸
194 2758 267 2786 Psal.
287 2766 376 2791 txxrv,
391 2757 417 2786 9.
466 2758 487 2774 ¹⁹
503 2756 603 2785 Jerem.
623 2764 682 2790 vnt,
698 2755 726 2789 4,
742 2755 771 2784 5.

932 2246 952 2273 D

968 2168 1145 2204 signiﬁcavit.
1167 2168 1203 2196 Se
1223 2169 1296 2196 enim
1317 2167 1349 2194 de
1369 2167 1460 2202 furore
1479 2166 1661 2193 remissurum
1678 2165 1760 2200 polli-

968 2221 1058 2248 cetur,
1074 2215 1097 2242 si
1122 2222 1184 2250 quae
1197 2214 1289 2242 verbis
1308 2214 1370 2241 istis
1394 2214 1519 2243 excitare,
1537 2212 1654 2238 excitare
1674 2210 1760 2245 impe-

968 2266 1027 2288 rata
1045 2265 1119 2293 sunt,
1138 2261 1197 2296 ipsa
1220 2259 1391 2296 praestiterit.
1409 2259 1485 2286 Alias
1502 2258 1575 2284 enim
1593 2257 1616 2284 si
1639 2256 1715 2291 lapsa
1730 2263 1760 2284 se

967 2316 1023 2335 non
1042 2309 1173 2342 erexerit,
1194 2307 1372 2335 denuntiatas
1392 2305 1420 2333 in
1436 2313 1466 2333 se
1482 2312 1576 2340 punias
1591 2310 1654 2331 esse
1674 2307 1760 2330 attra-

966 2359 1086 2381 cturam.
1113 2353 1179 2381 Tale
1203 2357 1244 2381 est
1268 2357 1297 2380 et
1319 2351 1387 2380 illud
1407 2361 1414 2379 :
1435 2361 1444 2377 ι
1463 2350 1561 2378 Nonne
1586 2350 1633 2385 qui
1660 2348 1759 2376 cecidit

966 2399 1094 2434 erigitur,
1117 2403 1164 2426 aut
1191 2399 1238 2434 qui
1264 2397 1415 2430 aberravit,
1440 2397 1468 2424 in
1497 2396 1569 2422 viam
1596 2393 1760 2422 revertitur?

967 2445 1060 2479 Quare
1075 2445 1230 2473 avertimini
1248 2444 1392 2472 aversione
1409 2441 1573 2477 impudenti,
1587 2440 1654 2468 dicit
1666 2438 1759 2465 Domi-

967 2499 1020 2519 nus
1042 2493 1074 2519 ".
1091 2501 1100 2518 ι
1127 2491 1221 2527 Neque
1247 2499 1312 2518 vero
1337 2489 1485 2524 deinceps,
1513 2487 1618 2522 inquit,
1640 2484 1758 2519 amplius

966 2538 1057 2566 bibeti:
1067 2559 1075 2571 ,
1087 2537 1217 2565 nimirum
1234 2541 1346 2572 propter
1361 2535 1530 2563 eversionem
1540 2530 1759 2566 extremamqu-

966 2583 1044 2609 cebat
1053 2583 1143 2609 enim:
1157 2591 1166 2608 ι
1178 2581 1384 2609 Obliviscentur
1397 2580 1491 2615 prima:
1498 2585 1554 2606 sua:
1562 2575 1732 2606 alllictionis,
1745 2583 1754 2600 ι

965 2631 992 2654 cl
1012 2635 1073 2663 qua:
1093 2627 1233 2663 deinceps.
1251 2627 1298 2655 Est
1319 2634 1402 2662 porro
1419 2625 1567 2660 Scriptura:
1586 2629 1672 2650 sacra:
1691 2621 1759 2648 visi-

967 2677 1055 2702 tatum
1069 2674 1143 2710 quod
1159 2674 1240 2703 bonis
1259 2677 1307 2702 aut
1327 2673 1407 2700 malis
1426 2669 1596 2706 rependitur,
1618 2667 1645 2696 id
1667 2667 1758 2703 ipsum

774 2810 892 2840 VARI/13
912 2811 930 2838 ι
937 2810 1116 2838 ECTiONES.

156 2866 170 2887 ε
187 2862 231 2889 Ζσ.
246 2861 308 2897 γάρ.
348 2859 425 2894 ιιάφ.
444 2859 565 2894 mihi.
607 2859 614 2879 ί
633 2867 676 2893 γρ.
695 2856 759 2894 ἇί-α-
