1999 3076
243 131 313 162 2503

244 188 352 214 culicem
367 187 503 222 appellare
520 197 526 214 :
545 188 625 223 quale
642 192 684 215 est
703 187 772 222 apud
791 187 922 215 Davidem
939 187 1007 214 illud
1021 196 1027 214 :
1044 190 1065 217 Λ

246 244 255 260 ι
277 233 361 268 Ignis,
377 233 505 268 sulphur,
521 239 548 261 et
570 235 683 268 spiritus
696 235 833 269 procellm,
858 241 920 269 pars
938 233 1032 261 salicis

242 280 303 315 ejus
318 280 351 306 ’°.
366 289 376 305 ι
393 279 465 307 Justi
483 279 582 307 deinde
595 281 731 314 ejusmodi
751 281 833 307 verba
848 284 913 307 sunt
928 289 934 306 :
954 288 963 304 ι
979 278 1032 306 Ca-

241 326 322 353 licem
346 326 477 354 salutaris
501 326 646 362 accipiam,
660 331 687 354 et
705 333 803 353 nomen
830 325 936 352 Domini
957 326 1034 352 invo-

242 373 311 399 cabo
327 373 360 398 ".
378 381 387 396 )
413 371 480 406 Ejus
505 380 571 406 ergo
596 372 736 405 hostibus,
773 372 883 406 illisque
907 371 991 406 ipsis,
1017 378 1031 398 a

242 418 344 453 quibus
355 418 483 452 injuriam
501 426 580 453 passa
596 422 648 450 est,
664 418 757 445 datum
773 418 807 445 iri
824 418 933 445 calicem
947 417 1032 452 signi-

241 464 322 496 ﬁcat,
338 464 466 499 indeque,
482 469 505 490 et
525 472 621 498 ponam
638 472 696 490 cum
719 464 746 490 in
762 472 857 490 manus
872 471 973 495 eorum,
986 462 1031 497 qui

242 516 267 538 te
290 511 378 544 patria
401 510 570 544 expulerunt,
604 511 712 544 adjecit.
739 510 902 543 Quanquam
926 513 954 536 et
979 508 1031 535 ista

240 557 322 584 ctiam
337 557 370 586 de
387 557 554 584 adversariis
574 557 756 591 potestatibus
771 556 824 582 dici
843 559 956 590 queant,
974 554 1032 589 qui-

239 603 292 630 bus
306 610 335 629 se
352 603 422 637 ipsa,
435 610 494 636 quae
508 610 522 628 a
538 602 594 629 Deo
607 602 717 634 del'ccit,
740 603 832 629 :uiima
850 601 1029 635 mancipavit,

241 648 314 676 unde
329 648 479 676 humilibus
501 648 584 675 rebus
607 649 715 675 addicta
732 648 757 674 iu
774 653 874 675 terram
893 651 981 678 nutat,
999 654 1030 673 ac

239 694 351 721 tandem
372 693 498 728 praesidio
515 694 659 727 destituta,
680 695 814 721 victorum
834 694 948 728 pedibus
965 700 1032 719 con-

240 740 375 772 culcatur,
392 748 455 767 cum
471 748 532 774 quae
548 739 634 766 Deum
655 741 792 774 sequitur,
808 744 898 767 erecta
919 747 1030 766 sursum

239 786 336 813 oculos
351 786 469 818 attollat,
485 791 510 812 et
525 785 558 812 ad
576 786 666 820 ipsum
683 786 824 812 evehalur.
839 785 967 812 Nonnulli
984 792 1031 819 per

239 831 328 865 inique
348 830 435 864 ipsam
456 830 617 864 opprimente
639 829 769 856 doctores
789 837 837 856 eos
861 830 1029 863 intelligunt,

238 877 286 912 qui
300 877 423 904 eamdem
440 883 515 904 recto
527 875 595 911 pede
608 876 751 903 ambulare
767 884 820 902 non
836 876 1029 911 permiserunt.
1046 866 1067 893 Β

238 922 349 955 Quanto
368 922 441 949 enim
460 922 525 948 luxu
543 926 570 948 et
589 922 675 956 gloria
701 921 819 955 amplius
842 920 1028 954 abundabant,

239 972 315 995 tanto
330 971 357 995 et
378 967 431 1003 ipsi
451 975 549 1002 pwnas
571 967 730 994 acerbiores
754 966 898 998 dederunt,
913 966 959 1002 qui
983 967 1028 999 iis,

238 1021 299 1046 qua
315 1013 461 1044 habebant,
479 1013 577 1047 privati
601 1013 667 1039 sint.
685 1011 733 1039 Est
750 1020 817 1039 vero
837 1012 871 1039 de
888 1012 921 1039 iis
934 1013 1028 1043 etiam,

238 1061 286 1094 qui
308 1061 416 1088 ratione
433 1060 516 1095 586
535 1060 701 1094 inlelligibili
718 1061 846 1094 iujuriam
863 1060 1028 1092 intulerunt,

237 1107 313 1134 Pauli
339 1107 438 1134 istud:
457 1115 466 1132 ι
488 1106 566 1138 Quod
595 1107 618 1134 si
633 1111 758 1141 opertum
784 1111 825 1133 est
852 1105 1028 1140 Evangelimn

239 1158 379 1185 nostrum,
395 1153 421 1180 in
436 1153 481 1184 iis,
503 1152 548 1186 qui
568 1156 692 1186 pereunt,
710 1156 834 1186 opertum
855 1155 908 1184 est,
925 1151 952 1178 in
974 1151 1031 1186 qui-

237 1198 291 1226 bus
306 1198 379 1225 Deus
392 1198 474 1232 hujus
484 1198 578 1224 steculi
590 1196 737 1224 cxcaecavit
749 1200 854 1223 trientes
867 1195 1029 1227 inﬁdelium,

237 1250 267 1271 ut
290 1251 343 1271 non
367 1243 467 1276 iulgcat
493 1242 658 1269 illuminatio
681 1241 822 1276 Evangelii
847 1241 940 1275 glorise
956 1241 1031 1268 Chri-

237 1291 272 1316 sli
290 1289 324 1315 “.
340 1299 349 1314 ι
361 1288 427 1315 Tale
445 1288 509 1323 quid
525 1288 664 1322 signiﬁcat
678 1293 706 1314 et
720 1287 786 1314 illud
802 1287 935 1313 imnmudi
947 1286 1030 1321 spiri-

238 1341 293 1367 tus,
313 1335 359 1369 qui
384 1342 445 1361 cum
471 1338 577 1368 septem
599 1333 661 1359 aliis
679 1332 871 1368 nequioribus,
891 1339 934 1363 eo,
957 1332 1030 1359 unde

238 1381 355 1412 exierat,
371 1387 497 1407 reversus
522 1384 564 1406 est
581 1379 614 1405 ".
634 1379 680 1405 Ait
704 1379 799 1405 enim:
819 1389 827 1404 ι
846 1379 893 1405 Sic
917 1379 968 1406 erit
982 1386 1030 1413 ge-

238 1426 373 1453 ncrationi
396 1425 459 1452 huic
481 1424 515 1451 ’Μ
535 1434 543 1450 ι
569 1424 637 1451 Cum
656 1424 728 1451 enim
748 1424 776 1451 in
798 1424 917 1460 Egypto
935 1424 1031 1460 impie—

239 1473 287 1499 tali
305 1479 335 1499 se
349 1471 532 1503 dedidissent,
552 1471 626 1497 domi
643 1475 670 1497 et
688 1471 740 1506 ipsi
762 1471 890 1506 spiritum
912 1479 1029 1506 nequam

238 1516 358 1549 alebant,
378 1524 466 1552 coque
484 1522 537 1543 tam
555 1517 590 1544 iis
605 1516 715 1543 liberari
732 1517 857 1551 contigit.
873 1524 933 1543 cum
950 1526 959 1541 ι
974 1516 1028 1543 Ι)ο‹

238 1563 342 1590 ιιιίηυιιι
358 1561 442 1589 Deum
459 1565 536 1588 tuum
554 1562 693 1593 adorabis,
705 1567 731 1589 et
746 1562 786 1588 illi
800 1563 843 1588 uni
856 1562 959 1589 servies
969 1563 1003 1595 “,
1017 1571 1025 1588 ι

239 1609 397 1636 audierunt.
415 1607 528 1639 Deinde,
541 1615 603 1634 cum
622 1607 764 1635 Christum
785 1607 858 1635 domi
881 1616 929 1643 per
951 1608 1028 1635 Iidem

239 1661 293 1681 non
308 1653 495 1687 excepissent,
510 1653 536 1679 in
558 1660 619 1679 cum
640 1653 728 1680 locmu
748 1660 829 1688 quem
850 1658 931 1680 antea
946 1653 1029 1687 spiri-

238 1704 283 1727 tus
304 1700 463 1727 immundus
484 1699 647 1734 occupabat,
666 1702 814 1733 postquam
838 1698 956 1733 relinqui
980 1705 1030 1724 va-

237 1753 319 1773 cuum
340 1749 415 1774 esset
442 1746 572 1778 intuitus,
594 1749 622 1773 et
643 1745 702 1780 ipse
721 1753 833 1772 rursum
856 1744 965 1779 irrupit,
983 1743 1029 1779 qui

237 1792 322 1819 etiam
354 1791 380 1818 in
411 1792 580 1826 proditorem
611 1795 674 1826 post
704 1791 858 1819 buccellam
887 1790 1030 1823 ingressus

238 1837 339 1864 fuerat.
363 1837 449 1865 Malas
475 1838 545 1864 istas
570 1842 722 1872 potestates
747 1838 775 1864 in
799 1836 1030 1871 prol‘umlissunas

237 1882 340 1910 inferni
358 1886 452 1917 partes
469 1882 529 1909 ideo
544 1882 656 1909 demisit
672 1881 811 1913 Salvator,
827 1880 901 1916 quod
924 1883 1030 1910 animas

238 1929 267 1956 in
284 1932 386 1955 terram
410 1928 528 1963 deprimi
552 1928 750 1962 incurvarique
775 1929 919 1962 fecissent,
940 1930 1030 1965 qualis

238 1974 285 2001 illa
303 1974 355 2001 fuit
371 1981 433 2009 qum
449 1973 559 2008 penitus
579 1973 675 2001 oculos
696 1974 822 2001 attollere
839 1983 894 2002 non
911 1980 1029 2010 poterat,

238 2027 321 2056 quam
350 2020 376 2047 in
404 2019 572 2055 Evangelio,
595 2028 656 2047 cum
684 2021 835 2047 Abrahami
864 2022 918 2049 ﬁlia
945 2028 1029 2054 esset.

238 2067 334 2093 decem
349 2070 375 2092 et
390 2069 453 2093 octo
469 2073 603 2092 annorum
620 2066 710 2101 spatio
724 2067 750 2093 in
765 2067 885 2094 vinculis
901 2068 1032 2096 habuisse

239 2110 369 2136 Satanam
395 2109 525 2136 Salvator
550 2109 695 2136 allirmavit
713 2110 746 2136 ³⁸.
767 2110 833 2138 Erat
857 2119 924 2139 vero
947 2113 1030 2139 etiam

237 2155 370 2189 ejusmodi
385 2160 441 2182 tota
454 2154 611 2182 Iudaeorum
630 2155 786 2192 Synagoga.
803 2157 868 2185 Inde
877 2163 919 2186 est
936 2159 1029 2194 igitur,

237 2202 311 2237 quod
335 2209 395 2228 eam
421 2201 522 2229 iterum
538 2205 568 2228 ut
584 2203 732 2233 excitetur,
758 2203 930 2231 adhortatur.
948 2204 1029 2231 Juxta
1046 2216 1068 2243 ι)

238 2248 306 2275 illud
326 2256 332 2274 :
357 2257 365 2273 ι
382 2247 510 2275 Excitare
527 2248 574 2282 qui
598 2248 712 2281 dormis,
730 2252 757 2276 ct
775 2257 888 2285 resurge
908 2258 940 2277 ex
957 2259 1032 2278 mor-

239 2295 305 2325 tuis,
318 2300 344 2321 et
359 2294 504 2321 illucescet
518 2295 568 2321 tibi
581 2295 711 2323 Christus
723 2296 758 2323 ’⁷.
775 2305 784 2321 ι
800 2296 832 2322 Ει
847 2297 912 2323 illud
927 2298 1009 2324 etiam
1023 2306 1030 2324 :

241 2350 251 2366 ι
273 2342 368 2374 Itaque
387 2341 520 2368 remissas
544 2350 642 2369 manus
658 2347 685 2369 et
706 2343 796 2370 soluta
816 2351 905 2378 genua
924 2343 1031 2378 erigite,

238 2389 266 2413 et
279 2393 392 2420 gressus
409 2389 499 2413 rectos
521 2385 604 2414 facite
628 2387 746 2422 pedibus
769 2389 868 2415 vestris
886 2388 919 2415 ”.
936 2397 945 2414 ι
969 2388 1032 2415 Ι‹Ι‹-ο

238 2436 331 2459 autem
348 2431 456 2458 induere
472 2432 629 2465 fortitudine
650 2438 696 2460 tua
711 2434 791 2467 dixit,
805 2434 876 2465 quod
896 2434 1031 2462 maximas

239 2479 373 2513 quasdam
409 2478 564 2511 facultates,
586 2488 647 2514 quae
671 2480 788 2508 rationis
814 2485 857 2508 est
883 2481 1030 2515 particeps,

240 2524 332 2550 anima
358 2523 467 2551 habeat.
482 2523 604 2551 Primum
627 2525 737 2559 quidem
754 2531 784 2552 ut
806 2534 836 2554 se
851 2526 929 2560 lapsu
947 2527 1031 2561 (quod

239 2577 312 2604 saepe
329 2569 432 2597 dictum
448 2570 501 2605 est)
516 2571 621 2598 excitet.
642 2571 707 2598 Nam
726 2572 773 2599 ubi
792 2573 850 2607 ipsa
871 2577 914 2599 est
935 2580 1032 2608 ptena-

240 2624 300 2643 rum
317 2617 466 2649 acerbitas,
485 2617 521 2644 ibi
545 2621 572 2645 et
587 2617 715 2652 iri-quens
732 2619 896 2646 consolatio.
918 2618 1031 2652 Deinde,

276 2704 299 2720 ὀ
313 2703 388 2730 Psal.
403 2712 431 2735 vi,
449 2705 475 2731 7.
528 2705 550 2720 ²¹
567 2705 639 2732 Psal.
656 2714 716 2738 cxv,
735 2707 779 2734 15.

241 2739 264 2755 ’δ
281 2739 349 2767 Luc.
369 2747 427 2772 xm,
444 2739 489 2766 ω.
527 2740 548 2755 ¹⁷
563 2740 664 2775 Ειιιιεε.
687 2750 711 2774 ν,
729 2742 773 2769 Η.
811 2743 835 2758 ’⁸
850 2743 934 2770 Hebr.
952 2750 1002 2774 xu,
1021 2743 1064 2770 l5.

910 131 1085 162 PROCOPll
1105 132 1225 162 GAZ/EI

831 2708 853 2722 "
869 2706 888 2733 Il
908 2707 973 2735 Cor.
993 2715 1029 2739 ιν.
1048 2707 1074 2740 5,

1081 188 1138 216 τοῦ,
1156 199 1164 214 ι
1185 189 1214 215 ’0
1226 189 1254 215 δὲ
1267 189 1371 221 δίκαιος
1384 188 1458 222 λέγει
1470 196 1476 204 ·
1495 198 1503 214 ι
1520 190 1652 224 Ποτήριον
1675 190 1811 224 σωτηρῖου
1826 191 1873 224 λή-

1084 234 1182 269 ψομαι,
1199 235 1246 261 καὶ
1262 235 1292 261 τὸ
1306 235 1392 271 δνομα
1404 235 1507 271 Κυρίου
1526 235 1734 270 ἑπικαλέσομαι.
1751 246 1760 262 ι
1778 237 1814 262 Τὸ
1829 234 1874 263 οὖν

1082 280 1226 314 ποτήριον
1241 280 1402 317 δοθήσεσθαι
1417 282 1475 313 τοῖς
1486 281 1573 315 αὐτῆς
1585 281 1735 316 πολεμίοις,
1750 281 1798 308 καὶ
1811 282 1875 309 ταύ-

1083 335 1132 361 την
1153 326 1298 362 ἠδικηκόσι
1321 326 1405 362 φησί·
1422 326 1463 353 διὸ
1487 327 1560 353 κατὰ
1580 327 1729 362 Σύμμαχον
1745 327 1872 362 εἴρηται·

1082 373 1135 400 Kal
1155 373 1238 405 θήσω
1250 373 1324 400 αὐτὸ
1341 373 1383 406 εις
1398 373 1500 407 χεῖρας
1517 373 1577 400 τῶν
1591 373 1814 400 ἀποικισάντων
1826 382 1872 400 σε.

1083 418 1163 449 Είκδς
1175 418 1203 444 δὲ
1213 418 1300 445 ταῦτα
1314 419 1362 445 καὶ
1382 419 1446 453 περὶ
1459 418 1656 454 ἀντικειμένων
1671 419 1812 453 δυνάμεων
1829 419 1872 445 λέ-

1081 464 1189 498 γεσθαι,
1205 461 1247 496 αἷς
1263 465 1405 491 ἀποστᾶσα
1422 464 1490 490 Θεοῦ
1505 464 1579 499 ψυχὴ
1603 463 1704 499 ἑαυτὴν
1716 465 1873 496 ὑποτάττει,

1083 510 1130 535 καὶ
1156 510 1239 544 γήϊνα
1268 509 1404 544 φρονοῦσα
1428 509 1528 536 κύπτει
1556 509 1623 544 πρὸς
1650 511 1711 544 γῆν,
1726 510 1773 536 καὶ
1800 510 1874 542 τέλος

1082 555 1238 581 ἀπλωθεῖσα
1251 555 1320 590 πρὸς
1337 555 1435 588 ἔδαφος
1446 556 1502 587 τοῖς
1515 555 1570 581 τῶν
1587 555 1702 581 ἑλόντων
1717 555 1801 590 αὐτὴν
1821 559 1873 581 κα-

1082 602 1243 627 ταπατεῖται
1258 601 1336 627 ποσίν
1346 610 1352 616 ·
1369 602 1386 636 ἡ
1398 601 1425 627 δὲ
1439 600 1498 635 Θεῷ
1513 600 1674 635 προσιοῦσα,
1688 599 1779 636 ὄρθιος
1790 600 1873 635 ἐστη-

1082 654 1129 672 κεν
1149 645 1204 672 ἄνω
1220 645 1365 680 βλέπουσα,
1383 645 1432 671 καὶ
1446 645 1513 680 πρὸς
1525 645 1608 672 αὑτὸν
1625 644 1767 679 ἐπηρμένη
1795 638 1874 675 Τῖνὲς

1081 690 1111 716 δὲ
1135 690 1346 723 ἀδικησάντων
1369 690 1454 725 αὐτὴν
1480 691 1572 725 φασιν,
1590 689 1645 716 τῶν
1658 689 1816 724 ὀρθοποδείν
1837 690 1873 724 μὴ

1083 737 1319 772 συγχωρησάντων
1334 737 1402 772 αὐτῇ
1417 736 1675 771 διδασκάλων.”οσῳ
1690 735 1745 770 γὰρ
1761 733 1831 770 ἦσαν
1846 736 1874 762 ὲν

1081 785 1172 818 τρυφῇ
1187 792 1216 809 τε
1234 784 1281 809 καὶ
1297 783 1361 819 δόξῃ
1372 793 1378 798 ·
1394 776 1514 818 τοσούτῳ
1529 782 1697 818 πικροτέρας
1716 782 1874 808 ἀπέλαυσαν

1081 829 1172 865 δίκης,
1189 825 1226 855 ὧν
1250 827 1323 864 εἶχον
1346 829 1534 864 ἐστερημένοι.
1551 828 1620 864 Περὶ
1644 829 1672 855 δὲ
1696 828 1750 854 τῶν
1772 828 1874 862 venui):

1082 875 1269 910 ἀδικησάντων
1293 875 1341 902 καὶ
1366 874 1477 913 Παῦλός,
1488 883 1590 911 φησιν·
1611 883 1620 900 ι
1636 875 1667 900 Εἰ
1692 874 1720 900 δὲ
1743 874 1790 900 καί
1815 874 1874 899 ἐστι

1081 921 1290 957 κεκαλυμμένον
1312 922 1343 948 τὸ
1359 921 1525 955 Εὐαγγέλιον
1544 920 1623 956 ἡμῶν
1640 921 1669 946 ἐν
1683 921 1739 951 τοῖς
1754 920 1872 946 smnus

1083 966 1175 1001 μένοις
1199 966 1259 992 ἐστὶ
1283 965 1503 1001 κεκαλυμμένον,
1518 966 1547 991 ἐν
1562 962 1604 997 οἷς
1618 965 1632 991 ὁ
1645 965 1711 996 Θεὸς
1734 964 1873 999 ἐτύφλωσε

1081 1010 1128 1037 τοῦ
1144 1011 1244 1042 αἰῶνος
1257 1011 1353 1038 τούτου
1373 1011 1408 1038 τὰ
1429 1013 1553 1046 νοήματα
1575 1012 1629 1037 τῶν
1644 1010 1777 1043 ἀπίστων,
1791 1012 1830 1042 είς
1843 1011 1873 1036 τὸ

1082 1057 1120 1092 μὴ
1143 1057 1290 1092 διαυγάσαι
1302 1058 1348 1084 τὸν
1365 1058 1504 1092 φωτισμὸν
1517 1057 1565 1084 τοῦ
1584 1057 1750 1091 Εὐαγγελίου
1765 1057 1815 1091 τῆς
1826 1056 1856 1083 δό

1082 1106 1130 1141 ξης
1153 1107 1200 1133 τοῦ
1226 1105 1357 1142 Χριστοῦ.
1374 1116 1383 1132 ι
1401 1105 1528 1132 Τοιοῦτόν
1548 1115 1578 1132 [τι
1604 1105 1679 1140 δηλοῖ
1704 1106 1753 1132 καὶ
1773 1106 1804 1132 τὺ
1824 1105 1871 1132 τοῦ

1081 1152 1239 1186 ἀκαθάρτου
1255 1150 1411 1185 πνεύματος
1424 1150 1472 1177 τοῦ
1489 1150 1548 1185 μεθ’
1558 1150 1659 1186 ἐτέρων
1673 1151 1743 1177 ἑπτὰ
1757 1159 1860 1186 πονηρο

1080 1197 1167 1232 τέρων
1192 1197 1412 1232 ὑποστρέψαντος
1434 1196 1496 1223 ὅθεν
1518 1196 1640 1230 ἐξῆλθεν.
1658 1196 1771 1230 Ἐπάγει
1796 1197 1870 1233 γάρ’

1084 1251 1093 1268 ι
1110 1242 1204 1273 Οὕτως
1220 1242 1295 1268 ἔσται
1310 1243 1342 1277 τῇ
1359 1242 1464 1277 πονηρᾷ
1481 1241 1564 1276 γενεᾷ
1577 1241 1675 1278 ταύτῃ.
1691 1250 1700 1266 ι
1721 1242 1766 1268 Ἐν
1786 1241 1871 1276 Αίγύ-

1082 1297 1141 1322 πτῳ
1157 1287 1207 1322 μὲν
1222 1287 1277 1322 γὰρ
1293 1287 1476 1321 ἀσεϐήσαντες
1500 1286 1604 1313 ἔνοικον
1626 1287 1705 1322 ἔσχον
1718 1287 1749 1314 τὺ
1763 1287 1872 1321 πνεῦμα

1081 1333 1111 1360 τὸ
1127 1333 1255 1367 πονηρὸν,
1270 1330 1355 1367 οὗπερ
1370 1332 1571 1367 ἀπηλλάγησαν
1585 1331 1752 1363 ἀκούσαντες
1763 1340 1769 1347 ·
1789 1341 1798 1357 ι
1813 1333 1871 1359 Κύ-

1083 1388 1141 1415 ριον
1156 1380 1202 1406 τὸν
1217 1379 1284 1405 Θεόν
1299 1387 1345 1405 σου
1359 1379 1572 1413 προσκυνήσεις,
1585 1379 1634 1405 καὶ
1648 1378 1722 1413 αὐτῷ
1738 1378 1810 1413 μόνῳ
1823 1378 1856 1404 λα
1866 1393 1873 1398 -

1081 1425 1215 1460 τρεύσεις.
1232 1434 1242 1450 ›
1263 1422 1329 1451 Εἶτα
1352 1425 1389 1460 μὴ
1410 1424 1563 1460 δεξαμένων
1577 1425 1621 1452 διὰ
1636 1425 1754 1456 πίστεως
1768 1424 1873 1451 ἔνοικον

1081 1472 1127 1498 τὸν
1149 1470 1282 1506 Χριστὸν,
1297 1470 1328 1496 τὺ
1344 1470 1500 1504 ἀκάθαρτον
1514 1469 1624 1505 πνεῦμα
1640 1469 1806 1504 σχολάζοντα
1828 1469 1874 1496 τὸν

1081 1518 1163 1544 τόπον
1184 1517 1230 1543 τὸν
1244 1517 1358 1551 ἀρχαῖον
1372 1516 1462 1551 εὐρὺν,
1479 1514 1558 1547 αὖθις
1573 1517 1613 1547 εἰς
1629 1515 1710 1542 αὑτδν
1726 1515 1873 1550 εἰσεπήδη-

1082 1574 1128 1592 σεν
1137 1573 1144 1580 ⁶
1161 1565 1174 1592 6
1187 1565 1235 1591 καὶ
1248 1565 1294 1591 τὸν
1308 1564 1442 1600 προδότην
1456 1564 1526 1599 μετὰ
1536 1564 1568 1590 τὸ
1581 1563 1687 1599 ψώμιον
1701 1563 1874 1590 ὑπέδυ.Ταὺ-

1080 1623 1129 1644 τας
1145 1614 1159 1639 6
1175 1612 1269 1648 Σωτὴρ
1286 1612 1336 1643 τὰς
1350 1611 1471 1647 πονηρὰς
1485 1611 1615 1647 δυνάμεις
1629 1612 1669 1643 είς
1687 1611 1750 1647 ᾅδου
1765 1619 1874 1645 ταρτα-

1083 1659 1172 1694 ρώσας
1189 1658 1355 1693 παρέδωκεν,
1370 1657 1428 1684 ἀνθ’
1443 1655 1481 1684 ὧν
1498 1659 1537 1689 είς
1548 1658 1600 1692 γῆν
1618 1657 1669 1688 τὰς
1681 1657 1770 1692 ψυχὰς
1785 1665 1874 1684 κατα-

1081 1705 1207 1732 ϐαλόντες
1223 1703 1413 1738 συνέκαμψαν,
1426 1701 1550 1738 ὁποίαίῆν
1563 1704 1580 1738 ἡ
1593 1704 1621 1729 ὲν
1632 1702 1790 1737 Εὑαγγελίῳ
1802 1711 1874 1729 παν-

1080 1749 1165 1780 τελῶς
1181 1748 1330 1776 ἀνανεῦσαι
1344 1749 1380 1784 μὴ
1392 1749 1540 1784 δυναμένη,
1555 1749 1619 1784 περὶ
1633 1746 1665 1783 ἦς
1680 1748 1771 1782 ἔλεγεν
1787 1749 1801 1774 6
1814 1749 1874 1775 Σω-

1080 1796 1142 1830 τήρ¹
1157 1804 1165 1820 ι
1179 1794 1287 1829 Ταύτην
1298 1794 1326 1820 δὲ.
1339 1794 1479 1829 θυγατέρα
1491 1793 1710 1830 οὖσανἊϐραὰμ
1725 1795 1758 1828 ἣν
1777 1794 1875 1828 ἔδησεν

1080 1842 1094 1867 6
1103 1841 1225 1872 Σατανᾶς
1236 1840 1302 1866 δέκα
1315 1842 1362 1867 καὶ
1374 1839 1447 1867 ὀκτὼ
1463 1840 1521 1874 ἐτη.
1541 1849 1549 1865 ι
1563 1840 1616 1866 Καὶ
1631 1841 1707 1866 πᾶσα
1717 1840 1746 1866 δὲ
1759 1840 1874 1876 τοιαύτη

1080 1886 1134 1913 τῶν
1152 1886 1285 1913 Ἰουδαίων
1300 1883 1335 1921 ἦν
1353 1886 1369 1920 ὴ
1387 1886 1531 1921 συναγωγή
1543 1893 1550 1901 ’
1567 1886 1607 1912 διὸ
1623 1885 1703 1912 πάλιν
1717 1885 1875 1920 ἐγερθῆναι

1080 1931 1167 1966 ταύτῃ
1192 1929 1411 1966 παρακελεύεται
1435 1930 1506 1957 κατὰ
1520 1932 1549 1957 τό
1559 1939 1565 1946 '
1584 1931 1730 1966 (Ἔγειραι
1744 1933 1758 1957 6
1772 1932 1875 1958 καθεύ-

1080 1979 1142 2011 δων,
1156 1978 1202 2004 καὶ
1216 1978 1321 2004 ἀνάστα
1336 1978 1368 2003 ἐκ
1383 1977 1438 2003 τῶν
1453 1977 1567 2012 νεκρῶν,
1584 1978 1632 2004 καὶ
1664 1978 1812 2012 ἐπιφαύσει
1830 1987 1873 2006 σοι

1081 2026 1094 2051 6
1109 2024 1237 2058 Χριστός.
1252 2033 1261 2049 ι
1282 2023 1337 2050 Καὶ
1365 2024 1436 2050 κατὰ
1465 2023 1511 2050 τό·
1533 2033 1542 2049 ι
1559 2024 1603 2050 Διὸ
1627 2023 1676 2056 τὰς
1705 2024 1875 2059 παρειμένας

1081 2072 1186 2105 χεῖρας,
1201 2071 1247 2096 καὶ
1271 2069 1306 2096 τὰ
1330 2069 1484 2105 παρειμένα
1501 2070 1602 2103 γόνατα
1618 2069 1802 2106 ἀνορθώσατε,
1825 2071 1876 2097 καὶ

1081 2115 1193 2150 τροχίας
1209 2114 1293 2150 ὀρθὰς
1308 2115 1411 2141 ποιεῖτε
1424 2115 1480 2146 τοῖς
1495 2115 1574 2140 ποσὶν
1590 2115 1676 2149 ὑμῶν.
1694 2125 1702 2140 ι
1727 2115 1874 2142 Ἐνὸυσαι

1081 2161 1120 2194 δὲ,
1137 2161 1215 2196 φησι,
1232 2161 1289 2195 τὴν
1299 2161 1390 2194 ἰσχύν
1403 2169 1472 2194 σου,
1484 2161 1631 2196 ἐπειδήπερ
1646 2161 1703 2196 ἔχει
1716 2161 1776 2187 τινὰ
1790 2161 1872 2196 μεγί-

1084 2215 1151 2242 στην
1169 2208 1245 2241 ἰσχὺν
1263 2207 1279 2241 ἡ
1295 2206 1391 2241 λογικὴ
1400 2206 1484 2241 ψυχή.
1501 2206 1613 2240 Πρῶτον
1629 2207 1657 2233 δὲ
1672 2207 1703 2232 τὸ
1717 2206 1875 2241 ἐξεγερθῆ-

1081 2254 1148 2280 ’ναιι
1170 2251 1217 2279 τοῦ
1240 2252 1387 2286 πτώματος
1410 2251 1501 2278 πυκνά
1517 2251 1764 2286 λεγόμενον.¹Ένοα
1775 2252 1829 2287 γὰρ
1844 2253 1876 2278 τὸ

1082 2298 1182 2333 πικρὸν
1199 2297 1249 2332 τῆς
1263 2297 1352 2331 δίκης,
1370 2297 1428 2322 ἐκεῖ
1453 2296 1500 2323 καὶ
1524 2296 1640 2331 συνεχὴς
1657 2297 1673 2331 ή
1689 2296 1874 2330 παράκλησις.

1082 2340 1160 2374 Εἶτα,
1175 2342 1205 2368 τδ
1219 2342 1269 2377 τὴν
1294 2342 1364 2367 ιδίαν
1379 2341 1581 2376 ἀναλαμϐάνειν
1599 2341 1768 2376 ίσχύν.¹Εχει
1782 2341 1810 2367 δὲ
1827 2343 1876 2368 καὶ

1082 2388 1176 2419 δόξαν
1203 2387 1336 2422 μεγίστην
1359 2387 1418 2413 κατ’
1435 2387 1527 2413 εἰκόνα.
1551 2387 1725 2422 πεποιημένη
1743 2387 1790 2413 τοῦ
1806 2387 1875 2414 Κτί-

1083 2442 1196 2466 σαντος,
1211 2433 1258 2460 καὶ
1281 2433 1362 2459 αὑτὸν
1386 2433 1486 2467 ἔχουσα
1509 2433 1614 2465 δόξαν,
1636 2434 1669 2469 ἢν
1692 2433 1877 2460 ἐπαναλαϐεῖν

1083 2479 1208 2514 βούλεται
1221 2479 1371 2513 γενομένην
1384 2479 1476 2506 πόλιν
1487 2479 1586 2513 ἁγίαν,
1597 2479 1637 2511 ὡς
1646 2478 1752 2513 μηκέτι
1768 2478 1807 2505 δι’
1821 2480 1879 2506 αὑ.

1082 2526 1138 2560 τῆς
1160 2526 1324 2553 διαϐαίνειν
1349 2525 1491 2560 ἀλλογενῆ,
1515 2526 1531 2560 ἢ
1558 2526 1834 2561 εἰδωλολάτρην.’οτι
1847 2526 1878 2552 δὲ

1082 2572 1157 2604 δόξα
1172 2573 1186 2598 ὁ
1196 2572 1246 2606 τῆς
1257 2570 1351 2604 δόξης
1364 2571 1476 2606 Κύριος,
1490 2571 1520 2603 ὃς
1532 2572 1589 2597 ἐστι
1606 2572 1731 2606 Χριστὸς,
1743 2571 1817 2606 δηλοῖ
1828 2573 1879 2597 καὶ

1082 2618 1182 2644 Δαϐίδ·
1204 2627 1213 2643 ι
1225 2617 1542 2653 Ἑξεγέρθητι,λέγων,ή
1558 2617 1623 2650 δόξα
1640 2627 1700 2653 μου.
1716 2627 1725 2644 ι
1742 2618 1798 2645 Καὶ
1811 2619 1880 2652 περὶ

1091 2708 1118 2734 lt.
1169 2707 1192 2722 “
1207 2707 1289 2735 Matth
1317 2716 1366 2735 xtl.
1385 2707 1424 2735 45.
1478 2707 1500 2722 ’⁵
1515 2708 1582 2735 ibid.

1169 2707 1192 2722 "
1207 2706 1289 2735 Matth
1317 2716 1366 2741 xu,
1385 2707 1424 2735 45.
1478 2707 1500 2722 ’⁵
1515 2708 1582 2735 ibid.
1638 2708 1661 2724 "
1682 2707 1760 2735 Deut.
1775 2715 1813 2739 γι,
1834 2708 1879 2736 15.

888 2799 1006 2828 νΑιιιίΕ
1027 2799 1229 2828 LEUTIUNI'LS.

297 2840 305 2866 ἱ
324 2849 370 2876 γρ.
389 2841 449 2877 μὲν.
