1999 3076
178 127 250 161 2505
743 127 1011 159 COMMENTARII
1024 126 1066 158 IN
1085 126 1228 157 ISAIAM.
1744 127 1816 160 2506

179 183 235 209 τῶν
251 182 442 214 πιστευόντων,
462 192 471 208 ι
485 183 526 210 ὅτι
552 183 582 210 τὸ
608 183 739 219 καύχημα
766 184 816 219 τῆς
834 184 968 219 δυνάμεως

1027 187 1056 210 ιιι
1072 183 1146 210 vires
1171 190 1236 210 suas
1264 182 1401 210 instauret
1423 189 1456 210 ac
1483 187 1615 210 resumat.
1643 181 1730 211 llabet
1751 189 1815 211 vero

181 228 271 256 αὐτῶν
290 227 317 256 εἴ
334 229 376 256 σύ.
392 238 399 255 ι

1023 236 1198 265 permagnam
1226 230 1308 256 etiam
1337 229 1467 263 gloriam,
1495 227 1570 264 quod
1596 228 1629 256 ad
1657 229 1815 258 Conditoris

180 276 320 310 exemplar
337 275 444 308 etl‘ecta,
464 283 497 304 eo
514 276 608 309 etiam,
623 276 669 311 qui
702 275 788 311 gloria
809 280 862 309 est,
875 275 989 310 potitur,
1024 281 1108 309 quam
1136 274 1195 301 vult
1225 281 1365 302 resumere
1390 274 1523 301 civitatem
1547 279 1679 307 stuwtam,
1707 280 1736 301 ut
1762 283 1813 303 non

181 324 267 359 ipsam
285 324 401 359 amplius
422 329 588 358 pertranseat
606 329 751 356 externus,
764 329 812 352 aut
833 323 970 352 idolorum
990 323 1091 351 cultor.
1122 322 1190 350 Esse
1216 328 1307 350 autem
1325 331 1386 350 eum
1403 323 1492 358 ipsum
1509 322 1635 358 gloriam,
1655 323 1702 358 qui
1722 324 1816 359 gloria:

181 371 315 398 Dominus
340 375 394 403 est,
409 370 549 397 Christum
574 370 691 403 scilicet,
709 371 768 406 ipse
788 370 882 402 etiam,
898 369 944 404 qui
965 388 973 402 ,
998 378 1007 394 ι
1028 368 1161 404 Exsurge,
1175 369 1256 404 587
1271 369 1357 404 gloria
1371 377 1441 402 mea,
1464 369 1574 402 cecinit,
1594 379 1604 396 ι
1624 373 1743 398 testatur
1763 370 1813 398 Da-

180 417 226 444 vid
241 417 278 450 ";
294 416 340 451 qui
357 424 466 442 rursum
483 416 517 443 de
533 416 711 444 credentibus
727 417 857 444 locutus:
875 425 885 441 ι
900 415 971 448 Quia
988 414 1115 449 gloriatio
1128 422 1224 442 eorum
1242 419 1269 442 tu
1283 422 1312 442 es
1326 415 1359 447 ³⁰,
1377 424 1386 441 ι
1407 415 1527 450 scripsit.

214 462 283 489 Τίνα
309 461 337 488 δὲ
360 461 460 497 τρόπον
492 460 686 496 ἐνδυσώμεθα
719 461 778 495 τὴν
798 461 900 496 ἰσχὺν,
919 459 969 488 καὶ

179 508 238 542 τὴν
248 507 346 540 δόξαν
361 507 376 533 ὁ
393 506 477 541 σοφὸς
492 506 653 542 παρέστησε
675 506 781 538 Παῦλος
796 507 891 534 εἰπών·
909 506 969 534 Ἐν-

179 553 297 580 δύσασθε
312 552 359 580 τὸν
373 551 476 588 Κύριον
492 552 571 588 ἡμῶν
585 552 706 586 Ἰησοῦν
719 553 764 580 τὸν
776 552 901 588 Χριστόν.
914 552 969 580 Kal

180 600 279 628 πάλιν⁴
297 598 376 626 Ὅσοι
402 598 456 634 γὰρ
480 598 598 634 Χριστὸν
622 598 826 630 ὲὸαπτίσασθε,
852 598 969 634 Χριστὸν

180 645 353 673 ἐνεδύσασθε.
365 644 402 672 Τὸ
415 644 444 672 δὲ
455 644 602 680 πρόσωπον
612 644 663 679 τῆς
678 644 843 680 Ἐκκλησίας
856 644 970 676 Ἡσαΐας

179 692 285 726 εἰσάγει
308 691 411 725 λέγων·
432 699 442 717 ι
462 690 649 725 Ἀγαλλιάσθω
672 691 688 725 ἡ
709 689 782 726 ψυχή
801 699 852 726 μου
868 690 915 716 ἐπὶ
929 689 968 724 τῷ

179 737 284 773 Κυρίῳ.
314 737 437 764 Ἐνέδυσε
463 737 518 772 γάρ
545 746 578 772 με
605 737 713 772 ἱμάτιον
740 737 891 772 σωτηρίου,
922 736 969 762 καὶ

179 784 281 819 χιτῶνα.
299 782 468 818 εὐφροσύνης
478 791 484 798 ·
501 792 511 808 ›
525 782 558 818 ἣν
573 782 619 809 νῦν
635 782 724 818 ἁγίαν
743 782 830 814 καλεῖ,
845 782 882 814 ὡς
898 781 969 818 σύμ-

180 837 285 866 μορφον
303 829 342 864 τῷ
354 829 476 864 Χριστῷ,
495 829 542 855 καὶ
559 828 637 861 ἁγίου
659 828 827 864 μετέχουσαν
841 828 969 863 Πνεύμα-

178 884 235 908 τος,
257 876 285 902 ὲν
298 871 320 909 ᾧ
336 875 383 902 καὶ
397 874 623 911 ἐσφραγίσθημεν
638 875 678 906 εἰς
693 875 800 910 ἡμέραν
813 873 972 909 ἀπολυτρώ-

179 929 250 953 σεως
269 921 359 948 πάντα
374 920 459 956 ῥύπον
474 920 729 956 ἀπονιψάμενοι,·ὂς
744 921 792 948 καὶ
804 921 894 947 πᾶσαν
921 919 970 954 ἐφ-

181 967 241 994 οδον
266 966 346 1002 ἡμῶν
362 966 518 1002 διαϐολικὴν
535 967 720 1002 ἀποκρούεται
739 966 842 1001 λέγων·
863 965 971 993 Οὐκέτι

178 1012 418 1047 προστεθήσεται
431 1011 480 1039 διὰ
493 1012 552 1040 σοῦ
565 1011 696 1040 διελθεῖν
707 1012 906 1047 ἀπερίτμητος
919 1012 970 1038 καὶ

178 1058 355 1093 ἀκάθαρτος.
368 1059 424 1086 Kal
436 1058 584 1094 ἱστορικῶς
597 1058 625 1085 δὲ
638 1058 673 1085 τὰ
686 1059 816 1094 περίοικα
832 1058 896 1094 ἔθνη
909 1067 971 1085 συν-

179 1104 254 1139 έχεις
269 1104 380 1139 ἐφόδους
397 1104 559 1140 ποιούμενα,
577 1104 718 1139 μονονουχὶ
735 1104 768 1131 δι’
784 1104 869 1139 αὐτῆς
883 1104 970 1139 χαμαὶ

178 1149 310 1185 κειμένης
323 1149 495 1185 διήρχοντο.
513 1151 558 1181 Ὠς
572 1151 604 1177 ὲκ
616 1151 668 1186 γῆς
683 1150 711 1177 δὲ
727 1150 906 1186 ἀνισταμένη,
921 1150 969 1177 καὶ

177 1195 233 1223 τῶν
253 1196 358 1231 γηΐνων
381 1196 504 1231 γεμούση
531 1196 586 1223 τὸν
602 1195 679 1230 χοῦν
700 1195 855 1229 ἐκτινάξαι
881 1204 969 1231 παρα-

177 1241 332 1275 κελεύεται,
353 1241 384 1269 τὸ
405 1242 533 1278 φρόνημα
555 1242 677 1278 δηλονότι
699 1242 730 1269 τὸ
746 1242 913 1277 σαρκικὺν,ὃ
929 1243 970 1270 δεῖ

178 1287 430 1323 προαποθεμένους,
452 1287 525 1315 οὕτω
542 1288 686 1323 προσιέναι
710 1288 833 1323 Χριστῷ,
861 1287 967 1314 Παύλου

176 1332 303 1367 λέγοντος
313 1341 319 1348 ·
334 1332 514 1360 «Ἐκδύσασθε
523 1333 569 1361 τὸν
577 1333 690 1360 παλαιὸν
697 1333 867 1369 ἄνθρωπον,ι
878 1333 968 1360 καὶτὰ

177 1378 251 1414 ἑξῆς.
267 1379 299 1406 Ὃ
314 1379 346 1415 δὴ
365 1379 514 1414 δράσαντες
535 1379 706 1415 ἀνιστάμεοα
728 1379 801 1415 ὀρθῷ
823 1380 870 1406 καὶ
884 1379 967 1415 βεϐη-

177 1424 288 1460 κότιτῷ
304 1424 437 1460 λογισμῷ,
460 1424 532 1452 καθά
550 1433 592 1457 τις
607 1425 791 1461 παραγγέλλει
807 1426 948 1461 προφήτης
959 1432 966 1440 ’

180 1479 190 1496 ι
215 1471 317 1505 Στῆσον
344 1471 470 1506 σεαυτὴν,
491 1471 571 1498 Σιών.
590 1481 599 1497 ι
619 1471 673 1497 Kal
700 1471 782 1499 Aa6l6
809 1471 837 1498 δέ
866 1479 965 1507 φησιν·

1055 460 1115 493 Quo
1134 460 1232 488 deinde
1258 460 1340 488 modo
1369 460 1554 495 fortitudinem
1577 465 1603 488 et
1635 462 1749 497 gloriam
1774 463 1815 490 in-

1022 505 1148 538 duamur,
1164 506 1278 541 sapiens
1295 507 1434 541 expressit
1447 506 1564 540 Paulus,
1578 515 1640 535 cum
1656 515 1706 536 nos
1723 508 1814 536 Domi.

1023 559 1088 579 num
1104 556 1229 580 nostrum
1245 551 1338 580 Iesum
1348 551 1489 580 Christum
1501 552 1617 580 induere
1627 553 1812 588 prmcipit’";

1023 605 1085 624 cum
1102 606 1200 626 rnrsus
1216 606 1312 626 omnes
1326 598 1354 626 in
1379 598 1519 626 Christum
1544 599 1708 633 baptizatos,
1732 599 1813 626 Chri-

1022 645 1096 669 stum
1116 642 1209 677 ipsum
1224 642 1352 671 induisse
1365 643 1535 678 signiﬁcavit
1548 643 1582 671 ’1.
1609 643 1717 671 lnducit
1746 652 1812 671 vero

1023 687 1156 716 Ecclesia:
1187 696 1335 723 personam
1360 688 1387 716 in
1414 689 1487 716 hunc
1511 689 1623 716 modum
1654 690 1811 724 loquentem

1023 733 1135 762 Isaias:
1166 743 1175 760 ι
1196 734 1322 762 Exsultet
1352 735 1444 762 anima
1467 742 1526 762 mea
1556 735 1583 762 in
1613 735 1739 763 Domino.
1768 736 1814 762 lii-

1023 780 1082 808 duit
1099 787 1142 808 me
1155 781 1321 808 vestimento
1340 781 1450 814 salutis,
1467 785 1495 808 et
1511 781 1604 808 tunica
1621 781 1723 808 laetitiae
1737 781 1759 797 ³⁵
1774 790 1781 808 :
1800 791 1808 807 ι

1023 834 1107 862 quam
1128 834 1206 854 nunc
1231 831 1354 854 sanctam
1385 828 1506 862 appellat
1538 831 1670 861 tanquam
1703 827 1812 855 Christo

1023 872 1204 905 conformem,
1225 873 1402 908 Spiritusque
1419 874 1507 900 sancti
1523 873 1697 908 participem,
1714 874 1742 900 in
1757 881 1812 908 quo

1020 920 1151 948 sordibus
1167 920 1269 948 ablutis
1287 919 1387 955 signati
1403 927 1500 948 sumus
1518 921 1544 947 i‘n
1559 920 1632 947 diem
1647 921 1812 955 redemptio-

1021 966 1081 1000 nis;
1098 967 1146 1001 qui
1161 973 1257 994 omnes
1269 966 1352 994 etiam
1366 965 1520 993 diabolicos
1540 966 1661 994 iusultus
1684 973 1700 993 a
1731 966 1811 993 nobis

1020 1010 1174 1046 propulsat,
1189 1011 1231 1038 his
1245 1011 1336 1039 verbis
1352 1020 1359 1038 :
1381 1010 1442 1038 Non
1463 1010 1580 1045 amplius
1594 1016 1683 1046 perget
1694 1012 1810 1039 transire

1020 1063 1067 1090 per
1079 1060 1103 1082 te
1114 1055 1322 1083 incircumcisus
1337 1060 1362 1083 et
1379 1056 1543 1083 immundus.
1553 1055 1621 1083 Nam
1633 1062 1661 1084 et
1673 1065 1733 1084 eam
1746 1057 1810 1084 olim

1021 1101 1119 1128 vicinae
1147 1105 1257 1136 gentes,
1275 1102 1299 1129 si
1325 1109 1371 1129 res
1398 1106 1490 1136 gestas
1515 1101 1646 1134 intueris,
1674 1102 1809 1138 frequenti

1019 1148 1142 1174 exercitu
1174 1151 1307 1183 tanquam
1343 1147 1421 1175 humi
1448 1149 1586 1183 jacentem
1615 1150 1812 1177 conculcantcs

1018 1194 1238 1229 pertransierunt.
1255 1193 1309 1222 Sed
1329 1194 1385 1230 jam
1409 1194 1484 1222 velut
1509 1199 1643 1226 erectam.
1671 1195 1811 1231 rebusque

1019 1239 1136 1266 terrenis
1150 1239 1301 1274 oppletam,
1318 1239 1451 1273 pulverem
1473 1240 1572 1274 ipsum,
1595 1240 1621 1267 id
1645 1244 1688 1268 est
1717 1241 1810 1268 carnis

1019 1283 1175 1317 consilium,
1187 1288 1307 1311 excutere
1318 1284 1493 1317 adhortatur;
1504 1293 1557 1320 quo
1571 1293 1624 1313 non
1637 1286 1690 1314 nisi
1703 1286 1810 1321 abjecto

1018 1329 1052 1356 ad
1077 1329 1220 1357 Christum
1239 1330 1304 1357 licet
1323 1331 1467 1363 accedere,
1494 1332 1519 1359 si
1545 1331 1631 1359 Paulo
1659 1332 1810 1364 credimus,

1017 1375 1065 1410 qui
1091 1381 1210 1403 veterem
1233 1376 1386 1409 hominem,
1409 1381 1436 1404 ct
1462 1385 1524 1412 quae
1548 1378 1690 1414 deinceps,
1708 1386 1811 1406 exuere

1019 1421 1144 1457 praicipit
1155 1422 1188 1449 ³³.
1221 1422 1298 1456 Quod
1320 1423 1365 1450 ubi
1396 1425 1622 1458 praestiterimus,
1653 1429 1728 1452 recta
1757 1425 1811 1461 ipsi

1021 1472 1079 1495 tum
1097 1469 1207 1496 demum
1228 1469 1379 1504 stabilique
1395 1470 1503 1498 ratione
1517 1471 1714 1503 excitabimur.
1737 1472 1811 1499 sicut

180 1526 190 1542 ι
205 1517 340 1552 Ἐστησεν
357 1517 404 1544 ἐπὶ
423 1517 528 1551 πέτρας
549 1517 613 1550 τοὺς
628 1517 713 1548 πόδας
736 1526 798 1552 μου.
816 1527 825 1543 ι
842 1514 877 1554 ᾯ
897 1527 967 1554 παρ-

1021 1517 1062 1541 est
1073 1521 1088 1541 τι
1098 1515 1231 1550 propheta
1242 1515 1362 1550 quodam
1376 1515 1576 1550 significatum,
1589 1517 1635 1544 ubi
1649 1517 1687 1544 ait
1702 1526 1709 1544 :
1728 1526 1737 1543 ι
1752 1518 1811 1545 Sla-

176 1562 272 1589 έπεται
290 1562 338 1589 καὶ
351 1563 392 1589 τό·
413 1563 604 1591 Ἐνδύσασθε
621 1564 675 1590 τὸν
692 1563 806 1598 δεσμὸν
823 1564 877 1592 τοῦ
898 1572 966 1599 τρα-

177 1607 285 1641 κήιλου.
304 1608 414 1643 Σειραῖς
437 1608 492 1643 γὰρ
506 1609 561 1635 τῶν
583 1609 656 1636 ἰδίων
677 1609 886 1645 ἁμαρτημάτων
904 1610 969 1638 ’ἐκαι-

177 1662 239 1685 στος
257 1654 413 1689 σφίγγεται.
428 1655 486 1682 Καὶ
502 1654 554 1681 ὑπὸ
567 1655 637 1689 ζυγὰ
647 1655 681 1681 δὲ,
690 1655 739 1690 τῆς
751 1656 891 1691 ἁμαρτίας
903 1656 969 1683 ὑπο-

176 1699 334 1735 ϐληθέντες,
349 1708 359 1726 ι
375 1699 573 1736 Διαρρήξωμεν
592 1701 656 1732 τοὺς
670 1701 787 1734 δεσμοὺς
804 1701 904 1734 αὐτῶν,
922 1701 970 1728 καὶ

175 1745 374 1781 ἁπορῤίψωμεν
389 1745 437 1780 ἀφ’
450 1746 529 1781 ἡμῶν
545 1746 593 1773 τὸν
608 1746 690 1781 ζυγὸν
709 1746 809 1779 αὐτῶν,
827 1756 836 1772 ι
856 1747 887 1773 τὸ
900 1747 969 1780 ἁγα-

176 1791 223 1818 οὺν
234 1791 371 1827 ἐλευθέρῳ
388 1791 587 1827 κατορθοῦντες
599 1792 767 1828 φρονήματι,
779 1791 817 1823 ὼς
829 1791 895 1827 παρ’
911 1791 970 1823 ἐνὸς

176 1837 242 1872 ἡμῖν
257 1837 384 1872 εἰρῆσθαι
398 1837 412 1857 ιι
428 1838 484 1865 τῶν
503 1837 668 1874 προφητῶν·
689 1847 698 1864 ι
715 1837 770 1865 Kal.
783 1837 969 1871 ὲξελεύσεσῦε,

176 1883 223 1908 καὶ
237 1883 401 1919 σκιρτήσετε
421 1883 459 1915 ὡς
473 1885 611 1919 μοσχάρια
626 1885 659 1909 ἐκ
672 1883 782 1918 δεσμῶν
799 1883 940 1918 ἀνειμένα.
958 1892 966 1909 ι

181 1929 227 1960 Ὠς
247 1929 386 1964 ἁμαρτίας
404 1930 458 1966 γὰρ
479 1930 526 1957 καὶ
544 1930 670 1960 διαϐόλου
685 1930 830 1964 δεσμῶτιν,
846 1930 893 1957 καὶ
910 1929 971 1957 δού-

175 1973 226 2010 λην
234 1975 424 2009 αἰχμάλωτον
435 1976 513 2003 καλεί
521 1977 570 2011 τὴν
580 1976 656 2003 Σιὼν
666 1976 751 2003 ὲλεῶν
762 1976 847 2011 αὐτὴν
862 1978 911 2012 τῆς
924 1985 970 2003 πι-

176 2018 312 2055 κροτάτης
325 2019 520 2052 ἀλώσεω;.Ἢν
537 2021 582 2047 καὶ
595 2021 742 2056 θυγατέρα
757 2021 896 2052 καλῶν,τδ
911 2021 971 2052 πῶς

175 2062 225 2091 οὖν
233 2064 301 2100 ἥλω,
316 2065 491 2100 παρίστησιν
504 2065 542 2097 ὼς
557 2066 626 2102 αὑτὴ
636 2066 669 2093 δι’
682 2066 835 2102 αὑτὴν,οὑκ
844 2066 972 2103 ἀσθενείᾳ

175 2109 222 2135 τοῦ
237 2109 379 2142 σώζοντος,
405 2111 454 2145 τῆς
474 2110 503 2137 δὲ
524 2112 664 2146 πατρικῆς
691 2111 893 2146 εὐσπλαγχνίας
917 2113 971 2146 ὰφ-

175 2155 323 2190 ηνιάσασα,
341 2155 423 2183 Ὅθεν
447 2156 531 2192 αὐτὴν
563 2157 677 2192 δωρεὰν
701 2157 871 2192 πεπρᾶσθαι
892 2158 969 2193 φησι.

1022 1564 1067 1587 tue
1082 1564 1110 1588 te
1123 1560 1223 1595 ipsam,
1237 1568 1254 1589 ο
1272 1561 1340 1589 Sion
1355 1562 1388 1589 ³⁸.
1407 1571 1417 1588 ›
1444 1562 1476 1589 Ει
1490 1570 1506 1590 a
1530 1562 1631 1591 Davide
1645 1573 1652 1590 :
1668 1573 1678 1590 ε
1709 1563 1811 1591 Statuit

1020 1614 1104 1641 supra
1131 1612 1237 1642 petram
1258 1608 1342 1643 pedes
1368 1616 1445 1637 meos
1457 1609 1491 1635 ³⁵.
1512 1618 1522 1635 ι
1550 1609 1601 1637 Cui
1626 1610 1756 1637 convenit
1783 1615 1812 1638 et

1019 1653 1099 1684 illud,
1118 1653 1192 1688 quod
1208 1654 1353 1688 sequitur:
1379 1653 1456 1682 Solve
1471 1655 1576 1681 vincula
1594 1656 1658 1682 colli
1673 1656 1722 1682 lui.
1747 1655 1812 1683 Suis

1019 1698 1092 1726 enim
1107 1699 1226 1734 quisque
1240 1700 1372 1734 peccatis,
1396 1703 1425 1727 ut
1448 1700 1566 1732 catenis,
1595 1700 1810 1734 constringitur.

1020 1745 1054 1772 Et
1072 1753 1134 1778 nos,
1155 1745 1202 1780 qui
1215 1746 1352 1773 scelerum
1366 1745 1433 1781 jugo
1447 1745 1641 1781 deprimimur,
1662 1756 1672 1772 ι
1701 1747 1810 1774 Dirum-

1021 1797 1117 1825 pamus
1132 1790 1242 1818 vincula
1254 1790 1525 1826 eorum,jugumque
1545 1791 1668 1825 ipsorum
1685 1791 1810 1819 excutia-

1021 1843 1082 1863 mus
1099 1836 1132 1867 "',
1150 1845 1160 1861 ι
1175 1835 1262 1864 libera
1277 1835 1420 1863 voluntate
1431 1836 1506 1871 quod
1516 1836 1624 1870 justum
1639 1840 1681 1864 est
1694 1837 1810 1872 operati,

1021 1882 1092 1909 sicut
1107 1881 1150 1909 his
1164 1881 1256 1909 verbis
1274 1889 1346 1908 unus
1364 1881 1402 1908 ait
1413 1881 1610 1916 prophetarum
1626 1889 1634 1909 :
1654 1890 1664 1907 ι
1684 1882 1717 1908 Ει
1732 1889 1810 1916 egre-

1020 1927 1146 1959 diemini.
1162 1932 1188 1954 et
1206 1927 1325 1958 salictis,
1347 1930 1478 1961 tanquam
1497 1926 1575 1954 vituli
1591 1927 1711 1954 vinculis
1738 1929 1811 1954 rela-

1021 1972 1077 1999 xati
1092 1972 1125 2005 "_
1148 1981 1157 1998 ι
1180 1971 1286 1999 Sionem
1305 1972 1378 1999 enim
1395 1975 1526 2007 tanquam
1552 1972 1658 2006 peccati
1691 1972 1811 1999 diaboli«

1020 2025 1074 2053 que
1098 2017 1204 2052 laqueis
1237 2017 1415 2044 constrictam
1441 2021 1468 2044 et
1491 2017 1623 2051 captivam
1649 2017 1808 2052 alloquitur,

1021 2064 1145 2099 ejusdem
1171 2069 1283 2099 propter
1311 2063 1522 2099 expugnationis
1549 2063 1727 2091 acerbitatem
1757 2065 1811 2091 liii-

1022 2110 1161 2138 serationc
1176 2114 1348 2142 commotus;
1366 2117 1448 2145 quam
1465 2109 1548 2137 ctiam
1565 2110 1651 2144 [illam
1669 2109 1810 2145 appellan~

1022 2156 1069 2187 do,
1091 2164 1144 2184 nun
1162 2156 1302 2183 servantis
1319 2154 1519 2188 imbecillitate,
1545 2156 1592 2183 sed
1620 2162 1668 2190 per
1693 2162 1733 2187 se,
1749 2162 1810 2190 qua:

176 2201 230 2227 Kal
242 2201 298 2229 ἄνω
315 2201 370 2236 γὰρ
383 2201 503 2237 ἔφασκεν
513 2211 520 2218 ·
537 2212 546 2229 ι
558 2203 625 2230 Ἰδοὺ
641 2205 702 2236 ταῖς
723 2204 871 2240 ἁμαρτίαις
887 2204 964 2239 ὑμῶν

1021 2207 1140 2238 paternae
1167 2201 1368 2230 benevolentia:
1392 2201 1500 2229 frenum
1525 2202 1674 2237 respuerit,
1699 2206 1808 2237 captam

176 2247 315 2282 ἐπράθη-τε
340 2248 424 2282 μηδὲν
452 2248 751 2284 ἀντικαταλλαξάμενοι
778 2249 827 2284 τῆς
860 2249 964 2276 ἑαυτῶν

175 2293 322 2326 ἀπωλείας.
341 2305 349 2320 ι
363 2295 493 2326 Ἀκοντες
516 2296 581 2331 γὰρ,
599 2295 637 2327 ὡς
653 2296 758 2328 εἰπεῖν,
787 2296 962 2331 ἀπηγόμεθα.

175 2340 231 2372 Διὸ,
247 2341 295 2367 καὶ
310 2340 412 2368 ἄκοντα
425 2341 471 2368 τὸν
494 2341 605 2377 ἰσχυρὸν
627 2341 790 2368 ἐσκύλευσεν
808 2343 822 2368 ὁ
835 2342 963 2377 Χριστός.

178 2386 212 2412 Ἃ
226 2386 356 2422 δέδρακεν
369 2387 509 2423 ἐπιφέρων
521 2388 585 2414 ἄνευ
599 2387 742 2422 ἀργυρίου
761 2388 964 2423 λυτρούμενος

174 2432 238 2463 τοὺς
256 2432 294 2468 μὴ
310 2434 455 2468 σωματικῇ
474 2433 674 2468 περιπεσόντας
691 2433 878 2469 αἰχμαλωσίᾳ,
897 2434 966 2462 ἀλλὰ

175 2477 288 2513 ψυχικῇ,
308 2480 354 2504 καὶ
370 2479 416 2505 τοῦ
428 2478 519 2514 τιμίου
534 2479 680 2515 δεομένους
694 2479 822 2515 αἳματος.

1016 2257 1078 2276 esse
1104 2248 1187 2284 588
1203 2248 1342 2281 ostendit;
1358 2248 1430 2284 unde
1443 2250 1529 2284 gratis
1546 2248 1727 2276 venundatum
1752 2257 1809 2276 esse

1016 2295 1126 2329 adjicit.
1149 2293 1215 2320 Nam
1229 2297 1256 2321 et
1273 2293 1403 2328 superius
1416 2293 1526 2321 dicebat
1544 2303 1551 2322 :
1571 2303 1580 2320 ι
1602 2294 1673 2322 Ecce
1688 2295 1809 2330 peccatis

1016 2341 1116 2368 vestris
1131 2340 1281 2367 venundati
1299 2340 1378 2372 estis,
1404 2339 1481 2367 nulla
1502 2348 1552 2375 pro
1576 2340 1688 2368 interitu
1720 2346 1809 2369 vestro

1016 2387 1089 2414 facta
1105 2386 1364 2414 commutatione".
1383 2395 1392 2412 ι
1412 2386 1490 2413 Inviti
1507 2387 1593 2420 enim,
1608 2391 1638 2414 ιιι
1659 2387 1694 2414 ita
1706 2387 1807 2420 diram,

1020 2432 1243 2468 abripiebantur;
1262 2432 1378 2468 ideoque
1394 2437 1591 2468 repugnantem
1604 2433 1740 2468 spoliasse
1755 2433 1809 2460 for-

1021 2485 1075 2508 lem
1091 2479 1221 2507 Christus
1243 2478 1344 2506 dicitur
1356 2479 1388 2506 ³⁸.
1415 2478 1482 2511 Qua:
1504 2486 1535 2506 se
1553 2477 1653 2507 iecisse
1683 2479 1731 2512 ait,
1753 2487 1808 2507 non

174 2530 223 2550 eos
245 2529 353 2558 argento
380 2524 544 2558 redimendo,
563 2526 609 2561 qui
637 2533 692 2554 non
727 2534 886 2562 corporum,
911 2526 958 2555 sed
978 2527 1135 2554 animorum
1157 2525 1290 2554 servitute
1304 2525 1520 2560 premebantur,
1541 2525 1717 2560 pretiosaque
1746 2533 1810 2554 san-

174 2570 257 2606 guine
278 2572 447 2608 indigebant.
773 2581 779 2587 ‘

210 2616 277 2644 Εἶτα
291 2617 426 2648 δείκνυσιν
443 2621 542 2649 ἑαυτὸν
564 2621 607 2649 ἀεὶ
629 2620 677 2648 τοῦ
698 2620 805 2656 Ἰσραὴλ
831 2623 962 2657 γεγονότα

1053 2617 1145 2653 Pergit
1165 2615 1265 2644 deinde
1291 2614 1402 2643 lsraelis
1423 2614 1593 2643 Salvatorem
1615 2619 1643 2644 et
1660 2618 1807 2649 redempta-

209 2682 233 2699 ”
246 2683 319 2712 Psal.
337 2687 436 2722 “1,79.
463 2687 488 2704 '°
498 2687 583 2715 Eccli.
600 2695 639 2721 ιιι,
654 2687 701 2715 22.
719 2687 760 2704 ³ο*
779 2687 879 2722 Eplu‘s.
900 2689 992 2722 1ν,⁴24.
1031 2690 1050 2704 ²¹
1066 2669 1155 2715 Calai.
1170 2685 1271 2719 iu,‘27.
1310 2686 1332 2702 "
1352 2684 1404 2722 lsa.
1420 2684 1512 2722 113121.
1551 2685 1574 2701 ³³
1587 2684 1684 2721 Ephcs.
1706 2694 1742 2716 Iv.
1759 2687 1805 2714 2L

174 2717 260 2754 “lsa,
272 2726 376 2754 xxxvii,
389 2721 435 2749 22.

173 2761 213 2788 xi,
232 2753 278 2780 22.

489 2723 511 2741 ³⁸
526 2722 599 2751 Psal.
619 2731 714 2756 xxxix,
731 2723 757 2750 '5.
797 2724 819 2740 "
836 2724 909 2752 l’sal.
940 2733 971 2756 ιι,
1009 2725 1036 2752 5.

1427 2719 1448 2736 ³⁸
1468 2719 1519 2748 lsa.
1553 2719 1653 2754 ιιι,’5.
1701 2722 1722 2739 ³⁸
1738 2722 1805 2751 Luc.

1086 2723 1107 2739 ⁸⁷
1137 2722 1252 2749 Malach.
1282 2729 1318 2755 tv,
1349 2721 1376 2748 2.

825 2801 940 2830 VARle
962 2802 1163 2832 LECTIONES.

212 2846 224 2866 ιε
236 2854 280 2881 γρ.
297 2846 416 2880 εἴρηται.

338 2896 475 2926 l’uuot.
499 2893 557 2924 Gn.
577 2892 766 2923 LXXXVII.

1607 2895 1645 2929 79
