1999 3076
168 117 238 148 2507

827 113 1003 144 PROCOPII
1025 114 1146 144 GAZtEl

1729 115 1799 149 2508

169 183 224 201 rem
243 182 271 201 sc
290 181 350 201 esse
367 173 529 207 ostendere;
547 174 605 201 sive
623 177 730 207 tempus
746 171 814 199 illud
840 175 959 206 spectes,

1020 172 1127 206 Ξιιιτῆρα
1143 171 1189 199 καὶ
1205 173 1374 207 Λυτρωτήν.
1397 174 1452 200 Καὶ
1467 175 1511 201 ὅτε
1527 174 1660 210 κατῆλθεν
1674 174 1746 201 ἑκὼν
1760 175 1800 206 εἰς

169 228 224 255 quo
252 224 348 254 sponte
365 220 392 246 in
413 219 561 255 Aigyptum
590 219 714 254 proiecta
739 217 834 245 Jacobi
847 219 959 250 domus,

170 266 206 292 ibi
224 270 334 301 propter
349 264 448 292 famem
464 264 606 296 habitavit,
630 264 689 292 sive
709 263 778 291 illud
795 263 890 295 etiam,
905 270 961 298 quo

169 319 217 345 per
233 311 356 346 Assyrias
370 314 413 338 est
426 314 582 346 expugnata
600 310 709 342 civitas,
729 314 758 336 ut
769 310 804 337 ab
816 317 847 337 ea
859 309 961 337 redem-

168 359 257 392 ptione
275 365 337 393 quae
361 357 493 386 sensibus
508 362 592 393 patet,
619 356 653 383 ad
670 356 742 391 ejus,
759 364 819 390 qua:
843 356 960 383 adventu

169 411 222 430 suo
251 404 322 430 facta
349 407 402 434 est.
425 410 488 430 cum
510 402 565 430 alia
593 401 702 430 ratione
723 402 806 437 gratis
819 401 962 428 venundati

169 452 266 480 essent,
299 448 510 483 intelligentiam
545 447 676 475 deducat.
701 448 791 480 Atque
821 447 885 474 inde
908 451 960 478 est,

170 494 256 528 quod,
271 494 302 521 Et
315 503 383 521 nunc
398 494 462 528 quid
471 494 520 521 erit
537 494 599 521 hic?
610 495 664 526 vel,
679 497 708 520 ut
719 495 810 520 caeteri
825 493 962 527 interpre—

171 544 277 571 tantur,
297 540 361 575 quid
375 545 426 567 erit
439 540 578 567 ηιίΙιὶΙιὶεΡ
591 540 695 566 intulit.
714 538 788 566 Nihil
815 539 887 567 enint
907 539 961 571 hic,

173 586 221 617 ait,
238 585 308 620 apud
321 593 369 613 eos
386 585 506 620 reperio,
523 585 603 620 juxta
619 585 685 612 illud
702 593 709 611 :
730 593 739 610 ι
762 584 824 612 ideo
848 584 921 618 veni,
937 589 964 612 et

173 638 228 658 non
249 635 309 658 erat
332 630 424 658 ltomo.
446 629 555 663 Vucavi,
580 636 608 658 et
632 639 685 658 non
714 635 773 659 erat
805 631 852 666 qui
885 631 964 659 audi—

174 681 216 704 ret
226 676 259 704 ⁸⁸.
279 685 288 702 ι
309 676 387 709 Quod
404 675 426 704 si
443 676 476 703 ad
495 683 566 708 eam,
583 683 644 710 qua:
661 675 713 704 sub
735 676 876 704 Romanos
901 676 963 709 fuit,

174 722 363 757 captivitatem
394 722 517 755 referas,
551 721 585 748 ad
617 722 738 758 gentium
769 722 905 758 regiones,
936 723 962 750 in

174 768 274 802 quibus
290 767 409 802 dispersi
422 771 568 802 vagantur,
584 767 637 795 loci
658 767 794 802 particula
808 768 941 796 referetur
955 778 960 795 :

174 814 316 846 nintirum,
339 817 369 841 ut
387 821 434 842 eos
452 814 513 841 ideo
529 813 557 840 in
574 814 621 841 tali
638 821 730 841 rerum
747 819 821 842 statu
848 815 963 849 versari,

176 861 285 895 istaque
310 845 369 895 pati
400 859 513 893 indicet,
542 860 616 895 quod
647 860 856 896 Redemptorem
883 845 964 889 suum
981 845 1002 872 Β

176 906 251 933 cruci
271 905 418 933 alIixerint.
446 906 561 939 Deinde,
586 914 650 934 cum
674 907 835 934 mirarentur
860 907 967 935 διιὼρο-

176 959 237 979 rum
252 951 403 986 principes,
420 959 505 986 quare
530 952 577 979 Dei
594 959 656 980 sors
686 952 769 981 Israel
793 957 821 981 et
853 958 968 982 sanctus

177 997 329 1032 appellatus
341 997 379 1024 ita
393 997 592 1025 miserabiliter
605 1003 768 1031 vexaretur,
788 1002 815 1026 et
831 1003 964 1034 tanquam

181 1051 230 1078 spe
248 1050 364 1078 prorsus
377 1043 504 1078 adempta
526 1043 660 1071 ulularent
677 1063 686 1078 ,
703 1045 730 1072 in
757 1045 868 1072 eosdem
888 1053 970 1080 expu-

178 1090 319 1124 gnationis
335 1088 508 1117 subditorum
533 1096 647 1117 suorum
665 1090 774 1125 culpam
799 1091 899 1125 rejicit,
921 1091 969 1126 qui

179 1134 333 1163 Salvatoris
348 1135 434 1162 oblati
451 1134 530 1162 [idem
544 1135 674 1171 amplecti
687 1136 756 1172 ipsis
771 1143 824 1164 non
841 1137 968 1172 permisc-

183 1186 260 1209 runt.
279 1183 313 1209 At
329 1186 426 1217 gentes
442 1189 504 1209 cum
518 1189 580 1209 eam
594 1189 657 1210 esse
671 1189 785 1210 causam
799 1182 968 1218 ignorarent,

179 1228 294 1255 istorum
304 1227 389 1254 Dcutn
399 1227 594 1254 imbecillitatis
603 1227 765 1262 arguebant,
777 1234 859 1262 quem
875 1235 968 1256 serva-

180 1281 211 1301 re
227 1282 280 1300 non
300 1273 422 1301 valuisse
434 1272 562 1300 dicebant
575 1272 663 1300 :sieut
673 1273 738 1300 olim
751 1273 968 1308 Hapsaces,Cum

178 1327 238 1352 vos,
254 1319 354 1354 inquit,
367 1325 421 1346 non
435 1321 546 1353 propter
559 1318 658 1345 virium
670 1325 790 1345 mearum
808 1318 968 1346 tenuitatem

178 1365 389 1392 cssetadortus.
407 1363 467 1392 Non
493 1363 575 1398 hujus
595 1364 698 1399 itaque,
718 1364 766 1392 sed
789 1370 896 1398 vestrae,
921 1365 969 1400 qui

178 1411 405 1447 peccastis,vires
413 1410 586 1438 exciderunt.
596 1410 649 1438 [Sta
662 1415 750 1438 autem
764 1411 797 1438 ad
811 1411 969 1438 Judaeorum

180 1458 318 1493 principes
331 1457 410 1492 dirigi
428 1461 591 1484 cancrorum
608 1457 753 1484 conﬁrmat
769 1456 968 1492 interpretatio.

180 1503 295 1531 Vertuut
309 1503 382 1530 enim
401 1502 585 1538 Symmachus
599 1507 624 1530 et
634 1502 748 1537 Aquilas
761 1510 768 1529 :
783 1502 969 1530 Dominatorcs
984 1517 1005 1546 ο

178 1549 235 1584 ejus
255 1548 359 1575 ululant
373 1556 383 1575 .'
399 1548 444 1575 tibi
461 1547 613 1576 Tlteodotio
632 1548 763 1582 principes
779 1556 828 1583 pro
847 1549 970 1576 domina—

180 1595 280 1622 toribus
303 1594 382 1622 dixit.
410 1593 480 1622 Hinc
505 1595 590 1630 igitur
618 1594 701 1630 589
723 1600 750 1622 et
774 1594 818 1621 illa
848 1594 968 1626 fuerunt,

178 1642 280 1676 quibus
296 1644 376 1667 antea
391 1639 536 1667 Dominum
562 1648 623 1667 cum
648 1641 741 1676 populi
762 1640 929 1673 senioribus,
944 1645 970 1668 et

179 1695 242 1715 cum
260 1686 432 1722 principibus
447 1686 518 1721 ejus,
536 1686 563 1714 in
579 1686 715 1722 judicium
740 1691 886 1715 venturum
908 1695 970 1715 esse

179 1733 362 1768 signiﬁcaret.
380 1731 447 1758 Nam
474 1735 501 1759 et
517 1732 617 1768 vulgus
648 1733 738 1768 ipsum
766 1732 800 1759 ad
830 1740 969 1760 rumorem

179 1779 326 1806 sinistrum
348 1778 383 1806 de
412 1777 557 1806 Salvatore
588 1778 772 1814 spargendum
802 1779 968 1807 excitarunt.

179 1824 275 1859 Itaque
293 1824 444 1851 secundum
465 1824 543 1856 alios,
563 1829 625 1859 post
650 1825 733 1852 verba
761 1825 837 1852 ista:
866 1824 970 1852 Nomen

180 1879 267 1898 meum
297 1870 514 1905 blasphematur,
539 1871 565 1898 in
593 1872 712 1906 gentibus
739 1879 794 1898 non
823 1872 968 1906 reperias:

180 1924 270 1951 neque
289 1917 360 1951 apud
380 1915 591 1952 Symmachum,
606 1917 654 1951 qui
676 1916 778 1951 jugiter
797 1921 853 1943 tota
871 1916 912 1944 die
923 1925 968 1944 no-

180 1971 238 1989 nten
254 1970 340 1989 meum
355 1961 565 1995 blasphematur,
581 1961 776 1997 interpretatus
787 1967 839 1990 est.
857 1963 971 1997 Semper

180 2008 253 2035 cnint
270 2008 296 2034 in
311 2007 457 2034 Dominum
469 2008 601 2042 principes
616 2016 668 2035 non
684 2008 829 2043 blasphemi
856 2008 970 2036 fuerunt

179 2058 300 2086 tantum,
328 2054 377 2081 sed
403 2053 580 2088 blasphemia:
614 2061 725 2082 causam
755 2055 861 2083 caeteris
886 2055 968 2082 etiam

181 2100 370 2135 praebuerunt.
397 2099 477 2127 Tales
491 2099 587 2134 igitur,
603 2100 705 2135 inquit,
722 2100 774 2135 ipsi
791 2109 839 2129 vos
857 2102 968 2136 praesti-

181 2147 265 2174 tistis.
280 2145 332 2172 Su-d
347 2153 389 2172 tne
406 2146 521 2180 gentium
533 2145 646 2180 populus
670 2146 696 2173 in
715 2146 805 2174 locum
835 2151 969 2178 vestrunt,

1011 218 1061 252 τὴν
1078 217 1227 252 Αἴγυπτον,
1242 218 1290 246 τοῦ
1308 219 1404 246 Ἰακὼὸ
1425 221 1483 246 ἐκεῖ
1497 220 1541 247 διὰ
1559 221 1637 255 λιμὸν
1659 220 1801 254 κατοική-

1012 271 1141 296 σαντος·
1158 265 1206 291 καὶ
1218 265 1262 291 ὅτε
1282 265 1329 300 βίᾳ
1348 265 1393 292 διὰ
1405 265 1454 297 τὰς
1471 266 1609 302 ἁμαρτίας
1623 266 1669 293 ὑπ’
1691 267 1803 294 ’Δσσυ-

1009 310 1083 344 ρίων
1096 310 1179 342 ἑάλω,
1199 310 1253 337 ἀπὸ
1266 310 1316 344 τῆς
1331 310 1465 346 αἰσθητῆς
1484 310 1672 345 λυτρώσεως,
1695 311 1744 347 τὴν
1757 313 1804 338 ἐπὶ

1012 357 1062 392 τῆς
1077 356 1233 392 παρουσίας
1249 356 1331 383 αὑτοῦ
1343 356 1431 392 δηλῶν
1446 357 1519 393 ἄλλῳ
1534 357 1606 393 λόγῳ
1619 357 1735 392 δωρεὰν
1752 365 1805 384 πε-

1012 402 1200 437 πραγμένων.
1215 402 1261 428 Διδ
1279 402 1402 436 ἐπιλέγει
1412 411 1419 418 ⁸
1433 404 1488 430 Καὶ
1505 403 1564 431 νῦν
1577 403 1606 430 τι
1622 400 1681 430 ὧδε
1697 403 1805 435 durat;

1013 448 1029 484 ἢ
1043 448 1114 475 κατὰ
1125 448 1189 480 τοὺς
1200 448 1322 481 λοιποὺς,
1335 448 1384 475 καὶ
1396 449 1454 476 νῦν
1465 450 1493 476 τί
1503 449 1571 476 ἐστι
1580 458 1631 484 μοι
1645 446 1720 481 ὦδε;
1730 449 1806 476 οὐδὲν

1014 494 1080 530 γὰρ,
1097 494 1192 529 φησὶν,
1201 491 1251 521 ὧδε
1260 495 1325 530 παρ’
1339 495 1429 526 αὐτοῖς
1440 495 1570 530 εὑρίσκω,
1583 495 1653 522 κατὰ
1665 495 1695 521 τὸ
1709 495 1804 530 ῥηθέν·

1018 549 1027 565 ι
1041 539 1113 566 Διότι
1129 537 1222 575 ἦλθον,
1240 539 1289 566 καὶ
1304 540 1354 566 οὐκ
1367 537 1402 575 ἦν
1424 539 1578 574 ἄνθρωπος.
1597 540 1740 572 Ἐκάλεσα,
1754 541 1803 566 καὶ

1014 585 1064 612 οὐκ
1079 583 1112 621 ἦν
1127 586 1141 612 ὁ
1156 585 1312 612 ὑπακούων.
1324 594 1333 610 ›
1350 586 1381 612 Et
1392 585 1420 612 δὲ
1433 585 1481 621 τὴν
1499 585 1552 612 ὑπὸ
1577 586 1720 621 Ῥωμαίων
1745 587 1806 620 αἰχ-

1019 631 1161 666 μαλωσίαν
1175 631 1260 666 δηλοῖ,
1272 631 1378 665 λέγοιτο
1392 631 1425 658 ἂν
1440 631 1470 658 τὸ
1477 628 1537 663 ὧδε,
1547 633 1575 658 ὲν
1583 633 1642 663 ταῖς
1654 631 1708 658 τῶν
1722 631 1808 658 ὲθνῶν

1015 678 1128 713 χώραις,
1144 679 1184 710 είς
1200 677 1233 710 ἃς
1247 678 1452 713 διεςιϊιάρησαν⁶
1468 678 1561 714 ἤγουν,
1576 679 1604 704 ἐν
1616 678 1704 714 τοιᾷδε
1721 687 1807 705 κατα-

1015 724 1109 750 στάσει
1136 724 1308 759 πραγμάτων
1332 723 1474 758 δηλονὸτι,
1497 724 1585 751 ταῦτα
1611 725 1745 759 πάσχουσι
1761 725 1807 751 τὸν

1015 769 1118 795 ἑαυτῶν
1130 769 1338 804 σταυρώσαντες
1351 769 1504 804 λυτρωτήν.
1517 767 1583 795 Εἶτα
1598 769 1808 803 θαυμαζόντων

1015 814 1070 842 τῶν
1083 815 1147 850 παρ’
1166 814 1303 846 Ἰουδαίοις
1320 813 1497 849 καθηγητῶν,
1513 814 1572 846 πῶς
1587 815 1601 841 ὁ
1617 814 1685 841 Θεοῦ
1708 814 1810 849 κλῆρος

1017 860 1163 896 λεγόμενος
1172 860 1218 888 καὶ
1233 860 1311 895 ἅγιος
1330 860 1439 896 Ἰσραὴλ
1451 860 1567 895 ἔπραξεν
1579 860 1667 891 οὕτως
1681 860 1808 895 οἰκτρῶς,

1017 906 1065 933 καὶ
1081 906 1120 938 ὼς
1131 906 1225 941 πάσης
1236 905 1329 937 αὐτοῖς
1339 906 1516 941 ἀνῃρημένης
1528 905 1635 936 ἐλπίδος
1648 905 1810 935 ὀλολυζόν-

1017 961 1088 984 των,
1101 953 1202 984 αὐτοὺς
1216 953 1337 979 αἰτιᾶται
1356 952 1406 987 τῆς
1419 952 1473 995 τῶν
1485 952 1616 987 ὑπηκόων
1624 951 1761 983 ἁλώσεως.
1771 952 1809 978 Οὐ

1017 997 1073 1033 γὰρ
1092 997 1265 1033 συνεχώρουν
1288 998 1382 1030 αὐτοῖς
1404 998 1443 1032 τῷ
1463 998 1529 1034 πρὸς
1549 998 1648 1029 αὐτοὺς
1664 997 1809 1033 ἀφιγμένῳ

1019 1044 1162 1071 πιστεῦσαι
1189 1043 1308 1080 Σωτῆρι.
1327 1043 1398 1070 Ἀλλ’
1421 1044 1446 1070 οι
1470 1043 1573 1070 ἐθνικοὶ
1598 1044 1648 1079 τὴν
1667 1044 1716 1079 τῆς
1740 1044 1810 1071 ἁλώο

1020 1098 1089 1121 σεως
1101 1089 1263 1124 ἀγνοοῦντες
1280 1090 1380 1123 αἰτίαν,
1398 1089 1543 1121 ἀσθενείας
1560 1089 1605 1116 τὸν
1621 1091 1724 1117 τούτων
1749 1091 1809 1126 ᾑτι-

1019 1136 1088 1162 ῶντο
1098 1135 1176 1169 Θεὸν,
1188 1135 1226 1167 ὼς
1244 1135 1341 1167 σῶσαι,
1358 1135 1429 1162 κατὰ
1441 1135 1487 1162 τὸν
1503 1135 1642 1170 Ῥαψάκου
1655 1135 1743 1168 λόγον,
1760 1136 1810 1162 αὺ-

1018 1182 1082 1213 τοὺς
1096 1181 1146 1208 οὐκ
1164 1181 1323 1216 ἰσχύσαντα.
1341 1182 1475 1213 Κάκεῖνος
1491 1182 1545 1217 γὰρ
1557 1182 1621 1216 ὑμῖν
1634 1182 1761 1217 ἐπῆλθεν,
1776 1183 1808 1209 οὺ

1018 1227 1052 1254 δι’
1071 1227 1141 1263 ὲμὴν
1162 1227 1317 1254 ἀσθένειαν.
1336 1227 1488 1263 Τοιγαροῦν
1503 1227 1512 1246 ι
1528 1228 1544 1263 ὴ
1564 1227 1661 1254 τούτου
1677 1228 1806 1254 πέπτωκε

1018 1273 1145 1308 δύναμις,
1169 1272 1227 1300 ἀλλ’
1253 1272 1330 1308 ὑμῶν
1355 1273 1566 1308 ἡμαρτηκότων.
1591 1273 1651 1300 Ὀτι
1672 1273 1700 1300 δὲ
1721 1272 1807 1300 ταῦτα

1018 1320 1074 1350 τοῖς
1094 1318 1209 1355 ἄρχουσι
1226 1319 1394 1354 προσφωνεῖ,
1411 1320 1428 1353 ὴ
1446 1318 1499 1345 τῶν
1520 1318 1609 1345 ἄλλων
1634 1319 1807 1354 παρέστησεν

1020 1364 1135 1396 ἔκδυσις.
1158 1364 1186 1390 '0
1205 1364 1254 1399 μὲν
1277 1365 1331 1399 γὰρ
1347 1364 1510 1399 Σύμμαχος’
1526 1365 1560 1391 Ol
1580 1363 1808 1397 ἐξουσιάζοντες

1019 1410 1123 1443 αὑτοῦ,
1138 1411 1233 1446 φησὶν,
1253 1410 1462 1440 ὁλολύζουσιν.
1490 1410 1545 1437 Καὶ
1572 1410 1706 1443 Ἀκύλας,
1725 1410 1812 1442 ἐξου-

1021 1456 1184 1490 σιάζοντες.
1206 1456 1237 1483 '0
1251 1456 1280 1483 δὲ
1294 1456 1443 1483 Θεοδοτίων
1457 1456 1614 1490 ἄρχοντες.
1631 1457 1677 1483 Διὸ
1691 1457 1738 1483 καὶ
1755 1457 1812 1483 ἂνω

1021 1501 1113 1535 ἔλεγεν
1124 1509 1131 1516 ’
1146 1501 1227 1532 αὐτὸς
1245 1500 1346 1536 Κύριος
1360 1501 1400 1532 εἰς
1415 1501 1506 1537 κρίσιν
1519 1501 1580 1537 ἥξει
1595 1501 1665 1536 μετὰ
1679 1501 1732 1528 τῶν
1746 1510 1813 1537 πρε-

1023 1547 1160 1584 σϐυτέρων
1173 1547 1220 1574 τοῦ
1239 1546 1316 1579 λαοῦ,
1332 1547 1380 1574 καὶ
1401 1547 1470 1582 μετὰ
1487 1547 1541 1574 τῶν
1559 1547 1699 1583 ἀρχόντων
1716 1547 1812 1574 αὑτοῦ.

1022 1593 1104 1619 Δὺτοὶ
1120 1593 1174 1628 γὰρ
1197 1593 1342 1620 ἀνέσεισαν
1357 1594 1391 1620 τὰ
1407 1593 1498 1628 πλήθη
1513 1595 1574 1625 ταῖς
1593 1593 1665 1620 κατὰ
1686 1593 1733 1619 τοῦ
1754 1593 1813 1619 2w-

1022 1639 1104 1675 τῆρος
1119 1639 1270 1675 κεχρῆσθαι
1282 1641 1396 1674 φωναῖς,
1412 1640 1468 1671 Διὸ,
1482 1639 1553 1666 κατὰ
1569 1640 1632 1671 τοὺς
1647 1639 1769 1671 λοιποὺς,
1782 1639 1812 1665 οὐ

1023 1685 1184 1720 πρόσκειται
1201 1685 1250 1721 τῷ,
1264 1686 1298 1712 τὸ
1308 1686 1402 1721 ὄνομα
1413 1695 1474 1722 μου
1486 1686 1722 1721 βλασφημεῖται,
1735 1685 1766 1712 τὸ
1779 1686 1812 1712 ἐν

1022 1730 1085 1763 τοῖς
1099 1730 1374 1766 ἐθνεσι.Τοιγαροῦν
1391 1732 1405 1757 ὁ
1421 1731 1570 1767 Σύμμαχος
1579 1739 1660 1766 φησι·
1676 1731 1726 1757 Διὰ
1738 1739 1814 1757 παν-

1024 1775 1087 1808 τὸς,
1105 1775 1183 1810 ὅλην
1198 1775 1256 1810 τὴν
1269 1775 1385 1810 ἡμέραν
1399 1776 1432 1802 τὸ
1443 1776 1537 1810 ὄνομά
1547 1784 1607 1810 μου
1621 1775 1813 1809 βλασφημεῖ-

1024 1828 1081 1847 ται.
1101 1821 1158 1848 Ἀεὶ
1172 1821 1227 1855 γὰρ
1243 1823 1270 1848 ol
1286 1822 1431 1856 ἄρχοντες
1450 1821 1670 1856 ἐϐλασφήμουν
1685 1822 1740 1847 τὸν
1758 1821 1816 1848 Λύ-

1020 1876 1098 1901 ριον,
1115 1868 1237 1900 καὶτοῖς
1263 1869 1352 1902 ἄλλοις
1377 1869 1539 1896 ὑπέϐαλλον.
1566 1869 1638 1896 Ἀλλ’
1658 1870 1738 1904 ὑμεῖς
1764 1869 1814 1904 μὲν

1023 1913 1151 1940 τοιοῦτοι.
1170 1915 1196 1940 Ὀ
1211 1914 1246 1946 ἐξ
1261 1914 1359 1942 ἐθνῶν
1378 1915 1406 1942 δὲ
1423 1915 1569 1948 λαὸς,ἀνθ¹
1586 1915 1664 1950 ὑμῶν
1683 1923 1717 1949 με
1736 1913 1816 1946 605d-

1025 1967 1078 1991 σει,
1089 1959 1137 1986 τοῦ
1150 1959 1223 1993 ἐμοῦ
1236 1959 1383 1994 ὀνόματος
1397 1960 1532 1996 πειρατὴν
1543 1960 1659 1994 δύναμιν
1673 1958 1814 1993 ἐγνωκὼς,

1024 2004 1058 2040 ἢν
1072 2005 1122 2031 οὐκ
1136 2005 1236 2037 εἰδότες
1248 2006 1315 2032 αὐτὸ
1329 2006 1550 2041 βλασφημεῖτε.
1562 2006 1617 2033 Καὶ
1631 2005 1719 2032 ταῦτα
1737 2004 1815 2031 ἔσται

1024 2049 1062 2084 τῇ
1078 2050 1174 2085 ἡμέρᾳ.
1197 2051 1300 2088 ἐκείνῃ,
1332 2052 1396 2078 καθ’
1411 2053 1444 2088 ἣν
1463 2051 1620 2087 ἀνθρώποις
1639 2052 1654 2077 ὁ
1669 2051 1755 2077 ταῦτα
1771 2050 1816 2076 διὰ

1024 2096 1079 2123 τῶν
1089 2097 1238 2133 προφητῶν
1253 2097 1343 2131 λέγων
1358 2098 1532 2133 ἐπιδημήσω.
1545 2097 1631 2124 Τοῦτο
1643 2097 1692 2124 καὶ
1709 2095 1816 2127 Παῦλος

1024 2143 1100 2177 λέγει
1112 2151 1119 2159 ·
1141 2152 1150 2169 ι
1170 2143 1338 2179 Πολυμερῶς
1355 2144 1402 2171 καὶ
1424 2144 1605 2179 πολυτρόπως
1618 2143 1703 2170 πάλαι
1718 2143 1732 2169 ὁ
1748 2141 1815 2173 Θεὸς

182 2192 226 2219 ubi
243 2191 356 2218 nominis
378 2191 428 2217 ntei
446 2190 527 2221 vires,
551 2190 624 2226 quod
642 2191 694 2225 ipsi
719 2191 879 2226 ignorantes
899 2191 968 2218 blas-

1025 2189 1145 2225 λαλήσας
1159 2191 1216 2222 τοῖς
1234 2190 1371 2226 πατράσιν
1386 2191 1415 2217 ὲν
1432 2190 1597 2226 προφήταις,
1621 2190 1665 2216 ἐπ’
1690 2189 1813 2224 ἐσχάτων

180 2237 314 2271 phematis
327 2257 335 2269 ,
351 2236 442 2271 reipsa
458 2235 595 2269 didicerit,
612 2236 699 2272 gloria
715 2237 824 2264 alliciet.
840 2236 907 2270 Quae
925 2238 975 2264 illa

1027 2235 1083 2262 τῶν
1099 2235 1212 2272 ἡμερῶν
1223 2236 1327 2264 τούτων
1341 2236 1475 2272 ἐλάλησεν
1490 2236 1557 2272 ἡμῖν
1574 2237 1603 2263 ἑν
1620 2235 1688 2271 Υίῷ.
1712 2247 1722 2261 ι

182 2289 239 2310 tum
253 2283 361 2310 demum
375 2282 418 2309 die
438 2281 496 2309 ﬁeri
512 2282 662 2318 continget,
678 2291 740 2310 cum
766 2283 836 2319 ipse,
856 2284 903 2319 qui
928 2290 977 2319 per
997 2282 1146 2318 pr0phetas
1178 2283 1231 2311 ista
1247 2282 1392 2316 denuntio.
1426 2291 1489 2311 curn
1514 2283 1674 2311 hominibus
1698 2290 1814 2311 conver-

182 2330 274 2357 sabor.
291 2329 319 2356 ld
335 2332 426 2356 autem
446 2333 474 2356 et
499 2328 601 2357 Paulus
628 2329 771 2362 indicavit,
788 2337 850 2357 cum
879 2330 963 2358 Deum
985 2328 1160 2356 multifariam
1174 2329 1324 2365 multisque
1338 2329 1429 2358 modis
1443 2330 1509 2358 olim
1534 2329 1659 2365 patribus
1693 2329 1721 2357 in
1748 2336 1811 2365 pro-

181 2375 281 2411 pltetis,
295 2375 343 2403 sed
359 2375 524 2403 novisssime
536 2374 634 2402 diebus
650 2375 711 2403 istis
726 2375 752 2402 in
766 2374 836 2403 Filio
852 2376 975 2404 locutum
986 2381 1048 2403 esse
1068 2373 1234 2409 signiﬁcavit
1246 2374 1279 2402 υ.

219 2465 303 2493 Vens.
322 2465 401 2493 6-15.
426 2464 503 2493 Sicut
518 2465 585 2492 liora
601 2473 680 2499 super
704 2470 816 2499 montes,
832 2466 870 2493 sic
895 2466 973 2500 pedes

181 2511 420 2547 euangelizandum
442 2512 564 2538 auditum
579 2513 665 2546 pacis,
682 2512 720 2539 sic
740 2512 785 2547 qui
810 2512 973 2548 euangelizat

182 2558 251 2585 bona
267 2565 277 2584 :
295 2558 358 2593 quia
379 2557 500 2584 auditam
522 2558 602 2592 faciet
624 2559 738 2585 salutent
760 2563 847 2590 tuam,
864 2559 973 2587 dicens:

182 2601 258 2633 Sion,
276 2601 396 2637 regnabit
407 2601 478 2629 Deus
496 2606 556 2629 tuus
571 2602 654 2637 :qttia
668 2610 716 2629 uox
731 2603 936 2630 custodientium
949 2607 973 2630 te

181 2647 302 2674 exultata
321 2652 372 2681 est,
389 2651 414 2674 et
435 2655 495 2675 vace
517 2647 597 2675 sintut
610 2647 774 2675 («elabuntur
789 2656 798 2675 :
814 2648 877 2683 quia
900 2649 972 2675 oculi

232 2736 256 2752 "
271 2736 324 2764 lsa.
338 2745 401 2771 va,
418 2737 462 2766 l2.
511 2738 534 2754 “
555 2737 638 2767 llebr.
656 2746 675 2772 t,
689 2738 714 2766 i.

1063 2464 1136 2497 C—te’.
1160 2465 1209 2498 Ὠς
1222 2465 1283 2500 ὥρα
1304 2466 1354 2493 ἐπὶ
1370 2465 1429 2493 τῶν
1444 2466 1546 2500 ὀρέων,
1562 2465 1602 2498 ὡς
1615 2464 1708 2498 πόδες
1728 2466 1816 2501 εὐαγ-

1026 2510 1224 2546 γελιζομένων
1241 2512 1339 2546 ἀκοὴν
1352 2512 1486 2546 εἰρήνης,
1501 2512 1541 2545 ὡς
1554 2510 1817 2546 εὐαγγελιζόμενος

1026 2555 1134 2592 ἀγαθά.
1158 2557 1224 2584 Ὅτι
1247 2557 1406 2592 ἀκουστὴν
1430 2557 1551 2592 ποιήσει
1578 2557 1637 2591 τὴν
1664 2558 1817 2592 σωτηρΙαν

1026 2610 1085 2630 σου
1101 2603 1209 2638 λέγων·
1228 2603 1314 2637 Σιὼν,
1337 2605 1520 2638 βασιλεύσει
1541 2611 1600 2631 σου
1618 2605 1635 2631 ὁ
1653 2605 1736 2636 Θεός.
1749 2603 1816 2631 Ὀτι

1025 2649 1111 2684 φωνὴ
1126 2649 1186 2677 τῶν
1195 2652 1421 2685 φυλασσόντων
1432 2659 1470 2679 σε
1480 2650 1598 2686 ὑψώθη,
1617 2649 1667 2678 καὶ
1683 2649 1720 2684 τῇ
1730 2649 1816 2685 φῦ)νῇ

836 2783 955 2812 ἾΛΠΙᾸΞ
985 2783 1184 2813 LECTIONES.

222 2824 231 2847 Ῑ
251 2829 281 2854 .1.
301 2828 360 2863 οὐχ.
