1999 3076
145 151 218 184 2509

694 149 959 180 COMMENTARII
980 148 1021 178 IN
1043 147 1185 179 ISAIAM.

1704 147 1775 182 2510

152 211 212 246 ἅμα
227 207 499 244 εὐφρανθήσονται,
515 208 561 234 ὅτι
576 207 724 242 ὀφθαλμοὶ
736 209 810 242 πρὸς
827 207 937 242 ὀφθαλ-

992 205 1024 232 ad
1038 206 1126 232 oculos
1137 205 1271 237 uidebunt,
1290 203 1395 239 quando
1409 203 1531 231 misertus
1546 203 1626 238 fuerit
1648 204 1775 233 Domina;

144 256 223 291 μοὺς
247 255 386 290 ὄψονται,
416 254 509 288 ἡνίκα
536 253 574 281 ἂν
599 252 714 288 ἐλεήσῃ
741 253 850 287 Κύριος
878 251 936 286 τὴν

147 302 235 335 Σιὼν,
254 310 283 329 κ.
300 310 326 328 τ.
342 301 369 327 λ.

181 347 237 374 Τοῦ
262 346 331 374 Θεοῦ
351 346 440 380 Λόγου
463 345 514 382 τὴν
537 345 578 377 είς
601 344 763 380 ἀνθρώπους
785 343 935 379 ἐπιδημίαν

147 393 244 424 εἰπὼν,
258 392 414 422 ἀκολούθως
426 391 461 418 τὰ
476 391 593 426 περὶτοῦ
605 389 785 425 εύαγγελικοῠ
801 390 934 416 συνάπτει

147 438 334 475 κηρύγματος.
355 437 384 463 Ὁ
397 437 426 463 δὲ
442 437 590 472 Σύμμαχος
605 436 693 468 οὕτως
702 435 828 468 ἐξέδωκε*
842 435 874 462 Tl
886 437 935 462 εῠ-

147 482 269 518 πρεπεῖς
295 481 343 508 ἐπὶ
366 480 425 508 τῶν
450 480 542 516 ὀρέων
560 481 651 514 πόδες
673 479 935 515 εὐαγγελιζομένου

146 528 244 562 ἀκοὴν
249 534 316 554 ποιο
321 527 409 559 ῡντος
418 525 552 559 εἰρήνην,
561 523 825 560 εὐαγγελιζομένου
840 523 936 558 ἀγαθὰ

147 573 305 606 ἀκουστὴν
319 573 481 605 ποιοῦντος
498 572 659 605 σωτηρίαν,
676 571 693 598 ἃ
708 571 740 606 δὴ
756 571 936 606 μεταφράσας

147 623 177 648 ὲν
187 622 220 656 τῇ
240 620 308 656 πρὸς
326 620 477 654 Ῥωμαίους
492 620 506 645 6
523 618 629 650 Παῦλός
642 626 734 653 φησιν·
751 627 760 643 ‹
780 617 824 649 Ὠς
840 617 936 653 ὡραῖοι

148 667 172 692 οἱ
187 666 268 697 πόδες
289 664 344 691 τῶν
362 664 616 698 εὐαγγελιζομένων
637 663 739 697 ἀγαθὰ,
760 661 936 697 εὐαγγελιζο-

149 712 238 747 μένων
250 712 370 745 είρήνην.
383 720 392 736 ι
412 710 485 736 Ἀντὶ
496 710 523 736 δὲ
541 709 586 735 τοῦ
599 710 760 742 σωτηρίαν,
773 709 790 744 ὴ
804 707 936 744 Ἐϐραῖκὴ

147 757 221 789 λέξις
238 757 360 789 Ἰησοῦν
377 756 510 790 περιέχει.
528 755 583 781 Καὶ
601 755 624 781 εἰ
638 755 675 789 μὴ
691 754 739 790 τὴν
761 754 833 788 λέξιν
849 754 936 789 ἑρμή-

147 811 256 834 νευσαν,
270 802 345 828 οὐδὲν
364 802 397 828 ἂν
414 801 550 828 ἐκώλυσεν
566 801 680 834 αὐτους
699 800 794 828 εἰπεῖν
814 800 936 828 ἀκουτι-

148 848 251 882 ζοντος
269 847 397 882 Ἰησοῦν.
417 847 489 874 Ἀνθ’
502 845 532 874 οὗ
546 845 623 873 εἴπεν
642 847 758 878 Ἀκύλας
777 846 824 873 καὶ
840 845 936 872 Θεοδο-

147 893 214 920 τίων
236 892 448 926 ἁκουτίζοντος
474 892 637 926 σωτηρίαν.
668 891 742 918 Ἀντ)⁴
765 891 794 917 δὲ
816 891 875 923 τοῦ,
898 891 937 923 ὠς
952 884 973 911 Β

147 939 222 972 ὥρα·
251 940 265 965 6
278 939 326 974 μὲν
340 936 427 970 εἶπεν,
445 938 473 964 τί
481 938 684 972 ὠραιώθησαν.
695 937 723 964 Ὀ
738 937 767 964 δὲ
779 937 937 970 Θεοδοτίων,

148 985 316 1018 εὐπρεπεῖς.
331 985 384 1011 Τὸν
395 984 495 1019 δρόμον
508 984 536 1010 δὲ
547 985 593 1010 τὸν
606 983 742 1018 πανταχοῦ
758 983 809 1018 γῆς
822 983 876 1010 τῶν
890 982 937 1009 τοῦ

148 1029 315 1064 Εὐαγγελίου
331 1029 460 1064 κηρύκων
471 1030 485 1055 6
499 1029 577 1063 λόγος
593 1029 739 1061 θαυμάζει,
753 1025 791 1055 ὧν
804 1030 831 1056 ol
846 1028 938 1061 πόδες

148 1076 258 1110 ὡραῖοι,
277 1075 320 1102 διὰ
335 1075 365 1101 τὸ
382 1074 513 1110 καθαρὸν,
529 1074 566 1106 ὡς
586 1075 618 1102 ἂν
633 1074 680 1101 τοῦ
696 1075 823 1110 Σωτῆρος
839 1075 938 1107 αὐτοὺς

148 1121 346 1155 ἀνπονιψαντος
358 1127 390 1147 m.
397 1121 434 1147 T6
445 1121 548 1155 ὑψηλὸν
558 1121 585 1147 δὲ
600 1121 689 1147 αὐτῶν
701 1121 748 1146 τοῦ
760 1120 938 1156 κηρύγματος

148 1166 178 1193 τὸ
193 1166 240 1192 ἐπὶ
253 1165 313 1192 τῶν
324 1164 416 1199 ὀρέων
429 1165 513 1200 δηλοῖ.
531 1165 586 1200 Τὴν
602 1165 670 1201 πρὸς
686 1165 753 1191 Θεὸν
770 1166 797 1192 δὲ
809 1167 866 1196 τοῖς
886 1174 938 1200 μα-

149 1212 218 1248 κρὰν
235 1211 283 1238 καὶ
310 1213 366 1244 τοῖς
388 1212 472 1246 ἐγγὺς
488 1211 613 1245 εἰρήνην
629 1211 868 1246 εὐηγγελίζοντο,
889 1211 938 1246 δη-

149 1259 258 1289 λοῦντες
267 1258 313 1285 τὸν
325 1258 444 1293 Χριστὸν
456 1257 501 1284 τὸν
517 1258 667 1292 ποιήσαντα
681 1258 823 1294 ἀμφότερα
836 1258 874 1289 ἓν,
891 1259 939 1284 καὶ

148 1304 179 1331 τὸ
198 1304 356 1339 μεσότοιχον
373 1303 420 1330 τοῦ
435 1303 565 1339 φραγμοῦ
580 1303 711 1334 λύσαντα,
727 1304 776 1338 τὴν
792 1304 893 1339 ἔχθραν
909 1304 939 1330 ἐν

148 1351 182 1385 τῇ
201 1350 283 1384 σαρκὶ
297 1348 392 1376 αὑτοῦ.
408 1349 454 1381 Διὸ
473 1349 722 1384 ταῖςῈκκλησίαις
743 1350 906 1376 ἐπιστέλλων
924 1350 938 1377 ὁ

150 1394 267 1426 Παῦλος,
287 1394 366 1430 χάρις
378 1395 443 1429 ὑμῖν
459 1395 505 1421 καὶ
521 1395 618 1430 εἰρήνη
639 1395 750 1430 γράφει.
771 1397 937 1431 Etim-Tell-

149 1439 233 1470 {orto
256 1440 285 1466 δὲ
308 1439 357 1466 καὶ
372 1441 409 1467 τὰ
422 1440 508 1472 ὅντως
533 1441 640 1475 ἀγαθὰ,
653 1442 717 1472 τοὺς
747 1443 938 1477 μακαρισμοὺς

149 1486 392 1520 καταγγέλλοντες.
417 1487 529 1521 Ἔλεγεν
539 1487 568 1512 δὲ
588 1487 618 1513 τὸ
641 1487 773 1522 κήρυγμα
787 1487 825 1522 τῇ
850 1488 936 1520 Σιὼν,

149 1531 250 1567 δηλαδὴ
263 1531 302 1567 τῷ
323 1531 445 1558 θεοσεϐεῖ
461 1532 649 1568 πολιτεύματι,
671 1533 711 1567 τῷ
737 1542 767 1559 τε
791 1534 845 1560 τῶν
869 1534 936 1561 ἀπο-
952 1551 973 1580 c

136 1577 252 1604 ιστόλων
267 1578 350 1614 χορῷ,
376 1579 560 1611 βασιλεύσει
587 1587 646 1606 σου
668 1581 684 1606 ό
710 1579 792 1613 Θεός.
818 1580 863 1606 Διὸ
889 1580 938 1616 τὴν

147 1624 315 1656 βασιλείαν
337 1624 392 1652 τῶν
415 1625 538 1660 οὐρανῶν
554 1626 637 1652 πᾶσιν
660 1625 816 1660 ἀνθρώποις
838 1627 939 1662 κατήγ-

151 1669 255 1703 γελλον.

187 1802 266 1829 Κατὰ
281 1802 309 1829 δὲ
327 1803 376 1838 τὴν
390 1803 498 1830 ἔκδοσιν
522 1804 577 1830 τῶν
602 1804 816 1840 Ἐϐδομήκοντα,
841 1804 881 1836 τὸ,
901 1804 941 1836 ὡς

151 1847 213 1883 ὥρα
222 1848 274 1875 ἐπὶ
288 1848 347 1876 τῶν
359 1849 460 1884 ὀρέων,
476 1850 622 1878 ἀποδοτέον
644 1852 700 1883 τοῖς
717 1851 771 1886 πρὸ
786 1850 879 1882 αὐτοῦ,
898 1850 941 1877 ἵνα

151 1894 183 1931 ᾖ·
195 1895 282 1927 Αὐτὸς
295 1896 309 1922 ὁ
320 1896 408 1922 λαλῶν
424 1897 550 1932 πάρειμι,
565 1897 605 1930 ὼς
624 1897 684 1932 ὥρα
699 1898 749 1924 ἐπὶ
763 1897 823 1924 τῶν
838 1897 940 1931 ὁρέων.

153 1942 244 1975 Ὥραν
254 1942 282 1968 δέ
300 1950 367 1977 φησι
383 1942 413 1969 τὸ
429 1942 490 1978 ἔαρ,
506 1944 535 1970 ὲν
551 1940 573 1978 ᾧ
590 1943 658 1979 ἄνθη
676 1953 706 1970 τε
725 1944 792 1976 νέα,
809 1943 856 1970 καὶ
874 1952 942 1979 καρ-

152 1988 211 2014 πῶν
237 1988 327 2022 γοναί.
350 1989 395 2015 Διδ
411 1990 457 2016 καὶ
481 1990 495 2016 ό
521 1990 648 2025 Νυμφίος
669 1990 737 2026 πρὸς
754 1991 803 2025 τὴν
822 1990 942 2026 Νύμφην

151 2034 251 2069 φησίν·
268 2035 416 2068 ιἈνάστα,
431 2035 504 2068 ἐλθὲ,
532 2037 548 2071 ὴ
566 2036 682 2071 πλησίον
707 2045 769 2072 μου,
794 2037 862 2072 καλή
891 2045 941 2072 μου

152 2081 313 2116 περιστερὰ,
337 2081 378 2107 ὃτι
404 2082 458 2108 ίδοὺ
484 2082 498 2109 ό
515 2082 621 2118 χειμὼν
645 2083 802 2119 παρῆλθεν·
823 2084 838 2110 6
862 2083 940 2115 ὑετὸς

151 2127 304 2162 παρῆλθεν·
317 2127 563 2164 ὲπορεύθηζὲαυτῷ.
578 2129 618 2156 Τὰ
633 2129 701 2165 ἄνθη
714 2128 792 2164 ὤφθη
809 2131 837 2156 ὲν
844 2131 877 2166 τῇ
892 2131 938 2166 γῇ,

152 2172 246 2207 καιρὸς
263 2173 314 2207 τῆς
327 2173 414 2208 τομῆς
429 2173 556 2208 ἔφθασεν.
572 2184 582 2200 ι
602 2175 655 2201 Καὶ
676 2176 751 2210 ἡμᾶς
766 2175 819 2210 γὰρ
834 2177 851 2202 ό
869 2175 940 2210 δρά-

986 250 1051 278 Sion
1058 270 1066 283 ,
1088 255 1143 278 etc.

1021 344 1103 380 590
1118 344 1266 379 Postquam
1280 343 1313 371 de
1327 343 1408 370 Verbi
1425 342 1470 370 Dei
1487 342 1520 370 ad
1539 342 1665 371 homines
1681 350 1777 370 acces-

986 397 1017 417 su
1027 389 1170 422 disseruit,
1183 388 1384 423 ordincjamde
1401 388 1542 423 Evangelii
1559 388 1699 423 praeconio
1715 396 1775 416 ser-

986 443 1093 462 monetn
1114 434 1218 469 adjicit.
1231 435 1277 461 Sic
1288 439 1379 461 autem
1393 434 1477 461 vertit
1487 433 1670 468 Symmachus
1685 442 1691 460 :
1707 433 1776 466 Quid

985 482 1088 517 pulchri
1095 481 1121 508 in
1129 480 1259 508 montibus
1268 481 1343 515 pedes
1352 480 1408 514 ejus
1415 480 1460 515 qui
1468 480 1631 515 euangelizat
1642 480 1774 512 auditum,

986 528 1030 562 qui
1042 527 1106 562 facit
1118 534 1223 560 pacem;
1235 527 1280 561 qui
1291 527 1431 553 annuntiat
1445 525 1531 557 bona;
1543 526 1587 560 qui
1598 525 1720 552 auditam
1734 526 1778 560 {u-

987 573 1022 600 cit
1034 572 1146 599 salutent
1156 573 1168 600 ἰ)
1179 571 1245 605 Qua:
1255 576 1329 599 certe
1337 571 1460 606 Epistola
1474 571 1506 597 ad
1517 571 1659 598 Romanos
1675 570 1777 598 Paulus

987 618 1181 653 interpretatus
1193 617 1231 644 ait
1245 626 1252 644 :
1267 627 1275 643 i
1289 616 1376 650 Quam
1393 616 1509 651 speciosi
1522 620 1587 643 sunt
1600 616 1681 650 pedes
1693 624 1777 643 cvan-

987 663 1161 699 gelizantium
1185 662 1517 697 bona,evangelizantinm
1543 669 1637 696 pacein
1656 661 1689 691 δ’,
1705 673 1713 688 ι
1725 663 1777 690 Sed

987 709 1171 744 provocabulo
1181 709 1305 740 salutent,
1315 707 1408 735 Jesum
1430 708 1511 735 habet
1533 708 1665 735 llebraira
1678 708 1756 736 lectio
1769 718 1776 736 :

988 764 1074 790 neque
1086 763 1133 783 eos
1147 755 1306 790 quidquam,
1318 754 1372 782 nisi
1385 753 1440 780 vim
1461 753 1581 781 nominis
1592 754 1777 789 explicarent.

986 803 1054 836 ejus,
1066 801 1110 836 qui
1124 801 1217 828 Jesum
1233 800 1323 827 audiri
1334 800 1401 835 facit
1414 799 1508 827 dicere
1531 800 1715 834 prohibebat,
1729 809 1779 835 pro

987 856 1052 882 quo,
1068 847 1136 882 ejus,
1152 847 1197 882 qui
1211 846 1324 874 salutem
1337 846 1427 873 audiri
1444 846 1644 881 facit,Aqnilas
1662 851 1688 874 et
1700 846 1780 882 Sym-

990 894 1104 921 machus
1124 894 1352 927 interpretantur.
1369 892 1469 919 Verum
1487 900 1542 926 quo
1557 892 1617 919 loco
1631 893 1699 919 sicut
1714 894 1780 920 lioru

990 939 1134 971 habemus,
1144 939 1189 966 ille
1197 939 1319 974 quidem,
1330 938 1393 973 quid
1402 937 1506 972 pulchri
1518 937 1583 971 facti
1595 942 1654 964 sunt
1666 939 1679 965 ?
1689 937 1779 965 Theo-

989 984 1063 1011 dotio
1084 987 1175 1011 autem
1210 984 1321 1016 venusti,
1344 982 1536 1009 reddiderunt.
1551 981 1667 1009 Miratur
1681 982 1780 1010 deinde

989 1030 1016 1057 in
1034 1038 1215 1065 quascunque
1227 1033 1320 1056 terras
1332 1028 1476 1062 Evangelii
1491 1035 1632 1063 praecones
1650 1029 1779 1063 abici-int,

989 1076 1089 1103 ibidem
1103 1076 1212 1102 auditos
1224 1083 1286 1102 esse
1304 1084 1310 1102 :
1325 1075 1478 1110 horumque
1492 1075 1569 1109 Pedes
1585 1074 1645 1101 ideo
1654 1075 1779 1109 pulchros

989 1122 1145 1157 appellavit,
1164 1127 1193 1148 ut
1214 1129 1284 1156 quos
1296 1121 1424 1148 Salvator
1435 1121 1580 1152 abluissel,
1593 1121 1711 1147 mundos
1720 1129 1780 1148 esse

989 1169 1158 1204 signiﬁcaret
1169 1168 1191 1184 ⁸³
1209 1177 1215 1195 :
1231 1175 1284 1194 non
1298 1168 1379 1194 aliter
1392 1174 1475 1202 quain
1494 1174 1542 1201 per
1557 1171 1670 1198 montes,
1691 1167 1780 1202 ipsum

990 1214 1195 1249 pra-dicationis
1214 1213 1425 1241 sublimitatem.
1444 1211 1537 1239 Pacem
1552 1220 1618 1239 vero
1641 1220 1703 1240 cum
1725 1212 1780 1240 lico

990 1267 1044 1287 nan
1068 1259 1167 1287 vicinis
1187 1263 1314 1290 tantum,
1343 1259 1390 1286 sed
1411 1258 1524 1285 remotis
1545 1258 1628 1284 etiam
1653 1258 1780 1293 gentibus

989 1305 1269 1340 euangelizabuut,qui
1281 1304 1421 1332 Christum
1449 1304 1585 1332 docebant
1598 1313 1605 1338 ;
1617 1313 1630 1330 a
1645 1312 1711 1340 quo,
1722 1313 1781 1332 tna-

989 1354 1070 1380 ceria:
1095 1352 1255 1384 interstitio,
1279 1351 1397 1386 odioque
1418 1351 1477 1385 ipso
1500 1359 1548 1386 per
1566 1359 1677 1379 carnem
1701 1359 1779 1379 suam

989 1398 1116 1431 sublatis,
1135 1403 1250 1432 utraque
1266 1405 1351 1424 unum
1367 1396 1463 1424 allecti:
1483 1401 1564 1431 sunt;
1576 1397 1650 1425 unde
1664 1396 1779 1425 Paulum

990 1445 1091 1480 ipsum,
1107 1451 1169 1471 cum
1190 1443 1222 1470 ad
1245 1443 1384 1470 Ecclesias
1412 1442 1519 1474 scribit,
1544 1442 1661 1476 gratiam
1686 1442 1739 1470 illis
1752 1446 1780 1470 et

990 1499 1084 1527 pacem
1099 1490 1204 1526 precari
1215 1489 1340 1517 videmus
1354 1488 1387 1516 “.
1400 1488 1624 1524 Euangelizabant
1641 1489 1703 1516 item
1713 1490 1782 1517 bona

991 1544 1085 1564 revera
1097 1556 1104 1568 ,
1114 1544 1176 1563 cum
1195 1535 1382 1563 beatitudines
1394 1535 1605 1562 denuntiabant.
1618 1534 1697 1570 591
1716 1535 1782 1562 Erat

991 1588 1057 1607 vero
1085 1587 1180 1607 eorum
1208 1580 1241 1606 ad
1263 1579 1382 1612 Sionem,
1411 1579 1436 1606 id
1449 1584 1492 1607 est
1512 1580 1546 1607 ad
1564 1587 1623 1612 eos,
1641 1581 1688 1615 qtti
1707 1580 1781 1614 piunt

992 1625 1054 1652 vitae
1070 1625 1226 1652 institutum
1241 1624 1360 1659 amplexi
1377 1629 1467 1657 erant,
1487 1629 1516 1653 et
1533 1625 1567 1652 ad
1589 1625 1678 1660 ipsum
1700 1625 1781 1653 etiam

992 1671 1179 1706 apostolorum
1204 1671 1332 1702 chorum,
1349 1670 1375 1697 in
1408 1671 1465 1697 haec
1494 1670 1577 1698 verba
1603 1671 1781 1706 praedicatio.

992 1714 1121 1750 Reguabit
1142 1714 1214 1742 Deus
1237 1720 1309 1741 tuus.
1327 1714 1405 1742 Unde
1429 1719 1458 1742 ct
1483 1715 1533 1750 ipsi
1564 1723 1673 1750 regnum
1698 1716 1784 1744 ccelo-

992 1768 1053 1788 rum
1069 1761 1178 1788 cunctis
1194 1760 1360 1788 mortalibus
1373 1760 1588 1788 annuntiabant.

1028 1806 1108 1839 Quod
1117 1807 1139 1834 si
1153 1806 1185 1833 ad
1199 1807 1379 1842 Septuaginta
1391 1807 1524 1840 attendis,
1536 1807 1620 1834 verba
1634 1807 1697 1841 ista,
1714 1809 1783 1835 sicut

992 1853 1059 1880 hora
1071 1853 1097 1879 in
1111 1852 1256 1885 montibus,
1271 1853 1305 1880 ad
1325 1860 1384 1887 eos,
1404 1853 1450 1888 qtii
1465 1853 1555 1888 ipsum
1569 1859 1783 1888 praecesserunt.

992 1900 1030 1926 ita
1048 1898 1192 1927 referenda
1206 1903 1280 1932 sunt,
1292 1903 1321 1926 ut
1331 1907 1372 1932 se,
1386 1899 1433 1934 qui
1448 1899 1724 1935 loquatuntanquam
1736 1901 1784 1929 In)-

992 1953 1052 1972 ram
1086 1945 1113 1972 in
1144 1945 1279 1972 montibus
1305 1944 1419 1978 adesse,
1441 1945 1556 1981 ipsoque
1580 1946 1652 1974 liora:
1673 1948 1784 1976 nomine

992 1999 1087 2019 verum
1096 1996 1235 2027 tempus,a
1247 1999 1303 2027 quo
1312 1991 1409 2020 ﬂorum
1423 1992 1620 2026 fructuumque
1633 2001 1729 2021 recens
1740 1993 1783 2021 iii-

993 2037 1061 2072 cipit
1076 2037 1172 2068 editio.
1189 2037 1381 2065 demonstrare
1391 2038 1541 2073 signiticet.
1559 2038 1626 2066 llinc
1637 2040 1683 2066 Illa
1698 2040 1782 2067 etiam

993 2080 1093 2116 Sponsi
1111 2082 1144 2108 ad
1162 2080 1298 2116 Sponsam
1313 2082 1397 2108 verba
1411 2090 1419 2109 :
1433 2091 1442 2107 ι
1460 2082 1560 2117 Surge,
1579 2083 1640 2110 veni
1662 2091 1722 2118 quae
1740 2091 1783 2111 me

992 2134 1077 2162 prope
1093 2134 1133 2159 es,
1152 2127 1268 2162 pulchra
1283 2131 1375 2154 turtur
1393 2134 1465 2160 mea,
1477 2128 1608 2162 quoniam
1621 2135 1686 2155 ecce
1695 2128 1783 2155 hiems

991 2173 1114 2206 transiit,
1132 2173 1221 2200 imber
1228 2173 1334 2200 abiitet
1349 2173 1464 2201 recessit
1477 2173 1542 2206 sibi,
1555 2173 1637 2202 ﬂores
1652 2182 1778 2209 apparue

150 2226 212 2244 κων
222 2219 438 2253 καταχειμάσας,
453 2220 594 2254 ἀκάρπους
606 2221 755 2256 ἀπέφηνεν,
770 2220 808 2252 ὡς
823 2221 860 2257 μὴ
871 2219 940 2247 εἶναι

994 2222 1059 2246 runt
1079 2218 1108 2245 in
1125 2222 1219 2251 terra;
1236 2223 1346 2253 tempus
1368 2219 1520 2254 pulationis
1543 2220 1654 2247 advenit
1670 2220 1703 2248 ⁸⁵.
1718 2231 1728 2247 ι
1753 2221 1781 2249 In

151 2262 280 2290 ποιοῦντα
299 2265 484 2300 χρηστότητα.
503 2266 575 2292 Ἀλλ’
597 2267 765 2302 ἀνεθάλομεν
784 2268 813 2294 ὲν
830 2267 941 2303 Χριστῷ

150 2311 340 2346 πνευματικῆς
358 2312 512 2347 εὐκαρπίας
534 2313 676 2349 γενόμενοι
691 2314 817 2350 πλήρεις,
837 2314 875 2346 ὡς
894 2313 960 2342 καΓ

149 2355 280 2383 δύνασθαι
308 2356 415 2392 λέγειν·
445 2368 454 2384 ι
474 2360 629 2395 Καταϐἡτω
646 2361 660 2387 6
679 2360 794 2395 ἀδελφός
821 2369 872 2396 μου
902 2361 942 2393 εἰς

149 2403 239 2437 κῆπον
250 2402 345 2436 αὑτοῦ,
357 2404 405 2431 καὶ
418 2406 528 2439 φαγέτω
537 2407 642 2441 καρπὸν
654 2406 812 2442 ἀκροδρύων
824 2407 916 2434 αὑτοῦ.
928 2416 937 2433 ι

149 2446 263 2481 Γέγονε
276 2447 304 2474 δὲ
317 2449 370 2476 καὶ
384 2449 424 2483 ὡς
443 2450 536 2484 πόδες
560 2451 826 2488 εὐαγγελιζομένου
843 2452 941 2486 ἀκοὴν

148 2492 282 2526 εἰρήνης,
301 2494 373 2521 κατὰ
387 2495 437 2531 τὴν
451 2497 683 2532 προαποδοθεῖσαν
700 2498 842 2533 ἐξήγησιν.
858 2497 939 2529 Τινὲς

149 2538 177 2564 δὲ
190 2538 221 2564 τὸ
235 2539 324 2574 παρὸν
340 2540 422 2575 ῥητὸν
437 2541 524 2574 οὕτως
550 2542 724 2578 ὲρμήνευσαν
743 2543 881 2577 λέγοντες,
901 2542 939 2574 ὡς

148 2583 200 2619 τὴν
215 2584 361 2620 ἐπίσκεψιν
378 2585 424 2613 τοῦ
440 2587 505 2614 λαοῦ
522 2587 573 2624 τὴν
586 2588 615 2614 ἐν
630 2589 687 2620 τοϊς
707 2588 776 2624 μετὰ
792 2587 879 2615 ταῦτα
894 2595 940 2622 γες

149 2629 266 2665 νομένην
280 2630 368 2666 δηλοῖ,
392 2632 454 2667 ἥτις
473 2634 521 2660 καὶ
548 2634 684 2670 παρουσία
707 2634 822 2666 δικαίως
839 2633 872 2661 ἂν
895 2633 940 2660 λέ-

148 2683 224 2710 γοιτο
234 2684 241 2691 ·
257 2676 289 2703 οὺ
305 2677 356 2711 τῆς
371 2678 466 2711 οὐσίας
480 2679 562 2706 αὐτοῦ
581 2680 665 2707 τόπον
679 2681 711 2707 ἐκ
726 2680 810 2708 τόπου
828 2680 939 2716 μετιού-

184 2731 302 2774 “_Rom.
324 2743 353 2770 ι,
371 2735 415 2764 15.
453 2737 476 2754 ⁸³
491 2736 702 2774 Joan.xni,l0.
741 2739 764 2756 δι
785 2739 795 2766 l
818 2738 883 2766 Cor.
912 2745 937 2771 I,
958 2737 986 2764 ὅ.

147 2773 187 2800 νι,
204 2768 230 2796 Ι.

992 2272 1043 2292 nos
1058 2265 1131 2292 enim
1148 2272 1210 2291 cum
1225 2263 1307 2291 draco
1326 2265 1396 2300 ipse,
1415 2269 1546 2300 tanquam
1569 2266 1657 2294 hiems
1672 2274 1780 2303 aspera,

993 2312 1163 2345 desaevisset,
1186 2313 1222 2340 ita
1243 2312 1351 2341 steriles
1369 2312 1470 2345 cli'ecit,
1487 2317 1516 2340 ut
1531 2313 1578 2348 qui
1597 2313 1664 2341 bene
1677 2320 1781 2349 ageret,

993 2358 1087 2386 nullus
1103 2363 1230 2393 repertus
1245 2358 1282 2386 sit.
1299 2358 1334 2385 ιι.
1352 2357 1405 2385 Sed
1420 2359 1457 2385 ita
1474 2358 1524 2394 ipsi
1539 2359 1565 2385 in
1578 2358 1689 2387 Christo
1704 2360 1783 2389 retio-

990 2405 1108 2437 ruimus,
1126 2409 1156 2431 nt
1177 2404 1314 2440 spirituali
1338 2403 1480 2431 fructuum
1510 2405 1639 2432 ubertate
1664 2405 1756 2434 referti
1774 2427 1781 2439 ,

995 2458 1005 2475 ι
1020 2449 1172 2477 Descendat
1183 2449 1267 2477 frater
1276 2456 1353 2476 meus
1367 2449 1394 2476 in
1406 2449 1516 2477 hortum
1525 2451 1596 2484 eius,
1612 2455 1640 2478 et
1655 2452 1785 2480 comedat

991 2492 1113 2519 fructum
1136 2492 1267 2519 arborum
1295 2493 1383 2528 ipsius
1405 2494 1440 2525 ⁸⁷,
1471 2502 1481 2519 ι
1510 2494 1602 2522 dicere
1628 2495 1781 2525 valeamus.

993 2538 1059 2566 Fuit
1072 2545 1137 2566 vero
1152 2538 1234 2566 etiam
1251 2543 1378 2574 tanquam
1388 2538 1466 2572 pedes
1480 2540 1783 2575 euangelizantiumau-

993 2587 1079 2614 ditum
1096 2585 1181 2620 pacis,
1197 2584 1220 2613 si
1237 2592 1298 2620 quae
1318 2585 1396 2620 prius
1404 2585 1487 2613 allata
1503 2591 1556 2618 est,
1570 2587 1782 2622 explicationem

992 2631 1136 2659 intuearis.
1153 2629 1212 2656 Non
1228 2629 1328 2657 desunt
1343 2637 1425 2665 porro
1438 2630 1485 2665 qui
1501 2631 1585 2658 verba
1599 2632 1652 2660 ista
1675 2633 1716 2660 sic
1739 2634 1784 2660 in-

992 2679 1190 2712 terpretentur,
1214 2679 1244 2703 ut
1268 2683 1328 2703 eam
1361 2676 1455 2712 populi
1483 2676 1700 2711 inspectionem.
1721 2686 1784 2714 qua:

1032 2733 1055 2750 ⁵⁵
1071 2732 1153 2762 Cant.
1171 2741 1210 2768 ιι,
1233 2732 1323 2761 10-12.
1379 2733 1402 2750 ⁵⁸
1418 2731 1493 2762 Psal.
1510 2741 1571 2768 xm,
1584 2735 1612 2780 ὃς
1661 2735 1683 2753 ⁵⁷
1701 2736 1782 2766 Cant.

793 2814 912 2843 V'ARIAE
932 2806 1138 2843 LECTIONES.

183 2863 203 2879 η’
220 2868 265 2894 γρ.
284 2859 378 2888 ἀπονί.
