1999 3076
187 162 254 195 25H

857 162 1033 194 PROCOPII
1051 163 1173 194 GAZEEI

1752 160 1823 193 2512

188 227 284 258 postea
301 221 428 256 contigit,
442 226 467 249 et
484 221 583 249 merito
599 221 683 250 etiam
705 228 837 249 accessus
849 221 978 254 dicatur;

1036 227 1093 254 mc,
1107 219 1176 247 ἀλλὰ
1189 219 1239 254 τῆς
1264 219 1406 255 ἐνεργείας
1430 218 1582 254 καταδήλου
1598 218 1752 254 γινομένης.
1779 218 1826 247 Διὸ

187 275 242 294 non
260 267 332 301 quod
353 267 413 301 ejus
427 267 549 294 essentia
575 275 589 294 a
611 268 670 294 loco
690 268 717 294 in
739 267 830 294 locum
846 270 981 299 transeat,

188 313 235 340 sed
248 313 320 347 quod
338 312 463 347 ejusdem
482 313 556 340 vires
573 319 668 348 aperte
687 315 925 343 detnonstrenlur,
941 313 981 340 si-

187 359 313 395 gniticari
323 359 408 387 velint
421 369 428 386 :
443 359 536 395 itaque
549 360 673 395 purgatis
685 361 794 395 quidem
812 360 892 388 nobis
903 359 982 386 ades-

188 413 236 438 se,
259 406 355 433 abesse
370 410 464 433 autem
494 406 596 433 scelere
609 411 636 433 et
653 407 721 433 vitio
749 405 913 441 inquinatis.
936 406 982 432 Ait

188 453 272 492 igitur
287 456 343 479 tam
363 458 485 487 apertam
510 452 569 480 fore
585 452 785 485 defensionem,
807 457 838 480 ut
857 453 900 480 vel
927 451 981 487 ipsi

187 497 325 528 eumdem,
341 497 388 532 qui
403 505 477 524 nunc
490 498 579 525 futura
596 497 772 533 prtenuntiat,
784 503 811 525 et
826 499 873 533 qui
886 502 981 533 postea

188 545 348 580 atlimpleat,
365 553 428 573 esse
441 545 587 573 fateamur.
600 545 636 572 Ut
649 545 724 572 enim
745 553 800 573 non
820 550 910 581 potest
926 547 981 574 diei

188 589 325 618 venientis
340 589 407 617 hora
429 591 527 623 latere,
540 597 604 618 cum
623 595 730 618 montes
743 590 794 625 ipsi
811 591 879 619 solis
893 591 980 619 radiis

189 634 367 663 illustrantur
387 643 394 662 :
417 635 457 663 sic
475 635 529 663 erit
550 635 680 663 omnibtts
696 636 846 670 conspicua
872 644 931 664 mea
953 637 980 664 in

187 688 237 707 vos
249 681 395 715 propensio
408 689 416 714 ;
431 689 519 714 neque
538 681 644 708 minore
662 681 758 708 lwtitia
772 686 796 708 et
807 683 982 710 exsultatione

187 723 383 758 implebimini,
406 732 487 759 quam
508 725 608 758 quibus
632 725 705 758 pacis
722 725 829 751 dulcem
854 725 980 752 nuntium

187 769 309 804 aliquem
338 769 432 797 audire
471 769 598 804 contigit.
630 769 689 804 Ipse
728 777 821 804 porro,
853 770 898 796 ubi
934 777 982 798 vos

187 816 328 843 emendari
370 815 536 850 contigerit,
567 823 614 842 rea:
648 820 739 843 vester
761 815 894 850 appellari
927 824 981 843 non

188 861 369 896 dedignabor.
381 860 420 888 Eo
430 862 503 888 enirn
518 860 657 888 felicitatis
673 866 838 895 perventura
850 866 891 888 est
903 860 980 894 Sion,

189 911 218 934 ut
234 906 261 934 in
274 914 305 934 ea
328 906 396 934 nihil
412 914 466 934 non
484 913 579 934 eorum
596 906 731 938 omnium,
744 914 804 941 qum
817 907 843 933 in
863 908 978 942 prmcla-
998 895 1018 923 Β

186 952 226 980 ris
240 952 321 987 592
332 957 359 980 et
375 952 481 988 pacatis
491 951 605 980 urbibus
622 951 700 984 liunt,
713 951 857 986 aditnpieri
873 953 977 981 videas:

188 997 254 1024 dntn
278 998 329 1033 ipsi
348 997 458 1033 quidem
473 997 597 1024 custodes
621 997 717 1023 urbem
733 1005 793 1024 cum
810 1006 870 1025 voce
885 1007 979 1026 serva-

1034 267 1246 303 καοαιρομένοις
1275 265 1325 300 μὲν
1348 266 1414 301 ἡμῖν
1432 266 1560 300 παρεῖναι
1575 264 1695 298 λέγεται,
1717 265 1826 292 ἀπεῖναι

1032 313 1061 340 δὲ
1079 311 1302 348 ἁμαρτανόντων.
1322 311 1378 346 Τὴν
1390 312 1480 338 τοίνυν
1496 311 1640 346 ἀντίληψιν
1655 310 1727 337 οὕτω
1742 319 1826 344 φανε-

1034 359 1083 395 ρὰν
1105 357 1216 385 ἔσεσθαί
1231 365 1325 392 φησιν,
1341 355 1379 388 ὡς
1407 356 1479 391 ὑμᾶς
1497 356 1664 391 ὁμολογῆσαι
1681 356 1727 382 τὸν
1744 356 1826 382 αὑτὸν

1032 402 1103 431 εἶναι
1119 404 1165 431 τὸν
1180 403 1228 430 καὶ
1244 402 1292 429 νῦν
1308 401 1481 438 προλέγοντα
1496 401 1542 428 καὶ
1556 400 1636 433 αὖθις
1655 401 1823 437 πληροῦντα.

1037 450 1084 482 Ὧς
1102 450 1157 486 γὰρ
1177 449 1228 476 οὐκ
1255 448 1314 475 ἔστι
1337 449 1388 483 τὴν
1404 447 1486 481 ὥραν
1510 447 1560 482 τῆς
1589 447 1697 483 ἡμέρας
1721 446 1825 479 λαθεῖν,

1032 495 1094 522 καθ’
1105 495 1140 531 ἢν
1152 493 1297 529 ἐκλάμψας
1310 494 1324 520 ὁ
1335 492 1411 528 ἥλιος
1425 492 1602 526 καταλάμπει
1614 491 1647 518 τὰ
1657 491 1720 527 ὅρη,
1739 492 1826 522 οὕτως

1032 541 1109 568 ἔσται
1126 540 1233 576 φανερὰ
1250 540 1335 566 πᾶσιν
1354 539 1371 574 ἡ
1399 538 1464 574 παρ’
1487 538 1555 573 ἐμοῦ
1583 538 1623 569 είς
1654 538 1726 572 ὑμᾶς
1743 537 1824 572 ῥοπὴ,

1032 585 1128 622 χαρᾶς
1140 594 1172 614 τε
1190 585 1242 613 καὶ
1260 584 1480 620 ἀγαλλιάσεως,
1501 583 1573 610 οὕτω
1599 583 1824 618 πληρωθήσεσοε,

1032 633 1159 668 καθάπερ
1176 633 1233 664 τοῖς
1250 631 1348 665 ἀκοήν
1366 631 1440 657 ἐστιν
1455 629 1614 664 εἰρηνικήν
1623 639 1653 655 τε
1669 630 1715 656 καὶ
1731 629 1824 664 ἡδεῖαν

1031 679 1199 715 δεχομένοις.
1223 677 1278 704 Καὶ
1290 676 1444 710 βασιλεὺς
1466 676 1496 704 δὲ
1522 675 1600 710 ὑμῶν
1621 675 1824 709 διορθουμένων

1032 723 1142 758 ἀξιώσω
1156 723 1309 752 καλεῖσθαι.
1324 724 1421 750 Ἔσται
1434 723 1487 758 γὰρ
1503 723 1520 757 ἡ
1542 721 1619 749 Σιὼν
1637 721 1724 753 οὕτως
1739 721 1824 754 εὐθη-

1032 772 1163 807 νουμένη,
1177 770 1216 802 ὡς
1231 770 1322 797 πάντα
1342 770 1435 796 ἐκεῖνα
1453 768 1636 804 πληροῦσθαι,
1649 768 1699 794 ὃσα
1716 768 1745 793 ὲν
1763 769 1824 799 ταῖς

1033 817 1167 851 ὲπιδόξοις
1180 817 1275 843 πόλεσι
1289 816 1338 843 καὶ
1357 814 1564 851 είρηνευούσαις
1575 822 1582 829 ·
1608 813 1753 849 φυλάκων
1774 813 1824 848 μὲν

1033 863 1190 899 τηρούντων
1213 862 1265 899 τὴν
1293 862 1371 889 πόλιν
1394 861 1471 896 μετὰ
1494 861 1618 895 φωνῆς,
1650 861 1765 891 ἑαυτοὺς
1794 859 1824 886 δὲ

1032 908 1232 944 ἀσπαζομένων
1239 907 1305 943 μετ’
1319 907 1525 942 εὐφροσύνης,
1542 906 1578 937 ὠς
1589 906 1743 941 ἐπεγείρειν
1759 906 1823 932 ἑαυ-

1032 956 1090 986 τοῖς
1103 955 1132 981 ὲν
1149 955 1208 986 ταῖς
1226 953 1385 988 συντυχίαις
1398 952 1448 988 τὴν
1469 952 1570 988 χαρὰν,
1587 952 1634 979 καὶ
1649 952 1696 978 τὸν
1711 950 1756 978 ἐπ’
1773 951 1823 978 αὑ-

1032 1001 1089 1032 τοῖς
1102 1000 1176 1026 ἐλεον
1188 999 1345 1035 κηρύττειν.

189 1043 269 1076 bunt,
284 1051 345 1071 sese
363 1042 463 1070 deinde
481 1050 541 1069 cum
562 1041 724 1069 exultatione
742 1043 778 1070 ita
797 1043 958 1071 salutabunt
970 1064 977 1077 ,
1014 1050 1044 1073 ut
1056 1046 1140 1074 sortis
1155 1045 1350 1073 communione
1371 1043 1406 1072 ad
1432 1043 1564 1079 gaudium
1588 1051 1651 1072 sese
1686 1043 1820 1083 excitent,

188 1093 216 1117 et
246 1096 328 1124 quam
354 1092 419 1116 sunt
439 1087 579 1116 couSecuti
604 1088 823 1115 misnricordiam
839 1088 1036 1124 drprmdicent.

225 1135 293 1163 Esse
309 1142 375 1162 vero
392 1134 475 1169 httjus
496 1135 579 1162 etiam
594 1134 697 1162 lmtitiw
715 1136 864 1171 participes
883 1138 982 1166 merito

189 1180 436 1216 Hierosolymorum
447 1179 604 1207 solitudines
622 1180 759 1208 dicantur.
780 1181 815 1208 Ut
829 1183 902 1210 enim
917 1191 980 1210 cum

189 1228 284 1255 Sionis
298 1227 358 1254 vias
368 1227 460 1262 lugere
473 1226 542 1254 dixit
554 1226 577 1242 ⁸⁸
589 1246 596 1259 ,
610 1227 761 1254 incolarum
777 1230 979 1256 etadvenarum

189 1273 367 1301 solitudinem
382 1271 549 1308 significavit
560 1292 568 1305 ,
582 1273 622 1300 sic
636 1277 663 1300 et
675 1281 759 1307 nunc,
769 1281 832 1301 cum
847 1275 980 1302 desertum

189 1320 289 1348 festum
306 1319 388 1347 simul
403 1323 531 1346 acturum
550 1318 638 1352 dixit,
654 1327 726 1352 eam,
743 1328 797 1355 qua
812 1321 980 1355 adiciuntur,

190 1366 312 1394 latitiam
336 1366 523 1399 demonstrat;
543 1373 634 1392 rerum
649 1366 764 1394 istarum
779 1375 891 1395 causam
913 1368 982 1396 divi-

189 1420 232 1440 nae
261 1412 426 1448 benignitati
452 1416 480 1439 et
505 1412 703 1440 misericordia.-
743 1415 904 1448 ascribens;
934 1421 982 1450 per

191 1469 274 1496 quam
296 1461 367 1489 idem
382 1460 534 1488 Jerusalem
555 1461 662 1488 brachio
675 1470 723 1489 suo
734 1483 741 1495 ,
759 1463 785 1490 id
803 1468 845 1491 est
859 1464 981 1498 potentia

190 1506 302 1533 virtutis
317 1513 374 1533 suae
388 1505 528 1537 liberavit;
542 1513 604 1533 cutn
620 1514 633 1533 ιι
651 1506 705 1533 Deo
717 1507 854 1535 civitatem
871 1508 981 1536 defendi

1072 1139 1220 1166 Κοινωνεῖν
1232 1137 1261 1165 δὲ
1276 1138 1327 1173 τῆς
1349 1138 1544 1173 εὐφροσύνης
1560 1138 1652 1169 αὐτοῖς
1674 1137 1774 1172 λέγοιτ’
1791 1138 1825 1165 ἂν

1035 1185 1148 1217 εἰκότως
1162 1185 1210 1212 καὶ
1224 1183 1261 1211 τὰ
1272 1184 1368 1219 ἔρημα
1393 1184 1448 1218 τῆς
1471 1184 1680 1219 Ἰερουσαλήμ.
1703 1185 1746 1216 Ὠς
1770 1186 1825 1220 γὰρ

1033 1231 1078 1258 διὰ
1086 1231 1144 1263 τοῦ,
1152 1241 1160 1257 ι
1172 1231 1243 1258 Ὀδοὶ
1251 1230 1321 1256 Σιὼν
1330 1230 1467 1263 πενθοῦσι,
1478 1239 1488 1256 ι
1497 1230 1546 1266 τὴν
1555 1230 1609 1257 τῶν
1617 1231 1767 1266 οἰκητόρων
1778 1232 1825 1258 καὶ

1032 1277 1189 1312 παριόντων
1203 1276 1323 1312 ἐρημίαν
1339 1276 1435 1311 ἐδήλου
1445 1284 1452 1292 °
1468 1276 1539 1303 οὕτω
1562 1277 1610 1303 καὶ
1624 1277 1671 1303 νῦν
1686 1277 1737 1312 τὴν
1758 1277 1826 1311 ἕρη-

1032 1332 1092 1358 μον
1103 1323 1295 1358 συνεορτάσειν
1310 1321 1409 1355 είπὼν,
1421 1322 1471 1358 τὴν
1489 1322 1698 1349 καταλαϐοῦσαν
1726 1323 1826 1354 αὐτοὺς

1034 1370 1229 1404 εὐφροσύνην
1256 1369 1432 1404 παρίστησιν,
1460 1369 1547 1396 αἴτιον
1561 1369 1663 1396 τούτων
1683 1369 1729 1396 τὸν
1752 1369 1826 1396 ἔλεον

1035 1415 1120 1442 εἰπὼν
1137 1415 1184 1441 τοῦ
1206 1415 1285 1446 Θεοῦ,
1305 1414 1338 1441 δι’
1361 1415 1390 1442 ὃν
1405 1416 1419 1441 ὸ
1444 1414 1510 1446 Θεὸς
1539 1414 1597 1448 τὴν
1632 1414 1827 1449 Ἰερουσαλὴμ

1034 1461 1227 1496 ἐλυτρώσατο
1242 1460 1282 1493 τῷ
1294 1461 1446 1495 βραχίονι,
1460 1460 1534 1487 τοῦτ’
1550 1461 1608 1487 ἔστι
1623 1463 1657 1497 τῇ
1681 1461 1730 1496 τῆς
1747 1461 1827 1488 δυνά-

1038 1517 1111 1543 μεως
1125 1507 1261 1544 ἐνεργείᾳ,
1278 1507 1467 1541 γινωσκόντων
1490 1506 1545 1533 τῶν
1560 1506 1645 1533 ὲθνῶν
1657 1506 1695 1538 ὡς
1712 1507 1827 1533 ἐπεσκέ-

190 1557 286 1587 gentes
299 1553 363 1587 ipsa:
378 1559 433 1579 non
447 1552 629 1587 ambigerem.
639 1552 728 1587 Atque
737 1553 795 1581 hace
806 1553 917 1588 quidem
929 1554 978 1581 illi.

1036 1554 1103 1589 om
1118 1554 1168 1589 τὴν
1186 1552 1367 1588 Ἰερουσαλὴμ
1379 1553 1393 1580 ὁ
1409 1553 1487 1583 Θεός·
1504 1552 1551 1580 καὶ
1566 1552 1654 1580 ταῦτα
1680 1552 1730 1587 μὲν
1743 1549 1827 1580 οὗτοι.

189 1598 324 1625 Caeterum
344 1606 399 1633 quo
420 1598 492 1632 loco,
518 1598 573 1625 νοω
595 1600 799 1626 custodientium
820 1605 843 1627 te
864 1601 985 1628 uallata

191 1651 241 1678 est,
268 1645 411 1678 habemus,
430 1645 485 1673 Vox
509 1647 708 1680 speculatorum
732 1651 837 1673 tuorum
852 1647 923 1674 elata
947 1652 985 1674 est

191 1691 390 1726 interpretatur
418 1692 614 1727 Symmachus,
639 1692 791 1728 adjungens
814 1697 839 1719 et
863 1693 890 1720 in
916 1693 985 1720 idem

193 1737 342 1765 laudabunt
359 1746 368 1765 .'
383 1737 487 1765 ocnlate
502 1738 572 1765 enim
587 1738 722 1770 videbunt,
737 1739 843 1774 quando
855 1745 985 1766 convertet

193 1784 259 1811 Sion
277 1784 426 1816 Dominus;
439 1784 467 1811 in
483 1792 539 1820 quo
552 1792 661 1812 rursum
675 1785 718 1820 pia
731 1785 793 1813 vita:
811 1786 879 1812 ratio
891 1786 985 1813 innui-

192 1835 248 1857 tur.
262 1829 315 1857 Sed
331 1838 380 1866 pro
398 1837 454 1865 quo
466 1830 570 1858 oculata
582 1831 652 1857 dixit
663 1850 670 1861 .
689 1831 795 1857 oculum
814 1832 840 1858 in
851 1831 927 1858 oculo
945 1832 985 1859 vi-

192 1884 269 1903 suros
287 1884 343 1904 esse
360 1876 460 1910 reliqui
479 1877 691 1904 transtulerunt.
717 1877 821 1905 Deinde
840 1878 986 1912 speculato-

191 1930 250 1948 rum
274 1922 393 1953 nomine,
411 1921 564 1949 Salvatoris
581 1922 733 1956 discipulos
758 1922 895 1958 intelligit.
919 1923 984 1950 Nam

192 1973 219 1994 et
240 1968 276 1994 ita
300 1968 446 2003 prophetas
472 1967 624 2002 antiquitus
648 1968 840 2003 appellabant,
864 1972 891 1995 et
913 1976 986 1996 nunc

192 2014 275 2040 etiam
287 2014 406 2041 recentis
417 2014 509 2048 populi
521 2013 698 2048 speculatores
707 2019 731 2042 et
742 2014 862 2043 custodes
873 2015 986 2050 quidam

192 2060 245 2094 ipsi
265 2064 331 2087 sunt
352 2060 487 2094 apostoli;
511 2061 557 2095 qui
581 2060 703 2087 bonitate
725 2060 857 2088 doctrina:
882 2062 985 2096 pastori

192 2106 309 2141 principi
338 2106 470 2133 adversus
495 2106 585 2141 lupos,
607 2114 673 2133 oves
701 2107 870 2134 custodiunt.
901 2106 985 2134 lidetn

193 2157 343 2187 prazterea,
368 2153 432 2187 quia
463 2152 523 2180 suis
546 2152 629 2180 oculis
654 2151 824 2180 Salvatorem
846 2153 986 2185 viderunt,

192 2199 306 2233 suisque
314 2198 432 2226 ’auribus
449 2197 630 2230 audiverunt;
646 2206 734 2225 vocem
752 2206 829 2225 suam
845 2207 878 2225 eo
897 2207 984 2234 usque

1043 1601 1116 1627 ’Λντὶ
1129 1600 1157 1627 δὲ
1173 1600 1231 1631 τοῦ,
1246 1599 1331 1634 φωνὴ
1348 1600 1408 1626 τῶν
1421 1600 1647 1634 φυλασσόντων
1657 1607 1694 1625 σε
1710 1598 1826 1633 ὑψώθη,

1035 1647 1050 1673 ὁ
1077 1646 1237 1682 Σύμμαχος,
1268 1645 1354 1679 Φωνὴ
1381 1645 1441 1672 τῶν
1471 1644 1596 1671 σκοπῶν
1621 1651 1680 1671 σου
1704 1644 1828 1678 ἐπῆρεν,

1036 1692 1219 1728 ἑρμήνευσεν,
1239 1692 1287 1718 καὶ
1311 1691 1463 1726 ἐπήγαγεν,
1478 1690 1525 1717 ἐπὶ
1544 1690 1578 1716 τὸ
1600 1690 1672 1716 αὐτὸ
1688 1690 1828 1717 αίνέσου-

1035 1745 1098 1765 σιν.
1127 1736 1381 1772 Ὀφθαλμοφανῶς
1409 1736 1465 1772 γὰρ
1491 1736 1620 1770 ὄψονται
1646 1736 1681 1763 ἐν
1704 1735 1745 1768 τῷ
1764 1736 1828 1762 ἑπι-

1036 1783 1166 1818 στρέψαι
1179 1784 1290 1818 Κύριον
1305 1783 1362 1817 τὴν
1377 1783 1453 1810 Σιών
1465 1790 1472 1796 ·
1489 1781 1657 1818 δηλουμένου
1681 1781 1764 1809 πάλιν
1780 1782 1828 1808 τοῦ

1037 1829 1180 1860 θεοσεϐοῦς
1197 1829 1406 1864 πολιτεύματος.
1426 1829 1499 1856 ’Λντὶ
1521 1829 1550 1856 δὲ
1566 1829 1613 1856 τοῦ
1638 1830 1830 1863 ὀφθαλμοφα·

1036 1875 1106 1908 νῶς,
1120 1875 1144 1902 οἱ
1159 1874 1248 1901 λοιποὶ
1260 1875 1341 1908 φασιν
1358 1874 1517 1908 ὀφθαλμὸν
1532 1874 1568 1901 ὲν
1583 1873 1726 1909 ὀφθαλμῷ
1736 1874 1830 1907 ὄψον-

1036 1929 1094 1948 ται.
1116 1920 1260 1960 ’Σκοποὺς
1276 1920 1305 1946 δὲ
1323 1919 1370 1946 νῦν
1392 1920 1459 1951 τοὺς
1485 1920 1611 1956 μαθητὰς
1637 1920 1684 1946 τοῦ
1701 1920 1829 1955 Σωτῆρος

1037 1966 1126 1993 καλεῖ.
1148 1967 1202 1993 Καὶ
1219 1965 1305 1992 πάλαι
1326 1966 1381 2001 γὰρ
1406 1966 1469 1997 τοὺς
1485 1966 1627 2001 προφήτας
1653 1965 1740 1996 οὕτως
1764 1965 1831 1992 ἐχά-

1037 2013 1111 2044 λουν,
1127 2013 1174 2039 xit
1191 2012 1238 2038 νῦν
1254 2012 1301 2039 τοῦ
1324 2013 1386 2040 νέου
1409 2011 1476 2039 λαοῦ
1501 2012 1632 2047 γεγόνασι
1646 2011 1756 2038 σκοποὶ
1779 2011 1829 2038 καί

1037 2059 1171 2094 φύλακες
1189 2059 1214 2085 οἱ
1239 2059 1385 2086 ἀπόστολοι
1401 2059 1588 2094 φυλάσσοντες
1601 2058 1655 2085 ἀπὸ
1670 2057 1725 2084 τῶν
1739 2057 1832 2084 λύκων

1041 2105 1082 2141 τῷ
1113 2106 1293 2141 ἀρχιποίμενι
1318 2106 1353 2132 τὰ
1381 2105 1507 2141 πρόϐατα
1538 2104 1584 2132 διὰ
1600 2104 1650 2139 τῆς
1670 2103 1831 2140 πρεπούσης

1044 2152 1231 2185 διδασκαλίας,
1258 2153 1314 2180 Καὶ
1342 2151 1581 2187 ὀρθολμοεςανῶς
1613 2151 1748 2178 αὐτόπται
1782 2150 1831 2177 καὶ

1039 2199 1170 2234 αὐτήκοοι
1195 2198 1243 2226 τοῦ
1266 2199 1393 2234 Σωτῆρος
1432 2198 1574 2233 γενόμενοι
1614 2197 1746 2231 ὕψωσαν
1771 2196 1830 2231 τὴν

191 2231 357 2275 exuit-urunt,
370 2250 399 2270 ut
413 2252 428 2270 a
437 2243 557 2279 gentibus
573 2243 694 2271 omnibus
707 2243 802 2270 audita
814 2245 861 2275 sit,
874 2231 982 2279 duoque

1039 2231 1156 2271 ἑαυτῶν
1183 2244 1300 2279 φωνὴν,
1387 2231 1578 2277 ἐξακουστὸν
1602 2243 1730 2277 γενέσθαι
1753 2242 1830 2271 πᾶσι

191 2289 220 2316 in
238 2296 322 2316 unum
336 2288 428 2323 populi
449 2288 579 2319 coierint,
593 2288 670 2322 juxta
699 2288 764 2316 illtnl
779 2297 786 2315 :
807 2297 815 2313 ι
831 2288 991 2322 ιιυιοιιιὶιιῑ,

192 2339 289 2371 gentes
306 2342 367 2362 cum
383 2334 484 2370 populo
500 2333 561 2369 ejus
578 2334 610 2360 δ’.
633 2343 649 2368 »ί
667 2333 735 2361 Hine
751 2339 778 2361 et
803 2335 848 2361 illa
864 2335 985 2366 Davidis.

196 2391 205 2407 ε
222 2380 322 2408 Audite
333 2380 403 2412 haec,
420 2387 518 2407 omnes
529 2383 626 2414 gentes
644 2380 677 2406 "°.
693 2389 701 2405 ι
716 2379 817 2406 Deinde
834 2388 888 2407 non
906 2381 986 2407 aliter

192 2435 274 2462 quam
290 2426 349 2462 ipsa
365 2425 564 2453 tltetnoniorum
578 2425 735 2457 multitudo,
748 2433 801 2451 non
814 2425 873 2452 sine
888 2427 981 2453 sonitu

193 2474 294 2508 periit,
309 2476 340 2499 ut
357 2479 372 2499 a
387 2472 496 2499 neruine
512 2471 684 2506 ignoraretur
697 2481 703 2498 :
715 2472 789 2499 sicel
801 2471 900 2499 salutis
911 2479 982 2506 prse-

193 2521 304 2546 eonium
319 2518 353 2545 ab
369 2517 497 2545 omnibus
509 2537 517 2549 ,
532 2517 580 2552 qui
595 2517 623 2544 in
639 2518 739 2545 veteris
762 2517 872 2553 tyranni
895 2518 984 2545 locum

194 2573 279 2600 regem
298 2564 377 2600 593
389 2563 534 2591 Dominum
549 2569 729 2599 exceperunt,
743 2564 866 2591 exaudiri
883 2564 983 2591 decuit.

193 2611 273 2644 Quod
285 2611 365 2638 nobis
375 2614 451 2638 certe
466 2609 626 2637 festivitatis
634 2614 662 2637 et
676 2610 777 2637 laetitiae
792 2615 983 2646 argumentum

195 2654 302 2690 peperit
325 2675 332 2687 ,
352 2654 430 2689 juxta
445 2653 534 2681 illud:
555 2662 566 2679 ‹
586 2653 718 2682 ῡοιιιίιιιιε
737 2655 872 2690 regnavit,
892 2655 985 2682 exsul-

195 2705 230 2728 tet
248 2705 320 2728 terra
332 2700 366 2727 δι.
390 2709 400 2726 ι

232 2749 290 2782 Quo
308 2752 391 2784 pacto
413 2752 504 2776 autem
520 2752 620 2784 regnet,
649 2755 702 2775 non
721 2747 839 2775 obscure
870 2748 984 2779 indicat,

196 2801 257 2822 cum
270 2802 356 2821 vocent
371 2794 577 2821 custodientium
588 2793 733 2821 multatam
746 2801 772 2820 es
790 2802 802 2819 e
819 2793 960 2830 subiungit
975 2802 983 2820 :

1039 2290 1101 2323 τοῖς
1123 2290 1245 2318 ἔθνεσιν
1269 2291 1317 2317 καὶ
1342 2290 1411 2326 πρὸς
1439 2290 1488 2316 ἕνα
1512 2289 1576 2322 τοὺς
1596 2289 1643 2316 δύο
1663 2289 1830 2324 συναχθῆναι

1038 2336 1130 2368 λαοὺς.
1147 2336 1218 2363 κατὰ
1237 2336 1278 2362 τό·
1297 2347 1305 2362 ι
1318 2335 1509 2372 Εὐφρανθῆτε,
1527 2335 1604 2371 ἔθνη,
1621 2335 1691 2370 μετὰ
1699 2334 1748 2361 τοῦ
1763 2334 1828 2361 λαοῦ

1037 2382 1134 2409 αὐτοῦ.
1151 2392 1161 2408 ι
1181 2382 1227 2409 Διδ
1246 2383 1314 2418 φησὶ
1338 2383 1385 2409 καὶ
1409 2382 1509 2409 Δα6ίδ·
1529 2391 1539 2407 ί
1563 2381 1712 2408 Ἀκούσατε
1730 2380 1828 2412 ταῦτα,

1038 2428 1127 2455 πάντα
1160 2428 1195 2455 τὰ
1219 2428 1294 2463 ἔθνη.
1312 2438 1321 2454 ι
1354 2428 1408 2455 Καὶ
1427 2428 1522 2464 ὥσπερ
1545 2427 1576 2454 τὺ
1599 2427 1655 2454 τῶν
1680 2428 1830 2463 δαιμονίων

1037 2474 1141 2510 πλῆθος
1153 2474 1279 2502 ἀπώλετο
1297 2475 1356 2510 μετ’
1371 2475 1466 2510 ἦχους,
1482 2475 1520 2505 ὼς
1547 2474 1682 2509 ἀγνοῆσαι
1705 2475 1809 2510 μηδένα
1820 2483 1828 2490 ⁵

1036 2520 1108 2547 οὕτω
1143 2520 1175 2547 τὸ
1206 2522 1341 2556 σωτήριον
1369 2522 1501 2557 κήρυγμα
1524 2522 1608 2547 πᾶσιν
1635 2520 1830 2553 ἐξάκουστον

1036 2565 1141 2601 γέγονε
1149 2566 1285 2597 βασιλέα
1295 2565 1456 2601 δεξαμένοις
1467 2566 1528 2593 ἀντὶ
1540 2566 1587 2593 τοῦ
1600 2566 1684 2594 πάλαι
1695 2567 1829 2602 τυράννου

1036 2612 1082 2638 τὸν
1101 2611 1212 2647 Κύριον.
1232 2613 1264 2638 Ὃ
1278 2611 1310 2647 δὴ
1327 2612 1375 2638 καὶ
1394 2612 1506 2646 γέγονεν
1529 2612 1596 2647 ἡμῖν
1614 2612 1725 2647 ἀφορμὴ
1742 2622 1831 2648 πανη-

1037 2657 1153 2692 γύρεως,
1170 2657 1239 2684 κατὰ
1252 2659 1291 2684 τοι
1304 2667 1312 2683 t
1331 2657 1359 2684 Ὀ
1376 2657 1478 2693 Κύριος
1497 2657 1682 2691 ἐδασίλευσεν,
1700 2658 1832 2692 ἀγαλλιά-

1040 2702 1096 2728 σοω
1209 2712 1217 2727 ι

1074 2748 1136 2779 Πῶς
1151 2748 1179 2774 δὲ
1191 2748 1351 2780 βασιλεύει
1366 2747 1441 2783 δηλοῖ
1452 2748 1551 2783 λέγων,
1575 2748 1661 2783 φωνὴ
1692 2747 1752 2774 τῶν
1771 2757 1828 2782 φυ-

1035 2794 1217 2820 λασσόντων
1239 2801 1276 2820 σε
1288 2794 1404 2828 ὑψώθη.
1421 2793 1491 2828 Πρὸς
1504 2793 1550 2825 οὓς
1570 2793 1663 2828 ἔλεγεν
1688 2792 1802 2824 Ἡσαΐας
1819 2800 1828 2808 ·

234 2881 258 2900 ⁸⁸
272 2882 374 2911 ΤΙιι-οιι.
397 2891 416 2915 t,
438 2883 464 2910 4.
505 2883 526 2899 ⁸⁸
546 2882 598 2910 lsa.
616 2891 689 2914 Lxrt,
706 2882 748 2910 is).
787 2882 809 2898 "°
829 2881 901 2910 Psal.
924 2889 982 2908 XLVI

1036 2881 1060 2908 Ξ.
1100 2881 1119 2898 ⁵¹
1137 2881 1210 2909 Psal.
1244 2889 1303 2915 xcv,
1319 2882 1359 2909 Il.
