1999 3076
166 125 236 157 2513

167 191 175 206 ι
199 180 259 207 Ἐπ’
286 181 349 217 ὅρος
382 181 485 217 ὑψηλὴν
523 182 640 217 ἀνάϐηθι
670 185 684 211 6
711 184 993 220 εὖαγγελιζὸμενοςΑ

164 226 243 254 Σιών.
264 227 392 262 Ὕψωσον
404 229 438 264 τῇ
453 228 525 264 ίσχύῖ
539 229 590 265 τὴν
616 229 710 265 φωνήν
733 238 791 257 σου.
814 240 824 257 ι
849 230 881 257 Οἳ
907 231 954 258 καὶ

163 273 357 307 εὐφροσύνης
397 273 583 310 ἐπληροῦντο,
615 275 799 311 ὲλεουμέιυης
834 276 883 311 τῆς
895 277 957 308 νέας

164 318 260 351 Σιὼν,
288 319 357 355 ὁμοῦ
388 319 428 355 τῷ
460 320 621 357 κηρύγματι
651 321 682 348 τὸ
715 322 796 357 ἔργον
837 322 957 357 ὁρῶντες

164 368 212 394 καὶ
245 366 301 394 τῶν
331 367 486 395 ἀκουόντων
498 368 547 404 τὴν
581 368 685 397 πίστιν.
711 370 767 397 Καὶ
795 370 901 402 Παῦλος
928 370 957 398 δὲ

164 413 264 447 γράφει
289 414 346 445 τοῖς
360 413 394 440 δι’
420 413 503 440 αὐτοῦ
532 414 745 441 πεπιστευκόσιν
760 423 767 430 ·
786 424 796 440 ι
815 416 895 451 Χαρά
909 416 957 443 καὶ

165 457 298 492 στέφανός
323 467 382 493 μου.
400 468 409 484 ι
429 458 492 486 ’Ὁτι
513 459 542 486 δέ
575 460 633 494 ἅμα
660 469 691 486 τε
729 460 870 494 ἐδίδασκον
909 462 957 488 καὶ

163 502 227 534 τοὺς
239 501 418 537 πειθομένους
436 501 531 539 εἶχον,
565 504 646 540 δῆλον
679 505 709 537 ἐξ
740 502 778 532 ὧν
809 515 892 541 φησιν
927 507 957 534 ἐν

164 549 224 580 ταῖς
238 548 382 583 Πράεεσιν,
400 548 438 580 ὡς
452 549 657 585 προσετέθησαν
669 550 698 577 ἐν
709 552 760 587 μιᾷ
773 551 867 587 ἡμέρᾳ
882 554 958 588 τρεῖς

165 593 283 628 χιλιάδες
300 593 479 629 ἀνδρῶν.Καὶ
490 596 504 622 6
516 595 690 630 δεσμοφύλαξ
704 596 733 623 δὲ
753 597 872 629 ἀκούσας
882 598 957 625 Παύ-

165 639 211 666 λου
223 647 230 655 ι
253 649 262 665 ι
277 640 370 675 Μηδὲν
385 640 494 676 πράξῃς
510 641 618 676 σεαυτῷ
634 642 721 669 κακόν
732 650 739 658 ·
754 643 876 675 ἅπαντες
902 645 957 679 γάρ

166 686 249 720 ἐσμεν
262 685 366 712 ἐνθάδε*
382 695 392 712 ι
407 686 552 721 θαυμάσας
580 687 734 723 ἐϐαπτίσθη
750 688 799 715 σὺν
811 689 895 716 παντὶ
918 689 957 725 τῷ

165 731 242 766 οῐκῳ.
258 731 348 758 Αὑτοῦ
373 732 521 766 ὀφθαλμοί
538 733 567 760 δέ
581 733 655 767 πρὸς
669 734 842 768 ὀφθαλμοὺς
863 733 956 769 εἶδον,

166 775 237 802 κατὰ
266 776 309 808 τὸ,
330 777 344 803 6
374 776 440 808 Θεὸς
461 777 592 812 ἐμφανῶς
616 778 688 813 ἥξει.
701 779 814 813 Ἤγουν,
830 780 861 806 οὐ
872 781 927 812 τοῖς
943 785 957 799 ιι

167 823 222 853 σοῖς
235 821 399 856 ὀφθαλμοῖς
412 823 679 858 εὐφραινομένους,
697 824 757 859 ἅμα
770 824 808 860 τῇ
822 824 865 860 σῇ
872 825 958 860 φωνῇ

165 867 238 900 τοὺς
256 867 437 902 ἀκούοντας.
460 869 533 896 ’Λντὶ
561 869 590 896 δέ
607 870 665 904 τοῦ,
694 871 813 905 ῥηξάτω
833 872 894 907 ἅμα
907 874 956 900 εὐ·
975 864 996 890 Β

165 915 324 948 φροσύνην
339 915 375 942 τὰ
391 916 486 950 ἔρημα
513 916 711 952 Ἰερουσαλήμ
725 926 732 934 ·
755 918 770 944 6
796 917 957 955 Σύμμαχος,

174 960 366 993 Ἰλαρύνθητε
399 961 448 987 καί
480 960 668 995 ἀγαλλιᾶσθε
695 962 770 996 ὁμοῦ
796 963 833 991 τὰ
865 963 961 999 ἔρημα

171 1003 382 1040 Ἰερουσαλὴμ,
400 1005 476 1040 φησί.
505 1006 542 1032 Τὸ
573 1006 601 1032 δὲ
635 1006 728 1042 ῥῆξαι
745 1008 862 1042 φωνὴν,
891 1019 962 1046 παρ-

167 1057 258 1087 ίστησι
273 1052 342 1088 τόνῳ
353 1052 584 1087 χρῆσθαιζφωνῆς
600 1055 796 1090 χαριστηρίους
811 1055 883 1091 ᾠδὰς
893 1057 962 1083 ἀνα-

166 1098 338 1133 πέμποντας,
353 1098 386 1124 δι³
406 1096 444 1125 ὧν
469 1098 642 1134 εὖφραίνοιτο
657 1100 734 1133 Θεὸς,
749 1102 821 1128 κατὰ
837 1102 878 1128 τό“
892 1103 963 1129 «Kal

166 1146 183 1180 ὴ
196 1145 309 1179 γλῶσσά
324 1154 375 1180 μου
391 1145 536 1180 μελετήσει
557 1147 606 1181 τὴν
638 1146 814 1183 δικαιοσύνην
830 1157 887 1181 σου,
897 1149 962 1184 ὃλην

166 1191 215 1227 τὴν
229 1191 337 1227 ἡμέραν
355 1192 401 1218 τὶν
420 1191 531 1219 ἐπαινὸν
561 1201 620 1220 σου.
651 1202 660 1218 ›
678 1194 795 1228 Ἔρημα
822 1194 851 1220 δέ
878 1203 963 1229 φησιν

168 1238 316 1273 ῑστορικῶς
326 1238 395 1273 μέν,’
411 1239 517 1266 ὅτιτῶν
531 1240 665 1267 πλείστων
678 1241 805 1276 μετὰτὴν
816 1241 886 1268 κατὰ
894 1242 960 1276 Χρι-

169 1283 232 1310 στοῦ
251 1283 355 1319 τόλμαν
366 1283 590 1318 δαπανηθέντων,
611 1286 716 1321 ἐρημία
726 1286 761 1313 τὰ
771 1287 885 1314 πλεῖστα
897 1296 966 1315 κατ-

168 1331 226 1365 εῖχε
247 1330 299 1365 τῆς
338 1330 453 1363 πόλεως.
476 1332 549 1366 Πρὸς
565 1331 594 1358 δέ
613 1333 686 1366 νοῦν,
706 1333 831 1369 ὅτιπερή
851 1334 965 1370 Ἐκκλη-

171 1378 218 1404 σία
235 1379 296 1405 κατ’
320 1377 409 1413 ἀρχὰς
433 1377 630 1414 ὀλιγανδροῦσα
644 1378 712 1414 πρὸς
733 1379 848 1415 ἄπειρον
863 1379 965 1415 πλῆθος

168 1424 305 1452 ἐπέδωκεν
320 1423 433 1460 ὕστερον
446 1431 454 1440 ·
477 1425 546 1461 πρὸς
557 1424 590 1460 ἣν
607 1425 700 1460 ἔλεγεν
716 1433 723 1441 ·
740 1434 750 1452 ι
768 1423 855 1461 Ἆρον
872 1426 965 1462 κύκλῳ

169 1470 234 1502 τοὺς
245 1469 404 1505 ὀφθαλμούς
420 1478 479 1503 σου,
500 1470 549 1497 καὶ
578 1469 616 1496 ἴδε
639 1471 799 1506 συνηγμένα
821 1471 857 1499 τὰ
879 1471 965 1499 τέκνα

169 1525 228 1544 σου.
248 1525 257 1542 ι
273 1516 401 1544 Τοιοῦτον
418 1517 464 1544 καὶ
479 1516 519 1544 τό*
537 1526 546 1543 ι
563 1517 626 1544 ’Ότι
652 1517 737 1544 πολλὰ
756 1518 791 1545 τὰ
817 1518 901 1545 τέκνα
918 1518 967 1553 τῆς

169 1563 274 1598 ἐρήμου
291 1563 395 1597 μᾶλλον
411 1563 428 1599 ἢ
453 1563 502 1598 τῆς
515 1562 632 1598 ἐχούσης
648 1563 695 1590 τὸν
717 1563 812 1599 ἄνδρα.
829 1573 838 1590 ι
854 1563 917 1596 Πῶς
938 1563 967 1590 δὲ

169 1607 276 1639 γένοιτο
304 1607 394 1640 τοῦτο,
410 1607 561 1643 παρίστησι
582 1607 681 1642 λέγων,
707 1607 749 1634 ὅτι
764 1608 967 1642 Ἀποκαλύψει

169 1653 279 1688 Κύριος
291 1653 345 1680 τὸν
354 1653 506 1688 βραχίονα
522 1653 627 1686 αὑτοῦ,
651 1653 700 1689 τὴν
725 1652 774 1680 τοῦ
793 1653 966 1688 Μονογενοῦς

171 1699 319 1733 ἐπιδημίαν
335 1699 424 1734 δηλῶν
438 1700 506 1726 πᾶσι
519 1699 576 1732 τοῖς
588 1699 695 1727 ἔθνεσιν
707 1699 929 1736 ἐπιλάμψουσαν.

171 1747 264 1775 bentis
273 1747 308 1775 ⁸⁸.
323 1757 333 1774 ›
347 1747 428 1783 594
440 1747 490 1781 Qui
499 1751 590 1775 autem
601 1748 674 1775 istud
683 1746 807 1775 futurum
818 1748 996 1784 sit,exponit,

749 129 1017 162 COMMENTARII
1037 131 1079 162 IN
1103 130 1249 161 ISAIAM.

1724 126 1797 158 25M

1008 192 1078 220 quos
1089 184 1116 211 in
1133 185 1206 211 hunc
1219 182 1329 210 modum
1345 181 1429 210 Isaias
1442 182 1524 209 etiam
1535 181 1709 216 alloquitur:
1727 191 1735 208 ι
1750 181 1805 208 Su-

1008 238 1057 265 per
1077 234 1200 267 montem
1233 228 1372 255 excelsum
1401 227 1529 260 ascende,
1556 228 1602 262 qui
1632 227 1805 262 evangelizas

1009 277 1086 304 Sien.
1103 276 1199 303 Exalta
1223 274 1384 302 fortitudine
1401 278 1448 301 tua
1462 281 1557 301 vocem
1575 278 1649 301 tuam
1665 273 1698 300 ⁸⁵.
1718 282 1727 300 ι
1745 272 1805 299 ιω-

1008 324 1070 350 tilia
1088 330 1197 349 rursum
1214 326 1242 349 et
1267 321 1321 356 ipsi
1342 321 1544 356 implebantur,
1557 320 1605 355 qui
1630 319 1737 347 Sionem
1756 319 1807 346 mi-

1007 369 1181 397 sericordiam
1205 376 1267 396 esse
1297 371 1498 399 consecutam;
1519 367 1567 402 qui
1592 365 1802 402 praedicationis

1007 423 1078 450 opus
1089 435 1097 447 ,
1124 415 1171 450 qui
1187 414 1360 442 audientium
1382 413 1462 440 ﬁdem
1487 413 1681 440 intuebantur.
1696 411 1765 439 Nam
1779 415 1807 439 et

1008 460 1122 493 Paulus,
1132 469 1194 488 cum
1207 461 1240 488 ad
1257 468 1306 488 cos
1321 460 1430 491 scribit.
1443 459 1545 494 quibus
1561 459 1693 486 credendi
1708 461 1807 485 auctor

1008 507 1070 537 fuit.
1089 506 1199 534 eosdem
1226 506 1284 540 ipse
1310 505 1441 541 gaudium
1460 510 1487 532 et
1501 512 1634 532 coronam
1660 511 1738 531 suam
1756 510 1807 538 ap-

1008 553 1092 588 pellat
1117 551 1151 578 ¹³³.
1167 551 1219 578 Eos
1234 556 1369 586 praalerea
1398 558 1454 578 non
1477 549 1609 577 «loeuissc
1623 553 1741 582 tantum,
1758 548 1807 576 sed

1009 597 1182 634 persuasisse
1194 597 1278 624 etiam
1295 604 1328 624 ex
1346 605 1379 624 eo
1397 596 1607 631 patuerit,quod
1621 596 1649 622 in
1664 595 1740 622 Actis
1752 602 1807 621 uno

1009 643 1054 671 die
1068 643 1121 670 tria
1139 642 1282 669 hominum
1299 641 1384 668 millia
1410 641 1540 668 Ecclesia:
1566 640 1720 668 accessisse
1734 639 1809 674 legi-

1009 696 1071 716 mus
1086 688 1109 704 ⁵⁸
1125 696 1132 720 ;
1147 687 1262 714 Paulum
1289 687 1411 720 denique
1434 686 1555 713 carceris
1579 685 1699 717 custodi,
1716 692 1751 712 ne
1780 684 1809 711 in

1009 742 1039 762 se
1066 734 1131 761 mali
1151 733 1304 768 quidquam
1320 736 1454 767 patraret,
1468 733 1535 767 quia
1550 739 1648 759 omnes
1665 731 1807 761 adessent,

1011 779 1190 812 inclamasse,
1211 786 1328 814 eamque
1355 786 1413 806 rem
1445 778 1614 806 admiratum
1640 777 1718 804 illum
1745 783 1808 803 cum

1009 830 1067 853 tota
1079 825 1164 853 domo
1186 825 1358 861 baptizatum
1376 833 1439 853 esse
1455 824 1626 852 “.Viderunt
1643 828 1734 852 autem
1747 823 1809 858 ejus

1011 873 1081 900 oculi
1096 872 1130 899 ad
1146 872 1249 905 oculos,
1263 871 1349 899 Deum
1365 871 1483 904 scilicet,
1494 878 1574 905 quem
1587 869 1733 898 manifeste
1742 876 1810 896 vcn-

1011 923 1104 946 turum
1120 918 1228 946 Psaltes
1250 917 1397 945 alIirmavit
1412 917 1435 933 "
1458 926 1464 944 :
1484 917 1526 944 vel
1541 924 1600 949 eos,
1615 916 1662 951 qui
1673 915 1730 943 tuis
1744 922 1810 942 ocu-

1013 965 1047 993 lis
1063 965 1200 996 thantur,
1217 963 1321 999 quique
1333 963 1414 991 simul
1429 971 1518 990 vocem
1533 966 1608 989 tuom
1621 961 1744 988 audiunt.
1754 959 1810 987 Ubi

1013 1015 1119 1043 autem,
1136 1010 1285 1044 Erumpunt
1297 1009 1379 1037 simul
1392 1009 1420 1036 in
1435 1009 1558 1036 lwtitiam
1579 1008 1684 1035 deserta
1698 1007 1809 1034 Jerusa-

1015 1058 1076 1089 lem,
1093 1057 1226 1085 habemus
1241 1065 1249 1084 :
1264 1055 1469 1087 Exhilaremiui.
1480 1059 1505 1082 et
1534 1053 1703 1082 exsultemim‘
1731 1052 1812 1080 simul

1015 1104 1123 1131 deserta
1139 1102 1301 1136 Jerusalem,
1327 1101 1512 1138 Symmachus
1537 1101 1736 1136 interpretatus
1756 1103 1810 1126 est.

1011 1150 1080 1185 ipsa
1096 1149 1197 1178 deinde
1212 1149 1282 1177 vocis
1295 1148 1410 1183 eruptio,
1427 1147 1577 1183 gratiarum
1595 1147 1731 1177 actiones.
1747 1144 1811 1180 qui-

1018 1196 1072 1224 bus
1085 1195 1157 1223 Deus
1174 1195 1342 1226 oblectatur,
1359 1197 1493 1222 contenta
1508 1201 1570 1221 voce
1584 1193 1748 1220 dceantasse
1764 1191 1812 1218 de-

1017 1245 1165 1274 monstrat,
1182 1241 1260 1277 juxta
1284 1241 1352 1268 illud
1367 1249 1373 1267 :
1393 1250 1402 1266 ι
1421 1240 1453 1267 Ει
1471 1241 1562 1275 lingua
1579 1236 1811 1272 meditabituer-

1017 1288 1121 1316 stitiam
1148 1292 1235 1320 tuam,
1252 1290 1308 1314 tota
1327 1286 1372 1314 die
1391 1286 1499 1313 laudem
1524 1291 1599 1313 tuam
1615 1285 1684 1312 ‘5‘.»
1702 1283 1813 1310 Deserta

1018 1342 1102 1370 porro
1119 1333 1250 1362 historice
1263 1333 1373 1368 quidem
1385 1332 1448 1360 ideo
1456 1333 1504 1365 ait,
1519 1331 1591 1367 quod
1604 1331 1700 1358 urbem
1712 1330 1811 1365 ipsam,

1017 1381 1114 1408 multis
1126 1384 1190 1415 post
1203 1380 1354 1417 admissum
1372 1379 1399 1406 in
1415 1378 1556 1406 Christum
1573 1377 1682 1404 facinus
1700 1377 1814 1404 absum-

1018 1426 1084 1461 ptis,
1099 1426 1249 1461 plurimum
1277 1425 1423 1460 occupavit
1446 1424 1580 1453 solitudo.
1597 1423 1646 1450 Sin
1669 1426 1762 1450 autem
1781 1429 1814 1449 ea

1019 1473 1053 1500 ad
1083 1476 1205 1500 mentem
1235 1479 1404 1506 sensumque
1435 1471 1595 1499 interiorem
1626 1469 1812 1501 referantur;

980 1538 1002 1566 ο
1021 1518 1144 1546 Ecclesia
1163 1517 1374 1553 signiﬁcabitur,
1398 1524 1458 1552 qua:
1477 1517 1600 1543 virorum
1625 1514 1738 1550 quidem
1761 1521 1814 1541 nu-

1021 1573 1096 1593 mero
1119 1565 1217 1600 exigua
1234 1564 1363 1600 primum,
1378 1563 1488 1590 inﬁnita
1514 1567 1605 1590 autem
1637 1559 1815 1588 multitudine

1020 1611 1152 1646 deinceps
1165 1613 1247 1637 aucta
1264 1613 1322 1643 est;
1333 1609 1406 1636 unde
1421 1613 1487 1636 sunt
1503 1607 1561 1635 haec
1571 1607 1605 1634 ad
1623 1606 1698 1634 illam
1712 1606 1813 1633 verba:

1023 1666 1032 1683 ι
1051 1657 1135 1684 Eleva
1162 1657 1268 1684 circum
1297 1656 1394 1683 oculos
1421 1659 1486 1683 tuos
1502 1654 1535 1681 ".
1555 1663 1564 1679 ι
1580 1652 1646 1680 Tale
1665 1656 1692 1680 et
1721 1652 1788 1680 illud
1804 1661 1813 1679 :

1022 1711 1031 1728 ι
1048 1701 1184 1735 Quoniam
1205 1702 1300 1737 plures
1315 1701 1394 1728 liberi
1411 1701 1540 1733 desertae,
1556 1706 1639 1734 quam
1653 1698 1744 1725 virum
1764 1698 1813 1724 ha-

1019 1757 1081 1777 cum
1094 1749 1238 1776 Dominum
1261 1749 1400 1776 brachium
1433 1756 1510 1775 suum
1542 1747 1719 1774 revelaturum
1748 1746 1811 1774 ait:

170 1794 271 1830 quibus
296 1795 389 1822 verbis
400 1794 535 1829 unigeniti
545 1794 607 1822 Filii
621 1795 769 1823 adventum
782 1796 912 1831 gentibus
923 1796 1053 1825 omnibus
1067 1797 1174 1824 clarum
1191 1801 1372 1832 apertumque
1394 1795 1452 1822 fore
1465 1794 1642 1829 signiﬁcavit.

210 1840 316 1868 Οὐκοῦν
353 1841 465 1868 ἐπειδὰν
496 1842 654 1877 προσφωνεῖ
686 1842 723 1877 τῇ
754 1843 832 1870 Σιὼν
861 1843 911 1870 καί
931 1842 969 1878 τῇ

175 1885 389 1921 Ἰερουσαλὴμ,
403 1886 437 1913 τὰ
451 1886 602 1922 λελεγμένα
616 1886 662 1913 ἐπὶ
675 1887 726 1922 τὴν
736 1887 791 1914 τῶν
801 1887 886 1915 ἐθνῶν
900 1888 968 1915 ἀνα-

171 1932 285 1968 φέρεται
296 1932 404 1968 κλῆσιν.
428 1932 466 1959 Τὸ
484 1933 540 1968 γὰρ
561 1933 687 1965 θεοσεϐὲς
713 1933 876 1969 πολίτευμα,
902 1934 968 1962 ποτὲ

173 1978 223 2013 μὲν
237 1978 302 2013 παρ’
310 1979 425 2011 ἐκείνοις
441 1977 487 2015 ἦν,
502 1978 567 2006 ποτέ
582 1979 610 2006 δὲ
621 1979 696 2015 παρὰ
709 1980 766 2011 τοῖς
781 1979 896 2012 ἔθνεσιν.
907 1980 925 2007 ἃ
934 1980 966 2016 δὴ

171 2024 251 2051 Σιὼν
268 2024 319 2051 καὶ
340 2024 536 2060 Ἰερουσαλὴμ
548 2024 719 2060 ὠνόμασται.
734 2025 781 2051 Διὸ
797 2025 845 2052 καὶ
852 2025 967 2052 πάντοτε

171 2069 328 2106 ἀνθρώποις
357 2069 526 2105 συνέστηκεν
541 2071 558 2106 ὴ
585 2070 699 2106 τοιαύτη
727 2070 774 2098 τοῦ
792 2069 860 2098 Θεοῦ
876 2071 964 2103 πόλις,

176 2116 378 2151 Ἰερουσαλὴμ
390 2114 449 2150 οὖν,
463 2117 483 2151 ἢ
499 2117 576 2144 Σιὼν
603 2117 746 2144 καλεῖσθαι
766 2118 815 2153 τὴν
837 2117 967 2153 τοιαύτην

172 2161 286 2197 ἐκλογὴν
301 2162 378 2190 οὐδὲν
392 2162 518 2199 διαφέρει
531 2171 539 2180 ’
555 2165 612 2196 τοῖς
629 2164 658 2191 δέ
691 2163 852 2196 ἀποστόλοις
875 2163 968 2191 λοιπδν

173 2209 202 2235 τὸ
219 2209 388 2245 προφητικὸν
403 2209 513 2245 πνεῦμα
538 2212 695 2246 προσφωνεί
721 2211 895 2246 ἀποστῆναι
915 2210 964 2237 τοῦ

171 2255 287 2282 ἀπίστου
302 2255 352 2282 καὶ
383 2255 540 2292 ἀκαθάρτου
568 2256 646 2285 λαοῦ.
671 2258 767 2292 Σκεύη
790 2257 819 2284 δὲ
853 2258 964 2291 Κυρίου

172 2301 207 2328 τὰ
223 2300 371 2335 ἐκλεγέντα
386 2301 446 2329 ὑπὸ
459 2303 570 2336 Κυρίου
588 2302 653 2337 am
678 2303 794 2338 σώματα
817 2302 919 2334 αὐτῶν,
950 2302 967 2338 ἢ

173 2347 208 2374 τὰ
222 2348 273 2382 τῆς
289 2348 394 2382 Καινῆς
405 2347 544 2383 Διαθήκης
564 2347 728 2383 Εὺακγέλια,
752 2348 825 2384 ειπερ
839 2350 968 2384 ἐπικομι-

173 2393 306 2429 ζομένους
339 2393 562 2421 ἀπαλλάττεσθαι
593 2395 643 2429 τῆς
668 2394 801 2426 ἀπιστίας
828 2393 876 2420 τοῦ
903 2394 968 2420 Ὶου-

173 2437 255 2465 δαίων
269 2438 376 2465 κελεύει
392 2434 484 2472 ’λαοῦ,
496 2440 543 2466 κο.)⁸
556 2439 605 2475 τῆς
621 2439 689 2475 πρὸς
715 2440 815 2472 αὐτοὺς
826 2440 969 2472 κοινωνίας

172 2483 334 2519 ἀπέχεσθαι.
351 2485 472 2521 Οὐδεμία
485 2485 540 2521 γὰρ
554 2487 682 2513 κοινωνία
707 2486 777 2521 φωτὶ
806 2488 875 2521 πρὸς
905 2489 967 2514 σκό-

173 2539 230 2562 τος.
259 2530 329 2557 um‘
343 2531 405 2558 οὐδὲ
432 2532 512 2568 μερὶς
523 2532 613 2568 πιστῷ
627 2533 697 2568 μετά
713 2533 840 2561 ἀπίστου.
866 2534 929 2566 Τοῖς
940 2535 966 2569 γ’

173 2574 220 2603 οὖν
237 2577 371 2609 Γαλάταις
387 2578 435 2604 ἐπὶ
451 2579 501 2614 τὴν
515 2579 630 2615 νομικὴν
655 2580 737 2607 πάλιν
763 2580 896 2616 δραμοῦσι
920 2581 967 2608 λα-

174 2623 268 2657 τρείαν
281 2624 295 2649 6
306 2624 412 2657 Παῦλος
423 2626 548 2662 ἐπιτιμᾷ,
568 2627 615 2653 καὶ
636 2627 712 2659 τέλος
729 2627 824 2662 φησίν·
846 2638 855 2654 ι
872 2628 965 2660 Οὕτως

174 2669 282 2704 ἀνόητοί
295 2670 356 2697 ἐστε
371 2671 549 2708 ἐναρξάμενοι
569 2673 716 2709 πνεύματι,
748 2674 796 2701 νῦν
809 2675 890 2709 σαρκὶ
902 2675 963 2701 ἐπι-

209 2727 231 2742 ⁸²
246 2726 409 2765 Ιειιέλιιιιηθἒ
449 2730 472 2746 ³³
490 2730 608 2765 Philipp.
632 2740 668 2762 ιν,
688 2732 712 2758 Ι.
763 2732 785 2748 ⁸³
801 2732 860 2759 Act.
880 2740 909 2763 ιι,
933 2733 974 2759 4¹.

173 2769 267 2794 xxsiv,
281 2762 326 2790 ‘28.
364 2764 386 2779 ³⁷
402 2764 455 2792 lsa.
473 2774 545 2799 xm,
563 2762 608 2794 '18.
648 2767 671 2784 ⁵⁸
685 2768 737 2795 Isa.
755 2776 798 2795 LIV
827 2771 850 2795 t.
889 2769 912 2783 "’
933 2768 952 2794 Il

1017 2765 1212 2797 r.vI,ii,15.

1062 1843 1177 1876 Quando
1201 1843 1287 1878 igitur
1305 1841 1412 1870 Sionem
1437 1845 1460 1868 ct
1475 1839 1625 1867 Jerusatem
1651 1838 1812 1874 alloquitur,

1022 1897 1084 1924 qua:
1103 1889 1177 1917 dicta
1194 1893 1258 1916 sunt
1276 1888 1309 1916 ad
1323 1887 1445 1923 gentium
1454 1886 1629 1914 vocationem
1648 1886 1814 1913 referuntur.

1022 1935 1085 1963 Fuit
1099 1935 1171 1963 enim
1184 1935 1253 1963 alias
1273 1933 1386 1970 quidem
1403 1934 1473 1968 apud
1492 1933 1553 1960 illos
1567 1932 1640 1967 pium
1659 1931 1721 1959 vita:
1734 1930 1815 1958 insti-

1022 1986 1111 2009 tutum
1131 1980 1220 2014 ;alias
1230 1981 1312 2008 etiam
1330 1979 1401 2015 apud
1417 1983 1513 2015 gentes
1527 1987 1534 2012 ;
1550 1986 1611 2013 qua:
1628 1982 1703 2005 certe
1724 1976 1815 2004 Siom's

1019 2033 1045 2055 et
1067 2027 1315 2062 Hierosolymorum
1341 2025 1500 2053 nominibus
1526 2023 1815 2059 stgniﬁeantur.Quo-

1022 2074 1097 2102 niam
1119 2074 1212 2109 itaque
1234 2071 1395 2100 hominibus
1410 2078 1519 2106 semper
1535 2069 1663 2097 constitit
1676 2068 1816 2104 ejusmodi

1020 2120 1068 2148 Dei
1084 2120 1183 2147 civitas
1199 2127 1206 2153 ;
1225 2118 1293 2146 nihil
1307 2118 1424 2145 interest
1435 2116 1631 2150 Jerusalemne,
1644 2123 1678 2143 an
1694 2115 1758 2143 Sion
1771 2115 1817 2142 de-

1022 2167 1108 2195 lectos
1128 2165 1266 2202 ejusmodi
1293 2171 1448 2199 nuncupes.
1467 2162 1600 2197 Deinceps
1625 2162 1766 2197 apostolos
1781 2162 1817 2189 ab

1021 2213 1167 2241 incredulo
1191 2215 1219 2239 et
1242 2212 1349 2246 impuro
1373 2209 1474 2246 popqu
1496 2209 1615 2236 recedere
1640 2208 1817 2243 propheticus

1019 2259 1099 2295 jubet
1112 2258 1244 2293 spiritus;
1263 2261 1290 2284 ct
1309 2256 1416 2283 Domini
1438 2264 1512 2287 vasa,
1534 2263 1630 2282 eorum
1644 2262 1705 2289 quae
1720 2263 1736 2281 a
1760 2254 1816 2281 Do-

1022 2306 1093 2333 mino
1104 2305 1205 2333 sclecta
1216 2307 1292 2336 sunt,
1305 2310 1421 2337 corpora
1438 2302 1557 2337 appellat
1570 2310 1578 2334 ;
1596 2306 1642 2328 aut
1653 2301 1713 2336 ipsa
1731 2300 1814 2328 etiam

1022 2350 1090 2379 Novi
1111 2349 1281 2377 Testamenti
1296 2349 1455 2384 Evangelia,
1469 2355 1532 2383 quze
1545 2346 1706 2376 Judzeorum
1718 2347 1816 2374 relicta

1024 2397 1317 2431 inﬁdelitatc,porlare
1330 2395 1465 2431 prmcipit,
1477 2399 1504 2422 et
1520 2394 1554 2422 ab
1571 2395 1669 2422 horum
1685 2393 1817 2421 societate

1024 2443 1173 2471 abstinere.
1188 2442 1283 2476 Neque
1312 2441 1386 2469 enim
1417 2441 1487 2468 lucis
1511 2444 1539 2468 et
1561 2440 1736 2467 tenebrarum
1762 2439 1817 2466 ulla

1024 2492 1114 2525 potest
1141 2496 1203 2516 esse
1224 2488 1395 2518 communio.
1423 2494 1512 2522 neque
1538 2486 1608 2513 ﬁdeli
1625 2494 1687 2513 cum
1713 2485 1817 2512 inﬁdeli

1022 2536 1142 2563 societas
1156 2535 1191 2561 ⁵³.
1211 2533 1282 2561 Hinc
1299 2538 1343 2561 cst
1372 2533 1467 2568 igitur,
1488 2533 1561 2568 quod
1589 2532 1706 2566 Calatis,
1719 2533 1764 2566 qui
1781 2532 1816 2559 ad

1022 2581 1088 2616 legis
1096 2581 1200 2608 cultum
1212 2579 1414 2613 rediisscntjta
1423 2583 1571 2607 succenset
1581 2578 1699 2606 Paulus:
1710 2587 1719 2604 ι
1731 2578 1817 2605 Adeo-

1022 2636 1055 2655 ne
1063 2627 1222 2658 stultiestis,
1231 2632 1269 2658 ul,
1279 2634 1341 2652 eum
1351 2626 1448 2661 spiritu
1460 2625 1631 2660 inccpcritis,
1639 2632 1712 2651 nunc
1731 2632 1816 2651 carne

1020 2672 1250 2701 cunsummemini
1266 2673 1288 2688 “°
1302 2671 1313 2697 ?
1331 2681 1340 2697 ι
1356 2671 1634 2698 Circumcidebantur
1656 2669 1728 2697 cnim
1743 2689 1750 2701 ,
1768 2669 1815 2703 qui

1029 2731 1052 2747 ⁸⁵
1078 2730 1139 2756 Act.
1155 2737 1210 2759 ιιι,
1226 2727 1261 2755 Ἡ
1277 2736 1356 2763 soqq.
1406 2728 1430 2743 ’°
1446 2727 1603 2760 Psal.xux,
1619 2726 1645 2754 5.
1684 2724 1724 2741 ⁵⁸*
1741 2723 1813 2752 Psal.

1251 2764 1273 2779 ⁸ο
1289 2764 1377 2791 Galat.
1395 2771 1436 2796 ιιι,
1449 2764 1475 2790 5.

812 2824 927 2852 Valile
954 2823 1158 2852 LECTIONES.

210 2874 224 2890 ιε
244 2870 286 2897 la.
309 2878 353 2905 γρ.
369 2869 443 2902 τούς.
