1999 3076
251 144 320 177 2195

926 151 1103 182 PBOCOPII'
1122 152 1242 183 GAZ/EI

1823 156 1896 188 2-i96

253 210 283 230 ιιι
304 203 418 231 Domino
443 204 607 240 conﬁderent
632 206 808 241 admonebat,
826 217 888 236 cum
910 210 996 238 Deum
1015 219 1045 239 sa

1104 213 1201 245 ἐννοίας
1211 214 1242 240 ἐκ
1254 214 1300 241 τοῦ
1315 214 1406 250 σάρκα
1431 216 1524 251 φορεῖν
1551 215 1647 242 ἑαυτὸν
1663 215 1828 250 ἀποτρέπων
1843 218 1892 244 αὐ-

251 248 421 283 praedicans,
443 250 477 277 ab
496 251 648 286 humilique
665 251 699 280 de
720 261 749 280 se
770 254 957 289 cogitatione,
984 257 1049 291 quia

252 302 363 322 carnem
375 300 493 330 gereret,
510 304 641 331 avocans,
655 298 757 333 virgam
771 307 801 328 se
815 305 842 328 et
861 301 1053 330 fulcimentum

253 339 354 367 factum
369 349 430 370 esse
444 347 592 370 assereret.

290 397 383 432 Neque
406 400 478 426 enim
506 400 620 428 credere
648 402 769 435 valeant,
792 403 839 438 qui
858 404 973 438 gloriam
992 413 1005 430 a
1024 413 1054 433 se

253 447 361 476 mutuo,
387 453 442 472 non
461 453 475 472 a
494 445 561 478 Deo,
579 447 626 481 qui
644 448 718 483 virga
740 449 830 476 dictus
844 454 896 482 est,
914 456 1050 486 quaerant,

254 490 346 516 omnia
356 491 503 526 siquidem,
516 496 546 519 ut
561 495 629 521 bene
641 494 696 521 sint
709 497 829 523 sustinet
849 496 945 532 :juxta
960 498 1026 526 illud
1043 503 1051 521 ε

257 543 267 559 ι
288 533 370 569 Virga
404 540 450 562 tua
476 541 501 563 et
522 537 635 565 baculus
661 543 724 567 tuus
753 540 812 575 ipsa
838 549 881 568 me
908 543 1053 570 consolata

255 585 320 608 sunt
335 582 356 607 '.
381 590 390 606 ι
417 581 466 608 Est
482 582 555 609 enim
572 584 734 611 inconstans
761 589 788 613 et
812 586 918 613 lubrica
938 591 1050 621 natura,

256 631 373 661 egetque
397 629 545 662 potentiori
563 629 596 656 ad
612 631 785 658 retinendum
804 632 897 666 aliquo
913 639 988 667 :quo
1004 641 1052 668 po-

257 673 324 700 titus
350 673 396 708 qui
419 673 512 707 justus
539 680 591 708 est,
619 683 703 710 supra
730 681 834 711 petram
859 678 912 705 sibi
932 683 1051 706 statutos

255 726 318 746 esse
332 719 414 753 pedes
430 719 546 746 aﬂirmat
561 719 582 747 ³.
597 720 732 748 Cmtcruni
751 723 859 749 versari
888 724 915 750 in
937 723 1050 750 tenebris

258 763 369 791 Judzeos
385 768 411 791 et
437 764 539 793 Paulus
554 765 613 800 ipse
627 766 762 799 ostendit,
776 775 838 794 cum
856 768 941 803 hujus
955 769 1048 796 saeculi

257 811 343 837 Deum
369 816 475 838 mentes
510 811 661 839 intidelium
693 821 849 841 excaecasse
877 815 944 842 dicit
969 815 990 843 ‘.
1017 817 1050 844 Et

256 854 341 882 Isaias
352 875 360 887 ,
376 863 437 882 cum
456 856 544 882 lucem
561 856 616 883 illis
632 858 860 892 exspectantibus
884 859 970 887 factas
987 868 1050 888 esse

257 899 395 926 tenebras.
427 899 497 926 llinc
517 903 544 927 et
571 900 617 927 illa
645 901 748 929 Christi
775 911 782 930 :
804 912 814 929 ε
843 903 897 939 Ego
916 913 975 932 sum
1001 907 1048 934 lux

257 945 351 970 mundi
365 945 386 976 ⁸,
411 954 420 970 ›
443 949 470 972 (τι
485 953 546 980 qua:
562 946 704 982 deinceps.
723 947 756 975 Et
774 948 820 976 illa
837 950 920 978 etiam
941 961 947 978 :
967 961 976 977 ι
995 951 1047 985 Qui

257 990 343 1016 crcdil
357 990 383 1017 in
399 997 442 1017 me
458 998 512 1018 non
527 991 671 1026 judicatnr
686 993 714 1021 °:
729 999 758 1021 ut
770 1002 818 1022 eos
835 996 869 1023 ab
893 996 966 1032 ignis
987 999 1048 1024 vin-

255 1035 330 1062 dicta
355 1042 494 1064 avocaret.
522 1037 658 1066 Caeterum
693 1041 766 1075 quod
795 1042 934 1076 obﬁrmate
962 1044 1048 1078 ignem

255 1081 340 1114 dixit;
367 1082 464 1116 judicii
496 1084 677 1112 acerbitatem
708 1087 965 1123 vehementiamque
999 1090 1048 1117 de-

255 1128 429 1155 monstravit.
447 1129 530 1156 Multa
546 1130 682 1165 siquidem
704 1133 776 1167 ignis
789 1138 918 1169 suggesta
936 1137 1048 1164 materia

256 1172 421 1208 adaugetur;
440 1182 523 1209 parva
537 1182 628 1204 autem
640 1178 814 1214 elanguescit
826 1189 833 1212 ;
846 1186 874 1208 et
887 1187 1048 1218 consumpta

253 1220 451 1254 exstinguitur.
479 1220 566 1249 Judzei
594 1223 688 1258 itaque
716 1226 870 1260 prophetis,
892 1228 939 1262 qui
959 1228 992 1255 ad
1019 1237 1050 1256 se

255 1265 333 1292 missi
351 1270 455 1299 essent,
471 1268 571 1301 partim
589 1268 672 1301 ferio,
693 1273 792 1305 partim
806 1273 944 1307 lapidibus
963 1276 1049 1302 inter-

254 1311 365 1346 emptis,
375 1312 460 1346 ignem
472 1314 497 1340 in
514 1321 543 1340 se
557 1315 744 1349 accenderunt,
760 1318 950 1355 flammamque
969 1322 1050 1356 obﬁr-

256 1361 385 1389 marunt;
402 1365 464 1384 cum
481 1359 589 1386 sublato
606 1360 725 1394 haarede,
742 1363 846 1391 Christi
861 1365 1047 1401 disciplinam,

256 1402 325 1438 legis
343 1403 451 1431 umbris
469 1405 583 1438 addicti,
599 1414 652 1434 non
672 1408 854 1438 admiserunt.
872 1412 925 1439 Eos
946 1413 1049 1448 itaque,

258 1453 389 1485 tanquam
413 1458 443 1478 se
470 1451 538 1486 legis
554 1452 666 1487 quidem
693 1454 776 1482 lucem
795 1456 895 1485 habere
910 1463 1048 1494 putarent,

256 1502 322 1522 vere
336 1500 427 1522 tamen
440 1503 495 1523 non
510 1497 653 1531 haberent,
673 1507 688 1526 a
705 1509 755 1528 sua
771 1502 828 1536 ipse
842 1508 917 1532 arcet
934 1505 1050 1533 familia-

1105 259 1178 291 τοὺς,
1193 259 1275 286 αὐτόν
1292 269 1322 286 τε
1335 261 1470 288 ποιεῖσθαι
1484 261 1582 297 ράὁδον
1599 261 1802 298 καὶστήριγμα.

1139 403 1177 430 Οὐ
1188 403 1242 439 γὰρ
1260 404 1392 439 ἠδύναντο
1421 405 1561 432 πιστεύειν
1589 405 1669 438 δόξαν
1693 407 1760 442 παρ’
1773 406 1897 442 ἀλλήλων

1103 450 1299 486 λαμϐάνοντες,
1328 451 1375 478 καὶ
1393 451 1441 486 τὴν
1460 452 1539 484 δόξαν
1554 453 1604 487 τήν
1622 452 1698 487 παρὰ
1710 453 1758 479 τοῦ
1782 453 1850 479 Θεοῦ
1863 454 1894 480 οὗ

1104 496 1259 532 ζητοῦντες.
1289 496 1318 529 ὃς
1338 496 1446 532 εἴρηται
1476 497 1584 532 ῥάϐδος.
1611 498 1714 532 Ἀνέχει
1736 498 1790 534 γὰρ
1806 498 1896 524 πάντα

1103 543 1172 577 πρὸς
1184 543 1214 569 τὸ
1231 541 1303 570 εἶναι
1317 543 1409 575 καλῶς
1425 543 1496 570 κατὰ
1519 544 1549 570 τό
1561 551 1567 558 ·
1591 552 1601 568 t
1627 543 1658 569 'H
1675 543 1772 578 ῥάϐδος
1786 553 1833 571 σου
1848 546 1897 571 καὶ

1102 590 1119 623 ἡ
1132 589 1267 625 βακτηρία
1284 598 1342 622 σου,
1355 590 1436 616 αὐταί
1448 598 1481 624 με
1495 590 1698 625 παρεκάλεσαν.
1720 600 1729 616 ι
1748 591 1897 626 Ὀλισθηρόι

1102 635 1185 670 γὰρὴ
1212 636 1303 670 φύσις,
1332 635 1379 661 καὶ
1403 636 1490 662 δεῖται
1517 635 1565 662 τοῦ
1595 636 1838 671 περικρατοῦντος.
1859 634 1897 664 Ob

1100 681 1189 716 τυχὼν
1206 683 1219 708 ὁ
1234 682 1337 712 δίκαιος
1355 681 1449 716 λέγει·
1469 691 1479 708 ι
1498 683 1634 717 Ἐστησεν
1651 682 1698 708 ἐπὶ
1718 683 1820 718 πέτραν
1834 683 1898 714 τοὺ;

1104 727 1189 758 πόδας
1203 735 1263 761 μου.
1280 736 1290 752 ι
1312 727 1363 754 Ἐν
1377 727 1478 759 σκότῳ
1492 727 1521 754 δὲ
1538 725 1609 754 εἶναι
1627 728 1840 760 τοὺςῚουδαίους
1852 729 1896 754 καὶ

1100 774 1114 799 ὁ
1129 773 1234 803 Παῦλος
1246 773 1344 808 δηλῶν,
1362 782 1371 799 ‹
1382 773 1412 799 Ὀ
1428 773 1493 804 Θεὸς
1505 773 1552 800 τοῦ
1566 773 1663 805 αἰῶνος
1677 774 1785 804 τούτου,
1802 775 1897 808 φησὶν,

1101 819 1238 853 ἐτύφλωσε
1252 819 1285 845 τὰ
1299 820 1422 854 νοήματα
1438 820 1492 846 τῶν
1507 819 1556 846 duri
1567 828 1648 847 στων.
1670 829 1679 846 ι
1699 820 1754 847 Καὶ
1779 820 1897 851 Ὶισαΐας

1066 885 1087 912 Β
1102 864 1196 900 φησίν·
1217 874 1227 891 ‹
1252 865 1475 900 Ὑπομεινάντων
1487 865 1578 892 αὐτῶν
1593 866 1662 900 φῶς,
1683 867 1792 900 ἐγένετο
1807 867 1897 898 aia-mi;

1102 910 1208 940 σκότος.
1227 919 1236 935 ι
1256 911 1301 936 Διὸ
1320 910 1438 945 Χριστὸς
1452 910 1545 944 ἔλεγεν
1557 918 1564 925 ³
1591 920 1600 936 ‹
1624 911 1697 945 Ἐγώ
1716 912 1774 945 εἰμι
1793 911 1823 938 τὸ
1840 912 1896 946 qui);

1100 955 1147 981 τοῦ
1162 955 1278 990 κόσμου,
1298 965 1307 981 ι
1325 956 1373 981 καὶ
1391 955 1426 982 τὰ
1454 955 1531 989 ἑξῆς.
1560 956 1615 983 Καὶ
1632 956 1680 982 τοῦ
1695 957 1745 991 τῆς
1759 956 1896 987 κολάσεως

1099 1000 1126 1026 δὲ
1142 1001 1229 1034 πυρὸς
1244 1001 1408 1037 ἀποτρέπων
1424 1002 1523 1033 αὐτοὺς
1550 1001 1666 1035 ἔλεγεν·
1684 1012 1693 1028 ‹
1716 1003 1745 1028 '0
1761 1002 1897 1028 πιστεύων

1102 1047 1142 1077 είς
1154 1046 1199 1072 τὸν
1212 1045 1290 1078 Υίὸν,
1302 1047 1333 1072 οὺ
1359 1046 1493 1081 κρίνεται,
1516 1057 1525 1072 ι
1548 1047 1692 1074 Ἐπίτασιν
1706 1048 1735 1073 δὲ
1747 1047 1897 1083 παρίστησι

1103 1092 1222 1126 κρίσεως
1234 1092 1274 1123 τὸ,
1290 1092 1458 1127 Κατισχύετε
1479 1093 1579 1127 φλόγα.
1595 1093 1681 1128 ’Ὕλης
1698 1095 1747 1128 μὲν
1763 1093 1818 1128 γὰρ
1831 1093 1897 1120 πολ-

1103 1137 1152 1173 λῆς
1165 1138 1390 1173 προσαγομένης,
1402 1138 1488 1170 αὔξει
1501 1139 1535 1165 τὸ
1544 1139 1615 1172 πῦρο
1635 1139 1729 1173 ὀλίγης
1743 1139 1781 1171 δὲ,
1795 1139 1895 1166 amaz-

1100 1183 1305 1220 δαπανηοείσης
1325 1185 1372 1217 δὲ,
1405 1184 1560 1214 σϐέννυται.
1585 1186 1708 1212 Ἰουδαῖοι
1731 1185 1820 1212 τοίνυν
1841 1185 1897 1221 πῦρ

1100 1231 1162 1257 καθ’
1178 1230 1284 1257 ἑαυτῶν
1293 1230 1424 1262 ἔκαυσαν,
1440 1232 1653 1263 ἀποκτείναντες
1663 1233 1726 1264 τοὺς
1742 1233 1897 1267 προφήτας,

1101 1277 1147 1303 καὶ
1163 1276 1388 1312 λιθοϐολῆσαντες
1402 1277 1467 1309 τοὺς
1494 1278 1727 1313 ἀπεσταλμένους.
1748 1279 1897 1312 Κατίσχυ-

1100 1333 1162 1352 σαν
1175 1325 1204 1351 δὲ
1217 1326 1266 1360 τὴν
1283 1323 1399 1351 ἑαυτῶν
1410 1324 1520 1359 φλόγα,
1533 1324 1579 1351 τὸν
1596 1325 1768 1360 κληρονόμον
1778 1326 1897 1352 ἁπεκτω

1100 1372 1187 1403 νότες,
1204 1371 1229 1397 οἳ
1251 1371 1301 1406 τὴν
1330 1370 1375 1397 διὰ
1400 1370 1520 1406 Χριστοῦ
1539 1370 1682 1397 παίδευσιν
1698 1371 1749 1397 οὐκ
1760 1370 1897 1403 ἐδέξαντο,

1100 1419 1160 1448 ταῖς
1177 1417 1222 1444 τοῦ
1235 1417 1319 1452 νόμου
1345 1417 1436 1448 σκιαῖς
1450 1417 1653 1452 ἐπιμείναντες.
1668 1417 1768 1452 Διόπερ
1782 1417 1821 1448 ὡς
1834 1416 1898 1451 φῶς

1103 1464 1151 1498 μὲν
1164 1464 1238 1499 ἔχειν
1252 1464 1394 1499 οἰομένους
1406 1463 1436 1490 τὸ
1450 1463 1572 1498 νομικὸν,
1594 1463 1625 1490 οὐ
1646 1464 1700 1499 μὴν
1709 1463 1821 1498 ἔχοντας
1836 1463 1897 1499 ἀλη-

1102 1510 1166 1542 Θῶς,
1182 1510 1232 1545 τῆς
1250 1511 1317 1546 πρὸς
1344 1510 1426 1538 αὑτὸν
1445 1510 1621 1546 οἰκειότητος
1645 1510 1841 1545 ἀποπέμπεται
1855 1510 1886 1536 λέ

258 1540 340 1567 ritate
351 1544 379 1567 et
393 1543 612 1576 consuetudine;
626 1552 688 1572 cum
703 1546 729 1572 in
743 1546 843 1574 lumine
855 1549 922 1584 ignis
933 1551 1048 1586 proprii.

1104 1540 1175 1590 γων·
1191 1540 1360 1590 ιίορεῦδσθε
1371 1555 1411 1588 τῷ
1423 1555 1497 1590 φωτὶ
1515 1540 1572 1582 τοῦ
1588 1540 1773 1590 πιξρὸςῦμίῖλν
1793 1555 1843 1582 καὶ
1859 1555 1897 1589 τῇ

258 1590 282 1613 et
307 1595 334 1613 ιη
348 1587 468 1621 ﬂamma,
486 1597 566 1624 quam
582 1592 786 1626 succenderunt,
800 1594 879 1629 jubet
896 1597 1048 1627 ambulare.

255 1635 352 1671 Neque
365 1645 430 1664 vero
446 1637 528 1666 illatae
541 1638 616 1674 ipsos
635 1640 661 1667 in
673 1640 814 1670 Christum
835 1644 942 1679 injuriae
954 1655 1050 1682 pinnas

257 1682 344 1711 luisse
357 1683 477 1719 ignorari
492 1686 613 1720 patitur;
638 1693 701 1714 cum
716 1693 825 1723 propter
846 1699 874 1717 se
888 1691 981 1720 ist/nec
995 1694 1050 1721 illis

258 1729 333 1764 facta
351 1738 417 1762 esse,
429 1731 489 1758 etin
502 1740 613 1759 num-ore
623 1734 786 1762 dormituro:
798 1737 909 1771 subiicit
927 1747 934 1766 :
949 1740 1051 1774 quibus

258 1783 386 1811 agrorum
406 1777 574 1810 vastitatem,
588 1779 722 1816 urbisque
736 1781 932 1818 direptionem,
956 1787 1051 1821 templi

258 1823 377 1857 denique
404 1823 562 1850 incendium
582 1825 765 1854 demonstrat.
793 1827 964 1857 Dormierunt
984 1840 1050 1860 vero

257 1869 340 1896 etiam
356 1869 383 1896 in
405 1878 536 1903 mmrore;
557 1872 612 1904 vel,
629 1876 659 1899 ut
683 1873 720 1899 ait
735 1873 937 1910 Symmachus,
956 1878 985 1904 in
999 1879 1050 1906 da-

257 1914 332 1947 lore;
360 1916 413 1948 vel,
441 1920 471 1943 ut.
494 1916 619 1951 Aquilas,
646 1917 674 1944 in
705 1918 936 1954 defatigationem.
955 1921 1050 1958 Neque

256 1962 330 1988 enim
352 1962 398 1996 qui
420 1962 490 1990 facta
508 1971 557 1998 per
571 1963 714 1992 Christum
737 1966 927 2002 redemptione
943 1969 1048 2005 indigni

257 2008 340 2044 578
369 2013 444 2043 sunt,
473 2010 531 2044 ipsa
559 2011 735 2046 praemiorum
762 2021 831 2048 spe,
856 2023 911 2043 non
935 2017 1050 2051 spiritus

256 2056 439 2085 Oblectatione
465 2057 610 2090 fruentur;
642 2060 689 2087 sed
716 2068 860 2095 pinnarum
887 2062 1049 2100 dolorisque

562 2121 565 2123 -
580 2105 657 2134 CAP.
679 2106 720 2134 LI.

292 2148 376 2176 Vatis.
391 2149 450 2177 1-5.
468 2149 566 2178 Audite
581 2159 629 2184 me,
648 2153 894 2188 quipersequimini
913 2157 983 2191 quod
1004 2159 1050 2192 ju-

257 2200 384 2225 stumest.
409 2201 433 2223 et
455 2196 500 2230 qui
523 2198 642 2231 qnwritis
672 2198 824 2226 Dominum.
851 2199 995 2230 Intuemini
1021 2204 1050 2231 in

257 2241 371 2269 solidam
381 2246 493 2276 petram,
506 2251 586 2277 quam
602 2244 752 2277 excidistis,
768 2251 793 2272 et
805 2246 832 2273 in
849 2247 952 2281 foveam
963 2249 1049 2282 lacus,

256 2295 336 2322 quam
354 2287 494 2322 elfodistis.
513 2289 658 2317 Intuemini
671 2291 698 2318 in
715 2292 851 2320 Abraham
872 2301 974 2328 patrem
1008 2304 1051 2323 ve-

257 2338 355 2363 strum,
373 2338 398 2360 et
415 2333 440 2360 in
456 2333 577 2368 Sarram,
595 2344 653 2371 qua:
667 2339 765 2371 peperit
781 2347 837 2371 vos,
853 2344 905 2367 etc.

293 2433 346 2461 Sed
363 2434 415 2462 ista
431 2442 465 2463 ne
479 2442 528 2463 vos
543 2437 601 2471 pati
617 2438 771 2473 contingat,
787 2439 870 2467 etiam
885 2448 961 2468 nunc
981 2441 1048 2468 hor~

257 2479 321 2512 tari,
337 2484 364 2507 et
379 2480 412 2507 ad
432 2481 650 2516 resipiscentiam
674 2491 826 2518 provocare
850 2493 906 2513 non
931 2486 1047 2519 desino;

255 2525 316 2560 qui,
335 2525 465 2553 simulato
488 2526 600 2561 quidem
629 2527 658 2555 in
682 2528 769 2556 Deum
796 2531 883 2564 cultu,
909 2532 1049 2559 contraria

256 2577 346 2599 autem
361 2571 484 2607 ejusdem
495 2573 629 2601 voluntati
644 2574 780 2608 faciendo,
793 2576 858 2605 dum
869 2577 937 2613 quod
944 2578 1050 2612 justum

256 2622 295 2644 εδι
320 2618 516 2653 persequimini,
533 2620 678 2648 veritatem
700 2621 778 2649 vobis
803 2622 942 2650 inimicam
972 2623 1047 2650 exsi-

257 2667 331 2690 stere
343 2664 456 2698 putatis.
467 2665 562 2692 Placct
577 2673 642 2693 vero
659 2667 809 2698 nonnullis.
820 2675 878 2701 eos,
893 2669 939 2704 qui
957 2668 1049 2700 ﬁdem,

257 2709 454 2745 Christumque
469 2710 608 2744 justitiam
624 2717 762 2747 quaerunt,
791 2715 952 2750 prophetam
977 2716 1049 2742 allo-

292 2788 303 2804 ¹
323 2787 396 2816 l‘sal.
413 2795 482 2821 xxn,
501 2797 538 2817 tv.

1102 1602 1203 1638 φλογὶ,
1235 1599 1255 1637 ᾖ
1283 1602 1481 1633 ὲΕεκαύσατε.
1509 1601 1571 1628 Ὅτι
1600 1601 1628 1627 δὲ
1642 1600 1693 1636 τῆς
1714 1601 1754 1632 εἰς
1780 1600 1898 1636 Χριστὸν

1103 1649 1249 1684 παροινίας
1262 1649 1354 1675 ἔτισαν
1371 1649 1449 1680 δίκας
1474 1648 1640 1683 παρίστησιν
1657 1648 1777 1682 ἐπάγων·
1792 1647 1831 1674 Δι’
1846 1646 1898 1681 ἐμὲ

1103 1695 1222 1730 ἐγένετο
1233 1695 1326 1721 ταῦτα
1335 1694 1415 1729 ὑμῖν·
1429 1694 1465 1720 ἐν
1473 1694 1556 1728 λύπῃ
1565 1692 1796 1728 κοιμηθήσεσθε.
1805 1693 1898 1720 Ταῦτα

1104 1741 1131 1768 δὲ
1146 1741 1220 1776 λέγει
1230 1740 1363 1776 πόρθησιν
1375 1740 1478 1776 χώρας,
1486 1740 1591 1771 πόλεως
1606 1740 1717 1771 ἆλωσιν,
1734 1739 1899 1775 ἐμπρησμὸν

1104 1788 1152 1815 τοῦ
1181 1788 1244 1815 νεῶ.
1264 1787 1487 1822 Ἐκοιμήθησαν
1500 1786 1530 1813 δὲ
1555 1787 1604 1813 καὶ
1618 1786 1715 1820 eum;
1731 1786 1783 1821 α,ἢ
1803 1787 1851 1812 καὶ
1865 1786 1898 1812 ἐν

1103 1833 1295 1868 ὀδύνῃ,κατὰ
1319 1832 1486 1868 Σύμμαχον·
1503 1833 1520 1868 ἢ
1542 1831 1613 1859 κατὰ
1628 1832 1674 1858 τὸν
1701 1832 1830 1863 ’Λκύλαν,
1855 1832 1896 1863 εἰς

1103 1880 1297 1913 ὃιαπόνησιν.
1322 1879 1378 1914 Τὴν
1407 1879 1452 1906 διὰ
1477 1878 1596 1915 Χριστοῦ
1617 1878 1671 1913 γὰρ
1694 1877 1829 1913 λύτρωσιν
1849 1877 1898 1904 οὑν

1103 1926 1263 1959 ἀξιωθέντες
1277 1925 1381 1957 λαϐεῖν,
1398 1925 1449 1951 οὐκ
1472 1926 1501 1951 ὲν
1524 1924 1614 1951 ὲλτιίδι
1634 1924 1733 1959 γερῶν,
1749 1924 1795 1951 καὶ
1809 1924 1898 1958 ουμη-

1103 1973 1148 2008 δίᾳ.
1163 1973 1345 2008 πνευματικῇ,
1365 1971 1425 1998 ἀλλ’
1438 1972 1467 1998 ὲν
1481 1970 1556 2006 φόϐῳ
1582 1970 1731 2002 κολάσεων,
1750 1970 1799 1997 καὶ
1825 1969 1900 2006 λύπῃ

1104 2020 1137 2055 τῇ
1153 2019 1186 2046 δι’
1198 2019 1283 2049 αὐτὰς
1301 2017 1468 2052 ὀδυνώμενοι
1483 2016 1728 2052 κοιμηθήσονται.

1069 2074 1143 2095 metu
1165 2066 1323 2093 dormientes
1346 2065 1554 2092 cruciabuntur.

1399 2112 1523 2139 ΚΕΦΑΑ.
1543 2110 1608 2138 NA’.

1138 2158 1206 2194 α-γ’.
1222 2158 1388 2186 Ἀκούσατέ
1412 2167 1483 2193 μου.
1501 2159 1528 2185 οἱ
1549 2156 1708 2190 διώκοντες
1723 2155 1756 2183 τὸ
1771 2155 1901 2189 δίκαιον,

1103 2206 1154 2232 καὶ
1177 2205 1335 2238 ζητοῦντες
1359 2204 1413 2231 τὸν
1444 2204 1566 2237 Κύριον.
1582 2203 1772 2238 Ἐμϐλέψατε
1790 2203 1831 2234 εὶς
1842 2202 1900 2236 τὴν

1104 2249 1232 2286 στερὲὰν
1245 2251 1369 2285 πέτραν,
1397 2250 1437 2284 ἣν·
1460 2250 1680 2285 ἐλατομήσατε.
1707 2248 1758 2275 καὶ
1781 2249 1825 2281 είς
1846 2248 1901 2275 τὸν

1102 2298 1239 2330 ,βόθυνον
1252 2297 1307 2325 τοῦ
1327 2297 1456 2328 λάκκου.
1490 2296 1526 2324 ὃν
1544 2296 1689 2331 ὼρύξατε.
1716 2295 1900 2330 Ἐμϐλέψατε

1106 2345 1150 2376 εἰς
1163 2343 1293 2378 Ἀϐραὰμ
1318 2343 1373 2370 τὸν
1397 2342 1516 2376 Πατέρα
1543 2341 1640 2376 ὑμῶν,
1654 2341 1705 2368 καὶ
1723 2342 1767 2374 εις
1782 2340 1901 2375 Eappa:-

1106 2389 1165 2423 τὴν
1178 2388 1349 2415 ὠδίνουσαν
1364 2387 1453 2423 ὑμᾶς,
1469 2396 1497 2414 κ.
1510 2396 1536 2414 τ.
1547 2387 1574 2415 λ.

1142 2435 1211 2462 Ἀλλ’
1227 2435 1271 2461 ἵνα
1281 2435 1318 2470 μὴ
1326 2435 1412 2461 ταῦτα
1423 2433 1541 2469 πάῧητε,
1551 2433 1598 2460 καὶ
1605 2432 1653 2459 νῦν
1662 2431 1702 2459 ἔτι
1712 2431 1839 2468 παραινῶ
1851 2431 1902 2465 τὴν

1102 2478 1403 2516 μετάνοιαν,ὦᾶ.νδρες,
1414 2480 1491 2515 ὑμῖν,
1506 2480 1530 2506 οῑ
1540 2478 1772 2515 προσποιούμενοι
1791 2478 1840 2512 μὲν
1855 2477 1902 2503 τὸν

1100 2527 1203 2563 Κύριον
1215 2527 1311 2562 τιμᾷν,
1327 2525 1437 2554 ἐναντία
1451 2526 1481 2552 δὲ
1498 2525 1667 2561 πράττοντες
1682 2526 1715 2560 τῇ
1729 2523 1776 2550 τοῦ
1797 2523 1901 2558 Κυρίου

1105 2572 1197 2608 βουλῇ.
1207 2572 1246 2608 τῷ
1258 2572 1291 2599 τὰ
1300 2572 1419 2599 δίκαιον
1427 2572 1580 2604 ἐλαύνειν,
1588 2569 1735 2606 ήγεῖσοαίὺ
1743 2578 1772 2596 τε
1780 2569 1902 2604 δυσμενῆ

1105 2619 1154 2655 τὴν
1170 2618 1310 2653 ἀλήθειαν.
1323 2618 1402 2650 Τινὲς
1415 2618 1443 2644 δέ
1463 2625 1545 2652 φασιν
1565 2617 1603 2649 ὡς
1614 2617 1772 2653 προσφωνεῖ
1784 2617 1841 2647 τοῖς
1854 2624 1902 2641 πι-

1105 2665 1288 2692 στεύουσικαὶ
1300 2664 1411 2701 ζητοῦσι
1427 2664 1547 2701 Χριστὸν
1570 2664 1622 2699 τὴν
1643 2662 1831 2698 δικαιοσύνην,
1852 2661 1902 2688 καὶ

1105 2712 1142 2744 ὡς
1158 2712 1316 2748 ἀλλοτρίους
1330 2713 1384 2740 τῶν
1403 2712 1538 2739 Ἰουδαίων
1560 2711 1672 2738 τούτου·
1691 2710 1778 2738 καλεῖ.
1791 2710 1903 2743 Πάντας

589 2790 598 2805 ³
619 2789 691 2818 Psal.
711 2799 806 2824 xxxix,
823 2792 848 2819 5.
889 2793 898 2808 ⁸
920 2792 940 2820 ll
959 2793 1024 2823 (lor.
1039 2803 1077 2826 Iv,
1098 2793 1124 2821 lt.
1164 2793 1174 2808 "
1195 2793 1214 2819 ll
1231 2793 1294 2821 Cor.
1323 2801 1379 2824 \‘lll,
1409 2793 1448 2819 l2.
1488 2791 1498 2806 θ
1517 2790 1596 2819 Joan.
1614 2799 1654 2823 ut,
1676 2789 1717 2818 l8.

898 2851 1017 2883 VAIihE
1039 2851 1242 2880 ΙΑΕΕΤΙΟΝὶξὲ-ᾇ.

297 2900 310 2917 α
326 2902 369 2929 Π).
380 2894 409 2922 ὲν
424 2894 508 2930 λύπῃ.
547 2895 561 2915 ι»
577 2886 623 2931 γρζ
640 2895 761 2930 ήγεῖςοε.
