1999 3076
142 131 213 163 2497

714 131 981 162 COMMENTARII
1004 131 1044 160 IN
1064 131 1208 162 ISAIAM.

1706 131 1778 164 2-498

142 190 198 226 γὰρ
213 190 327 225 προεῖπε
340 189 396 224 πῦρ
407 190 507 221 καίειν,
525 190 555 216 ὲν
575 185 598 223 ᾧ
621 190 667 216 καὶ
687 189 898 223 κατεκαύθησαν
912 187 936 214 οἳ

993 188 1052 222 qui;
1068 194 1094 216 et
1110 189 1184 215 velut
1199 196 1213 215 a
1229 187 1306 216 Judze
1320 188 1344 216 is
1359 188 1465 216 alienos
1480 189 1542 216 illos
1559 190 1704 224 appellare.
1717 191 1780 217 0m-

143 235 272 262 διώκουσι
297 235 331 261 τὸ
356 235 483 268 δίκαιον,
510 236 559 271 οὐχ
572 235 609 267 ὠς
627 235 817 268 ἐλαύνοντες,
829 234 936 266 ἀλλ’ὡς

144 281 188 308 ἐπ’
203 281 270 308 αὐτὸ
282 281 434 317 τρέχοντες,
449 281 492 308 ἵνα
521 281 723 313 καταλάϐωσιν,
741 281 778 313 ὡς
789 281 818 307 τό
829 289 836 296 ·
856 290 866 307 ‹
884 281 938 315 Ζή-

143 336 228 362 τησον
241 328 364 363 εἰρήνην,
385 328 431 354 καὶ
447 327 543 360 δίωξον
566 328 662 362 αὐτήν.
683 337 693 353 ι
719 326 868 360 Ὀλιγοστοὶ
888 327 937 362 μὲν

144 374 201 408 γὰρ
219 370 293 400 οὗτοι
303 382 309 389 ·
327 374 513 409 προϐήσονται
528 374 556 400 δὲ
571 375 612 406 είς
628 374 748 409 ἄμετρον
766 373 869 409 πλῆθος
883 373 938 400 τῶν

144 421 230 447 ὲονίῖν
245 411 464 455 προστιθεμένὼν
479 422 539 452 τοῖς
551 421 583 447 ὲκ
607 421 761 456 περιτομῆς
777 420 790 447 ὃ
803 421 849 447 καὶ
865 429 939 455 παρ-

147 467 237 501 ίστησι
255 467 428 502 παράδειγμα
438 467 492 493 τὸν
507 467 636 502 Ἀϐραὰμ
650 467 698 494 καὶ
710 466 769 500 τὴν
778 466 897 501 Σάρῤαν
913 471 937 493 ο.

145 513 225 544 Τινὲς
236 513 264 539 δὲ
282 513 349 547 πρὸς
379 512 443 544 τοὺς
471 512 603 544 ἀπίστους
634 512 761 548 εἰρῆσθαι
778 513 824 539 τὸν
849 513 937 546 λόγον,

146 557 184 588 ὡς
197 557 376 592 προείπομεν,
388 556 524 590 λέγοντες,
540 557 622 591 φασὶν
637 556 675 588 ὡς
687 556 748 584 ἀντὶ
764 557 821 590 τοῦ,
833 556 882 584 καὶ
895 557 939 590 εις

145 603 201 630 τὸν
216 604 363 635 βόθυνον,
386 604 400 630 ὁ
427 604 585 638 Σύμμαχος,
616 604 660 636 εὶς
673 603 732 637 τὴν
759 604 938 639 τρυμαλιὰν*

145 650 160 675 ὁ
182 649 212 675 δὲ
229 648 359 680 Ἀκύλας,
375 648 452 682 πρὸς
465 648 614 683 ἐκκοπὴν,
628 649 808 676 ἐκδεδὼκασιν
824 658 831 665 ·
857 651 940 677 αἰνιτ-

145 694 261 729 τομένου
275 693 321 720 τοῦ
333 693 414 727 λόγου
433 693 484 728 τὴν
498 693 578 728 σῶμα
596 694 644 721 τοῦ
670 694 773 730 Κυρίου
789 694 941 730 δεξαμένην

147 740 261 775 πέτραν,
290 739 330 773 ἣν
351 739 461 774 ὕρυξεν
479 740 591 775 Ἰωσήφ.
614 737 680 767 Εἶτα
703 741 804 777 μετέὃη
837 742 883 768 ἐπὶ
911 741 941 768 τὸ

147 785 326 821 παράδειγμα
337 784 388 811 τοῦ
404 785 544 820 Ἀϐραὰμ,
555 786 603 812 καὶ
618 785 674 820 τῆς
685 785 811 821 Σάῤῥας,
825 786 849 814 οἳ
862 787 941 822 δίκην

146 833 251 868 πέτρας
266 832 386 866 ἄκαρποι
396 832 444 858 καὶ
451 831 544 866 ἄγονοι
556 833 713 867 γεγονότες,
734 833 841 860 πολλῶν
856 833 942 861 ἐονῶν

988 241 1037 261 nes
1055 234 1127 261 enim
1142 239 1222 261 antea
1244 233 1333 269 ignem
1348 235 1498 262 accendere
1511 235 1599 268 dixit;
1616 236 1642 262 in
1659 243 1714 270 quo
1728 235 1779 271 ipsi

987 280 1071 307 etiam
1094 280 1231 308 combusti
1250 285 1326 312 sunt,
1351 281 1397 315 qui
1426 281 1495 316 quod
1520 281 1621 315 justum
1647 286 1696 313 est,
1724 289 1779 309 non

992 324 1143 359 abigendo,
1162 325 1209 351 sed
1241 324 1395 359 appetendo
1423 329 1451 351 ut
1475 324 1675 359 adipiscantur,
1693 333 1782 359 perse-

988 374 1105 405 quuntur
1122 379 1128 397 :
1155 369 1241 403 Quale
1256 369 1323 397 illud
1338 374 1400 398 est:
1420 379 1430 396 ι
1450 369 1546 403 Quane
1563 378 1657 405 pacem
1674 375 1702 398 et
1719 379 1781 405 per-

989 424 1103 451 Sequere
1118 425 1178 444 eam
1196 417 1215 444 ".
1245 426 1253 442 1
1274 416 1344 444 Sunt
1362 417 1434 444 enim
1450 417 1579 451 perpauci
1596 417 1634 444 illi
1651 417 1780 452 quidem;

989 462 1037 489 sed
1059 463 1086 489 in
1115 463 1319 490 multitudinem
1346 463 1462 490 evadent
1476 462 1622 496 infinitam,
1643 471 1705 490 cum
1728 463 1780 497 ipsi

990 509 1160 535 accesserim
1173 508 1270 541 Judaei,
1294 513 1324 536 ut
1344 510 1488 536 Abralmmi
1506 509 1645 542 Sari-mque
1656 510 1782 543 exemplo

990 554 1214 582 demonstratur.
1231 555 1360 582 Nonnulli
1376 563 1472 582 rursus
1482 556 1613 583 adversus
1625 555 1781 582 incredulos

991 608 1145 628 sermonem
1163 609 1233 631 esse.
1257 601 1338 628 siculi
1352 601 1483 633 diximus,
1499 601 1635 632 arbitrati.
1654 609 1702 634 pro
1714 608 1780 635 quo,

990 649 1015 671 et
1036 653 1064 671 ιη
1078 645 1180 680 foveam
1197 645 1350 679 habemus;
1367 651 1390 672 et
1405 646 1432 672 in
1453 646 1571 679 foramen
1587 645 1780 681 Symmachum

991 691 1113 725 quidem,
1133 692 1159 718 in
1178 692 1440 720 excisionemautvm
1457 692 1584 726 Aquilam
1607 692 1783 720 transtulisse

991 738 1106 770 volunt;
1126 743 1256 773 tanquam
1272 743 1375 773 petram
1395 738 1468 766 illam
1483 746 1544 773 qua»
1557 738 1661 766 Christi
1682 747 1784 774 corpus

992 787 1111 821 excepit,
1124 789 1152 812 et
1167 793 1182 812 a
1197 785 1317 821 Joseplm
1332 786 1422 813 excisa
1438 792 1614 820 excavataque
1628 791 1680 818 est,
1694 786 1782 813 oratio

993 832 1179 859 demonstret.
1206 831 1309 859 Deinde
1322 831 1355 859 ad
1371 831 1517 858 Abrahami
1539 836 1563 858 et
1581 830 1671 858 Sarrw
1691 839 1785 858 exem-

147 877 274 912 πίιτέρεζ·
287 877 411 911 ἐγένοντο
433 877 478 903 διὰ
492 877 621 909 πίστεως,
640 877 677 909 ὡς
697 879 711 904 ὁ
729 877 834 909 Παῦλός
849 887 916 913 φησι
931 886 938 893 ⁶

993 878 1067 912 plum
1084 885 1242 905 sermonem
1261 877 1402 910 transfert,
1418 878 1464 912 qui
1487 882 1514 904 et
1536 878 1586 910 ipsi
1612 877 1671 905 saxi
1696 885 1783 910 more,

151 934 159 949 ι
169 923 325 959 Κατενόησε
335 923 366 949 τδ
380 923 477 949 ἑαυτοῦ
491 923 570 958 σῶμα
578 923 628 959 ἤδη
639 923 854 958 νενεκρωμένον,
868 933 878 949 ι
892 925 940 950 καὶ

147 970 181 996 τὰ
196 969 244 995 ἐπὶ
256 968 352 1004 τούτῳ.
368 969 416 1000 Ἐξ
430 968 499 1002 ἑνὸς
515 968 572 1002 οὖν,
588 969 642 996 τοῦ
660 969 788 1004 Ἀϐραὰμ
815 970 865 996 καὶ
884 969 940 1004 τῆς

147 1014 264 1049 Σιὶρῤιις
277 1016 331 1049 (εἰς
341 1015 395 1049 γὰρ
408 1015 501 1049 ἄμφω,
520 1015 590 1041 κατὰ
604 1015 643 1042 τό·
660 1015 824 1042 Ἔσονταιοὶ
838 1015 885 1042 δύο
901 1016 941 1047 είς

148 1062 238 1097 σάρκα
256 1061 332 1096 μίαν)
357 1061 422 1087 ὡσεὶ
437 1061 471 1087 τὰ
487 1061 576 1096 ἄστρα
590 1061 637 1088 τοῦ
658 1062 774 1097 οὐρανοῦ
790 1062 829 1097 τῷ
844 1062 941 1097 πλήθει

149 1107 317 1142 συνέστησαν
329 1116 335 1123 ·
345 1107 385 1134 διό
397 1116 491 1140 φησιν.
507 1105 559 1140 Εἷς
571 1105 620 1142 ἦν,
629 1108 678 1134 καὶ
688 1107 822 1135 ἐκάλεσα
835 1109 938 1135 αὐτόν.

148 1152 254 1188 Ὥσπερ
267 1150 314 1179 οὖν
337 1152 385 1179 ἐπὶ
401 1151 449 1178 τοῦ
464 1151 594 1186 Ἀϐραὰμ
608 1152 680 1179 οὕτω
689 1153 829 1188 πεποίηκα
843 1162 849 1168 ·
869 1153 941 1180 οὕτω

149 1200 188 1236 μὴ
201 1199 419 1233 ἀπογινώσκετε,
436 1198 473 1230 ὡς
495 1199 542 1225 καὶ
567 1198 621 1224 ἀπὸ
636 1197 688 1233 τῆς
702 1197 814 1232 πέτρας
828 1198 940 1233 ταύτης,

148 1246 189 1280 ἢν
200 1245 285 1279 ὑμεῖς
298 1244 517 1278 ἐλατομήσατε,
545 1243 621 1270 ἔσται
637 1252 679 1275 τις
700 1244 778 1276 ἐλπὶς
803 1244 942 1280 σωτηρίας

148 1293 231 1319 πᾶσιν
248 1290 413 1326 ἀνθρώποις.
428 1290 510 1316 Ἀλλὰ
530 1290 578 1316 καὶ
591 1289 685 1324 πέτρα
700 1290 771 1317 κατὰ
785 1290 892 1317 Παῦλον
905 1289 940 1326 ἦν

147 1338 162 1364 ὀ
173 1336 301 1373 Χριστὸς,
313 1337 348 1372 ἢν
359 1337 388 1363 ὲν
397 1336 436 1370 τῷ
446 1336 527 1362 πάθει
539 1335 684 1370 διώρυξαν,
696 1336 768 1362 κατὰ
779 1336 810 1363 τό
819 1344 825 1351 ·
839 1345 847 1361 t
856 1337 940 1369 Ὠρυ-

150 1383 198 1415 ξαν
212 1383 307 1418 χεῖράς
327 1391 377 1417 μου
395 1381 444 1408 καὶ
470 1381 554 1413 πόδας
580 1390 642 1416 μου.
660 1390 669 1407 1
685 1382 823 1408 Βόθυνον
845 1381 873 1408 δὲ
890 1382 941 1416 τὴν

149 1429 298 1466 τρωθεῖσαν
314 1428 436 1463 πλευρὰν
452 1427 652 1454 ὑπαινίττεται.
667 1428 718 1455 Διὰ
739 1427 793 1463 γὰρ
808 1428 912 1455 τούτων
923 1429 940 1464 ἠ

150 1475 282 1510 σωτηρία,
296 1475 345 1501 καὶ
361 1476 413 1510 τῆς
423 1473 593 1509 Ἓκκλησίας
617 1474 733 1509 συνέστη
745 1474 777 1500 τὺ
790 1474 940 1510 πλήρωμα,

149 1521 275 1556 καθάπερ
296 1520 331 1552 ἐξ
357 1520 480 1554 Ἀϐραὰμ
506 1519 557 1546 καὶ
579 1518 696 1552 Σίίρῤας
725 1518 755 1545 τὸ
785 1519 888 1554 πλῆθος
911 1520 941 1546 τὸ

149 1567 272 1603 ἄπειρον.
285 1567 330 1593 Διὸ
347 1565 518 1600 παρακαλεῖ
534 1565 584 1600 τὴν
597 1564 683 1598 Σιὼν,
702 1565 732 1591 τὸ
748 1564 873 1596 θεοσεϐὲς
889 1566 943 1592 πά-

149 1611 213 1638 λινά
230 1612 393 1646 πολίτευμα,
409 1612 476 1647 ὅπερ
489 1612 528 1642 είς
543 1610 648 1645 ἔρημον
667 1610 701 1637 δι’
723 1610 795 1645 ὑμᾶς
811 1611 942 1646 κατέστη.

149 1658 223 1694 Πλὴν
238 1657 294 1684 ἀλλ’
306 1657 361 1691 ἐγὼ
375 1656 425 1692 τὴν
436 1656 554 1692 ἐρημίαν
565 1655 650 1690 αὐτῆς
662 1655 837 1691 ἀναλήψομαι
847 1656 944 1690 παρὰ·

150 1706 263 1737 HJ.an
274 1703 365 1730 καλῶν
392 1703 443 1738 τὴν
464 1702 530 1738 περὶ
556 1701 660 1729 τούτων
681 1702 787 1730 ἐλπίδα,
808 1703 944 1736 Ἐρημον

149 1750 187 1782 δὲ,
203 1750 240 1782 ὡς
264 1749 332 1785 πρὸς
346 1750 396 1784 τὴν
424 1749 540 1784 ἔχουσαν
566 1747 650 1775 πάλαι
669 1746 715 1774 τὸν
736 1748 832 1783 ἄνδρα,
845 1749 895 1784 τὴν
913 1748 943 1780 ἐξ

150 1795 235 1823 ἐθνῶν
243 1795 420 1831 Ἐκκλησίαν,
430 1795 519 1827 καλεῖ,
532 1795 601 1830 πρὸς
609 1795 642 1833 ἣν
654 1793 746 1829 ἔλεγεν
761 1795 776 1821 ὁ
787 1796 942 1831 προφήτης·

154 1852 163 1868 ι
179 1842 364 1878 Εὐφράνθητι,
384 1843 488 1877 στεῖρα,
507 1842 523 1876 ἡ
550 1841 582 1868 οὐ
601 1841 766 1872 τίκτουσα.»
783 1841 830 1867 καὶ
849 1841 883 1867 τὰ
896 1841 943 1868 ἐπὶ

149 1889 247 1924 τούτῳ.
264 1889 311 1921 Τίς
324 1889 353 1915 δὲ
372 1888 445 1924 ἠτδν
462 1888 546 1924 ἄνδρα
561 1887 672 1923 ἔχουσα,
689 1887 746 1914 ἀλλ’
760 1887 776 1922 ἦ
793 1887 823 1913 τὸ
841 1887 944 1922 βιϐλίον

150 1936 196 1962 τοῦ
210 1935 376 1962 ἀποστασίου
390 1935 582 1970 ποιησαμένης
597 1935 625 1960 ὲν
643 1934 672 1961 δὲ
686 1935 721 1969 τῇ
738 1934 834 1969 ἐρήμῳ
850 1933 944 1966 παρά-

150 1981 254 2009 δεισον
267 1982 377 2009 ἔσεσθαι
397 1981 484 2016 λέγει,
501 1981 573 2008 κατὰ
586 1980 635 2008 τὸν
653 1980 683 2007 ἐν
698 1980 769 2015 ἀρχῇ
791 1978 868 2014 παρᾶ
884 1980 941 2005 Κυ-

153 2028 258 2062 ρίου....

992 923 1083 950 fructu
1108 924 1258 959 liberisque
1284 929 1432 956 carentes,
1457 925 1604 951 multarum
1628 932 1677 959 per
1702 924 1783 951 [idem

992 971 1113 1005 gentium
1131 976 1263 1004 parentes,
1280 970 1366 998 Paulo
1382 975 1461 1003 teste,
1477 971 1600 1004 fuerunt,
1621 979 1683 998 eum
1697 971 1785 998 Abra-

993 1015 1105 1043 hamum
1119 1016 1175 1050 jam
1191 1024 1271 1043 suum
1287 1024 1391 1052 corpus
1406 1021 1575 1048 emortuum,
1590 1023 1618 1043 et
1632 1024 1692 1050 qua:
1703 1016 1782 1043 deiti-

992 1068 1068 1095 ceps,
1084 1062 1276 1089 considerasse
1300 1062 1381 1089 dixit.
1400 1061 1443 1088 Ea:
1453 1070 1505 1088 uno
1521 1062 1614 1096 igitur.
1631 1061 1785 1088 Abrahama

992 1111 1016 1134 et
1037 1106 1122 1134 Sarra
1137 1108 1229 1143 (unum
1245 1108 1318 1134 enim
1341 1113 1467 1142 uterque,
1483 1111 1513 1134 ut
1538 1107 1586 1134 illo
1609 1108 1706 1142 liquet,
1729 1114 1785 1142 quo

993 1153 1052 1180 fore
1064 1154 1133 1181 duos
1148 1155 1173 1180 in
1188 1162 1270 1181 carne
1286 1162 1340 1181 una
1352 1153 1477 1189 dicitur),
1492 1154 1694 1188 tanquamcmli
1710 1159 1785 1181 astra

993 1198 1182 1230 multitudine,
1208 1199 1403 1226 constiterunt.
1437 1199 1554 1233 Ideoque
1577 1207 1646 1226 unus
1668 1205 1736 1231 erat,
1759 1204 1784 1226 et

992 1245 1083 1272 vocavi
1095 1253 1165 1277 eum,
1180 1245 1291 1280 adjecit.
1303 1245 1540 1277 Quemadmodum
1555 1246 1640 1280 igitur
1657 1245 1684 1272 in
1698 1246 1786 1272 Abra-

992 1289 1070 1317 Immo
1088 1290 1113 1317 id
1130 1298 1181 1326 ego
1197 1291 1309 1325 praestiti
1327 1299 1334 1317 :
1353 1291 1393 1318 sic
1417 1294 1444 1317 et
1461 1291 1496 1318 ab
1519 1291 1571 1318 ista
1596 1296 1683 1324 petra,
1706 1299 1786 1326 quam

990 1335 1142 1367 excidistis,
1163 1335 1328 1363 mortalibus
1342 1335 1482 1363 universis
1501 1344 1565 1370 spes
1582 1336 1673 1371 aliqua
1687 1343 1787 1364 conse-

991 1381 1107 1415 quendze
1119 1382 1219 1409 salutis
1234 1381 1326 1409 futura
1349 1386 1402 1409 est.
1418 1381 1483 1408 Erat
1502 1390 1566 1410 vero
1577 1388 1653 1416 petra
1671 1382 1790 1410 docento

991 1425 1078 1453 Paulo
1095 1427 1116 1458 “,
1132 1426 1262 1454 Christus
1279 1427 1412 1461 ipse;eui
1431 1431 1545 1454 mortem
1558 1427 1671 1454 obeunti
1686 1434 1786 1454 manus

992 1476 1019 1498 et
1035 1471 1118 1506 pedes
1133 1472 1219 1500 clavis
1234 1480 1296 1500 esse
1312 1472 1482 1500 transfossos
1500 1472 1642 1508 Scriptura
1657 1476 1786 1500 testatur.

995 1516 1173 1552 Signiiicatur
1197 1519 1262 1547 item
1286 1527 1336 1553 per
1358 1518 1441 1554 579
1463 1519 1566 1553 faveam
1597 1519 1670 1547 latus
1696 1518 1787 1554 ipsum

996 1563 1082 1590 hastu:
1105 1572 1237 1592 mucrone
1253 1565 1438 1592 vulneratum.
1457 1565 1509 1593 Per
1533 1566 1590 1592 haec
1614 1566 1687 1592 enim
1710 1571 1788 1600 parta

996 1611 1072 1638 Salus
1097 1616 1140 1639 est
1158 1612 1273 1646 ipsaque
1286 1613 1369 1639 etiam
1386 1611 1518 1640 Ecclesia:
1533 1613 1682 1639 constituta
1701 1612 1789 1646 pleni-

995 1657 1081 1690 tudo;
1100 1666 1155 1684 non
1171 1658 1251 1685 aliter
1263 1666 1346 1694 quam
1363 1666 1396 1685 ea:
1411 1657 1563 1685 Abrnlmmo
1580 1665 1604 1685 et
1625 1658 1709 1686 Sarra
1726 1658 1788 1685 infi-

996 1704 1051 1730 nita
1065 1704 1221 1731 multitudo.
1237 1704 1327 1740 Atque
1339 1704 1402 1732 inde
1414 1709 1457 1732 est
1469 1705 1541 1740 quod
1553 1704 1681 1738 Sionem;
1699 1705 1724 1732 id
1735 1709 1789 1737 est,

994 1748 1068 1784 piant
1090 1750 1155 1776 olim
1175 1751 1316 1777 civitatem
1334 1751 1504 1783 consolatur,
1520 1759 1581 1786 qua":
1604 1752 1713 1779 deserta
1728 1751 1790 1786 qui-

995 1795 1057 1822 dem
1076 1800 1188 1830 propter
1203 1804 1263 1828 vos,
1282 1797 1384 1832 inquit,
1402 1805 1451 1832 per
1478 1805 1521 1824 me
1539 1797 1670 1832 frequens
1691 1798 1789 1824 iterum

996 1840 1088 1868 futura
1100 1846 1141 1868 est
1154 1851 1160 1868 :
1173 1841 1218 1869 ubi
1231 1842 1389 1869 consolandi
1400 1843 1494 1875 verbo,
1505 1843 1698 1878 promissionis
1708 1843 1791 1878 hujus

996 1894 1072 1922 spem
1097 1888 1273 1923 significavit.
1290 1889 1330 1917 Eo
1349 1889 1411 1924 ipso
1436 1894 1528 1916 autent
1555 1889 1628 1924 quod
1657 1890 1790 1916 desertam

994 1939 1086 1967 vocat,
1103 1936 1254 1964 Ecclesiam
1270 1937 1394 1972 gentium
1414 1937 1556 1972 intelligit,
1575 1942 1704 1972 tanquam
1729 1944 1791 1972 qua:

997 1979 1100 2009 dudum
1117 1983 1206 2009 virum
1223 1983 1333 2016 habeat,
1348 1984 1382 2011 ad
1397 1992 1477 2018 quam
1497 1984 1533 2010 ita
1551 1984 1715 2018 loquebatur
1726 1990 1791 2018 pro-

997 2027 1095 2062 pheta:
1108 2038 1117 2053 ι
1129 2028 1243 2062 Lmtare,
1255 2029 1436 2065 stct'ilis,qu2e
1447 2038 1500 2057 non
1510 2030 1640 2066 peperisti
1649 2031 1719 2062 ’,ιρι
1730 2037 1792 2064 qua:

153 2082 258 2114 postea.
275 2076 404 2109 Quaenam
425 2079 581 2107 autemest,
600 2081 662 2109 quae
674 2074 763 2100 virmn
784 2072 875 2106 habet,
893 2073 947 2101 nisi
968 2083 1030 2110 qua:
1054 2077 1197 2111 repudium
1226 2078 1321 2105 misit?
1362 2077 1392 2105 111
1414 2077 1524 2105 deserto
1548 2077 1648 2104 deinde
1669 2076 1790 2104 futurum

157 2125 224 2151 dicit
237 2122 395 2158 paradisum
415 2121 440 2147 ei
454 2128 507 2148 non
524 2120 688 2152 absimilem,
706 2118 752 2154 qui
770 2118 847 2145 initio
863 2126 878 2145 a
891 2118 1052 2149 Domino....

184 2171 261 2203 δ-ις’.
280 2168 440 2196 Ἀκούσατέ
450 2177 521 2203 μου,
538 2167 701 2198 ἀκούσατε,
720 2167 796 2199 λαός
808 2175 879 2201 μου,
895 2167 941 2194 κα]

1033 2171 1115 2206 580
1134 2171 1218 2199 Vens.
1232 2171 1308 2198 4-16.
1329 2171 1427 2198 Audite
1447 2179 1496 2203 me,
1514 2171 1614 2203 audite,
1631 2171 1726 2206 popule
1742 2171 1789 2205 mi,

149 2218 175 2244 οι
187 2215 341 2249 βασιλεῖς,
351 2215 426 2248 πρός
440 2222 478 2248 με
489 2213 685 2244 ἐνωτίσασθε,
705 2212 750 2239 ὅτι
763 2212 855 2246 νόμος
871 2212 943 2246 παρ’

149 2262 222 2298 ἐμοῦ
254 2261 456 2294 ἐξελεύσεται,
483 2259 534 2286 καὶ
565 2260 584 2293 ὴ
608 2259 707 2293 κρίσις
724 2267 783 2292 μου
809 2259 853 2290 εις
879 2256 943 2292 φῶς

150 2306 255 2334 ἐθνῶν.
272 2306 392 2342 Ἐγγίζει
418 2306 493 2341 ταχὺ
508 2306 527 2340 ἡ
546 2305 725 2339 δικαιοσύνη
739 2313 809 2339 μου,
827 2303 876 2330 καὶ
892 2303 942 2336 ἑξο

150 2354 317 2386 ελεύσεται,
337 2354 377 2387 ὡς
406 2353 479 2388 φῶς,
503 2352 537 2379 τὸ
565 2351 716 2384 σωτήριόν
734 2359 807 2385 μου,
827 2350 876 2376 καὶ
900 2350 944 2382 είς

150 2400 203 2426 τὸν
213 2399 365 2434 βραχίονα
389 2407 449 2434 μου
476 2398 549 2432 ἔθνη
577 2396 749 2425 ἐλπιοῦσιν.
767 2395 834 2431 Ἐμὲ
851 2394 943 2430 νῆσοι

151 2446 349 2482 ὑπομενοῦσι,
368 2445 418 2473 καὶ
448 2445 492 2478 εἰς
506 2444 561 2471 τὸν
577 2443 728 2479 ,ϐραχίονά
744 2451 804 2478 μου
823 2441 947 2470 ἐλπιοῦ-

152 2501 215 2526 σιν,
230 2502 258 2520 κ.
271 2502 298 2520 τ.
313 2491 339 2519 λ.

189 2559 196 2567 .
219 2558 228 2566 .
250 2559 258 2566 .
279 2558 286 2566 .
309 2537 470 2574 ἀνθρώπους
485 2536 664 2572 φοϐούμενος,
683 2535 720 2571 μὴ
733 2535 948 2569 ἀποσυνάγωγόν

154 2594 183 2612 σε
200 2585 351 2621 ποιήσωσιν
369 2585 393 2610 oi
409 2583 536 2618 λέγοντες
546 2591 554 2599 ι
569 2592 578 2609 ι
592 2582 736 2618 Δαιμόνιον
751 2582 808 2617 ἔχει
823 2582 870 2608 καὶ
886 2581 949 2617 μαί-

153 2640 238 2660 νεται.
256 2630 289 2658 Τί
304 2630 419 2658 ἀκούετε
436 2629 538 2664 αὐτοῦ;
554 2639 563 2656 ι
589 2626 636 2660 Οἷς
656 2629 748 2662 ἔλεγεν
771 2629 785 2655 ὁ
808 2627 925 2664 Χριστός
938 2635 946 2643 ·

158 2687 167 2704 ι
181 2677 236 2705 Καὶ
251 2677 316 2712 ὑμῖν
337 2678 394 2708 τοῖς
406 2677 529 2712 νομικοῖς
545 2675 616 2708 οὐαὶ,
633 2675 675 2702 ὅτι
690 2675 775 2710 ἤρατε
792 2674 841 2710 τὴν
855 2673 947 2700 κλεῖδα

205 2757 214 2773 ⁷
235 2756 310 2784 Psal.
330 2762 430 2787 χχχιιι,
446 2754 491 2781 27.
525 2754 535 2770 ⁸
556 2753 565 2780 1
581 2753 645 2781 Cor.
660 2761 688 2786 x,
702 2753 729 2780 4.
769 2752 779 2768 ⁹
800 2752 853 2780 lsa.
868 2759 924 2784 Liv,
937 2751 963 2779 1.

995 2222 1019 2245 et
1036 2226 1119 2252 reges,
1139 2217 1174 2244 ad
1195 2226 1236 2244 me
1245 2217 1387 2249 attendite,
1398 2218 1460 2253 quia
1476 2217 1517 2244 lea:
1538 2226 1555 2245 α
1574 2226 1614 2245 me
1632 2217 1790 2252 egredietur,

994 2265 1161 2299 etjudicium
1184 2273 1269 2292 meum
1290 2266 1317 2293 in
1336 2266 1421 2293 lucem
1439 2265 1566 2301 gentium.
1589 2264 1792 2299 Appropinquat

995 2311 1048 2338 cito
1069 2311 1179 2346 justitia
1197 2321 1266 2344 mea,
1282 2317 1307 2339 et
1325 2312 1483 2347 egredietur,
1506 2311 1573 2338 sicut
1590 2310 1646 2343 lux,
1672 2311 1791 2337 salutare

996 2366 1092 2388 meum,
1106 2363 1130 2386 et
1155 2359 1183 2386 in
1198 2358 1336 2386 brachium
1361 2366 1447 2386 meum
1463 2362 1552 2393 gentes
1566 2358 1720 2392 sperabunt,
1736 2360 1789 2384 etc.

1032 2534 1112 2570 581
1136 2555 1144 2562 .
1166 2555 1174 2562 .
1194 2553 1201 2561 .
1224 2554 1231 2562 .
1252 2534 1378 2562 homines
1401 2537 1527 2561 metuens
1550 2539 1585 2559 ne
1600 2536 1625 2558 te
1651 2537 1790 2566 synagoga

997 2585 1137 2613 moveant.
1156 2580 1278 2609 dicentes
1296 2589 1302 2608 :
1324 2590 1333 2606 ι
1350 2579 1519 2608 Βωιιιοηὶιιπι
1538 2578 1638 2609 habet,
1656 2581 1683 2603 et
1708 2575 1790 2609 furit;

999 2628 1064 2664 quid
1084 2628 1185 2656 auditis
1203 2635 1265 2656 eum
1282 2626 1326 2653 “'?
1347 2636 1356 2653 ι
1382 2626 1484 2662 quibus
1509 2623 1692 2659 respondebat
1711 2621 1792 2650 Citri—

1001 2679 1062 2700 stus
1080 2682 1087 2700 :
1106 2682 1115 2698 I
1136 2672 1181 2700 Va:
1204 2671 1282 2700 vobis
1305 2671 1389 2699 etiam
1416 2669 1600 2705 legispcritis;
1626 2667 1691 2703 quia
1715 2664 1793 2693 fertis

988 2751 1021 2789 _‘°
1037 2751 1116 2779 Joan.
1138 2759 1165 2784 Χ,
1180 2751 1226 2779 20.

828 2809 945 2836 VARI/13
970 2809 1173 2838 LECTlONES.

197 2867 210 2883 ε
227 2870 272 2897 γρ.
288 2861 335 2889 τοῦ
351 2860 478 2896 ’Δὸραὰμ
490 2859 538 2886 καὶ
546 2859 594 2894 τῆς
607 2859 724 2894 Σάρρας.
762 2858 776 2879 ιι
789 2868 835 2893 γρ.
850 2858 945 2885 πάλαι.
