1999 3076
117 135 186 168 2501

685 138 953 169 COMMENTARII
969 137 1010 167 ΙΝ
1030 138 1175 170 ΙΞᾹΙΛΜ.

1679 134 1752 166 2502

154 191 238 219 Τοῦτο
250 191 272 219 δ’
285 192 317 219 ἂν
330 192 436 227 λέγοιτο
450 193 496 220 ἐπὶ
510 193 557 220 τοῦ
579 195 671 221 πᾶσαν
683 194 821 229 τιμωρίαν
837 194 910 221 ὲκτί-

998 193 1074 221 istud
1090 202 1155 222 vero
1172 194 1206 222 tie
1224 194 1271 221 illo
1285 193 1404 225 dicatur,
1423 192 1469 228 qui
1494 191 1527 219 ad
1549 192 1684 220 scelerum
1707 201 1757 221 el-

118 247 214 270 σαντος
234 238 302 274 πρὸς
325 238 459 274 κάθαρσιν
484 239 711 275 ἁμαρτημάτων,
728 239 767 271 ὠς
790 240 837 266 ἐπὶ
857 239 911 266 τῶν

117 285 333 320 προσαγομένων
348 284 456 320 πικρῶν
467 284 613 312 ἀντιδότων
628 286 669 317 είς
684 286 810 312 κένωσιν.
824 286 912 312 Λυπεῐ

116 329 181 364 γὰρ,
196 329 235 362 ὡς
260 330 364 365 ίατρὸς,
385 331 399 356 6
421 330 488 362 Θεὸς
511 330 561 357 οὐκ
586 331 667 362 αὐτὸς
693 331 795 364 θέλων,
823 331 871 358 τοῦ
882 331 912 358 δὲ

117 375 280 411 πράγματος
296 375 499 410 ἀναγκάζοντος
512 385 519 393 ·
535 376 602 412 περὶ
618 374 648 404 οὗ
663 377 806 403 λέλεκται⁸
834 385 844 402 ‹
861 378 913 404 [Ιο-

116 422 212 457 τήριον
229 422 258 448 ὲν
273 422 345 457 χειρὶ
366 422 471 456 Κυρίου
486 423 559 449 οῐνου
577 423 697 458 ἀκράτου
713 422 816 458 πλῆρες
829 422 914 457 κερά-

118 476 233 504 σματος.
259 469 314 494 Καὶ
334 467 441 494 ἔκλινεν
460 469 492 495 ὲκ
507 468 604 495 τούτου
627 469 668 500 είς
688 469 783 500 τοῦτο,
813 470 881 505 πλὴν
899 470 914 496 6

116 513 231 549 τρυγίας
254 514 337 541 αὑτοῦ
361 515 411 541 οὐκ
436 514 600 551 ὲξεκενώθη.
627 516 737 542 Πίονται
764 515 866 547 πάντες
888 517 912 543 οἱ

117 560 276 596 ἁμαρτωλοὶ
287 561 337 596 τῆς
351 562 413 597 γῆς.
433 571 441 587 t
459 561 545 588 Τοῦτο
559 562 586 588 δέ
610 570 651 588 σοι
666 561 804 597 παθούσῃ,
818 562 911 597 φησὶν,

116 605 207 632 οὐδέν
229 613 279 632 σοι
303 606 428 642 παρέστη
440 607 496 634 τῶν
519 608 621 634 τέκνων
632 609 912 643 παραμυθούμενον.

117 651 183 678 Ὅτε
208 652 257 688 μὲν
272 653 326 688 γὰρ
347 653 387 684 είς
402 653 562 688 Ἀσσυρίους
585 654 759 690 ἀπήχθησαν,
773 653 847 690 εἶχον
871 655 913 681 δι-

117 697 212 730 καίους
227 699 275 725 καὶ
295 700 439 734 προφήτας
454 700 718 734 παρακαλοῦντας’
737 701 805 735 μετὰ
820 701 848 727 δὲ
868 701 914 728 τὸν

117 743 288 778 τολμηθέντα
302 744 374 770 κατὰ
388 744 506 780 Χριστοῦ
519 744 635 771 θάνατον
645 765 653 777 ,
669 744 771 778 οὐδεὶς
786 744 913 780 θεοψιλὴς

117 788 234 825 εὓρηται
248 791 313 825 παρ’
325 787 523 822 αὐτοῖς.⁷Ησαν
535 790 590 826 γὰρ
611 789 852 825 προσπελάσαντες
865 789 914 816 καὶ

117 835 164 862 τοῦ
178 836 305 871 Σωτῆρος
323 836 387 868 τοὺς
403 836 527 871 μαθητὰς
539 837 659 871 πληγαῖς
675 836 858 871 αἰκισάμενοι,
873 844 913 862 τι-

966 240 1114 275 piationctn
1131 240 1199 267 nihil
1215 248 1271 267 non
1292 247 1436 274 pcenarum
1450 238 1618 272 exsolverit;
1636 246 1691 266 non
1708 239 1760 265 ali-

966 291 1008 312 ter
1024 294 1106 321 quam
1124 287 1151 313 itt
1167 287 1269 314 amaris
1284 285 1416 313 antidotis
1429 285 1487 312 ﬁeri
1506 284 1645 315 videmus.
1662 284 1708 320 qui
1724 284 1758 311 ad

966 333 1093 366 corporis
1120 332 1329 359 evacuationcm
1355 331 1550 367 propinantttr.
1578 329 1660 358 Aﬂ‘ert
1684 330 1758 357 enim

966 377 1089 405 dolorem
1104 377 1250 410 Dominus,
1266 381 1399 412 tattqttam
1425 377 1558 409 medicus,
1574 385 1630 404 non
1650 381 1758 410 sponte,

967 424 1014 451 scd
1040 424 1079 452 rei
1104 423 1273 452 necessitate
1297 423 1433 450 adductus
1457 432 1464 450 :
1487 422 1606 457 indeque
1632 422 1695 449 illud
1718 427 1761 448 est

966 471 1040 505 quod
1058 470 1191 498 scribitur
1208 478 1216 496 :
1234 478 1244 495 (
1259 469 1337 497 Calix
1353 469 1380 496 itt
1399 477 1481 496 tttantt
1502 468 1610 496 Domini
1624 467 1679 494 vini
1693 467 1760 494 meti

966 518 1064 552 plenus
1077 517 1171 544 tnisto.
1184 515 1217 543 Et
1237 516 1381 543 inclinavit
1398 523 1431 543 ex
1443 516 1495 543 hoc
1510 515 1536 542 in
1548 515 1632 546 illud;
1648 522 1760 540 verunt-

968 568 1059 590 tamen
1078 563 1129 590 faex
1143 563 1204 598 ejus
1229 570 1284 590 non
1295 567 1337 590 est
1360 562 1501 589 exinanita
1519 571 1525 589 :
1543 562 1639 589 bibettt
1665 568 1760 587 omnes

954 613 1130 644 .pcccatores
1159 613 1239 636 terrm
1257 609 1289 635 “'.
1311 608 1408 635 tlstud
1434 612 1526 634 autem
1555 615 1618 634 cttm
1640 606 1762 641 patieba-

968 655 1017 687 ris,
1035 655 1133 690 inquit,
1151 663 1182 682 ne
1196 654 1228 682 de
1246 655 1308 682 ﬁliis
1325 653 1436 689 quidem
1452 662 1532 685 unus,
1544 653 1588 688 qui
1601 658 1624 679 te
1635 652 1762 678 consalu-

967 705 1051 733 ταίην,
1065 700 1164 727 adluit.
1182 699 1251 727 Cum
1267 700 1340 727 enim
1357 699 1384 726 in
1401 699 1543 734 Assyriam
1560 697 1670 725 abducti
1685 701 1760 729 sunt,

967 747 1049 773 etiam
1074 750 1132 773 tuttt
1155 745 1264 780 justitia
1289 749 1316 772 et
1341 744 1486 780 prophetia
1507 743 1664 778 insignibus
1682 742 1760 774 viris,

968 792 1014 826 qui
1033 791 1150 819 alilictos
1174 790 1403 818 consolationibus
1424 790 1572 825 erigerent,
1591 796 1645 815 non
1665 796 1763 816 carue-

968 842 1043 865 runt.
1062 837 1115 865 Sed
1132 845 1165 864 ex
1180 845 1236 872 quo
1258 837 1362 864 Christi
1385 837 1485 863 caedem
1506 839 1712 870 perpetraruttt,
1731 843 1764 862 ne

118 882 167 913 νὰς
181 882 209 908 δὲ
225 882 272 908 καὶ
288 881 440 914 ἀνελόντες.
466 883 524 909 Δύο
548 882 583 908 δὲ
605 881 710 914 ταῦτα,
725 882 818 916 φησιν.
831 881 914 909 ἀντί-

967 884 1042 919 piutn
1056 884 1169 919 quidem
1186 891 1268 910 unum
1288 883 1398 917 Deoque
1417 882 1572 917 placentem
1594 889 1685 910 secum
1713 882 1764 908 lta-

117 926 211 953 κειται
227 933 288 959 σοι,
307 927 354 953 καὶ
368 926 493 962 πολεμεῖ,
511 926 653 961 συντόμως
665 926 715 958 τὰς
733 928 765 954 ὲκ
776 926 822 953 τοῦ
836 927 916 954 πολέ-

118 982 170 1009 μου
182 973 271 1009 δηλῶν
284 982 315 1000 συ
320 974 438 1009 μιροράς.
448 973 523 1001 Ἀντί
535 973 563 1000 δὲ
578 973 644 1006 δύο,
659 974 841 1010 προὸάλλεται
855 973 916 1000 τέτ-

116 1019 289 1055 ταρα.⁷Αλλὰ
301 1019 355 1046 τὰὲ
371 1019 494 1054 ἑπόμενα
508 1021 564 1051 τοῖς
580 1019 702 1055 πρώτοις
717 1019 731 1045 6
746 1019 916 1054 προφητικδς

117 1066 146 1092 ὲν
160 1065 266 1097 τούτοις
282 1065 413 1092 συνάπτει
433 1065 644 1099 λόγο;.”Επεται
669 1065 725 1100 γὰρ
745 1065 785 1101 τῷ
801 1065 850 1099 μὲν
865 1065 916 1091 πί-

117 1119 203 1138 πτειν
218 1112 237 1145 ὴ
253 1111 410 1145 συντριϐή.
421 1110 466 1143 Τῷ
482 1111 511 1138 δὲ
525 1110 612 1144 λιμῷ,
623 1109 848 1145 μάχαιρα,τοῦτ’
858 1110 916 1136 ἐστι

117 1156 243 1188 θάνατος.
260 1157 319 1183 Δύο
333 1156 423 1182 τοίνυν
440 1157 474 1182 τὰ
490 1156 586 1191 πρῶτα
597 1176 604 1188 ,
620 1156 725 1190 πτῶμα
746 1155 796 1182 καὶ
817 1155 915 1190 λιμὸς,

117 1204 182 1237 περὶ
197 1199 236 1229 ὧν
249 1203 263 1229 ὁ
276 1202 366 1236 λόγος,
380 1201 463 1237 φησὶν
475 1201 492 1229 ἃ.
502 1204 515 1221 lt
529 1202 571 1232 τίς
586 1202 600 1228 6
617 1202 748 1228 κωλύσων
758 1223 766 1235 ,
781 1202 864 1236 φησιν
874 1221 881 1234 ,
897 1201 914 1237 ἢ

118 1250 164 1276 καὶ
179 1248 266 1283 ψιλῶς
282 1248 569 1282 παραμυθούμενοςς
585 1248 673 1283 ’Λραί
690 1248 714 1274 οἱ
733 1248 760 1274 ὲν
770 1248 811 1273 σοὶ
823 1247 916 1282 Γραμ-

120 1295 214 1330 ματείς
232 1294 279 1321 καὶ
297 1295 458 1329 Φαρισαῖοι;
486 1293 502 1328 ἢ
526 1293 574 1320 καὶ
590 1293 677 1325 ἄλλως
692 1293 815 1326 δυνατοί;
840 1293 916 1320 Ἀλλ’

121 1342 174 1368 ἰδοὺ
188 1341 236 1368 καὶ
250 1341 317 1376 περὶ
333 1340 438 1366 ἑαυτῶν
448 1340 646 1367 κινδυνεύουσι.
661 1339 847 1367 Καυεύδουσι
860 1339 916 1374 γὰρ

117 1387 218 1415 ἐπάνω
231 1387 335 1419 πάσης
347 1386 468 1419 ἐξόδου.
487 1386 541 1413 T017
556 1385 691 1421 πολέμου
707 1386 762 1421 γὰρ
773 1386 915 1422 κατασκή-

117 1434 233 1469 ψαντος,
247 1434 295 1466 τὰς
316 1435 368 1469 τῆς
393 1434 487 1469 χώρας
513 1433 643 1468 ἐσχατιὰς
669 1433 860 1466 κατελάϐοντο,
876 1432 916 1460 ἶν’

119 1478 175 1507 εἷεν
187 1481 291 1516 ἕτοιμοι
307 1481 376 1516 πρὸς
392 1480 493 1515 φυγὴν.
508 1480 539 1506 οὐ
563 1480 632 1515 πρὸς
647 1480 817 1515 ἁπόκρουσιν
834 1481 917 1515 ἐγρη-

118 1527 230 1562 γορότες
244 1531 346 1560 κακῶν,
356 1526 432 1561 φόϐῳ
441 1526 469 1552 δὲ
482 1525 643 1562 παρειμένοι
654 1526 780 1561 καθάπερ
789 1525 820 1552 ἐκ
830 1525 916 1560 μέθης

117 1573 158 1606 ὡς
188 1573 332 1599 σεύτλιον
353 1572 510 1606 time-9:007.
530 1571 608 1598 Κατὰ
635 1571 663 1597 δὲ
686 1570 852 1606 Σύμμαχον¹
884 1572 916 1598 οι

117 1618 178 1646 υἱοί
197 1626 254 1645 σου
266 1618 476 1652 ἐπορεύθησαν
483 1617 622 1651 ἀγόμενοι
632 1616 679 1642 ἐπ’
687 1615 784 1650 ἀρχῆς
795 1615 917 1642 πάντων

117 1663 352 1699 ἀμφιϐλήστρων
378 1664 419 1696 ὡς
442 1662 516 1697 ὄρυξ
545 1663 580 1688 ἐν
605 1662 832 1697 ἁμφιϐλήστρῳ.
861 1661 917 1687 Καὶ

118 1710 189 1736 κατὰ
209 1710 274 1740 τοὺς
294 1709 406 1739 λοιποὺς
426 1708 465 1740 δὲ,
481 1708 542 1734 ἀντὶ
562 1707 620 1740 τοῦ,
636 1708 677 1740 ὡς
692 1708 835 1734 σεύτλιον
849 1707 916 1741 ἡμι-

117 1757 220 1790 εφθον,
235 1756 276 1788 ὡς
287 1755 361 1788 ὅρυξ
372 1753 705 1789 ἡμφιῦληστρευμένος,
721 1753 737 1788 ἢ
750 1754 916 1786 συνειλημ-

114 1802 217 1837 μένος,
230 1802 348 1837 εἴρηται.
359 1801 388 1827 '0
398 1801 426 1827 δὲ
438 1800 512 1834 ὄρινε
526 1799 620 1836 ὖρνεύν
634 1801 718 1832 ἐστιν,
731 1796 753 1833 ᾧ
770 1799 915 1834 παραϐάλ-

117 1848 158 1874 λει
173 1848 236 1880 τοὺς
254 1848 331 1879 υἱοὺς
348 1846 529 1882 Ἰερουσαλὴμ
555 1845 770 1881 ἀμφιϐλήστρφ
790 1845 915 1872 διαϐόλου

118 1894 344 1930 περιϐληθέντας.
361 1894 407 1920 Διὸ
427 1894 474 1921 καὶ
491 1893 531 1929 τῷ
548 1892 630 1928 θυμῷ
648 1892 853 1928 παρεδόθησαν.

967 929 1095 957 buerunt.
1112 928 1190 964 ipsos
1205 929 1279 957 enim
1297 928 1450 956 Salvatoris
1471 928 1555 955 etiant
1579 926 1730 962 discipulos
1747 934 1762 953 a

965 984 996 1006 se
1021 977 1160 1012 imprimis
1195 977 1361 1011 abegerunt,
1384 976 1449 1003 dtttn
1473 975 1562 1010 plagis
1587 975 1668 1007 alios,
1693 974 1762 1001 alios

965 1024 1048 1051 etiam
1060 1028 1151 1051 morte
1168 1023 1285 1058 turpiter
1299 1022 1460 1050 all‘ecerunt.
1478 1021 1531 1048 Sed
1546 1021 1642 1052 habes,
1656 1020 1762 1055 adjicit,

965 1071 1018 1097 ista
1044 1070 1097 1096 duo
1126 1070 1174 1097 tibi
1194 1070 1345 1100 contraria.
1369 1073 1397 1096 et
1422 1068 1550 1101 hostilia;
1569 1067 1607 1094 ita
1632 1067 1762 1100 breviter,

966 1123 1027 1150 qua:
1041 1115 1113 1142 bella
1129 1119 1294 1150 sequuntur.
1311 1114 1484 1141 calamitates
1499 1112 1639 1140 indicans.
1659 1112 1761 1140 Verum

965 1170 1013 1196 pro
1034 1161 1149 1193 duobus,
1169 1166 1288 1196 quatuor
1309 1161 1442 1196 pr0plteta
1462 1161 1601 1195 proponit,
1619 1159 1682 1187 dum
1701 1167 1763 1194 quae

967 1208 1059 1242 priora
1073 1207 1128 1234 dtto
1143 1211 1361 1242 consequantur,
1376 1206 1461 1233 altera
1479 1205 1629 1233 connectit.
1647 1204 1762 1231 Ruinam

966 1253 1100 1287 siqui-ictu
1136 1252 1196 1288 ipsa
1232 1252 1414 1286 consequitur
1441 1251 1584 1282 contritio,
1614 1250 1763 1285 [amentque

967 1298 1086 1333 gladius.
1114 1305 1169 1333 quo
1198 1305 1273 1325 mors
1298 1297 1432 1324 ittttuitur.
1458 1297 1518 1324 Duo
1541 1297 1627 1332 igitur
1657 1297 1761 1331 priora,

967 1344 1073 1369 ruinam
1088 1348 1111 1370 et
1123 1343 1232 1377 famem,
1246 1343 1280 1370 de
1294 1343 1393 1378 quibus
1405 1351 1496 1370 sermo
1511 1347 1563 1374 est,
1576 1342 1649 1377 quis,
1660 1342 1762 1376 inquit,

967 1390 1057 1416 valeat
1080 1397 1185 1422 arcere,
1209 1389 1253 1416 vel
1279 1389 1332 1417 levi
1359 1389 1441 1416 etiam
1469 1388 1653 1415 consolatione
1681 1388 1764 1414 miti—

966 1436 1049 1471 gare?
1064 1435 1162 1463 Annon
1192 1436 1239 1471 qui
1257 1440 1347 1463 tecum
1375 1439 1441 1462 sunt
1459 1435 1563 1462 Scriba;
1578 1438 1605 1461 et
1621 1434 1762 1466 l'ltariszei,

967 1482 1113 1510 autetiam
1133 1483 1180 1518 qui
1205 1482 1258 1509 alia
1279 1481 1411 1509 facultate
1431 1481 1590 1509 excellunt?
1612 1480 1666 1508 Sed
1686 1488 1761 1512 ecce.

968 1528 1021 1562 ipsi
1036 1528 1119 1555 etiam
1141 1527 1168 1554 in
1196 1527 1321 1560 periculo
1338 1531 1496 1559 versantur,
1515 1527 1561 1562 qui
1582 1527 1609 1553 in
1632 1526 1762 1560 capitibus

969 1573 1073 1600 viarum
1090 1573 1209 1600 omnium
1223 1572 1371 1600 dormiant.
1393 1572 1470 1599 Bello
1486 1572 1559 1599 enim
1577 1572 1721 1606 ingruente
1735 1571 1764 1598 in

970 1618 1097 1654 regiones
1112 1623 1250 1646 extremas
1264 1626 1294 1646 se
1313 1621 1487 1653 receperant,
1505 1621 1534 1644 ιιι
1555 1621 1649 1645 essent
1669 1617 1703 1644 ad
1720 1615 1764 1644 fu-

970 1672 1031 1699 gam
1047 1664 1256 1700 capessendam,
1273 1672 1329 1692 non
1355 1665 1388 1692 ad
1416 1665 1487 1692 mala
1512 1664 1658 1691 devitanda
1682 1671 1758 1698 para-

969 1710 1067 1742 tiores,
1085 1713 1160 1737 ntetu
1186 1710 1257 1745 ipso,
1272 1710 1414 1737 ebriorum
1440 1717 1528 1742 more,
1551 1714 1676 1744 tanquam
1703 1709 1763 1736 beta

969 1756 1120 1788 semicocta,
1137 1755 1215 1783 fracti
1233 1761 1261 1783 et
1277 1756 1397 1783 remissi.
1417 1755 1504 1783 liabet
1526 1759 1618 1782 autent
1640 1756 1667 1782 in
1689 1754 1762 1782 hunc

971 1801 1081 1828 modum
1092 1800 1250 1835 Symmachi
1269 1801 1464 1836 interpretatio
1481 1810 1488 1827 :
1508 1800 1572 1828 Filii
1592 1800 1763 1827 tuiambula-

969 1851 1062 1874 terunt
1077 1846 1151 1873 ducti
1163 1847 1189 1872 in
1202 1847 1332 1881 principio
1345 1847 1527 1877 retiariorum,
1540 1845 1620 1881 585
1636 1851 1762 1880 tanquam

966 1900 1045 1928 oryx.
1069 1892 1168 1920 Caneri
1199 1900 1274 1925 vero,
1294 1900 1342 1927 pro
1365 1899 1421 1928 quo
1447 1897 1573 1926 tanquam
1598 1893 1657 1918 beta
1681 1892 1761 1918 semi-

118 1948 191 1970 cocta
214 1943 358 1975 habemus,
380 1947 507 1977 tanquam
528 1949 594 1977 oryx
615 1942 750 1974 interitus,
767 1944 816 1968 aut
839 1941 1031 1976 (ircumseptus
1056 1940 1198 1968 dixerunt.
1216 1940 1300 1976 Orygi
1320 1944 1423 1972 autem.
1451 1940 1478 1967 id
1509 1943 1551 1966 cst
1578 1939 1632 1971 avi.
1665 1937 1762 1966 llicro-

117 1990 298 2025 solyntitanos
323 1993 477 2024 comparat,
501 1988 573 2023 quod
599 1988 655 2015 sint
679 1987 780 2014 diaboli
808 1987 909 2014 retibm
927 1987 1072 2023 implicati,
1089 1991 1117 2015 et
1131 1987 1167 2014 ob
1181 1987 1209 2014 id
1225 1987 1313 2022 furori
1327 1987 1434 2014 traditi.

162 2037 235 2063 Ἀντὶ
260 2036 288 2062 δὲ
313 2034 384 2068 τοῦ,
417 2036 433 2062 d
463 2035 574 2070 κρίνων
605 2035 659 2062 τὸν
691 2033 770 2062 λαὸν
801 2033 912 2061 αὐτοῦ’

118 2083 275 2118 Σύμμαχος,
297 2081 506 2116 ὑπερμαχήσει
532 2081 599 2116 φησὶ
626 2079 680 2107 τοῦ
705 2079 782 2107 λαοῦ
808 2079 913 2106 αὑτοῦ.

118 2129 154 2155 T6
179 2129 207 2154 δὲ
226 2128 340 2162 εἴληφα
355 2127 428 2154 τοῦτ’
448 2127 507 2153 ἔστι
533 2126 681 2161 λήψομαι.
700 2125 914 2160 Ἑπαγγέλλεται

117 2177 172 2211 γὰρ
184 2176 296 2211 ἀνήσειν
315 2174 369 2201 τὸν
380 2174 478 2209 θυμὸν
502 2173 617 2210 ποιούσῃ
628 2173 662 2199 τὰ
677 2172 913 2208 προσταττόμενα,

119 2222 191 2257 ἆπερ
213 2219 247 2256 ἦν
268 2220 438 2255 ἑξεγείρου,
461 2219 622 2254 ἐξεγείρων.
650 2218 834 2253 Ἔπιμένουσα
859 2218 915 2253 γὰρ

118 2269 152 2303 τῇ
180 2267 309 2299 πτώσει,
342 2266 417 2292 αἰτία
439 2265 516 2292 ἔσται
538 2266 588 2300 τῆς
620 2265 675 2291 τῶν
700 2264 915 2300 ἐπηγγελμένων

119 2312 274 2344 κωλύσεως.
284 2312 411 2339 Τοιοῦτον
423 2311 471 2338 καὶ
484 2311 529 2338 τό·
547 2321 556 2338 t
570 2310 617 2346 Μὴ
632 2311 646 2337 6
661 2311 769 2338 πίπτων
788 2310 838 2337 οὐκ
853 2309 915 2338 ἀνί-

120 2367 231 2391 σταταις
256 2358 273 2393 ἢ
300 2358 314 2384 ὸ
337 2357 519 2391 ἀποστρέφων
529 2356 579 2382 οὐκ
607 2356 785 2391 ἐπιστρέφεις
803 2355 862 2382 ’Ὶνα
889 2355 917 2382 τί

119 2403 308 2438 ἀποστρέφετε
333 2401 511 2437 ἀποστροφὴν
531 2400 645 2435 ἀναιδῆς
673 2401 749 2434 λέγει
777 2399 890 2435 Κύριος.
905 2409 914 2425 t

119 2451 233 2485 Μήποτε
245 2449 273 2476 δὲ
289 2449 387 2485 μηκέτι
405 2447 532 2480 πιεῖσθε,
549 2447 616 2482 φησὶ
628 2466 636 2478 ,
653 2446 697 2473 διὰ
711 2446 761 2481 τὴν
776 2447 820 2473 ἐπ’
832 2446 916 2481 ἐσχά-

119 2505 174 2522 των
181 2494 463 2531 ὲπιστροφήν.Ἐλεγε
475 2493 540 2529 γὰρ,
550 2503 559 2518 t
571 2492 762 2527 Ἐπιλήσονται
771 2493 819 2527 τὴν
826 2492 916 2527 θλίψιν

120 2542 210 2569 αὐτῶν
221 2541 270 2577 τὴν
279 2541 401 2577 πρώτην,
415 2551 424 2566 t
436 2540 527 2567 καὶτὰ
539 2539 612 2574 ἑξῆς.
621 2539 770 2573 Ποτήριον
780 2539 808 2565 δὲ
821 2539 915 2565 καλεῖν

120 2589 181 2620 ἔθος
197 2587 252 2614 ἔσθ’
265 2588 308 2614 ὅτε
325 2589 359 2623 τῇ
372 2587 431 2622 θείᾳ
442 2587 537 2622 Γραφῇ
550 2586 580 2612 τὸ
594 2584 836 2619 ἀνταποδιδόμενον
846 2585 913 2619 ἁγα-

121 2634 213 2670 θοῖ;,ἦ
226 2635 331 2667 κακοῖς,
345 2634 383 2666 ὡς
399 2633 477 2670 παρὰ
490 2632 530 2668 τῷ
547 2631 645 2659 Δαϐίδ·
664 2641 673 2657 t
688 2630 760 2666 Πῦρ,
771 2631 818 2657 καὶ
830 2630 912 2663 θεῖον,

120 2682 169 2707 καὶ
191 2679 302 2715 πνεῦμα
321 2679 489 2714 καταιγίδος,
510 2679 527 2714 ἡ
552 2678 633 2714 μερὶς
648 2677 696 2704 τοῦ
713 2676 844 2713 ποτηρίου
861 2676 912 2703 αὑ-

158 2761 180 2778 ¹⁸
194 2761 267 2789 Psal.
287 2769 377 2793 Lxxtv,
391 2760 418 2788 9.
466 2760 488 2776 ¹⁹
504 2759 604 2787 Jerctn.
624 2766 683 2792 Vlll,
699 2758 727 2792 4,
743 2757 772 2786 5.

1005 2033 1141 2062 Caeterum
1161 2034 1207 2061 ubi
1221 2034 1381 2069 quijudicat
1398 2033 1523 2068 populant
1537 2040 1613 2059 suum
1628 2030 1761 2066 legimus~

967 2088 1016 2116 pro
1039 2080 1136 2115 populo
1153 2087 1202 2107 suo
1221 2079 1366 2106 decertabit
1389 2078 1573 2114 Symmachus
1596 2077 1761 2110 interpreta-

968 2131 1024 2154 tur.
1050 2125 1185 2153 Praiterca
1210 2133 1273 2152 cum
1299 2125 1401 2159 sumpti
1424 2124 1511 2155 dixit,
1539 2127 1704 2156 sumpturum
1731 2129 1761 2149 se

968 2171 1145 2207 signiﬁcavit.
1167 2170 1204 2198 Se
1223 2171 1296 2198 enim
1317 2170 1350 2196 de
1370 2170 1461 2204 furore
1480 2169 1661 2196 remissurum
1679 2167 1760 2202 polli-

968 2224 1058 2250 cetur,
1074 2217 1097 2244 si
1123 2224 1184 2252 qua:
1197 2217 1289 2244 verbis
1309 2216 1371 2244 istis
1394 2216 1521 2246 excitare.
1538 2215 1654 2241 excitare
1674 2213 1761 2248 impe-

968 2268 1027 2290 rata
1045 2267 1119 2296 sunt,
1138 2264 1197 2298 ipsa
1221 2262 1392 2298 przestiterit.
1409 2261 1485 2288 Alias
1503 2261 1575 2287 enittt
1594 2260 1617 2287 si
1639 2259 1715 2294 lapsa
1730 2266 1761 2286 se

967 2318 1022 2338 non
1042 2311 1173 2344 erexerit,
1194 2309 1372 2337 denuntiatas
1392 2309 1420 2336 in
1437 2316 1466 2335 se
1482 2314 1576 2343 pcenas
1593 2313 1654 2334 esse
1675 2310 1761 2332 attra-

967 2361 1086 2384 cturam.
1113 2355 1179 2384 Tale
1203 2359 1245 2384 est
1269 2360 1297 2383 et
1319 2353 1414 2382 illud:
1436 2364 1444 2380 t
1464 2353 1561 2381 Nonne
1587 2353 1634 2387 qui
1661 2351 1760 2379 cecidit

967 2402 1094 2437 erigitur,
1117 2406 1164 2429 aut
1191 2401 1238 2436 qui
1264 2399 1415 2432 aberravit,
1440 2399 1468 2426 in
1497 2399 1569 2425 viam
1597 2395 1760 2425 revertitur?

967 2447 1059 2481 Quare
1075 2447 1230 2476 avertimini
1247 2446 1392 2474 aversione
1409 2444 1573 2480 impudenti,
1588 2443 1654 2470 dicit
1666 2441 1760 2468 Domi-

967 2502 1020 2522 nus
1042 2495 1075 2521 ".
1091 2503 1100 2520 t
1128 2494 1221 2530 Neque
1247 2501 1312 2521 vero
1337 2492 1486 2526 deinceps,
1513 2489 1618 2524 inquit,
1641 2487 1758 2522 amplius

966 2541 1057 2569 bibetit
1067 2561 1075 2573 ,
1086 2540 1217 2568 nimirum
1234 2543 1346 2575 propter
1361 2538 1531 2566 eversionem
1540 2533 1759 2568 extremamqu-

966 2585 1044 2612 ccbat
1053 2585 1143 2612 enim:
1157 2593 1166 2611 ‹
1178 2584 1383 2612 Obliviscentur
1397 2583 1491 2617 prim-.8
1498 2588 1554 2608 sua:
1562 2578 1732 2609 alllictionis,
1745 2586 1754 2603 ι

965 2634 992 2657 et
1012 2638 1073 2665 qua:
1093 2630 1233 2665 deinceps.
1251 2629 1298 2658 Est
1319 2636 1402 2665 porro
1419 2628 1567 2663 Scriptura:
1586 2632 1672 2653 sacra!
1691 2623 1759 2651 visi-

967 2680 1054 2704 tatum
1069 2677 1143 2713 quod
1159 2676 1240 2706 bonis
1259 2680 1307 2704 aut
1326 2675 1407 2703 malis
1426 2672 1596 2709 rependitur,
1618 2671 1645 2699 id
1667 2670 1757 2705 ipsum

774 2812 892 2844 VARI/13
912 2812 1116 2841 LECTZONES.

156 2868 170 2889 ε
188 2864 231 2891 lc.
246 2863 309 2899 γάρ.
349 2862 360 2881 δ
373 2862 425 2896 ἀρ·
444 2862 526 2896 φητῖν
607 2862 614 2881 ¹
633 2869 677 2895 ΥΡ·
695 2859 759 2897 ἇῗα·
