1999 3076
239 135 309 167 25Ο3

907 135 1082 166 PROCOPII
1101 136 1221 166 GAZ/EI

1799 134 1869 169 2504

240 193 348 219 calicem
363 191 499 226 appellare
516 201 522 218 :
541 192 621 227 quale
638 196 681 219 est
699 191 769 227 apud
788 191 918 219 Davidem
935 191 1003 218 illud
1017 200 1023 218 :

1078 192 1134 219 τοῦ.
1153 203 1160 218 ι
1181 193 1210 218 Ὀ
1222 192 1250 219 δὲ
1263 192 1367 224 δίκαιος
1380 191 1473 225 λέγει’
1491 201 1500 217 ι
1516 193 1648 227 Ποτήριον
1671 193 1807 227 σωτηρῖου
1822 194 1871 227 λή-

242 249 251 264 ι
273 237 357 273 Ignis,
374 238 502 272 sulphur,
517 243 544 265 ct
566 239 680 272 spiritus
693 239 829 273 procellaa,
853 246 916 272 pars
934 237 1029 265 calicis

238 284 299 319 ejus
315 285 347 310 '°.
363 293 372 310 I
390 283 461 311 Justi
480 284 579 311 deinde
591 285 728 318 ejusmodi
748 285 830 311 verba
844 287 909 310 sunt
924 292 930 310 :
951 292 960 309 ι
974 282 1029 310 Ca-

238 330 318 358 licem
343 331 473 358 salutaris
498 330 642 366 accipiam,
657 334 684 357 et
701 337 800 357 nomen
827 329 932 356 Domini
953 330 1029 356 invo-

238 377 307 403 cabo
323 377 356 403 ²¹.
374 385 383 402 ›
409 375 476 411 Ejus
502 384 567 411 ergo
592 376 733 409 hostibus,
770 376 880 410 illisque
903 375 987 410 ipsis,
1013 382 1028 402 a

238 422 340 457 quibus
351 422 480 457 injuriam
497 430 576 457 passa
592 426 644 455 est,
660 422 753 449 datum
770 422 803 450 iri
820 422 929 449 calicem
943 421 1029 456 signi-

238 469 318 500 ﬁcat,
335 468 462 503 indeque,
478 473 502 495 et
522 476 618 502 ponam
634 476 693 494 rum
715 468 743 494 in
759 476 854 494 manus
868 475 970 499 eorum,
983 465 1027 501 qui

238 520 263 542 te
286 515 374 549 patria
398 514 567 549 expulerunt,
601 515 709 548 adjecit.
735 513 898 547 Quanquam
922 517 950 540 et
976 512 1028 539 ista

236 561 318 588 etiam
334 561 367 589 de
383 561 551 588 adversariis
570 560 753 595 potestatibus
768 560 820 586 dici
840 563 952 594 queant,
970 558 1028 593 qui-

236 607 289 634 bus
302 615 332 634 se
349 607 418 641 ipsa,
431 614 491 641 qua:
504 614 519 633 ιι
535 606 591 634 Dco
604 607 714 638 defecit,
737 607 829 633 anima
847 605 1009 639 mancipavi!
1019 624 1026 636 ,

237 652 310 680 unde
326 652 476 680 humilibus
498 653 580 680 rebus
603 653 712 679 addicta
728 652 753 679 in
771 656 870 679 terram
889 655 978 681 nutat,
996 658 1027 677 ac

236 699 348 726 tandem
369 697 495 733 przesidio
511 698 655 731 destituta,
676 698 811 724 victorum
830 698 944 732 pedibus
961 704 1028 723 con-

236 745 372 776 caleatur,
389 752 451 771 cum
468 751 529 779 quae
545 744 630 770 Deum
652 745 789 778 sequitur,
805 748 894 771 erecta
916 750 1027 770 sursum

236 791 332 818 oculos
347 790 466 821 attollat,
482 795 507 816 et
522 789 555 816 ad
573 790 662 824 ipsum
679 790 820 816 evehatur.
836 789 964 815 Nonnulli
980 796 1028 823 per

235 835 325 869 inique
345 834 431 868 ipsam
453 834 614 868 opprimente
636 833 765 860 doctores
785 841 834 860 eos
857 833 1026 866 intelligunt,

1080 238 1178 273 ψομαι,
1195 239 1242 265 καὶ
1258 239 1289 264 τὸ
1303 239 1388 274 δνομα
1400 239 1503 274 Κυρίου
1522 239 1729 273 ἐπικαλέσομαι.
1747 249 1756 265 ι
1774 240 1811 265 Τὸ
1826 237 1872 266 οὖν

1079 284 1222 318 ποτήριον
1237 284 1398 320 δοῦήσεσθαι
1413 286 1471 316 τοῖς
1482 284 1569 318 αὐτῆς
1581 284 1731 319 πολεμίοις,
1747 285 1794 311 καὶ
1807 285 1873 312 ταύ-

1079 339 1128 364 την
1149 330 1293 366 ἠδικηκόσι
1316 330 1401 365 φησί’
1418 330 1459 356 διδ
1483 331 1557 356 κατὰ
1576 330 1725 365 Σύμμαχον
1741 330 1850 365 εἴρηται
1862 336 1870 346 ⁵

1078 377 1132 403 Καὶ
1152 377 1234 409 θήσω
1247 376 1320 403 αὐτὸ
1337 377 1379 410 εἰς
1395 376 1496 411 χεῖρας
1513 376 1573 403 τῶν
1587 376 1811 403 ἀποικισάντων
1822 385 1870 404 σε.

1079 422 1159 453 Εἰκὸς
1171 422 1199 448 δὲ
1209 422 1296 448 ταῦτα
1311 422 1358 448 καὶ
1378 423 1442 457 περὶ
1456 421 1653 457 ἀντικειμένων
1667 422 1808 456 δυνάμεων
1825 422 1870 448 λέ-

1078 468 1185 502 γεσθαι,
1201 465 1244 500 αἷς
1259 469 1401 494 ἀποστᾶσα
1419 467 1487 494 Θεοῦ
1501 467 1575 502 ψυχὴ
1599 467 1700 502 ἑαυτὴν
1713 468 1871 498 ὑποτάττει,

1079 514 1127 539 καὶ
1153 514 1236 548 γήϊνα
1264 513 1401 548 φρονοῦσα
1424 512 1524 539 κύπτει
1552 513 1619 547 πρὸς
1646 514 1708 547 γῆν,
1722 513 1770 539 καὶ
1796 513 1872 544 τέλος

1078 558 1235 585 ἀπλωθεῖσα
1248 559 1316 593 πρὸς
1333 558 1431 592 ἔδαφος
1442 559 1498 590 τοῖς
1511 558 1566 584 τῶν
1583 558 1698 585 ἑλόντων
1714 558 1798 593 αὐτὴν
1817 561 1871 584 κᾶ-

1078 606 1240 631 ταπατεῖται
1255 605 1333 631 ποσίν
1343 613 1349 619 ·
1365 606 1382 639 ὴ
1394 604 1422 631 δὲ
1435 604 1495 638 Θεῷ
1509 603 1670 639 προσιοῦσα,
1684 603 1776 639 δρθιος
1787 603 1871 638 ἕστη-

1078 657 1125 675 κεν
1145 649 1200 676 ἄνω
1216 649 1361 684 βλέπουσα,
1380 648 1428 675 καὶ
1441 649 1509 684 πρὸς
1522 648 1604 675 αὑτὸν
1621 648 1763 682 ἐπηρμένη
1791 641 1871 678 Τίνές

1078 694 1107 720 δὲ
1132 693 1343 727 ἀδικησάντων
1365 694 1451 728 αὐτὴν
1477 694 1569 728 φασὶν,
1586 692 1641 720 τῶν
1654 693 1813 728 ὀρθοποδεῖν
1834 693 1871 727 μὴ

1080 740 1316 776 συγχωρησάντων
1331 741 1399 775 αὐτῇ
1413 739 1672 774 διδασκάλων.”οσῳ
1687 738 1741 774 γὰρ
1757 736 1827 774 ἦσαν
1843 740 1872 765 ὲν

1078 789 1168 822 τρυφῇ
1183 795 1213 813 τε
1231 787 1278 813 καὶ
1294 787 1358 822 δόξῃ
1369 796 1375 802 ·
1390 779 1510 821 τοσούτῳ
1525 786 1693 820 πικροτέρας
1713 785 1872 811 ἀπέλαυσαν

1078 833 1168 868 δίκης,
1185 829 1223 859 ὧν
1246 831 1319 868 εἶχον
1342 832 1531 868 ἐστερημένοι.
1547 831 1616 868 Περὶ
1640 832 1669 858 δὲ
1692 832 1746 857 τῶν
1768 831 1872 865 νοητῶε

235 882 282 916 qui
297 881 420 908 eamdem
436 887 512 908 recto
524 880 591 915 pede
605 880 748 907 ambulare
763 888 817 906 non
832 879 1025 914 permiserunt.

1078 879 1265 914 ἀδικησάντων
1290 879 1337 906 καὶ
1363 878 1474 916 Παῦλόςγ
1485 886 1587 914 φησιν·
1608 887 1618 903 ι
1633 878 1664 904 Εἰ
1689 877 1717 903 δὲ
1740 877 1787 904 καί
1812 878 1872 902 ἐστι

235 926 346 959 Quanto
365 926 438 953 enim
457 926 522 953 luxu
540 930 567 953 et
586 926 671 961 gloria
697 925 815 960 amplius
839 924 1025 957 abundabant,

236 977 312 999 tanto
327 976 355 999 et
375 971 428 1007 ipsi
448 979 546 1006 poenas
568 971 727 998 acerbiores
750 970 895 1002 dederunt,
910 970 955 1005 qui
980 970 1025 1002 iis,

235 1025 296 1051 quae
312 1017 458 1048 habebant,
476 1017 574 1051 privati
598 1017 664 1043 sint.
682 1016 729 1043 Est
747 1024 813 1044 vero
833 1016 867 1043 de
885 1016 918 1043 iis
931 1015 1025 1047 etiam,

235 1066 283 1099 qui
305 1065 413 1092 ratione
430 1064 513 1099 586
532 1065 698 1099 intelligibili
715 1065 843 1098 injuriain
861 1064 1025 1096 intulerunt,

235 1111 310 1139 Pauli
337 1111 411 1138 istud
428 1120 435 1138 :
455 1119 463 1136 ι
485 1110 563 1142 Quod
592 1111 615 1138 si
629 1115 755 1145 opertum
780 1115 822 1137 est
849 1109 1025 1143 Evangeliuin

236 1162 376 1190 nostrum,
392 1157 418 1184 in
433 1157 478 1189 iis,
499 1156 545 1191 qui
565 1160 689 1191 pereunt,
707 1160 832 1190 opertum
852 1159 905 1188 est,
922 1155 949 1182 in
971 1155 1028 1190 qui-

234 1203 288 1230 bus
303 1202 376 1230 Deus
389 1202 471 1236 hujus
481 1202 575 1228 szeculi
587 1201 734 1228 excwcavit
746 1204 851 1227 mentes
864 1199 1025 1231 inﬁdelium,

234 1254 265 1276 ιιι
287 1255 341 1276 non
364 1247 464 1280 fulgeat
490 1246 656 1273 illuminatio
679 1245 819 1280 Evangelii
844 1245 936 1279 gloriae
952 1245 1028 1272 Citri-

235 1296 270 1321 sti
288 1294 322 1320 ²¹.
337 1303 346 1319 ι
358 1293 424 1320 Tale
442 1292 506 1327 quid
522 1292 660 1326 signiﬁcat
675 1297 703 1318 et
717 1291 783 1318 illud
799 1291 932 1318 immundi
944 1290 1027 1325 spiri-

235 1346 290 1372 tus,
311 1339 356 1374 qui
381 1346 442 1365 cum
469 1342 574 1372 septem
597 1337 658 1364 aliis
676 1336 868 1372 nequioribus,
889 1344 931 1368 eo,
955 1336 1027 1363 unde

235 1385 352 1417 exierat,
368 1391 495 1411 revrrsus
519 1388 561 1410 est
578 1383 611 1409 ".
632 1383 677 1409 Ait
701 1383 796 1409 enim:
816 1392 824 1408 ι
843 1383 890 1409 Sic
914 1383 966 1409 erit
979 1390 1027 1417 ge-

235 1430 371 1458 nerationi
393 1429 456 1456 huic
479 1428 512 1455 “.
532 1438 541 1455 ι
567 1429 635 1455 Cum
653 1429 726 1455 enim
746 1428 773 1455 in
795 1428 914 1463 Egypto
932 1428 1028 1463 impie-

236 1477 285 1504 lali
302 1484 332 1503 se
346 1475 529 1507 dedidissent,
550 1475 623 1501 domi
640 1478 667 1501 et
685 1475 738 1510 ipsi
760 1475 887 1510 spiritum
909 1482 1026 1509 nequam

235 1521 355 1554 alebant,
375 1528 463 1556 eoque
481 1526 535 1547 tam
552 1521 587 1548 iis
602 1520 712 1547 liberari
729 1520 854 1555 contigit,
869 1528 930 1547 cum
947 1529 956 1545 ‹
971 1519 1025 1547 Do-

235 1568 340 1594 minum
356 1565 439 1594 Deum
456 1570 533 1592 tuum
551 1566 690 1597 adorabis,
702 1571 729 1593 et
743 1566 783 1593 illi
797 1566 841 1592 nni
853 1566 956 1593 servies
966 1566 1000 1598 ",
1014 1575 1023 1591 ι

236 1613 394 1640 audierunt.
412 1611 525 1644 Deinde,
539 1619 600 1638 cum
619 1612 761 1639 Christum
783 1612 855 1638 domi
877 1619 926 1646 per
948 1612 1026 1638 ﬁdem

236 1666 290 1685 non
305 1658 493 1691 excepissent,
507 1657 534 1683 in
555 1664 616 1683 eum
638 1657 725 1684 locum
745 1664 826 1692 quem
847 1661 928 1683 antea
943 1657 1026 1691 spiri-

235 1709 280 1731 tus
301 1703 461 1731 immundus
482 1703 645 1738 occupabat,
664 1706 811 1737 postquam
835 1701 953 1736 relinqui
977 1709 1027 1728 va-

235 1757 317 1778 cuum
337 1754 412 1778 esset
440 1750 570 1782 intuitus,
591 1753 619 1776 et
641 1749 699 1784 ipse
718 1757 830 1776 rursum
852 1748 962 1783 irrupit,
980 1747 1026 1782 qui

235 1797 319 1823 etiam
351 1796 378 1824 in
408 1796 578 1831 proditorem
609 1799 671 1830 post
701 1795 855 1822 buceellam
884 1794 1027 1827 ingressus

236 1841 337 1869 fuerat.
361 1841 447 1869 Malas
473 1841 543 1869 istas
568 1846 719 1876 potestates
744 1841 772 1868 in
796 1840 1028 1875 profutulissnnas

235 1886 338 1914 inferni
356 1891 450 1921 partes
466 1885 526 1913 ideo
542 1885 654 1913 demisit
670 1885 808 1917 Salvator,
825 1884 898 1920 quod
921 1887 1027 1914 animas

236 1933 265 1961 in
282 1937 384 1959 terram
409 1932 526 1967 deprimi
551 1932 747 1967 incurvarique
772 1933 916 1965 fecissent,
937 1934 1028 1968 qualis

235 1979 283 2006 illa
300 1977 353 2005 fuit
369 1986 431 2014 quae
447 1977 557 2013 penitus
577 1978 673 2005 oculos
694 1979 819 2005 attollere
837 1987 891 2006 non
908 1984 1026 2014 poterat,

235 2032 318 2060 quam
347 2025 375 2051 in
401 2024 569 2059 Evangelio,
593 2032 655 2051 cum
682 2025 832 2052 Abrahami
861 2026 915 2053 ﬁlia
942 2032 1026 2058 esset,

236 2071 332 2098 decem
347 2075 374 2096 et
388 2073 451 2097 octo
467 2077 601 2096 annorum
618 2071 708 2106 spatio
722 2071 748 2097 in
763 2071 882 2098 vinculis
899 2071 1029 2100 habuisse

236 2114 367 2141 Satanam
393 2113 522 2141 Salvator
548 2114 694 2141 aliirmavit
710 2114 744 2140 ”.
764 2113 831 2141 Erat
854 2123 922 2142 vero
945 2117 1028 2143 etiam

235 2160 368 2194 ejusmodi
383 2164 439 2187 tota
452 2159 609 2187 Iudaeorum
628 2160 783 2196 Synagoga.
801 2161 865 2189 Inde
875 2167 916 2190 est
933 2162 1027 2197 igitur,

1078 925 1286 960 κεκαλυμμένον
1308 925 1339 951 τὸ
1356 925 1522 959 Εὐαγγέλιον
1541 924 1620 959 ἡμῶν
1637 924 1666 950 ἐν
1680 925 1735 954 τοῖς
1751 923 1870 949 ἀπολλυά

1080 969 1172 1004 μένοις
1196 970 1256 996 ἐστὶ
1280 969 1500 1004 κεκαλυμμένον,
1515 969 1544 995 ὲν
1559 966 1600 1000 οἷς
1615 968 1629 994 6
1642 968 1708 999 Θεὸς
1731 967 1870 1002 ἐτύφλωσε

1078 1014 1125 1040 τοῦ
1141 1014 1240 1046 αἰῶνος
1254 1015 1349 1041 τούτου
1370 1014 1405 1041 τὰ
1426 1016 1550 1050 νοήματα
1572 1015 1626 1041 τῶν
1641 1014 1773 1046 ἀπίστων,
1787 1015 1827 1045 εις
1840 1014 1871 1040 τὸ

1080 1061 1117 1096 μὴ
1140 1061 1286 1095 διαυγάσαι
1298 1061 1345 1088 τὸν
1361 1061 1501 1096 φωτισμὸν
1515 1060 1562 1087 τοῦ
1581 1060 1747 1095 Εὐαγγελίου
1762 1061 1812 1094 τῆς
1823 1059 1853 1086 δό

1079 1109 1127 1145 ξης
1150 1110 1197 1137 τοῦ
1223 1109 1354 1145 Χριστοῦ.
1371 1119 1380 1135 ι
1398 1109 1525 1136 Τοιοῦτόν
1545 1118 1575 1135 κτι
1601 1108 1676 1144 δηλοῖ
1702 1109 1750 1135 καὶ
1771 1109 1801 1135 τδ
1821 1107 1869 1135 τοῦ

1077 1155 1236 1190 ἀκαθάρτου
1252 1154 1408 1188 πνεύματος
1422 1154 1469 1180 τοῦ
1486 1153 1545 1189 μεθ’
1555 1153 1656 1189 ἐτέρων
1670 1153 1740 1180 ἑπτὰ
1754 1162 1857 1188 πονηρο

1077 1201 1165 1236 τέρων
1189 1200 1408 1236 ὑποστρέψαντος
1431 1200 1493 1226 ὅθεν
1515 1199 1637 1233 ἐξῆλθεν.
1655 1199 1768 1233 Ἐπάγει
1793 1199 1868 1236 γάρ’

1081 1255 1090 1271 ι
1108 1246 1201 1276 Οὕτως
1216 1245 1292 1272 ἔσται
1307 1246 1339 1280 τῇ
1355 1245 1462 1280 πονηρᾷ
1478 1245 1561 1279 γενεᾷ
1574 1244 1672 1281 ταύτῃ.
1688 1254 1697 1270 ι
1719 1245 1763 1271 Ἐν
1783 1244 1868 1278 Αἰγύ-

1079 1300 1138 1326 πτῳ
1154 1291 1203 1326 μὲν
1219 1290 1275 1325 γὰρ
1290 1290 1474 1325 ἀσεϐήσαντες
1497 1290 1602 1317 ἐνοικον
1623 1290 1702 1325 ἔσχον
1716 1291 1746 1317 τὸ
1760 1290 1869 1324 πνεῦμα

1078 1338 1108 1363 τὺ
1124 1336 1252 1371 πονηρὸν,
1267 1334 1353 1371 οὗπερ
1367 1335 1568 1370 ἀπηλλάγησαν
1582 1334 1750 1366 ἀκούσαντες
1760 1344 1767 1350 ·
1787 1345 1796 1360 ι
1810 1336 1869 1362 Κύ-

1080 1392 1138 1419 ριον
1153 1384 1199 1409 τὸν
1214 1382 1281 1408 Θεὸν
1297 1391 1342 1408 σου
1357 1382 1569 1417 προσκυνήσεις.
1583 1382 1631 1408 καὶ
1645 1381 1719 1417 αὐτῷ
1735 1381 1808 1417 μόνῳ
1820 1381 1870 1408 λα-

1077 1429 1212 1463 τρεύσεις.
1229 1438 1238 1454 ι
1260 1425 1326 1455 Εἶτα
1349 1428 1386 1463 μὴ
1407 1427 1560 1463 δεξαμένων
1574 1428 1619 1455 διὰ
1634 1428 1752 1459 πίστεως
1765 1427 1870 1454 ἔνοικον

1078 1475 1124 1501 τὸν
1146 1474 1279 1509 Χριστὸν,
1294 1474 1325 1499 τὺ
1341 1473 1497 1508 ἀκάθαρτον
1511 1472 1621 1508 πνεῦμα
1637 1472 1804 1508 σχολάζοντα
1825 1473 1871 1499 τὸν

1079 1521 1160 1547 τόπον
1181 1520 1227 1547 τὸν
1242 1520 1355 1554 ἀρχαῖον
1369 1519 1459 1555 εὐρὺν,
1477 1517 1556 1550 αὖθις
1570 1520 1610 1550 εἰς
1627 1519 1708 1545 αὑτὸν
1723 1518 1870 1554 εἰσεπήδη-

1079 1577 1125 1595 σεν
1134 1577 1141 1583 ·
1158 1568 1172 1595 ὃ
1185 1568 1232 1595 καὶ
1245 1568 1291 1595 τὸν
1305 1568 1439 1603 προδότην
1454 1567 1523 1602 μετὰ
1534 1567 1565 1593 τὸ
1578 1567 1685 1602 ψώμιον
1698 1566 1871 1593 ὑπέδυ.Ταύ-

1077 1626 1126 1648 τας
1143 1617 1156 1642 6
1173 1615 1267 1651 Σωτὴρ
1283 1615 1333 1646 τὰς
1347 1615 1468 1650 πονηρὰς
1483 1615 1612 1650 δυνάμεις
1626 1615 1667 1646 εἰς
1685 1614 1748 1650 ᾇδου
1764 1622 1872 1648 ταρτα-

1080 1663 1170 1697 ρώσας
1187 1661 1352 1696 παρέδωκεν,
1367 1661 1425 1688 ἀνθ’
1440 1657 1478 1687 ὧν
1495 1661 1534 1692 εἰς
1545 1661 1598 1695 γῆν
1616 1659 1666 1691 τὰς
1678 1660 1767 1695 ψυχὰς
1782 1668 1872 1687 κατα.

1078 1708 1205 1735 ϐαλόντες
1221 1706 1410 1741 συνέκαμψαν,
1423 1704 1548 1741 όποία’ἦν
1561 1707 1578 1741 ἠ
1590 1706 1618 1731 ἐν
1630 1706 1788 1740 Εὑαγγελίῳ
1800 1714 1872 1732 παν-

1078 1753 1162 1783 τελῶς
1179 1751 1327 1779 ἀνανεῦσαι
1341 1752 1378 1787 μὴ
1389 1751 1537 1787 δυναμένη,
1552 1752 1617 1787 περὶ
1631 1749 1663 1787 ἧς
1678 1751 1769 1785 ἔλεγεν
1785 1753 1799 1777 6
1811 1752 1871 1778 Σω-

1077 1799 1140 1833 τήρ⁶
1154 1807 1163 1824 ι
1177 1797 1285 1832 Ταύτην
1296 1797 1324 1824 δὲ
1337 1797 1476 1833 θυγατέρα
1489 1797 1573 1824 οὖσαν
1581 1797 1708 1833 ’Λδραὰμ
1723 1798 1756 1831 ἦν
1774 1797 1873 1832 ἔδησεν

1077 1846 1091 1871 6
1100 1845 1222 1875 Σατανᾶς
1233 1843 1299 1870 δέκα
1313 1845 1359 1870 καὶ
1372 1843 1445 1870 ὀκτὼ
1461 1843 1519 1878 ἐτη.
1539 1852 1547 1868 ν
1561 1843 1614 1869 Καὶ
1629 1844 1705 1869 πᾶσα
1715 1843 1744 1869 δὲ
1757 1843 1871 1879 τοιαύτη

1077 1890 1131 1916 τῶν
1150 1889 1283 1916 Ἰουδαίων
1298 1886 1332 1924 ἦν
1350 1890 1367 1924 ἡ
1384 1889 1548 1924 συναγωγή·
1564 1889 1605 1915 διὸ
1621 1888 1701 1916 πάλιν
1715 1888 1872 1924 ἐγερθῆναι

1078 1934 1165 1969 ταύτῃ
1189 1933 1408 1969 παρακελεύεται
1432 1934 1503 1960 κατὰ
1517 1935 1546 1960 τό
1556 1942 1563 1948 ·
1583 1935 1728 1969 «Ἐγειραι
1742 1936 1756 1960 6
1769 1935 1872 1961 καθεύ-

1077 1982 1140 2014 δων,
1153 1981 1200 2008 καὶ
1213 1981 1319 2008 ἀνάστα
1334 1981 1365 2007 ἐκ
1382 1981 1436 2006 τῶν
1451 1980 1565 2016 νεκρῶν,
1582 1981 1631 2007 καὶ
1662 1981 1810 2015 ἐπιφαύσει
1828 1990 1871 2009 σοι

1078 2029 1092 2054 ὁ
1107 2027 1235 2062 Χριστός.
1250 2036 1259 2053 ι
1279 2027 1334 2053 Καὶ
1363 2027 1434 2054 κατὰ
1463 2027 1508 2053 τό·
1530 2037 1540 2052 ι
1556 2028 1601 2054 Διὸ
1625 2027 1674 2059 τὰς
1702 2027 1873 2063 παρειμένας

1078 2075 1183 2109 χεῖρας,
1199 2075 1245 2100 καὶ
1269 2073 1304 2099 τὰ
1327 2073 1482 2108 παρειμένα
1498 2073 1600 2107 γόνατα
1616 2072 1800 2109 ἀνορθώσατε,
1823 2074 1873 2100 καὶ

1078 2118 1190 2154 τροχίας
1206 2118 1290 2153 ὀρθὰς
1306 2119 1408 2145 ποιεῖτε
1422 2119 1478 2150 τοῖς
1493 2118 1572 2144 ποσὶν
1588 2118 1674 2153 ὑμῶν.
1692 2127 1700 2144 ι
1725 2118 1872 2145 Ἕνὸυσαι

1078 2164 1117 2197 δὲ,
1135 2165 1213 2200 φησὶ,
1230 2164 1287 2198 τὴν
1296 2164 1388 2198 ἰσχύν
1400 2172 1470 2197 σου,
1481 2165 1630 2199 ἐπειδήπερ
1645 2164 1700 2199 ἔχει
1714 2164 1774 2190 τινὰ
1789 2165 1869 2199 μεγί-

235 2206 309 2241 quod
333 2214 393 2233 eam
418 2206 520 2233 iterum
537 2209 566 2233 ut
582 2207 730 2237 excitetur,
756 2207 928 2234 adhortatur.
945 2207 1027 2235 Juxta

1082 2219 1149 2246 στην
1167 2212 1243 2245 ἰσχὺν
1260 2211 1277 2245 ὴ
1293 2210 1388 2244 λογικὴ
1398 2210 1482 2245 ψυχή.
1499 2210 1611 2244 Πρῶτον
1627 2210 1655 2236 δὲ
1670 2210 1701 2236 τὸ
1715 2210 1873 2244 ἐξεγερθῆ-

236 2252 304 2279 illud
324 2261 330 2279 :
355 2261 363 2277 ι
380 2251 508 2279 Excitare
525 2252 572 2286 qui
596 2253 710 2285 dormis,
728 2256 755 2279 et
773 2260 886 2288 resurge
905 2261 938 2281 ex
955 2262 1030 2282 mor-

236 2299 303 2329 tuis,
316 2304 342 2326 et
357 2299 502 2326 illucescet
516 2299 566 2326 tibi
579 2298 709 2326 Christus
721 2300 756 2326 "’.
772 2309 781 2325 ι
797 2299 829 2326 Ει
845 2300 910 2327 illud
925 2301 1007 2328 etiam
1021 2309 1028 2328 :

239 2354 250 2371 ι
271 2346 366 2379 itaque
385 2345 518 2372 remissas
542 2353 641 2373 manus
656 2350 683 2373 et
704 2346 794 2373 soluta
814 2354 902 2382 genua
921 2347 1029 2382 erigite,

236 2394 264 2418 et
277 2397 390 2424 gressus
407 2394 497 2417 rectos
519 2390 602 2417 facile
626 2390 743 2426 pedibus
767 2393 866 2419 vestris
883 2392 917 2420 ’⁸.
934 2401 943 2417 ι
967 2391 1030 2418 Ideo

237 2441 330 2464 autem
346 2435 454 2463 induere
470 2437 627 2469 fortitudine
648 2441 694 2464 tua
709 2437 789 2471 dixit,
803 2438 873 2468 quod
894 2438 1029 2466 maximas

237 2483 372 2518 quasdam
407 2483 562 2515 facultates,
584 2492 646 2518 qua}
670 2484 786 2512 rationis
812 2489 855 2512 est
881 2485 1028 2519 particeps,

238 2529 331 2555 anima
356 2528 465 2555 habeat.
481 2528 601 2555 Primum
625 2529 736 2564 quidem
753 2534 782 2556 ut
805 2538 834 2557 se
849 2530 927 2564 lapsu
945 2531 1029 2565 (quod

238 2581 310 2608 saepe
327 2574 430 2601 dictum
446 2575 499 2609 est)
513 2575 619 2602 excitet.
641 2575 706 2603 Nam
724 2576 771 2603 ubi
790 2577 848 2610 ipsa
869 2580 912 2604 est
934 2584 1030 2612 poena-

238 2628 299 2648 rum
315 2621 464 2654 acerbitas,
483 2621 519 2648 ibi
543 2625 570 2649 et
585 2622 714 2657 frequens
730 2622 894 2651 consolantia.
916 2622 1029 2656 Deinde,

275 2708 298 2725 ¹⁴²
312 2708 386 2735 Psal.
402 2717 430 2739 ιι.
447 2709 473 2735 7.
526 2709 548 2725 ¹¹
566 2709 637 2737 Psal.
655 2718 715 2743 cxv,
733 2711 777 2738 15.

829 2712 852 2726 "
867 2710 886 2737 11
907 2711 972 2738 Cor.
991 2719 1028 2742 Iv,
1045 2711 1072 2743 ‘5,
1088 2711 1116 2738 Il.

239 2744 263 2760 ’θ’
279 2743 347 2771 Luc.
367 2752 425 2777 xui,
443 2744 487 2771 lli.
526 2745 547 2760 "’
561 2745 662 2780 Ephes.
685 2754 710 2778 ν,
728 2746 771 2773 Ην.
809 2747 833 2762 ’³
848 2746 932 2774 Iiebr.
950 2754 1000 2779 xu,
1019 2747 1062 2773 13.

1079 2258 1146 2284 ’ναιί
1168 2255 1215 2282 τοῦ
1238 2255 1384 2290 πτώματος
1407 2254 1499 2281 πυκνὰ
1514 2255 1762 2289 λεγόμενον.Ἔνοα
1773 2255 1827 2291 γὰρ
1841 2256 1874 2282 τὸ

1080 2301 1180 2336 πικρὸν
1197 2301 1246 2335 τῆς
1261 2300 1350 2334 δίκης.
1368 2300 1426 2326 ἐκεῖ
1451 2300 1498 2326 καὶ
1522 2300 1638 2334 συνεχὴς
1654 2301 1671 2335 ἡ
1687 2299 1872 2335 παράκλησις.

1081 2344 1157 2378 Εἶτα,
1173 2345 1203 2371 τδ
1217 2345 1266 2380 τὴν
1292 2345 1361 2371 ἰδίαν
1377 2344 1579 2379 ἀναλαμὸάνειν
1598 2345 1766 2380 ἰσχύν.Ἕχει
1780 2345 1809 2371 δὲ
1825 2346 1874 2372 καὶ

1079 2391 1174 2423 δόξαν
1201 2391 1333 2426 μεγίστην
1357 2390 1416 2417 κατ’
1433 2390 1526 2417 εἰκόνα
1549 2391 1724 2425 πεποιημένη
1742 2390 1788 2416 τοῦ
1804 2391 1872 2417 Κτί-

1081 2445 1194 2470 σαντος,
1208 2437 1255 2463 καὶ
1278 2436 1359 2462 αὐτὸν
1384 2436 1483 2471 ἔχουσα
1508 2436 1613 2469 δόξαν,
1635 2437 1668 2472 ἡν
1690 2436 1874 2463 ἐπαναλαϐεῖν

1081 2482 1206 2518 βούλεται
1218 2483 1369 2516 γενομένην
1382 2482 1474 2509 πόλιν
1486 2482 1584 2516 ἁγίαν,
1596 2482 1636 2514 ὡς
1644 2481 1751 2517 μηκέτι
1767 2482 1805 2508 δι’
1819 2483 1875 2508 αἰκ-

1080 2530 1136 2563 τῆς
1158 2529 1322 2556 διαϐαίνειν
1347 2529 1489 2564 ἁλλογενῆ,
1513 2528 1529 2563 ἢ
1557 2529 1831 2564 εἰδω).ολάτρην.“’οτῑ
1845 2529 1875 2555 δὲ

1080 2575 1155 2608 δόξα
1170 2576 1184 2601 6
1194 2576 1244 2609 τῆς
1256 2574 1348 2607 δόξης
1362 2574 1474 2610 Κύριος,
1488 2575 1518 2606 ὃς
1530 2575 1588 2601 ἐστι
1604 2575 1730 2610 Χριστὸς.
1741 2575 1816 2610 δηλοῖ
1826 2576 1876 2601 καὶ

1080 2622 1180 2648 Δαδίδ·
1201 2630 1211 2647 ‹
1223 2621 1540 2657 Ἑξεγέροητι,λέγων,ή
1556 2621 1622 2653 δόξα
1638 2630 1699 2657 μου.
1715 2631 1724 2647 ι
1741 2621 1795 2648 Καὶ
1809 2622 1876 2656 περὶ

1476 2711 1498 2726 ’⁸
1514 2711 1581 2738 ibid.

1167 2711 1190 2726 ’³
1204 2709 1287 2738 Matth
1316 2719 1365 2744 xu,
1383 2711 1423 2738 l5.
1476 2711 1498 2726 “
1514 2711 1581 2738 ibid.
1637 2711 1660 2728 'l’
1682 2711 1758 2738 Deut.
1774 2719 1811 2742 ιι,
1831 2711 1874 2739 15.

887 2803 1004 2832 VARI/ﬁ
1026 2803 1227 2832 LECTIUNISS.

296 2845 304 2871 i
322 2854 368 2880 rp.
388 2845 448 2881 μὲν.
