1999 3076
184 126 256 159 9.505
749 126 1017 158 COMMENTARII
1029 125 1071 157 IN
1090 125 1234 156 ISAIAM.
1750 127 1822 160 2506

185 182 240 208 τῶν
256 181 448 213 πιστευόντων,
468 191 476 207 ‹
490 182 531 209 ὅτι
558 182 587 209 τὺ
613 182 744 218 καύχημα
771 183 821 218 τῆς
839 183 972 219 δυνάμεως

1033 186 1062 210 ut
1077 182 1151 210 vires
1177 189 1242 210 suas
1270 181 1407 210 instauret
1429 189 1461 210 ac
1488 187 1621 211 resumat.
1649 181 1736 212 llabct
1758 190 1821 211 vero

186 227 276 254 αὐτῶν
295 226 322 255 εί
339 228 381 254 σύ.
398 237 405 254 ι

1028 235 1204 264 permagnam
1232 230 1313 256 etiam
1343 228 1473 263 gloriam,
1501 228 1576 264 quod
1602 229 1635 256 ad
1663 229 1821 258 Conditoris

185 275 326 309 exemplar
342 273 449 307 effecta,
469 282 502 302 eo
519 275 613 308 etiam,
628 275 674 310 qui
707 275 793 310 gloria
814 274 995 310 esl,potitur,
1030 281 1113 309 quam
1141 273 1200 301 vult
1231 281 1370 302 resumere
1396 274 1529 301 civitatem
1553 279 1685 307 sanctam,
1713 280 1742 302 ut
1767 284 1820 303 non

186 323 272 358 ipsum
291 322 406 358 amplius
427 327 593 357 pertranseat
611 327 756 356 externus,
769 328 817 351 aut
838 323 975 351 idolorum
995 323 1096 350 cultor.
1127 322 1196 350 Esse
1221 327 1313 350 autem
1330 331 1392 350 cum
1409 323 1498 358 ipsum
1514 322 1641 358 gloriam,
1661 323 1708 358 qui
1728 324 1822 359 gloria:

186 369 320 397 Dominus
345 374 399 402 est,
415 368 554 396 Christum
580 369 696 402 scilicet,
713 370 773 405 ipse
793 369 887 402 etiam,
904 368 950 403 qui
970 387 978 402 ,
1003 378 1012 393 ‹
1032 367 1166 404 Exsurge,
1181 368 1261 404 587
1277 368 1362 404 gloria
1377 376 1447 402 mea,
1469 369 1580 402 cecinit,
1600 379 1609 396 ι
1630 374 1749 399 testatur
1769 371 1818 398 Da-

185 415 231 443 vid
246 415 283 448 ";
299 415 346 450 qui
362 423 471 441 rursum
488 415 521 442 de
538 414 716 442 credentibus
732 416 862 443 locutus:
881 425 890 440 ι
906 414 976 447 Quia
993 413 1120 449 gloriatio
1133 421 1230 442 eorum
1247 419 1274 442 tu
1289 421 1317 442 es
1331 415 1365 447 '°,
1383 424 1392 441 ι
1412 415 1533 450 scripsit.

220 460 289 487 Τίνα
314 460 342 486 δὲ
365 459 465 496 τρόπον
497 459 692 495 ἐνδυσώμεθα
724 460 783 494 τὴν
803 460 906 495 ἰσχὺν,
924 458 973 487 καὶ

185 507 243 540 τὴν
252 506 351 538 δόξαν
367 506 381 532 ὁ
398 505 482 540 σοφὸς
497 505 658 541 παρέστησε
680 505 786 537 Παῦλος
801 506 896 533 εἰπών·
914 505 974 533 Ἐν-

183 551 302 579 δύσασθε
317 551 363 579 τὸν
378 550 481 587 Κύριον
498 551 576 587 ἡμῶν
590 552 711 585 Ἰησοῦν
725 552 769 579 τὸν
781 551 906 587 Χριστόν.
919 551 974 579 Καὶ

185 599 285 626 πάλιν·
301 597 381 624 Ὅσοι
407 597 462 633 γὰρ
484 597 603 632 Χριστὸν
627 597 831 629 ἐϐαπτίσασθε,
856 597 975 633 Χριστὸν

185 644 358 672 ἐνεδύσασθε.
370 643 408 670 Τὸ
420 643 449 670 δὲ
461 643 607 679 πρόσωπον
617 643 667 678 τῆς
683 643 848 679 Ἐκκλησίας
861 643 975 675 Ἡσαΐας

184 690 290 725 εἰσάγει
313 689 416 723 λέγων·
437 699 447 715 ι
467 689 653 724 ’Λγαλλιάσθω
677 690 693 724 ἡ
715 689 787 725 ψυχή
806 698 857 725 μου
874 689 920 716 ἐπὶ
934 688 974 724 τῷ

183 736 289 772 Κυρίῳ.
319 736 442 762 Ἐνέδυσε
468 736 523 771 γάρ
550 745 583 771 με
610 736 718 771 ίμὰτιον
745 736 896 771 σωτηρίου,
927 735 974 762 καὶ

184 782 285 818 χιτῶνα
304 781 489 817 εὐφροσύνης·
506 791 515 807 ι
531 781 563 816 ἢν
577 781 623 808 νῦν
640 781 729 817 ἁγίαν
748 782 834 814 καλεῖ,
850 782 888 814 ὡς
903 781 974 817 σύμ-

185 836 290 864 μορφον
308 828 347 863 τῷ
359 827 481 863 Χριστῷ,
500 828 547 854 καὶ
563 827 642 860 ἁγίου
664 828 832 863 μετέχουσαν
846 827 974 863 Πνεύμα-

182 883 240 906 τος,
261 875 290 901 ὲν
303 870 325 908 ᾦ
341 873 388 901 καὶ
401 873 628 910 ὲσφραγίσθημεν
642 874 683 906 εἰς
698 874 805 909 ἡμέραν
818 872 976 908 ἀπολυτρώ-

184 928 255 951 σεως
273 919 363 946 πάντα
379 919 464 955 ῥύπον
478 919 687 955 ἀπονιψάμενοι,
704 919 734 952 ὃς
750 921 796 947 καὶ
809 920 899 946 πᾶσαν
926 918 975 953 ἑφ-

185 966 246 992 οδον
271 965 352 1001 ἡμῶν
367 965 523 1001 διαϐολικὴν
540 966 724 1001 ἀποκρούεται
744 965 847 1000 λέγων·
868 965 976 992 οὐκέτι

183 1010 423 1045 προστεθήσεται
436 1010 485 1038 διὰ
497 1010 557 1038 σοῦ
570 1010 701 1039 διελθεῖν
713 1011 911 1047 ἀπερίτμητος
924 1011 974 1038 καὶ

182 1057 361 1091 ἀκάθαρτος.
373 1058 428 1084 Καὶ
441 1057 588 1093 ἱστορικῶς
601 1057 630 1084 δὲ
643 1057 678 1084 τὰ
691 1058 820 1093 περίοικα
836 1057 900 1093 ἔθνη
914 1066 975 1084 συν-

183 1103 258 1138 έχεις
273 1103 385 1137 ἐφόδους
402 1103 564 1139 ποιούμενα,
582 1103 723 1138 μονονουχῒ¹
740 1103 772 1129 δι’
789 1103 874 1138 αὐτῆς
887 1104 974 1138 χαμαὶ

182 1147 314 1184 κειμένης
328 1148 500 1183 διήρχοντο.
518 1149 563 1181 Ὠς
577 1150 608 1176 ὲκ
620 1150 672 1184 γῆς
688 1149 715 1176 δὲ
731 1149 911 1185 ἀνισταμένη,
926 1150 974 1176 καὶ

181 1194 238 1221 τῶν
257 1195 363 1230 γηΐνων
385 1195 508 1230 γεμούση
535 1195 590 1222 τὸν
607 1195 683 1229 χοῦν
704 1195 860 1228 ἐκτινάξαι
885 1203 974 1230 παραα-

182 1240 336 1274 κελεύεται,
358 1240 389 1267 τὸ
409 1241 538 1276 φρόνημα
560 1241 682 1277 δηλονότι
704 1241 735 1268 τὺ
751 1242 892 1277 σαρκικὸν,
904 1242 917 1268 ὃ
933 1242 974 1269 δεῖ

182 1286 434 1322 προαποθεμένους,
456 1286 529 1313 οὕτω
546 1287 691 1322 προσιέναι
715 1287 837 1322 Χριστῷ,
865 1287 972 1314 Παύλου

180 1331 307 1366 λέγοντος
317 1340 323 1346 ·
338 1331 518 1359 «Ἐκδύσασθε
527 1332 573 1360 τὸν
582 1332 695 1359 παλαιὸν
702 1331 871 1368 ἅνθρωπον,ι
883 1332 972 1360 καὶτὰ

181 1377 256 1413 ἑξῆς.
271 1378 304 1404 Ὀ
318 1378 350 1414 δὴ
368 1377 518 1413 δράσαντες
539 1378 710 1414 ἁνιστάμεθα
733 1378 805 1414 ὀρθῷ
828 1379 874 1405 καὶ
888 1379 971 1414 βεϐη-

181 1423 240 1451 κότι
252 1423 292 1459 τῷ
308 1423 441 1459 λογισμῷ,
464 1423 536 1450 καθά
554 1432 596 1456 τις
611 1424 795 1460 παραγγέλλει
811 1425 953 1460 προφήτης
963 1432 970 1439 '

184 1477 194 1495 ‹
219 1469 321 1504 Στῆσον
347 1469 475 1504 σεαυτὴν,
496 1470 575 1497 Σιών.
594 1480 603 1496 ι
623 1471 677 1496 Καὶ
704 1470 787 1498 Δαόὶδ
813 1470 842 1497 δέ
870 1478 969 1506 φησιν·

1060 459 1120 492 Quo
1139 460 1237 487 deinde
1264 460 1346 488 modo
1374 460 1560 495 fortitudinem
1583 465 1609 488 et
1640 462 1755 497 gloriam
1780 463 1821 490 in-

1027 504 1153 537 duamur,
1169 506 1283 540 sapiens
1301 507 1439 541 expressit
1453 506 1569 540 Paulus,
1584 515 1646 535 cum
1661 516 1712 536 nos
1729 508 1820 536 D0mi-

1028 559 1093 578 uum
1109 555 1235 579 nostrum
1250 551 1343 579 Iesum
1353 551 1494 580 Christum
1507 552 1622 580 induere
1632 554 1817 588 praecipita";

1028 604 1090 624 cum
1108 605 1205 626 rnrsus
1221 605 1317 626 omnes
1332 598 1360 625 in
1385 598 1525 626 Christum
1550 599 1714 633 baptizatos,
1737 599 1818 627 Chri-

1027 645 1101 669 stum
1121 641 1214 677 ipsum
1230 642 1357 671 induisse
1371 643 1541 678 significavit
1554 643 1587 671 ³¹.
1614 643 1723 671 lnducit
1752 652 1818 671 vero

1027 687 1160 715 Ecclesia:
1192 695 1340 723 personam
1365 688 1393 716 in
1419 688 1493 716 hunc
1517 689 1628 716 modum
1659 690 1817 724 loquentem

1027 733 1140 761 Isaias:
1171 743 1180 760 ι
1202 733 1327 762 Exsultet
1357 735 1449 761 anima
1472 742 1531 762 mea
1561 735 1589 762 in
1618 735 1744 763 Domino.
1773 736 1819 762 lu-

1028 780 1087 807 duit
1104 787 1146 807 me
1160 780 1326 808 vestimento
1345 780 1455 814 salutis,
1473 785 1500 808 et
1517 781 1609 808 tunica
1626 781 1729 808 laetitiae
1743 781 1765 797 ³³
1780 790 1786 808 :
1805 791 1814 807 ι

1027 833 1112 861 quam
1133 833 1210 853 nunc
1237 831 1359 853 sanctam
1390 827 1511 861 appellat
1543 831 1675 861 tanquam
1708 828 1818 855 Christo

1028 871 1209 905 conformem,
1229 872 1408 908 Spiritusque
1423 874 1512 901 sancti
1527 873 1702 908 participem,
1719 874 1747 901 in
1762 881 1817 908 quo

1026 919 1156 947 sordibus
1172 919 1274 948 ablutis
1292 919 1392 955 signati
1408 927 1504 948 sumus
1523 922 1549 947 ιιι
1565 919 1637 947 diem
1652 921 1818 955 redemptio-

1025 965 1086 999 nis;
1103 966 1150 1000 qui
1166 973 1262 993 omnes
1274 965 1357 993 etiam
1371 965 1525 993 diabolicos
1545 966 1666 994 insultus
1689 974 1704 993 a
1736 966 1816 994 nobis

1025 1010 1178 1045 propulsat,
1194 1011 1236 1038 his
1249 1010 1341 1038 verbis
1357 1019 1364 1038 :
1385 1010 1448 1038 Non
1468 1011 1584 1046 amplius
1599 1016 1687 1046 perget
1699 1012 1815 1039 trariaire

1024 1062 1071 1089 per
1083 1060 1107 1082 te
1119 1055 1327 1082 incircumcisus
1342 1059 1367 1082 et
1384 1056 1548 1083 immundus.
1558 1055 1626 1084 Nam
1638 1061 1666 1084 et
1677 1064 1737 1084 eam
1751 1056 1815 1084 olim

1026 1100 1124 1128 vicinae
1152 1105 1262 1136 gentes,
1280 1102 1303 1129 si
1330 1109 1375 1129 res
1403 1106 1494 1137 gestas
1520 1101 1651 1135 intueris,
1679 1102 1814 1138 frequenti

1024 1147 1147 1174 exercitu
1179 1151 1311 1183 tanquam
1348 1148 1426 1175 humi
1452 1149 1591 1183 jacentem
1619 1150 1816 1177 conculcautcs

1022 1193 1243 1229 pertransierunt.
1260 1193 1314 1222 Sed
1334 1194 1390 1229 jam
1414 1194 1489 1222 velut
1514 1199 1647 1227 erectam,
1676 1195 1815 1231 rebusque

1023 1238 1141 1266 terrenis
1154 1239 1306 1274 oppletam,
1322 1240 1455 1273 pulverem
1477 1240 1576 1274 ipsum,
1600 1241 1626 1267 id
1649 1244 1693 1268 est
1722 1241 1815 1268 carnis

1023 1283 1179 1316 consilium,
1192 1288 1311 1311 excutere
1323 1284 1497 1317 adhortatur;
1509 1293 1562 1320 quo
1575 1293 1629 1313 non
1642 1286 1694 1314 nisi
1707 1286 1815 1321 abjecm

1023 1328 1056 1355 ad
1082 1328 1224 1357 Christum
1243 1329 1309 1356 licet
1327 1331 1472 1363 accedere,
1498 1331 1523 1359 si
1550 1331 1636 1359 Paulo
1663 1332 1814 1364 crediturus.

1022 1374 1069 1409 qui
1096 1381 1214 1403 veterem
1237 1376 1390 1410 hominem,
1413 1381 1441 1404 et
1467 1385 1529 1413 quas
1553 1378 1694 1414 deinceps,
1712 1387 1816 1406 exuere

1023 1421 1193 1456 prwcipit".
1225 1422 1303 1456 Quod
1325 1423 1369 1450 ubi
1400 1424 1626 1458 praestiterimus,
1657 1429 1733 1452 recta
1762 1425 1814 1461 ipsi

1025 1471 1083 1495 tum
1101 1469 1211 1495 demum
1232 1469 1384 1504 stabilique
1399 1470 1507 1498 ratione
1522 1471 1719 1503 exeitabimur,
1742 1472 1815 1499 sicut

184 1525 194 1540 ι
209 1515 344 1550 Ἔστησεν
361 1515 408 1543 ἐπὶ
427 1516 532 1550 πέτρας
553 1516 617 1549 τοὺς
632 1516 716 1547 πόδας
740 1525 802 1551 μου.
820 1526 829 1542 ι
846 1513 881 1553 ᾮ
901 1526 972 1554 παρ-

1025 1517 1066 1540 est
1077 1521 1092 1541 ιι
1102 1514 1235 1549 propheta
1247 1515 1367 1550 quodam
1380 1515 1580 1550 signiﬁcatum,
1593 1517 1638 1544 ubi
1653 1518 1691 1544 ait
1706 1526 1713 1544 :
1732 1527 1741 1543 ι
1756 1518 1814 1545 Sla-

180 1561 276 1588 έπεται
294 1561 342 1588 καὶ
355 1562 396 1588 τό·
418 1561 608 1590 Ἐκδύσασθε
625 1563 679 1589 τὸν
696 1562 810 1597 δεσμὸν
827 1563 881 1591 τοῦ
903 1571 970 1598 τρα-

180 1605 289 1639 χήιλου.
308 1606 418 1642 Σειραῖς
441 1607 496 1642 γὰρ
510 1608 565 1634 τῶν
588 1607 660 1634 ίδίων
681 1609 890 1644 ἁμαρτημάτων
909 1609 970 1638 ἕκα-

181 1660 243 1683 στος
260 1652 416 1687 σφίγγεται.
432 1653 490 1681 Καὶ
506 1653 558 1680 ὑπὸ
571 1653 641 1688 ζυγὰ
651 1654 744 1690 δὲκτῆς
755 1655 895 1690 ἁμαρτίας
908 1655 973 1682 ὑπο-

180 1697 338 1733 ὃληθέντες,
353 1707 363 1724 ‹
380 1699 577 1735 Διαρῤήξωμεν
596 1700 660 1732 τοὺς
674 1700 791 1734 δεσμοὺς
808 1700 908 1733 αὐτῶν,
925 1700 974 1727 καὶ

179 1743 378 1779 ὰπορῤἰψωμεν
393 1744 441 1779 ἀφ’
454 1745 533 1780 ἡμῶν
549 1744 597 1772 τὸν
612 1745 694 1780 ζυγὸν
713 1745 813 1778 αὐτῶν,
831 1755 840 1772 ι
860 1746 891 1772 τὸ
905 1746 974 1779 ἀγα-

180 1789 226 1816 θὸν
237 1789 375 1825 ἐλευθέρῳ
391 1790 591 1826 κατορθοῦντες
603 1791 771 1826 φρονήματι,
783 1791 821 1822 ὡς
833 1791 899 1826 παρ’
915 1790 974 1822 ἑνὸς

180 1835 245 1870 ἡμῖν
260 1835 388 1871 εἰρῆσθαι
402 1836 416 1856 ιι
432 1836 488 1863 τῶν
507 1836 656 1872 προφητῶν
666 1844 672 1851 ·
693 1846 702 1862 ι
718 1837 774 1864 Καὶ
787 1836 973 1870 ἐξελεύσεσοε,

179 1881 227 1907 καὶ
241 1881 405 1917 σκιρτήσετε
425 1881 463 1913 ὡς
477 1884 615 1918 μοσχάρια
630 1883 663 1908 ἐκ
676 1882 786 1917 δεσμῶν
802 1882 944 1917 ἀνειμένα.
961 1891 970 1908 ι

185 1927 230 1958 Ὠς
250 1927 390 1963 ἁμαρτίας
408 1928 462 1964 γὰρ
482 1929 530 1956 καὶ
548 1928 674 1962 διαϐόλου
689 1929 834 1963 δεσμῶτιν,
850 1929 897 1956 καὶ
913 1928 974 1956 Soti—

179 1971 230 2008 λην
237 1973 428 2008 αἰχμάλωτον
439 1974 517 2001 καλεῖ
525 1975 574 2010 τὴν
585 1975 660 2001 Σιὼν
670 1975 755 2002 ἐλεῶν
766 1975 851 2010 αὐτὴν
865 1977 915 2011 τῆς
928 1984 974 2002 πι-

179 2018 315 2053 κροτάτης
328 2017 524 2050 ἀλώπεως.Ἦν
540 2019 586 2046 καὶ
599 2019 746 2054 θυγατέρα
760 2019 861 2051 καλῶν,
870 2022 900 2047 τὸ
915 2019 975 2051 πῶς

179 2060 227 2090 οὖν
236 2063 305 2098 ἥλω,
319 2064 494 2099 παρίστησιν·
507 2064 545 2096 ὡς
561 2065 630 2100 αὐτὴ
640 2065 673 2092 δι’
685 2065 839 2101 αὑτὴν,οὑκ
848 2065 976 2102 ἀσθενείᾳ

178 2107 226 2134 τοῦ
240 2107 382 2141 σώζοντος,
408 2110 457 2144 τῆς
477 2109 506 2136 δὲ
527 2110 667 2145 πατρικῆς
694 2110 897 2146 εὐσπλαγχνίας
921 2111 975 2144 ἀφ-

178 2153 326 2188 ηνιάσασα.
344 2154 426 2181 Ὅθεν
450 2155 535 2190 αὐτὴν
566 2155 680 2189 δωρεὰν
704 2155 874 2191 πεπρᾶσθαι
896 2157 973 2192 φησί.

1026 1564 1071 1587 tne
1087 1563 1115 1587 te
1128 1560 1227 1595 ipsam,
1241 1568 1258 1588 ο
1276 1561 1344 1588 Sion
1359 1561 1392 1589 “.
1411 1571 1421 1588 ι
1449 1562 1480 1589 Et
1494 1570 1510 1590 a
1534 1562 1656 1591 Davide:
1673 1573 1682 1589 ι
1713 1563 1815 1592 Statuit

1025 1613 1108 1641 supra
1135 1612 1242 1641 petram
1262 1608 1346 1642 pedes
1372 1616 1449 1637 meos
1462 1609 1495 1635 ³⁵.
1516 1618 1526 1634 ι
1554 1609 1605 1637 Cui
1630 1610 1760 1637 convenit
1787 1615 1816 1642 et

1024 1652 1103 1683 illud.
1123 1653 1195 1687 quod
1212 1654 1357 1687 sequitur:
1382 1654 1460 1681 Solve
1475 1655 1579 1681 vincula
1598 1656 1662 1682 colli
1677 1656 1726 1682 lui.
1751 1655 1816 1683 Suis

1023 1698 1095 1726 enim
1111 1698 1230 1734 quisque
1245 1699 1376 1734 peccatis,
1400 1703 1430 1727 ut
1452 1699 1570 1733 catenis,
1599 1701 1814 1734 constringitur.

1024 1744 1058 1772 Et
1076 1752 1138 1778 nos,
1159 1744 1206 1779 qui
1220 1745 1356 1772 scelerum
1370 1745 1437 1781 jugo
1451 1745 1645 1780 deprimimur,
1667 1756 1676 1772 ι
1706 1747 1815 1774 Dirum-

1024 1797 1121 1824 pamus
1136 1790 1245 1817 vincula
1258 1790 1529 1825 eorum,jugumque
1548 1790 1672 1825 ipsorum
1689 1792 1815 1819 excutia-

1024 1843 1085 1863 mus
1103 1835 1136 1867 “,
1154 1844 1164 1861 ι
1179 1835 1266 1863 libera
1281 1835 1424 1863 voluntate
1436 1836 1510 1870 quod
1520 1835 1629 1870 justum
1643 1840 1685 1864 est
1698 1837 1814 1871 operati,

1025 1882 1096 1908 sicut
1111 1881 1154 1908 his
1169 1881 1260 1908 verbis
1278 1889 1350 1908 unus
1368 1881 1406 1908 ait
1417 1881 1614 1916 prophetarum
1630 1889 1637 1909 :
1658 1889 1668 1907 ι
1689 1882 1721 1908 Ει
1736 1889 1815 1916 egre-

1024 1926 1150 1958 dientiui.
1166 1931 1192 1954 et
1210 1926 1329 1958 salictis,
1351 1929 1482 1961 tanquam
1501 1926 1579 1954 vituli
1595 1927 1714 1954 vinculis
1741 1929 1815 1954 rela-

1024 1971 1081 1998 xati
1096 1971 1129 2004 ³⁷,
1151 1980 1160 1997 ι
1184 1970 1291 1998 Sionem
1309 1971 1382 1998 enim
1400 1975 1530 2007 tanquam
1556 1973 1661 2006 peccati
1695 1972 1814 1999 diaboli—

1024 2024 1079 2052 quc
1102 2016 1207 2052 laqueis
1241 2017 1420 2043 coustrictam
1445 2021 1472 2043 et
1494 2017 1627 2051 captiuam
1653 2017 1812 2052 alloquitur,

1024 2063 1149 2098 ejusdem
1175 2068 1287 2098 propter
1315 2063 1526 2099 expugnationis
1553 2063 1731 2091 acerbitatem
1761 2065 1814 2091 mi-

1026 2110 1165 2138 seratione
1181 2113 1352 2142 commotus;
1369 2116 1452 2144 quam
1469 2108 1552 2136 etiam
1569 2109 1655 2144 ﬁliam
1672 2109 1814 2145 appellan-

1026 2155 1073 2187 do.
1094 2163 1148 2183 non
1160 2155 1306 2191 servantis
1323 2154 1522 2188 imbecillitate,
1549 2155 1596 2183 sed
1623 2162 1672 2190 per
1696 2162 1736 2187 se,
1753 2162 1814 2190 qua:

178 2200 234 2226 Καὶ
245 2199 302 2227 ἄνω
318 2200 373 2234 γὰρ
386 2200 523 2235 ἔφασκεν·
541 2211 549 2227 ι
561 2202 628 2229 Ἰδοὺ
644 2203 705 2234 ταῖς
725 2203 875 2238 ἁμαρτίαις
891 2203 967 2238 ὑμῶν

1025 2206 1144 2237 paterme
1170 2201 1372 2229 benevolentia:
1396 2200 1504 2229 frenum
1529 2202 1677 2236 respuerit,
1703 2206 1812 2237 captam

179 2245 317 2281 ὲπράθητε
344 2246 427 2281 μηδὲν
455 2247 754 2283 ἀντικαταλλαξάμενοι
781 2248 831 2283 τῆς
863 2248 967 2275 ἑαυτῶν

178 2292 325 2324 ἀπωλείας.
343 2304 352 2318 ι
366 2294 496 2325 ’Λκοντες
519 2294 584 2330 γὰρ,
603 2294 640 2326 ὼς
657 2295 762 2327 εἰπεῖν,
790 2295 966 2330 ἀπηγόμεθα.

178 2338 233 2371 Διὸ,
250 2339 298 2365 καὶ
313 2339 415 2366 ἄκοντα
428 2339 474 2367 τὸν
497 2341 608 2375 ἰσχυρὸν
630 2340 793 2368 ἐσκύλευσεν
811 2341 825 2367 ὁ
838 2341 966 2376 Χριστός.

181 2384 215 2410 Ἀ
229 2384 359 2420 δέδρακεν
372 2385 512 2422 ἐπιφέρων
524 2387 588 2413 ἄνευ
601 2387 745 2421 ἀργυρίου
765 2387 967 2422 ,λυτρούμενος

177 2431 240 2462 τοὺς
259 2430 297 2466 μὴ
313 2433 458 2467 σωματικῇ
477 2432 677 2468 περιπεσόντας
694 2433 881 2468 αἰχμαλωσίᾳ,
900 2433 969 2461 ἀλλὰ.

177 2475 291 2512 ψυχικῇ,
312 2478 357 2503 καὶ
373 2477 419 2504 τοῦ
431 2477 522 2512 τιμίου
537 2478 683 2514 δεομένους
697 2479 825 2514 αἵματος.

1020 2256 1081 2276 esse
1107 2248 1190 2283 588
1207 2247 1346 2280 ostendit;
1362 2248 1433 2283 unde
1447 2249 1533 2283 gratis
1549 2247 1730 2275 uenundatam
1755 2257 1813 2276 esse

1020 2294 1129 2329 adjicit.
1152 2293 1219 2320 Nam
1232 2297 1260 2320 et
1277 2293 1407 2328 superius
1419 2293 1530 2321 dicebat
1547 2303 1554 2322 :
1575 2303 1584 2320 ι
1606 2294 1677 2322 Ecce
1692 2295 1813 2329 peccatis

1020 2341 1119 2368 vestris
1135 2339 1284 2367 venundati
1303 2340 1381 2372 estis,
1407 2339 1484 2366 nulla
1506 2347 1555 2375 pro
1580 2339 1692 2368 interitu
1723 2346 1812 2369 vostro

1019 2387 1092 2414 facta
1108 2386 1325 2414 commutatione
1335 2386 1367 2412 ³⁸.
1386 2395 1395 2412 ι
1415 2385 1493 2413 Inviti
1510 2386 1596 2419 enim,
1612 2390 1641 2414 ut
1662 2387 1697 2414 ita
1709 2387 1810 2420 diram,

1023 2433 1246 2468 abripielmmur;
1265 2432 1381 2468 ideoque
1397 2437 1594 2467 repugnantem
1608 2433 1743 2468 spoliasse
1758 2434 1812 2461 for-

1024 2484 1078 2508 tem
1095 2479 1224 2506 Christus
1245 2478 1346 2506 dicitur
1359 2479 1392 2506 ".
1418 2478 1485 2511 Qua:
1507 2486 1538 2506 se
1556 2477 1656 2507 iecisse
1686 2479 1735 2512 ait,
1756 2487 1812 2508 non

177 2529 225 2549 eos
247 2528 356 2556 argento
383 2523 547 2557 redimendo,
565 2525 612 2559 qui
640 2532 695 2553 non
729 2533 889 2561 cci-porum,
914 2525 961 2554 sed
981 2526 1138 2554 animorum
1160 2525 1293 2554 servitute
1307 2525 1523 2560 premebantur,
1545 2525 1720 2561 pretiosaque
1749 2534 1813 2554 sau-

177 2569 259 2604 guine
280 2570 450 2607 indigebant.

213 2614 280 2644 Εἶτα
293 2617 428 2647 δείκνυσιν
445 2620 544 2648 ἑαυτὸν
566 2620 610 2648 ἀεὶ
632 2619 680 2647 τοῦ
701 2619 808 2656 Ἰσραὴλ
834 2622 965 2656 γεγονότα

1056 2616 1148 2652 Pergit
1168 2615 1268 2644 deinde
1294 2615 1404 2644 lsraelis
1425 2614 1596 2643 Salvatorem
1618 2619 1646 2643 et
1663 2618 1810 2650 redempto-

212 2681 235 2697 "
249 2681 322 2711 Psal.
339 2686 439 2721 LVI,79.
465 2686 490 2703 “’
501 2686 585 2714 Eccli.
602 2694 642 2720 χι,
657 2686 704 2714 29..
722 2686 762 2703 ³⁸*
782 2686 881 2721 Ephcs.
903 2688 972 2721 καί

1034 2689 1053 2704 ιι
1069 2687 1158 2715 Galal.
1173 2685 1274 2718 ui,'27.
1313 2686 1335 2702 θ’
1356 2684 1407 2713 lsa.
1423 2691 1478 2721 tri,
1490 2684 1515 2711 l.
1554 2685 1576 2701 "
1589 2685 1687 2721 Ephcs.
1708 2695 1744 2716 ir.
1762 2687 1808 2715 24.

177 2716 262 2753 “lsa.
275 2716 437 2753 xxxvnﬂﬁ.

491 2723 513 2740 ⁸⁸
528 2721 602 2751 Psal.
621 2730 717 2755 χχχιιι,
733 2722 760 2749 5.
800 2723 821 2739 ³⁷³
838 2723 912 2751 I’sal.
943 2732 974 2756 ιι,

175 2760 216 2786 ιιι,
235 2752 280 2778 22.

1011 2724 1039 2752 5.
1089 2722 1110 2738 ³⁷
1139 2721 1255 2749 Malach.
1285 2729 1321 2755 iv,
1351 2721 1379 2748 2.

1430 2719 1451 2736 ³³
1471 2719 1522 2748 lsa.
1556 2719 1656 2754 ιιι,’5.
1703 2722 1725 2740 δ’
1741 2722 1808 2751 Luc.

827 2801 943 2829 VARI/li
965 2801 1166 2831 LECTIONES.

214 2845 226 2865 ιι
239 2853 283 2880 γρ.
299 2845 419 2879 εἴρηται.

339 2895 476 2925 l’unoc.
501 2892 560 2924 GR.
579 2891 768 2922 LXXXV“.
