1999 3076
178 135 248 166 2507

838 131 977 163 PROCOI‘

1034 132 1156 163 GAZ/EI
1739 134 1809 167 2508

179 201 234 219 rem
253 200 282 219 se
299 199 360 219 esse
377 191 540 225 ostendere;
557 192 615 219 sive
632 196 740 225 tempus
756 189 824 217 illud
849 193 969 224 spectes,

1029 190 1137 224 Ειιιτῆρα
1153 189 1199 216 καὶ
1215 191 1384 225 Λυτρωτήν.
1407 191 1462 218 Καὶ
1477 193 1520 219 ὅτε
1537 192 1670 227 κατῆλθεν
1685 192 1755 219 ἑκὼν
1770 193 1810 224 εἰς

180 247 235 274 quo
262 242 358 273 sponte
375 238 402 265 iu
423 238 571 273 [Egyptum
599 237 724 273 profecta
749 235 843 263 Jacobi
858 237 969 268 domus,

180 285 216 310 ἱι›ἰ
234 287 344 319 propter
359 282 458 310 famem
474 283 617 315 habitavit,
640 283 699 309 sive
720 281 788 309 illud
805 281 899 313 etiam,
915 289 971 316 quo

179 337 228 364 per
243 329 366 363 Assyrios
381 333 423 356 est
436 332 592 365 expugnata
609 328 719 360 civitas,
739 332 768 354 ut
779 328 813 355 ab
826 335 858 355 ea
869 327 971 355 redem-

178 378 267 409 ptioue
284 383 347 411 qua:
371 375 502 404 sensibus
519 380 601 411 patet,
629 374 663 402 ad
680 375 752 410 ejus,
769 382 829 408 qum
853 374 970 402 adventu

180 429 232 448 suo
261 422 332 448 facta
359 425 411 453 est.
435 429 498 448 cum
520 421 575 448 alia
603 420 712 448 ratione
732 420 816 455 gratis
829 419 972 446 venundati

179 471 276 498 essent,
309 466 520 501 intelligentiam
555 465 685 493 deducat.
711 466 801 497 Atque
831 465 895 492 inde
918 469 970 496 est,

180 512 266 546 quod,
281 512 313 539 Et
325 521 394 539 nunc
408 512 472 547 quid
482 512 530 539 erit
547 512 608 539 hic?
620 513 673 543 vel,
688 516 718 538 ut
729 513 819 538 ueteri
835 511 972 545 interpre-

182 562 287 591 tantur,
307 559 371 593 quid
386 563 436 585 erit
449 558 514 585 mihi
525 558 588 584 llic?
601 557 705 584 intulit.
724 556 797 584 Nihil
824 557 897 585 enint
917 557 971 589 hic,

183 605 231 635 ait,
247 603 318 638 apud
332 611 379 631 eos
396 603 516 638 reperio,
533 603 613 638 juxta
628 603 696 630 illud
712 610 719 629 :
740 611 749 628 ι
773 602 834 630 ideo
858 602 931 635 veni,
947 606 974 630 et

183 656 238 676 non
259 653 319 676 erat
342 648 434 675 homo.
456 647 565 682 Vocavi,
590 654 618 676 et
641 657 695 676 non
724 653 783 676 erat
815 649 862 684 qui
895 649 974 676 audi-

184 699 226 722 ret
236 694 269 722 ⁸ο.
289 704 298 719 ι
319 693 397 727 Quod
415 694 437 722 si
453 694 486 721 ad
505 701 576 726 eam,
593 701 653 729 qua:
671 693 723 722 sub
745 694 886 722 Romanos
910 694 973 727 fuit,

184 739 373 774 captivitatem
405 740 527 773 referas,
561 739 594 767 ad
626 740 748 776 gentium
779 741 915 776 regiones,
946 741 972 768 in

184 786 284 820 quibus
300 785 418 820 dispersi
432 789 577 820 vagantur,
594 785 646 812 loci
668 786 803 821 particula
818 786 971 814 referetur:

184 832 327 865 nimirum,
349 835 379 859 ut
397 839 445 860 eos
462 831 523 859 ideo
539 831 567 858 in
584 832 631 859 tali
647 839 740 859 rerum
757 837 830 860 statu
858 834 973 867 versari,

186 879 296 913 istaque
323 877 379 913 pati
410 877 523 911 indicet,
552 878 626 913 quod
656 878 866 914 Redemptorem
893 863 974 907 suum
991 863 1012 890 Β

186 924 261 951 cruci
281 923 428 951 aﬂixerint.
456 924 570 956 Deinde,
596 932 659 952 cum
683 925 845 952 mirarentur
870 925 976 953 Judaeu-

186 977 247 998 rum
263 969 413 1004 principes,
430 977 515 1004 quare
541 970 587 997 Dei
604 978 666 998 sors
696 970 779 999 Israel
803 975 830 999 et
863 977 978 1000 sanctus

187 1015 339 1050 appellatus
351 1015 388 1042 ita
403 1015 601 1043 miserabiliter
615 1021 778 1050 vexaretur,
798 1020 825 1044 et
840 1021 973 1052 tanquam

191 1069 241 1096 spe
258 1068 374 1095 prorsus
387 1061 514 1096 adempta
536 1061 670 1089 ulularent
687 1081 696 1096 ,
714 1063 740 1090 in
767 1063 878 1091 eosdem
898 1071 980 1098 expu-

188 1108 330 1142 gnationis
345 1107 518 1135 subditorum
543 1115 657 1135 suorum
675 1108 783 1143 culpam
808 1109 909 1144 rejicit,
931 1109 979 1144 qui

190 1153 343 1181 Salvatoris
359 1153 444 1180 oblati
461 1153 540 1180 [idem
554 1154 684 1189 amplecti
697 1154 766 1189 ipsis
781 1162 834 1182 non
851 1155 979 1190 permise-

193 1205 270 1227 runt.
288 1201 323 1227 At
339 1204 436 1235 gentes
452 1207 515 1227 cum
528 1206 590 1227 eam
604 1207 667 1228 esse
681 1207 795 1227 causam
808 1200 977 1236 ignorarent,

190 1246 304 1273 istorum
314 1245 399 1272 Deum
409 1245 604 1272 imbecillitatis
613 1245 774 1280 arguebant,
787 1252 868 1280 quem
884 1253 979 1273 serva-

190 1299 221 1319 rc
237 1299 290 1318 non
310 1291 431 1319 valuisse
443 1290 572 1318 dicebant
585 1290 673 1318 :sicut
683 1290 748 1318 olim
761 1291 978 1326 ltapsaces,cum

188 1345 248 1369 vos,
264 1336 364 1372 inquit,
377 1343 431 1363 non
445 1340 556 1371 propter
569 1336 667 1363 virium
679 1343 800 1363 mearum
817 1337 977 1364 tenuitatem

188 1383 399 1410 essetadortus.
417 1381 477 1409 Non
503 1381 584 1416 hujus
605 1382 708 1417 itaque,
728 1382 776 1410 sed
798 1388 906 1416 vestrm,
931 1383 979 1418 qui

187 1429 415 1465 peccastis,vires
424 1428 596 1456 exciderunt.
606 1428 658 1456 ista
671 1433 760 1456 autem
774 1429 807 1456 ad
821 1428 979 1456 Judteorum

190 1476 328 1511 principes
341 1475 421 1510 dirigi
438 1479 600 1502 ceterorum
618 1475 763 1502 confirmat
778 1474 978 1510 interpretatio.

190 1522 305 1549 Vel-lunt
319 1521 391 1548 enim
411 1520 595 1556 Symmachus
609 1526 634 1548 et
644 1520 758 1556 Aquilas
771 1528 778 1547 :
792 1520 980 1548 Daminatorss

188 1567 245 1602 ejus
264 1566 369 1593 ululant
384 1574 393 1594 :
409 1565 454 1593 ubi
471 1565 624 1593 Theodotio
642 1566 772 1601 principes
789 1574 838 1601 pro
857 1566 980 1594 domina-

190 1614 290 1640 toribus
313 1612 392 1640 dixit.
420 1611 490 1640 llinc
515 1612 600 1648 igitur
628 1612 711 1648 589
733 1618 760 1640 et
784 1612 828 1639 illa
858 1612 978 1645 fuerunt,

188 1659 290 1694 quibus
306 1662 386 1686 antea
401 1657 546 1685 Dominum
572 1666 634 1685 cum
658 1659 751 1694 populi
771 1658 939 1691 senioribus,
954 1663 981 1686 et

189 1713 252 1732 cum
271 1704 442 1740 principibus
457 1704 527 1739 ejus,
546 1704 573 1732 in
589 1704 725 1740 judicium
750 1709 896 1733 venturum
918 1713 980 1734 esse

189 1751 372 1785 signiﬁcaret.
390 1749 458 1776 Nam
483 1753 511 1777 et.
528 1750 628 1786 vulgus
658 1750 748 1785 ipsum
776 1750 809 1778 ad
840 1759 979 1778 rumorem

190 1796 336 1824 sinistrum
358 1796 392 1824 de
422 1795 567 1824 Salvatorc
597 1796 782 1832 spargendum
812 1797 979 1825 excitarunt.

189 1842 285 1877 itaque
303 1842 454 1870 secundum
475 1842 553 1874 alios,
573 1847 635 1877 post
660 1843 743 1870 verba
772 1843 847 1871 ista:
876 1843 980 1871 Nomen

190 1897 277 1916 meum
307 1888 524 1922 blasphematur,
549 1889 576 1915 in
603 1890 722 1924 gentibus
750 1897 805 1916 non
833 1891 978 1925 reperias:

190 1942 279 1969 neque.
300 1935 370 1969 apud
390 1934 600 1970 Symmachum,
616 1935 664 1969 qui
686 1934 788 1970 jugiter
808 1939 864 1962 tota
881 1935 923 1962 die
933 1943 978 1962 no-

190 1989 248 2007 men
264 1988 350 2007 meum
365 1979 575 2013 blasphematur,
591 1980 787 2015 interpretatus
798 1986 850 2009 est.
867 1981 981 2016 Semper

190 2026 263 2054 enim
280 2026 306 2052 in
321 2025 467 2053 Dominum
479 2026 611 2060 principes
626 2034 678 2053 non
694 2025 839 2062 blasphemi
867 2027 980 2054 fuerunt

190 2077 310 2105 tantum,
338 2073 387 2100 sed
413 2072 591 2107 blasphemia:
624 2080 736 2100 causam
765 2074 872 2101 caeteris
896 2073 978 2100 etiam

191 2119 380 2154 przebucrunt.
406 2118 487 2146 Tales
501 2118 597 2152 igitur,
613 2118 715 2154 inquit,
732 2119 785 2153 ipsi
801 2127 849 2147 vos
867 2120 978 2154 praesti-

192 2165 275 2192 tistis.
289 2164 342 2191 Sed
357 2171 399 2191 me
415 2164 531 2198 gentium
542 2164 656 2199 populus
680 2164 707 2191 in
726 2165 816 2192 locum
845 2169 979 2196 vestrum,

1021 236 1071 270 τὴν
1087 235 1237 270 Αἴγυπτον,
1252 236 1300 263 τοῦ
1318 237 1415 264 Ἰακὼϐ
1435 238 1493 264 ἐκεῖ
1507 238 1550 265 διὰ
1568 238 1647 273 λιμὸν
1669 238 1811 271 κατοική-

1021 289 1151 314 σαντος·
1167 283 1215 309 καὶ
1228 283 1272 309 ὅτε
1292 283 1339 318 βίᾳ
1358 283 1403 309 διὰ
1415 283 1464 315 τάς
1481 284 1619 320 ἁμαρτίας
1634 284 1679 310 ὑπ’
1700 285 1812 312 Ἀσσυ-

1019 327 1092 362 ρίων
1107 328 1188 360 ἑάλω,
1209 328 1262 354 ἀπὸ
1276 328 1326 362 τῆς
1341 328 1474 365 αἰσθητῆς
1494 328 1682 363 λυτρώσεως,
1705 329 1754 364 τὴν
1767 331 1814 356 ἐπὶ

1022 375 1072 409 τῆς
1087 374 1242 410 παρουσίας
1258 374 1342 401 αὐτοῦ
1353 374 1442 410 δηλῶν
1456 375 1529 410 ἄλλῳ
1543 375 1616 411 λόγῳ
1629 375 1745 409 δωρεὰν
1761 383 1814 402 πε-

1023 420 1210 455 πραγμένων.
1226 420 1271 447 Διὸ
1288 421 1430 455 ἐπιλέγει*
1443 422 1498 448 Kal
1515 421 1574 448 νῦν
1588 421 1616 448 τί
1632 418 1691 448 ὦδε
1707 421 1793 448 ἔσται
1806 430 1815 453 ;

1023 466 1039 501 ἢ
1053 466 1124 493 κατά
1135 466 1199 498 τοὺς
1210 466 1331 499 λοιποὺς,
1345 466 1395 493 καὶ
1406 467 1464 494 νῦν
1474 468 1503 494 τί
1513 467 1581 494 ἐστί
1590 475 1641 502 μοι
1655 464 1730 499 ὧδες
1740 467 1816 494 οὐδὲν

1024 512 1090 548 γὰρ,
1107 512 1202 547 φησὶν,
1210 509 1261 539 ὧδε
1270 513 1335 548 παρ’
1349 513 1439 544 αὐτοῖς
1451 513 1580 548 εὑρίσκω,
1593 513 1663 539 κατὰ
1675 513 1705 540 τὸ
1719 513 1814 548 ῥηθέν*

1028 567 1037 583 ι
1051 557 1123 584 Διότι
1139 555 1232 593 ἦλθον,
1250 557 1299 584 καὶ
1314 558 1364 584 οὐκ
1377 555 1412 593 ἦν
1434 558 1588 593 ἄνθρωπος.
1607 557 1751 591 Ἐκάλεσα,
1764 559 1812 584 καὶ

1024 603 1074 629 οὐκ
1089 601 1122 639 ἦν
1137 604 1151 630 ὁ
1167 603 1322 630 ὑπακούων.
1334 612 1343 629 ›
1359 604 1391 630 Εἰ
1402 603 1430 630 δὲ
1443 603 1492 639 τὴν
1509 604 1562 630 ὑπὸ
1587 604 1730 639 Ῥωμαίων
1755 605 1816 638 αἰχ-

1029 649 1171 684 μαλωσίαν
1185 649 1270 684 δηλοῖ,
1282 649 1388 683 λέγοιτο
1402 649 1435 676 ἂν
1450 650 1480 676 το
1487 646 1547 681 ὧδε,
1557 651 1585 676 ὲν
1593 651 1652 682 ταῖς
1664 650 1718 676 τῶν
1733 649 1817 676 ἐθνῶν

1025 696 1138 731 χώραις,
1154 697 1194 727 εις
1210 696 1243 728 ἃς
1257 696 1462 732 διεσπάρησαν·
1479 696 1572 732 ἤγουν,
1586 697 1614 722 ὲν
1626 697 1714 732 τοιᾷδε
1731 705 1817 723 κατα-

1025 742 1120 768 στάσει
1146 741 1318 777 πραγμάτων
1342 741 1484 776 δηλονότι,
1508 742 1596 769 ταῦτα
1621 743 1755 778 πάσχουσι
1771 743 1817 769 τὸν

1025 787 1128 813 ἑαυτῶν
1140 788 1348 822 σταυρώσαντες
1361 787 1515 823 λυτρωτήν.
1528 785 1594 814 Εἶτα
1608 788 1818 821 θαυμαζόντων

1025 832 1080 859 τῶν
1092 832 1157 868 παρ’
1176 832 1313 864 Ἰουδαίοις
1330 831 1507 868 καθηγητῶν,
1523 832 1582 864 πῶς
1597 834 1611 859 ὁ
1627 832 1696 859 Θεοῦ
1718 832 1819 868 κλῆρος

1026 878 1173 914 λεγόμενος
1181 878 1229 906 καὶ
1243 878 1322 913 ἃγιος
1340 878 1449 914 Ἰσραὴλ
1461 878 1577 913 ἔπραξεν
1589 877 1676 909 οὕτως
1691 878 1818 913 οἰκτρῶς,

1027 924 1075 951 καὶ
1092 924 1130 956 ὡς
1142 924 1235 959 πάσης
1246 924 1339 955 αὐτοῖς
1349 924 1526 959 ἀνῃρημένης
1538 923 1645 954 ἐλπίδος
1658 923 1820 953 ὀλολυζόν-

1027 979 1097 1002 των,
1111 971 1212 1002 αὐτοὺς
1226 971 1347 997 αἰτιᾶται
1366 970 1417 1006 τῆς
1428 970 1483 1013 τίῆν
1496 970 1625 1005 ὑπηκόων
1634 969 1771 1001 ἁλώσεως.
1781 969 1818 995 Οὐ

1027 1016 1082 1052 γάρ
1102 1016 1275 1051 συνεχώρουν
1298 1016 1392 1048 αὐτοῖς
1415 1016 1454 1051 τῷ
1473 1016 1539 1052 πρὸς
1559 1016 1658 1048 αὐτοὺς
1674 1015 1819 1051 ἀφιγμένῳ

1028 1062 1172 1089 πιστεῦσαι
1199 1062 1318 1098 Σωτῆρι.
1337 1062 1408 1089 Ἀλλ’
1431 1062 1456 1088 oi.
1480 1061 1583 1089 ἐθνικοὶ
1608 1061 1658 1097 τὴν
1677 1062 1726 1097 τῆς
1749 1062 1819 1089 ἁλώ-

1030 1117 1100 1140 σεως
1112 1108 1273 1142 ἀγνοοῦντες
1290 1107 1390 1141 αἰτίαν,
1408 1107 1553 1139 ἀσθενείας
1570 1107 1615 1134 τὸν
1631 1108 1734 1135 τούτων
1759 1110 1818 1144 ᾑτι-

1028 1154 1098 1180 ὦντο
1108 1153 1187 1187 Θεὸν,
1198 1153 1236 1185 ὼς
1254 1153 1351 1186 σῶσαι,
1368 1153 1439 1180 κατὰ
1451 1153 1498 1180 τὸν
1513 1153 1652 1188 Ῥαψάκου
1665 1153 1753 1186 λόγον,
1770 1154 1819 1180 αὐ-

1028 1200 1092 1231 τοὺς
1106 1200 1156 1226 οὐκ
1174 1199 1333 1234 ἰσχύσαντα.
1351 1200 1485 1231 Κάκεῖνος
1501 1200 1555 1235 γάρ
1567 1200 1631 1234 ὑμῖν
1644 1200 1771 1235 ἐπῆλθεν,
1786 1201 1818 1227 οὑ

1028 1245 1062 1272 δι’
1081 1245 1152 1281 ἐμὴν
1172 1244 1327 1272 ἀσθένειαν.
1346 1245 1499 1282 Τοιγαροῦν
1513 1245 1522 1264 ι
1537 1247 1555 1280 ἡ
1574 1245 1671 1272 τούτου
1687 1246 1816 1272 πέπτωκε

1029 1291 1155 1326 δύναμις,
1179 1290 1237 1318 ἀλλ’
1263 1290 1341 1326 ὑμῶν
1365 1291 1576 1326 ἡμαρτηκότων.
1601 1292 1661 1318 Ὀτι
1682 1291 1710 1318 δὲ
1730 1290 1816 1318 ταῦτα

1029 1338 1085 1368 τοῖς
1103 1337 1219 1373 ἄρχουσι
1237 1338 1404 1372 προσφωνεῖ,
1421 1338 1438 1371 ἡ
1456 1337 1510 1363 τῶν
1531 1336 1618 1364 ἄλλων
1644 1337 1817 1372 παρέστησεν

1029 1382 1144 1414 ἕκδοσις.
1168 1383 1196 1408 '0
1215 1383 1264 1417 μὲν
1287 1383 1342 1418 γὰρ
1358 1382 1520 1418 Σύμμαχοςθ
1536 1383 1570 1409 οι
1590 1381 1818 1415 ἐξουσιάζοντες

1029 1428 1134 1460 αὐτοῦ,
1148 1428 1242 1464 φησὶν,
1264 1428 1472 1459 ὀλολύζουσιν.
1501 1428 1555 1455 Καὶ
1582 1428 1716 1461 Ἀκύλας,
1735 1429 1821 1460 ἐξου-

1031 1474 1194 1508 σιάζοντες.
1216 1474 1247 1501 '0
1261 1474 1291 1501 δὲ
1305 1474 1453 1501 Θεοδοτίων
1467 1474 1624 1509 ἄρχοντες.
1641 1475 1687 1501 Διὸ
1701 1475 1748 1502 καὶ
1765 1474 1822 1501 ἄνω

1031 1518 1124 1553 ἔλεγεν
1134 1527 1141 1533 ·
1156 1519 1237 1551 αὐτὸς
1255 1518 1357 1555 Κύριος
1370 1519 1411 1550 εἰς
1425 1519 1517 1555 κρίσιν
1529 1519 1589 1555 ἥξει
1606 1520 1675 1554 μετά
1689 1519 1741 1546 τῶν
1756 1528 1823 1555 πρε-

1033 1565 1170 1602 σϐυτέρων
1183 1565 1230 1592 τοῦ
1249 1564 1326 1598 λαοῦ,
1342 1566 1390 1592 καὶ
1411 1565 1480 1600 μετὰ
1497 1565 1551 1592 τῶν
1569 1565 1709 1601 ἀρχόντων
1726 1565 1822 1593 αὐτοῦ.

1032 1611 1114 1637 Αὐτοὶ
1130 1611 1184 1646 γὰρ
1207 1611 1353 1638 ἀνέσεισαν
1367 1612 1401 1638 τά
1418 1611 1508 1647 πλήθη
1523 1613 1584 1643 ταῖς
1603 1611 1674 1638 κατά
1696 1611 1743 1638 τοῦ
1764 1611 1823 1637 Σω-

1032 1657 1114 1693 τῆρος
1129 1657 1280 1694 κεχρῆσθαι
1292 1659 1406 1692 φωναῖς.
1422 1658 1478 1689 Διὸ,
1492 1658 1563 1685 κατά
1579 1658 1642 1689 τοὺς
1657 1657 1778 1689 λοιποὺς,
1792 1657 1822 1683 οὐ

1033 1703 1194 1739 πρόσκειται
1211 1704 1260 1740 τῷ,
1274 1704 1308 1731 τὸ
1318 1704 1412 1739 ὄνομα
1423 1714 1484 1740 μου
1496 1704 1732 1739 βλασφημεῖται,
1745 1704 1775 1730 τὸ
1789 1704 1822 1730 ἐν

1032 1748 1096 1781 τοῖς
1110 1748 1222 1776 ἔθνεσι.
1231 1748 1384 1785 Τοιγαροῦν
1401 1750 1415 1776 ὁ
1431 1749 1580 1785 Σύμμαχος
1590 1757 1670 1785 φησι·
1686 1749 1736 1775 Διὰ
1747 1756 1824 1775 παν-

1034 1793 1097 1826 τὸς,
1115 1793 1194 1828 ὅλην
1208 1793 1266 1828 τὴν
1280 1794 1395 1829 ἡμέραν
1409 1794 1442 1820 τὸ
1453 1794 1547 1828 ὄνομά
1558 1803 1616 1828 μου
1631 1792 1823 1827 ,βλασφημεῖ-

1033 1846 1091 1865 tat.
1111 1839 1169 1866 Ἀεὶ
1182 1839 1237 1874 γὰρ
1254 1841 1280 1866 οἱ
1296 1840 1442 1874 ἄρχοντες
1461 1839 1680 1874 ἐϐλασφήμουν
1695 1840 1749 1865 τὸν
1768 1839 1825 1866 In}-

1029 1894 1108 1919 ριον,
1125 1886 1247 1918 καὶτοῖς
1273 1887 1363 1919 ἄλλοις
1387 1887 1549 1914 ὑπέϐαλλον.
1576 1888 1647 1914 Ἀλλ’
1667 1888 1748 1922 ὑμεῖς
1773 1887 1823 1922 μὲν

1033 1931 1161 1959 τοιοῦτοι.
1180 1932 1206 1958 ’0
1221 1932 1256 1964 ἐξ
1272 1932 1369 1960 ἐθνῶν
1388 1933 1417 1960 δὲ
1433 1933 1579 1967 ,λαὸς-,ἀνθ’
1596 1933 1674 1968 ὑμῶν
1693 1941 1727 1968 με
1745 1931 1824 1964 δοξά-

1034 1985 1088 2009 σει,
1099 1976 1147 2003 τοῦ
1160 1977 1233 2011 ἐμοῦ
1246 1977 1394 2012 ὀνόματος
1407 1978 1542 2014 πειρατὴν
1553 1978 1669 2012 δύναμιν
1683 1976 1823 2011 ἐγνωκὼς,

1034 2022 1068 2058 ἣν
1082 2023 1132 2049 οὐκ
1146 2023 1246 2055 εἰδότες
1258 2024 1326 2050 αὐτὸ
1339 2024 1560 2059 βλασφημεῖτε.
1571 2025 1627 2051 Καὶ
1641 2023 1728 2050 ταῦτα
1747 2022 1824 2052 ἔσται

1034 2067 1072 2102 τῇ
1088 2068 1184 2103 ἡμέρᾳ
1206 2069 1310 2106 ἐκείνῃ,
1342 2070 1406 2096 καθ’
1421 2071 1454 2106 ἢν
1474 2069 1630 2104 ἀνθρώποις
1649 2070 1664 2095 ὸ
1679 2069 1764 2095 ταῦτα.
1781 2068 1825 2094 διὰ

1034 2114 1089 2141 τῶν
1099 2114 1248 2151 προφητῶν
1263 2115 1353 2149 λέγων
1369 2116 1543 2152 ἐπιδημήσω.
1555 2115 1641 2142 Τοῦτο
1653 2115 1701 2142 καὶ
1719 2113 1825 2145 Παῦλος

1034 2161 1110 2195 λέγει
1121 2169 1129 2176 ·
1151 2170 1160 2186 ι
1180 2161 1348 2197 Πολυμερῶς
1365 2163 1413 2189 καὶ
1435 2162 1615 2198 πολυτρόπως
1628 2161 1713 2188 πάλαι
1728 2161 1742 2186 ὁ
1758 2159 1825 2191 Θεὸς

191 2211 236 2237 ubi
253 2210 366 2236 nominis
388 2209 438 2236 mei
456 2209 537 2240 vires,
561 2208 634 2244 quod
652 2209 704 2244 ipsi
730 2209 890 2244 ignorantes
909 2209 977 2236 blas~

1035 2207 1156 2243 λαλήσας
1169 2209 1226 2240 τοῖς
1244 2208 1381 2244 πατράσιν
1397 2208 1426 2235 ὲν
1442 2208 1607 2244 προφήταις,
1630 2207 1675 2234 ἐπ’
1699 2207 1822 2242 ἐσχάτων

190 2256 323 2290 phematis
338 2275 345 2288 ,
361 2255 451 2290 reipsa
468 2254 605 2288 didicerit,
622 2255 709 2290 gloria
726 2255 834 2283 alliciet.
850 2255 917 2289 Quae
935 2256 984 2282 illa

1038 2253 1093 2281 τῶν
1109 2254 1222 2290 ἡμερῶν
1233 2254 1337 2282 τούτων
1351 2255 1485 2290 ὲλάλησεν
1500 2254 1567 2290 ἡμῖν
1584 2254 1613 2280 ὲν
1630 2253 1697 2289 Υιῷ.
1722 2265 1731 2279 ι

192 2307 250 2329 tum
262 2302 372 2329 demum
385 2301 427 2328 die
448 2300 506 2328 ﬁcri
522 2300 672 2336 continget,
688 2309 750 2329 cum
777 2301 846 2337 ipse,
866 2302 912 2337 qui
938 2308 987 2337 per
1007 2300 1156 2336 prophetas
1188 2301 1241 2329 ista
1257 2300 1402 2335 denuntio,
1436 2309 1500 2329 cum
1524 2301 1684 2329 hominibus
1708 2308 1824 2329 conver-

192 2349 285 2375 sabor.
301 2347 330 2374 1d
345 2351 436 2375 autem
456 2351 484 2375 et
509 2346 612 2375 Paulus
638 2347 782 2380 indicavit,
798 2355 861 2375 cum
889 2348 973 2376 Deum
995 2346 1171 2374 multifariam
1184 2347 1334 2383 multisque
1348 2347 1440 2376 modis
1454 2348 1519 2376 olim
1544 2347 1668 2384 patribus
1703 2347 1731 2375 in
1759 2354 1822 2383 pro-

191 2394 291 2430 phetis,
306 2393 353 2422 sed
369 2393 534 2421 novisssime
547 2392 644 2421 diebus
660 2393 721 2421 istis
736 2393 762 2421 in
776 2393 846 2422 Filio
862 2394 984 2422 locutum
996 2399 1058 2421 esse
1078 2392 1243 2428 signiﬁcavit
1256 2392 1289 2420 9‘.

229 2483 313 2511 Vens.
332 2483 411 2511 6—15.
436 2482 513 2511 Sicut
528 2483 595 2511 hara
611 2491 690 2518 super
714 2489 826 2517 montes,
842 2484 880 2511 sic
904 2484 983 2518 pedes

191 2530 430 2565 euangelizandum
452 2531 574 2558 auditum
589 2531 675 2565 pacis,
692 2531 730 2557 sic
750 2531 795 2566 qui
820 2531 984 2566 euangelizat

192 2577 287 2604 bona:
306 2576 368 2612 quia
389 2576 510 2603 auditam
532 2577 611 2611 faciet
633 2577 748 2604 salutent
770 2583 856 2609 tuam,
874 2577 983 2605 dicetis:

192 2620 269 2651 Sion,
287 2620 406 2656 regnabit
417 2620 488 2648 Deus
505 2624 566 2647 tuus
581 2621 665 2656 :quia
678 2629 727 2648 vox
741 2622 945 2648 custodientium
959 2626 983 2649 te

191 2666 311 2693 exaltata
332 2670 382 2700 est,
399 2671 424 2693 et
445 2674 505 2694 bace
526 2666 608 2694 simul
620 2666 784 2694 lwtabuntur
799 2675 808 2694 :
824 2667 887 2702 quia
909 2667 982 2694 oculi

242 2755 266 2771 "
281 2755 335 2783 lsa.
349 2763 411 2790 va,
428 2756 472 2784 l2.
521 2756 544 2773 δ’
565 2756 648 2785 llebr.
666 2756 724 2791 1,1.

1073 2482 1146 2515 ζ-ιε’.
1170 2483 1219 2517 Ὠς
1232 2483 1293 2518 ὥρα
1314 2484 1365 2512 ἐπὶ
1381 2483 1440 2511 τῶν
1455 2484 1556 2518 ὀρέων,
1572 2484 1612 2517 ὡς
1625 2483 1718 2516 πόδες
1739 2484 1826 2519 εὐαγε-

1036 2528 1234 2564 γελιζομένων
1251 2530 1349 2564 ἀκοὴν
1363 2531 1497 2565 ειρήνης,
1511 2530 1551 2563 ὡς
1565 2529 1826 2564 εὐαγγελιζόμενος

1036 2573 1144 2610 ἀγαθά.
1168 2575 1234 2603 ’Ὅτι
1257 2576 1416 2611 ἀκουστὴν
1440 2575 1561 2610 ποιήσει
1589 2575 1647 2609 τὴν
1675 2576 1827 2610 σωτηρίαν

1036 2629 1096 2649 σου
1111 2621 1219 2656 λέγων·
1238 2622 1324 2656 Σιὼν,
1347 2623 1530 2656 ,βασιλεύσει
1551 2629 1610 2649 σου
1629 2623 1645 2649 ὀ
1664 2623 1746 2655 Θεός.
1759 2621 1826 2649 Ὅτι

1035 2667 1121 2703 φωνὴ
1136 2667 1196 2695 τῶν
1205 2671 1431 2704 φυλασσόντων
1442 2678 1480 2697 σε
1490 2668 1608 2704 ὑψώθη,
1627 2668 1677 2696 καὶ
1694 2667 1731 2703 τῇ
1741 2667 1827 2703 φωνῇ

846 2801 965 2830 ΥΔΙΠΛΞ
980 2831 982 2833 τ
994 2801 1194 2831 LECTIONES.

232 2843 242 2865 ι
261 2847 291 2873 .1.
312 2846 370 2882 οὺχ.
