1999 3076
146 152 218 185 2509

695 149 960 180 COMMENTARII
981 148 1022 179 IN
1043 148 1186 179 ISAIAM.

1705 147 1776 181 2510

153 211 213 247 ἅμα
228 208 500 244 εὐφρανθήσονται,
515 208 562 235 ὅτι
577 207 726 243 ὀφθαλμοὶ
737 209 811 242 πρὸς
828 208 938 242 ὀφθαλ-

994 205 1025 232 ad
1039 206 1127 232 oculos
1138 205 1272 237 videbunt,
1291 202 1397 239 quando
1410 203 1532 231 misertus
1547 203 1627 238 fuerit
1649 204 1776 233 Domina;

145 257 224 292 ιιοὺς
248 255 386 290 ὄψονται,
417 254 510 288 ἡνίκα
537 254 575 281 ἂν
601 253 715 288 ἐλεήσῃ
742 253 850 288 Κύριος
879 251 937 287 τὴν

148 303 236 335 Σιὼν,
255 311 284 329 κ.
301 310 327 328 τ.
343 301 369 328 λ.

183 348 238 375 Τοῦ
263 347 331 374 Θεοῦ
353 347 441 381 Λόγου
464 345 515 382 τὴν
539 346 579 377 εἰς
603 344 764 380 ἀνθρώπους
787 343 936 380 ἐπιδημίαν

148 394 245 425 εἰπὼν,
258 392 415 422 ἀκολούθως
427 392 462 418 τὰ
477 391 594 426 περὶτοῦ
607 390 786 425 εὐαγγελικοῦ
803 391 935 416 συνάπτει

147 439 335 476 κηρύγματος.
356 437 386 464 Ὀ
399 437 427 464 δὲ
443 437 592 472 Σύμμαχος
606 437 694 468 οὕτως
703 436 829 469 ἐξέδωκε·
843 436 875 462 Τί
887 437 936 462 εὑ-

147 483 271 518 πρεπεῖς
296 482 343 509 ἐπὶ
367 481 426 508 τῶν
452 481 543 516 ὀρέων
561 481 652 514 πόδες
674 479 937 515 εὐαγγελιζομένου

147 529 245 562 ἀκοὴν
251 528 410 560 ποιοῦντος
419 526 553 560 εἰρήνην,
562 524 827 561 εὐαγγελιζομένου
841 524 937 558 ἀγαθὰ

148 574 306 607 ἀκουστὴν
319 573 482 605 ποιοῦν-τος
499 572 660 606 σωτηρίαν,
677 571 695 598 ἃ
709 571 741 606 δὴ
758 571 937 606 μεταφράσας

148 623 178 649 ἐν
188 623 221 656 τῇ
242 621 309 656 πρὸς
327 620 478 655 Ῥωμαίους
494 620 507 646 ὁ
525 619 630 650 Παῦλός
643 627 735 654 φησιν·
752 627 761 644 ‹
781 618 825 649 Ὠς
842 617 936 653 ὡραῖοι

148 668 173 693 οἱ
188 666 269 697 πόδες
291 665 345 692 τῶν
363 664 618 699 εὐαγγελιζομένων
639 663 740 698 ἀγαθὰ,
761 662 937 697 εὐαγγελιζο-

151 712 239 747 μένων
251 712 372 746 εἰρήνην.
384 720 393 736 ι
413 711 487 736 Ἀντί.
497 710 524 736 δὲ
543 709 588 735 τοῦ
600 710 762 743 σωτηρίαν,
774 710 791 744 ὴ
805 707 938 744 Ἐϐραῖκὴ

148 758 222 790 λέξις
239 757 362 789 Ἰησοῦν
378 756 511 791 περιέχει.
528 755 584 782 Καὶ
602 756 677 790 εἰμὴ
691 755 741 790 τὴν
763 755 835 788 λέξιν
851 754 937 790 ὲρμή-

149 812 258 835 νευσαν,
271 803 347 829 οὐδὲν
365 802 398 828 ἂν
415 801 552 828 ἐκώλυσεν
568 802 681 834 αὐτους
701 801 796 828 εἰπεῖν
815 800 937 828 ἀκουτί-

149 849 252 882 {ortog-
270 848 398 882 Ἰησοῦν.
419 847 490 874 Ἀνο“
503 845 534 874 οὗ
548 846 624 873 εἶπεν
643 847 759 878 ’Λκύλας
778 846 826 873 καὶ
842 846 937 872 Θεοδο-

149 894 215 921 τίων
238 893 450 926 ἀκουτίζοντος
476 893 639 926 σωτηρίαν.
670 892 744 918 Ἀντὶ
767 891 796 917 δὲ
817 891 876 923 τοῦ,
900 891 939 923 ὡς
954 884 975 911 Β

149 939 224 973 ὥρα·
253 940 267 966 ὁ
279 939 328 974 μὲν
342 937 429 971 εἷπεν,
446 938 475 964 τί
482 938 686 972 ὼραιώθησαν.
697 938 725 964 Ὀ
740 938 768 964 δὲ
780 937 938 970 Θεοδοτίων,

149 985 318 1019 εὐπρεπεῖς.
333 985 385 1011 Τὸν
397 985 497 1020 δρόμον
509 985 537 1010 δὲ
548 985 594 1010 τὸν
607 983 743 1019 πανταχοῦ
759 984 811 1018 γῆς
824 983 877 1010 τῶν
891 983 939 1009 τοῦ

149 1030 316 1065 Εύαγγελίου
333 1029 461 1064 κηρύκων
472 1030 486 1055 ὁ
501 1029 579 1063 λόγος
595 1029 740 1062 θαυμάζει,
756 1026 793 1056 ὧν
806 1030 833 1056 oI
847 1028 939 1061 πόδες

149 1077 259 1111 ὡραῖοι,
278 1075 322 1102 διὰ
336 1076 366 1102 τὸ
383 1075 514 1111 καθαρὸν,
531 1075 568 1107 ὡς
588 1076 620 1102 ἂν
635 1075 682 1102 τοῦ
698 1076 824 1110 Σωτῆρος
841 1075 940 1107 αὐτοὺς

149 1121 347 1156 ἀνπονίψαντος
360 1121 435 1148 πι.Τὺ
447 1121 549 1156 ὑψηλὸν
559 1121 586 1147 δὲ
601 1121 690 1148 αὐτῶν
702 1121 749 1147 τοῦ
762 1121 939 1156 κηρύγματος

149 1167 179 1194 τὸ
195 1166 242 1193 ἐπὶ
255 1165 315 1193 τῶν
326 1165 418 1200 ὁρέων
430 1165 515 1200 δηλοῖ.
533 1166 588 1200 Τὴν
604 1166 672 1201 πρὸς
688 1165 754 1192 Θεὸν
771 1166 798 1192 δὲ
811 1167 867 1196 τοῖς
888 1174 940 1200 μα-

150 1213 220 1249 κρὰν
237 1212 284 1239 καὶ
312 1213 368 1244 τοῖς
389 1212 474 1246 ἐγγὺς
490 1211 615 1246 εἰρήνην
630 1211 869 1246 εὐηγγελίζοντο,
891 1211 940 1246 δη-

150 1259 259 1290 λοῦντες
268 1259 315 1285 τὸν
326 1259 445 1294 Χριστὸν
457 1258 503 1284 τὸν
518 1259 669 1292 ποιήσαντα
683 1259 825 1294 ἀμφότερα
837 1258 876 1289 ἓν,
893 1259 940 1284 καὶ

150 1305 181 1332 τὸ
199 1304 358 1340 μεσότοιχον
374 1304 422 1330 τοῦ
437 1304 567 1339 φραγμοῦ
582 1303 713 1334 λύσαντα.
729 1304 778 1338 τὴν
795 1304 895 1339 ἔχθραν
911 1304 941 1330 ὲν

150 1352 184 1385 τῇ
203 1351 285 1385 σαρκὶ
299 1349 393 1376 αὐτοῦ.
410 1349 456 1381 Διὸ
475 1351 537 1381 ταῖς
547 1349 724 1384 Ἐκκλησίαις
745 1350 909 1376 ἐπιστέλλων
926 1350 940 1377 ὁ

152 1395 269 1427 Παῦλος,
289 1394 367 1430 χάρις
380 1395 444 1429 ὑμῖν
460 1395 507 1421 καὶ
523 1395 619 1430 εἰρήνη
641 1395 752 1430 γράφει.
774 1397 939 1431 anm-8.2!-

151 1441 235 1471 ζοντο
258 1440 286 1467 δὲ
310 1441 410 1467 καὶτὰ
424 1440 509 1473 ὅντως
535 1441 719 1476 ἀγαθὰ,τοὺς
748 1443 941 1478 μακαρισμοῦς

151 1487 394 1521 καταγγέλλοντες.
418 1487 531 1521 Ἔλεγεν
541 1487 569 1513 δὲ
589 1487 620 1514 τὺ
642 1487 775 1523 κήρυγμα
790 1487 827 1522 τῇ
852 1488 938 1520 Σιὼν,

151 1532 252 1567 δηλαδὴ
264 1531 304 1567 τῷ
325 1531 447 1559 θεοσεϐεῖ
463 1532 651 1568 πολιτεύματι,
674 1533 713 1568 τῷ
739 1542 769 1559 τε
794 1534 848 1560 τῶν
871 1534 938 1561 ἀπο·
954 1551 976 1581 C

138 1578 254 1605 Δστόλων
269 1578 352 1614 χορῷ,
378 1579 562 1611 βασιλεύσει
589 1587 648 1607 σου
670 1581 686 1606 ὁ
712 1580 794 1613 Θεός.
819 1581 865 1607 Διὸ
891 1580 941 1616 τὴν

149 1624 317 1657 ,Βασιλείαν
338 1624 393 1652 τῶν
417 1625 540 1661 οὐρανῶν
556 1626 640 1653 πᾶσιν
663 1625 819 1661 ἀνθρώποις
840 1627 942 1662 κατήγ-

153 1670 257 1704 γελλον.

190 1803 268 1830 Κατὰ
282 1803 311 1830 δὲ
328 1803 378 1839 τὴν
392 1803 500 1831 ἔκδοσιν
524 1804 579 1831 τῶν
604 1804 818 1839 Ἐϐδομήκοντα,
843 1804 884 1837 τὸ,
903 1804 943 1836 ὡς

153 1848 214 1883 ὥρα
224 1849 275 1876 ἐπὶ
290 1848 349 1876 τῶν
361 1849 462 1884 ὀρέων,
478 1851 624 1878 ἀποδοτέον
646 1852 702 1883 τοῖς
719 1851 773 1886 πρὸ
788 1850 881 1882 αὐτοῦ,
899 1851 944 1877 ἴνα

153 1895 185 1932 ᾖ·
197 1896 283 1928 Αὐτὸς
297 1896 311 1923 ὁ
322 1897 410 1923 λαλῶν
426 1897 552 1932 πάρειμι,
567 1898 607 1931 ὡς
626 1898 686 1932 ὥρα
701 1898 751 1924 ἐπὶ
765 1897 826 1925 τῶν
840 1898 942 1931 ὀρέων.

155 1943 246 1976 Ὥραν
256 1942 284 1969 δέ
302 1951 369 1978 φησι
385 1942 415 1970 τὸ
431 1943 492 1979 ἔαρ,
508 1944 537 1970 ἐν
553 1940 575 1978 ᾦ
592 1944 660 1979 ἄνθη
678 1953 708 1970 τε
726 1944 775 1971 νέα
786 1964 794 1976 ,
812 1944 858 1971 καὶ
876 1952 944 1979 καρ-

154 1989 213 2015 πῶν
239 1989 329 2023 γοναί.
352 1990 397 2016 Διὸ
413 1990 459 2016 καὶ
484 1991 497 2017 ὁ
523 1990 650 2026 Νυμφιος
671 1990 740 2026 πρὸς
756 1991 805 2025 τὴν
824 1990 944 2026 Νύμφην

153 2035 253 2069 φησίν·
269 2035 418 2068 «Ἃνάστα,
433 2036 506 2069 ἐλθὲ,
534 2037 550 2072 ἡ
568 2037 684 2072 πλησίον
709 2046 771 2072 μου,
797 2037 864 2072 καλή
893 2045 943 2072 μου

153 2081 315 2116 περιστερὰ,
339 2082 380 2108 ὅτι
406 2082 461 2109 ἰδοὺ
486 2083 499 2109 ὁ
517 2082 623 2118 χειμὼν
648 2083 804 2119 παρῆλθεν·
825 2084 840 2110 ὁ
865 2083 942 2115 ὑετὸς

153 2127 307 2162 παρῆλθεν·
320 2128 565 2164 ὲπορεύθηζὲαυτῷ.
580 2129 621 2157 Τὰ
635 2129 703 2165 ἄνθη
716 2129 794 2165 ῶφοη
811 2131 839 2157 ἐν
846 2131 879 2166 τῇ
895 2131 940 2166 γῇ,

155 2173 247 2208 καιρὸς
265 2173 316 2208 τῆς
329 2173 416 2208 τομῆς
431 2173 558 2209 ἔφθασεν.
575 2184 584 2200 ›
604 2175 658 2202 Καὶ
678 2176 753 2211 ἡμᾶς
768 2175 822 2211 γὰρ
837 2177 853 2203 d
871 2175 942 2210 δρά-

987 250 1052 278 Sion
1059 270 1067 283 ,
1089 254 1144 278 etc.

1022 344 1104 380 590
1119 344 1268 379 Postquam
1281 343 1315 371 de
1329 343 1409 370 Verbi
1427 342 1472 370 Dei
1489 342 1521 370 ad
1540 342 1666 371 homines
1682 350 1778 370 acces-

987 397 1018 418 su
1028 390 1172 423 disseruit,
1184 389 1342 423 ordinejam
1353 388 1386 416 de
1402 388 1543 423 Evangelii
1560 388 1700 422 prteconio
1716 396 1777 416 ser-

987 443 1095 462 monem
1116 434 1220 469 adjicit.
1232 435 1278 461 Sic
1290 438 1380 461 autem
1394 433 1478 461 vertit
1489 433 1672 468 Symmachus
1686 442 1692 460 :
1708 433 1777 466 Quid

987 482 1122 517 pulcltriin
1130 481 1260 508 montibus
1269 481 1344 514 pedes
1353 480 1409 514 ejus
1416 480 1461 515 qui
1469 479 1632 515 ovangelizat
1643 479 1776 512 auditum,

987 528 1031 563 qui
1044 528 1106 562 facit
1119 534 1225 561 pacem;
1237 527 1281 561 qui
1293 527 1432 553 annuntiat
1446 525 1533 557 bona;
1544 525 1589 560 qui
1600 524 1722 552 auditam
1735 526 1779 560 [a-

988 574 1023 600 tit
1036 572 1147 600 salutent
1157 573 1169 600 Ζ)
1181 571 1246 605 Quae
1256 577 1330 599 certe
1339 571 1462 606 Epistula
1475 571 1507 597 ad
1519 570 1660 598 Romanos
1677 570 1779 598 Paulus

988 619 1182 653 interpretatus
1195 618 1233 644 ait
1246 626 1254 644 :
1268 627 1276 643 ι
1291 617 1377 650 Quam
1394 615 1511 651 speciosi
1524 620 1589 643 sunt
1602 616 1683 650 pedes
1694 624 1778 643 evan-

989 664 1163 700 gelizantium
1186 663 1266 696 bona,
1275 662 1519 698 evangelizantinm
1544 669 1638 696 parem
1657 661 1690 691 δ’,
1706 673 1714 688 ι
1726 662 1779 689 Sed

988 709 1172 744 provocabulo
1183 709 1306 740 salutent,
1317 708 1409 735 Jesum
1431 708 1512 735 habet
1534 708 1666 735 llebraica
1679 708 1777 736 lectio:

989 764 1076 791 neque
1088 763 1134 783 eos
1148 755 1307 790 quidquam.
1320 754 1373 781 nisi
1387 754 1441 780 vim
1462 753 1582 781 nominis
1593 754 1778 789 explicarent.

988 803 1055 836 ejus,
1068 802 1112 836 qui
1126 801 1218 828 Jesum
1234 800 1325 828 audiri
1335 800 1401 835 facit
1416 800 1509 827 dicere
1532 799 1716 834 prohibebat,
1731 808 1780 835 pro

989 856 1053 883 quo,
1069 848 1138 882 ejus,
1154 847 1198 882 qui
1212 847 1325 873 salutent
1338 846 1429 873 audiri
1446 846 1646 881 facil,Aquilas
1663 851 1689 874 et
1701 846 1781 882 Sym-

992 894 1106 921 machus
1125 893 1353 927 interpretantur.
1370 892 1470 920 Verum
1488 899 1543 926 quo
1558 892 1618 919 loco
1633 892 1701 918 sicut
1715 893 1782 919 liora

991 939 1135 971 habemus,
1145 939 1191 966 ille
1199 939 1320 974 quidem,
1332 938 1395 972 quid
1404 937 1507 972 pulchri
1519 937 1584 971 facti
1596 942 1656 963 sunt
1668 939 1680 965 ξ)
1690 937 1781 965 Theo-

990 984 1065 1011 dotio
1086 987 1177 1011 autem
1212 984 1323 1016 venusti,
1346 982 1538 1009 reddiderunt.
1552 981 1668 1008 Miratur
1683 982 1782 1010 deinde

991 1031 1018 1057 in
1035 1037 1216 1065 quascunque
1228 1033 1321 1056 terras
1334 1027 1477 1063 Evangelii
1493 1036 1634 1063 praecones
1652 1028 1780 1063 abierint,

990 1076 1091 1104 ibidem
1105 1076 1213 1103 auditos
1226 1083 1288 1102 esse
1306 1084 1312 1102 :
1326 1075 1480 1110 horumque
1493 1075 1570 1109 pedes
1586 1073 1647 1101 ideo
1656 1075 1781 1108 pulchros

991 1123 1146 1158 appellavit,
1166 1127 1195 1149 ut
1215 1130 1286 1157 quos
1298 1121 1426 1148 Salvator
1436 1121 1581 1152 abluisset,
1594 1121 1713 1147 mundus
1721 1129 1782 1148 esse

991 1169 1159 1204 signiﬁcaret
1171 1169 1193 1184 ⁸³
1211 1177 1217 1195 :
1232 1176 1286 1195 non
1300 1168 1380 1194 aliter
1394 1174 1476 1202 quam
1496 1174 1543 1201 per
1559 1171 1672 1198 montes,
1693 1167 1781 1202 ipsum

992 1214 1196 1249 pra'dicaliouis
1216 1213 1427 1241 sublimitatem.
1445 1212 1539 1239 Pacem
1554 1220 1620 1239 vero
1643 1220 1705 1239 cum
1726 1212 1782 1240 Deo

991 1267 1046 1287 n0n
1070 1259 1169 1287 vicinis
1189 1263 1316 1290 tantum.
1345 1258 1392 1286 sed
1412 1258 1526 1285 remotis
1547 1258 1629 1284 etiam
1654 1257 1782 1293 gentibus

991 1305 1271 1341 euangelizabant,qui
1282 1304 1423 1332 Christum
1451 1304 1587 1331 docebant
1600 1313 1607 1338 ;
1619 1313 1632 1330 a
1647 1312 1713 1339 quo,
1723 1313 1782 1332 ma-

991 1354 1072 1380 ceria:
1096 1353 1257 1384 interstitio,
1281 1351 1399 1386 odioque
1420 1351 1480 1385 ipso
1501 1359 1550 1386 per
1568 1358 1679 1378 carnem
1703 1359 1781 1379 suam

991 1399 1118 1431 sublatis,
1137 1402 1252 1432 utraque
1268 1405 1352 1424 unum
1369 1396 1465 1425 eil'ecta
1485 1401 1566 1430 sunt;
1578 1397 1651 1425 unde
1665 1396 1780 1424 Paulum

992 1445 1094 1480 ipsum,
1110 1451 1171 1471 cum
1192 1443 1224 1470 ad
1247 1443 1385 1470 Ecclesias
1413 1442 1521 1475 scribit,
1546 1442 1663 1476 gratiam
1687 1442 1742 1470 illis
1753 1446 1782 1469 ct

992 1499 1086 1527 pacem
1101 1490 1207 1526 precari
1217 1489 1342 1517 videmus
1355 1489 1389 1516 “.
1401 1488 1626 1524 Evangeliaabant
1642 1489 1705 1516 item
1714 1489 1783 1516 bona

993 1544 1087 1564 revera
1099 1556 1106 1568 ,
1116 1543 1178 1563 cum
1198 1535 1384 1562 beatitudincs
1396 1535 1607 1562 denuntiabant.
1620 1534 1698 1570 591
1718 1534 1784 1562 Erat

994 1588 1060 1607 vero
1087 1587 1182 1607 eorum
1210 1579 1243 1606 ad
1265 1579 1384 1611 Sinnem,
1412 1579 1493 1607 idest
1514 1580 1548 1606 ad
1565 1587 1625 1612 eos,
1643 1580 1690 1614 qui
1708 1580 1783 1614 pium

994 1625 1056 1652 vita:
1072 1625 1228 1652 institutum
1244 1624 1362 1659 amplexi
1379 1628 1469 1657 erant,
1489 1628 1517 1652 et
1535 1624 1569 1651 ad
1591 1625 1680 1660 ipsum
1702 1625 1782 1653 etiam

994 1671 1181 1706 apostolorum
1206 1670 1334 1701 chorum,
1350 1670 1378 1696 in
1410 1671 1466 1697 haec
1496 1670 1579 1698 verba
1606 1671 1783 1706 praedicatio.

994 1715 1124 1750 Regnabit
1144 1714 1215 1742 Deus
1240 1720 1311 1741 tuus.
1329 1714 1407 1742 Unde
1432 1719 1460 1742 et
1485 1714 1535 1749 ipsi
1566 1722 1675 1750 regnant
1700 1716 1785 1744 celo-

994 1768 1055 1788 rum
1071 1761 1180 1788 cunctis
1196 1760 1361 1787 mortalibus
1374 1760 1589 1788 annuntiabant.

1030 1806 1110 1840 Quod
1120 1807 1141 1834 si
1155 1806 1187 1833 ad
1201 1807 1381 1841 Septuaginta
1393 1807 1526 1840 attendis,
1538 1807 1622 1834 verba
1635 1807 1699 1840 ista,
1716 1808 1785 1835 sicut

994 1853 1061 1880 liora
1072 1853 1099 1879 in
1113 1852 1257 1886 montibus,
1273 1852 1307 1880 ad
1327 1860 1386 1886 eos,
1406 1853 1452 1887 qui
1467 1852 1557 1887 ipsum
1571 1859 1785 1888 prazcesserunt,

994 1900 1032 1926 ita
1051 1898 1194 1927 referenda
1208 1903 1282 1931 sunt,
1294 1903 1374 1932 utse,
1388 1899 1436 1934 qui
1450 1899 1726 1935 loqltatur,tauquam
1738 1900 1786 1928 Ito-

995 1953 1055 1972 ram
1088 1945 1115 1972 in
1147 1945 1281 1972 montibus
1307 1944 1421 1978 adesse,
1443 1945 1559 1980 ipsoque
1582 1945 1654 1974 liora:
1675 1947 1786 1976 nomine

994 1996 1238 2027 verumtempus,a
1250 1999 1305 2027 quo
1314 1991 1411 2019 ﬂorum
1425 1991 1622 2026 fructuumque
1635 2001 1732 2021 recens
1742 1994 1785 2021 iu-

995 2037 1063 2072 cipit
1079 2037 1174 2068 editio.
1191 2037 1384 2065 demonstrare
1393 2038 1543 2073 signiticet.
1560 2038 1628 2065 Hinc
1639 2039 1685 2066 Illa
1700 2039 1784 2067 etiam

995 2081 1095 2117 Sponsi
1113 2082 1146 2108 ad
1164 2081 1300 2117 Sponsam
1316 2082 1399 2108 verba
1414 2090 1421 2109 ι
1435 2090 1444 2107 ι
1462 2082 1562 2117 Surge,
1581 2083 1642 2110 veni
1664 2091 1725 2117 quae
1742 2091 1785 2110 me

994 2134 1079 2162 prope
1096 2134 1135 2160 es,
1154 2127 1271 2162 pulchra
1286 2131 1377 2154 turtur
1395 2134 1467 2159 mea,
1479 2127 1610 2162 quoniam
1623 2135 1688 2155 ecce.
1698 2128 1785 2155 hiems

994 2173 1117 2205 transiit,
1135 2172 1223 2200 imber
1231 2173 1336 2200 abiitet
1352 2173 1466 2201 recessit
1479 2173 1544 2206 sibi,
1558 2173 1639 2202 ﬂores
1654 2182 1780 2209 apparue

152 2227 214 2244 κων
225 2219 440 2254 καταχειμάσας,
455 2220 597 2255 ἀκάρπους
608 2221 757 2257 ἀπέφηνεν,
773 2221 811 2253 ὡς
825 2221 862 2257 μὴ
873 2220 942 2248 εἶναι

996 2221 1061 2246 runt
1081 2218 1110 2246 in
1127 2223 1221 2251 terra;
1238 2223 1348 2253 tempus
1371 2219 1522 2254 putationis
1545 2220 1656 2247 advenit
1671 2220 1705 2248 ⁸⁸.
1721 2231 1730 2247 ι
1756 2221 1783 2249 In

153 2263 282 2291 ποιοῦντα
301 2265 486 2301 χρηστότητα.
506 2266 577 2292 Ἀλλ’
599 2267 767 2302 ἀνεθάλομεν
786 2268 815 2294 ὲν
833 2267 944 2304 Χριστῷ

153 2311 342 2346 πνευματικῆς
360 2312 514 2348 εὐκαρπίας
537 2314 678 2350 γενόμενοι
694 2315 819 2350 πλήρεις,
839 2314 877 2346 ὡς
897 2313 961 2342 καΥ

151 2355 282 2383 δύνασθαι
310 2357 418 2392 λέγειν·
447 2369 457 2385 (
476 2360 631 2396 Καταϐήτω
649 2362 662 2388 ό
681 2360 796 2396 ἀδελφός
823 2369 874 2396 μου
904 2361 945 2393 είς

152 2403 241 2438 κῆπον
252 2403 348 2436 αὐτοῦ,
360 2405 407 2431 καὶ
420 2406 531 2440 φαγέτω
539 2407 644 2442 καρπὸν
656 2407 815 2443 ἀκροδρύων
826 2407 918 2434 αὑτοῦ.
930 2416 940 2433 ι

151 2447 265 2482 Γέγονε
278 2448 307 2475 δὲ
320 2449 372 2477 καὶ
386 2450 426 2484 ὡς
445 2451 539 2485 πόδες
563 2452 829 2487 εὐαγγελιζομένου
845 2452 944 2486 ἀκοὴν·

151 2493 284 2527 εζρήνης,
304 2495 375 2522 κατά
390 2496 440 2532 τὴν
453 2497 686 2532 προαποδοθεῖσαν
702 2498 845 2533 ἐξήγησιν.
860 2497 941 2529 Τινὲς

151 2539 180 2565 δὲ
192 2539 224 2565 τὸ
237 2539 326 2575 παρὸν
342 2541 425 2576 ῥητὸν
440 2541 526 2574 οὕτως
553 2543 727 2578 ἑρμήνευσαν
745 2543 883 2577 λέγοντες,
903 2543 941 2574 ὡς

151 2584 203 2620 τὴν
217 2585 363 2621 ἐπίσκεψιν
380 2586 427 2613 τοῦ
443 2587 508 2614 λαοῦ
525 2588 575 2624 τὴν
589 2589 617 2615 ὲν
633 2589 689 2620 τοῖς
710 2588 778 2624 μετά
794 2588 881 2615 ταῦτα
897 2596 942 2622 γε-

151 2630 268 2666 νομένην
283 2631 370 2667 δηλοῖ,
395 2633 456 2668 ἥτις
476 2634 524 2661 καὶ
551 2635 687 2670 παρουσία
710 2635 824 2666 δικαίως
841 2634 874 2661 ἂν
897 2633 942 2660 λέ-

151 2684 226 2711 γοιτο
237 2685 244 2693 ·
260 2677 291 2704 οὺ
308 2677 359 2712 τῆς
374 2680 469 2711 οὐσίας
483 2679 565 2707 αὑτοῦ
585 2681 668 2708 τόπον
681 2682 714 2708 ἐκ
729 2680 812 2708 τόπου
830 2680 941 2716 μετιού-

187 2733 305 2774 "‘Rom.
327 2744 355 2770 x,
373 2736 418 2765 15.
455 2737 479 2755 ⁸³
494 2737 704 2774 Joan.xm,t0.
744 2739 766 2756 ιδ
788 2739 798 2766 Ι
820 2738 886 2766 Cor.
914 2745 940 2771 ι,
960 2737 989 2764 5.

150 2774 190 2801 νι,
206 2769 233 2797 1.

994 2272 1046 2292 nos
1060 2265 1133 2292 enim
1150 2271 1212 2291 cum
1227 2264 1309 2291 draco
1329 2265 1397 2300 ipse,
1417 2269 1548 2300 tanquam
1571 2266 1659 2294 hiems
1674 2274 1782 2303 aspera,

995 2313 1165 2345 desmvisset,
1188 2313 1225 2339 ita
1246 2312 1353 2341 steriles
1371 2312 1473 2345 elIecit,
1489 2317 1518 2340 ut
1533 2313 1580 2348 qui
1599 2313 1666 2340 bene
1679 2319 1783 2349 ageret.

995 2358 1090 2386 nullus
1106 2363 1232 2393 repertus
1247 2358 1283 2386 sit
1302 2358 1335 2386 ⁵⁸.
1354 2358 1407 2385 Sed
1422 2359 1459 2385 ita
1476 2358 1527 2394 ipsi
1541 2359 1567 2385 in
1580 2358 1691 2386 Christo
1706 2360 1785 2388 reﬂo—

993 2405 1110 2437 ruimus,
1128 2408 1158 2431 ut
1179 2404 1315 2440 spirituali
1340 2403 1482 2431 fructuum
1512 2405 1641 2432 ubertate
1666 2405 1759 2434 referti
1775 2427 1784 2439 ,

998 2458 1007 2475 ι
1023 2449 1174 2477 Descendat
1185 2449 1269 2477 frater
1278 2456 1355 2477 meus
1369 2449 1396 2476 in
1409 2449 1518 2477 hortum
1528 2450 1598 2483 eius.
1614 2454 1642 2478 et
1657 2452 1787 2480 comedat

994 2492 1115 2519 fructum
1139 2493 1269 2520 arborum
1297 2493 1385 2528 ipsius
1407 2494 1442 2526 ",
1473 2502 1483 2519 ι
1511 2493 1605 2522 dicere
1631 2495 1783 2525 valeamus.

996 2538 1061 2566 Fuit
1074 2545 1140 2566 vero
1154 2539 1237 2566 etiam
1253 2543 1380 2574 tanquant
1391 2538 1468 2573 pedes
1482 2539 1724 2574 euangelizantium
1733 2550 1785 2568 au-

995 2587 1081 2614 ditum
1098 2586 1183 2621 pacis.
1199 2584 1223 2613 si
1240 2592 1300 2620 quas
1320 2585 1398 2620 prius
1406 2585 1489 2613 allata
1505 2591 1557 2618 est,
1571 2587 1784 2622 explicationem

994 2631 1139 2659 intuearis.
1155 2629 1214 2657 Non
1230 2629 1330 2657 desunt
1345 2637 1428 2665 porro
1441 2630 1487 2665 qui
1504 2631 1587 2658 verba
1601 2632 1654 2659 ista
1677 2632 1718 2660 sic
1741 2634 1786 2659 in—

995 2680 1193 2712 terpretentur,
1216 2678 1247 2703 ut
1270 2683 1330 2703 eam
1364 2675 1457 2712 populi
1484 2675 1702 2712 inspectionem,
1723 2685 1786 2713 qua:

1034 2734 1058 2750 ⁸⁵
1073 2733 1155 2762 Cant.
1181 2741 1213 2768 ιι,
1235 2732 1325 2761 10-12.
1381 2733 1405 2750 ⁸⁵
1421 2732 1495 2762 Psal.
1512 2741 1573 2768 xm.
1586 2734 1614 2777 5.
1662 2735 1685 2752 "
1703 2736 1784 2765 Cant.

796 2814 914 2843 VARI/Ii
934 2806 1140 2844 LECTIONES.

185 2864 206 2880 ω
222 2869 268 2895 γρ.
287 2860 380 2889 ἀπονί.
