  <div class='ocr_page' id='page_1' title='image "/cluster/home/n/w/nwhite01/storage/ocr_20150623/87, pt.2/njp.32101010943809/523.png"; bbox 0 0 1999 3076; ppageno 0'>
   <div class='ocr_carea' id='block_1_1' title="bbox 196 167 263 201">
    <p class='ocr_par' dir='ltr' id='par_1_1' title="bbox 196 167 263 201">
     <span class='ocr_line' id='line_1_1' title="bbox 196 167 263 201; baseline -0.015 0"><span class='ocrx_word' id='word_1_1' title='bbox 196 167 263 201; x_wconf 67' lang='lat' dir='ltr'><strong>95H</strong></span> 
     </span>
    </p>
   </div>
   <div class='ocr_carea' id='block_1_2' title="bbox 866 167 1182 199">
    <p class='ocr_par' dir='ltr' id='par_1_2' title="bbox 866 167 1182 199">
     <span class='ocr_line' id='line_1_2' title="bbox 866 167 1182 199; baseline 0 0"><span class='ocrx_word' id='word_1_2' title='bbox 866 167 1043 199; x_wconf 76' lang='lat' dir='ltr'><strong>PROCOPII</strong></span> <span class='ocrx_word' id='word_1_3' title='bbox 1060 168 1182 199; x_wconf 63' lang='lat' dir='ltr'><strong>GAZIEI</strong></span> 
     </span>
    </p>
   </div>
   <div class='ocr_carea' id='block_1_3' title="bbox 1761 165 1832 198">
    <p class='ocr_par' dir='ltr' id='par_1_3' title="bbox 1761 165 1832 198">
     <span class='ocr_line' id='line_1_3' title="bbox 1761 165 1832 198; baseline 0 -1"><span class='ocrx_word' id='word_1_4' title='bbox 1761 165 1832 198; x_wconf 74' lang='lat'><strong>2512</strong></span> 
     </span>
    </p>
   </div>
   <div class='ocr_carea' id='block_1_4' title="bbox 197 223 992 264">
    <p class='ocr_par' dir='ltr' id='par_1_4' title="bbox 197 226 988 264">
     <span class='ocr_line' id='line_1_4' title="bbox 197 226 988 264; baseline 0.001 -12"><span class='ocrx_word' id='word_1_5' title='bbox 197 233 293 264; x_wconf 67' lang='lat' dir='ltr'><strong>postea</strong></span> <span class='ocrx_word' id='word_1_6' title='bbox 311 227 437 262; x_wconf 79' lang='lat' dir='ltr'><strong>conligit,</strong></span> <span class='ocrx_word' id='word_1_7' title='bbox 451 231 477 254; x_wconf 85' lang='lat' dir='ltr'><strong>et</strong></span> <span class='ocrx_word' id='word_1_8' title='bbox 493 227 592 255; x_wconf 89' lang='lat' dir='ltr'><strong>merito</strong></span> <span class='ocrx_word' id='word_1_9' title='bbox 609 227 692 255; x_wconf 81' lang='lat' dir='ltr'><strong>etiam</strong></span> <span class='ocrx_word' id='word_1_10' title='bbox 714 234 845 255; x_wconf 77' lang='lat' dir='ltr'><strong>accessus</strong></span> <span class='ocrx_word' id='word_1_11' title='bbox 858 226 988 259; x_wconf 80' lang='lat' dir='ltr'><strong>dicatur;</strong></span> 
     </span>
    </p>
   </div>
   <div class='ocr_carea' id='block_1_5' title="bbox 1047 223 1834 264">
    <p class='ocr_par' dir='ltr' id='par_1_5' title="bbox 1047 223 1834 260">
     <span class='ocr_line' id='line_1_5' title="bbox 1047 223 1834 260; baseline -0.003 -9"><span class='ocrx_word' id='word_1_12' title='bbox 1047 233 1102 259; x_wconf 71' lang='grc' dir='ltr'>της,</span> <span class='ocrx_word' id='word_1_13' title='bbox 1116 225 1185 252; x_wconf 81' lang='grc' dir='ltr'>ἀλλὰ</span> <span class='ocrx_word' id='word_1_14' title='bbox 1198 224 1248 260; x_wconf 84' lang='grc' dir='ltr'>τῆς</span> <span class='ocrx_word' id='word_1_15' title='bbox 1273 224 1415 260; x_wconf 75' lang='grc' dir='ltr'><strong>ἐνεργείας</strong></span> <span class='ocrx_word' id='word_1_16' title='bbox 1439 223 1591 260; x_wconf 85' lang='grc' dir='ltr'>καταδήλου</span> <span class='ocrx_word' id='word_1_17' title='bbox 1607 223 1761 259; x_wconf 78' lang='grc' dir='ltr'>γινομένης.</span> <span class='ocrx_word' id='word_1_18' title='bbox 1788 223 1834 252; x_wconf 77' lang='grc' dir='ltr'><strong>Διὸ</strong></span> 
     </span>
    </p>
   </div>
   <div class='ocr_carea' id='block_1_6' title="bbox 196 272 990 307">
    <p class='ocr_par' dir='ltr' id='par_1_6' title="bbox 196 272 990 307">
     <span class='ocr_line' id='line_1_6' title="bbox 196 272 990 307; baseline -0.003 -8"><span class='ocrx_word' id='word_1_19' title='bbox 196 280 251 300; x_wconf 90' lang='lat' dir='ltr'><strong>non</strong></span> <span class='ocrx_word' id='word_1_20' title='bbox 269 272 342 307; x_wconf 89' lang='lat' dir='ltr'><strong>quod</strong></span> <span class='ocrx_word' id='word_1_21' title='bbox 363 272 422 306; x_wconf 76' lang='lat' dir='ltr'><strong>ejus</strong></span> <span class='ocrx_word' id='word_1_22' title='bbox 437 273 558 300; x_wconf 73' lang='lat' dir='ltr'><strong>essentia</strong></span> <span class='ocrx_word' id='word_1_23' title='bbox 584 281 598 299; x_wconf 71' lang='grc' dir='ltr'>ιι</span> <span class='ocrx_word' id='word_1_24' title='bbox 620 273 680 300; x_wconf 89' lang='lat' dir='ltr'><strong>loco</strong></span> <span class='ocrx_word' id='word_1_25' title='bbox 699 274 726 300; x_wconf 88' lang='lat' dir='ltr'><strong>in</strong></span> <span class='ocrx_word' id='word_1_26' title='bbox 749 273 839 300; x_wconf 86' lang='lat' dir='ltr'><strong>locum</strong></span> <span class='ocrx_word' id='word_1_27' title='bbox 856 275 990 304; x_wconf 87' lang='lat' dir='ltr'><strong>transeat,</strong></span> 
     </span>
    </p>
   </div>
   <div class='ocr_carea' id='block_1_7' title="bbox 197 318 990 354">
    <p class='ocr_par' dir='ltr' id='par_1_7' title="bbox 197 318 990 354">
     <span class='ocr_line' id='line_1_7' title="bbox 197 318 990 354; baseline -0.001 -8"><span class='ocrx_word' id='word_1_28' title='bbox 197 319 244 346; x_wconf 87' lang='lat' dir='ltr'><strong>sed</strong></span> <span class='ocrx_word' id='word_1_29' title='bbox 257 319 329 353; x_wconf 85' lang='lat' dir='ltr'><strong>quod</strong></span> <span class='ocrx_word' id='word_1_30' title='bbox 347 318 473 353; x_wconf 84' lang='lat' dir='ltr'><strong>cjusdem</strong></span> <span class='ocrx_word' id='word_1_31' title='bbox 491 319 565 346; x_wconf 77' lang='lat' dir='ltr'><strong>vires</strong></span> <span class='ocrx_word' id='word_1_32' title='bbox 583 324 676 354; x_wconf 72' lang='lat' dir='ltr'><strong>aperte</strong></span> <span class='ocrx_word' id='word_1_33' title='bbox 696 320 934 349; x_wconf 80' lang='lat' dir='ltr'><strong>tlemonstrcntur.</strong></span> <span class='ocrx_word' id='word_1_34' title='bbox 950 318 990 346; x_wconf 84' lang='lat' dir='ltr'><strong>si-</strong></span> 
     </span>
    </p>
   </div>
   <div class='ocr_carea' id='block_1_8' title="bbox 197 364 992 401">
    <p class='ocr_par' dir='ltr' id='par_1_8' title="bbox 197 364 992 401">
     <span class='ocr_line' id='line_1_8' title="bbox 197 364 992 401; baseline -0.001 -9"><span class='ocrx_word' id='word_1_35' title='bbox 197 366 322 401; x_wconf 76' lang='lat' dir='ltr'><strong>gnificari</strong></span> <span class='ocrx_word' id='word_1_36' title='bbox 332 365 417 393; x_wconf 83' lang='lat' dir='ltr'><strong>velint</strong></span> <span class='ocrx_word' id='word_1_37' title='bbox 430 374 437 392; x_wconf 84' lang='lat'><strong>:</strong></span> <span class='ocrx_word' id='word_1_38' title='bbox 452 365 545 400; x_wconf 89' lang='lat' dir='ltr'><strong>itaque</strong></span> <span class='ocrx_word' id='word_1_39' title='bbox 559 366 682 401; x_wconf 68' lang='lat' dir='ltr'><strong>purgatis</strong></span> <span class='ocrx_word' id='word_1_40' title='bbox 694 366 804 400; x_wconf 89' lang='lat' dir='ltr'><strong>quidem</strong></span> <span class='ocrx_word' id='word_1_41' title='bbox 821 366 901 393; x_wconf 84' lang='lat' dir='ltr'><strong>nobis</strong></span> <span class='ocrx_word' id='word_1_42' title='bbox 912 364 992 392; x_wconf 83' lang='lat' dir='ltr'><strong>ades-</strong></span> 
     </span>
    </p>
   </div>
   <div class='ocr_carea' id='block_1_9' title="bbox 197 411 992 446">
    <p class='ocr_par' dir='ltr' id='par_1_9' title="bbox 197 411 992 446">
     <span class='ocr_line' id='line_1_9' title="bbox 197 411 992 446; baseline 0 -8"><span class='ocrx_word' id='word_1_43' title='bbox 197 419 245 443; x_wconf 88' lang='lat' dir='ltr'><strong>se,</strong></span> <span class='ocrx_word' id='word_1_44' title='bbox 268 411 365 439; x_wconf 86' lang='lat' dir='ltr'><strong>abesse</strong></span> <span class='ocrx_word' id='word_1_45' title='bbox 379 416 472 439; x_wconf 87' lang='lat' dir='ltr'><strong>autem</strong></span> <span class='ocrx_word' id='word_1_46' title='bbox 502 412 606 439; x_wconf 80' lang='lat' dir='ltr'><strong>scelere</strong></span> <span class='ocrx_word' id='word_1_47' title='bbox 619 416 645 439; x_wconf 90' lang='lat' dir='ltr'><strong>et</strong></span> <span class='ocrx_word' id='word_1_48' title='bbox 663 412 731 438; x_wconf 86' lang='lat' dir='ltr'><strong>vitio</strong></span> <span class='ocrx_word' id='word_1_49' title='bbox 759 411 922 446; x_wconf 90' lang='lat' dir='ltr'><strong>inquinatis.</strong></span> <span class='ocrx_word' id='word_1_50' title='bbox 946 411 992 438; x_wconf 84' lang='lat' dir='ltr'><strong>Ait</strong></span> 
     </span>
    </p>
   </div>
   <div class='ocr_carea' id='block_1_10' title="bbox 197 457 991 499">
    <p class='ocr_par' dir='ltr' id='par_1_10' title="bbox 197 457 991 499">
     <span class='ocr_line' id='line_1_10' title="bbox 197 457 991 499; baseline -0.001 -14"><span class='ocrx_word' id='word_1_51' title='bbox 197 459 281 499; x_wconf 64' lang='lat' dir='ltr'><strong>igitur</strong></span> <span class='ocrx_word' id='word_1_52' title='bbox 296 461 352 485; x_wconf 83' lang='lat' dir='ltr'><strong>tam</strong></span> <span class='ocrx_word' id='word_1_53' title='bbox 372 463 495 493; x_wconf 81' lang='lat' dir='ltr'><strong>apertam</strong></span> <span class='ocrx_word' id='word_1_54' title='bbox 520 458 578 485; x_wconf 87' lang='lat' dir='ltr'><strong>fore</strong></span> <span class='ocrx_word' id='word_1_55' title='bbox 594 458 795 490; x_wconf 82' lang='lat' dir='ltr'><strong>defensionem,</strong></span> <span class='ocrx_word' id='word_1_56' title='bbox 817 463 847 485; x_wconf 90' lang='lat' dir='ltr'><strong>ut</strong></span> <span class='ocrx_word' id='word_1_57' title='bbox 866 459 910 485; x_wconf 97' lang='lat' dir='ltr'><strong>vel</strong></span> <span class='ocrx_word' id='word_1_58' title='bbox 937 457 991 492; x_wconf 97' lang='lat' dir='ltr'><strong>ipsi</strong></span> 
     </span>
    </p>
   </div>
   <div class='ocr_carea' id='block_1_11' title="bbox 197 503 991 539">
    <p class='ocr_par' dir='ltr' id='par_1_11' title="bbox 197 503 991 539">
     <span class='ocr_line' id='line_1_11' title="bbox 197 503 991 539; baseline 0.003 -9"><span class='ocrx_word' id='word_1_59' title='bbox 197 503 334 534; x_wconf 81' lang='lat' dir='ltr'><strong>eumdem,</strong></span> <span class='ocrx_word' id='word_1_60' title='bbox 350 503 397 538; x_wconf 87' lang='lat' dir='ltr'><strong>qui</strong></span> <span class='ocrx_word' id='word_1_61' title='bbox 412 511 486 530; x_wconf 89' lang='lat' dir='ltr'><strong>nunc</strong></span> <span class='ocrx_word' id='word_1_62' title='bbox 499 503 589 531; x_wconf 85' lang='lat' dir='ltr'><strong>futura</strong></span> <span class='ocrx_word' id='word_1_63' title='bbox 605 503 781 539; x_wconf 66' lang='lat' dir='ltr'><strong>praenuntiat,</strong></span> <span class='ocrx_word' id='word_1_64' title='bbox 793 508 821 531; x_wconf 91' lang='lat' dir='ltr'><strong>et</strong></span> <span class='ocrx_word' id='word_1_65' title='bbox 836 504 882 539; x_wconf 89' lang='lat' dir='ltr'><strong>qui</strong></span> <span class='ocrx_word' id='word_1_66' title='bbox 896 508 991 539; x_wconf 85' lang='lat' dir='ltr'><strong>postea</strong></span> 
     </span>
    </p>
   </div>
   <div class='ocr_carea' id='block_1_12' title="bbox 198 550 991 586">
    <p class='ocr_par' dir='ltr' id='par_1_12' title="bbox 198 550 991 586">
     <span class='ocr_line' id='line_1_12' title="bbox 198 550 991 586; baseline 0.003 -8"><span class='ocrx_word' id='word_1_67' title='bbox 198 551 358 586; x_wconf 84' lang='lat' dir='ltr'><strong>adimpleat,</strong></span> <span class='ocrx_word' id='word_1_68' title='bbox 374 559 437 579; x_wconf 86' lang='lat' dir='ltr'><strong>esse</strong></span> <span class='ocrx_word' id='word_1_69' title='bbox 450 551 596 578; x_wconf 79' lang='lat' dir='ltr'><strong>fateamur.</strong></span> <span class='ocrx_word' id='word_1_70' title='bbox 609 550 646 578; x_wconf 89' lang='lat' dir='ltr'><strong>Ut</strong></span> <span class='ocrx_word' id='word_1_71' title='bbox 658 551 734 578; x_wconf 90' lang='lat' dir='ltr'><strong>enim</strong></span> <span class='ocrx_word' id='word_1_72' title='bbox 755 559 810 578; x_wconf 90' lang='lat' dir='ltr'><strong>non</strong></span> <span class='ocrx_word' id='word_1_73' title='bbox 829 556 921 586; x_wconf 87' lang='lat' dir='ltr'><strong>potest</strong></span> <span class='ocrx_word' id='word_1_74' title='bbox 936 552 991 580; x_wconf 89' lang='lat' dir='ltr'><strong>diei</strong></span> 
     </span>
    </p>
   </div>
   <div class='ocr_carea' id='block_1_13' title="bbox 197 595 991 631">
    <p class='ocr_par' dir='ltr' id='par_1_13' title="bbox 197 595 991 631">
     <span class='ocr_line' id='line_1_13' title="bbox 197 595 991 631; baseline 0.004 -9"><span class='ocrx_word' id='word_1_75' title='bbox 197 595 335 624; x_wconf 77' lang='lat' dir='ltr'><strong>venientis</strong></span> <span class='ocrx_word' id='word_1_76' title='bbox 349 595 416 623; x_wconf 87' lang='lat' dir='ltr'><strong>hora</strong></span> <span class='ocrx_word' id='word_1_77' title='bbox 439 596 536 628; x_wconf 80' lang='lat' dir='ltr'><strong>latere,</strong></span> <span class='ocrx_word' id='word_1_78' title='bbox 549 603 613 623; x_wconf 88' lang='lat' dir='ltr'><strong>cum</strong></span> <span class='ocrx_word' id='word_1_79' title='bbox 633 601 740 623; x_wconf 89' lang='lat' dir='ltr'><strong>montes</strong></span> <span class='ocrx_word' id='word_1_80' title='bbox 752 596 804 631; x_wconf 87' lang='lat' dir='ltr'><strong>ipsi</strong></span> <span class='ocrx_word' id='word_1_81' title='bbox 821 597 889 625; x_wconf 91' lang='lat' dir='ltr'><strong>solis</strong></span> <span class='ocrx_word' id='word_1_82' title='bbox 902 597 991 625; x_wconf 86' lang='lat' dir='ltr'><strong>radiis</strong></span> 
     </span>
    </p>
   </div>
   <div class='ocr_carea' id='block_1_14' title="bbox 199 641 990 676">
    <p class='ocr_par' dir='ltr' id='par_1_14' title="bbox 199 641 990 676">
     <span class='ocr_line' id='line_1_14' title="bbox 199 641 990 676; baseline 0.004 -9"><span class='ocrx_word' id='word_1_83' title='bbox 199 641 376 668; x_wconf 68' lang='lat' dir='ltr'><strong>illustrantur</strong></span> <span class='ocrx_word' id='word_1_84' title='bbox 397 649 403 667; x_wconf 91' lang='lat'>:</span> <span class='ocrx_word' id='word_1_85' title='bbox 426 641 467 669; x_wconf 90' lang='lat' dir='ltr'><strong>sic</strong></span> <span class='ocrx_word' id='word_1_86' title='bbox 484 641 538 668; x_wconf 88' lang='lat' dir='ltr'><strong>erit</strong></span> <span class='ocrx_word' id='word_1_87' title='bbox 559 641 689 668; x_wconf 90' lang='lat' dir='ltr'><strong>omnibus</strong></span> <span class='ocrx_word' id='word_1_88' title='bbox 706 642 856 676; x_wconf 87' lang='lat' dir='ltr'><strong>conspicua</strong></span> <span class='ocrx_word' id='word_1_89' title='bbox 881 650 940 670; x_wconf 85' lang='lat' dir='ltr'><strong>mea</strong></span> <span class='ocrx_word' id='word_1_90' title='bbox 963 643 990 670; x_wconf 94' lang='lat' dir='ltr'><strong>in</strong></span> 
     </span>
    </p>
   </div>
   <div class='ocr_carea' id='block_1_15' title="bbox 197 686 992 721">
    <p class='ocr_par' dir='ltr' id='par_1_15' title="bbox 197 686 992 721">
     <span class='ocr_line' id='line_1_15' title="bbox 197 686 992 721; baseline 0.003 -8"><span class='ocrx_word' id='word_1_91' title='bbox 197 694 246 714; x_wconf 86' lang='lat' dir='ltr'><strong>vos</strong></span> <span class='ocrx_word' id='word_1_92' title='bbox 258 687 405 721; x_wconf 88' lang='lat' dir='ltr'><strong>propensio</strong></span> <span class='ocrx_word' id='word_1_93' title='bbox 418 695 425 720; x_wconf 92' lang='lat'><strong>;</strong></span> <span class='ocrx_word' id='word_1_94' title='bbox 440 694 529 720; x_wconf 87' lang='lat' dir='ltr'><strong>neque</strong></span> <span class='ocrx_word' id='word_1_95' title='bbox 547 687 654 714; x_wconf 88' lang='lat' dir='ltr'><strong>minore</strong></span> <span class='ocrx_word' id='word_1_96' title='bbox 672 686 768 714; x_wconf 68' lang='lat' dir='ltr'><strong>laetitia</strong></span> <span class='ocrx_word' id='word_1_97' title='bbox 782 692 806 714; x_wconf 83' lang='lat' dir='ltr'><strong>et</strong></span> <span class='ocrx_word' id='word_1_98' title='bbox 817 688 992 716; x_wconf 72' lang='lat' dir='ltr'><strong>exsultatione</strong></span> 
     </span>
    </p>
   </div>
   <div class='ocr_carea' id='block_1_16' title="bbox 197 729 990 765">
    <p class='ocr_par' dir='ltr' id='par_1_16' title="bbox 197 729 990 765">
     <span class='ocr_line' id='line_1_16' title="bbox 197 729 990 765; baseline 0.003 -9"><span class='ocrx_word' id='word_1_99' title='bbox 197 729 393 764; x_wconf 76' lang='lat' dir='ltr'><strong>iinplebimini,</strong></span> <span class='ocrx_word' id='word_1_100' title='bbox 415 737 496 765; x_wconf 86' lang='lat' dir='ltr'><strong>quam</strong></span> <span class='ocrx_word' id='word_1_101' title='bbox 517 730 618 764; x_wconf 82' lang='lat' dir='ltr'><strong>quibus</strong></span> <span class='ocrx_word' id='word_1_102' title='bbox 641 731 714 764; x_wconf 80' lang='lat' dir='ltr'><strong>pacis</strong></span> <span class='ocrx_word' id='word_1_103' title='bbox 732 730 839 757; x_wconf 77' lang='lat' dir='ltr'><strong>dulcem</strong></span> <span class='ocrx_word' id='word_1_104' title='bbox 864 731 990 758; x_wconf 88' lang='lat' dir='ltr'><strong>nuntintn</strong></span> 
     </span>
    </p>
   </div>
   <div class='ocr_carea' id='block_1_17' title="bbox 197 775 992 811">
    <p class='ocr_par' dir='ltr' id='par_1_17' title="bbox 197 775 992 811">
     <span class='ocr_line' id='line_1_17' title="bbox 197 775 992 811; baseline 0.001 -9"><span class='ocrx_word' id='word_1_105' title='bbox 197 775 318 811; x_wconf 82' lang='lat' dir='ltr'><strong>aliquem</strong></span> <span class='ocrx_word' id='word_1_106' title='bbox 348 775 441 803; x_wconf 82' lang='lat' dir='ltr'><strong>audire</strong></span> <span class='ocrx_word' id='word_1_107' title='bbox 480 775 607 810; x_wconf 76' lang='lat' dir='ltr'><strong>contigit.</strong></span> <span class='ocrx_word' id='word_1_108' title='bbox 639 775 698 810; x_wconf 93' lang='lat' dir='ltr'><strong>lpse</strong></span> <span class='ocrx_word' id='word_1_109' title='bbox 738 782 831 810; x_wconf 90' lang='lat' dir='ltr'><strong>porro,</strong></span> <span class='ocrx_word' id='word_1_110' title='bbox 863 775 908 802; x_wconf 83' lang='lat' dir='ltr'><strong>ubi</strong></span> <span class='ocrx_word' id='word_1_111' title='bbox 944 783 992 804; x_wconf 84' lang='lat' dir='ltr'><strong>vos</strong></span> 
     </span>
    </p>
   </div>
   <div class='ocr_carea' id='block_1_18' title="bbox 197 821 991 856">
    <p class='ocr_par' dir='ltr' id='par_1_18' title="bbox 197 821 991 856">
     <span class='ocr_line' id='line_1_18' title="bbox 197 821 991 856; baseline 0 -8"><span class='ocrx_word' id='word_1_112' title='bbox 197 821 337 848; x_wconf 73' lang='lat' dir='ltr'><strong>exuendari</strong></span> <span class='ocrx_word' id='word_1_113' title='bbox 380 821 545 856; x_wconf 77' lang='lat' dir='ltr'><strong>contigerit,</strong></span> <span class='ocrx_word' id='word_1_114' title='bbox 577 829 624 847; x_wconf 71' lang='lat' dir='ltr'><strong>rex</strong></span> <span class='ocrx_word' id='word_1_115' title='bbox 658 826 749 849; x_wconf 81' lang='lat' dir='ltr'><strong>vester</strong></span> <span class='ocrx_word' id='word_1_116' title='bbox 771 821 903 856; x_wconf 86' lang='lat' dir='ltr'><strong>appellari</strong></span> <span class='ocrx_word' id='word_1_117' title='bbox 937 829 991 848; x_wconf 90' lang='lat' dir='ltr'><strong>non</strong></span> 
     </span>
    </p>
   </div>
   <div class='ocr_carea' id='block_1_19' title="bbox 197 866 990 902">
    <p class='ocr_par' dir='ltr' id='par_1_19' title="bbox 197 866 990 902">
     <span class='ocr_line' id='line_1_19' title="bbox 197 866 990 902; baseline -0.003 -7"><span class='ocrx_word' id='word_1_118' title='bbox 197 867 379 902; x_wconf 80' lang='lat' dir='ltr'><strong>dedignabor.</strong></span> <span class='ocrx_word' id='word_1_119' title='bbox 390 866 430 894; x_wconf 89' lang='lat' dir='ltr'><strong>Eo</strong></span> <span class='ocrx_word' id='word_1_120' title='bbox 440 868 513 894; x_wconf 86' lang='lat' dir='ltr'><strong>enim</strong></span> <span class='ocrx_word' id='word_1_121' title='bbox 528 866 666 894; x_wconf 87' lang='lat' dir='ltr'><strong>felicitatis</strong></span> <span class='ocrx_word' id='word_1_122' title='bbox 683 872 848 901; x_wconf 83' lang='lat' dir='ltr'><strong>perventura</strong></span> <span class='ocrx_word' id='word_1_123' title='bbox 860 872 901 894; x_wconf 91' lang='lat' dir='ltr'><strong>est</strong></span> <span class='ocrx_word' id='word_1_124' title='bbox 912 866 990 900; x_wconf 83' lang='lat' dir='ltr'><strong>Sion,</strong></span> 
     </span>
    </p>
   </div>
   <div class='ocr_carea' id='block_1_20' title="bbox 1043 269 1835 308">
    <p class='ocr_par' dir='ltr' id='par_1_20' title="bbox 1043 269 1835 308">
     <span class='ocr_line' id='line_1_20' title="bbox 1043 269 1835 308; baseline -0.003 -9"><span class='ocrx_word' id='word_1_125' title='bbox 1043 272 1256 308; x_wconf 68' lang='grc' dir='ltr'>καθαιρομένας</span> <span class='ocrx_word' id='word_1_126' title='bbox 1284 271 1334 306; x_wconf 79' lang='grc' dir='ltr'>μὲν</span> <span class='ocrx_word' id='word_1_127' title='bbox 1357 271 1423 306; x_wconf 83' lang='grc' dir='ltr'>ἡμῖν</span> <span class='ocrx_word' id='word_1_128' title='bbox 1441 271 1569 305; x_wconf 84' lang='grc' dir='ltr'>παρεῖναι</span> <span class='ocrx_word' id='word_1_129' title='bbox 1584 269 1704 303; x_wconf 74' lang='grc' dir='ltr'>λέγεται.</span> <span class='ocrx_word' id='word_1_130' title='bbox 1725 270 1835 297; x_wconf 83' lang='grc' dir='ltr'><strong>ἀπεῖναι</strong></span> 
     </span>
    </p>
   </div>
   <div class='ocr_carea' id='block_1_21' title="bbox 1042 315 1834 353">
    <p class='ocr_par' dir='ltr' id='par_1_21' title="bbox 1042 315 1834 353">
     <span class='ocr_line' id='line_1_21' title="bbox 1042 315 1834 353; baseline -0.004 -8"><span class='ocrx_word' id='word_1_131' title='bbox 1042 319 1070 345; x_wconf 88' lang='grc' dir='ltr'><strong>δὲ</strong></span> <span class='ocrx_word' id='word_1_132' title='bbox 1088 317 1311 353; x_wconf 83' lang='grc' dir='ltr'>ἁμαρτανόντων.</span> <span class='ocrx_word' id='word_1_133' title='bbox 1331 317 1387 351; x_wconf 79' lang='grc' dir='ltr'><strong>Τὴν</strong></span> <span class='ocrx_word' id='word_1_134' title='bbox 1399 317 1489 343; x_wconf 83' lang='grc' dir='ltr'><strong>τοίνυν</strong></span> <span class='ocrx_word' id='word_1_135' title='bbox 1506 316 1649 352; x_wconf 67' lang='grc' dir='ltr'>ἀντίληψιν</span> <span class='ocrx_word' id='word_1_136' title='bbox 1663 315 1736 342; x_wconf 77' lang='grc' dir='ltr'>οὕτω</span> <span class='ocrx_word' id='word_1_137' title='bbox 1751 324 1834 349; x_wconf 81' lang='grc' dir='ltr'>φανε-</span> 
     </span>
    </p>
   </div>
   <div class='ocr_carea' id='block_1_22' title="bbox 1044 361 1835 400">
    <p class='ocr_par' dir='ltr' id='par_1_22' title="bbox 1044 361 1835 400">
     <span class='ocr_line' id='line_1_22' title="bbox 1044 361 1835 400; baseline -0.006 -9"><span class='ocrx_word' id='word_1_138' title='bbox 1044 364 1093 400; x_wconf 79' lang='grc' dir='ltr'>ρὰν</span> <span class='ocrx_word' id='word_1_139' title='bbox 1115 362 1226 390; x_wconf 77' lang='grc' dir='ltr'>ἔσεσθαί</span> <span class='ocrx_word' id='word_1_140' title='bbox 1240 370 1334 397; x_wconf 82' lang='grc' dir='ltr'>φησιν,</span> <span class='ocrx_word' id='word_1_141' title='bbox 1349 361 1388 393; x_wconf 80' lang='grc' dir='ltr'>ὡς</span> <span class='ocrx_word' id='word_1_142' title='bbox 1416 362 1488 396; x_wconf 77' lang='grc' dir='ltr'>ὑμᾶς</span> <span class='ocrx_word' id='word_1_143' title='bbox 1505 361 1673 396; x_wconf 83' lang='grc' dir='ltr'>ὁμολογῆσαι</span> <span class='ocrx_word' id='word_1_144' title='bbox 1690 361 1736 387; x_wconf 74' lang='grc' dir='ltr'>τὸν</span> <span class='ocrx_word' id='word_1_145' title='bbox 1753 361 1835 387; x_wconf 77' lang='grc' dir='ltr'>αὑτὸν</span> 
     </span>
    </p>
   </div>
   <div class='ocr_carea' id='block_1_23' title="bbox 1042 405 1833 443">
    <p class='ocr_par' dir='ltr' id='par_1_23' title="bbox 1042 405 1833 443">
     <span class='ocr_line' id='line_1_23' title="bbox 1042 405 1833 443; baseline -0.006 -6"><span class='ocrx_word' id='word_1_146' title='bbox 1042 408 1112 437; x_wconf 79' lang='grc' dir='ltr'>εἶναι</span> <span class='ocrx_word' id='word_1_147' title='bbox 1128 409 1174 436; x_wconf 82' lang='grc' dir='ltr'><strong>τὸν</strong></span> <span class='ocrx_word' id='word_1_148' title='bbox 1189 409 1238 436; x_wconf 78' lang='grc' dir='ltr'>καὶ</span> <span class='ocrx_word' id='word_1_149' title='bbox 1253 408 1302 434; x_wconf 88' lang='grc' dir='ltr'><strong>νῦν</strong></span> <span class='ocrx_word' id='word_1_150' title='bbox 1318 407 1490 443; x_wconf 78' lang='grc' dir='ltr'><strong>προλέγοντα</strong></span> <span class='ocrx_word' id='word_1_151' title='bbox 1505 406 1552 433; x_wconf 77' lang='grc' dir='ltr'>καὶ</span> <span class='ocrx_word' id='word_1_152' title='bbox 1565 405 1645 438; x_wconf 80' lang='grc' dir='ltr'>αὖθις</span> <span class='ocrx_word' id='word_1_153' title='bbox 1664 406 1833 442; x_wconf 77' lang='grc' dir='ltr'>πληροῦν-ια.</span> 
     </span>
    </p>
   </div>
   <div class='ocr_carea' id='block_1_24' title="bbox 1047 451 1834 491">
    <p class='ocr_par' dir='ltr' id='par_1_24' title="bbox 1047 451 1834 491">
     <span class='ocr_line' id='line_1_24' title="bbox 1047 451 1834 491; baseline -0.006 -8"><span class='ocrx_word' id='word_1_154' title='bbox 1047 456 1093 488; x_wconf 86' lang='grc' dir='ltr'>Ὧς</span> <span class='ocrx_word' id='word_1_155' title='bbox 1111 455 1166 491; x_wconf 86' lang='grc' dir='ltr'>γὰρ</span> <span class='ocrx_word' id='word_1_156' title='bbox 1186 455 1237 482; x_wconf 80' lang='grc' dir='ltr'>οὐκ</span> <span class='ocrx_word' id='word_1_157' title='bbox 1265 454 1323 480; x_wconf 79' lang='grc' dir='ltr'>ἔστι</span> <span class='ocrx_word' id='word_1_158' title='bbox 1347 454 1397 489; x_wconf 82' lang='grc' dir='ltr'><strong>τὴν</strong></span> <span class='ocrx_word' id='word_1_159' title='bbox 1413 453 1494 487; x_wconf 79' lang='grc' dir='ltr'>ὥραν</span> <span class='ocrx_word' id='word_1_160' title='bbox 1519 452 1570 487; x_wconf 82' lang='grc' dir='ltr'>τῆς</span> <span class='ocrx_word' id='word_1_161' title='bbox 1597 452 1707 488; x_wconf 82' lang='grc' dir='ltr'>ἡμέρας</span> <span class='ocrx_word' id='word_1_162' title='bbox 1730 451 1834 484; x_wconf 79' lang='grc' dir='ltr'><strong>λαθεῖν,</strong></span> 
     </span>
    </p>
   </div>
   <div class='ocr_carea' id='block_1_25' title="bbox 1041 496 1835 536">
    <p class='ocr_par' dir='ltr' id='par_1_25' title="bbox 1041 496 1835 536">
     <span class='ocr_line' id='line_1_25' title="bbox 1041 496 1835 536; baseline -0.008 -8"><span class='ocrx_word' id='word_1_163' title='bbox 1041 501 1104 528; x_wconf 80' lang='grc' dir='ltr'>καθ’</span> <span class='ocrx_word' id='word_1_164' title='bbox 1114 500 1149 536; x_wconf 81' lang='grc' dir='ltr'>ἢν</span> <span class='ocrx_word' id='word_1_165' title='bbox 1161 499 1307 535; x_wconf 72' lang='grc' dir='ltr'><strong>ἐκλάμψας</strong></span> <span class='ocrx_word' id='word_1_166' title='bbox 1319 499 1333 525; x_wconf 85' lang='grc' dir='ltr'>ὁ</span> <span class='ocrx_word' id='word_1_167' title='bbox 1345 498 1420 534; x_wconf 75' lang='grc' dir='ltr'>ἥλιος</span> <span class='ocrx_word' id='word_1_168' title='bbox 1435 497 1611 531; x_wconf 80' lang='grc' dir='ltr'><strong>καταλάμπει</strong></span> <span class='ocrx_word' id='word_1_169' title='bbox 1623 496 1656 523; x_wconf 76' lang='grc' dir='ltr'>τὰ</span> <span class='ocrx_word' id='word_1_170' title='bbox 1666 496 1729 532; x_wconf 77' lang='grc' dir='ltr'>ὅρη,</span> <span class='ocrx_word' id='word_1_171' title='bbox 1749 497 1835 528; x_wconf 75' lang='grc' dir='ltr'>οὕτως</span> 
     </span>
    </p>
   </div>
   <div class='ocr_carea' id='block_1_26' title="bbox 1042 542 1833 582">
    <p class='ocr_par' dir='ltr' id='par_1_26' title="bbox 1042 542 1833 582">
     <span class='ocr_line' id='line_1_26' title="bbox 1042 542 1833 582; baseline -0.009 -8"><span class='ocrx_word' id='word_1_172' title='bbox 1042 547 1118 574; x_wconf 75' lang='grc' dir='ltr'>ἔσται</span> <span class='ocrx_word' id='word_1_173' title='bbox 1135 545 1242 582; x_wconf 83' lang='grc' dir='ltr'>φανερὰ</span> <span class='ocrx_word' id='word_1_174' title='bbox 1260 545 1344 571; x_wconf 82' lang='grc' dir='ltr'>πᾶσιν</span> <span class='ocrx_word' id='word_1_175' title='bbox 1364 545 1380 579; x_wconf 82' lang='grc' dir='ltr'>ὴ</span> <span class='ocrx_word' id='word_1_176' title='bbox 1408 543 1474 579; x_wconf 81' lang='grc' dir='ltr'>παρ’</span> <span class='ocrx_word' id='word_1_177' title='bbox 1497 543 1564 578; x_wconf 80' lang='grc' dir='ltr'>ἐμοῦ</span> <span class='ocrx_word' id='word_1_178' title='bbox 1592 543 1632 574; x_wconf 78' lang='grc' dir='ltr'>εἰς</span> <span class='ocrx_word' id='word_1_179' title='bbox 1663 543 1735 577; x_wconf 78' lang='grc' dir='ltr'>ὑμᾶς</span> <span class='ocrx_word' id='word_1_180' title='bbox 1752 542 1833 577; x_wconf 75' lang='grc' dir='ltr'>ῥοπὴ,</span> 
     </span>
    </p>
   </div>
   <div class='ocr_carea' id='block_1_27' title="bbox 1042 587 1833 628">
    <p class='ocr_par' dir='ltr' id='par_1_27' title="bbox 1042 587 1833 628">
     <span class='ocr_line' id='line_1_27' title="bbox 1042 587 1833 628; baseline -0.009 -8"><span class='ocrx_word' id='word_1_181' title='bbox 1042 591 1137 628; x_wconf 83' lang='grc' dir='ltr'>χαρᾶς</span> <span class='ocrx_word' id='word_1_182' title='bbox 1150 599 1182 619; x_wconf 78' lang='grc' dir='ltr'><strong>τε</strong></span> <span class='ocrx_word' id='word_1_183' title='bbox 1200 590 1251 618; x_wconf 76' lang='grc' dir='ltr'>καὶ</span> <span class='ocrx_word' id='word_1_184' title='bbox 1270 589 1489 625; x_wconf 72' lang='grc' dir='ltr'><strong>ἀγαλλιάσεως,</strong></span> <span class='ocrx_word' id='word_1_185' title='bbox 1510 588 1582 615; x_wconf 82' lang='grc' dir='ltr'>οὕτω</span> <span class='ocrx_word' id='word_1_186' title='bbox 1609 587 1833 623; x_wconf 82' lang='grc' dir='ltr'>π)ηρωοήσεσοε,</span> 
     </span>
    </p>
   </div>
   <div class='ocr_carea' id='block_1_28' title="bbox 1041 634 1834 674">
    <p class='ocr_par' dir='ltr' id='par_1_28' title="bbox 1041 634 1834 674">
     <span class='ocr_line' id='line_1_28' title="bbox 1041 634 1834 674; baseline -0.008 -8"><span class='ocrx_word' id='word_1_187' title='bbox 1041 639 1169 674; x_wconf 83' lang='grc' dir='ltr'>καθάπερ</span> <span class='ocrx_word' id='word_1_188' title='bbox 1186 638 1243 669; x_wconf 89' lang='grc' dir='ltr'>τοῖς</span> <span class='ocrx_word' id='word_1_189' title='bbox 1259 636 1357 670; x_wconf 78' lang='grc' dir='ltr'>ἀκοήν</span> <span class='ocrx_word' id='word_1_190' title='bbox 1375 637 1449 663; x_wconf 80' lang='grc' dir='ltr'>ἐστιν</span> <span class='ocrx_word' id='word_1_191' title='bbox 1464 634 1624 669; x_wconf 72' lang='grc' dir='ltr'>ειρηνικήν</span> <span class='ocrx_word' id='word_1_192' title='bbox 1633 643 1662 660; x_wconf 87' lang='grc' dir='ltr'><strong>τε</strong></span> <span class='ocrx_word' id='word_1_193' title='bbox 1678 635 1725 661; x_wconf 71' lang='grc' dir='ltr'><strong>καὶ</strong></span> <span class='ocrx_word' id='word_1_194' title='bbox 1740 634 1834 669; x_wconf 73' lang='grc' dir='ltr'>ἡδεῖαν</span> 
     </span>
    </p>
   </div>
   <div class='ocr_carea' id='block_1_29' title="bbox 1041 680 1834 720">
    <p class='ocr_par' dir='ltr' id='par_1_29' title="bbox 1041 680 1834 720">
     <span class='ocr_line' id='line_1_29' title="bbox 1041 680 1834 720; baseline -0.009 -8"><span class='ocrx_word' id='word_1_195' title='bbox 1041 684 1208 720; x_wconf 84' lang='grc' dir='ltr'><strong>δεχομένοις.</strong></span> <span class='ocrx_word' id='word_1_196' title='bbox 1232 683 1287 710; x_wconf 82' lang='lat' dir='ltr'><strong>Kal.</strong></span> <span class='ocrx_word' id='word_1_197' title='bbox 1300 682 1452 715; x_wconf 76' lang='grc' dir='ltr'>,βασιλεὺς</span> <span class='ocrx_word' id='word_1_198' title='bbox 1475 681 1505 708; x_wconf 75' lang='grc' dir='ltr'>δὲ</span> <span class='ocrx_word' id='word_1_199' title='bbox 1531 681 1609 715; x_wconf 84' lang='grc' dir='ltr'>ὑμῶν</span> <span class='ocrx_word' id='word_1_200' title='bbox 1631 680 1834 715; x_wconf 74' lang='grc' dir='ltr'>διορθουμένων</span> 
     </span>
    </p>
   </div>
   <div class='ocr_carea' id='block_1_30' title="bbox 1042 726 1834 763">
    <p class='ocr_par' dir='ltr' id='par_1_30' title="bbox 1042 726 1834 763">
     <span class='ocr_line' id='line_1_30' title="bbox 1042 726 1834 763; baseline -0.008 -6"><span class='ocrx_word' id='word_1_201' title='bbox 1042 730 1151 763; x_wconf 80' lang='grc' dir='ltr'>ἀξιώσω</span> <span class='ocrx_word' id='word_1_202' title='bbox 1165 729 1318 757; x_wconf 81' lang='grc' dir='ltr'>καλεῖσθαι.</span> <span class='ocrx_word' id='word_1_203' title='bbox 1333 729 1430 755; x_wconf 87' lang='grc' dir='ltr'>Ἔσται</span> <span class='ocrx_word' id='word_1_204' title='bbox 1443 729 1497 763; x_wconf 76' lang='grc' dir='ltr'>γὰρ</span> <span class='ocrx_word' id='word_1_205' title='bbox 1513 729 1529 763; x_wconf 85' lang='grc' dir='ltr'><strong>ή</strong></span> <span class='ocrx_word' id='word_1_206' title='bbox 1551 727 1628 754; x_wconf 80' lang='grc' dir='ltr'><strong>Σιὼν</strong></span> <span class='ocrx_word' id='word_1_207' title='bbox 1647 726 1733 758; x_wconf 76' lang='grc' dir='ltr'>οὕτως</span> <span class='ocrx_word' id='word_1_208' title='bbox 1749 726 1834 760; x_wconf 59' lang='lat' dir='ltr'><strong>soon-</strong></span> 
     </span>
    </p>
   </div>
   <div class='ocr_carea' id='block_1_31' title="bbox 1042 773 1833 812">
    <p class='ocr_par' dir='ltr' id='par_1_31' title="bbox 1042 773 1833 812">
     <span class='ocr_line' id='line_1_31' title="bbox 1042 773 1833 812; baseline -0.008 -8"><span class='ocrx_word' id='word_1_209' title='bbox 1042 777 1173 812; x_wconf 81' lang='grc' dir='ltr'>νουμένη,</span> <span class='ocrx_word' id='word_1_210' title='bbox 1187 776 1225 808; x_wconf 83' lang='grc' dir='ltr'>ὡς</span> <span class='ocrx_word' id='word_1_211' title='bbox 1240 776 1332 802; x_wconf 79' lang='grc' dir='ltr'>πάντα</span> <span class='ocrx_word' id='word_1_212' title='bbox 1352 775 1444 802; x_wconf 73' lang='grc' dir='ltr'>ἐκεῖνα</span> <span class='ocrx_word' id='word_1_213' title='bbox 1463 774 1645 809; x_wconf 74' lang='grc' dir='ltr'>πληροῦσθαι,</span> <span class='ocrx_word' id='word_1_214' title='bbox 1659 773 1709 799; x_wconf 81' lang='grc' dir='ltr'><strong>ὅσα</strong></span> <span class='ocrx_word' id='word_1_215' title='bbox 1726 774 1754 799; x_wconf 82' lang='grc' dir='ltr'>ὲν</span> <span class='ocrx_word' id='word_1_216' title='bbox 1773 774 1833 804; x_wconf 82' lang='grc' dir='ltr'>ταῖς</span> 
     </span>
    </p>
   </div>
   <div class='ocr_carea' id='block_1_32' title="bbox 1043 818 1833 856">
    <p class='ocr_par' dir='ltr' id='par_1_32' title="bbox 1043 818 1833 856">
     <span class='ocr_line' id='line_1_32' title="bbox 1043 818 1833 856; baseline -0.008 -6"><span class='ocrx_word' id='word_1_217' title='bbox 1043 822 1176 856; x_wconf 78' lang='grc' dir='ltr'>ὲπιδόξοις</span> <span class='ocrx_word' id='word_1_218' title='bbox 1190 822 1285 849; x_wconf 81' lang='grc' dir='ltr'>πόλεσι</span> <span class='ocrx_word' id='word_1_219' title='bbox 1299 822 1348 848; x_wconf 79' lang='grc' dir='ltr'>καὶ</span> <span class='ocrx_word' id='word_1_220' title='bbox 1366 819 1573 856; x_wconf 81' lang='grc' dir='ltr'>εἰρηνευούσαις</span> <span class='ocrx_word' id='word_1_221' title='bbox 1584 827 1592 834; x_wconf 90' lang='grc'><strong>·</strong></span> <span class='ocrx_word' id='word_1_222' title='bbox 1617 819 1763 854; x_wconf 60' lang='lat' dir='ltr'><strong>somniatur</strong></span> <span class='ocrx_word' id='word_1_223' title='bbox 1784 818 1833 853; x_wconf 83' lang='grc' dir='ltr'>μὲν</span> 
     </span>
    </p>
   </div>
   <div class='ocr_carea' id='block_1_33' title="bbox 1043 865 1834 905">
    <p class='ocr_par' dir='ltr' id='par_1_33' title="bbox 1043 865 1834 905">
     <span class='ocr_line' id='line_1_33' title="bbox 1043 865 1834 905; baseline -0.006 -9"><span class='ocrx_word' id='word_1_224' title='bbox 1043 868 1200 905; x_wconf 83' lang='grc' dir='ltr'>τηρούντων</span> <span class='ocrx_word' id='word_1_225' title='bbox 1223 867 1274 904; x_wconf 84' lang='grc' dir='ltr'>τὴν</span> <span class='ocrx_word' id='word_1_226' title='bbox 1303 867 1380 895; x_wconf 84' lang='grc' dir='ltr'>πόλιν</span> <span class='ocrx_word' id='word_1_227' title='bbox 1403 866 1480 902; x_wconf 86' lang='grc' dir='ltr'>μετὰ</span> <span class='ocrx_word' id='word_1_228' title='bbox 1503 866 1627 900; x_wconf 68' lang='grc' dir='ltr'><strong>φωνῆς.</strong></span> <span class='ocrx_word' id='word_1_229' title='bbox 1659 866 1774 896; x_wconf 73' lang='grc' dir='ltr'>ἑαυτοὺς</span> <span class='ocrx_word' id='word_1_230' title='bbox 1804 865 1834 891; x_wconf 83' lang='grc' dir='ltr'>δὲ</span> 
     </span>
    </p>
   </div>
   <div class='ocr_carea' id='block_1_34' title="bbox 198 901 992 950">
    <p class='ocr_par' dir='ltr' id='par_1_34' title="bbox 198 912 988 948">
     <span class='ocr_line' id='line_1_34' title="bbox 198 912 988 948; baseline 0.001 -9"><span class='ocrx_word' id='word_1_231' title='bbox 198 916 228 940; x_wconf 87' lang='grc' dir='ltr'>ιιι</span> <span class='ocrx_word' id='word_1_232' title='bbox 243 912 270 939; x_wconf 94' lang='lat' dir='ltr'><strong>in</strong></span> <span class='ocrx_word' id='word_1_233' title='bbox 284 920 315 940; x_wconf 85' lang='lat' dir='ltr'><strong>ea</strong></span> <span class='ocrx_word' id='word_1_234' title='bbox 338 912 406 940; x_wconf 85' lang='lat' dir='ltr'><strong>nihil</strong></span> <span class='ocrx_word' id='word_1_235' title='bbox 422 920 476 940; x_wconf 90' lang='lat' dir='ltr'><strong>non</strong></span> <span class='ocrx_word' id='word_1_236' title='bbox 493 919 588 940; x_wconf 83' lang='lat' dir='ltr'><strong>eorum</strong></span> <span class='ocrx_word' id='word_1_237' title='bbox 606 912 741 944; x_wconf 84' lang='lat' dir='ltr'><strong>omnium,</strong></span> <span class='ocrx_word' id='word_1_238' title='bbox 753 920 814 947; x_wconf 68' lang='lat' dir='ltr'><strong>quae</strong></span> <span class='ocrx_word' id='word_1_239' title='bbox 827 913 853 939; x_wconf 92' lang='lat' dir='ltr'><strong>in</strong></span> <span class='ocrx_word' id='word_1_240' title='bbox 873 913 988 948; x_wconf 65' lang='lat' dir='ltr'><strong>praecla-</strong></span> 
     </span>
    </p>
   </div>
   <div class='ocr_carea' id='block_1_35' title="bbox 1047 901 1833 950">
    <p class='ocr_par' dir='ltr' id='par_1_35' title="bbox 1047 901 1833 950">
     <span class='ocr_line' id='line_1_35' title="bbox 1047 901 1833 950; baseline -0.006 -9"><span class='ocrx_word' id='word_1_241' title='bbox 1047 901 1241 950; x_wconf 70' lang='grc' dir='ltr'>Ξισπαζομένων</span> <span class='ocrx_word' id='word_1_242' title='bbox 1248 901 1314 948; x_wconf 51' lang='grc' dir='ltr'>μετ’</span> <span class='ocrx_word' id='word_1_243' title='bbox 1328 901 1535 947; x_wconf 67' lang='grc' dir='ltr'>εὐφροσύνης,</span> <span class='ocrx_word' id='word_1_244' title='bbox 1551 911 1588 942; x_wconf 83' lang='grc' dir='ltr'><strong>ὡς</strong></span> <span class='ocrx_word' id='word_1_245' title='bbox 1598 911 1753 946; x_wconf 74' lang='grc' dir='ltr'>ἐπεγείρειν</span> <span class='ocrx_word' id='word_1_246' title='bbox 1768 911 1833 937; x_wconf 79' lang='grc' dir='ltr'>ἑαυ-</span> 
     </span>
    </p>
   </div>
   <div class='ocr_carea' id='block_1_36' title="bbox 196 957 987 993">
    <p class='ocr_par' dir='ltr' id='par_1_36' title="bbox 196 957 987 993">
     <span class='ocr_line' id='line_1_36' title="bbox 196 957 987 993; baseline 0.003 -8"><span class='ocrx_word' id='word_1_247' title='bbox 196 958 236 985; x_wconf 89' lang='lat' dir='ltr'><strong>ris</strong></span> <span class='ocrx_word' id='word_1_248' title='bbox 249 957 331 993; x_wconf 77' lang='lat'><strong>592</strong></span> <span class='ocrx_word' id='word_1_249' title='bbox 342 962 369 986; x_wconf 87' lang='lat' dir='ltr'><strong>et</strong></span> <span class='ocrx_word' id='word_1_250' title='bbox 385 958 491 993; x_wconf 77' lang='lat' dir='ltr'><strong>pacatis</strong></span> <span class='ocrx_word' id='word_1_251' title='bbox 500 957 615 985; x_wconf 89' lang='lat' dir='ltr'><strong>urbibus</strong></span> <span class='ocrx_word' id='word_1_252' title='bbox 631 957 709 990; x_wconf 86' lang='lat' dir='ltr'><strong>fiunt,</strong></span> <span class='ocrx_word' id='word_1_253' title='bbox 723 957 867 992; x_wconf 85' lang='lat' dir='ltr'><strong>adimpleri</strong></span> <span class='ocrx_word' id='word_1_254' title='bbox 883 959 987 987; x_wconf 83' lang='lat' dir='ltr'><strong>videas:</strong></span> 
     </span>
    </p>
   </div>
   <div class='ocr_carea' id='block_1_37' title="bbox 197 1002 989 1039">
    <p class='ocr_par' dir='ltr' id='par_1_37' title="bbox 197 1002 989 1039">
     <span class='ocr_line' id='line_1_37' title="bbox 197 1002 989 1039; baseline 0.001 -9"><span class='ocrx_word' id='word_1_255' title='bbox 197 1003 263 1030; x_wconf 91' lang='lat' dir='ltr'><strong>dum</strong></span> <span class='ocrx_word' id='word_1_256' title='bbox 287 1004 338 1039; x_wconf 83' lang='lat' dir='ltr'><strong>ipsi</strong></span> <span class='ocrx_word' id='word_1_257' title='bbox 357 1003 468 1038; x_wconf 84' lang='lat' dir='ltr'><strong>quidem</strong></span> <span class='ocrx_word' id='word_1_258' title='bbox 483 1002 607 1030; x_wconf 76' lang='lat' dir='ltr'><strong>custodes</strong></span> <span class='ocrx_word' id='word_1_259' title='bbox 631 1003 727 1030; x_wconf 84' lang='lat' dir='ltr'><strong>urbem</strong></span> <span class='ocrx_word' id='word_1_260' title='bbox 743 1010 803 1030; x_wconf 89' lang='lat' dir='ltr'><strong>cum</strong></span> <span class='ocrx_word' id='word_1_261' title='bbox 820 1012 880 1030; x_wconf 81' lang='lat' dir='ltr'><strong>voce</strong></span> <span class='ocrx_word' id='word_1_262' title='bbox 895 1012 989 1032; x_wconf 82' lang='lat' dir='ltr'><strong>serva-</strong></span> 
     </span>
    </p>
   </div>
   <div class='ocr_carea' id='block_1_38' title="bbox 1042 956 1833 993">
    <p class='ocr_par' dir='ltr' id='par_1_38' title="bbox 1042 956 1833 993">
     <span class='ocr_line' id='line_1_38' title="bbox 1042 956 1833 993; baseline -0.006 -6"><span class='ocrx_word' id='word_1_263' title='bbox 1042 961 1100 991; x_wconf 89' lang='grc' dir='ltr'>τοῖς</span> <span class='ocrx_word' id='word_1_264' title='bbox 1113 961 1142 986; x_wconf 83' lang='grc' dir='ltr'>ὲν</span> <span class='ocrx_word' id='word_1_265' title='bbox 1158 961 1218 992; x_wconf 84' lang='grc' dir='ltr'>ταῖς</span> <span class='ocrx_word' id='word_1_266' title='bbox 1235 958 1394 993; x_wconf 79' lang='grc' dir='ltr'>συντυχίαις</span> <span class='ocrx_word' id='word_1_267' title='bbox 1407 958 1458 993; x_wconf 86' lang='grc' dir='ltr'>τὴν</span> <span class='ocrx_word' id='word_1_268' title='bbox 1479 957 1580 993; x_wconf 82' lang='grc' dir='ltr'>χαρὰν,</span> <span class='ocrx_word' id='word_1_269' title='bbox 1596 957 1644 984; x_wconf 78' lang='grc' dir='ltr'><strong>καὶ</strong></span> <span class='ocrx_word' id='word_1_270' title='bbox 1659 957 1705 983; x_wconf 82' lang='grc' dir='ltr'><strong>τὸν</strong></span> <span class='ocrx_word' id='word_1_271' title='bbox 1721 956 1765 983; x_wconf 79' lang='grc' dir='ltr'><strong>ἐπ’</strong></span> <span class='ocrx_word' id='word_1_272' title='bbox 1782 956 1833 983; x_wconf 81' lang='grc' dir='ltr'>αύ-</span> 
     </span>
    </p>
   </div>
   <div class='ocr_carea' id='block_1_39' title="bbox 1042 1004 1354 1040">
    <p class='ocr_par' dir='ltr' id='par_1_39' title="bbox 1042 1004 1354 1040">
     <span class='ocr_line' id='line_1_39' title="bbox 1042 1004 1354 1040; baseline -0.006 -8"><span class='ocrx_word' id='word_1_273' title='bbox 1042 1006 1099 1037; x_wconf 90' lang='grc' dir='ltr'>τοῖς</span> <span class='ocrx_word' id='word_1_274' title='bbox 1112 1005 1185 1031; x_wconf 78' lang='grc' dir='ltr'>ἔλεον</span> <span class='ocrx_word' id='word_1_275' title='bbox 1197 1004 1354 1040; x_wconf 83' lang='grc' dir='ltr'>κηρύττειν.</span> 
     </span>
    </p>
   </div>
   <div class='ocr_carea' id='block_1_40' title="bbox 198 1047 1830 1088">
    <p class='ocr_par' dir='ltr' id='par_1_40' title="bbox 198 1047 1830 1088">
     <span class='ocr_line' id='line_1_40' title="bbox 198 1047 1830 1088; baseline 0 -12"><span class='ocrx_word' id='word_1_276' title='bbox 198 1048 278 1082; x_wconf 85' lang='lat' dir='ltr'><strong>bunt,</strong></span> <span class='ocrx_word' id='word_1_277' title='bbox 294 1056 355 1076; x_wconf 68' lang='lat' dir='ltr'><strong>sese</strong></span> <span class='ocrx_word' id='word_1_278' title='bbox 372 1048 472 1076; x_wconf 89' lang='lat' dir='ltr'><strong>deinde</strong></span> <span class='ocrx_word' id='word_1_279' title='bbox 491 1056 550 1075; x_wconf 85' lang='lat' dir='ltr'><strong>cum</strong></span> <span class='ocrx_word' id='word_1_280' title='bbox 571 1047 733 1075; x_wconf 70' lang='lat' dir='ltr'><strong>exultatione</strong></span> <span class='ocrx_word' id='word_1_281' title='bbox 752 1049 788 1075; x_wconf 83' lang='lat' dir='ltr'><strong>ita</strong></span> <span class='ocrx_word' id='word_1_282' title='bbox 807 1049 967 1076; x_wconf 76' lang='lat' dir='ltr'><strong>salutabunt</strong></span> <span class='ocrx_word' id='word_1_283' title='bbox 980 1070 988 1082; x_wconf 87' lang='lat'><strong>,</strong></span> <span class='ocrx_word' id='word_1_284' title='bbox 1024 1055 1054 1078; x_wconf 91' lang='lat' dir='ltr'><strong>ut</strong></span> <span class='ocrx_word' id='word_1_285' title='bbox 1066 1051 1150 1079; x_wconf 80' lang='lat' dir='ltr'><strong>sortis</strong></span> <span class='ocrx_word' id='word_1_286' title='bbox 1165 1050 1360 1078; x_wconf 85' lang='lat' dir='ltr'><strong>communione</strong></span> <span class='ocrx_word' id='word_1_287' title='bbox 1380 1049 1416 1077; x_wconf 82' lang='lat' dir='ltr'><strong>ad</strong></span> <span class='ocrx_word' id='word_1_288' title='bbox 1441 1048 1573 1084; x_wconf 77' lang='lat' dir='ltr'><strong>gaudium</strong></span> <span class='ocrx_word' id='word_1_289' title='bbox 1598 1056 1661 1077; x_wconf 88' lang='lat' dir='ltr'><strong>sese</strong></span> <span class='ocrx_word' id='word_1_290' title='bbox 1696 1049 1830 1088; x_wconf 63' lang='lat' dir='ltr'><strong>excitent,</strong></span> 
     </span>
    </p>
   </div>
   <div class='ocr_carea' id='block_1_41' title="bbox 198 1093 1046 1130">
    <p class='ocr_par' dir='ltr' id='par_1_41' title="bbox 198 1093 1046 1130">
     <span class='ocr_line' id='line_1_41' title="bbox 198 1093 1046 1130; baseline 0.001 -7"><span class='ocrx_word' id='word_1_291' title='bbox 198 1099 226 1123; x_wconf 90' lang='lat' dir='ltr'><strong>et</strong></span> <span class='ocrx_word' id='word_1_292' title='bbox 255 1102 338 1130; x_wconf 87' lang='lat' dir='ltr'><strong>quam</strong></span> <span class='ocrx_word' id='word_1_293' title='bbox 364 1098 429 1122; x_wconf 89' lang='lat' dir='ltr'><strong>sunt</strong></span> <span class='ocrx_word' id='word_1_294' title='bbox 448 1093 589 1121; x_wconf 83' lang='lat' dir='ltr'><strong>conSecuti</strong></span> <span class='ocrx_word' id='word_1_295' title='bbox 614 1093 833 1121; x_wconf 76' lang='lat' dir='ltr'><strong>lnisoricordiam</strong></span> <span class='ocrx_word' id='word_1_296' title='bbox 849 1094 1046 1129; x_wconf 69' lang='lat' dir='ltr'><strong>depricdicent.</strong></span> 
     </span>
    </p>
   </div>
   <div class='ocr_carea' id='block_1_42' title="bbox 235 1140 992 1177">
    <p class='ocr_par' dir='ltr' id='par_1_42' title="bbox 235 1140 992 1177">
     <span class='ocr_line' id='line_1_42' title="bbox 235 1140 992 1177; baseline 0.004 -9"><span class='ocrx_word' id='word_1_297' title='bbox 235 1141 303 1169; x_wconf 83' lang='lat' dir='ltr'><strong>Esse</strong></span> <span class='ocrx_word' id='word_1_298' title='bbox 320 1148 385 1169; x_wconf 86' lang='lat' dir='ltr'><strong>vero</strong></span> <span class='ocrx_word' id='word_1_299' title='bbox 402 1140 485 1176; x_wconf 86' lang='lat' dir='ltr'><strong>hujus</strong></span> <span class='ocrx_word' id='word_1_300' title='bbox 505 1140 589 1168; x_wconf 88' lang='lat' dir='ltr'><strong>etiam</strong></span> <span class='ocrx_word' id='word_1_301' title='bbox 604 1140 707 1168; x_wconf 76' lang='lat' dir='ltr'><strong>laztitiw</strong></span> <span class='ocrx_word' id='word_1_302' title='bbox 726 1141 874 1177; x_wconf 84' lang='lat' dir='ltr'><strong>participes</strong></span> <span class='ocrx_word' id='word_1_303' title='bbox 893 1143 992 1171; x_wconf 82' lang='lat' dir='ltr'><strong>merito</strong></span> 
     </span>
    </p>
   </div>
   <div class='ocr_carea' id='block_1_43' title="bbox 199 1185 990 1222">
    <p class='ocr_par' dir='ltr' id='par_1_43' title="bbox 199 1185 990 1222">
     <span class='ocr_line' id='line_1_43' title="bbox 199 1185 990 1222; baseline 0.001 -8"><span class='ocrx_word' id='word_1_304' title='bbox 199 1187 445 1222; x_wconf 69' lang='lat' dir='ltr'><strong>Hierosolymorum</strong></span> <span class='ocrx_word' id='word_1_305' title='bbox 457 1185 614 1213; x_wconf 77' lang='lat' dir='ltr'><strong>solitudines</strong></span> <span class='ocrx_word' id='word_1_306' title='bbox 631 1186 769 1214; x_wconf 82' lang='lat' dir='ltr'><strong>dicantur.</strong></span> <span class='ocrx_word' id='word_1_307' title='bbox 790 1187 825 1215; x_wconf 89' lang='lat' dir='ltr'><strong>Ut</strong></span> <span class='ocrx_word' id='word_1_308' title='bbox 839 1189 912 1215; x_wconf 86' lang='lat' dir='ltr'><strong>enim</strong></span> <span class='ocrx_word' id='word_1_309' title='bbox 927 1196 990 1216; x_wconf 90' lang='lat' dir='ltr'><strong>cum</strong></span> 
     </span>
    </p>
   </div>
   <div class='ocr_carea' id='block_1_44' title="bbox 199 1232 989 1268">
    <p class='ocr_par' dir='ltr' id='par_1_44' title="bbox 199 1232 989 1268">
     <span class='ocr_line' id='line_1_44' title="bbox 199 1232 989 1268; baseline 0.003 -8"><span class='ocrx_word' id='word_1_310' title='bbox 199 1234 293 1261; x_wconf 79' lang='lat' dir='ltr'><strong>Sionis</strong></span> <span class='ocrx_word' id='word_1_311' title='bbox 309 1233 470 1268; x_wconf 79' lang='lat' dir='ltr'><strong>viaslngere</strong></span> <span class='ocrx_word' id='word_1_312' title='bbox 483 1232 551 1259; x_wconf 84' lang='lat' dir='ltr'><strong>dixit</strong></span> <span class='ocrx_word' id='word_1_313' title='bbox 564 1232 587 1248; x_wconf 75' lang='grc'><strong>’⁸⁸</strong></span> <span class='ocrx_word' id='word_1_314' title='bbox 599 1252 606 1265; x_wconf 90' lang='grc'><strong>,</strong></span> <span class='ocrx_word' id='word_1_315' title='bbox 620 1232 772 1260; x_wconf 85' lang='lat' dir='ltr'><strong>incolarum</strong></span> <span class='ocrx_word' id='word_1_316' title='bbox 787 1236 989 1262; x_wconf 85' lang='lat' dir='ltr'><strong>etadvenarum</strong></span> 
     </span>
    </p>
   </div>
   <div class='ocr_carea' id='block_1_45' title="bbox 199 1277 990 1314">
    <p class='ocr_par' dir='ltr' id='par_1_45' title="bbox 199 1277 990 1314">
     <span class='ocr_line' id='line_1_45' title="bbox 199 1277 990 1314; baseline 0.001 -7"><span class='ocrx_word' id='word_1_317' title='bbox 199 1278 377 1307; x_wconf 87' lang='lat' dir='ltr'><strong>solitudinem</strong></span> <span class='ocrx_word' id='word_1_318' title='bbox 393 1277 559 1314; x_wconf 76' lang='lat' dir='ltr'><strong>signiﬁcavit</strong></span> <span class='ocrx_word' id='word_1_319' title='bbox 570 1298 577 1311; x_wconf 95' lang='lat'><strong>,</strong></span> <span class='ocrx_word' id='word_1_320' title='bbox 592 1278 633 1306; x_wconf 89' lang='lat' dir='ltr'><strong>sie</strong></span> <span class='ocrx_word' id='word_1_321' title='bbox 646 1283 673 1306; x_wconf 89' lang='lat' dir='ltr'><strong>et</strong></span> <span class='ocrx_word' id='word_1_322' title='bbox 685 1287 769 1313; x_wconf 83' lang='lat' dir='ltr'><strong>nunc,</strong></span> <span class='ocrx_word' id='word_1_323' title='bbox 780 1287 842 1307; x_wconf 85' lang='lat' dir='ltr'><strong>cuin</strong></span> <span class='ocrx_word' id='word_1_324' title='bbox 857 1280 990 1309; x_wconf 80' lang='lat' dir='ltr'><strong>desertum</strong></span> 
     </span>
    </p>
   </div>
   <div class='ocr_carea' id='block_1_46' title="bbox 199 1324 990 1361">
    <p class='ocr_par' dir='ltr' id='par_1_46' title="bbox 199 1324 990 1361">
     <span class='ocr_line' id='line_1_46' title="bbox 199 1324 990 1361; baseline 0.001 -8"><span class='ocrx_word' id='word_1_325' title='bbox 199 1326 299 1353; x_wconf 87' lang='lat' dir='ltr'><strong>festum</strong></span> <span class='ocrx_word' id='word_1_326' title='bbox 316 1325 398 1353; x_wconf 88' lang='lat' dir='ltr'><strong>simul</strong></span> <span class='ocrx_word' id='word_1_327' title='bbox 413 1328 540 1352; x_wconf 85' lang='lat' dir='ltr'><strong>acturum</strong></span> <span class='ocrx_word' id='word_1_328' title='bbox 560 1324 648 1357; x_wconf 82' lang='lat' dir='ltr'><strong>dixit,</strong></span> <span class='ocrx_word' id='word_1_329' title='bbox 665 1333 737 1358; x_wconf 86' lang='lat' dir='ltr'><strong>eam,</strong></span> <span class='ocrx_word' id='word_1_330' title='bbox 753 1333 807 1361; x_wconf 90' lang='lat' dir='ltr'><strong>qua</strong></span> <span class='ocrx_word' id='word_1_331' title='bbox 823 1327 990 1361; x_wconf 75' lang='lat' dir='ltr'><strong>adiciuntur,</strong></span> 
     </span>
    </p>
   </div>
   <div class='ocr_carea' id='block_1_47' title="bbox 200 1372 992 1405">
    <p class='ocr_par' dir='ltr' id='par_1_47' title="bbox 200 1372 992 1405">
     <span class='ocr_line' id='line_1_47' title="bbox 200 1372 992 1405; baseline 0.003 -6"><span class='ocrx_word' id='word_1_332' title='bbox 200 1372 323 1400; x_wconf 69' lang='lat' dir='ltr'><strong>laetitiam</strong></span> <span class='ocrx_word' id='word_1_333' title='bbox 346 1372 533 1405; x_wconf 85' lang='lat' dir='ltr'><strong>demonstrat;</strong></span> <span class='ocrx_word' id='word_1_334' title='bbox 554 1379 644 1398; x_wconf 90' lang='lat' dir='ltr'><strong>rerum</strong></span> <span class='ocrx_word' id='word_1_335' title='bbox 660 1372 774 1399; x_wconf 84' lang='lat' dir='ltr'><strong>is:arum</strong></span> <span class='ocrx_word' id='word_1_336' title='bbox 789 1381 901 1401; x_wconf 82' lang='lat' dir='ltr'><strong>causam</strong></span> <span class='ocrx_word' id='word_1_337' title='bbox 923 1374 992 1402; x_wconf 83' lang='lat' dir='ltr'><strong>divi-</strong></span> 
     </span>
    </p>
   </div>
   <div class='ocr_carea' id='block_1_48' title="bbox 199 1418 992 1456">
    <p class='ocr_par' dir='ltr' id='par_1_48' title="bbox 199 1418 992 1456">
     <span class='ocr_line' id='line_1_48' title="bbox 199 1418 992 1456; baseline 0.003 -10"><span class='ocrx_word' id='word_1_338' title='bbox 199 1426 242 1446; x_wconf 68' lang='lat' dir='ltr'><strong>nae</strong></span> <span class='ocrx_word' id='word_1_339' title='bbox 271 1418 435 1454; x_wconf 79' lang='lat' dir='ltr'><strong>benignitati</strong></span> <span class='ocrx_word' id='word_1_340' title='bbox 462 1422 489 1446; x_wconf 90' lang='lat' dir='ltr'><strong>et</strong></span> <span class='ocrx_word' id='word_1_341' title='bbox 515 1418 713 1446; x_wconf 68' lang='lat' dir='ltr'><strong>misericordize</strong></span> <span class='ocrx_word' id='word_1_342' title='bbox 753 1420 914 1454; x_wconf 80' lang='lat' dir='ltr'><strong>ascribens;</strong></span> <span class='ocrx_word' id='word_1_343' title='bbox 945 1427 992 1456; x_wconf 90' lang='lat' dir='ltr'><strong>per</strong></span> 
     </span>
    </p>
   </div>
   <div class='ocr_carea' id='block_1_49' title="bbox 201 1466 991 1504">
    <p class='ocr_par' dir='ltr' id='par_1_49' title="bbox 201 1466 991 1504">
     <span class='ocr_line' id='line_1_49' title="bbox 201 1466 991 1504; baseline 0.001 -9"><span class='ocrx_word' id='word_1_344' title='bbox 201 1475 284 1502; x_wconf 85' lang='lat' dir='ltr'><strong>quam</strong></span> <span class='ocrx_word' id='word_1_345' title='bbox 306 1467 377 1495; x_wconf 88' lang='lat' dir='ltr'><strong>idem</strong></span> <span class='ocrx_word' id='word_1_346' title='bbox 392 1466 544 1494; x_wconf 70' lang='lat' dir='ltr'><strong>Jerusalem</strong></span> <span class='ocrx_word' id='word_1_347' title='bbox 565 1467 672 1494; x_wconf 79' lang='lat' dir='ltr'><strong>brachio</strong></span> <span class='ocrx_word' id='word_1_348' title='bbox 685 1476 751 1501; x_wconf 81' lang='lat' dir='ltr'><strong>suo,</strong></span> <span class='ocrx_word' id='word_1_349' title='bbox 769 1468 795 1495; x_wconf 89' lang='lat' dir='ltr'><strong>id</strong></span> <span class='ocrx_word' id='word_1_350' title='bbox 813 1473 855 1496; x_wconf 90' lang='lat' dir='ltr'><strong>est</strong></span> <span class='ocrx_word' id='word_1_351' title='bbox 869 1469 991 1504; x_wconf 84' lang='lat' dir='ltr'><strong>potentia</strong></span> 
     </span>
    </p>
   </div>
   <div class='ocr_carea' id='block_1_50' title="bbox 200 1511 991 1544">
    <p class='ocr_par' dir='ltr' id='par_1_50' title="bbox 200 1511 991 1544">
     <span class='ocr_line' id='line_1_50' title="bbox 200 1511 991 1544; baseline 0.004 -5"><span class='ocrx_word' id='word_1_352' title='bbox 200 1512 313 1539; x_wconf 84' lang='lat' dir='ltr'><strong>virtutis</strong></span> <span class='ocrx_word' id='word_1_353' title='bbox 327 1519 384 1540; x_wconf 70' lang='lat' dir='ltr'><strong>sua:</strong></span> <span class='ocrx_word' id='word_1_354' title='bbox 398 1511 538 1544; x_wconf 83' lang='lat' dir='ltr'><strong>liberauit;</strong></span> <span class='ocrx_word' id='word_1_355' title='bbox 552 1520 614 1539; x_wconf 89' lang='lat' dir='ltr'><strong>cum</strong></span> <span class='ocrx_word' id='word_1_356' title='bbox 629 1520 644 1538; x_wconf 76' lang='grc' dir='ltr'>ιι</span> <span class='ocrx_word' id='word_1_357' title='bbox 661 1512 715 1539; x_wconf 85' lang='lat' dir='ltr'><strong>Deo</strong></span> <span class='ocrx_word' id='word_1_358' title='bbox 727 1513 864 1540; x_wconf 86' lang='lat' dir='ltr'><strong>civitatem</strong></span> <span class='ocrx_word' id='word_1_359' title='bbox 881 1514 991 1542; x_wconf 82' lang='lat' dir='ltr'><strong>defendi</strong></span> 
     </span>
    </p>
   </div>
   <div class='ocr_carea' id='block_1_51' title="bbox 1081 1143 1835 1178">
    <p class='ocr_par' dir='ltr' id='par_1_51' title="bbox 1081 1143 1835 1178">
     <span class='ocr_line' id='line_1_51' title="bbox 1081 1143 1835 1178; baseline -0.001 -7"><span class='ocrx_word' id='word_1_360' title='bbox 1081 1144 1229 1171; x_wconf 86' lang='grc' dir='ltr'>Κοινωνεῖν</span> <span class='ocrx_word' id='word_1_361' title='bbox 1242 1143 1271 1170; x_wconf 82' lang='grc' dir='ltr'>δὲ</span> <span class='ocrx_word' id='word_1_362' title='bbox 1286 1143 1337 1178; x_wconf 80' lang='grc' dir='ltr'><strong>τῆς</strong></span> <span class='ocrx_word' id='word_1_363' title='bbox 1359 1143 1553 1178; x_wconf 72' lang='grc' dir='ltr'>εὐφροσύνης</span> <span class='ocrx_word' id='word_1_364' title='bbox 1569 1144 1662 1175; x_wconf 83' lang='grc' dir='ltr'>αὐτοῖς</span> <span class='ocrx_word' id='word_1_365' title='bbox 1683 1143 1783 1177; x_wconf 79' lang='grc' dir='ltr'>λέγοιτ’</span> <span class='ocrx_word' id='word_1_366' title='bbox 1801 1143 1835 1170; x_wconf 76' lang='grc' dir='ltr'><strong>ἂν</strong></span> 
     </span>
    </p>
   </div>
   <div class='ocr_carea' id='block_1_52' title="bbox 1045 1189 1835 1225">
    <p class='ocr_par' dir='ltr' id='par_1_52' title="bbox 1045 1189 1835 1225">
     <span class='ocr_line' id='line_1_52' title="bbox 1045 1189 1835 1225; baseline -0.004 -7"><span class='ocrx_word' id='word_1_367' title='bbox 1045 1191 1158 1222; x_wconf 75' lang='grc' dir='ltr'><strong>εἰκότως</strong></span> <span class='ocrx_word' id='word_1_368' title='bbox 1172 1191 1220 1217; x_wconf 81' lang='grc' dir='ltr'>καὶ</span> <span class='ocrx_word' id='word_1_369' title='bbox 1233 1189 1271 1217; x_wconf 84' lang='grc' dir='ltr'>τὰ</span> <span class='ocrx_word' id='word_1_370' title='bbox 1282 1190 1378 1224; x_wconf 73' lang='grc' dir='ltr'>ἔρημα</span> <span class='ocrx_word' id='word_1_371' title='bbox 1403 1189 1458 1223; x_wconf 83' lang='grc' dir='ltr'>τῆς</span> <span class='ocrx_word' id='word_1_372' title='bbox 1481 1190 1690 1224; x_wconf 74' lang='grc' dir='ltr'>Ἰερουσαλήμ.</span> <span class='ocrx_word' id='word_1_373' title='bbox 1712 1190 1755 1222; x_wconf 81' lang='grc' dir='ltr'>Ὡς</span> <span class='ocrx_word' id='word_1_374' title='bbox 1780 1191 1835 1225; x_wconf 72' lang='grc' dir='ltr'><strong>γὰρ</strong></span> 
     </span>
    </p>
   </div>
   <div class='ocr_carea' id='block_1_53' title="bbox 1043 1235 1835 1271">
    <p class='ocr_par' dir='ltr' id='par_1_53' title="bbox 1043 1235 1835 1271">
     <span class='ocr_line' id='line_1_53' title="bbox 1043 1235 1835 1271; baseline -0.001 -8"><span class='ocrx_word' id='word_1_375' title='bbox 1043 1237 1088 1264; x_wconf 81' lang='grc' dir='ltr'>διὰ</span> <span class='ocrx_word' id='word_1_376' title='bbox 1096 1237 1154 1269; x_wconf 87' lang='grc' dir='ltr'>τοῦ,</span> <span class='ocrx_word' id='word_1_377' title='bbox 1162 1246 1170 1262; x_wconf 84' lang='grc' dir='ltr'>ι</span> <span class='ocrx_word' id='word_1_378' title='bbox 1181 1237 1253 1263; x_wconf 84' lang='grc' dir='ltr'>Ὀδο“ι</span> <span class='ocrx_word' id='word_1_379' title='bbox 1261 1235 1330 1262; x_wconf 89' lang='grc' dir='ltr'>Σιὼν</span> <span class='ocrx_word' id='word_1_380' title='bbox 1340 1235 1477 1268; x_wconf 77' lang='grc' dir='ltr'>πενθοῦσι,</span> <span class='ocrx_word' id='word_1_381' title='bbox 1488 1245 1498 1261; x_wconf 76' lang='grc' dir='ltr'>ι</span> <span class='ocrx_word' id='word_1_382' title='bbox 1507 1235 1556 1271; x_wconf 84' lang='grc' dir='ltr'>τὴν</span> <span class='ocrx_word' id='word_1_383' title='bbox 1565 1235 1619 1262; x_wconf 80' lang='grc' dir='ltr'><strong>τῶν</strong></span> <span class='ocrx_word' id='word_1_384' title='bbox 1626 1236 1776 1270; x_wconf 82' lang='grc' dir='ltr'>οἰκητόρων</span> <span class='ocrx_word' id='word_1_385' title='bbox 1788 1237 1835 1262; x_wconf 85' lang='grc' dir='ltr'><strong>καὶ</strong></span> 
     </span>
    </p>
   </div>
   <div class='ocr_carea' id='block_1_54' title="bbox 1043 1281 1836 1318">
    <p class='ocr_par' dir='ltr' id='par_1_54' title="bbox 1043 1281 1836 1318">
     <span class='ocr_line' id='line_1_54' title="bbox 1043 1281 1836 1318; baseline 0.001 -10"><span class='ocrx_word' id='word_1_386' title='bbox 1043 1283 1199 1318; x_wconf 81' lang='grc' dir='ltr'>παριόντων</span> <span class='ocrx_word' id='word_1_387' title='bbox 1213 1281 1333 1317; x_wconf 81' lang='grc' dir='ltr'>ἐρημίαν</span> <span class='ocrx_word' id='word_1_388' title='bbox 1348 1281 1445 1316; x_wconf 75' lang='grc' dir='ltr'>ἐδήλου</span> <span class='ocrx_word' id='word_1_389' title='bbox 1455 1289 1462 1297; x_wconf 81' lang='grc'><strong><em>⁸</em></strong></span> <span class='ocrx_word' id='word_1_390' title='bbox 1478 1282 1549 1308; x_wconf 79' lang='grc' dir='ltr'>οὕτω</span> <span class='ocrx_word' id='word_1_391' title='bbox 1572 1282 1620 1308; x_wconf 71' lang='grc' dir='ltr'>καὶ</span> <span class='ocrx_word' id='word_1_392' title='bbox 1634 1281 1681 1309; x_wconf 82' lang='grc' dir='ltr'><strong>νῦν</strong></span> <span class='ocrx_word' id='word_1_393' title='bbox 1696 1282 1746 1317; x_wconf 85' lang='grc' dir='ltr'><strong>τὴν</strong></span> <span class='ocrx_word' id='word_1_394' title='bbox 1767 1282 1836 1316; x_wconf 77' lang='grc' dir='ltr'>ἕρη-</span> 
     </span>
    </p>
   </div>
   <div class='ocr_carea' id='block_1_55' title="bbox 1042 1326 1836 1364">
    <p class='ocr_par' dir='ltr' id='par_1_55' title="bbox 1042 1326 1836 1364">
     <span class='ocr_line' id='line_1_55' title="bbox 1042 1326 1836 1364; baseline -0.003 -9"><span class='ocrx_word' id='word_1_395' title='bbox 1042 1337 1102 1364; x_wconf 82' lang='grc' dir='ltr'><strong>μον</strong></span> <span class='ocrx_word' id='word_1_396' title='bbox 1113 1328 1305 1363; x_wconf 84' lang='grc' dir='ltr'>συνεορτάσειν</span> <span class='ocrx_word' id='word_1_397' title='bbox 1320 1326 1418 1360; x_wconf 75' lang='grc' dir='ltr'>εἰπὼν,</span> <span class='ocrx_word' id='word_1_398' title='bbox 1431 1328 1481 1363; x_wconf 86' lang='grc' dir='ltr'><strong>τὴν</strong></span> <span class='ocrx_word' id='word_1_399' title='bbox 1499 1327 1708 1354; x_wconf 77' lang='grc' dir='ltr'>καταλαϐοῦσαν</span> <span class='ocrx_word' id='word_1_400' title='bbox 1735 1327 1836 1359; x_wconf 72' lang='grc' dir='ltr'>αὐτοὺς</span> 
     </span>
    </p>
   </div>
   <div class='ocr_carea' id='block_1_56' title="bbox 1044 1374 1836 1409">
    <p class='ocr_par' dir='ltr' id='par_1_56' title="bbox 1044 1374 1836 1409">
     <span class='ocr_line' id='line_1_56' title="bbox 1044 1374 1836 1409; baseline -0.001 -7"><span class='ocrx_word' id='word_1_401' title='bbox 1044 1375 1240 1409; x_wconf 68' lang='grc' dir='ltr'>εὐφροσύνην</span> <span class='ocrx_word' id='word_1_402' title='bbox 1266 1374 1442 1409; x_wconf 80' lang='grc' dir='ltr'>παρίστησιν,</span> <span class='ocrx_word' id='word_1_403' title='bbox 1470 1374 1557 1400; x_wconf 77' lang='grc' dir='ltr'>αἴτιον</span> <span class='ocrx_word' id='word_1_404' title='bbox 1570 1374 1672 1401; x_wconf 83' lang='grc' dir='ltr'>τούτων</span> <span class='ocrx_word' id='word_1_405' title='bbox 1692 1374 1738 1401; x_wconf 77' lang='grc' dir='ltr'>τὸν</span> <span class='ocrx_word' id='word_1_406' title='bbox 1761 1374 1836 1401; x_wconf 80' lang='grc' dir='ltr'>ἔλεον</span> 
     </span>
    </p>
   </div>
   <div class='ocr_carea' id='block_1_57' title="bbox 1045 1419 1837 1454">
    <p class='ocr_par' dir='ltr' id='par_1_57' title="bbox 1045 1419 1837 1454">
     <span class='ocr_line' id='line_1_57' title="bbox 1045 1419 1837 1454; baseline -0.001 -7"><span class='ocrx_word' id='word_1_407' title='bbox 1045 1420 1131 1447; x_wconf 80' lang='grc' dir='ltr'>εἰπὼν</span> <span class='ocrx_word' id='word_1_408' title='bbox 1147 1420 1194 1447; x_wconf 87' lang='grc' dir='ltr'><strong>τοῦ</strong></span> <span class='ocrx_word' id='word_1_409' title='bbox 1216 1420 1295 1451; x_wconf 85' lang='grc' dir='ltr'>Θεοῦ,</span> <span class='ocrx_word' id='word_1_410' title='bbox 1315 1420 1348 1446; x_wconf 80' lang='grc' dir='ltr'>δι’</span> <span class='ocrx_word' id='word_1_411' title='bbox 1371 1420 1400 1446; x_wconf 88' lang='grc' dir='ltr'>ὃν</span> <span class='ocrx_word' id='word_1_412' title='bbox 1415 1421 1429 1447; x_wconf 86' lang='grc' dir='ltr'>ὁ</span> <span class='ocrx_word' id='word_1_413' title='bbox 1454 1420 1520 1451; x_wconf 81' lang='grc' dir='ltr'>Θεὸς</span> <span class='ocrx_word' id='word_1_414' title='bbox 1548 1419 1607 1453; x_wconf 81' lang='grc' dir='ltr'><strong>τὴν</strong></span> <span class='ocrx_word' id='word_1_415' title='bbox 1642 1419 1837 1454; x_wconf 72' lang='grc' dir='ltr'>Ἰερουσαλὴμ</span> 
     </span>
    </p>
   </div>
   <div class='ocr_carea' id='block_1_58' title="bbox 1045 1465 1837 1502">
    <p class='ocr_par' dir='ltr' id='par_1_58' title="bbox 1045 1465 1837 1502">
     <span class='ocr_line' id='line_1_58' title="bbox 1045 1465 1837 1502; baseline -0.003 -8"><span class='ocrx_word' id='word_1_416' title='bbox 1045 1466 1237 1501; x_wconf 74' lang='grc' dir='ltr'>ὲλυτρὼσατο</span> <span class='ocrx_word' id='word_1_417' title='bbox 1252 1465 1292 1499; x_wconf 85' lang='grc' dir='ltr'>τῷ</span> <span class='ocrx_word' id='word_1_418' title='bbox 1304 1466 1456 1500; x_wconf 77' lang='grc' dir='ltr'>βραχίονι,</span> <span class='ocrx_word' id='word_1_419' title='bbox 1470 1465 1544 1492; x_wconf 87' lang='grc' dir='ltr'>τοῦτ’</span> <span class='ocrx_word' id='word_1_420' title='bbox 1559 1465 1618 1492; x_wconf 78' lang='grc' dir='ltr'>ἐστι</span> <span class='ocrx_word' id='word_1_421' title='bbox 1632 1467 1666 1502; x_wconf 80' lang='grc' dir='ltr'>τῇ</span> <span class='ocrx_word' id='word_1_422' title='bbox 1691 1466 1740 1501; x_wconf 83' lang='grc' dir='ltr'>τῆς</span> <span class='ocrx_word' id='word_1_423' title='bbox 1757 1466 1837 1493; x_wconf 83' lang='grc' dir='ltr'>δυνά-</span> 
     </span>
    </p>
   </div>
   <div class='ocr_carea' id='block_1_59' title="bbox 1049 1511 1837 1549">
    <p class='ocr_par' dir='ltr' id='par_1_59' title="bbox 1049 1511 1837 1549">
     <span class='ocr_line' id='line_1_59' title="bbox 1049 1511 1837 1549; baseline -0.004 -9"><span class='ocrx_word' id='word_1_424' title='bbox 1049 1522 1121 1549; x_wconf 85' lang='grc' dir='ltr'>μεως</span> <span class='ocrx_word' id='word_1_425' title='bbox 1135 1512 1271 1549; x_wconf 71' lang='grc' dir='ltr'>ἐνεργείᾳ,</span> <span class='ocrx_word' id='word_1_426' title='bbox 1288 1512 1477 1546; x_wconf 77' lang='grc' dir='ltr'>γινωσκόντων</span> <span class='ocrx_word' id='word_1_427' title='bbox 1499 1511 1554 1538; x_wconf 84' lang='grc' dir='ltr'>τῶν</span> <span class='ocrx_word' id='word_1_428' title='bbox 1569 1511 1655 1538; x_wconf 84' lang='grc' dir='ltr'>ὲονῶν</span> <span class='ocrx_word' id='word_1_429' title='bbox 1667 1511 1705 1543; x_wconf 87' lang='grc' dir='ltr'>ὡς</span> <span class='ocrx_word' id='word_1_430' title='bbox 1721 1511 1837 1538; x_wconf 78' lang='grc' dir='ltr'>ἐπεσκέ-</span> 
     </span>
    </p>
   </div>
   <div class='ocr_carea' id='block_1_60' title="bbox 201 1554 992 1594">
    <p class='ocr_par' dir='ltr' id='par_1_60' title="bbox 201 1558 988 1594">
     <span class='ocr_line' id='line_1_60' title="bbox 201 1558 988 1594; baseline 0.003 -9"><span class='ocrx_word' id='word_1_431' title='bbox 201 1562 296 1593; x_wconf 74' lang='lat' dir='ltr'><strong>gentes</strong></span> <span class='ocrx_word' id='word_1_432' title='bbox 309 1559 374 1593; x_wconf 73' lang='lat' dir='ltr'><strong>ipsa:</strong></span> <span class='ocrx_word' id='word_1_433' title='bbox 389 1565 442 1585; x_wconf 92' lang='lat' dir='ltr'><strong>non</strong></span> <span class='ocrx_word' id='word_1_434' title='bbox 458 1558 639 1593; x_wconf 78' lang='lat' dir='ltr'><strong>ambigerem.</strong></span> <span class='ocrx_word' id='word_1_435' title='bbox 650 1558 738 1593; x_wconf 81' lang='lat' dir='ltr'><strong>Atque</strong></span> <span class='ocrx_word' id='word_1_436' title='bbox 747 1559 805 1586; x_wconf 79' lang='lat' dir='ltr'><strong>inec</strong></span> <span class='ocrx_word' id='word_1_437' title='bbox 817 1559 928 1594; x_wconf 88' lang='lat' dir='ltr'><strong>quidem</strong></span> <span class='ocrx_word' id='word_1_438' title='bbox 939 1560 988 1587; x_wconf 93' lang='lat' dir='ltr'><strong>illi.</strong></span> 
     </span>
    </p>
   </div>
   <div class='ocr_carea' id='block_1_61' title="bbox 1047 1554 1836 1594">
    <p class='ocr_par' dir='ltr' id='par_1_61' title="bbox 1047 1554 1836 1594">
     <span class='ocr_line' id='line_1_61' title="bbox 1047 1554 1836 1594; baseline -0.003 -8"><span class='ocrx_word' id='word_1_439' title='bbox 1047 1559 1113 1594; x_wconf 65' lang='grc' dir='ltr'><strong>ᾠατο</strong></span> <span class='ocrx_word' id='word_1_440' title='bbox 1129 1559 1178 1594; x_wconf 79' lang='grc' dir='ltr'>τὴν</span> <span class='ocrx_word' id='word_1_441' title='bbox 1196 1557 1376 1594; x_wconf 77' lang='grc' dir='ltr'>Ἰερουσαλὴμ</span> <span class='ocrx_word' id='word_1_442' title='bbox 1388 1559 1402 1584; x_wconf 79' lang='grc' dir='ltr'>ὁ</span> <span class='ocrx_word' id='word_1_443' title='bbox 1418 1558 1497 1589; x_wconf 80' lang='grc' dir='ltr'>Θεός·</span> <span class='ocrx_word' id='word_1_444' title='bbox 1514 1558 1561 1584; x_wconf 66' lang='grc' dir='ltr'>καὶ</span> <span class='ocrx_word' id='word_1_445' title='bbox 1576 1557 1663 1584; x_wconf 76' lang='grc' dir='ltr'>ταῦτα</span> <span class='ocrx_word' id='word_1_446' title='bbox 1690 1557 1739 1592; x_wconf 82' lang='grc' dir='ltr'>μὲν</span> <span class='ocrx_word' id='word_1_447' title='bbox 1754 1554 1836 1585; x_wconf 74' lang='grc' dir='ltr'>οὗτοι.</span> 
     </span>
    </p>
   </div>
   <div class='ocr_carea' id='block_1_62' title="bbox 199 1604 995 1639">
    <p class='ocr_par' dir='ltr' id='par_1_62' title="bbox 199 1604 995 1639">
     <span class='ocr_line' id='line_1_62' title="bbox 199 1604 995 1639; baseline 0.001 -7"><span class='ocrx_word' id='word_1_448' title='bbox 199 1605 334 1632; x_wconf 70' lang='lat' dir='ltr'><strong>(Imterum</strong></span> <span class='ocrx_word' id='word_1_449' title='bbox 354 1612 409 1639; x_wconf 88' lang='lat' dir='ltr'><strong>quo</strong></span> <span class='ocrx_word' id='word_1_450' title='bbox 430 1604 502 1638; x_wconf 90' lang='lat' dir='ltr'><strong>loco,</strong></span> <span class='ocrx_word' id='word_1_451' title='bbox 528 1604 583 1631; x_wconf 73' lang='grc' dir='ltr'>νοτε</span> <span class='ocrx_word' id='word_1_452' title='bbox 605 1605 809 1632; x_wconf 79' lang='lat' dir='ltr'><strong>custodientium</strong></span> <span class='ocrx_word' id='word_1_453' title='bbox 831 1611 853 1633; x_wconf 86' lang='lat' dir='ltr'><strong>te</strong></span> <span class='ocrx_word' id='word_1_454' title='bbox 874 1606 995 1634; x_wconf 66' lang='lat' dir='ltr'><strong>exaltata</strong></span> 
     </span>
    </p>
   </div>
   <div class='ocr_carea' id='block_1_63' title="bbox 201 1651 995 1686">
    <p class='ocr_par' dir='ltr' id='par_1_63' title="bbox 201 1651 995 1686">
     <span class='ocr_line' id='line_1_63' title="bbox 201 1651 995 1686; baseline 0.004 -9"><span class='ocrx_word' id='word_1_455' title='bbox 201 1657 252 1684; x_wconf 76' lang='lat' dir='ltr'><strong>est,</strong></span> <span class='ocrx_word' id='word_1_456' title='bbox 278 1651 421 1683; x_wconf 85' lang='lat' dir='ltr'><strong>habemus,</strong></span> <span class='ocrx_word' id='word_1_457' title='bbox 441 1651 495 1678; x_wconf 73' lang='lat' dir='ltr'><strong>Vox</strong></span> <span class='ocrx_word' id='word_1_458' title='bbox 519 1653 718 1686; x_wconf 78' lang='lat' dir='ltr'><strong>speculatorum</strong></span> <span class='ocrx_word' id='word_1_459' title='bbox 742 1657 848 1678; x_wconf 86' lang='lat' dir='ltr'><strong>tuorum</strong></span> <span class='ocrx_word' id='word_1_460' title='bbox 862 1652 934 1680; x_wconf 87' lang='lat' dir='ltr'><strong>elata</strong></span> <span class='ocrx_word' id='word_1_461' title='bbox 957 1658 995 1680; x_wconf 88' lang='lat' dir='ltr'><strong>est</strong></span> 
     </span>
    </p>
   </div>
   <div class='ocr_carea' id='block_1_64' title="bbox 201 1697 995 1733">
    <p class='ocr_par' dir='ltr' id='par_1_64' title="bbox 201 1697 995 1733">
     <span class='ocr_line' id='line_1_64' title="bbox 201 1697 995 1733; baseline 0.001 -9"><span class='ocrx_word' id='word_1_462' title='bbox 201 1697 400 1732; x_wconf 86' lang='lat' dir='ltr'><strong>interpretatur</strong></span> <span class='ocrx_word' id='word_1_463' title='bbox 428 1697 624 1732; x_wconf 85' lang='lat' dir='ltr'><strong>Symmachus,</strong></span> <span class='ocrx_word' id='word_1_464' title='bbox 649 1697 802 1733; x_wconf 74' lang='lat' dir='ltr'><strong>adjungens</strong></span> <span class='ocrx_word' id='word_1_465' title='bbox 825 1703 849 1724; x_wconf 81' lang='lat' dir='ltr'><strong>et</strong></span> <span class='ocrx_word' id='word_1_466' title='bbox 873 1699 900 1725; x_wconf 80' lang='lat' dir='ltr'><strong>in</strong></span> <span class='ocrx_word' id='word_1_467' title='bbox 926 1699 995 1726; x_wconf 83' lang='lat' dir='ltr'><strong>idem</strong></span> 
     </span>
    </p>
   </div>
   <div class='ocr_carea' id='block_1_65' title="bbox 203 1743 995 1779">
    <p class='ocr_par' dir='ltr' id='par_1_65' title="bbox 203 1743 995 1779">
     <span class='ocr_line' id='line_1_65' title="bbox 203 1743 995 1779; baseline 0.004 -10"><span class='ocrx_word' id='word_1_468' title='bbox 203 1743 352 1770; x_wconf 69' lang='lat' dir='ltr'><strong>laudabunt</strong></span> <span class='ocrx_word' id='word_1_469' title='bbox 369 1751 378 1770; x_wconf 92' lang='lat'><em>:</em></span> <span class='ocrx_word' id='word_1_470' title='bbox 393 1743 497 1770; x_wconf 88' lang='lat' dir='ltr'><strong>octtlale</strong></span> <span class='ocrx_word' id='word_1_471' title='bbox 512 1744 582 1770; x_wconf 87' lang='lat' dir='ltr'><strong>enim</strong></span> <span class='ocrx_word' id='word_1_472' title='bbox 598 1743 732 1775; x_wconf 79' lang='lat' dir='ltr'><strong>videbunt,</strong></span> <span class='ocrx_word' id='word_1_473' title='bbox 747 1744 853 1779; x_wconf 82' lang='lat' dir='ltr'><strong>quando</strong></span> <span class='ocrx_word' id='word_1_474' title='bbox 865 1750 995 1772; x_wconf 77' lang='lat' dir='ltr'><strong>convertet</strong></span> 
     </span>
    </p>
   </div>
   <div class='ocr_carea' id='block_1_66' title="bbox 203 1789 995 1825">
    <p class='ocr_par' dir='ltr' id='par_1_66' title="bbox 203 1789 995 1825">
     <span class='ocr_line' id='line_1_66' title="bbox 203 1789 995 1825; baseline 0 -8"><span class='ocrx_word' id='word_1_475' title='bbox 203 1790 269 1817; x_wconf 82' lang='lat' dir='ltr'><strong>Sion</strong></span> <span class='ocrx_word' id='word_1_476' title='bbox 287 1789 436 1822; x_wconf 83' lang='lat' dir='ltr'><strong>Dominus;</strong></span> <span class='ocrx_word' id='word_1_477' title='bbox 450 1790 476 1817; x_wconf 93' lang='lat' dir='ltr'><strong>in</strong></span> <span class='ocrx_word' id='word_1_478' title='bbox 493 1797 549 1825; x_wconf 88' lang='lat' dir='ltr'><strong>quo</strong></span> <span class='ocrx_word' id='word_1_479' title='bbox 562 1797 671 1817; x_wconf 66' lang='lat' dir='ltr'><strong>rursum</strong></span> <span class='ocrx_word' id='word_1_480' title='bbox 685 1791 727 1825; x_wconf 84' lang='lat' dir='ltr'><strong>pia</strong></span> <span class='ocrx_word' id='word_1_481' title='bbox 741 1790 803 1818; x_wconf 61' lang='lat' dir='ltr'><strong>vitae</strong></span> <span class='ocrx_word' id='word_1_482' title='bbox 821 1791 889 1818; x_wconf 80' lang='lat' dir='ltr'><strong>ratio</strong></span> <span class='ocrx_word' id='word_1_483' title='bbox 902 1791 995 1818; x_wconf 91' lang='lat' dir='ltr'><strong>innui-</strong></span> 
     </span>
    </p>
   </div>
   <div class='ocr_carea' id='block_1_67' title="bbox 202 1834 995 1871">
    <p class='ocr_par' dir='ltr' id='par_1_67' title="bbox 202 1834 995 1871">
     <span class='ocr_line' id='line_1_67' title="bbox 202 1834 995 1871; baseline 0 -8"><span class='ocrx_word' id='word_1_484' title='bbox 202 1841 258 1863; x_wconf 89' lang='lat' dir='ltr'><strong>tnr.</strong></span> <span class='ocrx_word' id='word_1_485' title='bbox 272 1834 325 1863; x_wconf 85' lang='lat' dir='ltr'><strong>Sed</strong></span> <span class='ocrx_word' id='word_1_486' title='bbox 341 1843 390 1871; x_wconf 93' lang='lat' dir='ltr'><strong>pro</strong></span> <span class='ocrx_word' id='word_1_487' title='bbox 409 1843 464 1870; x_wconf 88' lang='lat' dir='ltr'><strong>quo</strong></span> <span class='ocrx_word' id='word_1_488' title='bbox 476 1835 580 1864; x_wconf 86' lang='lat' dir='ltr'><strong>oculate</strong></span> <span class='ocrx_word' id='word_1_489' title='bbox 592 1836 662 1863; x_wconf 85' lang='lat' dir='ltr'><strong>dixit</strong></span> <span class='ocrx_word' id='word_1_490' title='bbox 674 1856 681 1867; x_wconf 85' lang='grc'><strong>,</strong></span> <span class='ocrx_word' id='word_1_491' title='bbox 699 1835 805 1863; x_wconf 83' lang='lat' dir='ltr'><strong>oculth</strong></span> <span class='ocrx_word' id='word_1_492' title='bbox 824 1837 851 1863; x_wconf 86' lang='lat' dir='ltr'><strong>in</strong></span> <span class='ocrx_word' id='word_1_493' title='bbox 862 1837 937 1863; x_wconf 86' lang='lat' dir='ltr'><strong>oculo</strong></span> <span class='ocrx_word' id='word_1_494' title='bbox 956 1838 995 1864; x_wconf 81' lang='lat' dir='ltr'><strong>vi-</strong></span> 
     </span>
    </p>
   </div>
   <div class='ocr_carea' id='block_1_68' title="bbox 203 1881 997 1918">
    <p class='ocr_par' dir='ltr' id='par_1_68' title="bbox 203 1881 997 1918">
     <span class='ocr_line' id='line_1_68' title="bbox 203 1881 997 1918; baseline 0.003 -10"><span class='ocrx_word' id='word_1_495' title='bbox 203 1890 279 1908; x_wconf 85' lang='lat' dir='ltr'><strong>suros</strong></span> <span class='ocrx_word' id='word_1_496' title='bbox 298 1890 353 1909; x_wconf 78' lang='lat' dir='ltr'><strong>esse</strong></span> <span class='ocrx_word' id='word_1_497' title='bbox 370 1881 469 1916; x_wconf 85' lang='lat' dir='ltr'><strong>reliqui</strong></span> <span class='ocrx_word' id='word_1_498' title='bbox 489 1882 701 1910; x_wconf 85' lang='lat' dir='ltr'><strong>transtulerunt.</strong></span> <span class='ocrx_word' id='word_1_499' title='bbox 728 1882 832 1910; x_wconf 85' lang='lat' dir='ltr'><strong>Deinde</strong></span> <span class='ocrx_word' id='word_1_500' title='bbox 850 1883 997 1918; x_wconf 83' lang='lat' dir='ltr'><strong>speculato-</strong></span> 
     </span>
    </p>
   </div>
   <div class='ocr_carea' id='block_1_69' title="bbox 202 1926 995 1963">
    <p class='ocr_par' dir='ltr' id='par_1_69' title="bbox 202 1926 995 1963">
     <span class='ocr_line' id='line_1_69' title="bbox 202 1926 995 1963; baseline 0.001 -9"><span class='ocrx_word' id='word_1_501' title='bbox 202 1935 261 1954; x_wconf 85' lang='lat' dir='ltr'><strong>rum</strong></span> <span class='ocrx_word' id='word_1_502' title='bbox 284 1927 404 1959; x_wconf 82' lang='lat' dir='ltr'><strong>nomine,</strong></span> <span class='ocrx_word' id='word_1_503' title='bbox 422 1926 574 1955; x_wconf 87' lang='lat' dir='ltr'><strong>Salvatoris</strong></span> <span class='ocrx_word' id='word_1_504' title='bbox 591 1927 744 1962; x_wconf 85' lang='lat' dir='ltr'><strong>discipulos</strong></span> <span class='ocrx_word' id='word_1_505' title='bbox 769 1927 905 1963; x_wconf 82' lang='lat' dir='ltr'><strong>intelligit.</strong></span> <span class='ocrx_word' id='word_1_506' title='bbox 929 1928 995 1955; x_wconf 82' lang='lat' dir='ltr'><strong>Nam</strong></span> 
     </span>
    </p>
   </div>
   <div class='ocr_carea' id='block_1_70' title="bbox 202 1973 997 2009">
    <p class='ocr_par' dir='ltr' id='par_1_70' title="bbox 202 1973 997 2009">
     <span class='ocr_line' id='line_1_70' title="bbox 202 1973 997 2009; baseline 0.003 -9"><span class='ocrx_word' id='word_1_507' title='bbox 202 1978 229 2000; x_wconf 84' lang='lat' dir='ltr'><strong>et</strong></span> <span class='ocrx_word' id='word_1_508' title='bbox 251 1973 287 2000; x_wconf 87' lang='lat' dir='ltr'><strong>ita</strong></span> <span class='ocrx_word' id='word_1_509' title='bbox 311 1973 456 2009; x_wconf 82' lang='lat' dir='ltr'><strong>prophetas</strong></span> <span class='ocrx_word' id='word_1_510' title='bbox 482 1973 635 2008; x_wconf 86' lang='lat' dir='ltr'><strong>antiquitus</strong></span> <span class='ocrx_word' id='word_1_511' title='bbox 658 1973 851 2008; x_wconf 79' lang='lat' dir='ltr'><strong>appellabant,</strong></span> <span class='ocrx_word' id='word_1_512' title='bbox 875 1977 902 2000; x_wconf 90' lang='lat' dir='ltr'><strong>et</strong></span> <span class='ocrx_word' id='word_1_513' title='bbox 923 1981 997 2002; x_wconf 85' lang='lat' dir='ltr'><strong>nunc</strong></span> 
     </span>
    </p>
   </div>
   <div class='ocr_carea' id='block_1_71' title="bbox 202 2019 997 2056">
    <p class='ocr_par' dir='ltr' id='par_1_71' title="bbox 202 2019 997 2056">
     <span class='ocr_line' id='line_1_71' title="bbox 202 2019 997 2056; baseline 0.003 -10"><span class='ocrx_word' id='word_1_514' title='bbox 202 2020 285 2046; x_wconf 79' lang='lat' dir='ltr'><strong>etiam</strong></span> <span class='ocrx_word' id='word_1_515' title='bbox 298 2019 416 2046; x_wconf 84' lang='lat' dir='ltr'><strong>recentis</strong></span> <span class='ocrx_word' id='word_1_516' title='bbox 427 2019 519 2054; x_wconf 89' lang='lat' dir='ltr'><strong>populi</strong></span> <span class='ocrx_word' id='word_1_517' title='bbox 532 2019 708 2054; x_wconf 76' lang='lat' dir='ltr'><strong>speculatores</strong></span> <span class='ocrx_word' id='word_1_518' title='bbox 717 2025 741 2047; x_wconf 86' lang='lat' dir='ltr'><strong>et</strong></span> <span class='ocrx_word' id='word_1_519' title='bbox 753 2020 872 2048; x_wconf 74' lang='lat' dir='ltr'><strong>custodes</strong></span> <span class='ocrx_word' id='word_1_520' title='bbox 883 2021 997 2056; x_wconf 83' lang='lat' dir='ltr'><strong>quidam</strong></span> 
     </span>
    </p>
   </div>
   <div class='ocr_carea' id='block_1_72' title="bbox 202 2065 996 2102">
    <p class='ocr_par' dir='ltr' id='par_1_72' title="bbox 202 2065 996 2102">
     <span class='ocr_line' id='line_1_72' title="bbox 202 2065 996 2102; baseline 0.001 -10"><span class='ocrx_word' id='word_1_521' title='bbox 202 2066 255 2100; x_wconf 85' lang='lat' dir='ltr'><strong>ipsi</strong></span> <span class='ocrx_word' id='word_1_522' title='bbox 276 2070 341 2093; x_wconf 92' lang='lat' dir='ltr'><strong>sunt</strong></span> <span class='ocrx_word' id='word_1_523' title='bbox 362 2065 498 2099; x_wconf 87' lang='lat' dir='ltr'><strong>apostoli;</strong></span> <span class='ocrx_word' id='word_1_524' title='bbox 521 2067 567 2101; x_wconf 90' lang='lat' dir='ltr'><strong>qui</strong></span> <span class='ocrx_word' id='word_1_525' title='bbox 592 2065 714 2093; x_wconf 85' lang='lat' dir='ltr'><strong>bonitate</strong></span> <span class='ocrx_word' id='word_1_526' title='bbox 735 2065 868 2094; x_wconf 78' lang='lat' dir='ltr'><strong>doctrinae</strong></span> <span class='ocrx_word' id='word_1_527' title='bbox 893 2067 996 2102; x_wconf 87' lang='lat' dir='ltr'><strong>pastori</strong></span> 
     </span>
    </p>
   </div>
   <div class='ocr_carea' id='block_1_73' title="bbox 202 2111 996 2147">
    <p class='ocr_par' dir='ltr' id='par_1_73' title="bbox 202 2111 996 2147">
     <span class='ocr_line' id='line_1_73' title="bbox 202 2111 996 2147; baseline 0.003 -9"><span class='ocrx_word' id='word_1_528' title='bbox 202 2111 320 2147; x_wconf 86' lang='lat' dir='ltr'><strong>principi</strong></span> <span class='ocrx_word' id='word_1_529' title='bbox 348 2111 480 2139; x_wconf 89' lang='lat' dir='ltr'><strong>adversus</strong></span> <span class='ocrx_word' id='word_1_530' title='bbox 506 2111 596 2147; x_wconf 91' lang='lat' dir='ltr'><strong>lupos,</strong></span> <span class='ocrx_word' id='word_1_531' title='bbox 618 2119 683 2139; x_wconf 87' lang='lat' dir='ltr'><strong>oves</strong></span> <span class='ocrx_word' id='word_1_532' title='bbox 711 2113 880 2139; x_wconf 76' lang='lat' dir='ltr'><strong>custodiunt.</strong></span> <span class='ocrx_word' id='word_1_533' title='bbox 912 2111 996 2140; x_wconf 83' lang='lat' dir='ltr'><strong>Iidem</strong></span> 
     </span>
    </p>
   </div>
   <div class='ocr_carea' id='block_1_74' title="bbox 203 2157 997 2193">
    <p class='ocr_par' dir='ltr' id='par_1_74' title="bbox 203 2157 997 2193">
     <span class='ocr_line' id='line_1_74' title="bbox 203 2157 997 2193; baseline -0.001 -7"><span class='ocrx_word' id='word_1_534' title='bbox 203 2162 353 2193; x_wconf 63' lang='lat' dir='ltr'><strong>praeterea,</strong></span> <span class='ocrx_word' id='word_1_535' title='bbox 378 2159 443 2193; x_wconf 88' lang='lat' dir='ltr'><strong>quia</strong></span> <span class='ocrx_word' id='word_1_536' title='bbox 474 2158 533 2186; x_wconf 89' lang='lat' dir='ltr'><strong>suis</strong></span> <span class='ocrx_word' id='word_1_537' title='bbox 557 2158 640 2185; x_wconf 83' lang='lat' dir='ltr'><strong>oculis</strong></span> <span class='ocrx_word' id='word_1_538' title='bbox 664 2157 835 2186; x_wconf 84' lang='lat' dir='ltr'><strong>Salvatorem</strong></span> <span class='ocrx_word' id='word_1_539' title='bbox 857 2158 997 2191; x_wconf 62' lang='lat' dir='ltr'><strong>viderunt,</strong></span> 
     </span>
    </p>
   </div>
   <div class='ocr_carea' id='block_1_75' title="bbox 203 2203 995 2240">
    <p class='ocr_par' dir='ltr' id='par_1_75' title="bbox 203 2203 995 2240">
     <span class='ocr_line' id='line_1_75' title="bbox 203 2203 995 2240; baseline 0 -8"><span class='ocrx_word' id='word_1_540' title='bbox 203 2205 316 2240; x_wconf 86' lang='lat' dir='ltr'><strong>suisque</strong></span> <span class='ocrx_word' id='word_1_541' title='bbox 324 2204 442 2232; x_wconf 84' lang='lat' dir='ltr'><strong>&#39;auribus</strong></span> <span class='ocrx_word' id='word_1_542' title='bbox 459 2203 641 2236; x_wconf 80' lang='lat' dir='ltr'><strong>audiverunt;</strong></span> <span class='ocrx_word' id='word_1_543' title='bbox 657 2212 745 2231; x_wconf 82' lang='lat' dir='ltr'><strong>vocem</strong></span> <span class='ocrx_word' id='word_1_544' title='bbox 763 2212 839 2231; x_wconf 84' lang='lat' dir='ltr'><strong>suam</strong></span> <span class='ocrx_word' id='word_1_545' title='bbox 856 2212 888 2232; x_wconf 85' lang='lat' dir='ltr'><strong>eo</strong></span> <span class='ocrx_word' id='word_1_546' title='bbox 908 2212 995 2240; x_wconf 86' lang='lat' dir='ltr'><strong>usque</strong></span> 
     </span>
    </p>
   </div>
   <div class='ocr_carea' id='block_1_76' title="bbox 201 2249 996 2285">
    <p class='ocr_par' dir='ltr' id='par_1_76' title="bbox 201 2249 996 2285">
     <span class='ocr_line' id='line_1_76' title="bbox 201 2249 996 2285; baseline 0 -7"><span class='ocrx_word' id='word_1_547' title='bbox 201 2251 368 2281; x_wconf 71' lang='lat' dir='ltr'><strong>excitarunt,</strong></span> <span class='ocrx_word' id='word_1_548' title='bbox 381 2256 409 2276; x_wconf 82' lang='lat' dir='ltr'><strong>ut</strong></span> <span class='ocrx_word' id='word_1_549' title='bbox 423 2249 567 2285; x_wconf 81' lang='lat' dir='ltr'><strong>agentibus</strong></span> <span class='ocrx_word' id='word_1_550' title='bbox 584 2249 705 2276; x_wconf 76' lang='lat' dir='ltr'><strong>omnibus</strong></span> <span class='ocrx_word' id='word_1_551' title='bbox 718 2249 813 2276; x_wconf 87' lang='lat' dir='ltr'><strong>audita</strong></span> <span class='ocrx_word' id='word_1_552' title='bbox 825 2251 872 2281; x_wconf 79' lang='lat' dir='ltr'><strong>sit,</strong></span> <span class='ocrx_word' id='word_1_553' title='bbox 884 2250 996 2285; x_wconf 80' lang='lat' dir='ltr'><strong>duoque</strong></span> 
     </span>
    </p>
   </div>
   <div class='ocr_carea' id='block_1_77' title="bbox 202 2293 1001 2329">
    <p class='ocr_par' dir='ltr' id='par_1_77' title="bbox 202 2293 1001 2329">
     <span class='ocr_line' id='line_1_77' title="bbox 202 2293 1001 2329; baseline -0.001 -7"><span class='ocrx_word' id='word_1_554' title='bbox 202 2295 230 2322; x_wconf 87' lang='lat' dir='ltr'><strong>in</strong></span> <span class='ocrx_word' id='word_1_555' title='bbox 249 2303 333 2322; x_wconf 88' lang='lat' dir='ltr'><strong>unuln</strong></span> <span class='ocrx_word' id='word_1_556' title='bbox 347 2293 439 2329; x_wconf 88' lang='lat' dir='ltr'><strong>populi</strong></span> <span class='ocrx_word' id='word_1_557' title='bbox 459 2294 590 2326; x_wconf 89' lang='lat' dir='ltr'><strong>coierint,</strong></span> <span class='ocrx_word' id='word_1_558' title='bbox 604 2294 681 2328; x_wconf 58' lang='lat' dir='ltr'><strong>juxta</strong></span> <span class='ocrx_word' id='word_1_559' title='bbox 709 2294 774 2322; x_wconf 87' lang='lat' dir='ltr'><strong>illud</strong></span> <span class='ocrx_word' id='word_1_560' title='bbox 789 2303 796 2321; x_wconf 88' lang='lat'><strong>:</strong></span> <span class='ocrx_word' id='word_1_561' title='bbox 817 2303 826 2320; x_wconf 75' lang='grc' dir='ltr'>ι</span> <span class='ocrx_word' id='word_1_562' title='bbox 842 2294 1001 2327; x_wconf 63' lang='grc' dir='ltr'>ιωῑοιιιίιιί,</span> 
     </span>
    </p>
   </div>
   <div class='ocr_carea' id='block_1_78' title="bbox 203 2339 996 2377">
    <p class='ocr_par' dir='ltr' id='par_1_78' title="bbox 203 2339 996 2377">
     <span class='ocr_line' id='line_1_78' title="bbox 203 2339 996 2377; baseline 0 -8"><span class='ocrx_word' id='word_1_563' title='bbox 203 2345 299 2377; x_wconf 80' lang='lat' dir='ltr'><strong>gentes</strong></span> <span class='ocrx_word' id='word_1_564' title='bbox 316 2348 377 2368; x_wconf 90' lang='lat' dir='ltr'><strong>cum</strong></span> <span class='ocrx_word' id='word_1_565' title='bbox 393 2339 495 2375; x_wconf 89' lang='lat' dir='ltr'><strong>populo</strong></span> <span class='ocrx_word' id='word_1_566' title='bbox 510 2339 572 2375; x_wconf 78' lang='lat' dir='ltr'><strong>ejus</strong></span> <span class='ocrx_word' id='word_1_567' title='bbox 589 2339 621 2366; x_wconf 67' lang='grc' dir='ltr'><strong>δ’.</strong></span> <span class='ocrx_word' id='word_1_568' title='bbox 644 2350 660 2375; x_wconf 49' lang='grc' dir='ltr'><strong>ι,</strong></span> <span class='ocrx_word' id='word_1_569' title='bbox 677 2339 746 2367; x_wconf 86' lang='lat' dir='ltr'><strong>Hine</strong></span> <span class='ocrx_word' id='word_1_570' title='bbox 762 2345 789 2368; x_wconf 92' lang='lat' dir='ltr'><strong>et</strong></span> <span class='ocrx_word' id='word_1_571' title='bbox 813 2341 858 2368; x_wconf 89' lang='lat' dir='ltr'><strong>illa</strong></span> <span class='ocrx_word' id='word_1_572' title='bbox 874 2341 996 2373; x_wconf 79' lang='lat' dir='ltr'><strong>Davidis,</strong></span> 
     </span>
    </p>
   </div>
   <div class='ocr_carea' id='block_1_79' title="bbox 206 2385 996 2420">
    <p class='ocr_par' dir='ltr' id='par_1_79' title="bbox 206 2385 996 2420">
     <span class='ocr_line' id='line_1_79' title="bbox 206 2385 996 2420; baseline 0.003 -8"><span class='ocrx_word' id='word_1_573' title='bbox 206 2397 216 2412; x_wconf 80' lang='grc' dir='ltr'>ι</span> <span class='ocrx_word' id='word_1_574' title='bbox 233 2386 332 2414; x_wconf 76' lang='lat' dir='ltr'><strong>Audite</strong></span> <span class='ocrx_word' id='word_1_575' title='bbox 344 2386 413 2418; x_wconf 70' lang='lat' dir='ltr'><strong>hate,</strong></span> <span class='ocrx_word' id='word_1_576' title='bbox 431 2393 528 2413; x_wconf 88' lang='lat' dir='ltr'><strong>omnes</strong></span> <span class='ocrx_word' id='word_1_577' title='bbox 540 2389 637 2420; x_wconf 78' lang='lat' dir='ltr'><strong>gentes</strong></span> <span class='ocrx_word' id='word_1_578' title='bbox 655 2386 688 2412; x_wconf 76' lang='grc' dir='ltr'><strong>⁵ο.</strong></span> <span class='ocrx_word' id='word_1_579' title='bbox 704 2396 712 2412; x_wconf 77' lang='grc' dir='ltr'>ι</span> <span class='ocrx_word' id='word_1_580' title='bbox 726 2385 827 2412; x_wconf 80' lang='lat' dir='ltr'><strong>Deinde</strong></span> <span class='ocrx_word' id='word_1_581' title='bbox 844 2395 899 2413; x_wconf 91' lang='lat' dir='ltr'><strong>non</strong></span> <span class='ocrx_word' id='word_1_582' title='bbox 916 2387 996 2414; x_wconf 79' lang='lat' dir='ltr'><strong>aliter</strong></span> 
     </span>
    </p>
   </div>
   <div class='ocr_carea' id='block_1_80' title="bbox 203 2431 991 2468">
    <p class='ocr_par' dir='ltr' id='par_1_80' title="bbox 203 2431 991 2468">
     <span class='ocr_line' id='line_1_80' title="bbox 203 2431 991 2468; baseline 0 -8"><span class='ocrx_word' id='word_1_583' title='bbox 203 2440 284 2467; x_wconf 90' lang='lat' dir='ltr'><strong>quam</strong></span> <span class='ocrx_word' id='word_1_584' title='bbox 301 2432 359 2468; x_wconf 89' lang='lat' dir='ltr'><strong>ipsa</strong></span> <span class='ocrx_word' id='word_1_585' title='bbox 376 2431 575 2459; x_wconf 70' lang='lat' dir='ltr'><strong>daemoniorum</strong></span> <span class='ocrx_word' id='word_1_586' title='bbox 589 2432 746 2464; x_wconf 88' lang='lat' dir='ltr'><strong>multitudo,</strong></span> <span class='ocrx_word' id='word_1_587' title='bbox 759 2440 812 2458; x_wconf 90' lang='lat' dir='ltr'><strong>non</strong></span> <span class='ocrx_word' id='word_1_588' title='bbox 824 2431 884 2459; x_wconf 84' lang='lat' dir='ltr'><strong>sine</strong></span> <span class='ocrx_word' id='word_1_589' title='bbox 899 2434 991 2460; x_wconf 87' lang='lat' dir='ltr'><strong>sonitu</strong></span> 
     </span>
    </p>
   </div>
   <div class='ocr_carea' id='block_1_81' title="bbox 204 2478 992 2514">
    <p class='ocr_par' dir='ltr' id='par_1_81' title="bbox 204 2478 992 2514">
     <span class='ocr_line' id='line_1_81' title="bbox 204 2478 992 2514; baseline 0 -8"><span class='ocrx_word' id='word_1_590' title='bbox 204 2479 305 2514; x_wconf 88' lang='lat' dir='ltr'><strong>periit,</strong></span> <span class='ocrx_word' id='word_1_591' title='bbox 321 2482 350 2506; x_wconf 91' lang='lat' dir='ltr'><strong>ut</strong></span> <span class='ocrx_word' id='word_1_592' title='bbox 367 2485 383 2505; x_wconf 87' lang='lat' dir='ltr'><strong>a</strong></span> <span class='ocrx_word' id='word_1_593' title='bbox 397 2478 508 2505; x_wconf 87' lang='lat' dir='ltr'><strong>nemine</strong></span> <span class='ocrx_word' id='word_1_594' title='bbox 523 2478 695 2513; x_wconf 81' lang='lat' dir='ltr'><strong>ignoraretur</strong></span> <span class='ocrx_word' id='word_1_595' title='bbox 708 2487 714 2505; x_wconf 93' lang='lat'>:</span> <span class='ocrx_word' id='word_1_596' title='bbox 726 2478 800 2505; x_wconf 87' lang='lat' dir='ltr'><strong>sicel</strong></span> <span class='ocrx_word' id='word_1_597' title='bbox 811 2478 911 2505; x_wconf 85' lang='lat' dir='ltr'><strong>salutis</strong></span> <span class='ocrx_word' id='word_1_598' title='bbox 922 2486 992 2513; x_wconf 69' lang='lat' dir='ltr'><strong>prte—</strong></span> 
     </span>
    </p>
   </div>
   <div class='ocr_carea' id='block_1_82' title="bbox 203 2523 994 2559">
    <p class='ocr_par' dir='ltr' id='par_1_82' title="bbox 203 2523 994 2559">
     <span class='ocr_line' id='line_1_82' title="bbox 203 2523 994 2559; baseline -0.001 -7"><span class='ocrx_word' id='word_1_599' title='bbox 203 2527 314 2552; x_wconf 83' lang='lat' dir='ltr'><strong>conium</strong></span> <span class='ocrx_word' id='word_1_600' title='bbox 330 2523 364 2552; x_wconf 83' lang='lat' dir='ltr'><strong>ab</strong></span> <span class='ocrx_word' id='word_1_601' title='bbox 379 2524 508 2552; x_wconf 89' lang='lat' dir='ltr'><strong>omnibus</strong></span> <span class='ocrx_word' id='word_1_602' title='bbox 520 2543 528 2556; x_wconf 94' lang='lat'><strong>,</strong></span> <span class='ocrx_word' id='word_1_603' title='bbox 544 2524 591 2558; x_wconf 88' lang='lat' dir='ltr'><strong>qui</strong></span> <span class='ocrx_word' id='word_1_604' title='bbox 606 2523 634 2551; x_wconf 92' lang='lat' dir='ltr'><strong>in</strong></span> <span class='ocrx_word' id='word_1_605' title='bbox 650 2524 750 2552; x_wconf 88' lang='lat' dir='ltr'><strong>veteris</strong></span> <span class='ocrx_word' id='word_1_606' title='bbox 773 2524 883 2559; x_wconf 83' lang='lat' dir='ltr'><strong>tyranni</strong></span> <span class='ocrx_word' id='word_1_607' title='bbox 905 2524 994 2551; x_wconf 89' lang='lat' dir='ltr'><strong>locum</strong></span> 
     </span>
    </p>
   </div>
   <div class='ocr_carea' id='block_1_83' title="bbox 204 2569 993 2606">
    <p class='ocr_par' dir='ltr' id='par_1_83' title="bbox 204 2569 993 2606">
     <span class='ocr_line' id='line_1_83' title="bbox 204 2569 993 2606; baseline -0.001 -8"><span class='ocrx_word' id='word_1_608' title='bbox 204 2579 290 2606; x_wconf 77' lang='lat' dir='ltr'><strong>regem</strong></span> <span class='ocrx_word' id='word_1_609' title='bbox 309 2570 388 2605; x_wconf 81' lang='lat'><strong>593</strong></span> <span class='ocrx_word' id='word_1_610' title='bbox 401 2569 545 2598; x_wconf 90' lang='lat' dir='ltr'><strong>Dominum</strong></span> <span class='ocrx_word' id='word_1_611' title='bbox 561 2575 740 2606; x_wconf 82' lang='lat' dir='ltr'><strong>exceperunt,</strong></span> <span class='ocrx_word' id='word_1_612' title='bbox 754 2570 877 2597; x_wconf 66' lang='lat' dir='ltr'><strong>exaudiri</strong></span> <span class='ocrx_word' id='word_1_613' title='bbox 893 2570 993 2597; x_wconf 84' lang='lat' dir='ltr'><strong>decuit.</strong></span> 
     </span>
    </p>
   </div>
   <div class='ocr_carea' id='block_1_84' title="bbox 204 2616 994 2652">
    <p class='ocr_par' dir='ltr' id='par_1_84' title="bbox 204 2616 994 2652">
     <span class='ocr_line' id='line_1_84' title="bbox 204 2616 994 2652; baseline -0.003 -8"><span class='ocrx_word' id='word_1_614' title='bbox 204 2617 283 2650; x_wconf 86' lang='lat' dir='ltr'><strong>Quod</strong></span> <span class='ocrx_word' id='word_1_615' title='bbox 296 2618 377 2645; x_wconf 74' lang='lat' dir='ltr'><strong>nobis</strong></span> <span class='ocrx_word' id='word_1_616' title='bbox 386 2621 462 2644; x_wconf 87' lang='lat' dir='ltr'><strong>certe</strong></span> <span class='ocrx_word' id='word_1_617' title='bbox 477 2616 637 2644; x_wconf 82' lang='lat' dir='ltr'><strong>festivitatis</strong></span> <span class='ocrx_word' id='word_1_618' title='bbox 646 2620 672 2643; x_wconf 89' lang='lat' dir='ltr'><strong>ct</strong></span> <span class='ocrx_word' id='word_1_619' title='bbox 687 2616 788 2643; x_wconf 58' lang='lat' dir='ltr'><strong>latitia)</strong></span> <span class='ocrx_word' id='word_1_620' title='bbox 803 2621 994 2652; x_wconf 81' lang='lat' dir='ltr'><strong>argumentum</strong></span> 
     </span>
    </p>
   </div>
   <div class='ocr_carea' id='block_1_85' title="bbox 206 2659 996 2696">
    <p class='ocr_par' dir='ltr' id='par_1_85' title="bbox 206 2659 996 2696">
     <span class='ocr_line' id='line_1_85' title="bbox 206 2659 996 2696; baseline -0.001 -9"><span class='ocrx_word' id='word_1_621' title='bbox 206 2661 313 2696; x_wconf 70' lang='lat' dir='ltr'><strong>peperit</strong></span> <span class='ocrx_word' id='word_1_622' title='bbox 336 2681 344 2693; x_wconf 91' lang='lat'><strong>,</strong></span> <span class='ocrx_word' id='word_1_623' title='bbox 363 2660 441 2695; x_wconf 80' lang='lat' dir='ltr'><strong>juxta</strong></span> <span class='ocrx_word' id='word_1_624' title='bbox 457 2659 545 2687; x_wconf 87' lang='lat' dir='ltr'><strong>illud:</strong></span> <span class='ocrx_word' id='word_1_625' title='bbox 566 2668 576 2685; x_wconf 84' lang='grc'><strong>‹</strong></span> <span class='ocrx_word' id='word_1_626' title='bbox 597 2659 729 2688; x_wconf 87' lang='lat' dir='ltr'><strong>Dominus</strong></span> <span class='ocrx_word' id='word_1_627' title='bbox 747 2661 883 2695; x_wconf 75' lang='lat' dir='ltr'><strong>regnarit,</strong></span> <span class='ocrx_word' id='word_1_628' title='bbox 903 2661 996 2687; x_wconf 86' lang='lat' dir='ltr'><strong>exsul-</strong></span> 
     </span>
    </p>
   </div>
   <div class='ocr_carea' id='block_1_86' title="bbox 205 2707 411 2735">
    <p class='ocr_par' dir='ltr' id='par_1_86' title="bbox 205 2707 411 2735">
     <span class='ocr_line' id='line_1_86' title="bbox 205 2707 411 2735; baseline -0.015 0"><span class='ocrx_word' id='word_1_629' title='bbox 205 2712 241 2735; x_wconf 90' lang='lat' dir='ltr'><strong>tet</strong></span> <span class='ocrx_word' id='word_1_630' title='bbox 258 2712 331 2735; x_wconf 87' lang='lat' dir='ltr'><strong>terra</strong></span> <span class='ocrx_word' id='word_1_631' title='bbox 344 2707 377 2734; x_wconf 64' lang='grc' dir='ltr'><strong>ιι.</strong></span> <span class='ocrx_word' id='word_1_632' title='bbox 401 2716 411 2732; x_wconf 77' lang='grc' dir='ltr'>ι</span> 
     </span>
    </p>
   </div>
   <div class='ocr_carea' id='block_1_87' title="bbox 242 2753 994 2790">
    <p class='ocr_par' dir='ltr' id='par_1_87' title="bbox 242 2753 994 2790">
     <span class='ocr_line' id='line_1_87' title="bbox 242 2753 994 2790; baseline -0.005 -7"><span class='ocrx_word' id='word_1_633' title='bbox 242 2756 301 2789; x_wconf 85' lang='lat' dir='ltr'><strong>Quo</strong></span> <span class='ocrx_word' id='word_1_634' title='bbox 320 2759 402 2790; x_wconf 89' lang='lat' dir='ltr'><strong>pacto</strong></span> <span class='ocrx_word' id='word_1_635' title='bbox 424 2759 515 2782; x_wconf 90' lang='lat' dir='ltr'><strong>autem</strong></span> <span class='ocrx_word' id='word_1_636' title='bbox 531 2758 631 2790; x_wconf 83' lang='lat' dir='ltr'><strong>regnet,</strong></span> <span class='ocrx_word' id='word_1_637' title='bbox 659 2761 713 2781; x_wconf 89' lang='lat' dir='ltr'><strong>non</strong></span> <span class='ocrx_word' id='word_1_638' title='bbox 731 2753 850 2781; x_wconf 82' lang='lat' dir='ltr'><strong>obscure</strong></span> <span class='ocrx_word' id='word_1_639' title='bbox 881 2753 994 2784; x_wconf 78' lang='lat' dir='ltr'><strong>indicat,</strong></span> 
     </span>
    </p>
   </div>
   <div class='ocr_carea' id='block_1_88' title="bbox 206 2799 993 2834">
    <p class='ocr_par' dir='ltr' id='par_1_88' title="bbox 206 2799 993 2834">
     <span class='ocr_line' id='line_1_88' title="bbox 206 2799 993 2834; baseline -0.003 -6"><span class='ocrx_word' id='word_1_640' title='bbox 206 2808 268 2828; x_wconf 87' lang='lat' dir='ltr'><strong>cum</strong></span> <span class='ocrx_word' id='word_1_641' title='bbox 280 2808 368 2828; x_wconf 79' lang='lat' dir='ltr'><strong>vocent</strong></span> <span class='ocrx_word' id='word_1_642' title='bbox 383 2800 588 2827; x_wconf 78' lang='lat' dir='ltr'><strong>custodientium</strong></span> <span class='ocrx_word' id='word_1_643' title='bbox 598 2799 744 2827; x_wconf 68' lang='lat' dir='ltr'><strong>exaltatum</strong></span> <span class='ocrx_word' id='word_1_644' title='bbox 757 2807 791 2825; x_wconf 40' lang='lat' dir='ltr'><strong>es.</strong></span> <span class='ocrx_word' id='word_1_645' title='bbox 801 2807 814 2825; x_wconf 89' lang='lat' dir='ltr'><strong>e</strong></span> <span class='ocrx_word' id='word_1_646' title='bbox 830 2799 971 2834; x_wconf 72' lang='lat' dir='ltr'><strong>subiungit</strong></span> <span class='ocrx_word' id='word_1_647' title='bbox 986 2807 993 2826; x_wconf 90' lang='lat'><strong>:</strong></span> 
     </span>
    </p>
   </div>
   <div class='ocr_carea' id='block_1_89' title="bbox 1053 1603 1836 1639">
    <p class='ocr_par' dir='ltr' id='par_1_89' title="bbox 1053 1603 1836 1639">
     <span class='ocr_line' id='line_1_89' title="bbox 1053 1603 1836 1639; baseline -0.003 -7"><span class='ocrx_word' id='word_1_648' title='bbox 1053 1607 1126 1632; x_wconf 79' lang='grc' dir='ltr'>Ἀντὶ</span> <span class='ocrx_word' id='word_1_649' title='bbox 1140 1606 1167 1632; x_wconf 83' lang='grc' dir='ltr'><strong>δὲ</strong></span> <span class='ocrx_word' id='word_1_650' title='bbox 1183 1605 1241 1637; x_wconf 79' lang='grc' dir='ltr'>τοῦ,</span> <span class='ocrx_word' id='word_1_651' title='bbox 1256 1605 1341 1639; x_wconf 59' lang='grc' dir='ltr'><strong>φωνὴ</strong></span> <span class='ocrx_word' id='word_1_652' title='bbox 1358 1605 1418 1631; x_wconf 79' lang='grc' dir='ltr'><strong>τῶν</strong></span> <span class='ocrx_word' id='word_1_653' title='bbox 1431 1605 1657 1638; x_wconf 67' lang='grc' dir='ltr'>φυλασσόντων</span> <span class='ocrx_word' id='word_1_654' title='bbox 1667 1612 1704 1631; x_wconf 84' lang='grc' dir='ltr'>σε</span> <span class='ocrx_word' id='word_1_655' title='bbox 1719 1603 1836 1638; x_wconf 71' lang='grc' dir='ltr'><strong>ὑψώθη,</strong></span> 
     </span>
    </p>
   </div>
   <div class='ocr_carea' id='block_1_90' title="bbox 1046 1649 1838 1687">
    <p class='ocr_par' dir='ltr' id='par_1_90' title="bbox 1046 1649 1838 1687">
     <span class='ocr_line' id='line_1_90' title="bbox 1046 1649 1838 1687; baseline -0.003 -9"><span class='ocrx_word' id='word_1_656' title='bbox 1046 1653 1060 1678; x_wconf 81' lang='grc' dir='ltr'>ὁ</span> <span class='ocrx_word' id='word_1_657' title='bbox 1087 1652 1247 1687; x_wconf 81' lang='grc' dir='ltr'>Σύμμαχος,</span> <span class='ocrx_word' id='word_1_658' title='bbox 1278 1651 1364 1685; x_wconf 80' lang='grc' dir='ltr'>Φωνὴ</span> <span class='ocrx_word' id='word_1_659' title='bbox 1391 1650 1451 1677; x_wconf 82' lang='grc' dir='ltr'><strong>τῶν</strong></span> <span class='ocrx_word' id='word_1_660' title='bbox 1480 1649 1606 1677; x_wconf 80' lang='grc' dir='ltr'>σκοπῶν</span> <span class='ocrx_word' id='word_1_661' title='bbox 1631 1657 1690 1676; x_wconf 86' lang='grc' dir='ltr'>σου</span> <span class='ocrx_word' id='word_1_662' title='bbox 1715 1649 1838 1683; x_wconf 71' lang='grc' dir='ltr'>ἐπῆρεν,</span> 
     </span>
    </p>
   </div>
   <div class='ocr_carea' id='block_1_91' title="bbox 1047 1695 1838 1733">
    <p class='ocr_par' dir='ltr' id='par_1_91' title="bbox 1047 1695 1838 1733">
     <span class='ocr_line' id='line_1_91' title="bbox 1047 1695 1838 1733; baseline -0.003 -9"><span class='ocrx_word' id='word_1_663' title='bbox 1047 1698 1229 1733; x_wconf 78' lang='grc' dir='ltr'>ὲρμήνευσεν,</span> <span class='ocrx_word' id='word_1_664' title='bbox 1249 1697 1297 1723; x_wconf 75' lang='grc' dir='ltr'>καὶ</span> <span class='ocrx_word' id='word_1_665' title='bbox 1321 1697 1473 1732; x_wconf 75' lang='grc' dir='ltr'>ἐπήγαγεν,</span> <span class='ocrx_word' id='word_1_666' title='bbox 1488 1696 1536 1722; x_wconf 79' lang='grc' dir='ltr'><strong>ἐπὶ</strong></span> <span class='ocrx_word' id='word_1_667' title='bbox 1554 1695 1588 1722; x_wconf 82' lang='grc' dir='ltr'>τὸ</span> <span class='ocrx_word' id='word_1_668' title='bbox 1610 1695 1683 1722; x_wconf 80' lang='grc' dir='ltr'>αὐτὸ</span> <span class='ocrx_word' id='word_1_669' title='bbox 1698 1695 1838 1722; x_wconf 78' lang='grc' dir='ltr'>αἷνέσου-</span> 
     </span>
    </p>
   </div>
   <div class='ocr_carea' id='block_1_92' title="bbox 1046 1741 1838 1777">
    <p class='ocr_par' dir='ltr' id='par_1_92' title="bbox 1046 1741 1838 1777">
     <span class='ocr_line' id='line_1_92' title="bbox 1046 1741 1838 1777; baseline -0.004 -7"><span class='ocrx_word' id='word_1_670' title='bbox 1046 1751 1108 1770; x_wconf 82' lang='grc' dir='ltr'><strong>σιν.</strong></span> <span class='ocrx_word' id='word_1_671' title='bbox 1138 1742 1391 1777; x_wconf 66' lang='grc' dir='ltr'>Ὀφθαλμοςρανῶς</span> <span class='ocrx_word' id='word_1_672' title='bbox 1419 1742 1475 1777; x_wconf 73' lang='grc' dir='ltr'>γὰρ</span> <span class='ocrx_word' id='word_1_673' title='bbox 1501 1741 1630 1775; x_wconf 75' lang='grc' dir='ltr'>ὄψονται</span> <span class='ocrx_word' id='word_1_674' title='bbox 1656 1741 1692 1768; x_wconf 81' lang='grc' dir='ltr'>ἐν</span> <span class='ocrx_word' id='word_1_675' title='bbox 1715 1741 1755 1774; x_wconf 84' lang='grc' dir='ltr'>τῷ</span> <span class='ocrx_word' id='word_1_676' title='bbox 1774 1741 1838 1767; x_wconf 76' lang='grc' dir='ltr'>ἑπι-</span> 
     </span>
    </p>
   </div>
   <div class='ocr_carea' id='block_1_93' title="bbox 1046 1787 1838 1823">
    <p class='ocr_par' dir='ltr' id='par_1_93' title="bbox 1046 1787 1838 1823">
     <span class='ocr_line' id='line_1_93' title="bbox 1046 1787 1838 1823; baseline -0.003 -8"><span class='ocrx_word' id='word_1_677' title='bbox 1046 1789 1176 1823; x_wconf 72' lang='grc' dir='ltr'>στρέψαι</span> <span class='ocrx_word' id='word_1_678' title='bbox 1189 1789 1300 1823; x_wconf 82' lang='grc' dir='ltr'>Κύριον</span> <span class='ocrx_word' id='word_1_679' title='bbox 1314 1788 1372 1821; x_wconf 80' lang='grc' dir='ltr'><strong>τὴν</strong></span> <span class='ocrx_word' id='word_1_680' title='bbox 1386 1788 1463 1815; x_wconf 78' lang='grc' dir='ltr'>Σιών</span> <span class='ocrx_word' id='word_1_681' title='bbox 1475 1795 1482 1802; x_wconf 90' lang='grc'>·</span> <span class='ocrx_word' id='word_1_682' title='bbox 1499 1787 1667 1823; x_wconf 84' lang='grc' dir='ltr'>δηλουμένου</span> <span class='ocrx_word' id='word_1_683' title='bbox 1691 1787 1774 1814; x_wconf 82' lang='grc' dir='ltr'>πάλιν</span> <span class='ocrx_word' id='word_1_684' title='bbox 1791 1787 1838 1813; x_wconf 77' lang='grc' dir='ltr'><strong>τοῦ</strong></span> 
     </span>
    </p>
   </div>
   <div class='ocr_carea' id='block_1_94' title="bbox 1048 1833 1840 1869">
    <p class='ocr_par' dir='ltr' id='par_1_94' title="bbox 1048 1833 1840 1869">
     <span class='ocr_line' id='line_1_94' title="bbox 1048 1833 1840 1869; baseline 0.001 -9"><span class='ocrx_word' id='word_1_685' title='bbox 1048 1833 1190 1865; x_wconf 71' lang='grc' dir='ltr'>θεοσεϐοῦς</span> <span class='ocrx_word' id='word_1_686' title='bbox 1207 1834 1416 1869; x_wconf 81' lang='grc' dir='ltr'>πολιτεύματος.</span> <span class='ocrx_word' id='word_1_687' title='bbox 1436 1834 1509 1861; x_wconf 76' lang='grc' dir='ltr'>Ἀντὶ</span> <span class='ocrx_word' id='word_1_688' title='bbox 1531 1834 1561 1861; x_wconf 79' lang='grc' dir='ltr'>δὲ</span> <span class='ocrx_word' id='word_1_689' title='bbox 1577 1834 1624 1861; x_wconf 84' lang='grc' dir='ltr'><strong>τοῦ</strong></span> <span class='ocrx_word' id='word_1_690' title='bbox 1648 1835 1840 1869; x_wconf 59' lang='grc' dir='ltr'>ὀφθαλμοφα·</span> 
     </span>
    </p>
   </div>
   <div class='ocr_carea' id='block_1_95' title="bbox 1047 1878 1839 1914">
    <p class='ocr_par' dir='ltr' id='par_1_95' title="bbox 1047 1878 1839 1914">
     <span class='ocr_line' id='line_1_95' title="bbox 1047 1878 1839 1914; baseline -0.004 -7"><span class='ocrx_word' id='word_1_691' title='bbox 1047 1879 1117 1913; x_wconf 83' lang='grc' dir='ltr'>νῶς,</span> <span class='ocrx_word' id='word_1_692' title='bbox 1130 1881 1154 1906; x_wconf 87' lang='lat' dir='ltr'><strong>ol</strong></span> <span class='ocrx_word' id='word_1_693' title='bbox 1169 1879 1258 1906; x_wconf 76' lang='grc' dir='ltr'>λοιποὶ</span> <span class='ocrx_word' id='word_1_694' title='bbox 1270 1880 1351 1913; x_wconf 66' lang='grc' dir='ltr'>φασιν</span> <span class='ocrx_word' id='word_1_695' title='bbox 1368 1879 1527 1914; x_wconf 70' lang='grc' dir='ltr'><strong>ὀφθαλμὸν</strong></span> <span class='ocrx_word' id='word_1_696' title='bbox 1542 1879 1579 1906; x_wconf 83' lang='grc' dir='ltr'>ἐν</span> <span class='ocrx_word' id='word_1_697' title='bbox 1593 1878 1736 1914; x_wconf 58' lang='grc' dir='ltr'>ὀφθαλμῷ</span> <span class='ocrx_word' id='word_1_698' title='bbox 1746 1879 1839 1912; x_wconf 66' lang='grc' dir='ltr'><strong>ὀψον-</strong></span> 
     </span>
    </p>
   </div>
   <div class='ocr_carea' id='block_1_96' title="bbox 1047 1924 1839 1965">
    <p class='ocr_par' dir='ltr' id='par_1_96' title="bbox 1047 1924 1839 1965">
     <span class='ocr_line' id='line_1_96' title="bbox 1047 1924 1839 1965; baseline -0.004 -12"><span class='ocrx_word' id='word_1_699' title='bbox 1047 1934 1105 1953; x_wconf 73' lang='lat' dir='ltr'><strong>rat.</strong></span> <span class='ocrx_word' id='word_1_700' title='bbox 1127 1925 1270 1965; x_wconf 53' lang='lat' dir='ltr'><strong>.Exozot‘ig-</strong></span> <span class='ocrx_word' id='word_1_701' title='bbox 1286 1925 1315 1951; x_wconf 74' lang='grc' dir='ltr'>δὲ</span> <span class='ocrx_word' id='word_1_702' title='bbox 1333 1924 1380 1951; x_wconf 85' lang='grc' dir='ltr'><strong>νῦν</strong></span> <span class='ocrx_word' id='word_1_703' title='bbox 1402 1925 1468 1957; x_wconf 79' lang='grc' dir='ltr'>τοὺς</span> <span class='ocrx_word' id='word_1_704' title='bbox 1496 1925 1621 1961; x_wconf 81' lang='grc' dir='ltr'>μαθητὰς</span> <span class='ocrx_word' id='word_1_705' title='bbox 1647 1925 1694 1951; x_wconf 88' lang='grc' dir='ltr'><strong>τοῦ</strong></span> <span class='ocrx_word' id='word_1_706' title='bbox 1712 1925 1839 1959; x_wconf 80' lang='grc' dir='ltr'>Σωτῆρος</span> 
     </span>
    </p>
   </div>
   <div class='ocr_carea' id='block_1_97' title="bbox 1048 1970 1840 2006">
    <p class='ocr_par' dir='ltr' id='par_1_97' title="bbox 1048 1970 1840 2006">
     <span class='ocr_line' id='line_1_97' title="bbox 1048 1970 1840 2006; baseline -0.001 -8"><span class='ocrx_word' id='word_1_707' title='bbox 1048 1971 1137 1998; x_wconf 81' lang='grc' dir='ltr'>καλεῖ.</span> <span class='ocrx_word' id='word_1_708' title='bbox 1159 1972 1212 1998; x_wconf 74' lang='lat' dir='ltr'><strong>Kal.</strong></span> <span class='ocrx_word' id='word_1_709' title='bbox 1229 1970 1315 1997; x_wconf 79' lang='grc' dir='ltr'>πάλαι</span> <span class='ocrx_word' id='word_1_710' title='bbox 1337 1970 1391 2006; x_wconf 77' lang='grc' dir='ltr'><strong>γὰρ</strong></span> <span class='ocrx_word' id='word_1_711' title='bbox 1416 1972 1479 2002; x_wconf 71' lang='grc' dir='ltr'>τοὺς</span> <span class='ocrx_word' id='word_1_712' title='bbox 1495 1971 1638 2006; x_wconf 69' lang='grc' dir='ltr'>προφήτας</span> <span class='ocrx_word' id='word_1_713' title='bbox 1664 1970 1750 2002; x_wconf 76' lang='grc' dir='ltr'>οὕτως</span> <span class='ocrx_word' id='word_1_714' title='bbox 1774 1971 1840 1997; x_wconf 77' lang='grc' dir='ltr'>ἑκά-</span> 
     </span>
    </p>
   </div>
   <div class='ocr_carea' id='block_1_98' title="bbox 1048 2016 1840 2051">
    <p class='ocr_par' dir='ltr' id='par_1_98' title="bbox 1048 2016 1840 2051">
     <span class='ocr_line' id='line_1_98' title="bbox 1048 2016 1840 2051; baseline -0.003 -7"><span class='ocrx_word' id='word_1_715' title='bbox 1048 2018 1121 2049; x_wconf 80' lang='grc' dir='ltr'>λουν,</span> <span class='ocrx_word' id='word_1_716' title='bbox 1137 2017 1185 2044; x_wconf 59' lang='lat' dir='ltr'><strong>xtl</strong></span> <span class='ocrx_word' id='word_1_717' title='bbox 1201 2017 1248 2044; x_wconf 88' lang='grc' dir='ltr'><strong>νῦν</strong></span> <span class='ocrx_word' id='word_1_718' title='bbox 1265 2017 1312 2044; x_wconf 86' lang='grc' dir='ltr'><strong>τοῦ</strong></span> <span class='ocrx_word' id='word_1_719' title='bbox 1335 2019 1396 2045; x_wconf 82' lang='grc' dir='ltr'>νέου</span> <span class='ocrx_word' id='word_1_720' title='bbox 1420 2016 1486 2044; x_wconf 80' lang='grc' dir='ltr'>λαοῦ</span> <span class='ocrx_word' id='word_1_721' title='bbox 1512 2017 1642 2051; x_wconf 82' lang='grc' dir='ltr'>γεγόνασι</span> <span class='ocrx_word' id='word_1_722' title='bbox 1656 2016 1766 2043; x_wconf 79' lang='grc' dir='ltr'>σκοποὶ</span> <span class='ocrx_word' id='word_1_723' title='bbox 1788 2016 1840 2043; x_wconf 73' lang='grc' dir='ltr'><strong>καὶ</strong></span> 
     </span>
    </p>
   </div>
   <div class='ocr_carea' id='block_1_99' title="bbox 1048 2061 1841 2099">
    <p class='ocr_par' dir='ltr' id='par_1_99' title="bbox 1048 2061 1841 2099">
     <span class='ocr_line' id='line_1_99' title="bbox 1048 2061 1841 2099; baseline -0.003 -9"><span class='ocrx_word' id='word_1_724' title='bbox 1048 2065 1182 2099; x_wconf 66' lang='grc' dir='ltr'>φύλακες</span> <span class='ocrx_word' id='word_1_725' title='bbox 1200 2065 1225 2090; x_wconf 92' lang='grc' dir='ltr'>οἱ</span> <span class='ocrx_word' id='word_1_726' title='bbox 1250 2065 1395 2092; x_wconf 81' lang='grc' dir='ltr'>ἀπόστολοι</span> <span class='ocrx_word' id='word_1_727' title='bbox 1411 2063 1598 2099; x_wconf 79' lang='grc' dir='ltr'>φυλάσσοντες</span> <span class='ocrx_word' id='word_1_728' title='bbox 1612 2063 1666 2090; x_wconf 80' lang='grc' dir='ltr'>ἀπὸ</span> <span class='ocrx_word' id='word_1_729' title='bbox 1681 2062 1735 2089; x_wconf 85' lang='grc' dir='ltr'>τῶν</span> <span class='ocrx_word' id='word_1_730' title='bbox 1749 2061 1841 2089; x_wconf 88' lang='grc' dir='ltr'>λύκων</span> 
     </span>
    </p>
   </div>
   <div class='ocr_carea' id='block_1_100' title="bbox 1052 2107 1840 2146">
    <p class='ocr_par' dir='ltr' id='par_1_100' title="bbox 1052 2107 1840 2146">
     <span class='ocr_line' id='line_1_100' title="bbox 1052 2107 1840 2146; baseline -0.004 -9"><span class='ocrx_word' id='word_1_731' title='bbox 1052 2110 1092 2146; x_wconf 86' lang='grc' dir='ltr'>τῷ</span> <span class='ocrx_word' id='word_1_732' title='bbox 1124 2111 1303 2146; x_wconf 79' lang='grc' dir='ltr'>ἁρχιποίμενι</span> <span class='ocrx_word' id='word_1_733' title='bbox 1328 2111 1364 2138; x_wconf 80' lang='grc' dir='ltr'>τὰ</span> <span class='ocrx_word' id='word_1_734' title='bbox 1391 2110 1517 2146; x_wconf 73' lang='grc' dir='ltr'>πρόϐατα</span> <span class='ocrx_word' id='word_1_735' title='bbox 1548 2109 1594 2137; x_wconf 87' lang='grc' dir='ltr'>διὰ</span> <span class='ocrx_word' id='word_1_736' title='bbox 1611 2109 1660 2144; x_wconf 80' lang='grc' dir='ltr'>τῆς</span> <span class='ocrx_word' id='word_1_737' title='bbox 1681 2107 1840 2144; x_wconf 83' lang='grc' dir='ltr'>πρεπούσης</span> 
     </span>
    </p>
   </div>
   <div class='ocr_carea' id='block_1_101' title="bbox 1055 2155 1841 2192">
    <p class='ocr_par' dir='ltr' id='par_1_101' title="bbox 1055 2155 1841 2192">
     <span class='ocr_line' id='line_1_101' title="bbox 1055 2155 1841 2192; baseline -0.004 -8"><span class='ocrx_word' id='word_1_738' title='bbox 1055 2158 1242 2190; x_wconf 81' lang='grc' dir='ltr'>διδασκαλίας.</span> <span class='ocrx_word' id='word_1_739' title='bbox 1268 2158 1325 2185; x_wconf 79' lang='grc' dir='ltr'><strong>Καὶ</strong></span> <span class='ocrx_word' id='word_1_740' title='bbox 1352 2155 1591 2192; x_wconf 65' lang='grc' dir='ltr'>ὀφθαιμοφανῶς</span> <span class='ocrx_word' id='word_1_741' title='bbox 1623 2155 1759 2182; x_wconf 83' lang='grc' dir='ltr'>αὐτόπται</span> <span class='ocrx_word' id='word_1_742' title='bbox 1793 2155 1841 2182; x_wconf 72' lang='grc' dir='ltr'><strong>καὶ¹</strong></span> 
     </span>
    </p>
   </div>
   <div class='ocr_carea' id='block_1_102' title="bbox 1050 2201 1840 2239">
    <p class='ocr_par' dir='ltr' id='par_1_102' title="bbox 1050 2201 1840 2239">
     <span class='ocr_line' id='line_1_102' title="bbox 1050 2201 1840 2239; baseline -0.005 -8"><span class='ocrx_word' id='word_1_743' title='bbox 1050 2204 1181 2239; x_wconf 79' lang='grc' dir='ltr'>αὐτήκοοι</span> <span class='ocrx_word' id='word_1_744' title='bbox 1205 2204 1253 2231; x_wconf 83' lang='grc' dir='ltr'><strong>τοῦ</strong></span> <span class='ocrx_word' id='word_1_745' title='bbox 1276 2203 1404 2239; x_wconf 81' lang='grc' dir='ltr'>Σωτῆρος</span> <span class='ocrx_word' id='word_1_746' title='bbox 1442 2203 1585 2238; x_wconf 85' lang='grc' dir='ltr'>γενόμενοι</span> <span class='ocrx_word' id='word_1_747' title='bbox 1625 2202 1756 2236; x_wconf 68' lang='grc' dir='ltr'>ὕψωσαν</span> <span class='ocrx_word' id='word_1_748' title='bbox 1781 2201 1840 2235; x_wconf 76' lang='grc' dir='ltr'><strong>τὴν</strong></span> 
     </span>
    </p>
   </div>
   <div class='ocr_carea' id='block_1_103' title="bbox 1050 2247 1841 2284">
    <p class='ocr_par' dir='ltr' id='par_1_103' title="bbox 1050 2247 1841 2284">
     <span class='ocr_line' id='line_1_103' title="bbox 1050 2247 1841 2284; baseline -0.004 -7"><span class='ocrx_word' id='word_1_749' title='bbox 1050 2249 1166 2277; x_wconf 82' lang='grc' dir='ltr'><strong>ἑαυτῶν</strong></span> <span class='ocrx_word' id='word_1_750' title='bbox 1193 2249 1310 2284; x_wconf 71' lang='grc' dir='ltr'>φωνὴν,</span> <span class='ocrx_word' id='word_1_751' title='bbox 1333 2250 1371 2282; x_wconf 85' lang='grc' dir='ltr'>ὡς</span> <span class='ocrx_word' id='word_1_752' title='bbox 1397 2248 1589 2282; x_wconf 73' lang='grc' dir='ltr'>ἐξακουστὸν</span> <span class='ocrx_word' id='word_1_753' title='bbox 1612 2247 1741 2282; x_wconf 83' lang='grc' dir='ltr'>γενέσθαι</span> <span class='ocrx_word' id='word_1_754' title='bbox 1763 2247 1841 2275; x_wconf 82' lang='grc' dir='ltr'>πᾶσι</span> 
     </span>
    </p>
   </div>
   <div class='ocr_carea' id='block_1_104' title="bbox 1049 2293 1840 2331">
    <p class='ocr_par' dir='ltr' id='par_1_104' title="bbox 1049 2293 1840 2331">
     <span class='ocr_line' id='line_1_104' title="bbox 1049 2293 1840 2331; baseline -0.005 -8"><span class='ocrx_word' id='word_1_755' title='bbox 1049 2295 1112 2329; x_wconf 81' lang='grc' dir='ltr'>τοῖς</span> <span class='ocrx_word' id='word_1_756' title='bbox 1133 2295 1256 2323; x_wconf 76' lang='grc' dir='ltr'>ἔθνεσιν</span> <span class='ocrx_word' id='word_1_757' title='bbox 1280 2296 1328 2323; x_wconf 73' lang='grc' dir='ltr'>καὶ</span> <span class='ocrx_word' id='word_1_758' title='bbox 1353 2295 1421 2331; x_wconf 84' lang='grc' dir='ltr'>πρὸς</span> <span class='ocrx_word' id='word_1_759' title='bbox 1449 2295 1499 2321; x_wconf 68' lang='lat' dir='ltr'><strong>Eva.</strong></span> <span class='ocrx_word' id='word_1_760' title='bbox 1522 2294 1587 2326; x_wconf 85' lang='grc' dir='ltr'>τοὺς</span> <span class='ocrx_word' id='word_1_761' title='bbox 1607 2293 1654 2320; x_wconf 80' lang='grc' dir='ltr'><strong>δύο</strong></span> <span class='ocrx_word' id='word_1_762' title='bbox 1673 2293 1840 2329; x_wconf 80' lang='grc' dir='ltr'>συναχθῆναι</span> 
     </span>
    </p>
   </div>
   <div class='ocr_carea' id='block_1_105' title="bbox 1048 2339 1838 2377">
    <p class='ocr_par' dir='ltr' id='par_1_105' title="bbox 1048 2339 1838 2377">
     <span class='ocr_line' id='line_1_105' title="bbox 1048 2339 1838 2377; baseline -0.005 -8"><span class='ocrx_word' id='word_1_763' title='bbox 1048 2342 1141 2373; x_wconf 81' lang='grc' dir='ltr'>λαοὺς.</span> <span class='ocrx_word' id='word_1_764' title='bbox 1157 2341 1228 2369; x_wconf 85' lang='grc' dir='ltr'>κατὰ</span> <span class='ocrx_word' id='word_1_765' title='bbox 1247 2341 1288 2368; x_wconf 88' lang='grc' dir='ltr'><strong>τό·</strong></span> <span class='ocrx_word' id='word_1_766' title='bbox 1306 2351 1315 2367; x_wconf 76' lang='grc' dir='ltr'>ί</span> <span class='ocrx_word' id='word_1_767' title='bbox 1328 2341 1519 2377; x_wconf 78' lang='grc' dir='ltr'>Εὐφρανθῆτε,</span> <span class='ocrx_word' id='word_1_768' title='bbox 1538 2340 1614 2376; x_wconf 75' lang='grc' dir='ltr'>ἔθνη,</span> <span class='ocrx_word' id='word_1_769' title='bbox 1631 2339 1701 2375; x_wconf 82' lang='grc' dir='ltr'>μετὰ</span> <span class='ocrx_word' id='word_1_770' title='bbox 1710 2339 1758 2366; x_wconf 87' lang='grc' dir='ltr'><strong>τοῦ</strong></span> <span class='ocrx_word' id='word_1_771' title='bbox 1773 2339 1838 2366; x_wconf 82' lang='grc' dir='ltr'>λαοῦ</span> 
     </span>
    </p>
   </div>
   <div class='ocr_carea' id='block_1_106' title="bbox 1048 2385 1839 2424">
    <p class='ocr_par' dir='ltr' id='par_1_106' title="bbox 1048 2385 1839 2424">
     <span class='ocr_line' id='line_1_106' title="bbox 1048 2385 1839 2424; baseline -0.004 -9"><span class='ocrx_word' id='word_1_772' title='bbox 1048 2388 1144 2416; x_wconf 84' lang='grc' dir='ltr'>αὺτοῦ.</span> <span class='ocrx_word' id='word_1_773' title='bbox 1161 2398 1171 2414; x_wconf 77' lang='grc' dir='ltr'>ι</span> <span class='ocrx_word' id='word_1_774' title='bbox 1192 2388 1237 2415; x_wconf 82' lang='grc' dir='ltr'>Διὸ</span> <span class='ocrx_word' id='word_1_775' title='bbox 1256 2388 1324 2424; x_wconf 80' lang='grc' dir='ltr'><strong>φησὶ</strong></span> <span class='ocrx_word' id='word_1_776' title='bbox 1348 2388 1395 2415; x_wconf 75' lang='grc' dir='ltr'><strong>καὶ</strong></span> <span class='ocrx_word' id='word_1_777' title='bbox 1420 2387 1519 2414; x_wconf 77' lang='grc' dir='ltr'>Δαϐίδ·</span> <span class='ocrx_word' id='word_1_778' title='bbox 1540 2397 1549 2412; x_wconf 79' lang='grc' dir='ltr'>ι</span> <span class='ocrx_word' id='word_1_779' title='bbox 1574 2386 1723 2413; x_wconf 82' lang='grc' dir='ltr'>Ἀκούσατε</span> <span class='ocrx_word' id='word_1_780' title='bbox 1740 2385 1839 2418; x_wconf 81' lang='grc' dir='ltr'>ταῦτα,</span> 
     </span>
    </p>
   </div>
   <div class='ocr_carea' id='block_1_107' title="bbox 1048 2432 1840 2469">
    <p class='ocr_par' dir='ltr' id='par_1_107' title="bbox 1048 2432 1840 2469">
     <span class='ocr_line' id='line_1_107' title="bbox 1048 2432 1840 2469; baseline -0.003 -8"><span class='ocrx_word' id='word_1_781' title='bbox 1048 2435 1138 2461; x_wconf 84' lang='grc' dir='ltr'>πάντα</span> <span class='ocrx_word' id='word_1_782' title='bbox 1170 2435 1205 2460; x_wconf 82' lang='grc' dir='ltr'>τὰ</span> <span class='ocrx_word' id='word_1_783' title='bbox 1229 2434 1304 2469; x_wconf 75' lang='grc' dir='ltr'>ἐονη.</span> <span class='ocrx_word' id='word_1_784' title='bbox 1322 2444 1331 2460; x_wconf 81' lang='grc' dir='ltr'>ι</span> <span class='ocrx_word' id='word_1_785' title='bbox 1364 2434 1419 2461; x_wconf 84' lang='grc' dir='ltr'><strong>Καὶ</strong></span> <span class='ocrx_word' id='word_1_786' title='bbox 1437 2433 1532 2469; x_wconf 83' lang='grc' dir='ltr'>ὥσπερ</span> <span class='ocrx_word' id='word_1_787' title='bbox 1555 2433 1586 2459; x_wconf 84' lang='grc' dir='ltr'><strong>τὸ</strong></span> <span class='ocrx_word' id='word_1_788' title='bbox 1610 2432 1666 2459; x_wconf 84' lang='grc' dir='ltr'><strong>τῶν</strong></span> <span class='ocrx_word' id='word_1_789' title='bbox 1691 2432 1840 2468; x_wconf 86' lang='grc' dir='ltr'>δαιμονίων</span> 
     </span>
    </p>
   </div>
   <div class='ocr_carea' id='block_1_108' title="bbox 1047 2479 1838 2516">
    <p class='ocr_par' dir='ltr' id='par_1_108' title="bbox 1047 2479 1838 2516">
     <span class='ocr_line' id='line_1_108' title="bbox 1047 2479 1838 2516; baseline -0.001 -10"><span class='ocrx_word' id='word_1_790' title='bbox 1047 2481 1151 2516; x_wconf 82' lang='grc' dir='ltr'>πλῆθος</span> <span class='ocrx_word' id='word_1_791' title='bbox 1163 2479 1289 2507; x_wconf 86' lang='grc' dir='ltr'>ἀπώλετο</span> <span class='ocrx_word' id='word_1_792' title='bbox 1307 2480 1366 2515; x_wconf 74' lang='grc' dir='ltr'>μετ’</span> <span class='ocrx_word' id='word_1_793' title='bbox 1382 2481 1476 2516; x_wconf 80' lang='grc' dir='ltr'>ήχους,</span> <span class='ocrx_word' id='word_1_794' title='bbox 1492 2480 1530 2511; x_wconf 82' lang='grc' dir='ltr'>ὼς</span> <span class='ocrx_word' id='word_1_795' title='bbox 1557 2479 1692 2514; x_wconf 80' lang='grc' dir='ltr'>ἀγνοῆσαι</span> <span class='ocrx_word' id='word_1_796' title='bbox 1716 2479 1819 2515; x_wconf 77' lang='grc' dir='ltr'>μηδένα</span> <span class='ocrx_word' id='word_1_797' title='bbox 1831 2488 1838 2494; x_wconf 90' lang='grc'><strong>-</strong></span> 
     </span>
    </p>
   </div>
   <div class='ocr_carea' id='block_1_109' title="bbox 1046 2525 1841 2562">
    <p class='ocr_par' dir='ltr' id='par_1_109' title="bbox 1046 2525 1841 2562">
     <span class='ocr_line' id='line_1_109' title="bbox 1046 2525 1841 2562; baseline 0 -10"><span class='ocrx_word' id='word_1_798' title='bbox 1046 2526 1119 2553; x_wconf 78' lang='grc' dir='ltr'>οὕτω</span> <span class='ocrx_word' id='word_1_799' title='bbox 1154 2526 1185 2552; x_wconf 79' lang='grc' dir='ltr'>τὸ</span> <span class='ocrx_word' id='word_1_800' title='bbox 1216 2527 1351 2562; x_wconf 85' lang='grc' dir='ltr'>σωτήριον</span> <span class='ocrx_word' id='word_1_801' title='bbox 1380 2527 1511 2562; x_wconf 81' lang='grc' dir='ltr'>κήρυγμα</span> <span class='ocrx_word' id='word_1_802' title='bbox 1534 2527 1618 2552; x_wconf 79' lang='grc' dir='ltr'>πᾶσιν</span> <span class='ocrx_word' id='word_1_803' title='bbox 1646 2525 1841 2558; x_wconf 76' lang='grc' dir='ltr'>ἐξάκουστον</span> 
     </span>
    </p>
   </div>
   <div class='ocr_carea' id='block_1_110' title="bbox 1047 2571 1840 2607">
    <p class='ocr_par' dir='ltr' id='par_1_110' title="bbox 1047 2571 1840 2607">
     <span class='ocr_line' id='line_1_110' title="bbox 1047 2571 1840 2607; baseline 0 -9"><span class='ocrx_word' id='word_1_804' title='bbox 1047 2572 1151 2606; x_wconf 78' lang='grc' dir='ltr'>γέγονε</span> <span class='ocrx_word' id='word_1_805' title='bbox 1159 2571 1295 2603; x_wconf 74' lang='grc' dir='ltr'>βασιλέα</span> <span class='ocrx_word' id='word_1_806' title='bbox 1306 2571 1466 2606; x_wconf 84' lang='grc' dir='ltr'>δεξαμένοις</span> <span class='ocrx_word' id='word_1_807' title='bbox 1477 2572 1538 2598; x_wconf 78' lang='grc' dir='ltr'>ἀντὶ</span> <span class='ocrx_word' id='word_1_808' title='bbox 1550 2571 1598 2598; x_wconf 84' lang='grc' dir='ltr'><strong>τοῦ</strong></span> <span class='ocrx_word' id='word_1_809' title='bbox 1610 2571 1694 2599; x_wconf 80' lang='grc' dir='ltr'>πάλαι</span> <span class='ocrx_word' id='word_1_810' title='bbox 1705 2571 1840 2607; x_wconf 73' lang='grc' dir='ltr'>τυράννου</span> 
     </span>
    </p>
   </div>
   <div class='ocr_carea' id='block_1_111' title="bbox 1046 2617 1842 2653">
    <p class='ocr_par' dir='ltr' id='par_1_111' title="bbox 1046 2617 1842 2653">
     <span class='ocr_line' id='line_1_111' title="bbox 1046 2617 1842 2653; baseline 0 -10"><span class='ocrx_word' id='word_1_811' title='bbox 1046 2618 1092 2643; x_wconf 80' lang='grc' dir='ltr'><strong>τὸν</strong></span> <span class='ocrx_word' id='word_1_812' title='bbox 1111 2617 1222 2653; x_wconf 77' lang='grc' dir='ltr'>Κύριον.</span> <span class='ocrx_word' id='word_1_813' title='bbox 1242 2618 1274 2644; x_wconf 86' lang='grc' dir='ltr'><em>Ὃ</em></span> <span class='ocrx_word' id='word_1_814' title='bbox 1289 2617 1320 2652; x_wconf 86' lang='grc' dir='ltr'><strong>δὴ</strong></span> <span class='ocrx_word' id='word_1_815' title='bbox 1337 2617 1385 2644; x_wconf 76' lang='grc' dir='ltr'>καὶ</span> <span class='ocrx_word' id='word_1_816' title='bbox 1404 2617 1516 2651; x_wconf 78' lang='grc' dir='ltr'>γέγονεν</span> <span class='ocrx_word' id='word_1_817' title='bbox 1539 2618 1605 2653; x_wconf 74' lang='grc' dir='ltr'>ἡμῖν</span> <span class='ocrx_word' id='word_1_818' title='bbox 1624 2617 1736 2652; x_wconf 79' lang='grc' dir='ltr'>ἀφορμὴ</span> <span class='ocrx_word' id='word_1_819' title='bbox 1753 2627 1842 2652; x_wconf 82' lang='grc' dir='ltr'>πανη-</span> 
     </span>
    </p>
   </div>
   <div class='ocr_carea' id='block_1_112' title="bbox 1047 2662 1843 2698">
    <p class='ocr_par' dir='ltr' id='par_1_112' title="bbox 1047 2662 1843 2698">
     <span class='ocr_line' id='line_1_112' title="bbox 1047 2662 1843 2698; baseline 0.003 -10"><span class='ocrx_word' id='word_1_820' title='bbox 1047 2662 1163 2698; x_wconf 82' lang='grc' dir='ltr'>γύρεως,</span> <span class='ocrx_word' id='word_1_821' title='bbox 1180 2663 1249 2689; x_wconf 59' lang='lat' dir='ltr'><strong>uti</strong></span> <span class='ocrx_word' id='word_1_822' title='bbox 1262 2663 1301 2689; x_wconf 85' lang='grc' dir='ltr'><strong>τό·</strong></span> <span class='ocrx_word' id='word_1_823' title='bbox 1314 2673 1323 2688; x_wconf 77' lang='grc' dir='ltr'>ι</span> <span class='ocrx_word' id='word_1_824' title='bbox 1341 2663 1369 2690; x_wconf 87' lang='lat'><strong>&#39;0</strong></span> <span class='ocrx_word' id='word_1_825' title='bbox 1386 2663 1488 2698; x_wconf 83' lang='grc' dir='ltr'>Κύριος</span> <span class='ocrx_word' id='word_1_826' title='bbox 1507 2662 1692 2696; x_wconf 73' lang='grc' dir='ltr'>ἐϐασίλευσεν,</span> <span class='ocrx_word' id='word_1_827' title='bbox 1711 2663 1843 2697; x_wconf 76' lang='grc' dir='ltr'>ἀγαλλιὰ-</span> 
     </span>
    </p>
   </div>
   <div class='ocr_carea' id='block_1_113' title="bbox 1050 2707 1228 2742">
    <p class='ocr_par' dir='ltr' id='par_1_113' title="bbox 1050 2707 1228 2742">
     <span class='ocr_line' id='line_1_113' title="bbox 1050 2707 1228 2742; baseline 0 -10"><span class='ocrx_word' id='word_1_828' title='bbox 1050 2707 1105 2733; x_wconf 72' lang='lat' dir='ltr'><strong>alito</strong></span> <span class='ocrx_word' id='word_1_829' title='bbox 1125 2707 1200 2742; x_wconf 86' lang='grc' dir='ltr'>ήγῆ.</span> <span class='ocrx_word' id='word_1_830' title='bbox 1219 2717 1228 2732; x_wconf 70' lang='grc' dir='ltr'>ι</span> 
     </span>
    </p>
   </div>
   <div class='ocr_carea' id='block_1_114' title="bbox 1084 2753 1839 2788">
    <p class='ocr_par' dir='ltr' id='par_1_114' title="bbox 1084 2753 1839 2788">
     <span class='ocr_line' id='line_1_114' title="bbox 1084 2753 1839 2788; baseline 0.001 -10"><span class='ocrx_word' id='word_1_831' title='bbox 1084 2753 1146 2784; x_wconf 84' lang='grc' dir='ltr'><strong>Πῶς</strong></span> <span class='ocrx_word' id='word_1_832' title='bbox 1161 2753 1189 2779; x_wconf 81' lang='grc' dir='ltr'><strong>δὲ</strong></span> <span class='ocrx_word' id='word_1_833' title='bbox 1201 2753 1361 2785; x_wconf 75' lang='grc' dir='ltr'>,βασιλεύει</span> <span class='ocrx_word' id='word_1_834' title='bbox 1377 2753 1452 2788; x_wconf 78' lang='grc' dir='ltr'>δηλοῖ</span> <span class='ocrx_word' id='word_1_835' title='bbox 1463 2753 1561 2787; x_wconf 82' lang='grc' dir='ltr'>λέγων,</span> <span class='ocrx_word' id='word_1_836' title='bbox 1586 2753 1672 2788; x_wconf 69' lang='grc' dir='ltr'><strong>φωνὴ</strong></span> <span class='ocrx_word' id='word_1_837' title='bbox 1703 2753 1763 2780; x_wconf 75' lang='grc' dir='ltr'>τῶν</span> <span class='ocrx_word' id='word_1_838' title='bbox 1782 2762 1839 2787; x_wconf 68' lang='grc' dir='ltr'><strong>φυ-</strong></span> 
     </span>
    </p>
   </div>
   <div class='ocr_carea' id='block_1_115' title="bbox 1045 2797 1838 2833">
    <p class='ocr_par' dir='ltr' id='par_1_115' title="bbox 1045 2797 1838 2833">
     <span class='ocr_line' id='line_1_115' title="bbox 1045 2797 1838 2833; baseline 0 -9"><span class='ocrx_word' id='word_1_839' title='bbox 1045 2799 1227 2825; x_wconf 76' lang='grc' dir='ltr'>λασσόντων</span> <span class='ocrx_word' id='word_1_840' title='bbox 1249 2806 1286 2826; x_wconf 87' lang='grc' dir='ltr'>σε</span> <span class='ocrx_word' id='word_1_841' title='bbox 1299 2799 1414 2833; x_wconf 67' lang='grc' dir='ltr'><strong>ὑψώθη.</strong></span> <span class='ocrx_word' id='word_1_842' title='bbox 1431 2798 1502 2833; x_wconf 80' lang='grc' dir='ltr'>Πρὸς</span> <span class='ocrx_word' id='word_1_843' title='bbox 1514 2798 1560 2830; x_wconf 80' lang='grc' dir='ltr'><strong>οὓς</strong></span> <span class='ocrx_word' id='word_1_844' title='bbox 1580 2798 1674 2833; x_wconf 74' lang='grc' dir='ltr'>ἔλεγεν</span> <span class='ocrx_word' id='word_1_845' title='bbox 1699 2797 1813 2830; x_wconf 80' lang='grc' dir='ltr'>Ἡσαΐας</span> <span class='ocrx_word' id='word_1_846' title='bbox 1830 2805 1838 2812; x_wconf 90' lang='grc'><strong>·</strong></span> 
     </span>
    </p>
   </div>
   <div class='ocr_carea' id='block_1_116' title="bbox 245 2886 992 2922">
    <p class='ocr_par' dir='ltr' id='par_1_116' title="bbox 245 2887 992 2922">
     <span class='ocr_line' id='line_1_116' title="bbox 245 2887 992 2922; baseline -0.003 -6"><span class='ocrx_word' id='word_1_847' title='bbox 245 2888 269 2906; x_wconf 68' lang='grc'><strong>⁵⁸</strong></span> <span class='ocrx_word' id='word_1_848' title='bbox 283 2888 385 2917; x_wconf 89' lang='lat' dir='ltr'><strong>Thren.</strong></span> <span class='ocrx_word' id='word_1_849' title='bbox 409 2898 428 2922; x_wconf 88' lang='grc' dir='ltr'>ι,</span> <span class='ocrx_word' id='word_1_850' title='bbox 450 2889 476 2916; x_wconf 67' lang='grc'><strong>4.</strong></span> <span class='ocrx_word' id='word_1_851' title='bbox 516 2889 537 2906; x_wconf 63' lang='grc' dir='ltr'>δν</span> <span class='ocrx_word' id='word_1_852' title='bbox 557 2888 608 2916; x_wconf 81' lang='lat' dir='ltr'><strong>lsa.</strong></span> <span class='ocrx_word' id='word_1_853' title='bbox 627 2896 700 2920; x_wconf 71' lang='lat' dir='ltr'><strong>LXVI,</strong></span> <span class='ocrx_word' id='word_1_854' title='bbox 716 2887 760 2916; x_wconf 70' lang='lat' dir='ltr'><strong>lt).</strong></span> <span class='ocrx_word' id='word_1_855' title='bbox 798 2887 820 2903; x_wconf 81' lang='grc'><strong>⁵⁰</strong></span> <span class='ocrx_word' id='word_1_856' title='bbox 839 2887 912 2916; x_wconf 87' lang='lat' dir='ltr'><strong>Psal.</strong></span> <span class='ocrx_word' id='word_1_857' title='bbox 935 2894 992 2914; x_wconf 67' lang='grc' dir='ltr'>χι,ιί</span> 
     </span>
    </p>
   </div>
   <div class='ocr_carea' id='block_1_117' title="bbox 1047 2886 1370 2922">
    <p class='ocr_par' dir='ltr' id='par_1_117' title="bbox 1047 2886 1370 2919">
     <span class='ocr_line' id='line_1_117' title="bbox 1047 2886 1370 2919; baseline 0.003 -6"><span class='ocrx_word' id='word_1_858' title='bbox 1047 2886 1071 2913; x_wconf 79' lang='lat'><strong>2.</strong></span> <span class='ocrx_word' id='word_1_859' title='bbox 1110 2887 1130 2903; x_wconf 79' lang='grc'>⁸¹</span> <span class='ocrx_word' id='word_1_860' title='bbox 1147 2886 1220 2914; x_wconf 83' lang='lat' dir='ltr'><strong>Psal.</strong></span> <span class='ocrx_word' id='word_1_861' title='bbox 1255 2894 1313 2919; x_wconf 72' lang='grc' dir='ltr'>ιον,</span> <span class='ocrx_word' id='word_1_862' title='bbox 1329 2887 1370 2914; x_wconf 89' lang='lat' dir='ltr'><strong>ll.</strong></span> 
     </span>
    </p>
   </div>
  </div>
