1999 3076
168 124 238 161 2513

751 128 1019 160 COMMENTARII
1039 129 1081 160 IN
1105 129 1251 160 ISAIAM,

1726 125 1800 157 25M

169 190 178 205 Ι
201 179 261 206 Ἐπ’
288 179 351 215 ὅρος
384 179 487 216 ὑψηλὸν
525 181 642 216 ἀνάϐηθι
672 183 687 209 ό
714 183 958 218 εὐαγγελιζόμενος

1019 190 1080 218 [nos
1091 183 1118 210 in
1134 183 1208 210 hunc
1221 180 1331 208 modum
1347 179 1431 208 lsaias
1444 180 1526 208 etiam
1537 179 1692 215 alloquitur
1705 188 1711 206 :
1729 189 1737 206 ι
1752 179 1807 206 Su-

166 225 244 253 Σιὼν.
266 226 394 261 ’Υψωσον
407 227 440 262 τῇ
455 226 527 262 ίσχύῖ
542 228 592 264 τὴν
619 228 712 264 φωνήν
735 237 793 256 σου.
816 239 826 255 ι
852 229 883 255 Ο¹ί
909 230 956 256 καὶ

165 272 359 306 εὐφροσύνης
399 272 585 309 ἐπληροῦντο,
617 273 801 309 ἐλεουμένης
836 275 885 310 τῆς
897 275 959 307 νέας

166 317 262 350 Σιὼν,
290 318 359 354 ὀμοῦ
390 318 430 354 τῷ
462 319 623 355 κηρύγματι
654 320 684 347 τὸ
717 320 798 356 ἔργον
839 321 959 356 ὁρῶντες

166 367 214 392 καὶ
247 365 303 392 τῶν
333 366 488 394 ἀκουόντων
500 367 550 403 τὴν
583 367 687 395 πίστιν.
713 368 769 396 Καὶ
797 368 904 401 Παῦλος
930 369 960 396 δὲ

166 411 266 446 γράφει
291 413 348 443 τοῖς
362 411 396 439 δι’
422 411 506 439 αὑτοῦ
534 413 747 440 πεπιστευκόσιν
762 421 769 429 ο
788 423 798 439 ι
817 414 897 449 Χαρὶ
911 414 959 441 καὶ

168 456 300 491 στέφανός
325 465 384 492 μου.
402 466 412 483 ι
431 457 494 484 ὀτι
515 457 544 484 δὲ
577 458 636 493 ἅμα
662 467 693 485 τε
731 459 872 492 ἐδίδασκον
911 460 959 486 καὶ

166 501 229 533 τοὺς
242 500 421 536 πειθομένους
438 499 533 538 εἶχον,
568 502 648 538 δῆλον
681 503 711 536 ἐξ
743 500 781 531 ὧν
811 513 894 540 φησιν
929 506 959 532 ἐν

167 548 226 578 ταῖς
240 547 384 582 Πράξεσιν,
402 547 440 579 ὼς
454 548 660 584 προσετέθησαν
671 549 701 575 ὲν
712 550 762 585 μιᾷ
775 550 869 586 ἡμέρᾳ
884 553 960 586 τρεῖς

167 592 286 626 χιλιάδες
302 592 481 627 ἀνδρῶνλὶαι¹
492 595 506 621 ὁ
518 593 692 629 δεσμοφύλαξ
706 595 735 622 δὲ
755 596 874 627 ἀκούσας
885 597 959 623 Παύ-

167 638 213 664 λου
225 646 232 653 ·
255 647 265 664 ι
280 638 372 673 Μηδὲν
387 639 496 675 πράξῃς
512 640 620 674 σεαυτῷ
636 641 723 667 κακόν
734 649 741 656 ·
756 641 878 674 ἅπαντες
905 643 959 678 γάρ

168 684 252 718 ἐσμεν
264 684 368 711 ἐνθάδε·
385 694 394 711 ι
409 685 554 720 θαυμάσας
583 686 736 722 ἐϐαπτίσθη
753 687 801 714 σὺν
814 688 897 715 παντὶ
920 688 960 724 τῷ

167 730 244 765 οίκῳ.
260 730 350 757 Αὐτοῦ
375 731 524 766 ὀφθαλμοὶ
540 731 570 758 δὲ
583 731 657 766 πρὸς
671 733 844 767 ὀφθαλμοὺς
865 732 958 767 εἶδον,

169 774 239 801 κατὰ
268 775 312 807 τὸ,
332 775 346 802 ό
376 775 442 807 Θεὸς
464 775 594 811 ἐμφανῶς
618 777 690 812 ἥξει.
704 778 816 812 Ἠγουν,
832 779 863 804 οὐ
875 779 929 810 τοῖς
946 783 959 797 ιι

169 821 225 852 σοῖς
237 820 402 856 ὀφθαλμοῖς
415 821 681 856 εὐφραινομένους,
699 823 760 858 ἅμα
773 823 810 858 τῇ
824 823 867 858 σῇ
874 823 960 859 φωνῇ

1009 236 1059 264 per
1078 232 1202 265 montem
1234 227 1374 254 excelsum
1403 226 1531 259 ascende,
1558 226 1604 261 qui
1634 225 1808 261 evangelizas

1011 275 1088 303 Sion.
1105 274 1201 302 Exalta
1224 272 1386 300 fortitudine
1403 277 1450 300 tua
1464 280 1559 300 vocem
1577 276 1652 299 tuam
1667 271 1700 299 ".
1720 281 1730 298 ι
1747 270 1808 298 ιω-

1011 322 1072 349 litia
1090 329 1200 348 rursum
1216 325 1244 348 et
1269 319 1323 355 ipsi
1344 319 1546 354 implebantur,
1559 319 1607 354 qui
1632 317 1739 346 Sionem
1758 318 1809 344 mi-

1009 368 1183 396 sericordiam
1207 374 1269 395 esse
1299 369 1500 398 consecutam;
1522 366 1569 400 qui
1594 363 1804 400 praedicationis

1009 422 1079 449 opus
1091 433 1099 446 ,
1126 414 1173 448 qni
1189 413 1362 440 audientium
1384 411 1464 439 ﬁdem
1489 411 1682 439 intuebantur.
1698 410 1767 437 Nam
1781 413 1809 437 et

1009 459 1196 492 Paulus,cum
1209 459 1242 486 ad
1259 466 1307 486 eos
1323 458 1433 490 scribit,
1445 458 1547 493 quibus
1563 457 1695 485 credendi
1711 460 1809 484 auctor

1010 505 1072 536 fuit.
1091 505 1201 533 eosdem
1228 504 1287 539 ipse
1312 504 1443 540 gaudium
1461 509 1489 531 et
1503 511 1636 531 coronam
1662 509 1740 530 suam
1757 509 1809 536 ap-

1010 551 1095 587 pellat
1119 550 1153 578 5'.
1169 550 1221 577 Eos
1236 555 1371 585 pratterea
1400 557 1456 576 non
1480 548 1611 576 docuisse
1624 551 1743 580 tantum,
1760 547 1809 574 sed

1011 596 1184 633 persuasisse
1196 596 1280 623 etiam
1298 603 1330 623 ex
1349 603 1382 622 co
1399 594 1609 630 patuerit,quod
1623 594 1651 621 in
1665 593 1742 621 Actis
1754 600 1809 619 uno

1011 642 1056 669 die
1071 642 1124 668 tria
1141 640 1284 668 hominum
1302 639 1386 666 millia
1412 639 1542 667 Ecclesia:
1569 638 1722 666 accessisse
1736 637 1811 672 legi-

1011 695 1073 714 mus
1087 687 1111 703 ⁵⁵
1127 695 1134 718 ;
1149 685 1263 713 Paulum
1292 685 1413 719 denique
1436 685 1557 712 carceris
1581 683 1701 716 custodi,
1718 690 1753 710 ne
1782 683 1810 709 in

1011 740 1042 760 se
1068 732 1133 759 mali
1153 731 1306 767 quidquam
1323 735 1456 766 patraret,
1470 731 1536 766 quia
1552 737 1649 757 omnes
1667 729 1809 760 adessent,

1012 777 1191 810 inclamasse,
1213 784 1330 812 eamque
1357 785 1416 804 rem
1447 777 1616 804 admiratum
1642 775 1720 803 illum
1747 782 1810 802 cum

1012 829 1069 852 tota
1081 824 1165 851 domo
1187 824 1360 859 baptizatum
1378 831 1441 852 esse
1457 823 1628 851 “.Viderunt
1644 826 1736 850 autem
1750 821 1811 856 ejus

167 866 240 900 τοὺς
258 867 439 901 ἀκούοντας.
462 867 536 895 ’Δντὶ
564 868 593 895 δὲ
609 868 667 902 τοῦ,
696 870 815 904 ρηξὰτω
835 871 896 906 ἅμα
910 873 958 898 εὐ-

1019 871 1084 898 muli
1098 871 1132 898 ad
1149 871 1252 903 oculos,
1265 870 1351 898 Deum
1367 870 1485 903 scilicet,
1497 877 1576 903 quem
1589 867 1735 896 manifeste
1744 874 1813 894 ιιι-ιι-

167 914 326 947 φροσύνηιν
341 914 378 941 τὰ
393 914 488 949 ἔρημα
516 915 713 951 Ἰερουσαλήμ
727 925 735 932 ·
757 917 772 943 ὁ
799 916 960 953 Σύμμαχος,

176 959 369 992 Ἶλαρύνθητε
401 959 450 986 καί
483 959 671 993 ἀγαλλιᾶσθε
697 960 772 994 ὁμοῦ
799 962 836 989 τὰ
867 962 963 998 ἔρημα

173 1002 384 1039 Ἰερουσαλὴμ,
402 1004 478 1039 φησι.
507 1005 544 1031 Τὸ
575 1004 604 1031 δὲ
637 1005 730 1040 ῥῆξαι
747 1007 864 1041 φωνὴν.
893 1017 964 1044 παρ-

170 1055 260 1086 ιττησι
275 1051 344 1087 τόνῳ
356 1051 586 1086 χρῆσθαιζςρωνῆς
602 1053 798 1088 χαριστηρίους
813 1053 885 1090 ᾠδὰς
895 1055 964 1082 ἀνα-

168 1097 341 1132 πέμποντας,
355 1097 388 1123 δι¹
408 1095 446 1124 ὧν
471 1097 645 1133 εὖφραίνοιτο
659 1098 737 1132 Θεὸς,
751 1101 823 1126 κατὰ
839 1100 880 1127 τό·
894 1101 966 1128 «Καὶ

169 1144 186 1178 ἡ
199 1143 311 1177 γλῶσσά
326 1153 377 1179 μου
392 1144 538 1179 μελετήσει
559 1146 608 1179 τὴν
640 1145 816 1181 δικαιοσύνην
832 1155 889 1179 σου,
900 1147 965 1182 ὅλην

168 1190 218 1226 τὴν
231 1190 339 1225 ἡμέραν
357 1191 403 1217 τὸν
421 1190 533 1217 ἔπαινόν
563 1199 622 1218 σου.
653 1200 662 1216 ι
680 1192 798 1226 Ἔρημα
824 1193 854 1219 δέ
881 1202 965 1228 φησιν

171 1237 319 1272 ίατορικῶς
329 1237 398 1272 μὲν(
413 1237 520 1264 ὅτιτῶν
533 1239 667 1265 πλείστων
680 1239 751 1274 μετὰ
759 1239 807 1274 τὴν
818 1240 888 1266 κατὰ
896 1241 962 1275 Χρι-

171 1281 235 1308 στοῦ
254 1281 357 1317 τόλμαν
369 1282 592 1316 δαπανηθέντων,
613 1285 718 1319 ἐρημία
728 1285 763 1312 τὰ
773 1285 888 1312 πλεῖστα
899 1295 968 1313 κατ-

170 1329 228 1363 εῖχε
250 1329 302 1364 τῆς
341 1329 455 1361 πόλεως.
478 1330 551 1365 Πρὸς
567 1330 596 1357 δὲ
615 1331 688 1364 νοῦν,
709 1332 834 1368 ὄτιπερή
853 1333 968 1368 Ἐκκλη-

174 1376 221 1403 σία
237 1377 299 1404 κατ’
323 1375 410 1412 ἀρχὰς
435 1376 632 1412 ὁλιγανδροῦσα
645 1377 714 1413 πρὸς
735 1377 851 1414 ἄπειρον
865 1378 967 1414 πλῆθος

170 1423 308 1450 ἐπέδωκεν
322 1422 436 1458 ὕστερον
448 1430 456 1439 ·
479 1423 548 1459 πρὸς
560 1423 593 1459 ἣν
609 1423 703 1458 ἔλεγεν
718 1432 725 1440 ·
742 1433 752 1450 ι
770 1422 857 1459 *Αρον
875 1425 968 1460 κύκλῳ

171 1468 236 1500 τοὺς
247 1467 407 1504 ὀφθαλμούς
423 1476 481 1501 σου,
502 1468 551 1496 καὶ
580 1468 619 1495 ἴδε
642 1470 801 1505 συνηγμένα
824 1470 859 1497 τὰ
882 1470 968 1498 τέκνα

1014 921 1106 944 turum
1122 916 1230 945 Psaltes
1252 916 1399 943 aﬁirmavit
1414 916 1437 932 "
1459 924 1467 943 :
1486 915 1528 942 vel
1543 922 1603 947 eos,
1617 915 1664 950 qui
1675 913 1732 941 tuis
1746 920 1813 939 ocu-

1016 964 1049 991 ιιι
1065 963 1203 994 laetantur,
1220 962 1324 997 quique
1335 961 1416 989 simul
1431 969 1520 989 vocem
1536 965 1609 987 tuam
1623 959 1746 987 audiunt.
1756 957 1812 986 Ubi

1016 1014 1121 1041 autem,
1138 1009 1287 1043 Erumpunt
1300 1007 1382 1035 simul
1395 1008 1423 1034 in
1438 1007 1560 1034 (mitium
1582 1007 1686 1033 deserta
1699 1005 1811 1032 Jerusa-

1018 1056 1079 1088 lem,
1096 1055 1228 1083 habemus
1244 1063 1251 1082 :
1266 1054 1471 1085 Exltilarentiui,
1482 1057 1508 1080 et
1536 1052 1705 1080 exsultemini
1733 1050 1814 1079 simul

1018 1102 1126 1129 deserta
1141 1101 1304 1134 Jerusalem,
1330 1100 1514 1136 Symmachus
1540 1099 1738 1134 interpretatus
1759 1101 1812 1124 est.

1014 1149 1082 1183 ipsa
1099 1147 1200 1176 deinde
1214 1147 1284 1175 vocis
1297 1147 1412 1181 eruptio,
1430 1146 1579 1181 gratiarum
1598 1145 1734 1175 actiones,
1749 1142 1813 1178 qni-

1020 1195 1074 1222 bus
1087 1193 1159 1222 Deus
1177 1194 1345 1224 oblectatur,
1361 1195 1495 1220 contenta
1511 1200 1572 1219 voce
1586 1191 1749 1218 decantassc
1767 1189 1815 1217 (le-

1020 1243 1167 1272 monstrat,
1184 1240 1262 1275 juxta
1287 1239 1376 1266 illud:
1396 1249 1405 1265 ι
1423 1238 1456 1265 Et
1473 1239 1565 1273 lingua
1581 1234 1813 1271 meditabiturjn-

1019 1286 1124 1315 stitiam
1150 1290 1237 1318 tuam,
1254 1289 1310 1313 tota
1329 1284 1375 1313 die
1393 1284 1501 1312 laudem
1527 1289 1601 1311 tuam
1618 1283 1686 1310 5”.»
1704 1281 1815 1309 Deserta

1020 1341 1105 1369 porro
1121 1332 1253 1360 historice
1265 1331 1375 1367 quidem
1388 1331 1450 1358 ideo
1459 1331 1507 1363 ait,
1521 1329 1594 1365 quod
1607 1329 1703 1356 urbem
1714 1328 1814 1363 ipsam,

1020 1379 1117 1406 multis
1129 1383 1193 1414 post
1206 1378 1357 1416 admissum
1374 1377 1402 1404 in
1417 1377 1557 1404 Christum
1576 1375 1684 1403 facinus
1703 1375 1816 1402 absum-

1020 1425 1087 1460 ptis,
1102 1425 1252 1460 pturimum
1280 1423 1426 1459 occupavit
1449 1422 1583 1451 solitudo.
1599 1421 1648 1449 Sin
1664 1424 1764 1452 autem
1783 1427 1816 1448 ea

1021 1471 1055 1498 ad
1086 1475 1207 1499 mentem
1237 1477 1406 1505 sensumque
1437 1469 1598 1497 interiorem
1629 1467 1814 1499 referantur;

171 1523 230 1543 σου.
250 1524 260 1541 ι
276 1515 403 1542 Τοιοῦτον
420 1515 467 1542 κοιλΙ
481 1515 522 1542 τό’
539 1525 548 1542 ι
565 1515 627 1542 Ὀτι
654 1516 739 1543 πολλὰ
759 1517 793 1544 τὰ
820 1517 903 1544 τέκνα
920 1517 965 1552 τῆς

1023 1517 1147 1544 Ecclesia
1165 1515 1376 1552 signiﬁcabitur,
1401 1523 1460 1550 quae
1480 1515 1602 1542 virorum
1629 1512 1740 1549 quidem
1763 1519 1816 1540 nu-

171 1562 276 1596 ὲρήμου
293 1561 398 1596 μᾶλλον
413 1561 430 1597 ἢ
455 1562 504 1597 τῆς
517 1561 634 1597 ἐχούσης
650 1562 697 1589 τὸν
719 1561 814 1597 ἄνδρα.
831 1571 840 1588 ι
856 1562 919 1594 Πῶς
941 1562 965 1589 δὲ

1023 1571 1098 1591 mero
1121 1563 1220 1598 exigua
1236 1563 1365 1598 primum,
1381 1562 1490 1589 inﬁnita
1517 1565 1608 1588 autem
1639 1558 1818 1586 multitudine

172 1605 278 1637 γένοιτο
307 1605 396 1638 τοῦτο,
413 1606 563 1642 παρίστησι
584 1605 683 1640 λέγων,
709 1606 751 1633 ὅτι
767 1607 965 1641 Ἀποκαλύψει

1023 1609 1154 1644 deinceps
1168 1612 1249 1636 aucta
1266 1612 1324 1641 est;
1335 1607 1408 1635 unde
1424 1611 1490 1634 sunt
1505 1606 1563 1633 haec
1574 1605 1608 1632 ad
1626 1605 1701 1632 illam
1713 1605 1816 1632 verba:

171 1652 281 1686 Κύριος
293 1652 347 1679 τὸν
357 1652 509 1686 βραχίονα
524 1652 629 1684 αὐτοῦ,
652 1652 703 1688 τὴν
727 1651 776 1679 τοῦ
796 1652 965 1686 Μονογενοῦς

1025 1665 1034 1681 ι
1054 1655 1137 1682 Eleva
1164 1655 1271 1682 circum
1300 1654 1397 1681 oculos
1423 1657 1488 1681 tuos
1505 1653 1538 1680 ⁵⁷.
1557 1661 1566 1678 ι
1583 1650 1649 1679 Tale
1667 1654 1694 1678 et
1723 1650 1790 1678 illud
1807 1659 1816 1678 :

173 1697 322 1732 ἐπιδημίαν
338 1698 427 1733 δηλῶν
441 1699 508 1725 πᾶσι
521 1698 578 1730 τοῖς
590 1697 697 1725 ἔθνεσιν
710 1698 932 1734 ὲπιλάμψουσαν.

1024 1709 1034 1726 ‹
1050 1699 1187 1733 Quoniam
1208 1701 1302 1735 plures
1318 1699 1397 1726 liberi
1414 1699 1542 1732 desertae,
1559 1705 1641 1733 quam
1656 1697 1747 1723 virum
1766 1696 1816 1723 ha-

174 1746 266 1774 bentis
275 1746 310 1774 ".
325 1756 336 1773 ι
349 1745 431 1782 59EI
443 1745 592 1779 Quiautem
603 1747 677 1774 istud
685 1745 809 1774 futurum
821 1746 998 1783 sit,cxponit,
1021 1755 1083 1776 cum
1097 1747 1241 1775 Dominum
1264 1747 1403 1774 brachium
1435 1754 1513 1773 suum
1545 1746 1722 1773 revelaturunt
1751 1745 1791 1772 ait
1806 1754 1813 1772 :

173 1793 274 1829 quibus
298 1793 391 1821 verbis
403 1793 537 1828 unigeniti
548 1793 608 1821 Filii
623 1793 771 1822 adventum
784 1795 914 1830 gentibus
925 1795 1055 1823 onmibus
1069 1795 1176 1823 clarum
1194 1799 1374 1830 apertumque
1396 1794 1454 1821 fore
1468 1793 1644 1827 signiﬁcavit.

212 1839 318 1866 Οὐκοῦν
356 1839 467 1867 ἐπειδὰν
498 1841 656 1876 προσφωνεί
688 1840 726 1876 τῇ
756 1842 834 1868 Σιὼν¹
864 1842 913 1869 καὶ
933 1841 971 1877 τῇ

178 1885 391 1920 Ἰερουσαλὴμ,
406 1885 439 1912 τὰ
453 1885 605 1921 λελεγμένα
619 1885 664 1912 ἐπὶ
677 1886 728 1921 τὴν
738 1886 793 1913 τῶν
803 1886 888 1914 ἐθνῶν
902 1887 970 1913 dva-

174 1931 287 1967 φέρεται
298 1931 407 1967 κλῆσιν.
431 1931 469 1958 Τὸ
486 1932 542 1967 γὰρ
563 1932 690 1964 θεοσεὸὲς
715 1931 878 1968 πολίτευμα,
904 1933 970 1960 ποτὲ

175 1977 226 2012 μὲν
240 1977 304 2012 παρ’
312 1978 427 2010 ἐκείνοις
443 1975 489 2014 ἦν,
504 1977 570 2005 ποτὲ
584 1977 612 2004 δὲ
623 1978 698 2014 παρὰ
711 1979 768 2010 τοῖς
783 1978 899 2010 ἔθνεσιν,
909 1979 927 2006 θ.
937 1979 968 2015 δὴ

174 2023 254 2050 Σιὼν
271 2023 321 2050 καί
343 2023 538 2058 Ἰερουσαλὴμ
551 2023 721 2059 ὠνόμασται.
737 2023 783 2050 Διὸ
799 2023 847 2051 καὶ
854 2024 969 2051 πάντοτε

173 2067 331 2105 ἀνθρώποις
360 2069 560 2105 συνέστηκενή
587 2069 701 2105 τοιαύτη
729 2068 776 2097 τοῦ
794 2068 863 2097 Θεοῦ
879 2069 967 2102 πόλις.

179 2115 380 2150 Ἰερουσαλὴμ
392 2113 451 2149 οὖν,
466 2116 485 2150 ἢ
502 2115 579 2143 Σιὼν
605 2115 748 2143 καλεῖσθαι
768 2116 818 2152 τὴν
839 2117 969 2152 τοιαύτην

175 2160 289 2196 ἐκλογὴν
303 2161 380 2189 οὐδὲν
394 2161 520 2198 διαφέρει
534 2170 542 2178 ·
558 2163 615 2195 τοῖς
631 2163 660 2190 δὲ
693 2162 854 2195 ἀποστόλοις
877 2162 970 2190 λοιπὸν

175 2207 205 2234 τὸ
221 2208 390 2244 προφητικὸν
406 2207 515 2244 πνεῦμα
541 2211 698 2245 προσφωνεῖ
724 2209 896 2245 ἀποστῆναι
917 2208 966 2236 τοῦ

174 2254 289 2281 ἀπίστου
305 2254 354 2281 καὶ
385 2254 542 2290 ἀκαθάρτου
571 2254 648 2283 λαοῦ.
673 2257 770 2290 Σκεύη
792 2256 821 2283 δὲ
855 2256 966 2290 Κυρίου

175 2300 210 2326 τὰ
225 2300 373 2334 ὲκλεγέντα
389 2300 449 2328 ὐπὸ
461 2302 573 2335 Κυρίου
591 2301 656 2335 am
680 2302 797 2336 σώματα
819 2301 921 2333 αὐτῶν,
952 2301 969 2337 ἢ

176 2346 211 2373 τὰ
225 2347 275 2381 τῆς
292 2347 396 2381 Καινῆς
408 2347 547 2382 Διαθήκης
566 2346 730 2382 Εὐαγγέλια,
754 2347 827 2383 ἅπερ
841 2349 971 2383 ἐπικομι-

176 2391 309 2427 ζομένους
342 2392 564 2420 ἀπαλλάττεσθαι
596 2393 646 2428 τῆς
671 2393 803 2425 ἀπιστίας
831 2392 878 2419 τοῦ
905 2393 970 2419 Ὶου-

176 2437 257 2464 δαίων
271 2437 379 2464 κελεύει
394 2432 486 2471 ’λαοῦ,
499 2438 546 2464 καὶ
559 2438 608 2473 τῆς
623 2437 692 2474 πρὸς
717 2439 817 2471 αὐτοὺς
828 2439 972 2471 κοινωνίας

175 2482 337 2518 ἀπέχεσθαι.
353 2483 474 2520 Οὐδεμία
487 2484 542 2519 γὰρ
557 2485 685 2512 κοινωνία
709 2485 780 2520 φωτὶ
808 2486 877 2520 πρὸς
908 2487 970 2513 σκό-

175 2537 233 2561 τος.
262 2529 331 2556 Ἀλλ’
346 2531 408 2558 οὐδὲ
435 2531 515 2567 μερὶς
526 2531 616 2567 πιστῷ
629 2531 700 2567 μετὰ
715 2531 843 2559 ἀπίστου.
869 2533 932 2564 Τοῖς
943 2534 969 2567 γ’

176 2572 223 2602 οὖν
240 2575 373 2608 Γαλάταις
390 2578 438 2604 ἐπὶ
453 2578 503 2613 τὴν
517 2578 633 2613 νομικὴν
658 2579 740 2605 πάλιν
765 2579 899 2614 δραμοῦσι
922 2580 970 2606 λαο

177 2621 271 2656 τρείαν
283 2623 414 2655 ὁΠαῦλος
425 2625 551 2660 ἐπιτιμᾷ,
571 2625 618 2652 καὶ
639 2625 714 2658 τέλος
732 2627 826 2661 φησίν·
848 2637 857 2653 ί
874 2627 967 2659 Οὕτως

177 2667 284 2703 ἀνόητοί
298 2669 359 2695 ἐστε
373 2670 552 2707 ἐναρξάμενοι
572 2672 718 2708 πνεύματι,
751 2673 799 2699 νῦν
811 2673 893 2708 σαρκὶ
904 2674 966 2700 ὲπι-

211 2725 234 2741 ⁸¹
249 2725 412 2764 Ιειιζλιιιιηξ)Ζ
451 2729 475 2744 ⁵³
492 2729 611 2764 Philipp.
635 2738 671 2761 tv,
690 2731 714 2756 ί.
766 2730 788 2746 ⁵⁸
804 2731 863 2758 Act.
883 2739 912 2762 ιι,
934 2731 976 2757 4⁸.

176 2768 270 2793 xxxiv,
284 2761 329 2789 28.
367 2763 388 2778 "
405 2763 458 2791 lsa.
475 2773 548 2798 xm,
565 2761 610 2793 '18.
651 2766 673 2782 ³⁸
689 2766 740 2794 lsa.
758 2774 800 2793 LlV
830 2770 853 2793 ι.
891 2768 914 2782 ⁸³
935 2766 954 2792 Il
973 2766 1037 2794 Cof.
1053 2772 1091 2795 Vl.
1110 2763 1214 2795 H.15-

1065 1842 1179 1875 Quando
1203 1841 1290 1877 igitur
1307 1840 1414 1868 Sionem
1439 1845 1463 1867 et
1478 1838 1627 1867 Jerusalem
1654 1836 1815 1872 alloquitur,

1024 1895 1086 1923 quae
1106 1887 1180 1915 dicta
1196 1891 1261 1915 sunt
1278 1886 1311 1914 ad
1326 1886 1447 1922 gentium
1456 1885 1632 1913 vocationem
1650 1884 1816 1912 referuntur.

1024 1934 1087 1962 Fuit
1101 1934 1174 1961 enim
1187 1933 1255 1961 alias
1276 1932 1388 1968 quidem
1405 1932 1476 1966 apud
1494 1931 1556 1959 illos
1569 1931 1643 1966 pium
1661 1930 1724 1957 vitae
1736 1929 1817 1956 insti-

1025 1985 1114 2008 tutnm
1134 1979 1223 2013 ;alias
1233 1979 1315 2006 etiam
1333 1977 1403 2013 apud
1420 1982 1536 2014 gentes;
1552 1984 1613 2012 quae
1631 1980 1705 2003 certe
1726 1974 1817 2003 Sionis

1022 2031 1047 2054 et
1069 2026 1317 2061 Hierosolymorum
1343 2023 1503 2052 nominibus
1529 2021 1817 2058 stgniﬁcantnr.Quo-

1024 2073 1099 2101 niam
1122 2073 1215 2107 itaque
1236 2070 1397 2098 hominibus
1412 2077 1522 2104 semper
1538 2068 1665 2096 constitit
1679 2067 1818 2103 ejusmodi

1022 2119 1071 2147 Dei
1087 2119 1186 2146 civitas
1201 2126 1209 2152 ;
1227 2117 1295 2145 nihil
1309 2117 1426 2144 interest
1438 2115 1633 2148 Jerusalemne,
1646 2123 1680 2142 an
1696 2114 1760 2142 Sion
1773 2114 1819 2140 de-

1024 2166 1110 2194 lectos
1130 2164 1268 2200 ejusmodi
1296 2170 1451 2198 nuncnpes.
1470 2161 1603 2196 Deinceps
1628 2161 1768 2196 apostolos
1783 2161 1819 2188 ab

1024 2211 1169 2240 incredulo
1193 2214 1221 2238 ct
1244 2211 1352 2244 impuro
1376 2208 1476 2244 populo
1498 2207 1617 2235 recedere
1642 2206 1818 2242 propheticus

1021 2257 1102 2294 jubet
1115 2257 1247 2292 spiritus;
1265 2260 1292 2283 et
1311 2255 1418 2282 Domini
1440 2263 1515 2286 vasa,
1536 2261 1632 2281 eorum
1646 2261 1707 2288 qua:
1722 2261 1738 2280 a
1763 2252 1818 2280 Do-

1024 2304 1096 2331 mino
1107 2303 1208 2331 selecta
1219 2305 1294 2335 sunt,
1307 2309 1424 2336 corpora
1440 2300 1559 2336 appellat
1573 2308 1580 2333 ;
1598 2305 1644 2326 aut
1656 2300 1715 2335 ipsa
1733 2299 1816 2326 etiam

1025 2349 1092 2378 Novi
1113 2348 1283 2376 Testamenti
1298 2347 1457 2383 Evangelia,
1471 2354 1534 2382 quae
1548 2345 1708 2374 Iudaeorum
1721 2345 1818 2372 relicta

1026 2396 1320 2430 inﬁdelitate,portare
1332 2394 1468 2429 praecipit,
1480 2397 1507 2421 et
1522 2393 1556 2420 ab
1573 2393 1671 2420 horum
1687 2392 1819 2420 societate

1026 2442 1175 2469 abstinere.
1190 2440 1285 2475 Neque
1314 2439 1388 2468 enitn
1419 2439 1489 2467 lucis
1513 2442 1542 2466 et
1563 2438 1738 2466 tenebrarum
1764 2437 1819 2464 ulla

1025 2491 1116 2523 potest
1144 2495 1205 2514 esse
1227 2486 1397 2518 communio,
1426 2493 1515 2521 neque
1540 2484 1610 2512 ﬁdeli
1627 2493 1689 2512 cum
1715 2483 1819 2511 inﬁdeli

1025 2534 1145 2562 societas
1158 2534 1193 2560 ⁵⁹.
1214 2532 1284 2560 llinc
1302 2537 1346 2560 est
1375 2532 1469 2567 igitur,
1490 2531 1563 2567 quod
1592 2531 1708 2564 Galatis,
1721 2531 1767 2565 qui
1784 2531 1818 2557 ad

1024 2580 1091 2615 legis
1099 2579 1203 2606 cultqu
1214 2578 1416 2612 rediisscnt,ita
1425 2582 1573 2606 succenset
1583 2577 1701 2604 Paulus:
1712 2585 1721 2602 ι
1733 2576 1819 2604 Adeo-

1024 2635 1057 2654 ne
1065 2626 1139 2653 stulti
1147 2626 1225 2657 estis,
1234 2631 1272 2657 ut,
1281 2632 1343 2651 cum
1353 2625 1452 2660 spiritu
1463 2624 1714 2659 inccperitis.nnnc
1733 2631 1818 2650 carne

1022 2671 1252 2699 consutnmetnini
1268 2671 1290 2686 ‘°
1304 2670 1316 2696 ?
1333 2680 1342 2695 ι
1359 2669 1636 2697 Circumcidebantur
1658 2668 1731 2696 cnim
1746 2687 1753 2699 ,
1770 2667 1817 2702 qui

1031 2729 1054 2746 ⁵⁵
1081 2728 1141 2755 Act.
1158 2736 1212 2757 ιιι-ι,
1228 2726 1263 2754 24
1279 2735 1358 2761 seqq.
1409 2727 1433 2742 ‘°
1449 2726 1605 2759 Psal.xt.ix,
1621 2725 1648 2753 5.
1686 2723 1727 2740 W‘
1744 2722 1815 2750 Psnl.

1253 2763 1275 2777 “°
1291 2762 1380 2790 Galat.
1397 2770 1438 2794 Ill,
1451 2762 1477 2789 5.

815 2823 930 2851 νΛΙίΙᾸΞ
956 2822 1160 2851 LEC'l‘lONES.

213 2873 227 2888 ιι
247 2868 289 2896 lo’.
311 2877 355 2903 γρ.
372 2867 446 2901 τούς.
