1999 3076
190 118 262 153 2515

853 129 1031 161 PROCOPII
1044 131 1166 164 GAZ/EI

1748 145 1820 180 2516

190 175 270 203 iidem
283 176 361 212 prius
376 177 485 206 fuerant
501 179 630 216 amplexi.
644 182 750 210 [labent
768 188 857 211 autem
868 190 971 217 ctvasa,

1027 187 1166 223 τελεῖσθε;
1188 198 1197 215 ι
1215 191 1428 227 περιετέμνοντο
1457 194 1514 232 γὰρ
1535 196 1585 232 ἤδη
1610 198 1817 231 πιστεύσαντες.

191 223 246 248 alio
270 224 349 250 modo
367 224 395 256 ii,
414 226 459 260 qui
476 226 577 254 divina:
603 232 708 256 naturte
722 230 869 265 participes
889 231 976 259 cili-eti

189 267 317 301 Spirittus
330 271 417 298 sancti
434 271 505 300 dona
534 278 652 309 gestant,
667 275 836 312 Paulumque
864 278 979 306 audiunt

189 321 360 342 ai-inatnram
380 317 427 344 Dei
455 318 570 346 induere
595 321 799 355 praecipientem
820 323 842 339 “
862 332 869 356 ;
888 324 977 359 lpsatn

188 359 319 387 nimirum
342 361 458 396 justitiae
484 364 607 397 loricam,
625 366 711 401 ipsam
742 368 839 396 salutis
861 370 976 404 galeam,

187 404 277 438 ipsum
289 406 350 434 lidei
364 412 485 441 scutum,
496 410 583 446 ipsum
590 405 708 447 denique
722 412 840 448 Spiritus
846 416 976 449 gladium,

187 450 260 484 quod
284 456 326 479 est
347 452 395 480 Dei
421 454 558 487 verbum;
589 457 689 491 quibus
720 465 770 485 nos
798 459 977 494 subditosmle

186 497 303 531 populos
317 499 491 534 protegimus.
502 501 648 535 Caeterum,
657 504 717 530 Non
726 512 785 531 cum
796 507 920 536 tumultu.
936 506 977 533 in-

187 542 256 575 quit,
283 543 383 570 exituri
420 546 493 572 estis.
533 545 592 574 NOII
621 548 692 575 enim
738 553 867 584 tanquam
887 551 976 586 fugere

186 586 273 613 co:ueti
291 588 316 614 in
334 588 404 615 viam
421 591 542 624 gentium
556 591 684 619 abierunt
692 592 714 607 ⁶¹
731 593 896 628 (quanquam
911 599 936 621 et
949 594 974 622 id

187 632 261 666 passi
287 633 375 669 sunt),
391 635 437 662 sed
456 637 601 670 spontanei
627 641 654 665 et
671 637 776 666 alacres
792 647 799 672 ;
815 639 861 673 qui
882 644 975 673 gentes

185 684 281 705 omnes
315 679 341 706 in
377 679 436 713 ejus
463 681 574 709 nomine
599 682 699 710 docere
730 683 801 718 jussi
817 684 972 712 fuerant“.

184 723 213 750 lu
241 731 306 758 pace
328 728 420 752 autem
442 726 494 753 iter
507 726 654 760 faciebant,
671 737 733 756 cum
753 737 815 756 eum
843 730 974 758 haberent

184 771 323 800 comitem,
344 771 390 805 qui
408 779 438 799 se
455 779 516 798 eum
533 773 588 801 illis
600 774 720 801 futurum
737 775 834 803 diebus
846 777 973 804 omnibus

184 814 217 840 ad
240 816 331 842 saeculi
349 825 436 852 usque
463 820 728 848 consummationem
757 821 846 849 fuerat
863 823 971 857 pollici-

183 864 228 886 tus
247 860 279 890 “.
292 862 364 895 quod
382 867 455 891 certe
469 865 560 892 verbis
574 865 644 899 istis,
660 866 793 893 Prwcedet
819 876 863 895 vos
881 868 971 896 Domi-
989 858 1009 886 Β

183 914 244 936 nus.
262 907 314 934 hoc
328 908 389 936 loco
405 909 622 939 demonstratur.
636 912 719 939 Aiunt
734 915 858 941 nonnulli
874 915 908 942 de
924 923 974 943 sua

181 952 320 988 cujusque
335 955 433 982 anima:
444 957 532 984 salute
546 958 682 990 curanda,
695 960 781 994 deque
797 959 876 996 595
889 962 973 988 Chal-

182 998 304 1026 dteorum
321 1000 444 1028 moribus
459 1002 547 1036 prius,
567 1011 649 1038 qualn
668 1003 702 1031 de
724 1005 793 1033 locis
814 1006 972 1039 relinquen-

181 1044 225 1072 dis
249 1046 407 1080 prmeipere,
424 1047 497 1082 quod
514 1053 590 1077 certe
609 1053 636 1076 et
656 1049 758 1078 Levitis
781 1051 858 1086 ipsis.
871 1051 971 1086 quibus

181 1098 260 1118 sacra
280 1095 388 1126 gestare
418 1094 564 1126 incumbit.
583 1095 773 1124 denuntiatur.
787 1096 834 1124 Est
852 1105 918 1124 vero
937 1098 972 1125 de

182 1137 294 1169 futuris.
319 1142 450 1173 tanquam
475 1140 532 1174 jam
556 1141 708 1175 evenerint,
727 1141 875 1177 Scriptura:
896 1143 968 1178 loqui

181 1183 323 1210 nsitalum.
341 1183 386 1210 Sic
398 1187 424 1211 et
440 1184 523 1212 David
542 1185 609 1220 ipse,
618 1187 777 1221 priusquam
791 1188 927 1215 civitatem
943 1194 970 1215 et

180 1229 309 1263 teniplntn
328 1230 387 1264 capi
402 1231 589 1265 contingeret.
604 1233 720 1259 canebat
742 1243 747 1260 :
763 1243 772 1259 ‹
790 1233 870 1265 Deus,
889 1242 970 1261 vene-

179 1279 244 1301 runt
255 1280 350 1309 gentes
369 1276 394 1302 in
409 1276 595 1305 haereditatetn
612 1282 686 1305 ttiaui
699 1279 733 1309 ⁸³,
747 1289 757 1305 ι
773 1284 800 1306 et
813 1288 873 1313 quae
890 1280 969 1307 dcin-

177 1330 254 1356 ceps.
271 1321 342 1348 Fore
359 1327 451 1349 autent
465 1330 560 1350 eorum
573 1332 634 1350 cum
652 1332 719 1359 pace
744 1325 863 1351 reditum
882 1326 968 1360 signi-

179 1368 279 1399 licnvil,
294 1375 348 1402 quo
361 1368 470 1395 laudent
490 1374 517 1396 et
534 1369 585 1404 ipsi
601 1369 627 1396 in
644 1370 701 1397 otio
715 1375 742 1397 et
759 1371 967 1405 tranquillitate,

177 1415 284 1450 adjecto
301 1423 348 1450 per
371 1416 470 1451 Cyrum
495 1418 632 1452 praesidio,
649 1417 758 1453 Deoque
785 1420 845 1453 ipso
877 1419 968 1454 opitu-

177 1461 261 1491 lante.
283 1465 309 1487 et
330 1461 357 1488 in
377 1462 516 1497 propriam
531 1463 669 1490 civitatem
693 1464 774 1491 simul
803 1464 965 1498 tleducentc,

176 1507 254 1541 potiti
271 1511 344 1535 sunt.

212 1553 293 1588 596
312 1552 392 1582 Vsus.
411 1554 505 1583 15-15.
522 1554 589 1582 Ecce
604 1556 732 1591 intelliget
749 1564 814 1590 puer
834 1566 917 1590 meus,
941 1564 966 1586 et
980 1551 1003 1582 ο

175 1599 348 1632 excitabitur,
361 1605 385 1627 et
408 1601 601 1636 glori/imbitur
618 1603 701 1631 valde.
735 1601 810 1631 Sicut
830 1605 968 1639 stupebant

175 1652 254 1678 super
267 1650 291 1672 te
310 1646 405 1678 multi,
421 1647 460 1674 sic
472 1647 498 1674 in
511 1647 598 1682 gloria
611 1648 661 1674 erit
686 1649 717 1675 ab
734 1649 882 1677 hominibus
908 1658 968 1685 spc-

175 1691 227 1717 cies
237 1695 293 1722 tua,
307 1696 331 1719 et
344 1692 431 1726 gloria
446 1697 490 1720 tua
503 1702 518 1720 a
533 1694 597 1728 ﬁliis
608 1694 753 1728 hominum,
767 1700 821 1723 etc.

209 1800 290 1836 597
299 1801 377 1834 Quod
386 1802 441 1835 hic,
452 1801 584 1838 Intelliget
595 1811 659 1838 puer
671 1812 753 1837 meus,
763 1803 887 1838 habetur,
899 1806 968 1832 Eru-

177 1847 264 1874 dietur
280 1856 370 1875 servus
381 1856 464 1883 "reus,
478 1849 590 1884 Aquilus
601 1853 629 1876 et
640 1849 821 1885 Symmachus
833 1850 968 1886 interpre-

179 1899 281 1923 tantur.
300 1896 337 1922 De
348 1896 463 1930 hocque,
477 1896 534 1923 sive
551 1904 662 1930 puerum
692 1903 767 1929 eum,
783 1897 841 1924 sive
863 1905 966 1924 servum

177 1941 313 1973 nomines,
329 1942 455 1976 superius
481 1941 547 1968 illud
562 1942 623 1974 fuit,
652 1942 724 1977 quod
741 1951 748 1968 :
768 1952 777 1968 ί
798 1943 870 1970 Ecce
898 1951 967 1978 puer

177 1995 264 2019 meus.
281 1988 483 2026 apprehendam
501 1996 563 2016 eum
579 1989 612 2021 ⁸⁸,
633 1999 642 2014 ι
656 1989 760 2016 dictum
774 1993 825 2018 est.
839 1989 871 2017 Et
886 1991 967 2024 paulo

176 2039 237 2069 post
255 2044 261 2062 :
280 2045 288 2061 ‹
303 2034 336 2061 Et
350 2035 376 2062 in
394 2035 504 2062 nomine
525 2035 585 2069 ejus
617 2039 711 2070 gentes
737 2035 887 2070 sperabunt
903 2036 938 2062 ⁸⁷.
955 2046 965 2062 ο

177 2080 206 2107 lit
221 2089 331 2108 rursum
348 2090 354 2108 :
368 2090 376 2107 ι
391 2082 423 2108 Ει
439 2081 502 2108 dedi
515 2085 541 2109 te
552 2082 579 2108 in
592 2085 784 2108 testamentum
801 2082 921 2117 generis,
939 2082 966 2109 in

177 2127 264 2154 lucem
281 2128 443 2162 gentium“.
463 2138 472 2154 ι
489 2129 522 2155 Ει
536 2134 628 2162 postea
641 2137 648 2156 :
665 2139 674 2155 ἰ
687 2129 780 2157 Estote
791 2129 857 2156 mihi
871 2134 966 2163 testes,

176 2178 201 2200 et
215 2181 265 2208 ego
282 2174 371 2206 testis,
383 2173 451 2201 dicit
467 2173 609 2207 Dominus,
618 2179 644 2201 et
658 2181 726 2209 puer
740 2182 821 2209 quem
835 2175 904 2210 elegi
915 2176 963 2202 ⁸³.»

1032 234 1288 282 ξιξεύηγδὲγέχουσι
1305 238 1367 265 καθ’
1395 239 1488 276 ἕτερον
1509 243 1620 278 τρόπον,
1656 245 1754 278 οἵτινες
1769 247 1820 282 τῆς

1029 279 1105 311 θείας
1117 281 1199 308 αὑτοῦ
1218 282 1326 317 φύσεως
1338 287 1462 313 κοινωνοὶ
1490 289 1642 323 γεγονότες,
1668 291 1715 318 τοῦ
1744 279 1818 319 θείου

1029 325 1246 374 ἓνειξματοςτὰ
1278 329 1438 366 χαρίσματα
1472 336 1667 370 σκευοφοροῦσι
1694 337 1816 374 Χριστῷ,

1028 369 1130 417 Παθλῳ
1140 372 1299 408 πειθόμενοι
1313 375 1420 408 λέγοντι
1438 385 1446 393 ·
1475 369 1638 408 Ἐνδύσασθε
1668 369 1727 417 τὴν.
1745 369 1818 410 πανέ

1027 416 1123 443 οπλίαν
1133 417 1180 444 τοῦ
1195 417 1274 445 Θεοῦ.
1291 419 1364 456 Αὕτη
1375 422 1403 448 δέ
1423 423 1496 450 ἐστιν
1511 425 1525 450 ὁ
1538 423 1629 460 θώραξ
1647 416 1702 461 τῆς
1715 427 1817 454 δικαιο-

1028 463 1149 500 σύνης,ή
1167 467 1370 502 περικεφαλαία
1382 468 1429 495 τοῦ
1454 470 1600 505 σωτηρίου,
1614 471 1629 498 ὁ
1648 471 1743 507 θυρεὸς
1766 473 1816 508 τῆς

1027 509 1155 543 πίστεως,
1203 512 1326 551 μαχαιρα
1350 514 1398 540 τοῦ
1426 515 1597 550 Πνεύματος,
1624 517 1638 543 ὅ
1662 518 1722 544 ἐστι
1738 518 1817 554 ῥῆμα

1025 554 1105 587 Θεοῦ,
1118 555 1152 582 δι’
1167 553 1204 583 ὧν
1219 558 1325 585 ἑαυτῶν
1340 567 1371 585 τε
1399 562 1612 597 προασπίςουσι,
1633 563 1679 589 καὶ
1695 563 1749 590 τῶν
1763 564 1816 591 ὑπὸ

1026 601 1105 636 χεῖρα
1115 601 1198 629 λαῶν.
1213 604 1287 640 Πλὴν
1299 606 1336 632 οὺ
1350 607 1426 640 μετὰ
1447 607 1582 643 ταραχῆς
1611 608 1816 641 ἐξελεύσεσθε

1025 647 1116 681 φησιν.
1133 648 1171 675 Οὐ
1183 649 1237 685 γὰρ
1251 650 1289 682 ὡς
1303 651 1483 687 ἐλαυνόμενοι
1510 654 1668 688 προῆλθον
1698 655 1740 687 είς
1764 655 1815 690 τὴν

1024 693 1146 728 περίοδον
1177 695 1230 722 τῶν
1269 696 1365 731 ἐθνῶν,
1395 698 1443 734 ἢν
1472 700 1521 726 καὶ
1548 700 1628 727 τοῦτο
1649 701 1813 734 πεπόνθασι,

1024 741 1224 776 προαιρέσειδὲ
1241 743 1290 769 καὶ
1304 743 1446 779 προθυμίᾳ
1469 745 1640 781 μαθητεῦσαι
1664 747 1754 774 πάντα
1769 756 1815 774 κε-

1024 785 1181 818 λευσθέντες
1195 788 1229 814 τὰ
1245 788 1309 824 ἔθνη
1321 790 1349 816 ὲν
1363 790 1401 825 τῷ
1417 790 1530 826 ὀνόματι
1542 792 1636 819 αὐτοῦ.
1652 793 1705 820 Σὺν
1714 794 1813 830 είρήνῃ

1023 833 1050 858 δὲ
1063 833 1112 867 τὴν
1131 833 1243 869 πορείαν
1257 835 1398 863 ἐποιοῦντο
1409 836 1516 872 ἔχοντες
1545 838 1659 866 συνόντα
1678 839 1724 865 τὸν
1734 840 1813 874 εἰρη-

1026 878 1092 905 κότα
1102 879 1208 911 αὐτοῖς·
1222 890 1231 906 t
1242 881 1308 908 Ἰδοὺ
1324 881 1380 915 ἐγὼ
1403 882 1462 917 μεθ’
1477 883 1554 918 ὑμῶν
1576 884 1634 919 ειμι
1647 884 1735 916 πάσας
1763 885 1814 916 τὰς

1025 926 1141 962 ἡμέρας,
1154 927 1206 958 ἕως
1222 927 1271 962 τῆς
1289 927 1443 960 συντελείας
1457 928 1504 956 τοῦ
1519 929 1644 962 αἰῶνος.»
1662 931 1694 956 "0
1705 929 1737 966 δὴ
1766 931 1814 957 καὶ

1023 972 1070 998 νῦν
1086 973 1161 1008 δηλοί
1175 973 1215 1007 τὸ,
1230 974 1472 1008 Προπορεὺσεται
1496 975 1554 1009 πρὸ
1576 976 1662 1010 ὑμῶν
1691 977 1811 1011 Κύριος,

1022 1018 1099 1050 Τινὲς
1108 1019 1135 1045 δέ
1148 1027 1239 1052 φασιν,
1255 1019 1293 1051 ὡς
1306 1019 1356 1054 τῆς
1372 1020 1440 1052 ἰδίας
1468 1021 1662 1056 ἐπιμελεῖσθαι
1675 1023 1813 1058 προστάτ-

1020 1072 1062 1091 τει
1078 1064 1178 1099 ψυχῆς,
1191 1065 1238 1092 καὶ
1258 1065 1310 1099 πρὸ
1324 1065 1379 1092 τῶν
1393 1066 1484 1094 τόπων
1502 1067 1656 1102 ἀποστῆναι
1669 1068 1724 1094 τῶν
1734 1069 1811 1103 ὴθῶν

1020 1111 1074 1137 τῶν
1089 1111 1257 1143 Χαλδαϊκῶν,
1274 1111 1288 1138 ὃ
1305 1111 1337 1147 δὴ
1349 1112 1462 1144 καὶτοῖς
1472 1113 1602 1145 Λευῖταις
1620 1115 1811 1149 παρεγγυᾶται

1019 1159 1075 1188 τοῖς
1088 1157 1122 1184 τὰ
1141 1158 1206 1192 ἅγια
1226 1158 1453 1193 μετακομίζουσι.
1469 1159 1538 1196 Περὶ
1558 1160 1588 1186 δὲ
1617 1160 1672 1186 τῶν
1698 1161 1811 1194 μελλόν-

1019 1213 1074 1230 των
1088 1204 1125 1236 ὡς
1138 1204 1187 1239 ἤδη
1202 1204 1353 1238 γεγονότων
1372 1205 1495 1240 συνήθως
1512 1206 1594 1240 φησὶν
1609 1206 1731 1242 ήΓραιρή
1750 1214 1758 1222 η
1773 1207 1810 1238 ὡς

1019 1251 1066 1276 καὶ
1095 1250 1177 1277 Δαῦὶδ
1207 1251 1272 1286 πρὶν
1299 1250 1348 1286 τὴν
1373 1250 1450 1278 πόλιν
1484 1251 1587 1278 ἁλῶναι
1611 1252 1658 1279 καὶ
1683 1253 1729 1280 τὸν
1741 1252 1810 1280 νεὼν

1019 1295 1137 1330 ἔφασκεν
1150 1303 1156 1310 ·
1173 1305 1182 1322 ‹
1206 1295 1235 1322 '0
1254 1296 1330 1330 Θεὸς,
1345 1296 1462 1332 ἧλθοσαν
1479 1296 1543 1332 ἔθνη
1558 1298 1598 1329 εἰς
1616 1298 1664 1333 τὴν
1679 1298 1809 1333 κληρονο-

1020 1342 1084 1377 μίαν
1095 1350 1153 1374 σου,
1176 1351 1185 1368 ι
1209 1342 1256 1369 καὶ
1286 1342 1321 1369 τὰ
1330 1341 1405 1377 ἑξῆς.
1425 1342 1482 1377 Τὴν
1508 1343 1537 1369 δὲ
1559 1343 1690 1370 ἐπάνοδον
1719 1344 1810 1371 αὐτῶν

1018 1388 1127 1414 ἔσεσθαι
1153 1388 1212 1423 μετ’
1235 1388 1346 1423 εἰρήνης
1359 1387 1445 1423 δηλοῖ,
1469 1387 1502 1423 ἣν
1531 1388 1591 1423 μεθ’
1619 1389 1738 1424 ἠρεμίας
1762 1390 1810 1416 καὶ

1019 1434 1116 1470 σχολῆς
1144 1433 1374 1470 δορυφορούμενοι
1399 1434 1471 1461 κατὰ
1484 1434 1515 1460 τὸ
1532 1434 1698 1470 πρόσταγμα
1715 1434 1808 1470 Κύρου

1018 1481 1191 1515 πεποίηνται,
1222 1479 1433 1515 συμμαχοῦντος
1459 1480 1551 1512 αὐτοῖς
1576 1480 1624 1507 τοῦ
1660 1480 1740 1513 Θεοῦ,
1762 1480 1810 1508 καὶ

1018 1526 1087 1561 πρὸς
1102 1525 1151 1561 τὴν
1170 1526 1237 1552 ἰδίαν
1249 1527 1410 1561 συνάγοντος
1421 1527 1509 1554 πόλιν.

1056 1581 1083 1607 ιγ
1091 1572 1147 1600 -ιε’,
1163 1573 1237 1600 Ἰδοὺ
1248 1573 1378 1607 συνήσει
1395 1575 1412 1601 ὁ
1424 1574 1495 1607 παῖς
1504 1582 1573 1608 μου,
1589 1573 1638 1601 καὶ
1648 1573 1811 1608 ὑψωθήσε-

1018 1626 1075 1652 ται,
1097 1618 1148 1645 καὶ
1178 1618 1413 1654 δοξασθήσεται,
1451 1620 1581 1655 σφόδρα.
1613 1621 1668 1646 Ὃν
1698 1620 1810 1653 τρόπον

1018 1665 1220 1698 ἐκστήσονται
1235 1665 1284 1692 ἐπὶ
1297 1667 1334 1692 σὲ
1348 1666 1467 1698 πολλοὶ,
1490 1666 1566 1694 οὕτω
1580 1665 1726 1700 ἀδοξήσει
1749 1666 1810 1693 ἀπὸ

1018 1711 1078 1738 τῶν
1099 1712 1264 1745 ἀνθρώπων
1287 1713 1321 1739 τὸ
1331 1711 1413 1746 εἶδός
1436 1720 1507 1740 σου.
1540 1713 1594 1740 Καὶ
1612 1713 1631 1746 ἡ
1660 1712 1736 1745 δόξα
1750 1719 1809 1740 σου

1018 1758 1078 1785 ἀπὸ
1095 1757 1169 1784 υιῶν
1185 1758 1360 1793 ἀνθρώπων,
1378 1767 1406 1786 κ.
1424 1767 1450 1786 τ.
1466 1758 1492 1786 λ.

1059 1804 1133 1831 Ἀντὶ
1146 1804 1193 1831 τοῦ
1211 1805 1342 1838 συνήσει
1357 1807 1373 1832 ὸ
1395 1805 1467 1838 ,ταῖς
1491 1814 1561 1839 μου,
1584 1804 1701 1836 Ἀκύλας
1717 1803 1810 1836 ἐξέδω-

1018 1858 1085 1878 κεν·
1108 1850 1453 1886 Ἐπιστημονισθήσεται
1492 1851 1603 1884 δοῦλός
1619 1859 1690 1886 μου.
1712 1850 1768 1877 Καὶ
1793 1851 1808 1877 ὁ

1017 1897 1167 1932 Σύμμαχος
1183 1906 1190 1913 ·
1208 1897 1322 1930 Δυῦλός
1336 1907 1406 1932 μου.
1423 1899 1492 1932 Περὶ
1505 1897 1601 1925 τούτου
1619 1897 1647 1925 δὲ
1665 1898 1717 1926 τοῦ
1740 1904 1808 1925 παι-

1017 1944 1070 1977 δὸς
1087 1944 1105 1978 ἢ
1123 1943 1236 1971 δούλου
1246 1944 1294 1971 καὶ
1318 1944 1451 1980 πρότερον
1463 1944 1556 1978 ἔλεγεν
1573 1953 1580 1960 ·
1597 1954 1606 1971 ‹
1629 1945 1694 1971 Ἰδοὺ
1709 1945 1724 1971 ὁ
1743 1946 1808 1976 παῖς

1019 1998 1083 2024 μου,
1099 1989 1283 2024 ἀντιλήψομαι
1294 1989 1388 2017 αὐτοῦ.
1405 1999 1414 2016 ι
1432 1989 1486 2016 Καὶ
1516 1990 1574 2025 μετ’
1590 1990 1669 2025 ὀλίγα
1684 1998 1690 2005 ·
1711 1999 1720 2015 ι
1753 1991 1808 2016 Καὶ

1017 2036 1046 2062 ὲν
1069 2035 1110 2071 τῷ
1133 2035 1246 2071 ὀνόματι
1267 2036 1349 2063 αὑτοῦ
1378 2035 1442 2072 ἔθνη
1471 2036 1623 2064 ἐλπιοῦσιν.
1642 2046 1651 2062 ι
1669 2034 1716 2068 Οἷς
1728 2036 1808 2063 πάλιν

1017 2082 1160 2118 ἐπιφέρει·
1181 2092 1190 2109 ι
1210 2083 1264 2109 Καὶ
1283 2082 1371 2110 ἔδωκά
1388 2091 1417 2110 σε
1434 2084 1473 2115 εἰς
1488 2083 1620 2119 διαθήκην
1647 2083 1753 2117 γένους,
1769 2084 1809 2115 εἰς

1017 2127 1075 2162 φῶς
1106 2127 1201 2155 ἐθνῶν.
1222 2137 1231 2154 ι
1265 2128 1321 2155 Καὶ
1342 2128 1446 2164 προῖὼν
1472 2127 1562 2160 αὖθιςσ
1582 2137 1592 2154 ι
1619 2128 1732 2155 Γὲνεσθέ
1764 2137 1809 2163 μοι

1018 2174 1166 2209 μάρτυρες,
1184 2173 1263 2208 κάγὼ
1280 2174 1397 2209 μάρτυς,
1409 2174 1484 2207 λέγει
1511 2174 1612 2208 Κύριος
1630 2175 1644 2200 ὁ
1659 2173 1735 2205 Θεὸς,
1763 2173 1810 2200 καὶ

175 2217 347 2246 Conveniunt
368 2223 458 2246 autem
494 2220 545 2247 ista
570 2227 631 2247 cum
667 2221 867 2255 superioribus,
907 2221 964 2254 ubi,

1022 2222 1115 2252 ὑπαῖς
1128 2219 1158 2246 ὃν
1186 2219 1363 2255 ἐξελεξάμην.
1394 2229 1403 2245 3
1431 2219 1472 2245 Τὰ
1495 2219 1524 2246 δὲ
1536 2219 1658 2255 παρόντα
1674 2221 1730 2251 τοῖς
1756 2219 1809 2254 πρὸ

179 2264 270 2297 «Quia
302 2273 352 2300 ego
381 2265 449 2300 ipse,
481 2266 527 2301 qui
550 2266 647 2301 loquor
663 2267 758 2294 adsum
773 2267 806 2299 "°,
826 2277 835 2293 ›
854 2272 880 2294 et
905 2275 967 2302 qua:

176 2311 316 2346 deinceps,
330 2312 438 2339 dicebat
457 2322 464 2340 :
482 2313 508 2339 in
529 2312 639 2347 quibus,
659 2313 704 2340 ubi
720 2313 753 2340 de
771 2321 821 2340 suo
835 2313 965 2346 adventu,

175 2358 264 2392 deque
289 2357 395 2384 oculata
414 2358 643 2394 evangelistarum
663 2358 716 2385 tide
729 2358 879 2394 disputavit
892 2368 899 2392 ;
912 2367 967 2394 quo

176 2409 255 2439 pacto
266 2404 321 2439 jam
338 2404 374 2431 sit
389 2404 550 2432 mortalibus
576 2404 765 2439 appariturus,
792 2405 838 2439 qui
856 2413 895 2438 se,
919 2406 966 2441 qui

176 2449 308 2484 loquitur.
326 2449 422 2477 adesse
440 2449 617 2484 significavit,
634 2449 763 2477 ostendit.
781 2450 887 2477 Dicitur
902 2459 967 2479 vero

176 2496 326 2524 secundum
337 2496 533 2523 humanitatem
547 2503 607 2523 esse
620 2503 718 2528 servus,
730 2499 828 2523 natura
842 2496 965 2532 alioquin

176 2542 261 2576 ﬁlius,
276 2547 301 2568 et
319 2549 367 2577 per
383 2542 610 2569 rrsurrertionem
622 2542 769 2577 glariﬁcari
781 2564 788 2575 ,
805 2550 907 2577 perque
922 2551 966 2572 as-

176 2587 360 2622 sutnptionem
381 2588 488 2615 elevari.
515 2588 566 2621 Qui
586 2589 659 2616 enim
692 2593 754 2615 ante
779 2589 965 2624 plausibiliora

175 2635 293 2666 dixerat,
309 2634 417 2661 eisdem-
429 2642 488 2668 qme
506 2638 569 2662 sunt
591 2635 625 2661 de
641 2639 728 2662 morte
744 2635 893 2669 toleranda,
918 2636 966 2663 ad-

188 2679 276 2714 tingit,
291 2683 318 2707 et
338 2680 518 2715 intelligendi,
533 2681 591 2708 sive
601 2679 741 2707 erudiendi
766 2681 878 2708 verbum
901 2688 964 2708 cum

212 2734 235 2771 εί
250 2735 347 2769 ΕρΙιιιε.
359 2743 397 2765 VI.
411 2736 504 2763 “ull-5.
543 2737 564 2752 "
578 2735 674 2763 Matlh.
697 2744 725 2768 x,
741 2736 768 2763 5.
806 2737 828 2753 ⁵³
844 2737 940 2765 Matth.
964 2745 971 2760 η

1022 2745 1061 2770 Ill,
1075 2737 1120 2764 ‘20.
1137 2736 1160 2753 ⁸⁵
1178 2737 1243 2765 ibid.
1282 2737 1304 2753 ⁶¹²
1316 2736 1388 2765 Psal:
1405 2744 1518 2771 Lxxvttt,
1535 2737 1560 2764 l.

1021 2266 1136 2302 βραχέος
1161 2266 1306 2296 ἀκόλουθα,
1330 2266 1359 2292 ὲν
1378 2263 1418 2297 οἷς
1434 2264 1538 2299 ἔλεγεν,
1554 2275 1563 2291 ε
1582 2265 1643 2292 Ὅτι
1673 2264 1729 2298 ἐγώ
1751 2266 1808 2299 εἰμι

1020 2313 1101 2343 αὐτὸς
1120 2313 1133 2337 ὁ
1149 2311 1237 2337 λαλῶν
1249 2311 1376 2346 πάρειμι,
1401 2321 1410 2336 ι
1433 2311 1480 2337 καὶ
1506 2311 1541 2338 τὰ
1565 2310 1674 2346 ἐφεξῆς.
1696 2310 1742 2336 Ἐν
1768 2308 1808 2342 οἷς

1019 2358 1084 2393 περὶ
1099 2357 1150 2393 τῆς
1161 2357 1309 2393 ἐπιδημίας
1336 2357 1430 2390 αὑτοῦ,
1451 2357 1498 2384 καὶ
1515 2357 1565 2393 τῆς
1596 2357 1651 2384 τῶν
1666 2356 1810 2391 εὐαγγελι-

1020 2403 1090 2431 στῶν
1103 2403 1232 2438 αὐτοψίας
1247 2402 1343 2436 εἰπὼν,
1367 2403 1415 2430 νῦν
1432 2403 1506 2435 ὅπως
1523 2404 1551 2429 ὲν
1579 2402 1734 2438 ἀνθρώποις
1758 2410 1810 2436 φα-

1019 2450 1130 2484 νήσεται
1140 2449 1275 2475 δείκνυσιν
1289 2449 1302 2475 ὁ
1317 2448 1413 2476 εἰπών·
1428 2449 1514 2480 Αὐτὸς
1525 2449 1539 2475 ὁ
1551 2447 1639 2476 λαλῶν
1651 2449 1766 2483 πάρειμι
1782 2453 1805 2474 Ρ.

1020 2495 1056 2521 Τὺ
1085 2494 1255 2529 ἀνθρώπινον
1280 2494 1386 2530 εἴρηται
1401 2495 1511 2528 δοῦλος
1523 2495 1537 2521 ὁ
1556 2495 1627 2521 κατὰ
1641 2494 1721 2529 φύσιν
1732 2494 1807 2526 υίὸς,

1019 2540 1198 2573 δοξάζεσθαι
1225 2549 1254 2567 τε
1272 2541 1316 2567 διὰ
1342 2541 1392 2575 τῆς
1406 2541 1589 2573 ἀναστάσεως,
1603 2540 1758 2574 ὑψοῦσθαι
1779 2549 1809 2566 τε

1019 2587 1063 2614 διὰ
1076 2587 1125 2622 τῆς
1135 2587 1306 2622 ἀναλήψεως.
1318 2587 1359 2613 Τὰ
1371 2587 1425 2623 γὰρ
1451 2587 1629 2629 εὐφημότερα
1658 2585 1809 2622 προειπὼν,

1020 2633 1055 2660 τὰ
1079 2634 1144 2668 περὶ
1172 2633 1218 2659 τοῦ
1254 2633 1358 2665 πάθους
1385 2634 1477 2664 αὐτοῖς
1507 2633 1680 2668 ἐπενήνοχεν.
1711 2632 1755 2658 Κὰ
1778 2631 1810 2658 τὸ

1019 2680 1201 2713 συνήσειδὲ,
1217 2679 1300 2715 ’ήγουν
1323 2679 1660 2714 ἐπιστημονισθήσεται,
1677 2679 1733 2710 τοῖς
1761 2678 1810 2704 ἁν-

1603 2737 1626 2753 ⁶⁶
1637 2736 1690 2764 lsa.
1703 2742 1767 2767 nit,
1783 2734 1808 2762 Ι.

175 2770 199 2787 "'
209 2770 276 2798 ibid.
289 2771 329 2798 l2.
366 2772 388 2787 ⁸⁸
404 2771 456 2799 isa.
471 2780 544 2804 thx,
560 2772 586 2800 8.
625 2773 646 2788 θ’
665 2772 715 2799 lsa.
733 2780 774 2806 Lv,
790 2773 815 2800 4.
854 2773 876 2788 ⁷⁰
890 2771 941 2800 lsa.
960 2781 1006 2805 LII,
1025 2776 1051 2800 ϋ.

823 2818 940 2847 VARle
959 2818 1161 2847 LECTIONES.

211 2865 222 2882 ¹¹
242 2873 286 2900 γρ.
308 2866 341 2893 εἰ.
381 2872 394 2891 P
408 2866 450 2894 ϊσ.
467 2865 538 2893 κατὰ
556 2865 593 2893 δέ.
