1999 3076
183 148 253 182 251⁸1

750 155 1017 188 COMMENTARII
1038 156 1079 187 IN
1097 157 1238 188 ISAIAM-

1743 157 1813 189 2518

183 207 332 242 θρωπίνοις
345 205 456 243 μέτροις
473 207 615 244 ἁρμόττει.
641 209 797 237 Ἀναλαὸὼν
812 210 868 246 γὰρ
881 211 975 238 δούλου

1031 210 1210 239 humanitatis
1221 211 1327 239 ratione
1348 211 1469 247 copulat.
1487 209 1555 239 Nam
1572 218 1634 239 cum
1661 211 1732 240 servi
1750 219 1812 246 pcr-

185 253 303 289 μορφὴν,
328 254 362 281 δι’
394 255 428 290 ἢν
445 255 493 281 καὶ
504 255 614 290 λέγεται
640 256 762 290 δοῦλος,
776 258 870 293 πάσης
884 259 972 293 αὐτὴν

184 299 281 333 σοφίας
299 300 468 336 ἐπλήρωσεν.
485 301 547 334 Πῶς
563 303 617 338 γὰρ
636 302 686 329 οὐκ
707 303 824 338 ἤμελλεν
848 304 975 331 αὑτοεπι-

185 346 277 381 στήμη
290 347 338 373 καὶ
353 346 432 382 λόγος
447 347 590 384 ὑπάρχων,
609 349 657 375 καὶ
673 347 707 385 ἧς
719 349 850 384 ἀνείληφε
873 349 975 385 σαρκὸς

183 391 217 418 δι’
231 392 321 428 ἄκραν
335 392 435 420 ἕνωσιν
449 393 582 430 ὑπάρχων
597 394 749 429 ἀχώριστος
762 403 769 428 ;
787 395 871 422 Οὐδὲν
882 395 929 423 οὖν
945 396 975 423 ἐν

183 439 241 470 τοῖς
253 438 322 475 ὑπὲρ
332 439 409 474 ὑμῶν
422 440 563 475 γεγονόσιν
581 441 722 469 ἀσύνετον.
754 441 833 469 Κατὰ
846 441 902 478 γὰρ
928 442 975 469 τὸν

185 483 277 517 Δαϐὶδ,
289 494 298 510 ι
318 485 412 514 Πάντα
427 485 457 512 ὲν
473 486 555 521 σοφίᾳ
565 486 719 522 ἐποίησεν.)
740 486 796 519 Διδ,
810 488 876 522 φασί
891 496 975 521 τινες,

185 528 316 563 ὑψοῦται
328 530 394 566 παρ’
421 530 500 567 ἡμῶν
514 531 552 563 ὡς
565 531 642 563 Θεὺς,
658 532 707 558 καὶ
735 532 905 566 δοξάζεται.
925 535 976 561 Πι-

187 574 326 607 στεύοντες
354 575 408 612 γὰρ
432 577 474 609 είς
489 576 582 609 αὐτὸν,
612 577 727 613 Σωτῆρα
758 578 906 614 καλοῦμεν,
928 579 976 606 καὶ

189 620 349 657 Λυτρωτὴν,
360 621 427 648 Θεόν
437 630 478 654 τε,
492 623 539 649 καὶ
553 623 667 658 Κύριον.
680 620 728 655 Οἷς
756 624 891 658 ἐπιλέγει·
921 625 976 651 “Or

187 666 297 700 τρόπον
320 666 521 701 ἐκστήσονται
547 668 597 695 ἐπὶ
627 668 665 695 σὲ
689 670 811 696 πολλοί.
831 670 879 702 Ἣ,
903 671 976 697 κατὰ

187 710 364 746 Θεοδοτίωνα,
379 712 416 740 ὃν
431 714 544 747 τρόπον
557 713 743 750 ἐθαύμασαν.
752 715 841 751 Μέχρι
855 715 908 750 γὰρ
920 721 934 741 s
951 716 976 742 οί

188 754 227 789 μὴ
243 756 422 789 πιστεύοντες
438 757 469 785 τὸ
485 759 615 786 ταπεινὸν
630 760 714 787 αὐτοῦ
731 760 781 795 τῆς
805 761 845 792 είς
868 760 976 796 ἀνθρώ-

187 808 258 832 πους
274 801 391 837 παρόδου
409 803 624 838 θαυμάζουσιν,
636 804 842 841 ἀμηχανοῦντες
855 806 913 838 πῶς
926 806 974 834 ἇν-

188 845 297 881 θρωπος
311 849 431 882 γεγονὼς
443 849 557 886 εὐτελῆς
567 859 598 878 τε
613 851 662 879 καὶ
672 851 766 884 ἄδοξος
782 852 908 888 (ἐκάλουν
921 853 976 888 γὰρ

1025 264 1121 284 sonam
1133 256 1268 285 induisset
1283 257 1295 293 (
1309 258 1381 286 unde
1400 261 1428 285 et
1440 265 1530 285 servus
1550 257 1722 292 appellatur),
1738 257 1813 284 omni

1024 309 1085 330 eam
1094 302 1227 337 sapientia
1240 303 1395 337 complevit.
1407 303 1460 336 Qui
1480 303 1553 330 enim
1570 310 1623 330 non
1641 302 1708 329 illud
1723 302 1815 329 etnec-

1025 351 1079 380 ret,
1093 348 1141 383 qui
1158 348 1290 383 sapientia
1304 348 1374 383 ipsa,
1397 348 1566 384 verbumque
1590 347 1710 380 exsistit,
1727 353 1817 382 neque

1025 393 1060 421 ab
1076 401 1107 420 ea
1119 400 1212 426 carne,
1230 401 1311 429 quam
1332 394 1493 428 assumpsit,
1517 398 1630 429 propter
1645 393 1755 420 ultionis
1766 401 1816 420 ex-

1025 440 1288 475 cellentiam,potest
1299 439 1441 475 separari?
1455 439 1503 467 Est
1513 447 1578 475 ergo
1595 440 1622 466 in
1636 439 1670 467 iis
1692 447 1753 474 qua
1768 446 1818 465 no-

1026 486 1074 515 stri
1090 494 1174 514 causa
1188 486 1325 521 praestitit,
1344 485 1412 512 nihil
1430 492 1544 520 prorsus
1568 484 1727 520 ignoranter
1753 483 1818 510 etre-

1025 536 1110 560 ctum.
1126 532 1246 559 Auctore
1260 532 1331 559 enim
1348 531 1467 562 Davide.
1482 540 1491 557 ι
1510 531 1605 558 Omnia
1623 530 1650 557 in
1682 530 1817 565 sapientia

1026 577 1091 605 fecit
1102 577 1143 610 7‘;
1158 586 1167 602 ι
1184 580 1213 603 et
1228 577 1263 603 ob
1279 576 1316 608 id,
1333 576 1411 603 aiunt
1435 575 1572 606 nonnulli,
1588 576 1724 602 exaltatur
1738 582 1753 602 a
1770 582 1818 602 uo-

1026 623 1080 655 bis,
1105 627 1235 657 tanquam
1263 621 1345 655 Deus,
1372 626 1399 649 et
1422 621 1599 656 gloriﬁcatur.
1620 621 1671 654 Qui
1687 622 1759 648 enim
1790 621 1817 646 iu

1025 676 1088 696 eum
1099 668 1248 699 credimus.
1263 667 1388 695 eumdem
1412 667 1582 694 Salvatorem
1602 671 1629 694 et
1654 666 1819 700 Redempto—

1027 722 1094 747 rem,
1114 714 1254 749 Deumque
1280 718 1307 742 et
1332 712 1476 741 Dominum
1498 719 1701 747 uuncupamus.
1721 711 1819 746 Sequi-

1028 765 1070 787 tur
1082 759 1192 792 deinde,
1216 759 1291 786 Sicut
1308 760 1450 794 stupebant
1466 766 1545 793 super
1563 764 1586 785 te
1605 758 1702 785 multi:
1722 758 1776 789 vel,
1790 761 1820 784 ut.

1027 804 1179 833 Theodotio
1191 805 1400 840 interpretatur,
1416 804 1491 832 Sicut
1505 804 1599 831 mirati
1612 808 1684 831 sunt.
1701 803 1739 830 Ad
1762 803 1820 829 hmc

1027 852 1102 880 enim
1118 859 1206 886 usque
1223 855 1347 885 tempora
1360 849 1408 886 qui
1433 858 1448 877 a
1471 850 1522 878 lide
1539 850 1620 877 alieni
1638 853 1713 880 sunt,
1731 847 1821 875 humi-

187 893 268 920 αὐτὸν
279 894 461 931 Σαμαρείτην,
477 896 565 931 φάγον
590 906 631 930 τε,
657 898 706 924 καὶ
723 897 849 933 μέθυσον,
873 899 920 924 καὶ
943 899 975 924 ὲκ

1031 899 1078 926 lem
1095 897 1179 933 598
1198 897 1282 931 hujus
1297 896 1331 924 ad
1349 896 1476 924 homines
1486 903 1626 923 accessum
1642 894 1819 926 demirantur,

187 939 318 974 πορνείας
351 942 543 976 γεγενημένον,
568 943 616 970 καὶ
644 943 828 978 ἁμαρτωλὸν),
845 943 974 979 ἀνωτέρω

186 983 242 1012 τῶν
255 986 384 1022 πολεμεῖν
398 987 481 1014 αὐτὸν
496 989 675 1024 πειρωμένων
695 989 867 1016 καθίσταται.

1028 945 1111 972 animi
1124 944 1292 979 cogitatione
1308 942 1502 978 obstupefacti,
1521 942 1567 978 qui
1581 942 1662 969 homo
1675 941 1764 968 factus
1782 945 1821 968 te-

1028 991 1092 1019 nuis
1109 994 1136 1017 et
1155 989 1302 1025 abjectus(
1318 989 1443 1017 eumdem
1459 989 1532 1017 enim
1558 993 1585 1015 et
1602 988 1819 1018 Samaritanum,

186 1034 215 1058 et
229 1031 388 1065 edacem,et
401 1034 592 1067 temulentum,
606 1039 633 1062 et
646 1034 782 1064 adulterio
794 1039 981 1071 procreatum,
998 1041 1025 1064 et
1043 1041 1213 1072 peccatorem
1238 1035 1393 1064 vocitabant
1411 1036 1454 1070 ⁷³)
1490 1035 1545 1063 illis
1570 1035 1651 1070 ipsis,
1684 1041 1700 1062 a
1721 1033 1821 1070 quibus

187 1079 409 1114 impugnabatur,
418 1080 543 1114 superior
560 1081 687 1108 evaserit.

224 1125 255 1152 οι
282 1125 311 1151 δὲ
331 1126 433 1160 πιστοὶ,
450 1127 497 1153 καὶ
512 1127 546 1153 τὰ
569 1127 652 1161 ἔθνη,
687 1127 872 1162 θαυμάζουσι
889 1136 975 1164 προσ-

188 1171 334 1203 κυνοῦντες
363 1172 446 1198 αὐτοῦ
459 1173 509 1207 τὴν
519 1172 648 1208 θεότητα,
663 1173 712 1208 τὴν
726 1174 883 1209 οἰκονομίαν
891 1183 976 1201 κατα.-

190 1216 368 1251 πληττόμενοι
383 1225 390 1233 ·
407 1218 498 1249 ὁποῖος
511 1215 545 1253 ἦν
564 1218 725 1253 Ἀμσακοὺμ
740 1218 827 1254 λέγων
837 1227 845 1236 '
857 1229 867 1245 ι
879 1219 976 1254 Κύριε,

189 1262 338 1297 είσακήκοα
352 1263 401 1298 τὴν
417 1263 502 1298 ἀκοήν
521 1272 578 1296 σου,
591 1264 639 1291 καὶ
650 1264 802 1300 ἐφοϐήθην.
817 1265 978 1300 Κατενόησα

189 1307 224 1334 τὰ
236 1307 304 1343 ἔργα
316 1316 373 1339 σου,
395 1309 442 1335 καὶ
458 1309 581 1344 ἐξέστην.
601 1319 610 1335 ι
622 1309 763 1342 βασιλεῖς
777 1310 815 1342 δὲ,
833 1310 903 1344 μετὰ
927 1309 977 1341 τὰς

190 1352 250 1380 κατ’
261 1353 343 1380 αὑτοῦ
359 1353 545 1390 βλασφημίας,
559 1355 607 1382 καὶ¹
631 1355 661 1381 τὸ
691 1354 786 1387 διῶξαι
795 1355 844 1391 τὴν
867 1356 978 1391 Ἐκκλη-

191 1398 252 1425 σίαν
269 1398 362 1432 αὑτοῦ,
380 1399 463 1435 μηδὲν
481 1399 627 1435 ὀνήσαντες
640 1400 809 1436 ἐσιώπησαν,
821 1402 871 1436 τῆς
892 1399 976 1428 αὑτοῦ

189 1444 364 1476 διδασκαλίας
403 1445 564 1480 ἡττώμενοι.
592 1446 669 1473 Ἐπεὶ
705 1446 753 1473 καὶ
779 1446 855 1473 ἄλλοι
883 1446 977 1479 ἄλλαις

190 1490 328 1526 Θεηλάτοις
345 1491 406 1518 ἀντὶ
420 1490 523 1518 τούτων
541 1491 688 1526 ἠλαύνοντο
709 1492 848 1527 μάστιξιν,
878 1492 923 1519 διά.
942 1501 973 1519 σε

191 1535 241 1571 μὲν
251 1536 359 1570 ἐσίγων.
375 1537 407 1563 Οί
419 1536 447 1563 δὲ
457 1536 623 1572 διατάγμασι
643 1537 694 1569 τὰς
735 1537 899 1572 Ἐκκλησῐας
926 1539 974 1565 ἀν-

1060 1127 1113 1161 Qui
1146 1131 1238 1154 autem
1267 1125 1345 1154 ﬁdem
1374 1124 1491 1160 amplexi
1519 1128 1593 1157 sunt,
1614 1123 1735 1158 ipsaeque
1754 1121 1822 1150 adeo

1027 1180 1128 1210 gentes,
1146 1174 1183 1201 ita
1197 1181 1259 1202 eum
1278 1173 1454 1204 demirantur,
1471 1175 1500 1198 ut
1517 1171 1577 1206 ejus
1591 1170 1705 1197 adorata
1718 1169 1818 1197 divitii-

1027 1224 1081 1247 tate
1092 1220 1125 1247 ad
1142 1219 1303 1248 oeconomia;
1317 1217 1519 1245 meditationem
1535 1216 1728 1252 percellantur.
1745 1214 1822 1241 Talis

1032 1266 1086 1293 fuit
1097 1265 1248 1297 Habacum,
1261 1265 1341 1300 cujus
1353 1264 1404 1292 ista
1413 1268 1479 1291 sunt
1491 1272 1513 1290 ιι
1533 1262 1657 1294 Domine,
1668 1260 1758 1289 audivi
1773 1268 1822 1287 au-

1031 1312 1117 1338 ditmn
1135 1316 1210 1338 tuum
1231 1314 1257 1338 et
1273 1310 1361 1338 timui.
1382 1309 1505 1345 Cogitavi
1536 1315 1619 1343 opera
1648 1311 1704 1339 tua,
1726 1310 1753 1334 et
1770 1306 1821 1333 ob«

1030 1358 1124 1392 stupui
1140 1358 1173 1384 ".
1195 1367 1204 1383 ι
1224 1356 1306 1392 Reges
1321 1363 1414 1391 porro,
1431 1359 1493 1391 post
1511 1354 1600 1382 editas
1621 1353 1648 1381 in
1673 1361 1735 1380 eum
1764 1352 1823 1379 hla—

1030 1403 1181 1438 spliumias,
1199 1407 1261 1438 post
1290 1402 1413 1437 ejusdem
1442 1401 1629 1436 impugnatam
1659 1398 1820 1429 Eeclesiam,

1030 1456 1091 1476 eum
1106 1449 1174 1476 nihil
1188 1448 1362 1483 proﬁcerent,
1377 1447 1464 1483 ipsius
1482 1446 1608 1474 doctrina
1634 1445 1754 1480 superati
1781 1447 1822 1470 ta-

1028 1499 1160 1522 cuerunt:
1177 1502 1240 1522 cum
1258 1491 1361 1529 'plagis
1391 1493 1499 1528 quidem
1533 1491 1594 1519 aliis
1610 1491 1656 1518 alii
1690 1489 1822 1517 divinitus

1030 1541 1148 1568 istorum
1166 1540 1277 1567 nomine
1294 1539 1419 1574 impetiti,
1432 1543 1546 1573 propter
1563 1543 1590 1565 te
1602 1539 1761 1564 tacuerunt:
1776 1534 1822 1561 alii

190 1582 308 1618 εγείρειν
318 1582 454 1617 ἐκέλευον,
467 1584 513 1610 καὶ
526 1583 562 1610 τὰ
576 1584 678 1620 συνήθη
701 1585 787 1610 ποιεῖν
805 1584 835 1610 ὲν
863 1584 959 1616 αὑταῖς
973 1592 978 1598 ·

1031 1591 1126 1614 autem
1139 1585 1236 1613 edictis
1247 1585 1386 1613 Ecelesias
1414 1584 1541 1616 excitari,
1570 1588 1598 1611 et
1616 1582 1643 1610 in
1659 1582 1700 1609 eis
1721 1581 1823 1609 usitata

189 1628 300 1660 τούτους
319 1628 348 1655 δὲ
363 1630 426 1661 τοὺς
441 1630 554 1662 πιστοὺς
579 1630 627 1657 καὶ
645 1629 778 1662 ἀπίστους
802 1630 982 1666 ἁντιδιαιρῶν

190 1673 315 1709 ἐπιφέρει
331 1682 338 1689 ·
359 1671 409 1707 Οἷς
424 1675 480 1702 οὐκ
493 1675 648 1710 ἀνηγγέλη
664 1675 732 1709 περὶ
760 1676 864 1709 αὺτοῦ,
887 1676 980 1710 ὄψον-

189 1727 236 1746 ται
252 1727 259 1734 ·
279 1720 335 1751 τοῖς
352 1721 384 1746 ἐκ
397 1722 547 1756 περιτομῆς
564 1721 790 1748 ἀντιδιαστέλλων
817 1722 882 1754 τοὺς
907 1722 978 1749 ἐθνι-

189 1765 263 1797 κούς.
286 1766 316 1793 οι
345 1767 394 1801 μὲν
413 1766 468 1803 γὰρ
478 1767 561 1802 νόμον
581 1768 628 1794 καὶ
650 1767 796 1804 προφήτας
810 1764 883 1803 εἶχον
901 1776 908 1784 ·
933 1769 981 1795 καὶ

189 1815 307 1849 πρώτοις
322 1812 470 1847 ἐκήρυξεν
481 1812 566 1840 ὲλθὼν
578 1813 625 1839 ἐπὶ
636 1812 669 1840 τὰ
686 1813 844 1840 ἀπολωλότα
856 1813 980 1849 πρόϐατα

195 1858 315 1894 Ἰσραήλ.
333 1859 364 1885 01.
383 1859 411 1885 δὲ
423 1858 526 1885 τούτων
536 1855 607 1894 ἦσαν
625 1858 747 1893 ἀνήκοοι.
778 1859 918 1893 Καὶ⁸ὄμως
930 1859 980 1893 τὴν

190 1903 220 1936 ἐξ
235 1904 316 1931 αὑτοῦ
331 1903 468 1940 σωτηρίαν
479 1903 632 1936 τεθέανται,
655 1904 710 1936 τοῖς
722 1903 772 1938 τῆς
803 1904 893 1939 ψυχῆς
932 1903 981 1938 ὅμ-

187 1958 283 1985 μασιν
297 1950 379 1977 αὑτὸν
393 1949 568 1985 θεασάμενοι,
581 1951 629 1977 καὶ
655 1949 705 1986 τὴν
728 1950 812 1977 αὑτοῦ
833 1949 980 1983 συνέντες

190 1996 373 2028 διδασκαλίαν,
403 1996 441 2027 ὡς
466 1996 582 2026 ἐκείνοις
593 1996 714 2032 ἁρμόσαι
737 1996 786 2030 τὴν
810 1996 979 2032 προφητείαν

190 2043 241 2078 τήν
255 2051 261 2057 ·
275 2052 284 2069 ι
303 2043 383 2077 Ἀκοῇ
410 2042 553 2074 ἀκούσετε,
582 2042 630 2069 καὶ
646 2042 677 2069 οὑ
699 2041 737 2078 μὴ
749 2042 859 2077 συνῆτε.
880 2051 890 2068 ι
913 2043 977 2069 Καίο

192 2088 341 2120 Βλέποντες
356 2087 479 2123 βλέψετε,
492 2087 541 2115 καὶ
554 2088 584 2114 οὐ
605 2087 642 2123 μὴ
656 2087 741 2123 ἴδητε.
763 2088 876 2119 Τούτοις
885 2087 913 2114 δὲ
930 2087 977 2114 τοῦ

191 2135 317 2170 Σωτῆρος
329 2134 374 2161 τὸν
387 2134 466 2168 λόγον
479 2134 614 2168 εἰπόντος,
633 2144 643 2160 ‹
660 2135 800 2170 Μακάριοι
810 2134 836 2161 οἱ
856 2134 894 2170 μὴ
910 2133 978 2161 ἰδόν-

190 2188 236 2211 τες
254 2179 303 2206 καὶ
317 2179 511 2211 πιστεύσαντες
528 2187 536 2195 ⁶
557 2188 567 2206 ι
594 2179 659 2215 περὶ
677 2176 715 2207 ὧν
729 2180 760 2206 τὸ
786 2179 950 2214 συνῆκαντ
964 2180 979 2206 ὁ

191 2225 333 2260 προφήτης
347 2225 525 2260 φησίν.”Ριξα
537 2226 591 2261 γὰρ
600 2225 734 2258 συνέσεως
748 2226 765 2261 ἡ
780 2225 872 2257 πίστις
882 2233 888 2240 ·
899 2222 978 2251 ιἘἩιν

1034 1632 1089 1659 lieri
1107 1631 1274 1659 curaverint.
1297 1630 1351 1658 Sed
1371 1629 1464 1657 ﬁdeles
1479 1629 1547 1657 istos
1567 1628 1601 1655 ab
1614 1627 1768 1655 inﬁdelibus
1779 1633 1823 1653 su-

1032 1685 1144 1712 parans,
1160 1677 1234 1704 addit
1251 1685 1258 1703 :
1278 1676 1382 1709 Quibus
1396 1684 1447 1702 non
1471 1680 1510 1702 est
1526 1674 1713 1701 annuntiatum
1731 1672 1763 1699 de
1781 1680 1822 1702 eo.

1031 1723 1172 1756 videbunt;
1189 1728 1219 1750 ut
1245 1722 1426 1750 circumcisos
1450 1729 1465 1748 a
1487 1721 1613 1757 gentibus
1632 1719 1822 1754 distingueret.

1031 1771 1192 1799 Habuerunt
1205 1770 1278 1798 enim
1294 1770 1332 1796 illi
1345 1770 1432 1805 legv-m
1442 1773 1470 1796 et
1486 1768 1636 1804 prophetas
1652 1767 1674 1783 ⁷⁵
1689 1776 1696 1798 ς
1713 1767 1824 1801 ἱΙΙίειμιο

1031 1818 1163 1851 primum,
1181 1816 1228 1851 qui
1244 1820 1368 1847 venerat,
1393 1815 1421 1842 in
1436 1815 1529 1842 ovium
1560 1814 1673 1841 lsraelis
1697 1813 1823 1848 gratiam,

1031 1870 1093 1897 qua:
1113 1862 1264 1897 perierant,
1279 1860 1448 1888 annuntiavit
1465 1861 1508 1888 7":
1525 1867 1587 1888 cum
1609 1859 1686 1887 nullo
1705 1859 1751 1886 isti
1773 1859 1823 1886 ho-

1030 1916 1090 1935 rum
1105 1907 1210 1939 audito,
1225 1907 1341 1935 salutem
1358 1911 1450 1934 tamen
1465 1906 1500 1934 ab
1517 1913 1550 1934 eo
1558 1905 1678 1940 pendere
1697 1904 1823 1931 animad-

1030 1953 1172 1984 verterint,
1185 1952 1325 1988 animique
1345 1951 1432 1980 oculis
1454 1951 1544 1986 ipsum
1565 1950 1669 1983 intuiti,
1698 1949 1822 1984 ejusdem

1030 1998 1183 2026 doctrinam
1199 1998 1236 2026 ita
1246 1998 1445 2029 intellexerunt,
1463 2001 1493 2024 ιιι
1509 1997 1578 2024 bene
1602 1996 1657 2024 illis
1676 1995 1826 2028 conveniag

1030 2044 1217 2080 prapheticum
1233 2044 1322 2072 istud:
1345 2052 1355 2069 ι
1371 2043 1474 2071 Auditu
1488 2042 1620 2075 audietis,
1634 2045 1728 2069 etnon
1742 2041 1824 2068 intel-

1030 2090 1120 2124 ligetis
1136 2090 1184 2116 ⁷⁸.»
1201 2089 1254 2117 Et:
1267 2098 1276 2115 ι
1296 2088 1426 2116 Videutes
1442 2087 1591 2122 aspicietis,
1606 2090 1634 2114 et
1649 2093 1703 2113 nou
1719 2085 1824 2112 videbi-

1029 2134 1065 2163 tis
1075 2135 1108 2162 ⁷⁷.
1115 2144 1124 2161 ι
1133 2134 1194 2162 lstis
1202 2139 1292 2162 autem
1301 2133 1512 2169 alia;Salvatoris
1522 2141 1573 2160 vox
1583 2132 1715 2159 dicentis:
1727 2140 1737 2157 ι
1751 2129 1825 2158 Beati

1029 2181 1076 2215 qui
1104 2188 1157 2208 non
1174 2180 1300 2207 viderunt
1318 2183 1346 2208 et
1364 2178 1587 2207 crediderunt".
1625 2188 1635 2204 ι
1663 2177 1700 2205 De
1723 2178 1825 2212 quibus

1030 2224 1141 2252 verbum
1159 2223 1427 2258 intellexerunt,quod
1438 2231 1452 2250 a
1461 2223 1591 2259 propheta
1598 2222 1808 2254 additur,intelli
1815 2235 1825 2241 -

191 2270 245 2304 γὰρ
260 2270 296 2306 μὴ
315 2271 490 2306 πιστεύσητε,
507 2272 600 2307 φησιν¹
624 2271 679 2298 οὐδ’
695 2272 726 2298 οὐ
742 2272 779 2307 μὴ
797 2271 904 2306 συνῆτε.
923 2280 932 2298 ι
948 2272 978 2298 Ὃ

1033 2271 1150 2306 gendum
1159 2273 1212 2298 est.
1222 2271 1269 2298 Est
1277 2271 1349 2298 enitn
1360 2270 1427 2298 lides
1437 2269 1622 2305 intelligentia:
1633 2269 1708 2296 radix
1719 2277 1726 2302 ;
1737 2269 1801 2304 quia
1817 2289 1824 2300 ,

192 2316 224 2351 δὴ
235 2317 281 2343 καὶ
295 2316 393 2352 θαῦμα
409 2319 465 2349 τοῖς
485 2319 640 2354 προφήταις
654 2318 779 2353 παρεῖχε.

482 2406 606 2434 ΚΕΦᾹΛ.
621 2406 681 2433 NI".

229 2449 312 2485 α’-ιβ’.
324 2450 423 2484 Κύριε,
437 2451 483 2483 τις
496 2451 660 2478 ἐπίστευσε
673 2451 710 2485 τῇ
723 2450 802 2485 ἀκοῇ
816 2450 913 2486 ἡμῶν,
930 2451 981 2478 καὶ

195 2497 353 2532 ὁβραχίων
366 2498 476 2532 Κυρίου
489 2498 548 2525 τινι
564 2499 762 2533 ἀπεκαλύφθη
775 2499 984 2533 ;“Ανηγγε[λαο

191 2551 250 2578 μεν
261 2543 302 2576 ὡς
316 2544 436 2571 παιδίον
449 2543 588 2570 ἐναντίον
600 2543 704 2576 αὐτοῦ,
722 2544 763 2577 ὡς
783 2543 850 2578 ῥίζα
878 2544 913 2570 ἐν
942 2543 981 2579 γῇ

193 2587 313 2622 διψώσῃ
330 2595 337 2603 α
351 2589 407 2615 οὐκ
424 2588 509 2616 ἐστιν
521 2586 600 2622 εἶδος
616 2588 707 2622 αὐτῷ,
742 2589 814 2616 οὐδὲ
826 2588 909 2621 δόξα.
927 2589 983 2617 Καὶ

195 2632 316 2666 εῑδομεν
341 2631 445 2666 αὺτόν,
462 2634 511 2661 καί
535 2635 592 2662 οὐκ
609 2632 691 2669 εἶχεν
707 2632 798 2667 εἶδος,
827 2634 898 2662 οὐδὲ
914 2634 984 2662 κάλ-

196 2679 260 2710 λος.
281 2679 373 2707 Ἀλλὰ
388 2679 422 2706 τὸ
432 2677 512 2713 εἶδος
523 2680 616 2707 αὐτοῦ
631 2681 748 2715 ἄτιμον,
772 2680 821 2707 καὶ
842 2679 985 2707 ἐκλεῖπον

196 2724 276 2759 παρὰ
288 2724 403 2758 πάντας
416 2725 487 2758 τοὺς
498 2726 581 2759 υιοὺς
596 2726 655 2754 τῶν
679 2727 851 2761 ἀνθρώπων,
878 2735 905 2753 κ.
919 2735 935 2752 τ
958 2727 982 2753 λ.

233 2780 254 2797 ’ί
272 2780 344 2808 Psal.
358 2788 418 2811 cut,
433 2781 478 2808 ‘25.
518 2781 633 2814 "-Joan,
652 2789 710 2815 νιιι,
723 2782 775 2814 48;
789 2781 884 2809 Matth.
896 2789 934 2814 ιι,
949 2782 991 2809 19.

198 2815 245 2843 9-6.
281 2815 304 2831 ¹¹¹¹
326 2815 378 2844 lsa.
397 2824 432 2848 v1,
451 2818 478 2843 ti.
517 2817 539 2832 ⁷⁷
558 2817 624 2844 ibid.
662 2818 684 2834 ⁷⁸
701 2817 782 2845 Joan.
801 2816 904 2849 xx,29.

1037 2324 1047 2340 ι
1066 2314 1122 2343 Nisi
1142 2315 1322 2348 credideritis,
1334 2315 1433 2350 inquit,
1444 2322 1496 2342 non
1510 2315 1666 2349 intelligetis
1681 2315 1730 2341 ".I
1748 2314 1824 2347 Quod

1033 2365 1107 2388 certe
1126 2360 1208 2388 etiam
1228 2360 1368 2395 prophetis
1388 2367 1501 2387 causam
1523 2359 1710 2387 admirationis
1722 2359 1823 2386 attulit.

1342 2405 1418 2433 CAP.
1438 2404 1504 2433 Llll.

1073 2449 1155 2478 Vens.
1171 2450 1214 2478 12.
1235 2450 1353 2483 Domine,
1369 2452 1428 2486 quis
1453 2450 1566 2478 credidit
1589 2450 1694 2477 anditui
1712 2451 1827 2478 nostro?

1037 2501 1062 2524 et
1075 2496 1212 2523 brachium
1228 2495 1348 2529 Domini,
1360 2497 1403 2524 cui
1413 2497 1577 2531 patefactum
1601 2500 1639 2523 est
1652 2497 1664 2524 ?
1678 2496 1828 2522 Annuntia-

1035 2550 1093 2570 mus
1109 2542 1186 2577 quasi
1205 2542 1343 2576 parvulum
1360 2543 1388 2568 in
1409 2547 1549 2576 conspectu
1568 2541 1634 2575 ejus,
1664 2541 1732 2568 sicut
1747 2541 1824 2567 radix

1036 2587 1064 2613 in
1080 2592 1152 2614 terra
1171 2586 1286 2614 sitiente.
1299 2586 1360 2613 Non
1375 2592 1414 2613 est
1431 2588 1528 2621 species
1543 2587 1578 2618 ei,
1599 2594 1679 2621 neque
1690 2586 1784 2622 gloria,
1798 2591 1823 2612 et

1037 2633 1150 2661 vidimus
1165 2641 1225 2660 eum
1236 2637 1261 2661 et
1273 2642 1324 2661 non
1338 2633 1449 2660 habebnt
1465 2633 1587 2667 speciem,
1601 2640 1681 2667 neque
1694 2633 1826 2662 decorem,

1038 2680 1083 2707 sed
1099 2681 1198 2715 species
1222 2680 1281 2714 ejus
1306 2680 1475 2712 inhonorata,
1491 2685 1515 2706 et
1535 2679 1658 2714 deficiens
1677 2687 1732 2713 prae
1762 2678 1827 2712 ﬁliis

1037 2726 1183 2760 hominum,
1201 2732 1254 2754 etc.

1046 2781 1069 2797 ⁷³
1084 2781 1185 2809 llabac.
1201 2789 1241 2813 ιιι,
1254 2780 1296 2808 16.
1336 2780 1358 2796 "
1375 2779 1439 2809 Luc.
1456 2788 1511 2814 xvr,
1526 2780 1571 2809 29.
1610 2781 1632 2797 ⁷⁸
1656 2779 1751 2808 Matth.
1781 2788 1826 2811 xv.

952 2818 974 2833 ⁷³
992 2816 1044 2845 lsa.
1056 2824 1106 2849 vti,
1122 2817 1150 2844 9.

842 2862 957 2890 VAlihE
973 2862 1174 2890 LECTIONES.

238 2911 304 2934 ιιισ.
324 2908 356 2934 λ.
369 2905 427 2934 νῦν.
467 2911 477 2926 ι’
498 2915 538 2934 ισ.
551 2908 720 2943 συνήσουσιν.
