1999 3076
169 148 241 182 2519

837 159 1014 192 PROCOPII
1030 162 1153 195 GAZ/EI

1727 168 1802 203 2520

203 208 296 243 Itaque
306 209 360 237 ait:
377 208 499 244 Domine,
515 211 573 246 quis
586 212 699 240 credidit
722 213 827 242 auditui
844 221 935 244 nostra
949 218 954 244 t

1048 220 1148 257 Διόπερ
1162 220 1260 256 ἐπάγει
1275 229 1282 238 ·
1294 222 1395 257 Κύριε,
1419 223 1466 257 τίς
1484 223 1649 252 ἐπίστευσε
1664 223 1701 260 τῇ
1724 225 1804 260 ἀκοῇ

167 258 315 290 utrumque
329 254 403 283 enim
415 257 606 290 mirabantur;
620 263 648 287 et
665 258 822 287 Judarorum
838 262 957 290 inﬁdeli-

166 305 261 333 tzttem,
274 305 301 328 et
314 302 429 336 gentium
440 305 660 332 conversionem.
670 305 704 333 Et
717 305 853 334 brachium
865 308 958 336 Domi-

166 345 194 371 ni
205 345 249 371 cui
264 346 406 373 revelatum
421 352 460 375 est
471 349 484 375 ?
499 349 541 376 cui
562 353 666 382 autem,
683 359 730 387 per
743 359 786 385 ea,
810 361 871 388 quae
888 361 957 388 pra:-

166 396 320 422 ccsscrnnt.
338 393 489 426 indicavit;
504 403 565 422 cum
578 396 714 424 brachium
725 406 804 425 suum
817 404 955 434 sanctum,

120 434 123 439 “
165 436 193 463 id
213 441 265 469 est,
284 436 462 473 Unigenitum
480 448 559 468 suum
582 442 609 469 in
625 448 774 478 conspectu
791 443 874 480 599
893 453 958 480 gen-

166 481 233 508 tium
250 484 372 511 omnium
387 486 571 514 revelaturum
588 487 732 516 Dominum
747 489 901 519 aillrmavit.

200 529 241 556 Illi
254 531 337 563 cnitn,
356 536 384 558 ut
396 531 515 566 Christo,
535 534 575 561 sic
594 539 621 561 et
636 536 775 571 prophetis
787 537 851 564 olim
866 538 955 573 ipsum

164 575 406 609 promulgantibus
435 577 519 604 alium
539 578 591 605 sibi
607 587 731 607 errorem
747 581 845 608 docere
860 586 888 609 ct
909 591 955 610 re-

164 618 294 645 nuntiare
316 619 503 654 apponebant.
532 621 602 649 llinc
624 623 671 650 illa
687 623 834 653 Jeremiaa:
860 625 956 661 Neque

166 661 267 696 profui,
281 671 370 698 neque
392 665 457 691 mihi
477 665 579 699 profuit
595 667 750 703 quisquam.
770 667 839 696 llinc
857 677 955 699 rursus

164 709 191 731 ct
211 706 362 740 prOplictit-i
378 707 453 735 chori
470 709 541 737 alia:
565 719 574 736 ι
589 709 752 740 Curavimus
776 712 953 749 Babylonem,

164 757 253 785 neque
267 756 362 778 sanata
374 757 428 781 est.
443 753 531 788 Ipsam
545 754 752 786 deseramus".
771 767 780 784 ›
804 757 854 786 Ubi
868 759 957 796 Baby-

164 799 236 826 Ionis
250 801 370 835 nomine,
393 801 644 839 Hierosolymorum
659 806 767 839 civitas.
785 815 845 843 qua:
858 816 872 835 a
886 816 952 844 gen-

164 846 233 872 tium
248 847 371 874 moribus
393 849 459 876 nihil
474 849 567 882 distet,
581 858 670 886 neque
678 852 760 879 ullam
774 853 842 889 legis
858 861 953 881 curam

164 891 275 926 haheat,
293 894 428 922 innuitur.
454 895 509 923 ista
528 896 611 931 igitur
632 902 777 932 postquam
802 899 954 928 demiratus
970 889 992 919 Β

164 943 207 965 est
223 940 366 974 propheta,
381 942 550 970 narrationis
567 943 658 976 modo,
676 945 751 979 pueri
764 945 895 981 deinceps
919 947 953 974 ad

164 985 291 1013 homines
311 994 453 1015 accessura
478 989 599 1022 exhibet,
617 990 660 1018 his
680 991 787 1020 verbis:
803 993 953 1021 Annuntia-

162 1031 248 1058 rimus
261 1033 338 1066 quasi
355 1034 493 1068 puerulum
517 1035 545 1061 in
564 1040 702 1070 conspectu
721 1038 801 1072 ejus;
823 1039 892 1066 sicut
906 1048 953 1067 ra-

163 1078 211 1103 dix
224 1077 251 1104 in
267 1082 338 1105 terra
355 1079 464 1107 sitienti.
483 1080 641 1109 Secundum
654 1082 781 1117 Aquilam
794 1089 904 1113 autem:
919 1085 953 1113 Et

164 1123 286 1150 ascendet
298 1125 366 1151 sicut
381 1126 427 1160 qui
441 1127 594 1154 nutricatur
610 1128 637 1155 in
652 1128 746 1163 faciem
760 1130 828 1164 ejus,
843 1136 868 1158 et
883 1132 952 1159 sicut

162 1169 242 1196 mdia:
256 1179 272 1197 a
284 1175 354 1198 terra
365 1172 509 1200 inaccessa.
523 1172 554 1200 In
567 1174 661 1208 faciem
677 1175 749 1202 enim
762 1177 822 1211 ejus
839 1177 952 1212 (brachii

162 1215 292 1243 nimirum
307 1217 340 1244 (le
357 1225 411 1251 quo
429 1219 567 1255 superius)
581 1221 705 1248 ascendet
718 1224 761 1257 qui
781 1224 953 1257 nutricatur;

163 1262 208 1290 ille
230 1262 299 1291 idem
315 1264 452 1296 \idclicet,
474 1266 520 1300 qui
541 1266 575 1294 de
595 1265 705 1302 Virgine
723 1274 874 1304 prognatus
893 1275 951 1304 est;

160 1307 238 1342 juxta
260 1310 343 1337 illud:
381 1319 390 1336 ι
406 1310 476 1339 Ecce
503 1311 581 1347 virgo
599 1313 776 1348 concipietin
798 1320 875 1343 utero
885 1316 918 1348 “;
939 1326 948 1342 ι

162 1361 243 1388 quant
256 1355 337 1382 etiam
355 1361 452 1383 terram
469 1357 644 1391 inaccessam,
659 1359 725 1394 quia
738 1361 815 1395 virgo
825 1361 871 1394 sit,
886 1369 952 1389 nun-

162 1401 422 1434 cupavit.Ratlicem
435 1403 535 1431 deinde
565 1404 638 1431 illam
667 1412 729 1433 esse
747 1406 893 1441 signiﬁcat.
917 1407 952 1436 de

162 1453 216 1480 qua
234 1445 318 1473 illud:
343 1457 352 1473 ι
372 1448 537 1482 Egredictur
552 1449 628 1484 virga
645 1450 678 1478 de
697 1451 791 1479 radice
813 1451 900 1485 Jessc,
924 1459 951 1482 et

163 1490 214 1519 ηοξ
227 1492 260 1520 de
279 1493 373 1521 radice
388 1495 448 1528 ejus
478 1496 609 1523 ascendet
626 1496 660 1524 ⁸¹.
681 1506 690 1523 ι
713 1497 770 1524 Illic
781 1499 854 1526 enim
868 1500 949 1527 etiam

1013 265 1116 299 ἡμῶνῖ
1137 266 1480 303 ἇμφ‹ι›”γᾶρέθαύμαζ⁴ον,
1506 270 1554 296 καὶ
1579 270 1634 297 τῶν
1665 271 1802 299 Ἰουδαίων

1009 310 1059 344 τὴν
1075 311 1213 344 ἀπιστίαν,
1230 313 1339 340 καὶτῶν
1355 313 1452 341 ἐθνῶν
1467 314 1517 350 τὴν
1541 315 1719 351 ἐπιστροφήν,
1744 317 1801 343 Καὶ

1009 356 1067 382 τίνι
1080 358 1097 383 ὁ
1105 358 1242 392 ,ϐραχίων
1257 358 1460 395 ἀπεκαλύφθη
1472 361 1585 394 Κυρίου
1597 369 1607 394 ;
1631 362 1690 389 τίνι
1706 362 1744 395 δὲ,
1757 363 1801 389 διὰ

1008 400 1062 427 τῶν
1082 402 1273 437 προλαδόντων
1286 403 1415 438 ἐδήλωσε,
1430 404 1516 439 λέγων
1531 414 1538 421 ·
1559 407 1608 433 καὶ
1627 407 1800 442 ἀποκαλύψει

1007 446 1110 482 Κύριος
1132 448 1146 474 ὁ
1163 448 1230 479 Θεὸς
1253 448 1298 475 τὸν
1313 449 1465 484 βραχίονα
1493 449 1540 477 τὸν
1559 450 1636 485 ἆγιον
1655 451 1737 478 αὑτοῦ
1758 453 1802 479 ὲν-

1006 491 1091 518 ώπιον
1104 494 1212 520 πάντων
1225 494 1279 520 τῶν
1291 494 1386 526 ἐθνῶν,
1405 495 1504 530 δηλαδὴ
1519 495 1564 522 τὸν
1579 496 1728 532 Μονογενῆ.

1048 538 1163 565 Ἐκεῖνοι
1173 539 1237 574 γὰρ,
1254 540 1291 571 ὼς
1301 540 1340 575 τῷ
1351 541 1463 576 Χριστῷ
1473 561 1480 571 ,
1498 541 1570 568 οὕτω
1583 543 1629 568 καὶ
1642 542 1726 569 πάλαι
1741 545 1799 576 τοῖς

1007 584 1160 619 προφήταις
1172 585 1254 612 αὑτὸν
1266 585 1503 621 προκηρύττουσιν
1517 586 1622 621 ἔλεγον·
1633 587 1715 615 Ἀλλὰ
1731 590 1798 624 ἡμῖν

1006 628 1113 655 λαλεῖτε
1129 630 1175 655 καὶ
1189 629 1369 663 ἁναγγέλλετε
1394 631 1461 666 ἡμῖν
1476 631 1574 666 ἑτέραν
1589 631 1735 668 πλάνησιν.
1754 635 1798 666 Ὦς

1007 674 1054 701 καὶ
1066 674 1111 701 τὸν
1132 673 1266 710 Ἰερεμίαν
1280 674 1372 709 λέγειν
1382 683 1388 690 ·
1402 675 1470 703 Οὔτε
1486 676 1626 712 ὼφέλησα,
1644 678 1706 705 οὔτε
1723 679 1799 714 ὠᾳέη

1006 719 1073 755 λησέ
1089 728 1123 755 με
1137 721 1236 753 οὐδείς.
1249 721 1305 748 Καὶ
1325 721 1371 748 τὸν
1383 723 1554 758 προφητικὸν
1569 723 1597 750 δὲ
1610 725 1703 760 χορὸν,
1722 735 1731 752 ι
1745 725 1798 752 Ἰα-

1005 767 1170 803 τρεύσαμεν,
1184 768 1284 803 λέγειν,
1299 769 1348 804 τὴν
1361 769 1521 804 Βαϐυλῶνα,
1537 772 1585 798 καὶ
1601 772 1652 799 οὐκ
1667 773 1738 809 ἰάθη·
1750 774 1796 808 ἐγ-

1005 813 1202 849 καταλίπωμεν
1215 815 1311 850 αὺτήν.
1334 824 1344 841 ι
1373 815 1429 851 Τὴν
1446 816 1627 853 Ἰερουσαλὴμ
1641 819 1796 847 καλέσαντα

1006 859 1166 893 Βαϐυλῶνα,
1176 860 1215 892 ὡς
1225 861 1274 896 τῆς
1280 861 1366 888 ἐθνῶν
1374 862 1502 895 ἀσεϐείας
1510 863 1593 898 μηδὲν
1601 865 1794 900 διαφέρουσαν,

1006 905 1074 941 μηδὲ
1090 906 1139 932 τοῦ
1154 906 1238 942 νόμου
1260 908 1426 943 ποιουμένην
1442 909 1579 944 φροντίδα.
1597 909 1690 936 Ταῦτα
1705 911 1796 937 τοίνυν

1004 951 1019 978 ὁ
1032 951 1175 988 προφήτης
1189 952 1400 988 ἁποθαυμάσας,
1414 953 1623 990 διηγηματικῶς
1637 954 1730 982 λοιπὸν
1747 956 1794 983 τοῦ

1004 998 1201 1034 προλεχθὲντος
1216 998 1338 1026 παιδίου
1348 999 1398 1035 τὴν
1413 1000 1453 1032 είς
1469 1000 1631 1036 ἀνθρώπους
1646 1001 1795 1036 παρίστησι

1004 1043 1122 1080 πάροδον
1137 1044 1226 1078 λέγων
1236 1051 1243 1059 ·
1265 1045 1495 1080 Ἆνηγγείλαμεν
1511 1047 1550 1080 ὡς
1565 1047 1685 1075 παιδίον
1704 1048 1795 1076 ἐναν-

1003 1091 1070 1118 τίον
1098 1091 1202 1124 αὑτοῦ,
1218 1091 1259 1124 ὠς
1269 1090 1336 1125 ῥίζα
1350 1091 1384 1118 ἐν
1399 1091 1438 1126 γῇ
1463 1092 1594 1127 διψώσῃ.
1618 1093 1696 1120 Κατὰ
1708 1094 1736 1121 δὲ
1749 1094 1795 1121 τὸν

1010 1136 1138 1163 Ἀκύλαν’
1171 1137 1226 1164 Kal
1250 1137 1433 1170 ἀναϐήσεται
1451 1138 1492 1171 ὡς
1506 1139 1728 1174 τιθηνιζόμενον
1750 1140 1795 1173 είς

1003 1183 1168 1217 πρόσωπον
1187 1182 1293 1215 αὐτοῦ,
1320 1183 1369 1210 καὶ
1385 1183 1426 1216 ὡς
1433 1183 1500 1217 ῥίζα
1524 1183 1584 1211 ἀπὸ
1601 1183 1657 1218 γῆς
1672 1184 1793 1212 ἀϐάτου.

1003 1229 1054 1262 Ely
1066 1230 1232 1263 πρόσωπον
1245 1229 1300 1265 γὰρ
1314 1229 1408 1256 αὐτοῦ
1426 1229 1509 1264 (λέγω
1523 1229 1551 1256 δὲ
1563 1229 1610 1257 τοῦ
1632 1231 1795 1266 προλεχθέν-

1002 1283 1047 1305 τος
1077 1274 1252 1309 βραχίονος)
1280 1275 1465 1308 ἀναϐήσεται
1486 1275 1527 1309 ὠς
1555 1276 1791 1311 τιθηνιζόμενον,

1002 1320 1070 1355 ὅπερ
1081 1318 1114 1355 ἦν
1126 1319 1155 1346 τὸ
1167 1320 1198 1346 ὲκ
1208 1320 1258 1355 τῆς
1286 1320 1426 1355 Παρθένου
1455 1321 1665 1356 γεγεννημένον,
1689 1322 1754 1357 περὶ
1763 1319 1794 1349 οὗ

1002 1365 1104 1400 ἔλεγεν·
1116 1375 1126 1392 ι
1138 1366 1204 1392 Ἰδοὺ
1216 1367 1232 1401 ἡ
1243 1366 1380 1401 Παρθένος
1392 1366 1420 1393 ὲν
1434 1367 1533 1402 γαστρὶ¹
1544 1366 1669 1402 λήψεται,
1677 1377 1686 1394 ι
1702 1368 1734 1403 ἣν
1745 1368 1794 1394 καὶ

1001 1412 1113 1439 ἄϐατον
1142 1411 1212 1447 γῆν,
1228 1411 1266 1444 ὡς
1288 1412 1423 1447 παρθένον
1447 1412 1536 1439 καλεῖ.
1557 1412 1654 1443 Ῥίζαν
1668 1413 1696 1439 δέ
1711 1422 1794 1447 φησιν

1001 1457 1121 1492 ἐκείνην,
1147 1458 1214 1492 περὶ
1229 1455 1264 1494 ἧς
1281 1456 1385 1492 ἐλεγενθ
1404 1467 1413 1484 ι
1426 1457 1618 1491 Ἐξελεύσεται
1649 1458 1746 1494 ῥάϐδος
1761 1460 1794 1486 ὲκ

1001 1504 1051 1539 τῆς
1066 1505 1145 1540 ῥίζης
1159 1504 1268 1536 Ἰεσσαὶ,
1285 1505 1332 1531 καὶ
1347 1504 1428 1537 ἄνθος
1444 1505 1476 1530 ἐκ
1491 1505 1540 1540 τῆς
1555 1505 1635 1540 ῥίζης
1656 1505 1792 1540 ἀναϐήσε-

162 1545 332 1571 ascensurus,
349 1540 394 1566 sed
407 1539 441 1567 de
453 1541 544 1568 radice
556 1550 563 1575 ;
573 1545 601 1568 ut
617 1541 660 1569 hic
675 1543 707 1570 de
720 1547 791 1570 terra
807 1544 950 1577 inaccessa,

1006 1557 1061 1576 ται.
1088 1539 1176 1576 Κάκεῖ
1190 1549 1219 1575 δὲ
1235 1549 1266 1576 τὸ
1294 1549 1489 1584 ἀναϐήσεται,
1519 1539 1621 1576 ἐκ
1648 1539 1794 1585 ῥίζης-,δὼς

163 1583 530 1620 signilicutnr.Symmachus
541 1592 630 1615 autem
644 1588 776 1616 descendit
788 1590 953 1619 sicutramus
967 1583 972 1609 Ῑ

162 1636 254 1656 coram
271 1634 338 1661 eo,et
348 1631 416 1657 sicut
430 1631 508 1658 radix
517 1632 549 1659 de
564 1637 635 1659 terra
649 1633 762 1668 sitiente,
777 1635 958 1669 inquit,inac-

164 1683 265 1702 cessum
289 1680 387 1702 terram
408 1678 539 1705 sitientem
565 1680 719 1707 nominans.
743 1681 779 1707 At
796 1679 957 1714 Theodotio.

163 1721 285 1748 ascendet
295 1726 418 1757 tanquam
429 1724 473 1758 qui
486 1724 630 1752 Iuctat.llle
639 1726 772 1760 siquidem
786 1727 844 1762 ipse
855 1729 958 1760 erat,de

163 1774 219 1802 quo
232 1768 313 1795 etiam
329 1773 390 1795 ante
401 1769 428 1796 in
447 1771 519 1797 hunc
533 1771 643 1799 modum
657 1773 758 1800 dictum
773 1773 833 1801 fuit:
847 1774 957 1804 tPrius-

163 1822 246 1848 quam
261 1819 408 1850 cognoscat
422 1823 490 1850 puer
505 1817 606 1845 bonum
624 1819 664 1846 vel
680 1819 792 1852 malum,
811 1828 863 1848 non
878 1829 956 1856 pare-

165 1861 204 1888 bit
224 1861 351 1895 nequitite
364 1862 398 1890 ⁸³.
416 1872 426 1889 s
449 1863 481 1891 Et
495 1872 603 1892 rursum
624 1874 631 1892 :
650 1875 660 1892 ‹
678 1866 830 1902 Antequam
857 1868 956 1896 intelli-

163 1910 209 1941 gat
225 1915 291 1942 pncr
312 1909 413 1935 bonum
440 1910 483 1938 vel
509 1911 622 1943 malum,
639 1914 728 1948 capiet
754 1914 883 1941 virtutem
900 1914 954 1942 Da-

165 1952 249 1980 masci
262 1952 310 1980 ⁸⁸.»
325 1954 457 1990 Itemque:
478 1963 488 1981 ι
505 1955 573 1989 Quia
591 1965 658 1992 puer
672 1961 754 1985 natus
763 1963 804 1985 est
821 1959 913 1993 nobis,
926 1965 955 1988 et

164 1998 238 2026 ﬁlius
253 1998 335 2028 datus
350 2005 392 2028 est
406 2001 486 2029 nobis
501 2003 534 2029 ⁸⁸.
551 2012 561 2028 ι
582 2003 717 2030 Caeterum
746 2009 891 2039 postquam
921 2006 954 2034 de

166 2044 318 2073 Salvatoris
338 2047 483 2075 nativitate
499 2047 640 2082 disseruit,
665 2049 725 2084 ejus
751 2050 806 2084 jam
827 2050 856 2077 in
879 2054 952 2078 terra

164 2094 404 2122 conversationem
421 2095 550 2130 explicat.
568 2094 630 2123 Non
646 2096 718 2124 cnim
733 2102 791 2126 erat
802 2097 836 2131 ei,
851 2097 949 2134 inquit,

163 2137 248 2173 600
265 2138 362 2166 decora
376 2140 484 2174 species.

199 2183 316 2219 Ideoque
341 2185 368 2212 in
397 2185 471 2213 hunc
496 2186 606 2214 modum
623 2185 824 2221 Symmachus:
847 2187 909 2216 Non
924 2190 950 2216 ei

1009 1595 1137 1628 ἐνταῦθα,
1150 1596 1184 1622 ἐκ
1196 1595 1251 1630 τῆς
1265 1595 1386 1623 ἀϐάτου.
1396 1595 1424 1622 Ὀ
1438 1596 1466 1622 δὲ
1481 1595 1639 1631 Σύμμαχοςι
1648 1595 1795 1630 Ἀιιέϐηώς

1009 1639 1121 1673 κλάδος
1131 1640 1259 1667 ἐνώπιον
1269 1640 1371 1674 αὑτοῦ,
1383 1641 1432 1668 καὶ
1444 1641 1484 1674 ὡς
1490 1641 1556 1675 ῥίζα
1565 1641 1625 1668 ἀπὸ
1637 1641 1692 1676 γῆς
1704 1641 1794 1676 διψώ-

1008 1693 1076 1719 σης,
1094 1687 1171 1721 φησὶ,
1194 1685 1334 1720 διψῶσαν
1360 1686 1418 1721 τὴν
1431 1687 1542 1714 ἄϐατον
1564 1686 1623 1721 γῆν
1637 1688 1765 1723 εἰρηκώς·
1780 1688 1795 1714 6

1007 1733 1036 1759 δὲ
1051 1733 1207 1766 Θεοδοτίων,
1236 1734 1471 1768 ἀναθήσεταιώς
1498 1733 1647 1768 θηλάζον,
1667 1734 1792 1766 ἐξέδωκε.

1007 1779 1093 1806 Τοῦτο
1110 1779 1164 1815 γὰρ
1178 1776 1212 1814 ἦν
1228 1781 1293 1814 περὶ
1312 1776 1345 1806 οὗ
1359 1779 1405 1805 καὶ.
1419 1779 1538 1813 πρόσθεν
1550 1778 1669 1813 ἐλέγετο*
1682 1778 1792 1814 «Πρὶν-ἣ

1006 1826 1108 1859 γνῶναι
1124 1826 1156 1852 τὸ
1169 1825 1273 1852 παιδίον
1293 1824 1407 1858 ἀγαθὸν,
1423 1825 1440 1860 ἢ
1457 1825 1553 1858 κακὸν,
1582 1825 1692 1852 ἀπειθεῖ
1714 1834 1794 1860 πονη-

1007 1871 1063 1907 ρίᾳ.
1073 1881 1082 1897 ›
1098 1873 1153 1898 Καὶ
1166 1872 1256 1899 πάλινι
1270 1881 1278 1897 ι
1290 1871 1359 1906 Πρὶν
1377 1871 1393 1906 ῆ
1408 1870 1509 1905 γνῶναι
1518 1871 1547 1897 τὸ
1558 1870 1665 1897 παιδίον
1678 1871 1790 1905 ἀγαθὸν,

1004 1917 1021 1953 ἢ
1036 1917 1119 1944 κακὸν
1135 1917 1252 1952 λήψεται
1282 1917 1398 1952 δύναμιν
1420 1916 1580 1952 Δαμασκοῦ.
1597 1926 1606 1942 ι
1622 1917 1677 1943 Καὶ
1696 1917 1791 1943 πάλινι

1007 1962 1086 1989 ι”Οτι
1103 1963 1208 1989 παιδίον
1237 1962 1368 1998 ἐγεννήθη
1393 1963 1460 1998 ἡμῖν
1488 1963 1535 1989 καὶ
1563 1962 1652 1997 ἐδόθη.
1666 1971 1675 1988 ι
1694 1963 1749 1997 Τὴν
1763 1963 1792 1989 δὲ

1003 2008 1110 2041 γένεσιν
1124 2009 1170 2035 τοῦ
1188 2009 1312 2044 Σωτῆρος
1328 2008 1425 2040 εἰπὼν,
1439 2008 1489 2043 τὴν
1500 2009 1547 2035 ἐπὶ
1561 2008 1613 2043 γῆς
1638 2009 1721 2036 αὑτοῦ
1750 2009 1791 2035 δι-

1002 2055 1110 2089 ηγεῖται
1126 2055 1278 2090 οιατριοήν.
1288 2055 1330 2082 Οὐ
1345 2053 1447 2091 γὰρῆν
1459 2054 1652 2090 αὺτῷ,φησὶν,
1665 2055 1792 2088 ἔνδοξον

1001 2097 1091 2133 εἶδος.

1035 2191 1080 2218 Διὺ
1102 2190 1252 2226 Σύμμαχος
1278 2198 1379 2226 φησιν’
1414 2191 1474 2218 Οὐκ
1508 2187 1588 2224 εἶδος
1606 2190 1696 2223 αὐτῷ,
1720 2190 1793 2218 οὐδὲ

164 2228 261 2263 forma,
277 2237 328 2256 non
360 2229 494 2265 dignitas,
520 2234 550 2258 ut
566 2231 710 2258 videremus
735 2240 804 2266 eum,
825 2240 905 2268 neque
926 2243 954 2261 a-

1006 2235 1099 2268 ἀξιῶν
1113 2237 1136 2269 ⁵,
1152 2235 1202 2262 ἵνα
1213 2235 1338 2270 εἴδωμεν
1347 2235 1430 2263 αὑτό.
1441 2236 1517 2263 Οὐδὲ
1539 2237 1653 2270 θεωρία,
1665 2237 1716 2263 ἵνα
1728 2237 1792 2263 ἐπι-

163 2279 283 2310 spectus,
301 2281 329 2303 ut
349 2284 501 2311 caperemus
513 2286 582 2306 eum.
599 2279 725 2314 Abimus
737 2285 762 2307 et
779 2280 894 2307 virorum
907 2282 954 2308 mi-

164 2322 263 2349 niatus.
294 2323 340 2350 Vir
359 2322 523 2356 laboriosus,
545 2329 571 2352 et
593 2327 682 2353 morbo
703 2330 791 2359 notus,
817 2331 842 2354 et
867 2327 952 2355 sciens

165 2368 235 2402 ferre
250 2368 399 2400 mollitiem.
420 2375 570 2398 nontamen
583 2371 684 2400 mollis.
699 2371 765 2404 Quae
784 2373 876 2399 omnia
890 2380 953 2400 cum

164 2421 222 2442 sua:
249 2414 360 2442 deitatis
383 2415 478 2450 faciem
495 2417 654 2450 occultaret,
680 2426 829 2454 perpessus
857 2424 910 2448 est.
926 2420 953 2447 ιιι

164 2459 238 2486 enim
255 2459 378 2495 proiecto
392 2460 540 2495 signiﬁcat,
557 2462 629 2496 quod
643 2462 739 2496 facient
760 2464 817 2498 ejus
835 2472 954 2492 aversata

164 2506 314 2533 esse-dixit.
338 2505 405 2534 Nam
431 2511 459 2534 et
479 2507 603 2543 Aquilas,
622 2513 747 2543 tanquam
768 2510 952 2538 absconditam

166 2550 262 2585 faciem
275 2551 473 2586 interpretatur
488 2561 496 2585 ;
512 2551 665 2581 Theodotio
680 2561 756 2586 vero,
768 2563 821 2582 non
847 2560 954 2590 reputa-

167 2599 259 2624 bamus
273 2597 371 2632 ipsum,
388 2599 433 2625 ubi
449 2607 503 2625 non
519 2604 642 2632 reputate
664 2604 713 2634 est,
730 2600 865 2635 legimus:
892 2601 955 2629 reli-

166 2643 212 2676 qui
232 2647 323 2670 autem
340 2643 469 2678 abjecttts,
484 2645 593 2679 ideoque
614 2653 666 2673 non
684 2647 864 2680 reputavimus
880 2655 949 2675 eum.

166 2687 336 2716 lntermiscct
350 2696 432 2724 porro
447 2689 617 2718 humanitate
630 2691 761 2719 incitatus
777 2692 859 2719 etiam
889 2700 950 2727 per-

1001 2281 1181 2316 θυμήσωμεν
1187 2282 1225 2309 αὐ
1229 2282 1289 2308 τόν.
1298 2281 1560 2316 Ἐξουόενωμένος,
1572 2282 1620 2309 καὶ
1630 2282 1793 2316 ἐλάχιστος

1002 2328 1133 2362 ἀνδρῶν.
1149 2327 1239 2362 Ἀνὴρ
1254 2327 1409 2360 ἐπίπονος,
1424 2327 1472 2354 καὶ
1485 2328 1618 2362 γνωστὸς
1628 2329 1720 2360 νόσῳ,
1740 2328 1791 2355 καὶ

1002 2372 1087 2405 εἰδὼς
1099 2371 1201 2406 φέρειν
1212 2372 1378 2406 μαλακίαν,
1391 2373 1426 2398 οὐ
1440 2371 1505 2406 μὴν
1513 2372 1790 2407 μεμαλακισμένος.

1004 2418 1095 2445 Ταῦτα
1111 2419 1139 2445 δὲ
1153 2418 1301 2453 ὑπέμεινεν
1313 2418 1477 2454 ἀποκρύψας
1492 2419 1522 2444 τὺ
1535 2418 1586 2453 τῆς
1599 2418 1726 2454 θεότητος
1739 2418 1790 2445 αὐ-

1002 2464 1050 2491 τοῦ
1078 2464 1250 2498 πρόσωπον,
1291 2464 1375 2490 Τοῦτο
1401 2464 1454 2498 γὰρ
1486 2463 1527 2495 τὸ,
1554 2463 1726 2497 ἀπέστρεψε
1756 2463 1791 2490 τὸ

1001 2509 1163 2543 πρόσωπον
1174 2509 1279 2536 αὑτοῦ.
1293 2509 1370 2536 Κατᾶ
1398 2509 1451 2544 γὰρ
1467 2509 1514 2535 τὸν
1533 2509 1650 2535 ’Δκύλαν
1665 2509 1703 2542 ὡς
1718 2509 1792 2536 ἀπο-

1002 2554 1206 2590 κεκρυμμένον
1219 2555 1382 2588 πρόσωπον
1414 2554 1519 2581 αὐτοῦ.
1546 2555 1625 2581 Κατά
1640 2554 1668 2581 δὲ
1694 2554 1790 2581 Θεοδοι

1001 2601 1096 2634 τίωνα,
1112 2600 1145 2627 τὸ
1161 2601 1216 2627 οὐκ
1228 2600 1382 2635 ἐλογίσθη.
1395 2601 1455 2627 Οὐκ
1466 2600 1668 2636 ἐλογισάμεθα
1685 2601 1790 2628 αὐτόν.

1006 2647 1084 2674 Κατὰ
1099 2647 1127 2674 δὲ
1142 2647 1205 2679 τοὺς
1224 2647 1345 2679 λοιποὺς,
1369 2646 1636 2681 Ἐξουδενωμένος.
1657 2646 1706 2673 Διὸ
1735 2647 1791 2674 οὐκ

1003 2692 1204 2728 ἐλογισάμεθα
1231 2693 1333 2720 αὐτόν.
1360 2692 1410 2719 Διὰ
1440 2693 1685 2729 φιλανθρωπίανδὲ
1702 2692 1791 2720 καὶτὸ

202 2776 225 2792 '°
236 2775 337 2806 Jerem.
355 2785 391 2811 ιι,
407 2779 434 2808 9.
473 2780 494 2796 "
524 2779 575 2809 lsa.
600 2789 648 2814 vn,
676 2782 718 2810 li.
757 2781 780 2797 ⁸¹
805 2780 909 2814 lsa.xr,
927 2781 952 2808 Ι.
990 2782 1013 2798 ⁸³
1030 2781 1083 2810 lsa.
1099 2789 1147 2815 vn,
1180 2782 1222 2810 l6.
1262 2782 1285 2799 ⁸⁵
1311 2782 1361 2811 lsa.
1391 2789 1450 2816 vm,
1466 2781 1495 2810 4.
1532 2781 1622 2810 "lsa.
1654 2789 1691 2814 Ix,
1709 2781 1737 2809 6.

795 2840 908 2868 VABl/E
927 2840 1127 2870 LECTIONES.

203 2882 216 2898 '
236 2889 280 2916 γρ.
301 2882 419 2918 ἀξίωμα.
