1999 3076
173 159 242 194 2521

175 217 240 244 ῐδιον
251 214 264 241 ὁ
277 213 420 248 προφήτης
450 209 586 238 ὑπέὸαλλε
599 208 744 244 πρόσωπον
761 207 816 238 τοῖς
832 206 877 232 τὸν
893 205 960 238 Χρι-

175 262 237 288 στδν
250 259 424 293 ἀθετήσασιν.
444 257 545 292 Ἐχρῆν
559 256 587 282 δὲ
603 255 715 282 σκοπεῖν
742 253 816 288 ἡμᾶς
826 272 834 284 ,
861 251 957 285 φησὶν,

174 308 212 339 ὡς
224 304 301 337 οὗτος
316 303 349 341 ἦν
361 306 414 340 ἄρα
423 304 477 330 τῶν
491 302 634 338 ἡμετέρων
648 300 740 335 ψυχῶν
754 300 769 325 ὁ
782 297 888 333 Σωτὴρ,
906 296 959 329 τὰς

175 352 317 388 ἁμαρτίας
333 350 417 385 ἡμῶν
435 349 537 383 φέρων,
553 348 602 374 καὶ
618 347 682 381 περὶ
708 344 788 381 ἡμῶν
811 342 959 376 ὀδυνώμε-

176 407 239 430 νος.
268 396 413 430 Σύμμαχος
432 394 460 420 δέ
485 401 586 427 φησιν·
615 393 723 423 Ὄντως
736 390 790 422 τὰς
815 389 959 424 ἁμαρτίας

176 442 261 477 ἡμῶν
273 441 365 473 αὐτὸς
389 439 526 470 ἀνέλαϐε,
552 437 601 464 καὶ
616 436 688 469 τοὺς
704 436 818 467 πόνους
838 433 960 468 ὑπέμει-

176 497 239 515 νεν.
254 486 352 521 Ἡμεῖς
360 486 394 512 δὲ
408 484 606 518 ἐλογισάμεθα
620 482 714 510 αὑτὸν
727 481 761 507 ἐν
776 479 856 514 (imit
875 479 958 509 ὄντα,

176 533 350 575 ﬂamini-dra
382 532 440 558 ὑπὸ
460 530 544 562 Θεοῦ,
571 529 620 556 καὶ
645 526 909 561 τεταπεινωμένον,
924 522 961 560 ᾭ

178 571 330 613 συμφώνως
351 576 484 610 ἐξέδωκαν
501 576 525 601 οἱ
537 573 637 600 λοιποί.
660 573 755 607 Ἡμεῖς
784 571 832 606 μὲν
847 568 904 604 οὖν,
916 567 961 596 οἷα

177 627 280 661 νήπιοι,
305 622 391 650 ταῦτα
409 622 473 657 περὶ
498 621 580 648 αὑτοῦ
598 620 821 654 πεφρονήκαμεν.
839 617 961 650 Ἔπασχε

177 672 205 698 δὲ
217 671 251 698 δι’
265 670 348 705 ἡμᾶς.
364 668 545 695 ἀπαλλάττων
558 666 694 701 τιμωρίας
706 665 754 700 τῆς
765 665 796 690 ὲκ
808 663 861 689 τῶν
873 663 963 697 ἁμαρ-

176 716 305 751 τημάτων
320 714 497 749 ὀφειλομένης
512 713 560 747 τὴν
576 710 784 746 ἀνθρωπότητα.
800 709 829 735 '0
842 708 870 734 δὲ
882 706 964 734 Ἀκύ-

177 763 236 791 λαν
245 765 265 788 Α
271 761 349 793 ἰιτὸς,
361 760 436 794 φησι,
445 757 655 791 ,ϐείῖηλωμένος
666 756 715 783 ἐπὶ
730 751 961 788 ἁθεσιῶνῆμῶν.

179 807 232 834 ἾΙν
248 808 302 842 γὰρ
317 806 424 841 ἀληθῶς
436 803 658 837 ,βεϐηλωμένος,
682 803 723 828 ὅτι
751 801 863 835 γέγονεν
892 799 964 833 ὑπὲρ

180 855 256 890 ἡμῶν
272 853 389 887 κατάρα,
405 851 475 878 κατὰ
489 851 533 876 τὸν
547 848 720 880 Ἀπόστολον,
730 848 770 873 ὅτι
785 847 941 881 γέγραπται
955 853 962 861 ο

721 146 987 182 COMMENTARII
999 145 1039 176 ΙΝ
1054 143 1195 175 ISAIAM.

973 207 997 234 Α
1012 209 1106 229 sonam
1118 205 1195 227 suam
1213 195 1343 233 propheta
1356 201 1419 222 cum
1436 193 1480 224 iis,
1493 191 1538 226 qui
1553 188 1691 217 Christum
1703 195 1795 222 aSper-

1716 130 1791 163 2522

1013 247 1157 275 nabantur.
1175 243 1271 270 Decuit
1284 249 1349 269 vero
1366 247 1427 270 nos,
1443 237 1542 272 inquit,
1555 235 1706 265 advertere,
1721 232 1796 260 hunc

1009 301 1072 321 esse
1090 292 1242 319 animarum
1260 292 1414 316 nostrarum
1434 284 1612 312 Salvatorem,
1626 280 1672 314 qui
1687 282 1795 314 peccata

1010 344 1102 366 nostra
1117 338 1214 366 lueret.
1229 334 1331 369 quique
1343 331 1428 359 nostri
1437 337 1519 357 causa
1531 327 1634 354 dolores
1645 328 1794 359 pateretur.

1011 385 1063 412 Sed
1080 383 1160 410 habet
1171 382 1198 408 in
1214 368 1287 407 hunc
1297 377 1406 406 modum
1419 373 1573 410 Symmachi
1589 368 1794 405 interpretatio:

1010 431 1109 458 Revera
1132 433 1240 463 peccata
1273 430 1365 453 nostra
1390 423 1445 456 ipse
1472 418 1624 453 assumpsit,
1644 416 1797 448 laboresque

1011 482 1117 504 nostros
1131 473 1268 501 sustinuit.
1290 470 1345 496 Nos
1359 472 1446 495 autem
1458 464 1608 500 putavimus
1637 468 1696 488 eum
1713 459 1798 493 lepro-

1011 529 1068 549 sum
1092 527 1157 549 esse,
1171 523 1324 552 percussum
1340 522 1356 540 α
1386 512 1452 543 Deo,
1476 515 1500 538 et
1536 507 1726 535 humiliatum:
1754 502 1798 530 cui

1011 571 1039 594 et
1053 564 1150 599 reliqui
1165 563 1247 591 etiam
1265 558 1452 588 consentiunt.
1469 555 1524 583 Nos
1548 554 1640 588 igitur,
1668 555 1798 584 tauquam

1011 619 1108 648 parum
1131 608 1291 644 prudentes,
1319 605 1353 632 de
1365 612 1397 631 eo
1415 603 1480 630 talia
1499 599 1702 629 sentiebamus;
1735 601 1799 620 cum

1014 661 1125 693 propter
1144 662 1195 682 nos
1214 655 1354 688 pateretur
1367 654 1469 679 tamen.
1485 651 1515 673 ut
1529 653 1560 673 ea
1577 642 1716 671 mortales,
1740 647 1801 674 quae

1014 704 1133 740 peccatis
1149 687 1243 728 eorum
1269 698 1395 729 debetur,
1407 694 1526 722 vindicta
1542 693 1680 719 liberaret.
1694 687 1740 714 Sic
1753 694 1802 712 au-

1014 735 1067 777 tem
1083 747 1212 782 Aquilus:
1229 743 1301 778 Ipse,
1314 742 1413 776 inquit.
1431 736 1618 774 o/fensionibus
1634 735 1730 762 nostris
1738 739 1803 766 pro—

1015 796 1123 831 {anatus
1148 795 1199 819 est.
1230 789 1295 816 Erat
1324 787 1397 814 enim
1426 792 1520 812 revera
1549 781 1723 816 profanatas,
1755 777 1802 812 qui

1015 842 1167 872 secundum
1194 836 1375 874 ApOstolum,
1413 834 1495 860 «Pro
1525 830 1606 858 nobis
1635 825 1803 854 abominatio

189 869 256 890 ιμιυν
273 869 389 887 hil-uili,
406 869 475 878 Λιθυή
494 869 532 876 I'l'
557 869 575 877 AI
584 869 720 880 li'JV-d'luv,
733 869 770 873 -v.
791 869 940 881 I—lr“...w.

185 899 397 933 Ἐπικατάρατος
427 898 478 928 πᾶς
496 897 510 922 ὁ
524 895 698 931 κρεμάμενος
723 893 770 920 ἐπὶ
795 892 885 925 ξύλου.
906 892 964 918 Οὐκ

1023 892 1105 921 'actus
1123 892 1165 915 est
1176 887 1219 918 ⁸⁰;
1240 895 1249 910 ι
1271 890 1333 910 cum
1349 879 1523 908 maledictum
1538 883 1600 903 esse
1619 879 1738 902 onmem,
1757 869 1803 905 qui

1174 931 1189 933 α
1311 928 1326 933 ·-
1359 931 1364 933 -
1418 925 1440 933 ιη
1466 923 1523 933 ιμ-
1538 928 1600 933 ﬂ...“
1613 919 1731 933 ηηηηιηπη
1750 915 1803 933 nm

179 947 232 980 ἄρα
258 945 371 976 κάλλος
381 943 437 978 εἶχε
451 943 482 968 τὸ
498 941 659 975 οεοπρεπὲς,
681 939 749 966 ἀλλ’
761 939 877 972 ἄτιμον.
894 937 966 973 Πρὸς

180 991 234 1027 γὰρ
243 993 293 1026 τὴν
310 990 384 1016 Θείαν
399 988 582 1023 λαμπρότητα
594 987 647 1012 πᾶν
664 983 835 1020 ἀνθρώπινον
848 983 965 1017 ἄτιμον.

182 1037 295 1072 Εἴρηται
306 1035 402 1070 γοῦν“·
416 1044 425 1060 ι
441 1034 547 1069 Ὠραῖος
562 1031 655 1059 κάλλει
666 1030 742 1065 παρὰ
754 1029 817 1061 τοὺς
825 1029 899 1059 υἱοὺς
912 1027 967 1054 τῶν

181 1081 342 1116 ἀνθρώπων.
349 1089 358 1105 ι
365 1079 418 1106 Καὶ
426 1079 513 1108 ἄλλως
522 1077 550 1104 δὲ
559 1075 678 1111 γεγονὼς
689 1075 720 1101 ἐκ
731 1074 841 1108 πτωχῆς
852 1072 966 1108 μητρὸς,

182 1126 225 1153 διὰ
257 1126 365 1153 πάντων
388 1124 491 1150 ὥδευσε
517 1122 573 1149 τῶν
599 1120 746 1151 ταπεινῶν,
765 1120 798 1146 ἵν’
815 1118 911 1155 ὑψώσῃ
938 1118 968 1144 τὸ

182 1174 320 1204 ταπεινὸν,
335 1173 383 1199 καὶ
397 1171 500 1207 Κύριος
512 1171 540 1197 δὲ
552 1171 598 1197 καὶ
615 1169 741 1205 βασιλεὺς
757 1168 888 1202 ὑπάρχων
913 1166 968 1192 ’τῶν

183 1220 261 1252 ὅλων,
293 1217 371 1249 ποίας
385 1217 419 1244 ἂν
433 1216 530 1251 ὲδεήοη
556 1215 605 1250 τῆς
617 1215 645 1240 ἐν
660 1213 816 1249 ἀνθρώποις
842 1210 969 1246 λαμπρό-

184 1275 263 1302 τητος
274 1273 282 1298 ;
295 1264 418 1298 κατηφὲς
430 1263 459 1290 δὲ
474 1262 539 1293 ἴσως
555 1262 586 1288 τὸ
600 1260 648 1287 τοῦ
674 1260 801 1294 Σωτῆρος
827 1258 969 1285 τεθέανται

185 1312 331 1348 πρόσωπον
354 1311 402 1338 καὶ
422 1308 626 1343 τεταραγμένον
650 1306 703 1342 πρὸ
722 1314 770 1332 του
789 1303 918 1339 σταυροῦ,
933 1304 970 1335 ὡς

185 1358 275 1393 λέγειν
284 1365 291 1373 ·
307 1367 315 1383 ι
328 1356 386 1384 Νῦν
401 1357 418 1391 ἡ
430 1355 503 1390 ψυχή
514 1363 564 1390 μου
579 1353 744 1388 τετάρακται
756 1352 803 1377 καὶ
816 1349 969 1384 περίλυπός

186 1405 260 1431 ἔστιν
273 1404 289 1438 ἡ
305 1403 376 1438 ψυχή
394 1410 444 1437 μου
457 1401 508 1432 ἕως
522 1399 663 1426 θανάτου.»
680 1397 802 1432 Ἀπαθὴς
815 1396 868 1430 γὰρ
881 1394 973 1427 (Imm;

187 1450 265 1482 Θεὸς,
277 1450 311 1484 τῇ
328 1448 389 1475 καθ’
405 1448 480 1483 ἡμᾶς
506 1446 623 1473 ἐνέδωκε
654 1443 734 1478 φύσει
753 1443 790 1477 μὴ
811 1441 973 1475 ἀναλγήτως

188 1496 260 1532 ἔχειν
274 1494 455 1530 ὲμὸάλλοντος
469 1489 635 1527 πειρασμοῦ,
652 1490 703 1524 τῆς
729 1487 882 1522 φαντασίας
897 1487 973 1513 ἀναι-

191 1541 247 1578 ρῶν
260 1541 309 1576 τὴν
326 1540 465 1566 ὑπόνοιαν.

1016 933 1115 970 pendet
1130 933 1157 959 in
1174 931 1247 965 ligno
1263 928 1402 957 scribatur
1417 925 1451 951 ³⁷.
1466 923 1525 950 Non
1537 928 1601 956 ergo
1613 919 1732 954 speciem
1749 915 1804 942 Deo

1017 961 1138 1014 dignam,
1159 961 1207 1004 sed
1222 975 1408 1002 inhonoratam
1426 969 1522 996 habuit
1536 964 1672 1002 :_quando
1693 961 1760 989 nihil
1775 961 1804 986 in

1017 1023 1195 1052 humanitatis
1221 1020 1326 1048 ratione
1353 1016 1492 1052 reperias,
1518 1012 1588 1048 quod
1609 1011 1758 1037 obscurum
1777 1011 1804 1034 et

1017 1071 1205 1098 inhonoratum
1231 1074 1285 1093 non
1311 1065 1368 1096 sit,
1392 1062 1416 1089 si
1441 1067 1503 1088 cum
1530 1057 1626 1085 divino
1659 1053 1806 1090 splendore

1019 1122 1172 1150 compares.
1202 1111 1308 1138 Dicitur
1338 1108 1411 1136 enim
1445 1104 1612 1140 «speciosus
1641 1101 1728 1128 forma
1749 1105 1806 1133 pra:

1020 1162 1083 1189 filiis
1100 1159 1239 1188 hominum
1265 1156 1297 1183 ⁵³⁸.
1319 1165 1328 1181 ι
1359 1154 1434 1180 Alias
1452 1158 1517 1178 vero
1534 1150 1616 1176 etiam
1636 1145 1806 1182 paupercula

1020 1211 1107 1235 matre
1122 1205 1212 1232 editus
1228 1209 1275 1238 per
1286 1200 1396 1228 humilia
1409 1197 1500 1226 omnia
1512 1194 1670 1225 ambulavit,
1685 1191 1764 1227 601
1779 1194 1808 1215 ut

1021 1253 1093 1288 quod
1103 1255 1174 1278 esset
1184 1248 1316 1284 ejusmodi
1328 1245 1479 1273 extolleret.
1487 1242 1564 1276 Quali
1575 1247 1683 1267 rursum
1691 1238 1727 1264 illi
1739 1238 1809 1263 inter

1023 1298 1149 1326 homines
1163 1295 1283 1323 versanti
1301 1291 1449 1327 splendore
1468 1295 1537 1324 opus
1561 1287 1621 1316 fuit.
1640 1285 1685 1320 qui
1701 1283 1810 1310 univmu

1023 1349 1116 1371 serum
1134 1340 1265 1368 Dominus
1290 1341 1318 1365 et
1344 1344 1390 1363 rex
1415 1332 1541 1361 exsistit?
1565 1329 1646 1364 Atqui
1661 1328 1809 1355 demissum

1024 1387 1129 1418 forsan,
1147 1389 1174 1412 et
1188 1381 1375 1419 perturbatum
1392 1382 1454 1405 ante
1465 1383 1575 1403 crucem
1589 1371 1739 1400 Salvatoris
1751 1370 1810 1396 \'nl«

1024 1439 1082 1462 tum
1113 1437 1188 1459 tuum
1204 1429 1313 1457 demum
1329 1430 1394 1454 sunt
1408 1422 1512 1454 intuiti,
1526 1429 1590 1448 cum
1600 1419 1717 1446 animam
1732 1423 1811 1444 suam

1025 1476 1186 1507 conturbari
1201 1480 1228 1503 et
1243 1474 1337 1502 dolere
1361 1478 1449 1506 usque
1463 1469 1496 1496 ad
1514 1471 1632 1495 mortem
1658 1464 1762 1492 diceret
1776 1462 1810 1487 ⁸³.

1025 1526 1093 1553 Cum
1105 1524 1178 1551 enim
1197 1522 1266 1556 ipse,
1284 1523 1413 1553 tanquam
1433 1514 1515 1546 Deus,
1533 1511 1655 1548 passioni
1671 1517 1724 1536 non
1741 1511 1814 1536 esset

191 1556 247 1578 μων
260 1556 309 1576 'H‘I
328 1556 465 1566 U'lbvvvuav-

189 1588 342 1620 obnoxius,
359 1591 484 1614 naturam
503 1589 605 1614 tamen,
619 1590 700 1618 quam
728 1585 829 1609 nostrze
858 1579 974 1607 similem
998 1572 1156 1608 assumpsit,
1176 1578 1239 1599 cum
1255 1567 1419 1596 tentationes
1436 1564 1568 1598 impetum
1603 1559 1733 1588 facerent,
1767 1556 1815 1582 do-

191 1635 250 1662 lore
265 1641 364 1661 vacare
376 1633 473 1664 noluit,
491 1635 630 1666 spectrum
649 1635 710 1656 esse
722 1628 812 1663 putari
827 1634 860 1653 ne
870 1633 900 1653 se
912 1624 1091 1660 permitteret.

233 1678 447 1713 Ἀπέστρεπται
459 1663 590 1710 δὲίφασὶ,
603 1674 636 1701 τὸ
655 1674 827 1708 πρόσωπον,
843 1672 904 1699 ἀντὶ.
927 1669 972 1696 τοῦ

1062 1667 1110 1694 Est
1123 1668 1212 1692 autem
1230 1663 1286 1697 ejus
1299 1667 1391 1687 avena

193 1725 378 1762 κατῃσχύνθη.
392 1722 556 1757 Ἠτιμάσθη
572 1721 610 1752 δὲ.
623 1720 671 1747 καὶ
686 1721 742 1747 οὐκ
752 1718 898 1753 ἐλογίσθη
910 1726 917 1732 ·
933 1717 978 1744 ὅτε

194 1772 349 1807 πέμψαντος
359 1769 474 1796 Πιλάτου
486 1767 554 1804 πρὸς
564 1767 609 1794 τὸν
617 1765 750 1801 Ἡρώδην,
761 1764 841 1791 αὑτὸν
850 1769 864 1782 '
873 1762 979 1795 ἐξουδε-

196 1819 250 1845 νῶν
267 1818 304 1848 ὡς
315 1815 396 1843 αὑτὸν
406 1813 566 1848 ἀπέπεμψε.
581 1812 667 1839 Πάλιν
682 1812 729 1838 καὶ
753 1811 798 1837 ὅτε
813 1809 847 1836 τὰ
862 1808 982 1844 ὑϐριστι-

199 1863 309 1891 κώτατα
335 1861 494 1897 κρινόμενος
520 1857 702 1892 ἔπασχεοκαὶ
731 1856 796 1890 παρ’
827 1855 907 1881 αὐτὸν
922 1854 981 1880 -τδν

199 1909 326 1944 σταυρόν.
342 1907 386 1934 Διὸ
411 1907 462 1933 κάν
484 1906 540 1937 τοῖς
557 1903 744 1940 προλεχθεῖσιν
772 1902 890 1937 ἔφασκε·
907 1910 916 1927 ι
929 1901 981 1927 Τὸν

198 1953 280 1981 νῶτόν
297 1961 347 1988 μου
357 1951 460 1978 δέδωκα
471 1951 510 1981 είς
520 1949 664 1984 μάστιγας,
677 1956 686 1973 ι
695 1947 742 1974 καὶ
753 1946 787 1972 τὰ
800 1944 982 1979 ἐξῆςᾟέπον-

198 2000 244 2026 θεν
258 1996 303 2025 οὖν
315 1997 364 2024 οὐκ
375 1997 414 2027 είς
426 1995 491 2022 ἴδιον
506 1994 585 2029 χρέος
599 1992 748 2028 (ἁμαρτίαν
761 1990 815 2026 γὰρ
827 1989 877 2016 οὐκ
889 1988 982 2022 ὲποίη-

199 2047 256 2074 σενὶ
269 2044 326 2071 ἀλλ’
340 2045 379 2075 εἰς
398 2042 541 2078 ἡμέτερον,
555 2037 596 2072 εἷς
611 2040 625 2066 ό
639 2039 749 2065 πάντων
773 2035 980 2070 ἀνταξιώτερος,

200 2090 307 2118 Παύλου
330 2084 526 2123 λέγοντος·Εἶς
557 2085 627 2119 ὑπὲρ
643 2084 752 2110 πάντων
775 2082 921 2114 ἀπέθανεν,
938 2080 982 2107 ἴνα

199 2138 224 2164 ot
238 2136 338 2168 ζῶντες
363 2133 461 2169 μηκέτι
481 2131 586 2162 ἑαυτοῖς
603 2129 698 2162 ζῶσιν,
712 2128 781 2156 ἀλλὰ
793 2127 832 2162 τῷ
849 2127 918 2162 ὑπὲρ
932 2126 982 2153 αὺ-

199 2182 254 2210 τῶν
267 2180 427 2208 ἀποθανόντι
439 2178 487 2205 καὶ
504 2176 654 2212 ἐγερθέντι.
672 2184 681 2201 ι
703 2173 802 2201 ’ἰστέον
813 2172 842 2200 δὲ
858 2172 894 2204 ὡς
910 2171 983 2203 τινὲς

199 2228 240 2260 τὸ,
259 2225 490 2261 Ἀνηγνγείλαμεν
503 2223 542 2256 ὼς
562 2221 693 2252 παιδίον,
704 2219 747 2246 διὰ
762 2218 808 2245 τοῦ
830 2218 983 2253 γράψαντες

201 2274 271 2301 οὕτω
283 2272 380 2307 φασίν·
395 2271 527 2298 ἀντέπεσε
539 2268 593 2303 γὰρ
603 2267 641 2299 ὡς
658 2266 731 2296 εἰκὸς
743 2272 767 2297 ι,
782 2264 821 2299 τῷ
844 2265 982 2300 προφήτῃ,

201 2321 242 2348 ὅτι
258 2320 289 2346 σὺ
301 2320 332 2346 ἐκ
343 2318 389 2345 τοῦ
405 2316 562 2351 Πνεύματος
576 2313 717 2349 ἐδιδάχθης
733 2312 783 2346 τὴν
805 2310 889 2339 αὑτοῦ
913 2318 984 2345 παρ-

1419 1656 1512 1692 facies,
1529 1653 1622 1686 aiunt;
1637 1651 1663 1679 id
1680 1655 1732 1679 est.
1749 1657 1816 1676 cor.-

1031 1713 1102 1741 fusa.
1121 1710 1168 1738 Est
1187 1714 1215 1737 et
1229 1695 1376 1741 despectus,
1397 1711 1442 1730 nec
1462 1704 1598 1735 reputatus
1611 1705 1621 1725 :
1645 1695 1754 1732 quando
1771 1695 1815 1721 ni-

1030 1760 1130 1787 mirum
1145 1763 1193 1792 per
1208 1755 1326 1782 Pilatum
1349 1751 1451 1778 missus
1468 1747 1502 1775 ad
1517 1746 1652 1774 ilerodcm
1663 1763 1671 1776 ,
1693 1743 1726 1769 ab
1746 1742 1815 1769 istu-

1031 1812 1084 1840 que
1098 1806 1271 1835 contemptus
1292 1798 1326 1825 ad
1341 1796 1466 1824 eumdem
1488 1792 1620 1821 remissus
1635 1794 1691 1822 est;
1707 1787 1816 1822 quando

1031 1857 1138 1878 rursum
1154 1843 1431 1876 contumeliosissime
1451 1840 1616 1870 damnatus;
1635 1835 1745 1870 quando
1769 1833 1816 1860 de-

1031 1897 1114 1931 nique
1131 1893 1222 1922 crucis
1241 1895 1360 1918 mortem
1380 1893 1527 1923 perpessus
1543 1893 1550 1911 :
1571 1883 1642 1910 unde
1658 1885 1685 1908 et
1708 1881 1754 1907 illa
1766 1887 1816 1906 ex-

1033 1942 1144 1972 sistunt,
1160 1938 1260 1973 quibus
1274 1944 1303 1963 se
1324 1934 1437 1961 dorsum
1457 1938 1537 1959 suum
1563 1927 1725 1955 verberibus
1749 1931 1817 1959 pra:-

1032 1989 1125 2017 buisse
1151 1986 1192 2018 '°,
1219 1989 1246 2012 et
1273 1989 1334 2018 quae
1361 1981 1505 2013 deinceps.
1539 1974 1667 2010 superius
1698 1971 1815 1998 dicebat.

1033 2036 1135 2063 Passus
1146 2037 1189 2060 est
1203 2037 1270 2065 ergo
1284 2036 1338 2056 non
1352 2027 1379 2053 in
1402 2025 1445 2052 sui
1461 2022 1518 2059 (qui
1533 2025 1676 2058 peccatum
1694 2026 1748 2045 non
1769 2017 1817 2042 ad-

1033 2081 1130 2116 misit),
1155 2079 1201 2106 sed
1215 2078 1243 2104 in
1269 2075 1355 2103 nostri
1375 2071 1460 2101 debiti
1487 2068 1718 2106 persolutionem;
1747 2071 1818 2091 unus

1033 2129 1154 2155 omnium
1166 2125 1245 2160 longe
1251 2119 1507 2158 prastantissimus,
1522 2116 1607 2144 Paulo
1619 2119 1697 2143 teste.
1706 2112 1751 2139 ubi
1762 2111 1816 2138 ait:

1036 2183 1046 2200 ι
1067 2173 1144 2201 Unus
1160 2178 1210 2206 pro
1229 2168 1359 2196 omnibus
1385 2169 1510 2192 mortuus
1526 2165 1580 2193 est,
1590 2165 1626 2197 ¹ιιι
1640 2159 1686 2194 qui
1706 2157 1797 2183 vivunt
1809 2175 1818 2188 ,

1034 2219 1086 2247 sibi
1097 2203 1213 2251 amplius
1226 2222 1281 2241 non
1295 2212 1403 2243 vivant,
1422 2209 1469 2237 sed
1484 2207 1547 2242 ipsi,
1561 2205 1607 2240 qui
1629 2211 1678 2238 pro
1691 2203 1730 2229 eis
1746 2208 1820 2227 mor-

1034 2270 1098 2292 tuus
1114 2267 1157 2290 est
1181 2265 1208 2289 et
1228 2258 1380 2288 resurrein
1401 2256 1434 2283 ⁹¹.
1452 2264 1461 2280 ι
1477 2253 1523 2280 Est
1536 2257 1626 2278 autem
1648 2247 1819 2275 animadver-

1035 2309 1158 2340 tendum,
1171 2313 1225 2341 quo
1237 2305 1297 2332 loco
1309 2300 1526 2330 (nuntnliauimus
1541 2301 1667 2331 tanquam
1680 2291 1820 2329 parvulum

202 2366 306 2396 ουσίαν,
331 2364 415 2398 ἐχρῆν
429 2362 457 2388 δὲ
471 2338 518 2388 x20.
540 2338 603 2390 τῖοὺς
632 2338 728 2388 simil;
740 2338 888 2383 διδάσκειν.
912 2338 969 2380 ’οο

1038 2356 1169 2384 habetur,
1199 2358 1324 2386 campum
1353 2346 1502 2375 nonnullos
1520 2344 1623 2377 legere.
1648 2340 1716 2367 Esse
1745 2338 1819 2365 enim

1348 2393 1353 2398 '
1385 2396 1389 2398 ·
1496 2397 1500 2398 ν
1543 2387 1594 2398 Ι-μ-
1623 2390 1766 2398 ΑΑη-Ι-πιιιινη
1794 2386 1818 2398 ῃ.

203 2419 295 2446 φησιν,
309 2409 346 2440 ὡς
358 2409 408 2435 οὐκ
422 2404 600 2440 ἐπαυσάμεθα
616 2404 717 2434 πάντες
727 2402 752 2428 οἱ
764 2401 902 2437 προφῆται
921 2400 987 2434 ὑμῖν

203 2445 414 2490 ἀναγγέλλοντες
429 2453 470 2485 ὡς
491 2451 606 2483 πεδίον,
631 2448 703 2476 τοῦτ’
730 2448 803 2474 ἔστιν
837 2447 874 2478 ὡς
902 2445 988 2481 ἀγρὸς

205 2502 321 2538 εὐανθὴς
351 2501 398 2527 καὶ
426 2497 610 2535 καρποφόρος,
623 2495 639 2530 ἣ
656 2495 702 2521 καὶ
718 2495 757 2527 ὡς
765 2493 832 2528 ῥίζα
845 2493 879 2519 ὲν
893 2491 932 2527 γῇ
945 2491 989 2517 διι

204 2532 317 2583 prima;
331 2532 488 2581 ἀρδεύοντος
514 2542 588 2577 ἡμᾶς
608 2540 656 2566 τοῦ
680 2538 860 2572 Μονογενοῦς,
884 2546 894 2562 ι
909 2536 954 2563 Ἐν
967 2532 989 2570 ᾧ

205 2581 305 2624 πάντες
328 2591 397 2618 εἰσὶν
410 2590 434 2616 οἰ
450 2587 581 2623 θησαυροὶ
601 2586 650 2621 τῆς
672 2583 767 2619 σοφίας
791 2583 838 2610 καὶ
860 2581 988 2616 γνώσεως

206 2638 386 2672 ἀπόκρυφοι.ι
400 2635 482 2662 πάλαι
492 2633 559 2669 μετὰ
568 2632 622 2658 τῶν
635 2630 723 2658 ἄλλων
736 2627 888 2664 ἀνθρώπων
902 2626 987 2662 ξηρὰν

208 2684 255 2711 καὶ
268 2684 392 2718 ἄκαρπον
418 2680 592 2715 ὑπάρχοντας
605 2678 667 2712 γῆν.
679 2675 752 2702 Ἀλλ’
766 2674 932 2708 ἀνεθάλομεν
943 2672 988 2699 διὰ

244 2741 266 2757 ⁸⁸
284 2740 305 2768 ll
325 2740 386 2766 Cur.
402 2747 428 2767 v.
448 2738 492 2765 2t.
530 2736 552 2752 ‘7
581 2735 659 2763 Deut.
672 2742 728 2766 xxi,
744 2734 795 2766 93;
825 2732 913 2760 Galat.
938 2738 972 2759 tu,

1023 2730 1043 2756 5.
1081 2728 1104 2744 ⁸⁸
1122 2726 1196 2754 Psal.
1213 2732 1286 2757 κων,
1302 2724 1330 2751 5.

209 2783 236 2808 1.,
252 2777 279 2804 6.
315 2776 338 2792 ⁰¹
356 2775 375 2802 ll
388 2775 453 2801 Cor.
466 2781 493 2806 v,
518 2771 562 2798 Η.

1036 2402 1252 2428 consentaneum
1278 2393 1418 2430 propheta:
1451 2387 1596 2425 quemdam
1621 2390 1777 2412 occurrere,
1794 2386 1822 2408 et

1035 2446 1147 2476 dicere;
1162 2427 1291 2477 quoniam
1317 2427 1421 2473 Spiritu
1443 2438 1539 2461 sancto
1563 2432 1678 2458 docente
1699 2428 1759 2461 ejus
1774 2427 1822 2452 ad-

1038 2494 1146 2518 ventum
1170 2486 1308 2518 didicerit,
1324 2485 1421 2512 decere
1447 2485 1474 2509 et
1493 2480 1563 2507 alios
1590 2477 1678 2511 ipsum
1705 2474 1822 2503 docere,

1039 2536 1085 2565 sed
1107 2533 1284 2569 respondere,
1300 2529 1447 2566 prophetas
1466 2533 1560 2553 omnes
1575 2521 1659 2556 campi
1682 2520 1780 2550 instar,
1796 2517 1823 2544 id

1041 2586 1083 2609 est
1102 2581 1160 2616 agri
1175 2578 1264 2606 ﬂoridi
1281 2580 1308 2603 et
1322 2572 1459 2609 frugiferi,
1475 2571 1530 2597 illis
1547 2573 1686 2602 nunquam
1702 2571 1755 2591 non
1772 2570 1823 2589 an-

1041 2625 1208 2653 nuntiasse:
1228 2621 1269 2649 vel
1296 2608 1378 2647 etiam
1404 2621 1529 2650 tanquam
1556 2611 1672 2638 radicem
1699 2608 1727 2634 in
1753 2611 1824 2633 terra

1042 2671 1154 2703 διιιεηιί,
1175 2676 1238 2696 cum
1256 2675 1303 2694 eos
1319 2665 1445 2699 irrigarct
1471 2658 1655 2694 Uuigenitus:
1682 2664 1690 2680 ι
1716 2653 1744 2680 lu
1770 2659 1824 2686 quo

1392 2721 1414 2737 ⁸⁵
1433 2716 1526 2746 Matth.
1546 2722 1619 2746 xsvn,
1640 2712 1685 2739 '58.
1733 2709 1756 2726 9°
1770 2708 1823 2735 lsa.

854 2805 972 2835 VARUS
991 2803 1192 2831 LEtJTiONES.

247 2872 314 2906 ίγμ
329 2870 410 2904 ἀλφῇ.
450 2872 462 2886 ιι
480 2868 521 2894 ἵσ.
537 2865 601 2900 γάρ.
639 2866 652 2882 ν
673 2869 715 2896 rp.
738 2859 826 2889 αὐτὸς.
865 2861 877 2874 ι
898 2855 940 2881 ῐσ.
962 2854 991 2880 .t.
1007 2861 1049 2883 τις
1067 2850 1160 2878 εἰπών.
