1999 3076
181 131 250 164 2523

850 143 1027 174 ΡΒΟΕΟΡΗ
1041 144 1163 175 ῦΑΖλίΕῐ

1743 146 1818 179 2521,

184 193 249 215 sunt
263 197 360 217 omnes
376 190 499 219 thesauri
517 193 640 222 scientiae
655 199 682 222 et
697 197 866 232 cognitionis
883 207 972 226 recon-

1031 202 1080 236 τῆς
1091 201 1224 236 χορηγίας
1239 201 1287 228 τοῦ
1301 201 1461 238 Πνεύματος
1475 202 1514 236 ὡς
1524 202 1600 237 ῥίζα,
1611 202 1685 230 τοῦτ’
1695 203 1769 230 ἔστιν
1782 205 1820 236 ὡς

184 234 232 261 (Ιίιί
249 235 271 250 ’³
287 255 293 266 ,
313 246 322 261 ι
340 237 385 270 qui
405 237 470 264 olitn
496 247 558 266 cuin
578 247 686 268 «teter-5
716 243 873 271 hominibus
901 250 972 272 terra

183 285 276 307 essent
301 282 373 309 sicca
389 289 416 309 et
437 285 559 318 sterilis;
585 287 631 313 sed
658 289 815 315 I‘ellornisse
829 297 858 316 se
878 290 974 318 humo-

184 332 242 351 rem
259 324 361 360 Spiritu
389 334 561 362 suggerente,
587 335 714 365 tanquam
742 333 870 366 radicem,
889 335 914 361 id
932 339 975 362 cst

185 374 315 404 tanquam
343 372 455 400 herbam
478 375 620 409 pulchram
649 383 674 404 et
696 377 832 406 ﬂoridam.
859 379 899 407 Ad
925 380 974 408 hos

184 415 315 443 nimirum
335 422 400 454 sunt
428 423 455 446 et
480 420 532 447 ista
563 423 701 456 prophetm
719 424 863 459 cujusdam
883 435 890 452 :
912 435 920 452 ι
942 427 975 454 Et

184 470 233 490 vos
258 464 349 491 dicent
368 465 461 494 beatos
475 472 570 502 gentes
599 476 706 502 omnes,
733 471 798 506 quia
824 480 873 499 vos
893 473 973 502 eritis

184 512 256 536 terra
272 516 435 545 spontanea,
453 512 520 540 dicit
535 513 678 549 Dominus,
698 521 727 543 ut
742 518 836 552 spinas
854 520 973 554 amplius

185 561 239 580 non
266 555 355 584 edatis
372 558 407 585 ³³.
426 568 435 583 ι
457 558 624 586 Praedictum
652 562 724 588 enim
743 567 806 589 est:
826 564 907 599 602
921 564 973 592 Pro

186 601 286 632 Stmhn,
303 603 434 630 ascendet
454 612 620 639 cupressus;
642 615 690 641 pro
711 615 826 644 coniyza,
845 611 974 638 ascendet

185 649 337 680 myrtus";
363 659 373 674 ι
391 649 424 676 Et
448 659 580 680 rursum:
611 663 620 678 ι
638 653 748 680 Faciam
779 656 919 683 desertum
945 658 972 685 in

1029 245 1129 281 βοτάνη
1160 246 1228 282 καλή
1243 255 1274 273 τε
1289 247 1336 274 καὶ
1351 247 1468 282 εὐανθής
1481 255 1489 263 ⁸
1508 248 1577 283 πρὸς
1586 248 1634 280 οὓς
1648 248 1758 282 ὲλέγετο
1772 249 1821 275 καὶ

1027 292 1091 327 παρ’
1103 292 1161 323 ἑνὸς
1172 292 1226 319 τῶν
1257 293 1412 330 προφητῶν·
1433 294 1506 320 «Καὶ
1536 294 1719 330 μακαριοῦσιν
1744 294 1819 329 ὑμᾶς

1027 339 1117 366 πάντα
1130 339 1164 365 τὰ
1178 339 1253 373 ἔθνη,
1268 339 1301 365 δι’
1326 329 1367 366 ὅτι
1384 339 1480 366 ἔσεσθε
1499 340 1579 374 ὑμεῖς
1594 340 1630 374 γῆ
1647 339 1759 375 θελητὴ,
1774 339 1820 366 λέ-

1027 392 1071 418 γει
1083 383 1195 418 Κύριος,
1210 383 1248 415 ὡς
1263 384 1362 419 μηκέτι
1375 385 1470 420 φέρειν
1484 385 1616 417 ἀκάνθας.
1629 395 1638 412 ι
1654 385 1821 421 Προείρηται

1027 430 1092 465 γάρ’
1115 430 1181 462 «Ὡς
1207 431 1268 457 ἀντὶ
1295 431 1405 466 στοίὸης
1434 431 1604 467 ἀναϐήσεται
1636 432 1818 468 κυπάρισσος.

1032 476 1104 503 Ἀντὶ
1117 476 1145 504 δὲ
1162 475 1278 512 κονύζης
1293 477 1458 513 ἁναὸήστιται
1486 478 1615 513 μυρσίνη.
1627 487 1637 504 ι
1652 479 1707 504 Kal
1722 477 1819 505 πάλινο

1027 531 1036 548 ι
1052 523 1163 557 Ποιήσω
1181 522 1229 558 τὴν
1243 522 1346 558 ἔρημον
1361 523 1401 554 εἰς
1416 523 1475 558 ἕλη,
1489 533 1498 549 ι
1517 524 1564 550 καὶ
1577 524 1613 550 τὰ
1627 524 1701 564 ἑξῆς.
1719 523 1818 559 Προεί-

1021 577 1108 601 πομεν
1122 566 1179 601 οὖν,
1192 569 1234 595 ὅτι
1260 569 1458 605 πιστεύσαντες
1468 570 1508 601 εἰς
1522 569 1614 602 αὐτὸν,
1628 570 1757 604 ἐσόμεθα
1770 569 1819 596 ἐν-

1018 614 1122 640 αντίον
1150 613 1254 646 αὑτοῦ,
1284 613 1358 640 τοῦτ’
1371 614 1444 641 ἐστιν
1459 614 1627 650 ὲφορώμενοι
1656 614 1721 650 παρ’
1732 613 1815 642 αὐτοῦ

1018 659 1056 691 ὼς
1069 659 1166 695 βοτάνη
1180 661 1209 686 ὲν
1223 658 1261 694 τῇ
1273 659 1311 695 γῇ
1324 659 1445 695 διψώσῃ
1461 661 1538 686 ποτέ.

186 692 299 726 paludes
321 694 345 710 "
363 703 370 728 ;
391 705 399 721 ι
415 700 441 723 et
457 705 517 730 qua:
530 697 670 734 deinceps.
686 699 864 729 Praediximus
880 711 944 739 ergo
959 692 1078 737 nos,ait,
1095 705 1118 733 si
1134 706 1159 732 in
1174 712 1236 733 eum
1255 706 1409 739 credamus,
1426 706 1451 733 in
1462 707 1519 740 ejus
1532 712 1670 741 conspectu
1688 707 1793 742 futuras
1807 717 1818 738 :

186 739 211 766 id
227 744 280 771 est,
292 740 351 775 (-jus
366 742 464 770 intuitu
481 743 622 778 fruituros,
637 750 765 781 tanquam
786 748 898 776 herbam
911 757 971 784 qua:
990 751 1017 777 in
1034 755 1105 777 terra
1119 751 1218 778 sitienti
1231 752 1368 786 quondam
1385 751 1486 779 fuerat.

219 788 289 820 Quid
320 790 414 823 igitur,
443 791 532 825 aiunt,
557 794 629 828 quod
651 794 738 829 ipsius
761 796 906 825 adventum
926 806 973 825 an-

1064 799 1098 825 Τί
1113 797 1172 830 οὖν,
1191 808 1284 833 φασιν,
1297 799 1339 826 ὃτι
1360 799 1582 834 dmin-etlapsa»
1591 799 1642 835 τὴν
1664 800 1818 836 παρουσίαν

183 835 383 863 nuntiavimus?
405 837 502 865 Nonne
517 839 539 866 si
555 847 678 874 congrua
701 841 757 868 Deo
777 843 885 870 ratione
900 844 972 872 risus

1029 844 1130 878 αὐτοῦς
1145 845 1212 873 ἀλλὰ
1227 845 1388 880 Θεοπρεπῶς
1413 846 1529 880 ὀφθεῖσα
1547 847 1699 881 προσῐτοςι
1714 846 1818 881 ἦμελλε

182 884 266 912 esset,
286 881 445 909 inaccessus
476 887 535 910 erat
561 884 692 912 futurus:
711 890 739 912 ut
763 887 827 914 olim
853 887 880 915 in
905 888 971 915 Sina

1025 891 1166 926 γίνεσθαι,
1184 891 1222 924 ὡς
1238 892 1285 918 ἐπὶ
1301 891 1349 918 τοῦ
1381 891 1448 918 Σινᾶ
1474 892 1554 927 τυχδν
1579 892 1712 919 εἰπόντων
1739 893 1818 927 ἡμῶν

183 925 311 958 fortasse,
329 935 392 955 cum
405 928 499 956 Mosen
515 938 622 962 secum,
644 939 699 958 non
717 931 814 964 Deum.
830 941 864 960 ne
880 943 973 962 more-

182 976 290 1004 rentur,
315 973 390 1008 loqui
409 976 585 1010 postularunt
606 977 651 1003 9“l
673 976 726 1005 Sed
754 978 789 1006 iis
813 980 971 1014 respondet,

181 1022 312 1054 tanquam
332 1019 378 1054 qui
395 1021 507 1055 speciem
525 1022 680 1050 indecorum
702 1024 811 1058 habeat,
829 1027 911 1053 visum
926 1028 971 1054 iri.

180 1064 270 1099 Atque
284 1065 341 1093 haec
355 1067 467 1101 quidem
482 1068 527 1095 isti
537 1069 563 1095 in
577 1069 650 1097 hunc
661 1070 773 1097 modum
784 1073 971 1106 explicarunt.

180 1111 220 1137 Ad
236 1119 268 1139 ea
282 1116 384 1144 autem,
410 1122 470 1149 qua:
484 1116 613 1150 prmdicta
632 1122 706 1148 sunt,
728 1117 875 1153 disciplina
898 1120 972 1153 pacis

180 1162 273 1185 vestrm
287 1166 365 1192 super
376 1167 447 1192 eum,
464 1161 568 1196 adjicit.
588 1162 654 1195 Quae
667 1165 739 1191 enim
758 1166 908 1200 caszigatos
923 1175 972 1194 nos

180 1204 235 1238 pati
249 1204 362 1238 decuit;
379 1213 410 1233 ea
427 1207 453 1232 in
465 1207 552 1240 illum,
572 1216 621 1243 pro
635 1217 701 1244 pace
715 1218 776 1237 cum
797 1210 851 1238 Deo
869 1211 972 1239 iacien-

180 1250 226 1281 da,
239 1249 325 1278 Paulo
338 1255 408 1280 teste
421 1254 462 1285 °",
485 1255 619 1282 translata
637 1262 722 1290 sunt;
739 1265 801 1284 eum
818 1258 907 1291 ipsum
925 1267 972 1294 per

179 1296 271 1323 crucis
288 1305 345 1324 sua
369 1299 529 1333 sanguinem
547 1300 592 1332 iis,
617 1309 679 1336 quas
707 1302 733 1329 in
750 1303 841 1335 ctelis,
857 1312 973 1339 qumque

180 1339 207 1366 in
226 1341 306 1368 terris
321 1346 425 1374 essent,
450 1351 545 1377 pacem
561 1346 701 1379 peperisse
718 1347 827 1374 asserit.
848 1347 880 1373 Et
896 1349 970 1382 alibi,

179 1390 241 1410 ctnn
262 1391 356 1419 pacem
381 1390 517 1419 nostram,
537 1388 584 1422 qui
610 1394 728 1424 utraque
753 1399 836 1417 unum
866 1392 971 1425 fecerit,

180 1436 243 1456 esse
268 1430 385 1458 aiIirmat
407 1432 440 1459 ".
459 1431 508 1460 Est
534 1433 568 1460 ab
593 1442 626 1461 eo
652 1435 787 1469 siquidem
815 1444 864 1471 pro
893 1437 972 1465 nobis

181 1485 255 1504 mors
283 1478 341 1512 ipsa
373 1479 498 1511 tolerata,
532 1481 580 1508 illo
608 1481 717 1516 quidem
745 1482 861 1517 injurias
882 1484 972 1519 reipsa

180 1522 314 1550 anheunte
328 1543 335 1554 ,
351 1524 430 1551 nobis
446 1529 536 1553 autem
551 1534 598 1560 per
611 1526 689 1554 [idem
708 1529 849 1562 passiones
861 1537 971 1556 accom-

180 1568 370 1601 modantibns.
396 1571 692 1607 compatientibusqne,
713 1577 741 1601 et
763 1575 970 1602 connuorieuti-

180 1613 242 1647 bus,
259 1622 306 1649 per
330 1616 446 1650 gratiam
470 1621 560 1644 autem
581 1618 696 1646 salutent
720 1621 887 1648 consecutis.
902 1621 971 1648 Ver-

180 1659 244 1686 bera
258 1661 341 1693 enim,
361 1669 421 1696 qua:
444 1663 523 1690 nobis
546 1663 728 1696 debebantur,
753 1667 875 1700 pertulit,
894 1667 971 1693 inde-

181 1713 234 1739 que
249 1706 344 1733 vibices
361 1707 467 1739 habuit,
481 1708 582 1743 quibus
600 1709 652 1744 ipsi
677 1711 768 1738 sanati
795 1719 898 1744 smnus,
924 1713 971 1747 qui

181 1751 246 1777 olim
263 1757 389 1786 tanquam
404 1761 461 1780 oves
480 1754 634 1782 errabamus
650 1763 659 1782 :
677 1756 740 1784 aliis
764 1759 868 1792 peccati
885 1766 971 1794 genus

182 1797 268 1829 aliud,
284 1799 422 1833 aliamque
443 1804 525 1833 atque
538 1800 619 1827 aliam
636 1801 670 1828 de
682 1809 715 1828 eo
734 1803 892 1837 opinionem
912 1813 972 1831 am-

182 1844 375 1877 plectentibus.
405 1845 458 1873 Sed
477 1854 540 1873 eum
567 1846 648 1874 Pater
669 1848 738 1883 ipse,
765 1854 894 1885 tanquam
923 1860 973 1886 pro

181 1892 272 1916 aulma
287 1895 382 1918 nostra
406 1891 547 1926 devotum,
575 1893 699 1922 tradidit.
729 1895 775 1923 Sic
799 1897 870 1924 enim
890 1898 972 1925 etiam

182 1943 271 1970 agnus
295 1936 340 1963 illc
357 1937 402 1964 Dei
424 1937 484 1970 l‘uit,
504 1939 551 1973 qui
583 1940 654 1967 tollit
681 1945 795 1975 peccata
817 1943 910 1970 tnundi
938 1945 972 1970 ".

183 1981 300 2016 ideoque
320 1983 358 2009 ait
378 1982 576 2019 Synnnaehus,
593 1985 724 2014 Dominus
750 1994 838 2015 autent
854 1989 926 2024 fecit,
945 1995 974 2017 ut

183 2026 210 2052 in
220 2035 278 2053 eum
294 2033 385 2055 nostra
407 2031 525 2057 omnium
550 2032 678 2068 iniquitas
692 2034 874 2062 descenderet.
895 2036 974 2069 Quod

182 2080 245 2099 cum
258 2073 316 2108 ipse
328 2075 410 2101 etiam
426 2083 479 2102 non
495 2077 634 2111 ignoraret.
656 2078 783 2107 Christus
803 2089 809 2107 :
829 2082 870 2107 sic
890 2081 974 2109 Deum

184 2118 314 2145 n.undutn
330 2119 460 2148 dilexisse
483 2123 532 2156 ait,
559 2130 587 2150 ut
604 2122 704 2151 Filium
721 2132 802 2152 suum
830 2126 920 2160 daret,
945 2133 974 2155 ut

1022 938 1133 964 Μωσεί·
1145 947 1154 963 ι
1166 937 1251 965 Λάλει
1266 938 1298 965 σὺ
1312 937 1380 972 πρὸς
1396 938 1480 973 ἡμᾶς,
1496 937 1542 964 καὶ
1559 938 1597 972 μὴ
1608 938 1622 963 ὸ
1633 937 1709 970 Θεὸς,
1719 938 1762 964 ἵνα
1777 938 1817 974 μὴ

1022 984 1230 1019 ἀποθάνωμεν.»
1243 985 1315 1021 Πρὸς
1326 984 1372 1016 οὒς
1383 984 1571 1019 ἀποκρίνεται.
1581 984 1624 1016 Ὠς
1634 984 1739 1019 ἄτιμον
1746 984 1817 1020 ἔχων

1022 1028 1102 1062 εἶδος
1110 1029 1284 1064 ὀφθήσεται.
1300 1030 1355 1057 Καὶ
1371 1029 1458 1056 ταῦτα
1484 1030 1533 1065 μὲν
1561 1026 1634 1056 οὗτοι
1649 1029 1695 1055 τὸν
1709 1030 1813 1064 τρόπον

1021 1076 1116 1102 τοῦτον
1132 1076 1315 1112 ὲρμήνευσαν.
1331 1077 1394 1108 Τοῖς
1403 1076 1432 1102 δὲ
1444 1076 1641 1111 προρρηθεῖσιν
1666 1076 1813 1110 ἐπάγεται,

1022 1122 1142 1148 παιδεία
1170 1122 1292 1156 εἰρήνης
1316 1121 1401 1156 ἡμῶν
1415 1121 1461 1148 ἐπ’
1476 1123 1581 1149 αὐτόν.
1602 1122 1636 1148 Ἃ
1651 1122 1716 1157 γὰρ,
1739 1122 1814 1156 ἡμᾶς

1022 1169 1075 1195 ἔδει
1088 1168 1301 1202 παιδευομένους
1325 1167 1433 1201 παθεῖν,
1454 1167 1539 1194 ταῦτα
1554 1168 1600 1194 ἐπ’
1620 1168 1718 1194 αὐτὸν
1734 1165 1817 1203 ἦλθεν

1022 1215 1093 1249 ὑπὲρ
1107 1216 1155 1249 τῆς
1170 1214 1238 1250 πρὸς
1251 1215 1296 1241 τὸν
1320 1214 1386 1240 Θεὸν
1401 1214 1522 1249 εἰρήνης,
1538 1213 1646 1240 Παύλου
1661 1214 1790 1247 λέγοντος
1806 1221 1813 1229 ·

1026 1269 1035 1285 ι
1053 1259 1272 1294 Εἰρηνοποιήσας
1287 1258 1332 1285 διὰ
1344 1258 1391 1285 τοῦ
1405 1259 1521 1294 αἵματος
1531 1258 1578 1284 τοῦ
1587 1258 1705 1293 σταυροῦ
1720 1258 1815 1292 αὑτοῦ,

1021 1306 1077 1332 εἴτε
1091 1305 1126 1331 τὰ
1140 1305 1186 1332 ἐπὶ
1195 1305 1244 1339 τῆς
1255 1305 1318 1339 γῆς,
1331 1305 1386 1331 εἴτε
1399 1304 1433 1331 τὰ
1449 1305 1478 1331 ὲν
1490 1305 1640 1337 οὐρανοῖς.»
1654 1305 1709 1331 Καὶ
1723 1305 1813 1332 πάλιν*

1025 1360 1034 1376 ι
1048 1350 1133 1381 Αὐτὸς
1145 1349 1199 1384 γάρ
1213 1350 1287 1376 ἐστιν
1301 1350 1316 1384 ἡ
1328 1350 1423 1385 εἰρήνη
1437 1350 1525 1385 ἡμῶν,
1534 1351 1548 1376 ὁ
1559 1349 1674 1385 ποιήσας
1681 1350 1715 1376 τὰ
1726 1350 1814 1385 ἀμφό-

1022 1403 1088 1430 τερα
1100 1394 1156 1422 ἓν.»
1175 1394 1260 1429 ’Υπὲρ
1270 1395 1324 1430 γὰρ
1337 1394 1417 1430 ἡμῶν
1436 1395 1466 1421 τὸ
1489 1395 1585 1428 πάθος,
1609 1395 1693 1423 αὐτοῦ
1716 1396 1765 1431 μὲν
1780 1397 1815 1432 τῇ

1023 1440 1106 1476 πείρᾳ
1119 1440 1281 1471 ὑπελθόντος
1289 1441 1338 1472 τὰς
1350 1440 1454 1476 ὕϐρεις,
1464 1440 1555 1467 πίστει
1568 1441 1596 1467 δὲ
1608 1441 1686 1477 ἡμῶν
1697 1443 1815 1468 οἰκειου-

1024 1487 1112 1522 μένων
1136 1487 1170 1514 sit
1200 1487 1274 1522 πάθη
1287 1506 1294 1518 ,
1311 1488 1565 1523 συμπασχόντωντε
1581 1489 1629 1514 καὶ
1644 1488 1815 1523 συναποθνῃ-

1024 1533 1151 1565 σκόντων,
1167 1532 1259 1567 χάριτι
1271 1532 1300 1559 δὲ
1314 1532 1490 1568 σωζομένων.
1520 1533 1577 1566 Τὰς
1591 1533 1647 1568 γὰρ
1661 1534 1728 1568 ἡμῖν
1740 1533 1816 1568 ὀφει-

1023 1578 1140 1614 λομένας
1153 1578 1257 1610 ἐξέτισε
1270 1578 1417 1613 μάστιγας,
1429 1579 1475 1613 ἀφ’
1484 1575 1522 1606 ὧν
1531 1578 1593 1615 ἔσχε
1613 1579 1685 1612 τοὺς
1707 1579 1812 1614 μώλω-

1021 1631 1090 1658 πας,
1103 1624 1137 1650 δι’
1148 1622 1185 1650 ὧν
1202 1624 1327 1659 ἱάθημέν
1342 1633 1422 1657 τινες
1431 1625 1456 1650 οἰ
1466 1624 1550 1651 πάλαι
1561 1625 1766 1658 πλανηθέντες
1775 1625 1816 1658 ὡς

1022 1671 1164 1704 πρόϐατα,
1173 1670 1255 1697 ἄλλου
1271 1670 1339 1705 πρὸς
1346 1669 1486 1702 ἄλλοείδος
1499 1671 1638 1707 ἁμαρτίας
1650 1671 1812 1706 τραπέντος,

1022 1719 1147 1753 καὶπρὸς
1157 1718 1285 1752 διάφορον
1305 1718 1386 1750 δόξαν
1401 1719 1465 1753 περὶ
1492 1718 1587 1746 αὐτοῦ.
1611 1718 1680 1745 Ἀλλ’
1694 1720 1708 1745 ὁ
1720 1718 1815 1754 Πατὴρ

1022 1764 1103 1791 αὐτὸν
1120 1763 1189 1799 ὑπὲρ
1199 1763 1277 1799 ἡμῶν
1289 1763 1435 1799 ἀντίψυχον
1449 1764 1546 1800 ὥσπερ
1558 1764 1815 1800 παρέδωκεν.οὖτω

1024 1810 1077 1845 γὰρ
1091 1810 1139 1837 καὶ
1168 1811 1253 1845 ᾰμνος
1269 1809 1316 1836 τοῦ
1331 1809 1399 1836 Θεοῦ
1426 1810 1540 1844 γέγονεν
1557 1809 1643 1845 αἴρων
1657 1809 1706 1845 τὴν
1720 1810 1813 1845 ἁμαρ·

1022 1855 1083 1882 τίαν
1097 1855 1145 1882 τοῦ
1159 1855 1274 1890 κόσμου.
1300 1856 1345 1881 Διὸ
1371 1855 1521 1891 Σύμμαχος
1547 1864 1633 1890 φησι·
1658 1855 1766 1889 Κύριος
1781 1853 1815 1881 δὲ

1024 1901 1209 1935 καταντῆσαι
1221 1901 1366 1936 ἐποίησεν
1378 1901 1524 1935 εις-αὺτὸν
1536 1901 1593 1935 τὴν
1604 1901 1813 1936 ἀνομίαν-πάγη

1024 1955 1083 1973 των
1105 1946 1200 1981 ἡμῶν.
1218 1947 1273 1973 Kal
1297 1947 1379 1973 τοῦτο
1390 1947 1468 1978 εἰδὼς
1484 1947 1498 1973 ὀ
1510 1946 1628 1982 Χριστὸς
1643 1946 1724 1978 αὐτὸς
1741 1946 1794 1981 ἔφη
1807 1954 1814 1960 '

1027 2001 1036 2018 ι
1049 1992 1127 2019 Οὕτω
1142 1992 1196 2027 γὰρ
1209 1992 1354 2027 ἠγάπησεν
1370 1993 1384 2019 ὁ
1398 1992 1465 2024 Θεὸς
1477 1992 1524 2020 τὸν
1537 1992 1649 2027 κόσμον,
1667 1992 1737 2018 ὥστε
1763 1991 1810 2018 τὸν

1025 2037 1089 2063 Υῑὸν
1101 2037 1183 2063 αὐτοῦ
1197 2037 1243 2063 τὸν
1258 2037 1391 2072 μονογενῆ
1405 2037 1515 2070 ἔδωκεν,
1532 2037 1577 2064 ἵνα
1592 2038 1646 2068 πᾶς
1656 2036 1815 2064 ὁπιστεύων

1027 2082 1064 2118 μὴ
1078 2082 1223 2117 ἀπόληται,
1235 2082 1292 2108 ἀλλ’
1305 2082 1354 2118 ἔχῃ
1370 2082 1443 2117 ζωὴν
1453 2081 1589 2109 αἰώνιον.)
1609 2077 1815 2117 Παραδεδόσϐαι

1025 2129 1053 2156 δὲ
1067 2129 1148 2155 αὑτὸν
1163 2129 1282 2160 ἁκούων,
1302 2128 1339 2164 μὴ
1351 2128 1475 2163 ἀνάγκην
1488 2128 1637 2160 ὑπόπτευε,
1649 2128 1680 2155 τὸ
1695 2128 1724 2155 δὲ
1737 2128 1815 2154 ἑκού-

182 2163 282 2194 omnis,
305 2165 351 2199 qui
372 2166 469 2198 credit,
489 2175 542 2194 non
563 2173 672 2202 pereat,
698 2169 746 2197 sed
771 2170 870 2198 habeat
887 2173 972 2200 vitam

1027 2184 1084 2202 σιον
1098 2176 1163 2203 νόει.
1190 2176 1245 2203 Καὶ
1259 2163 1314 2211 γὰρ
1364 2175 1528 2206 Ἀπόστολος
1552 2175 1591 2211 τῷ
1616 2175 1729 2210 ὀνόματι
1741 2175 1815 2210 αὐτῷ

181 2214 312 2238 attentam
338 2211 357 2238 ¹.
380 2212 478 2240 Verum
508 2222 570 2240 cum
608 2215 736 2242 traditum
776 2224 838 2244 esse
875 2219 971 2252 audis,

184 2256 239 2282 noli
256 2257 420 2285 necessitate
449 2259 598 2293 impulsum
626 2262 779 2296 suspicari;
808 2263 856 2290 sed
876 2269 974 2298 sponte

181 2308 210 2329 et
225 2303 310 2330 libere
327 2303 356 2330 id
372 2304 470 2332 fecisse
483 2305 584 2340 cogita.
601 2306 668 2334 Nam
688 2313 715 2334 et
731 2307 832 2337 Paulus
850 2310 907 2345 ipse
925 2319 972 2338 ea—

181 2348 244 2376 dem
257 2357 322 2376 voce
334 2350 416 2385 603
432 2359 498 2379 usus
514 2357 567 2384 est,
587 2358 616 2379 ut
629 2352 719 2381 Patris
735 2356 929 2384 auctoritatem
946 2361 973 2385 et

184 2395 329 2423 consilium
349 2397 530 2432 signiﬁcaret.
549 2397 663 2430 Deinde,
686 2400 760 2433 quod
784 2407 882 2436 sponte
900 2411 974 2429 mor-

1022 2221 1168 2256 κέχρηται,
1186 2221 1330 2248 αὑῡεντίαν
1346 2220 1393 2248 καὶ
1405 2220 1532 2256 βούλησιν
1557 2220 1679 2256 Πατέρος
1691 2219 1813 2254 μηνύων.

1027 2267 1153 2294 Ἐκὼνδὲ
1167 2269 1197 2294 τὸ
1213 2268 1298 2299 πάθος
1321 2268 1483 2303 ὑπομείνας,
1509 2269 1598 2303 σιωπῇ
1629 2267 1706 2302 φέρει
1732 2267 1815 2302 νόμον

1021 2314 1088 2348 ἡμῖν
1101 2313 1242 2348 ὑπομονῆς
1273 2313 1371 2340 ἐαυτδν
1386 2313 1583 2348 παρεχόμενος.
1596 2313 1633 2339 Ol)
1646 2313 1814 2347 δυσανασχε-

1021 2358 1075 2385 τῶν
1094 2359 1160 2395 γὰρ,
1177 2359 1246 2386 ἀλλὰ
1265 2359 1370 2395 χαίρων
1380 2359 1491 2394 ἐντολὴν
1508 2359 1629 2394 ἐπλήρου
1642 2359 1692 2394 τὴν
1713 2367 1813 2393 πατρι-

1022 2405 1085 2440 κήν.

182 2447 236 2470 tem
258 2442 351 2475 subiit,
377 2443 462 2478 legem
482 2451 511 2471 se
526 2444 606 2473 nobis
623 2445 695 2473 ferre
711 2447 848 2481 patientiae
868 2449 967 2478 tacitus
985 2449 1117 2479 indicavit
1134 2452 1166 2484 ¹;
1186 2451 1231 2486 ιιιιί
1249 2451 1340 2479 Patris
1355 2451 1515 2479 mandatum
1548 2458 1602 2478 non
1619 2450 1726 2485 iniquo,
1765 2450 1813 2478 sed

181 2491 264 2517 alacri
282 2490 373 2517 animo
391 2491 551 2526 adimplevit
567 2491 587 2519 ³.

219 2536 293 2564 Alias
310 2537 392 2564 etiam
409 2545 461 2564 non
476 2537 610 2571 aperiebat
631 2546 659 2565 os
675 2546 763 2571 suum,
784 2547 842 2566 cum
857 2545 925 2568 esset
942 2541 970 2569 in

181 2583 341 2619 a/ﬂictione;
355 2584 433 2618 juxta
454 2584 519 2611 illud
539 2593 546 2611 :
567 2593 577 2610 ι
595 2584 719 2612 Prudens
734 2586 760 2612 in
779 2590 902 2621 tempore
923 2588 970 2615 illo

181 2630 293 2661 tacebit,
308 2630 371 2665 quia
386 2634 494 2665 tempus
507 2631 607 2658 malum
628 2635 670 2659 est
683 2631 704 2659 '.
723 2641 733 2657 ι
757 2632 787 2660 Et
804 2643 810 2661 :
832 2643 841 2659 ι
866 2634 970 2669 Oppre-

226 2700 249 2716 "
263 2700 370 2728 Coloss.
386 2708 416 2732 It,
433 2700 461 2728 5.

181 2732 206 2750 ’⁸
222 2735 321 2769 ΕρΙιιιε.
341 2744 368 2762 ιι.
386 2736 429 2762 ii.

181 2769 194 2784 ’⁸
214 2770 296 2797 Amos
308 2778 333 2803 ν,
346 2771 389 2798 15.

511 2701 535 2718 ’⁵
550 2700 603 2728 lsa.
622 2709 666 2733 Lv,
682 2703 726 2730 19..

468 2736 491 2752 ⁰⁹
513 2735 593 2764 Joan.
605 2745 624 2770 ι,
645 2737 689 2764 ‘29.

777 2705 800 2721 “
815 2705 883 2732 ibid.
897 2706 939 2733 15.

743 2739 958 2773 ‘Joan.tn,16.

990 2706 1013 2722 ³⁵
1034 2706 1087 2732 lsa.
1106 2713 1164 2736 xw,
1180 2704 1225 2731 25.

1057 2542 1112 2568 Kal
1127 2541 1225 2573 ἄλλως,
1243 2541 1304 2567 Οὐκ
1314 2539 1427 2573 ἀνοίγει
1442 2539 1475 2565 τὸ
1492 2538 1591 2572 στόμα
1599 2538 1639 2570 ὠς
1650 2542 1661 2555 ι
1673 2537 1708 2564 ἐν
1722 2537 1813 2572 καιρῷ

1023 2588 1180 2620 κακώσεως
1190 2595 1197 2602 ·
1211 2597 1220 2613 ‹
1236 2586 1319 2623 [κατὰ
1333 2585 1375 2621 τὸ]
1390 2585 1418 2611 ’0
1433 2584 1532 2612 συνιὼν
1546 2585 1574 2611 ὲν
1585 2584 1623 2619 τῷ
1639 2583 1726 2618 καιρῷ
1741 2583 1813 2610 ὲκεί-

1025 2643 1063 2669 νῳ
1077 2635 1255 2668 σιωπήσεται,
1269 2631 1441 2666 ὄτιὸκαιρὺς
1465 2629 1584 2665 πονηρός
1607 2630 1690 2656 ἐστιν.
1708 2638 1717 2655 ι
1733 2629 1811 2668 [Kal]

1585 2699 1607 2715 ’7
1620 2698 1726 2725 Coloss.
1751 2707 1770 2729 ι,
1783 2694 1811 2728 3.

1281 2703 1303 2719 ³⁸
1320 2701 1404 2728 Exod.
1432 2709 1477 2731 xx,
1494 2699 1536 2727 l9.
1585 2699 1607 2715 ’⁷
1620 2699 1726 2725 Coloss.
1751 2707 1770 2729 ι,
1783 2699 1811 2728 5.

1303 2739 1312 2754 ³
1325 2737 1414 2765 Galat.
1438 2743 1467 2768 ιι,
1488 2735 1530 2762 16.
1582 2731 1611 2751 ⁹⁵¹
1623 2730 1721 2768 Ephes.
1739 2741 1764 2767 ν,
1782 2733 1811 2762 2.

1021 2742 1030 2756 ¹
1044 2741 1065 2767 ll
1080 2741 1144 2768 Cor.
1159 2735 1187 2772 ν,
1204 2740 1248 2766 ⁸21.
1303 2739 1312 2754 ³
1325 2737 1414 2765 Galat.
1438 2743 1467 2768 ιι,
1488 2735 1530 2762 16.

836 2819 954 2847 “litigii
976 2818 1176 2847 LECTIONES.

221 2865 236 2886 ¥
254 2870 298 2896 rp.
315 2862 471 2897 ἀπρόσιτος.
513 2869 522 2882 ι
545 2872 588 2898 π).
608 2863 656 2891 ὥν.
