1999 3076
180 156 252 188 2525

731 156 998 188 COMMENTARII
1027 157 1067 187 ΙΝ
1098 156 1241 187 ISAIAM.

1733 154 1804 186 2526

183 209 319 241 ιὈνειόος
346 209 445 245 ἄφρονι
468 208 571 241 ἔδωκάς
598 219 643 245 με.
658 209 835 246 Ἐκωφώοην,
850 212 896 238 καὶ
917 211 967 238 οὐκ

1029 213 1110 239 trium
1130 210 1269 245 insipienti
1292 209 1392 237 dedisti
1408 216 1450 236 me
1464 208 1484 235 θ.
1497 223 1532 228 -
1553 207 1693 240 Obmutui,
1706 212 1733 235 et
1749 216 1804 235 non

180 256 273 291 ἣνοιξα
283 256 313 282 τὸ
322 255 410 289 στόμα
424 264 486 289 μου.
498 266 508 282 ι
529 255 660 292 ’Λληθοῦς
680 256 782 288 πάθους
792 264 803 276 ιι
820 257 874 292 ἄρα.
893 255 927 293 ἦν
939 258 968 284 ἐν

180 300 291 336 Χριστῷ
305 301 377 327 κατὰ
391 301 421 327 τὸ
437 300 616 336 ἀνθρώπινον.
634 301 708 327 Ἀντὶ
722 300 749 326 δὲ
764 300 823 333 τοῦ,
843 301 895 327 Kal
912 301 966 327 αὺ-

180 346 232 379 τύς
243 345 291 372 διὰ
301 345 333 372 τὸ
349 345 538 373 κεκακῶσθαι
556 346 613 373 οὐκ
638 346 751 380 ἀνοίγει
779 345 814 372 τὸ
828 346 942 379 στόμα,
954 346 969 372 ὁ

181 391 329 426 Σύμμαχος
337 399 413 427 φησι·
421 391 629 426 Προσηνέχθη,
639 391 688 418 καὶ
698 391 790 423 αὐτὸς
799 390 967 425 ὑπήκουσε.

182 438 242 464 Τίνι
253 437 281 464 δὲ
292 436 499 471 προσηνέχθη,
521 436 579 463 ἀλλ’
596 437 613 472 ἢ
625 437 663 473 τῷ
678 437 805 472 Πιλάτῳ;
834 436 923 472 ἐσίγα
941 436 970 462 δὲ

181 483 501 519 ψευδομαρτυρούμενος.
519 483 670 511 Ἦπίστατο
683 483 738 518 γὰρ
752 483 905 518 ἁνὴσουσαν
919 482 970 518 μὲν

181 528 258 555 οὐδὲν
284 528 334 563 τὴν
355 527 503 562 ἀπολογίαν
520 526 597 562 (παρ’
624 526 731 562 ἐχθροῖς
757 525 813 561 γὰρ
834 524 968 560 ὲκρίνετο)

183 574 252 609 πρὸς
278 573 363 609 θυμὸν
390 573 418 600 δὲ
445 573 544 605 αὐτοὺς
579 572 758 607 ὑφάπτουσαν
790 570 969 606 ἀγριώτερον,

182 619 247 646 Υεὸν
271 619 367 646 ἑαυτὸν
396 616 465 646 εῖναι
488 618 613 653 λέγοντος
638 618 685 644 τοῦ
715 616 795 650 Θεοῦ,
812 615 927 651 Σωτῆρα
940 623 970 642 τε

183 664 292 690 πάντων
306 663 353 690 καὶ
373 662 525 698 λυτρωτὴν.
546 662 619 698 Πλὴν
639 662 690 688 ούκ
709 661 913 697 ἀπροφάσιστον
924 659 972 686 αὐ-

182 711 239 741 τοῖς
265 709 315 744 τὴν
338 708 477 744 ἁμαρτίαν
502 708 641 743 εποίησεν,
670 707 806 742 ὁρκίζοντι
822 705 872 739 μὲν
885 704 972 731 εἰπὼν

181 755 220 789 τῷ
230 756 340 790 Καϊάφᾳ
347 755 387 781 τό·
399 763 408 780 t
415 753 531 790 ’Δπάρτι
542 753 641 788 ὄψεσθε
649 752 764 780 τδνΥἱὺν
769 751 816 778 τοῦ
826 750 971 787 ἀνθρώπου

183 800 337 834 καθήμενον
352 801 384 826 ὲκ
396 799 490 831 δεξιῶν
504 799 554 834 τῆς
567 798 718 834 δυνάμεως·
727 808 735 823 ι
746 797 793 824 καὶ
807 797 846 823 τό·
863 806 871 822 t
884 797 919 822 Σὺ
932 794 971 822 εἴ-

182 855 246 878 πας,
260 856 269 872 ι
289 845 373 873 εἰπὼν
387 845 495 881 Πιλάτῳ
517 845 712 879 πυνθανομένῳ
728 845 752 870 ει
769 843 896 879 βασιλεύς
914 843 972 869 ἐστι

1018 258 1112 293 aperui
1125 266 1155 286 os
1173 264 1260 285 mentm
1274 257 1296 283 ".
1312 266 1320 282 ι
1342 255 1411 282 Vera
1429 255 1512 290 igitur
1525 255 1551 281 in
1568 254 1690 286 Christo,
1706 261 1804 281 secun-

1019 303 1083 330 dum
1099 302 1278 330 humanitatis
1301 301 1448 331 rationem,
1462 299 1556 334 passio
1570 299 1686 326 exstitit.
1704 298 1804 325 Verum

1019 356 1075 383 quo
1090 348 1163 379 loco,
1180 346 1214 373 Et
1231 347 1285 380 ipse
1295 350 1401 379 propter
1409 344 1574 380 aﬂtirtionem
1591 351 1642 370 non
1657 343 1759 376 aperuit
1776 350 1804 369 os

1019 402 1107 427 suum,
1133 393 1259 428 legimus,
1274 393 1309 419 ita
1331 391 1537 427 Symmachus:
1559 390 1686 417 Admotus
1709 393 1757 421 est,
1780 393 1806 415 et

1019 439 1075 474 ipse
1090 438 1192 473 paruit.
1217 436 1270 464 Sed
1294 436 1339 463 cui
1354 435 1490 467 admotus,
1507 434 1558 461 nisi
1580 433 1689 461 Pilato?
1710 433 1806 459 Tacuit

1019 483 1129 516 deinde,
1147 490 1210 511 eum
1228 482 1297 509 falsa
1316 482 1344 509 in
1364 489 1426 509 eum
1443 479 1600 508 testimonia
1623 479 1807 514 produceren-

1020 532 1078 556 tur.
1093 528 1204 555 Sciebat
1222 526 1309 559 enim,
1324 533 1386 553 cum
1405 524 1478 560 apud
1493 524 1586 552 hostes
1607 526 1745 557 ageretur,
1762 522 1806 549 ni-

1020 574 1059 602 hil
1075 581 1138 602 esse
1160 573 1336 609 profuturam
1353 570 1541 599 defensionem
1557 579 1564 603 ;
1579 569 1626 597 sed
1640 569 1674 596 iis
1691 568 1808 595 ferocio-

1021 628 1066 650 res
1082 620 1188 647 animos
1208 618 1377 649 ell‘ectnram,
1394 625 1456 645 eum
1477 625 1507 644 se
1522 615 1567 644 Dei
1584 615 1694 648 Filium,
1710 614 1807 641 Salva-

1023 672 1165 701 toremque
1189 665 1312 692 omnium
1332 669 1359 691 et
1384 663 1585 697 redemptorem
1607 668 1670 688 esse
1693 660 1807 687 diceret.

1021 713 1116 747 Neque
1128 717 1218 738 tamen
1234 710 1314 746 culpa
1330 714 1357 736 et
1373 709 1587 744 reprehensione
1615 713 1710 733 carere
1727 712 1808 732 suum

1022 759 1090 794 ipsis
1103 763 1246 793 peceatum
1269 756 1365 789 voluit,
1387 763 1449 782 eum
1466 753 1605 789 adjuranti
1621 752 1744 787 Caiphae,
1762 750 1809 777 Fi-

1022 807 1089 834 lium
1101 805 1221 833 hominis
1232 804 1362 838 deinceps
1378 803 1411 830 ad
1422 803 1564 829 dexteram
1581 799 1674 827 virtuti
1685 798 1811 826 assiden-

1024 857 1077 880 tem
1093 859 1155 879 esse
1177 851 1328 878 intuituros
1342 850 1373 883 ⁸;
1389 857 1451 876 eum
1465 847 1588 883 poscenti
1609 846 1708 878 Pilato,
1724 844 1747 872 si
1761 851 1809 870 rex

182 894 360 930 τοῦῙΊσραήλ.
374 894 419 920 Διὸ
434 894 588 930 συμμανεὶς
601 893 693 925 αὐτοῖς
707 891 880 927 μαστιγῶσαι
898 900 969 927 παρ-

1029 902 1094 926 asset
1112 897 1231 930 lsraelis,
1241 903 1303 924 eum
1315 895 1418 923 dixisse
1435 892 1615 928 respondit’:
1631 891 1703 918 unde
1721 893 1765 916 est
1776 889 1811 915 ab

183 940 294 968 ἐδωκεν.
309 940 391 967 Ὅθεν
408 940 572 976 ἐπήνεγκεν,
596 939 643 972 Ὡς
655 939 805 973 πρόϐατον
829 930 876 964 ἔπι
894 944 972 971 σφα-

183 984 242 1019 γὴν
259 984 348 1019 ἢχθη,
366 984 415 1011 καὶ
435 984 474 1018 ὡς
493 984 587 1018 ἀμνὸς
601 983 741 1010 ἐναντιον
757 983 810 1010 τοῦ
821 982 973 1016 κείροντος

184 1030 276 1057 αὑτὸν
287 1029 415 1064 ἄφωνος.
429 1030 498 1065 Σιγᾷ
511 1030 576 1065 γὰρ,
591 1029 654 1063 κᾶν,
664 1029 703 1059 ὡς
716 1029 800 1061 εἰκὸς,
829 1029 902 1064 λύπη
921 1037 974 1055 πα-

185 1076 346 1111 ραψαύουσα
369 1076 424 1103 τῶν
450 1075 595 1111 δερμάτων
612 1075 629 1110 ὴ
662 1075 795 1110 μάχαιρα.
825 1074 903 1102 Οὕτω
928 1074 975 1101 καὶ

184 1122 302 1157 Χριστὸς
312 1121 516 1157 λοιδορούμενος
526 1121 577 1148 οὐκ
590 1121 781 1156 ἀντελοιδόρει.
797 1120 914 1156 Πᾶσχων
924 1120 974 1147 οὐκ

184 1167 303 1203 ἠπείλει·
318 1167 464 1203 παρεδίδου
482 1167 510 1193 δὲ
523 1167 562 1203 τῷ
572 1168 707 1201 κρίνοντι
721 1167 843 1198 δικαίως.
860 1166 974 1202 Ἀληθὲς

185 1211 233 1240 οὖν
243 1213 297 1249 ἄρα
311 1213 351 1239 τό·
367 1213 418 1240 Ἐν
426 1213 464 1248 τῇ
478 1214 656 1240 ταπεινώσει
673 1213 692 1247 ἠ
707 1213 808 1248 κρίσις
819 1213 912 1240 αὐτοῦ
921 1211 974 1247 ἦρ-

186 1267 244 1286 ται.
263 1259 307 1291 Ὧς
318 1259 379 1286 κατ’
401 1259 529 1291 εὐτελοῦς
558 1259 613 1295 γὰρ
637 1258 790 1295 προχείρως
810 1259 859 1294 τὴν
885 1258 975 1293 ψῆφον

187 1305 347 1340 ἐξήνεγκαν.
363 1305 419 1339 Τὴν
436 1302 482 1332 οὖν
502 1305 662 1340 παράνομον
686 1305 734 1332 καὶ
755 1305 847 1332 ἄδικον
874 1305 976 1338 κρίσιν

188 1351 231 1378 ἐπ’
246 1352 328 1378 αὐτοῦ
344 1351 495 1387 γενομένην
504 1351 588 1387 δηλοῖ.
602 1351 634 1377 Εἰ
647 1351 675 1377 δὲ
691 1351 738 1378 καὶ
752 1350 907 1383 ταπεινῶς,
922 1359 976 1385 φη-

189 1397 242 1427 σὶν,
257 1396 403 1430 ἐκρίνετο,
419 1395 486 1427 Θεὸς
506 1395 578 1422 κατὰ
609 1395 691 1431 φύσιν
722 1396 879 1431 ἐτύγχανεν.
894 1395 976 1421 Ὅθεν

189 1440 305 1474 ἐπάγει·
325 1440 384 1474 Τὴν
406 1440 514 1475 γενεὰν
528 1441 622 1468 αὐτοῦ
644 1441 690 1474 τίς
718 1441 904 1476 διηγήσεως
918 1441 976 1475 Ἐφ’

190 1486 324 1522 ἑκατέρας
338 1486 366 1513 δὲ
378 1486 549 1521 γεννήσεως
558 1487 588 1513 τὸ
597 1488 699 1523 ἄπορον
709 1487 810 1522 ὁμοίως
824 1487 977 1515 ἀκολουθεῖ.

191 1531 254 1564 Πῶς
270 1533 319 1568 μὲν
332 1532 340 1562 ἒ
355 1532 498 1565 Θεὺς,πῶς
509 1533 538 1559 δὲ
551 1533 689 1568 Παρθένος
716 1532 818 1568 γεννᾷ.
845 1534 979 1560 Τοσοῦτον

191 1577 246 1613 γὰρ
270 1563 352 1613 μόνον
377 1563 549 1614 ἐγνώκαμεν.
566 1563 607 1613 Ili]
625 1563 686 1614 μὲν,
715 1563 756 1606 ἑτι
766 1563 833 1611 Θεὸς
848 1580 880 1606 ὲκ
897 1580 976 1612 Θεοῦ,
992 1563 1013 1592 c

191 1625 250 1660 φῶς
262 1625 294 1652 ὲκ
304 1625 402 1660 φωτός
415 1625 453 1660 πὴ
464 1625 503 1657 δὲ,
513 1625 554 1652 ὅτι
565 1634 574 1651 ‹
588 1625 699 1661 Πνεῦμα
711 1624 788 1659 ἆγιον
803 1625 980 1653 ἐπελεύσεται

192 1669 239 1696 ἐπί
253 1678 293 1701 σε,
311 1669 358 1696 καὶ
371 1670 486 1705 δύναμις
503 1679 512 1696 ι
537 1669 667 1704 Ὑψίστου
681 1669 841 1696 ἐπισκιάσει
854 1679 907 1698 σοι.

1023 944 1070 972 illo
1087 943 1196 970 furente
1211 949 1274 969 cum
1303 941 1409 969 caeteris
1425 940 1452 967 in
1469 939 1582 966 verbera
1601 936 1729 963 traditus.
1740 934 1811 961 Hine

1024 989 1105 1024 igitur
1123 989 1169 1015 illa
1185 991 1260 1019 sunt.
1271 986 1383 1022 quibus.
1399 985 1467 1012 sicut
1483 992 1555 1011 ovem
1568 983 1602 1009 ad
1611 982 1809 1012 mutationem,

1023 1035 1131 1062 ductum
1144 1042 1201 1061 esse
1211 1054 1219 1065 ,
1235 1037 1259 1060 et
1275 1033 1343 1059 sicut
1358 1039 1456 1066 agnum
1475 1037 1565 1057 caram
1583 1027 1704 1055 tondente
1716 1026 1810 1053 obmu-

1025 1078 1263 1113 tuissa,adjunsit.
1293 1077 1328 1104 Ut
1340 1076 1413 1105 enitn
1431 1075 1487 1106 ille,
1505 1081 1567 1101 cttm
1591 1077 1682 1100 cutem
1703 1071 1811 1107 gladius

1025 1133 1080 1153 non
1098 1125 1157 1152 sine
1176 1124 1270 1151 dolore
1291 1121 1412 1156 attingit,
1434 1125 1524 1146 tacere
1547 1117 1708 1150 consuevit;
1724 1116 1765 1143 sic
1785 1119 1812 1141 et

1025 1171 1153 1199 Christus
1170 1170 1241 1204 ipse,
1257 1176 1318 1195 cum
1334 1167 1442 1202 probris
1454 1163 1701 1196 aliieeretur,nulla
1716 1165 1812 1190 contra

1026 1217 1196 1252 reponebat;
1218 1214 1298 1246 nihil,
1316 1221 1378 1240 cum
1404 1215 1545 1246 pateretur
1569 1209 1736 1240 minabatur,
1763 1206 1810 1233 sed

1022 1264 1097 1299 juste
1110 1261 1229 1296 judicari
1245 1267 1274 1287 se
1288 1258 1462 1294 permittebat
1475 1258 1508 1284 ¹⁰.
1523 1256 1571 1284 Est
1586 1262 1662 1289 ergo,
1681 1253 1753 1288 quod
1768 1259 1812 1279 sc-

1026 1298 1131 1345 quitur,
1154 1307 1181 1334 in
1203 1305 1354 1332 humili/ate
1370 1304 1426 1338 ejus
1447 1303 1582 1330 sublatum
1600 1309 1655 1328 esse
1669 1298 1813 1334 judicium,

1027 1353 1212 1382 verissimum.
1230 1349 1344 1377 Temere
1365 1347 1503 1382 siquidem
1527 1347 1555 1372 in
1575 1353 1656 1376 eum,
1682 1348 1813 1376 tanquam

1028 1402 1055 1428 in
1077 1399 1189 1431 abiectae
1209 1395 1375 1424 conditionis
1390 1395 1522 1429 aliquem,
1535 1393 1588 1419 lata
1606 1395 1649 1418 est
1667 1389 1814 1417 sententia:

1029 1445 1100 1474 unde
1122 1448 1218 1479 praeter
1240 1443 1286 1477 jus
1309 1446 1336 1469 et
1347 1448 1455 1475 aequum
1480 1439 1582 1465 factum
1606 1444 1668 1463 esse
1681 1434 1816 1470 judicium

1029 1490 1175 1526 significat.
1195 1487 1378 1521 Quantumvis
1393 1489 1483 1512 autem
1495 1483 1644 1514 humiliter,
1661 1479 1817 1515 inquit,ju-

1030 1538 1163 1564 dicaretur
1175 1555 1183 1567 ,
1199 1535 1270 1561 Deus
1283 1538 1376 1560 tamen
1393 1539 1453 1558 esse
1476 1534 1575 1557 natura
1592 1536 1645 1554 non
1663 1526 1817 1554 desinebat.

1030 1582 1108 1611 Unde
1126 1581 1255 1615 deinceps
1266 1579 1324 1614 quis
1344 1577 1403 1610 eius
1419 1575 1611 1611 generationem
1626 1576 1692 1600 esset
1707 1578 1817 1598 enarra-

1027 1631 1101 1653 turus
1113 1624 1196 1660 604
1208 1613 1368 1658 postulavit.
1384 1619 1520 1647 Convenit
1529 1625 1593 1644 vero
1607 1625 1640 1644 ex
1657 1622 1736 1650 aequo
1748 1613 1819 1640 utri-

1024 1679 1078 1706 que
1099 1659 1264 1705 generationi
1293 1665 1440 1693 dubitatio.
1464 1663 1579 1690 Generat
1596 1661 1668 1688 enim
1697 1659 1819 1694 quodam

191 1720 273 1752 pacto
291 1716 364 1743 Deus
377 1716 436 1750 ipse
455 1725 463 1744 :
483 1721 591 1751 generat
612 1719 639 1743 et
657 1716 743 1751 virgo.
759 1715 814 1743 Hoc
829 1717 901 1744 enim
917 1721 1022 1743 tantum
1037 1705 1183 1743 novimus:
1199 1711 1417 1749 partimquidem
1429 1710 1514 1738 Deum
1547 1708 1581 1735 de
1610 1707 1677 1739 Deo,
1708 1705 1818 1731 huncn-

191 1771 246 1798 que
257 1763 292 1790 de
308 1763 411 1791 lumine
428 1764 584 1797 exsistere;
607 1764 708 1798 partim
729 1769 821 1792 autem
845 1764 978 1800 Spiritmn
998 1768 1125 1793 sanctum
1142 1764 1169 1790 in
1182 1762 1316 1797 virginem
1333 1767 1394 1788 sese
1410 1757 1564 1789 demisisse,
1594 1761 1710 1789 eantque
1737 1751 1822 1779 Altis-

193 1808 257 1837 simi
275 1808 404 1836 virtutem
417 1808 600 1837 obumbrasse
615 1809 648 1836 ”.

228 1858 287 1892 Ἐφ’
300 1857 431 1892 ἐκατέρου
448 1857 477 1883 δὲ
487 1857 529 1890 τὸ,
552 1856 720 1891 ἠτέννησις
732 1865 741 1889 ;
751 1856 926 1891 ἀδιήγητον·
941 1856 982 1884 ὅτι

191 1904 306 1938 αἴρεται
333 1902 393 1930 ἀπὸ
421 1902 477 1936 τῆς
502 1902 558 1937 γῆς
572 1901 660 1937 ἠζωὴ
690 1902 794 1930 αὑτοῦ.
814 1902 893 1929 Τοῦτ’
909 1902 983 1929 ἐστιν

193 1947 348 1982 ὑψηλότερα
362 1945 417 1973 τῶν
430 1947 477 1972 ἐπὶ
489 1947 542 1982 γῆς
553 1947 570 1982 ἡ
586 1947 719 1980 πολιτεία,
738 1948 784 1974 καὶ
799 1948 813 1973 ὁ
827 1947 896 1974 κατὰ
915 1947 983 1983 σάρ-

193 2001 229 2019 κα
243 1992 299 2028 βίος
315 1992 406 2020 αὑτοῦ.
421 1993 509 2024 Μόνος
532 1993 587 2028 γὰρ
602 1993 740 2028 ἁμαρτίαν
769 1993 818 2020 οὐκ
844 1993 981 2028 ἐποίησεν.

193 2038 250 2065 Kal.
261 2038 348 2069 ἄλλως
362 2037 400 2068 δὲ,
419 2037 489 2073 ὑπὲρ
504 2038 559 2064 πᾶν
569 2038 686 2073 γενητὸν
699 2039 716 2074 ὴ
729 2037 846 2073 ὓπαρξίς
862 2039 920 2065 ἐστι
935 2038 982 2065 τοῦ

193 2083 373 2118 Μονογενοῦς.
394 2084 422 2109 '0
436 2083 465 2109 δὲ
488 2083 636 2119 Σύμμαχος
647 2083 794 2116 ἐξέδωκεν·
818 2084 983 2119 Ἀπετμήθη

194 2130 250 2166 τὰρ
259 2130 293 2157 ἐκ
308 2130 363 2164 γῆς
371 2130 495 2163 ζώντων,
511 2130 561 2157 καὶ
574 2131 622 2158 διὰ
636 2131 694 2165 τὴν
706 2131 827 2158 ἀδικίαν
840 2132 892 2159 τοῦ
905 2131 984 2159 ,λαοῦ

192 2185 252 2213 μου
264 2176 366 2210 πληγὴ
383 2177 496 2210 αὐτοῖς.
512 2177 540 2204 '0
555 2177 583 2204 δὲ
598 2177 746 2204 Θεοδοτίων
758 2187 765 2193 ·
781 2177 842 2205 Ὅτι
856 2177 985 2213 ἀπετμή-

195 2225 233 2257 θη
244 2222 303 2250 ἀπὸ
318 2221 375 2257 τῆς
390 2221 515 2255 ζώντων,
545 2223 603 2250 ἀπὸ
624 2223 748 2256 ἀθεσίας
775 2223 828 2250 τοῦ
839 2224 917 2251 λαοῦ
924 2233 985 2259 μου

196 2268 296 2302 ἥψατο
312 2268 421 2295 αὐτῶν.
447 2268 556 2295 Μᾶλλον
581 2268 635 2303 γὰρ
658 2269 748 2296 αὐτῶν
765 2268 918 2304 καθήψατο,
936 2269 984 2295 καὶ

196 2313 288 2349 πληγὴ
304 2314 394 2345 αὐτοῖς
407 2314 522 2349 μεγίστη
534 2314 645 2348 γέγονεν
659 2315 674 2340 ὁ
697 2315 779 2341 αὺτοῦ
798 2314 922 2347 θάνατος.
938 2315 959 2342 Τ
963 2325 986 2342 ι-

196 2359 241 2391 νὲς
255 2360 284 2386 δὲ
296 2359 337 2392 τὸ,
351 2360 464 2394 αῖρεται
478 2359 538 2387 ἀπὸ
554 2359 610 2393 τῆς
624 2359 692 2394 γῆς,
710 2359 777 2394 φασὶ
791 2360 841 2396 τὴν
855 2360 924 2395 μετὰ
934 2360 984 2396 τὴν

197 2405 345 2433 ἀνάστασιν
359 2405 442 2432 αὐτοῦ
468 2405 547 2439 δόξαν
567 2405 683 2441 δηλοῦνσ
697 2406 792 2441 θεῐκὴν
822 2407 877 2441 γὰρ
905 2406 984 2439 ἀξίαν

197 2453 215 2488 ή
245 2451 300 2478 τῶν
331 2451 563 2487 οίκονομηθέντων
598 2451 722 2484 ὑπέδειξε
760 2452 843 2487 πεῖρα
864 2472 872 2485 ,
900 2453 983 2480 αὑτοῦ

200 2497 250 2532 μὲν
265 2496 396 2524 θανάτου
421 2496 658 2530 ύποὸαλλομένου,
677 2497 787 2524 πάντων
806 2497 835 2524 δὲ
859 2498 900 2529 είς
930 2498 978 2532 ἁφ-

1039 2494 1163 2522 Divinarn
1194 2492 1269 2520 enim
1306 2491 1394 2526 ipsius

198 2540 313 2576 θαρσίαν
330 2540 411 2567 αὐτοῦ
429 2540 520 2576 χάριτι
555 2539 791 2575 ζωοποιουμένων,
820 2540 867 2567 καὶ
895 2540 986 2567 πίστει

198 2585 398 2621 λυτρουμένων.
428 2585 510 2623 ’ᾼλλὰ
536 2585 596 2618 πῶς
621 2587 635 2613 ὁ
664 2586 701 2622 μὴ
737 2585 816 2618 εἰδὼς
849 2586 986 2622 ἁμαρτίαν

199 2631 253 2658 ὑπὸ
273 2631 355 2667 ψήφῳ
373 2632 492 2667 κατέστη
520 2632 688 2667 (Μιναῖοιῖῇ
714 2633 797 2668 φησιν
826 2633 840 2660 ὁ
869 2633 983 2668 Πατήρ·

202 2677 270 2704 Ἀπὸ
295 2676 356 2703 τῶν
385 2677 518 2712 ἀνομιῶν
551 2679 606 2706 τοῦ
641 2679 718 2706 ,λαοῦ
744 2688 805 2714 μου
839 2679 918 2714 ἤχθη
945 2681 990 2713 είς

202 2721 342 2754 θάνατον,
356 2722 422 2758 ἢότι
433 2723 504 2758 ὑπὲρ
519 2723 572 2750 τῶν
586 2725 707 2759 ἀνομιῶν
720 2725 815 2758 αὐτοῦ,
824 2725 889 2760 ἢότι
899 2734 990 2761 παρα-

238 2777 336 2814 ξᾼιιιοε
362 2787 387 2809 v,
402 2779 447 2808 2t).
484 2780 493 2794 ⁷
506 2778 579 2807 Psal.
592 2788 705 2813 xxxvut,
720 2782 762 2809 10.
800 2782 811 2798 ⁵
825 2781 920 2809 Matth.
936 2789 978 2808 xx‘

1029 2780 1117 2814 35,65.
1155 2781 1165 2795 °
1178 2779 1245 2807 Luc.
1261 2786 1339 2811 χχιιι,
1354 2776 1381 2804 5.
1420 2775 1441 2791 ¹⁰
1456 2773 1466 2801 l
1481 2772 1555 2801 Pctr.
1572 2779 1602 2805 tl,
1617 2770 1662 2798 23.

205 2819 225 2842 ι.
239 2812 284 2840 55.

1070 1853 1098 1880 in
1113 1856 1231 1885 utroque
1241 1852 1333 1876 autem
1348 1848 1371 1875 si
1379 1845 1556 1883 generationis
1568 1844 1820 1877 modusquzeratur,

1037 1900 1098 1927 ideo
1110 1899 1233 1926 enarrari
1247 1904 1298 1923 non
1319 1894 1403 1930 possit
1416 1914 1423 1926 ,
1440 1892 1515 1928 quod
1536 1890 1641 1917 tollitur
1653 1898 1668 1915 ιι
1687 1894 1757 1915 terra
1768 1889 1822 1914 vita

1033 1946 1107 1981 ejus;
1119 1945 1146 1972 id
1160 1949 1213 1976 est,
1234 1941 1306 1978 quod
1318 1947 1425 1972 eorum,
1440 1939 1486 1974 qui
1501 1938 1527 1964 in
1545 1942 1618 1963 terra
1635 1935 1748 1970 degunt,
1762 1934 1822 1968 ipsa

1033 1993 1094 2028 ejus
1116 1991 1151 2019 sit
1175 1990 1202 2016 in
1222 1995 1303 2015 carne
1323 1986 1381 2014 vita
1397 1985 1477 2019 longe
1499 1982 1652 2014 excelsior,
1672 1981 1719 2016 qui
1745 1982 1822 2008 solus

1034 2027 1176 2074 peceatum
1197 2041 1252 2061 non
1267 2031 1401 2066 (admisit.
1419 2029 1583 2064 Quanquam
1602 2032 1629 2054 et
1646 2027 1713 2054 alias
1739 2033 1821 2060 supra

1034 2072 1116 2113 omne
1128 2081 1202 2118 quod
1221 2083 1316 2107 natum
1337 2083 1379 2105 est
1395 2078 1454 2112 ipsa
1472 2073 1614 2109 Unigeniti
1635 2072 1674 2100 sit
1688 2072 1821 2099 essentia.

1034 2131 1070 2159 At
1092 2116 1350 2160 ita—interpretatus
1376 2127 1419 2149 est
1449 2118 1657 2156 Symmachus:
1683 2116 1823 2142 Abscisstts

1035 2181 1074 2205 est
1090 2175 1159 2203 enim
1175 2173 1207 2200 de
1224 2176 1295 2199 terra
1310 2169 1473 2198 viventium;
1490 2171 1514 2193 et
1531 2168 1639 2199 propter
1657 2163 1824 2196 iniquitatem

1035 2222 1124 2258 populi
1145 2220 1196 2247 mei
1208 2218 1287 2251 plaga
1313 2216 1360 2243 eis.
1383 2211 1538 2241 Theodotio
1557 2214 1647 2238 autem
1666 2217 1673 2236 :
1691 2207 1824 2241 Quoniam

1037 2254 1170 2295 abscissus
1180 2268 1219 2292 est
1231 2263 1262 2290 de
1277 2267 1348 2289 terra
1362 2261 1491 2290 vivorum,
1508 2257 1539 2283 ab
1552 2254 1732 2283 inconstantia
1743 2261 1825 2287 popu-

1039 2314 1058 2341 li
1071 2313 1121 2340 mei
1139 2310 1221 2346 tetigit
1238 2317 1292 2336 eos.
1314 2307 1392 2343 lpsos
1404 2306 1478 2333 enitn
1492 2303 1666 2338 potissimum
1682 2300 1784 2333 attigit,
1797 2302 1825 2325 et

1039 2360 1066 2386 in
1090 2343 1197 2393 plagam
1217 2355 1258 2382 cis
1283 2353 1430 2380 maximam
1456 2357 1531 2377 mors
1547 2347 1608 2382 ejus
1629 2346 1706 2374 abiit.
1722 2343 1826 2371 Volunt

1040 2391 1165 2431 nonnulli
1180 2399 1271 2427 verbis
1285 2398 1357 2429 istis,
1371 2396 1473 2423 tollitur
1484 2398 1591 2425 aterra,
1607 2391 1678 2424 ejus,
1695 2398 1755 2425 qua:
1765 2393 1827 2424 post

1041 2447 1273 2477 resurrectionem
1310 2445 1403 2472 futura
1427 2447 1487 2475 est,
1523 2440 1639 2477 gloriam
1662 2435 1826 2472 signiﬁcari.

1437 2488 1551 2523 gloriam
1597 2484 1665 2512 satis
1709 2489 1825 2513 eorum,

1039 2548 1100 2576 qua:
1122 2539 1155 2566 ab
1171 2546 1204 2567 eo
1223 2542 1298 2573 gesta
1320 2540 1395 2568 sunt,
1424 2532 1594 2569 experientia
1613 2529 1746 2566 patuisse,
1763 2534 1827 2555 cum

1039 2587 1097 2622 ipse
1120 2585 1231 2620 quidem
1251 2588 1360 2610 mortem
1382 2581 1517 2612 subierit;
1540 2585 1591 2606 nos
1615 2580 1706 2603 autem
1731 2580 1828 2601 omnes

1038 2619 1135 2668 ipsius,
1142 2631 1320 2666 benignitate,
1333 2627 1480 2656 immortali
1490 2626 1553 2653 vita:
1582 2621 1701 2651 restituti
1719 2619 1826 2653 tideq'uc

1036 2663 1171 2713 redempti
1192 2663 1299 2704 sumus.
1316 2675 1351 2703 At
1370 2674 1443 2702 enim
1462 2672 1509 2707 qui
1525 2671 1629 2697 faettnn
1657 2672 1710 2699 est,
1733 2663 1826 2699 utqui

1036 2729 1179 2760 peccatum
1196 2731 1250 2750 non
1267 2721 1428 2752 admiserat,
1453 2717 1546 2745 mortis
1564 2717 1622 2750 ipse
1641 2711 1748 2741 calculo
1760 2710 1826 2738 sub-

1713 2768 1734 2784 “
1756 2766 1824 2794 Luc.

853 2847 969 2876 VAlihE
987 2846 1189 2876 LECTIONES.

235 2889 252 2905 ﬂ
272 2892 316 2919 γρ.
336 2883 434 2920 ἀληθὲς
454 2883 549 2916 πάθος.
590 2884 601 2904 ιι
622 2886 650 2911 .t.
674 2885 736 2919 γάρ.
