1999 3076
189 132 259 164 2527

839 133 1018 165 PROCOPII
1035 135 1160 166 GAZEI

1759 133 1832 166 2528

188 189 312 224 iaceret?
328 188 486 225 Respondet
510 190 601 224 Pater,
617 192 650 218 ab
681 191 868 227 iniquitatibus
888 193 975 228 populi

1031 193 1177 228 νομοῦντες
1187 192 1270 219 αὐτὸν
1281 191 1458 219 ἀπέκτειναν.
1472 192 1545 219 ’Δντὶ
1556 192 1584 219 δὲ
1597 191 1750 224 τοῧ,ὁώσω
1760 193 1832 226 τοὺς

190 235 231 262 ,ςιιὶ
247 234 357 260 ductum
373 243 429 261 esse
442 235 476 261 ad
491 240 621 269 mortem;
637 245 746 273 nempe,
770 239 811 265 vel
829 238 903 273 quod
918 238 977 273 ejus

190 281 351 315 iniquitates
363 281 498 316 expiavit;
515 282 558 310 vel
574 283 647 317 quod
663 287 705 310 cst
721 284 755 311 ab
771 284 831 317 ipso
846 284 978 312 scelerate

189 326 381 361 interemptus.
405 326 458 355 Sed
482 336 537 362 quo
560 328 620 355 loco
640 328 709 356 dabo
726 330 811 356 malos
833 330 977 361 habemus,

189 372 262 398 dabit
286 373 381 406 impios
407 374 606 409 interpretatus
632 379 675 403 est
696 375 890 411 Symmachus.
911 377 979 409 Quis

189 427 271 453 porro
296 419 420 452 daturus,
443 421 497 448 nisi
517 422 562 456 qui
587 421 779 448 universorum
797 421 883 456 judex
911 422 978 450 est?

189 465 242 493 Eos
260 466 360 494 deinde
372 467 514 502 intelligit,
525 467 583 501 qui,
605 475 666 502 qua:
677 467 752 495 dicta
767 472 844 499 sunt,
858 468 979 496 admisev

188 517 261 540 runt.
276 512 344 540 Nam
367 517 395 540 et
412 513 607 549 Romanisipsi
628 513 721 540 traditi
747 519 823 542 sunt.
841 514 978 542 Praeterea

186 557 281 585 divites
298 559 382 592 olim;
400 559 427 586 id
442 563 496 592 est,
514 560 703 594 prmrogativis
719 561 878 595 superiores
895 565 978 588 (nete-

187 605 236 637 ris,
252 613 281 632 se
299 613 346 640 pro
361 611 443 633 morte
453 606 510 640 ejus
527 606 694 633 traditurtttu
710 606 864 642 signiﬁcat;
881 607 978 634 horum

186 651 298 677 nomine
320 658 368 678 eos
394 651 560 686 intelligens.
581 653 626 686 qui
651 652 743 687 legali,
757 656 785 679 et
803 652 978 684 sacerdotali.

184 695 265 731 605
288 698 414 732 regiaque
442 698 523 725 etiam
541 698 676 733 dignitate
691 699 815 726 illustres
839 698 978 726 habeban-

185 747 239 768 tur.
254 742 299 769 Isti
316 743 451 777 siquidem
471 747 571 778 prazter
587 743 735 771 admissam
755 744 869 778 eaedem,
891 752 973 778 pecu—

184 786 238 813 niis
253 786 335 813 etiatu
354 795 408 814 non
424 793 608 822 pepercerunt
625 793 654 815 ut
662 787 722 823 ejus
738 789 971 816 resurrectionem

184 832 367 864 occultarent,
375 833 446 860 unde
455 837 482 860 et
491 834 584 860 divite:
593 841 641 860 eos
650 833 811 868 appellavit:
822 834 865 860 vel
875 833 969 866 etiam,

1026 238 1190 272 πονηροὺς.
1203 239 1217 264 ὸ
1234 238 1399 274 Σύμμαχος.
1417 239 1465 265 καὶ
1479 238 1571 265 δώσει
1597 238 1670 272 τοὺς
1694 239 1828 272 ἀσεϐεῖς,

1027 283 1103 318 φησι.
1128 283 1176 314 Τίς
1191 283 1219 310 δὲ
1235 282 1363 317 δὼσει,ἣ
1379 283 1393 309 ὁ
1414 283 1469 310 τῶν
1494 283 1562 309 ὅλων
1581 284 1677 319 κριτής
1690 292 1697 316 ;
1711 283 1786 318 λέγει
1799 284 1828 310 δὲ

1026 331 1090 361 τοὺς
1101 329 1135 357 τὰ
1150 330 1283 365 εἰρημένα
1314 330 1493 365 ποιήσαντας.
1515 329 1663 364 Ῥωμαίοις
1681 330 1736 365 γὰρ
1756 338 1827 364 παρ-

1028 375 1172 409 εδόθησαν.
1200 376 1255 402 Καὶ
1279 376 1344 406 τοὺς
1370 375 1457 402 πάλαι
1481 376 1510 402 δὲ
1534 375 1717 408 πλουσίους,
1734 376 1764 402 ἐν
1786 373 1827 406 οἷς

1027 422 1221 449 ἐπλεονέκτουν
1238 422 1442 458 προτερήμασι,
1461 421 1632 457 παραδώσειν
1661 422 1743 456 φησιν
1759 421 1828 448 ἀντὶ

1027 467 1081 494 τοῦ
1100 466 1233 494 θανάτου
1246 467 1353 494 αὐτοῦ.
1377 467 1460 500 Λέγει
1475 467 1504 494 δὲ
1517 468 1580 499 τοὺς
1593 467 1622 494 ἐν
1636 467 1736 502 γνώσει
1751 476 1828 502 νομι-

1027 514 1074 548 κῇ,
1091 512 1140 540 καὶ
1153 513 1290 549 ίερατικῇ,
1313 513 1360 540 καὶ
1387 513 1513 548 βασιλικῇ
1527 513 1728 550 τετιμημένους
1743 514 1806 548 ἀξία
1817 523 1824 530 ο

1027 554 1102 585 οὗτοι
1121 557 1175 593 γὰρ
1199 558 1269 594 πρὸς
1286 557 1324 594 τῷ
1341 558 1517 591 ἀποκτεῖναι,
1534 559 1581 586 καὶ
1605 559 1725 594 ἀργύρια
1742 559 1825 586 δεδὼ-

1027 612 1108 632 κασιν
1124 603 1218 637 ἱκανὰ,
1234 604 1338 640 κρύψαι
1350 605 1508 640 βουλόμενοι
1518 606 1567 640 τὴν
1580 606 1742 632 ἀνάστασιν.
1766 605 1822 632 Καὶ

1028 649 1101 677 κατὰ
1115 648 1196 675 τοῦτο
1210 647 1257 676 οὖν
1273 649 1445 683 πλουσίους
1467 650 1565 681 αὐτοὺς
1582 650 1661 677 καλεί
1672 659 1678 665 ·
1695 650 1712 686 ἦ
1726 651 1773 677 καὶ
1787 651 1825 682 ὡς

1028 693 1420 730 φιλαργύρους.Ἀπέκτειναν
1448 695 1503 730 γὰρ
1528 695 1658 728 Ἰησοῦν,
1676 696 1710 722 ἶν’
1736 696 1824 731 ἔχοιεν

1027 741 1153 769 πλουτεῖν
1167 744 1199 769 ἐκ
1209 742 1255 769 τοῦ
1271 742 1310 778 μὴ
1326 741 1431 776 κρίνειν
1442 741 1542 777 ὀρθῶς.
1559 742 1628 777 Περὶ
1642 739 1680 769 ὧν
1706 742 1799 776 ἔλεγεν
1810 744 1825 770 ὀ

1026 788 1184 824 προφήτης·
1201 798 1210 814 ι
1229 787 1361 815 Κοινωνοὶ
1381 787 1516 820 κλεπτῶν,
1533 788 1694 822 ἀγαπῶντες
1726 789 1819 824 δῶρα,

1023 834 1166 866 διώκοντες
1181 834 1366 868 ἀνταπόδομα.
1388 842 1398 859 ›
1687 845 1689 847 -

184 885 214 910 ιιι
230 880 355 916 pecuniis
369 879 475 907 inhiare
484 880 696 906 demonstraret.
707 878 800 906 Jesum
816 880 888 906 enim
904 878 1115 913 interemerunt,
1131 885 1162 908 ut
1179 887 1264 915 prave
1289 878 1442 914 iudicando
1459 879 1629 908 ditescerent
1648 889 1655 908 :
1675 880 1703 908 in
1722 888 1825 916 eosque

182 928 229 956 illa
243 930 318 958 sunt,
330 925 429 961 quibus
455 933 517 954 esse
533 925 625 953 iurum
638 927 742 959 socios,
753 927 880 961 donaque
892 926 1016 961 diligere,
1037 931 1065 955 et
1081 928 1234 956 mercedem
1255 927 1355 955 sectari
1373 927 1508 962 proplteta
1522 927 1590 962 ipsis
1599 928 1779 963 exprobravit
1790 930 1811 946 ι’

220 974 537 1010 Cogitahantpraetcrea,
549 974 572 1001 si
584 979 708 1001 cessaret
718 974 746 1001 in
759 975 819 1009 lege
834 974 979 1006 cultus,iis
994 978 1016 1006 Β

182 1028 245 1049 esse
265 1021 320 1048 sibi
342 1020 493 1048 carendum
521 1021 662 1055 primitiis,
676 1021 777 1055 quibus
801 1021 975 1048 fruebantur.

181 1067 302 1102 Indeque
315 1074 364 1094 eos
378 1067 510 1094 conviciis
525 1066 678 1095 insectatus
697 1072 741 1094 cst
755 1066 892 1099 Christus,
904 1067 976 1102 quod

182 1113 334 1145 mentham,
350 1117 377 1140 et
401 1113 544 1145 anethum,
571 1117 598 1140 et
625 1113 768 1140 cuminum
795 1113 975 1146 decimarent,

181 1167 243 1194 quas
263 1164 353 1187 autem
373 1164 466 1187 essent
480 1160 507 1186 in
520 1160 578 1194 lege
588 1159 881 1195 graviora,judicimn,
894 1160 977 1187 mise-

181 1205 340 1238 ricordiam,
349 1205 427 1233 ﬁdem
437 1205 598 1232 omitterent
608 1205 639 1232 ".
655 1205 693 1232 Eo
705 1210 794 1232 autem
808 1203 980 1232 condemna-'

181 1249 265 1276 tionis
287 1256 381 1276 eorum
401 1249 559 1284 aequitatem
585 1249 727 1284 prwciptte
740 1249 974 1284 signiﬁcat,quod

179 1295 347 1330 iniquitatem
372 1304 435 1323 eum
454 1304 507 1323 non
525 1296 620 1330 fecisse
646 1296 782 1331 atljungit.
797 1295 875 1323 Justc
901 1295 974 1323 cnim

180 1345 403 1371 tondemnantur
416 1343 577 1378 quijustum
592 1343 695 1378 injuste
711 1351 810 1371 necare
829 1343 889 1370 ausi
900 1346 974 1370 sunt.

180 1389 228 1418 Est
243 1397 308 1418 vero
323 1390 404 1418 testis
424 1390 477 1417 ﬁde
505 1390 607 1425 dignus
630 1390 709 1417 Pater
727 1390 795 1424 ipse,
816 1389 863 1424 qui
877 1388 975 1416 Filium

180 1440 293 1470 peccato
310 1442 407 1462 carere
423 1436 545 1463 asseruit
559 1435 593 1462 “.
611 1434 690 1463 Unde
706 1435 830 1470 improbe
846 1435 975 1462 mentitos

179 1489 242 1509 esse
270 1485 393 1516 apparet,
411 1482 459 1516 qui
476 1489 540 1509 eum
568 1482 697 1516 populum
717 1482 868 1514 concitare,
883 1481 975 1509 Cazsa-

179 1527 260 1562 rique
276 1532 369 1554 vetare
393 1527 528 1554 tributum
554 1528 781 1562 persolvere,qui
800 1535 830 1555 se
843 1527 973 1562 denique,

179 1575 234 1601 nisi
250 1573 411 1601 malefactor
425 1579 509 1606 esset,
527 1573 614 1601 Pilato
634 1581 690 1600 non
715 1573 801 1601 fuisse
823 1573 974 1601 tradituros

179 1620 307 1647 dicebant
321 1620 353 1646 ιε.
367 1619 404 1646 Ita
415 1619 488 1646 enim
503 1627 533 1646 re
556 1623 584 1647 et
606 1619 690 1646 verbo
709 1619 789 1653 culpa
807 1625 918 1646 vacasse
933 1623 974 1646 te-

1073 976 1212 1002 Ἐνενόουν
1227 975 1256 1001 δὲ
1283 975 1331 1001 καὶ
1357 974 1398 1001 ὅτι
1424 974 1606 1010 παυσαμένης
1632 975 1680 1010 τῆς
1705 977 1734 1002 ὲν
1749 976 1824 1012 νόμῳ

1028 1021 1168 1056 λατρείας.
1183 1021 1231 1056 οὐχ
1249 1020 1341 1053 ἕξουσι
1353 1020 1402 1052 τὰς
1422 1020 1493 1046 κατά
1515 1020 1598 1056 νόμον
1614 1023 1824 1057 προσαγομένας

1027 1067 1119 1098 αὐτοῖς
1127 1065 1373 1102 ι⁴ίι⁴ι¹ιαρχὸις,οὒςκαδ¹
1380 1065 1537 1097 ἑταλάνιζεν
1550 1065 1647 1100 λέγων,
1662 1067 1704 1093 ὅτι
1721 1076 1731 1092 ι
1743 1068 1824 1094 Ἀπο-

1025 1112 1170 1139 δεκατοῦτε
1190 1112 1220 1138 τὸ
1235 1111 1370 1147 ἡδύοσμον
1399 1113 1446 1138 καὶ
1460 1111 1491 1138 τὸ
1511 1112 1623 1148 ἄνηθον,
1637 1113 1684 1140 καὶ
1697 1115 1728 1140 τὸ
1742 1114 1823 1149 κύμι-

1027 1168 1082 1190 νον,
1096 1159 1144 1185 καὶ
1168 1159 1294 1193 ἀφήκατε
1309 1157 1343 1184 τὰ
1363 1157 1502 1193 βαρύτερα
1521 1158 1570 1185 τοῦ
1586 1159 1681 1194 νόμου,
1693 1159 1743 1195 τὴν
1763 1161 1824 1196 κρί-

1027 1213 1080 1237 σιν,
1095 1204 1142 1231 καὶ
1157 1204 1188 1230 τὸ
1202 1203 1286 1236 ἕλεος,
1304 1203 1351 1230 καὶ
1364 1203 1414 1238 τὴν
1431 1203 1550 1230 πίστιν.)
1560 1203 1597 1230 Τὸ
1612 1204 1641 1230 δὲ
1653 1204 1756 1231 δίκαιον
1773 1205 1824 1239 τῆς

1027 1250 1118 1278 αὐτῶν
1145 1250 1221 1284 δηλοῖ
1250 1250 1443 1284 κατακρίσεως
1474 1249 1516 1283 τὸ,
1546 1249 1588 1276 ὅτι
1609 1250 1738 1285 ἀνομίαν
1766 1253 1823 1278 οὐκ

1025 1298 1183 1331 ἐποίησεν,
1200 1296 1382 1331 ἐπαγόμενον.
1403 1295 1516 1327 ’Δδίκως
1529 1295 1583 1329 γὰρ
1597 1296 1821 1329 ἀποκτείναντες,
1873 1323 1882 1327 _

1025 1343 1138 1375 δικαίως
1163 1343 1241 1369 αὐτοὶ
1264 1342 1490 1377 κατακέκρινται.
1513 1341 1683 1374 ’Δξιόπιστος
1697 1342 1726 1369 δὲ
1750 1343 1820 1378 μάρ-

1025 1399 1073 1422 τυς
1086 1391 1100 1416 ὁ
1115 1389 1421 1425 Πατὴρ,ἀναμάρτητον
1434 1388 1521 1415 είπὼν
1533 1388 1579 1414 τὸν
1592 1388 1666 1416 Υίόν.
1680 1388 1821 1424 Κατεψεὺ-
1860 1401 1865 1405 -

1026 1445 1106 1463 σαντο
1123 1436 1177 1472 ἀρα
1199 1436 1264 1462 ποτὲ
1280 1435 1330 1470 μὲν
1343 1435 1478 1469 λέγοντες,
1501 1434 1542 1461 ὅτι
1561 1443 1570 1460 t
1588 1431 1673 1466 Οὗτος
1699 1434 1820 1461 ἀνασείει

1024 1483 1070 1510 τὸν
1084 1483 1159 1514 λαὸν,
1176 1483 1222 1510 καὶ
1231 1481 1332 1509 κωλύει
1345 1482 1467 1517 Καίσαρι
1480 1481 1582 1508 διδόναι
1597 1481 1709 1517 φόρους,
1728 1490 1738 1507 ι
1755 1481 1820 1508 ποτὲ

1023 1529 1078 1555 δέ’(
1091 1528 1164 1563 Elui]
1182 1525 1217 1564 ἦν
1229 1524 1305 1559 οὗτος
1322 1527 1549 1560 κακοποιῶν,οὺκ
1563 1527 1595 1554 ἄν
1606 1535 1647 1554 σοι
1659 1526 1821 1562 παρεδώκα-

1026 1582 1076 1609 μεν
1099 1573 1191 1601 αὺτόν.
1209 1582 1217 1600 ι
1239 1573 1269 1600 '0
1286 1573 1340 1608 γὰρ
1358 1573 1454 1610 Πατὴρ
1478 1573 1550 1600 οὕτω
1574 1573 1605 1599 τὸ
1629 1573 1820 1608 ἀναμάρτητον

1026 1619 1100 1654 ἔργῳ
1114 1626 1144 1645 τε
1165 1617 1214 1645 καὶ
1228 1618 1300 1653 λόγῳ
1316 1618 1541 1653 μεμαρτύρηκεν.
1557 1616 1644 1644 Τοῦτο
1658 1617 1686 1644 δὲ
1700 1617 1772 1644 κατά
1789 1617 1821 1644 τὸ

179 1666 313 1694 stiﬁcatus
330 1670 372 1693 est
388 1665 468 1693 Pater
483 1665 574 1701 :quod
588 1671 630 1693 est
643 1665 678 1692 ad
689 1665 868 1692 humanitatis
881 1665 967 1692 ratio-

1026 1665 1204 1701 ἀνθρώπινον.
1228 1664 1261 1691 'H
1281 1665 1335 1699 γὰρ
1357 1663 1418 1690 θεία
1442 1663 1523 1697 φύσις
1538 1663 1612 1690 ἐστὶν
1624 1664 1817 1694 ἀναλλοίωτος.

179 1720 241 1740 ιιοιη
262 1711 448 1745 referendum,
464 1719 526 1739 cmn
540 1711 719 1738 mutationem
738 1711 785 1739 Dei
803 1715 902 1738 natura
913 1719 970 1739 non

178 1759 310 1794 patiatur,
325 1766 412 1793 neque
433 1759 574 1785 hominum
600 1759 760 1793 quisquam,
777 1766 809 1786 eo
825 1766 879 1785 uno
890 1765 971 1786 cxce-

180 1809 235 1839 pto,
251 1804 381 1831 sordibus
404 1808 507 1831 careat.
525 1804 639 1831 Mortem
653 1805 736 1840 igitur
753 1804 811 1839 ipse
826 1812 874 1839 pro
891 1804 971 1832 nobis

178 1851 294 1882 subivit,
316 1855 346 1878 ut
373 1850 505 1878 mundum
538 1852 659 1885 peccatis
683 1853 825 1878 eximeret.
844 1850 924 1879 Unde
944 1856 972 1878 et

177 1903 237 1923 eum
250 1895 366 1931 aplaga,
382 1896 408 1922 id
424 1901 465 1923 est
479 1897 514 1923 ab
528 1896 602 1923 illata
618 1900 716 1928 morte,
733 1895 864 1923 inundare
875 1896 972 1924 decre-

177 1943 217 1968 vit
229 1941 330 1969 Pater:
355 1942 438 1976 quod.
453 1943 548 1970 eadem
567 1950 615 1977 per
635 1942 721 1977 ipsius
738 1942 972 1969 resurrectionem

178 1987 350 2020 conculcata,
369 1987 471 2015 factum
485 1992 537 2015 est.
555 1987 656 2015 Volunt
672 1992 762 2016 autem
786 1988 923 2020 nonnulli,
939 1995 972 2015 eo

179 2032 250 2067 ipso,
272 2033 344 2067 quod
359 2033 419 2067 ejus
443 2033 554 2061 nomine
580 2040 678 2068 poenas
695 2033 731 2061 ab
747 2033 802 2062 illis
817 2034 973 2069 repoposcit

181 2079 272 2113 Pater,
286 2080 388 2115 injuste
410 2087 522 2115 passum
551 2088 625 2112 esse,
638 2085 666 2108 et
682 2088 766 2116 inqua:
787 2080 973 2108 damnationis

177 2134 240 2154 cum
269 2126 428 2162 suspicione
457 2134 553 2154 carere
583 2126 747 2161 signiﬁcari.
760 2126 866 2154 Putant
889 2127 972 2154 etiam

179 2173 236 2206 alii,
251 2181 305 2201 non
320 2173 400 2200 aliter
418 2181 513 2208 quam,
529 2174 594 2201 dum
611 2181 672 2209 quae
695 2174 776 2201 nobis
790 2173 972 2207 debebantur,

179 2225 314 2247 tormenta
334 2227 481 2256 perpessus
510 2225 562 2251 est,
579 2228 610 2247 ea
638 2219 671 2247 ad
698 2227 728 2248 se
753 2220 876 2252 attraxit,
894 2220 933 2248 sic
948 2225 975 2247 et

177 2273 249 2298 cam,
270 2273 331 2300 qua:
366 2265 446 2293 nobis
475 2273 523 2301 per
541 2265 619 2292 iidem
647 2265 775 2297 secessit,
790 2265 975 2299 purgationem

178 2313 267 2347 ipsum
281 2311 433 2347 acccpisso.
443 2311 575 2346 Sequitur
587 2311 686 2338 deinde
702 2320 709 2338 :
727 2310 758 2338 Si
774 2309 842 2337 detis
853 2318 901 2345 pro
916 2319 976 2345 pec—

177 2363 247 2388 cato,
261 2358 352 2385 anima
375 2361 461 2385 vestra
487 2357 584 2384 videbit
600 2365 688 2384 semen
706 2357 865 2391 longwuunt.
884 2357 974 2390 Cujus

177 2403 261 2432 fuerit
273 2404 317 2431 hic
329 2411 445 2433 sensus:
458 2402 641 2436 Quantumvis
653 2402 704 2437 ipsi
716 2403 781 2429 talia
794 2402 972 2435 admiseritis,

177 2452 201 2479 si
216 2451 277 2486 quis
292 2455 381 2477 tamen
398 2458 445 2485 pro
457 2458 505 2477 suo
515 2453 622 2484 peccata
636 2449 752 2477 hostiam
763 2449 863 2476 olierre
878 2449 973 2476 volue-

179 2498 225 2529 rit,
239 2496 321 2532 606
331 2496 358 2523 id
376 2500 430 2528 est,
444 2503 551 2528 eorum,
563 2503 623 2530 qum
636 2495 770 2530 peccavit,
783 2495 972 2530 pmuitentiam

179 2551 260 2577 agere
281 2551 288 2576 ;
303 2542 370 2570 illud
388 2542 508 2578 effugiet,
525 2542 599 2576 quod
615 2550 656 2568 me
671 2542 814 2568 sceleratos
823 2549 871 2575 pro
883 2542 971 2576 sepul-

181 2595 242 2615 tura
256 2593 281 2616 et
298 2588 393 2615 divites
405 2597 452 2619 pro
465 2592 550 2614 morte
565 2588 648 2622 ipsius
662 2588 792 2614 daturum
809 2588 973 2615 intermina-

180 2639 226 2662 tns
242 2641 304 2662 sum
322 2643 330 2668 ;
344 2642 482 2670 semenque
509 2634 576 2661 illud
592 2635 738 2668 lonngum
766 2635 925 2665 intuebitur,
940 2633 975 2662 de

184 2689 239 2716 quo
253 2681 280 2708 in
292 2680 433 2715 parabolis
447 2687 538 2708 sermo
555 2684 608 2712 est,
629 2688 691 2707 cum
706 2680 744 2707 ait
770 2689 777 2707 :
799 2690 808 2705 ι
829 2679 919 2707 Exivit
932 2687 977 2707 se-

182 2728 291 2754 minans
308 2731 337 2753 ut
353 2727 501 2754 setninaret
513 2727 555 2753 ⁸⁵⁸.
572 2735 582 2752 ι
602 2726 634 2752 Et
643 2726 742 2753 iterum
762 2734 768 2752 :
790 2734 799 2751 ι
824 2725 918 2753 Simile
930 2729 973 2754 cst

181 2780 295 2807 regnum
318 2773 451 2799 caelorum
473 2771 576 2798 homini
593 2771 737 2799 scmiuanti
754 2779 846 2798 semen
873 2772 974 2799 bonum

183 2819 287 2853 inagro
301 2827 352 2845 suo
368 2820 420 2845 ”".
441 2828 450 2845 ι
464 2817 596 2845 Nimirum
614 2818 652 2845 ita
664 2818 771 2846 locutus
781 2823 833 2851 est,
849 2823 878 2845 ut
890 2819 972 2846 vitam

186 2866 314 2892 :‘t'ternam
339 2865 516 2899 signiﬁcaret.

1030 1710 1195 1746 Ἀνθρώπων
1228 1710 1262 1737 ’δὲ
1287 1710 1374 1741 οὐδεὶς
1404 1710 1475 1745 πλὴν
1505 1709 1588 1737 αὐτοῦ
1617 1709 1737 1745 καθαρὸς
1765 1709 1820 1736 ἀπὸ

1024 1756 1122 1792 ῥύπου.
1138 1755 1244 1783 Οὐκοῦν
1267 1756 1337 1792 ὑπὲρ
1350 1755 1478 1783 ἁπάντων
1503 1756 1584 1788 αὐτὸς
1607 1755 1754 1788 ἀπέθανεν,
1777 1755 1820 1782 ἵνα

1024 1803 1138 1839 περιέλῃ
1155 1803 1204 1839 τὴν
1217 1803 1354 1838 ἁμαρτίαν
1377 1802 1425 1829 τοῦ
1440 1803 1554 1837 κόσμου.
1575 1802 1620 1829 Διὸ
1645 1803 1692 1830 καὶ
1714 1803 1820 1837 ἔκρινεν

1023 1851 1038 1877 ὁ
1064 1849 1159 1885 Πατὴρ
1183 1849 1267 1876 αὑτοῦ
1294 1849 1455 1883 καθαρίσαι
1481 1849 1576 1876 αὐτὸν
1602 1848 1658 1883 τῆς
1681 1847 1819 1883 πληγῆς-⁸

1024 1896 1097 1924 τοῦτ’
1117 1897 1175 1923 ἔστι
1192 1896 1240 1923 τοῦ
1261 1896 1455 1932 ἐπενεχθέντος
1477 1897 1553 1932 αὑτῷ
1569 1896 1683 1928 πάθους.
1707 1897 1820 1930 Ἀνέστη

1025 1943 1079 1977 γὰρ
1095 1942 1222 1978 πατήσας
1237 1942 1282 1968 τὺν
1305 1942 1430 1969 θάνατον,
1446 1943 1524 1974 Τινὲς
1534 1942 1563 1969 δέ
1577 1951 1667 1977 φασιν,
1683 1943 1724 1969 ὅτι
1735 1942 1767 1968 δι’
1782 1939 1820 1969 ὧν

1025 1990 1040 2016 ὁ
1055 1989 1152 2024 Πατὴρ
1169 1989 1295 2024 ἀπῄτησε
1311 1988 1389 2020 δίκας
1412 1989 1483 2024 ὑπὲρ
1504 1988 1600 2021 αὑτοῦ,
1615 1988 1645 2015 τὸ
1662 1988 1698 2023 μὴ
1711 1987 1820 2019 δικαίως

1025 2036 1107 2063 αὑτὸν
1129 2035 1294 2062 πεπονθέναι
1315 2035 1500 2071 παρέστησεν,
1526 2035 1574 2062 καὶ
1599 2035 1719 2070 καθαρὸν
1739 2034 1820 2060 αὐτὸν

1026 2083 1076 2118 τῆς
1090 2082 1138 2108 ἐπὶ
1150 2082 1243 2116 δικαίᾳ
1258 2082 1422 2118 κατακρίσει
1435 2082 1586 2117 πεποίηκεν
1599 2081 1727 2116 ὑποψίας.
1742 2081 1821 2112 Τινὲς

1025 2128 1054 2154 δὲ
1071 2127 1157 2160 οὕτως
1175 2128 1318 2164 εἰρήκασιν
1337 2135 1345 2143 ·
1362 2128 1468 2164 Ὥσπερ
1479 2128 1513 2155 τά
1529 2127 1595 2163 ἡμῖν
1611 2126 1822 2162 χρεωστούμενα

1027 2175 1101 2210 πάθη
1115 2174 1196 2207 αὐτὸς
1212 2173 1411 2210 ἀναδεξάμενος
1428 2174 1588 2201 οίκειὼσατο
1599 2181 1606 2189 ·
1623 2173 1694 2200 οὕτω
1712 2173 1759 2200 καὶ
1771 2173 1822 2207 τὴν

1028 2223 1059 2248 ὲκ
1083 2223 1199 2254 πίστεως
1230 2221 1380 2257 γενομένην
1408 2222 1473 2256 ἡμῖν
1502 2221 1651 2255 κάθαρσιν
1673 2220 1754 2247 αὑτὸν
1779 2219 1822 2245 δε-

1028 2269 1120 2304 δέχθαι
1140 2268 1232 2304 φησίν.
1260 2268 1332 2296 Ἐὰν
1346 2267 1420 2295 δῶτε
1433 2268 1501 2302 περὶ
1522 2268 1677 2303 ἁμαρτίας,
1698 2268 1717 2301 ἡ
1735 2265 1820 2301 ψυχὴ

1029 2315 1114 2349 ὑμῶν
1136 2314 1240 2349 ὄψεται
1256 2315 1376 2349 σπέρμα
1391 2315 1565 2350 μακρόϐιον.
1584 2314 1693 2349 Καίπερ
1708 2313 1736 2339 δὲ
1765 2321 1822 2339 τοι-

1027 2361 1096 2388 αῦτα
1115 2361 1372 2397 πλημμελησάντων
1392 2362 1481 2396 ὑμῶν,
1494 2360 1552 2388 ιὲάν
1573 2369 1616 2393 τις
1638 2360 1754 2396 ἐθελήσῃ
1772 2359 1821 2386 θυ-

1027 2408 1089 2435 σίαν
1111 2409 1268 2442 ἀνενεγκεῖν
1288 2408 1365 2442 ὑπὲρ
1383 2407 1440 2442 τῆς
1459 2407 1554 2435 αὑτοῦ
1577 2407 1732 2442 ἁμαρτίας,
1747 2405 1820 2432 τοῦτ’

1027 2454 1084 2481 ἔστι
1105 2455 1245 2489 μετανοεῖν
1274 2454 1318 2488 ἐφ’
1344 2451 1384 2486 οἷς
1404 2453 1629 2490 ἐπλημμέλησεν.
1658 2453 1820 2487 ἐκφεύξεται

1025 2501 1067 2531 τὸ,
1083 2500 1173 2527 Δώσω
1188 2499 1260 2533 τοὺς
1272 2500 1426 2534 πονηροὺς
1438 2500 1506 2528 ἀντὶ
1529 2500 1585 2534 τῆς
1599 2499 1695 2534 ταφῆς
1714 2499 1819 2532 αὐτοῦ,

1018 2547 1069 2574 καὶ
1095 2546 1167 2580 τοὺς
1190 2547 1358 2579 πλουσίους
1383 2546 1451 2574 ἀντὶ
1477 2546 1532 2573 τοῦ
1557 2546 1688 2573 θανάτου
1713 2544 1820 2572 αὐτοῦ.

1017 2591 1072 2619 Καὶ
1089 2591 1194 2626 ὄψεται
1210 2592 1244 2618 τὸ
1254 2592 1423 2626 μακρόϐιον
1438 2592 1570 2627 σπέρμα,
1593 2591 1657 2627 περὶ
1674 2589 1706 2618 οὗ
1724 2591 1818 2624 ἔλεγεν

1020 2640 1049 2665 ὲν
1067 2637 1238 2674 παραϐολαῖς
1248 2645 1255 2653 '
1278 2647 1288 2663 ι
1299 2637 1429 2673 Ἐξῆλθεν
1445 2639 1459 2665 ὸ
1471 2637 1592 2673 σπείρων
1604 2637 1652 2664 τοῦ
1679 2637 1798 2672 σπεῖραι.
1807 2645 1816 2661 ι

1024 2685 1081 2712 Καὶ
1096 2684 1178 2711 πάλιν
1189 2691 1198 2700 ο
1219 2693 1229 2710 ι
1241 2683 1339 2718 Ὁμοία
1356 2683 1431 2710 ἐστὶν
1447 2684 1464 2718 ἡ
1483 2683 1607 2719 βασιλεία
1626 2683 1680 2709 τῶν
1696 2681 1820 2717 οὐρανῶν

1025 2729 1164 2765 ἀνθρώπῳ
1197 2729 1342 2765 σπείροντι
1376 2728 1460 2756 καλὸν
1491 2729 1603 2763 σπέρμα
1637 2729 1666 2754 ὲν
1691 2727 1731 2763 τῷ
1763 2727 1820 2761 ἰδίῳ

1028 2775 1116 2811 ἀγρῷ.
1146 2785 1156 2801 ι
1184 2776 1288 2810 Ἤγουν
1314 2775 1365 2811 τὴν
1392 2775 1500 2802 αἰώνιον
1533 2775 1606 2810 ζωὴν
1636 2773 1721 2805 οὕτως
1754 2774 1820 2799 Exi-

1028 2822 1099 2850 λεσε.

211 2911 232 2926 ’³
249 2910 300 2937 lsa.
314 2911 385 2942 t,9.3.
414 2911 434 2927 ¹³
448 2909 683 2943 Mattli.xxttt,‘.’3.
715 2909 820 2938 “Joan.
840 2910 971 2944 λνιιιμίιῑ.
1001 2910 1021 2926 ¹⁵
1036 2909 1201 2945 ίοῑιιι.ιιι·ιιι,
1217 2910 1260 2938 50.
1292 2909 1430 2956 ““Matth.
1444 2909 1540 2942 “11,3.
1564 2906 1746 2935 "“ibid.21.
