1999 3076
186 136 257 171 2529

751 139 826 170 COM
834 139 1024 170 MENTARII
1045 140 1086 171 IN
1098 131 1244 171 ISAIAM.

1759 140 1831 173 2530

223 194 295 230 Πρὸς
309 194 338 221 δὲ
358 195 391 222 τὰ
410 195 474 230 ἔθνη
492 195 570 227 ’τινες
593 194 721 231 εἰρῆσθαι
746 194 826 221 τοῦτό
844 203 939 229 φασιν,
952 194 986 227 ὡς

1077 196 1117 223 Ad
1133 200 1229 231 gentes
1241 199 1331 222 autem
1342 200 1370 223 et
1384 196 1436 223 ista
1455 195 1534 231 dirigi
1554 196 1665 230 quidam
1690 196 1828 224 arbitran-

187 241 313 269 Τοσαῦτα
327 242 458 274 παθόντος
472 242 543 277 ὕπὲρ
553 241 642 276 ὑμῶν,
655 241 704 268 ἐὰν
715 242 761 267 καὶ
770 241 851 275 ὑμεῖς
863 241 976 267 πιστεύ-

189 295 264 322 σητε,
278 286 327 318 τὰς
336 286 473 322 ἁμαρτίας
489 286 566 320 ὑμῶν
581 285 834 321 ἐξομολογούμενοι,
851 285 978 311 κοινωνοὶ

187 332 243 359 τῶν
256 332 372 359 αίωνίων
386 332 497 366 ἀγαθῶν
511 331 727 367 καταστήσεσθε.
743 331 851 357 Δίδωσι
866 330 900 357 δὲ
912 329 979 364 περὶ

187 377 332 411 ἁμαρτίας
351 378 418 410 πᾶς,
436 378 501 412 περὶ
514 373 544 403 οὗ
560 385 642 411 φησιν
658 384 666 392 ⁸
685 386 694 402 ι
706 377 740 403 Εἴ
749 385 790 407 τις
805 375 877 402 θέλει
892 375 980 402 ὀπίσω

191 431 241 458 μου
256 423 355 455 ἐλθεῖν,
368 423 532 458 ἀρνησάσθω
546 422 652 455 ἑαυτὸν,
668 422 717 449 καὶ
728 422 822 456 ἀράτω
838 421 883 447 τὸν
900 429 982 447 σταυ-

189 469 237 504 ρὸν
251 468 345 501 αὐτοῦ,
360 469 408 495 καὶ¹
421 468 602 495 ἀκολουθείτω
626 477 671 503 μοι
684 475 692 483 ’
709 477 719 494 ι
739 469 815 494 ποῖον
829 472 840 487 ε
855 465 890 502 ἦν
909 468 923 494 ὁ
937 466 982 493 λέ-

188 523 255 549 γων,
271 523 281 540 c
303 515 413 551 Χριστῷ
420 516 659 550 συνεσταύρωμαι,
672 514 710 546 ζῶ
721 514 749 541 δὲ
760 514 851 540 οὐκέτι
866 513 931 548 ἐγώ.
944 513 982 548 Ζῇ

188 561 217 587 δὲ
230 562 258 587 ὲν
270 561 331 595 ἐμοὶ
344 560 460 595 Χριστός
471 569 478 594 ;
491 561 543 587 »οὒ
556 560 675 592 τοιοῦτος
687 560 715 587 δὲ
724 561 738 587 ὁ
747 560 862 594 ἀγαπῶν
877 559 983 595 πατέρα

188 606 205 641 ἢ
225 606 330 641 μητέρα
349 605 420 641 ὑπὲρ
433 606 525 633 αὐτόν.
541 606 611 642 Φησὶ
619 607 684 642 γὰρ,
694 606 733 638 ὡς
749 615 758 632 ι
774 606 831 633 Οὐκ
845 605 918 633 ἔστιν
932 615 984 640 μου

189 650 274 684 ἄξιος.
294 660 303 676 ι
331 651 367 678 Τὸ
378 648 425 678 οὖν
442 651 585 686 ἀγαπῆσαι
605 651 723 687 Χριστὸν
737 650 767 683 ἐξ
787 651 851 686 ὅλης
872 651 985 686 καρδίας

188 696 236 723 καὶ
250 696 349 730 ψυχῆς,
376 696 406 723 τὸ
420 696 526 724 δοῦναί
549 697 615 723 ἐστι
640 696 875 731 περὶάμαρτίας.
904 697 985 728 Τινὲς

189 740 218 767 δὲ
228 741 258 767 τὺ
274 741 355 776 ῥητὸν
367 741 454 773 οὕτως
469 741 614 776 ὲκθέμενοι
627 749 634 758 ·
654 740 725 768 Ἐὰν
738 741 775 775 θῇ
797 741 862 775 περὶ
882 743 984 775 πλημ-

186 787 320 822 μελείας,
338 787 424 822 ψυχὴ
441 787 535 814 αὑτοῦ
559 787 665 821 ὄψεται
688 786 809 822 σπέρμα
836 787 985 821 μηκύνσν,

197 834 315 869 Ἡμέρα,
337 834 503 869 ἐπήνεγκαν,
521 834 537 869 ὴ
551 833 620 869 μετὰ
638 833 667 859 τὸ
679 833 781 866 πάθος,
802 833 960 859 παιδοποιία
972 832 986 852 ιί

1031 245 1077 268 ιιιι·
1095 250 1102 275 ;
1121 246 1151 268 ut
1165 249 1213 269 eos
1226 241 1321 273 etiam,
1333 248 1450 275 quorum
1468 242 1579 268 nomine
1589 245 1641 268 tam
1662 241 1747 268 multa
1765 249 1828 276 pas-

1029 293 1077 314 sus
1104 287 1150 320 sit,
1173 286 1196 313 si
1225 286 1404 318 crediderint,
1424 293 1529 321 suaque
1560 290 1672 321 peccata
1707 287 1828 315 caulessi

1029 331 1144 363 fuerint,
1160 331 1322 366 perennium
1348 331 1483 358 bonorum
1506 331 1564 358 lore
1591 332 1738 366 participes
1748 340 1826 360 asse-

1031 380 1086 404 rat.
1104 376 1157 403 Dat
1172 385 1232 403 vero
1247 384 1295 411 pro
1308 382 1416 410 peccato
1434 376 1561 411 quisquis
1581 376 1606 403 id
1623 382 1743 411 praestat.
1754 377 1826 412 quod

1030 423 1099 451 dicit
1122 431 1128 451 :
1152 432 1161 448 ι
1184 422 1212 450 Si
1228 423 1291 457 quis
1305 423 1364 453 vult
1385 423 1480 450 venire
1503 426 1565 456 post
1580 430 1638 456 me,
1653 423 1769 458 abneget
1783 431 1826 450 se-

1031 469 1191 503 metipsum,
1213 471 1241 495 et
1263 468 1342 495 tollat
1375 475 1485 495 crucem
1516 475 1607 499 suam,
1633 472 1660 494 et
1697 473 1828 503 sequatur

1032 514 1115 541 me“.
1133 523 1142 540 ι
1157 513 1318 549 Cuiusmodi
1336 513 1380 540 ille
1393 512 1453 543 fuit,
1464 512 1510 547 qni
1521 519 1551 539 se
1560 520 1622 539 cum
1639 512 1750 540 Christo
1761 521 1828 541 cru-

1033 561 1144 588 cilixum
1163 568 1216 588 non
1234 560 1326 588 vivere
1357 560 1488 594 amplius,
1509 560 1556 587 sed
1572 559 1713 587 Christum
1740 560 1766 587 in
1784 568 1828 588 se-

1033 605 1094 640 ipso
1110 605 1300 640 pronuntiavit
1317 605 1360 631 ¹⁶’.
1372 605 1408 632 At
1423 608 1482 632 erat
1497 605 1563 632 hinc
1576 605 1654 640 longe
1673 604 1828 637 dissimilis,

1034 651 1081 686 qui
1097 654 1215 685 patrem,
1234 654 1280 677 aut
1295 654 1411 678 matrem
1435 651 1563 685 amplius,
1598 657 1680 685 quam
1701 657 1762 677 emn
1778 650 1828 677 ad-

1038 697 1167 728 amahat;
1185 703 1265 731 quem
1286 703 1316 723 se
1343 696 1405 723 ideo
1425 704 1480 723 non
1495 696 1606 731 dignum
1628 703 1688 723 esse
1706 704 1829 730 prmium-

1036 742 1114 770 tiavit
1124 742 1155 769 ".
1170 742 1221 769 Est
1233 742 1317 777 igitur
1333 742 1397 769 dare
1412 750 1460 775 pro
1470 747 1576 776 peccato
1585 741 1723 770 Christum
1738 742 1828 776 ipsum

1036 792 1095 816 toto
1103 788 1197 822 corde,
1207 793 1322 824 totaque
1336 789 1429 815 animo
1446 789 1572 823 diligere.
1589 786 1733 816 Exsistunt
1744 788 1828 815 etiam

1039 834 1175 870 nonnulli,
1195 834 1243 870 qui
1258 835 1350 861 locum
1380 834 1418 861 ita
1437 838 1605 869 exponentes
1623 843 1630 861 :
1650 833 1678 861 Si
1704 833 1828 860 obtulerit

189 880 363 915 πνευματικὴ
380 879 431 915 τῆς
446 880 486 911 εἰς
502 880 588 906 αἰῶνα
601 879 715 914 ἐνούσης
733 885 745 899 ο
762 879 911 914 ἀδιηγήτου
932 887 980 913 γε-

1037 889 1082 915 pro
1097 886 1217 915 peccato,
1235 881 1326 908 anima
1357 880 1416 916 ejus
1434 880 1530 907 videbit
1555 889 1640 908 semen
1651 880 1827 915 ampliﬁcatis,

189 929 264 958 νεᾶς,
279 927 341 954 κατ’
355 926 522 961 ἐπαγγελίαν
543 926 593 962 τὴν
614 926 684 962 πρὸς
705 926 832 961 Ἀϐραὰμ
846 925 924 961 θεῖκῇ
937 926 983 952 δυ-

191 973 272 1008 νάμει
284 972 477 1008 πληρουμένην
494 973 563 1007 μετὰ
582 971 631 1008 τὴν
647 971 724 998 λύσιν
744 972 794 1006 τῆς
818 971 983 1006 φθοροποιοῦ

191 1018 338 1054 ἁμαρτίας,
363 1018 412 1044 καὶ
426 1017 476 1053 τὴν
501 1017 594 1044 ἄνοδον
615 1017 663 1044 τοῦ
689 1017 839 1052 λυιτρωτοῦ.
858 1017 931 1043 ’Λντὶ
956 1017 985 1043 δὲ

190 1064 249 1096 τοῦ,
267 1063 323 1090 Kal
335 1063 479 1095 ,βούλεται
494 1064 601 1097 Κύριος
615 1063 740 1098 ἀφελεῖν
748 1064 807 1091 ἀπὸ
819 1063 873 1091 τοῦ
888 1065 984 1092 πόνου

190 1109 247 1143 τῆς
265 1109 370 1144 ψυχῆς
385 1109 490 1142 αὑτοῦ,
502 1109 516 1135 ὀ
531 1109 679 1145 Σύμμαχος
691 1118 698 1125 ·
715 1110 770 1137 Καὶ
786 1109 900 1144 θέλημα
924 1111 984 1137 Κυ-

189 1157 273 1190 ρίου,
302 1155 394 1191 φησὶν,
418 1155 452 1182 ἐν
465 1155 539 1190 χειρὶ
559 1155 651 1182 αὑτοῦ
662 1155 899 1191 εὐοδωθήσεται·
916 1156 986 1192 ὅπερ

191 1203 237 1229 ἐπὶ
252 1201 333 1236 μόνου
353 1201 400 1228 τοῦ
428 1201 556 1237 Σωτῆρος
578 1201 721 1237 ἁρμόττει.
748 1202 902 1234 Διαπαντὺς
930 1203 984 1238 γὰρ

191 1247 224 1275 τὸ
241 1247 356 1282 θέλημα
381 1247 435 1274 τοῦ
452 1247 583 1281 Πατέρος
603 1248 638 1274 ἐν
649 1247 687 1282 τῇ
714 1248 791 1282 χειρὶ
806 1248 900 1276 αὑτοῦ
913 1257 984 1275 κατ-

191 1293 343 1321 ευοδοῦτο.
375 1293 479 1320 Ἔδωκε
500 1293 528 1320 δὲ
547 1293 622 1329 αὐτῷ
649 1293 696 1321 καὶ
724 1294 782 1328 φῶς
802 1295 841 1326 είς
855 1295 886 1321 τὸ
901 1295 985 1329 φωτί-

192 1339 286 1372 ζεσοαι
312 1341 374 1372 τοὺς
387 1339 420 1367 δι’
435 1339 517 1367 αὑτοῦ
541 1339 759 1375 δικαιουμένους,
780 1341 828 1368 καὶ
844 1342 984 1368 σύνεσιν.

198 1385 423 1415 Ἐπανεπαύσατο
454 1386 509 1421 γὰρ
535 1386 580 1413 ἐπ’
596 1386 678 1414 αὑτὸν
691 1387 801 1422 πνεῦμα
818 1387 914 1422 σοφίας
939 1388 986 1414 καὶ

193 1431 328 1464 συνέσεως
343 1432 383 1463 είς
406 1431 437 1458 τὺ
463 1431 614 1464 συνετοὺς
635 1431 853 1468 ἀπεργάζεσθαι,
878 1432 926 1458 καὶ
941 1432 986 1459 δι-

192 1479 300 1506 καιοῦν
308 1478 379 1512 τοὺς
391 1478 495 1511 ἀξίους
506 1478 559 1506 τοῦ
571 1478 770 1506 δικαιοῦσθαι.
785 1479 864 1509 Τινὲς
874 1478 902 1505 δὲ
915 1477 985 1505 οὕτω

193 1523 260 1558 φασί
276 1532 283 1539 '
299 1524 444 1550 Βούλεται
472 1524 581 1558 Κύριος
605 1523 663 1558 τὴν
686 1524 733 1551 ἐπὶ
747 1523 786 1559 τῷ
803 1523 913 1560 σταυρῷ
931 1525 985 1551 λύ-

194 1578 256 1604 πην
285 1570 454 1605 μεταστῆσαι
477 1571 517 1602 εἰς
544 1570 643 1606 χαρὰν,
671 1570 715 1597 διὰ
739 1570 787 1597 τοῦ
811 1570 897 1603 δεῖξαι
912 1570 985 1605 αὒτῷ
1000 1561 1020 1590 c

195 1615 427 1650 μεταποιηθὲντας
442 1615 485 1647 είς
511 1613 575 1648 φῶς
590 1613 654 1646 τούς
681 1623 748 1640 ποτε
768 1615 862 1646 σκότος
877 1615 923 1641 καὶ
940 1623 988 1641 πε-

195 1660 394 1696 πλανημένους,
420 1660 486 1696 περὶ
511 1656 549 1687 ὧν
561 1661 575 1687 ὁ
589 1659 698 1692 Παῦλός
727 1669 809 1695 φησιν
824 1669 832 1676 ο
851 1670 860 1686 ι
880 1661 910 1687 Οἱ
923 1661 987 1687 ποτε

195 1705 300 1737 σκότος,
314 1705 371 1732 νυνὶ
385 1705 413 1731 δὲ
424 1704 482 1739 φῶς
498 1705 527 1732 ὲν
549 1704 654 1740 Κυρίῳ.
671 1714 681 1731 ι
697 1705 750 1732 Καὶ
763 1706 987 1741 πλαττομένους

194 1749 232 1784 τῇ
246 1749 389 1777 συνέσει·
399 1749 472 1777 τοῦτ’
489 1749 547 1777 ἐστι
572 1751 852 1787 μεταμορφουμένους
866 1751 920 1778 ἀπὸ
943 1751 988 1778 δό-

195 1795 243 1832 ξης
257 1796 297 1827 εἰς
320 1795 410 1828 δόξαν.

231 1842 303 1878 Πρὸς
317 1842 346 1869 δὲ
360 1842 406 1869 τὸν
424 1841 462 1877 μὴ
477 1841 601 1869 τοιοῦτον
620 1841 763 1877 Ἱερεμίας
779 1842 862 1877 φησιν
872 1850 879 1857 ·
900 1852 909 1868 ι
921 1842 987 1869 Ἰδοὺ

195 1888 246 1915 οὐκ
261 1888 329 1915 εἰσὶν
343 1888 368 1915 oi
382 1887 518 1923 ὀφθαλμοί
534 1896 594 1921 σου,
622 1888 684 1915 οὐδὲ
706 1889 724 1924 ἡ
751 1889 850 1924 καρδία
875 1897 922 1916 σου
936 1897 988 1916 κα-

195 1933 240 1969 λή.
257 1943 266 1960 ι
289 1934 319 1960 '0
344 1933 372 1961 δὲ
400 1932 580 1961 ὲπιστεύωνί
607 1934 647 1966 είς
668 1934 714 1960 τὸν
742 1934 871 1970 Χριστὸν,
896 1935 935 1966 εἰς
959 1934 990 1961 τὸ

196 1980 268 2007 θεῖον
285 1979 368 2006 αὑτοῦ
384 1980 603 2015 μεταπλάττεται
618 1979 728 2012 κάλλος,
743 1980 836 2006 ὁποῖόν
863 1980 922 2007 ἐστι
938 1980 968 2006 τό
981 1988 988 1996 ·

197 2035 208 2052 ί
226 2026 335 2059 Τεκνία,
351 2026 397 2058 οὒς
413 2026 494 2053 πάλιν
504 2026 601 2059 ὠδίνω,
619 2026 700 2061 μέχρι
724 2026 854 2062 μορφωθῇ
872 2026 990 2062 Χριστὸς

195 2073 225 2100 ὲν
250 2073 326 2108 ὑμῖν.
344 2072 398 2104 Οὓς
422 2072 476 2108 γὰρ
491 2072 573 2107 ἔγνω,
591 2072 669 2107 φησὶ,
684 2072 730 2098 καὶ
750 2072 904 2108 προώρισεν
921 2081 991 2108 συμ-

198 2118 320 2153 μόρφους
347 2117 397 2153 τῆς
419 2118 523 2149 εἰκόνος
544 2116 591 2144 τοῦ
613 2116 678 2144 Υῑοῦ
693 2116 788 2152 αὐτοῦ,
813 2118 925 2151 τούτους
939 2119 988 2145 καὶ

196 2163 336 2191 ἐκάλεσεν.
359 2173 369 2190 )
397 2163 496 2190 Κτίσαι
514 2163 543 2190 δὲ
565 2162 676 2198 λέγεται
700 2163 766 2195 Θεὸς
791 2164 916 2196 καὶτοὺς
940 2164 988 2191 δύο

196 2209 278 2241 λαοὺς
296 2211 336 2241 εἰς
362 2210 410 2236 ἱνα
429 2209 522 2236 καινὸν
542 2209 696 2244 ἄνθρωπον,
719 2210 821 2246 δηλαδὴ
838 2210 992 2245 μεταπλά-

196 2263 255 2289 σιις
270 2240 384 2287 αὐτούς.
404 2255 514 2291 Ἐπειδὴ
529 2255 584 2290 γὰρ
594 2240 703 2292 ,κέρδος
724 2240 788 2282 ιδὶυυ
831 2240 989 2291 Ῐίίονογενὴς
1006 2240 1028 2267 D

196 2300 246 2336 τὴν
275 2299 413 2336 ἡμετέραν
438 2301 543 2327 τίθεται
571 2301 719 2336 σωτηρίαν,
749 2301 819 2336 ὑπὲρ
844 2297 882 2328 ὧν
905 2301 989 2328 ἔπαθε

197 2347 279 2382 σῶμα
306 2346 406 2379 λαϐὼν,
435 2346 593 2380 ἀναγκαίως
615 2347 629 2374 ὁ
660 2346 755 2382 Πατὴρ
780 2346 830 2382 τὴν
853 2347 990 2383 ἡμετέραν

198 2394 280 2424 ἴασιν,
311 2392 474 2427 ἀφαίρεσιν
496 2393 593 2419 πόνου
617 2392 684 2428 φησὶ
715 2392 762 2419 τοῦ
791 2392 924 2428 Χριστοῦ,
943 2393 990 2420 καὶ

197 2437 260 2473 φῶς
288 2438 370 2465 αὑτοῦ
392 2438 439 2464 τὸν
459 2437 594 2474 ἡμέτερον
620 2438 772 2473 φωτισμὸν,
798 2438 990 2474 ἀμειϐομένων

198 2481 245 2508 ἐπὶ
257 2481 288 2508 τὸ
303 2482 427 2517 κρεῖττον
440 2482 518 2517 ἡμῶν
532 2482 580 2509 καὶ
589 2483 879 2517 μεταπλαττομένων
895 2485 929 2519 τῇ
941 2483 989 2510 τοῦ

198 2526 273 2554 Θεοῦ
283 2527 421 2554 συνέσει.
435 2527 545 2559 Τούτοις
560 2528 657 2562 ὲπάγει
670 2536 676 2543 ·
691 2528 852 2556 Δικαιῶσαι
874 2529 991 2556 δίκαιον

197 2571 232 2600 εὖ
246 2573 432 2600 δουλεύοντα
445 2573 581 2607 πολλοῖς.
597 2574 635 2600 Οὐ
651 2574 705 2609 γὰρ
718 2571 786 2609 ἦλθε
800 2574 918 2608 Χριστὸς
933 2575 992 2601 δια-

197 2619 356 2655 κονηθῆναι,
378 2619 450 2647 καθά
465 2628 549 2656 φησιν
567 2620 659 2653 αὐτὸς,
675 2620 834 2655 διακονῆσαι
848 2620 876 2647 δὲ
892 2621 992 2655 μᾶλλον

197 2667 246 2701 τὴν
261 2667 311 2700 τῆς
322 2664 556 2702 ὲνανθρωπήσεως
572 2666 739 2701 οἰκονομίαν.
757 2666 850 2693 Πάντα
865 2666 893 2693 δὲ
906 2666 993 2702 πράτ-

239 2723 503 2762 “_!llatth_.‘_xvt,"31iv.
543 2723 776 2762 ’ftcalitLJLZO.
818 2724 945 2762 "’lllatth.
966 2733 980 2752 ιι

1037 2726 1056 2753 l.
1095 2726 1116 2742 ¹⁸
1127 2726 1228 2762 Ephes.
1247 2735 1274 2760 v,
1290 2726 1318 2754 8.

201 2766 238 2791 tv.
259 2759 301 2786 19.
340 2759 361 2774 "
376 2758 457 2786 ltoui.
472 2761 534 2791 vtn.‘
551 2758 598 2786 29.
637 2760 660 2775 ”
675 2759 771 2787 Matth.
787 2768 832 2792 xx.
844 2760 890 2787 28.

1035 928 1168 962 adjiciunt
1182 936 1190 961 ;
1211 927 1282 955 diem
1298 927 1388 959 illum,
1408 926 1455 962 qui
1470 926 1636 961 passionem
1653 930 1764 953 secutus
1775 929 1827 959 est,

1035 973 1155 1000 ﬁliorum
1174 972 1396 1008 procreationem
1412 979 1474 999 esse
1486 971 1655 1006 spiritualem
1674 970 1829 1005 generatio-

1034 1019 1078 1045 nis
1093 1023 1233 1053 perpetua:
1246 1021 1273 1044 et
1293 1016 1444 1044 ineﬁ'abilis
1464 1016 1615 1044 secundum
1628 1016 1727 1042 factam
1742 1015 1830 1042 Abra-

1036 1065 1119 1092 liamo
1136 1064 1348 1100 promissionem
1365 1072 1373 1096 ;
1391 1071 1452 1098 qua:
1464 1063 1557 1090 divina
1573 1063 1683 1094 virtute,
1700 1068 1761 1098 post
1771 1063 1830 1090 eai-

1035 1110 1110 1138 tialis
1137 1109 1244 1145 peccati
1276 1109 1478 1141 remissionem,
1504 1113 1622 1143 postque
1635 1108 1829 1144 Redemptoris

1035 1163 1180 1184 ascensum
1198 1154 1538 1189 adimplcatur.Caaterum
1548 1162 1597 1189 pro
1607 1163 1614 1182 :
1625 1154 1657 1181 Et
1672 1155 1726 1181 uult
1738 1154 1829 1180 Domi-

1035 1209 1085 1228 nus
1098 1201 1207 1235 auferre
1221 1200 1254 1227 de
1269 1200 1359 1227 labore
1377 1201 1495 1227 animam
1506 1201 1574 1234 ejus,
1594 1201 1631 1227 ita
1650 1200 1730 1227 habet
1749 1200 1829 1236 Sym-

1035 1247 1161 1280 machus,
1191 1246 1227 1273 Et
1248 1246 1372 1273 voluntas
1393 1245 1501 1272 Domini
1516 1246 1543 1272 in
1556 1254 1636 1272 manu
1657 1246 1829 1280 ejusprospe-

1034 1293 1141 1320 rabitur
1156 1300 1166 1325 ;
1193 1292 1265 1328 quod
1283 1292 1329 1319 uni
1342 1295 1449 1318 tantum
1464 1291 1601 1318 Salvatori
1615 1292 1755 1326 congruit.
1766 1290 1829 1317 Pcr-

1036 1343 1118 1374 petuo
1135 1338 1207 1365 enim
1226 1337 1317 1365 Patris
1332 1337 1453 1364 voluntas
1467 1337 1495 1364 in
1522 1345 1604 1364 manu
1623 1337 1679 1372 ejus
1706 1343 1829 1371 prospere

1036 1386 1174 1413 successit.
1189 1385 1266 1412 Dedit
1284 1393 1348 1413 vero
1371 1390 1398 1413 et
1412 1385 1501 1411 lucem
1520 1385 1585 1419 ipsi,
1603 1388 1633 1411 ut
1644 1391 1703 1416 eos,
1722 1384 1768 1418 qui
1782 1390 1829 1418 per

1036 1430 1126 1465 ipsum
1141 1430 1287 1465 justilicuti
1314 1435 1390 1463 sunt,
1416 1429 1576 1456 illustraret.
1595 1429 1675 1456 Dedit
1689 1429 1829 1456 etintclli-

1035 1477 1163 1511 gentiam,
1172 1477 1235 1511 quia
1247 1476 1382 1511 requievit
1396 1483 1480 1511 super
1490 1483 1552 1502 eum
1564 1475 1679 1510 spiritus
1689 1475 1830 1510 sapientiae

1037 1527 1064 1549 et
1077 1522 1242 1554 intellectus,
1256 1527 1285 1548 ut
1318 1521 1452 1555 sapientes
1464 1520 1546 1556 607
1567 1519 1694 1553 cliicerct,
1707 1520 1829 1554 eljustos

1037 1567 1083 1602 qui
1102 1567 1299 1602 justi/icatiane
1319 1567 1394 1602 digni
1412 1572 1486 1594 sunt.
1503 1565 1604 1592 Putant
1627 1565 1674 1593 alii
1694 1566 1758 1593 velle
1777 1566 1830 1592 Do-

1037 1613 1139 1640 minum
1160 1618 1317 1648 perceptum
1340 1621 1355 1641 e
1381 1620 1464 1640 cruce
1491 1612 1610 1639 delerent
1638 1617 1783 1647 propterea
1803 1613 1831 1639 in

1037 1660 1167 1695 gaudium
1177 1664 1339 1687 convertere
1351 1679 1359 1692 ,
1369 1660 1441 1695 quod
1456 1660 1480 1687 ci
1494 1664 1678 1687 commutatus
1695 1661 1722 1687 in
1746 1660 1830 1687 lucem

1038 1706 1202 1738 ostenderit,
1219 1710 1243 1732 et
1257 1705 1436 1740 intelligentia
1451 1705 1593 1740 formatos,
1609 1705 1635 1732 id
1649 1709 1701 1738 est,
1714 1713 1728 1732 a
1745 1706 1830 1740 gloria

1038 1753 1066 1780 in
1075 1752 1190 1788 gloriam
1202 1751 1416 1779 transformatos
1427 1752 1473 1786 qui
1484 1751 1603 1779 teuebrm
1612 1751 1688 1782 olim,
1701 1759 1773 1778 nunc
1783 1759 1831 1778 au-

1039 1802 1093 1825 tem
1112 1798 1158 1824 lux
1175 1797 1202 1824 in
1217 1796 1343 1828 Domino,
1361 1797 1403 1824 uti
1421 1796 1525 1824 Paulus
1537 1797 1576 1823 ait
1593 1797 1794 1829 ‘ﬁcvaswuut.
1843 1797 1846 1799 λ

1075 1843 1145 1870 Sunt
1168 1851 1233 1870 vero
1256 1843 1289 1870 ad
1307 1851 1381 1875 eum,
1399 1843 1446 1878 qui
1470 1843 1531 1870 talis
1552 1850 1605 1870 non
1619 1848 1671 1876 est,
1690 1844 1740 1870 ista
1755 1842 1831 1870 εἰει-ο-

1039 1890 1100 1917 mite
1125 1889 1205 1916 verba
1224 1898 1230 1916 :
1249 1898 1258 1916 ι
1279 1889 1349 1916 Ecce
1372 1897 1426 1915 non
1452 1892 1518 1916 stitit
1538 1889 1612 1916 oculi
1637 1889 1687 1921 tui,
1713 1897 1761 1916 nec
1784 1896 1832 1915 cor

1040 1939 1117 1963 tuum
1134 1935 1278 1970 pulchrum
1297 1935 1330 1962 ".
1350 1944 1359 1960 ›
1382 1935 1434 1968 Qui
1456 1939 1546 1962 autem
1567 1935 1595 1962 in
1613 1934 1751 1963 Christum
1772 1942 1832 1962 ere-

1040 1981 1095 2014 dit,
1121 1981 1148 2008 in
1176 1981 1296 2009 divinam
1322 1980 1384 2016 ejus
1410 1980 1625 2008 transformatur
1648 1980 1832 2014 pulchritudi-

1040 2034 1102 2054 nem
1122 2034 1129 2054 :
1146 2026 1303 2061 cuiusmodi
1318 2030 1361 2054 est
1378 2026 1444 2053 illud
1461 2035 1468 2053 :
1488 2036 1498 2052 ‹
1516 2026 1615 2058 Filioli,
1631 2033 1702 2060 quos
1722 2034 1832 2053 rursum

1041 2072 1173 2106 parturio,
1189 2073 1276 2100 donec
1292 2072 1424 2099 formetur
1450 2072 1478 2099 in
1500 2072 1578 2100 vobis
1592 2072 1719 2099 Christus
1735 2072 1832 2099 ²⁰.»--

1044 2127 1053 2144 ι
1068 2119 1143 2151 Quos
1157 2118 1230 2145 enim
1245 2118 1384 2153 cognovit,
1406 2118 1505 2153 inquit,
1520 2123 1547 2145 et
1567 2117 1705 2152 prmscivit
1722 2117 1832 2144 confor-

1041 2171 1099 2191 mes
1124 2164 1183 2191 fore
1211 2164 1322 2198 imagini
1351 2163 1413 2191 Filii
1438 2164 1481 2191 sui
1501 2183 1508 2196 ,
1527 2163 1578 2191 hos
1592 2167 1619 2191 et
1643 2164 1753 2191 vocavit
1767 2165 1801 2192 ¹¹.
1820 2174 1829 2190 ι

1041 2210 1158 2237 Creasse
1182 2217 1247 2237 vero
1272 2210 1342 2237 duos
1366 2210 1394 2236 iu
1421 2213 1559 2237 recentem
1584 2218 1668 2237 unum
1694 2210 1830 2237 hominem

1041 2255 1168 2290 populos,
1184 2255 1210 2282 id
1233 2259 1276 2283 est
1303 2255 1513 2289 trans/armasse
1533 2255 1635 2282 dicitur
1656 2255 1736 2284 Deus.
1755 2257 1832 2289 Quo-

1040 2304 1112 2330 niam
1128 2304 1202 2331 enim
1218 2303 1270 2330 sibi
1296 2303 1323 2330 in
1346 2303 1423 2330 lucro
1442 2303 1558 2331 salutem
1583 2309 1706 2331 nostram
1732 2302 1833 2338 Unige-

1039 2351 1114 2376 nitus
1138 2349 1263 2383 deputat,
1288 2350 1351 2375 tium
1372 2356 1474 2383 corpus
1495 2356 1591 2376 eorum
1617 2348 1745 2381 assumit,
1762 2357 1831 2383 quo-

1039 2402 1100 2422 rum
1127 2394 1239 2421 nomine
1269 2401 1368 2429 passus
1392 2400 1452 2426 est,
1484 2394 1642 2421 necessario
1666 2393 1746 2421 Pater
1775 2395 1833 2429 ipse

1040 2440 1212 2468 sanationem
1235 2443 1356 2468 nostram
1375 2440 1475 2467 laboris
1489 2440 1589 2468 Christi
1607 2440 1768 2467 ablutionem
1782 2449 1832 2467 nu-

1043 2487 1143 2518 minat,
1166 2489 1194 2513 et
1213 2485 1297 2513 lucem
1312 2485 1381 2520 ejus,
1395 2486 1605 2513 illustrationem
1622 2490 1755 2516 nostram.
1769 2494 1831 2513 cum

1044 2539 1097 2560 nos
1117 2532 1144 2559 in
1161 2532 1260 2560 melius
1284 2533 1446 2566 transimus,
1463 2533 1576 2567 ipsaque
1596 2532 1645 2559 Dei
1659 2533 1832 2568 intelligentia

1047 2577 1282 2611 transformamur.
1297 2577 1427 2613 Sequitur
1438 2577 1537 2605 deinde
1547 2586 1553 2604 :
1562 2576 1719 2612 Iusti/icore
1729 2577 1832 2612 justum

1047 2622 1110 2650 bene
1121 2625 1274 2651 servientem
1289 2623 1391 2651 multis.
1406 2615 1500 2658 Neque
1514 2624 1587 2651 enim
1601 2625 1676 2651 venit
1690 2624 1830 2658 Christus,

1047 2672 1076 2696 ut
1089 2669 1115 2696 ei
1130 2670 1347 2703 ministraretur,
1363 2670 1435 2697 sicut
1458 2670 1517 2705 ipse
1534 2669 1600 2697 dicit
1614 2670 1647 2704 “,
1664 2670 1711 2698 sed
1729 2671 1832 2705 potius,

1374 2728 1395 2744 ¹⁹
1408 2726 1509 2755 Jercm.
1524 2735 1592 2760 xx",
1613 2727 1655 2754 l7.
1708 2727 1731 2742 '°
1742 2726 1831 2755 Gulat.

847 2806 962 2834 νΑιιιΑε
982 2806 1180 2836 LECTIONES.

230 2856 243 2872 °
262 2861 307 2884 γρ.
323 2852 423 2884 ὁποῖος.
461 2851 475 2872 ἀ
496 2852 537 2880 ίσ.
555 2852 638 2880 λείπ.
659 2852 726 2880 ἐστί.

767 2858 778 2873 ο
795 2862 838 2887 γρ.
860 2854 960 2885 αἰῶνας
979 2853 1074 2889 οὔσης.
1111 2854 1119 2874 ί
1144 2865 1188 2890 γρ.
1210 2854 1356 2882 πιςτεύων.
