1999 3076
158 115 229 148 2531

837 111 1018 143 PROCOPII
1043 113 1162 144 GAZXEI

1725 113 1798 145 2532

160 176 190 198 ιιι
205 168 407 198 incarnationis
425 167 586 196 (economim
607 167 789 196 subserviret.
812 168 882 196 Cum
899 176 948 194 au-

1012 177 1095 201 τοντος
1110 169 1193 196 αὐτοῦ
1208 169 1268 196 καθ’
1293 168 1417 205 ὑπακοὴν
1434 168 1583 205 πατρικὴν,
1604 169 1751 197 ἀκόλουθον
1767 168 1800 204 ἦν

160 221 214 243 tem
236 215 328 243 omnia
347 222 381 242 ex
404 214 495 241 Patris
514 213 643 240 mandato
660 213 782 247 faceret,
801 221 952 249 congruum

160 266 221 288 t't‘al.
236 266 262 288 et
279 261 368 295 ipsum
394 260 479 286 linteo
499 259 672 286 succinctum
697 266 795 293 aquam
815 259 842 285 in
863 259 954 292 pollu-

161 308 241 335 brum
258 306 385 338 fundi-re,
405 305 584 339 omniumque
608 312 638 331 se
663 303 796 332 famulum
819 304 953 340 proﬁteri.

162 354 228 382 inde
242 359 271 381 et
287 354 390 380 Paulus
410 353 563 379 ministram
576 354 657 379 vocat
675 352 870 384 mcnnomiam,
892 359 954 378 cum

163 400 203 427 ait
225 409 232 427 :
260 409 268 425 ι
293 399 322 426 Si
353 399 425 426 enim
453 397 638 424 ministerium
665 397 904 438 condemnatiouis
927 397 954 424 in

163 446 250 482 gloria
265 449 318 478 est,
335 444 422 472 multo
437 443 527 478 magis
550 443 660 470 excellit
679 442 863 470 ministerium
875 442 957 477 justi-

163 493 208 519 tiae
236 491 263 518 in
286 490 372 525 gloria
388 490 422 515 ’³.
443 498 452 514 ι
480 488 656 522 Justiﬁcatur
686 495 809 522 rursum,
826 488 869 515 vel
891 495 954 515 cum

164 544 215 563 nos
229 536 295 570 justi
311 534 454 564 elﬁcimur,
472 533 513 560 vel
534 540 597 559 cum
612 540 626 559 a
644 532 745 567 quibus
762 537 805 560 est
824 533 956 560 interem-

164 586 238 617 ptus,
257 581 353 608 iisdem
376 581 403 607 in
425 581 536 614 ininstze
559 579 620 614 ejus
644 579 885 607 condemuationis
906 579 956 607 de-

166 626 395 653 monstrationem
413 625 539 652 servituti
558 624 762 659 mancipantur.
775 624 890 657 Quinam
905 632 955 651 au-

165 676 220 699 tem
239 672 258 698 ii
278 671 344 703 sint,
361 671 407 705 qui
424 677 472 705 per
491 671 580 704 ipsum
592 669 740 704 justiﬁcati
757 674 829 702 sunt,
846 670 955 701 extulit,

165 726 228 746 cum
243 718 282 744 ait
296 727 302 744 :
323 716 355 743 Et
371 722 479 751 peccata
496 724 588 742 eorum
611 716 667 749 ipse
683 715 801 750 portabit
816 724 826 743 :
848 719 895 742 aut
910 723 955 743 se-

167 765 287 792 cundum
303 762 461 798 Symmachi
476 762 746 796 interpretationem,
761 761 794 788 Et
808 762 956 796 impietate:

166 817 258 837 eorum
284 810 339 844 ipse
366 808 450 843 608
475 807 580 841 su/fert.
607 806 660 834 Eas
683 807 758 834 enim
789 807 816 834 in
841 814 870 834 se
892 815 954 834 eum

167 857 326 890 assumpsit,
340 854 444 889 peccati
468 861 519 881 nos
547 853 640 880 tunica
665 854 750 881 exuit.
773 853 851 881 Unde
872 854 955 881 etiam

168 903 272 933 multis,
298 901 324 928 id
352 906 405 932 est,
430 900 558 935 gentibus
588 900 655 934 ipsis
681 901 818 927 servioisse
846 900 956 928 dicitur.

172 948 230 975 Una
243 947 378 981 siquidem
394 953 461 981 gens
478 950 548 977 erat,
563 945 717 973 israelilica
741 947 848 974 scilicet
865 955 871 972 :
893 947 959 974 reli-

169 1001 230 1028 quie
257 991 421 1026 multiplices
440 995 468 1018 et
488 991 611 1023 inlinitze,
627 999 697 1025 quas
716 991 773 1026 ipse
789 991 817 1018 in
842 992 958 1019 [neredi-

168 1044 252 1066 tatem
277 1038 415 1074 propriam
440 1038 556 1065 sortitus
577 1038 615 1064 ait
631 1047 639 1065 :
658 1047 667 1063 ι
690 1037 763 1065 Dixit
779 1038 910 1065 Dominus
924 1039 958 1066 ad

171 1094 230 1112 me:
243 1084 330 1111 Filius
348 1091 427 1111 meus
444 1091 474 1111 es
487 1087 586 1118 tu,ego
602 1083 683 1111 hodie
698 1084 778 1120 genui
792 1089 831 1117 te;
851 1085 959 1119 postula

169 1138 185 1157 a
202 1138 255 1162 me,
272 1134 299 1157 et
318 1129 388 1156 dabo
412 1129 462 1156 tibi
491 1134 585 1164 gentes
615 1129 802 1157 hzereditatem
829 1134 914 1163 tuam,
932 1134 959 1157 et

170 1176 372 1211 pOSSessionem
388 1179 462 1202 tuam
479 1175 613 1203 tertninos
629 1180 710 1202 terra:
723 1175 757 1202 “.
773 1185 782 1201 ι

206 1253 311 1280 Dicitur
331 1260 398 1280 vero
419 1252 507 1286 spolia
522 1253 644 1288 fortium,
668 1252 695 1280 id
719 1258 771 1284 est,
786 1261 847 1288 qua:
864 1253 898 1280 ab
914 1253 962 1280 ad—

169 1300 302 1327 versariis
334 1300 520 1334 potestatibus
544 1299 663 1334 eripuit,
686 1299 827 1332 divisisse,
854 1299 961 1334 sibique

170 1345 308 1380 proprius,
326 1345 371 1380 qui
398 1344 508 1372 fuerant
535 1344 569 1371 ab
589 1344 642 1371 illis
664 1348 795 1379 tanquam
824 1345 960 1380 mmmipia

171 1389 309 1423 usurpati,
327 1389 483 1416 vindicasse
501 1397 509 1415 :
526 1396 586 1423 qua:
600 1388 710 1423 quidem
729 1389 814 1422 spolia
830 1389 887 1416 suis
904 1389 961 1424 ipse

170 1434 260 1461 divisit
282 1433 441 1468 discipulis;
467 1433 531 1460 dum
561 1433 652 1460 varias
679 1440 711 1460 ex
736 1433 804 1468 ipsis
825 1433 961 1460 Ecclesias

171 1480 325 1507 constituit.
342 1478 412 1506 lline
423 1479 506 1514 igitur
520 1479 565 1505 illa
583 1478 657 1506 fuere
671 1479 797 1514 superius
814 1488 821 1506 :
841 1489 849 1504 ι
865 1479 962 1507 Exsul-

172 1526 242 1553 tabit
258 1526 286 1552 in
306 1529 456 1560 conspectu
475 1529 535 1558 tuo,
556 1529 686 1560 tanquam
711 1525 757 1559 qui
783 1525 910 1552 laetantur
933 1526 959 1553 in

172 1579 272 1604 messe,
288 1576 316 1598 et
333 1575 463 1606 tanquam
481 1570 528 1606 qui
547 1570 673 1598 dividunt
693 1570 779 1606 spolia
794 1571 829 1598 ’⁵.
843 1579 852 1596 ι
871 1570 963 1597 Potest

173 1625 236 1645 vero
247 1617 303 1644 haec
312 1617 371 1652 ipsa
381 1621 519 1652 prastare,
530 1625 578 1651 pro
586 1624 616 1643 eo
627 1616 695 1651 quod
711 1617 738 1643 in
754 1623 863 1643 mortem
877 1617 964 1643 [radio

173 1667 215 1690 tus
231 1667 287 1690 est:
305 1669 367 1689 cum
388 1669 448 1689 eain
463 1662 547 1689 veluti
565 1670 579 1688 τι
592 1661 674 1689 Patre
693 1662 848 1689 mercedem
869 1669 963 1697 peree-

173 1709 255 1744 perit,
273 1713 303 1735 ut
317 1716 366 1735 eos
387 1708 434 1742 qui
470 1707 611 1742 perierant
633 1711 772 1740 servaret,
797 1707 963 1743 heredesque

173 1757 283 1791 faceret.
301 1755 338 1782 Eo
353 1755 425 1783 enim
442 1755 501 1790 ipso
521 1755 594 1790 quod
607 1762 708 1790 passus
724 1759 777 1786 estI
794 1762 887 1782 secum
897 1762 963 1782 suos

172 1803 270 1834 erexit,
283 1806 310 1829 ct
324 1801 429 1829 alienos
445 1800 560 1828 amixit:
578 1801 642 1828 dum
657 1808 716 1833 eos,
732 1801 778 1836 qui
795 1801 874 1828 simul
889 1800 964 1835 passi

174 1853 250 1879 sunt,
266 1847 336 1875 idem
352 1854 446 1875 secum
461 1846 603 1880 excitavit,
620 1848 666 1881 qui
683 1850 775 1873 autem
796 1847 823 1873 in
839 1853 900 1873 eum
920 1846 963 1873 in-

174 1896 368 1925 surrexerunt,
386 1892 532 1927 depressit.
550 1891 606 1919 Nec
625 1899 690 1919 vero
711 1891 819 1924 desunt,
840 1891 886 1926 qui
906 1891 964 1926 [or-

175 1940 241 1966 tium
257 1939 380 1972 nomine,
393 1938 545 1974 apostolos,
564 1942 591 1965 et
605 1942 635 1964 ut
649 1938 733 1965 semel
747 1937 847 1970 dicam,
867 1945 964 1965 omnes

174 1993 233 2018 eos,
246 1985 292 2020 qui
308 1985 336 2012 in
350 1985 462 2012 Christo
476 1987 594 2019 possunt
609 1982 723 2018 aliquid,
739 1983 852 2018 intelligi
867 1983 962 2015 velint,

173 2031 276 2066 quibus
293 2031 363 2065 iam,
382 2034 514 2064 tanquam
532 2029 660 2057 Satanam
685 2029 845 2060 devicerint,
864 2029 963 2061 spolia,

174 2077 202 2105 id
228 2082 270 2105 est
294 2076 481 2112 spiritualium
500 2075 651 2110 gratiarum
674 2075 756 2106 dona,
781 2074 888 2103 dividit.
910 2074 964 2102 Alii

173 2125 246 2153 enim
258 2133 306 2160 per
319 2124 552 2160 Spiritumsermo
565 2123 718 2159 sapientiae,
730 2123 775 2150 alii
787 2123 963 2158 cognitionis,

971 838 993 866 B

973 1506 995 1535 C

1006 215 1096 242 καὶτὸ
1111 215 1208 250 λεντίῳ
1225 215 1395 250 ζωσάμενον,
1407 215 1480 251 ὕδωρ
1498 216 1538 247 είς
1554 216 1599 242 τὸν
1615 215 1736 251 νιπτῆρα
1751 216 1801 251 βα-

1005 261 1073 292 λεῖν,
1088 261 1136 287 καὶ
1152 261 1200 296 τὴν
1228 261 1297 296 πρὸς
1320 260 1445 292 ἅπαντας
1466 260 1590 288 δουλείαν
1607 260 1800 292 ἀναδέξασθαι.

1006 304 1159 340 Τοιγαροῦν
1178 304 1226 332 καὶ
1252 304 1358 336 Παῦλος
1376 304 1499 331 διάκονον
1512 305 1561 340 τὴν
1577 305 1733 340 οἰκονομίαν
1750 313 1801 331 κα-

1005 350 1047 377 λεῖ
1063 351 1150 384 λέγων
1165 359 1172 365 ·
1192 361 1201 377 ι
1217 351 1248 378 Ei
1264 350 1319 386 γὰρ
1341 352 1374 386 τῇ
1402 351 1528 387 διακονίᾳ
1545 352 1558 371 8
1585 351 1634 386 τῆς
1666 351 1801 386 κατακρί-

1007 404 1087 428 σεως,
1100 396 1175 429 δόξα,
1197 396 1288 431 πολλῷ
1311 396 1414 431 μᾶλλον
1442 396 1566 431 διαφέρει
1581 396 1598 432 ἡ
1611 396 1734 423 διακονία
1750 396 1802 431 τῆς

1005 442 1180 478 δικαιοσύνης
1192 443 1221 468 ἐν
1235 442 1308 478 δόξῃ.
1323 452 1333 469 ι
1351 442 1520 469 Διχαιοῦται
1535 443 1564 469 δὲ
1584 443 1677 476 πάλιν,
1695 443 1800 478 ἡμῶνῆ

1006 488 1216 524 δικαιουμένων,
1241 489 1258 523 ἢ
1276 489 1332 515 τῶν
1347 489 1498 516 ἀνελόντων
1530 489 1611 516 αὐτὸν
1638 489 1802 525 ἠνδραποδι-

1007 535 1114 570 σμένων
1129 535 1169 566 εἰς
1186 535 1297 567 ἔνδειξιν
1308 535 1359 570 τῆς
1374 535 1466 562 ἀδίκου
1486 535 1547 562 κατ’
1571 535 1659 562 αὐτοῦ’
1669 535 1801 570 κατακρίε

1008 589 1087 612 σεως.
1101 581 1179 613 Τίνες
1195 581 1223 607 δὲ
1243 583 1270 608 οἱ
1285 581 1488 616 δικαιούμενοι
1498 582 1533 609 δι’
1545 582 1629 608 αὑτοῦ
1646 582 1794 617 ἐπενήνοχε

1006 627 1108 661 λέγων’
1128 628 1182 654 Καί
1196 629 1250 660 τὰς
1273 628 1418 662 ἁμαρτίας
1432 626 1533 654 αὐτῶν
1547 628 1639 660 αὐτὸς
1654 628 1772 654 ἀνοίσει
1792 635 1800 642 ·

1006 673 1023 709 ἢ
1043 674 1115 700 κατὰ
1125 673 1286 709 Σύμμαχον,
1305 673 1358 701 Καὶ
1373 674 1427 707 τὰς
1447 673 1587 707 ἀσεϐείας
1598 673 1698 701 αὐτῶν
1710 674 1802 707 αὐτὸς

1007 719 1177 753 ὐπενέτκει.
1213 720 1261 751 Εἰς
1290 720 1386 746 ἑαυτὸν
1411 721 1467 755 γὰρ
1496 720 1640 747 ἀναλαὸὼν
1667 720 1802 746 ἀπέδυσεν

1007 765 1082 800 ἡμᾶς
1105 765 1152 792 τὸν
1179 766 1230 801 τῆς
1250 766 1395 800 ἁμαρτίας
1415 766 1516 801 χιτῶνα
1528 775 1535 782 ·
1563 766 1603 793 διὸ
1618 767 1676 798 καὶ,
1694 766 1802 793 Δεδού-

1007 812 1101 837 λευκε
1123 810 1261 843 πολλοῖς,
1292 810 1367 837 τοῦτ’
1387 811 1445 837 ἔστι
1471 812 1527 843 τοῖς
1551 811 1666 838 ἔθνεσιν.
1683 811 1731 838 Ἓν
1747 811 1803 845 γὰρ

1008 854 1042 892 ἦν
1069 856 1146 888 ἔθνος
1170 856 1299 892 Ἰσραήλ·
1320 857 1345 882 οί
1375 856 1404 882 δὲ
1431 856 1461 889 ἐξ
1487 855 1572 882 ὲθνῶν
1599 856 1801 891 μυριοπλάσιοι,

1008 902 1056 934 οὒς
1069 902 1116 929 καὶ
1143 902 1309 937 κληρονομεῖ
1329 901 1429 938 κλῆρον
1450 901 1637 937 ποιησάμενος
1654 902 1731 935 ἴδιον,
1750 901 1797 927 καὶ

1009 949 1095 983 λέγων
1110 957 1117 964 ·
1141 957 1150 973 ι
1165 948 1268 983 Κύριος
1295 945 1371 974 εἶπεν
1395 949 1465 985 πρός
1489 956 1537 983 με·
1561 947 1626 979 Υἱός
1651 956 1702 982 μου
1716 945 1740 973 εἷ
1758 947 1802 974 σύ.

1015 995 1086 1029 Ἐγὼ
1099 994 1219 1030 σήμερον
1234 994 1386 1030 γεγέννηκά
1398 1003 1437 1021 σε.
1453 994 1570 1030 Αἴτησαι
1585 994 1650 1029 παρ’
1669 994 1736 1028 ἐμοῦ
1754 993 1804 1020 καὶ

1009 1040 1088 1067 δώσω
1104 1049 1145 1066 σοι
1160 1039 1225 1074 ἔθνη
1241 1039 1291 1075 τὴν
1307 1040 1493 1075 κληρονομίαν
1508 1048 1568 1072 σου,
1585 1041 1634 1067 καὶ
1649 1039 1697 1075 τὴν
1717 1040 1803 1068 κατά-

1012 1085 1104 1122 σχεσίν
1120 1093 1166 1111 σου
1179 1085 1214 1112 τὰ
1226 1085 1333 1121 πέρατα
1347 1086 1396 1121 τῆς
1411 1087 1472 1121 γῆς.
1498 1095 1507 1112 ι

1046 1249 1108 1276 Τῶν
1136 1249 1165 1275 δὲ
1187 1249 1321 1284 ἰσχυρῶν
1344 1249 1463 1284 ἐμέρισε
1478 1249 1595 1276 σκύλα·
1621 1248 1722 1284 δηλαδὴ
1749 1248 1805 1276 τῶν

1010 1297 1210 1331 ἀντικειμένων
1227 1296 1369 1330 δυνάμεων
1389 1295 1558 1331 ἐξαρπάσας,
1578 1294 1625 1322 καὶ
1643 1295 1697 1321 ἴδια
1719 1295 1806 1322 σκύλα

1011 1344 1075 1374 τοὺς
1100 1343 1147 1369 ὑπ’
1175 1342 1287 1369 ἐκείνων
1317 1342 1585 1378 ὴνδραποδισμένους
1618 1341 1779 1376 πεποιηκώς
1797 1349 1803 1355 ·

1012 1390 1084 1424 ἅπερ
1096 1389 1198 1416 σκύλα
1210 1389 1266 1420 τοῖς
1282 1388 1381 1415 ἑαυτοῦ
1399 1388 1528 1423 διένειμε
1551 1387 1688 1423 μαθηταῖς
1710 1387 1806 1422 διαφό-

1014 1443 1076 1469 ρους
1093 1435 1123 1467 ἐξ
1134 1435 1226 1461 αὐτῶν
1241 1429 1449 1470 συστησάμενος
1466 1434 1642 1468 Ἑκκλησίας.
1658 1433 1704 1459 Διὸ
1720 1431 1807 1468 προῦ-

1012 1480 1091 1515 λεγεν
1102 1488 1108 1495 ·
1127 1491 1136 1506 ι
1152 1480 1379 1515 Εὐφρανθήσεται
1389 1479 1506 1506 ἐνώπιόν
1525 1488 1583 1512 σου,
1600 1479 1637 1511 ὡς
1652 1480 1677 1506 oi
1692 1479 1808 1515 εὐφραι-

1013 1526 1122 1561 νόμενοι
1149 1526 1177 1552 ὲν
1196 1525 1304 1561 ἀμητῷ,
1320 1525 1368 1552 καὶ
1391 1525 1421 1551 ὃν
1444 1525 1546 1560 τρόπον
1572 1525 1598 1550 oi.
1623 1524 1808 1560 διαιρούμενοι

1014 1571 1112 1598 σκύλα.
1131 1580 1140 1598 ι
1158 1570 1276 1602 Δυνατὺς
1299 1570 1327 1597 δὲ
1347 1570 1435 1597 ταῦτα
1456 1571 1554 1603 ποιεῖν,
1579 1570 1644 1598 ἀνθ’
1661 1567 1705 1597 ὧν
1731 1577 1807 1604 παρ-

1013 1617 1103 1651 εδόθη
1121 1618 1165 1650 είς
1176 1616 1320 1648 θάνατον,
1340 1615 1435 1650 μισοὺν
1455 1615 1551 1650 ὥσπερ
1565 1615 1656 1642 λαϐὼν
1673 1615 1751 1651 παρὰ
1760 1615 1808 1642 τοῦ

1015 1664 1148 1699 Πατέρος,
1169 1663 1200 1689 τὺ
1218 1661 1317 1694 σώζειν
1331 1663 1382 1689 καί
1399 1661 1601 1696 κληρονομεῖν
1613 1662 1676 1693 τοὺς
1689 1660 1808 1688 ἀπολλυ-

1015 1710 1122 1746 μένους.
1140 1709 1189 1736 Διὰ
1204 1708 1258 1744 γὰρ
1274 1709 1304 1735 τὸ
1319 1708 1428 1742 παθεῖν,
1441 1708 1568 1743 ἀνίστησι
1583 1708 1632 1743 μὲν
1650 1708 1699 1734 σὺν
1718 1706 1809 1742 ἑαυτῷ

1013 1757 1077 1789 τοὺς
1096 1755 1226 1787 οἰκείους,
1247 1756 1417 1791 κατακρατεῖ
1435 1754 1464 1781 δὲ
1487 1754 1543 1781 τῶν
1557 1754 1717 1790 ἀλλοτρίων,
1743 1754 1809 1786 τοὺς

1016 1804 1066 1838 μὲν
1086 1803 1299 1838 συμπάσχοντας
1316 1801 1561 1835 συνανιστὰς,τοὺς
1584 1800 1613 1827 δὲ
1638 1800 1810 1827 ἐπαναστάν-

1013 1858 1064 1881 τας
1075 1849 1223 1876 ταπεινῶν.
1242 1848 1323 1880 Τινὲς
1346 1848 1375 1875 δὲ
1399 1847 1546 1882 ἰσχυροὺς
1561 1847 1625 1878 τοὺς
1643 1846 1809 1878 ἀποστόλους

1015 1897 1154 1931 εἰρήκασι,
1172 1896 1221 1923 καὶ
1245 1895 1310 1927 τοὺς
1331 1894 1461 1927 καθάπαξ
1481 1894 1510 1920 ὲν
1529 1892 1642 1929 Χριστῷ
1666 1892 1808 1925 δυνατοὺς,

1014 1940 1055 1974 οἷς
1069 1942 1118 1969 ἆτε
1134 1941 1292 1976 νενικηκόσι
1318 1940 1365 1967 τδν
1391 1939 1515 1966 Σατανᾶν
1538 1939 1675 1966 διαδίδωσι
1692 1939 1806 1969 (mina,

1013 1987 1068 2014 τῶν
1080 1986 1276 2022 πνευματικῶν
1292 1986 1470 2021 χαρισμάτων
1483 1985 1534 2017 τὰς
1545 1984 1690 2021 χορηγίας.
1704 1981 1740 2020 ᾯ
1756 1984 1806 2019 μὲν

1014 2034 1070 2070 γὰρ
1084 2033 1186 2060 δίδοται
1200 2032 1268 2068 [διὰ]
1280 2032 1327 2058 τοῦ
1340 2030 1501 2066 Πνεύματος
1516 2031 1596 2065 λόγος
1611 2030 1717 2065 σοφίας,
1731 2030 1805 2065 ἄλλῳ

1014 2079 1093 2114 λόγος
1117 2078 1257 2114 γνώσεως,
1282 2078 1329 2105 καὶ
1353 2078 1389 2105 τὰ
1417 2077 1522 2110 τούτοις
1547 2077 1663 2112 ἀδελφά.
1690 2077 1752 2109 Πῶς
1778 2076 1808 2103 δὲ

1012 2126 1089 2161 μετὰ
1112 2126 1232 2160 ἀνόμων
1264 2124 1429 2160 ἐλογίσθη,
1456 2123 1515 2151 ἀλλ’
1546 2124 1564 2159 ἢ
1603 2122 1809 2158 συσταυρουμέ-

173 2176 327 2207 cazteraque
348 2171 410 2198 istis
427 2170 540 2204 similia,
558 2171 622 2197 data
645 2169 754 2198 sunt".
774 2170 826 2202 Qui
846 2169 897 2204 fuit
911 2176 960 2196 au-

1015 2179 1069 2199 νων
1086 2170 1161 2207 αὖτῷ
1178 2170 1234 2198 τῶν
1246 2170 1365 2207 λῃστῶν,
1386 2170 1401 2197 ὂ
1414 2170 1446 2205 δὴ
1463 2170 1511 2197 καὶ
1526 2169 1641 2205 Μάρκος
1659 2167 1808 2203 ἐπισημαί-

173 2221 229 2244 tem
245 2225 305 2244 cum
320 2216 418 2252 iniquis
432 2220 570 2251 reputalus
580 2235 588 2249 ,
605 2216 658 2243 nisi
673 2215 746 2251 quod
762 2215 855 2243 crucis
871 2215 962 2244 socios

174 2263 257 2292 etiam
273 2264 404 2297 latrones,
417 2267 447 2290 ut
462 2262 571 2291 Marcus
585 2262 718 2290 indicavit
729 2262 765 2294 ³⁷.
777 2261 892 2289 habuit?

487 2341 564 2370 CAP.
586 2340 655 2370 LIV.

209 2408 389 2445 609—610
401 2408 485 2437 Vens.
501 2409 578 2436 l-l7.
592 2408 704 2443 Laetare,
715 2408 826 2444 sterilis,
841 2417 899 2445 quia
914 2417 966 2437 non

176 2457 260 2492 paris.
274 2455 388 2491 Erumpe
399 2461 423 2483 et
434 2455 532 2489 clama,
544 2463 603 2490 quae
617 2464 669 2483 non
683 2457 812 2490 parturis,
827 2456 889 2491 quia
904 2456 965 2491 plu-

177 2511 218 2530 res
239 2503 289 2538 [iiii
300 2503 421 2535 desertae,
436 2511 515 2538 quam
529 2502 586 2537 ejus
600 2510 659 2537 qua:
675 2501 752 2530 habet
779 2503 875 2529 virum.
890 2502 967 2530 Dixit

175 2551 247 2577 enim
264 2549 410 2576 Dominus:
422 2549 516 2576 Dilata
531 2549 620 2576 locum
634 2548 797 2576 tabernaculi
809 2550 857 2582 tui,
869 2554 894 2577 et
909 2549 967 2584 pcl-

177 2596 214 2624 les
241 2595 389 2623 aulworum
418 2600 523 2623 tuorum
550 2595 600 2630 ﬁge
615 2615 623 2628 ,
644 2603 675 2622 ne
705 2603 801 2631 parcas
817 2603 826 2622 :
842 2595 967 2630 protende

177 2642 312 2676 funiculo:
329 2647 401 2676 tuos,
414 2647 439 2670 et
450 2642 539 2670 clavos
556 2646 613 2669 tuas
630 2641 768 2669 consolida
780 2642 867 2669 adhuc
878 2650 894 2669 a
903 2642 968 2669 dea:-

165 2728 170 2736 ‘
217 2722 274 2750 “ll
287 2722 351 2751 Cor.
365 2730 407 2756 Ill,
423 2723 450 2750 9.
507 2724 531 2741 ’⁸
545 2723 618 2752 Psal.
632 2731 661 2758 ιι,
682 2723 708 2757 7,
724 2722 750 2751 8.
789 2724 811 2740 ’⁸
825 2722 878 2751 Isa.
898 2731 936 2758 ix,
951 2723 979 2751 3.

1015 2226 1090 2247 νεται
1101 2225 1109 2251 ;

1309 2336 1438 2371 ηιςΕιιιΑΑ.
1452 2337 1515 2365 NA'.

1051 2407 1137 2443 ἀ-ιζ.
1154 2408 1358 2444 Εὐφράνθητι,
1375 2406 1481 2441 στεῖρα
1494 2406 1513 2440 ἡ
1528 2406 1564 2433 οὑ
1581 2403 1808 2439 τίκτουσα.Ῥῆ-

1017 2457 1073 2491 ξον
1091 2456 1141 2484 καί
1151 2456 1282 2490 βόησον,
1296 2455 1315 2489 ἡ
1335 2455 1391 2481 οὐκ
1407 2453 1574 2485 ὠδίνουσα,
1591 2453 1635 2480 ὅτι
1649 2451 1749 2479 πολ.ῖὰ
1771 2451 1808 2478 τὰ

1015 2504 1108 2531 τέκνα
1127 2502 1182 2536 τῆς
1194 2501 1307 2536 ἐρήμου
1331 2500 1460 2536 μᾶλλον,
1486 2500 1506 2534 ἢ
1523 2499 1579 2534 τῆς
1598 2499 1731 2534 ἐχούσης
1753 2498 1808 2525 τὸν

1014 2549 1120 2583 ἄνδρα.
1138 2545 1212 2575 Εἷπε
1236 2546 1292 2581 γὰρ
1310 2546 1418 2581 Κύριος
1431 2554 1438 2561 ο
1460 2545 1620 2572 Πλάτυνον
1643 2544 1697 2571 τὸν
1713 2544 1808 2571 τόπον

1015 2595 1071 2630 τῆς
1084 2593 1208 2629 σκηνῆς
1219 2601 1288 2625 σου,
1298 2592 1413 2625 καὶτὰς
1427 2591 1523 2626 δέρεις
1535 2591 1596 2618 τῶν
1605 2589 1742 2618 αὐλαιῶν
1748 2597 1806 2616 σου

1015 2642 1136 2677 πῆξον,
1151 2639 1194 2675 μὴ
1220 2639 1332 2675 Sasiam
1358 2638 1516 2674 μάκρυνον
1543 2637 1580 2666 τὰ
1605 2635 1807 2674 σχοινίσματιί

1017 2723 1062 2751 ²⁶Ι
1076 2723 1139 2751 Cor.
1154 2730 1204 2757 xu,
1219 2721 1246 2750 8.
1284 2722 1306 2739 ³⁷
1322 2720 1405 2750 Marc.
1421 2728 1466 2753 xv,
1485 2719 1532 2748 27.

822 2779 940 2807 VARM‘B
957 2779 1158 2809 LECTIONES.

214 2828 229 2849 5
245 2833 287 2860 γρ.
309 2825 326 2860 ἡ
340 2825 472 2854 διακονία.
