1999 3076
158 130 231 163 2533

743 125 815 156 COM
821 123 1010 154 MENTARII
1031 123 1071 153 IN
1086 123 1220 153 ISAIAM

1715 123 1789 159 2534

157 194 226 217 σου,
241 184 289 211 καὶ
316 183 387 216 τοὺς
412 182 594 214 πασσάλους
622 189 680 207 σου
705 180 893 214 κατίσχυσωη
908 178 951 205 ἔτι

1004 179 1062 210 tris,
1079 183 1104 205 et
1124 187 1140 205 α
1156 179 1273 206 sinistris
1292 178 1392 210 dilata,
1410 184 1434 206 et
1452 187 1539 207 semet:
1555 184 1628 207 tuum
1645 182 1788 215 possidebit

156 232 199 264 εἷς
210 230 245 258 τὰ
262 229 358 262 δεξιὰ.
373 228 471 256 καὶτὰ
492 227 634 262 ἀριστερὰ
646 227 826 258 ἐκπέτασον,
844 226 893 252 καὶ
914 225 948 252 τὸ

157 270 278 311 σπέρμά
289 283 349 303 σου
360 276 433 309 ἔθνη
448 273 683 309 κληρονομήσει,
700 273 748 300 καὶ
762 274 867 306 πόλεις
877 273 946 307 ἠρη.

153 323 295 358 μωμένας
306 320 476 354 κατοικιεῖς,
492 329 519 347 κ.
537 329 562 348 τ.
579 319 604 347 λ.

192 367 284 395 Εἰπὼν
312 367 360 394 τοῦ
380 367 508 403 Σωτῆρος
534 367 584 400 τὴν
612 365 730 400 γένεσιν,
759 366 806 392 καὶ
821 365 867 391 τὸν
881 364 950 400 βίον,

157 412 268 440 καὶτοῦ
291 412 407 440 Θανάτου
429 411 478 447 τὴν
504 410 605 444 αἰτίαν,
630 412 671 438 ὅτι
696 419 726 437 τε
750 410 951 445 κληρονομήσει

156 458 285 490 πολλοὺς,
299 458 368 493 πρὸς
386 457 488 489 αὐτοὺς
508 456 622 488 τούτους
638 456 793 488 ἀκολούθως
812 456 857 482 τὸν
871 456 951 490 λόγον

159 506 322 540 μετήνεγκε,
345 504 393 531 καὶ
407 503 457 539 τὴν
470 503 500 535 ἐξ
514 503 605 530 αὐτῶν
625 503 791 538 Ἐκκλησίαν
808 502 893 529 πάλαι
907 500 951 529 οὗ-

157 559 207 577 σαν
222 549 333 585 ἅγονόν
348 558 379 576 τε
395 549 443 576 καὶ
469 548 591 583 ἔρημον,
605 549 697 575 ὁποῖαι
726 546 796 583 ἦσαν
810 548 865 575 τῶν
881 549 952 575 ἐθνι-

157 595 214 621 κῶν
232 596 259 621 αι
277 594 374 630 ψυχαί,
391 594 429 620 Οὐ
444 593 499 629 γὰρ
519 591 593 628 εἶχεν
608 593 697 620 αὐτῶν
713 602 776 620 τινα
802 593 835 619 δι’
851 593 952 628 ἀρετῆς

157 641 203 667 καὶ
230 640 386 671 θεοσεϐείας
413 639 651 674 καταταττόμενον
680 640 724 671 εἰς
745 638 837 666 τέκνα
865 639 950 666 Θεοῦ.

155 684 247 712 Ἶίσαν
269 687 324 721 γὰρ
336 686 423 718 ἄθεοι,
443 686 491 712 καὶ
505 686 601 713 ἐλπίδα
618 686 656 721 μὴ
671 686 789 721 ἔχοντες,
805 685 876 713 κατὰ
903 686 952 722 τὴν

156 732 266 758 Παύλου
297 732 399 767 φωνήν.
424 731 481 758 Νῦν
498 732 526 758 δὲ
549 732 587 764 ὡς
600 732 735 767 δεξαμένη
763 732 890 766 σπόρον,
905 733 953 759 καὶ

157 777 293 813 μελλούσῃ
323 777 439 811 τεκεῖν,
467 777 548 812 ,βοᾷν
577 776 771 812 ὲγκελεύεται,
797 777 871 805 καθὰ
892 779 952 810 ταῖς

156 823 288 856 κυούσαις
302 824 330 851 αἱ
346 825 425 859 μαῖαι
438 824 508 860 πρὸς
527 824 556 851 τὸ
578 825 678 861 ῥᾳδίως
697 825 788 852 τεκεῖν
801 825 952 860 εὐρυνομέ-

1000 229 1099 259 gentes,
1122 229 1147 252 et
1162 225 1280 252 civitates
1297 225 1416 253 desertas
1433 227 1557 254 habitare
1575 227 1669 261 facies,
1684 232 1738 256 etc.

1038 356 1185 392 Postquam
1201 358 1233 386 de
1249 358 1400 387 Salvatoris
1413 364 1485 393 ortu,
1510 361 1543 388 de
1564 362 1630 394 vita,
1646 361 1680 389 de
1694 363 1790 390 mortis

1001 413 1098 438 causa,
1114 407 1202 441 deque
1213 414 1256 439 eo,
1280 408 1353 442 quod
1371 409 1473 436 multos
1493 414 1566 436 esset
1594 417 1788 444 posscssurus,

1001 453 1170 487 disputavit;
1189 453 1222 479 ad
1238 454 1348 481 eosdem
1363 454 1491 489 deinceps
1505 463 1660 483 sermonem
1676 463 1790 482 convcr-

1001 497 1046 527 tit.
1063 502 1090 525 et
1106 498 1138 524 ad
1153 498 1296 525 conﬂatam
1309 506 1341 526 ex
1356 499 1410 526 illis
1432 498 1594 534 Ecclesium,
1616 508 1676 534 qua:
1693 502 1790 528 sterilis

1002 544 1068 570 olim
1092 548 1119 571 et
1132 544 1235 571 deserta
1251 545 1357 580 (quales
1374 545 1440 579 ipsa:
1465 546 1573 572 fuerant
1590 547 1712 580 gentium
1729 548 1789 574 ani-

1002 592 1064 625 tnaz)
1076 591 1181 617 nullum
1197 591 1296 617 virtute
1310 595 1337 618 et
1352 591 1452 626 pietate
1464 592 1491 618 in
1502 591 1617 626 ﬁliorum
1634 592 1682 619 Dei
1695 601 1791 621 nume-

1002 643 1063 662 rum
1098 636 1196 663 rel‘erri
1225 636 1337 671 dignum
1365 637 1490 664 habebat.
1521 637 1606 664 Erant
1636 638 1707 665 enim
1732 639 1791 667 sine

1003 679 1069 713 Deo,
1083 687 1109 708 et
1122 689 1169 716 spe
1181 686 1317 715 carentes,
1332 686 1362 709 ut
1376 690 1437 709 eum
1452 682 1538 710 Paulo
1556 683 1654 718 loquar
1669 684 1703 710 ’⁸.
1721 684 1791 711 lluic

1003 727 1086 762 igitur
1099 727 1174 762 jam,
1200 732 1330 762 tanquam
1351 730 1449 755 semine
1464 734 1577 764 excepto
1596 730 1717 763 paritura
1743 731 1789 762 sit,

1003 773 1120 800 clamare
1136 774 1279 809 prrccipit;
1294 775 1367 810 quod
1391 776 1481 803 solent
1504 777 1720 811 parturientibus
1741 777 1791 804 nh—

1004 821 1140 853 stetrices,
1156 825 1185 847 ut
1211 827 1307 855 partus
1334 822 1402 856 ipse,
1421 822 1544 849 dilatatis
1561 823 1706 855 meatibus,
1723 822 1791 850 faci-

157 878 210 896 νων
220 870 276 896 τῶν
291 857 394 906 πόρων,
422 857 497 897 Ἀντὶ
517 870 546 897 δὲ
561 857 608 897 τού
630 870 730 905 ῥῆξον
748 871 798 898 καὶ
819 857 950 905 βόησον,

1004 865 1054 893 lius
1063 871 1199 901 erumpat.
1214 866 1266 894 Sed
1284 874 1332 902 pro
1344 875 1408 901 quo,
1423 867 1536 902 Erumpo
1550 874 1574 895 et
1589 868 1687 902 clama,
1706 869 1790 896 habe-

156 917 306 952 Σύμμαχος
340 917 391 952 μὲν
426 917 549 945 κελάδει
574 918 695 945 αἴγεσιν
718 919 840 954 εἴρηκεν.
869 919 900 945 'O
923 919 952 946 δὲ

162 963 289 995 Ἀκύλας,
315 964 461 998 [λάρυνον
489 963 525 991 ἐν
546 963 726 999 ἀγαλλιάσει
752 964 802 991 καί
817 965 950 999 χρεμέτι-

155 1017 224 1036 cor.
254 1010 284 1037 Ὁ
307 1010 336 1037 δὲ
363 1009 529 1043 Θεοδοτίων,
551 1009 661 1044 Ῥῆξον
683 1011 879 1045 εὐφροσύνην
901 1011 952 1037 καὶ

155 1055 277 1090 τέρπου.
296 1055 370 1082 Ἀντὶ
383 1055 412 1082 δὲ
424 1055 477 1082 τοῦ
496 1055 611 1090 ἐρήμου
634 1055 845 1090 ἠφανισμένης
865 1055 951 1091 ἔφησε

155 1100 376 1137 ΣύμμαχοςθἮν
389 1102 444 1138 γὰρ
457 1102 649 1137 ὴφανισμένη
667 1102 717 1130 καὶ
729 1102 851 1137 ἕρημος,
866 1102 952 1138 μήπω

155 1148 201 1174 τὴν
228 1148 391 1184 ἐπουράνιον
407 1148 565 1184 κεκτημένη
582 1148 717 1184 Νυμφίον.

192 1194 248 1229 Τὴν
269 1194 298 1221 δὲ
321 1195 371 1229 τῆς
392 1194 587 1230 εὐφροσύνης
603 1195 705 1228 αἰτίαν,
726 1195 775 1231 τὴν
788 1195 950 1230 πολυγονίαν

155 1240 230 1274 λέγει
244 1240 295 1275 τὴν
311 1240 474 1275 μέλλουσαν,
492 1240 526 1267 δι’
537 1237 570 1276 ἦς
588 1240 690 1275 ἤμελλε
716 1241 795 1276 νικᾷν
811 1241 862 1275 τὴν
882 1242 951 1268 Ἰου-

155 1286 237 1313 δαίων
250 1287 428 1322 Συναγωγὴν,
443 1287 476 1313 ὲκ
491 1286 602 1313 πάντων
623 1285 690 1314 οὖσα
713 1287 768 1313 τῶν
791 1287 886 1320 ἐθνῶν,
900 1287 950 1323 τὴν

156 1333 187 1365 ἐξ
203 1333 262 1364 ἑνὸς
274 1333 369 1364 ἔθνους
385 1332 599 1368 συνισταμένην.
621 1333 673 1359 Ἦν
687 1333 731 1360 διὰ
744 1333 867 1365 Μωσέως
882 1334 950 1369 πρὸς

156 1379 317 1415 οἰκειότητα,
331 1379 520 1414 πνευματικὴν
545 1380 560 1406 ὁ
583 1378 652 1411 Θεὸς
675 1379 878 1414 προσηγάγετο,
902 1380 950 1406 καὶ

156 1425 262 1452 πολλῶν
275 1425 400 1460 ἀπέφηνε
415 1424 529 1452 τέκνων
543 1425 661 1460 μητέρα.
670 1425 893 1461 Ἀλλ’ὴτεκνώθη
906 1425 950 1453 διὰ

156 1471 286 1507 Χριστὸν,
302 1471 480 1504 καίτοι,κατὰ
494 1471 541 1498 τὸν
560 1471 743 1507 ’1ερεμίὰν,ὲν
759 1471 867 1503 τέκνοις
881 1469 950 1498 οὖσα

156 1517 254 1552 πολλή.
271 1517 326 1543 Καὶ
340 1516 442 1551 βιϐλίον
459 1517 627 1544 ἀποστασίου
637 1517 738 1543 δέδωκε
755 1517 793 1552 τῷ
808 1518 867 1552 Θεῷ
884 1517 950 1544 θαυ-
963 1525 986 1556 C

159 1563 291 1597 μάςοντιο
310 1570 319 1587 ι
335 1561 398 1593 Πῶς
417 1561 525 1596 ἐγένετο
543 1561 629 1596 πόρνη
646 1560 723 1592 πόλις
740 1562 824 1596 πιστὴ
838 1561 923 1595 Σιὼν;
941 1572 950 1587 ι

156 1609 243 1640 Αὐτὸς
258 1607 314 1643 γὰρ
326 1607 357 1634 οὐ
371 1607 486 1634 δέδωκεν
502 1606 587 1634 είπὼν
598 1615 606 1623 ο
634 1616 643 1632 ι
662 1608 739 1634 Ποῖον
756 1608 835 1634 τοῦτο
852 1607 955 1642 βιὸλίον

156 1654 324 1681 ἀποστασίου
339 1654 388 1689 τῆς
405 1653 525 1688 μητέρος
537 1652 635 1689 ὴμῶν;
652 1650 687 1687 ᾪ
701 1652 881 1686 ἐξαπέστειλα
903 1654 954 1680 αὖε

157 1701 224 1735 τήν;
246 1699 316 1726 Ἀλλ’
332 1699 429 1734 ἑαυτῇ,
446 1700 525 1735 φησὶ,
540 1699 653 1733 γέγονεν
668 1699 760 1726 αἰτίον
772 1699 846 1726 Διότι
860 1697 953 1735 ἦλθον,

158 1746 206 1772 καὶ
229 1746 278 1772 οὐκ
301 1743 336 1780 ἦν
357 1744 517 1780 ἄνθρωπος·
542 1745 661 1771 ἐκάλεσα
680 1746 728 1772 καὶ
751 1746 802 1772 οὐκ
826 1744 859 1781 ἦν
875 1748 889 1773 ὁ
904 1747 955 1773 ὑπ-

158 1791 276 1818 ακούων.
292 1800 302 1817 ι
327 1791 382 1817 Καὶ
395 1790 512 1826 ἀλλαχοῦ
529 1790 558 1816 δέ
578 1799 661 1826 φησιν
672 1798 678 1805 ·
705 1800 714 1817 ‹
730 1792 786 1826 Οὐχ
801 1792 839 1823 ὡς
854 1793 955 1820 οἰκεῖόν

160 1846 195 1872 με
209 1836 355 1869 ἐκάλεσας,
371 1836 426 1862 οὐδ’
440 1835 478 1868 ὡς
496 1836 608 1872 Πατέρα
619 1836 666 1863 καὶ
681 1837 804 1872 ἀρχηγὸν
818 1836 868 1871 τῆς
884 1846 956 1873 παρ-

159 1882 250 1914 θενίας
269 1890 327 1909 σου,
347 1891 356 1907 ι
380 1882 436 1908 Καὶ
461 1881 561 1908 πάλιν
580 1891 589 1908 ι
606 1881 737 1918 Θυγάτηρ
760 1882 809 1917 τῆς
836 1883 955 1918 μητέρος

160 1937 207 1955 σου
224 1925 249 1955 εἷ
266 1927 509 1962 συγκαταλιποῦσα
524 1929 570 1954 τὸν
583 1927 669 1964 ἄνδρα
684 1928 780 1962 αὐτῆς.
797 1920 810 1954 ι’
823 1929 955 1964 Ἔρημον

159 1975 188 2001 δὲ
206 1974 264 2009 τὴν
281 1974 380 2009 χήραν
404 1975 466 2001 κατ’
482 1973 541 2006 ἔθος
564 1973 644 2001 καλεῖ
660 1973 807 2010 Γραφικόν.
823 1974 876 2001 Τὸν
899 1974 953 2009 γὰρ

159 2021 214 2048 τῶν
228 2020 341 2054 ἀγαθῶν
356 2020 462 2056 σπορέα
481 2019 567 2054 Λόγον
586 2019 637 2046 οὐκ
662 2016 746 2054 εἶχεν·
770 2018 800 2046 ὃν
820 2018 955 2054 δεξαμένη

159 2066 287 2101 Νυμφίον
298 2064 347 2100 τὴν
358 2065 457 2099 ἑτέραν
468 2064 507 2099 τῷ
514 2063 618 2090 τίκτειν
632 2063 819 2099 παρέδραμεν,
831 2063 869 2095 ὡς
879 2062 955 2089 πλεί-

161 2121 225 2139 στου
237 2111 341 2139 δεῖσθαι
349 2111 469 2142 πλάτους
479 2110 548 2146 πρὸς
561 2110 610 2146 τὴν
620 2110 675 2137 τῶν
690 2110 794 2137 τέκνων
807 2109 952 2145 ὑποδοχὴν,

160 2159 202 2190 εἰς
226 2158 318 2185 εἰκόνα
342 2157 439 2184 τούτου
455 2156 683 2192 παρειλημμένης
697 2157 747 2191 τῆς
764 2156 841 2192 παρὰ
859 2156 955 2182 Μωσεῖ

162 2206 267 2240 σκηνῆς
284 2205 350 2236 Ταῖς
364 2204 419 2240 γὰρ
432 2204 528 2236 αὐταῖς
542 2204 677 2239 ἐχρήσατο
690 2202 808 2236 λέξεσιν,
822 2201 891 2236 ὁμοῦ
905 2201 951 2228 καὶ
963 2195 989 2222 ’θ

161 2252 193 2279 τὺ
215 2252 265 2287 τῆς
288 2251 453 2286 Ἐκκλησίας
481 2251 629 2278 ἀσάλευτον
646 2250 690 2276 διὰ
712 2248 767 2276 τῶν
781 2248 951 2275 πασσάλων

161 2299 260 2334 δηλῶν.
268 2298 359 2324 Τύπον
372 2299 428 2333 γὰρ
441 2298 546 2333 ταύτης
560 2297 653 2332 ἐκείνη
669 2296 854 2332 κατέγραφεν,
864 2296 888 2322 εί
904 2295 952 2322 καὶ

164 2346 274 2382 μέτροις
290 2345 361 2380 ἄγαν
382 2346 518 2373 ἐλάττοσι.
533 2344 579 2371 Διὸ
594 2344 643 2371 καὶ
657 2343 717 2370 καθ’
729 2343 844 2370 ἕκαστον
867 2342 953 2377 κλίμα

162 2393 360 2428 περικειμένας
385 2389 459 2427 εῖχεν
482 2391 567 2423 αὐλὰς
593 2391 702 2426 μακρὰς
726 2389 796 2425 ὁμοῦ
821 2389 869 2415 καὶ
883 2388 953 2414 πλα-

162 2437 248 2469 τείας.
257 2437 340 2464 Ἀλλὰ
353 2437 380 2463 τί
390 2436 487 2469 ταῦτα,
502 2436 550 2463 καὶ
564 2435 611 2462 τοῦ
625 2434 678 2462 νεὼ
692 2434 727 2461 τὰ
741 2434 829 2469 μέτρα
842 2433 910 2467 πρὸς
920 2431 954 2458 τὰ

163 2484 255 2519 πλήθη
280 2484 327 2511 καὶ
352 2482 469 2518 μεγέθη,
483 2482 530 2509 καὶ
548 2481 635 2517 κάλλη
652 2480 706 2508 τῶν
723 2478 860 2514 πανταχοῦ
885 2477 954 2504 καθ-

165 2530 315 2565 ιδρυμένων
336 2528 507 2564 Ἐκκλησιῶν
524 2529 588 2563 μιᾶς
598 2527 648 2563 τῆς
661 2528 694 2554 ὲκ
706 2525 801 2553 πασῶν
818 2523 954 2559 ὑπαρχού-

164 2585 214 2611 σης
229 2576 396 2611 καθολικῆς;
411 2575 484 2611 Πρὸς
502 2576 536 2610 ἢν
557 2574 700 2610 ἐπιφέρει,
713 2573 767 2600 Καὶ
784 2572 817 2599 τὸ
834 2570 952 2605 σπέρμα

163 2630 222 2648 σου
239 2620 461 2655 κληρονομήσει
473 2620 557 2654 ἔθνη.
571 2619 656 2646 Τοῦτο
672 2618 701 2645 δὲ
713 2618 759 2644 τὸν
773 2615 951 2650 εὐαγγελικὴν

163 2670 242 2704 λόγον
255 2669 340 2705 δηλοῖ,
354 2669 421 2704 περὶ
428 2666 459 2696 οὗ
467 2677 549 2704 φησιν
561 2677 568 2684 ο
581 2678 590 2695 ι
606 2667 733 2702 Ἐξῆλθεν
747 2667 762 2693 ὁ
775 2666 895 2701 σπείρων
908 2664 955 2691 τοῦ

164 2717 287 2751 σπεῖραι.
299 2725 308 2742 ι
320 2715 375 2742 Καὶ
390 2715 450 2750 οὐχὶ
457 2716 538 2743 καλὸν
550 2713 667 2749 σπέρμα
682 2714 811 2748 ἔσπειρας
820 2713 849 2739 ὲν
859 2711 897 2746 τῷ
913 2711 952 2746 σῷ

163 2763 251 2799 ἀγρῷ,
267 2762 298 2795 ἐξ
316 2756 347 2790 οὗ
361 2762 496 2790 πλείστων
511 2762 597 2796 ἁγίων
611 2761 706 2797 γέγονε
725 2761 833 2796 μήτηρ;
856 2758 900 2790 Ἐξ
915 2755 952 2785 ὧν

1002 919 1064 946 mus
1079 931 1087 944 .
1110 911 1211 939 Resona
1236 912 1353 946 laudent,
1374 914 1444 940 dixit
1460 915 1658 948 Symmachus;
1677 915 1790 949 Aquilae

1001 964 1102 991 autem,
1117 958 1211 985 Ililare
1227 959 1372 990 exsultalo,
1389 959 1515 991 elltinni;
1531 959 1682 987 'l'hcodotio
1698 968 1764 987 vero
1782 969 1790 988 :

1002 1002 1117 1038 Erumpe
1149 1004 1176 1030 in
1205 1004 1347 1037 lwlitiam,
1375 1010 1400 1032 et
1435 1006 1578 1033 oblectare.
1605 1005 1658 1033 Pro
1685 1007 1790 1034 deserta

1000 1050 1080 1085 611
1108 1049 1244 1085 denique,
1269 1051 1381 1079 deletam
1412 1051 1606 1088 Symmachus.
1623 1053 1688 1080 Erat
1716 1054 1789 1081 enim

1000 1096 1087 1122 deleta
1113 1100 1139 1122 et
1151 1096 1274 1130 deserta;
1292 1105 1353 1133 quae
1364 1098 1503 1126 caelestem
1516 1097 1652 1133 Sponsum
1669 1100 1790 1127 nondum

1000 1142 1167 1176 possideret.

1036 1187 1150 1214 Lwtitiaz
1164 1195 1276 1215 causam
1287 1188 1386 1216 deinde
1402 1189 1429 1216 in
1445 1188 1536 1217 futura
1549 1190 1719 1220 fecunditate
1731 1193 1791 1220 col-

1001 1233 1082 1267 locat,
1100 1242 1149 1269 per
1164 1242 1247 1269 quam
1263 1234 1419 1262 Judatorum
1436 1235 1608 1272 Synagogam
1626 1243 1790 1273 superatura

1000 1284 1042 1308 est
1059 1289 1066 1307 :
1089 1287 1151 1307 cum
1170 1281 1216 1307 illa
1235 1281 1345 1315 quidem
1371 1282 1404 1309 de
1426 1281 1555 1316 gentibus
1568 1283 1715 1317 omnibus,
1734 1284 1792 1313 hinc

1001 1330 1092 1352 autem
1107 1326 1142 1353 ab
1160 1334 1213 1354 una
1229 1330 1335 1353 tantum
1351 1327 1515 1363 colligatur;
1533 1336 1613 1364 quam
1629 1337 1678 1365 per
1689 1329 1791 1358 Mosen)

1001 1371 1028 1398 in
1062 1372 1206 1407 spirituale
1234 1366 1404 1400 consortium
1440 1375 1613 1410 compulerat
1642 1375 1791 1410 Dominus,

1000 1417 1169 1453 ﬁliorumque
1180 1419 1330 1446 multorum
1345 1423 1486 1454 parentem
1502 1420 1649 1455 effecerat;
1667 1423 1713 1449 sed
1724 1424 1792 1451 orba

999 1464 1094 1491 liberis
1121 1471 1169 1498 per
1186 1464 1326 1492 Christum
1351 1465 1447 1493 ellecta
1474 1472 1527 1499 est,
1549 1468 1728 1502 quantumvis
1742 1477 1792 1496 au-

1001 1509 1199 1537 ctocheremia
1210 1510 1358 1537 liberorum
1373 1511 1549 1540 multitudine
1560 1513 1722 1541 abundaret.
1737 1514 1793 1542 lmo

1005 1555 1061 1583 Deo
1075 1555 1127 1590 ipsi
1146 1556 1227 1583 etiam
1251 1557 1373 1584 libellum
1397 1558 1505 1593 repudii
1536 1559 1638 1593 dedit,
1665 1565 1696 1588 ut
1721 1561 1792 1589 idem

1005 1602 1123 1628 miratur
1138 1602 1181 1630 his
1197 1603 1290 1631 verbis
1305 1613 1311 1630 :
1331 1613 1341 1629 ι
1359 1604 1504 1637 Quomodo
1519 1606 1642 1634 adultera
1658 1606 1730 1634 facta
1751 1612 1794 1635 est

1006 1649 1073 1676 urbs
1097 1649 1186 1677 ﬁdelis
1213 1649 1279 1677 Sion
1297 1649 1338 1676 ‘9?
1357 1659 1366 1675 ι
1393 1649 1487 1685 Neque
1510 1651 1583 1678 enim
1611 1651 1668 1686 ipse
1685 1653 1794 1681 dedisse

1005 1695 1155 1730 putandus,
1171 1697 1217 1731 qui
1230 1696 1287 1723 ait:
1307 1706 1316 1722 ι
1340 1695 1439 1729 Qualis
1461 1698 1513 1725 istc
1528 1699 1635 1733 repudii
1652 1699 1720 1727 liber
1736 1708 1794 1727 ma-

1005 1742 1056 1769 tris
1072 1742 1186 1769 vestrae?
1199 1743 1249 1770 (lui
1270 1742 1362 1770 dimisi
1381 1743 1463 1770 eam?
1481 1743 1535 1770 imo
1547 1744 1599 1772 sibi
1616 1745 1672 1777 illa,
1692 1746 1792 1781 inquit,

1005 1795 1089 1815 causa
1111 1787 1163 1815 fuit
1180 1793 1209 1815 ut
1238 1789 1371 1822 venirem,
1385 1793 1413 1825 et
1438 1797 1492 1816 non
1510 1793 1568 1817 erat
1587 1790 1681 1824 homo,
1699 1793 1793 1821 vocavi

1004 1840 1030 1862 et
1044 1843 1098 1862 non
1116 1839 1174 1862 erat
1189 1835 1236 1870 qui
1257 1835 1366 1862 audiret
1381 1835 1415 1863 ³ο.
1435 1845 1445 1862 ι
1465 1835 1499 1863 Et
1520 1837 1583 1864 alibi
1610 1838 1662 1865 hoc
1686 1840 1767 1867 modo
1784 1849 1791 1868 :

1008 1890 1017 1907 ι
1034 1881 1094 1908 Non
1110 1889 1153 1908 me
1168 1885 1198 1908 ut
1217 1881 1335 1909 amicum
1355 1882 1471 1916 vocasti,
1489 1890 1579 1918 neque
1595 1889 1624 1911 ut
1639 1890 1753 1919 patrem,
1765 1890 1793 1914 et

1004 1927 1102 1955 ducem
1117 1927 1284 1962 virginitatis
1308 1930 1362 1954 tua:
1384 1928 1418 1956 ³³,
1447 1937 1456 1953 ι
1484 1927 1517 1955 Et
1533 1937 1642 1957 rursum
1660 1938 1668 1956 :
1687 1940 1696 1956 ι
1724 1930 1793 1959 Filia

1005 1974 1102 2002 matris
1114 1979 1165 2001 tua:
1179 1982 1220 2007 es,
1239 1981 1299 2009 qua;
1315 1974 1403 2001 virum
1421 1973 1483 2009 ejus
1500 1974 1647 2003 deseruiin
1663 1976 1697 2004 ⁸².
1719 1986 1729 2003 ι
1749 1977 1794 2005 Si-

1004 2021 1151 2054 gnificatur
1164 2024 1255 2047 autem
1272 2019 1387 2047 ἄρδει-ιω
1400 2021 1510 2048 nomine
1521 2022 1614 2049 eadem
1629 2022 1719 2057 plane,
1732 2031 1792 2058 qua:

1003 2072 1031 2095 et
1042 2067 1123 2094 uidua
1138 2066 1250 2098 dicitur,
1263 2067 1364 2093 usitata
1376 2067 1527 2102 Scriptum
1539 2068 1645 2096 scilicet
1663 2069 1792 2104 loquendi

1004 2114 1212 2142 consuetudine.
1229 2113 1324 2140 Caruit
1339 2113 1410 2141 enim
1425 2114 1557 2142 bonorum
1572 2117 1694 2144 omnium
1709 2119 1794 2145 semi-

1005 2164 1102 2188 natore
1112 2159 1195 2186 verbo
1213 2168 1219 2186 :
1235 2159 1308 2193 quod
1325 2166 1385 2194 qua:
1397 2159 1423 2186 in
1443 2160 1579 2194 Sponsum
1594 2162 1708 2197 accepit.
1721 2163 1792 2191 alte-

1005 2214 1064 2234 ram
1080 2207 1116 2233 ita
1133 2205 1304 2234 fecunditate
1325 2206 1467 2241 prolisque
1493 2215 1608 2235 numero
1624 2213 1745 2244 superat,
1762 2214 1792 2237 ut

1005 2250 1131 2284 ampliori
1159 2248 1192 2277 ad
1208 2250 1359 2277 liberorum
1376 2251 1593 2285 acceptationem
1609 2253 1709 2288 spatio,
1729 2261 1792 2288 pro-

1005 2297 1060 2324 lata
1079 2297 1106 2324 in
1133 2297 1160 2323 id
1178 2304 1193 2323 e
1207 2295 1292 2324 Mosis
1309 2295 1489 2324 tabernaculo
1514 2297 1706 2331 similitudine,
1721 2307 1792 2335 opus

1006 2342 1114 2370 habeat.
1131 2342 1230 2370 iisdem
1243 2341 1391 2377 siquidem.
1406 2342 1506 2376 quibus
1522 2343 1577 2376 ille,
1596 2344 1686 2372 verbis
1699 2350 1726 2372 et
1747 2346 1792 2373 hic

1005 2389 1102 2419 utitur,
1119 2387 1276 2422 pariterque
1301 2386 1497 2414 inconcussam
1526 2387 1655 2416 Ecclesia:
1675 2390 1790 2418 ﬁrmita-

1004 2438 1058 2461 tem
1082 2433 1218 2460 clai-orum
1234 2432 1345 2459 nomine
1368 2432 1513 2467 significat.
1529 2433 1617 2468 Hujus
1632 2435 1705 2462 enim
1723 2435 1792 2470 εἰει.-

1003 2488 1074 2511 ram,
1089 2487 1217 2507 mensura
1235 2483 1325 2506 tamen
1352 2479 1432 2514 longe
1455 2479 1585 2513 breviori,
1601 2480 1666 2507 illud
1680 2489 1792 2516 expres-

1004 2527 1051 2559 sit,
1083 2526 1201 2560 indeque
1216 2526 1250 2553 ad
1278 2525 1401 2560 singulas
1418 2527 1512 2561 plagas
1527 2526 1597 2553 atria
1613 2527 1692 2562 longa
1707 2529 1789 2556 simul

1004 2577 1031 2600 et
1047 2572 1101 2599 lata
1117 2572 1248 2599 habuisse
1277 2571 1410 2606 reperias.
1435 2570 1535 2599 Verum
1556 2572 1622 2607 quid
1644 2573 1706 2606 ista,
1723 2578 1792 2602 tem-

1006 2618 1098 2652 plique
1112 2617 1193 2644 etiam
1218 2616 1308 2644 futura
1337 2620 1379 2643 est
1408 2616 1580 2651 magnitudo,
1593 2618 1616 2646 si
1626 2626 1686 2646 cum
1702 2620 1791 2647 eccle-

1008 2665 1110 2692 siarum
1126 2663 1306 2698 amplitudine
1317 2668 1344 2691 et
1361 2663 1499 2695 vastitate,
1518 2663 1540 2690 si
1557 2671 1620 2691 cum
1639 2665 1791 2699 pulchritu-

1005 2709 1069 2737 dine
1087 2709 1204 2744 denique
1230 2707 1425 2742 conferantur,
1446 2716 1506 2742 quze
1521 2709 1622 2744 ubique
1632 2715 1790 2744 exstructze,

1006 2757 1080 2785 illam
1110 2764 1191 2784 unam
1215 2764 1248 2784 ex
1275 2756 1404 2784 omnibus
1428 2755 1559 2791 alliciunt,
1574 2765 1636 2792 qua:
1655 2758 1790 2786 catholica

200 2854 224 2870 πθ
245 2853 341 2890 Ephcs.
357 2861 396 2888 ιι,
413 2853 456 2881 12.
496 2854 518 2870 ”
537 2853 637 2881 Jercm.
652 2860 680 2879 ιιι
693 2873 698 2886 ,
711 2853 738 2880 6.
754 2887 757 2889 _
774 2851 796 2868 ³⁰
814 2850 866 2879 lsa.
880 2851 952 2884 ι,1,⁴

1016 2848 1036 2865 ³¹
1058 2848 1161 2877 Jcrcnl.
1179 2857 1219 2881 ιιι,
1235 2848 1261 2876 Il.
1301 2848 1322 2865 ³¹
1340 2847 1439 2876 Ezech.
1453 2853 1509 2878 xvi,
1524 2846 1568 2874 45.
