1999 3076
193 138 266 169 2535
866 132 994 161 l’llOCU]

1057 131 1179 162 GAZ:EI
1767 131 1840 164 2536

193 193 315 222 dicitur?
328 192 366 219 Ad
381 191 452 218 hanc
469 190 515 217 illa
538 188 706 220 referuntur,
730 187 841 222 quibus,
858 186 889 213 Et
905 195 993 213 semen

1047 187 1129 214 ὲθνῶν
1161 187 1296 222 ἄρχοντας
1321 187 1501 223 καθηγεῖσθαι
1529 188 1687 216 συνέϐαινεν
1711 189 1757 216 τὸν
1784 190 1839 216 τῶν

194 244 270 266 tuum
286 236 429 272 passidebit
446 240 550 270 gentes,
571 233 714 268 adjicitur.
736 232 917 266 Evangelirus
928 238 994 258 vero

1047 233 1210 267 προσιόντων
1227 233 1478 267 μυσταγωγοῦντας
1493 234 1569 266 λαὸν,
1579 232 1620 265 οἷς
1634 235 1682 261 καὶ
1696 235 1736 266 είς
1752 235 1840 262 αἰῶνα

194 285 257 312 istis
274 290 364 311 sertno
391 281 575 316 signiﬁcatur,
596 281 709 313 dequo,
729 279 821 305 exisse
837 277 885 312 qui
909 277 991 304 semi-

1047 279 1085 306 ιὺν
1112 279 1243 312 μέλλοντα
1259 280 1442 314 καθηγεῖσθαι
1457 281 1576 316 Χριστὸς
1591 281 1789 316 ἐπηγγέλλετο,
1802 282 1841 316 τῷ

195 336 253 362 ttat,
268 334 296 356 ut
310 328 469 358 seminaret,
486 327 601 362 legimus
617 325 652 353 ⁸³.
670 326 768 352 Annon
785 324 884 351 deinde
904 331 991 350 semen

1047 325 1092 360 μὲν
1107 325 1199 357 πέντε,
1213 325 1252 360 τῷ
1267 325 1295 351 δὲ
1313 326 1380 352 δέκα
1394 326 1499 353 πόλεων
1519 327 1589 362 πρὸς
1609 328 1660 362 τὴν
1671 327 1726 354 τῶν
1741 328 1842 355 ταλάνο

196 377 298 403 bonum
315 375 341 400 in
359 373 405 399 Dei
421 380 487 408 agro
504 372 670 399 samiuatutn
689 375 742 403 est,
759 369 897 396 cuminde
909 369 993 404 pluri-

1047 379 1094 397 των
1106 370 1250 405 διανομήν.
1270 371 1301 397 Οἳ
1320 371 1367 398 καί
1383 380 1465 405 φασιν
1480 372 1704 408 εὐφραινόμενοι³
1728 383 1738 399 ‹
1755 373 1839 400 ’Υπὲ-

195 428 302 448 morum
316 420 398 455 612
415 425 574 446 sanctormn
592 422 681 444 mater
701 416 839 448 evaserit;
857 423 872 442 a
891 416 992 450 quibus

1047 414 1107 447 ταξε
1120 416 1201 446 λαοὺς
1213 417 1290 450 ἡμῖν,
1310 417 1358 443 καὶ
1372 417 1436 452 ἔθνη
1448 417 1501 444 ὑπὸ
1514 419 1577 450 τοὺς
1589 418 1672 450 πόδας
1684 418 1772 454 ἡμῶν.
1782 419 1841 452 Ἑξ-

196 465 271 501 ipsos
287 467 368 493 etiam
384 465 504 500 gentium
523 468 655 495 rectores,
670 468 697 489 ut
714 461 887 489 accedentem
903 469 992 496 popu-

1047 461 1151 493 ελέξατο
1163 463 1229 496 ἡμῖν
1247 461 1296 497 τὴν
1313 462 1498 498 κληρονομίαν
1519 463 1630 491 ἑαυτοῦ.
1650 473 1660 490 ›

196 515 251 541 lum
268 513 355 540 sacris
382 512 546 544 imbuerent,
563 509 665 537 erudiri
681 509 807 544 contigit,
823 515 892 543 quos
910 509 934 534 ei
959 508 988 534 in
1009 507 1131 535 futurum
1160 508 1243 536 etiam
1278 509 1408 536 saeculum
1438 510 1614 544 prmftlturos,
1656 510 1701 538 alii
1729 511 1839 546 quidem

197 561 310 588 urbibus
328 560 460 594 quinque,
477 558 524 585 alii
540 563 630 584 autem
646 557 753 588 decem,
775 564 824 591 pro
845 556 1009 582 talentorum
1028 555 1224 584 distributione
1243 558 1396 589 concessis,
1426 557 1554 585 Christus
1574 557 1706 586 indicavit
1730 559 1773 585 “1
1791 562 1838 594 qui

197 607 315 641 denique
332 605 425 632 laetitia
454 603 558 634 aﬂccti.
570 603 686 638 p0pulos
699 602 761 634 sibi,
778 606 805 629 et
821 605 915 637 gentes
932 601 1049 636 pedibus
1062 602 1122 629 suis
1141 609 1202 630 esse
1213 603 1362 638 subjectos,
1378 606 1406 630 et
1434 610 1465 631 se
1497 603 1526 631 in
1560 604 1748 632 ha-reditatem
1785 605 1839 633 ele-

202 657 262 680 ctos
278 649 491 686 proliterentur?

233 709 280 736 Est
292 709 363 735 cnim
382 708 485 735 Christi
502 714 564 734 sors
579 707 673 739 unius,
697 706 807 741 populis
823 713 941 740 praeesse
962 709 990 732 et

196 754 337 782 moderari
362 762 369 779 :
392 753 508 787 indeque
529 752 614 778 liabbi
640 759 807 787 quemquam
833 751 924 778 vocari
946 759 992 779 ve-

198 801 260 832 tuit,
286 807 314 827 sc
341 807 423 825 umuu
447 798 602 825 Judaeorum
630 798 790 832 magistrum
821 805 882 825 eSsc
909 804 985 823 asse—

198 855 271 878 rens,
287 847 333 880 qui
362 845 514 879 discipulos
542 849 631 871 tamen
662 845 804 879 dignitatis
824 851 880 871 sua:
907 843 992 878 parti-

1047 842 1121 874 ὲξίας
1129 843 1184 872 τοῖς
1197 841 1343 876 μαθηταῖς.
1354 841 1408 867 Kal.
1422 841 1479 875 φῶς
1487 840 1543 876 γὰρ
1557 841 1690 876 ὑπάρχων
1703 842 1840 877 ἀληθινὸν,

197 894 273 927 cipes
288 892 353 919 iecit
367 892 399 917 ³⁵.
419 890 496 917 Licet
523 890 597 917 enim
621 897 686 916 vera
712 890 758 917 lux
777 890 809 920 ".
840 895 993 924 naturaque

1047 887 1102 922 φῶς
1117 887 1194 912 καλεῖ
1208 887 1272 917 τοὺς
1288 886 1387 912 ἑαυτοῦ
1405 886 1541 921 μαθητάς.
1562 887 1616 913 Καὶ
1635 887 1698 919 Υἱὸς
1717 888 1754 913 ὢν
1769 889 1840 914 κατὰ

1078 704 1199 741 Χριστοῦ
1219 704 1268 740 μὲν
1292 703 1347 740 γὰρ
1373 704 1455 739 μόνου
1479 704 1582 740 κλῆρος
1604 703 1634 731 ab
1659 704 1840 740 καθηγεῖσθαι

1042 751 1173 779 λαῶν.Δὼ
1181 750 1286 777 κελεύει
1303 750 1397 786 μηδενὶ
1409 750 1498 784 λέγειν
1506 750 1612 778 Ῥαϐὃί.
1623 760 1632 776 ι
1648 748 1693 783 Εἷς
1707 752 1760 787 γάρ
1771 752 1840 785 ἐστι,

1043 796 1136 830 φησὶν,
1146 795 1222 830 ὑμῶν
1239 796 1398 830 καθηγητὴς
1407 796 1420 821 ὁ
1432 795 1560 830 Χριστός.
1569 805 1578 821 ι
1591 795 1736 823 Μετέδωκε
1747 796 1774 822 δὲ
1791 798 1840 832 τῆς

198 938 244 965 Dei
260 937 347 965 Filius
359 938 416 972 ipse
433 937 469 964 sit
484 945 491 963 :
510 937 580 964 lucis
594 941 686 962 tamen
703 936 887 970 appellatione
904 936 990 963 disci-

198 986 278 1019 pulos
295 985 465 1018 nuncupavit
482 983 516 1015 ³⁷,
541 987 568 1010 et
583 982 658 1010 dedit
682 983 716 1010 iis
733 987 897 1018 potestatem
920 982 991 1010 filios

199 1031 246 1057 Dei
263 1031 353 1057 vocari
365 1030 398 1061 ³⁸,
412 1029 458 1063 qui
474 1029 500 1056 in
519 1029 628 1056 Patrem
647 1030 792 1057 credentes
808 1036 840 1056 ea
856 1029 992 1063 dignitate

199 1076 401 1110 gloriarentur,
430 1075 476 1109 qui
500 1073 618 1101 desertas
635 1075 729 1107 etiam,
749 1074 808 1101 sive
827 1073 941 1106 deletas,
963 1077 992 1100 ιιι

201 1120 363 1155 Symmacho
381 1119 480 1154 placet,
497 1120 616 1145 civitates
637 1119 758 1145 habitare
774 1118 891 1153 facerent
910 1127 920 1145 :
937 1126 992 1153 quo

200 1166 312 1192 nomine
338 1164 470 1191 ecclesias
488 1164 573 1199 ipsas,
587 1171 648 1199 quae
665 1165 719 1191 Deo
735 1164 874 1199 quondam
900 1170 993 1190 vacua:

201 1213 322 1243 fuerant,
349 1210 503 1238 intellexit:
531 1214 579 1238 aut
596 1214 670 1238 certe
688 1215 795 1237 tantum
818 1210 875 1237 fore
903 1217 992 1236 senum

202 1256 328 1284 Ecclesiae
340 1255 482 1287 iudicavit,
505 1259 535 1282 ut
555 1263 609 1282 non
622 1255 705 1282 modo
721 1255 864 1290 populosis
881 1255 991 1282 urbibus

199 1303 260 1337 cupi
275 1311 328 1329 non
344 1306 445 1336 queat,
463 1301 509 1329 sed
525 1301 613 1336 possit
631 1301 751 1328 desertas
762 1301 844 1328 etiam
857 1306 882 1328 et
891 1308 993 1328 vacuas

200 1349 348 1384 complere.
367 1348 442 1376 Unde
457 1348 590 1383 pudorem
609 1352 729 1375 veterem
748 1356 780 1375 ex
798 1356 831 1375 eo
845 1348 991 1374 collectum

199 1395 272 1430 quod
289 1394 387 1421 sterilis
401 1399 426 1420 et
443 1393 520 1420 vidua
532 1398 619 1426 esset,
631 1394 719 1421 eidem
734 1399 911 1421 contemnere
923 1401 992 1428 pra:-

200 1442 276 1476 cipil,
293 1449 320 1468 se
339 1442 464 1467 virtutum
487 1440 639 1472 Dominum,
663 1441 709 1475 qui
726 1449 785 1467 eum
809 1440 912 1474 [cet-rit,
937 1449 993 1467 esse

201 1489 351 1514 aliirmaus.
371 1486 464 1522 Neque
484 1487 558 1514 enim
578 1487 612 1513 ab
628 1486 797 1519 hominibus,
811 1491 858 1514 aut
876 1494 924 1522 per
942 1486 992 1513 ho-

201 1534 302 1561 minem
324 1533 358 1564 ",
382 1534 429 1561 sed
452 1541 499 1568 per
526 1532 673 1560 Dominum
703 1534 792 1567 ipsum
813 1533 991 1560 constitutam

1044 931 1135 966 φύσιν,
1152 931 1270 957 δέδωκεν
1285 931 1409 964 ἐξουσίαν
1424 933 1479 963 τοῖς
1502 931 1680 959 πιστεύουσιν
1702 934 1741 963 είς
1759 934 1840 961 αὑτὸν

1043 979 1154 1013 Πατέρα
1177 977 1272 1004 καλεῖν
1292 976 1338 1003 τὸν
1361 977 1428 1004 Θεὸν
1452 977 1483 1004 τὸ
1500 979 1550 1013 τῆς
1571 978 1696 1013 υίότητος
1711 979 1840 1014 αὐχοῦσιν

1043 1025 1163 1060 ἀξίωμα,
1177 1024 1202 1050 οἳ
1218 1024 1266 1051 καὶ
1277 1024 1381 1056 πόλεις
1397 1024 1609 1060 ἠρημωμένας,
1625 1026 1711 1061 ἤγουν
1732 1026 1840 1060 ἠφανι-

1043 1071 1168 1106 σμένος,
1192 1071 1263 1098 κατὰ
1288 1071 1447 1106 Σύμμαχον,
1465 1070 1679 1098 κατοικιοῦσιν.
1705 1072 1788 1106 Λέγει
1811 1073 1840 1098 δὲ

1043 1119 1092 1149 τὰς
1116 1118 1237 1153 ἐρήμους
1263 1117 1349 1144 πάλαι
1365 1117 1432 1143 Θεοῦ
1450 1116 1631 1152 Ἐκκλησίας·
1647 1117 1730 1152 ἦγουν
1745 1118 1838 1152 φησὶν,

1043 1164 1084 1190 ὅτι
1097 1164 1232 1190 Τοσοῦτον
1246 1163 1322 1190 ἔσται
1335 1172 1383 1190 σου
1397 1163 1431 1190 τὸ
1447 1163 1576 1198 σπέρμα,
1590 1162 1628 1193 ὡς
1645 1163 1777 1199 μηδαμῶς
1791 1164 1841 1190 αὺ-

1042 1212 1099 1243 τοῖς
1113 1210 1163 1242 τὰς
1177 1210 1410 1246 πολυανθρώπους
1424 1211 1528 1243 πόλεις
1541 1211 1651 1245 ἀρκεῖν,
1667 1210 1797 1237 δύνασθαι.
1813 1211 1841 1237 δὲ

1043 1258 1091 1285 καὶ
1112 1259 1166 1291 τὰς
1180 1257 1311 1292 ἐρήμους
1334 1256 1458 1293 πληροῦν
1468 1265 1475 1272 ·
1493 1256 1536 1291 ἐφ’
1551 1253 1591 1288 οἷς
1606 1257 1746 1292 ὑπερορᾷν
1771 1258 1840 1293 αὐτῇ

1042 1305 1092 1339 τῆς
1112 1304 1231 1336 παλαιᾶς
1255 1303 1388 1339 αἰσχύνης
1413 1303 1648 1339 παρακελεύεται,
1665 1303 1708 1330 ὅτε
1732 1303 1841 1338 ἄγονος

1042 1347 1076 1385 ἦν
1090 1350 1139 1376 καὶ
1150 1350 1230 1384 χήρα
1244 1349 1292 1376 τοῦ
1306 1349 1396 1384 Λόγου
1412 1348 1540 1383 Νυμφίου
1557 1348 1656 1383 λέγων,
1671 1349 1713 1375 ὃτι
1733 1349 1842 1383 Κύριος

1043 1395 1103 1423 τῶν
1115 1396 1272 1430 δυνάμεών
1287 1395 1375 1422 ἐστιν
1385 1396 1401 1422 d
1414 1394 1509 1422 ποιῶν
1519 1402 1566 1421 σε.
1577 1395 1614 1421 Οὐ
1627 1395 1681 1430 γὰρ
1697 1395 1727 1427 ἐξ
1738 1395 1844 1430 ἀνθρώ-

1044 1450 1112 1474 πων,
1131 1442 1191 1468 οὐδὲ
1206 1441 1238 1468 δι’
1263 1439 1408 1476 ἀνθρώπου
1432 1441 1568 1475 συνέστη·
1584 1440 1619 1467 δι’
1630 1440 1713 1466 αὑτοῦ
1728 1440 1757 1467 δὲ
1777 1441 1842 1468 Κυ-

1045 1489 1115 1525 ρίου,
1132 1489 1161 1520 ὃς
1183 1488 1229 1515 καί
1256 1496 1356 1523 φησιν’
1374 1496 1384 1513 ι
1396 1487 1458 1515 Ἐπὶ
1474 1487 1523 1522 τὴν
1544 1487 1648 1522 πέτραν
1671 1487 1843 1522 οἰκοδομήσω

1046 1545 1097 1571 μου
1114 1536 1164 1570 τὴν
1172 1534 1346 1569 Ἐκκλησίαν.
1362 1543 1371 1560 ι
1386 1534 1454 1561 Θεοῦ
1469 1533 1558 1560 τοίνυν
1572 1533 1587 1559 ὁ
1602 1533 1694 1567 λόγος,
1708 1533 1738 1560 τδ
1753 1534 1842 1569 ἀμνη-

200 1587 274 1614 esse,
283 1580 328 1615 qui
338 1588 420 1615 super
431 1585 536 1615 petram
546 1579 695 1607 Ecclesiam
705 1588 782 1608 suam
792 1579 991 1606 :editicaturum

1047 1580 1157 1607 σίκακον
1171 1579 1343 1616 δωρουμένου
1360 1579 1406 1606 ἐπὶ
1428 1580 1461 1615 τῇ
1487 1579 1614 1614 πολυθέῳ
1637 1579 1685 1605 καὶ
1706 1579 1843 1612 ὀνείδους

202 1634 233 1654 se
249 1627 319 1654 dixit
331 1626 366 1654 δυ.
377 1626 425 1653 Est
438 1627 521 1661 igitur
535 1627 587 1654 ista
597 1625 644 1653 Dei
657 1626 757 1658 oratio,
776 1626 822 1660 qui
836 1625 995 1660 probrosum

202 1673 283 1700 nobis
301 1674 329 1700 in
347 1673 461 1701 deorum
476 1672 590 1700 colenda
607 1673 782 1700 multitudine
794 1680 915 1699 errorem
929 1679 996 1699 con-

203 1720 298 1747 donet.
312 1719 390 1746 Sicut
407 1719 479 1746 enim
496 1724 572 1754 pater
591 1719 739 1746 miseretur
762 1719 892 1752 filiorum,
913 1719 953 1746 sic
968 1722 995 1745 et

204 1765 361 1793 timentium
389 1772 418 1792 se
437 1764 567 1792 misertus
595 1768 637 1792 est
656 1764 789 1792 Dominus
799 1764 832 1791 δι.
861 1764 891 1791 Et
909 1772 997 1799 quan-

205 1816 263 1839 tum
275 1812 358 1839 distat
368 1816 445 1839 ortus
459 1811 494 1838 ab
508 1819 623 1842 occasu.
638 1815 744 1838 tantum
758 1819 773 1838 a
789 1811 868 1838 uobis
883 1816 995 1846 peccata

205 1863 301 1886 nostra
325 1858 453 1885 removit.
477 1857 578 1884 Metam
592 1865 674 1892 ergo,
692 1857 739 1891 qui
759 1857 785 1884 in
802 1858 924 1892 peccatis
941 1860 993 1889 est,

203 1906 263 1940 ipse
279 1904 386 1936 adimit,
413 1904 459 1938 qui
476 1912 530 1931 non
544 1903 629 1937 venit,
646 1907 676 1930 ut
690 1903 807 1938 judicct,
828 1902 877 1930 sed
894 1906 924 1930 ut
941 1903 996 1930 sal-

204 1956 248 1978 vct
260 1951 296 1978 δ’.
313 1950 370 1978 Non
387 1951 460 1977 enim
476 1951 552 1977 misit
567 1950 640 1977 Deus
653 1949 750 1977 Filium
769 1957 849 1977 suum
872 1950 898 1976 in
914 1957 996 1976 mttn-

204 1998 283 2028 dum,
298 1996 440 2031 utjudicet
455 1997 588 2023 mundum
603 2016 610 2028 ,
634 1996 681 2024 sed
698 2001 727 2022 ut
740 1995 862 2024 salvetur
876 1995 996 2023 mundus

205 2052 254 2079 per
266 2044 368 2078 ipsum.
379 2044 473 2078 Itaque
484 2043 568 2070 vineit
582 2043 709 2077 illa,qu:e
720 2042 853 2077 justiilcat
869 2043 995 2077 impium,

205 2091 304 2125 gratia.
317 2099 327 2115 ι
348 2090 420 2117 Deus
436 2089 508 2117 enim
522 2094 575 2121 est,
600 2090 639 2116 ait
654 2089 765 2121 Paulus,
785 2089 831 2124 qui
845 2089 995 2124 juStificat;

205 2137 269 2171 quis
280 2140 334 2167 est,
352 2136 398 2171 qui
416 2135 633 2162 condemnet“?
648 2145 657 2161 ι
675 2134 818 2168 Quomodo
832 2139 922 2161 autent
938 2143 997 2162 eam

207 2183 284 2217 ιαείι,
301 2181 353 2208 nisi
367 2189 429 2208 cum
448 2188 507 2208 eam
522 2181 549 2207 in
571 2181 665 2208 forma:
681 2181 891 2208 similitudinem
912 2181 994 2216 613

209 2235 257 2263 per
284 2227 410 2261 spiritum
439 2226 533 2253 creat?
548 2226 592 2253 Ait
615 2227 688 2253 enim
708 2227 779 2261 apud
797 2225 968 2254 Ezechielem
987 2235 994 2252 :

210 2283 220 2298 ‹
237 2272 357 2298 Avellam
375 2279 423 2298 cor
446 2279 542 2299 eorum
565 2271 703 2306 lapideum
733 2271 767 2299 de
786 2279 870 2299 carne
880 2280 995 2305 eorum;

207 2323 234 2347 et
249 2318 318 2346 dabo
338 2317 378 2345 eis
407 2325 455 2344 eor
471 2325 614 2350 corneum,
635 2321 665 2344 ut
679 2318 730 2353 ipsi
747 2325 790 2346 me
813 2325 996 2354 cognoscant;

207 2366 271 2399 quia
286 2371 337 2400 ego
351 2371 411 2391 sum
429 2363 561 2391 Dominus
572 2363 606 2391 “.
624 2373 634 2390 ι
647 2364 776 2392 Condidit
791 2372 857 2399 ergo
872 2365 998 2392 Christus

208 2410 332 2445 geminos
352 2410 508 2444 populosin
529 2414 668 2436 recentem
685 2418 769 2437 unum
786 2410 944 2444 hominem,
964 2411 998 2438 ad

207 2457 268 2493 ejus
284 2457 435 2490 exemplar,
448 2463 463 2482 a
480 2463 536 2490 quo
548 2455 663 2484 eﬂ‘eetus
679 2461 733 2488 est.
749 2457 945 2484 instauratum.

244 2503 332 2536 Atque
347 2506 379 2529 ut
395 2502 431 2529 rei
449 2502 528 2529 Iidem
543 2501 645 2530 faceret
663 2502 709 2538 qui
727 2507 819 2535 postea
834 2506 947 2530 secutus
959 2507 1001 2529 est

208 2554 331 2581 eventus,
353 2547 496 2575 Dominum
510 2548 636 2574 virtutum
654 2555 683 2576 se
695 2555 756 2576 esse
773 2547 927 2575 aiiirmavit.
944 2548 996 2575 Ne-

209 2603 262 2629 que
289 2601 353 2622 vero
375 2594 586 2622 instaurationis
605 2599 713 2630 tempus
729 2595 852 2627 reticuit,
870 2602 933 2622 cum
952 2595 998 2622 ad-

209 2640 273 2675 iecit
289 2649 294 2667 :
310 2639 364 2673 Qui
379 2641 447 2668 eruit
463 2646 498 2674 te,
519 2641 588 2668 Deus
604 2640 704 2674 Israel,
722 2646 780 2668 tota
802 2646 875 2668 terra
893 2642 1000 2668 vocabi-

210 2691 273 2718 tur;
290 2686 315 2713 id
329 2690 382 2718 est,
397 2694 460 2714 cum
473 2687 613 2715 Christum
625 2687 653 2714 in
669 2691 764 2723 gentes
775 2694 870 2715 omnes
884 2695 1000 2722 regnare

250 2785 272 2822 '_‘
294 2785 388 2813 Matth.
404 2786 521 2822 xtu.5.7
546 2786 570 2802 "
590 2785 687 2822 Matth.
703 2794 768 2818 xxv.
784 2786 816 2813 Η
831 2793 909 2822 seqq.

967 2786 990 2802 "
1010 2786 1105 2814 Matth.
1133 2795 1211 2821 xxm,
1227 2788 1254 2815 8.

1045 1627 1110 1663 ἀξίᾳ
1123 1627 1224 1662 πλάνῃ.
1238 1625 1339 1657 Καθὼς
1353 1625 1408 1660 γὰρ
1421 1625 1554 1659 οἱκτείρει
1579 1624 1670 1660 πατὴρ
1693 1625 1769 1656 υἱοὺς
1779 1645 1786 1656 ,
1801 1626 1842 1651 οἰ-

1045 1672 1191 1708 κτείρησεν
1205 1672 1307 1707 Κύριος
1323 1672 1387 1704 τοὺς
1403 1670 1589 1706 φοϐουμένους
1601 1670 1695 1698 αὐτόν.
1709 1670 1764 1697 Καὶ
1774 1670 1843 1697 καθ’

1045 1719 1108 1745 ὅσον
1123 1718 1271 1754 ἀπέχουσιν
1286 1717 1416 1745 ἀνατολαὶ
1431 1718 1485 1744 ἀπὸ
1499 1717 1610 1752 δυσμῶν
1621 1716 1777 1751 ὲμάκρυνεν
1789 1716 1842 1750 ἀφ’

1046 1765 1124 1801 ἡμῶν
1139 1765 1187 1797 τὰς
1203 1764 1340 1800 ἁμαρτίας
1355 1764 1446 1800 ἡμῶν.
1459 1764 1513 1791 Tbr
1530 1763 1577 1790 οὖν
1593 1763 1687 1798 φόϐον
1701 1763 1842 1798 περιαιρεί

1046 1812 1092 1838 τὸν
1115 1812 1162 1838 ἐπὶ
1181 1813 1240 1843 τοῖς
1265 1811 1474 1846 ἁμαρτήμασιν.
1488 1808 1575 1836 Ἦλθε
1598 1809 1652 1845 γὰρ
1674 1809 1705 1835 οὐ
1727 1809 1839 1844 κρίνων,

1046 1859 1114 1886 ἀλλὰ
1140 1858 1245 1890 σώζων.
1268 1867 1277 1884 ι
1291 1857 1328 1884 Οὐ
1344 1857 1398 1892 γὰρ
1412 1855 1571 1888 ἀπέστειλε,
1587 1855 1680 1891 φησὶν,
1692 1857 1706 1882 ὸ
1720 1855 1786 1887 Θεὸς
1797 1855 1842 1882 τὸν

1047 1905 1111 1932 Υίὸν
1126 1905 1209 1932 αὑτοῦ
1230 1905 1270 1936 εἰς
1292 1904 1338 1930 τὸν
1361 1903 1475 1938 κόσμον,
1494 1902 1539 1929 ἵνα
1561 1902 1644 1939 κρίνῃ
1660 1902 1706 1929 τὸν
1727 1902 1840 1937 κόσμον,

1046 1955 1103 1983 ἀλλ’
1120 1955 1164 1982 ἵνα
1182 1954 1255 1989 σωθῇ
1280 1954 1294 1980 ὁ
1318 1952 1421 1986 κόσμος
1444 1952 1478 1978 δι’
1491 1951 1584 1978 αὑτοῦ.
1605 1961 1614 1978 ι
1634 1951 1708 1986 Νικᾷ
1721 1950 1841 1986 τοίνυνή

1046 2002 1125 2037 χάρις
1139 2002 1157 2036 ἡ
1169 1999 1312 2027 δικαιοῦσα
1327 1999 1374 2026 τὸν
1387 1998 1484 2033 ἀσεϐῆ.
1501 2007 1510 2023 ι
1527 1997 1593 2030 Θεὸς
1605 1997 1670 2032 γὰρ,
1685 1998 1753 2032 φησὶ
1766 1996 1842 2023 Παῦ-

1047 2048 1103 2080 λος,
1120 2047 1134 2074 ὁ
1149 2046 1273 2079 δικαιῶν,
1292 2045 1335 2077 τίς
1356 2046 1370 2072 ὁ
1386 2044 1580 2080 κατακρίνων;
1599 2053 1608 2070 ι
1636 2043 1699 2075 Πῶς
1713 2043 1742 2070 δὲ
1764 2042 1844 2069 ποιεῖ

1047 2093 1156 2127 αὐτὴν,
1171 2091 1228 2118 ἀλλ’
1243 2092 1260 2127 ἢ
1277 2091 1376 2124 κτίζων
1387 2092 1426 2122 εἰς
1444 2089 1622 2125 συμμορφίαν
1635 2089 1720 2116 αὑτοῦ
1734 2088 1778 2115 διὰ
1794 2087 1841 2115 τοῦ

1048 2139 1224 2174 Πνεύματος;
1242 2137 1310 2172 φησὶ
1329 2137 1383 2172 γὰρ
1400 2137 1429 2163 ἐν
1446 2135 1595 2170 Ἰεζεκιήλ·
1610 2144 1620 2161 ι
1633 2134 1780 2161 Ἐκσπάσω
1793 2133 1842 2170 τὴν

1048 2186 1163 2222 καρδίαν
1174 2185 1265 2212 αὐτῶν
1278 2185 1328 2219 τὴν
1342 2183 1447 2219 λιθίνην
1463 2183 1495 2210 ἐκ
1507 2183 1558 2217 τῆς
1571 2182 1673 2217 σαρκὸς
1684 2181 1785 2214 αὐτῶν,
1795 2182 1843 2208 καὶ

1049 2231 1127 2258 δώσω
1153 2231 1246 2262 αὐτοῖς
1271 2229 1386 2265 καρδίαν
1413 2229 1543 2264 σαρκίνην
1559 2228 1606 2255 τοῦ
1625 2228 1728 2254 ειδέναι
1743 2227 1843 2260 αὐτοὺς

1049 2278 1109 2313 ἐμὲ,
1123 2277 1164 2304 ὅτι
1176 2276 1231 2311 ἐγώ
1245 2277 1304 2312 είμι
1318 2275 1432 2312 Κύριος.
1446 2285 1455 2301 ι
1471 2275 1582 2302 ’Έκτισε
1600 2275 1690 2302 τοίνυν
1702 2275 1716 2301 ὁ
1726 2274 1844 2310 Χριστὸς

1050 2325 1112 2356 τοὺς
1128 2323 1175 2350 δύο
1188 2323 1270 2354 λαοὺς
1286 2323 1327 2355 εἰς
1341 2322 1389 2349 ἕνα
1405 2322 1499 2349 καινὸν
1515 2322 1661 2357 ἄνθρωπον
1682 2319 1845 2349 ἀνακαινού-

1053 2379 1132 2406 μενον
1151 2370 1213 2396 κατ.’
1228 2370 1321 2396 εἰκόνα
1339 2368 1388 2395 τοῦ
1407 2369 1560 2401 Κτίσαντος
1576 2368 1666 2395 αὐτόν.

1090 2503 1134 2534 Ὠς
1152 2502 1184 2529 ἂν
1200 2502 1229 2529 δὲ
1246 2501 1284 2537 μὴ
1303 2501 1442 2537 ἀπιστηθῇ
1458 2500 1663 2536 μετατυγχάνον
1674 2501 1705 2527 τὸ
1716 2500 1846 2535 πρᾶγμα,

1051 2551 1161 2584 Κύριον
1170 2550 1265 2576 ἑαυτὸν
1280 2549 1395 2575 ἐκάλεσε
1411 2548 1631 2584 δυνάμεωνἹίς
1647 2548 1676 2575 δὲ
1690 2549 1705 2575 ὁ
1718 2548 1765 2574 ’τοῦ
1779 2548 1847 2574 ἀνα-

1051 2595 1192 2627 κτίζεσθαι
1206 2595 1313 2630 καιρὸς,
1326 2595 1489 2629 διεσάφησεν
1500 2594 1594 2627 εἰπὼν,
1603 2595 1645 2621 ὅτι
1668 2594 1698 2620 '0
1711 2594 1846 2628 ῥυσάμε-

1051 2643 1105 2674 νός
1124 2649 1161 2668 σε
1174 2642 1267 2674 αὐτὸς
1286 2641 1358 2675 Θεὸς
1379 2641 1505 2675 Ἰσραὴλ
1524 2640 1609 2675 πάσῃ
1625 2640 1662 2674 τῇ
1678 2639 1716 2674 Τῇ
1733 2640 1848 2674 κληθή-

1053 2695 1156 2714 σεται·
1180 2686 1254 2713 τοῦτ’
1274 2687 1368 2718 ἔστιν,
1394 2687 1440 2713 ὅτε
1464 2686 1582 2722 Χριστὸς
1604 2684 1778 2712 ἐϐασίλευσεν
1802 2685 1849 2711 ἐπὶ

1849 2749 1854 2762 ι

1303 2787 1326 2804 ³⁸
1345 2776 1426 2815 ἔοιιιιξ
1462 2796 1500 2820 ιε,
1517 2787 1543 2816 5.
1600 2789 1622 2805 "
1641 2787 1733 2815 Matth.
1753 2795 1785 2818 ν,
1805 2788 1848 2816 Η.

212 2819 234 2857 ff
255 2820 334 2857 .ioan.
347 2829 367 2853 ι,
385 2822 428 2848 1‘2.
466 2821 488 2838 ³⁹
503 2821 593 2851 Calai.
612 2830 631 2856 ι,
651 2821 695 2850 12,
731 2822 754 2838 ⁸⁰
772 2819 936 2857 Μδιιιιξιίνι,
955 2822 994 2850 18.

1050 2822 1057 2838 ¹
1077 2823 1149 2851 l’sal.
1163 2819 1209 2857 cn,
1228 2824 1272 2852 15.
1307 2824 1328 2840 δ’
1349 2823 1429 2852 Joan.
1446 2819 1551 2857 “1,717.
1587 2824 1611 2841 η
1630 2823 1709 2852 liom.
1727 2830 1787 2856 vni,
1802 2824 1849 2851 54.

212 2855 234 2870 ⁸⁸
251 2856 349 2884 Ezech.
367 2865 397 2890 ιι,
415 2857 458 2884 19.
