1999 3076
188 89 258 128 2537

762 88 1027 129 COMMENTARII
1051 99 1091 130 lN
1114 92 1257 132 ISAIAM.

1749 101 1818 132 2.3758

181 151 271 177 πάντα
285 151 319 178 τὰ
333 149 407 186 ἔθνη,
423 150 493 178 κατὰ
507 152 537 178 τό
549 159 557 167 ⁸
571 162 579 178 ι
592 151 648 179 Καὶ
662 151 737 179 ἔσται
748 153 850 189 Κύριος
863 150 914 185 εἷς,
925 154 970 180 καὶ

1025 156 1188 193 contigerit;
1204 158 1283 193 juxta
1306 158 1371 184 illud
1392 167 1398 184 :
1417 167 1426 183 ε
1447 157 1479 185 Ει
1500 157 1551 184 erit
1579 157 1712 186 Dominus
1735 166 1818 192 unus,

181 198 211 223 τὸ
224 196 311 232 δνομα
324 197 406 224 αὑτοῦ
424 198 464 230 ἓν,
477 197 595 225 κυκλοῦν
609 198 700 225 πᾶσαν
715 198 765 234 τὴν
781 199 843 234 γῆν.
860 209 870 225 ι
887 199 976 226 Πάλαι

181 242 236 278 γὰρ
249 240 285 278 ἦν
300 242 372 270 κατὰ
397 243 482 278 μόνην
504 243 555 280 τὴν
571 244 701 271 Ἰουδαίαν
725 244 846 278 γνωστὸς
860 245 875 271 ὁ
889 245 955 277 Θεός
967 253 974 261 ’

181 288 229 315 νῦν
251 288 280 315 δὲ
303 288 377 324 αὐτῷ
402 289 526 324 κάμπτει
544 290 599 316 πᾶν
620 289 697 324 γόνυ,
712 289 759 317 καὶ
774 291 850 317 πᾶσα
865 290 976 325 γλῶσσα

181 334 397 370 ἑξομολογεῖται,
414 335 456 362 ὅτι
474 335 578 371 Κύριος
591 336 696 371 Ἰησοῦς
712 336 832 372 Χριστὸς
840 338 880 368 είς
894 337 973 370 δόξαν

139 403 143 406 .
181 376 249 407 Θεοῦ
264 380 396 417 Πατὲρος.
412 381 457 407 Διδ
471 382 518 408 καὶ
528 382 610 408 Δαόὶδ
622 382 674 416 ἔφη
685 389 693 398 ·
711 391 721 408 ι
735 382 828 410 Πάντα
841 382 876 409 τὰ
899 383 975 420 ἔθνη,

181 426 334 461 κροτήσατε
350 427 455 462 χεῖρας,
474 436 483 452 ι
509 428 557 454 καὶ
573 427 607 454 τὰ
628 420 703 464 ἑξῆς.
730 429 786 455 Καὶ
801 428 883 456 πάλιν
897 437 904 446 ·
924 438 934 455 (
947 429 976 456 ’0

182 471 286 506 Κύριος
301 471 489 504 ἐϐασίλευσεν,
503 472 679 505 ἁγαλλιάσθω
694 472 711 508 ἠ
726 472 773 508 γῆ.
789 482 799 500 ι
822 473 977 510 Ἐπιμὲνων

180 516 210 543 δὲ
223 517 237 543 ό
247 517 326 551 λόγος
337 518 397 549 ταῖς
409 517 477 553 πρὸς
488 518 545 552 τὴν
553 517 666 553 ἔρημον
678 519 869 554 ἐπαγγελίαις,
882 520 975 556 φησίν·

183 563 245 597 οὺχ
259 563 299 596 ὡς
315 563 443 598 γυναῖκα
460 564 739 599 καταλελειμμένην
758 565 808 592 καὶ
830 566 976 601 cum-duru-

181 617 240 642 χον
265 608 416 644 κέκληκέν
441 617 480 638 σε
512 611 630 645 Κύριος.
657 612 938 647 Καταιελειμμέν-ην
960 613 975 647 ὴ

181 653 278 690 Γραφὴ
294 655 421 690 γυναῖκα
437 654 516 682 καλεῖ
531 656 581 692 τὴν
597 656 643 683 ὲπί
665 665 737 684 τισιν
757 657 859 690 αἰτίαις
874 657 977 693 βιϐλίον

180 698 330 734 δεξαμένην
344 699 510 727 ἀποστασίου
524 701 595 728 κατὰ
608 700 654 728 τὸν
667 701 760 736 νόμον,
766 701 977 737 μεμισημένην

179 744 219 777 δὲ,
235 745 284 779 τὴν
300 745 344 772 ἐπ’
359 747 490 783 ἀσελγείᾳ
506 747 698 783 διαϐληθεῖσαν
710 768 718 781 ,
738 744 811 784 ᾗπερ
826 748 859 776 ἂν
873 748 976 785 πρέποι

180 791 228 818 καὶ
243 791 272 818 τὸ
288 791 345 826 τῆς
365 792 566 828 ὁλιτοψυχίας
579 794 706 830 αἰτίαμα,
723 794 762 826 ὡς
782 795 813 821 οὺ
836 794 974 832 δυναμένῃ

180 838 336 872 καρτερεῖν,
349 838 397 864 καὶ
413 838 502 872 ζυγῶν
525 839 670 874 ἀνέχεσθαι
685 839 827 874 γαμικῶν·
841 839 886 867 οἵα
904 839 973 875 προς

179 881 373 917 Θεὺν¹γέγονεν
386 884 403 919 ἡ
414 882 468 910 τῶν
486 883 620 912 Ἰουδαίων
633 884 784 920 Συναγωγὴ
798 885 866 920 μετὰ
878 886 970 921 νόμον,

178 926 212 953 δι’
223 923 255 954 οὗ
272 928 397 964 συνήφθη
416 928 476 964 Θεῷ
490 929 537 956 ἐπὶ
552 929 586 956 τὰ
601 930 629 956 ἐν
644 930 776 965 Αἰγύπτῳ
785 930 971 966 παλινδρομή-

180 979 261 1000 σασα.
276 973 376 1010 Διόπερ
398 973 484 1009 αὐτὴν
506 974 689 1010 ἀπωσάμενος
702 975 737 1002 δι’
748 975 808 1007 ὲνὺς
825 975 904 1010 ἔλεγε
918 976 972 1003 τῶν

179 1017 346 1054 προφητῶν*
365 1027 375 1045 ι
389 1019 513 1056 Κρίθητι
533 1020 602 1057 πρὸς
625 1021 675 1056 τὴν
701 1022 809 1057 μητέρα
825 1022 913 1057 ὑμῶν,
930 1023 972 1050 ὅτι

179 1063 250 1100 αὕτη
265 1064 296 1090 οὐ
309 1064 378 1100 γυνή
395 1073 457 1101 μου,
474 1064 553 1099 κάγὼ
567 1066 617 1093 οὐκ
633 1066 702 1102 ἀνὴρ
720 1067 832 1103 αὐτῆς.»
843 1067 899 1094 Καὶ
915 1068 972 1095 λοι-

180 1110 232 1137 πὸν
253 1111 318 1146 περὶ
339 1111 390 1146 τῆς
412 1111 541 1146 πορνείας
566 1112 651 1147 αὐτῆς
681 1113 845 1147 διαλέγεται.
873 1114 922 1146 Τίς
942 1114 972 1141 δὲ

177 1157 230 1192 τῆς
256 1156 386 1193 πορνείας
400 1158 414 1184 ὁ
429 1157 540 1193 τρόπος,
563 1158 591 1184 ἐν
613 1158 743 1194 Ἰεζεκιὴλ
767 1159 911 1195 διηγεῖται,
925 1160 972 1187 δύο

177 1204 312 1237 γυναῖκας
334 1203 417 1230 οἱονεὶ
433 1203 535 1236 λαϐὼν,
553 1204 587 1235 δις
607 1204 687 1231 καλεῖ
708 1205 804 1232 Ὀολὰν
826 1207 875 1233 καὶ¹
899 1206 971 1233 Ὀλί-

178 1249 247 1281 ϐαν,
266 1249 354 1285 δηλῶν
378 1249 429 1285 τὴν
448 1249 628 1285 Ἰερουσαλὴμ
654 1250 703 1278 καὶ
726 1251 777 1287 τὴν
801 1252 970 1288 Σαμάρειαν,

177 1295 227 1321 καὶ
250 1294 300 1326 τὰς
322 1295 450 1327 ἀσεϐείας
473 1295 564 1323 αὐτῶν
588 1296 776 1332 διηγούμενος,
798 1297 836 1330 ὡς
851 1297 971 1333 ἔσφαζον

177 1341 235 1372 τοῖς
247 1341 368 1373 εἰδώλοις
382 1341 416 1368 τὰ
426 1342 519 1374 τέκνα,
534 1342 581 1369 καὶ
595 1342 689 1378 διῆγον
702 1343 773 1370 αὐτὰ
783 1343 816 1370 δι’
825 1344 969 1380 ἐμπύρων,

177 1386 226 1413 καὶ
239 1386 325 1414 ταῦτα
341 1387 465 1422 μοιχείαν
480 1388 668 1416 καλῶν.¹Ὀθεν
689 1388 760 1425 αὐτῇ
775 1389 824 1416 καὶ
837 1389 870 1416 δι’
890 1390 971 1426 Ἱερε-

179 1433 242 1470 μίου
257 1434 351 1469 φησίνί
363 1444 373 1461 ι
389 1434 470 1470 "Odit;
479 1435 582 1471 πόρνης
592 1435 701 1471 ἐγένετό
715 1444 767 1463 σοι·
783 1436 969 1472 ἀπηναισχύν-

176 1488 264 1515 τησας
278 1480 347 1516 πρὸς
360 1481 475 1513 πάντας.
490 1490 499 1507 ι
514 1481 586 1508 Ἀλλ’
595 1481 686 1517 ὑμεῖς,
702 1482 796 1518 φησὶν,
807 1483 832 1509 οἱ
845 1482 874 1516 ἐξ
883 1482 970 1510 ἐθνῶν

177 1527 208 1553 οὺ
224 1526 296 1554 κατὰ
309 1526 422 1559 τούτους
445 1527 590 1564 ἐκλήθητε.
607 1528 671 1560 Τοῖς
689 1528 740 1564 μὲν
761 1528 817 1565 γὰρ
840 1529 972 1564 πώρωσις

176 1572 232 1600 ἀπὸ
250 1573 351 1609 μέρους
369 1572 494 1608 γέγονεν,
511 1573 584 1600 καθὰ
606 1573 646 1608 τῷ
661 1573 761 1609 Παύλῳ
777 1573 860 1601 δοκεῖ.
876 1573 972 1601 Ἔσκο-

175 1618 311 1655 τίσθησαν
324 1619 354 1646 δὲ
369 1619 417 1647 καὶ
432 1620 457 1646 οί
472 1619 611 1655 ὀφθαλμοὶ
625 1620 714 1647 αὐτῶν
727 1620 775 1647 τοῦ
791 1620 828 1656 μὴ
850 1620 970 1656 βλέπειν.

176 1664 360 1700 Συνεκάμφθη
375 1664 405 1691 δὲ
419 1664 467 1691 καὶ
489 1665 523 1690 τὰ
536 1664 609 1691 νῶτα
623 1665 778 1700 κεχηνότων
793 1665 838 1692 ἀεὶ
855 1666 922 1701 πρὶς
937 1665 972 1692 τὰ

175 1710 270 1746 γήϊνα.
286 1711 323 1737 Τὸ
348 1710 517 1745 φωτισθῆναι
533 1711 562 1737 δὲ
585 1712 641 1743 τοῖς
664 1711 753 1738 ἔθνεσι
774 1711 897 1746 γέγονεν.
915 1712 970 1738 Καὶ

176 1757 277 1788 πάντες
292 1776 299 1788 ,
325 1756 382 1784 ἀλλ’
407 1758 437 1784 οὐ
466 1757 643 1793 κατάλειμμα
667 1759 812 1787 σέσωσται.
836 1757 907 1785 Ἀλλ’
929 1759 970 1790 είς

176 1802 288 1836 χρόνον
301 1803 422 1837 μικρὸν,
451 1803 527 1839 φησὶ,
552 1802 716 1830 κατέλιπον
739 1811 788 1830 σε.
817 1813 826 1830 ι
840 1803 886 1830 'Ev
908 1804 969 1835 ταῖς

175 1849 229 1885 γὰρ
241 1849 442 1885 προλαϐοῦσαις
451 1851 557 1883 γενεαῖς,
564 1870 571 1881 ,
580 1849 636 1882 ὡςό
646 1850 748 1885 Πέτρος
757 1850 835 1886 φησὶ,
848 1849 968 1886 συνεχώ-

177 1903 259 1931 ρησεν
272 1897 286 1922 ὁ
302 1895 369 1927 Θεὸς
384 1897 418 1922 τὰ
430 1896 494 1932 ἔθνη
505 1896 667 1931 πορεύεσθαι
683 1898 743 1929 ταῖς
756 1897 826 1929 ὁδοῖς
840 1896 940 1924 αὐτῶν.
955 1906 964 1922 ι

1027 205 1054 228 et
1078 208 1178 229 nomen
1204 201 1264 236 ejus
1281 209 1366 228 unum
1384 201 1561 229 circumdatis
1580 201 1739 230 universam
1761 207 1818 230 ter:

1026 255 1086 275 ram
1098 248 1132 276 ⁸⁵.
1154 258 1164 275 ι
1189 248 1259 276 Olim
1285 249 1420 284 siquidem
1446 249 1474 276 in
1494 241 1588 276 Iudaea
1605 253 1712 276 tantum
1735 253 1819 276 notus

1027 300 1085 321 erat
1100 294 1233 322 Dominus
1246 294 1268 311 "
1285 304 1291 321 :
1312 303 1374 322 cum
1388 296 1411 322 ei
1428 295 1484 330 jam
1503 303 1584 323 omne
1604 304 1675 331 genu
1693 295 1819 324 ﬂectatur
1859 317 1866 321 .

1027 339 1173 374 omnisque
1198 340 1290 375 lingua
1320 339 1465 367 Dominum
1489 340 1584 368 Iesum
1619 340 1760 370 Christum
1790 343 1817 369 in

1027 383 1143 418 gloriam
1159 383 1206 412 Dei
1223 384 1315 412 Patris
1328 385 1489 420 proﬁteatur
1498 385 1532 413 ⁸⁷.
1548 385 1618 414 Hinc
1632 390 1660 414 et
1678 385 1725 413 illa
1739 386 1819 414 Dari~

1027 429 1070 458 dis
1086 439 1093 458 :
1112 429 1234 458 «Omnes
1245 434 1351 466 gentes,
1372 430 1494 466 plaudite
1512 431 1639 458 manibus
1654 431 1690 466 ⁵⁸,
1709 441 1718 457 ι
1737 436 1818 459 ciete-

1027 484 1114 512 raque
1141 477 1284 513 deinceps.
1310 477 1345 505 Et
1369 477 1415 505 illa
1446 487 1453 505 :
1487 487 1496 504 ι
1521 478 1655 506 Dominus
1681 478 1816 513 regnavit,

1027 521 1146 550 exsultet
1168 525 1243 550 terra
1258 522 1292 550 δ’.
1312 531 1321 548 ι
1344 521 1508 550 lmmoratur
1532 526 1623 550 autem
1646 523 1673 550 in
1691 523 1736 556 iis,
1751 524 1817 558 aquat

1027 566 1139 595 deserta:
1151 567 1237 600 ﬁunt,
1268 568 1512 603 promissionlbus,
1530 572 1557 596 et
1580 569 1654 596 addit
1673 577 1680 596 :
1705 568 1767 596 Non
1788 570 1817 596 ul

1027 614 1165 642 mulierem
1188 614 1360 647 derelictam,
1382 619 1409 642 et
1433 614 1630 648 pusillanimem
1660 615 1762 642 vocavit
1793 620 1817 642 te

1028 658 1169 686 Dominus.
1186 657 1349 686 Derelictam
1360 658 1490 686 nimirum
1508 658 1652 694 Scriptura
1669 663 1748 686 vocat
1761 667 1818 686 mu-

1028 704 1129 735 lierem.
1142 707 1209 740 'qu
1226 704 1310 732 certis
1328 704 1363 732 de
1385 704 1496 737 causis.
1517 704 1640 732 libellum
1659 705 1766 740 repudii
1785 713 1817 732 ex

1027 748 1095 784 legis
1104 749 1266 784 praescripto
1280 749 1427 784 acceperit.
1440 748 1568 777 Odiosum
1579 753 1681 781 autem.
1699 749 1819 777 lascivize

1027 801 1054 824 et
1071 797 1288 832 intemperantia:
1302 801 1457 823 accusatam
1471 804 1478 828 ;
1496 795 1540 823 cui
1558 802 1609 823 nec
1624 794 1695 823 male
1707 795 1820 829 pusilla-

1027 842 1160 870 nimitatis
1176 841 1280 869 crimen
1298 841 1446 869 conveniat
1457 861 1464 871 .
1486 841 1588 876 quippe
1602 848 1663 876 quae
1678 841 1743 869 forti
1757 848 1819 869 esse

1027 888 1141 920 animo,
1166 887 1390 923 matrimoniique
1423 887 1516 922 iugum
1538 886 1611 914 l‘erre
1632 893 1688 914 non
1711 886 1817 917 valeat;

1025 932 1136 968 qualem
1151 932 1225 967 sejn
1247 931 1334 959 Deum
1349 931 1408 967 ipsa
1426 930 1582 959 Iudaeorum
1603 930 1744 967 Synagoga
1756 935 1819 967 post

1026 977 1125 1013 legem,
1148 985 1197 1012 per
1218 984 1301 1012 quam
1317 976 1372 1004 Deo
1396 977 1545 1011 conjuncta
1568 975 1668 1010 fuerat,
1690 977 1816 1012 praebuit,

1025 1031 1089 1051 eum
1115 1024 1149 1052 ad
1170 1023 1298 1059 .Egyptia
1319 1030 1349 1052 se
1366 1030 1479 1051 rursum
1498 1022 1673 1051 contulisset.
1691 1022 1761 1050 Hinc
1775 1028 1818 1051 est

1027 1070 1120 1105 igitur,
1142 1069 1215 1105 quod
1228 1077 1260 1097 ea
1276 1069 1402 1105 expulsa,
1422 1077 1470 1105 per
1486 1069 1816 1105 prophetam/quemdam

1026 1115 1054 1143 in
1068 1115 1141 1143 hunc
1156 1114 1267 1143 modum
1277 1115 1334 1143 ait:
1351 1124 1360 1141 ι
1378 1114 1527 1150 lnjjudicio
1543 1122 1605 1142 eum
1625 1118 1712 1142 matre
1724 1118 1816 1143 vestra

1026 1160 1202 1194 contendite;
1229 1161 1359 1196 quoniam
1394 1161 1454 1196 ipsa
1486 1166 1556 1188 uxor
1583 1167 1644 1188 mea
1670 1168 1727 1189 non
1755 1166 1817 1194 est,

1026 1212 1115 1240 neque
1147 1212 1198 1240 ego
1222 1205 1265 1232 vir
1283 1205 1344 1240 ejus
1357 1204 1390 1231 ⁵ο.
1418 1214 1426 1229 ι
1453 1203 1606 1238 ϐςοιοτυηι,
1643 1204 1676 1233 de
1710 1205 1817 1233 adnltc-

1025 1251 1067 1277 rio
1090 1250 1150 1285 ejus
1175 1250 1296 1278 disserit.
1323 1250 1416 1285 Neque
1454 1258 1518 1278 vero
1537 1250 1609 1286 quod
1634 1255 1709 1278 esset
1739 1252 1817 1279 adula

1026 1296 1086 1323 tcrii
1112 1303 1199 1330 genus
1228 1295 1339 1322 reticuit
1371 1294 1508 1327 Ezechiel,
1542 1302 1605 1322 cum
1636 1295 1706 1322 duas
1731 1295 1815 1323 veluti

1025 1348 1125 1369 uxores
1140 1347 1300 1373 assumens,
1316 1339 1410 1366 Oolam
1429 1343 1457 1367 et
1477 1339 1594 1372 Olibam,
1616 1339 1716 1374 quibus
1735 1339 1816 1367 Jerué

1025 1387 1109 1415 salem
1125 1386 1287 1416 etSamaria
1302 1385 1505 1422 signiﬁcantur,
1517 1385 1676 1414 earumdem
1690 1386 1815 1422 impieta-

1025 1438 1077 1465 tes,
1094 1440 1155 1468 quae
1174 1440 1240 1460 suos
1265 1432 1333 1468 ipsae
1357 1431 1459 1459 liberos
1480 1431 1562 1459 idolis
1585 1436 1748 1464 mactarent,
1766 1439 1815 1467 per

1025 1480 1170 1515 ignemque
1187 1479 1347 1514 trajicerent
1375 1477 1459 1514 (quod
1484 1477 1648 1505 adulterium
1678 1479 1813 1512 nominat)

1024 1526 1142 1562 explicat
1153 1525 1188 1552 ".
1204 1524 1271 1551 Eam
1285 1524 1377 1559 itaque
1397 1524 1423 1551 in
1437 1523 1495 1551 haec
1505 1523 1589 1551 verba
1604 1530 1652 1558 per
1666 1522 1813 1550 Jeremiam

1022 1572 1172 1606 alloquitur
1193 1579 1200 1597 :
1219 1579 1228 1595 α
1247 1570 1381 1605 Aspectus
1397 1569 1480 1605 614
1500 1570 1655 1597 meretricis
1669 1569 1718 1597 tibi
1739 1569 1812 1603 fuit;

1020 1615 1216 1650 nullorumque
1236 1618 1262 1642 te
1279 1613 1374 1649 puduit
1388 1613 1420 1639 ".
1441 1622 1450 1638 ›
1476 1613 1509 1639 At
1527 1621 1585 1647 vos,
1603 1614 1701 1649 inquit,
1718 1614 1766 1649 qui
1780 1615 1813 1642 de

1020 1660 1148 1697 gentibus
1167 1660 1246 1690 estis.
1265 1666 1319 1687 non
1339 1659 1456 1686 istorum
1471 1666 1548 1686 more
1563 1659 1653 1687 vocati
1670 1661 1749 1688 estis.
1777 1660 1812 1689 lis

1020 1708 1094 1736 enim
1110 1707 1179 1743 ipsis
1193 1706 1314 1739 caecitas,
1326 1704 1409 1732 Paulo
1423 1708 1505 1738 teste,
1517 1712 1550 1733 ex
1565 1708 1643 1741 parte
1651 1706 1768 1741 contigit
1778 1705 1812 1734 ⁵³.

1022 1753 1094 1782 Sunt
1115 1760 1212 1781 rursus
1240 1757 1267 1780 et
1291 1752 1412 1787 ipsorum
1430 1751 1514 1784 oculi,
1535 1758 1570 1779 ne
1586 1751 1707 1785 videant,
1723 1753 1813 1780 θυαε*
1855 1767 1857 1769 -

1021 1800 1086 1828 cati.
1104 1799 1174 1827 Sunt
1186 1803 1213 1827 et
1230 1798 1334 1826 eisdem
1353 1802 1426 1833 terga
1442 1805 1475 1826 eo
1495 1798 1568 1833 ipso,
1593 1798 1668 1834 quod
1693 1798 1812 1827 terrenis

1022 1854 1131 1882 semper
1150 1845 1270 1877 inhiant,
1294 1844 1437 1872 incurvata
1451 1852 1458 1870 :
1472 1851 1535 1872 cum
1551 1848 1647 1880 gentes
1663 1845 1810 1876 illustrari.

1022 1893 1225 1931 splendescere,
1241 1898 1393 1926 omnesque
1413 1889 1491 1922 adeo,
1515 1897 1570 1917 non
1590 1890 1710 1926 ipsarum
1729 1890 1811 1917 modo

175 1943 307 1978 reliquias
330 1944 437 1971 set‘rari
466 1944 625 1979 contigerit.
650 1943 893 1972 Verumenimvero
918 1950 1032 1978 teutpore
1044 1941 1149 1970 modico
1167 1939 1271 1974 'reliqui
1301 1944 1334 1970 te,
1362 1937 1467 1972 adjicit.
1486 1946 1495 1962 ι
1515 1935 1710 1971 Superioribus
1737 1936 1809 1963 enim

173 1991 311 2025 aetatibus,
329 1992 368 2019 ait
385 1991 494 2024 Petrus,
510 1997 604 2028 gentes
619 1992 744 2027 permisit
770 1992 843 2021 Deus
859 1993 888 2020 in
909 1994 961 2020 viis
981 1992 1040 2020 suis
1054 1989 1195 2018 ambulare
1205 1987 1238 2014 ⁸⁸.
1259 1997 1268 2012 ι

209 2038 328 2073 Βραχὺς
340 2038 369 2065 δὲ
384 2039 401 2065 ὀ
417 2037 520 2073 καιρὸς
537 2038 607 2074 πρὸς
629 2039 676 2066 τὸν
693 2039 740 2066 τοῦ
754 2039 862 2072 ἐλέους
875 2040 966 2075 κρινό-

174 2093 255 2121 μενος
277 2085 317 2116 είς
344 2084 477 2120 ἀπείρους
501 2084 603 2116 αίῶνας
619 2084 919 2121 διατρέχοντα.¹Έλεος
938 2086 966 2112 δὲ

1057 2038 1106 2065 Est
1127 2043 1223 2071 magna
1246 2041 1326 2069 porro
1344 2032 1467 2067 temporis
1481 2031 1605 2064 brevitas,
1617 2030 1640 2058 si
1657 2038 1720 2057 cum
1733 2031 1812 2057 mise-

1020 2082 1138 2111 ricordia
1152 2080 1319 2111 conferatur,
1350 2085 1410 2112 qum
1431 2077 1458 2104 in
1475 2077 1582 2103 inlinita
1604 2083 1691 2111 usque
1709 2076 1809 2103 saecula

170 2130 258 2165 μέγα.
277 2129 307 2156 τὸ
320 2129 365 2156 διὰ
378 2128 499 2165 Χριστοῦ
517 2129 605 2164 ῥύπου
626 2129 727 2161 παντὸς
743 2129 903 2165 ἐλευθεροῦν
917 2130 965 2156 καὶ

1023 2128 1166 2165 percurrit.
1191 2125 1240 2155 Est
1259 2132 1325 2152 vero
1347 2129 1374 2151 et
1398 2131 1495 2158 magna
1515 2122 1719 2155 misericordia,
1747 2129 1809 2157 quae

173 2176 322 2208 κολάσεως,
336 2177 384 2203 καὶ
401 2176 523 2212 παρέχον
538 2175 677 2207 υἱοθεσίας
691 2175 811 2211 ἀξίωμα,
828 2176 875 2202 καὶ
889 2175 966 2211 βασι-

173 2221 250 2254 λείας
263 2221 387 2257 οὐρανῶν
403 2221 590 2258 κληρονόμους
605 2221 708 2248 ποιοῦν.
719 2219 787 2249 Εἶτά
796 2229 888 2257 φησιν·
899 2221 965 2248 Ἀπὸ

171 2268 226 2296 τοῦ
240 2268 350 2302 ὓδατος
374 2268 429 2296 τοῦ
451 2268 501 2296 ἐπὶ
524 2268 589 2295 Νῶε
611 2267 699 2295 τοῦτό
718 2268 771 2303 μοι
788 2268 922 2295 ἐστιν-,Ὀ
938 2267 966 2294 δὲ

172 2315 320 2350 Σύμμαχος
336 2314 396 2342 ὅλον
410 2315 497 2347 οὕτως
511 2314 657 2347 ἐξέδωκεν·
684 2315 732 2348 Ὡς
743 2315 774 2341 αἱ
788 2314 893 2349 ἡμέραι
903 2313 967 2341 Νῶε

172 2361 262 2389 τοῦτό
278 2361 397 2396 μοι.”Ως
411 2361 516 2396 ὤμοσα
527 2360 571 2395 μὴ
589 2360 728 2388 ἐπελθεῖν
748 2360 827 2395 ὕδωρ
842 2359 906 2387 Νῶε
922 2360 966 2387 ἔτι

171 2407 222 2436 ἐπὶ
245 2407 304 2442 τὴν
328 2407 397 2442 γῆν,
409 2407 504 2440 οὕτως
528 2406 694 2442 ὠμοσάμην
717 2406 760 2441 μὴ
788 2405 966 2442 ὀργισθῆναί

171 2461 231 2486 σοι,
244 2453 323 2489 μηδὲ
342 2453 517 2488 ἐπιτιμῆσαι
531 2459 591 2480 σοι.
608 2453 646 2480 Τὰ
670 2451 726 2487 γὰρ
740 2452 794 2487 ὅρη
812 2452 963 2486 σαλευθή-

171 2507 288 2530 σονται,
303 2498 352 2526 καὶ
365 2500 391 2526 οι
399 2498 509 2531 ,βουνοί
524 2498 776 2532 ταραχθήσογται·
790 2498 824 2525 τὸ
835 2497 869 2525 δὲ
878 2498 965 2531 ἔλεός

167 2555 228 2581 μου
244 2545 304 2573 ἀπὸ
321 2545 379 2573 σοῦ
394 2545 451 2572 οὐκ
465 2544 744 2579 ἀποστραφήσεται,
773 2543 845 2571 οὐδὲ
859 2544 879 2578 ἠ
900 2544 963 2571 δια-

170 2591 248 2627 θήκη
263 2592 318 2626 τῆς
331 2591 453 2626 εἰρήνης
477 2599 538 2626 μου
561 2590 817 2625 ἁνακληθήσεται,
836 2588 920 2618 εἶπεν
947 2592 963 2618 ὀ

169 2638 323 2672 οἰκτείρων
337 2645 374 2665 σε
388 2638 505 2673 Κύριος.
515 2636 619 2664 Θᾶττον
626 2637 691 2672 γὰρ,
701 2637 780 2672 φησὶ,
795 2636 831 2663 τὰ
844 2636 897 2672 ὄρη
909 2645 960 2672 με-

169 2681 371 2713 ταστήσονται
395 2682 450 2709 τῶν
474 2682 583 2709 οἰκείων
606 2681 707 2714 τόπων,
722 2681 771 2708 καὶ
798 2682 826 2709 ol
851 2682 961 2714 βουνοί

225 2772 248 2789 ’⁵⁸
263 2771 378 2800 Zachar.
396 2772 452 2805 xiv,
465 2772 492 2800 9.
539 2772 563 2789 ‘°
581 2771 654 2800 Psal.
687 2779 768 2804 Lxxv,
781 2771 807 2798 i.

169 2805 193 2823 '°
212 2805 291 2836 Osee.
304 2808 370 2842 11,2.
408 2807 540 2835 "Ezeelt.
558 2808 679 2841 xxtu,36
688 2815 764 2842 seqq.

352 2867 487 2898 Pauor"
510 2866 568 2897 Gn.
591 2865 780 2897 LXXXVII.

863 2771 885 2788 "
900 2770 1018 2807 Philipp.
1037 2778 1068 2804 tt,
1083 2771 1137 2807 NlL
1152 2770 1196 2799 li.

805 2808 828 2824 "
839 2806 940 2835 iurem.
962 2806 1002 2842 tit,

1019 2182 1070 2204 nos
1095 2173 1169 2202 omni
1192 2170 1364 2200 immunditia
1389 2173 1416 2196 et
1438 2168 1543 2196 ultione
1558 2175 1606 2203 per
1619 2166 1760 2195 Christum
1777 2168 1811 2195 li-

1017 2222 1110 2254 herat;
1133 2228 1194 2255 qua:
1214 2217 1370 2253 adoptionis
1399 2215 1560 2250 dignitatem
1586 2214 1720 2250 largitur;
1747 2221 1808 2249 qua:

1019 2268 1097 2304 regni
1123 2265 1244 2294 cmlestis
1264 2264 1387 2292 haeredes
1419 2262 1494 2289 facit.
1521 2261 1652 2296 Sequitur
1678 2260 1777 2288 deinde
1799 2269 1806 2287 :

1018 2316 1056 2342 Ab
1072 2322 1152 2350 aqua,
1162 2319 1220 2348 qua;
1228 2312 1279 2346 fui!
1295 2310 1342 2338 sub
1357 2309 1424 2341 Noe,
1440 2309 1488 2335 hoc
1501 2308 1566 2335 mihi
1579 2312 1629 2340 est,
1642 2314 1692 2343 pro
1705 2307 1806 2342 quibus

1018 2365 1105 2388 totum
1123 2360 1175 2386 hoe
1188 2359 1224 2385 ita
1236 2355 1354 2384 reddidit
1366 2353 1549 2390 Symmachus
1567 2361 1574 2380 :
1589 2352 1664 2381 Sicut
1679 2352 1736 2379 dies
1747 2351 1805 2379 Noe

1016 2405 1088 2434 istud
1113 2404 1179 2431 mihi
1199 2407 1249 2430 est.
1275 2400 1349 2428 Sicut
1377 2400 1469 2435 juravi
1486 2407 1539 2426 non
1560 2402 1694 2425 uenturam
1707 2405 1805 2432 aquam

1018 2454 1077 2482 Noe
1090 2452 1205 2487 amplius
1216 2451 1245 2478 in
1260 2454 1359 2477 terram
1368 2469 1376 2480 ,
1394 2448 1432 2475 sic
1436 2447 1528 2483 juravi
1542 2445 1612 2482 quod
1625 2453 1677 2474 non
1691 2445 1804 2478 irascar,

1014 2506 1095 2534 neque
1116 2494 1271 2524 succensebo
1286 2494 1344 2521 tibi.
1361 2492 1465 2521 Monte:
1477 2492 1546 2520 enim
1562 2490 1804 2523 commovebuntur,

1013 2547 1039 2569 et
1065 2540 1145 2569 colles
1167 2539 1395 2568 conturbabunlur
1412 2546 1421 2565 :
1436 2537 1620 2565 misericordia
1639 2541 1725 2564 autem
1745 2541 1804 2564 mea

1015 2597 1066 2616 non
1080 2586 1181 2615 recedet
1192 2594 1209 2613 a
1221 2591 1255 2614 te.
1273 2584 1364 2621 Neque
1384 2588 1570 2612 testamentum
1594 2584 1667 2618 pacis
1689 2591 1753 2612 mete
1763 2591 1804 2610 re-

1015 2634 1169 2665 vocabitur;
1186 2632 1255 2660 dixit
1281 2632 1327 2667 qui
1352 2632 1399 2658 tibi
1422 2631 1562 2658 miseretur
1593 2630 1731 2658 Dominus.
1759 2628 1805 2658 Cias

1014 2682 1068 2709 tius
1095 2679 1180 2712 enim,
1214 2678 1312 2714 inquit,
1341 2682 1440 2706 montes
1460 2677 1512 2714 ipsi
1541 2677 1600 2706 suis
1620 2676 1689 2706 locis
1715 2684 1802 2704 moved

1246 2767 1270 2786 ’⁵⁸
1288 2769 1360 2798 Psal.
1384 2776 1457 2802 var,
1479 2768 1508 2796 2.
1560 2768 1582 2784 δ’
1595 2763 1670 2796 Psal.
1685 2773 1756 2799 xcvr,
1776 2765 1801 2793 Ι.

1357 2805 1380 2820 ⁸³
1397 2803 1469 2832 Petr.
1491 2811 1528 2836 iv,
1548 2803 1576 2831 3.

1580 2863 1619 2893 80

1015 2808 1042 2835 5.
1080 2807 1103 2823 ⁵³
1120 2805 1199 2833 Rom.
1214 2813 1250 2837 xl,
1273 2804 1319 2832 25.
