1999 3076
195 129 265 160 2539

858 124 1031 155 PROCOPII
1051 123 1171 153 GALEI

1752 121 1822 154 2540

197 186 304 217 lumlur,
325 189 349 211 ct
375 185 454 211 colles
478 183 721 215 conturbabtmtur,
738 190 818 217 quam
842 183 985 210 misericor-

1038 181 1313 216 rapaZOIchortutﬂ‘,
1330 181 1361 207 τὸ
1377 181 1450 216 ἐμέν
1464 181 1549 215 ἕλεος
1565 181 1622 210 ἀπὸ
1638 181 1698 210 σοῦ
1713 182 1824 218 κινηθή-

197 231 240 257 diu
252 238 307 257 mea
320 239 335 256 α
351 234 373 256 te
387 228 652 261 dinmveaturﬂuod
672 229 693 255 si
709 229 741 255 ad
758 228 918 263 interpretes
936 229 984 256 Se-

197 277 336 311 ptuaginta
344 275 525 310 respicis,non
531 275 684 310 exemplum
691 274 880 307 adhibere,scd
886 273 985 301 docere

197 323 288 357 potius
307 329 354 348 eos
369 321 500 356 reperias,
523 320 606 347 Deum
620 320 675 354 jam
692 320 755 347 inde
769 327 784 346 a
804 320 907 347 diluvio
920 327 982 347 cum

198 368 339 394 hominum
355 367 475 402 peccatis
488 374 542 393 non
559 366 675 401 amplius
686 365 827 393 decertare
841 365 982 398 statuisse,

198 420 336 447 unamque
356 412 487 440 adversus
503 419 597 439 omnes
624 412 715 438 tnultze
730 411 863 439 rationem
890 411 983 440 decre-

196 459 269 486 visse
283 468 290 485 :
305 466 359 493 quo
373 458 471 486 deinde
492 462 612 493 tempore
631 465 692 484 eum
720 457 877 486 hominibus
893 466 984 486 versa-

196 511 240 532 tus
255 508 296 531 est
309 504 445 536 Christus,
462 511 557 531 omnes
577 503 651 538 justo
677 503 722 530 Dei
741 505 846 532 calculo
865 508 983 532 veterem

197 549 269 576 illam
284 555 401 583 poenam,
415 548 458 574 cui
474 547 574 582 pariter
586 552 663 574 erant
683 549 806 580 obnoxii,
830 549 922 576 subire
940 548 984 576 de-

197 595 305 625 buisse,
326 593 373 621 sed
387 594 453 619 iram
474 601 502 619 se
531 593 557 618 in
578 593 786 620 misericordiam
804 593 885 629 615
908 601 983 620 eom-

197 645 312 671 tnutare,
334 644 359 664 et
386 647 445 672 qua)
461 645 474 663 a
494 646 521 664 Sl'
539 638 649 664 deﬁnita
665 639 828 672 decretaque
841 643 914 670 sunt,
933 638 982 665 ob-

197 692 308 712 servare
331 689 357 710 et
376 683 503 710 retinere.
530 682 575 709 Est
606 690 670 709 vero
695 683 768 716 pacis
798 687 983 710 tcstanmttum

196 736 245 762 per
260 728 411 754 Christum.
428 726 474 752 Est
492 726 563 752 enim
587 726 642 760 ipse
655 734 706 761 pax
726 730 818 754 nostra
830 727 854 742 ⁸⁵
873 735 880 753 :
900 734 980 762 qttant

196 774 316 808 postulat
332 773 416 799 Isaias
439 771 481 798 his
497 772 588 799 verbis
605 782 610 798 :
630 781 639 796 ‹
660 771 770 799 Domine
782 771 854 799 Deus
875 776 980 804 noster,

197 827 291 854 pacem
313 819 347 845 da
372 818 461 849 nobis,
483 818 543 851 quia
563 817 654 844 omnia
671 818 805 845 tradidisti
831 819 953 846 nobis”.
968 828 977 844 ι

1036 237 1122 254 σεται.
1140 228 1217 254 Κατὰ
1237 228 1265 254 δὲ
1285 228 1348 259 τοὺς
1363 229 1401 259 0’,
1418 228 1468 254 οὐκ
1486 228 1543 254 ἔστι
1560 229 1821 264 παραδειγματικδν,

1033 273 1107 308 δηλοί
1129 273 1156 300 δὲ
1175 273 1286 308 μᾶλλον,
1301 273 1338 305 ὡς
1359 273 1412 300 ἀπὸ
1427 273 1472 300 τοῦ
1489 274 1682 309 κατακλυσμοῦ
1697 275 1823 310 κέκριταί

1035 329 1079 356 μοι
1094 320 1130 356 μὴ
1143 322 1200 351 τοῖς
1213 320 1390 356 ἀνθρωπίνοις
1405 321 1591 355 φιλονεικῆσαι
1603 320 1766 355 πταίσμασι,
1776 321 1823 348 καὶ

1035 366 1099 401 μίαν
1116 366 1186 393 κατὰ
1211 366 1319 393 πάντων
1334 366 1423 400 ὁρίσαι
1438 366 1525 402 δίκην,
1540 366 1626 402 δηλῶν
1643 367 1680 398 ὡς
1695 367 1741 393 καὶ
1756 366 1824 393 καθ’

1033 411 1081 438 (wh
1105 412 1260 448 ἐπεδήμησε
1274 413 1379 448 χρόνον,
1396 412 1456 449 θείᾳ
1470 413 1553 449 ψήφῳ
1573 413 1676 445 πάντας
1696 413 1751 440 ἔδει
1774 412 1823 448 τὴν
1864 414 1869 418 “

1033 458 1153 493 ἀρχαίαν
1177 459 1284 493 ἐκείνην
1305 459 1456 494 προστῆναι
1477 460 1566 495 δίκην.
1595 459 1651 486 Καὶ
1673 460 1727 495 γὰρ
1754 457 1824 494 ἦσαν

1033 505 1135 539 ὁμοίως
1151 505 1315 532 ὑπεύθυνοι·
1332 505 1400 532 ἀλλὰ
1414 506 1471 541 τὴν
1484 506 1578 541 ὀργὴν
1593 506 1737 542 μεταφέρω
1756 506 1824 541 πρὺς

1033 550 1131 583 ἔλεον,
1148 551 1193 577 τὸν
1217 552 1280 588 ὅρον
1307 552 1447 586 φυλάττων
1469 551 1515 578 τὸν
1542 551 1711 586 ἑμαυτοῦ.Ἦ
1725 551 1753 577 δὲ
1769 550 1824 585 τῆς

1033 595 1153 629 εΙρήνης
1179 596 1316 630 διαθήκη,
1330 596 1373 622 διὰ
1395 596 1524 632 Χριστοῦ.
1548 596 1633 626 Αὐτὸς
1649 596 1702 631 γάρ
1718 597 1791 622 ἐστιν
1805 597 1821 630 ὴ

1033 643 1129 677 εἰρήνη
1143 642 1232 677 ἡμῶν,
1248 633 1336 677 ἥνπερ
1357 644 1469 674 Ἡσαΐας
1482 643 1563 669 αἰτῶν
1579 642 1629 676 ἕςη
1643 651 1649 657 ·
1666 652 1675 668 ‹
1695 642 1793 677 Κύριε,
1809 642 1824 668 ὁ

1033 687 1099 718 Θεὸς
1117 688 1206 723 ἡμῶν,
1224 689 1334 723 εἰρήνην
1347 688 1389 719 δὸς
1405 689 1483 723 ήμίν·
1502 688 1590 715 πάντα
1604 688 1657 723 γὰρ
1679 687 1823 718 ἀπέδωκας

1033 733 1108 767 ἡμῖν.
1127 743 1135 758 ι
1156 734 1206 759 Διὰ
1218 733 1339 769 Χριστοῦ
1363 734 1416 768 γὰρ
1435 734 1557 768 συνήφθή
1569 733 1617 768 μὲν
1633 732 1671 768 τῷ
1693 733 1754 767 Θεῷ
1775 732 1823 759 καὶ

1034 778 1148 814 Πατέρι.
1165 779 1258 806 Ταῦτα
1273 779 1338 811 Θεὸς
1357 780 1553 814 ἐπαγγέλλεται
1566 779 1606 814 τῷ
1627 779 1750 806 θεοσεϐεῖ
1771 787 1822 805 πο-

1033 823 1187 858 λιτεύματι,
1203 824 1217 851 ὃ
1244 825 1364 860 μετέστη
1392 826 1460 861 πρὸς
1475 828 1509 852 τὰ
1530 825 1605 860 ἔθνη,
1619 825 1674 852 τῶν
1686 824 1822 852 Ἰουδαίων

197 866 248 893 Per
275 865 412 892 Christum
432 863 504 889 cnitn
524 863 577 889 Deo
597 866 623 889 et
637 862 710 890 Patri
735 864 855 898 copulati
875 871 979 892 sttmus.

1037 871 1200 904 μεταπεσόν.

196 914 284 948 Atque
303 913 360 939 lucc
373 911 481 946 quidem
501 911 565 942 illis,
581 911 627 945 qui
642 911 674 938 ad
689 911 798 946 pietatis
816 911 970 939 institutum
989 914 1184 954 degunt,quod
1201 926 1215 946 a
1233 917 1336 946 Judmis
1347 918 1497 954 neglectum
1516 918 1549 945 ad
1567 923 1660 953 gentes
1685 917 1822 949 transit-it,

199 960 270 987 Deus
287 959 343 994 ipse
357 958 507 992 pollicetur.

232 1004 325 1037 Qualis
341 1006 430 1029 autem
442 1007 513 1029 esset
525 1002 595 1038 apud
616 1001 724 1030 Judrcos
741 1002 824 1030 divini
838 1004 926 1032 cultus
940 1013 982 1032 ra-

197 1054 235 1079 tio
246 1056 339 1087 aperte
351 1050 465 1082 indicat,
479 1057 540 1077 cum
566 1050 689 1077 humilem
705 1055 729 1077 ει
756 1051 906 1078 instabilem
923 1059 982 1079 eam

197 1098 324 1133 appellat,
337 1088 471 1130 tanquam
497 1104 557 1130 ane
576 1097 603 1123 itt
629 1103 760 1131 corporea
774 1097 983 1125 circumcisione

198 1150 226 1172 et
244 1143 366 1170 victimis
384 1146 550 1169 versaretur.
569 1141 652 1169 Erant
667 1150 733 1170 vero
750 1146 774 1169 ct
802 1148 895 1178 gentes
920 1143 984 1177 ipsa

198 1189 321 1220 Immites,
337 1195 398 1222 qum
416 1187 570 1214 datmonum
582 1187 785 1215 incursionibus
796 1188 871 1214 nullo
882 1196 984 1222 proptr--

199 1239 300 1272 gnante
319 1234 458 1269 patebant.
478 1233 524 1259 Est
547 1239 573 1260 et
602 1234 752 1260 errantium
781 1241 830 1261 cor
851 1234 984 1266 instabile,

200 1281 393 1316 ebriorumque
413 1286 498 1312 ntere,
519 1279 716 1314 cupiditatibus
743 1280 873 1314 agitatur,
897 1284 924 1307 et
937 1287 984 1307 va-

201 1327 286 1356 cillat.
301 1326 428 1359 Quolibet
453 1326 525 1352 enim
547 1325 644 1359 spiritu
681 1325 924 1360 circumaguntur;
947 1330 984 1358 et,

201 1373 275 1409 quod
301 1375 342 1399 cst
368 1372 394 1398 in
411 1371 606 1403 Proverbio",
633 1371 779 1406 rapiuntur
806 1371 986 1406 cupiditatum

201 1419 327 1447 turbine:
343 1417 434 1453 qualia
449 1414 662 1452 patiJcrnsalem
679 1413 732 1444 non
752 1417 812 1444 sine
824 1418 939 1445 crimine
950 1419 987 1446 si-

204 1464 344 1500 gniﬁcavit
362 1463 506 1495 Dominus,
527 1470 588 1489 ctttn
603 1470 661 1489 eam
678 1462 776 1489 anima:
786 1469 842 1490 sua:
854 1462 988 1497 cupidita-

201 1511 286 1541 tibus,
312 1514 440 1543 tanquam
476 1512 566 1541 vento,
595 1508 690 1543 agitari
718 1512 832 1543 questus
857 1513 908 1537 est.
940 1508 989 1536 list

200 1564 266 1584 vero
279 1563 339 1590 qum
351 1554 447 1590 spititu
469 1554 524 1588 rapi
543 1562 572 1581 se
588 1554 690 1588 patitur
704 1555 806 1586 anima,
829 1554 911 1582 etiam
932 1562 990 1582 ont-

202 1602 267 1630 nino
288 1600 429 1628 instabilis.
449 1600 503 1626 Cur
524 1605 613 1627 autent
632 1605 657 1626 et
681 1599 878 1627 misericordem
894 1607 923 1627 se
932 1599 990 1628 fore

201 1647 296 1675 addit?
313 1645 434 1673 l’rimum
450 1646 575 1680 quidem,
602 1645 667 1680 quia
686 1646 844 1673 misericors
872 1645 929 1680 ipse
941 1646 987 1674 sit.

201 1692 303 1720 Deinde
319 1700 383 1719 vero
413 1692 483 1726 qaia‘
501 1691 681 1719 consolatione
697 1691 755 1727 ipsa
773 1691 870 1718 caruit.
887 1690 990 1719 Deinde

201 1738 294 1770 ctiatn,
319 1739 382 1772 quia
401 1738 434 1773 (si
460 1741 493 1764 de
518 1737 562 1772 pio
581 1737 650 1772 apud
679 1736 788 1765 Judmos
823 1737 885 1764 vita:
912 1737 989 1765 insti-

201 1787 260 1810 tuto
278 1790 368 1811 sermo
382 1783 428 1817 sit)
454 1783 585 1817 propheta
610 1783 712 1816 nullus,
735 1787 782 1810 aut
805 1783 879 1818 pius,
897 1788 988 1812 tantus

200 1834 253 1861 cst,
270 1833 300 1856 ut
323 1828 388 1856 illud
419 1835 544 1856 revocare
567 1833 593 1856 et
618 1828 770 1856 instaurare
802 1835 895 1864 queat.
919 1829 988 1862 Quia

200 1875 318 1910 denique
341 1875 374 1909 (si
401 1874 433 1902 tle
456 1875 583 1909 gentibus
609 1875 716 1910 agatur)
747 1875 831 1911 legem
856 1876 908 1911 ipsi
942 1881 989 1904 attt

202 1922 359 1956 prophetas.
372 1921 418 1956 qui
434 1928 482 1948 eos
499 1922 532 1947 ad
546 1921 687 1956 spirituale
714 1922 797 1950 robur
824 1923 987 1958 int-itarnnt,

202 1967 275 1993 sicut
291 1965 430 1998 Israelilze,
450 1973 504 1992 non
524 1965 642 2000 amplexi
660 1971 738 1993 sunt:
754 1966 828 2001 quod
857 1975 904 2000 per
927 1976 985 2000 eos.

202 2011 249 2046 qui
268 2011 354 2037 ttltimi
374 2011 401 2038 in
416 2010 548 2045 parabola
564 2010 689 2038 mercede
707 2011 835 2038 conducti
855 2016 929 2044 sunt,
945 2013 988 2040 in-

202 2055 312 2083 dicatur
323 2076 330 2086 .
349 2063 410 2082 cum
427 2056 573 2090 quaerenti,
589 2055 654 2090 quid
670 2055 725 2082 illic
741 2059 826 2082 tottttn
845 2056 915 2083 diem
929 2061 986 2084 sta-

201 2105 264 2128 rent
280 2101 382 2134 otiosi,
398 2102 461 2135 quia
485 2108 501 2127 a
535 2101 643 2128 nemine
661 2100 889 2135 conducerentur,
904 2101 985 2129 iidem

1073 1007 1125 1034 Οἴα
1146 1007 1174 1033 δὲ
1197 1006 1263 1042 παρ’
1281 1007 1418 1038 Ἰουδαίοις
1444 1004 1478 1042 ἧν
1500 1007 1517 1042 ἡ
1539 1007 1666 1042 θεοσεϐὴς
1688 1006 1822 1038 πολιτεία,

1037 1053 1197 1089 παρίστησι,
1210 1053 1357 1086 ταπεινὴν
1374 1053 1422 1080 καὶ
1439 1052 1647 1080 ἀκατάστατον
1665 1052 1767 1087 ταύτην
1783 1052 1823 1078 ει-

1038 1099 1095 1126 πών
1105 1107 1112 1113 ⁸
1131 1099 1273 1134 σωματικὴ
1294 1098 1348 1133 γὰρ
1363 1095 1396 1133 ἦν
1412 1098 1556 1134 περιτομὴ,
1573 1098 1619 1124 καὶ
1632 1097 1731 1124 θυσίαι.
1747 1097 1779 1124 Οἱ
1793 1096 1824 1130 ἐξ

1036 1143 1121 1170 ἐθνῶν
1134 1144 1162 1170 δὲ
1178 1144 1225 1171 καὶ
1241 1145 1300 1175 ταῖς
1314 1143 1368 1170 τῶν
1386 1144 1530 1180 δαιμονίων
1544 1144 1647 1178 ἐφόδοις
1669 1143 1824 1170 εὐεπίϐατοι

1037 1188 1180 1223 γεγονότες
1196 1190 1338 1216 ὑπέκειντο
1353 1188 1507 1223 ταπεινῶς.
1523 1189 1582 1216 Τῶν
1597 1189 1625 1218 δὲ
1639 1189 1824 1226 πλανωμένων

1038 1234 1245 1267 ἀκατάστατος
1271 1235 1287 1270 ή
1309 1235 1421 1270 καρδία,
1439 1235 1583 1270 μεθύοντος
1600 1235 1679 1270 δίκην
1696 1236 1823 1272 σειομένη

1037 1282 1094 1313 τοῖς
1116 1281 1226 1308 πάθεσι.
1240 1281 1325 1307 Παντὶ
1341 1281 1395 1317 γὰρ
1411 1281 1544 1316 πνεύματι
1559 1283 1763 1317 περιφέρονται,
1777 1282 1824 1309 καὶ

1039 1325 1110 1352 κατὰ
1129 1325 1178 1360 τὴν
1201 1325 1350 1360 παροιμίαν
1361 1346 1367 1358 ,
1383 1326 1539 1361 ρεμόασμδν
1552 1326 1703 1361 ἐπιθυμιῶν
1718 1327 1824 1362 ὐπομέ-

1039 1379 1146 1402 νουσιν,·
1171 1370 1185 1396 ὃ
1206 1371 1238 1401 δὴ
1262 1371 1400 1398 παθοῦσαν
1425 1371 1474 1406 τὴν
1505 1371 1682 1408 Ἰερουσαλὴμ
1705 1373 1824 1399 αἰτιᾶται

1040 1416 1106 1447 Θεὸς
1120 1416 1217 1450 λέγων⁸
1227 1416 1271 1443 Ἐν
1286 1416 1444 1451 ἐπιθυμίαις
1459 1419 1546 1452 ψυχῆς
1561 1418 1645 1452 αὐτῆς
1661 1419 1826 1452 ἐπνευματο-

1041 1463 1159 1497 φορεῖτο.
1180 1463 1481 1498 Πνευματοφορουμένη
1505 1463 1532 1489 δὲ
1555 1463 1639 1498 ψυχὴ,
1656 1463 1764 1494 πάντως
1779 1463 1825 1490 καὶ

1040 1507 1257 1541 ἀκατάστατος.
1273 1508 1322 1535 Διὰ
1344 1508 1370 1534 τί
1394 1508 1422 1535 δὲ
1439 1508 1525 1540 ἵλεώς
1546 1515 1612 1540 σου
1629 1509 1738 1544 Πρῶτον
1764 1510 1824 1544 μὲν,

1039 1553 1079 1579 ὅτι
1097 1553 1246 1588 οἰκτίρμων
1258 1553 1322 1587 ἐγώ.
1337 1554 1452 1580 Ἔπειτα
1465 1554 1504 1586 δὲ,
1519 1554 1559 1581 ὅτι
1572 1553 1614 1589 μὴ
1629 1555 1824 1589 παρεκλίθης.

1039 1599 1094 1625 Καὶ
1113 1599 1138 1624 εἰ
1164 1599 1213 1633 μὲν
1229 1599 1294 1632 περὶ
1310 1598 1356 1626 τοῦ
1372 1599 1436 1633 παρ’
1449 1599 1587 1631 Ἰουδαίοις
1614 1599 1757 1632 θεοσεϐοῦς
1777 1608 1826 1627 πο-

1039 1643 1201 1679 λιτεύματος
1214 1644 1300 1679 λέγει,
1316 1643 1410 1680 ἐπειδὴ
1430 1644 1523 1680 μηδεὶς
1539 1644 1691 1680 προφήτης,
1702 1645 1720 1680 ἢ
1735 1645 1826 1672 θεοσε-

1039 1688 1090 1724 ϐὴς
1101 1689 1239 1722 τοσοῦτος,
1249 1689 1286 1721 ὡς
1296 1689 1441 1716 ἀναλαϐεῖν
1455 1690 1540 1725 αὐτὴν
1550 1690 1596 1716 καὶ
1607 1690 1823 1725 ἀνακτήσασθαι.

1039 1736 1070 1763 El
1087 1735 1114 1762 δὲ
1131 1735 1195 1772 περὶ
1210 1735 1264 1762 τῶν
1279 1736 1375 1768 ἐθνῶν,
1394 1737 1434 1763 ὅτι
1458 1735 1496 1771 μὴ
1516 1736 1642 1772 καθάπερ
1657 1736 1768 1772 Ἰσραὴλ
1783 1736 1826 1762 wi-

1041 1791 1100 1817 μον,
1116 1782 1132 1817 ἢ
1159 1782 1300 1818 προφήτας
1322 1782 1456 1814 ἐδέξαντο,
1473 1783 1541 1818 πρὸς
1563 1782 1714 1817 εὐρωστίαν
1727 1782 1826 1814 αὐτοὺς
1844 1775 1846 1777 ’

1039 1827 1264 1863 παρακαλοῦντας
1287 1829 1577 1863 πνευματικήν.”υπερ
1601 1826 1644 1854 διὰ
1667 1826 1721 1853 τῶν
1743 1827 1772 1853 ὲν
1791 1827 1825 1862 τῇ

1040 1874 1180 1909 παραϐολῇ
1206 1873 1368 1900 τελευταίων
1388 1873 1578 1909 μισθωθέντων
1595 1873 1767 1908 σημαίνεται,
1785 1870 1825 1904 οἷς

1038 1921 1090 1956 ἔφη
1100 1929 1106 1936 ·
1121 1920 1154 1947 Τί
1168 1918 1218 1947 ὧδε
1233 1921 1365 1955 ἑστήκατε
1377 1921 1440 1953 ὅλην
1456 1920 1504 1956 τὴν
1522 1920 1628 1956 ἡμέραν
1641 1918 1735 1954 ἀργοί;
1750 1919 1781 1945 Ol
1796 1918 1825 1945 δὲ

1038 1965 1106 2001 πρὸς
1132 1965 1227 1992 αὐτόν’
1246 1965 1307 1991 Ὅτι
1327 1965 1420 2000 μηδεὶς
1443 1965 1517 2000 ἡμᾶς
1539 1963 1721 1999 ἐμισθώσατο.
1737 1962 1825 1993 Μόνος

1037 2013 1091 2047 γὰρ
1112 2011 1209 2043 αὐτοὺς
1232 2012 1274 2038 ἐπ’
1290 2011 1411 2046 ἐσχάτων
1431 2010 1561 2038 ἐκάλεσεν
1575 2010 1588 2036 ὁ
1602 2009 1648 2036 τοῦ
1665 2008 1824 2044 ἀμπελῶνος

1036 2057 1184 2092 Δεσπότης.
1193 2054 1259 2084 Εἶτά
1274 2065 1371 2092 φησιν·
1393 2057 1471 2084 Ἰδοὺ
1486 2055 1542 2090 ἐγὼ
1557 2054 1694 2089 eratpde
1706 2061 1755 2081 σοι
1771 2053 1824 2080 ἇν-

1037 2105 1130 2137 θρακα
1160 2102 1231 2135 τοὺς
1258 2103 1362 2135 ,λίθους
1389 2109 1458 2129 σου.
1483 2097 1595 2128 Ἀνθόὖ
1619 2101 1634 2127 ὸ
1658 2099 1822 2134 Σύμμαχος*

202 2148 414 2182 responderunt.
432 2147 511 2174 Unus
528 2147 600 2174 enim
621 2148 695 2182 ipsos
720 2148 753 2174 alt
779 2148 882 2176 ultimis
906 2152 985 2177 terrae

1043 2149 1120 2176 Ἰδοὺ
1138 2148 1195 2183 ἐγὼ
1218 2148 1377 2183 συντίθημι
1395 2147 1493 2181 ortum
1519 2146 1589 2179 τοὺς
1600 2146 1705 2179 λίθους
1717 2144 1823 2173 σου.’0

204 2193 305 2219 tinihus
320 2193 424 2218 vocavit
437 2193 521 2219 vinea:
532 2192 672 2220 Dominus.
688 2192 790 2220 Deinde
801 2194 838 2220 ait
851 2193 933 2222 :Eccc
941 2203 986 2230 ego

202 2239 356 2272 pra-parabo
379 2238 642 2272 tibi-carbunculum,
657 2240 755 2275 lapides
776 2246 856 2274 litos;
873 2250 921 2276 pro
935 2250 988 2276 quo

204 2282 387 2318 Symmachus
402 2292 409 2309 :
432 2282 498 2310 Ecce
512 2292 557 2318 ego
570 2292 695 2318 compono
713 2286 789 2312 stibio
805 2286 905 2321 lapides
920 2293 988 2319 tuos;

202 2328 318 2363 Aquilas
329 2334 431 2359 autem,
454 2327 519 2354 Ecce
535 2329 633 2356 inclina
654 2330 680 2356 in
696 2330 774 2358 stibio
798 2331 898 2366 lapides
913 2338 988 2365 tuos;

202 2373 355 2401 Tltcodotio
371 2381 447 2406 vero,
475 2374 589 2401 immitto
603 2375 686 2410 616
706 2377 732 2402 in
745 2377 834 2409 stibio,
850 2378 987 2405 dixerunt.

201 2422 238 2450 Ut
252 2421 324 2449 cnim
341 2428 401 2456 quae
413 2423 531 2449 comitur
545 2422 652 2458 mulier.
665 2422 743 2450 stibio
762 2423 795 2450 ad
815 2424 908 2451 lormte
926 2433 991 2452 ('on-

201 2467 368 2494 ciliationem
394 2467 498 2498 utitur,
527 2467 568 2494 sic
586 2473 612 2493 et
629 2468 686 2502 ipse
699 2467 804 2495 aedilicii
833 2470 872 2496 tui
890 2470 990 2503 lapides

201 2513 338 2546 eleganter
354 2512 507 2546 disponam.
539 2511 666 2540 Fortasse
681 2521 744 2540 vero
774 2514 821 2548 qui
844 2522 858 2541 a
875 2514 989 2549 Septua-

201 2558 278 2594 gin'a
309 2558 505 2591 interpretibus
531 2558 710 2585 carbunculus
740 2558 863 2591 dicitur,
894 2559 992 2587 anima:

203 2604 341 2638 piaculum
372 2603 615 2638 lustrationetnque
646 2605 792 2639 signiﬁcat.
819 2604 888 2632 Sunt
916 2606 987 2632 enim

203 2649 358 2683 ipsa‘ctiam
376 2648 451 2676 lsaim
477 2649 550 2676 labra
567 2649 687 2678 carbone
701 2650 808 2685 expiata
821 2650 854 2676 ³⁸.
878 2649 987 2678 Nullum

1036 2196 1064 2222 δὲ
1079 2195 1210 2227 Ἀκύλας·
1234 2195 1307 2222 Ἰδοὺ
1327 2194 1498 2221 κατακλίνω
1519 2193 1554 2220 ἐν
1572 2193 1671 2228 στίμει
1687 2191 1758 2224 τοὺς
1777 2191 1824 2218 .Ζί-

1036 2244 1106 2274 θους
1123 2248 1190 2268 σου.
1207 2240 1352 2267 Θεοδοτίων
1375 2240 1402 2266 δέ
1413 2248 1420 2255 ·
1441 2239 1595 2274 Ἐμϐάλλω
1613 2239 1648 2266 ἐν
1665 2237 1823 2272 ammon;

1036 2287 1090 2322 γὰρ
1107 2286 1139 2313 ἂν
1155 2286 1223 2322 γυνὴ
1244 2286 1469 2320 καλλωπιζομένη
1485 2284 1660 2319 στιμίζοιτο·
1677 2283 1762 2314 οὕτως
1779 2282 1824 2308 εὖ·

1037 2333 1150 2369 πρεπῶς
1166 2333 1216 2368 τῆς
1231 2332 1280 2368 σῆς
1304 2331 1459 2366 οἰκοδομίας
1476 2331 1596 2366 διαθήσω
1617 2330 1689 2363 τοὺς
1706 2329 1820 2362 λίθους.

1037 2379 1150 2414 Μήποτε
1171 2379 1199 2404 δὲ
1220 2379 1234 2404 ὁ
1251 2377 1315 2414 παρ’
1331 2378 1421 2409 αὐτοῖς
1440 2377 1643 2412 Ἐϐδομήκοντα
1656 2375 1778 2409 ἄνθραξ,
1793 2375 1824 2401 τὸ

1039 2425 1188 2459 καθάρσιον
1207 2424 1353 2451 αἰνίττεται
1369 2424 1419 2459 τῆς
1433 2423 1532 2458 ψυχῆς.
1557 2423 1594 2449 Δι’
1609 2422 1746 2457 ἄνθρακος
1769 2420 1822 2455 γὰρ

1040 2470 1086 2495 καὶ
1104 2469 1215 2496 Ἡσαΐου
1231 2469 1266 2495 τὰ
1281 2469 1357 2504 χείλη
1379 2469 1543 2504 κεκάθαρτο.
1559 2468 1638 2502 Δηλοῖ
1658 2465 1706 2494 οὖν
1722 2466 1824 2502 μηδένα

1039 2514 1089 2548 τῆς
1102 2513 1256 2548 οἰκοδομίας
1270 2514 1357 2540 λίθον
1370 2513 1500 2548 ὑπάρξειν
1513 2511 1676 2547 ἀκάθαρτον,
1690 2510 1761 2537 κατὰ
1774 2510 1804 2536 τό
1815 2518 1822 2526 ·

1043 2568 1052 2584 ι
1073 2559 1148 2586 Λίθοι
1169 2559 1241 2592 ἆγιοι
1268 2559 1404 2585 κυλίονται
1427 2559 1473 2584 ἐπὶ
1495 2559 1543 2593 τῆς
1566 2559 1632 2593 γῆς,
1653 2567 1662 2583 ι
1683 2557 1748 2592 περὶ
1771 2555 1826 2582 τῶν

1043 2605 1127 2639 ἁγίων
1140 2604 1295 2640 λεγόμενον,
1316 2604 1346 2636 ἐξ
1364 2601 1429 2639 ὦνή
1447 2604 1494 2631 τοῦ
1513 2603 1580 2630 Θεοῦ
1601 2604 1758 2631 συνίσταται
1778 2602 1828 2628 πό-

1042 2651 1093 2682 λις.

239 2727 260 2743 ⁵³
277 2726 375 2761 Ephes.
398 2734 428 2759 It,
447 2727 486 2753 14.
526 2728 548 2742 ⁵⁸
568 2728 621 2755 lsa.
641 2737 715 2762 XXVI,
736 2729 777 2756 12.
815 2730 835 2745 ⁵⁷
854 2729 917 2763 Sap.
937 2737 972 2759 tv,

1058 2729 1079 2744 οε
1095 2728 1145 2755 lsa.
1164 2736 1201 2759 ιι,
1219 2729 1228 2754 l
1245 2735 1321 2762 seqq.

855 2787 974 2814 νΑιιιΑῐ
994 2785 1197 2813 LICC'l‘lUNES.

236 2819 250 2838 ιι
266 2819 306 2846 ἴσ.
320 2819 398 2846 ,ιε-(π.
416 2819 542 2853 Χριστός.
