  <div class='ocr_page' id='page_1' title='image "/cluster/home/n/w/nwhite01/storage/ocr_20150623/87, pt.2/njp.32101010943809/538.png"; bbox 0 0 1999 3076; ppageno 0'>
   <div class='ocr_carea' id='block_1_1' title="bbox 191 166 260 200">
    <p class='ocr_par' dir='ltr' id='par_1_1' title="bbox 191 166 260 200">
     <span class='ocr_line' id='line_1_1' title="bbox 191 166 260 200; baseline -0.014 0"><span class='ocrx_word' id='word_1_1' title='bbox 191 166 260 200; x_wconf 77' lang='grc'><strong>2541</strong></span> 
     </span>
    </p>
   </div>
   <div class='ocr_carea' id='block_1_2' title="bbox 758 161 1249 196">
    <p class='ocr_par' dir='ltr' id='par_1_2' title="bbox 758 161 1249 196">
     <span class='ocr_line' id='line_1_2' title="bbox 758 161 1249 196; baseline -0.008 0"><span class='ocrx_word' id='word_1_2' title='bbox 758 164 1027 196; x_wconf 74' lang='lat' dir='ltr'><strong>COMMENTARII</strong></span> <span class='ocrx_word' id='word_1_3' title='bbox 1047 163 1088 194; x_wconf 85' lang='lat' dir='ltr'><strong>IN</strong></span> <span class='ocrx_word' id='word_1_4' title='bbox 1107 161 1249 194; x_wconf 68' lang='lat' dir='ltr'><strong>lSAIAM.</strong></span> 
     </span>
    </p>
   </div>
   <div class='ocr_carea' id='block_1_3' title="bbox 1757 155 1828 190">
    <p class='ocr_par' dir='ltr' id='par_1_3' title="bbox 1757 155 1828 190">
     <span class='ocr_line' id='line_1_3' title="bbox 1757 155 1828 190; baseline 0.014 -1"><span class='ocrx_word' id='word_1_5' title='bbox 1757 155 1828 190; x_wconf 65' lang='grc'><strong>2542</strong></span> 
     </span>
    </p>
   </div>
   <div class='ocr_carea' id='block_1_4' title="bbox 188 214 1829 258">
    <p class='ocr_par' dir='ltr' id='par_1_4' title="bbox 188 214 1829 258">
     <span class='ocr_line' id='line_1_4' title="bbox 188 214 1829 258; baseline -0.006 -8"><span class='ocrx_word' id='word_1_6' title='bbox 188 222 273 258; x_wconf 78' lang='lat' dir='ltr'><strong>igitur</strong></span> <span class='ocrx_word' id='word_1_7' title='bbox 300 219 408 248; x_wconf 68' lang='lat' dir='ltr'><strong>aedificii</strong></span> <span class='ocrx_word' id='word_1_8' title='bbox 426 218 540 254; x_wconf 85' lang='lat' dir='ltr'><strong>lapidem</strong></span> <span class='ocrx_word' id='word_1_9' title='bbox 574 219 712 254; x_wconf 89' lang='lat' dir='ltr'><strong>impurmn</strong></span> <span class='ocrx_word' id='word_1_10' title='bbox 730 217 787 246; x_wconf 88' lang='lat' dir='ltr'><strong>l&#39;ore</strong></span> <span class='ocrx_word' id='word_1_11' title='bbox 810 218 970 253; x_wconf 69' lang='lat' dir='ltr'><strong>significat,</strong></span> <span class='ocrx_word' id='word_1_12' title='bbox 987 218 1065 253; x_wconf 79' lang='lat' dir='ltr'><strong>juxta</strong></span> <span class='ocrx_word' id='word_1_13' title='bbox 1092 217 1184 245; x_wconf 90' lang='lat' dir='ltr'><strong>illud:</strong></span> <span class='ocrx_word' id='word_1_14' title='bbox 1208 226 1218 243; x_wconf 77' lang='grc' dir='ltr'><em>ι</em></span> <span class='ocrx_word' id='word_1_15' title='bbox 1233 215 1351 252; x_wconf 79' lang='lat' dir='ltr'><strong>Lapides</strong></span> <span class='ocrx_word' id='word_1_16' title='bbox 1368 215 1457 243; x_wconf 90' lang='lat' dir='ltr'><strong>sancti</strong></span> <span class='ocrx_word' id='word_1_17' title='bbox 1484 214 1633 243; x_wconf 92' lang='lat' dir='ltr'><strong>volvuntur</strong></span> <span class='ocrx_word' id='word_1_18' title='bbox 1663 222 1746 252; x_wconf 84' lang='lat' dir='ltr'><strong>super</strong></span> <span class='ocrx_word' id='word_1_19' title='bbox 1775 219 1829 243; x_wconf 85' lang='lat' dir='ltr'><strong>ter-</strong></span> 
     </span>
    </p>
   </div>
   <div class='ocr_carea' id='block_1_5' title="bbox 188 265 1422 302">
    <p class='ocr_par' dir='ltr' id='par_1_5' title="bbox 188 265 1422 302">
     <span class='ocr_line' id='line_1_5' title="bbox 188 265 1422 302; baseline -0.005 -6"><span class='ocrx_word' id='word_1_20' title='bbox 188 276 246 297; x_wconf 91' lang='lat' dir='ltr'><strong>ram</strong></span> <span class='ocrx_word' id='word_1_21' title='bbox 262 268 284 284; x_wconf 85' lang='lat'>&quot;</span> <span class='ocrx_word' id='word_1_22' title='bbox 300 276 307 301; x_wconf 88' lang='lat'><strong>;</strong></span> <span class='ocrx_word' id='word_1_23' title='bbox 327 277 336 294; x_wconf 74' lang='grc' dir='ltr'><strong>ι</strong></span> <span class='ocrx_word' id='word_1_24' title='bbox 359 269 430 302; x_wconf 88' lang='lat' dir='ltr'><strong>quod</strong></span> <span class='ocrx_word' id='word_1_25' title='bbox 453 270 497 294; x_wconf 86' lang='lat' dir='ltr'><strong>est</strong></span> <span class='ocrx_word' id='word_1_26' title='bbox 514 267 541 293; x_wconf 87' lang='lat' dir='ltr'><strong>in</strong></span> <span class='ocrx_word' id='word_1_27' title='bbox 558 271 681 298; x_wconf 87' lang='lat' dir='ltr'><strong>sanctos,</strong></span> <span class='ocrx_word' id='word_1_28' title='bbox 698 273 731 293; x_wconf 86' lang='lat' dir='ltr'><strong>ex</strong></span> <span class='ocrx_word' id='word_1_29' title='bbox 744 266 847 301; x_wconf 86' lang='lat' dir='ltr'><strong>quibus</strong></span> <span class='ocrx_word' id='word_1_30' title='bbox 862 266 923 300; x_wconf 88' lang='lat' dir='ltr'><strong>ipsa</strong></span> <span class='ocrx_word' id='word_1_31' title='bbox 937 265 985 294; x_wconf 90' lang='lat' dir='ltr'><strong>Dei</strong></span> <span class='ocrx_word' id='word_1_32' title='bbox 1003 265 1101 293; x_wconf 89' lang='lat' dir='ltr'><strong>civitas</strong></span> <span class='ocrx_word' id='word_1_33' title='bbox 1115 267 1235 298; x_wconf 86' lang='lat' dir='ltr'><strong>constat,</strong></span> <span class='ocrx_word' id='word_1_34' title='bbox 1250 269 1422 299; x_wconf 87' lang='lat' dir='ltr'><strong>usurpatum.</strong></span> 
     </span>
    </p>
   </div>
   <div class='ocr_carea' id='block_1_6' title="bbox 225 310 987 348">
    <p class='ocr_par' dir='ltr' id='par_1_6' title="bbox 225 312 987 348">
     <span class='ocr_line' id='line_1_6' title="bbox 225 312 987 348; baseline -0.003 -7"><span class='ocrx_word' id='word_1_35' title='bbox 225 315 303 346; x_wconf 82' lang='grc' dir='ltr'>Τινὲς</span> <span class='ocrx_word' id='word_1_36' title='bbox 318 314 346 341; x_wconf 76' lang='grc' dir='ltr'>δὲ</span> <span class='ocrx_word' id='word_1_37' title='bbox 361 314 414 341; x_wconf 84' lang='grc' dir='ltr'><strong>τὸν</strong></span> <span class='ocrx_word' id='word_1_38' title='bbox 422 313 545 348; x_wconf 81' lang='grc' dir='ltr'>Ἰησοῦν</span> <span class='ocrx_word' id='word_1_39' title='bbox 560 313 694 347; x_wconf 77' lang='grc' dir='ltr'>ἄνθρακα</span> <span class='ocrx_word' id='word_1_40' title='bbox 705 312 833 348; x_wconf 71' lang='grc' dir='ltr'>εἰρῆσθαί</span> <span class='ocrx_word' id='word_1_41' title='bbox 848 321 940 347; x_wconf 87' lang='grc' dir='ltr'>φασιν,</span> <span class='ocrx_word' id='word_1_42' title='bbox 957 312 987 339; x_wconf 83' lang='grc' dir='ltr'><strong>ὃν</strong></span> 
     </span>
    </p>
   </div>
   <div class='ocr_carea' id='block_1_7' title="bbox 1039 310 1829 348">
    <p class='ocr_par' dir='ltr' id='par_1_7' title="bbox 1077 310 1829 346">
     <span class='ocr_line' id='line_1_7' title="bbox 1077 310 1829 346; baseline -0.003 -7"><span class='ocrx_word' id='word_1_43' title='bbox 1077 311 1135 339; x_wconf 76' lang='lat' dir='ltr'><strong>Non</strong></span> <span class='ocrx_word' id='word_1_44' title='bbox 1150 312 1249 340; x_wconf 86' lang='lat' dir='ltr'><strong>desunt</strong></span> <span class='ocrx_word' id='word_1_45' title='bbox 1263 315 1364 344; x_wconf 87' lang='lat' dir='ltr'><strong>tamen,</strong></span> <span class='ocrx_word' id='word_1_46' title='bbox 1381 310 1594 346; x_wconf 80' lang='lat' dir='ltr'><strong>quicarbuncull</strong></span> <span class='ocrx_word' id='word_1_47' title='bbox 1612 310 1724 338; x_wconf 85' lang='lat' dir='ltr'><strong>nomine</strong></span> <span class='ocrx_word' id='word_1_48' title='bbox 1737 310 1829 337; x_wconf 72' lang='lat' dir='ltr'><strong>Iesum</strong></span> 
     </span>
    </p>
   </div>
   <div class='ocr_carea' id='block_1_8' title="bbox 188 358 984 395">
    <p class='ocr_par' dir='ltr' id='par_1_8' title="bbox 188 358 984 395">
     <span class='ocr_line' id='line_1_8' title="bbox 188 358 984 395; baseline -0.003 -9"><span class='ocrx_word' id='word_1_49' title='bbox 188 359 290 395; x_wconf 81' lang='grc' dir='ltr'>ἔφησεν</span> <span class='ocrx_word' id='word_1_50' title='bbox 305 360 347 393; x_wconf 83' lang='grc' dir='ltr'><strong>είς</strong></span> <span class='ocrx_word' id='word_1_51' title='bbox 359 359 396 386; x_wconf 86' lang='grc' dir='ltr'>τὰ</span> <span class='ocrx_word' id='word_1_52' title='bbox 410 359 532 394; x_wconf 83' lang='grc' dir='ltr'>θεμέλια</span> <span class='ocrx_word' id='word_1_53' title='bbox 546 358 693 386; x_wconf 81' lang='grc' dir='ltr'><strong>τεθεῖσθαι</strong></span> <span class='ocrx_word' id='word_1_54' title='bbox 707 359 793 390; x_wconf 82' lang='grc' dir='ltr'><strong>Σιὼν,</strong></span> <span class='ocrx_word' id='word_1_55' title='bbox 805 359 844 390; x_wconf 70' lang='grc' dir='ltr'>εἰς</span> <span class='ocrx_word' id='word_1_56' title='bbox 859 358 889 385; x_wconf 85' lang='grc' dir='ltr'>ὃν</span> <span class='ocrx_word' id='word_1_57' title='bbox 903 358 984 390; x_wconf 78' lang='grc' dir='ltr'>εἴτις</span> 
     </span>
    </p>
   </div>
   <div class='ocr_carea' id='block_1_9' title="bbox 189 403 984 441">
    <p class='ocr_par' dir='ltr' id='par_1_9' title="bbox 189 403 984 441">
     <span class='ocr_line' id='line_1_9' title="bbox 189 403 984 441; baseline -0.001 -8"><span class='ocrx_word' id='word_1_58' title='bbox 189 405 376 438; x_wconf 81' lang='grc' dir='ltr'><strong>πιστεύσειεν,</strong></span> <span class='ocrx_word' id='word_1_59' title='bbox 393 405 424 432; x_wconf 83' lang='grc' dir='ltr'><strong>οὺ</strong></span> <span class='ocrx_word' id='word_1_60' title='bbox 446 405 483 441; x_wconf 86' lang='grc' dir='ltr'>μὴ</span> <span class='ocrx_word' id='word_1_61' title='bbox 506 405 742 440; x_wconf 73' lang='grc' dir='ltr'>καταισχυνοῇ.’0</span> <span class='ocrx_word' id='word_1_62' title='bbox 757 404 786 431; x_wconf 74' lang='grc' dir='ltr'>δὲ</span> <span class='ocrx_word' id='word_1_63' title='bbox 804 403 895 439; x_wconf 76' lang='grc' dir='ltr'>Ἀμὼς</span> <span class='ocrx_word' id='word_1_64' title='bbox 919 404 984 432; x_wconf 79' lang='grc' dir='ltr'>ἀδά-</span> 
     </span>
    </p>
   </div>
   <div class='ocr_carea' id='block_1_10' title="bbox 190 450 984 490">
    <p class='ocr_par' dir='ltr' id='par_1_10' title="bbox 190 450 984 490">
     <span class='ocr_line' id='line_1_10' title="bbox 190 450 984 490; baseline -0.005 -9"><span class='ocrx_word' id='word_1_65' title='bbox 190 462 279 490; x_wconf 86' lang='grc' dir='ltr'>μαντα</span> <span class='ocrx_word' id='word_1_66' title='bbox 299 453 395 480; x_wconf 83' lang='grc' dir='ltr'>τοῦτον</span> <span class='ocrx_word' id='word_1_67' title='bbox 411 451 489 479; x_wconf 91' lang='grc' dir='ltr'>καλεῖ</span> <span class='ocrx_word' id='word_1_68' title='bbox 502 451 603 486; x_wconf 81' lang='grc' dir='ltr'>λέγων·</span> <span class='ocrx_word' id='word_1_69' title='bbox 627 461 636 477; x_wconf 82' lang='grc' dir='ltr'>ι</span> <span class='ocrx_word' id='word_1_70' title='bbox 646 450 786 478; x_wconf 82' lang='grc' dir='ltr'>Ἐντάσσω</span> <span class='ocrx_word' id='word_1_71' title='bbox 801 450 944 486; x_wconf 80' lang='grc' dir='ltr'><strong>ἀδάμαντα</strong></span> <span class='ocrx_word' id='word_1_72' title='bbox 955 451 984 477; x_wconf 84' lang='grc' dir='ltr'>ὲν</span> 
     </span>
    </p>
   </div>
   <div class='ocr_carea' id='block_1_11' title="bbox 190 496 983 536">
    <p class='ocr_par' dir='ltr' id='par_1_11' title="bbox 190 496 983 536">
     <span class='ocr_line' id='line_1_11' title="bbox 190 496 983 536; baseline -0.005 -9"><span class='ocrx_word' id='word_1_73' title='bbox 190 500 268 536; x_wconf 80' lang='grc' dir='ltr'>μέσῳ</span> <span class='ocrx_word' id='word_1_74' title='bbox 282 499 348 526; x_wconf 79' lang='grc' dir='ltr'>λαοῦ</span> <span class='ocrx_word' id='word_1_75' title='bbox 367 507 417 534; x_wconf 89' lang='grc' dir='ltr'><strong>μου</strong></span> <span class='ocrx_word' id='word_1_76' title='bbox 429 498 552 534; x_wconf 80' lang='grc' dir='ltr'>Ἰσραήλ.</span> <span class='ocrx_word' id='word_1_77' title='bbox 563 507 572 523; x_wconf 77' lang='grc' dir='ltr'><strong>ι</strong></span> <span class='ocrx_word' id='word_1_78' title='bbox 586 497 723 534; x_wconf 77' lang='grc' dir='ltr'>Ζαχαρίας</span> <span class='ocrx_word' id='word_1_79' title='bbox 736 497 765 523; x_wconf 81' lang='grc' dir='ltr'>δέ</span> <span class='ocrx_word' id='word_1_80' title='bbox 782 505 864 532; x_wconf 84' lang='grc' dir='ltr'>φησιν</span> <span class='ocrx_word' id='word_1_81' title='bbox 874 505 882 513; x_wconf 78' lang='grc' dir='ltr'><strong><em>ο</em></strong></span> <span class='ocrx_word' id='word_1_82' title='bbox 898 496 983 524; x_wconf 75' lang='grc' dir='ltr'>αἰδοὺ</span> 
     </span>
    </p>
   </div>
   <div class='ocr_carea' id='block_1_12' title="bbox 188 543 985 580">
    <p class='ocr_par' dir='ltr' id='par_1_12' title="bbox 188 543 985 580">
     <span class='ocr_line' id='line_1_12' title="bbox 188 543 985 580; baseline -0.005 -7"><span class='ocrx_word' id='word_1_83' title='bbox 188 546 245 580; x_wconf 65' lang='grc' dir='ltr'><strong>ἐγὼ</strong></span> <span class='ocrx_word' id='word_1_84' title='bbox 258 546 355 580; x_wconf 76' lang='grc' dir='ltr'>ἐπάγω</span> <span class='ocrx_word' id='word_1_85' title='bbox 375 545 423 572; x_wconf 74' lang='grc' dir='ltr'>ἐπὶ</span> <span class='ocrx_word' id='word_1_86' title='bbox 443 545 488 571; x_wconf 78' lang='grc' dir='ltr'>τὸν</span> <span class='ocrx_word' id='word_1_87' title='bbox 510 543 604 571; x_wconf 79' lang='grc' dir='ltr'>δοῦλόν</span> <span class='ocrx_word' id='word_1_88' title='bbox 626 552 678 579; x_wconf 85' lang='grc' dir='ltr'><strong>μου</strong></span> <span class='ocrx_word' id='word_1_89' title='bbox 701 543 845 578; x_wconf 85' lang='grc' dir='ltr'>ἀνατολήν.</span> <span class='ocrx_word' id='word_1_90' title='bbox 862 543 901 569; x_wconf 92' lang='grc' dir='ltr'><strong>Δι’</strong></span> <span class='ocrx_word' id='word_1_91' title='bbox 916 543 956 570; x_wconf 80' lang='grc' dir='ltr'>ὅτι</span> <span class='ocrx_word' id='word_1_92' title='bbox 971 543 985 569; x_wconf 86' lang='grc' dir='ltr'><strong>ό</strong></span> 
     </span>
    </p>
   </div>
   <div class='ocr_carea' id='block_1_13' title="bbox 188 589 985 627">
    <p class='ocr_par' dir='ltr' id='par_1_13' title="bbox 188 589 985 627">
     <span class='ocr_line' id='line_1_13' title="bbox 188 589 985 627; baseline -0.006 -7"><span class='ocrx_word' id='word_1_93' title='bbox 188 593 262 624; x_wconf 82' lang='grc' dir='ltr'>λίθος</span> <span class='ocrx_word' id='word_1_94' title='bbox 276 593 306 619; x_wconf 82' lang='grc' dir='ltr'>ὃν</span> <span class='ocrx_word' id='word_1_95' title='bbox 321 592 411 619; x_wconf 75' lang='grc' dir='ltr'>ἔδωκα</span> <span class='ocrx_word' id='word_1_96' title='bbox 428 592 480 626; x_wconf 80' lang='grc' dir='ltr'>πρὸ</span> <span class='ocrx_word' id='word_1_97' title='bbox 496 590 643 627; x_wconf 81' lang='grc' dir='ltr'><strong>προσώπου</strong></span> <span class='ocrx_word' id='word_1_98' title='bbox 658 589 759 625; x_wconf 86' lang='grc' dir='ltr'>Ἰησοῦ,</span> <span class='ocrx_word' id='word_1_99' title='bbox 775 589 823 616; x_wconf 73' lang='grc' dir='ltr'><strong>ἐπὶ</strong></span> <span class='ocrx_word' id='word_1_100' title='bbox 846 589 892 616; x_wconf 82' lang='grc' dir='ltr'>τὸν</span> <span class='ocrx_word' id='word_1_101' title='bbox 910 589 985 616; x_wconf 87' lang='grc' dir='ltr'>λίθον</span> 
     </span>
    </p>
   </div>
   <div class='ocr_carea' id='block_1_14' title="bbox 189 635 986 673">
    <p class='ocr_par' dir='ltr' id='par_1_14' title="bbox 189 635 986 673">
     <span class='ocr_line' id='line_1_14' title="bbox 189 635 986 673; baseline -0.005 -8"><span class='ocrx_word' id='word_1_102' title='bbox 189 639 234 665; x_wconf 67' lang='grc' dir='ltr'>τὴν</span> <span class='ocrx_word' id='word_1_103' title='bbox 249 638 297 665; x_wconf 70' lang='grc' dir='ltr'><strong>ἕνα</strong></span> <span class='ocrx_word' id='word_1_104' title='bbox 312 638 383 665; x_wconf 81' lang='grc' dir='ltr'>ἑπτὰ</span> <span class='ocrx_word' id='word_1_105' title='bbox 403 637 537 673; x_wconf 73' lang='grc' dir='ltr'>ὀφθαλμοί</span> <span class='ocrx_word' id='word_1_106' title='bbox 552 637 633 663; x_wconf 80' lang='grc' dir='ltr'>εἰσιν.</span> <span class='ocrx_word' id='word_1_107' title='bbox 649 645 659 662; x_wconf 82' lang='grc'><strong>›</strong></span> <span class='ocrx_word' id='word_1_108' title='bbox 685 635 884 671; x_wconf 81' lang='grc' dir='ltr'>Παντεπόπτης</span> <span class='ocrx_word' id='word_1_109' title='bbox 899 635 953 670; x_wconf 80' lang='grc' dir='ltr'><strong>γὰρ</strong></span> <span class='ocrx_word' id='word_1_110' title='bbox 972 635 986 661; x_wconf 81' lang='grc' dir='ltr'><strong>ὁ</strong></span> 
     </span>
    </p>
   </div>
   <div class='ocr_carea' id='block_1_15' title="bbox 188 679 986 720">
    <p class='ocr_par' dir='ltr' id='par_1_15' title="bbox 188 679 986 720">
     <span class='ocr_line' id='line_1_15' title="bbox 188 679 986 720; baseline -0.004 -9"><span class='ocrx_word' id='word_1_111' title='bbox 188 685 355 720; x_wconf 79' lang='grc' dir='ltr'>Χριστός.¹0</span> <span class='ocrx_word' id='word_1_112' title='bbox 379 684 468 711; x_wconf 86' lang='grc' dir='ltr'><strong>τοίνυν</strong></span> <span class='ocrx_word' id='word_1_113' title='bbox 481 682 606 718; x_wconf 79' lang='grc' dir='ltr'><strong>ἄνθραξ,</strong></span> <span class='ocrx_word' id='word_1_114' title='bbox 629 682 722 717; x_wconf 76' lang='grc' dir='ltr'>φασὶν,</span> <span class='ocrx_word' id='word_1_115' title='bbox 738 679 816 714; x_wconf 79' lang='grc' dir='ltr'>οὗτος</span> <span class='ocrx_word' id='word_1_116' title='bbox 844 681 986 718; x_wconf 79' lang='grc' dir='ltr'>ὑποϐάθρα</span> 
     </span>
    </p>
   </div>
   <div class='ocr_carea' id='block_1_16' title="bbox 187 726 986 767">
    <p class='ocr_par' dir='ltr' id='par_1_16' title="bbox 187 726 986 767">
     <span class='ocr_line' id='line_1_16' title="bbox 187 726 986 767; baseline -0.004 -10"><span class='ocrx_word' id='word_1_117' title='bbox 187 731 238 767; x_wconf 87' lang='grc' dir='ltr'>τῆς</span> <span class='ocrx_word' id='word_1_118' title='bbox 255 731 359 762; x_wconf 81' lang='grc' dir='ltr'>πόλεως</span> <span class='ocrx_word' id='word_1_119' title='bbox 372 731 419 757; x_wconf 78' lang='grc' dir='ltr'><strong>καὶ</strong></span> <span class='ocrx_word' id='word_1_120' title='bbox 433 731 581 765; x_wconf 83' lang='grc' dir='ltr'>θεμέλιος,</span> <span class='ocrx_word' id='word_1_121' title='bbox 596 726 619 764; x_wconf 83' lang='grc' dir='ltr'>ᾧ</span> <span class='ocrx_word' id='word_1_122' title='bbox 630 729 787 764; x_wconf 73' lang='grc' dir='ltr'>ἐγγίζοντες</span> <span class='ocrx_word' id='word_1_123' title='bbox 800 729 825 755; x_wconf 78' lang='grc' dir='ltr'>οἱ</span> <span class='ocrx_word' id='word_1_124' title='bbox 841 728 986 755; x_wconf 73' lang='grc' dir='ltr'>ἀπόστολοι</span> 
     </span>
    </p>
   </div>
   <div class='ocr_carea' id='block_1_17' title="bbox 188 773 986 810">
    <p class='ocr_par' dir='ltr' id='par_1_17' title="bbox 188 773 986 810">
     <span class='ocr_line' id='line_1_17' title="bbox 188 773 986 810; baseline -0.004 -7"><span class='ocrx_word' id='word_1_125' title='bbox 188 777 237 803; x_wconf 76' lang='grc' dir='ltr'>καὶ</span> <span class='ocrx_word' id='word_1_126' title='bbox 251 775 327 802; x_wconf 76' lang='grc' dir='ltr'>αὐτοὶ</span> <span class='ocrx_word' id='word_1_127' title='bbox 345 775 474 810; x_wconf 79' lang='grc' dir='ltr'><strong>θεμέλιοι</strong></span> <span class='ocrx_word' id='word_1_128' title='bbox 489 775 576 808; x_wconf 73' lang='grc' dir='ltr'>ιντες,</span> <span class='ocrx_word' id='word_1_129' title='bbox 591 774 747 810; x_wconf 76' lang='grc' dir='ltr'>ἐρρέθησαν</span> <span class='ocrx_word' id='word_1_130' title='bbox 763 773 925 808; x_wconf 67' lang='grc' dir='ltr'>σάπφειροι</span> <span class='ocrx_word' id='word_1_131' title='bbox 939 773 986 808; x_wconf 88' lang='grc' dir='ltr'>δη-</span> 
     </span>
    </p>
   </div>
   <div class='ocr_carea' id='block_1_18' title="bbox 188 819 985 857">
    <p class='ocr_par' dir='ltr' id='par_1_18' title="bbox 188 819 985 857">
     <span class='ocr_line' id='line_1_18' title="bbox 188 819 985 857; baseline -0.005 -8"><span class='ocrx_word' id='word_1_132' title='bbox 188 823 315 857; x_wconf 81' lang='grc' dir='ltr'>λούμενοι</span> <span class='ocrx_word' id='word_1_133' title='bbox 332 821 379 848; x_wconf 78' lang='grc' dir='ltr'>καὶ</span> <span class='ocrx_word' id='word_1_134' title='bbox 393 821 436 848; x_wconf 81' lang='grc' dir='ltr'>διὰ</span> <span class='ocrx_word' id='word_1_135' title='bbox 453 821 500 848; x_wconf 87' lang='grc' dir='ltr'><strong>τοῦ</strong></span> <span class='ocrx_word' id='word_1_136' title='bbox 515 820 750 848; x_wconf 76' lang='grc' dir='ltr'><strong>ἑπτακαιδεκάτου</strong></span> <span class='ocrx_word' id='word_1_137' title='bbox 765 819 875 856; x_wconf 77' lang='grc' dir='ltr'>ψαλμοῦ</span> <span class='ocrx_word' id='word_1_138' title='bbox 890 819 985 854; x_wconf 80' lang='grc' dir='ltr'>λέγον-</span> 
     </span>
    </p>
   </div>
   <div class='ocr_carea' id='block_1_19' title="bbox 188 866 986 903">
    <p class='ocr_par' dir='ltr' id='par_1_19' title="bbox 188 866 986 903">
     <span class='ocr_line' id='line_1_19' title="bbox 188 866 986 903; baseline -0.004 -8"><span class='ocrx_word' id='word_1_139' title='bbox 188 877 245 902; x_wconf 81' lang='grc' dir='ltr'>τος,</span> <span class='ocrx_word' id='word_1_140' title='bbox 262 870 303 895; x_wconf 70' lang='grc' dir='ltr'>ὅτι</span> <span class='ocrx_word' id='word_1_141' title='bbox 321 877 330 893; x_wconf 80' lang='grc' dir='ltr'>ι</span> <span class='ocrx_word' id='word_1_142' title='bbox 351 867 494 903; x_wconf 72' lang='grc' dir='ltr'>Ὠφθησαν</span> <span class='ocrx_word' id='word_1_143' title='bbox 511 868 539 894; x_wconf 78' lang='grc' dir='ltr'>αὶ</span> <span class='ocrx_word' id='word_1_144' title='bbox 557 867 644 902; x_wconf 57' lang='grc' dir='ltr'><strong>πηγαὶ¹</strong></span> <span class='ocrx_word' id='word_1_145' title='bbox 658 866 713 893; x_wconf 85' lang='grc' dir='ltr'><strong>τῶν</strong></span> <span class='ocrx_word' id='word_1_146' title='bbox 736 866 850 898; x_wconf 83' lang='grc' dir='ltr'>ὑδάτων,</span> <span class='ocrx_word' id='word_1_147' title='bbox 868 866 916 893; x_wconf 81' lang='grc' dir='ltr'>καὶ</span> <span class='ocrx_word' id='word_1_148' title='bbox 937 868 986 893; x_wconf 70' lang='grc' dir='ltr'><strong>ἀν-</strong></span> 
     </span>
    </p>
   </div>
   <div class='ocr_carea' id='block_1_20' title="bbox 189 913 985 950">
    <p class='ocr_par' dir='ltr' id='par_1_20' title="bbox 189 913 985 950">
     <span class='ocr_line' id='line_1_20' title="bbox 189 913 985 950; baseline -0.004 -9"><span class='ocrx_word' id='word_1_149' title='bbox 189 914 329 950; x_wconf 81' lang='grc' dir='ltr'>εκαλύφθη</span> <span class='ocrx_word' id='word_1_150' title='bbox 352 914 386 940; x_wconf 85' lang='grc' dir='ltr'>τὰ</span> <span class='ocrx_word' id='word_1_151' title='bbox 403 913 518 949; x_wconf 82' lang='grc' dir='ltr'>θεμέλια</span> <span class='ocrx_word' id='word_1_152' title='bbox 538 914 591 948; x_wconf 82' lang='grc' dir='ltr'>τῆς</span> <span class='ocrx_word' id='word_1_153' title='bbox 607 913 774 950; x_wconf 82' lang='grc' dir='ltr'><strong>οἰκουμένης</strong></span> <span class='ocrx_word' id='word_1_154' title='bbox 786 913 841 940; x_wconf 66' lang='grc' dir='ltr'><strong>ἀπὸ</strong></span> <span class='ocrx_word' id='word_1_155' title='bbox 855 913 985 948; x_wconf 79' lang='grc' dir='ltr'>ἐπιτιμή-</span> 
     </span>
    </p>
   </div>
   <div class='ocr_carea' id='block_1_21' title="bbox 190 958 986 995">
    <p class='ocr_par' dir='ltr' id='par_1_21' title="bbox 190 958 986 995">
     <span class='ocr_line' id='line_1_21' title="bbox 190 958 986 995; baseline -0.003 -8"><span class='ocrx_word' id='word_1_156' title='bbox 190 960 257 992; x_wconf 71' lang='lat' dir='ltr'><strong>cedi;</strong></span> <span class='ocrx_word' id='word_1_157' title='bbox 275 969 331 994; x_wconf 86' lang='grc' dir='ltr'>σου,</span> <span class='ocrx_word' id='word_1_158' title='bbox 349 959 448 995; x_wconf 81' lang='grc' dir='ltr'>Κύριε,</span> <span class='ocrx_word' id='word_1_159' title='bbox 469 959 524 986; x_wconf 81' lang='grc' dir='ltr'>ἀπὸ</span> <span class='ocrx_word' id='word_1_160' title='bbox 538 959 715 995; x_wconf 83' lang='grc' dir='ltr'>ὲμπνεύσεως</span> <span class='ocrx_word' id='word_1_161' title='bbox 732 960 888 995; x_wconf 85' lang='grc' dir='ltr'>πνεύματος</span> <span class='ocrx_word' id='word_1_162' title='bbox 900 958 986 995; x_wconf 81' lang='grc' dir='ltr'>ὀργῆς</span> 
     </span>
    </p>
   </div>
   <div class='ocr_carea' id='block_1_22' title="bbox 1038 354 1829 391">
    <p class='ocr_par' dir='ltr' id='par_1_22' title="bbox 1038 354 1829 391">
     <span class='ocr_line' id='line_1_22' title="bbox 1038 354 1829 391; baseline -0.004 -6"><span class='ocrx_word' id='word_1_163' title='bbox 1038 356 1189 391; x_wconf 74' lang='lat' dir='ltr'><strong>signiﬁcari</strong></span> <span class='ocrx_word' id='word_1_164' title='bbox 1199 357 1356 384; x_wconf 78' lang='lat' dir='ltr'><strong>existiment</strong></span> <span class='ocrx_word' id='word_1_165' title='bbox 1369 365 1376 389; x_wconf 89' lang='lat'><strong>;</strong></span> <span class='ocrx_word' id='word_1_166' title='bbox 1391 363 1473 391; x_wconf 82' lang='lat' dir='ltr'><strong>quem</strong></span> <span class='ocrx_word' id='word_1_167' title='bbox 1501 355 1529 382; x_wconf 92' lang='lat' dir='ltr'><strong>in</strong></span> <span class='ocrx_word' id='word_1_168' title='bbox 1546 354 1638 383; x_wconf 84' lang='lat' dir='ltr'><strong>Sionis</strong></span> <span class='ocrx_word' id='word_1_169' title='bbox 1656 355 1829 388; x_wconf 80' lang='lat' dir='ltr'><strong>fundamenta</strong></span> 
     </span>
    </p>
   </div>
   <div class='ocr_carea' id='block_1_23' title="bbox 1037 400 1828 437">
    <p class='ocr_par' dir='ltr' id='par_1_23' title="bbox 1037 400 1828 437">
     <span class='ocr_line' id='line_1_23' title="bbox 1037 400 1828 437; baseline -0.001 -8"><span class='ocrx_word' id='word_1_170' title='bbox 1037 403 1154 437; x_wconf 76' lang='lat' dir='ltr'><strong>positum</strong></span> <span class='ocrx_word' id='word_1_171' title='bbox 1167 410 1225 429; x_wconf 74' lang='lat' dir='ltr'><strong>esse</strong></span> <span class='ocrx_word' id='word_1_172' title='bbox 1241 401 1331 434; x_wconf 80' lang='lat' dir='ltr'><strong>dixit;</strong></span> <span class='ocrx_word' id='word_1_173' title='bbox 1365 401 1392 428; x_wconf 90' lang='lat' dir='ltr'><strong>in</strong></span> <span class='ocrx_word' id='word_1_174' title='bbox 1417 408 1499 436; x_wconf 84' lang='lat' dir='ltr'><strong>quem</strong></span> <span class='ocrx_word' id='word_1_175' title='bbox 1519 400 1542 429; x_wconf 91' lang='lat' dir='ltr'><strong>si</strong></span> <span class='ocrx_word' id='word_1_176' title='bbox 1568 401 1631 435; x_wconf 90' lang='lat' dir='ltr'><strong>quis</strong></span> <span class='ocrx_word' id='word_1_177' title='bbox 1648 400 1753 434; x_wconf 83' lang='lat' dir='ltr'><strong>credat,</strong></span> <span class='ocrx_word' id='word_1_178' title='bbox 1773 408 1828 428; x_wconf 90' lang='lat' dir='ltr'><strong>non</strong></span> 
     </span>
    </p>
   </div>
   <div class='ocr_carea' id='block_1_24' title="bbox 1038 446 1830 482">
    <p class='ocr_par' dir='ltr' id='par_1_24' title="bbox 1038 446 1830 482">
     <span class='ocr_line' id='line_1_24' title="bbox 1038 446 1830 482; baseline -0.003 -7"><span class='ocrx_word' id='word_1_179' title='bbox 1038 447 1233 476; x_wconf 81' lang='lat' dir='ltr'><strong>confundatur.</strong></span> <span class='ocrx_word' id='word_1_180' title='bbox 1254 446 1333 474; x_wconf 87' lang='lat' dir='ltr'><strong>Hunc</strong></span> <span class='ocrx_word' id='word_1_181' title='bbox 1349 451 1438 474; x_wconf 90' lang='lat' dir='ltr'><strong>autem</strong></span> <span class='ocrx_word' id='word_1_182' title='bbox 1454 450 1482 474; x_wconf 90' lang='lat' dir='ltr'><strong>et</strong></span> <span class='ocrx_word' id='word_1_183' title='bbox 1496 447 1579 474; x_wconf 86' lang='lat' dir='ltr'><strong>Amos</strong></span> <span class='ocrx_word' id='word_1_184' title='bbox 1594 446 1766 474; x_wconf 86' lang='lat' dir='ltr'><strong>adamantem</strong></span> <span class='ocrx_word' id='word_1_185' title='bbox 1781 453 1830 482; x_wconf 88' lang='lat' dir='ltr'><strong>ap-</strong></span> 
     </span>
    </p>
   </div>
   <div class='ocr_carea' id='block_1_25' title="bbox 1039 494 1830 532">
    <p class='ocr_par' dir='ltr' id='par_1_25' title="bbox 1039 494 1830 532">
     <span class='ocr_line' id='line_1_25' title="bbox 1039 494 1830 532; baseline -0.001 -9"><span class='ocrx_word' id='word_1_186' title='bbox 1039 495 1123 532; x_wconf 88' lang='lat' dir='ltr'><strong>pellat</strong></span> <span class='ocrx_word' id='word_1_187' title='bbox 1139 496 1182 524; x_wconf 88' lang='lat' dir='ltr'><strong>his</strong></span> <span class='ocrx_word' id='word_1_188' title='bbox 1194 495 1286 523; x_wconf 84' lang='lat' dir='ltr'><strong>verbis</strong></span> <span class='ocrx_word' id='word_1_189' title='bbox 1305 505 1311 524; x_wconf 92' lang='lat'>:</span> <span class='ocrx_word' id='word_1_190' title='bbox 1331 495 1493 530; x_wconf 69' lang='lat' dir='ltr'><strong>«Disponam</strong></span> <span class='ocrx_word' id='word_1_191' title='bbox 1508 495 1680 523; x_wconf 86' lang='lat' dir='ltr'><strong>adamantem</strong></span> <span class='ocrx_word' id='word_1_192' title='bbox 1695 495 1722 522; x_wconf 89' lang='lat' dir='ltr'><strong>in</strong></span> <span class='ocrx_word' id='word_1_193' title='bbox 1739 494 1830 523; x_wconf 85' lang='lat' dir='ltr'><strong>medio</strong></span> 
     </span>
    </p>
   </div>
   <div class='ocr_carea' id='block_1_26' title="bbox 1039 541 1830 579">
    <p class='ocr_par' dir='ltr' id='par_1_26' title="bbox 1039 541 1830 579">
     <span class='ocr_line' id='line_1_26' title="bbox 1039 541 1830 579; baseline -0.004 -8"><span class='ocrx_word' id='word_1_194' title='bbox 1039 543 1134 579; x_wconf 91' lang='lat' dir='ltr'><strong>populi</strong></span> <span class='ocrx_word' id='word_1_195' title='bbox 1151 543 1204 570; x_wconf 90' lang='lat' dir='ltr'><strong>mei</strong></span> <span class='ocrx_word' id='word_1_196' title='bbox 1217 541 1300 571; x_wconf 88' lang='lat' dir='ltr'><strong>lsrael</strong></span> <span class='ocrx_word' id='word_1_197' title='bbox 1320 542 1354 570; x_wconf 61' lang='lat'><strong>3°.</strong></span> <span class='ocrx_word' id='word_1_198' title='bbox 1371 551 1380 568; x_wconf 72' lang='grc' dir='ltr'><strong>ι</strong></span> <span class='ocrx_word' id='word_1_199' title='bbox 1404 541 1473 569; x_wconf 92' lang='lat' dir='ltr'><strong>Sunt</strong></span> <span class='ocrx_word' id='word_1_200' title='bbox 1496 546 1523 569; x_wconf 86' lang='lat' dir='ltr'><strong>et</strong></span> <span class='ocrx_word' id='word_1_201' title='bbox 1538 541 1673 577; x_wconf 80' lang='lat' dir='ltr'><strong>ejusmodi</strong></span> <span class='ocrx_word' id='word_1_202' title='bbox 1689 541 1830 569; x_wconf 65' lang='lat' dir='ltr'><strong>Zachariae</strong></span> 
     </span>
    </p>
   </div>
   <div class='ocr_carea' id='block_1_27' title="bbox 1039 588 1829 624">
    <p class='ocr_par' dir='ltr' id='par_1_27' title="bbox 1039 588 1829 624">
     <span class='ocr_line' id='line_1_27' title="bbox 1039 588 1829 624; baseline -0.003 -7"><span class='ocrx_word' id='word_1_203' title='bbox 1039 590 1143 617; x_wconf 87' lang='lat' dir='ltr'><strong>verba:</strong></span> <span class='ocrx_word' id='word_1_204' title='bbox 1176 599 1185 615; x_wconf 84' lang='lat'><strong>(</strong></span> <span class='ocrx_word' id='word_1_205' title='bbox 1204 589 1275 616; x_wconf 85' lang='lat' dir='ltr'><strong>Ecce</strong></span> <span class='ocrx_word' id='word_1_206' title='bbox 1301 597 1351 623; x_wconf 79' lang='lat' dir='ltr'><strong>ego</strong></span> <span class='ocrx_word' id='word_1_207' title='bbox 1375 588 1482 616; x_wconf 85' lang='lat' dir='ltr'><strong>adduco</strong></span> <span class='ocrx_word' id='word_1_208' title='bbox 1507 596 1589 624; x_wconf 86' lang='lat' dir='ltr'><strong>super</strong></span> <span class='ocrx_word' id='word_1_209' title='bbox 1606 595 1716 616; x_wconf 85' lang='lat' dir='ltr'><strong>servum</strong></span> <span class='ocrx_word' id='word_1_210' title='bbox 1738 596 1829 616; x_wconf 86' lang='lat' dir='ltr'><strong>meum</strong></span> 
     </span>
    </p>
   </div>
   <div class='ocr_carea' id='block_1_28' title="bbox 1039 634 1829 670">
    <p class='ocr_par' dir='ltr' id='par_1_28' title="bbox 1039 634 1829 670">
     <span class='ocr_line' id='line_1_28' title="bbox 1039 634 1829 670; baseline -0.004 -7"><span class='ocrx_word' id='word_1_211' title='bbox 1039 637 1184 664; x_wconf 82' lang='lat' dir='ltr'><strong>orientem.</strong></span> <span class='ocrx_word' id='word_1_212' title='bbox 1205 635 1273 668; x_wconf 79' lang='lat' dir='ltr'><strong>Quia</strong></span> <span class='ocrx_word' id='word_1_213' title='bbox 1294 642 1360 663; x_wconf 82' lang='lat' dir='ltr'><strong>ecce.</strong></span> <span class='ocrx_word' id='word_1_214' title='bbox 1377 635 1457 670; x_wconf 81' lang='lat' dir='ltr'><strong>lapis,</strong></span> <span class='ocrx_word' id='word_1_215' title='bbox 1473 642 1552 670; x_wconf 89' lang='lat' dir='ltr'><strong>quem</strong></span> <span class='ocrx_word' id='word_1_216' title='bbox 1579 634 1641 662; x_wconf 84' lang='lat' dir='ltr'><strong>dedi</strong></span> <span class='ocrx_word' id='word_1_217' title='bbox 1656 639 1719 661; x_wconf 88' lang='lat' dir='ltr'><strong>ante</strong></span> <span class='ocrx_word' id='word_1_218' title='bbox 1735 634 1829 662; x_wconf 79' lang='lat' dir='ltr'><strong>faciem</strong></span> 
     </span>
    </p>
   </div>
   <div class='ocr_carea' id='block_1_29' title="bbox 1039 679 1828 716">
    <p class='ocr_par' dir='ltr' id='par_1_29' title="bbox 1039 679 1828 716">
     <span class='ocr_line' id='line_1_29' title="bbox 1039 679 1828 716; baseline -0.005 -7"><span class='ocrx_word' id='word_1_219' title='bbox 1039 681 1104 709; x_wconf 89' lang='lat' dir='ltr'><strong>Jesu</strong></span> <span class='ocrx_word' id='word_1_220' title='bbox 1119 689 1203 716; x_wconf 87' lang='lat' dir='ltr'><strong>super</strong></span> <span class='ocrx_word' id='word_1_221' title='bbox 1219 681 1337 716; x_wconf 81' lang='lat' dir='ltr'><strong>lapidem</strong></span> <span class='ocrx_word' id='word_1_222' title='bbox 1354 688 1436 708; x_wconf 84' lang='lat' dir='ltr'><strong>tinum</strong></span> <span class='ocrx_word' id='word_1_223' title='bbox 1461 686 1563 715; x_wconf 86' lang='lat' dir='ltr'><strong>septem</strong></span> <span class='ocrx_word' id='word_1_224' title='bbox 1591 680 1664 707; x_wconf 89' lang='lat' dir='ltr'><strong>oculi</strong></span> <span class='ocrx_word' id='word_1_225' title='bbox 1684 684 1749 707; x_wconf 82' lang='lat' dir='ltr'><strong>sunt</strong></span> <span class='ocrx_word' id='word_1_226' title='bbox 1763 679 1797 706; x_wconf 81' lang='lat'><strong>“.</strong></span> <span class='ocrx_word' id='word_1_227' title='bbox 1818 689 1828 705; x_wconf 75' lang='grc' dir='ltr'><strong>ι</strong></span> 
     </span>
    </p>
   </div>
   <div class='ocr_carea' id='block_1_30' title="bbox 1040 725 1830 761">
    <p class='ocr_par' dir='ltr' id='par_1_30' title="bbox 1040 725 1830 761">
     <span class='ocr_line' id='line_1_30' title="bbox 1040 725 1830 761; baseline -0.003 -6"><span class='ocrx_word' id='word_1_228' title='bbox 1040 727 1089 755; x_wconf 85' lang='lat' dir='ltr'><strong>Est</strong></span> <span class='ocrx_word' id='word_1_229' title='bbox 1106 727 1180 755; x_wconf 88' lang='lat' dir='ltr'><strong>enim</strong></span> <span class='ocrx_word' id='word_1_230' title='bbox 1196 727 1320 754; x_wconf 88' lang='lat' dir='ltr'><strong>onmium</strong></span> <span class='ocrx_word' id='word_1_231' title='bbox 1345 726 1486 761; x_wconf 81' lang='lat' dir='ltr'><strong>inspector</strong></span> <span class='ocrx_word' id='word_1_232' title='bbox 1512 730 1539 754; x_wconf 84' lang='lat' dir='ltr'><strong>et</strong></span> <span class='ocrx_word' id='word_1_233' title='bbox 1566 726 1670 753; x_wconf 88' lang='lat' dir='ltr'><strong>arbiter</strong></span> <span class='ocrx_word' id='word_1_234' title='bbox 1693 725 1830 754; x_wconf 77' lang='lat' dir='ltr'><strong>Christus.</strong></span> 
     </span>
    </p>
   </div>
   <div class='ocr_carea' id='block_1_31' title="bbox 1040 771 1833 809">
    <p class='ocr_par' dir='ltr' id='par_1_31' title="bbox 1040 771 1833 809">
     <span class='ocr_line' id='line_1_31' title="bbox 1040 771 1833 809; baseline -0.003 -8"><span class='ocrx_word' id='word_1_235' title='bbox 1040 774 1088 801; x_wconf 89' lang='lat' dir='ltr'><strong>Est</strong></span> <span class='ocrx_word' id='word_1_236' title='bbox 1103 773 1198 809; x_wconf 80' lang='lat' dir='ltr'><strong>igitur,</strong></span> <span class='ocrx_word' id='word_1_237' title='bbox 1213 773 1302 805; x_wconf 87' lang='lat' dir='ltr'><strong>aiunt,</strong></span> <span class='ocrx_word' id='word_1_238' title='bbox 1319 771 1498 799; x_wconf 74' lang='lat' dir='ltr'><strong>carbunculus</strong></span> <span class='ocrx_word' id='word_1_239' title='bbox 1528 771 1583 804; x_wconf 88' lang='lat' dir='ltr'><strong>hic,</strong></span> <span class='ocrx_word' id='word_1_240' title='bbox 1613 775 1743 807; x_wconf 87' lang='lat' dir='ltr'><strong>tauquam</strong></span> <span class='ocrx_word' id='word_1_241' title='bbox 1756 771 1833 799; x_wconf 80' lang='lat' dir='ltr'><strong>urbis</strong></span> 
     </span>
    </p>
   </div>
   <div class='ocr_carea' id='block_1_32' title="bbox 1040 816 1831 853">
    <p class='ocr_par' dir='ltr' id='par_1_32' title="bbox 1040 816 1831 853">
     <span class='ocr_line' id='line_1_32' title="bbox 1040 816 1831 853; baseline -0.004 -6"><span class='ocrx_word' id='word_1_242' title='bbox 1040 819 1158 848; x_wconf 80' lang='lat' dir='ltr'><strong>fulcrum</strong></span> <span class='ocrx_word' id='word_1_243' title='bbox 1174 823 1200 846; x_wconf 89' lang='lat' dir='ltr'><strong>et</strong></span> <span class='ocrx_word' id='word_1_244' title='bbox 1214 818 1437 853; x_wconf 74' lang='lat' dir='ltr'><strong>fundamentum;</strong></span> <span class='ocrx_word' id='word_1_245' title='bbox 1453 820 1518 845; x_wconf 90' lang='lat' dir='ltr'><strong>sunt</strong></span> <span class='ocrx_word' id='word_1_246' title='bbox 1533 821 1561 844; x_wconf 91' lang='lat' dir='ltr'><strong>et</strong></span> <span class='ocrx_word' id='word_1_247' title='bbox 1589 817 1653 844; x_wconf 90' lang='lat' dir='ltr'><strong>huic</strong></span> <span class='ocrx_word' id='word_1_248' title='bbox 1666 816 1750 844; x_wconf 87' lang='lat' dir='ltr'><strong>vicini</strong></span> <span class='ocrx_word' id='word_1_249' title='bbox 1763 823 1831 852; x_wconf 88' lang='lat' dir='ltr'><strong>apo-</strong></span> 
     </span>
    </p>
   </div>
   <div class='ocr_carea' id='block_1_33' title="bbox 1040 864 1834 902">
    <p class='ocr_par' dir='ltr' id='par_1_33' title="bbox 1040 864 1834 902">
     <span class='ocr_line' id='line_1_33' title="bbox 1040 864 1834 902; baseline -0.005 -7"><span class='ocrx_word' id='word_1_250' title='bbox 1040 867 1103 896; x_wconf 91' lang='lat' dir='ltr'><strong>stoli</strong></span> <span class='ocrx_word' id='word_1_251' title='bbox 1117 867 1292 902; x_wconf 80' lang='lat' dir='ltr'><strong>fundamenta</strong></span> <span class='ocrx_word' id='word_1_252' title='bbox 1306 866 1390 892; x_wconf 84' lang='lat' dir='ltr'><strong>altera</strong></span> <span class='ocrx_word' id='word_1_253' title='bbox 1403 865 1590 900; x_wconf 81' lang='lat' dir='ltr'><strong>sappln&#39;rorum</strong></span> <span class='ocrx_word' id='word_1_254' title='bbox 1605 864 1717 892; x_wconf 87' lang='lat' dir='ltr'><strong>nomine</strong></span> <span class='ocrx_word' id='word_1_255' title='bbox 1728 864 1834 901; x_wconf 62' lang='lat' dir='ltr'><strong>signifl.</strong></span> 
     </span>
    </p>
   </div>
   <div class='ocr_carea' id='block_1_34' title="bbox 1040 910 1833 948">
    <p class='ocr_par' dir='ltr' id='par_1_34' title="bbox 1040 910 1833 948">
     <span class='ocr_line' id='line_1_34' title="bbox 1040 910 1833 948; baseline -0.003 -8"><span class='ocrx_word' id='word_1_256' title='bbox 1040 913 1112 946; x_wconf 86' lang='lat' dir='ltr'><strong>cati;</strong></span> <span class='ocrx_word' id='word_1_257' title='bbox 1133 913 1195 948; x_wconf 91' lang='lat' dir='ltr'><strong>ipso</strong></span> <span class='ocrx_word' id='word_1_258' title='bbox 1211 912 1292 939; x_wconf 88' lang='lat' dir='ltr'><strong>etiam</strong></span> <span class='ocrx_word' id='word_1_259' title='bbox 1310 911 1480 946; x_wconf 68' lang='lat' dir='ltr'><strong>suffragante</strong></span> <span class='ocrx_word' id='word_1_260' title='bbox 1496 911 1602 946; x_wconf 82' lang='lat' dir='ltr'><strong>psalmo</strong></span> <span class='ocrx_word' id='word_1_261' title='bbox 1627 910 1734 938; x_wconf 89' lang='lat' dir='ltr'><strong>decimo</strong></span> <span class='ocrx_word' id='word_1_262' title='bbox 1747 910 1833 946; x_wconf 85' lang='lat' dir='ltr'><strong>septi-</strong></span> 
     </span>
    </p>
   </div>
   <div class='ocr_carea' id='block_1_35' title="bbox 1041 955 1833 992">
    <p class='ocr_par' dir='ltr' id='par_1_35' title="bbox 1041 955 1833 992">
     <span class='ocr_line' id='line_1_35' title="bbox 1041 955 1833 992; baseline -0.005 -6"><span class='ocrx_word' id='word_1_263' title='bbox 1041 967 1086 987; x_wconf 90' lang='lat' dir='ltr'><strong>mo</strong></span> <span class='ocrx_word' id='word_1_264' title='bbox 1100 959 1144 986; x_wconf 87' lang='lat' dir='ltr'><strong>his</strong></span> <span class='ocrx_word' id='word_1_265' title='bbox 1159 957 1269 986; x_wconf 83' lang='lat' dir='ltr'><strong>verbis:</strong></span> <span class='ocrx_word' id='word_1_266' title='bbox 1294 967 1302 983; x_wconf 83' lang='grc' dir='ltr'>ι</span> <span class='ocrx_word' id='word_1_267' title='bbox 1321 957 1518 992; x_wconf 84' lang='lat' dir='ltr'><strong>Apparuerunt</strong></span> <span class='ocrx_word' id='word_1_268' title='bbox 1531 955 1623 984; x_wconf 82' lang='lat' dir='ltr'><strong>fontes</strong></span> <span class='ocrx_word' id='word_1_269' title='bbox 1638 964 1782 991; x_wconf 83' lang='lat' dir='ltr'><strong>aquarum,</strong></span> <span class='ocrx_word' id='word_1_270' title='bbox 1806 960 1833 983; x_wconf 86' lang='lat' dir='ltr'><strong>et</strong></span> 
     </span>
    </p>
   </div>
   <div class='ocr_carea' id='block_1_36' title="bbox 190 1001 987 1041">
    <p class='ocr_par' dir='ltr' id='par_1_36' title="bbox 190 1005 987 1041">
     <span class='ocr_line' id='line_1_36' title="bbox 190 1005 987 1041; baseline -0.001 -8"><span class='ocrx_word' id='word_1_271' title='bbox 190 1015 248 1034; x_wconf 86' lang='grc' dir='ltr'>σου.</span> <span class='ocrx_word' id='word_1_272' title='bbox 263 1015 273 1032; x_wconf 71' lang='grc' dir='ltr'><strong>ι</strong></span> <span class='ocrx_word' id='word_1_273' title='bbox 288 1005 524 1041; x_wconf 76' lang='grc' dir='ltr'>Ἐπιτιμηοὲντων</span> <span class='ocrx_word' id='word_1_274' title='bbox 549 1006 604 1041; x_wconf 84' lang='grc' dir='ltr'><strong>γὰρ</strong></span> <span class='ocrx_word' id='word_1_275' title='bbox 628 1006 681 1032; x_wconf 83' lang='grc' dir='ltr'>τῶν</span> <span class='ocrx_word' id='word_1_276' title='bbox 707 1005 736 1038; x_wconf 78' lang='grc' dir='ltr'><strong>ἐξ</strong></span> <span class='ocrx_word' id='word_1_277' title='bbox 751 1006 862 1041; x_wconf 82' lang='grc' dir='ltr'>Ἰσραὴλ</span> <span class='ocrx_word' id='word_1_278' title='bbox 884 1005 928 1032; x_wconf 79' lang='grc' dir='ltr'>διὰ</span> <span class='ocrx_word' id='word_1_279' title='bbox 952 1005 987 1032; x_wconf 86' lang='grc' dir='ltr'>τὰ</span> 
     </span>
    </p>
   </div>
   <div class='ocr_carea' id='block_1_37' title="bbox 1039 1001 1833 1041">
    <p class='ocr_par' dir='ltr' id='par_1_37' title="bbox 1039 1001 1833 1034">
     <span class='ocr_line' id='line_1_37' title="bbox 1039 1001 1833 1034; baseline -0.005 -2"><span class='ocrx_word' id='word_1_280' title='bbox 1039 1005 1160 1033; x_wconf 87' lang='lat' dir='ltr'><strong>revelata</strong></span> <span class='ocrx_word' id='word_1_281' title='bbox 1176 1008 1242 1032; x_wconf 89' lang='lat' dir='ltr'><strong>sunt</strong></span> <span class='ocrx_word' id='word_1_282' title='bbox 1258 1003 1438 1031; x_wconf 82' lang='lat' dir='ltr'><strong>fundamenta</strong></span> <span class='ocrx_word' id='word_1_283' title='bbox 1464 1002 1539 1030; x_wconf 85' lang='lat' dir='ltr'><strong>orbis</strong></span> <span class='ocrx_word' id='word_1_284' title='bbox 1557 1007 1705 1034; x_wconf 83' lang='lat' dir='ltr'><strong>terrarum,</strong></span> <span class='ocrx_word' id='word_1_285' title='bbox 1729 1003 1764 1029; x_wconf 88' lang='lat' dir='ltr'><strong>ab</strong></span> <span class='ocrx_word' id='word_1_286' title='bbox 1789 1001 1833 1029; x_wconf 85' lang='lat' dir='ltr'><strong>in-</strong></span> 
     </span>
    </p>
   </div>
   <div class='ocr_carea' id='block_1_38' title="bbox 188 1051 986 1088">
    <p class='ocr_par' dir='ltr' id='par_1_38' title="bbox 188 1051 986 1088">
     <span class='ocr_line' id='line_1_38' title="bbox 188 1051 986 1088; baseline -0.003 -9"><span class='ocrx_word' id='word_1_287' title='bbox 188 1052 358 1088; x_wconf 84' lang='grc' dir='ltr'>τολμηθέντα</span> <span class='ocrx_word' id='word_1_288' title='bbox 382 1053 453 1080; x_wconf 84' lang='grc' dir='ltr'>κατὰ</span> <span class='ocrx_word' id='word_1_289' title='bbox 475 1051 606 1088; x_wconf 79' lang='grc' dir='ltr'><strong>Χριστοῦ,</strong></span> <span class='ocrx_word' id='word_1_290' title='bbox 631 1051 710 1087; x_wconf 79' lang='grc' dir='ltr'><strong>ὤφθη</strong></span> <span class='ocrx_word' id='word_1_291' title='bbox 730 1052 779 1087; x_wconf 81' lang='grc' dir='ltr'><strong>μὲν</strong></span> <span class='ocrx_word' id='word_1_292' title='bbox 800 1053 817 1087; x_wconf 83' lang='grc' dir='ltr'><strong>ἡ</strong></span> <span class='ocrx_word' id='word_1_293' title='bbox 840 1052 874 1078; x_wconf 82' lang='grc' dir='ltr'>δι’</span> <span class='ocrx_word' id='word_1_294' title='bbox 891 1051 986 1083; x_wconf 78' lang='grc' dir='ltr'>ὓδατος</span> 
     </span>
    </p>
   </div>
   <div class='ocr_carea' id='block_1_39' title="bbox 189 1098 985 1134">
    <p class='ocr_par' dir='ltr' id='par_1_39' title="bbox 189 1098 985 1134">
     <span class='ocr_line' id='line_1_39' title="bbox 189 1098 985 1134; baseline -0.001 -9"><span class='ocrx_word' id='word_1_295' title='bbox 189 1098 343 1134; x_wconf 77' lang='grc' dir='ltr'><strong>κάθαρσις·</strong></span> <span class='ocrx_word' id='word_1_296' title='bbox 366 1098 563 1134; x_wconf 82' lang='grc' dir='ltr'>ἀνεδείχοησαν</span> <span class='ocrx_word' id='word_1_297' title='bbox 581 1098 609 1125; x_wconf 82' lang='grc' dir='ltr'>δὲ</span> <span class='ocrx_word' id='word_1_298' title='bbox 625 1099 672 1125; x_wconf 77' lang='grc' dir='ltr'><strong>καὶ</strong></span> <span class='ocrx_word' id='word_1_299' title='bbox 686 1099 733 1124; x_wconf 84' lang='grc' dir='ltr'><strong>τοῦ</strong></span> <span class='ocrx_word' id='word_1_300' title='bbox 749 1098 877 1133; x_wconf 77' lang='grc' dir='ltr'><strong>Σωτῆρος</strong></span> <span class='ocrx_word' id='word_1_301' title='bbox 890 1098 914 1124; x_wconf 78' lang='grc' dir='ltr'>οἱ</span> <span class='ocrx_word' id='word_1_302' title='bbox 932 1106 985 1132; x_wconf 64' lang='grc' dir='ltr'>μαι</span> 
     </span>
    </p>
   </div>
   <div class='ocr_carea' id='block_1_40' title="bbox 190 1143 986 1180">
    <p class='ocr_par' dir='ltr' id='par_1_40' title="bbox 190 1143 986 1180">
     <span class='ocr_line' id='line_1_40' title="bbox 190 1143 986 1180; baseline -0.001 -9"><span class='ocrx_word' id='word_1_303' title='bbox 190 1144 344 1180; x_wconf 74' lang='grc' dir='ltr'>οηταί.Καὶ</span> <span class='ocrx_word' id='word_1_304' title='bbox 359 1145 384 1171; x_wconf 81' lang='grc' dir='ltr'>οἱ</span> <span class='ocrx_word' id='word_1_305' title='bbox 398 1146 537 1180; x_wconf 77' lang='grc' dir='ltr'><strong>προφῆται</strong></span> <span class='ocrx_word' id='word_1_306' title='bbox 548 1145 575 1171; x_wconf 77' lang='grc' dir='ltr'>δὲ</span> <span class='ocrx_word' id='word_1_307' title='bbox 588 1144 725 1179; x_wconf 78' lang='grc' dir='ltr'><strong>θεμέλιος</strong></span> <span class='ocrx_word' id='word_1_308' title='bbox 735 1144 868 1178; x_wconf 78' lang='grc' dir='ltr'>λέγονται,</span> <span class='ocrx_word' id='word_1_309' title='bbox 879 1143 986 1170; x_wconf 83' lang='grc' dir='ltr'><strong>Παύλου</strong></span> 
     </span>
    </p>
   </div>
   <div class='ocr_carea' id='block_1_41' title="bbox 189 1191 987 1228">
    <p class='ocr_par' dir='ltr' id='par_1_41' title="bbox 189 1191 987 1228">
     <span class='ocr_line' id='line_1_41' title="bbox 189 1191 987 1228; baseline -0.001 -10"><span class='ocrx_word' id='word_1_310' title='bbox 189 1191 316 1227; x_wconf 84' lang='grc' dir='ltr'>λέγοντος</span> <span class='ocrx_word' id='word_1_311' title='bbox 326 1200 333 1208; x_wconf 90' lang='grc'>·</span> <span class='ocrx_word' id='word_1_312' title='bbox 351 1202 360 1218; x_wconf 81' lang='grc' dir='ltr'>ι</span> <span class='ocrx_word' id='word_1_313' title='bbox 375 1192 650 1228; x_wconf 79' lang='grc' dir='ltr'>Ἐποικοδομηθὲντες</span> <span class='ocrx_word' id='word_1_314' title='bbox 675 1192 721 1218; x_wconf 75' lang='grc' dir='ltr'><strong>ἐπὶ</strong></span> <span class='ocrx_word' id='word_1_315' title='bbox 734 1192 773 1227; x_wconf 83' lang='grc' dir='ltr'>τῷ</span> <span class='ocrx_word' id='word_1_316' title='bbox 797 1191 917 1227; x_wconf 85' lang='grc' dir='ltr'>θεμελίῳ</span> <span class='ocrx_word' id='word_1_317' title='bbox 932 1191 987 1218; x_wconf 84' lang='grc' dir='ltr'><strong>τῶν</strong></span> 
     </span>
    </p>
   </div>
   <div class='ocr_carea' id='block_1_42' title="bbox 189 1236 987 1273">
    <p class='ocr_par' dir='ltr' id='par_1_42' title="bbox 189 1236 987 1273">
     <span class='ocr_line' id='line_1_42' title="bbox 189 1236 987 1273; baseline -0.003 -9"><span class='ocrx_word' id='word_1_318' title='bbox 189 1237 347 1264; x_wconf 81' lang='grc' dir='ltr'><strong>ἀποστόλων</strong></span> <span class='ocrx_word' id='word_1_319' title='bbox 362 1238 408 1265; x_wconf 76' lang='grc' dir='ltr'>καὶ</span> <span class='ocrx_word' id='word_1_320' title='bbox 417 1236 594 1273; x_wconf 77' lang='grc' dir='ltr'><strong>προφητῶν.»</strong></span> <span class='ocrx_word' id='word_1_321' title='bbox 605 1237 637 1264; x_wconf 84' lang='grc' dir='ltr'>Ἠ</span> <span class='ocrx_word' id='word_1_322' title='bbox 645 1237 674 1264; x_wconf 84' lang='grc' dir='ltr'>δὲ</span> <span class='ocrx_word' id='word_1_323' title='bbox 681 1237 849 1271; x_wconf 72' lang='grc' dir='ltr'><strong>σάπφειρος</strong></span> <span class='ocrx_word' id='word_1_324' title='bbox 863 1237 987 1273; x_wconf 77' lang='grc' dir='ltr'>οὐράνιον</span> 
     </span>
    </p>
   </div>
   <div class='ocr_carea' id='block_1_43' title="bbox 189 1281 988 1319">
    <p class='ocr_par' dir='ltr' id='par_1_43' title="bbox 189 1281 988 1319">
     <span class='ocr_line' id='line_1_43' title="bbox 189 1281 988 1319; baseline -0.001 -10"><span class='ocrx_word' id='word_1_325' title='bbox 189 1282 248 1318; x_wconf 83' lang='grc' dir='ltr'>εχει</span> <span class='ocrx_word' id='word_1_326' title='bbox 262 1283 293 1310; x_wconf 82' lang='grc' dir='ltr'><strong>τὸ</strong></span> <span class='ocrx_word' id='word_1_327' title='bbox 305 1283 416 1319; x_wconf 88' lang='grc' dir='ltr'>χρῶμα.</span> <span class='ocrx_word' id='word_1_328' title='bbox 436 1283 492 1310; x_wconf 77' lang='grc' dir='ltr'><strong>Καὶ</strong></span> <span class='ocrx_word' id='word_1_329' title='bbox 515 1282 620 1310; x_wconf 82' lang='grc' dir='ltr'>τούτων</span> <span class='ocrx_word' id='word_1_330' title='bbox 634 1282 663 1309; x_wconf 86' lang='grc' dir='ltr'>δὲ</span> <span class='ocrx_word' id='word_1_331' title='bbox 681 1282 713 1309; x_wconf 81' lang='grc' dir='ltr'><strong>τὸ</strong></span> <span class='ocrx_word' id='word_1_332' title='bbox 737 1281 901 1317; x_wconf 82' lang='grc' dir='ltr'>πολίτευμα,</span> <span class='ocrx_word' id='word_1_333' title='bbox 917 1281 988 1308; x_wconf 87' lang='grc' dir='ltr'>κατὰ</span> 
     </span>
    </p>
   </div>
   <div class='ocr_carea' id='block_1_44' title="bbox 190 1327 989 1365">
    <p class='ocr_par' dir='ltr' id='par_1_44' title="bbox 190 1327 989 1365">
     <span class='ocr_line' id='line_1_44' title="bbox 190 1327 989 1365; baseline -0.001 -10"><span class='ocrx_word' id='word_1_334' title='bbox 190 1328 236 1355; x_wconf 78' lang='grc' dir='ltr'><strong>Ιτὸν</strong></span> <span class='ocrx_word' id='word_1_335' title='bbox 254 1329 427 1363; x_wconf 83' lang='grc' dir='ltr'>Ἀπόστολον,</span> <span class='ocrx_word' id='word_1_336' title='bbox 441 1329 471 1356; x_wconf 77' lang='grc' dir='ltr'><strong>ὲν</strong></span> <span class='ocrx_word' id='word_1_337' title='bbox 494 1329 622 1365; x_wconf 78' lang='grc' dir='ltr'><strong>οὐρανοῖς</strong></span> <span class='ocrx_word' id='word_1_338' title='bbox 647 1329 776 1364; x_wconf 79' lang='grc' dir='ltr'>ὑπάρχει.</span> <span class='ocrx_word' id='word_1_339' title='bbox 791 1328 870 1355; x_wconf 84' lang='grc' dir='ltr'>Κατὰ</span> <span class='ocrx_word' id='word_1_340' title='bbox 891 1327 920 1354; x_wconf 82' lang='grc' dir='ltr'>δὲ</span> <span class='ocrx_word' id='word_1_341' title='bbox 942 1327 989 1355; x_wconf 85' lang='grc' dir='ltr'>τὸν</span> 
     </span>
    </p>
   </div>
   <div class='ocr_carea' id='block_1_45' title="bbox 197 1368 987 1409">
    <p class='ocr_par' dir='ltr' id='par_1_45' title="bbox 197 1368 987 1409">
     <span class='ocr_line' id='line_1_45' title="bbox 197 1368 987 1409; baseline -0.001 -9"><span class='ocrx_word' id='word_1_342' title='bbox 197 1373 339 1409; x_wconf 80' lang='grc' dir='ltr'>Ἰεζεκιὴλ,</span> <span class='ocrx_word' id='word_1_343' title='bbox 356 1374 404 1401; x_wconf 77' lang='grc' dir='ltr'><strong>καὶ</strong></span> <span class='ocrx_word' id='word_1_344' title='bbox 425 1374 440 1400; x_wconf 86' lang='grc' dir='ltr'>ὁ</span> <span class='ocrx_word' id='word_1_345' title='bbox 455 1374 537 1406; x_wconf 83' lang='grc' dir='ltr'>τόπος</span> <span class='ocrx_word' id='word_1_346' title='bbox 558 1375 573 1401; x_wconf 87' lang='grc' dir='ltr'><strong>ό</strong></span> <span class='ocrx_word' id='word_1_347' title='bbox 598 1373 729 1401; x_wconf 80' lang='grc' dir='ltr'>ὑποκάτω</span> <span class='ocrx_word' id='word_1_348' title='bbox 749 1368 803 1400; x_wconf 69' lang='grc' dir='ltr'><strong>τοῦ</strong></span> <span class='ocrx_word' id='word_1_349' title='bbox 820 1373 916 1409; x_wconf 80' lang='grc' dir='ltr'><strong>θρόνου</strong></span> <span class='ocrx_word' id='word_1_350' title='bbox 940 1371 987 1399; x_wconf 85' lang='grc' dir='ltr'><strong>τοῦ</strong></span> 
     </span>
    </p>
   </div>
   <div class='ocr_carea' id='block_1_46' title="bbox 191 1418 989 1457">
    <p class='ocr_par' dir='ltr' id='par_1_46' title="bbox 191 1418 989 1457">
     <span class='ocr_line' id='line_1_46' title="bbox 191 1418 989 1457; baseline -0.001 -10"><span class='ocrx_word' id='word_1_351' title='bbox 191 1420 260 1448; x_wconf 87' lang='grc' dir='ltr'><strong>Θεοῦ</strong></span> <span class='ocrx_word' id='word_1_352' title='bbox 274 1420 312 1452; x_wconf 81' lang='grc' dir='ltr'>ὡς</span> <span class='ocrx_word' id='word_1_353' title='bbox 329 1421 492 1457; x_wconf 81' lang='grc' dir='ltr'><strong>σάπφειρος.</strong></span> <span class='ocrx_word' id='word_1_354' title='bbox 506 1420 585 1448; x_wconf 78' lang='grc' dir='ltr'>Οὕτω</span> <span class='ocrx_word' id='word_1_355' title='bbox 598 1420 690 1448; x_wconf 81' lang='grc' dir='ltr'>τοίνυν</span> <span class='ocrx_word' id='word_1_356' title='bbox 711 1420 821 1456; x_wconf 79' lang='grc' dir='ltr'>εἴρηται</span> <span class='ocrx_word' id='word_1_357' title='bbox 837 1418 882 1447; x_wconf 81' lang='grc' dir='ltr'>διὰ</span> <span class='ocrx_word' id='word_1_358' title='bbox 895 1420 925 1446; x_wconf 81' lang='grc' dir='ltr'>τὸ</span> <span class='ocrx_word' id='word_1_359' title='bbox 938 1420 989 1455; x_wconf 86' lang='grc' dir='ltr'><strong>τὴν</strong></span> 
     </span>
    </p>
   </div>
   <div class='ocr_carea' id='block_1_47' title="bbox 192 1465 989 1502">
    <p class='ocr_par' dir='ltr' id='par_1_47' title="bbox 192 1465 989 1502">
     <span class='ocr_line' id='line_1_47' title="bbox 192 1465 989 1502; baseline 0 -10"><span class='ocrx_word' id='word_1_360' title='bbox 192 1466 286 1493; x_wconf 82' lang='grc' dir='ltr'>εἰκόνα</span> <span class='ocrx_word' id='word_1_361' title='bbox 306 1466 353 1493; x_wconf 80' lang='grc' dir='ltr'><strong>τοῦ</strong></span> <span class='ocrx_word' id='word_1_362' title='bbox 378 1466 541 1502; x_wconf 78' lang='grc' dir='ltr'>ἐπουρανίου</span> <span class='ocrx_word' id='word_1_363' title='bbox 563 1467 667 1501; x_wconf 82' lang='grc' dir='ltr'>φορεῖν.</span> <span class='ocrx_word' id='word_1_364' title='bbox 679 1466 844 1501; x_wconf 77' lang='grc' dir='ltr'>Ἀνθρακες</span> <span class='ocrx_word' id='word_1_365' title='bbox 868 1466 897 1493; x_wconf 79' lang='grc' dir='ltr'>δὲ</span> <span class='ocrx_word' id='word_1_366' title='bbox 921 1465 989 1493; x_wconf 79' lang='grc' dir='ltr'>καθ’</span> 
     </span>
    </p>
   </div>
   <div class='ocr_carea' id='block_1_48' title="bbox 192 1511 989 1548">
    <p class='ocr_par' dir='ltr' id='par_1_48' title="bbox 192 1511 989 1548">
     <span class='ocr_line' id='line_1_48' title="bbox 192 1511 989 1548; baseline 0 -11"><span class='ocrx_word' id='word_1_367' title='bbox 192 1512 291 1547; x_wconf 79' lang='grc' dir='ltr'>ἑτέραν</span> <span class='ocrx_word' id='word_1_368' title='bbox 306 1512 388 1547; x_wconf 73' lang='grc' dir='ltr'>φασὶν</span> <span class='ocrx_word' id='word_1_369' title='bbox 404 1511 520 1548; x_wconf 73' lang='grc' dir='ltr'>ἐκδοχὴν</span> <span class='ocrx_word' id='word_1_370' title='bbox 534 1512 560 1538; x_wconf 83' lang='grc' dir='ltr'>οἱ</span> <span class='ocrx_word' id='word_1_371' title='bbox 574 1511 744 1546; x_wconf 80' lang='grc' dir='ltr'>κοσμοῦντες</span> <span class='ocrx_word' id='word_1_372' title='bbox 758 1511 838 1539; x_wconf 85' lang='grc' dir='ltr'>λίθοι</span> <span class='ocrx_word' id='word_1_373' title='bbox 853 1511 948 1546; x_wconf 78' lang='grc' dir='ltr'>ὥσπερ</span> <span class='ocrx_word' id='word_1_374' title='bbox 960 1511 989 1538; x_wconf 86' lang='grc' dir='ltr'>ἐν</span> 
     </span>
    </p>
   </div>
   <div class='ocr_carea' id='block_1_49' title="bbox 191 1555 989 1592">
    <p class='ocr_par' dir='ltr' id='par_1_49' title="bbox 191 1555 989 1592">
     <span class='ocr_line' id='line_1_49' title="bbox 191 1555 989 1592; baseline -0.001 -9"><span class='ocrx_word' id='word_1_375' title='bbox 191 1557 291 1591; x_wconf 80' lang='grc' dir='ltr'>στιμει</span> <span class='ocrx_word' id='word_1_376' title='bbox 309 1557 373 1589; x_wconf 82' lang='grc' dir='ltr'>τοὺς</span> <span class='ocrx_word' id='word_1_377' title='bbox 392 1556 444 1592; x_wconf 82' lang='grc' dir='ltr'>τῆς</span> <span class='ocrx_word' id='word_1_378' title='bbox 462 1556 582 1592; x_wconf 83' lang='grc' dir='ltr'><strong>Νύμφης</strong></span> <span class='ocrx_word' id='word_1_379' title='bbox 596 1556 644 1583; x_wconf 87' lang='grc' dir='ltr'><strong>τοῦ</strong></span> <span class='ocrx_word' id='word_1_380' title='bbox 657 1555 777 1591; x_wconf 82' lang='grc' dir='ltr'><strong>Χριστοῦ</strong></span> <span class='ocrx_word' id='word_1_381' title='bbox 791 1555 950 1591; x_wconf 75' lang='grc' dir='ltr'>ὀφθαλμοὺς</span> <span class='ocrx_word' id='word_1_382' title='bbox 964 1556 989 1582; x_wconf 87' lang='grc' dir='ltr'><strong>οἱ</strong></span> 
     </span>
    </p>
   </div>
   <div class='ocr_carea' id='block_1_50' title="bbox 192 1602 848 1639">
    <p class='ocr_par' dir='ltr' id='par_1_50' title="bbox 192 1602 848 1639">
     <span class='ocr_line' id='line_1_50' title="bbox 192 1602 848 1639; baseline -0.003 -9"><span class='ocrx_word' id='word_1_383' title='bbox 192 1602 267 1637; x_wconf 73' lang='grc' dir='ltr'>ἅγιοι</span> <span class='ocrx_word' id='word_1_384' title='bbox 287 1603 427 1639; x_wconf 79' lang='grc' dir='ltr'>μάρτυρες</span> <span class='ocrx_word' id='word_1_385' title='bbox 445 1603 489 1630; x_wconf 79' lang='grc' dir='ltr'>διὰ</span> <span class='ocrx_word' id='word_1_386' title='bbox 509 1603 594 1638; x_wconf 69' lang='grc' dir='ltr'>πυρὸς</span> <span class='ocrx_word' id='word_1_387' title='bbox 611 1602 848 1638; x_wconf 80' lang='grc' dir='ltr'><strong>δεδοκιμασμένοι.</strong></span> 
     </span>
    </p>
   </div>
   <div class='ocr_carea' id='block_1_51' title="bbox 1038 1048 1833 1086">
    <p class='ocr_par' dir='ltr' id='par_1_51' title="bbox 1038 1048 1833 1086">
     <span class='ocr_line' id='line_1_51' title="bbox 1038 1048 1833 1086; baseline -0.004 -7"><span class='ocrx_word' id='word_1_388' title='bbox 1038 1052 1197 1086; x_wconf 88' lang='lat' dir='ltr'><strong>crepatione</strong></span> <span class='ocrx_word' id='word_1_389' title='bbox 1214 1053 1270 1081; x_wconf 91' lang='lat' dir='ltr'><strong>tua,</strong></span> <span class='ocrx_word' id='word_1_390' title='bbox 1295 1049 1421 1082; x_wconf 88' lang='lat' dir='ltr'><strong>Domine,</strong></span> <span class='ocrx_word' id='word_1_391' title='bbox 1449 1048 1484 1075; x_wconf 86' lang='lat' dir='ltr'><strong>ab</strong></span> <span class='ocrx_word' id='word_1_392' title='bbox 1512 1048 1695 1083; x_wconf 88' lang='lat' dir='ltr'><strong>inspiratione</strong></span> <span class='ocrx_word' id='word_1_393' title='bbox 1719 1048 1833 1083; x_wconf 86' lang='lat' dir='ltr'><strong>spiritus</strong></span> 
     </span>
    </p>
   </div>
   <div class='ocr_carea' id='block_1_52' title="bbox 1038 1095 1832 1131">
    <p class='ocr_par' dir='ltr' id='par_1_52' title="bbox 1038 1095 1832 1131">
     <span class='ocr_line' id='line_1_52' title="bbox 1038 1095 1832 1131; baseline -0.001 -6"><span class='ocrx_word' id='word_1_394' title='bbox 1038 1097 1086 1125; x_wconf 74' lang='lat' dir='ltr'><strong>ine</strong></span> <span class='ocrx_word' id='word_1_395' title='bbox 1102 1101 1155 1124; x_wconf 68' lang='lat' dir='ltr'><strong>tum</strong></span> <span class='ocrx_word' id='word_1_396' title='bbox 1169 1097 1203 1125; x_wconf 72' lang='grc' dir='ltr'><strong>θ’.</strong></span> <span class='ocrx_word' id='word_1_397' title='bbox 1223 1106 1232 1122; x_wconf 79' lang='grc' dir='ltr'><strong>ι</strong></span> <span class='ocrx_word' id='word_1_398' title='bbox 1255 1096 1408 1131; x_wconf 86' lang='lat' dir='ltr'><strong>lncrepatis</strong></span> <span class='ocrx_word' id='word_1_399' title='bbox 1420 1096 1493 1123; x_wconf 78' lang='lat' dir='ltr'><strong>enim</strong></span> <span class='ocrx_word' id='word_1_400' title='bbox 1505 1095 1608 1123; x_wconf 74' lang='lat' dir='ltr'><strong>Judaais</strong></span> <span class='ocrx_word' id='word_1_401' title='bbox 1620 1096 1656 1124; x_wconf 91' lang='lat' dir='ltr'><strong>ob</strong></span> <span class='ocrx_word' id='word_1_402' title='bbox 1674 1103 1717 1128; x_wconf 81' lang='lat' dir='ltr'><strong>ea,</strong></span> <span class='ocrx_word' id='word_1_403' title='bbox 1734 1096 1832 1131; x_wconf 78' lang='lat' dir='ltr'><strong>qmcin</strong></span> 
     </span>
    </p>
   </div>
   <div class='ocr_carea' id='block_1_53' title="bbox 1037 1141 1832 1177">
    <p class='ocr_par' dir='ltr' id='par_1_53' title="bbox 1037 1141 1832 1177">
     <span class='ocr_line' id='line_1_53' title="bbox 1037 1141 1832 1177; baseline -0.003 -6"><span class='ocrx_word' id='word_1_404' title='bbox 1037 1143 1178 1171; x_wconf 78' lang='lat' dir='ltr'><strong>Christum</strong></span> <span class='ocrx_word' id='word_1_405' title='bbox 1196 1142 1256 1169; x_wconf 87' lang='lat' dir='ltr'><strong>ausi</strong></span> <span class='ocrx_word' id='word_1_406' title='bbox 1271 1146 1346 1172; x_wconf 83' lang='lat' dir='ltr'><strong>sunt.</strong></span> <span class='ocrx_word' id='word_1_407' title='bbox 1363 1141 1422 1177; x_wconf 87' lang='lat' dir='ltr'><strong>ipsa</strong></span> <span class='ocrx_word' id='word_1_408' title='bbox 1433 1144 1519 1174; x_wconf 83' lang='lat' dir='ltr'><strong>certe,</strong></span> <span class='ocrx_word' id='word_1_409' title='bbox 1534 1150 1595 1177; x_wconf 78' lang='lat' dir='ltr'><strong>qua:</strong></span> <span class='ocrx_word' id='word_1_410' title='bbox 1607 1149 1656 1177; x_wconf 85' lang='lat' dir='ltr'><strong>per</strong></span> <span class='ocrx_word' id='word_1_411' title='bbox 1665 1149 1764 1177; x_wconf 86' lang='lat' dir='ltr'><strong>aquam</strong></span> <span class='ocrx_word' id='word_1_412' title='bbox 1778 1148 1832 1176; x_wconf 81' lang='lat' dir='ltr'><strong>est,</strong></span> 
     </span>
    </p>
   </div>
   <div class='ocr_carea' id='block_1_54' title="bbox 1039 1186 1834 1223">
    <p class='ocr_par' dir='ltr' id='par_1_54' title="bbox 1039 1186 1834 1223">
     <span class='ocr_line' id='line_1_54' title="bbox 1039 1186 1834 1223; baseline 0.001 -8"><span class='ocrx_word' id='word_1_413' title='bbox 1039 1188 1168 1216; x_wconf 90' lang='lat' dir='ltr'><strong>lustratio</strong></span> <span class='ocrx_word' id='word_1_414' title='bbox 1184 1187 1322 1222; x_wconf 82' lang='lat' dir='ltr'><strong>apparuit.</strong></span> <span class='ocrx_word' id='word_1_415' title='bbox 1335 1187 1529 1222; x_wconf 87' lang='lat' dir='ltr'><strong>Apparuerunt</strong></span> <span class='ocrx_word' id='word_1_416' title='bbox 1539 1191 1565 1214; x_wconf 90' lang='lat' dir='ltr'><strong>et</strong></span> <span class='ocrx_word' id='word_1_417' title='bbox 1575 1186 1627 1222; x_wconf 91' lang='lat' dir='ltr'><strong>ipsi</strong></span> <span class='ocrx_word' id='word_1_418' title='bbox 1643 1195 1753 1223; x_wconf 89' lang='lat' dir='ltr'><strong>quoque</strong></span> <span class='ocrx_word' id='word_1_419' title='bbox 1773 1187 1834 1216; x_wconf 87' lang='lat' dir='ltr'><strong>Sal-</strong></span> 
     </span>
    </p>
   </div>
   <div class='ocr_carea' id='block_1_55' title="bbox 1040 1233 1833 1269">
    <p class='ocr_par' dir='ltr' id='par_1_55' title="bbox 1040 1233 1833 1269">
     <span class='ocr_line' id='line_1_55' title="bbox 1040 1233 1833 1269; baseline 0 -7"><span class='ocrx_word' id='word_1_420' title='bbox 1040 1234 1144 1262; x_wconf 81' lang='lat' dir='ltr'><strong>vatoris</strong></span> <span class='ocrx_word' id='word_1_421' title='bbox 1170 1234 1300 1269; x_wconf 85' lang='lat' dir='ltr'><strong>apostoli.</strong></span> <span class='ocrx_word' id='word_1_422' title='bbox 1329 1233 1464 1261; x_wconf 91' lang='lat' dir='ltr'><strong>Dicuntur</strong></span> <span class='ocrx_word' id='word_1_423' title='bbox 1505 1240 1571 1261; x_wconf 83' lang='lat' dir='ltr'><strong>vero</strong></span> <span class='ocrx_word' id='word_1_424' title='bbox 1600 1236 1628 1260; x_wconf 89' lang='lat' dir='ltr'><strong>et</strong></span> <span class='ocrx_word' id='word_1_425' title='bbox 1656 1233 1833 1269; x_wconf 80' lang='lat' dir='ltr'><strong>fundamenta</strong></span> 
     </span>
    </p>
   </div>
   <div class='ocr_carea' id='block_1_56' title="bbox 1041 1279 1833 1317">
    <p class='ocr_par' dir='ltr' id='par_1_56' title="bbox 1041 1279 1833 1317">
     <span class='ocr_line' id='line_1_56' title="bbox 1041 1279 1833 1317; baseline 0.001 -9"><span class='ocrx_word' id='word_1_426' title='bbox 1041 1281 1192 1316; x_wconf 73' lang='lat' dir='ltr'><strong>prophetae,</strong></span> <span class='ocrx_word' id='word_1_427' title='bbox 1213 1280 1300 1308; x_wconf 79' lang='lat' dir='ltr'><strong>Paulo</strong></span> <span class='ocrx_word' id='word_1_428' title='bbox 1318 1284 1388 1308; x_wconf 87' lang='lat' dir='ltr'><strong>teste</strong></span> <span class='ocrx_word' id='word_1_429' title='bbox 1403 1299 1411 1312; x_wconf 87' lang='lat'><strong>,</strong></span> <span class='ocrx_word' id='word_1_430' title='bbox 1433 1279 1480 1315; x_wconf 89' lang='lat' dir='ltr'><strong>qui</strong></span> <span class='ocrx_word' id='word_1_431' title='bbox 1496 1279 1633 1315; x_wconf 88' lang='lat' dir='ltr'><strong>Ephesios</strong></span> <span class='ocrx_word' id='word_1_432' title='bbox 1650 1288 1734 1316; x_wconf 90' lang='lat' dir='ltr'><strong>super</strong></span> <span class='ocrx_word' id='word_1_433' title='bbox 1764 1289 1833 1317; x_wconf 88' lang='lat' dir='ltr'><strong>apo-</strong></span> 
     </span>
    </p>
   </div>
   <div class='ocr_carea' id='block_1_57' title="bbox 1040 1326 1834 1363">
    <p class='ocr_par' dir='ltr' id='par_1_57' title="bbox 1040 1326 1834 1363">
     <span class='ocr_line' id='line_1_57' title="bbox 1040 1326 1834 1363; baseline 0.003 -9"><span class='ocrx_word' id='word_1_434' title='bbox 1040 1327 1175 1355; x_wconf 87' lang='lat' dir='ltr'><strong>stolorum</strong></span> <span class='ocrx_word' id='word_1_435' title='bbox 1189 1331 1216 1354; x_wconf 88' lang='lat' dir='ltr'><strong>et</strong></span> <span class='ocrx_word' id='word_1_436' title='bbox 1234 1327 1432 1362; x_wconf 77' lang='lat' dir='ltr'><strong>prophetarum</strong></span> <span class='ocrx_word' id='word_1_437' title='bbox 1451 1326 1662 1355; x_wconf 82' lang='lat' dir='ltr'><strong>fundamentum</strong></span> <span class='ocrx_word' id='word_1_438' title='bbox 1678 1334 1834 1363; x_wconf 87' lang='lat' dir='ltr'><strong>superstru-</strong></span> 
     </span>
    </p>
   </div>
   <div class='ocr_carea' id='block_1_58' title="bbox 1040 1370 1834 1400">
    <p class='ocr_par' dir='ltr' id='par_1_58' title="bbox 1040 1370 1834 1400">
     <span class='ocr_line' id='line_1_58' title="bbox 1040 1370 1834 1400; baseline 0.001 -1"><span class='ocrx_word' id='word_1_439' title='bbox 1040 1376 1100 1399; x_wconf 85' lang='lat' dir='ltr'><strong>ctos</strong></span> <span class='ocrx_word' id='word_1_440' title='bbox 1117 1378 1177 1399; x_wconf 88' lang='lat' dir='ltr'><strong>esse</strong></span> <span class='ocrx_word' id='word_1_441' title='bbox 1193 1370 1290 1398; x_wconf 89' lang='lat' dir='ltr'><strong>scribit</strong></span> <span class='ocrx_word' id='word_1_442' title='bbox 1304 1371 1336 1397; x_wconf 69' lang='grc'>⁸³.</span> <span class='ocrx_word' id='word_1_443' title='bbox 1352 1370 1402 1398; x_wconf 83' lang='lat' dir='ltr'><strong>Est</strong></span> <span class='ocrx_word' id='word_1_444' title='bbox 1425 1378 1524 1398; x_wconf 84' lang='lat' dir='ltr'><strong>rursus</strong></span> <span class='ocrx_word' id='word_1_445' title='bbox 1540 1375 1568 1398; x_wconf 89' lang='lat' dir='ltr'><strong>et</strong></span> <span class='ocrx_word' id='word_1_446' title='bbox 1598 1371 1721 1400; x_wconf 74' lang='lat' dir='ltr'><strong>cmlestis</strong></span> <span class='ocrx_word' id='word_1_447' title='bbox 1732 1372 1834 1400; x_wconf 83' lang='lat' dir='ltr'><strong>coloris</strong></span> 
     </span>
    </p>
   </div>
   <div class='ocr_carea' id='block_1_59' title="bbox 1040 1416 1833 1452">
    <p class='ocr_par' dir='ltr' id='par_1_59' title="bbox 1040 1416 1833 1452">
     <span class='ocr_line' id='line_1_59' title="bbox 1040 1416 1833 1452; baseline 0.001 -8"><span class='ocrx_word' id='word_1_448' title='bbox 1040 1416 1179 1452; x_wconf 78' lang='lat' dir='ltr'><strong>sappltirus</strong></span> <span class='ocrx_word' id='word_1_449' title='bbox 1193 1425 1202 1449; x_wconf 82' lang='lat'><strong>,-</strong></span> <span class='ocrx_word' id='word_1_450' title='bbox 1214 1423 1269 1451; x_wconf 88' lang='lat' dir='ltr'><strong>quo</strong></span> <span class='ocrx_word' id='word_1_451' title='bbox 1281 1416 1398 1444; x_wconf 90' lang='lat' dir='ltr'><strong>istorum</strong></span> <span class='ocrx_word' id='word_1_452' title='bbox 1407 1417 1593 1449; x_wconf 85' lang='lat' dir='ltr'><strong>conversatio,</strong></span> <span class='ocrx_word' id='word_1_453' title='bbox 1603 1416 1699 1444; x_wconf 81' lang='lat' dir='ltr'><strong>eodem</strong></span> <span class='ocrx_word' id='word_1_454' title='bbox 1708 1421 1833 1450; x_wconf 80' lang='lat' dir='ltr'><strong>auctore,</strong></span> 
     </span>
    </p>
   </div>
   <div class='ocr_carea' id='block_1_60' title="bbox 1041 1462 1835 1500">
    <p class='ocr_par' dir='ltr' id='par_1_60' title="bbox 1041 1462 1835 1500">
     <span class='ocr_line' id='line_1_60' title="bbox 1041 1462 1835 1500; baseline 0.003 -9"><span class='ocrx_word' id='word_1_455' title='bbox 1041 1464 1068 1491; x_wconf 91' lang='lat' dir='ltr'><strong>in</strong></span> <span class='ocrx_word' id='word_1_456' title='bbox 1082 1463 1160 1492; x_wconf 79' lang='lat' dir='ltr'><strong>caelis</strong></span> <span class='ocrx_word' id='word_1_457' title='bbox 1177 1471 1237 1491; x_wconf 85' lang='lat' dir='ltr'><strong>esse</strong></span> <span class='ocrx_word' id='word_1_458' title='bbox 1254 1463 1426 1498; x_wconf 78' lang='lat' dir='ltr'><strong>significatur</strong></span> <span class='ocrx_word' id='word_1_459' title='bbox 1441 1462 1473 1489; x_wconf 70' lang='grc'><strong>⁵³.</strong></span> <span class='ocrx_word' id='word_1_460' title='bbox 1492 1463 1539 1491; x_wconf 85' lang='lat' dir='ltr'><strong>Est</strong></span> <span class='ocrx_word' id='word_1_461' title='bbox 1565 1463 1686 1499; x_wconf 84' lang='lat' dir='ltr'><strong>denique</strong></span> <span class='ocrx_word' id='word_1_462' title='bbox 1711 1468 1739 1492; x_wconf 90' lang='lat' dir='ltr'><strong>et</strong></span> <span class='ocrx_word' id='word_1_463' title='bbox 1761 1465 1835 1500; x_wconf 89' lang='lat' dir='ltr'><strong>apud</strong></span> 
     </span>
    </p>
   </div>
   <div class='ocr_carea' id='block_1_61' title="bbox 1041 1509 1836 1545">
    <p class='ocr_par' dir='ltr' id='par_1_61' title="bbox 1041 1509 1836 1545">
     <span class='ocr_line' id='line_1_61' title="bbox 1041 1509 1836 1545; baseline 0.001 -8"><span class='ocrx_word' id='word_1_464' title='bbox 1041 1509 1225 1542; x_wconf 78' lang='lat' dir='ltr'><strong>Ezechielcm,</strong></span> <span class='ocrx_word' id='word_1_465' title='bbox 1241 1510 1405 1537; x_wconf 86' lang='lat' dir='ltr'><strong>subthrouo</strong></span> <span class='ocrx_word' id='word_1_466' title='bbox 1424 1509 1483 1543; x_wconf 89' lang='lat' dir='ltr'><strong>Dei,</strong></span> <span class='ocrx_word' id='word_1_467' title='bbox 1504 1509 1582 1537; x_wconf 85' lang='lat' dir='ltr'><strong>locus</strong></span> <span class='ocrx_word' id='word_1_468' title='bbox 1612 1513 1744 1545; x_wconf 84' lang='lat' dir='ltr'><strong>tanquam</strong></span> <span class='ocrx_word' id='word_1_469' title='bbox 1772 1517 1836 1545; x_wconf 86' lang='lat' dir='ltr'><strong>sap-</strong></span> 
     </span>
    </p>
   </div>
   <div class='ocr_carea' id='block_1_62' title="bbox 1042 1555 1835 1591">
    <p class='ocr_par' dir='ltr' id='par_1_62' title="bbox 1042 1555 1835 1591">
     <span class='ocr_line' id='line_1_62' title="bbox 1042 1555 1835 1591; baseline 0 -9"><span class='ocrx_word' id='word_1_470' title='bbox 1042 1556 1138 1589; x_wconf 89' lang='lat' dir='ltr'><strong>phirus</strong></span> <span class='ocrx_word' id='word_1_471' title='bbox 1166 1557 1199 1583; x_wconf 68' lang='lat'><strong>0’.</strong></span> <span class='ocrx_word' id='word_1_472' title='bbox 1210 1555 1256 1583; x_wconf 86' lang='lat' dir='ltr'><strong>Sic</strong></span> <span class='ocrx_word' id='word_1_473' title='bbox 1273 1555 1367 1590; x_wconf 79' lang='lat' dir='ltr'><strong>igitur,</strong></span> <span class='ocrx_word' id='word_1_474' title='bbox 1383 1555 1458 1591; x_wconf 86' lang='lat' dir='ltr'><strong>quod</strong></span> <span class='ocrx_word' id='word_1_475' title='bbox 1473 1555 1594 1583; x_wconf 62' lang='lat' dir='ltr'><strong>caslcstis</strong></span> <span class='ocrx_word' id='word_1_476' title='bbox 1610 1555 1755 1590; x_wconf 79' lang='lat' dir='ltr'><strong>imaginem</strong></span> <span class='ocrx_word' id='word_1_477' title='bbox 1770 1564 1835 1591; x_wconf 83' lang='lat' dir='ltr'><strong>por-</strong></span> 
     </span>
    </p>
   </div>
   <div class='ocr_carea' id='block_1_63' title="bbox 1043 1600 1836 1637">
    <p class='ocr_par' dir='ltr' id='par_1_63' title="bbox 1043 1600 1836 1637">
     <span class='ocr_line' id='line_1_63' title="bbox 1043 1600 1836 1637; baseline 0.003 -9"><span class='ocrx_word' id='word_1_478' title='bbox 1043 1605 1092 1634; x_wconf 88' lang='lat' dir='ltr'><strong>tet,</strong></span> <span class='ocrx_word' id='word_1_479' title='bbox 1113 1601 1279 1636; x_wconf 84' lang='lat' dir='ltr'><strong>appellatur.</strong></span> <span class='ocrx_word' id='word_1_480' title='bbox 1297 1600 1463 1628; x_wconf 81' lang='lat' dir='ltr'><strong>Carbunculi</strong></span> <span class='ocrx_word' id='word_1_481' title='bbox 1476 1608 1542 1628; x_wconf 80' lang='lat' dir='ltr'><strong>vero</strong></span> <span class='ocrx_word' id='word_1_482' title='bbox 1560 1601 1613 1628; x_wconf 86' lang='lat' dir='ltr'><strong>alia</strong></span> <span class='ocrx_word' id='word_1_483' title='bbox 1640 1601 1723 1628; x_wconf 90' lang='lat' dir='ltr'><strong>etiam</strong></span> <span class='ocrx_word' id='word_1_484' title='bbox 1740 1609 1836 1637; x_wconf 88' lang='lat' dir='ltr'><strong>accep-</strong></span> 
     </span>
    </p>
   </div>
   <div class='ocr_carea' id='block_1_64' title="bbox 192 1647 1836 1684">
    <p class='ocr_par' dir='ltr' id='par_1_64' title="bbox 192 1647 1836 1684">
     <span class='ocr_line' id='line_1_64' title="bbox 192 1647 1836 1684; baseline 0 -7"><span class='ocrx_word' id='word_1_485' title='bbox 192 1650 270 1678; x_wconf 92' lang='lat' dir='ltr'><strong>tione</strong></span> <span class='ocrx_word' id='word_1_486' title='bbox 280 1651 411 1678; x_wconf 88' lang='lat' dir='ltr'><strong>dicuntnr</strong></span> <span class='ocrx_word' id='word_1_487' title='bbox 426 1650 543 1678; x_wconf 86' lang='lat' dir='ltr'><strong>adhibiti</strong></span> <span class='ocrx_word' id='word_1_488' title='bbox 553 1650 586 1677; x_wconf 88' lang='lat' dir='ltr'><strong>ad</strong></span> <span class='ocrx_word' id='word_1_489' title='bbox 605 1649 699 1678; x_wconf 53' lang='lat' dir='ltr'><strong>formal</strong></span> <span class='ocrx_word' id='word_1_490' title='bbox 712 1649 946 1680; x_wconf 86' lang='lat' dir='ltr'><strong>conciliationem.</strong></span> <span class='ocrx_word' id='word_1_491' title='bbox 956 1649 1057 1683; x_wconf 77' lang='lat' dir='ltr'><strong>lapides</strong></span> <span class='ocrx_word' id='word_1_492' title='bbox 1069 1648 1174 1676; x_wconf 85' lang='lat' dir='ltr'><strong>Christi</strong></span> <span class='ocrx_word' id='word_1_493' title='bbox 1186 1648 1300 1684; x_wconf 78' lang='lat' dir='ltr'><strong>Sponsa:</strong></span> <span class='ocrx_word' id='word_1_494' title='bbox 1312 1648 1408 1676; x_wconf 90' lang='lat' dir='ltr'><strong>oculos</strong></span> <span class='ocrx_word' id='word_1_495' title='bbox 1423 1651 1555 1683; x_wconf 84' lang='lat' dir='ltr'><strong>tanquam</strong></span> <span class='ocrx_word' id='word_1_496' title='bbox 1567 1647 1648 1675; x_wconf 67' lang='lat' dir='ltr'><strong>stibio</strong></span> <span class='ocrx_word' id='word_1_497' title='bbox 1662 1648 1744 1684; x_wconf 70' lang='grc'><strong>617</strong></span> <span class='ocrx_word' id='word_1_498' title='bbox 1754 1649 1836 1677; x_wconf 89' lang='lat' dir='ltr'><strong>deco-</strong></span> 
     </span>
    </p>
   </div>
   <div class='ocr_carea' id='block_1_65' title="bbox 194 1695 916 1732">
    <p class='ocr_par' dir='ltr' id='par_1_65' title="bbox 194 1695 916 1732">
     <span class='ocr_line' id='line_1_65' title="bbox 194 1695 916 1732; baseline -0.001 -9"><span class='ocrx_word' id='word_1_499' title='bbox 194 1702 299 1730; x_wconf 90' lang='lat' dir='ltr'><strong>rantes,</strong></span> <span class='ocrx_word' id='word_1_500' title='bbox 312 1697 401 1725; x_wconf 83' lang='lat' dir='ltr'><strong>sancti</strong></span> <span class='ocrx_word' id='word_1_501' title='bbox 417 1696 468 1732; x_wconf 90' lang='lat' dir='ltr'><strong>ipsi</strong></span> <span class='ocrx_word' id='word_1_502' title='bbox 483 1696 632 1731; x_wconf 79' lang='lat' dir='ltr'><strong>perignem</strong></span> <span class='ocrx_word' id='word_1_503' title='bbox 649 1695 755 1730; x_wconf 88' lang='lat' dir='ltr'><strong>probati</strong></span> <span class='ocrx_word' id='word_1_504' title='bbox 770 1698 916 1730; x_wconf 86' lang='lat' dir='ltr'><strong>martyres.</strong></span> 
     </span>
    </p>
   </div>
   <div class='ocr_carea' id='block_1_66' title="bbox 228 1736 987 1777">
    <p class='ocr_par' dir='ltr' id='par_1_66' title="bbox 228 1740 987 1777">
     <span class='ocr_line' id='line_1_66' title="bbox 228 1740 987 1777; baseline -0.004 -8"><span class='ocrx_word' id='word_1_505' title='bbox 228 1743 262 1769; x_wconf 83' lang='lat' dir='ltr'><strong>Al</strong></span> <span class='ocrx_word' id='word_1_506' title='bbox 275 1742 304 1769; x_wconf 83' lang='grc' dir='ltr'><strong>δὲ</strong></span> <span class='ocrx_word' id='word_1_507' title='bbox 321 1741 373 1777; x_wconf 83' lang='grc' dir='ltr'>τῆς</span> <span class='ocrx_word' id='word_1_508' title='bbox 387 1741 452 1773; x_wconf 78' lang='grc' dir='ltr'>νέας</span> <span class='ocrx_word' id='word_1_509' title='bbox 472 1741 653 1776; x_wconf 82' lang='grc' dir='ltr'>Ἰερουσαλὴμ</span> <span class='ocrx_word' id='word_1_510' title='bbox 670 1740 815 1773; x_wconf 77' lang='grc' dir='ltr'><strong>ἐπάλξεις</strong></span> <span class='ocrx_word' id='word_1_511' title='bbox 836 1740 952 1774; x_wconf 71' lang='grc' dir='ltr'>ἴασπις,</span> <span class='ocrx_word' id='word_1_512' title='bbox 971 1740 987 1773; x_wconf 77' lang='grc' dir='ltr'>ή</span> 
     </span>
    </p>
   </div>
   <div class='ocr_carea' id='block_1_67' title="bbox 1039 1736 1833 1777">
    <p class='ocr_par' dir='ltr' id='par_1_67' title="bbox 1082 1736 1833 1774">
     <span class='ocr_line' id='line_1_67' title="bbox 1082 1736 1833 1774; baseline -0.003 -7"><span class='ocrx_word' id='word_1_513' title='bbox 1082 1739 1154 1767; x_wconf 89' lang='lat' dir='ltr'><strong>Sunt</strong></span> <span class='ocrx_word' id='word_1_514' title='bbox 1181 1745 1263 1774; x_wconf 90' lang='lat' dir='ltr'><strong>porro</strong></span> <span class='ocrx_word' id='word_1_515' title='bbox 1284 1737 1404 1766; x_wconf 87' lang='lat' dir='ltr'><strong>recentis</strong></span> <span class='ocrx_word' id='word_1_516' title='bbox 1433 1736 1588 1766; x_wconf 80' lang='lat' dir='ltr'><strong>Jerusalem</strong></span> <span class='ocrx_word' id='word_1_517' title='bbox 1615 1738 1833 1773; x_wconf 84' lang='lat' dir='ltr'><strong>propugnacula,</strong></span> 
     </span>
    </p>
   </div>
   <div class='ocr_carea' id='block_1_68' title="bbox 194 1787 990 1825">
    <p class='ocr_par' dir='ltr' id='par_1_68' title="bbox 194 1787 990 1825">
     <span class='ocr_line' id='line_1_68' title="bbox 194 1787 990 1825; baseline -0.004 -8"><span class='ocrx_word' id='word_1_518' title='bbox 194 1789 395 1825; x_wconf 83' lang='grc' dir='ltr'>καρχηδόνιος</span> <span class='ocrx_word' id='word_1_519' title='bbox 416 1789 489 1816; x_wconf 81' lang='grc' dir='ltr'>κατὰ</span> <span class='ocrx_word' id='word_1_520' title='bbox 513 1789 663 1824; x_wconf 85' lang='grc' dir='ltr'>Σύμμαχον</span> <span class='ocrx_word' id='word_1_521' title='bbox 687 1788 840 1822; x_wconf 76' lang='grc' dir='ltr'>ἐξαίρετος</span> <span class='ocrx_word' id='word_1_522' title='bbox 859 1787 910 1816; x_wconf 76' lang='grc' dir='ltr'>καὶ</span> <span class='ocrx_word' id='word_1_523' title='bbox 925 1787 990 1815; x_wconf 79' lang='grc' dir='ltr'>δια-</span> 
     </span>
    </p>
   </div>
   <div class='ocr_carea' id='block_1_69' title="bbox 194 1832 990 1871">
    <p class='ocr_par' dir='ltr' id='par_1_69' title="bbox 194 1832 990 1871">
     <span class='ocr_line' id='line_1_69' title="bbox 194 1832 990 1871; baseline -0.005 -7"><span class='ocrx_word' id='word_1_524' title='bbox 194 1836 305 1871; x_wconf 69' lang='grc' dir='ltr'>φανής.</span> <span class='ocrx_word' id='word_1_525' title='bbox 321 1836 361 1863; x_wconf 84' lang='grc' dir='ltr'><strong>Δι’</strong></span> <span class='ocrx_word' id='word_1_526' title='bbox 378 1832 417 1863; x_wconf 84' lang='grc' dir='ltr'><strong>ὧν</strong></span> <span class='ocrx_word' id='word_1_527' title='bbox 428 1837 453 1863; x_wconf 90' lang='grc' dir='ltr'><strong>οἱ</strong></span> <span class='ocrx_word' id='word_1_528' title='bbox 470 1837 499 1863; x_wconf 81' lang='grc' dir='ltr'><strong>ὲν</strong></span> <span class='ocrx_word' id='word_1_529' title='bbox 518 1837 552 1871; x_wconf 86' lang='grc' dir='ltr'>τῇ</span> <span class='ocrx_word' id='word_1_530' title='bbox 574 1834 725 1870; x_wconf 77' lang='grc' dir='ltr'>Ἐκκλησία</span> <span class='ocrx_word' id='word_1_531' title='bbox 750 1834 932 1870; x_wconf 77' lang='grc' dir='ltr'>σημαίνονται</span> <span class='ocrx_word' id='word_1_532' title='bbox 946 1833 990 1860; x_wconf 91' lang='grc' dir='ltr'>λο-</span> 
     </span>
    </p>
   </div>
   <div class='ocr_carea' id='block_1_70' title="bbox 194 1880 989 1918">
    <p class='ocr_par' dir='ltr' id='par_1_70' title="bbox 194 1880 989 1918">
     <span class='ocr_line' id='line_1_70' title="bbox 194 1880 989 1918; baseline -0.004 -9"><span class='ocrx_word' id='word_1_533' title='bbox 194 1884 260 1918; x_wconf 85' lang='grc' dir='ltr'>γικῇ</span> <span class='ocrx_word' id='word_1_534' title='bbox 275 1883 435 1918; x_wconf 81' lang='grc' dir='ltr'>παρασκευῇ</span> <span class='ocrx_word' id='word_1_535' title='bbox 450 1883 500 1918; x_wconf 87' lang='grc' dir='ltr'><strong>τὴν</strong></span> <span class='ocrx_word' id='word_1_536' title='bbox 513 1882 605 1909; x_wconf 86' lang='grc' dir='ltr'>πίστιν</span> <span class='ocrx_word' id='word_1_537' title='bbox 616 1881 804 1918; x_wconf 83' lang='grc' dir='ltr'>ὼχυρωμὲνοι,</span> <span class='ocrx_word' id='word_1_538' title='bbox 815 1880 911 1916; x_wconf 80' lang='grc' dir='ltr'>ὥσπερ</span> <span class='ocrx_word' id='word_1_539' title='bbox 923 1889 989 1916; x_wconf 86' lang='grc' dir='ltr'>προ-</span> 
     </span>
    </p>
   </div>
   <div class='ocr_carea' id='block_1_71' title="bbox 196 1927 989 1964">
    <p class='ocr_par' dir='ltr' id='par_1_71' title="bbox 196 1927 989 1964">
     <span class='ocr_line' id='line_1_71' title="bbox 196 1927 989 1964; baseline -0.001 -9"><span class='ocrx_word' id='word_1_540' title='bbox 196 1927 324 1964; x_wconf 82' lang='grc' dir='ltr'>μαχῶνες</span> <span class='ocrx_word' id='word_1_541' title='bbox 335 1928 411 1960; x_wconf 74' lang='grc' dir='ltr'>ὄντες</span> <span class='ocrx_word' id='word_1_542' title='bbox 421 1928 469 1955; x_wconf 79' lang='grc' dir='ltr'><strong>καὶ</strong></span> <span class='ocrx_word' id='word_1_543' title='bbox 483 1928 629 1964; x_wconf 85' lang='grc' dir='ltr'>δυνάμενοι</span> <span class='ocrx_word' id='word_1_544' title='bbox 646 1929 700 1955; x_wconf 81' lang='grc' dir='ltr'><strong>πᾶν</strong></span> <span class='ocrx_word' id='word_1_545' title='bbox 720 1927 823 1963; x_wconf 79' lang='grc' dir='ltr'>ὕψωμα</span> <span class='ocrx_word' id='word_1_546' title='bbox 844 1927 989 1963; x_wconf 80' lang='grc' dir='ltr'>καθαιρεῖν</span> 
     </span>
    </p>
   </div>
   <div class='ocr_carea' id='block_1_72' title="bbox 195 1974 989 2011">
    <p class='ocr_par' dir='ltr' id='par_1_72' title="bbox 195 1974 989 2011">
     <span class='ocr_line' id='line_1_72' title="bbox 195 1974 989 2011; baseline 0.001 -10"><span class='ocrx_word' id='word_1_547' title='bbox 195 1975 379 2011; x_wconf 77' lang='grc' dir='ltr'>ἐπαιρόμενον</span> <span class='ocrx_word' id='word_1_548' title='bbox 407 1975 477 2003; x_wconf 86' lang='grc' dir='ltr'>κατὰ</span> <span class='ocrx_word' id='word_1_549' title='bbox 490 1975 540 2010; x_wconf 83' lang='grc' dir='ltr'>τῆς</span> <span class='ocrx_word' id='word_1_550' title='bbox 567 1976 694 2009; x_wconf 84' lang='grc' dir='ltr'>γνώσεως</span> <span class='ocrx_word' id='word_1_551' title='bbox 708 1974 756 2002; x_wconf 83' lang='grc' dir='ltr'><strong>τοῦ</strong></span> <span class='ocrx_word' id='word_1_552' title='bbox 769 1974 847 2002; x_wconf 86' lang='grc' dir='ltr'>Θεοῦ.</span> <span class='ocrx_word' id='word_1_553' title='bbox 880 1974 937 2008; x_wconf 87' lang='grc' dir='ltr'><strong>Τὰς</strong></span> <span class='ocrx_word' id='word_1_554' title='bbox 960 1974 989 2002; x_wconf 81' lang='grc' dir='ltr'><strong>δὲ</strong></span> 
     </span>
    </p>
   </div>
   <div class='ocr_carea' id='block_1_73' title="bbox 195 2020 988 2057">
    <p class='ocr_par' dir='ltr' id='par_1_73' title="bbox 195 2020 988 2057">
     <span class='ocr_line' id='line_1_73' title="bbox 195 2020 988 2057; baseline 0.001 -11"><span class='ocrx_word' id='word_1_555' title='bbox 195 2020 296 2054; x_wconf 82' lang='grc' dir='ltr'>πύλας</span> <span class='ocrx_word' id='word_1_556' title='bbox 316 2021 422 2054; x_wconf 78' lang='grc' dir='ltr'>λίθους</span> <span class='ocrx_word' id='word_1_557' title='bbox 437 2021 633 2055; x_wconf 75' lang='grc' dir='ltr'><strong>κρυστάλλου</strong></span> <span class='ocrx_word' id='word_1_558' title='bbox 654 2021 732 2057; x_wconf 81' lang='grc' dir='ltr'>φησὶ,</span> <span class='ocrx_word' id='word_1_559' title='bbox 757 2021 788 2048; x_wconf 85' lang='grc' dir='ltr'>τὺ</span> <span class='ocrx_word' id='word_1_560' title='bbox 813 2020 924 2056; x_wconf 79' lang='grc' dir='ltr'>διαυγὲς</span> <span class='ocrx_word' id='word_1_561' title='bbox 942 2021 988 2047; x_wconf 72' lang='grc' dir='ltr'>καὶ</span> 
     </span>
    </p>
   </div>
   <div class='ocr_carea' id='block_1_74' title="bbox 195 2067 987 2104">
    <p class='ocr_par' dir='ltr' id='par_1_74' title="bbox 195 2067 987 2104">
     <span class='ocr_line' id='line_1_74' title="bbox 195 2067 987 2104; baseline -0.001 -8"><span class='ocrx_word' id='word_1_562' title='bbox 195 2067 317 2103; x_wconf 78' lang='grc' dir='ltr'>καθαρὸν</span> <span class='ocrx_word' id='word_1_563' title='bbox 333 2069 384 2104; x_wconf 83' lang='grc' dir='ltr'>τῆς</span> <span class='ocrx_word' id='word_1_564' title='bbox 410 2069 505 2103; x_wconf 85' lang='grc' dir='ltr'>ὑγιοῦς</span> <span class='ocrx_word' id='word_1_565' title='bbox 522 2069 642 2101; x_wconf 82' lang='grc' dir='ltr'>πίστεως</span> <span class='ocrx_word' id='word_1_566' title='bbox 663 2069 807 2104; x_wconf 84' lang='grc' dir='ltr'>παριστῶν</span> <span class='ocrx_word' id='word_1_567' title='bbox 828 2068 883 2095; x_wconf 82' lang='grc' dir='ltr'>τῶν</span> <span class='ocrx_word' id='word_1_568' title='bbox 904 2077 987 2095; x_wconf 81' lang='grc' dir='ltr'>πεπι-</span> 
     </span>
    </p>
   </div>
   <div class='ocr_carea' id='block_1_75' title="bbox 196 2114 988 2151">
    <p class='ocr_par' dir='ltr' id='par_1_75' title="bbox 196 2114 988 2151">
     <span class='ocr_line' id='line_1_75' title="bbox 196 2114 988 2151; baseline 0 -10"><span class='ocrx_word' id='word_1_569' title='bbox 196 2115 352 2151; x_wconf 85' lang='grc' dir='ltr'>στευμένων</span> <span class='ocrx_word' id='word_1_570' title='bbox 376 2115 426 2150; x_wconf 85' lang='grc' dir='ltr'><strong>τὴν</strong></span> <span class='ocrx_word' id='word_1_571' title='bbox 451 2114 627 2142; x_wconf 84' lang='grc' dir='ltr'>διδασκαλίαν</span> <span class='ocrx_word' id='word_1_572' title='bbox 642 2116 692 2150; x_wconf 82' lang='grc' dir='ltr'>τὴν</span> <span class='ocrx_word' id='word_1_573' title='bbox 721 2115 834 2150; x_wconf 85' lang='grc' dir='ltr'>πρώτην</span> <span class='ocrx_word' id='word_1_574' title='bbox 861 2115 908 2141; x_wconf 74' lang='grc' dir='ltr'><strong>καὶ</strong></span> <span class='ocrx_word' id='word_1_575' title='bbox 930 2115 988 2141; x_wconf 87' lang='grc' dir='ltr'>είσ-</span> 
     </span>
    </p>
   </div>
   <div class='ocr_carea' id='block_1_76' title="bbox 195 2160 986 2196">
    <p class='ocr_par' dir='ltr' id='par_1_76' title="bbox 195 2160 986 2196">
     <span class='ocr_line' id='line_1_76' title="bbox 195 2160 986 2196; baseline -0.003 -8"><span class='ocrx_word' id='word_1_576' title='bbox 195 2161 349 2196; x_wconf 85' lang='grc' dir='ltr'>αγωγικήν.</span> <span class='ocrx_word' id='word_1_577' title='bbox 371 2160 401 2187; x_wconf 86' lang='lat'><strong>&#39;0</strong></span> <span class='ocrx_word' id='word_1_578' title='bbox 411 2160 443 2187; x_wconf 63' lang='grc' dir='ltr'>δὲ</span> <span class='ocrx_word' id='word_1_579' title='bbox 457 2160 614 2196; x_wconf 82' lang='grc' dir='ltr'>Σύμμαχος,</span> <span class='ocrx_word' id='word_1_580' title='bbox 629 2160 683 2194; x_wconf 83' lang='grc' dir='ltr'>τὰς</span> <span class='ocrx_word' id='word_1_581' title='bbox 702 2161 803 2193; x_wconf 82' lang='grc' dir='ltr'>πύλας</span> <span class='ocrx_word' id='word_1_582' title='bbox 815 2169 885 2192; x_wconf 84' lang='grc' dir='ltr'>σου,</span> <span class='ocrx_word' id='word_1_583' title='bbox 908 2162 986 2195; x_wconf 61' lang='grc' dir='ltr'>φησι,</span> 
     </span>
    </p>
   </div>
   <div class='ocr_carea' id='block_1_77' title="bbox 194 2206 988 2242">
    <p class='ocr_par' dir='ltr' id='par_1_77' title="bbox 194 2206 988 2242">
     <span class='ocr_line' id='line_1_77' title="bbox 194 2206 988 2242; baseline 0 -8"><span class='ocrx_word' id='word_1_584' title='bbox 194 2207 299 2240; x_wconf 80' lang='grc' dir='ltr'>λίθους</span> <span class='ocrx_word' id='word_1_585' title='bbox 312 2207 444 2242; x_wconf 72' lang='grc' dir='ltr'>γλυφῆς.</span> <span class='ocrx_word' id='word_1_586' title='bbox 468 2207 497 2234; x_wconf 89' lang='lat'><strong>&#39;0</strong></span> <span class='ocrx_word' id='word_1_587' title='bbox 518 2207 548 2234; x_wconf 81' lang='grc' dir='ltr'>δὲ</span> <span class='ocrx_word' id='word_1_588' title='bbox 572 2206 699 2239; x_wconf 81' lang='grc' dir='ltr'>’Δκύλας,</span> <span class='ocrx_word' id='word_1_589' title='bbox 716 2208 826 2240; x_wconf 80' lang='grc' dir='ltr'>Λίθους</span> <span class='ocrx_word' id='word_1_590' title='bbox 847 2214 988 2241; x_wconf 64' lang='grc' dir='ltr'>τρυπαινι-</span> 
     </span>
    </p>
   </div>
   <div class='ocr_carea' id='block_1_78' title="bbox 194 2251 987 2289">
    <p class='ocr_par' dir='ltr' id='par_1_78' title="bbox 194 2251 987 2289">
     <span class='ocr_line' id='line_1_78' title="bbox 194 2251 987 2289; baseline 0 -8"><span class='ocrx_word' id='word_1_591' title='bbox 194 2254 275 2288; x_wconf 84' lang='grc' dir='ltr'>σμοῦ</span> <span class='ocrx_word' id='word_1_592' title='bbox 286 2254 316 2281; x_wconf 80' lang='grc' dir='ltr'>τὸ</span> <span class='ocrx_word' id='word_1_593' title='bbox 331 2254 453 2281; x_wconf 86' lang='grc' dir='ltr'>ποικίλον</span> <span class='ocrx_word' id='word_1_594' title='bbox 464 2254 513 2289; x_wconf 85' lang='grc' dir='ltr'>τῆς</span> <span class='ocrx_word' id='word_1_595' title='bbox 532 2254 719 2289; x_wconf 81' lang='grc' dir='ltr'>στοιχειώδους</span> <span class='ocrx_word' id='word_1_596' title='bbox 745 2254 921 2285; x_wconf 84' lang='grc' dir='ltr'>διδασκαλίας</span> <span class='ocrx_word' id='word_1_597' title='bbox 935 2251 987 2281; x_wconf 78' lang='grc' dir='ltr'><strong>ὢδέ</strong></span> 
     </span>
    </p>
   </div>
   <div class='ocr_carea' id='block_1_79' title="bbox 193 2299 987 2335">
    <p class='ocr_par' dir='ltr' id='par_1_79' title="bbox 193 2299 987 2335">
     <span class='ocr_line' id='line_1_79' title="bbox 193 2299 987 2335; baseline -0.001 -9"><span class='ocrx_word' id='word_1_598' title='bbox 193 2309 254 2331; x_wconf 83' lang='grc' dir='ltr'><strong>πως</strong></span> <span class='ocrx_word' id='word_1_599' title='bbox 271 2299 466 2335; x_wconf 77' lang='grc' dir='ltr'>αἰνιττόμενος.</span> <span class='ocrx_word' id='word_1_600' title='bbox 485 2299 638 2327; x_wconf 75' lang='grc' dir='ltr'>Ἐκλεκτοὶ</span> <span class='ocrx_word' id='word_1_601' title='bbox 652 2299 681 2326; x_wconf 79' lang='grc' dir='ltr'><strong>δὲ</strong></span> <span class='ocrx_word' id='word_1_602' title='bbox 697 2300 786 2330; x_wconf 81' lang='grc' dir='ltr'>λίθοι,</span> <span class='ocrx_word' id='word_1_603' title='bbox 805 2299 899 2334; x_wconf 72' lang='grc' dir='ltr'>φησὶν,</span> <span class='ocrx_word' id='word_1_604' title='bbox 913 2300 927 2325; x_wconf 85' lang='grc' dir='ltr'><em>ὀ</em></span> <span class='ocrx_word' id='word_1_605' title='bbox 939 2308 987 2325; x_wconf 82' lang='grc' dir='ltr'>πε-</span> 
     </span>
    </p>
   </div>
   <div class='ocr_carea' id='block_1_80' title="bbox 196 2345 986 2382">
    <p class='ocr_par' dir='ltr' id='par_1_80' title="bbox 196 2345 986 2382">
     <span class='ocr_line' id='line_1_80' title="bbox 196 2345 986 2382; baseline -0.001 -10"><span class='ocrx_word' id='word_1_606' title='bbox 196 2345 300 2382; x_wconf 78' lang='grc' dir='ltr'>ρίὸολος</span> <span class='ocrx_word' id='word_1_607' title='bbox 316 2345 457 2381; x_wconf 87' lang='grc' dir='ltr'>σημαίνων</span> <span class='ocrx_word' id='word_1_608' title='bbox 474 2346 537 2378; x_wconf 81' lang='grc' dir='ltr'>τοὺς</span> <span class='ocrx_word' id='word_1_609' title='bbox 552 2346 613 2377; x_wconf 81' lang='grc' dir='ltr'>ταῖς</span> <span class='ocrx_word' id='word_1_610' title='bbox 631 2345 725 2381; x_wconf 78' lang='grc' dir='ltr'>εὐχαῖς</span> <span class='ocrx_word' id='word_1_611' title='bbox 749 2346 986 2382; x_wconf 81' lang='grc' dir='ltr'>περιφράττοντας</span> 
     </span>
    </p>
   </div>
   <div class='ocr_carea' id='block_1_81' title="bbox 193 2391 985 2427">
    <p class='ocr_par' dir='ltr' id='par_1_81' title="bbox 193 2391 985 2427">
     <span class='ocr_line' id='line_1_81' title="bbox 193 2391 985 2427; baseline -0.001 -9"><span class='ocrx_word' id='word_1_612' title='bbox 193 2392 229 2418; x_wconf 82' lang='grc' dir='ltr'>τὰ</span> <span class='ocrx_word' id='word_1_613' title='bbox 245 2391 352 2426; x_wconf 80' lang='grc' dir='ltr'>μεγάλα</span> <span class='ocrx_word' id='word_1_614' title='bbox 370 2391 417 2418; x_wconf 75' lang='grc' dir='ltr'>καὶ</span> <span class='ocrx_word' id='word_1_615' title='bbox 438 2391 554 2426; x_wconf 75' lang='grc' dir='ltr'>λαμπρὰ</span> <span class='ocrx_word' id='word_1_616' title='bbox 575 2391 626 2426; x_wconf 85' lang='grc' dir='ltr'><strong>τῆς</strong></span> <span class='ocrx_word' id='word_1_617' title='bbox 649 2391 754 2422; x_wconf 80' lang='grc' dir='ltr'>πόλεως</span> <span class='ocrx_word' id='word_1_618' title='bbox 769 2391 985 2427; x_wconf 75' lang='grc' dir='ltr'>οἰκοδομήματα,</span> 
     </span>
    </p>
   </div>
   <div class='ocr_carea' id='block_1_82' title="bbox 1039 1783 1836 1822">
    <p class='ocr_par' dir='ltr' id='par_1_82' title="bbox 1039 1783 1836 1822">
     <span class='ocr_line' id='line_1_82' title="bbox 1039 1783 1836 1822; baseline -0.001 -9"><span class='ocrx_word' id='word_1_619' title='bbox 1039 1787 1136 1822; x_wconf 72' lang='lat' dir='ltr'><strong>jaspis,</strong></span> <span class='ocrx_word' id='word_1_620' title='bbox 1155 1789 1202 1812; x_wconf 85' lang='lat' dir='ltr'><strong>aut</strong></span> <span class='ocrx_word' id='word_1_621' title='bbox 1227 1783 1419 1812; x_wconf 75' lang='lat' dir='ltr'><strong>carchedouius</strong></span> <span class='ocrx_word' id='word_1_622' title='bbox 1436 1784 1549 1811; x_wconf 69' lang='lat' dir='ltr'><strong>eximius</strong></span> <span class='ocrx_word' id='word_1_623' title='bbox 1577 1789 1602 1811; x_wconf 79' lang='lat' dir='ltr'><strong>et</strong></span> <span class='ocrx_word' id='word_1_624' title='bbox 1622 1785 1786 1820; x_wconf 72' lang='lat' dir='ltr'><strong>perspicuus.</strong></span> <span class='ocrx_word' id='word_1_625' title='bbox 1806 1789 1836 1812; x_wconf 93' lang='lat' dir='ltr'><strong>ut</strong></span> 
     </span>
    </p>
   </div>
   <div class='ocr_carea' id='block_1_83' title="bbox 1042 1831 1833 1869">
    <p class='ocr_par' dir='ltr' id='par_1_83' title="bbox 1042 1831 1833 1869">
     <span class='ocr_line' id='line_1_83' title="bbox 1042 1831 1833 1869; baseline -0.004 -8"><span class='ocrx_word' id='word_1_626' title='bbox 1042 1833 1226 1869; x_wconf 72' lang='lat' dir='ltr'><strong>Symmachus</strong></span> <span class='ocrx_word' id='word_1_627' title='bbox 1242 1831 1463 1866; x_wconf 83' lang='lat' dir='ltr'><strong>interpretatur:</strong></span> <span class='ocrx_word' id='word_1_628' title='bbox 1481 1831 1583 1866; x_wconf 90' lang='lat' dir='ltr'><strong>quibus</strong></span> <span class='ocrx_word' id='word_1_629' title='bbox 1595 1831 1614 1858; x_wconf 91' lang='lat' dir='ltr'><strong>ii</strong></span> <span class='ocrx_word' id='word_1_630' title='bbox 1629 1831 1833 1867; x_wconf 78' lang='lat' dir='ltr'><strong>significantur,</strong></span> 
     </span>
    </p>
   </div>
   <div class='ocr_carea' id='block_1_84' title="bbox 1040 1877 1833 1915">
    <p class='ocr_par' dir='ltr' id='par_1_84' title="bbox 1040 1877 1833 1915">
     <span class='ocr_line' id='line_1_84' title="bbox 1040 1877 1833 1915; baseline -0.003 -7"><span class='ocrx_word' id='word_1_631' title='bbox 1040 1881 1087 1915; x_wconf 88' lang='lat' dir='ltr'><strong>qui</strong></span> <span class='ocrx_word' id='word_1_632' title='bbox 1112 1879 1193 1907; x_wconf 89' lang='lat' dir='ltr'><strong>fidem</strong></span> <span class='ocrx_word' id='word_1_633' title='bbox 1220 1879 1248 1906; x_wconf 94' lang='lat' dir='ltr'><strong>in</strong></span> <span class='ocrx_word' id='word_1_634' title='bbox 1274 1877 1401 1905; x_wconf 79' lang='lat' dir='ltr'><strong>Ecclesia</strong></span> <span class='ocrx_word' id='word_1_635' title='bbox 1429 1877 1568 1905; x_wconf 87' lang='lat' dir='ltr'><strong>sermonis</strong></span> <span class='ocrx_word' id='word_1_636' title='bbox 1595 1882 1729 1913; x_wconf 83' lang='lat' dir='ltr'><strong>apparatu</strong></span> <span class='ocrx_word' id='word_1_637' title='bbox 1752 1879 1833 1906; x_wconf 87' lang='lat' dir='ltr'><strong>tutati</strong></span> 
     </span>
    </p>
   </div>
   <div class='ocr_carea' id='block_1_85' title="bbox 1041 1924 1832 1959">
    <p class='ocr_par' dir='ltr' id='par_1_85' title="bbox 1041 1924 1832 1959">
     <span class='ocr_line' id='line_1_85' title="bbox 1041 1924 1832 1959; baseline -0.003 -5"><span class='ocrx_word' id='word_1_638' title='bbox 1041 1931 1118 1959; x_wconf 86' lang='lat' dir='ltr'><strong>sunt,</strong></span> <span class='ocrx_word' id='word_1_639' title='bbox 1133 1934 1196 1954; x_wconf 89' lang='lat' dir='ltr'><strong>cum</strong></span> <span class='ocrx_word' id='word_1_640' title='bbox 1209 1929 1304 1953; x_wconf 88' lang='lat' dir='ltr'><strong>essent</strong></span> <span class='ocrx_word' id='word_1_641' title='bbox 1319 1924 1404 1951; x_wconf 88' lang='lat' dir='ltr'><strong>veluti</strong></span> <span class='ocrx_word' id='word_1_642' title='bbox 1424 1924 1642 1959; x_wconf 81' lang='lat' dir='ltr'><strong>propugnacula,</strong></span> <span class='ocrx_word' id='word_1_643' title='bbox 1661 1929 1832 1959; x_wconf 83' lang='lat' dir='ltr'><strong>possemque</strong></span> 
     </span>
    </p>
   </div>
   <div class='ocr_carea' id='block_1_86' title="bbox 1040 1969 1832 2007">
    <p class='ocr_par' dir='ltr' id='par_1_86' title="bbox 1040 1969 1832 2007">
     <span class='ocr_line' id='line_1_86' title="bbox 1040 1969 1832 2007; baseline -0.004 -7"><span class='ocrx_word' id='word_1_644' title='bbox 1040 1980 1122 2001; x_wconf 88' lang='lat' dir='ltr'><strong>omne</strong></span> <span class='ocrx_word' id='word_1_645' title='bbox 1137 1971 1209 2007; x_wconf 91' lang='lat' dir='ltr'><strong>quod</strong></span> <span class='ocrx_word' id='word_1_646' title='bbox 1235 1979 1298 1999; x_wconf 85' lang='lat' dir='ltr'><strong>sese</strong></span> <span class='ocrx_word' id='word_1_647' title='bbox 1316 1975 1414 1998; x_wconf 86' lang='lat' dir='ltr'><strong>contra</strong></span> <span class='ocrx_word' id='word_1_648' title='bbox 1430 1969 1479 1997; x_wconf 89' lang='lat' dir='ltr'><strong>Dei</strong></span> <span class='ocrx_word' id='word_1_649' title='bbox 1496 1970 1663 2005; x_wconf 80' lang='lat' dir='ltr'><strong>agnitionem</strong></span> <span class='ocrx_word' id='word_1_650' title='bbox 1678 1971 1832 2003; x_wconf 79' lang='lat' dir='ltr'><strong>attollebat,</strong></span> 
     </span>
    </p>
   </div>
   <div class='ocr_carea' id='block_1_87' title="bbox 1039 2015 1833 2055">
    <p class='ocr_par' dir='ltr' id='par_1_87' title="bbox 1039 2015 1833 2055">
     <span class='ocr_line' id='line_1_87' title="bbox 1039 2015 1833 2055; baseline -0.006 -7"><span class='ocrx_word' id='word_1_651' title='bbox 1039 2019 1170 2055; x_wconf 83' lang='lat' dir='ltr'><strong>dejicere.</strong></span> <span class='ocrx_word' id='word_1_652' title='bbox 1187 2016 1265 2051; x_wconf 86' lang='lat' dir='ltr'><strong>Quod</strong></span> <span class='ocrx_word' id='word_1_653' title='bbox 1283 2016 1383 2044; x_wconf 88' lang='lat' dir='ltr'><strong>deinde</strong></span> <span class='ocrx_word' id='word_1_654' title='bbox 1413 2020 1504 2050; x_wconf 82' lang='lat' dir='ltr'><strong>portas</strong></span> <span class='ocrx_word' id='word_1_655' title='bbox 1525 2015 1642 2043; x_wconf 78' lang='lat' dir='ltr'><strong>crislalli</strong></span> <span class='ocrx_word' id='word_1_656' title='bbox 1665 2016 1767 2050; x_wconf 80' lang='lat' dir='ltr'><strong>lapides</strong></span> <span class='ocrx_word' id='word_1_657' title='bbox 1782 2016 1833 2043; x_wconf 87' lang='lat' dir='ltr'><strong>ad-</strong></span> 
     </span>
    </p>
   </div>
   <div class='ocr_carea' id='block_1_88' title="bbox 1036 2062 1832 2102">
    <p class='ocr_par' dir='ltr' id='par_1_88' title="bbox 1036 2062 1832 2102">
     <span class='ocr_line' id='line_1_88' title="bbox 1036 2062 1832 2102; baseline -0.005 -8"><span class='ocrx_word' id='word_1_658' title='bbox 1036 2066 1109 2102; x_wconf 88' lang='lat' dir='ltr'><strong>jicit,</strong></span> <span class='ocrx_word' id='word_1_659' title='bbox 1132 2069 1214 2093; x_wconf 73' lang='lat' dir='ltr'><strong>recta:</strong></span> <span class='ocrx_word' id='word_1_660' title='bbox 1238 2063 1300 2092; x_wconf 88' lang='lat' dir='ltr'><strong>ﬁdei</strong></span> <span class='ocrx_word' id='word_1_661' title='bbox 1325 2064 1418 2090; x_wconf 85' lang='lat' dir='ltr'><strong>lucem</strong></span> <span class='ocrx_word' id='word_1_662' title='bbox 1444 2066 1471 2090; x_wconf 83' lang='lat' dir='ltr'><strong>et</strong></span> <span class='ocrx_word' id='word_1_663' title='bbox 1488 2062 1637 2098; x_wconf 88' lang='lat' dir='ltr'><strong>puritatem</strong></span> <span class='ocrx_word' id='word_1_664' title='bbox 1657 2062 1772 2096; x_wconf 88' lang='lat' dir='ltr'><strong>indicat,</strong></span> <span class='ocrx_word' id='word_1_665' title='bbox 1795 2063 1832 2090; x_wconf 88' lang='lat' dir='ltr'><strong>ita</strong></span> 
     </span>
    </p>
   </div>
   <div class='ocr_carea' id='block_1_89' title="bbox 1039 2108 1831 2148">
    <p class='ocr_par' dir='ltr' id='par_1_89' title="bbox 1039 2108 1831 2148">
     <span class='ocr_line' id='line_1_89' title="bbox 1039 2108 1831 2148; baseline -0.006 -9"><span class='ocrx_word' id='word_1_666' title='bbox 1039 2111 1155 2148; x_wconf 83' lang='lat' dir='ltr'><strong>primam</strong></span> <span class='ocrx_word' id='word_1_667' title='bbox 1167 2118 1274 2143; x_wconf 86' lang='lat' dir='ltr'><strong>eorum,</strong></span> <span class='ocrx_word' id='word_1_668' title='bbox 1291 2109 1338 2145; x_wconf 88' lang='lat' dir='ltr'><strong>qui</strong></span> <span class='ocrx_word' id='word_1_669' title='bbox 1356 2108 1545 2140; x_wconf 83' lang='lat' dir='ltr'><strong>crediderunt,</strong></span> <span class='ocrx_word' id='word_1_670' title='bbox 1566 2108 1751 2143; x_wconf 86' lang='lat' dir='ltr'><strong>disciplinam,</strong></span> <span class='ocrx_word' id='word_1_671' title='bbox 1772 2108 1831 2143; x_wconf 83' lang='lat' dir='ltr'><strong>pri-</strong></span> 
     </span>
    </p>
   </div>
   <div class='ocr_carea' id='block_1_90' title="bbox 1039 2154 1830 2193">
    <p class='ocr_par' dir='ltr' id='par_1_90' title="bbox 1039 2154 1830 2193">
     <span class='ocr_line' id='line_1_90' title="bbox 1039 2154 1830 2193; baseline -0.006 -7"><span class='ocrx_word' id='word_1_672' title='bbox 1039 2165 1169 2193; x_wconf 89' lang='lat' dir='ltr'><strong>mumque</strong></span> <span class='ocrx_word' id='word_1_673' title='bbox 1181 2155 1364 2185; x_wconf 81' lang='lat' dir='ltr'><strong>institutionis</strong></span> <span class='ocrx_word' id='word_1_674' title='bbox 1385 2155 1490 2183; x_wconf 88' lang='lat' dir='ltr'><strong>aditum</strong></span> <span class='ocrx_word' id='word_1_675' title='bbox 1506 2154 1676 2189; x_wconf 78' lang='lat' dir='ltr'><strong>signiﬁcans.</strong></span> <span class='ocrx_word' id='word_1_676' title='bbox 1696 2154 1731 2182; x_wconf 82' lang='lat' dir='ltr'><strong>At</strong></span> <span class='ocrx_word' id='word_1_677' title='bbox 1749 2155 1830 2190; x_wconf 91' lang='lat' dir='ltr'><strong>Sym-</strong></span> 
     </span>
    </p>
   </div>
   <div class='ocr_carea' id='block_1_91' title="bbox 1039 2201 1830 2240">
    <p class='ocr_par' dir='ltr' id='par_1_91' title="bbox 1039 2201 1830 2240">
     <span class='ocr_line' id='line_1_91' title="bbox 1039 2201 1830 2240; baseline -0.006 -7"><span class='ocrx_word' id='word_1_678' title='bbox 1039 2205 1156 2233; x_wconf 87' lang='lat' dir='ltr'><strong>machus</strong></span> <span class='ocrx_word' id='word_1_679' title='bbox 1167 2208 1260 2240; x_wconf 73' lang='lat' dir='ltr'><strong>portas</strong></span> <span class='ocrx_word' id='word_1_680' title='bbox 1277 2208 1349 2234; x_wconf 83' lang='lat' dir='ltr'><strong>tuas,</strong></span> <span class='ocrx_word' id='word_1_681' title='bbox 1366 2201 1468 2236; x_wconf 78' lang='lat' dir='ltr'><strong>lapides</strong></span> <span class='ocrx_word' id='word_1_682' title='bbox 1485 2202 1630 2236; x_wconf 71' lang='lat' dir='ltr'><strong>sculpturw</strong></span> <span class='ocrx_word' id='word_1_683' title='bbox 1641 2201 1709 2229; x_wconf 87' lang='lat' dir='ltr'><strong>dicit</strong></span> <span class='ocrx_word' id='word_1_684' title='bbox 1723 2210 1730 2233; x_wconf 87' lang='lat'>;</span> <span class='ocrx_word' id='word_1_685' title='bbox 1745 2202 1830 2237; x_wconf 84' lang='lat' dir='ltr'><strong>Aqui-</strong></span> 
     </span>
    </p>
   </div>
   <div class='ocr_carea' id='block_1_92' title="bbox 1040 2248 1830 2281">
    <p class='ocr_par' dir='ltr' id='par_1_92' title="bbox 1040 2248 1830 2281">
     <span class='ocr_line' id='line_1_92' title="bbox 1040 2248 1830 2281; baseline -0.008 -1"><span class='ocrx_word' id='word_1_686' title='bbox 1040 2253 1080 2280; x_wconf 86' lang='lat' dir='ltr'><strong>las</strong></span> <span class='ocrx_word' id='word_1_687' title='bbox 1093 2255 1197 2281; x_wconf 88' lang='lat' dir='ltr'><strong>autem.</strong></span> <span class='ocrx_word' id='word_1_688' title='bbox 1211 2249 1399 2277; x_wconf 77' lang='lat' dir='ltr'><strong>terebrationis</strong></span> <span class='ocrx_word' id='word_1_689' title='bbox 1415 2256 1424 2280; x_wconf 93' lang='lat'><strong><em>;</em></strong></span> <span class='ocrx_word' id='word_1_690' title='bbox 1441 2252 1471 2276; x_wconf 89' lang='lat' dir='ltr'><strong>ut</strong></span> <span class='ocrx_word' id='word_1_691' title='bbox 1488 2248 1525 2276; x_wconf 87' lang='lat' dir='ltr'><strong>ita</strong></span> <span class='ocrx_word' id='word_1_692' title='bbox 1533 2248 1710 2276; x_wconf 86' lang='lat' dir='ltr'><strong>elementaris</strong></span> <span class='ocrx_word' id='word_1_693' title='bbox 1726 2248 1830 2275; x_wconf 89' lang='lat' dir='ltr'><strong>doctri-</strong></span> 
     </span>
    </p>
   </div>
   <div class='ocr_carea' id='block_1_93' title="bbox 1038 2294 1832 2332">
    <p class='ocr_par' dir='ltr' id='par_1_93' title="bbox 1038 2294 1832 2332">
     <span class='ocr_line' id='line_1_93' title="bbox 1038 2294 1832 2332; baseline -0.005 -7"><span class='ocrx_word' id='word_1_694' title='bbox 1038 2306 1080 2326; x_wconf 78' lang='lat' dir='ltr'><strong>nae</strong></span> <span class='ocrx_word' id='word_1_695' title='bbox 1100 2297 1220 2324; x_wconf 79' lang='lat' dir='ltr'><strong>varietas</strong></span> <span class='ocrx_word' id='word_1_696' title='bbox 1238 2294 1443 2332; x_wconf 84' lang='lat' dir='ltr'><strong>quodammodo</strong></span> <span class='ocrx_word' id='word_1_697' title='bbox 1465 2294 1656 2322; x_wconf 86' lang='lat' dir='ltr'><strong>adumbrctnr.</strong></span> <span class='ocrx_word' id='word_1_698' title='bbox 1683 2294 1754 2322; x_wconf 91' lang='lat' dir='ltr'><strong>Sunt</strong></span> <span class='ocrx_word' id='word_1_699' title='bbox 1768 2302 1832 2322; x_wconf 84' lang='lat' dir='ltr'><strong>vero</strong></span> 
     </span>
    </p>
   </div>
   <div class='ocr_carea' id='block_1_94' title="bbox 1038 2340 1830 2378">
    <p class='ocr_par' dir='ltr' id='par_1_94' title="bbox 1038 2340 1830 2378">
     <span class='ocr_line' id='line_1_94' title="bbox 1038 2340 1830 2378; baseline -0.006 -6"><span class='ocrx_word' id='word_1_700' title='bbox 1038 2352 1134 2372; x_wconf 88' lang='lat' dir='ltr'><strong>murus</strong></span> <span class='ocrx_word' id='word_1_701' title='bbox 1159 2343 1261 2378; x_wconf 79' lang='lat' dir='ltr'><strong>lapides</strong></span> <span class='ocrx_word' id='word_1_702' title='bbox 1283 2341 1371 2372; x_wconf 82' lang='lat' dir='ltr'><strong>electi,</strong></span> <span class='ocrx_word' id='word_1_703' title='bbox 1393 2340 1501 2376; x_wconf 79' lang='lat' dir='ltr'><strong>inquit;</strong></span> <span class='ocrx_word' id='word_1_704' title='bbox 1516 2340 1534 2368; x_wconf 92' lang='lat' dir='ltr'><strong>ii</strong></span> <span class='ocrx_word' id='word_1_705' title='bbox 1549 2340 1601 2376; x_wconf 71' lang='lat' dir='ltr'><strong>ipsi</strong></span> <span class='ocrx_word' id='word_1_706' title='bbox 1621 2341 1764 2374; x_wconf 89' lang='lat' dir='ltr'><strong>nimirum,</strong></span> <span class='ocrx_word' id='word_1_707' title='bbox 1782 2341 1830 2376; x_wconf 86' lang='lat' dir='ltr'><strong>qui</strong></span> 
     </span>
    </p>
   </div>
   <div class='ocr_carea' id='block_1_95' title="bbox 1039 2385 1831 2425">
    <p class='ocr_par' dir='ltr' id='par_1_95' title="bbox 1039 2385 1831 2425">
     <span class='ocr_line' id='line_1_95' title="bbox 1039 2385 1831 2425; baseline -0.005 -8"><span class='ocrx_word' id='word_1_708' title='bbox 1039 2389 1166 2425; x_wconf 90' lang='lat' dir='ltr'><strong>precibus</strong></span> <span class='ocrx_word' id='word_1_709' title='bbox 1189 2394 1286 2423; x_wconf 76' lang='lat' dir='ltr'><strong>magna</strong></span> <span class='ocrx_word' id='word_1_710' title='bbox 1302 2390 1329 2414; x_wconf 91' lang='lat' dir='ltr'><strong>et</strong></span> <span class='ocrx_word' id='word_1_711' title='bbox 1344 2385 1476 2421; x_wconf 79' lang='lat' dir='ltr'><strong>praeclara</strong></span> <span class='ocrx_word' id='word_1_712' title='bbox 1496 2385 1575 2413; x_wconf 92' lang='lat' dir='ltr'><strong>urbis</strong></span> <span class='ocrx_word' id='word_1_713' title='bbox 1590 2385 1717 2418; x_wconf 79' lang='lat' dir='ltr'><strong>aedificia,</strong></span> <span class='ocrx_word' id='word_1_714' title='bbox 1744 2386 1771 2413; x_wconf 93' lang='lat' dir='ltr'><strong>id</strong></span> <span class='ocrx_word' id='word_1_715' title='bbox 1788 2391 1831 2414; x_wconf 83' lang='lat' dir='ltr'><strong>est</strong></span> 
     </span>
    </p>
   </div>
   <div class='ocr_carea' id='block_1_96' title="bbox 193 2427 987 2473">
    <p class='ocr_par' dir='ltr' id='par_1_96' title="bbox 193 2437 987 2473">
     <span class='ocr_line' id='line_1_96' title="bbox 193 2437 987 2473; baseline 0 -9"><span class='ocrx_word' id='word_1_716' title='bbox 193 2437 229 2464; x_wconf 79' lang='grc' dir='ltr'>τὰ</span> <span class='ocrx_word' id='word_1_717' title='bbox 240 2437 330 2473; x_wconf 85' lang='grc' dir='ltr'>πλήθη</span> <span class='ocrx_word' id='word_1_718' title='bbox 344 2437 400 2464; x_wconf 86' lang='grc' dir='ltr'>τῶν</span> <span class='ocrx_word' id='word_1_719' title='bbox 416 2437 517 2464; x_wconf 87' lang='grc' dir='ltr'>λοιπῶν</span> <span class='ocrx_word' id='word_1_720' title='bbox 530 2437 683 2473; x_wconf 80' lang='grc' dir='ltr'>οἰκητόρων</span> <span class='ocrx_word' id='word_1_721' title='bbox 699 2437 876 2473; x_wconf 79' lang='grc' dir='ltr'>σημαίνοντα.</span> <span class='ocrx_word' id='word_1_722' title='bbox 893 2437 987 2464; x_wconf 88' lang='grc' dir='ltr'>Ταῦτα</span> 
     </span>
    </p>
   </div>
   <div class='ocr_carea' id='block_1_97' title="bbox 1039 2427 1831 2473">
    <p class='ocr_par' dir='ltr' id='par_1_97' title="bbox 1041 2431 1831 2473">
     <span class='ocr_line' id='line_1_97' title="bbox 1041 2431 1831 2473; baseline -0.004 -10"><span class='ocrx_word' id='word_1_723' title='bbox 1041 2435 1210 2470; x_wconf 89' lang='lat' dir='ltr'><strong>reliquorum</strong></span> <span class='ocrx_word' id='word_1_724' title='bbox 1235 2433 1336 2461; x_wconf 85' lang='lat' dir='ltr'><strong>civium</strong></span> <span class='ocrx_word' id='word_1_725' title='bbox 1361 2431 1568 2473; x_wconf 73' lang='lat' dir='ltr'><strong>multitudinem</strong></span> <span class='ocrx_word' id='word_1_726' title='bbox 1587 2431 1721 2467; x_wconf 80' lang='lat' dir='ltr'><strong>obtegunt</strong></span> <span class='ocrx_word' id='word_1_727' title='bbox 1742 2440 1749 2459; x_wconf 90' lang='lat'><strong>:</strong></span> <span class='ocrx_word' id='word_1_728' title='bbox 1770 2440 1831 2468; x_wconf 74' lang='lat' dir='ltr'><strong>qua:</strong></span> 
     </span>
    </p>
   </div>
   <div class='ocr_carea' id='block_1_98' title="bbox 194 2482 990 2519">
    <p class='ocr_par' dir='ltr' id='par_1_98' title="bbox 194 2482 990 2519">
     <span class='ocr_line' id='line_1_98' title="bbox 194 2482 990 2519; baseline -0.003 -8"><span class='ocrx_word' id='word_1_729' title='bbox 194 2484 222 2511; x_wconf 80' lang='grc' dir='ltr'>δὲ</span> <span class='ocrx_word' id='word_1_730' title='bbox 238 2484 328 2511; x_wconf 83' lang='grc' dir='ltr'>πάντα</span> <span class='ocrx_word' id='word_1_731' title='bbox 342 2484 487 2519; x_wconf 85' lang='grc' dir='ltr'>νοήσωμεν</span> <span class='ocrx_word' id='word_1_732' title='bbox 498 2484 527 2517; x_wconf 77' lang='grc' dir='ltr'><strong>ἐξ</strong></span> <span class='ocrx_word' id='word_1_733' title='bbox 539 2483 689 2519; x_wconf 79' lang='grc' dir='ltr'>ἑρμηνείας</span> <span class='ocrx_word' id='word_1_734' title='bbox 698 2483 882 2518; x_wconf 86' lang='grc' dir='ltr'>ἀποστολικῆς</span> <span class='ocrx_word' id='word_1_735' title='bbox 895 2482 990 2517; x_wconf 75' lang='grc' dir='ltr'>λεγού-</span> 
     </span>
    </p>
   </div>
   <div class='ocr_carea' id='block_1_99' title="bbox 196 2528 990 2565">
    <p class='ocr_par' dir='ltr' id='par_1_99' title="bbox 196 2528 990 2565">
     <span class='ocr_line' id='line_1_99' title="bbox 196 2528 990 2565; baseline -0.003 -9"><span class='ocrx_word' id='word_1_736' title='bbox 196 2531 263 2565; x_wconf 67' lang='grc' dir='ltr'><strong>(1ης⁹</strong></span> <span class='ocrx_word' id='word_1_737' title='bbox 283 2539 292 2556; x_wconf 84' lang='grc' dir='ltr'>ι</span> <span class='ocrx_word' id='word_1_738' title='bbox 311 2529 379 2556; x_wconf 85' lang='grc' dir='ltr'>Θεοῦ</span> <span class='ocrx_word' id='word_1_739' title='bbox 400 2529 528 2565; x_wconf 75' lang='grc' dir='ltr'>οἰκοδομή</span> <span class='ocrx_word' id='word_1_740' title='bbox 556 2531 629 2557; x_wconf 88' lang='grc' dir='ltr'>ὲστε.</span> <span class='ocrx_word' id='word_1_741' title='bbox 655 2529 699 2562; x_wconf 82' lang='grc' dir='ltr'>Ὠς</span> <span class='ocrx_word' id='word_1_742' title='bbox 718 2530 800 2564; x_wconf 80' lang='grc' dir='ltr'>σοφὸς</span> <span class='ocrx_word' id='word_1_743' title='bbox 819 2528 990 2564; x_wconf 82' lang='grc' dir='ltr'>ἀρχιτέκτων</span> 
     </span>
    </p>
   </div>
   <div class='ocr_carea' id='block_1_100' title="bbox 195 2573 1015 2621">
    <p class='ocr_par' dir='ltr' id='par_1_100' title="bbox 195 2573 1015 2621">
     <span class='ocr_line' id='line_1_100' title="bbox 195 2573 1015 2621; baseline -0.002 -19"><span class='ocrx_word' id='word_1_744' title='bbox 195 2575 321 2610; x_wconf 81' lang='grc' dir='ltr'>θεμέλιον</span> <span class='ocrx_word' id='word_1_745' title='bbox 337 2574 435 2610; x_wconf 74' lang='grc' dir='ltr'>ἔθηκα.</span> <span class='ocrx_word' id='word_1_746' title='bbox 457 2584 466 2601; x_wconf 84' lang='grc'><strong>›</strong></span> <span class='ocrx_word' id='word_1_747' title='bbox 484 2575 540 2602; x_wconf 78' lang='grc' dir='ltr'><strong>Καὶ</strong></span> <span class='ocrx_word' id='word_1_748' title='bbox 564 2575 646 2602; x_wconf 83' lang='grc' dir='ltr'>πάλιν</span> <span class='ocrx_word' id='word_1_749' title='bbox 658 2584 665 2591; x_wconf 90' lang='grc'><strong>·</strong></span> <span class='ocrx_word' id='word_1_750' title='bbox 685 2584 694 2600; x_wconf 77' lang='grc' dir='ltr'><em>ι</em></span> <span class='ocrx_word' id='word_1_751' title='bbox 713 2575 846 2610; x_wconf 83' lang='grc' dir='ltr'>Θεμέλιον</span> <span class='ocrx_word' id='word_1_752' title='bbox 870 2573 925 2610; x_wconf 85' lang='grc' dir='ltr'>γὰρ</span> <span class='ocrx_word' id='word_1_753' title='bbox 943 2573 991 2600; x_wconf 75' lang='grc' dir='ltr'><strong>ᾰλ-</strong></span> <span class='ocrx_word' id='word_1_754' title='bbox 1008 2611 1015 2621; x_wconf 48' lang='grc' dir='ltr'><em>Ι</em></span> 
     </span>
    </p>
   </div>
   <div class='ocr_carea' id='block_1_101' title="bbox 194 2620 991 2656">
    <p class='ocr_par' dir='ltr' id='par_1_101' title="bbox 194 2620 991 2656">
     <span class='ocr_line' id='line_1_101' title="bbox 194 2620 991 2656; baseline -0.003 -8"><span class='ocrx_word' id='word_1_755' title='bbox 194 2620 240 2648; x_wconf 89' lang='grc' dir='ltr'><strong>λον</strong></span> <span class='ocrx_word' id='word_1_756' title='bbox 253 2622 341 2654; x_wconf 81' lang='grc' dir='ltr'>οὐδεὶς</span> <span class='ocrx_word' id='word_1_757' title='bbox 355 2621 469 2649; x_wconf 88' lang='grc' dir='ltr'>δύναται</span> <span class='ocrx_word' id='word_1_758' title='bbox 481 2621 568 2648; x_wconf 60' lang='lat' dir='ltr'><strong>eam.</strong></span> <span class='ocrx_word' id='word_1_759' title='bbox 584 2621 660 2654; x_wconf 78' lang='grc' dir='ltr'>παρὰ</span> <span class='ocrx_word' id='word_1_760' title='bbox 670 2621 714 2648; x_wconf 85' lang='grc' dir='ltr'>τὸν</span> <span class='ocrx_word' id='word_1_761' title='bbox 728 2620 866 2656; x_wconf 80' lang='grc' dir='ltr'>κείμενον,</span> <span class='ocrx_word' id='word_1_762' title='bbox 875 2620 905 2652; x_wconf 80' lang='grc' dir='ltr'>ὃς</span> <span class='ocrx_word' id='word_1_763' title='bbox 915 2621 991 2647; x_wconf 80' lang='grc' dir='ltr'>ἐστιν</span> 
     </span>
    </p>
   </div>
   <div class='ocr_carea' id='block_1_102' title="bbox 201 2666 990 2704">
    <p class='ocr_par' dir='ltr' id='par_1_102' title="bbox 201 2666 990 2704">
     <span class='ocr_line' id='line_1_102' title="bbox 201 2666 990 2704; baseline -0.004 -9"><span class='ocrx_word' id='word_1_764' title='bbox 201 2668 306 2704; x_wconf 83' lang='grc' dir='ltr'>Ἰησοῦς</span> <span class='ocrx_word' id='word_1_765' title='bbox 322 2667 451 2704; x_wconf 82' lang='grc' dir='ltr'>Χριστός.</span> <span class='ocrx_word' id='word_1_766' title='bbox 466 2668 498 2695; x_wconf 83' lang='lat' dir='ltr'><strong>Et</strong></span> <span class='ocrx_word' id='word_1_767' title='bbox 507 2667 536 2694; x_wconf 82' lang='grc' dir='ltr'>δέ</span> <span class='ocrx_word' id='word_1_768' title='bbox 549 2677 589 2699; x_wconf 83' lang='grc' dir='ltr'><strong>τις</strong></span> <span class='ocrx_word' id='word_1_769' title='bbox 602 2667 774 2702; x_wconf 79' lang='grc' dir='ltr'>ἐποικοδομεῖ</span> <span class='ocrx_word' id='word_1_770' title='bbox 788 2667 836 2693; x_wconf 78' lang='grc' dir='ltr'><strong>ἐπὶ</strong></span> <span class='ocrx_word' id='word_1_771' title='bbox 847 2666 892 2693; x_wconf 84' lang='grc' dir='ltr'>τὸν</span> <span class='ocrx_word' id='word_1_772' title='bbox 907 2666 990 2700; x_wconf 78' lang='grc' dir='ltr'>θεμέ-</span> 
     </span>
    </p>
   </div>
   <div class='ocr_carea' id='block_1_103' title="bbox 194 2711 991 2750">
    <p class='ocr_par' dir='ltr' id='par_1_103' title="bbox 194 2711 991 2750">
     <span class='ocr_line' id='line_1_103' title="bbox 194 2711 991 2750; baseline -0.004 -8"><span class='ocrx_word' id='word_1_773' title='bbox 194 2715 252 2744; x_wconf 81' lang='grc' dir='ltr'>λιον</span> <span class='ocrx_word' id='word_1_774' title='bbox 268 2714 374 2746; x_wconf 84' lang='grc' dir='ltr'>τοῦτον,</span> <span class='ocrx_word' id='word_1_775' title='bbox 386 2711 510 2750; x_wconf 85' lang='grc' dir='ltr'>χρυσίον,</span> <span class='ocrx_word' id='word_1_776' title='bbox 521 2713 664 2750; x_wconf 82' lang='grc' dir='ltr'>ἀργύριον,</span> <span class='ocrx_word' id='word_1_777' title='bbox 678 2712 769 2745; x_wconf 77' lang='grc' dir='ltr'>λίθους</span> <span class='ocrx_word' id='word_1_778' title='bbox 784 2712 902 2748; x_wconf 80' lang='grc' dir='ltr'>τιμίους,</span> <span class='ocrx_word' id='word_1_779' title='bbox 913 2712 991 2746; x_wconf 77' lang='grc' dir='ltr'>ξύλα,</span> 
     </span>
    </p>
   </div>
   <div class='ocr_carea' id='block_1_104' title="bbox 195 2760 986 2799">
    <p class='ocr_par' dir='ltr' id='par_1_104' title="bbox 195 2760 986 2799">
     <span class='ocr_line' id='line_1_104' title="bbox 195 2760 986 2799; baseline -0.005 -9"><span class='ocrx_word' id='word_1_780' title='bbox 195 2763 302 2799; x_wconf 85' lang='grc' dir='ltr'>χόρτον,</span> <span class='ocrx_word' id='word_1_781' title='bbox 317 2761 454 2797; x_wconf 78' lang='grc' dir='ltr'>καλάμην,</span> <span class='ocrx_word' id='word_1_782' title='bbox 469 2761 585 2788; x_wconf 77' lang='grc' dir='ltr'>ἑκάστου</span> <span class='ocrx_word' id='word_1_783' title='bbox 603 2760 633 2786; x_wconf 84' lang='grc' dir='ltr'>τὸ</span> <span class='ocrx_word' id='word_1_784' title='bbox 648 2760 728 2795; x_wconf 78' lang='grc' dir='ltr'>ἔργον</span> <span class='ocrx_word' id='word_1_785' title='bbox 741 2760 857 2796; x_wconf 77' lang='grc' dir='ltr'>φανερὸν</span> <span class='ocrx_word' id='word_1_786' title='bbox 873 2760 986 2796; x_wconf 79' lang='grc' dir='ltr'>γενήσε-</span> 
     </span>
    </p>
   </div>
   <div class='ocr_carea' id='block_1_105' title="bbox 232 2857 1110 2892">
    <p class='ocr_par' dir='ltr' id='par_1_105' title="bbox 232 2857 1110 2892">
     <span class='ocr_line' id='line_1_105' title="bbox 232 2857 1110 2892; baseline -0.003 -4"><span class='ocrx_word' id='word_1_787' title='bbox 232 2863 255 2878; x_wconf 85' lang='grc'><strong>¹⁹</strong></span> <span class='ocrx_word' id='word_1_788' title='bbox 271 2861 388 2888; x_wconf 85' lang='lat' dir='ltr'><strong>Zachar.</strong></span> <span class='ocrx_word' id='word_1_789' title='bbox 407 2868 446 2891; x_wconf 77' lang='lat' dir='ltr'><strong>Ix,</strong></span> <span class='ocrx_word' id='word_1_790' title='bbox 468 2860 510 2888; x_wconf 69' lang='lat'><strong>16.</strong></span> <span class='ocrx_word' id='word_1_791' title='bbox 551 2859 573 2876; x_wconf 70' lang='grc' dir='ltr'><strong>⁸ο</strong></span> <span class='ocrx_word' id='word_1_792' title='bbox 589 2859 672 2887; x_wconf 79' lang='lat' dir='ltr'><strong>Amos</strong></span> <span class='ocrx_word' id='word_1_793' title='bbox 689 2866 738 2890; x_wconf 85' lang='lat' dir='ltr'><strong>vn,</strong></span> <span class='ocrx_word' id='word_1_794' title='bbox 755 2859 782 2886; x_wconf 91' lang='lat'><strong>8.</strong></span> <span class='ocrx_word' id='word_1_795' title='bbox 822 2860 842 2875; x_wconf 62' lang='grc' dir='ltr'><strong>δ’</strong></span> <span class='ocrx_word' id='word_1_796' title='bbox 857 2859 973 2887; x_wconf 89' lang='lat' dir='ltr'><strong>Zachar.</strong></span> <span class='ocrx_word' id='word_1_797' title='bbox 985 2865 1028 2886; x_wconf 85' lang='lat' dir='ltr'><strong>In.</strong></span> <span class='ocrx_word' id='word_1_798' title='bbox 1045 2857 1110 2892; x_wconf 84' lang='lat'><strong>8,9.</strong></span> 
     </span>
    </p>
   </div>
   <div class='ocr_carea' id='block_1_106' title="bbox 1038 2468 1830 2514">
    <p class='ocr_par' dir='ltr' id='par_1_106' title="bbox 1038 2468 1830 2514">
     <span class='ocr_line' id='line_1_106' title="bbox 1038 2468 1830 2514; baseline -0.004 -5"><span class='ocrx_word' id='word_1_799' title='bbox 1038 2468 1131 2509; x_wconf 76' lang='lat' dir='ltr'><strong>omnia</strong></span> <span class='ocrx_word' id='word_1_800' title='bbox 1151 2481 1192 2508; x_wconf 90' lang='lat' dir='ltr'><strong>vel</strong></span> <span class='ocrx_word' id='word_1_801' title='bbox 1208 2479 1324 2507; x_wconf 86' lang='lat' dir='ltr'><strong>docente</strong></span> <span class='ocrx_word' id='word_1_802' title='bbox 1340 2468 1471 2514; x_wconf 71' lang='lat' dir='ltr'><strong>Apostolo</strong></span> <span class='ocrx_word' id='word_1_803' title='bbox 1494 2479 1557 2506; x_wconf 88' lang='lat' dir='ltr'><strong>licet</strong></span> <span class='ocrx_word' id='word_1_804' title='bbox 1579 2477 1743 2514; x_wconf 75' lang='lat' dir='ltr'><strong>intelligere,</strong></span> <span class='ocrx_word' id='word_1_805' title='bbox 1767 2487 1830 2507; x_wconf 87' lang='lat' dir='ltr'><strong>cum</strong></span> 
     </span>
    </p>
   </div>
   <div class='ocr_carea' id='block_1_107' title="bbox 1040 2523 1830 2558">
    <p class='ocr_par' dir='ltr' id='par_1_107' title="bbox 1040 2523 1830 2558">
     <span class='ocr_line' id='line_1_107' title="bbox 1040 2523 1830 2558; baseline -0.001 -6"><span class='ocrx_word' id='word_1_806' title='bbox 1040 2526 1078 2552; x_wconf 81' lang='lat' dir='ltr'><strong>ait</strong></span> <span class='ocrx_word' id='word_1_807' title='bbox 1100 2534 1106 2552; x_wconf 93' lang='lat'>:</span> <span class='ocrx_word' id='word_1_808' title='bbox 1125 2534 1134 2551; x_wconf 83' lang='grc' dir='ltr'><em>ι</em></span> <span class='ocrx_word' id='word_1_809' title='bbox 1151 2524 1199 2552; x_wconf 90' lang='lat' dir='ltr'><strong>Dei</strong></span> <span class='ocrx_word' id='word_1_810' title='bbox 1222 2523 1370 2551; x_wconf 72' lang='lat' dir='ltr'><strong>mdificatio</strong></span> <span class='ocrx_word' id='word_1_811' title='bbox 1392 2523 1470 2556; x_wconf 88' lang='lat' dir='ltr'><strong>estis,</strong></span> <span class='ocrx_word' id='word_1_812' title='bbox 1490 2526 1520 2550; x_wconf 89' lang='lat' dir='ltr'><strong>ut</strong></span> <span class='ocrx_word' id='word_1_813' title='bbox 1536 2523 1646 2558; x_wconf 81' lang='lat' dir='ltr'><strong>sapiens</strong></span> <span class='ocrx_word' id='word_1_814' title='bbox 1661 2523 1830 2551; x_wconf 86' lang='lat' dir='ltr'><strong>architectus</strong></span> 
     </span>
    </p>
   </div>
   <div class='ocr_carea' id='block_1_108' title="bbox 1040 2567 1830 2605">
    <p class='ocr_par' dir='ltr' id='par_1_108' title="bbox 1040 2567 1830 2605">
     <span class='ocr_line' id='line_1_108' title="bbox 1040 2567 1830 2605; baseline -0.003 -6"><span class='ocrx_word' id='word_1_815' title='bbox 1040 2571 1251 2599; x_wconf 86' lang='lat' dir='ltr'><strong>fundamentum</strong></span> <span class='ocrx_word' id='word_1_816' title='bbox 1265 2569 1344 2605; x_wconf 83' lang='lat' dir='ltr'><strong>pOsui</strong></span> <span class='ocrx_word' id='word_1_817' title='bbox 1360 2569 1394 2596; x_wconf 78' lang='lat'><strong>“.</strong></span> <span class='ocrx_word' id='word_1_818' title='bbox 1412 2578 1421 2594; x_wconf 76' lang='grc' dir='ltr'><strong>ι</strong></span> <span class='ocrx_word' id='word_1_819' title='bbox 1437 2567 1471 2596; x_wconf 86' lang='grc' dir='ltr'>Ει</span> <span class='ocrx_word' id='word_1_820' title='bbox 1482 2576 1592 2597; x_wconf 89' lang='lat' dir='ltr'><strong>rursum</strong></span> <span class='ocrx_word' id='word_1_821' title='bbox 1608 2578 1615 2596; x_wconf 87' lang='lat'>:</span> <span class='ocrx_word' id='word_1_822' title='bbox 1630 2578 1638 2594; x_wconf 78' lang='grc' dir='ltr'><em>ι</em></span> <span class='ocrx_word' id='word_1_823' title='bbox 1653 2568 1830 2598; x_wconf 84' lang='lat' dir='ltr'><strong>Fundamen-</strong></span> 
     </span>
    </p>
   </div>
   <div class='ocr_carea' id='block_1_109' title="bbox 1041 2617 1829 2653">
    <p class='ocr_par' dir='ltr' id='par_1_109' title="bbox 1041 2617 1829 2653">
     <span class='ocr_line' id='line_1_109' title="bbox 1041 2617 1829 2653; baseline 0.001 -7"><span class='ocrx_word' id='word_1_824' title='bbox 1041 2625 1098 2647; x_wconf 90' lang='lat' dir='ltr'><strong>tum</strong></span> <span class='ocrx_word' id='word_1_825' title='bbox 1122 2619 1195 2646; x_wconf 84' lang='lat' dir='ltr'><strong>eniin</strong></span> <span class='ocrx_word' id='word_1_826' title='bbox 1219 2617 1293 2646; x_wconf 88' lang='lat' dir='ltr'><strong>aliud</strong></span> <span class='ocrx_word' id='word_1_827' title='bbox 1322 2624 1401 2644; x_wconf 83' lang='lat' dir='ltr'><strong>nemo</strong></span> <span class='ocrx_word' id='word_1_828' title='bbox 1421 2620 1509 2652; x_wconf 86' lang='lat' dir='ltr'><strong>potest</strong></span> <span class='ocrx_word' id='word_1_829' title='bbox 1534 2625 1646 2653; x_wconf 87' lang='lat' dir='ltr'><strong>ponere,</strong></span> <span class='ocrx_word' id='word_1_830' title='bbox 1680 2623 1780 2653; x_wconf 72' lang='lat' dir='ltr'><strong>praeter</strong></span> <span class='ocrx_word' id='word_1_831' title='bbox 1802 2619 1829 2647; x_wconf 92' lang='lat' dir='ltr'><strong>id</strong></span> 
     </span>
    </p>
   </div>
   <div class='ocr_carea' id='block_1_110' title="bbox 1041 2663 1831 2701">
    <p class='ocr_par' dir='ltr' id='par_1_110' title="bbox 1041 2663 1831 2701">
     <span class='ocr_line' id='line_1_110' title="bbox 1041 2663 1831 2701; baseline 0.001 -9"><span class='ocrx_word' id='word_1_832' title='bbox 1041 2666 1114 2701; x_wconf 88' lang='lat' dir='ltr'><strong>quod</strong></span> <span class='ocrx_word' id='word_1_833' title='bbox 1127 2667 1248 2700; x_wconf 84' lang='lat' dir='ltr'><strong>positum</strong></span> <span class='ocrx_word' id='word_1_834' title='bbox 1262 2668 1315 2697; x_wconf 86' lang='lat' dir='ltr'><strong>est,</strong></span> <span class='ocrx_word' id='word_1_835' title='bbox 1328 2664 1400 2699; x_wconf 90' lang='lat' dir='ltr'><strong>quod</strong></span> <span class='ocrx_word' id='word_1_836' title='bbox 1421 2667 1463 2692; x_wconf 90' lang='lat' dir='ltr'><strong>est</strong></span> <span class='ocrx_word' id='word_1_837' title='bbox 1478 2663 1560 2692; x_wconf 83' lang='lat' dir='ltr'><strong>Jesus</strong></span> <span class='ocrx_word' id='word_1_838' title='bbox 1572 2664 1710 2692; x_wconf 83' lang='lat' dir='ltr'><strong>Christus.</strong></span> <span class='ocrx_word' id='word_1_839' title='bbox 1729 2665 1758 2692; x_wconf 91' lang='lat' dir='ltr'><strong>Si</strong></span> <span class='ocrx_word' id='word_1_840' title='bbox 1769 2667 1831 2701; x_wconf 84' lang='lat' dir='ltr'><strong>quis</strong></span> 
     </span>
    </p>
   </div>
   <div class='ocr_carea' id='block_1_111' title="bbox 1047 2710 1829 2746">
    <p class='ocr_par' dir='ltr' id='par_1_111' title="bbox 1047 2710 1829 2746">
     <span class='ocr_line' id='line_1_111' title="bbox 1047 2710 1829 2746; baseline 0.001 -8"><span class='ocrx_word' id='word_1_841' title='bbox 1047 2717 1138 2739; x_wconf 85' lang='lat' dir='ltr'><strong>autem</strong></span> <span class='ocrx_word' id='word_1_842' title='bbox 1156 2710 1355 2746; x_wconf 66' lang='lat' dir='ltr'><strong>supermdificat</strong></span> <span class='ocrx_word' id='word_1_843' title='bbox 1377 2717 1460 2745; x_wconf 88' lang='lat' dir='ltr'><strong>super</strong></span> <span class='ocrx_word' id='word_1_844' title='bbox 1484 2710 1692 2738; x_wconf 75' lang='lat' dir='ltr'><strong>fundamentum</strong></span> <span class='ocrx_word' id='word_1_845' title='bbox 1706 2711 1767 2742; x_wconf 81' lang='lat' dir='ltr'><strong>hoc.</strong></span> <span class='ocrx_word' id='word_1_846' title='bbox 1782 2720 1829 2739; x_wconf 88' lang='lat' dir='ltr'><strong>au-</strong></span> 
     </span>
    </p>
   </div>
   <div class='ocr_carea' id='block_1_112' title="bbox 1043 2756 1831 2793">
    <p class='ocr_par' dir='ltr' id='par_1_112' title="bbox 1043 2756 1831 2793">
     <span class='ocr_line' id='line_1_112' title="bbox 1043 2756 1831 2793; baseline 0 -8"><span class='ocrx_word' id='word_1_847' title='bbox 1043 2764 1116 2790; x_wconf 88' lang='lat' dir='ltr'><strong>rum,</strong></span> <span class='ocrx_word' id='word_1_848' title='bbox 1138 2756 1244 2792; x_wconf 86' lang='lat' dir='ltr'><strong>lapides</strong></span> <span class='ocrx_word' id='word_1_849' title='bbox 1267 2756 1416 2791; x_wconf 87' lang='lat' dir='ltr'><strong>pretiosos,</strong></span> <span class='ocrx_word' id='word_1_850' title='bbox 1446 2756 1531 2791; x_wconf 77' lang='lat' dir='ltr'><strong>ligna,</strong></span> <span class='ocrx_word' id='word_1_851' title='bbox 1557 2756 1658 2790; x_wconf 81' lang='lat' dir='ltr'><strong>fenum,</strong></span> <span class='ocrx_word' id='word_1_852' title='bbox 1681 2758 1831 2793; x_wconf 85' lang='lat' dir='ltr'><strong>stipulam,</strong></span> 
     </span>
    </p>
   </div>
   <div class='ocr_carea' id='block_1_113' title="bbox 1166 2855 1830 2893">
    <p class='ocr_par' dir='ltr' id='par_1_113' title="bbox 1166 2855 1830 2893">
     <span class='ocr_line' id='line_1_113' title="bbox 1166 2855 1830 2893; baseline 0.002 -9"><span class='ocrx_word' id='word_1_853' title='bbox 1166 2859 1189 2874; x_wconf 80' lang='lat'>“</span> <span class='ocrx_word' id='word_1_854' title='bbox 1200 2857 1273 2885; x_wconf 81' lang='lat' dir='ltr'><strong>Psal.</strong></span> <span class='ocrx_word' id='word_1_855' title='bbox 1290 2865 1356 2891; x_wconf 79' lang='lat' dir='ltr'><strong>xvn,</strong></span> <span class='ocrx_word' id='word_1_856' title='bbox 1375 2855 1417 2889; x_wconf 80' lang='lat' dir='ltr'><strong>lG,</strong></span> <span class='ocrx_word' id='word_1_857' title='bbox 1453 2856 1495 2883; x_wconf 88' lang='lat' dir='ltr'><strong>l7.</strong></span> <span class='ocrx_word' id='word_1_858' title='bbox 1552 2857 1574 2873; x_wconf 73' lang='grc'><strong>⁸³</strong></span> <span class='ocrx_word' id='word_1_859' title='bbox 1607 2857 1706 2893; x_wconf 64' lang='grc' dir='ltr'>Ιίρῖιθέ.</span> <span class='ocrx_word' id='word_1_860' title='bbox 1731 2866 1758 2891; x_wconf 82' lang='grc' dir='ltr'>η,</span> <span class='ocrx_word' id='word_1_861' title='bbox 1785 2858 1830 2885; x_wconf 70' lang='lat'><strong>20.</strong></span> 
     </span>
    </p>
   </div>
   <div class='ocr_carea' id='block_1_114' title="bbox 196 2893 1045 2933">
    <p class='ocr_par' dir='ltr' id='par_1_114' title="bbox 196 2893 1045 2933">
     <span class='ocr_line' id='line_1_114' title="bbox 196 2893 1045 2933; baseline -0.005 -8"><span class='ocrx_word' id='word_1_862' title='bbox 196 2896 220 2913; x_wconf 68' lang='grc'>⁸³</span> <span class='ocrx_word' id='word_1_863' title='bbox 236 2896 354 2933; x_wconf 85' lang='lat' dir='ltr'><strong>Philipp.</strong></span> <span class='ocrx_word' id='word_1_864' title='bbox 373 2904 414 2928; x_wconf 86' lang='lat' dir='ltr'><strong>III,</strong></span> <span class='ocrx_word' id='word_1_865' title='bbox 435 2895 480 2924; x_wconf 74' lang='lat'><strong>20.</strong></span> <span class='ocrx_word' id='word_1_866' title='bbox 520 2895 544 2911; x_wconf 83' lang='lat'>&quot;</span> <span class='ocrx_word' id='word_1_867' title='bbox 557 2894 656 2922; x_wconf 69' lang='lat' dir='ltr'><strong>l&#39;lzcch.</strong></span> <span class='ocrx_word' id='word_1_868' title='bbox 675 2903 692 2927; x_wconf 83' lang='grc' dir='ltr'><strong>ι,</strong></span> <span class='ocrx_word' id='word_1_869' title='bbox 708 2895 753 2921; x_wconf 68' lang='grc'><strong>26.</strong></span> <span class='ocrx_word' id='word_1_870' title='bbox 793 2895 816 2911; x_wconf 75' lang='grc'><strong>⁸⁵</strong></span> <span class='ocrx_word' id='word_1_871' title='bbox 836 2895 845 2922; x_wconf 98' lang='grc' dir='ltr'><strong>Ι</strong></span> <span class='ocrx_word' id='word_1_872' title='bbox 863 2895 926 2922; x_wconf 67' lang='lat' dir='ltr'><strong>(lor.</strong></span> <span class='ocrx_word' id='word_1_873' title='bbox 945 2902 985 2929; x_wconf 83' lang='lat' dir='ltr'><strong>in,</strong></span> <span class='ocrx_word' id='word_1_874' title='bbox 1002 2893 1045 2921; x_wconf 72' lang='grc'>10.</span> 
     </span>
    </p>
   </div>
  </div>
