1999 3076
174 159 246 194 2543

840 164 1015 194 PROCOPII
1034 165 1156 195 GAZ/El

1735 166 1806 200 25M

175 217 395 254 uniuscujusque
411 226 482 254 opus
497 218 676 248 manifestum
689 220 742 247 erit
757 220 789 248 ‘7.
810 230 819 247 ι
834 220 867 247 Et
880 221 943 248 itcm

1015 230 1070 249 ται.
1092 232 1101 248 ι
1117 222 1173 249 Kal.
1184 221 1278 249 πάλιν
1293 231 1303 248 ‹
1326 221 1603 257 Ἐποικοδομηθέντες
1614 222 1661 249 ἐπὶ
1676 222 1714 259 τῷ
1725 223 1807 260 θεμε-

176 275 185 292 ι
201 264 418 300 Superaediticati
442 272 525 301 super
544 265 754 294 fundamentum
775 268 962 302 apostolorum

172 315 200 339 et
219 311 428 346 prophetarum,
446 310 507 347 ipso
519 318 628 340 summo
643 313 769 348 angulari
791 313 882 348 lapide
898 313 962 341 Jesu

171 356 281 385 Christo
294 357 327 384 “.
346 366 355 383 ι
378 356 431 385 Et:
449 366 458 384 ι
470 357 500 385 In
516 358 616 393 quibus
625 365 722 387 omnes
736 359 908 387 tediiicamini
922 361 962 387 la-

171 403 250 439 pides
269 403 393 430 viventes
412 404 445 431 ⁶⁰.
468 413 478 430 ι
495 405 567 432 istos
584 405 668 439 igitur
682 405 735 432 hoc
750 406 812 433 loco
824 407 958 441 propheta

172 457 262 477 omnes
279 449 336 484 fore
354 449 401 477 Dei
418 450 565 485 discipulos
581 451 736 486 signiﬁcat;
753 452 799 487 qui
817 452 922 479 nullum
933 453 960 480 in

174 496 255 524 terris
279 496 441 531 magistrum
468 497 614 532 appellari,
632 505 693 525 cum
709 505 781 525 unus
801 502 908 526 tantum
925 500 962 527 sit

171 542 198 569 in
215 542 302 573 caelis,
327 541 444 569 edixerit
455 542 489 569 "°.
508 542 530 569 A
546 549 601 577 quo
612 547 639 570 et
661 543 789 578 discipuli
805 543 888 571 etiam
913 544 959 579 qui

170 587 395 622 desumpserunt,
411 587 534 622 gentium
554 586 690 622 magistri,
703 592 730 615 et
744 587 849 623 lapides
860 589 958 622 sancti,

169 634 216 669 qui
230 640 314 669 super
334 637 435 660 terram
447 633 600 660 volvuntur
616 633 650 666 τί,
666 633 811 668 ipsamque
825 635 960 669 praedica-

169 680 272 708 tionem
291 679 393 715 ubique
404 679 616 713 circumierunt,
632 680 759 715 appellati
777 685 850 709 sunt.
865 681 903 709 De
916 682 959 709 his

168 730 196 753 et
213 725 286 753 Deus
297 728 377 752 antea
393 732 441 760 per
457 724 554 752 lsaiam
572 724 600 751 in
612 725 670 752 hzec
680 725 764 753 verba
780 726 888 754 locutus
905 727 957 754 ait:

170 781 180 799 ι
195 771 313 799 Perdam
337 771 467 807 injuriam
484 771 654 807 iniquorum,
668 776 694 799 et
708 773 865 808 superbiam
881 781 958 801 arro-

166 817 292 854 gantium
319 817 484 845 humiliabo.
509 817 542 844 Et
557 821 639 845 erunt
661 818 708 853 qui
735 818 859 846 derelicti
881 824 956 852 sunt,

167 872 237 892 auro
261 864 357 892 obrizo
378 864 567 900 pretiosiores,
592 868 620 892 et
642 865 686 892 vir
699 864 791 900 lapide
807 873 840 893 ex
863 866 958 901 saphir

167 911 317 946 pretiosior
332 911 366 937 ⁷¹.
388 920 398 936 ι
415 910 485 937 Sunt
497 918 562 945 ergo
580 918 670 938 omnes
688 910 809 938 civitatis
831 911 892 945 ﬁlii,
910 911 958 938 Dei

166 955 302 990 discipuli,
318 955 403 983 Paulo
416 956 501 992 618
516 957 599 984 etiam
615 956 793 991 suﬂ‘ragante,
810 957 855 984 ubi
871 957 955 985 Deum

167 1000 348 1028 multifariam
363 1001 511 1037 multisque
524 1002 612 1029 modis
628 1007 721 1036 patres
736 1002 801 1030 olim
821 1010 869 1038 per
894 1011 957 1038 pm-

165 1047 274 1082 phetas,
291 1055 342 1074 nos
355 1052 445 1075 autem
465 1047 570 1075 ultimis
591 1047 667 1075 hisce
680 1048 778 1076 diebus
794 1056 842 1083 per
856 1048 955 1076 Filium

166 1100 228 1121 esse
240 1093 391 1120 allocutttm
413 1094 452 1120 ait
466 1093 500 1121 ".
521 1092 614 1128 Neque
633 1093 708 1121 enim
731 1101 909 1130 quemquam,
927 1100 956 1122 ut

165 1138 277 1174 quando
300 1146 363 1166 cum
387 1139 527 1167 veteribus
547 1140 666 1175 agebat,
691 1139 876 1176 interposuit;
907 1141 954 1169 sed

165 1189 307 1221 assumpta
332 1193 416 1213 carne
436 1185 552 1212 verbum
575 1184 701 1218 ell'ectus,
722 1185 870 1213 nobiscum
896 1186 956 1221 ipse

158 1230 272 1258 docntus
287 1235 338 1258 est.
357 1230 506 1258 Pollicctur
519 1238 585 1258 vero
597 1235 625 1258 et
633 1231 673 1259 eis
688 1239 791 1266 pacem,
803 1231 850 1266 qui
864 1231 934 1259 dixit
946 1240 953 1258 :

166 1285 176 1302 ι
196 1275 294 1303 Pacem
314 1283 401 1303 meatu
422 1276 457 1303 ιΙο
474 1275 551 1303 vobis
570 1274 604 1302 ⁷⁸.
630 1284 641 1302 ι

198 1321 303 1350 Deinde
313 1320 408 1356 adjicit
422 1330 428 1349 :
442 1322 475 1348 Et
491 1321 631 1356 injustitia
644 1321 830 1357 wdiﬁcaberis.
841 1321 954 1350 Summa

161 1368 237 1397 enim
250 1368 377 1404 aequitate
392 1374 452 1403 qum
468 1375 562 1396 rerum
574 1368 697 1395 omnium
714 1369 893 1396 architcetrix
910 1373 953 1396 est

159 1412 210 1442 Dei
235 1414 382 1450 sapientia,
401 1421 464 1441 cum
483 1414 561 1442 vivos
576 1418 605 1441 et
620 1414 691 1442 bene
705 1419 868 1450 compactos
882 1414 954 1449 lapi-

156 1460 208 1488 νάει
231 1459 348 1495 adi/icio
366 1467 418 1488 suo
433 1459 610 1495 adjungeret,
630 1460 701 1487 alios
717 1460 829 1495 quidem
845 1460 872 1487 in
889 1468 954 1494 pro-

160 1505 313 1542 pugnacula
323 1526 331 1540 ,
350 1505 420 1533 alios
432 1512 498 1533 vero
511 1504 738 1540 infundamenta,
752 1505 821 1534 alios
835 1505 954 1541 denique

162 1552 190 1580 in
206 1560 297 1580 muros
316 1551 420 1587 posuit.
436 1551 510 1579 Alios
521 1558 632 1579 rursum
642 1552 763 1580 civitatis
781 1552 883 1588 templo
893 1553 954 1587 qni-

161 1598 224 1625 dem
244 1598 369 1630 addixit,
383 1597 455 1625 alios
474 1605 540 1625 vero
555 1597 644 1633 ipsius
653 1598 735 1626 etiam
748 1598 950 1634 penetralibus.

161 1642 276 1671 Ceteris
292 1648 383 1671 autem
395 1642 533 1678 reliquam
545 1643 685 1670 civitatem
700 1644 857 1676 exornavit,
876 1644 953 1671 nullo

160 1697 237 1718 more
250 1690 392 1718 hominum
406 1697 456 1724 pro
474 1689 648 1724 singulorum
665 1690 800 1725 dignitate
815 1689 953 1718 factodis—

160 1736 288 1768 crimine,
314 1743 403 1770 neque
429 1735 524 1762 habito
551 1735 717 1770 cujusquam
742 1741 888 1771 respectu;
903 1736 952 1764 sed

160 1790 194 1811 ex
206 1789 285 1817 aequo
307 1788 404 1808 omnes
419 1779 579 1813 admittens,
595 1781 700 1809 liberos
714 1785 741 1809 et
754 1789 860 1815 servos,
881 1790 951 1818 pau-

160 1836 240 1865 peres
256 1831 284 1856 et
295 1827 407 1859 divites,
421 1834 523 1862 eosque
536 1827 630 1860 etiam,
641 1828 687 1862 qui
703 1827 767 1855 vitae
784 1835 884 1863 genere
900 1829 951 1856 ob—

160 1875 235 1904 scuri
250 1874 429 1908 celebresque
441 1873 562 1901 fuerant.
572 1874 663 1909 Atque
677 1875 735 1902 haec
745 1875 856 1910 quidem
873 1880 951 1910 post-

161 1929 243 1958 quam
262 1920 395 1948 Ecclesize
417 1919 560 1954 pollicitus
578 1923 631 1953 est,
652 1920 776 1947 eamdem
790 1921 920 1956 deinceps
935 1929 950 1948 a

159 1967 262 2003 quibus
280 1965 433 1994 cavendum
456 1965 501 1998 sit,
514 1969 629 2000 monet;
641 1965 705 1993 dum
723 1966 755 1993 ab
771 1966 862 2002 iniquo
878 1975 946 1994 rece-

159 2014 236 2046 dere,
265 2020 297 2039 ne
320 2016 419 2038 tremor
437 2011 523 2039 eidem
543 2011 754 2047 appropinquat,
778 2011 866 2047 jubet.
895 2013 950 2040 Eos

158 2059 231 2086 enirn
256 2057 387 2092 mysteria
403 2055 512 2088 edocet,
529 2056 621 2091 rcipsa
643 2060 789 2091 prmslans,
801 2057 872 2092 quod
894 2057 951 2092 fore

160 2103 210 2131 Dei
226 2102 372 2137 discipulos
386 2102 456 2129 dixit
473 2110 480 2130 :
497 2101 530 2129 de
546 2109 600 2137 quo
617 2106 645 2129 et
667 2102 714 2129 illa
735 2101 849 2138 Sponsae
866 2104 949 2132 verba

158 2154 236 2182 sunt,
248 2155 310 2176 cum
330 2147 384 2175 sibi
407 2147 536 2175 osculum
553 2147 612 2175 oris
621 2147 682 2182 ejus
697 2148 756 2175 dari
778 2149 899 2184 postulat
914 2150 947 2178 ⁷⁸.

157 2196 246 2231 Ipsam
265 2195 338 2221 enim
361 2193 556 2228 prophetarum
577 2193 668 2221 verbis
689 2200 864 2229 peramanter
883 2196 949 2223 olim

1014 268 1063 303 λίῳ
1077 267 1132 294 τῶν
1155 268 1312 295 ἀποστόλων
1331 269 1379 296 καὶ
1405 268 1564 304 προφητῶν,
1581 268 1657 300 ἧντος
1674 269 1804 304 ὰιρογω-

1014 312 1101 339 νιαίου
1116 312 1198 339 αὐτοῦ
1207 312 1297 349 Ἰησοῦ
1308 313 1439 349 Χριστοῦ.
1455 323 1466 340 ι
1482 314 1539 341 Kal
1549 314 1646 341 πάλιν·
1667 323 1676 340 ι
1701 315 1745 342 Ἐν
1764 313 1806 348 οἷς

1013 359 1114 392 πάντες
1125 360 1311 395 οἰκοδομεῖσθε
1328 360 1397 387 λίθοι
1412 361 1540 393 ζῶντες.)
1552 360 1606 393 Οὓς
1618 361 1650 397 δὴ
1670 361 1717 388 νῦν
1728 362 1806 389 πάν-

1013 413 1066 439 τας
1076 407 1089 433 ὁ
1104 407 1247 442 προφήτης
1259 407 1342 443 φησὶν
1355 407 1478 435 ἔσεσθαι
1494 408 1655 441 ὃιὸακτοὺς
1671 409 1744 435 Θεοῦ
1757 408 1804 435 τοῦ

1012 452 1136 484 εἰπόντος
1147 460 1155 468 ⁸
1172 453 1218 488 Μὴ
1232 453 1366 488 καλέσητε
1379 454 1538 481 διδάσκαλον
1553 455 1599 481 ἐπὶ
1619 455 1668 489 τῆς
1683 455 1745 489 γῆς.
1759 453 1805 486 Εἷς

1011 499 1066 535 γάρ
1082 500 1156 527 ἐστιν
1169 500 1246 535 ὑμῶν
1257 501 1419 533 διδάσκαλος
1430 501 1458 528 ὲν
1473 502 1531 532 τοῖς
1553 502 1688 537 οὐρανοῖς.
1715 502 1760 535 Ἐξ
1774 499 1804 529 οὗ

1011 546 1058 572 καὶ
1075 546 1100 572 οί
1118 547 1238 581 μαθηταὶ
1254 546 1395 580 λαϐόντες,
1410 546 1566 574 διδάσκαλοι
1583 547 1637 574 τῶν
1655 547 1740 574 ὲθνῶν
1759 556 1805 582 γε-

1010 591 1138 625 γόνασιν·
1154 591 1180 618 οἳ
1201 592 1249 619 καὶ
1267 593 1390 627 εἴρηνται
1405 592 1474 619 λίθοι
1491 592 1566 626 ἃγιοι
1588 593 1742 628 κυλιόμενοι
1758 594 1804 620 ἐπὶ

1009 638 1060 673 τῆς
1075 637 1138 673 γῆς,
1152 639 1200 665 καὶ
1221 639 1252 665 τὸ
1276 640 1408 674 κήρυγμα
1431 639 1571 674 πανταχοῦ
1594 639 1801 674 περιφέροντες.

1010 684 1078 720 Περὶ
1085 681 1122 712 ὧν
1131 686 1145 712 ὁ
1154 685 1220 717 Θεὸς
1229 685 1274 711 διὰ
1289 685 1400 712 Ἡσαΐου
1411 685 1493 720 φησὶν
1504 685 1644 721 προειπών
1653 693 1659 700 ·
1676 695 1686 712 ‹
1697 686 1804 712 Ἀπολῶ

1009 731 1089 766 ὓϐριν
1111 731 1231 767 ἀνόμων,
1249 731 1296 758 καὶ
1317 730 1396 766 ὓϐριν
1416 731 1601 766 ὑπερηφάνων
1629 731 1801 759 ταπεινώσω.

1009 777 1064 804 Καὶ
1075 776 1182 804 ἔσονται
1198 778 1224 804 οί
1254 777 1502 812 καταλελειμμένοι
1527 777 1631 813 έντιμοι
1651 778 1762 813 μᾶλλον,
1784 777 1802 813 ἢ

1008 821 1039 849 τὺ
1058 823 1170 857 χρυσίον
1183 822 1214 849 τὸ
1224 822 1341 858 ἄπυρον.
1355 823 1409 850 Καὶ
1424 823 1437 849 ὁ
1449 822 1592 858 ἄνθρωπος
1609 823 1718 859 ἔντιμος
1734 824 1802 859 μᾶλ-

1008 867 1079 904 λονῆ
1099 869 1113 894 ὁ
1123 868 1198 900 λίθος
1208 868 1223 895 ὁ
1242 869 1274 895 ὲκ
1288 869 1413 904 σουφείρ.
1434 878 1443 895 ι
1462 868 1578 902 Πάντες
1592 867 1638 896 οὖν
1652 869 1677 896 οί
1690 870 1739 904 τῆς
1752 869 1802 896 πό-

971 900 995 930 B
1009 900 1079 946 λεωέ
1092 914 1151 941 vlol
1165 913 1299 941 διδακτοὶ
1320 900 1405 947 Θεοῦ,
1423 915 1470 942 καὶ
1489 900 1594 951 μάρτυς
1605 915 1619 941 ὁ
1639 900 1744 947 Παῦλος
1758 915 1801 942 λέ-

1008 967 1075 994 γων·
1093 969 1103 986 ι
1122 960 1289 995 Πολυμερῶς
1303 961 1350 987 καὶ
1362 960 1539 996 πολυτρόπως
1557 960 1738 993 πάλαιὸΘεδς
1754 961 1803 988 λα-

1007 1004 1093 1041 λήσας
1105 1006 1162 1036 τοῖς
1176 1005 1312 1040 πατράσιν
1326 1004 1355 1030 ὲν
1366 1006 1423 1039 τοῖς
1436 1005 1602 1040 προφήταις,
1625 1004 1669 1031 ἐπ’
1684 1005 1800 1040 ἐσχάτου

1006 1051 1061 1078 τῶν
1087 1051 1199 1086 ἡμερῶν
1221 1050 1323 1077 τούτων
1337 1050 1469 1085 ἐλάλησεν
1486 1051 1553 1086 ἡμῖν
1566 1050 1596 1076 ὲν
1607 1049 1690 1085 Υἱῷ.)
1707 1050 1801 1082 Οὐδεὶς

1006 1093 1061 1130 γὰρ
1073 1095 1150 1130 ἡμῖν,
1167 1094 1205 1126 ὡς
1219 1096 1276 1126 τοῖς
1294 1095 1431 1127 παλαιοῖς,
1449 1095 1639 1130 ἐμεσίτευσεν.
1665 1095 1753 1127 Αὐτὸς
1771 1095 1801 1122 δὲ

1007 1139 1160 1175 σαρκωοεὶς
1174 1140 1188 1166 ὁ
1201 1140 1288 1174 Λόγος
1308 1139 1469 1175 ἐφθέγγετο.
1483 1140 1697 1174 Ἐπαγγέλλεται
1709 1140 1739 1167 δὲ
1753 1141 1802 1168 καὶ

1006 1185 1131 1220 ειρήνην
1146 1186 1238 1218 αὐτοῖς
1257 1187 1271 1212 ὁ
1286 1186 1390 1213 εἰπών’
1416 1195 1426 1212 ι
1448 1186 1570 1222 Εἰρήνην
1591 1186 1641 1222 τὴν
1666 1186 1737 1223 ἐμὴν
1758 1186 1801 1213 δί-

1005 1231 1076 1267 δωμι
1088 1232 1162 1268 ὑμῖν.
1181 1241 1191 1257 ι

1040 1317 1087 1352 Οἷς
1101 1319 1224 1354 ἐπιλέγει
1236 1327 1243 1336 ”
1256 1320 1311 1347 Kal
1322 1320 1356 1347 ὲν
1370 1320 1550 1356 δικαιοσύνῃ
1562 1321 1797 1356 οῑκοδομηθήσῃ.

1005 1366 1085 1394 Κατὰ
1096 1366 1151 1401 γὰρ
1165 1365 1196 1393 τὸ
1209 1366 1391 1399 δικαιότατον,
1405 1367 1486 1399 αὐτὸς
1505 1367 1520 1393 ὁ
1537 1367 1592 1394 τῶν
1608 1367 1677 1393 ὅλων
1698 1368 1799 1394 οἰκοδόι

1006 1419 1066 1446 μος,
1082 1411 1098 1446 ἠ
1117 1411 1198 1445 σοφία
1221 1411 1270 1438 τοῦ
1283 1411 1364 1443 Θεοῦ,
1391 1412 1456 1443 τοὺς
1478 1411 1583 1443 ζῶντας
1605 1412 1652 1439 καὶ
1669 1412 1799 1446 εὐπαγεῖς

1004 1456 1109 1488 λίθους
1124 1455 1292 1491 προσάπτων
1318 1456 1357 1491 τῇ
1385 1456 1540 1491 οἰκοδομῇ,
1556 1458 1622 1489 τοὺς
1641 1458 1691 1492 μὲν
1706 1457 1799 1485 ἐπάλ-

1004 1501 1067 1535 ξεις
1081 1502 1179 1535 ἐποίει,
1196 1503 1259 1535 τοὺς
1273 1502 1301 1530 δὲ
1315 1503 1472 1538 θεμελίους
1487 1503 1679 1537 κατεϐάλλετο,
1692 1504 1756 1535 τοὺς
1769 1504 1798 1530 δὲ

1004 1547 1034 1574 ὲν
1047 1548 1104 1580 τοῖς
1115 1549 1285 1582 περιϐόλοις
1298 1548 1460 1577 κατέταττε.
1473 1550 1529 1576 Καὶ
1542 1550 1606 1582 τοὺς
1626 1550 1676 1586 μὲν
1691 1551 1797 1586 ἀφώρι-

1004 1592 1050 1625 ζεν
1065 1595 1106 1625 είς
1119 1593 1166 1621 τὸν
1181 1594 1250 1621 νεὼν
1269 1596 1318 1630 τῆς
1336 1595 1453 1629 πόλεως,
1475 1595 1539 1627 τοὺς
1563 1596 1591 1622 δὲ
1606 1596 1646 1628 είς
1666 1596 1701 1623 τὰ
1723 1596 1797 1623 ἐνδοι

1002 1639 1076 1666 τάτω
1090 1639 1138 1665 τοῦ
1155 1640 1231 1667 ναοῦ,
1242 1641 1305 1672 Τοῖς
1317 1641 1345 1667 δὲ
1357 1641 1408 1677 τὴν
1420 1641 1518 1677 λοιπὴν
1530 1641 1607 1668 πόλιν
1621 1641 1744 1677 ἐκόσμει,
1759 1643 1796 1677 μὴ

1002 1684 1149 1720 διακρίνων
1163 1685 1213 1717 τὰς
1228 1688 1290 1713 κατ’
1315 1686 1460 1722 ἄνθρωπον
1476 1686 1567 1719 ἀξίας,
1580 1686 1641 1713 οὐδὲ
1656 1687 1695 1719 είς
1710 1687 1796 1723 πρόσ-

1002 1739 1076 1757 ωπον
1085 1731 1206 1767 ἀφορῶν.
1216 1733 1249 1759 ὲκ
1260 1732 1307 1759 τοῦ
1318 1733 1423 1759 δικαίου
1434 1732 1462 1759 δὲ
1473 1733 1579 1764 πάντας
1590 1733 1760 1768 προσέμενος
1774 1733 1796 1766 ί,

1002 1776 1162 1813 ἐλευθέρους
1175 1777 1223 1804 καὶ
1233 1777 1356 1812 δούλους,
1370 1778 1493 1814 πένητας
1507 1779 1554 1806 καὶ
1565 1779 1720 1812 πλουσίους,
1733 1778 1797 1810 τούς

1001 1831 1032 1849 τε
1047 1823 1119 1850 κατὰ
1133 1823 1179 1851 τὸν
1196 1823 1255 1859 βίον
1268 1823 1394 1860 ἀσήμους
1408 1833 1438 1850 τε
1454 1825 1501 1851 καὶ
1516 1826 1685 1860 περιφανεῖς.
1704 1825 1796 1852 Ταῦτα

1001 1872 1035 1906 τῇ
1050 1871 1200 1907 Ἐκκλησία
1211 1872 1417 1908 ὲπηγγελμένος
1427 1872 1492 1908 ἑξῆς
1505 1873 1573 1908 αὐτῇ
1588 1872 1775 1900 διαστέλλεται
1786 1880 1794 1888 ο

1008 1917 1122 1952 Ἀπέχου
1148 1918 1208 1945 ἀπὸ
1222 1918 1340 1950 ἀδίκου,
1363 1918 1413 1945 καὶ
1427 1918 1536 1953 τρόμος
1549 1920 1606 1946 οὐκ
1624 1919 1719 1954 ἐγγιεῖ
1732 1927 1793 1947 σοι.

1000 1963 1185 1998 Μυσταγωγεί
1197 1963 1252 1999 γὰρ
1277 1964 1376 1995 αὐτοὺς
1394 1963 1467 2000 ἔργῳ
1488 1965 1596 1995 δεικνὺς
1612 1964 1654 1997 τὸ,
1670 1965 1795 1992 ἔσονται

1000 2009 1133 2037 διδακτοὶ
1147 2009 1232 2037 Θεοῦ.
1248 2010 1316 2045 Περὶ
1324 2005 1355 2036 οὗ
1371 2009 1419 2036 καὶ
1433 2009 1565 2045 ήΝύμφη
1578 2010 1667 2044 λέγει·
1690 2020 1699 2036 ι
1712 2011 1792 2046 Φιλη-

1001 2057 1075 2085 σάτω
1090 2066 1123 2092 με
1135 2057 1188 2084 ἀπὸ
1202 2058 1364 2093 φιλημάτων
1376 2058 1510 2094 στόματος
1524 2058 1617 2086 αὑτοῦ.
1626 2059 1728 2086 »Πάλαι
1742 2060 1793 2094 μὲν

1000 2104 1055 2140 γὰρ
1066 2104 1149 2140 αὐτὴν
1164 2104 1357 2139 κατησπάζετο
1378 2105 1423 2132 διὰ
1443 2105 1609 2140 προφητῶν,
1634 2105 1701 2141 πρὸς
1728 2114 1792 2132 συν-

1001 2151 1100 2186 άφειαν
1110 2151 1159 2187 τὴν
1175 2150 1274 2178 ἑαυτοῦ
1287 2150 1377 2178 καλῶν
1391 2151 1425 2177 δι’
1440 2151 1579 2186 άγιασμοῦ
1594 2152 1641 2178 καὶ
1656 2151 1794 2178 δικαιοσύ-

1000 2207 1060 2234 νης.
1081 2197 1125 2224 Ἐν
1143 2197 1226 2233 σαρκὶ
1243 2197 1271 2223 δὲ
1285 2197 1426 2232 φανέντος,
1443 2197 1496 2224 ἀπὸ
1513 2197 1673 2232 φιλημάτων
1691 2198 1792 2232 στόμα-

157 2240 292 2269 salutarat
307 2239 431 2274 quidem,
448 2247 511 2267 cum
529 2240 563 2267 ad
581 2240 810 2269 sanctiﬁcationis
824 2246 851 2269 et
864 2242 949 2277 justi-

1005 2254 1045 2277 τος
1056 2244 1140 2273 αὐτοῦ
1156 2243 1331 2279 πεφιλήμεθα
1349 2244 1437 2279 στόμα
1453 2244 1521 2279 πρὸς
1536 2244 1625 2278 στόμα
1648 2244 1793 2280 λελαληκὸ-

158 2287 203 2314 tize
216 2285 390 2321 complexum
406 2285 558 2314 invitaret:
576 2286 624 2314 sed
639 2294 672 2314 ex
688 2294 744 2322 quo
756 2287 784 2314 in
801 2295 885 2315 carne
901 2297 950 2323 ap-

158 2335 264 2371 paruit,
277 2341 326 2362 ore
343 2334 376 2361 ad
392 2342 424 2361 os
437 2334 582 2362 nobiscum
607 2342 786 2370 congressus,
815 2337 872 2364 suis
893 2337 951 2372 ipse

159 2387 212 2408 nos
226 2379 282 2407 oris
298 2379 403 2407 osculis
419 2379 562 2406 suaviatus
575 2383 628 2407 est.
640 2380 686 2407 Ait
699 2388 766 2416 ergo
783 2382 888 2409 nullum
900 2382 950 2409 tibi

158 2428 266 2456 hostem
287 2426 510 2462 superfuturum,
529 2427 699 2462 sijtutitiam
715 2429 802 2457 colas.
819 2428 950 2464 Sequitur

158 2473 258 2501 deinde
274 2480 281 2499 :
295 2471 330 2499 Et
342 2480 400 2499 ecce
413 2471 539 2507 proselyti
559 2472 682 2500 aet-edent
696 2473 732 2500 ad
748 2478 771 2500 te
784 2481 830 2508 per
845 2482 905 2506 me;
921 2478 950 2501 ut

158 2527 217 2553 eos,
237 2519 284 2554 qui
308 2526 364 2546 uno
383 2526 494 2553 quoque
514 2523 635 2554 tempore
660 2519 694 2547 de
708 2521 830 2556 gentium
849 2529 949 2548 nurne-

157 2572 201 2598 ro,
216 2568 266 2593 aut
275 2564 358 2593 etiam
381 2562 551 2596 Iudaeorum,
569 2565 602 2592 ad
615 2565 691 2601 ipsos
705 2571 893 2599 accesserunt,
906 2566 948 2594 in-

157 2611 242 2640 dicet.
262 2610 363 2638 Gentes
379 2610 453 2638 enim
468 2610 544 2646 ipsas
559 2618 574 2637 a
590 2614 667 2646 tergo
680 2615 846 2647 sequuntur,
861 2620 951 2647 quan-

158 2656 286 2685 tumlibet
306 2659 388 2684 antea
403 2655 511 2691 priores
533 2655 694 2684 incederent
709 2665 716 2684 :
730 2655 842 2692 jamque
856 2665 946 2692 prase-

158 2703 208 2739 ιιιιὶ
224 2701 354 2738 gentibus
370 2701 449 2735 liunt,
469 2701 518 2737 qui
538 2701 648 2729 easdem
669 2701 734 2729 olim
755 2702 783 2729 in
798 2703 945 2739 prorelytos

193 2762 216 2777 "’
231 2761 314 2789 lCor.
329 2769 371 2794 Ill,
391 2761 434 2793 Η,
452 2760 496 2788 12.
533 2761 556 2777 ⁵⁸
569 2760 668 2795 Ephes.
686 2768 717 2794 ιι,
735 2760 782 2790 20.
820 2762 843 2778 ⁸⁸
859 2763 953 2791 lPelr.
969 2772 997 2796 11,
1011 2763 1037 2791 5.
1076 2764 1100 2779 7°

193 2804 217 2830 .ι,
230 2797 274 2829 ιι,
287 2797 330 2824 l2.
368 2796 392 2812 "
409 2796 491 2823 Hebr.
507 2803 525 2829 l,
543 2796 568 2822 ’l.
609 2795 630 2811 ⁷³
649 2795 728 2824 Joan.
746 2804 803 2831 xiv,
819 2797 866 2832 27,
905 2800 928 2815 ⁷⁵
943 2799 1022 2826 (lant.
1040 2799 1102 2831 1,1.

158 2804 217 2830 xm,
230 2797 274 2829 ιι,
287 2797 330 2824 l2.
368 2796 392 2812 "
409 2796 491 2823 Hebr.
507 2803 525 2829 r,
543 2796 568 2822 ’l.

999 2301 1044 2324 τος
1059 2292 1135 2328 ήμῖν.
1151 2291 1235 2326 Φησὶν
1247 2288 1303 2322 οὖν,
1320 2291 1358 2322 ὡς
1374 2290 1468 2321 Οὐδεὶς
1480 2290 1577 2326 ἐχθρός
1590 2299 1637 2317 σου
1648 2292 1793 2327 περιγενή-

1000 2345 1077 2364 σεται
1092 2336 1218 2372 τιμώσης
1234 2335 1267 2362 τὸ
1289 2335 1418 2362 δίκαιον.
1439 2335 1493 2362 Kal
1516 2335 1580 2361 ἰδοὺ
1605 2335 1792 2369 προσήλυτοι

1000 2382 1271 2417 προσελεύσονται,
1300 2382 1377 2416 φησὶ,
1394 2380 1431 2407 δι’
1455 2380 1540 2413 ἐμοῦ,
1558 2381 1620 2412 τοὺς
1641 2382 1671 2407 ἐν
1686 2382 1793 2416 ἑκάστῳ

999 2427 1089 2463 καιρῷ
1104 2427 1266 2462 προσιόντας
1285 2427 1317 2461 τῇ
1335 2426 1425 2452 πίστει
1441 2425 1528 2461 δηλῶν
1550 2425 1581 2458 ἐξ
1599 2426 1693 2458 ἐθνῶν,
1711 2427 1727 2462 ἢ
1745 2427 1792 2453 καὶ

999 2473 1030 2506 ἐξ
1059 2473 1149 2500 αὐτῶν
1180 2472 1327 2499 Ἰουδαίων.
1356 2472 1480 2498 Κατόπιν
1504 2471 1559 2507 γὰρ
1585 2471 1721 2499 τέθεινται
1738 2473 1792 2499 τῶν

998 2519 1095 2552 ἐθνῶν,
1110 2519 1201 2545 καίτοι
1215 2518 1329 2553 πρώτην
1356 2517 1465 2552 ἔχοντες
1486 2518 1575 2550 τάξιν,
1599 2520 1646 2546 ml.
1663 2520 1792 2554 γεγόνασι

999 2564 1188 2600 προσήλυτοι
1198 2565 1253 2596 τοῖς
1265 2564 1295 2596 ἐξ
1310 2564 1406 2596 ἐθνῶν,
1423 2565 1448 2591 οι
1464 2563 1548 2592 πάλαι
1564 2565 1674 2597 τούτους
1697 2572 1790 2600 προσ-

998 2612 1132 2646 ηλύτους
1143 2609 1296 2646 δεχόμενοι.
1314 2609 1388 2644 Πλὴν
1402 2609 1448 2635 καί
1462 2608 1541 2636 τοῦτο
1562 2609 1599 2637 δι’
1615 2610 1699 2644 ἐμοῦ,
1714 2610 1790 2646 φησί.

999 2657 1048 2684 Διὰ
1066 2657 1121 2692 γὰρ
1137 2655 1257 2692 Χριστοῦ
1271 2657 1288 2691 ἡ
1305 2656 1415 2682 πάντων
1427 2655 1591 2691 ἐπιστροφὴ,
1607 2656 1656 2682 καὶ
1669 2655 1736 2691 πρὸς
1747 2656 1792 2682 τὸν

1002 2703 1114 2739 Πατέρα
1126 2702 1174 2730 καὶ
1185 2702 1251 2729 Θεὸν
1267 2701 1336 2733 ὁδός.
1356 2711 1365 2726 ι
1385 2701 1480 2733 Οὐδεὶς
1494 2701 1549 2737 γὰρ
1571 2700 1691 2737 ἔρχεται,
1714 2705 1790 2736 φησι.

1076 2764 1100 2779 το
1117 2761 1215 2790 Matth.
1232 2768 1313 2793 um,
1326 2760 1351 2789 8.
1391 2760 1412 2776 ⁷¹
1429 2759 1544 2787 Zachar.
1566 2766 1603 2793 Ix,
1619 2759 1661 2787 Η.
1701 2759 1725 2775 ⁷³
1738 2758 1791 2787 lsa.

811 2854 928 2884 VARUS
946 2855 1148 2885 LECTIONES.

195 2890 205 2910 ⁸
222 2898 265 2925 γρ.
283 2893 473 2924 προσιέμενος.
