  <div class='ocr_page' id='page_1' title='image "/cluster/home/n/w/nwhite01/storage/ocr_20150623/87, pt.2/njp.32101010943809/540.png"; bbox 0 0 1999 3076; ppageno 0'>
   <div class='ocr_carea' id='block_1_1' title="bbox 217 125 287 158">
    <p class='ocr_par' dir='ltr' id='par_1_1' title="bbox 217 125 287 158">
     <span class='ocr_line' id='line_1_1' title="bbox 217 125 287 158; baseline 0.029 -2"><span class='ocrx_word' id='word_1_1' title='bbox 217 125 287 158; x_wconf 71' lang='grc'>2545</span> 
     </span>
    </p>
   </div>
   <div class='ocr_carea' id='block_1_2' title="bbox 778 131 1266 164">
    <p class='ocr_par' dir='ltr' id='par_1_2' title="bbox 778 131 1266 164">
     <span class='ocr_line' id='line_1_2' title="bbox 778 131 1266 164; baseline 0.006 -3"><span class='ocrx_word' id='word_1_2' title='bbox 778 131 1046 163; x_wconf 77' lang='lat' dir='ltr'><strong>COMMENTARII</strong></span> <span class='ocrx_word' id='word_1_3' title='bbox 1062 132 1104 163; x_wconf 90' lang='lat' dir='ltr'><strong>IN</strong></span> <span class='ocrx_word' id='word_1_4' title='bbox 1125 132 1266 164; x_wconf 79' lang='lat' dir='ltr'><strong>ISAIAM.</strong></span> 
     </span>
    </p>
   </div>
   <div class='ocr_carea' id='block_1_3' title="bbox 1770 130 1842 163">
    <p class='ocr_par' dir='ltr' id='par_1_3' title="bbox 1770 130 1842 163">
     <span class='ocr_line' id='line_1_3' title="bbox 1770 130 1842 163; baseline 0 0"><span class='ocrx_word' id='word_1_5' title='bbox 1770 130 1842 163; x_wconf 74' lang='grc'><strong>2546</strong></span> 
     </span>
    </p>
   </div>
   <div class='ocr_carea' id='block_1_4' title="bbox 219 180 1003 220">
    <p class='ocr_par' dir='ltr' id='par_1_4' title="bbox 219 180 1003 218">
     <span class='ocr_line' id='line_1_4' title="bbox 219 180 1003 218; baseline 0.003 -12"><span class='ocrx_word' id='word_1_6' title='bbox 219 180 287 216; x_wconf 73' lang='grc' dir='ltr'>πρὸς</span> <span class='ocrx_word' id='word_1_7' title='bbox 313 181 359 207; x_wconf 81' lang='grc' dir='ltr'><strong>τὸν</strong></span> <span class='ocrx_word' id='word_1_8' title='bbox 381 181 501 216; x_wconf 82' lang='grc' dir='ltr'><strong>Πατέρα,</strong></span> <span class='ocrx_word' id='word_1_9' title='bbox 529 182 554 208; x_wconf 79' lang='grc' dir='ltr'><strong>εί</strong></span> <span class='ocrx_word' id='word_1_10' title='bbox 579 181 617 217; x_wconf 85' lang='grc' dir='ltr'>μὴ</span> <span class='ocrx_word' id='word_1_11' title='bbox 640 182 673 208; x_wconf 86' lang='grc' dir='ltr'>δι’</span> <span class='ocrx_word' id='word_1_12' title='bbox 701 182 778 218; x_wconf 79' lang='grc' dir='ltr'><strong>ἐμοῦ.</strong></span> <span class='ocrx_word' id='word_1_13' title='bbox 799 192 808 209; x_wconf 71' lang='grc' dir='ltr'><strong>ι</strong></span> <span class='ocrx_word' id='word_1_14' title='bbox 830 182 884 210; x_wconf 76' lang='grc' dir='ltr'>Κάι</span> <span class='ocrx_word' id='word_1_15' title='bbox 907 183 1003 209; x_wconf 84' lang='grc' dir='ltr'>πάλιν·</span> 
     </span>
    </p>
   </div>
   <div class='ocr_carea' id='block_1_5' title="bbox 1054 180 1840 220">
    <p class='ocr_par' dir='ltr' id='par_1_5' title="bbox 1057 183 1840 220">
     <span class='ocr_line' id='line_1_5' title="bbox 1057 183 1840 220; baseline 0 -9"><span class='ocrx_word' id='word_1_16' title='bbox 1057 183 1239 212; x_wconf 72' lang='lat' dir='ltr'><strong>admittebant</strong></span> <span class='ocrx_word' id='word_1_17' title='bbox 1258 195 1265 213; x_wconf 83' lang='lat'><strong>:</strong></span> <span class='ocrx_word' id='word_1_18' title='bbox 1285 184 1357 220; x_wconf 89' lang='lat' dir='ltr'><strong>quod</strong></span> <span class='ocrx_word' id='word_1_19' title='bbox 1379 193 1425 220; x_wconf 84' lang='lat' dir='ltr'><strong>per</strong></span> <span class='ocrx_word' id='word_1_20' title='bbox 1449 193 1476 213; x_wconf 76' lang='lat' dir='ltr'><strong>se</strong></span> <span class='ocrx_word' id='word_1_21' title='bbox 1502 188 1593 213; x_wconf 90' lang='lat' dir='ltr'><strong>tamen</strong></span> <span class='ocrx_word' id='word_1_22' title='bbox 1623 184 1706 212; x_wconf 81' lang='lat' dir='ltr'><strong>etiam</strong></span> <span class='ocrx_word' id='word_1_23' title='bbox 1736 183 1840 211; x_wconf 82' lang='lat' dir='ltr'><strong>factum</strong></span> 
     </span>
    </p>
   </div>
   <div class='ocr_carea' id='block_1_6' title="bbox 222 227 973 264">
    <p class='ocr_par' dir='ltr' id='par_1_6' title="bbox 222 227 973 264">
     <span class='ocr_line' id='line_1_6' title="bbox 222 227 973 264; baseline 0.004 -12"><span class='ocrx_word' id='word_1_24' title='bbox 222 235 231 252; x_wconf 81' lang='grc' dir='ltr'><strong>ι</strong></span> <span class='ocrx_word' id='word_1_25' title='bbox 255 227 325 261; x_wconf 81' lang='grc' dir='ltr'><strong>Ἐγώ</strong></span> <span class='ocrx_word' id='word_1_26' title='bbox 338 227 396 262; x_wconf 82' lang='grc' dir='ltr'>ειμι</span> <span class='ocrx_word' id='word_1_27' title='bbox 411 229 427 263; x_wconf 88' lang='grc' dir='ltr'><strong>ή</strong></span> <span class='ocrx_word' id='word_1_28' title='bbox 445 228 513 259; x_wconf 82' lang='grc' dir='ltr'>ὁδός.</span> <span class='ocrx_word' id='word_1_29' title='bbox 535 238 544 254; x_wconf 74' lang='grc' dir='ltr'><strong>ι</strong></span> <span class='ocrx_word' id='word_1_30' title='bbox 558 229 622 262; x_wconf 79' lang='grc' dir='ltr'>Καὶ,</span> <span class='ocrx_word' id='word_1_31' title='bbox 640 238 650 254; x_wconf 74' lang='grc' dir='ltr'><strong>ι</strong></span> <span class='ocrx_word' id='word_1_32' title='bbox 670 228 741 263; x_wconf 81' lang='grc' dir='ltr'>Ἐγώ</span> <span class='ocrx_word' id='word_1_33' title='bbox 756 230 814 264; x_wconf 88' lang='grc' dir='ltr'>εἰμι</span> <span class='ocrx_word' id='word_1_34' title='bbox 828 230 845 264; x_wconf 84' lang='grc' dir='ltr'><strong>ἡ</strong></span> <span class='ocrx_word' id='word_1_35' title='bbox 863 228 943 264; x_wconf 89' lang='grc' dir='ltr'>θύρα.</span> <span class='ocrx_word' id='word_1_36' title='bbox 964 239 973 255; x_wconf 73' lang='grc' dir='ltr'><strong>ι</strong></span> 
     </span>
    </p>
   </div>
   <div class='ocr_carea' id='block_1_7' title="bbox 1056 229 1842 266">
    <p class='ocr_par' dir='ltr' id='par_1_7' title="bbox 1056 229 1842 266">
     <span class='ocr_line' id='line_1_7' title="bbox 1056 229 1842 266; baseline 0 -10"><span class='ocrx_word' id='word_1_37' title='bbox 1056 237 1118 257; x_wconf 86' lang='lat' dir='ltr'><strong>esse</strong></span> <span class='ocrx_word' id='word_1_38' title='bbox 1130 231 1241 258; x_wconf 88' lang='lat' dir='ltr'><strong>asserit.</strong></span> <span class='ocrx_word' id='word_1_39' title='bbox 1255 230 1305 258; x_wconf 88' lang='lat' dir='ltr'><strong>Est</strong></span> <span class='ocrx_word' id='word_1_40' title='bbox 1323 238 1443 266; x_wconf 87' lang='lat' dir='ltr'><strong>namque</strong></span> <span class='ocrx_word' id='word_1_41' title='bbox 1461 231 1546 266; x_wconf 74' lang='lat'><strong>619</strong></span> <span class='ocrx_word' id='word_1_42' title='bbox 1558 231 1680 258; x_wconf 89' lang='lat' dir='ltr'><strong>omnium</strong></span> <span class='ocrx_word' id='word_1_43' title='bbox 1699 237 1746 266; x_wconf 90' lang='lat' dir='ltr'><strong>per</strong></span> <span class='ocrx_word' id='word_1_44' title='bbox 1758 229 1842 257; x_wconf 85' lang='lat' dir='ltr'><strong>Chri-</strong></span> 
     </span>
    </p>
   </div>
   <div class='ocr_carea' id='block_1_8' title="bbox 219 274 1843 314">
    <p class='ocr_par' dir='ltr' id='par_1_8' title="bbox 219 274 1843 314">
     <span class='ocr_line' id='line_1_8' title="bbox 219 274 1843 314; baseline 0.002 -12"><span class='ocrx_word' id='word_1_45' title='bbox 219 277 292 302; x_wconf 83' lang='lat' dir='ltr'><strong>stum</strong></span> <span class='ocrx_word' id='word_1_46' title='bbox 306 274 463 308; x_wconf 84' lang='lat' dir='ltr'><strong>conversio,</strong></span> <span class='ocrx_word' id='word_1_47' title='bbox 479 279 505 302; x_wconf 89' lang='lat' dir='ltr'><strong>et</strong></span> <span class='ocrx_word' id='word_1_48' title='bbox 516 283 562 310; x_wconf 84' lang='lat' dir='ltr'><strong>per</strong></span> <span class='ocrx_word' id='word_1_49' title='bbox 572 276 696 304; x_wconf 84' lang='lat' dir='ltr'><strong>eumdem</strong></span> <span class='ocrx_word' id='word_1_50' title='bbox 710 276 744 303; x_wconf 91' lang='lat' dir='ltr'><strong>ad</strong></span> <span class='ocrx_word' id='word_1_51' title='bbox 761 276 880 310; x_wconf 88' lang='lat' dir='ltr'><strong>Patrem,</strong></span> <span class='ocrx_word' id='word_1_52' title='bbox 898 281 925 304; x_wconf 93' lang='lat' dir='ltr'><strong>et</strong></span> <span class='ocrx_word' id='word_1_53' title='bbox 936 276 1020 304; x_wconf 89' lang='lat' dir='ltr'><strong>Deum</strong></span> <span class='ocrx_word' id='word_1_54' title='bbox 1029 276 1083 304; x_wconf 82' lang='lat' dir='ltr'><strong>via.</strong></span> <span class='ocrx_word' id='word_1_55' title='bbox 1103 286 1112 304; x_wconf 76' lang='grc' dir='ltr'><strong>ι</strong></span> <span class='ocrx_word' id='word_1_56' title='bbox 1132 278 1218 306; x_wconf 81' lang='lat' dir='ltr'><strong>Nemo</strong></span> <span class='ocrx_word' id='word_1_57' title='bbox 1232 279 1316 311; x_wconf 90' lang='lat' dir='ltr'><strong>cnim,</strong></span> <span class='ocrx_word' id='word_1_58' title='bbox 1331 278 1432 314; x_wconf 91' lang='lat' dir='ltr'><strong>inquit,</strong></span> <span class='ocrx_word' id='word_1_59' title='bbox 1444 279 1518 306; x_wconf 87' lang='lat' dir='ltr'><strong>venit</strong></span> <span class='ocrx_word' id='word_1_60' title='bbox 1527 279 1561 306; x_wconf 88' lang='lat' dir='ltr'><strong>ad</strong></span> <span class='ocrx_word' id='word_1_61' title='bbox 1568 277 1677 306; x_wconf 84' lang='lat' dir='ltr'><strong>Patrem</strong></span> <span class='ocrx_word' id='word_1_62' title='bbox 1706 277 1762 306; x_wconf 85' lang='lat' dir='ltr'><strong>nisi</strong></span> <span class='ocrx_word' id='word_1_63' title='bbox 1792 285 1843 313; x_wconf 86' lang='lat' dir='ltr'><strong>per</strong></span> 
     </span>
    </p>
   </div>
   <div class='ocr_carea' id='block_1_9' title="bbox 220 322 1003 360">
    <p class='ocr_par' dir='ltr' id='par_1_9' title="bbox 220 322 1002 359">
     <span class='ocr_line' id='line_1_9' title="bbox 220 322 1002 359; baseline 0.005 -11"><span class='ocrx_word' id='word_1_64' title='bbox 220 330 263 350; x_wconf 92' lang='lat' dir='ltr'><strong>me</strong></span> <span class='ocrx_word' id='word_1_65' title='bbox 280 322 312 349; x_wconf 80' lang='grc'><strong>⁷⁸.</strong></span> <span class='ocrx_word' id='word_1_66' title='bbox 335 332 344 348; x_wconf 74' lang='grc' dir='ltr'><strong>ι</strong></span> <span class='ocrx_word' id='word_1_67' title='bbox 363 322 394 350; x_wconf 83' lang='grc' dir='ltr'>Ει</span> <span class='ocrx_word' id='word_1_68' title='bbox 410 331 525 350; x_wconf 89' lang='lat' dir='ltr'><strong>rursus:</strong></span> <span class='ocrx_word' id='word_1_69' title='bbox 544 333 554 350; x_wconf 75' lang='grc' dir='ltr'><strong>ι</strong></span> <span class='ocrx_word' id='word_1_70' title='bbox 571 323 627 359; x_wconf 82' lang='lat' dir='ltr'><strong>Ego</strong></span> <span class='ocrx_word' id='word_1_71' title='bbox 635 332 695 352; x_wconf 91' lang='lat' dir='ltr'><strong>sum</strong></span> <span class='ocrx_word' id='word_1_72' title='bbox 711 324 755 352; x_wconf 81' lang='lat' dir='ltr'><strong>via</strong></span> <span class='ocrx_word' id='word_1_73' title='bbox 771 325 804 351; x_wconf 88' lang='lat'><strong>&quot;.</strong></span> <span class='ocrx_word' id='word_1_74' title='bbox 824 334 832 350; x_wconf 82' lang='grc' dir='ltr'><strong>ι</strong></span> <span class='ocrx_word' id='word_1_75' title='bbox 848 324 881 352; x_wconf 85' lang='lat' dir='ltr'><strong>Et</strong></span> <span class='ocrx_word' id='word_1_76' title='bbox 897 334 902 352; x_wconf 92' lang='lat'><strong>:</strong></span> <span class='ocrx_word' id='word_1_77' title='bbox 921 333 930 350; x_wconf 85' lang='lat' dir='ltr'><strong>I</strong></span> <span class='ocrx_word' id='word_1_78' title='bbox 946 323 1002 359; x_wconf 81' lang='lat' dir='ltr'><strong>Ego</strong></span> 
     </span>
    </p>
   </div>
   <div class='ocr_carea' id='block_1_10' title="bbox 1054 322 1258 360">
    <p class='ocr_par' dir='ltr' id='par_1_10' title="bbox 1058 324 1258 360">
     <span class='ocr_line' id='line_1_10' title="bbox 1058 324 1258 360; baseline 0.015 -9"><span class='ocrx_word' id='word_1_79' title='bbox 1058 332 1082 351; x_wconf 85' lang='grc' dir='ltr'><strong>ιη</strong></span> <span class='ocrx_word' id='word_1_80' title='bbox 1093 324 1177 360; x_wconf 85' lang='lat' dir='ltr'><strong>janua</strong></span> <span class='ocrx_word' id='word_1_81' title='bbox 1194 326 1229 354; x_wconf 83' lang='grc'><strong>⁷⁸.</strong></span> <span class='ocrx_word' id='word_1_82' title='bbox 1249 336 1258 353; x_wconf 81' lang='grc'><strong>›</strong></span> 
     </span>
    </p>
   </div>
   <div class='ocr_carea' id='block_1_11' title="bbox 255 369 1006 408">
    <p class='ocr_par' dir='ltr' id='par_1_11' title="bbox 255 369 1006 408">
     <span class='ocr_line' id='line_1_11' title="bbox 255 369 1006 408; baseline 0.005 -12"><span class='ocrx_word' id='word_1_83' title='bbox 255 369 333 402; x_wconf 80' lang='grc' dir='ltr'>Τινὲς</span> <span class='ocrx_word' id='word_1_84' title='bbox 346 370 374 397; x_wconf 86' lang='grc' dir='ltr'>δὲ</span> <span class='ocrx_word' id='word_1_85' title='bbox 389 373 601 406; x_wconf 70' lang='grc' dir='ltr'>προσηλύτους</span> <span class='ocrx_word' id='word_1_86' title='bbox 616 373 744 407; x_wconf 79' lang='grc' dir='ltr'>εἰρήκασι</span> <span class='ocrx_word' id='word_1_87' title='bbox 763 373 826 405; x_wconf 79' lang='grc' dir='ltr'>τοὺς</span> <span class='ocrx_word' id='word_1_88' title='bbox 841 373 871 400; x_wconf 84' lang='grc' dir='ltr'><strong>οὐ</strong></span> <span class='ocrx_word' id='word_1_89' title='bbox 885 373 1006 408; x_wconf 79' lang='grc' dir='ltr'><strong>γνησίως</strong></span> 
     </span>
    </p>
   </div>
   <div class='ocr_carea' id='block_1_12' title="bbox 220 415 1006 454">
    <p class='ocr_par' dir='ltr' id='par_1_12' title="bbox 220 415 1006 454">
     <span class='ocr_line' id='line_1_12' title="bbox 220 415 1006 454; baseline 0.005 -12"><span class='ocrx_word' id='word_1_90' title='bbox 220 415 280 442; x_wconf 81' lang='grc' dir='ltr'>οὐδὲ</span> <span class='ocrx_word' id='word_1_91' title='bbox 296 416 425 452; x_wconf 76' lang='grc' dir='ltr'><strong>καθαρῶς</strong></span> <span class='ocrx_word' id='word_1_92' title='bbox 452 418 624 452; x_wconf 76' lang='grc' dir='ltr'><strong>προσιόντας,</strong></span> <span class='ocrx_word' id='word_1_93' title='bbox 643 418 711 445; x_wconf 80' lang='grc' dir='ltr'>ἀλλὰ</span> <span class='ocrx_word' id='word_1_94' title='bbox 720 419 887 454; x_wconf 79' lang='grc' dir='ltr'><strong>προστασίας</strong></span> <span class='ocrx_word' id='word_1_95' title='bbox 903 420 920 454; x_wconf 80' lang='grc' dir='ltr'>ἦ</span> <span class='ocrx_word' id='word_1_96' title='bbox 933 428 1006 451; x_wconf 82' lang='grc' dir='ltr'>τινος</span> 
     </span>
    </p>
   </div>
   <div class='ocr_carea' id='block_1_13' title="bbox 220 461 1005 498">
    <p class='ocr_par' dir='ltr' id='par_1_13' title="bbox 220 461 1005 498">
     <span class='ocr_line' id='line_1_13' title="bbox 220 461 1005 498; baseline 0.004 -11"><span class='ocrx_word' id='word_1_97' title='bbox 220 461 300 496; x_wconf 80' lang='grc' dir='ltr'><strong>χάριν</strong></span> <span class='ocrx_word' id='word_1_98' title='bbox 311 461 455 496; x_wconf 84' lang='grc' dir='ltr'>ὡφελείας.</span> <span class='ocrx_word' id='word_1_99' title='bbox 471 462 525 494; x_wconf 86' lang='grc' dir='ltr'><strong>οὒς</strong></span> <span class='ocrx_word' id='word_1_100' title='bbox 543 463 591 489; x_wconf 77' lang='grc' dir='ltr'>καὶ</span> <span class='ocrx_word' id='word_1_101' title='bbox 606 463 814 498; x_wconf 80' lang='grc' dir='ltr'><strong>παροικήσειν,</strong></span> <span class='ocrx_word' id='word_1_102' title='bbox 826 463 883 490; x_wconf 83' lang='grc' dir='ltr'>ἀλλ’</span> <span class='ocrx_word' id='word_1_103' title='bbox 894 464 924 490; x_wconf 88' lang='grc' dir='ltr'>οὐ</span> <span class='ocrx_word' id='word_1_104' title='bbox 938 471 1005 490; x_wconf 88' lang='grc' dir='ltr'>κατ-</span> 
     </span>
    </p>
   </div>
   <div class='ocr_carea' id='block_1_14' title="bbox 220 507 1005 545">
    <p class='ocr_par' dir='ltr' id='par_1_14' title="bbox 220 507 1005 545">
     <span class='ocr_line' id='line_1_14' title="bbox 220 507 1005 545; baseline 0.004 -12"><span class='ocrx_word' id='word_1_105' title='bbox 220 507 342 542; x_wconf 83' lang='grc' dir='ltr'>οικήσειν</span> <span class='ocrx_word' id='word_1_106' title='bbox 356 509 448 543; x_wconf 80' lang='grc' dir='ltr'>φησίν.</span> <span class='ocrx_word' id='word_1_107' title='bbox 474 508 518 540; x_wconf 87' lang='grc' dir='ltr'>Ὧς</span> <span class='ocrx_word' id='word_1_108' title='bbox 533 509 561 534; x_wconf 73' lang='grc' dir='ltr'>ἐν</span> <span class='ocrx_word' id='word_1_109' title='bbox 575 509 684 545; x_wconf 81' lang='grc' dir='ltr'>παρόδῳ</span> <span class='ocrx_word' id='word_1_110' title='bbox 697 510 752 544; x_wconf 79' lang='grc' dir='ltr'><strong>γὰρ</strong></span> <span class='ocrx_word' id='word_1_111' title='bbox 770 510 795 536; x_wconf 83' lang='grc' dir='ltr'>οἱ</span> <span class='ocrx_word' id='word_1_112' title='bbox 810 509 925 536; x_wconf 85' lang='grc' dir='ltr'>τοιοῦτοι</span> <span class='ocrx_word' id='word_1_113' title='bbox 943 518 1005 536; x_wconf 84' lang='grc' dir='ltr'>ποι-</span> 
     </span>
    </p>
   </div>
   <div class='ocr_carea' id='block_1_15' title="bbox 219 553 1004 592">
    <p class='ocr_par' dir='ltr' id='par_1_15' title="bbox 219 553 1004 592">
     <span class='ocr_line' id='line_1_15' title="bbox 219 553 1004 592; baseline 0.005 -13"><span class='ocrx_word' id='word_1_114' title='bbox 219 553 313 580; x_wconf 84' lang='grc' dir='ltr'>οῦνται</span> <span class='ocrx_word' id='word_1_115' title='bbox 324 554 374 589; x_wconf 82' lang='grc' dir='ltr'>τὴν</span> <span class='ocrx_word' id='word_1_116' title='bbox 390 555 503 588; x_wconf 76' lang='grc' dir='ltr'>εἴσοδον,</span> <span class='ocrx_word' id='word_1_117' title='bbox 524 555 607 582; x_wconf 72' lang='grc' dir='ltr'>οῑονεὶ</span> <span class='ocrx_word' id='word_1_118' title='bbox 618 555 686 591; x_wconf 85' lang='grc' dir='ltr'>αὐτῇ</span> <span class='ocrx_word' id='word_1_119' title='bbox 704 556 931 592; x_wconf 86' lang='grc' dir='ltr'>προσφεύγοντες.</span> <span class='ocrx_word' id='word_1_120' title='bbox 945 557 1004 591; x_wconf 86' lang='grc' dir='ltr'><strong>Ἐφ’</strong></span> 
     </span>
    </p>
   </div>
   <div class='ocr_carea' id='block_1_16' title="bbox 218 597 1005 638">
    <p class='ocr_par' dir='ltr' id='par_1_16' title="bbox 218 597 1005 638">
     <span class='ocr_line' id='line_1_16' title="bbox 218 597 1005 638; baseline 0.006 -13"><span class='ocrx_word' id='word_1_121' title='bbox 218 597 260 631; x_wconf 71' lang='grc' dir='ltr'>οἷς</span> <span class='ocrx_word' id='word_1_122' title='bbox 272 608 371 634; x_wconf 87' lang='grc' dir='ltr'>φησιν·</span> <span class='ocrx_word' id='word_1_123' title='bbox 390 600 466 628; x_wconf 83' lang='grc' dir='ltr'>Ἰδοὺ</span> <span class='ocrx_word' id='word_1_124' title='bbox 481 601 538 636; x_wconf 79' lang='grc' dir='ltr'><strong>ἐγὼ</strong></span> <span class='ocrx_word' id='word_1_125' title='bbox 556 601 641 632; x_wconf 75' lang='grc' dir='ltr'>κτίζω</span> <span class='ocrx_word' id='word_1_126' title='bbox 660 609 708 636; x_wconf 81' lang='grc' dir='ltr'><strong>σε,</strong></span> <span class='ocrx_word' id='word_1_127' title='bbox 725 604 783 638; x_wconf 86' lang='grc' dir='ltr'><strong>οὐχ</strong></span> <span class='ocrx_word' id='word_1_128' title='bbox 811 603 851 636; x_wconf 86' lang='grc' dir='ltr'>ὡς</span> <span class='ocrx_word' id='word_1_129' title='bbox 872 602 1005 637; x_wconf 76' lang='grc' dir='ltr'>χαλκεὺς</span> 
     </span>
    </p>
   </div>
   <div class='ocr_carea' id='block_1_17' title="bbox 217 645 1003 682">
    <p class='ocr_par' dir='ltr' id='par_1_17' title="bbox 217 645 1003 682">
     <span class='ocr_line' id='line_1_17' title="bbox 217 645 1003 682; baseline 0.005 -11"><span class='ocrx_word' id='word_1_130' title='bbox 217 645 327 679; x_wconf 73' lang='grc' dir='ltr'><em>φυσῶν</em></span> <span class='ocrx_word' id='word_1_131' title='bbox 347 645 508 681; x_wconf 74' lang='grc' dir='ltr'>ἄνθρακας.</span> <span class='ocrx_word' id='word_1_132' title='bbox 542 647 614 682; x_wconf 82' lang='grc' dir='ltr'><strong>Ἐγώ</strong></span> <span class='ocrx_word' id='word_1_133' title='bbox 641 656 681 674; x_wconf 83' lang='grc' dir='ltr'><strong>σοι</strong></span> <span class='ocrx_word' id='word_1_134' title='bbox 699 648 787 675; x_wconf 83' lang='grc' dir='ltr'>ταῦτα</span> <span class='ocrx_word' id='word_1_135' title='bbox 816 649 886 675; x_wconf 84' lang='grc' dir='ltr'>ποιῶ</span> <span class='ocrx_word' id='word_1_136' title='bbox 903 648 1003 682; x_wconf 81' lang='grc' dir='ltr'>λέγων,</span> 
     </span>
    </p>
   </div>
   <div class='ocr_carea' id='block_1_18' title="bbox 217 690 1005 730">
    <p class='ocr_par' dir='ltr' id='par_1_18' title="bbox 217 690 1005 730">
     <span class='ocr_line' id='line_1_18' title="bbox 217 690 1005 730; baseline 0.005 -13"><span class='ocrx_word' id='word_1_137' title='bbox 217 690 311 726; x_wconf 81' lang='grc' dir='ltr'>ἐπειδὴ</span> <span class='ocrx_word' id='word_1_138' title='bbox 325 691 372 718; x_wconf 77' lang='grc' dir='ltr'>καὶ</span> <span class='ocrx_word' id='word_1_139' title='bbox 386 691 441 726; x_wconf 79' lang='grc' dir='ltr'><strong>ἐγώ</strong></span> <span class='ocrx_word' id='word_1_140' title='bbox 457 701 503 719; x_wconf 89' lang='grc' dir='ltr'><strong>σου</strong></span> <span class='ocrx_word' id='word_1_141' title='bbox 518 693 654 728; x_wconf 80' lang='grc' dir='ltr'><strong>κτίστης.</strong></span> <span class='ocrx_word' id='word_1_142' title='bbox 667 694 770 729; x_wconf 86' lang='grc' dir='ltr'><strong>Μωσῆς</strong></span> <span class='ocrx_word' id='word_1_143' title='bbox 795 694 846 730; x_wconf 80' lang='grc' dir='ltr'>μὲν</span> <span class='ocrx_word' id='word_1_144' title='bbox 870 694 935 729; x_wconf 83' lang='grc' dir='ltr'>γὰρ,</span> <span class='ocrx_word' id='word_1_145' title='bbox 957 694 1005 720; x_wconf 75' lang='grc' dir='ltr'><strong>καὶ</strong></span> 
     </span>
    </p>
   </div>
   <div class='ocr_carea' id='block_1_19' title="bbox 217 735 1003 775">
    <p class='ocr_par' dir='ltr' id='par_1_19' title="bbox 217 735 1003 775">
     <span class='ocr_line' id='line_1_19' title="bbox 217 735 1003 775; baseline 0.005 -13"><span class='ocrx_word' id='word_1_146' title='bbox 217 735 353 771; x_wconf 78' lang='grc' dir='ltr'>Σολομῶν,</span> <span class='ocrx_word' id='word_1_147' title='bbox 369 737 416 764; x_wconf 76' lang='grc' dir='ltr'>καὶ</span> <span class='ocrx_word' id='word_1_148' title='bbox 429 738 592 773; x_wconf 78' lang='grc' dir='ltr'>Ζοροϐάϐελ,</span> <span class='ocrx_word' id='word_1_149' title='bbox 614 739 761 774; x_wconf 79' lang='grc' dir='ltr'>σωματικὰ</span> <span class='ocrx_word' id='word_1_150' title='bbox 771 740 819 766; x_wconf 77' lang='grc' dir='ltr'>καὶ</span> <span class='ocrx_word' id='word_1_151' title='bbox 831 739 1003 775; x_wconf 69' lang='grc' dir='ltr'><strong>ὀλιγοχρόνια</strong></span> 
     </span>
    </p>
   </div>
   <div class='ocr_carea' id='block_1_20' title="bbox 216 782 1004 821">
    <p class='ocr_par' dir='ltr' id='par_1_20' title="bbox 216 782 1004 821">
     <span class='ocr_line' id='line_1_20' title="bbox 216 782 1004 821; baseline 0.006 -14"><span class='ocrx_word' id='word_1_152' title='bbox 216 782 326 809; x_wconf 77' lang='grc' dir='ltr'><strong>ἐποίουν</strong></span> <span class='ocrx_word' id='word_1_153' title='bbox 339 791 347 798; x_wconf 90' lang='grc'>·</span> <span class='ocrx_word' id='word_1_154' title='bbox 367 783 382 809; x_wconf 83' lang='grc' dir='ltr'><strong>δ</strong></span> <span class='ocrx_word' id='word_1_155' title='bbox 399 784 449 818; x_wconf 76' lang='grc' dir='ltr'>μὲν</span> <span class='ocrx_word' id='word_1_156' title='bbox 464 784 578 821; x_wconf 82' lang='grc' dir='ltr'>σκηνὴν,</span> <span class='ocrx_word' id='word_1_157' title='bbox 603 785 628 811; x_wconf 82' lang='grc' dir='ltr'>οἱ</span> <span class='ocrx_word' id='word_1_158' title='bbox 646 785 675 812; x_wconf 81' lang='grc' dir='ltr'>δὲ</span> <span class='ocrx_word' id='word_1_159' title='bbox 692 785 770 816; x_wconf 87' lang='grc' dir='ltr'>νεώς.</span> <span class='ocrx_word' id='word_1_160' title='bbox 792 785 850 812; x_wconf 84' lang='grc' dir='ltr'><strong>Νῦν</strong></span> <span class='ocrx_word' id='word_1_161' title='bbox 872 785 901 812; x_wconf 80' lang='grc' dir='ltr'>δὲ</span> <span class='ocrx_word' id='word_1_162' title='bbox 924 786 1004 818; x_wconf 80' lang='grc' dir='ltr'>αὐτὸς</span> 
     </span>
    </p>
   </div>
   <div class='ocr_carea' id='block_1_21' title="bbox 217 826 1004 866">
    <p class='ocr_par' dir='ltr' id='par_1_21' title="bbox 217 826 1004 866">
     <span class='ocr_line' id='line_1_21' title="bbox 217 826 1004 866; baseline 0.005 -13"><span class='ocrx_word' id='word_1_163' title='bbox 217 826 275 861; x_wconf 75' lang='grc' dir='ltr'><strong>ἐγὼ</strong></span> <span class='ocrx_word' id='word_1_164' title='bbox 285 828 299 854; x_wconf 84' lang='grc' dir='ltr'>ό</span> <span class='ocrx_word' id='word_1_165' title='bbox 312 828 366 855; x_wconf 86' lang='grc' dir='ltr'><strong>τῶν</strong></span> <span class='ocrx_word' id='word_1_166' title='bbox 380 829 448 856; x_wconf 85' lang='grc' dir='ltr'>ὃλων</span> <span class='ocrx_word' id='word_1_167' title='bbox 463 830 574 866; x_wconf 84' lang='grc' dir='ltr'>Κύριος,</span> <span class='ocrx_word' id='word_1_168' title='bbox 589 831 622 858; x_wconf 87' lang='grc' dir='ltr'><strong>δι’</strong></span> <span class='ocrx_word' id='word_1_169' title='bbox 635 831 755 866; x_wconf 80' lang='grc' dir='ltr'><strong>ἐμαυτοῦ</strong></span> <span class='ocrx_word' id='word_1_170' title='bbox 773 840 802 858; x_wconf 89' lang='grc' dir='ltr'><strong>σε</strong></span> <span class='ocrx_word' id='word_1_171' title='bbox 817 832 940 859; x_wconf 71' lang='grc' dir='ltr'>ἐκτισα·</span> <span class='ocrx_word' id='word_1_172' title='bbox 958 832 1004 858; x_wconf 76' lang='grc' dir='ltr'><strong>ἐπὶ</strong></span> 
     </span>
    </p>
   </div>
   <div class='ocr_carea' id='block_1_22' title="bbox 216 873 1004 913">
    <p class='ocr_par' dir='ltr' id='par_1_22' title="bbox 216 873 1004 913">
     <span class='ocr_line' id='line_1_22' title="bbox 216 873 1004 913; baseline 0.006 -14"><span class='ocrx_word' id='word_1_173' title='bbox 216 873 267 909; x_wconf 84' lang='grc' dir='ltr'>τὴν</span> <span class='ocrx_word' id='word_1_174' title='bbox 285 874 389 909; x_wconf 82' lang='grc' dir='ltr'>πέτραν</span> <span class='ocrx_word' id='word_1_175' title='bbox 403 875 584 912; x_wconf 76' lang='grc' dir='ltr'>οἰκοδομήσας</span> <span class='ocrx_word' id='word_1_176' title='bbox 602 886 653 913; x_wconf 88' lang='grc' dir='ltr'><strong>μου</strong></span> <span class='ocrx_word' id='word_1_177' title='bbox 667 877 715 913; x_wconf 86' lang='grc' dir='ltr'>τὴν</span> <span class='ocrx_word' id='word_1_178' title='bbox 734 877 910 912; x_wconf 79' lang='grc' dir='ltr'><strong>Ἐκκλησίαν.</strong></span> <span class='ocrx_word' id='word_1_179' title='bbox 936 877 1004 904; x_wconf 81' lang='grc' dir='ltr'><strong>’Έκ-</strong></span> 
     </span>
    </p>
   </div>
   <div class='ocr_carea' id='block_1_23' title="bbox 216 920 1004 959">
    <p class='ocr_par' dir='ltr' id='par_1_23' title="bbox 216 920 1004 959">
     <span class='ocr_line' id='line_1_23' title="bbox 216 920 1004 959; baseline 0.004 -13"><span class='ocrx_word' id='word_1_180' title='bbox 216 926 287 947; x_wconf 78' lang='grc' dir='ltr'>τισα</span> <span class='ocrx_word' id='word_1_181' title='bbox 299 920 328 947; x_wconf 82' lang='grc' dir='ltr'><em>δέ</em></span> <span class='ocrx_word' id='word_1_182' title='bbox 346 927 384 948; x_wconf 76' lang='grc' dir='ltr'>σε</span> <span class='ocrx_word' id='word_1_183' title='bbox 407 922 438 948; x_wconf 84' lang='grc' dir='ltr'>οὐ</span> <span class='ocrx_word' id='word_1_184' title='bbox 463 922 546 957; x_wconf 77' lang='grc' dir='ltr'>τέχνῃ</span> <span class='ocrx_word' id='word_1_185' title='bbox 559 924 613 950; x_wconf 74' lang='grc' dir='ltr'>τινὶ</span> <span class='ocrx_word' id='word_1_186' title='bbox 626 923 794 959; x_wconf 79' lang='grc' dir='ltr'>ἀνθρωπίνῃ,</span> <span class='ocrx_word' id='word_1_187' title='bbox 823 923 901 959; x_wconf 87' lang='grc' dir='ltr'>θεῖκῇ</span> <span class='ocrx_word' id='word_1_188' title='bbox 917 923 945 950; x_wconf 79' lang='grc' dir='ltr'>δὲ</span> <span class='ocrx_word' id='word_1_189' title='bbox 957 924 1004 950; x_wconf 78' lang='grc' dir='ltr'>καὶ</span> 
     </span>
    </p>
   </div>
   <div class='ocr_carea' id='block_1_24' title="bbox 216 965 1004 1004">
    <p class='ocr_par' dir='ltr' id='par_1_24' title="bbox 216 965 1004 1004">
     <span class='ocr_line' id='line_1_24' title="bbox 216 965 1004 1004; baseline 0.004 -12"><span class='ocrx_word' id='word_1_190' title='bbox 216 965 330 1001; x_wconf 81' lang='grc' dir='ltr'>ἀρῤήτῳ</span> <span class='ocrx_word' id='word_1_191' title='bbox 345 967 447 1002; x_wconf 84' lang='grc' dir='ltr'>χάριτι.</span> <span class='ocrx_word' id='word_1_192' title='bbox 461 969 499 994; x_wconf 82' lang='grc' dir='ltr'><strong>Οὐ</strong></span> <span class='ocrx_word' id='word_1_193' title='bbox 513 969 568 1004; x_wconf 86' lang='grc' dir='ltr'>γὰρ</span> <span class='ocrx_word' id='word_1_194' title='bbox 581 969 619 1000; x_wconf 85' lang='grc' dir='ltr'>ὡς</span> <span class='ocrx_word' id='word_1_195' title='bbox 633 969 766 1003; x_wconf 77' lang='grc' dir='ltr'>χαλκεὺς</span> <span class='ocrx_word' id='word_1_196' title='bbox 777 969 810 996; x_wconf 86' lang='grc' dir='ltr'>δι’</span> <span class='ocrx_word' id='word_1_197' title='bbox 826 969 942 1004; x_wconf 80' lang='grc' dir='ltr'><strong>ὀργάνου</strong></span> <span class='ocrx_word' id='word_1_198' title='bbox 957 969 1004 995; x_wconf 84' lang='grc' dir='ltr'>καὶ</span> 
     </span>
    </p>
   </div>
   <div class='ocr_carea' id='block_1_25' title="bbox 216 1009 1039 1050">
    <p class='ocr_par' dir='ltr' id='par_1_25' title="bbox 216 1009 1039 1050">
     <span class='ocr_line' id='line_1_25' title="bbox 216 1009 1039 1050; baseline 0.005 -13"><span class='ocrx_word' id='word_1_199' title='bbox 216 1011 313 1046; x_wconf 83' lang='grc' dir='ltr'>πυρός.</span> <span class='ocrx_word' id='word_1_200' title='bbox 329 1011 460 1040; x_wconf 78' lang='grc' dir='ltr'><strong>Τοιαῦται</strong></span> <span class='ocrx_word' id='word_1_201' title='bbox 478 1013 533 1049; x_wconf 83' lang='grc' dir='ltr'><strong>γὰρ</strong></span> <span class='ocrx_word' id='word_1_202' title='bbox 549 1014 606 1040; x_wconf 86' lang='grc' dir='ltr'><strong>τῶν</strong></span> <span class='ocrx_word' id='word_1_203' title='bbox 622 1014 775 1049; x_wconf 83' lang='grc' dir='ltr'>ἀνθρώπων</span> <span class='ocrx_word' id='word_1_204' title='bbox 792 1015 820 1041; x_wconf 83' lang='grc' dir='ltr'>αἱ</span> <span class='ocrx_word' id='word_1_205' title='bbox 834 1014 937 1050; x_wconf 82' lang='grc' dir='ltr'>τέχναι.</span> <span class='ocrx_word' id='word_1_206' title='bbox 957 1015 1002 1041; x_wconf 81' lang='grc' dir='ltr'>Διὺ</span> <span class='ocrx_word' id='word_1_207' title='bbox 1017 1009 1039 1036; x_wconf 79' lang='grc' dir='ltr'>Β</span> 
     </span>
    </p>
   </div>
   <div class='ocr_carea' id='block_1_26' title="bbox 215 1057 1002 1096">
    <p class='ocr_par' dir='ltr' id='par_1_26' title="bbox 215 1057 1002 1096">
     <span class='ocr_line' id='line_1_26' title="bbox 215 1057 1002 1096; baseline 0.006 -13"><span class='ocrx_word' id='word_1_208' title='bbox 215 1057 262 1083; x_wconf 82' lang='grc' dir='ltr'>καὶ</span> <span class='ocrx_word' id='word_1_209' title='bbox 274 1058 314 1089; x_wconf 78' lang='grc' dir='ltr'><strong>είς</strong></span> <span class='ocrx_word' id='word_1_210' title='bbox 329 1057 433 1094; x_wconf 81' lang='grc' dir='ltr'>φθορὰν</span> <span class='ocrx_word' id='word_1_211' title='bbox 444 1061 530 1094; x_wconf 84' lang='grc' dir='ltr'><strong>χωρεῖ</strong></span> <span class='ocrx_word' id='word_1_212' title='bbox 547 1059 580 1087; x_wconf 80' lang='grc' dir='ltr'><strong>τὰ</strong></span> <span class='ocrx_word' id='word_1_213' title='bbox 594 1061 734 1096; x_wconf 87' lang='grc' dir='ltr'>γινόμενα.</span> <span class='ocrx_word' id='word_1_214' title='bbox 751 1060 858 1096; x_wconf 83' lang='grc' dir='ltr'>Τούμὺν</span> <span class='ocrx_word' id='word_1_215' title='bbox 883 1061 910 1088; x_wconf 81' lang='grc' dir='ltr'>δὲ</span> <span class='ocrx_word' id='word_1_216' title='bbox 926 1062 1002 1091; x_wconf 80' lang='grc' dir='ltr'>ἀδιά-</span> 
     </span>
    </p>
   </div>
   <div class='ocr_carea' id='block_1_27' title="bbox 215 1101 1001 1140">
    <p class='ocr_par' dir='ltr' id='par_1_27' title="bbox 215 1101 1001 1140">
     <span class='ocr_line' id='line_1_27' title="bbox 215 1101 1001 1140; baseline 0.008 -12"><span class='ocrx_word' id='word_1_217' title='bbox 215 1101 315 1138; x_wconf 85' lang='grc' dir='ltr'>φθορον</span> <span class='ocrx_word' id='word_1_218' title='bbox 330 1102 420 1139; x_wconf 75' lang='grc' dir='ltr'>ἔργον.</span> <span class='ocrx_word' id='word_1_219' title='bbox 433 1105 511 1137; x_wconf 73' lang='grc' dir='ltr'>Τινὲς</span> <span class='ocrx_word' id='word_1_220' title='bbox 522 1105 590 1133; x_wconf 80' lang='grc' dir='ltr'>δὲτὸ</span> <span class='ocrx_word' id='word_1_221' title='bbox 604 1105 720 1139; x_wconf 59' lang='lat' dir='ltr'><strong>barum,</strong></span> <span class='ocrx_word' id='word_1_222' title='bbox 733 1106 778 1134; x_wconf 77' lang='grc' dir='ltr'><strong>ἐπὶ</strong></span> <span class='ocrx_word' id='word_1_223' title='bbox 789 1106 835 1133; x_wconf 81' lang='grc' dir='ltr'><strong>τοῦ</strong></span> <span class='ocrx_word' id='word_1_224' title='bbox 845 1106 1001 1140; x_wconf 62' lang='lat' dir='ltr'><strong>arsit-mra,</strong></span> 
     </span>
    </p>
   </div>
   <div class='ocr_carea' id='block_1_28' title="bbox 215 1149 1004 1188">
    <p class='ocr_par' dir='ltr' id='par_1_28' title="bbox 215 1149 1004 1188">
     <span class='ocr_line' id='line_1_28' title="bbox 215 1149 1004 1188; baseline 0.009 -14"><span class='ocrx_word' id='word_1_225' title='bbox 215 1149 423 1185; x_wconf 80' lang='grc' dir='ltr'>παρειλήφασιν.</span> <span class='ocrx_word' id='word_1_226' title='bbox 436 1151 518 1187; x_wconf 80' lang='grc' dir='ltr'>Δηλοϊ</span> <span class='ocrx_word' id='word_1_227' title='bbox 529 1151 557 1178; x_wconf 80' lang='grc' dir='ltr'>δὲ</span> <span class='ocrx_word' id='word_1_228' title='bbox 569 1152 614 1179; x_wconf 82' lang='grc' dir='ltr'><strong>τὸν</strong></span> <span class='ocrx_word' id='word_1_229' title='bbox 625 1153 659 1180; x_wconf 81' lang='grc' dir='ltr'>δι’</span> <span class='ocrx_word' id='word_1_230' title='bbox 673 1152 752 1187; x_wconf 84' lang='grc' dir='ltr'>ἁγίου</span> <span class='ocrx_word' id='word_1_231' title='bbox 765 1152 924 1188; x_wconf 84' lang='grc' dir='ltr'>Πνεύματος</span> <span class='ocrx_word' id='word_1_232' title='bbox 939 1154 1004 1181; x_wconf 80' lang='grc' dir='ltr'>ἁνα-</span> 
     </span>
    </p>
   </div>
   <div class='ocr_carea' id='block_1_29' title="bbox 216 1194 1002 1233">
    <p class='ocr_par' dir='ltr' id='par_1_29' title="bbox 216 1194 1002 1233">
     <span class='ocr_line' id='line_1_29' title="bbox 216 1194 1002 1233; baseline 0.008 -13"><span class='ocrx_word' id='word_1_233' title='bbox 216 1195 370 1230; x_wconf 75' lang='grc' dir='ltr'>καινισμὺν,</span> <span class='ocrx_word' id='word_1_234' title='bbox 389 1195 483 1233; x_wconf 82' lang='grc' dir='ltr'>ὥσπερ</span> <span class='ocrx_word' id='word_1_235' title='bbox 508 1194 555 1224; x_wconf 81' lang='grc' dir='ltr'>οὖν</span> <span class='ocrx_word' id='word_1_236' title='bbox 582 1198 630 1225; x_wconf 81' lang='grc' dir='ltr'>καὶ</span> <span class='ocrx_word' id='word_1_237' title='bbox 649 1198 713 1231; x_wconf 82' lang='grc' dir='ltr'>τοὺς</span> <span class='ocrx_word' id='word_1_238' title='bbox 726 1198 774 1225; x_wconf 82' lang='grc' dir='ltr'><strong>δύο</strong></span> <span class='ocrx_word' id='word_1_239' title='bbox 792 1198 874 1230; x_wconf 81' lang='grc' dir='ltr'>λαοὺς</span> <span class='ocrx_word' id='word_1_240' title='bbox 899 1199 939 1231; x_wconf 82' lang='grc' dir='ltr'><strong>είς</strong></span> <span class='ocrx_word' id='word_1_241' title='bbox 953 1199 1002 1226; x_wconf 74' lang='grc' dir='ltr'>ἕνα</span> 
     </span>
    </p>
   </div>
   <div class='ocr_carea' id='block_1_30' title="bbox 214 1241 1003 1280">
    <p class='ocr_par' dir='ltr' id='par_1_30' title="bbox 214 1241 1003 1280">
     <span class='ocr_line' id='line_1_30' title="bbox 214 1241 1003 1280; baseline 0.004 -11"><span class='ocrx_word' id='word_1_242' title='bbox 214 1241 316 1269; x_wconf 79' lang='grc' dir='ltr'>κτίσαι</span> <span class='ocrx_word' id='word_1_243' title='bbox 334 1241 444 1276; x_wconf 80' lang='grc' dir='ltr'>λέγεται</span> <span class='ocrx_word' id='word_1_244' title='bbox 469 1243 561 1270; x_wconf 82' lang='grc' dir='ltr'>καινὸν</span> <span class='ocrx_word' id='word_1_245' title='bbox 580 1243 738 1280; x_wconf 76' lang='grc' dir='ltr'>ἄνθρωπον,</span> <span class='ocrx_word' id='word_1_246' title='bbox 758 1245 828 1272; x_wconf 80' lang='grc' dir='ltr'>κατὰ</span> <span class='ocrx_word' id='word_1_247' title='bbox 841 1244 882 1278; x_wconf 81' lang='grc' dir='ltr'><strong>τὸ,</strong></span> <span class='ocrx_word' id='word_1_248' title='bbox 902 1244 1003 1272; x_wconf 69' lang='grc' dir='ltr'>(Ἀλλὰ</span> 
     </span>
    </p>
   </div>
   <div class='ocr_carea' id='block_1_31' title="bbox 216 1286 1004 1325">
    <p class='ocr_par' dir='ltr' id='par_1_31' title="bbox 216 1286 1004 1325">
     <span class='ocr_line' id='line_1_31' title="bbox 216 1286 1004 1325; baseline 0.006 -13"><span class='ocrx_word' id='word_1_249' title='bbox 216 1286 443 1322; x_wconf 80' lang='grc' dir='ltr'>μεταμορφοῦσθε</span> <span class='ocrx_word' id='word_1_250' title='bbox 454 1289 486 1324; x_wconf 84' lang='grc' dir='ltr'>τῇ</span> <span class='ocrx_word' id='word_1_251' title='bbox 501 1288 681 1317; x_wconf 79' lang='grc' dir='ltr'>ἀνακαινώσει</span> <span class='ocrx_word' id='word_1_252' title='bbox 693 1289 741 1316; x_wconf 78' lang='grc' dir='ltr'><strong>τοῦ</strong></span> <span class='ocrx_word' id='word_1_253' title='bbox 753 1289 811 1321; x_wconf 69' lang='grc' dir='ltr'>νοὸς</span> <span class='ocrx_word' id='word_1_254' title='bbox 822 1290 924 1325; x_wconf 73' lang='grc' dir='ltr'>ὑμῶν.)</span> <span class='ocrx_word' id='word_1_255' title='bbox 941 1290 1004 1322; x_wconf 79' lang='grc' dir='ltr'>Τοῖς</span> 
     </span>
    </p>
   </div>
   <div class='ocr_carea' id='block_1_32' title="bbox 213 1330 1003 1372">
    <p class='ocr_par' dir='ltr' id='par_1_32' title="bbox 213 1330 1003 1372">
     <span class='ocr_line' id='line_1_32' title="bbox 213 1330 1003 1372; baseline 0.005 -14"><span class='ocrx_word' id='word_1_256' title='bbox 213 1330 243 1358; x_wconf 78' lang='grc' dir='ltr'>δὲ</span> <span class='ocrx_word' id='word_1_257' title='bbox 260 1331 392 1364; x_wconf 81' lang='grc' dir='ltr'>τοιούτοις</span> <span class='ocrx_word' id='word_1_258' title='bbox 415 1333 511 1368; x_wconf 81' lang='grc' dir='ltr'>ὅτιπερ</span> <span class='ocrx_word' id='word_1_259' title='bbox 533 1334 678 1361; x_wconf 79' lang='grc' dir='ltr'>ἀκολουθεῖ</span> <span class='ocrx_word' id='word_1_260' title='bbox 703 1335 824 1372; x_wconf 83' lang='grc' dir='ltr'>ἀνδρεία,</span> <span class='ocrx_word' id='word_1_261' title='bbox 849 1335 957 1368; x_wconf 81' lang='grc' dir='ltr'>σύνεσις</span> <span class='ocrx_word' id='word_1_262' title='bbox 973 1344 1003 1362; x_wconf 85' lang='grc' dir='ltr'><strong>τε</strong></span> 
     </span>
    </p>
   </div>
   <div class='ocr_carea' id='block_1_33' title="bbox 215 1378 1003 1416">
    <p class='ocr_par' dir='ltr' id='par_1_33' title="bbox 215 1378 1003 1416">
     <span class='ocr_line' id='line_1_33' title="bbox 215 1378 1003 1416; baseline 0.005 -12"><span class='ocrx_word' id='word_1_263' title='bbox 215 1378 386 1414; x_wconf 85' lang='grc' dir='ltr'>πνευματικὴ</span> <span class='ocrx_word' id='word_1_264' title='bbox 400 1378 485 1414; x_wconf 87' lang='grc' dir='ltr'>δηλοῖ,</span> <span class='ocrx_word' id='word_1_265' title='bbox 499 1379 586 1414; x_wconf 84' lang='grc' dir='ltr'>λέγων</span> <span class='ocrx_word' id='word_1_266' title='bbox 594 1389 600 1396; x_wconf 90' lang='grc'>·</span> <span class='ocrx_word' id='word_1_267' title='bbox 611 1380 678 1409; x_wconf 86' lang='grc' dir='ltr'><em>Πᾶν</em></span> <span class='ocrx_word' id='word_1_268' title='bbox 688 1381 798 1415; x_wconf 81' lang='grc' dir='ltr'>σκεῦος</span> <span class='ocrx_word' id='word_1_269' title='bbox 810 1381 944 1416; x_wconf 78' lang='grc' dir='ltr'>φθαρτὸν</span> <span class='ocrx_word' id='word_1_270' title='bbox 953 1381 1003 1409; x_wconf 79' lang='grc' dir='ltr'><strong>ἐπὶ</strong></span> 
     </span>
    </p>
   </div>
   <div class='ocr_carea' id='block_1_34' title="bbox 214 1423 1000 1464">
    <p class='ocr_par' dir='ltr' id='par_1_34' title="bbox 214 1423 1000 1464">
     <span class='ocr_line' id='line_1_34' title="bbox 214 1423 1000 1464; baseline 0.008 -14"><span class='ocrx_word' id='word_1_271' title='bbox 214 1423 253 1451; x_wconf 77' lang='grc' dir='ltr'>σὲ</span> <span class='ocrx_word' id='word_1_272' title='bbox 267 1425 324 1451; x_wconf 81' lang='grc' dir='ltr'>οὐκ</span> <span class='ocrx_word' id='word_1_273' title='bbox 342 1425 482 1452; x_wconf 78' lang='grc' dir='ltr'>εὐοὸώσω</span> <span class='ocrx_word' id='word_1_274' title='bbox 494 1445 501 1458; x_wconf 92' lang='grc'><strong>,</strong></span> <span class='ocrx_word' id='word_1_275' title='bbox 525 1426 576 1454; x_wconf 79' lang='grc' dir='ltr'>καὶ</span> <span class='ocrx_word' id='word_1_276' title='bbox 593 1426 677 1455; x_wconf 85' lang='grc' dir='ltr'>πᾶσα</span> <span class='ocrx_word' id='word_1_277' title='bbox 693 1427 790 1462; x_wconf 73' lang='grc' dir='ltr'>φωνὴ,</span> <span class='ocrx_word' id='word_1_278' title='bbox 805 1428 853 1455; x_wconf 75' lang='grc' dir='ltr'>καὶ</span> <span class='ocrx_word' id='word_1_279' title='bbox 876 1428 911 1455; x_wconf 83' lang='grc' dir='ltr'><strong>τὰ</strong></span> <span class='ocrx_word' id='word_1_280' title='bbox 925 1428 1000 1464; x_wconf 75' lang='grc' dir='ltr'>ἑξῆς·</span> 
     </span>
    </p>
   </div>
   <div class='ocr_carea' id='block_1_35' title="bbox 214 1470 1003 1510">
    <p class='ocr_par' dir='ltr' id='par_1_35' title="bbox 214 1470 1003 1510">
     <span class='ocr_line' id='line_1_35' title="bbox 214 1470 1003 1510; baseline 0.008 -14"><span class='ocrx_word' id='word_1_281' title='bbox 214 1470 310 1504; x_wconf 79' lang='grc' dir='ltr'>σκεύη</span> <span class='ocrx_word' id='word_1_282' title='bbox 328 1471 414 1505; x_wconf 79' lang='grc' dir='ltr'>λέγων</span> <span class='ocrx_word' id='word_1_283' title='bbox 427 1473 553 1506; x_wconf 74' lang='grc' dir='ltr'>φθαρτὰ,</span> <span class='ocrx_word' id='word_1_284' title='bbox 568 1475 618 1509; x_wconf 79' lang='grc' dir='ltr'><strong>τῆς</strong></span> <span class='ocrx_word' id='word_1_285' title='bbox 631 1473 679 1501; x_wconf 83' lang='grc' dir='ltr'>τοῦ</span> <span class='ocrx_word' id='word_1_286' title='bbox 693 1474 816 1501; x_wconf 78' lang='grc' dir='ltr'>διαϐόλου</span> <span class='ocrx_word' id='word_1_287' title='bbox 838 1474 1003 1510; x_wconf 81' lang='grc' dir='ltr'>δυστροπίας</span> 
     </span>
    </p>
   </div>
   <div class='ocr_carea' id='block_1_36' title="bbox 213 1516 1003 1554">
    <p class='ocr_par' dir='ltr' id='par_1_36' title="bbox 213 1516 1003 1554">
     <span class='ocr_line' id='line_1_36' title="bbox 213 1516 1003 1554; baseline 0.009 -13"><span class='ocrx_word' id='word_1_288' title='bbox 213 1516 277 1548; x_wconf 82' lang='grc' dir='ltr'>τοὺς</span> <span class='ocrx_word' id='word_1_289' title='bbox 288 1516 452 1552; x_wconf 80' lang='grc' dir='ltr'>ὑπουργοὺς.</span> <span class='ocrx_word' id='word_1_290' title='bbox 470 1518 494 1545; x_wconf 76' lang='grc' dir='ltr'>οἳ</span> <span class='ocrx_word' id='word_1_291' title='bbox 510 1519 558 1545; x_wconf 73' lang='grc' dir='ltr'>καὶ</span> <span class='ocrx_word' id='word_1_292' title='bbox 575 1519 689 1554; x_wconf 73' lang='grc' dir='ltr'>φθορᾶς</span> <span class='ocrx_word' id='word_1_293' title='bbox 709 1520 760 1547; x_wconf 79' lang='grc' dir='ltr'><strong>και</strong></span> <span class='ocrx_word' id='word_1_294' title='bbox 773 1521 926 1554; x_wconf 71' lang='grc' dir='ltr'>ἀπωλείας</span> <span class='ocrx_word' id='word_1_295' title='bbox 949 1520 1003 1548; x_wconf 71' lang='grc' dir='ltr'>εἰσὶ</span> 
     </span>
    </p>
   </div>
   <div class='ocr_carea' id='block_1_37' title="bbox 213 1561 1002 1601">
    <p class='ocr_par' dir='ltr' id='par_1_37' title="bbox 213 1561 1002 1601">
     <span class='ocr_line' id='line_1_37' title="bbox 213 1561 1002 1601; baseline 0.008 -13"><span class='ocrx_word' id='word_1_296' title='bbox 213 1561 307 1596; x_wconf 80' lang='grc' dir='ltr'>τέκνα,</span> <span class='ocrx_word' id='word_1_297' title='bbox 322 1561 392 1598; x_wconf 76' lang='grc' dir='ltr'>[καὶ]</span> <span class='ocrx_word' id='word_1_298' title='bbox 409 1564 466 1596; x_wconf 85' lang='grc' dir='ltr'>τοῖς</span> <span class='ocrx_word' id='word_1_299' title='bbox 482 1564 572 1598; x_wconf 81' lang='grc' dir='ltr'>ἁγίοις</span> <span class='ocrx_word' id='word_1_300' title='bbox 592 1564 647 1591; x_wconf 77' lang='grc' dir='ltr'>ἐσθ’</span> <span class='ocrx_word' id='word_1_301' title='bbox 661 1565 705 1592; x_wconf 82' lang='grc' dir='ltr'>ὅτε</span> <span class='ocrx_word' id='word_1_302' title='bbox 727 1566 864 1601; x_wconf 84' lang='grc' dir='ltr'>διωγμοὺς</span> <span class='ocrx_word' id='word_1_303' title='bbox 881 1567 928 1593; x_wconf 83' lang='grc' dir='ltr'>καὶ</span> <span class='ocrx_word' id='word_1_304' title='bbox 945 1566 1002 1594; x_wconf 87' lang='grc' dir='ltr'>θλί-</span> 
     </span>
    </p>
   </div>
   <div class='ocr_carea' id='block_1_38' title="bbox 213 1607 1003 1648">
    <p class='ocr_par' dir='ltr' id='par_1_38' title="bbox 213 1607 1003 1648">
     <span class='ocr_line' id='line_1_38' title="bbox 213 1607 1003 1648; baseline 0.008 -14"><span class='ocrx_word' id='word_1_305' title='bbox 213 1607 274 1642; x_wconf 82' lang='grc' dir='ltr'>ψεις</span> <span class='ocrx_word' id='word_1_306' title='bbox 287 1609 448 1644; x_wconf 78' lang='grc' dir='ltr'>ἐπάγουσιν.</span> <span class='ocrx_word' id='word_1_307' title='bbox 470 1610 540 1638; x_wconf 83' lang='grc' dir='ltr'>Ἀλλ’</span> <span class='ocrx_word' id='word_1_308' title='bbox 553 1611 584 1638; x_wconf 86' lang='grc' dir='ltr'>οὐ</span> <span class='ocrx_word' id='word_1_309' title='bbox 595 1611 736 1645; x_wconf 77' lang='grc' dir='ltr'>τεύξονται</span> <span class='ocrx_word' id='word_1_310' title='bbox 746 1612 850 1648; x_wconf 71' lang='grc' dir='ltr'>θήραςο</span> <span class='ocrx_word' id='word_1_311' title='bbox 867 1613 915 1640; x_wconf 84' lang='grc' dir='ltr'>καὶ</span> <span class='ocrx_word' id='word_1_312' title='bbox 929 1613 1003 1640; x_wconf 83' lang='grc' dir='ltr'>πᾶσα</span> 
     </span>
    </p>
   </div>
   <div class='ocr_carea' id='block_1_39' title="bbox 213 1655 1034 1708">
    <p class='ocr_par' dir='ltr' id='par_1_39' title="bbox 213 1655 1034 1708">
     <span class='ocr_line' id='line_1_39' title="bbox 213 1655 1034 1708; baseline 0.007 -26"><span class='ocrx_word' id='word_1_313' title='bbox 213 1655 242 1708; x_wconf 56' lang='grc' dir='ltr'><strong>δε</strong></span> <span class='ocrx_word' id='word_1_314' title='bbox 256 1655 388 1708; x_wconf 55' lang='grc' dir='ltr'>θεομαχος</span> <span class='ocrx_word' id='word_1_315' title='bbox 408 1657 528 1693; x_wconf 86' lang='grc' dir='ltr'>γλῶττα,</span> <span class='ocrx_word' id='word_1_316' title='bbox 551 1659 645 1694; x_wconf 69' lang='grc' dir='ltr'>φησιν,</span> <span class='ocrx_word' id='word_1_317' title='bbox 667 1659 719 1686; x_wconf 73' lang='grc' dir='ltr'><strong>ὑπὸ</strong></span> <span class='ocrx_word' id='word_1_318' title='bbox 740 1660 786 1687; x_wconf 83' lang='grc' dir='ltr'>σοῦ</span> <span class='ocrx_word' id='word_1_319' title='bbox 811 1661 1000 1698; x_wconf 82' lang='grc' dir='ltr'><strong>νικηθήσεται.</strong></span> <span class='ocrx_word' id='word_1_320' title='bbox 1013 1680 1034 1708; x_wconf 76' lang='lat' dir='ltr'><strong><em>C</em></strong></span> 
     </span>
    </p>
   </div>
   <div class='ocr_carea' id='block_1_40' title="bbox 215 1702 1001 1742">
    <p class='ocr_par' dir='ltr' id='par_1_40' title="bbox 215 1702 1001 1742">
     <span class='ocr_line' id='line_1_40' title="bbox 215 1702 1001 1742; baseline 0.006 -13"><span class='ocrx_word' id='word_1_321' title='bbox 215 1702 294 1730; x_wconf 78' lang='grc' dir='ltr'>Κατὰ</span> <span class='ocrx_word' id='word_1_322' title='bbox 305 1703 360 1739; x_wconf 87' lang='grc' dir='ltr'><strong>γὰρ</strong></span> <span class='ocrx_word' id='word_1_323' title='bbox 378 1704 424 1731; x_wconf 75' lang='grc' dir='ltr'>τὸν</span> <span class='ocrx_word' id='word_1_324' title='bbox 438 1704 519 1732; x_wconf 78' lang='grc' dir='ltr'>Δαόίδ</span> <span class='ocrx_word' id='word_1_325' title='bbox 530 1713 538 1721; x_wconf 76' lang='grc'><strong><em>⁸</em></strong></span> <span class='ocrx_word' id='word_1_326' title='bbox 557 1713 566 1730; x_wconf 84' lang='grc' dir='ltr'><strong>ι</strong></span> <span class='ocrx_word' id='word_1_327' title='bbox 591 1705 636 1732; x_wconf 82' lang='grc' dir='ltr'><strong>Ἐν</strong></span> <span class='ocrx_word' id='word_1_328' title='bbox 649 1705 689 1742; x_wconf 83' lang='grc' dir='ltr'>τῷ</span> <span class='ocrx_word' id='word_1_329' title='bbox 703 1705 763 1742; x_wconf 89' lang='grc' dir='ltr'><strong>Θεῷ</strong></span> <span class='ocrx_word' id='word_1_330' title='bbox 781 1707 938 1742; x_wconf 84' lang='grc' dir='ltr'>ποιήσωμεν</span> <span class='ocrx_word' id='word_1_331' title='bbox 956 1707 1001 1735; x_wconf 90' lang='grc' dir='ltr'>δύ-</span> 
     </span>
    </p>
   </div>
   <div class='ocr_carea' id='block_1_41' title="bbox 214 1749 998 1788">
    <p class='ocr_par' dir='ltr' id='par_1_41' title="bbox 214 1749 998 1788">
     <span class='ocr_line' id='line_1_41' title="bbox 214 1749 998 1788; baseline 0.006 -13"><span class='ocrx_word' id='word_1_332' title='bbox 214 1756 306 1784; x_wconf 85' lang='grc' dir='ltr'>ναμιν,</span> <span class='ocrx_word' id='word_1_333' title='bbox 320 1749 367 1776; x_wconf 79' lang='grc' dir='ltr'>καὶ</span> <span class='ocrx_word' id='word_1_334' title='bbox 381 1750 462 1782; x_wconf 81' lang='grc' dir='ltr'>αὐτὸς</span> <span class='ocrx_word' id='word_1_335' title='bbox 471 1749 643 1784; x_wconf 73' lang='grc' dir='ltr'>ἐξουδενώσει</span> <span class='ocrx_word' id='word_1_336' title='bbox 653 1752 717 1783; x_wconf 87' lang='grc' dir='ltr'>τοὺς</span> <span class='ocrx_word' id='word_1_337' title='bbox 740 1751 880 1783; x_wconf 76' lang='grc' dir='ltr'>θλίϐοντας</span> <span class='ocrx_word' id='word_1_338' title='bbox 893 1753 976 1788; x_wconf 81' lang='grc' dir='ltr'>ἡμᾶς.</span> <span class='ocrx_word' id='word_1_339' title='bbox 988 1762 998 1780; x_wconf 73' lang='grc' dir='ltr'><strong>ι</strong></span> 
     </span>
    </p>
   </div>
   <div class='ocr_carea' id='block_1_42' title="bbox 1089 374 1840 411">
    <p class='ocr_par' dir='ltr' id='par_1_42' title="bbox 1089 374 1840 411">
     <span class='ocr_line' id='line_1_42' title="bbox 1089 374 1840 411; baseline 0.001 -10"><span class='ocrx_word' id='word_1_340' title='bbox 1089 374 1175 402; x_wconf 85' lang='lat' dir='ltr'><strong>Aiunt</strong></span> <span class='ocrx_word' id='word_1_341' title='bbox 1190 375 1315 403; x_wconf 86' lang='lat' dir='ltr'><strong>nonnulli</strong></span> <span class='ocrx_word' id='word_1_342' title='bbox 1333 375 1526 411; x_wconf 77' lang='lat' dir='ltr'><strong>proselytorum</strong></span> <span class='ocrx_word' id='word_1_343' title='bbox 1537 375 1650 403; x_wconf 83' lang='lat' dir='ltr'><strong>nomine</strong></span> <span class='ocrx_word' id='word_1_344' title='bbox 1673 382 1721 403; x_wconf 86' lang='lat' dir='ltr'><strong>eos</strong></span> <span class='ocrx_word' id='word_1_345' title='bbox 1734 374 1840 410; x_wconf 77' lang='lat' dir='ltr'><strong>signifi-</strong></span> 
     </span>
    </p>
   </div>
   <div class='ocr_carea' id='block_1_43' title="bbox 1054 420 1841 457">
    <p class='ocr_par' dir='ltr' id='par_1_43' title="bbox 1054 420 1841 457">
     <span class='ocr_line' id='line_1_43' title="bbox 1054 420 1841 457; baseline 0 -9"><span class='ocrx_word' id='word_1_346' title='bbox 1054 421 1122 454; x_wconf 82' lang='lat' dir='ltr'><strong>cari,</strong></span> <span class='ocrx_word' id='word_1_347' title='bbox 1140 421 1187 457; x_wconf 89' lang='lat' dir='ltr'><strong>qui</strong></span> <span class='ocrx_word' id='word_1_348' title='bbox 1204 429 1257 448; x_wconf 92' lang='lat' dir='ltr'><strong>non</strong></span> <span class='ocrx_word' id='word_1_349' title='bbox 1275 429 1339 450; x_wconf 83' lang='lat' dir='ltr'><strong>vere</strong></span> <span class='ocrx_word' id='word_1_350' title='bbox 1353 425 1382 449; x_wconf 86' lang='lat' dir='ltr'><strong>et</strong></span> <span class='ocrx_word' id='word_1_351' title='bbox 1404 421 1522 455; x_wconf 86' lang='lat' dir='ltr'><strong>sincere,</strong></span> <span class='ocrx_word' id='word_1_352' title='bbox 1545 421 1593 449; x_wconf 90' lang='lat' dir='ltr'><strong>sed</strong></span> <span class='ocrx_word' id='word_1_353' title='bbox 1619 421 1725 456; x_wconf 86' lang='lat' dir='ltr'><strong>imperii</strong></span> <span class='ocrx_word' id='word_1_354' title='bbox 1746 425 1775 449; x_wconf 93' lang='lat' dir='ltr'><strong>et</strong></span> <span class='ocrx_word' id='word_1_355' title='bbox 1798 420 1841 448; x_wconf 81' lang='lat' dir='ltr'><strong>di-</strong></span> 
     </span>
    </p>
   </div>
   <div class='ocr_carea' id='block_1_44' title="bbox 1054 467 1840 503">
    <p class='ocr_par' dir='ltr' id='par_1_44' title="bbox 1054 467 1840 503">
     <span class='ocr_line' id='line_1_44' title="bbox 1054 467 1840 503; baseline 0 -9"><span class='ocrx_word' id='word_1_356' title='bbox 1054 467 1176 503; x_wconf 82' lang='lat' dir='ltr'><strong>gnitatis,</strong></span> <span class='ocrx_word' id='word_1_357' title='bbox 1197 472 1244 495; x_wconf 88' lang='lat' dir='ltr'><strong>aut</strong></span> <span class='ocrx_word' id='word_1_358' title='bbox 1270 468 1396 496; x_wconf 83' lang='lat' dir='ltr'><strong>utilitatis</strong></span> <span class='ocrx_word' id='word_1_359' title='bbox 1410 467 1494 496; x_wconf 88' lang='lat' dir='ltr'><strong>etiam</strong></span> <span class='ocrx_word' id='word_1_360' title='bbox 1511 467 1629 502; x_wconf 85' lang='lat' dir='ltr'><strong>alicujus</strong></span> <span class='ocrx_word' id='word_1_361' title='bbox 1647 468 1735 501; x_wconf 69' lang='lat' dir='ltr'><strong>gratia</strong></span> <span class='ocrx_word' id='word_1_362' title='bbox 1760 474 1840 495; x_wconf 88' lang='lat' dir='ltr'><strong>acce-</strong></span> 
     </span>
    </p>
   </div>
   <div class='ocr_carea' id='block_1_45' title="bbox 1053 512 1839 549">
    <p class='ocr_par' dir='ltr' id='par_1_45' title="bbox 1053 512 1839 549">
     <span class='ocr_line' id='line_1_45' title="bbox 1053 512 1839 549; baseline 0 -9"><span class='ocrx_word' id='word_1_363' title='bbox 1053 513 1122 541; x_wconf 88' lang='lat' dir='ltr'><strong>dunt</strong></span> <span class='ocrx_word' id='word_1_364' title='bbox 1137 522 1144 541; x_wconf 92' lang='lat'>:</span> <span class='ocrx_word' id='word_1_365' title='bbox 1161 521 1230 549; x_wconf 89' lang='lat' dir='ltr'><strong>quos</strong></span> <span class='ocrx_word' id='word_1_366' title='bbox 1247 514 1311 541; x_wconf 86' lang='lat' dir='ltr'><strong>item</strong></span> <span class='ocrx_word' id='word_1_367' title='bbox 1322 513 1448 545; x_wconf 74' lang='lat' dir='ltr'><strong>advenas,</strong></span> <span class='ocrx_word' id='word_1_368' title='bbox 1464 520 1519 540; x_wconf 90' lang='lat' dir='ltr'><strong>non</strong></span> <span class='ocrx_word' id='word_1_369' title='bbox 1534 513 1640 540; x_wconf 82' lang='lat' dir='ltr'><strong>incolas</strong></span> <span class='ocrx_word' id='word_1_370' title='bbox 1658 512 1717 540; x_wconf 80' lang='lat' dir='ltr'><strong>fore</strong></span> <span class='ocrx_word' id='word_1_371' title='bbox 1733 512 1839 547; x_wconf 75' lang='lat' dir='ltr'><strong>signiti-</strong></span> 
     </span>
    </p>
   </div>
   <div class='ocr_carea' id='block_1_46' title="bbox 1053 558 1840 594">
    <p class='ocr_par' dir='ltr' id='par_1_46' title="bbox 1053 558 1840 594">
     <span class='ocr_line' id='line_1_46' title="bbox 1053 558 1840 594; baseline 0 -9"><span class='ocrx_word' id='word_1_372' title='bbox 1053 561 1108 586; x_wconf 88' lang='lat' dir='ltr'><strong>cat.</strong></span> <span class='ocrx_word' id='word_1_373' title='bbox 1127 559 1192 586; x_wconf 84' lang='lat' dir='ltr'><strong>Eam</strong></span> <span class='ocrx_word' id='word_1_374' title='bbox 1206 558 1292 593; x_wconf 89' lang='lat' dir='ltr'><strong>ipsam</strong></span> <span class='ocrx_word' id='word_1_375' title='bbox 1307 559 1391 593; x_wconf 85' lang='lat' dir='ltr'><strong>enim,</strong></span> <span class='ocrx_word' id='word_1_376' title='bbox 1404 559 1450 594; x_wconf 88' lang='lat' dir='ltr'><strong>qui</strong></span> <span class='ocrx_word' id='word_1_377' title='bbox 1465 562 1531 587; x_wconf 90' lang='lat' dir='ltr'><strong>sunt</strong></span> <span class='ocrx_word' id='word_1_378' title='bbox 1546 558 1694 594; x_wconf 84' lang='lat' dir='ltr'><strong>ejusmodi,</strong></span> <span class='ocrx_word' id='word_1_379' title='bbox 1709 563 1840 593; x_wconf 88' lang='lat' dir='ltr'><strong>tanquam</strong></span> 
     </span>
    </p>
   </div>
   <div class='ocr_carea' id='block_1_47' title="bbox 1053 602 1839 638">
    <p class='ocr_par' dir='ltr' id='par_1_47' title="bbox 1053 602 1839 638">
     <span class='ocr_line' id='line_1_47' title="bbox 1053 602 1839 638; baseline 0.003 -9"><span class='ocrx_word' id='word_1_380' title='bbox 1053 602 1082 630; x_wconf 93' lang='lat' dir='ltr'><strong>in</strong></span> <span class='ocrx_word' id='word_1_381' title='bbox 1115 603 1233 630; x_wconf 84' lang='lat' dir='ltr'><strong>transitu</strong></span> <span class='ocrx_word' id='word_1_382' title='bbox 1264 603 1298 630; x_wconf 89' lang='lat' dir='ltr'><strong>ad</strong></span> <span class='ocrx_word' id='word_1_383' title='bbox 1327 611 1388 631; x_wconf 91' lang='lat' dir='ltr'><strong>eam</strong></span> <span class='ocrx_word' id='word_1_384' title='bbox 1419 603 1595 632; x_wconf 83' lang='lat' dir='ltr'><strong>diversentur</strong></span> <span class='ocrx_word' id='word_1_385' title='bbox 1629 603 1839 638; x_wconf 74' lang='lat' dir='ltr'><strong>ingrediuntur.</strong></span> 
     </span>
    </p>
   </div>
   <div class='ocr_carea' id='block_1_48' title="bbox 1053 648 1840 684">
    <p class='ocr_par' dir='ltr' id='par_1_48' title="bbox 1053 648 1840 684">
     <span class='ocr_line' id='line_1_48' title="bbox 1053 648 1840 684; baseline 0.001 -8"><span class='ocrx_word' id='word_1_386' title='bbox 1053 648 1152 676; x_wconf 83' lang='lat' dir='ltr'><strong>Postea</strong></span> <span class='ocrx_word' id='word_1_387' title='bbox 1178 649 1273 683; x_wconf 85' lang='lat' dir='ltr'><strong>adjicit</strong></span> <span class='ocrx_word' id='word_1_388' title='bbox 1291 657 1298 676; x_wconf 90' lang='lat'><strong>:</strong></span> <span class='ocrx_word' id='word_1_389' title='bbox 1314 648 1382 676; x_wconf 83' lang='lat' dir='ltr'><strong>Ecce</strong></span> <span class='ocrx_word' id='word_1_390' title='bbox 1409 657 1455 684; x_wconf 77' lang='lat' dir='ltr'><strong>ego</strong></span> <span class='ocrx_word' id='word_1_391' title='bbox 1484 657 1543 677; x_wconf 81' lang='lat' dir='ltr'><strong>creo</strong></span> <span class='ocrx_word' id='word_1_392' title='bbox 1566 653 1600 683; x_wconf 81' lang='lat' dir='ltr'><strong>te,</strong></span> <span class='ocrx_word' id='word_1_393' title='bbox 1616 657 1668 676; x_wconf 88' lang='lat' dir='ltr'><strong>non</strong></span> <span class='ocrx_word' id='word_1_394' title='bbox 1683 654 1712 676; x_wconf 86' lang='lat' dir='ltr'><strong>ut</strong></span> <span class='ocrx_word' id='word_1_395' title='bbox 1726 649 1840 677; x_wconf 71' lang='lat' dir='ltr'><strong>aerarius</strong></span> 
     </span>
    </p>
   </div>
   <div class='ocr_carea' id='block_1_49' title="bbox 1053 693 1840 729">
    <p class='ocr_par' dir='ltr' id='par_1_49' title="bbox 1053 693 1840 729">
     <span class='ocr_line' id='line_1_49' title="bbox 1053 693 1840 729; baseline 0.003 -10"><span class='ocrx_word' id='word_1_396' title='bbox 1053 693 1161 728; x_wconf 75' lang='lat' dir='ltr'><strong>sufﬂans</strong></span> <span class='ocrx_word' id='word_1_397' title='bbox 1179 693 1207 720; x_wconf 81' lang='lat' dir='ltr'><strong>in</strong></span> <span class='ocrx_word' id='word_1_398' title='bbox 1229 693 1288 728; x_wconf 81' lang='lat' dir='ltr'><strong>igne</strong></span> <span class='ocrx_word' id='word_1_399' title='bbox 1301 701 1412 728; x_wconf 79' lang='lat' dir='ltr'><strong>prunas.</strong></span> <span class='ocrx_word' id='word_1_400' title='bbox 1431 693 1487 729; x_wconf 78' lang='lat' dir='ltr'><strong>Ego</strong></span> <span class='ocrx_word' id='word_1_401' title='bbox 1501 701 1516 720; x_wconf 90' lang='lat' dir='ltr'><strong>a</strong></span> <span class='ocrx_word' id='word_1_402' title='bbox 1530 700 1574 721; x_wconf 91' lang='lat' dir='ltr'><strong>me</strong></span> <span class='ocrx_word' id='word_1_403' title='bbox 1589 693 1648 727; x_wconf 87' lang='lat' dir='ltr'><strong>tibi,</strong></span> <span class='ocrx_word' id='word_1_404' title='bbox 1665 693 1765 729; x_wconf 87' lang='lat' dir='ltr'><strong>inquit,</strong></span> <span class='ocrx_word' id='word_1_405' title='bbox 1789 694 1840 721; x_wconf 85' lang='lat' dir='ltr'><strong>ista</strong></span> 
     </span>
    </p>
   </div>
   <div class='ocr_carea' id='block_1_50' title="bbox 1053 737 1841 773">
    <p class='ocr_par' dir='ltr' id='par_1_50' title="bbox 1053 737 1841 773">
     <span class='ocr_line' id='line_1_50' title="bbox 1053 737 1841 773; baseline 0.003 -9"><span class='ocrx_word' id='word_1_406' title='bbox 1053 738 1187 773; x_wconf 59' lang='lat' dir='ltr'><strong>praestari,</strong></span> <span class='ocrx_word' id='word_1_407' title='bbox 1204 745 1220 765; x_wconf 91' lang='lat' dir='ltr'><strong>a</strong></span> <span class='ocrx_word' id='word_1_408' title='bbox 1234 745 1290 773; x_wconf 88' lang='lat' dir='ltr'><strong>quo</strong></span> <span class='ocrx_word' id='word_1_409' title='bbox 1306 741 1410 766; x_wconf 80' lang='lat' dir='ltr'><strong>creatus</strong></span> <span class='ocrx_word' id='word_1_410' title='bbox 1431 745 1470 770; x_wconf 79' lang='lat' dir='ltr'><strong>es,</strong></span> <span class='ocrx_word' id='word_1_411' title='bbox 1497 737 1619 772; x_wconf 74' lang='lat' dir='ltr'><strong>ignorari</strong></span> <span class='ocrx_word' id='word_1_412' title='bbox 1651 737 1725 765; x_wconf 93' lang='lat' dir='ltr'><strong>nolo.</strong></span> <span class='ocrx_word' id='word_1_413' title='bbox 1751 737 1841 766; x_wconf 80' lang='lat' dir='ltr'><strong>Moses</strong></span> 
     </span>
    </p>
   </div>
   <div class='ocr_carea' id='block_1_51' title="bbox 1053 782 1841 818">
    <p class='ocr_par' dir='ltr' id='par_1_51' title="bbox 1053 782 1841 818">
     <span class='ocr_line' id='line_1_51' title="bbox 1053 782 1841 818; baseline 0 -7"><span class='ocrx_word' id='word_1_414' title='bbox 1053 783 1126 811; x_wconf 78' lang='lat' dir='ltr'><strong>enim</strong></span> <span class='ocrx_word' id='word_1_415' title='bbox 1141 787 1168 810; x_wconf 89' lang='lat' dir='ltr'><strong>et</strong></span> <span class='ocrx_word' id='word_1_416' title='bbox 1182 782 1324 816; x_wconf 90' lang='lat' dir='ltr'><strong>Solomon,</strong></span> <span class='ocrx_word' id='word_1_417' title='bbox 1339 786 1367 810; x_wconf 90' lang='lat' dir='ltr'><strong>et</strong></span> <span class='ocrx_word' id='word_1_418' title='bbox 1388 782 1552 816; x_wconf 83' lang='lat' dir='ltr'><strong>Zorobabel,</strong></span> <span class='ocrx_word' id='word_1_419' title='bbox 1565 790 1698 818; x_wconf 83' lang='lat' dir='ltr'><strong>corporea</strong></span> <span class='ocrx_word' id='word_1_420' title='bbox 1720 784 1797 817; x_wconf 86' lang='lat' dir='ltr'><strong>olim,</strong></span> <span class='ocrx_word' id='word_1_421' title='bbox 1812 788 1841 811; x_wconf 87' lang='lat' dir='ltr'><strong>et</strong></span> 
     </span>
    </p>
   </div>
   <div class='ocr_carea' id='block_1_52' title="bbox 1054 829 1840 864">
    <p class='ocr_par' dir='ltr' id='par_1_52' title="bbox 1054 829 1840 864">
     <span class='ocr_line' id='line_1_52' title="bbox 1054 829 1840 864; baseline 0.001 -8"><span class='ocrx_word' id='word_1_422' title='bbox 1054 836 1114 864; x_wconf 65' lang='lat' dir='ltr'><strong>qua:</strong></span> <span class='ocrx_word' id='word_1_423' title='bbox 1130 836 1185 857; x_wconf 89' lang='lat' dir='ltr'><strong>non</strong></span> <span class='ocrx_word' id='word_1_424' title='bbox 1210 829 1292 864; x_wconf 82' lang='lat' dir='ltr'><strong>longo</strong></span> <span class='ocrx_word' id='word_1_425' title='bbox 1317 833 1410 864; x_wconf 79' lang='lat' dir='ltr'><strong>postea</strong></span> <span class='ocrx_word' id='word_1_426' title='bbox 1431 833 1554 864; x_wconf 88' lang='lat' dir='ltr'><strong>tempore</strong></span> <span class='ocrx_word' id='word_1_427' title='bbox 1581 829 1726 857; x_wconf 88' lang='lat' dir='ltr'><strong>interitura</strong></span> <span class='ocrx_word' id='word_1_428' title='bbox 1750 833 1840 862; x_wconf 86' lang='lat' dir='ltr'><strong>erant,</strong></span> 
     </span>
    </p>
   </div>
   <div class='ocr_carea' id='block_1_53' title="bbox 1053 874 1839 910">
    <p class='ocr_par' dir='ltr' id='par_1_53' title="bbox 1053 874 1839 910">
     <span class='ocr_line' id='line_1_53' title="bbox 1053 874 1839 910; baseline 0 -8"><span class='ocrx_word' id='word_1_429' title='bbox 1053 874 1195 909; x_wconf 83' lang='lat' dir='ltr'><strong>fecerunt;</strong></span> <span class='ocrx_word' id='word_1_430' title='bbox 1231 875 1439 903; x_wconf 83' lang='lat' dir='ltr'><strong>tabernaculum</strong></span> <span class='ocrx_word' id='word_1_431' title='bbox 1472 875 1518 902; x_wconf 87' lang='lat' dir='ltr'><strong>ille</strong></span> <span class='ocrx_word' id='word_1_432' title='bbox 1543 875 1674 910; x_wconf 83' lang='lat' dir='ltr'><strong>quidem;</strong></span> <span class='ocrx_word' id='word_1_433' title='bbox 1707 875 1839 910; x_wconf 90' lang='lat' dir='ltr'><strong>templum</strong></span> 
     </span>
    </p>
   </div>
   <div class='ocr_carea' id='block_1_54' title="bbox 1054 919 1839 955">
    <p class='ocr_par' dir='ltr' id='par_1_54' title="bbox 1054 919 1839 955">
     <span class='ocr_line' id='line_1_54' title="bbox 1054 919 1839 955; baseline -0.001 -7"><span class='ocrx_word' id='word_1_434' title='bbox 1054 925 1144 948; x_wconf 88' lang='lat' dir='ltr'><strong>autem</strong></span> <span class='ocrx_word' id='word_1_435' title='bbox 1171 920 1228 949; x_wconf 85' lang='lat' dir='ltr'><strong>isti.</strong></span> <span class='ocrx_word' id='word_1_436' title='bbox 1249 919 1303 948; x_wconf 90' lang='lat' dir='ltr'><strong>Sed</strong></span> <span class='ocrx_word' id='word_1_437' title='bbox 1318 920 1375 955; x_wconf 89' lang='lat' dir='ltr'><strong>jam</strong></span> <span class='ocrx_word' id='word_1_438' title='bbox 1394 920 1466 948; x_wconf 86' lang='lat' dir='ltr'><strong>idem</strong></span> <span class='ocrx_word' id='word_1_439' title='bbox 1490 928 1547 955; x_wconf 83' lang='lat' dir='ltr'><strong>ego,</strong></span> <span class='ocrx_word' id='word_1_440' title='bbox 1575 920 1622 955; x_wconf 90' lang='lat' dir='ltr'><strong>qui</strong></span> <span class='ocrx_word' id='word_1_441' title='bbox 1646 920 1839 947; x_wconf 88' lang='lat' dir='ltr'><strong>universorum</strong></span> 
     </span>
    </p>
   </div>
   <div class='ocr_carea' id='block_1_55' title="bbox 1056 966 1841 1002">
    <p class='ocr_par' dir='ltr' id='par_1_55' title="bbox 1056 966 1841 1002">
     <span class='ocr_line' id='line_1_55' title="bbox 1056 966 1841 1002; baseline 0 -7"><span class='ocrx_word' id='word_1_442' title='bbox 1056 967 1188 995; x_wconf 88' lang='lat' dir='ltr'><strong>Dominus</strong></span> <span class='ocrx_word' id='word_1_443' title='bbox 1202 967 1267 994; x_wconf 91' lang='lat' dir='ltr'><strong>olim</strong></span> <span class='ocrx_word' id='word_1_444' title='bbox 1283 971 1394 1002; x_wconf 85' lang='lat' dir='ltr'><strong>propter</strong></span> <span class='ocrx_word' id='word_1_445' title='bbox 1413 974 1456 994; x_wconf 91' lang='lat' dir='ltr'><strong>me</strong></span> <span class='ocrx_word' id='word_1_446' title='bbox 1471 966 1561 1001; x_wconf 89' lang='lat' dir='ltr'><strong>ipsum</strong></span> <span class='ocrx_word' id='word_1_447' title='bbox 1581 971 1606 994; x_wconf 85' lang='lat' dir='ltr'><strong>te</strong></span> <span class='ocrx_word' id='word_1_448' title='bbox 1623 967 1727 999; x_wconf 84' lang='lat' dir='ltr'><strong>creavi,</strong></span> <span class='ocrx_word' id='word_1_449' title='bbox 1748 966 1841 995; x_wconf 56' lang='lat' dir='ltr'><strong>Ecclev</strong></span> 
     </span>
    </p>
   </div>
   <div class='ocr_carea' id='block_1_56' title="bbox 1053 1011 1842 1049">
    <p class='ocr_par' dir='ltr' id='par_1_56' title="bbox 1053 1011 1842 1049">
     <span class='ocr_line' id='line_1_56' title="bbox 1053 1011 1842 1049; baseline -0.003 -7"><span class='ocrx_word' id='word_1_450' title='bbox 1053 1014 1122 1042; x_wconf 82' lang='lat' dir='ltr'><strong>siam</strong></span> <span class='ocrx_word' id='word_1_451' title='bbox 1138 1021 1228 1042; x_wconf 89' lang='lat' dir='ltr'><strong>meam</strong></span> <span class='ocrx_word' id='word_1_452' title='bbox 1244 1021 1326 1049; x_wconf 90' lang='lat' dir='ltr'><strong>super</strong></span> <span class='ocrx_word' id='word_1_453' title='bbox 1349 1017 1454 1049; x_wconf 86' lang='lat' dir='ltr'><strong>petram</strong></span> <span class='ocrx_word' id='word_1_454' title='bbox 1473 1011 1578 1040; x_wconf 71' lang='lat' dir='ltr'><strong>aediﬁco</strong></span> <span class='ocrx_word' id='word_1_455' title='bbox 1592 1013 1626 1040; x_wconf 75' lang='grc'><strong>⁷⁸.</strong></span> <span class='ocrx_word' id='word_1_456' title='bbox 1656 1013 1751 1048; x_wconf 81' lang='lat' dir='ltr'><strong>Neque</strong></span> <span class='ocrx_word' id='word_1_457' title='bbox 1774 1020 1842 1040; x_wconf 78' lang='lat' dir='ltr'><strong>vero</strong></span> 
     </span>
    </p>
   </div>
   <div class='ocr_carea' id='block_1_57' title="bbox 1055 1058 1842 1094">
    <p class='ocr_par' dir='ltr' id='par_1_57' title="bbox 1055 1058 1842 1094">
     <span class='ocr_line' id='line_1_57' title="bbox 1055 1058 1842 1094; baseline -0.004 -6"><span class='ocrx_word' id='word_1_458' title='bbox 1055 1065 1085 1088; x_wconf 94' lang='lat' dir='ltr'><strong>tu</strong></span> <span class='ocrx_word' id='word_1_459' title='bbox 1112 1060 1233 1088; x_wconf 86' lang='lat' dir='ltr'><strong>humana</strong></span> <span class='ocrx_word' id='word_1_460' title='bbox 1263 1064 1322 1087; x_wconf 87' lang='lat' dir='ltr'><strong>arte</strong></span> <span class='ocrx_word' id='word_1_461' title='bbox 1349 1059 1453 1094; x_wconf 88' lang='lat' dir='ltr'><strong>aliqua,</strong></span> <span class='ocrx_word' id='word_1_462' title='bbox 1469 1058 1517 1086; x_wconf 89' lang='lat' dir='ltr'><strong>sed</strong></span> <span class='ocrx_word' id='word_1_463' title='bbox 1541 1058 1633 1087; x_wconf 85' lang='lat' dir='ltr'><strong>divina</strong></span> <span class='ocrx_word' id='word_1_464' title='bbox 1653 1063 1680 1086; x_wconf 89' lang='lat' dir='ltr'><strong>et</strong></span> <span class='ocrx_word' id='word_1_465' title='bbox 1709 1058 1842 1087; x_wconf 80' lang='lat' dir='ltr'><strong>inetl&#39;abiti</strong></span> 
     </span>
    </p>
   </div>
   <div class='ocr_carea' id='block_1_58' title="bbox 1054 1103 1841 1141">
    <p class='ocr_par' dir='ltr' id='par_1_58' title="bbox 1054 1103 1841 1141">
     <span class='ocr_line' id='line_1_58' title="bbox 1054 1103 1841 1141; baseline 0 -9"><span class='ocrx_word' id='word_1_466' title='bbox 1054 1106 1153 1141; x_wconf 74' lang='lat' dir='ltr'><strong>gratia,</strong></span> <span class='ocrx_word' id='word_1_467' title='bbox 1170 1112 1219 1141; x_wconf 89' lang='lat' dir='ltr'><strong>per</strong></span> <span class='ocrx_word' id='word_1_468' title='bbox 1232 1113 1275 1133; x_wconf 88' lang='lat' dir='ltr'><strong>me</strong></span> <span class='ocrx_word' id='word_1_469' title='bbox 1290 1109 1396 1132; x_wconf 83' lang='lat' dir='ltr'><strong>creatus</strong></span> <span class='ocrx_word' id='word_1_470' title='bbox 1420 1112 1458 1131; x_wconf 81' lang='lat' dir='ltr'><strong>es.</strong></span> <span class='ocrx_word' id='word_1_471' title='bbox 1481 1103 1541 1132; x_wconf 88' lang='lat' dir='ltr'><strong>Non</strong></span> <span class='ocrx_word' id='word_1_472' title='bbox 1566 1104 1758 1137; x_wconf 87' lang='lat' dir='ltr'><strong>instrumenta,</strong></span> <span class='ocrx_word' id='word_1_473' title='bbox 1784 1112 1841 1132; x_wconf 90' lang='lat' dir='ltr'><strong>non</strong></span> 
     </span>
    </p>
   </div>
   <div class='ocr_carea' id='block_1_59' title="bbox 1055 1150 1839 1187">
    <p class='ocr_par' dir='ltr' id='par_1_59' title="bbox 1055 1150 1839 1187">
     <span class='ocr_line' id='line_1_59' title="bbox 1055 1150 1839 1187; baseline -0.001 -8"><span class='ocrx_word' id='word_1_474' title='bbox 1055 1152 1145 1187; x_wconf 74' lang='lat' dir='ltr'><strong>ignem</strong></span> <span class='ocrx_word' id='word_1_475' title='bbox 1165 1151 1294 1184; x_wconf 82' lang='lat' dir='ltr'><strong>adhibui,</strong></span> <span class='ocrx_word' id='word_1_476' title='bbox 1311 1156 1340 1178; x_wconf 88' lang='grc' dir='ltr'><strong>ιιι</strong></span> <span class='ocrx_word' id='word_1_477' title='bbox 1358 1151 1484 1183; x_wconf 73' lang='grc' dir='ltr'>ωνανὶιιε,</span> <span class='ocrx_word' id='word_1_478' title='bbox 1509 1150 1656 1185; x_wconf 58' lang='lat' dir='ltr'><strong>ceterique</strong></span> <span class='ocrx_word' id='word_1_479' title='bbox 1681 1150 1839 1178; x_wconf 86' lang='lat' dir='ltr'><strong>mortalium</strong></span> 
     </span>
    </p>
   </div>
   <div class='ocr_carea' id='block_1_60' title="bbox 1055 1197 1841 1233">
    <p class='ocr_par' dir='ltr' id='par_1_60' title="bbox 1055 1197 1841 1233">
     <span class='ocr_line' id='line_1_60' title="bbox 1055 1197 1841 1233; baseline -0.004 -8"><span class='ocrx_word' id='word_1_480' title='bbox 1055 1197 1183 1231; x_wconf 83' lang='lat' dir='ltr'><strong>artiﬁces,</strong></span> <span class='ocrx_word' id='word_1_481' title='bbox 1199 1204 1316 1233; x_wconf 89' lang='lat' dir='ltr'><strong>quorum</strong></span> <span class='ocrx_word' id='word_1_482' title='bbox 1341 1197 1395 1224; x_wconf 91' lang='lat' dir='ltr'><strong>cito</strong></span> <span class='ocrx_word' id='word_1_483' title='bbox 1420 1200 1635 1231; x_wconf 85' lang='lat' dir='ltr'><strong>corrumpuntur</strong></span> <span class='ocrx_word' id='word_1_484' title='bbox 1658 1203 1752 1230; x_wconf 81' lang='lat' dir='ltr'><strong>opera,</strong></span> <span class='ocrx_word' id='word_1_485' title='bbox 1776 1203 1841 1223; x_wconf 92' lang='lat' dir='ltr'><strong>cum</strong></span> 
     </span>
    </p>
   </div>
   <div class='ocr_carea' id='block_1_61' title="bbox 1055 1239 1841 1277">
    <p class='ocr_par' dir='ltr' id='par_1_61' title="bbox 1055 1239 1841 1277">
     <span class='ocr_line' id='line_1_61' title="bbox 1055 1239 1841 1277; baseline -0.005 -7"><span class='ocrx_word' id='word_1_486' title='bbox 1055 1250 1115 1270; x_wconf 85' lang='lat' dir='ltr'><strong>mea</strong></span> <span class='ocrx_word' id='word_1_487' title='bbox 1138 1249 1278 1277; x_wconf 84' lang='lat' dir='ltr'><strong>nunquam</strong></span> <span class='ocrx_word' id='word_1_488' title='bbox 1303 1241 1448 1268; x_wconf 85' lang='lat' dir='ltr'><strong>intereant.</strong></span> <span class='ocrx_word' id='word_1_489' title='bbox 1473 1239 1533 1268; x_wconf 91' lang='lat' dir='ltr'><strong>Non</strong></span> <span class='ocrx_word' id='word_1_490' title='bbox 1549 1240 1650 1267; x_wconf 90' lang='lat' dir='ltr'><strong>desunt</strong></span> <span class='ocrx_word' id='word_1_491' title='bbox 1671 1244 1775 1271; x_wconf 79' lang='lat' dir='ltr'><strong>tamen,</strong></span> <span class='ocrx_word' id='word_1_492' title='bbox 1793 1239 1841 1275; x_wconf 91' lang='lat' dir='ltr'><strong>qui</strong></span> 
     </span>
    </p>
   </div>
   <div class='ocr_carea' id='block_1_62' title="bbox 1054 1284 1840 1322">
    <p class='ocr_par' dir='ltr' id='par_1_62' title="bbox 1054 1284 1840 1322">
     <span class='ocr_line' id='line_1_62' title="bbox 1054 1284 1840 1322; baseline -0.004 -7"><span class='ocrx_word' id='word_1_493' title='bbox 1054 1288 1151 1321; x_wconf 78' lang='lat' dir='ltr'><strong>creavi,</strong></span> <span class='ocrx_word' id='word_1_494' title='bbox 1164 1294 1214 1322; x_wconf 88' lang='lat' dir='ltr'><strong>pro</strong></span> <span class='ocrx_word' id='word_1_495' title='bbox 1232 1286 1348 1314; x_wconf 74' lang='lat' dir='ltr'><strong>recreavi</strong></span> <span class='ocrx_word' id='word_1_496' title='bbox 1363 1286 1481 1320; x_wconf 86' lang='lat' dir='ltr'><strong>positum</strong></span> <span class='ocrx_word' id='word_1_497' title='bbox 1499 1285 1687 1318; x_wconf 86' lang='lat' dir='ltr'><strong>arbitrentur;</strong></span> <span class='ocrx_word' id='word_1_498' title='bbox 1704 1288 1731 1312; x_wconf 91' lang='lat' dir='ltr'><strong>et</strong></span> <span class='ocrx_word' id='word_1_499' title='bbox 1745 1284 1782 1312; x_wconf 90' lang='lat' dir='ltr'><strong>ita</strong></span> <span class='ocrx_word' id='word_1_500' title='bbox 1799 1292 1840 1312; x_wconf 72' lang='grc' dir='ltr'>τοι</span> 
     </span>
    </p>
   </div>
   <div class='ocr_carea' id='block_1_63' title="bbox 1054 1331 1838 1367">
    <p class='ocr_par' dir='ltr' id='par_1_63' title="bbox 1054 1331 1838 1367">
     <span class='ocr_line' id='line_1_63' title="bbox 1054 1331 1838 1367; baseline -0.005 -5"><span class='ocrx_word' id='word_1_501' title='bbox 1054 1334 1228 1363; x_wconf 89' lang='lat' dir='ltr'><strong>novationem</strong></span> <span class='ocrx_word' id='word_1_502' title='bbox 1251 1340 1299 1367; x_wconf 86' lang='lat' dir='ltr'><strong>per</strong></span> <span class='ocrx_word' id='word_1_503' title='bbox 1327 1331 1460 1367; x_wconf 88' lang='lat' dir='ltr'><strong>Spiritum</strong></span> <span class='ocrx_word' id='word_1_504' title='bbox 1484 1335 1610 1359; x_wconf 87' lang='lat' dir='ltr'><strong>sanctutu</strong></span> <span class='ocrx_word' id='word_1_505' title='bbox 1626 1331 1809 1359; x_wconf 85' lang='lat' dir='ltr'><strong>demonstrari</strong></span> <span class='ocrx_word' id='word_1_506' title='bbox 1829 1339 1838 1359; x_wconf 86' lang='lat'><strong>:</strong></span> 
     </span>
    </p>
   </div>
   <div class='ocr_carea' id='block_1_64' title="bbox 1054 1377 1838 1415">
    <p class='ocr_par' dir='ltr' id='par_1_64' title="bbox 1054 1377 1838 1415">
     <span class='ocr_line' id='line_1_64' title="bbox 1054 1377 1838 1415; baseline -0.008 -5"><span class='ocrx_word' id='word_1_507' title='bbox 1054 1389 1108 1410; x_wconf 92' lang='lat' dir='ltr'><strong>non</strong></span> <span class='ocrx_word' id='word_1_508' title='bbox 1123 1380 1202 1409; x_wconf 80' lang='lat' dir='ltr'><strong>aliter</strong></span> <span class='ocrx_word' id='word_1_509' title='bbox 1227 1386 1308 1415; x_wconf 90' lang='lat' dir='ltr'><strong>quam</strong></span> <span class='ocrx_word' id='word_1_510' title='bbox 1323 1378 1452 1414; x_wconf 88' lang='lat' dir='ltr'><strong>populum</strong></span> <span class='ocrx_word' id='word_1_511' title='bbox 1469 1381 1618 1412; x_wconf 90' lang='lat' dir='ltr'><strong>utrumque</strong></span> <span class='ocrx_word' id='word_1_512' title='bbox 1640 1377 1667 1404; x_wconf 90' lang='lat' dir='ltr'><strong>in</strong></span> <span class='ocrx_word' id='word_1_513' title='bbox 1698 1381 1838 1405; x_wconf 85' lang='lat' dir='ltr'><strong>recentem</strong></span> 
     </span>
    </p>
   </div>
   <div class='ocr_carea' id='block_1_65' title="bbox 1055 1422 1839 1455">
    <p class='ocr_par' dir='ltr' id='par_1_65' title="bbox 1055 1422 1839 1455">
     <span class='ocr_line' id='line_1_65' title="bbox 1055 1422 1839 1455; baseline -0.008 0"><span class='ocrx_word' id='word_1_514' title='bbox 1055 1435 1138 1455; x_wconf 92' lang='lat' dir='ltr'><strong>unum</strong></span> <span class='ocrx_word' id='word_1_515' title='bbox 1153 1426 1292 1454; x_wconf 88' lang='lat' dir='ltr'><strong>hominem</strong></span> <span class='ocrx_word' id='word_1_516' title='bbox 1307 1431 1410 1452; x_wconf 74' lang='lat' dir='ltr'><strong>creasse</strong></span> <span class='ocrx_word' id='word_1_517' title='bbox 1426 1423 1528 1450; x_wconf 90' lang='lat' dir='ltr'><strong>dicitur</strong></span> <span class='ocrx_word' id='word_1_518' title='bbox 1545 1432 1552 1450; x_wconf 88' lang='lat'>:</span> <span class='ocrx_word' id='word_1_519' title='bbox 1569 1427 1598 1449; x_wconf 89' lang='lat' dir='ltr'><strong>ut</strong></span> <span class='ocrx_word' id='word_1_520' title='bbox 1613 1430 1676 1450; x_wconf 90' lang='lat' dir='ltr'><strong>cum</strong></span> <span class='ocrx_word' id='word_1_521' title='bbox 1700 1422 1839 1450; x_wconf 84' lang='lat' dir='ltr'><strong>transfor-</strong></span> 
     </span>
    </p>
   </div>
   <div class='ocr_carea' id='block_1_66' title="bbox 1053 1467 1839 1502">
    <p class='ocr_par' dir='ltr' id='par_1_66' title="bbox 1053 1467 1839 1502">
     <span class='ocr_line' id='line_1_66' title="bbox 1053 1467 1839 1502; baseline -0.005 -2"><span class='ocrx_word' id='word_1_522' title='bbox 1053 1472 1122 1500; x_wconf 88' lang='lat' dir='ltr'><strong>mari</strong></span> <span class='ocrx_word' id='word_1_523' title='bbox 1133 1472 1161 1499; x_wconf 89' lang='lat' dir='ltr'><strong>in</strong></span> <span class='ocrx_word' id='word_1_524' title='bbox 1175 1470 1353 1499; x_wconf 84' lang='lat' dir='ltr'><strong>renovatione</strong></span> <span class='ocrx_word' id='word_1_525' title='bbox 1370 1468 1470 1496; x_wconf 85' lang='lat' dir='ltr'><strong>mentis</strong></span> <span class='ocrx_word' id='word_1_526' title='bbox 1487 1475 1544 1496; x_wconf 77' lang='lat' dir='ltr'><strong>sute</strong></span> <span class='ocrx_word' id='word_1_527' title='bbox 1562 1467 1699 1495; x_wconf 70' lang='lat' dir='ltr'><strong>llo-mnos</strong></span> <span class='ocrx_word' id='word_1_528' title='bbox 1716 1467 1839 1502; x_wconf 86' lang='lat' dir='ltr'><strong>postula-</strong></span> 
     </span>
    </p>
   </div>
   <div class='ocr_carea' id='block_1_67' title="bbox 1053 1512 1842 1553">
    <p class='ocr_par' dir='ltr' id='par_1_67' title="bbox 1053 1512 1842 1553">
     <span class='ocr_line' id='line_1_67' title="bbox 1053 1512 1842 1553; baseline -0.006 -8"><span class='ocrx_word' id='word_1_529' title='bbox 1053 1519 1091 1546; x_wconf 93' lang='lat' dir='ltr'><strong>vit</strong></span> <span class='ocrx_word' id='word_1_530' title='bbox 1109 1516 1256 1553; x_wconf 84' lang='lat' dir='ltr'><strong>Apostolus</strong></span> <span class='ocrx_word' id='word_1_531' title='bbox 1270 1515 1305 1543; x_wconf 71' lang='grc' dir='ltr'><strong>⁸ο.</strong></span> <span class='ocrx_word' id='word_1_532' title='bbox 1322 1515 1375 1543; x_wconf 87' lang='lat' dir='ltr'><strong>Eos</strong></span> <span class='ocrx_word' id='word_1_533' title='bbox 1389 1519 1491 1546; x_wconf 87' lang='lat' dir='ltr'><strong>autem,</strong></span> <span class='ocrx_word' id='word_1_534' title='bbox 1512 1513 1557 1549; x_wconf 91' lang='lat' dir='ltr'><strong>qui</strong></span> <span class='ocrx_word' id='word_1_535' title='bbox 1573 1513 1640 1541; x_wconf 78' lang='lat' dir='ltr'><strong>tales</strong></span> <span class='ocrx_word' id='word_1_536' title='bbox 1666 1517 1742 1546; x_wconf 90' lang='lat' dir='ltr'><strong>sunt,</strong></span> <span class='ocrx_word' id='word_1_537' title='bbox 1761 1512 1842 1541; x_wconf 82' lang='lat' dir='ltr'><strong>forti-</strong></span> 
     </span>
    </p>
   </div>
   <div class='ocr_carea' id='block_1_68' title="bbox 1053 1559 1840 1598">
    <p class='ocr_par' dir='ltr' id='par_1_68' title="bbox 1053 1559 1840 1598">
     <span class='ocr_line' id='line_1_68' title="bbox 1053 1559 1840 1598; baseline -0.006 -6"><span class='ocrx_word' id='word_1_538' title='bbox 1053 1564 1174 1592; x_wconf 89' lang='lat' dir='ltr'><strong>tudinem</strong></span> <span class='ocrx_word' id='word_1_539' title='bbox 1186 1561 1416 1598; x_wconf 87' lang='lat' dir='ltr'><strong>prudentiamque</strong></span> <span class='ocrx_word' id='word_1_540' title='bbox 1427 1559 1598 1595; x_wconf 87' lang='lat' dir='ltr'><strong>spiritualem</strong></span> <span class='ocrx_word' id='word_1_541' title='bbox 1611 1559 1727 1588; x_wconf 88' lang='lat' dir='ltr'><strong>comites</strong></span> <span class='ocrx_word' id='word_1_542' title='bbox 1738 1559 1840 1588; x_wconf 76' lang='lat' dir='ltr'><strong>habere</strong></span> 
     </span>
    </p>
   </div>
   <div class='ocr_carea' id='block_1_69' title="bbox 1053 1605 1840 1643">
    <p class='ocr_par' dir='ltr' id='par_1_69' title="bbox 1053 1605 1840 1643">
     <span class='ocr_line' id='line_1_69' title="bbox 1053 1605 1840 1643; baseline -0.009 -3"><span class='ocrx_word' id='word_1_543' title='bbox 1053 1612 1232 1643; x_wconf 81' lang='lat' dir='ltr'><strong>demonStrat,</strong></span> <span class='ocrx_word' id='word_1_544' title='bbox 1249 1615 1312 1636; x_wconf 89' lang='lat' dir='ltr'><strong>cum</strong></span> <span class='ocrx_word' id='word_1_545' title='bbox 1330 1607 1369 1634; x_wconf 87' lang='lat' dir='ltr'><strong>ait</strong></span> <span class='ocrx_word' id='word_1_546' title='bbox 1383 1616 1390 1635; x_wconf 89' lang='lat'>:</span> <span class='ocrx_word' id='word_1_547' title='bbox 1407 1605 1490 1634; x_wconf 89' lang='lat' dir='ltr'><strong>Omne</strong></span> <span class='ocrx_word' id='word_1_548' title='bbox 1503 1614 1549 1633; x_wconf 71' lang='lat' dir='ltr'><strong>var</strong></span> <span class='ocrx_word' id='word_1_549' title='bbox 1560 1605 1731 1640; x_wconf 80' lang='lat' dir='ltr'><strong>corruptibite</strong></span> <span class='ocrx_word' id='word_1_550' title='bbox 1745 1610 1840 1633; x_wconf 82' lang='lat' dir='ltr'><strong>contra</strong></span> 
     </span>
    </p>
   </div>
   <div class='ocr_carea' id='block_1_70' title="bbox 1055 1650 1840 1690">
    <p class='ocr_par' dir='ltr' id='par_1_70' title="bbox 1055 1650 1840 1690">
     <span class='ocr_line' id='line_1_70' title="bbox 1055 1650 1840 1690; baseline -0.009 -5"><span class='ocrx_word' id='word_1_551' title='bbox 1055 1663 1078 1685; x_wconf 85' lang='lat' dir='ltr'><strong>te</strong></span> <span class='ocrx_word' id='word_1_552' title='bbox 1095 1664 1148 1684; x_wconf 84' lang='lat' dir='ltr'><strong>non</strong></span> <span class='ocrx_word' id='word_1_553' title='bbox 1161 1653 1332 1690; x_wconf 72' lang='lat' dir='ltr'><strong>prosperabo,</strong></span> <span class='ocrx_word' id='word_1_554' title='bbox 1349 1656 1375 1679; x_wconf 87' lang='lat' dir='ltr'><strong>et</strong></span> <span class='ocrx_word' id='word_1_555' title='bbox 1390 1651 1474 1679; x_wconf 78' lang='lat' dir='ltr'><strong>omnis</strong></span> <span class='ocrx_word' id='word_1_556' title='bbox 1500 1658 1566 1683; x_wconf 62' lang='lat' dir='ltr'><strong>nos;</strong></span> <span class='ocrx_word' id='word_1_557' title='bbox 1582 1655 1735 1686; x_wconf 69' lang='lat' dir='ltr'><strong>caeteraque</strong></span> <span class='ocrx_word' id='word_1_558' title='bbox 1761 1650 1840 1678; x_wconf 83' lang='lat' dir='ltr'><strong>dein-</strong></span> 
     </span>
    </p>
   </div>
   <div class='ocr_carea' id='block_1_71' title="bbox 1053 1692 1838 1738">
    <p class='ocr_par' dir='ltr' id='par_1_71' title="bbox 1053 1692 1838 1738">
     <span class='ocr_line' id='line_1_71' title="bbox 1053 1692 1838 1738; baseline -0.008 -8"><span class='ocrx_word' id='word_1_559' title='bbox 1053 1709 1130 1738; x_wconf 71' lang='lat' dir='ltr'><strong>ceps,</strong></span> <span class='ocrx_word' id='word_1_560' title='bbox 1163 1700 1210 1728; x_wconf 92' lang='lat' dir='ltr'><strong>ubi</strong></span> <span class='ocrx_word' id='word_1_561' title='bbox 1238 1705 1363 1726; x_wconf 79' lang='lat' dir='ltr'><strong>vasorum</strong></span> <span class='ocrx_word' id='word_1_562' title='bbox 1391 1695 1607 1731; x_wconf 78' lang='lat' dir='ltr'><strong>corruptibilium</strong></span> <span class='ocrx_word' id='word_1_563' title='bbox 1646 1692 1838 1731; x_wconf 61' lang='lat' dir='ltr'><strong>appellatione.</strong></span> 
     </span>
    </p>
   </div>
   <div class='ocr_carea' id='block_1_72' title="bbox 1053 1741 1839 1782">
    <p class='ocr_par' dir='ltr' id='par_1_72' title="bbox 1053 1741 1839 1782">
     <span class='ocr_line' id='line_1_72' title="bbox 1053 1741 1839 1782; baseline -0.013 -4"><span class='ocrx_word' id='word_1_564' title='bbox 1053 1757 1103 1778; x_wconf 87' lang='lat' dir='ltr'><strong>eos</strong></span> <span class='ocrx_word' id='word_1_565' title='bbox 1120 1746 1256 1782; x_wconf 74' lang='lat' dir='ltr'><strong>intelligit,</strong></span> <span class='ocrx_word' id='word_1_566' title='bbox 1272 1744 1319 1780; x_wconf 90' lang='lat' dir='ltr'><strong>qui</strong></span> <span class='ocrx_word' id='word_1_567' title='bbox 1328 1743 1472 1772; x_wconf 75' lang='lat' dir='ltr'><strong>diabolicae</strong></span> <span class='ocrx_word' id='word_1_568' title='bbox 1487 1741 1616 1778; x_wconf 75' lang='lat' dir='ltr'><strong>nequitiae</strong></span> <span class='ocrx_word' id='word_1_569' title='bbox 1634 1742 1763 1776; x_wconf 83' lang='lat' dir='ltr'><strong>ministri,</strong></span> <span class='ocrx_word' id='word_1_570' title='bbox 1779 1750 1839 1770; x_wconf 82' lang='lat' dir='ltr'><strong>cor-</strong></span> 
     </span>
    </p>
   </div>
   <div class='ocr_carea' id='block_1_73' title="bbox 215 1788 1840 1834">
    <p class='ocr_par' dir='ltr' id='par_1_73' title="bbox 215 1788 1840 1834">
     <span class='ocr_line' id='line_1_73' title="bbox 215 1788 1840 1834; baseline -0.001 -13"><span class='ocrx_word' id='word_1_571' title='bbox 215 1795 345 1829; x_wconf 76' lang='grc' dir='ltr'>γιιριὶοηίε</span> <span class='ocrx_word' id='word_1_572' title='bbox 371 1799 397 1823; x_wconf 81' lang='lat' dir='ltr'><strong>et</strong></span> <span class='ocrx_word' id='word_1_573' title='bbox 425 1796 548 1824; x_wconf 77' lang='lat' dir='ltr'><strong>interitus</strong></span> <span class='ocrx_word' id='word_1_574' title='bbox 578 1796 626 1825; x_wconf 80' lang='lat' dir='ltr'><strong>ﬁlii</strong></span> <span class='ocrx_word' id='word_1_575' title='bbox 653 1802 810 1831; x_wconf 83' lang='lat' dir='ltr'><strong>evaserunt,</strong></span> <span class='ocrx_word' id='word_1_576' title='bbox 835 1800 993 1834; x_wconf 81' lang='lat' dir='ltr'><strong>sanctisque</strong></span> <span class='ocrx_word' id='word_1_577' title='bbox 1006 1804 1078 1833; x_wconf 65' lang='lat' dir='ltr'><strong>saepe</strong></span> <span class='ocrx_word' id='word_1_578' title='bbox 1100 1793 1317 1832; x_wconf 85' lang='lat' dir='ltr'><strong>persecutiones</strong></span> <span class='ocrx_word' id='word_1_579' title='bbox 1343 1793 1372 1819; x_wconf 88' lang='lat' dir='ltr'><strong>et</strong></span> <span class='ocrx_word' id='word_1_580' title='bbox 1414 1788 1575 1817; x_wconf 70' lang='lat' dir='ltr'><strong>afﬂictiones</strong></span> <span class='ocrx_word' id='word_1_581' title='bbox 1611 1788 1757 1817; x_wconf 81' lang='lat' dir='ltr'><strong>ittducum.</strong></span> <span class='ocrx_word' id='word_1_582' title='bbox 1785 1788 1840 1817; x_wconf 86' lang='lat' dir='ltr'><strong>Sed</strong></span> 
     </span>
    </p>
   </div>
   <div class='ocr_carea' id='block_1_74' title="bbox 215 1835 1839 1882">
    <p class='ocr_par' dir='ltr' id='par_1_74' title="bbox 215 1835 1839 1882">
     <span class='ocr_line' id='line_1_74' title="bbox 215 1835 1839 1882; baseline -0.005 -13"><span class='ocrx_word' id='word_1_583' title='bbox 215 1849 269 1870; x_wconf 90' lang='lat' dir='ltr'><strong>non</strong></span> <span class='ocrx_word' id='word_1_584' title='bbox 287 1842 326 1870; x_wconf 90' lang='lat' dir='ltr'><strong>illi</strong></span> <span class='ocrx_word' id='word_1_585' title='bbox 342 1843 415 1878; x_wconf 87' lang='lat' dir='ltr'><strong>quod</strong></span> <span class='ocrx_word' id='word_1_586' title='bbox 434 1848 581 1878; x_wconf 85' lang='lat' dir='ltr'><strong>venantur,</strong></span> <span class='ocrx_word' id='word_1_587' title='bbox 615 1850 807 1881; x_wconf 88' lang='lat' dir='ltr'><strong>assequentur.</strong></span> <span class='ocrx_word' id='word_1_588' title='bbox 833 1845 891 1874; x_wconf 88' lang='lat' dir='ltr'><strong>Imo</strong></span> <span class='ocrx_word' id='word_1_589' title='bbox 930 1854 979 1882; x_wconf 86' lang='lat' dir='ltr'><strong>per</strong></span> <span class='ocrx_word' id='word_1_590' title='bbox 1001 1849 1028 1873; x_wconf 91' lang='lat' dir='ltr'><strong>te</strong></span> <span class='ocrx_word' id='word_1_591' title='bbox 1049 1845 1143 1880; x_wconf 76' lang='lat' dir='ltr'><strong>lingua</strong></span> <span class='ocrx_word' id='word_1_592' title='bbox 1167 1840 1269 1873; x_wconf 86' lang='lat' dir='ltr'><strong>omnis,</strong></span> <span class='ocrx_word' id='word_1_593' title='bbox 1284 1845 1346 1874; x_wconf 60' lang='lat' dir='ltr'><strong>quas</strong></span> <span class='ocrx_word' id='word_1_594' title='bbox 1369 1836 1472 1864; x_wconf 87' lang='lat' dir='ltr'><strong>bellum</strong></span> <span class='ocrx_word' id='word_1_595' title='bbox 1498 1835 1554 1863; x_wconf 71' lang='lat' dir='ltr'><strong>Deo</strong></span> <span class='ocrx_word' id='word_1_596' title='bbox 1573 1835 1685 1868; x_wconf 80' lang='lat' dir='ltr'><strong>indixit,</strong></span> <span class='ocrx_word' id='word_1_597' title='bbox 1714 1835 1839 1882; x_wconf 82' lang='lat' dir='ltr'><strong>vincetur</strong></span> 
     </span>
    </p>
   </div>
   <div class='ocr_carea' id='block_1_75' title="bbox 214 1881 1838 1928">
    <p class='ocr_par' dir='ltr' id='par_1_75' title="bbox 214 1881 1838 1928">
     <span class='ocr_line' id='line_1_75' title="bbox 214 1881 1838 1928; baseline 0.003 -14"><span class='ocrx_word' id='word_1_598' title='bbox 214 1893 246 1914; x_wconf 92' lang='lat' dir='ltr'><strong>ac</strong></span> <span class='ocrx_word' id='word_1_599' title='bbox 263 1889 447 1923; x_wconf 75' lang='lat' dir='ltr'><strong>superabitur.</strong></span> <span class='ocrx_word' id='word_1_600' title='bbox 483 1889 517 1918; x_wconf 88' lang='lat' dir='ltr'><strong>Ut</strong></span> <span class='ocrx_word' id='word_1_601' title='bbox 552 1891 624 1919; x_wconf 93' lang='lat' dir='ltr'><strong>enim</strong></span> <span class='ocrx_word' id='word_1_602' title='bbox 641 1892 712 1927; x_wconf 87' lang='lat' dir='ltr'><strong>apud</strong></span> <span class='ocrx_word' id='word_1_603' title='bbox 737 1891 865 1921; x_wconf 86' lang='lat' dir='ltr'><strong>Davidem</strong></span> <span class='ocrx_word' id='word_1_604' title='bbox 891 1881 1030 1928; x_wconf 78' lang='lat' dir='ltr'><strong>legimus:</strong></span> <span class='ocrx_word' id='word_1_605' title='bbox 1052 1900 1061 1917; x_wconf 79' lang='grc' dir='ltr'><strong>ι</strong></span> <span class='ocrx_word' id='word_1_606' title='bbox 1079 1890 1110 1918; x_wconf 90' lang='lat' dir='ltr'><strong>In</strong></span> <span class='ocrx_word' id='word_1_607' title='bbox 1134 1889 1191 1917; x_wconf 92' lang='lat' dir='ltr'><strong>Deo</strong></span> <span class='ocrx_word' id='word_1_608' title='bbox 1224 1886 1360 1914; x_wconf 82' lang='lat' dir='ltr'><strong>faciemus</strong></span> <span class='ocrx_word' id='word_1_609' title='bbox 1390 1883 1537 1915; x_wconf 83' lang='lat' dir='ltr'><strong>virtutem;</strong></span> <span class='ocrx_word' id='word_1_610' title='bbox 1558 1885 1585 1909; x_wconf 73' lang='lat' dir='ltr'><strong>el</strong></span> <span class='ocrx_word' id='word_1_611' title='bbox 1609 1881 1691 1918; x_wconf 77' lang='grc'><strong>620</strong></span> <span class='ocrx_word' id='word_1_612' title='bbox 1719 1881 1779 1918; x_wconf 67' lang='lat' dir='ltr'><strong>ipse</strong></span> <span class='ocrx_word' id='word_1_613' title='bbox 1810 1882 1838 1910; x_wconf 72' lang='lat' dir='ltr'><strong>i&quot;</strong></span> 
     </span>
    </p>
   </div>
   <div class='ocr_carea' id='block_1_76' title="bbox 214 1935 870 1974">
    <p class='ocr_par' dir='ltr' id='par_1_76' title="bbox 214 1935 870 1974">
     <span class='ocr_line' id='line_1_76' title="bbox 214 1935 870 1974; baseline 0.011 -13"><span class='ocrx_word' id='word_1_614' title='bbox 214 1935 329 1963; x_wconf 89' lang='lat' dir='ltr'><strong>nihilum</strong></span> <span class='ocrx_word' id='word_1_615' title='bbox 344 1936 454 1965; x_wconf 89' lang='lat' dir='ltr'><strong>reducet</strong></span> <span class='ocrx_word' id='word_1_616' title='bbox 470 1945 518 1966; x_wconf 77' lang='lat' dir='ltr'><strong>eos</strong></span> <span class='ocrx_word' id='word_1_617' title='bbox 543 1938 589 1973; x_wconf 92' lang='lat' dir='ltr'><strong>qui</strong></span> <span class='ocrx_word' id='word_1_618' title='bbox 602 1938 725 1974; x_wconf 79' lang='lat' dir='ltr'><strong>aﬂligunt</strong></span> <span class='ocrx_word' id='word_1_619' title='bbox 741 1947 792 1967; x_wconf 91' lang='lat' dir='ltr'><strong>nos</strong></span> <span class='ocrx_word' id='word_1_620' title='bbox 809 1939 844 1968; x_wconf 77' lang='lat'><strong>&quot;.</strong></span> <span class='ocrx_word' id='word_1_621' title='bbox 859 1949 870 1967; x_wconf 79' lang='grc' dir='ltr'><strong>ι</strong></span> 
     </span>
    </p>
   </div>
   <div class='ocr_carea' id='block_1_77' title="bbox 256 1982 1000 2021">
    <p class='ocr_par' dir='ltr' id='par_1_77' title="bbox 256 1982 1000 2021">
     <span class='ocr_line' id='line_1_77' title="bbox 256 1982 1000 2021; baseline 0.007 -12"><span class='ocrx_word' id='word_1_622' title='bbox 256 1982 355 2018; x_wconf 86' lang='grc' dir='ltr'>Ἐχρῆν</span> <span class='ocrx_word' id='word_1_623' title='bbox 371 1983 399 2010; x_wconf 83' lang='grc' dir='ltr'>δὲ</span> <span class='ocrx_word' id='word_1_624' title='bbox 416 1983 572 2020; x_wconf 80' lang='grc' dir='ltr'>ὑπομνῆσαι</span> <span class='ocrx_word' id='word_1_625' title='bbox 586 1985 655 2020; x_wconf 85' lang='grc' dir='ltr'>μετὰ</span> <span class='ocrx_word' id='word_1_626' title='bbox 667 1985 756 2013; x_wconf 85' lang='grc' dir='ltr'>πάντα</span> <span class='ocrx_word' id='word_1_627' title='bbox 766 1986 814 2013; x_wconf 74' lang='grc' dir='ltr'>καὶ</span> <span class='ocrx_word' id='word_1_628' title='bbox 827 1987 878 2021; x_wconf 86' lang='grc' dir='ltr'><strong>τῆς</strong></span> <span class='ocrx_word' id='word_1_629' title='bbox 890 1986 1000 2014; x_wconf 82' lang='grc' dir='ltr'>ἀποκει-</span> 
     </span>
    </p>
   </div>
   <div class='ocr_carea' id='block_1_78' title="bbox 215 2028 999 2067">
    <p class='ocr_par' dir='ltr' id='par_1_78' title="bbox 215 2028 999 2067">
     <span class='ocr_line' id='line_1_78' title="bbox 215 2028 999 2067; baseline 0.006 -12"><span class='ocrx_word' id='word_1_630' title='bbox 215 2028 301 2064; x_wconf 81' lang='grc' dir='ltr'>μένης</span> <span class='ocrx_word' id='word_1_631' title='bbox 308 2029 337 2055; x_wconf 77' lang='grc' dir='ltr'>ἐν</span> <span class='ocrx_word' id='word_1_632' title='bbox 349 2028 387 2064; x_wconf 84' lang='grc' dir='ltr'>τῷ</span> <span class='ocrx_word' id='word_1_633' title='bbox 398 2029 520 2065; x_wconf 82' lang='grc' dir='ltr'>μέλλοντι</span> <span class='ocrx_word' id='word_1_634' title='bbox 529 2030 607 2058; x_wconf 83' lang='grc' dir='ltr'>αἰῶνι</span> <span class='ocrx_word' id='word_1_635' title='bbox 619 2032 832 2067; x_wconf 75' lang='grc' dir='ltr'>κληρονομίας,</span> <span class='ocrx_word' id='word_1_636' title='bbox 842 2032 903 2067; x_wconf 76' lang='grc' dir='ltr'>ἥτις</span> <span class='ocrx_word' id='word_1_637' title='bbox 914 2032 999 2060; x_wconf 76' lang='grc' dir='ltr'>ἐστίν·</span> 
     </span>
    </p>
   </div>
   <div class='ocr_carea' id='block_1_79' title="bbox 216 2073 1001 2113">
    <p class='ocr_par' dir='ltr' id='par_1_79' title="bbox 216 2073 1001 2113">
     <span class='ocr_line' id='line_1_79' title="bbox 216 2073 1001 2113; baseline 0.008 -14"><span class='ocrx_word' id='word_1_638' title='bbox 216 2083 226 2100; x_wconf 85' lang='grc'><strong><em>‹</em></strong></span> <span class='ocrx_word' id='word_1_639' title='bbox 251 2074 284 2100; x_wconf 79' lang='grc' dir='ltr'>Ἀ</span> <span class='ocrx_word' id='word_1_640' title='bbox 295 2073 434 2110; x_wconf 76' lang='grc' dir='ltr'>ὀφθαλμὸς</span> <span class='ocrx_word' id='word_1_641' title='bbox 446 2075 496 2102; x_wconf 82' lang='grc' dir='ltr'><strong>οὐκ</strong></span> <span class='ocrx_word' id='word_1_642' title='bbox 507 2073 587 2107; x_wconf 82' lang='grc' dir='ltr'>εἶδεν,</span> <span class='ocrx_word' id='word_1_643' title='bbox 601 2076 647 2104; x_wconf 75' lang='grc' dir='ltr'>καὶ</span> <span class='ocrx_word' id='word_1_644' title='bbox 662 2074 709 2108; x_wconf 79' lang='grc' dir='ltr'>οὖς</span> <span class='ocrx_word' id='word_1_645' title='bbox 726 2077 776 2104; x_wconf 78' lang='grc' dir='ltr'>οὐκ</span> <span class='ocrx_word' id='word_1_646' title='bbox 796 2078 928 2113; x_wconf 81' lang='grc' dir='ltr'>ήκουσεν,</span> <span class='ocrx_word' id='word_1_647' title='bbox 952 2078 1001 2105; x_wconf 78' lang='grc' dir='ltr'>καὶ</span> 
     </span>
    </p>
   </div>
   <div class='ocr_carea' id='block_1_80' title="bbox 213 2120 1000 2160">
    <p class='ocr_par' dir='ltr' id='par_1_80' title="bbox 213 2120 1000 2160">
     <span class='ocr_line' id='line_1_80' title="bbox 213 2120 1000 2160; baseline 0.006 -14"><span class='ocrx_word' id='word_1_648' title='bbox 213 2120 260 2147; x_wconf 71' lang='grc' dir='ltr'><strong>ἐπὶ</strong></span> <span class='ocrx_word' id='word_1_649' title='bbox 288 2121 401 2156; x_wconf 75' lang='grc' dir='ltr'>καρδίαν</span> <span class='ocrx_word' id='word_1_650' title='bbox 419 2121 563 2157; x_wconf 81' lang='grc' dir='ltr'>ἀνθρώπου</span> <span class='ocrx_word' id='word_1_651' title='bbox 591 2123 641 2150; x_wconf 81' lang='grc' dir='ltr'>οὐκ</span> <span class='ocrx_word' id='word_1_652' title='bbox 669 2124 763 2159; x_wconf 64' lang='grc' dir='ltr'>ἀνέϐη,</span> <span class='ocrx_word' id='word_1_653' title='bbox 785 2124 803 2151; x_wconf 76' lang='grc' dir='ltr'><strong><em>ὰ</em></strong></span> <span class='ocrx_word' id='word_1_654' title='bbox 819 2125 967 2160; x_wconf 82' lang='grc' dir='ltr'>ἡτοίμασεν</span> <span class='ocrx_word' id='word_1_655' title='bbox 986 2125 1000 2151; x_wconf 81' lang='grc' dir='ltr'><strong>δ</strong></span> 
     </span>
    </p>
   </div>
   <div class='ocr_carea' id='block_1_81' title="bbox 213 2166 1001 2204">
    <p class='ocr_par' dir='ltr' id='par_1_81' title="bbox 213 2166 1001 2204">
     <span class='ocr_line' id='line_1_81' title="bbox 213 2166 1001 2204; baseline 0.006 -12"><span class='ocrx_word' id='word_1_656' title='bbox 213 2166 279 2197; x_wconf 85' lang='grc' dir='ltr'><strong>Θεὸς</strong></span> <span class='ocrx_word' id='word_1_657' title='bbox 293 2167 349 2198; x_wconf 83' lang='grc' dir='ltr'>τοῖς</span> <span class='ocrx_word' id='word_1_658' title='bbox 364 2167 507 2201; x_wconf 83' lang='grc' dir='ltr'>ἀγαπῶσιν</span> <span class='ocrx_word' id='word_1_659' title='bbox 526 2168 616 2196; x_wconf 81' lang='grc' dir='ltr'>αὐτόν.</span> <span class='ocrx_word' id='word_1_660' title='bbox 637 2178 647 2195; x_wconf 74' lang='grc' dir='ltr'><strong>ι</strong></span> <span class='ocrx_word' id='word_1_661' title='bbox 662 2169 707 2195; x_wconf 89' lang='grc' dir='ltr'>Διό</span> <span class='ocrx_word' id='word_1_662' title='bbox 721 2178 811 2204; x_wconf 80' lang='grc' dir='ltr'>φησιν·</span> <span class='ocrx_word' id='word_1_663' title='bbox 825 2171 912 2197; x_wconf 82' lang='grc' dir='ltr'>Ἔστι</span> <span class='ocrx_word' id='word_1_664' title='bbox 928 2171 1001 2202; x_wconf 77' lang='grc' dir='ltr'>κλη-</span> 
     </span>
    </p>
   </div>
   <div class='ocr_carea' id='block_1_82' title="bbox 210 2210 1001 2248">
    <p class='ocr_par' dir='ltr' id='par_1_82' title="bbox 210 2210 1001 2248">
     <span class='ocr_line' id='line_1_82' title="bbox 210 2210 1001 2248; baseline 0.009 -13"><span class='ocrx_word' id='word_1_665' title='bbox 210 2210 337 2244; x_wconf 77' lang='grc' dir='ltr'>ρονομία</span> <span class='ocrx_word' id='word_1_666' title='bbox 361 2210 423 2243; x_wconf 86' lang='grc' dir='ltr'>τοῖς</span> <span class='ocrx_word' id='word_1_667' title='bbox 450 2212 648 2245; x_wconf 82' lang='grc' dir='ltr'>θεραπεύουσι</span> <span class='ocrx_word' id='word_1_668' title='bbox 670 2213 787 2247; x_wconf 79' lang='grc' dir='ltr'><strong>Κύριον.</strong></span> <span class='ocrx_word' id='word_1_669' title='bbox 808 2214 949 2248; x_wconf 82' lang='grc' dir='ltr'>Ἀγαπῶσι</span> <span class='ocrx_word' id='word_1_670' title='bbox 972 2215 1001 2242; x_wconf 80' lang='grc' dir='ltr'>δὲ</span> 
     </span>
    </p>
   </div>
   <div class='ocr_carea' id='block_1_83' title="bbox 214 2254 1001 2295">
    <p class='ocr_par' dir='ltr' id='par_1_83' title="bbox 214 2254 1001 2295">
     <span class='ocr_line' id='line_1_83' title="bbox 214 2254 1001 2295; baseline 0.009 -15"><span class='ocrx_word' id='word_1_671' title='bbox 214 2254 294 2281; x_wconf 74' lang='grc' dir='ltr'>αὑτὸν</span> <span class='ocrx_word' id='word_1_672' title='bbox 306 2255 334 2281; x_wconf 82' lang='grc' dir='ltr'>οἱ</span> <span class='ocrx_word' id='word_1_673' title='bbox 350 2256 564 2290; x_wconf 81' lang='grc' dir='ltr'>θεραπεύοντες</span> <span class='ocrx_word' id='word_1_674' title='bbox 579 2258 681 2290; x_wconf 84' lang='grc' dir='ltr'>αὐτὸν,</span> <span class='ocrx_word' id='word_1_675' title='bbox 698 2258 743 2285; x_wconf 88' lang='grc' dir='ltr'><strong>διὰ</strong></span> <span class='ocrx_word' id='word_1_676' title='bbox 760 2259 807 2286; x_wconf 81' lang='grc' dir='ltr'>τοῦ</span> <span class='ocrx_word' id='word_1_677' title='bbox 832 2260 906 2295; x_wconf 75' lang='grc' dir='ltr'>πάσῃ</span> <span class='ocrx_word' id='word_1_678' title='bbox 922 2260 1001 2287; x_wconf 85' lang='grc' dir='ltr'>εὐλα-</span> 
     </span>
    </p>
   </div>
   <div class='ocr_carea' id='block_1_84' title="bbox 213 2298 1000 2337">
    <p class='ocr_par' dir='ltr' id='par_1_84' title="bbox 213 2298 1000 2337">
     <span class='ocr_line' id='line_1_84' title="bbox 213 2298 1000 2337; baseline 0.008 -12"><span class='ocrx_word' id='word_1_679' title='bbox 213 2298 275 2334; x_wconf 67' lang='grc' dir='ltr'>ϐείᾳ.</span> <span class='ocrx_word' id='word_1_680' title='bbox 297 2299 434 2327; x_wconf 84' lang='grc' dir='ltr'>δουλεύειν</span> <span class='ocrx_word' id='word_1_681' title='bbox 455 2301 540 2337; x_wconf 76' lang='grc' dir='ltr'>αὐτῷ.</span> <span class='ocrx_word' id='word_1_682' title='bbox 568 2302 765 2337; x_wconf 70' lang='grc' dir='ltr'>Παρανόμοιςῦ</span> <span class='ocrx_word' id='word_1_683' title='bbox 791 2303 820 2330; x_wconf 77' lang='grc' dir='ltr'>δὲ</span> <span class='ocrx_word' id='word_1_684' title='bbox 842 2304 931 2331; x_wconf 84' lang='grc' dir='ltr'>κεῖται</span> <span class='ocrx_word' id='word_1_685' title='bbox 944 2305 1000 2336; x_wconf 82' lang='grc' dir='ltr'>τοῖς</span> 
     </span>
    </p>
   </div>
   <div class='ocr_carea' id='block_1_85' title="bbox 217 2343 996 2384">
    <p class='ocr_par' dir='ltr' id='par_1_85' title="bbox 217 2343 996 2384">
     <span class='ocr_line' id='line_1_85' title="bbox 217 2343 996 2384; baseline 0.009 -14"><span class='ocrx_word' id='word_1_686' title='bbox 217 2343 428 2380; x_wconf 76' lang='grc' dir='ltr'>Ἐϐδομήκοντα,</span> <span class='ocrx_word' id='word_1_687' title='bbox 447 2347 473 2372; x_wconf 83' lang='grc' dir='ltr'>οὶ</span> <span class='ocrx_word' id='word_1_688' title='bbox 492 2345 526 2372; x_wconf 80' lang='grc' dir='ltr'>δὲ</span> <span class='ocrx_word' id='word_1_689' title='bbox 544 2347 646 2382; x_wconf 76' lang='grc' dir='ltr'>ἔνοχοί</span> <span class='ocrx_word' id='word_1_690' title='bbox 655 2355 713 2375; x_wconf 84' lang='grc' dir='ltr'>σου</span> <span class='ocrx_word' id='word_1_691' title='bbox 726 2348 848 2376; x_wconf 78' lang='grc' dir='ltr'>ἔσονται</span> <span class='ocrx_word' id='word_1_692' title='bbox 861 2350 896 2376; x_wconf 78' lang='grc' dir='ltr'><strong>ἐν</strong></span> <span class='ocrx_word' id='word_1_693' title='bbox 908 2349 996 2384; x_wconf 74' lang='grc' dir='ltr'>αὐτῇ.</span> 
     </span>
    </p>
   </div>
   <div class='ocr_carea' id='block_1_86' title="bbox 1086 1974 1838 2019">
    <p class='ocr_par' dir='ltr' id='par_1_86' title="bbox 1086 1974 1838 2019">
     <span class='ocr_line' id='line_1_86' title="bbox 1086 1974 1838 2019; baseline -0.012 -8"><span class='ocrx_word' id='word_1_694' title='bbox 1086 1981 1234 2019; x_wconf 88' lang='lat' dir='ltr'><strong>Oportebat</strong></span> <span class='ocrx_word' id='word_1_695' title='bbox 1256 1986 1322 2007; x_wconf 85' lang='lat' dir='ltr'><strong>vero</strong></span> <span class='ocrx_word' id='word_1_696' title='bbox 1345 1983 1407 2013; x_wconf 90' lang='lat' dir='ltr'><strong>post</strong></span> <span class='ocrx_word' id='word_1_697' title='bbox 1427 1976 1531 2009; x_wconf 88' lang='lat' dir='ltr'><strong>omnia,</strong></span> <span class='ocrx_word' id='word_1_698' title='bbox 1545 1975 1578 2003; x_wconf 87' lang='lat' dir='ltr'><strong>de</strong></span> <span class='ocrx_word' id='word_1_699' title='bbox 1593 1974 1736 2004; x_wconf 84' lang='lat' dir='ltr'><strong>recondita</strong></span> <span class='ocrx_word' id='word_1_700' title='bbox 1754 1974 1838 2003; x_wconf 89' lang='lat' dir='ltr'><strong>etiam</strong></span> 
     </span>
    </p>
   </div>
   <div class='ocr_carea' id='block_1_87' title="bbox 1049 2021 1838 2058">
    <p class='ocr_par' dir='ltr' id='par_1_87' title="bbox 1049 2021 1838 2058">
     <span class='ocr_line' id='line_1_87' title="bbox 1049 2021 1838 2058; baseline -0.011 0"><span class='ocrx_word' id='word_1_701' title='bbox 1049 2031 1077 2058; x_wconf 94' lang='lat' dir='ltr'><strong>in</strong></span> <span class='ocrx_word' id='word_1_702' title='bbox 1093 2030 1216 2057; x_wconf 79' lang='lat' dir='ltr'><strong>futurum</strong></span> <span class='ocrx_word' id='word_1_703' title='bbox 1231 2025 1362 2054; x_wconf 62' lang='lat' dir='ltr'><strong>saeculum</strong></span> <span class='ocrx_word' id='word_1_704' title='bbox 1379 2023 1543 2055; x_wconf 61' lang='lat' dir='ltr'><strong>haereditate,</strong></span> <span class='ocrx_word' id='word_1_705' title='bbox 1566 2029 1692 2057; x_wconf 79' lang='lat' dir='ltr'><strong>quaenam</strong></span> <span class='ocrx_word' id='word_1_706' title='bbox 1718 2021 1838 2057; x_wconf 85' lang='lat' dir='ltr'><strong>promit-</strong></span> 
     </span>
    </p>
   </div>
   <div class='ocr_carea' id='block_1_88' title="bbox 1050 2067 1835 2105">
    <p class='ocr_par' dir='ltr' id='par_1_88' title="bbox 1050 2067 1835 2105">
     <span class='ocr_line' id='line_1_88' title="bbox 1050 2067 1835 2105; baseline -0.013 -1"><span class='ocrx_word' id='word_1_707' title='bbox 1050 2079 1129 2105; x_wconf 82' lang='lat' dir='ltr'><strong>teret,</strong></span> <span class='ocrx_word' id='word_1_708' title='bbox 1144 2073 1292 2101; x_wconf 85' lang='lat' dir='ltr'><strong>admonere</strong></span> <span class='ocrx_word' id='word_1_709' title='bbox 1307 2078 1314 2098; x_wconf 88' lang='lat'>:</span> <span class='ocrx_word' id='word_1_710' title='bbox 1332 2078 1363 2098; x_wconf 82' lang='lat' dir='ltr'><strong>ea</strong></span> <span class='ocrx_word' id='word_1_711' title='bbox 1378 2069 1508 2097; x_wconf 88' lang='lat' dir='ltr'><strong>nimirum</strong></span> <span class='ocrx_word' id='word_1_712' title='bbox 1527 2077 1534 2095; x_wconf 94' lang='lat'><strong>:</strong></span> <span class='ocrx_word' id='word_1_713' title='bbox 1557 2077 1567 2094; x_wconf 75' lang='grc' dir='ltr'><strong>ι</strong></span> <span class='ocrx_word' id='word_1_714' title='bbox 1585 2067 1651 2101; x_wconf 69' lang='lat' dir='ltr'><strong>Quae</strong></span> <span class='ocrx_word' id='word_1_715' title='bbox 1666 2068 1764 2095; x_wconf 90' lang='lat' dir='ltr'><strong>oculus</strong></span> <span class='ocrx_word' id='word_1_716' title='bbox 1780 2074 1835 2095; x_wconf 90' lang='lat' dir='ltr'><strong>non</strong></span> 
     </span>
    </p>
   </div>
   <div class='ocr_carea' id='block_1_89' title="bbox 1050 2113 1839 2154">
    <p class='ocr_par' dir='ltr' id='par_1_89' title="bbox 1050 2113 1839 2154">
     <span class='ocr_line' id='line_1_89' title="bbox 1050 2113 1839 2154; baseline -0.01 -4"><span class='ocrx_word' id='word_1_717' title='bbox 1050 2121 1128 2154; x_wconf 86' lang='lat' dir='ltr'><strong>vidit,</strong></span> <span class='ocrx_word' id='word_1_718' title='bbox 1143 2127 1195 2148; x_wconf 90' lang='lat' dir='ltr'><strong>nec</strong></span> <span class='ocrx_word' id='word_1_719' title='bbox 1221 2118 1297 2146; x_wconf 84' lang='lat' dir='ltr'><strong>auris</strong></span> <span class='ocrx_word' id='word_1_720' title='bbox 1321 2116 1436 2149; x_wconf 80' lang='lat' dir='ltr'><strong>audivit,</strong></span> <span class='ocrx_word' id='word_1_721' title='bbox 1463 2121 1516 2143; x_wconf 89' lang='lat' dir='ltr'><strong>nec</strong></span> <span class='ocrx_word' id='word_1_722' title='bbox 1532 2114 1561 2142; x_wconf 92' lang='lat' dir='ltr'><strong>in</strong></span> <span class='ocrx_word' id='word_1_723' title='bbox 1576 2121 1624 2142; x_wconf 90' lang='lat' dir='ltr'><strong>cor</strong></span> <span class='ocrx_word' id='word_1_724' title='bbox 1643 2113 1767 2141; x_wconf 84' lang='lat' dir='ltr'><strong>hominis</strong></span> <span class='ocrx_word' id='word_1_725' title='bbox 1793 2121 1839 2142; x_wconf 84' lang='lat' dir='ltr'><strong>as-</strong></span> 
     </span>
    </p>
   </div>
   <div class='ocr_carea' id='block_1_90' title="bbox 1050 2158 1838 2201">
    <p class='ocr_par' dir='ltr' id='par_1_90' title="bbox 1050 2158 1838 2201">
     <span class='ocr_line' id='line_1_90' title="bbox 1050 2158 1838 2201; baseline -0.014 -5"><span class='ocrx_word' id='word_1_726' title='bbox 1050 2167 1152 2200; x_wconf 80' lang='lat' dir='ltr'><strong>cendit,</strong></span> <span class='ocrx_word' id='word_1_727' title='bbox 1174 2172 1235 2201; x_wconf 61' lang='lat' dir='ltr'><strong>quae</strong></span> <span class='ocrx_word' id='word_1_728' title='bbox 1251 2163 1414 2199; x_wconf 75' lang='lat' dir='ltr'><strong>praeparavit</strong></span> <span class='ocrx_word' id='word_1_729' title='bbox 1435 2161 1508 2189; x_wconf 87' lang='lat' dir='ltr'><strong>Deus</strong></span> <span class='ocrx_word' id='word_1_730' title='bbox 1533 2159 1568 2188; x_wconf 89' lang='lat' dir='ltr'><strong>iis</strong></span> <span class='ocrx_word' id='word_1_731' title='bbox 1581 2159 1629 2195; x_wconf 88' lang='lat' dir='ltr'><strong>qui</strong></span> <span class='ocrx_word' id='word_1_732' title='bbox 1656 2159 1776 2195; x_wconf 72' lang='lat' dir='ltr'><strong>diligunt</strong></span> <span class='ocrx_word' id='word_1_733' title='bbox 1804 2158 1838 2186; x_wconf 88' lang='lat' dir='ltr'><strong>il-</strong></span> 
     </span>
    </p>
   </div>
   <div class='ocr_carea' id='block_1_91' title="bbox 1051 2205 1838 2243">
    <p class='ocr_par' dir='ltr' id='par_1_91' title="bbox 1051 2205 1838 2243">
     <span class='ocr_line' id='line_1_91' title="bbox 1051 2205 1838 2243; baseline -0.014 -1"><span class='ocrx_word' id='word_1_734' title='bbox 1051 2216 1106 2242; x_wconf 92' lang='lat' dir='ltr'><strong>lum</strong></span> <span class='ocrx_word' id='word_1_735' title='bbox 1120 2213 1154 2240; x_wconf 86' lang='grc'><strong>⁸¹.</strong></span> <span class='ocrx_word' id='word_1_736' title='bbox 1175 2222 1185 2238; x_wconf 76' lang='grc' dir='ltr'><strong>ι</strong></span> <span class='ocrx_word' id='word_1_737' title='bbox 1205 2210 1270 2239; x_wconf 87' lang='lat' dir='ltr'><strong>Inde</strong></span> <span class='ocrx_word' id='word_1_738' title='bbox 1296 2213 1338 2237; x_wconf 90' lang='lat' dir='ltr'><strong>est</strong></span> <span class='ocrx_word' id='word_1_739' title='bbox 1354 2208 1438 2243; x_wconf 78' lang='lat' dir='ltr'><strong>igitur</strong></span> <span class='ocrx_word' id='word_1_740' title='bbox 1453 2206 1527 2242; x_wconf 86' lang='lat' dir='ltr'><strong>quod</strong></span> <span class='ocrx_word' id='word_1_741' title='bbox 1541 2206 1580 2233; x_wconf 91' lang='lat' dir='ltr'><strong>ait</strong></span> <span class='ocrx_word' id='word_1_742' title='bbox 1596 2214 1604 2234; x_wconf 86' lang='lat'><strong>:</strong></span> <span class='ocrx_word' id='word_1_743' title='bbox 1623 2207 1672 2233; x_wconf 79' lang='lat' dir='ltr'><strong>Est</strong></span> <span class='ocrx_word' id='word_1_744' title='bbox 1694 2205 1838 2233; x_wconf 60' lang='lat' dir='ltr'><strong>hereditas</strong></span> 
     </span>
    </p>
   </div>
   <div class='ocr_carea' id='block_1_92' title="bbox 1049 2249 1840 2288">
    <p class='ocr_par' dir='ltr' id='par_1_92' title="bbox 1049 2249 1840 2288">
     <span class='ocr_line' id='line_1_92' title="bbox 1049 2249 1840 2288; baseline -0.015 0"><span class='ocrx_word' id='word_1_745' title='bbox 1049 2258 1221 2288; x_wconf 69' lang='lat' dir='ltr'><strong>servientibus</strong></span> <span class='ocrx_word' id='word_1_746' title='bbox 1241 2255 1366 2283; x_wconf 86' lang='lat' dir='ltr'><strong>Domino.</strong></span> <span class='ocrx_word' id='word_1_747' title='bbox 1395 2252 1517 2287; x_wconf 80' lang='lat' dir='ltr'><strong>Diligunt</strong></span> <span class='ocrx_word' id='word_1_748' title='bbox 1542 2254 1633 2279; x_wconf 88' lang='lat' dir='ltr'><strong>autem</strong></span> <span class='ocrx_word' id='word_1_749' title='bbox 1657 2250 1746 2286; x_wconf 88' lang='lat' dir='ltr'><strong>ipsum</strong></span> <span class='ocrx_word' id='word_1_750' title='bbox 1770 2249 1840 2278; x_wconf 76' lang='lat' dir='ltr'><strong>servi</strong></span> 
     </span>
    </p>
   </div>
   <div class='ocr_carea' id='block_1_93' title="bbox 1048 2295 1840 2340">
    <p class='ocr_par' dir='ltr' id='par_1_93' title="bbox 1048 2295 1840 2340">
     <span class='ocr_line' id='line_1_93' title="bbox 1048 2295 1840 2340; baseline -0.014 -7"><span class='ocrx_word' id='word_1_751' title='bbox 1048 2306 1105 2340; x_wconf 84' lang='lat' dir='ltr'><strong>ejus</strong></span> <span class='ocrx_word' id='word_1_752' title='bbox 1116 2324 1124 2337; x_wconf 88' lang='lat'><strong>,</strong></span> <span class='ocrx_word' id='word_1_753' title='bbox 1148 2304 1170 2331; x_wconf 91' lang='lat' dir='ltr'><strong>si</strong></span> <span class='ocrx_word' id='word_1_754' title='bbox 1184 2302 1272 2331; x_wconf 86' lang='lat' dir='ltr'><strong>eidem</strong></span> <span class='ocrx_word' id='word_1_755' title='bbox 1289 2306 1395 2328; x_wconf 87' lang='lat' dir='ltr'><strong>summa</strong></span> <span class='ocrx_word' id='word_1_756' title='bbox 1412 2298 1546 2333; x_wconf 77' lang='lat' dir='ltr'><strong>religione</strong></span> <span class='ocrx_word' id='word_1_757' title='bbox 1562 2301 1591 2325; x_wconf 83' lang='lat' dir='ltr'><strong>et</strong></span> <span class='ocrx_word' id='word_1_758' title='bbox 1614 2295 1770 2324; x_wconf 88' lang='lat' dir='ltr'><strong>reverentia</strong></span> <span class='ocrx_word' id='word_1_759' title='bbox 1796 2295 1840 2323; x_wconf 79' lang='lat' dir='ltr'><strong>ia-</strong></span> 
     </span>
    </p>
   </div>
   <div class='ocr_carea' id='block_1_94' title="bbox 1051 2342 1839 2380">
    <p class='ocr_par' dir='ltr' id='par_1_94' title="bbox 1051 2342 1839 2380">
     <span class='ocr_line' id='line_1_94' title="bbox 1051 2342 1839 2380; baseline -0.014 -1"><span class='ocrx_word' id='word_1_760' title='bbox 1051 2351 1204 2379; x_wconf 90' lang='lat' dir='ltr'><strong>mulantur.</strong></span> <span class='ocrx_word' id='word_1_761' title='bbox 1220 2347 1323 2376; x_wconf 86' lang='lat' dir='ltr'><strong>Verum</strong></span> <span class='ocrx_word' id='word_1_762' title='bbox 1335 2353 1390 2374; x_wconf 91' lang='lat' dir='ltr'><strong>non</strong></span> <span class='ocrx_word' id='word_1_763' title='bbox 1408 2348 1450 2373; x_wconf 86' lang='lat' dir='ltr'><strong>est</strong></span> <span class='ocrx_word' id='word_1_764' title='bbox 1467 2343 1661 2380; x_wconf 73' lang='lat' dir='ltr'><strong>ignorandum,</strong></span> <span class='ocrx_word' id='word_1_765' title='bbox 1674 2342 1746 2377; x_wconf 85' lang='lat' dir='ltr'><strong>apud</strong></span> <span class='ocrx_word' id='word_1_766' title='bbox 1763 2342 1839 2370; x_wconf 87' lang='lat' dir='ltr'><strong>solos</strong></span> 
     </span>
    </p>
   </div>
   <div class='ocr_carea' id='block_1_95' title="bbox 212 2384 1003 2432">
    <p class='ocr_par' dir='ltr' id='par_1_95' title="bbox 212 2390 998 2431">
     <span class='ocr_line' id='line_1_95' title="bbox 212 2390 998 2431; baseline 0.009 -15"><span class='ocrx_word' id='word_1_767' title='bbox 212 2390 293 2426; x_wconf 75' lang='grc' dir='ltr'>Δηλοῖ</span> <span class='ocrx_word' id='word_1_768' title='bbox 303 2390 332 2417; x_wconf 84' lang='grc' dir='ltr'>δὲ</span> <span class='ocrx_word' id='word_1_769' title='bbox 347 2391 388 2418; x_wconf 85' lang='grc' dir='ltr'>ὄτι</span> <span class='ocrx_word' id='word_1_770' title='bbox 401 2391 472 2426; x_wconf 82' lang='grc' dir='ltr'>μετὰ</span> <span class='ocrx_word' id='word_1_771' title='bbox 492 2391 538 2419; x_wconf 79' lang='grc' dir='ltr'>τὸν</span> <span class='ocrx_word' id='word_1_772' title='bbox 552 2392 597 2419; x_wconf 84' lang='grc' dir='ltr'><strong>διὰ</strong></span> <span class='ocrx_word' id='word_1_773' title='bbox 616 2393 771 2429; x_wconf 80' lang='grc' dir='ltr'>πνεύματος</span> <span class='ocrx_word' id='word_1_774' title='bbox 791 2395 998 2431; x_wconf 82' lang='grc' dir='ltr'>ἀνακαινισμὺν,</span> 
     </span>
    </p>
   </div>
   <div class='ocr_carea' id='block_1_96' title="bbox 1054 2384 1840 2432">
    <p class='ocr_par' dir='ltr' id='par_1_96' title="bbox 1054 2389 1840 2432">
     <span class='ocr_line' id='line_1_96' title="bbox 1054 2389 1840 2432; baseline -0.013 -7"><span class='ocrx_word' id='word_1_775' title='bbox 1054 2396 1231 2432; x_wconf 80' lang='lat' dir='ltr'><strong>Septuaginta</strong></span> <span class='ocrx_word' id='word_1_776' title='bbox 1251 2394 1415 2428; x_wconf 86' lang='lat' dir='ltr'><strong>interpretes</strong></span> <span class='ocrx_word' id='word_1_777' title='bbox 1433 2391 1518 2420; x_wconf 85' lang='lat' dir='ltr'><strong>verba</strong></span> <span class='ocrx_word' id='word_1_778' title='bbox 1534 2392 1597 2424; x_wconf 88' lang='lat' dir='ltr'><strong>ista,</strong></span> <span class='ocrx_word' id='word_1_779' title='bbox 1618 2394 1644 2417; x_wconf 79' lang='lat' dir='ltr'><strong>et</strong></span> <span class='ocrx_word' id='word_1_780' title='bbox 1667 2389 1776 2416; x_wconf 74' lang='lat' dir='ltr'><strong>obnoxii</strong></span> <span class='ocrx_word' id='word_1_781' title='bbox 1799 2389 1840 2416; x_wconf 83' lang='lat' dir='ltr'><strong>tui</strong></span> 
     </span>
    </p>
   </div>
   <div class='ocr_carea' id='block_1_97' title="bbox 212 2434 1001 2474">
    <p class='ocr_par' dir='ltr' id='par_1_97' title="bbox 212 2434 1001 2474">
     <span class='ocr_line' id='line_1_97' title="bbox 212 2434 1001 2474; baseline 0.009 -12"><span class='ocrx_word' id='word_1_782' title='bbox 212 2434 311 2467; x_wconf 77' lang='grc' dir='ltr'>εῐτινες</span> <span class='ocrx_word' id='word_1_783' title='bbox 325 2435 462 2470; x_wconf 77' lang='grc' dir='ltr'><strong>εὑρεθεῖεν</strong></span> <span class='ocrx_word' id='word_1_784' title='bbox 475 2437 622 2473; x_wconf 82' lang='grc' dir='ltr'>ἁμαρτίαις</span> <span class='ocrx_word' id='word_1_785' title='bbox 635 2438 746 2474; x_wconf 75' lang='grc' dir='ltr'>ἔνοχοι,</span> <span class='ocrx_word' id='word_1_786' title='bbox 755 2439 878 2468; x_wconf 77' lang='grc' dir='ltr'>ἔσονται</span> <span class='ocrx_word' id='word_1_787' title='bbox 894 2441 929 2468; x_wconf 82' lang='grc' dir='ltr'><strong>ἐν</strong></span> <span class='ocrx_word' id='word_1_788' title='bbox 947 2442 1001 2468; x_wconf 87' lang='grc' dir='ltr'><strong>αὑ-</strong></span> 
     </span>
    </p>
   </div>
   <div class='ocr_carea' id='block_1_98' title="bbox 213 2479 1000 2520">
    <p class='ocr_par' dir='ltr' id='par_1_98' title="bbox 213 2479 1000 2520">
     <span class='ocr_line' id='line_1_98' title="bbox 213 2479 1000 2520; baseline 0.011 -14"><span class='ocrx_word' id='word_1_789' title='bbox 213 2479 261 2514; x_wconf 80' lang='grc' dir='ltr'>τῇ,</span> <span class='ocrx_word' id='word_1_790' title='bbox 273 2481 305 2516; x_wconf 80' lang='grc' dir='ltr'>τῇ</span> <span class='ocrx_word' id='word_1_791' title='bbox 316 2481 404 2517; x_wconf 79' lang='grc' dir='ltr'>φθορᾷ</span> <span class='ocrx_word' id='word_1_792' title='bbox 412 2482 543 2517; x_wconf 75' lang='grc' dir='ltr'>δηλονότυ</span> <span class='ocrx_word' id='word_1_793' title='bbox 557 2484 597 2511; x_wconf 83' lang='grc' dir='ltr'>διὸ</span> <span class='ocrx_word' id='word_1_794' title='bbox 608 2485 760 2520; x_wconf 75' lang='grc' dir='ltr'>ἐπήνεγκεν</span> <span class='ocrx_word' id='word_1_795' title='bbox 772 2486 852 2519; x_wconf 81' lang='grc' dir='ltr'>εὐθὺς</span> <span class='ocrx_word' id='word_1_796' title='bbox 867 2486 1000 2520; x_wconf 81' lang='grc' dir='ltr'>τδ,Ἐστι</span> 
     </span>
    </p>
   </div>
   <div class='ocr_carea' id='block_1_99' title="bbox 212 2527 1001 2568">
    <p class='ocr_par' dir='ltr' id='par_1_99' title="bbox 212 2527 1001 2568">
     <span class='ocr_line' id='line_1_99' title="bbox 212 2527 1001 2568; baseline 0.01 -15"><span class='ocrx_word' id='word_1_797' title='bbox 212 2527 398 2561; x_wconf 75' lang='grc' dir='ltr'>κληρονομία</span> <span class='ocrx_word' id='word_1_798' title='bbox 412 2528 475 2562; x_wconf 78' lang='grc' dir='ltr'>τοῖς</span> <span class='ocrx_word' id='word_1_799' title='bbox 491 2531 689 2564; x_wconf 71' lang='grc' dir='ltr'>θεραπεύουσι</span> <span class='ocrx_word' id='word_1_800' title='bbox 702 2533 822 2566; x_wconf 80' lang='grc' dir='ltr'>Κύριον.</span> <span class='ocrx_word' id='word_1_801' title='bbox 836 2533 891 2568; x_wconf 85' lang='grc' dir='ltr'><strong>Τὴν</strong></span> <span class='ocrx_word' id='word_1_802' title='bbox 905 2533 934 2560; x_wconf 84' lang='grc' dir='ltr'>δὲ</span> <span class='ocrx_word' id='word_1_803' title='bbox 947 2534 1001 2561; x_wconf 77' lang='grc' dir='ltr'><strong>πᾶ-</strong></span> 
     </span>
    </p>
   </div>
   <div class='ocr_carea' id='block_1_100' title="bbox 213 2573 1000 2616">
    <p class='ocr_par' dir='ltr' id='par_1_100' title="bbox 213 2573 1000 2616">
     <span class='ocr_line' id='line_1_100' title="bbox 213 2573 1000 2616; baseline 0.011 -18"><span class='ocrx_word' id='word_1_804' title='bbox 213 2580 262 2599; x_wconf 85' lang='grc' dir='ltr'><strong>σαν</strong></span> <span class='ocrx_word' id='word_1_805' title='bbox 282 2573 361 2608; x_wconf 81' lang='grc' dir='ltr'>ῥῆσίν</span> <span class='ocrx_word' id='word_1_806' title='bbox 375 2582 447 2606; x_wconf 83' lang='grc' dir='ltr'>τινες</span> <span class='ocrx_word' id='word_1_807' title='bbox 472 2576 520 2602; x_wconf 72' lang='grc' dir='ltr'><strong>καὶ</strong></span> <span class='ocrx_word' id='word_1_808' title='bbox 534 2576 580 2602; x_wconf 71' lang='grc' dir='ltr'>ἐπὶ</span> <span class='ocrx_word' id='word_1_809' title='bbox 594 2576 644 2612; x_wconf 80' lang='grc' dir='ltr'><strong>τῆς</strong></span> <span class='ocrx_word' id='word_1_810' title='bbox 667 2578 802 2615; x_wconf 77' lang='grc' dir='ltr'>αἰσθητῆς</span> <span class='ocrx_word' id='word_1_811' title='bbox 822 2579 1000 2616; x_wconf 84' lang='grc' dir='ltr'>Ἰερουσαλὴμ</span> 
     </span>
    </p>
   </div>
   <div class='ocr_carea' id='block_1_101' title="bbox 211 2619 997 2661">
    <p class='ocr_par' dir='ltr' id='par_1_101' title="bbox 211 2619 997 2661">
     <span class='ocr_line' id='line_1_101' title="bbox 211 2619 997 2661; baseline 0.011 -16"><span class='ocrx_word' id='word_1_812' title='bbox 211 2619 281 2646; x_wconf 87' lang='grc' dir='ltr'>νοεῖν</span> <span class='ocrx_word' id='word_1_813' title='bbox 295 2619 411 2654; x_wconf 73' lang='grc' dir='ltr'>ἔφασαν,</span> <span class='ocrx_word' id='word_1_814' title='bbox 428 2620 559 2649; x_wconf 81' lang='grc' dir='ltr'>δύνασθαι</span> <span class='ocrx_word' id='word_1_815' title='bbox 574 2624 769 2659; x_wconf 67' lang='grc' dir='ltr'>εὐφροσύνην</span> <span class='ocrx_word' id='word_1_816' title='bbox 779 2625 904 2660; x_wconf 77' lang='grc' dir='ltr'>λέγοντες</span> <span class='ocrx_word' id='word_1_817' title='bbox 923 2627 997 2661; x_wconf 87' lang='grc' dir='ltr'>γίνε-</span> 
     </span>
    </p>
   </div>
   <div class='ocr_carea' id='block_1_102' title="bbox 212 2665 1000 2708">
    <p class='ocr_par' dir='ltr' id='par_1_102' title="bbox 212 2665 1000 2708">
     <span class='ocr_line' id='line_1_102' title="bbox 212 2665 1000 2708; baseline 0.01 -16"><span class='ocrx_word' id='word_1_818' title='bbox 212 2665 284 2698; x_wconf 88' lang='grc' dir='ltr'>σθαι,</span> <span class='ocrx_word' id='word_1_819' title='bbox 302 2666 339 2693; x_wconf 78' lang='grc' dir='ltr'><strong>ὅτ’</strong></span> <span class='ocrx_word' id='word_1_820' title='bbox 350 2666 383 2693; x_wconf 81' lang='grc' dir='ltr'>ἂν</span> <span class='ocrx_word' id='word_1_821' title='bbox 397 2667 484 2702; x_wconf 80' lang='grc' dir='ltr'>ἀθρόα</span> <span class='ocrx_word' id='word_1_822' title='bbox 498 2668 611 2704; x_wconf 82' lang='grc' dir='ltr'>γένηται</span> <span class='ocrx_word' id='word_1_823' title='bbox 635 2671 703 2706; x_wconf 84' lang='grc' dir='ltr'>πρὸς</span> <span class='ocrx_word' id='word_1_824' title='bbox 721 2671 752 2698; x_wconf 83' lang='grc' dir='ltr'>τὸ</span> <span class='ocrx_word' id='word_1_825' title='bbox 770 2673 894 2707; x_wconf 84' lang='grc' dir='ltr'>κρεῖττον</span> <span class='ocrx_word' id='word_1_826' title='bbox 918 2682 1000 2708; x_wconf 83' lang='grc' dir='ltr'>μετα-</span> 
     </span>
    </p>
   </div>
   <div class='ocr_carea' id='block_1_103' title="bbox 1051 2434 1840 2473">
    <p class='ocr_par' dir='ltr' id='par_1_103' title="bbox 1051 2434 1840 2473">
     <span class='ocr_line' id='line_1_103' title="bbox 1051 2434 1840 2473; baseline -0.011 -3"><span class='ocrx_word' id='word_1_827' title='bbox 1051 2442 1167 2469; x_wconf 83' lang='lat' dir='ltr'><strong>eruntin</strong></span> <span class='ocrx_word' id='word_1_828' title='bbox 1180 2449 1222 2473; x_wconf 89' lang='lat' dir='ltr'><strong>ea,</strong></span> <span class='ocrx_word' id='word_1_829' title='bbox 1238 2439 1417 2472; x_wconf 86' lang='lat' dir='ltr'><strong>inveniri;et</strong></span> <span class='ocrx_word' id='word_1_830' title='bbox 1438 2445 1486 2465; x_wconf 85' lang='lat' dir='ltr'><strong>eos</strong></span> <span class='ocrx_word' id='word_1_831' title='bbox 1509 2435 1558 2471; x_wconf 88' lang='lat' dir='ltr'><strong>qui</strong></span> <span class='ocrx_word' id='word_1_832' title='bbox 1584 2440 1646 2471; x_wconf 83' lang='lat' dir='ltr'><strong>post</strong></span> <span class='ocrx_word' id='word_1_833' title='bbox 1662 2434 1764 2462; x_wconf 82' lang='lat' dir='ltr'><strong>factam</strong></span> <span class='ocrx_word' id='word_1_834' title='bbox 1790 2441 1840 2470; x_wconf 88' lang='lat' dir='ltr'><strong>per</strong></span> 
     </span>
    </p>
   </div>
   <div class='ocr_carea' id='block_1_104' title="bbox 1053 2481 1838 2524">
    <p class='ocr_par' dir='ltr' id='par_1_104' title="bbox 1053 2481 1838 2524">
     <span class='ocr_line' id='line_1_104' title="bbox 1053 2481 1838 2524; baseline -0.011 -8"><span class='ocrx_word' id='word_1_835' title='bbox 1053 2488 1185 2524; x_wconf 88' lang='lat' dir='ltr'><strong>Spiritum</strong></span> <span class='ocrx_word' id='word_1_836' title='bbox 1205 2486 1423 2517; x_wconf 86' lang='lat' dir='ltr'><strong>renovationem,</strong></span> <span class='ocrx_word' id='word_1_837' title='bbox 1440 2482 1561 2518; x_wconf 88' lang='lat' dir='ltr'><strong>peccatis</strong></span> <span class='ocrx_word' id='word_1_838' title='bbox 1575 2481 1686 2509; x_wconf 67' lang='lat' dir='ltr'><strong>obnoxii</strong></span> <span class='ocrx_word' id='word_1_839' title='bbox 1699 2481 1838 2516; x_wconf 87' lang='lat' dir='ltr'><strong>reperien-</strong></span> 
     </span>
    </p>
   </div>
   <div class='ocr_carea' id='block_1_105' title="bbox 1051 2526 1839 2567">
    <p class='ocr_par' dir='ltr' id='par_1_105' title="bbox 1051 2526 1839 2567">
     <span class='ocr_line' id='line_1_105' title="bbox 1051 2526 1839 2567; baseline -0.011 -4"><span class='ocrx_word' id='word_1_840' title='bbox 1051 2539 1107 2567; x_wconf 84' lang='lat' dir='ltr'><strong>tur,</strong></span> <span class='ocrx_word' id='word_1_841' title='bbox 1120 2535 1148 2561; x_wconf 87' lang='lat' dir='ltr'><strong>in</strong></span> <span class='ocrx_word' id='word_1_842' title='bbox 1159 2542 1201 2566; x_wconf 83' lang='lat' dir='ltr'><strong>ea,</strong></span> <span class='ocrx_word' id='word_1_843' title='bbox 1213 2531 1390 2567; x_wconf 85' lang='lat' dir='ltr'><strong>corruptione</strong></span> <span class='ocrx_word' id='word_1_844' title='bbox 1403 2529 1522 2562; x_wconf 82' lang='lat' dir='ltr'><strong>scilicet,</strong></span> <span class='ocrx_word' id='word_1_845' title='bbox 1544 2528 1649 2563; x_wconf 73' lang='lat' dir='ltr'><strong>futuros</strong></span> <span class='ocrx_word' id='word_1_846' title='bbox 1671 2535 1733 2555; x_wconf 87' lang='lat' dir='ltr'><strong>esse</strong></span> <span class='ocrx_word' id='word_1_847' title='bbox 1749 2526 1839 2562; x_wconf 74' lang='lat' dir='ltr'><strong>signi-</strong></span> 
     </span>
    </p>
   </div>
   <div class='ocr_carea' id='block_1_106' title="bbox 1051 2570 1837 2612">
    <p class='ocr_par' dir='ltr' id='par_1_106' title="bbox 1051 2570 1837 2612">
     <span class='ocr_line' id='line_1_106' title="bbox 1051 2570 1837 2612; baseline -0.013 -5"><span class='ocrx_word' id='word_1_848' title='bbox 1051 2580 1153 2607; x_wconf 84' lang='lat' dir='ltr'><strong>ﬁcare:</strong></span> <span class='ocrx_word' id='word_1_849' title='bbox 1169 2578 1295 2612; x_wconf 80' lang='lat' dir='ltr'><strong>idecque,</strong></span> <span class='ocrx_word' id='word_1_850' title='bbox 1311 2579 1350 2602; x_wconf 80' lang='lat' dir='ltr'><strong>est</strong></span> <span class='ocrx_word' id='word_1_851' title='bbox 1365 2573 1507 2601; x_wconf 75' lang='lat' dir='ltr'><strong>htereditas</strong></span> <span class='ocrx_word' id='word_1_852' title='bbox 1521 2571 1693 2600; x_wconf 75' lang='lat' dir='ltr'><strong>servientibus</strong></span> <span class='ocrx_word' id='word_1_853' title='bbox 1713 2570 1837 2603; x_wconf 87' lang='lat' dir='ltr'><strong>Domino,</strong></span> 
     </span>
    </p>
   </div>
   <div class='ocr_carea' id='block_1_107' title="bbox 1053 2616 1839 2660">
    <p class='ocr_par' dir='ltr' id='par_1_107' title="bbox 1053 2616 1839 2660">
     <span class='ocr_line' id='line_1_107' title="bbox 1053 2616 1839 2660; baseline -0.013 -6"><span class='ocrx_word' id='word_1_854' title='bbox 1053 2626 1145 2655; x_wconf 82' lang='lat' dir='ltr'><strong>statim</strong></span> <span class='ocrx_word' id='word_1_855' title='bbox 1162 2624 1307 2660; x_wconf 84' lang='lat' dir='ltr'><strong>adjecisse.</strong></span> <span class='ocrx_word' id='word_1_856' title='bbox 1325 2622 1360 2649; x_wconf 86' lang='lat' dir='ltr'><strong>At</strong></span> <span class='ocrx_word' id='word_1_857' title='bbox 1373 2624 1439 2649; x_wconf 87' lang='lat' dir='ltr'><strong>sunt</strong></span> <span class='ocrx_word' id='word_1_858' title='bbox 1463 2619 1509 2654; x_wconf 84' lang='lat' dir='ltr'><strong>qui</strong></span> <span class='ocrx_word' id='word_1_859' title='bbox 1534 2619 1624 2646; x_wconf 86' lang='lat' dir='ltr'><strong>locum</strong></span> <span class='ocrx_word' id='word_1_860' title='bbox 1641 2619 1778 2653; x_wconf 74' lang='lat' dir='ltr'><strong>integrum</strong></span> <span class='ocrx_word' id='word_1_861' title='bbox 1803 2616 1839 2645; x_wconf 91' lang='lat' dir='ltr'><strong>de</strong></span> 
     </span>
    </p>
   </div>
   <div class='ocr_carea' id='block_1_108' title="bbox 1053 2663 1835 2705">
    <p class='ocr_par' dir='ltr' id='par_1_108' title="bbox 1053 2663 1835 2705">
     <span class='ocr_line' id='line_1_108' title="bbox 1053 2663 1835 2705; baseline -0.014 -5"><span class='ocrx_word' id='word_1_862' title='bbox 1053 2670 1217 2703; x_wconf 79' lang='lat' dir='ltr'><strong>Jerusalem,</strong></span> <span class='ocrx_word' id='word_1_863' title='bbox 1234 2677 1295 2705; x_wconf 79' lang='lat' dir='ltr'><strong>qua:</strong></span> <span class='ocrx_word' id='word_1_864' title='bbox 1312 2667 1364 2696; x_wconf 88' lang='lat' dir='ltr'><strong>sub</strong></span> <span class='ocrx_word' id='word_1_865' title='bbox 1381 2674 1494 2695; x_wconf 89' lang='lat' dir='ltr'><strong>sensum</strong></span> <span class='ocrx_word' id='word_1_866' title='bbox 1511 2665 1596 2696; x_wconf 87' lang='lat' dir='ltr'><strong>cadit,</strong></span> <span class='ocrx_word' id='word_1_867' title='bbox 1611 2664 1727 2699; x_wconf 77' lang='lat' dir='ltr'><strong>intelligi</strong></span> <span class='ocrx_word' id='word_1_868' title='bbox 1742 2663 1835 2696; x_wconf 86' lang='lat' dir='ltr'><strong>velint,</strong></span> 
     </span>
    </p>
   </div>
   <div class='ocr_carea' id='block_1_109' title="bbox 247 2720 1003 2762">
    <p class='ocr_par' dir='ltr' id='par_1_109' title="bbox 247 2720 1003 2762">
     <span class='ocr_line' id='line_1_109' title="bbox 247 2720 1003 2762; baseline 0.015 -16"><span class='ocrx_word' id='word_1_869' title='bbox 247 2720 269 2736; x_wconf 83' lang='lat'>&quot;</span> <span class='ocrx_word' id='word_1_870' title='bbox 281 2720 361 2762; x_wconf 56' lang='lat' dir='ltr'><strong>learn:</strong></span> <span class='ocrx_word' id='word_1_871' title='bbox 375 2729 433 2762; x_wconf 65' lang='grc' dir='ltr'>ξεν,</span> <span class='ocrx_word' id='word_1_872' title='bbox 448 2721 474 2749; x_wconf 88' lang='grc'>6.</span> <span class='ocrx_word' id='word_1_873' title='bbox 503 2723 535 2762; x_wconf 70' lang='lat'><strong>_&quot;</strong></span> <span class='ocrx_word' id='word_1_874' title='bbox 552 2725 616 2753; x_wconf 86' lang='lat' dir='ltr'><strong>ibid.</strong></span> <span class='ocrx_word' id='word_1_875' title='bbox 656 2726 676 2743; x_wconf 84' lang='grc'><strong>⁷⁸</strong></span> <span class='ocrx_word' id='word_1_876' title='bbox 691 2726 768 2755; x_wconf 86' lang='lat' dir='ltr'><strong>Joan.</strong></span> <span class='ocrx_word' id='word_1_877' title='bbox 790 2735 816 2760; x_wconf 71' lang='grc' dir='ltr'><strong>ι,</strong></span> <span class='ocrx_word' id='word_1_878' title='bbox 830 2727 857 2756; x_wconf 83' lang='grc'><strong>9.</strong></span> <span class='ocrx_word' id='word_1_879' title='bbox 895 2729 918 2745; x_wconf 88' lang='lat'><strong>&quot;</strong></span> <span class='ocrx_word' id='word_1_880' title='bbox 934 2728 1003 2757; x_wconf 77' lang='lat' dir='ltr'><strong>Mattl</strong></span> 
     </span>
    </p>
   </div>
   <div class='ocr_carea' id='block_1_110' title="bbox 1054 2720 1839 2762">
    <p class='ocr_par' dir='ltr' id='par_1_110' title="bbox 1054 2721 1839 2762">
     <span class='ocr_line' id='line_1_110' title="bbox 1054 2721 1839 2762; baseline -0.013 -4"><span class='ocrx_word' id='word_1_881' title='bbox 1054 2737 1100 2762; x_wconf 76' lang='lat' dir='ltr'><strong>tvx,</strong></span> <span class='ocrx_word' id='word_1_882' title='bbox 1117 2729 1155 2757; x_wconf 90' lang='lat'><strong>[8.</strong></span> <span class='ocrx_word' id='word_1_883' title='bbox 1193 2729 1216 2745; x_wconf 76' lang='lat'><strong>&quot;°</strong></span> <span class='ocrx_word' id='word_1_884' title='bbox 1237 2729 1316 2756; x_wconf 78' lang='lat' dir='ltr'><strong>Rom.</strong></span> <span class='ocrx_word' id='word_1_885' title='bbox 1329 2734 1376 2758; x_wconf 61' lang='lat' dir='ltr'><strong>xit,</strong></span> <span class='ocrx_word' id='word_1_886' title='bbox 1397 2727 1424 2753; x_wconf 55' lang='grc' dir='ltr'><strong>ἲ.</strong></span> <span class='ocrx_word' id='word_1_887' title='bbox 1463 2725 1484 2741; x_wconf 79' lang='lat'><strong>“&#39;</strong></span> <span class='ocrx_word' id='word_1_888' title='bbox 1503 2724 1575 2752; x_wconf 74' lang='lat' dir='ltr'><strong>Psul.</strong></span> <span class='ocrx_word' id='word_1_889' title='bbox 1589 2731 1644 2754; x_wconf 57' lang='grc' dir='ltr'><strong>ων,</strong></span> <span class='ocrx_word' id='word_1_890' title='bbox 1665 2722 1708 2750; x_wconf 75' lang='grc'><strong>15.</strong></span> <span class='ocrx_word' id='word_1_891' title='bbox 1746 2721 1768 2738; x_wconf 84' lang='grc'><strong><em>⁸³</em></strong></span> <span class='ocrx_word' id='word_1_892' title='bbox 1784 2721 1839 2754; x_wconf 67' lang='lat' dir='ltr'><strong>lsa._</strong></span> 
     </span>
    </p>
   </div>
   <div class='ocr_carea' id='block_1_111' title="bbox 213 2755 528 2792">
    <p class='ocr_par' dir='ltr' id='par_1_111' title="bbox 213 2755 528 2792">
     <span class='ocr_line' id='line_1_111' title="bbox 213 2755 528 2792; baseline 0.003 -8"><span class='ocrx_word' id='word_1_893' title='bbox 213 2763 284 2788; x_wconf 76' lang='lat' dir='ltr'><strong>LXIV,</strong></span> <span class='ocrx_word' id='word_1_894' title='bbox 297 2756 332 2789; x_wconf 69' lang='lat'><strong>4;</strong></span> <span class='ocrx_word' id='word_1_895' title='bbox 346 2755 357 2783; x_wconf 90' lang='grc' dir='ltr'>Ι</span> <span class='ocrx_word' id='word_1_896' title='bbox 372 2755 435 2784; x_wconf 88' lang='lat' dir='ltr'><strong>Cor.</strong></span> <span class='ocrx_word' id='word_1_897' title='bbox 450 2765 481 2792; x_wconf 88' lang='grc' dir='ltr'><strong>ιι,</strong></span> <span class='ocrx_word' id='word_1_898' title='bbox 501 2758 528 2786; x_wconf 88' lang='lat'><strong>9.</strong></span> 
     </span>
    </p>
   </div>
   <div class='ocr_carea' id='block_1_112' title="bbox 860 2806 1197 2837">
    <p class='ocr_par' dir='ltr' id='par_1_112' title="bbox 860 2806 1197 2837">
     <span class='ocr_line' id='line_1_112' title="bbox 860 2806 1197 2837; baseline 0.003 -4"><span class='ocrx_word' id='word_1_899' title='bbox 860 2806 974 2837; x_wconf 64' lang='lat' dir='ltr'><strong>VARUS</strong></span> <span class='ocrx_word' id='word_1_900' title='bbox 994 2806 1197 2837; x_wconf 78' lang='lat' dir='ltr'><strong>LECTIONES.</strong></span> 
     </span>
    </p>
   </div>
   <div class='ocr_carea' id='block_1_113' title="bbox 249 2850 546 2885">
    <p class='ocr_par' dir='ltr' id='par_1_113' title="bbox 249 2850 546 2885">
     <span class='ocr_line' id='line_1_113' title="bbox 249 2850 546 2885; baseline 0.013 -12"><span class='ocrx_word' id='word_1_901' title='bbox 249 2856 263 2873; x_wconf 69' lang='grc' dir='ltr'>ι·</span> <span class='ocrx_word' id='word_1_902' title='bbox 282 2858 324 2883; x_wconf 74' lang='grc' dir='ltr'><strong>γρ.</strong></span> <span class='ocrx_word' id='word_1_903' title='bbox 346 2850 419 2884; x_wconf 76' lang='grc' dir='ltr'>παρᾶ</span> <span class='ocrx_word' id='word_1_904' title='bbox 446 2851 546 2885; x_wconf 74' lang='grc' dir='ltr'>μόνοις.</span> 
     </span>
    </p>
   </div>
  </div>
