1999 3076
164 146 235 180 2547

818 158 995 190 PROCOPII
1015 159 1135 190 GAZ/El

1721 159 1792 192 2548

164 204 335 241 [mittamque
353 205 411 234 fore
429 210 486 235 tum
502 207 623 243 domum,
639 210 700 238 eum
727 214 897 247 repentinam
923 214 950 241 in

1005 215 1080 251 δολή.
1095 214 1167 250 Πρὸς
1180 214 1214 250 ἣν
1230 214 1401 250 εὐφροσύνην
1413 214 1598 250 προτρέπεται
1613 215 1659 242 καὶ
1671 216 1721 251 τὴν
1741 216 1792 244 Ίε-

162 250 260 279 melius
279 251 335 280 fieri
353 254 530 282 mutationem
545 256 706 291 contigerit;
725 258 758 285 ad
772 266 854 294 quam
869 259 949 287 Jeru-

161 296 247 324 salem
269 298 350 325 etiam
375 299 482 333 invitat,
509 308 569 334 qua:
585 309 617 329 ea
634 309 809 338 peccatorum
840 305 949 333 vincula

162 341 281 377 fregerit,
294 344 394 378 quibus
406 346 524 381 seipsam
538 347 618 375 bonis
630 348 762 382 privatam
779 355 803 377 et
818 351 948 385 sterilem,

163 396 179 416 a
197 389 306 425 Deoque
320 396 476 426 separatam
493 392 691 422 obstrinxerat.
707 394 746 422 Ita
764 396 836 424 enim
851 401 878 424 et
889 398 950 431 plu-

164 442 205 462 res
225 435 340 469 incolas,
358 437 461 472 inquit,
482 438 623 473 habueris,
638 441 660 468 si
674 449 716 468 me
724 441 771 469 tibi
788 443 838 469 viri
853 443 879 470 in
891 451 950 470 mo-

165 491 221 510 rem
240 492 358 519 prmesse
377 486 507 518 volueris.
525 492 551 514 ct
571 491 597 514 te
615 488 761 524 majorem,
777 495 839 524 post
858 491 948 526 capti-

162 529 273 556 vitatem
299 530 425 559 eliecero.
457 532 550 560 Gentes
581 534 680 562 deinde
700 535 774 569 ipsas
803 537 948 571 possidebit

162 583 249 602 senten
268 580 352 609 tuum,
368 585 428 612 qua:
449 583 478 605 ut
493 579 552 614 ejus
568 580 795 609 instaurationem
819 583 949 617 prohibe-

162 626 235 654 rent,
253 623 388 650 eoierant.
418 623 456 651 lta
467 625 540 652 enim
556 631 621 654 sunt
634 630 780 662 superatae,
795 633 824 655 ut
844 628 878 655 ad
906 636 950 656 se-

164 673 290 702 ptcnnem
305 669 441 696 ustionem
456 678 548 697 earum
560 679 636 698 arma
651 672 820 700 suffecerint.
836 672 949 709 Signiﬁ-

162 717 207 739 cat
227 721 338 741 rursum
355 715 437 742 urbrs
453 715 538 750 ipsas,
566 724 626 751 qua:
641 716 751 744 desertae
769 717 889 751 fuerant,
915 719 950 746 ab

162 757 295 788 lsraelitis
307 767 369 788 esse
380 762 547 796 reparandas
560 767 587 790 et
602 762 776 791 habitandas.
791 763 853 791 Noli
868 764 950 799 igitur

162 805 292 839 amplius,
311 806 411 841 inquit.
430 807 514 835 veteri
526 813 551 835 tc
565 809 660 844 gloria:
681 810 839 837 restitutum
853 810 885 837 iri
899 810 951 837 du-

164 850 259 878 bitare.
269 849 351 878 Elues
362 852 433 878 cuitu
450 853 550 880 veteris
565 853 699 888 opprobrii
715 854 861 882 maculam.
876 854 950 883 Talis

163 901 260 924 eratet
275 896 337 925 Jobi
352 900 452 933 oratio,
468 900 606 927 dicentis:
629 909 639 926 ι
662 900 789 929 Etiamsi
805 902 868 930 nive
883 910 949 937 pro-
967 893 989 923 Β

165 943 233 974 luar,
251 949 277 971 et
293 945 369 978 puris
389 945 515 972 manibus
530 954 644 981 purgor,
660 947 770 975 abunde
794 955 837 975 me
859 948 950 976 sordi-

163 988 213 1016 bus
224 988 352 1017 infecisti.
369 990 550 1019 Abominatus
560 996 602 1019 est
615 1000 658 1020 me
669 992 785 1020 amictus
800 1001 877 1021 meus
888 993 922 1020 ⁸³.
938 1003 948 1020 ι

165 1034 282 1062 Confert
302 1043 366 1063 vero
381 1036 413 1063 ad
432 1035 529 1069 fidem,
546 1037 776 1072 promissionibus
790 1039 872 1073 quod,
901 1039 952 1066 Dn-

165 1080 251 1107 minus
269 1082 313 1116 qui
333 1082 399 1116 facit
413 1087 447 1115 te,
464 1082 578 1118 adjicit;
605 1088 635 1111 ut
661 1091 723 1111 eum
742 1093 782 1117 se,
810 1092 824 1112 a
842 1092 896 1120 quo
920 1085 954 1113 de

164 1125 252 1152 nihilo
271 1125 298 1153 in
316 1126 403 1154 lucem
419 1127 570 1162 productus
597 1129 644 1161 sit,
667 1137 728 1158 esse
758 1130 948 1163 demonstret;

165 1177 254 1204 neque
267 1170 319 1199 sibi
334 1172 381 1199 uni
397 1172 491 1205 Deum,
512 1173 562 1200 sed
575 1174 702 1209 gentibus
727 1175 840 1202 cunctis
865 1174 949 1202 etiam

165 1212 299 1242 futurum.
317 1214 375 1242 Non
392 1217 465 1243 enim
480 1217 579 1252 inquit,
610 1218 717 1253 injuriae
741 1224 794 1246 tua:
820 1219 949 1247 recorda-

1001 260 1142 296 ρουσαλὴμ
1163 261 1326 295 ῥηγνῦσαν
1354 263 1405 296 τῆς
1429 261 1568 296 ἁμαρτίας
1582 262 1617 289 τὰ
1640 262 1738 298 δεσμὰ,
1752 260 1792 295 οἷς

1000 306 1100 341 ἑαυτὴν
1110 306 1292 342 ὲγκατέδησεν
1306 307 1512 342 νστειρωθεῒσα
1538 307 1630 336 καλῶν
1648 309 1694 335 καὶ
1722 311 1792 336 ἀπο-

1001 353 1088 379 στᾶσα
1104 352 1182 379 Θεοῦ.
1197 352 1274 379 Οὕτω
1298 352 1353 388 γὰρ
1370 353 1496 386 πλείους
1523 353 1605 386 ἕξεις,
1632 355 1710 389 φησὶ,
1730 355 1794 387 τοὺς

1000 397 1157 432 οἰκήτορας,
1183 396 1302 432 λαχοῦσα
1328 398 1484 434 προστάτην
1507 399 1558 433 ἐμὲ
1585 399 1663 434 δίκην
1683 400 1794 434 ἀνδρὸς

1001 442 1276 478 ἀντιλαμϐανόμενον,
1286 443 1332 470 καὶ
1349 443 1460 478 μείζονα
1474 444 1503 471 δέ
1517 453 1547 471 σε
1564 444 1632 479 μετὰ
1647 445 1697 481 τὴν
1709 446 1794 481 αίχμ-

999 488 1120 515 αλωσίαν
1154 489 1271 524 ποιήσω.
1310 489 1407 523 Ἔθνη
1437 489 1471 516 δὲ
1505 491 1732 525 κληρονομήσει
1759 491 1793 518 τὸ

1001 535 1121 569 σπέρμα
1131 542 1189 562 σου
1201 534 1234 561 τὰ
1247 527 1407 561 συνελθόντα
1419 535 1486 571 πρὸς
1498 536 1529 562 τὸ
1538 535 1659 563 κωλῦσαι
1668 537 1714 563 τὸν
1726 537 1793 564 ταύ-

1000 589 1050 615 της
1079 581 1250 615 ἁνοικισμόν.
1279 581 1357 607 Οὕτω
1382 582 1434 616 γὰρ
1461 582 1629 617 ἡττήθησαν,
1641 582 1687 614 ab;
1698 583 1743 610 καὶ
1759 583 1793 611 τὰ

1001 625 1070 653 ὅπλα
1085 626 1174 652 αὐτῶν
1191 627 1237 652 ἐπὶ
1250 627 1320 653 ἑπτὰ
1335 626 1381 662 ἔτη
1398 627 1514 662 ἀρκέσαι
1526 627 1594 662 πρὸς
1613 628 1720 655 καῦσιν.
1739 628 1793 654 Καὶ

1001 671 1050 703 τὰς
1067 671 1159 703 πόλεις
1172 671 1238 707 φησὶ
1258 672 1307 702 τὰς
1329 672 1526 706 ἠρημωμένας
1542 673 1595 699 ὑπὸ
1615 673 1663 699 τοῦ
1684 673 1793 708 Ἰσραὴλ

1001 717 1269 753 κατοικισθήσεσθαι,
1288 718 1333 753 Μὴ
1348 716 1394 744 οὖν
1405 717 1524 752 λογίζου,
1539 718 1631 754 φησὶν,
1646 718 1684 750 ὡς
1706 719 1737 745 οὐ
1755 718 1792 754 μὴ

1001 763 1070 799 πρὸς
1095 763 1144 798 τὴν
1165 763 1281 799 ἀρχαίαν
1305 763 1384 795 δόξαν
1411 763 1617 799 κατασταθήσῃ.
1642 763 1792 800 Ἀποτρίψῃ

1000 808 1055 844 γὰρ
1068 808 1183 842 ὄνειδος
1195 809 1225 835 τὸ
1237 808 1501 843 ἀρχαῖονιτοιούτοις
1510 808 1609 844 ἐχρῆτο
1620 808 1709 842 λόγοις
1719 808 1789 834 ’1ώὸ-

1005 865 1014 882 ι
1034 856 1094 883 Κᾶν
1108 855 1163 891 γὰρ
1177 855 1373 890 ἀπολούσωμαι
1387 856 1467 890 χιόνι,
1483 856 1530 882 καὶ
1542 855 1792 892 καθάρωμαιχερσὶ

1003 900 1146 937 κειθαριιιῖς⁷
1159 901 1258 932 ἱκανῶς
1275 910 1308 936 με
1325 902 1353 927 ὲν
1370 901 1447 937 ῥύπῳ
1462 900 1575 936 ἔδαψας.
1588 911 1597 927 ι
1616 901 1792 934 Ἐὃδελύξατο

1000 946 1028 973 δὲ
1044 947 1059 981 ἡ
1076 945 1155 982 στολή
1170 954 1231 980 μου.
1246 946 1319 981 Πρὸς
1339 946 1432 972 πίστιν
1451 945 1480 972 δὲ
1500 947 1549 981 τῆς
1565 946 1732 981 ἐπαγγελίας
1749 946 1790 978 τὸ,

1003 993 1110 1027 Κύριος
1130 993 1147 1019 ὁ
1161 991 1255 1019 ποιῶν
1266 1000 1313 1024 σε,
1338 993 1352 1018 ό
1363 992 1411 1019 καὶ
1427 992 1460 1019 ὲκ
1474 991 1522 1019 τοῦ
1540 991 1577 1027 μὴ
1597 989 1667 1018 εἶναι
1681 991 1749 1028 πρὸς
1762 991 1792 1017 τὸ

1003 1036 1072 1065 εἶναι
1087 1047 1117 1065 σε
1127 1038 1232 1069 κτίσας.
1247 1038 1304 1064 Οὐκ
1315 1037 1412 1073 ἔσομαι
1428 1037 1457 1064 δὲ
1474 1037 1555 1073 μόνου
1569 1037 1616 1064 σοῦ
1635 1037 1714 1070 Θεὸς,
1725 1036 1793 1063 ἀλλὰ

1004 1083 1051 1109 καὶ
1065 1082 1120 1108 τῶν
1136 1082 1221 1109 ἐθνῶν
1233 1082 1371 1109 ἁπάντων.
1389 1082 1426 1108 Οὐ
1449 1082 1503 1117 γὰρ
1522 1081 1719 1117 μνησικακήσω
1737 1090 1792 1113 σοι,

1004 1128 1065 1154 οὐδὲ
1094 1127 1228 1157 ὀνειδίσω,
1243 1127 1311 1162 ὅπερ
1327 1127 1450 1154 ποιοῦσιν
1466 1127 1491 1154 οἱ
1504 1127 1649 1162 γυναῖκας
1667 1127 1793 1162 ἁμαρτα-

1003 1173 1100 1205 νούσας
1116 1173 1191 1208 πρὸς
1203 1173 1308 1208 ὀλίγον
1324 1172 1540 1209 ἀπορρίψαντες.
1554 1174 1614 1201 Κᾶν
1629 1173 1682 1209 γὰρ
1693 1173 1794 1200 καταλ-

1003 1219 1132 1254 λαγῶσιν,
1152 1219 1187 1246 τὰ
1205 1218 1323 1255 πρόσθεν
1334 1218 1475 1251 ὀνειδίζειν
1491 1218 1632 1246 εῑώθασιν.

165 1261 225 1295 bor,
242 1262 321 1298 621
337 1268 384 1291 aut
398 1271 493 1292 eorum
511 1272 585 1293 more
598 1266 780 1300 exprobrabo,
804 1267 851 1302 qui
874 1274 938 1294 suas
958 1274 1063 1299 uxores,
1082 1274 1144 1294 cum
1164 1266 1199 1294 ab
1215 1266 1269 1294 illis
1294 1265 1423 1300 injuriam
1441 1266 1514 1301 passi
1552 1270 1626 1298 sunt,
1666 1265 1700 1292 ad
1738 1272 1794 1292 mo—

163 1307 252 1334 dicum
267 1313 367 1344 tempus
384 1317 400 1337 ο
418 1318 447 1338 se
463 1314 613 1339 removent.
637 1311 818 1346 Quantumvis
834 1314 906 1340 enim
933 1312 960 1340 in
980 1311 1095 1349 gratiam
1124 1311 1245 1346 redeant,
1273 1311 1408 1347 prmterita
1433 1316 1524 1338 tamen
1554 1311 1720 1346 exprobrare
1737 1317 1793 1337 non

165 1354 306 1383 desinunt.

201 1400 258 1435 Ego
273 1406 381 1435 contra,
396 1402 504 1437 injuriae
518 1403 656 1431 oblivione
670 1403 792 1432 delector
813 1412 820 1431 :
836 1408 863 1432 et
879 1409 905 1432 te
923 1404 955 1432 ad

166 1445 263 1474 modici
277 1448 401 1482 temporis
416 1448 534 1484 spatium
560 1450 711 1477 sanationis
727 1457 791 1484 ergo
817 1457 831 1477 a
848 1457 890 1477 me
909 1449 957 1476 de-

167 1491 236 1526 puli,
249 1496 277 1519 ut
293 1499 354 1520 cum
372 1498 398 1520 te
422 1494 605 1529 pceniluissct.
632 1495 816 1522 misericordia
833 1494 955 1522 cumula-

168 1543 237 1564 rem.
255 1536 379 1565 Postulat
396 1545 461 1566 vero
473 1545 488 1565 a
503 1547 552 1566 sua
565 1539 648 1567 etiam
667 1540 839 1574 superiorum
852 1543 957 1574 tempo-

1047 1402 1118 1437 Ἐγὼ
1134 1402 1162 1428 δὲ
1175 1401 1242 1433 Θεὸς
1259 1400 1447 1436 ἀμνησίκακός
1461 1401 1529 1435 εἰμι.
1542 1400 1596 1427 Καὶ
1609 1399 1684 1434 πρὸς
1692 1399 1795 1434 ὀλίγον

1006 1457 1035 1475 σε
1046 1448 1193 1483 θεραπείας
1205 1447 1286 1482 χάριν
1306 1445 1464 1481 παρέδωκα,
1482 1445 1520 1477 ὡς
1533 1445 1566 1472 ἂν
1587 1445 1794 1487 μετανοήσασαν

1004 1494 1111 1527 ἐλέους
1123 1493 1266 1528 ἐμπλήσω.
1288 1492 1372 1525 Ἀξιοῖ
1382 1493 1410 1519 δὲ
1422 1493 1468 1520 καὶ
1477 1493 1532 1519 ἀπο
1543 1491 1646 1528 χρόνων
1662 1491 1716 1518 τῶν
1727 1491 1795 1527 πρό-

1006 1541 1068 1568 σθεν
1084 1539 1114 1572 ὲξ
1128 1538 1298 1574 ἀγαθότητος
1311 1539 1504 1574 γνωρίζεσθαι.
1528 1539 1584 1565 Καὶ
1609 1537 1675 1574 πρὶν
1694 1538 1748 1573 γάρ
1764 1546 1794 1564 σε

168 1586 228 1610 rum
244 1583 413 1619 benignitate
424 1585 608 1613 innotescere.
628 1585 790 1621 Priusquam
807 1585 879 1613 enim
894 1592 956 1613 esse

1005 1585 1131 1620 γενέσθαι
1157 1586 1205 1611 σὺν
1232 1584 1271 1619 τῷ
1294 1583 1367 1614 Νῶε,
1384 1583 1478 1618 φησὶν,
1494 1583 1597 1618 ἠλέησα
1608 1582 1744 1633 διασώσας

169 1627 311 1663 εωρίεςεε.
329 1630 427 1663 inquit,
441 1637 492 1665 ego
516 1630 555 1657 tui
574 1638 636 1658 cum
655 1629 713 1658 Noe
731 1632 860 1658 misertus
881 1638 953 1664 smn,

171 1680 251 1710 teque
268 1683 315 1710 per
329 1677 524 1712 prmnotionem
556 1678 683 1711 servavi;
706 1686 786 1712 quem
809 1686 842 1706 ex
862 1678 955 1706 eodem

169 1724 280 1748 servato
293 1721 466 1749 nasciturum
485 1730 547 1751 esse
565 1723 702 1750 videbam.
721 1723 774 1751 l’ro
791 1731 850 1750 mea
874 1724 956 1750 etiam

172 1767 294 1795 bonitate
310 1767 470 1796 hominibus
485 1769 519 1796 ab
537 1769 651 1796 infantia
676 1769 819 1798 sceleratis
843 1774 871 1797 et
883 1769 958 1804 flagi-

172 1812 251 1841 tiosis
269 1813 420 1841 eluvionem
448 1822 490 1842 me
507 1823 559 1842 non
574 1815 692 1851 amplius
706 1823 767 1844 esse
792 1815 955 1847 missurum.

171 1865 261 1894 neque
279 1864 377 1886 montes
401 1859 530 1895 collesque
558 1865 798 1888 transmututurum
822 1861 958 1896 pollicitus

172 1912 243 1932 smn.
260 1903 295 1932 Ut
311 1905 392 1940 igitur
409 1905 476 1932 nihil
491 1910 547 1933 tum
561 1906 686 1941 promisi,
704 1906 775 1941 quod
790 1914 845 1934 non
864 1914 959 1942 reapse

173 1950 361 1985 praestiterim;
381 1951 420 1979 sic
433 1955 461 1978 et
475 1959 549 1979 nunc
569 1959 612 1980 me
629 1953 667 1979 tui
685 1953 865 1986 miserturum,
884 1961 959 1981 sum-

174 2001 272 2030 tuaque
294 1999 320 2022 te
344 2002 407 2029 pace
428 1994 574 2023 [ruiturum
592 2003 639 2030 per
653 2004 696 2023 inc
711 1997 850 2026 confidito.
866 1997 959 2033 Neque

173 2047 239 2067 vero
254 2040 306 2067 ista
319 2040 397 2074 dicit,
421 2046 550 2076 tanquam
571 2049 631 2076 qua:
648 2043 825 2077 praenuntiat.
846 2043 959 2079 exsequi

174 2087 336 2114 necessitate
348 2093 471 2122 cogatur.
488 2087 550 2115 llaec
566 2088 637 2115 enim
648 2089 817 2116 audientium
825 2090 960 2118 voluntati

174 2130 344 2166 arbitrioque
361 2131 503 2166 relinquit.
519 2131 587 2159 Nam
598 2137 625 2159 et
640 2131 667 2159 in
680 2132 807 2160 Sodomis
823 2133 889 2161 urbs
904 2142 960 2161 una

176 2181 282 2204 servata
299 2180 351 2210 est,
367 2185 428 2204 cum
445 2177 535 2204 facilis
556 2177 590 2204 ad
604 2178 713 2205 veniam
739 2177 882 2211 Dominus.
899 2180 960 2208 Loti

177 2227 271 2252 causa,
287 2227 346 2247 eam
363 2220 397 2247 ab
408 2220 448 2247 ira
459 2229 509 2248 sua
518 2222 655 2249 eximendi
672 2222 843 2251 occasionem
858 2224 961 2259 ample-

1007 1632 1078 1658 κατὲ
1095 1630 1261 1666 πρόγνωσιν.
1285 1629 1331 1662 Ἐξ
1347 1629 1430 1655 αὑτοῦ
1447 1629 1502 1663 γὰρ
1517 1628 1650 1659 σωθέντος
1663 1627 1763 1663 ἤμελλε
1780 1628 1794 1648 ι

1007 1676 1139 1711 γίνεσθαι.
1159 1675 1203 1709 Ἐξ
1214 1675 1381 1710 ἀγαθότητος
1396 1675 1424 1700 δὲ
1439 1675 1550 1705 καὶτοῖς
1565 1675 1596 1700 ὲκ
1611 1674 1737 1709 νεότητος
1749 1673 1796 1699 ἐπὶ

1006 1724 1040 1750 τὰ
1057 1721 1162 1758 πονηρὰ
1177 1721 1346 1756 ὲγκειμένοις
1364 1720 1517 1755 ἀνθρώποις
1539 1719 1637 1755 μηκέτι
1660 1719 1796 1746 κατακλυ-

1008 1769 1076 1803 σμδν
1091 1767 1210 1793 ἐποίσειν
1221 1766 1439 1802 ἐπηγγειλάμην,
1454 1765 1531 1801 μηδὲ
1549 1766 1685 1798 ,βουνούς
1700 1774 1732 1792 τε
1746 1765 1794 1792 καί

1007 1815 1061 1849 ὄρη
1074 1814 1287 1849 μεταστήσειν.
1305 1813 1373 1840 Uir-cs.
1390 1813 1479 1840 τοίνυν
1493 1813 1527 1839 τὰ
1542 1813 1606 1839 τότε
1624 1812 1794 1847 ἐψευσάμην,

1008 1860 1069 1888 οὔτε
1086 1861 1135 1896 τὴν
1147 1860 1194 1887 νῦν
1209 1859 1274 1895 περὶ
1289 1859 1334 1886 τοῦ
1351 1868 1381 1885 σε
1402 1859 1543 1893 ἐλεήσειν
1566 1858 1725 1893 ὑπόσχεσιν,
1748 1857 1797 1884 καὶ

1008 1908 1099 1942 πάσης
1114 1907 1278 1934 ἀπολαύσειν
1291 1905 1423 1940 εζρήιής.
1442 1905 1534 1931 Ταῦτα
1546 1905 1576 1933 δέ
1590 1912 1683 1938 φησιν,
1699 1904 1747 1938 οὐχ
1759 1903 1796 1934 ὡς

1009 1953 1078 1989 ἔχων
1093 1953 1215 1986 ἀνάγκην
1228 1951 1245 1978 ἃ
1261 1951 1387 1986 προλέγει
1410 1952 1507 1976 ποιεῖν.
1524 1949 1618 1976 Ταῦτα
1637 1948 1691 1984 γὰρ
1715 1949 1744 1974 ὲν
1762 1949 1796 1983 τῇ

1009 1999 1062 2025 τῶν
1075 1997 1228 2025 ἀκουόντων
1245 1996 1336 2032 ἵστησι
1350 1995 1459 2031 γνώμῃ.
1475 1995 1529 2022 Καὶ
1545 1995 1591 2021 ἐπὶ
1606 1995 1730 2030 Σοδόμων
1743 1994 1797 2029 γὰρ

1012 2045 1060 2080 μία
1077 2043 1154 2074 πόλις
1166 2042 1266 2078 ἐσώθη,
1278 2041 1325 2069 τοῦ
1340 2041 1495 2076 εὐαφόρμου
1508 2039 1644 2066 Δεσπότου
1660 2039 1797 2074 πρόφασιν

1010 2090 1137 2121 λαϐόντος
1151 2089 1226 2124 παρὰ
1235 2087 1282 2114 τοῦ
1296 2087 1357 2115 Λὼτ
1372 2086 1512 2119 ὑπεξελεῖν
1527 2085 1613 2120 αὐτὴν
1635 2086 1685 2120 τῆς
1701 2084 1796 2120 όργῆς.

1011 2136 1066 2164 Καὶ
1078 2135 1117 2170 τῷ
1139 2133 1266 2170 ’Δόραὰμ
1290 2132 1405 2168 αὔξησιν
1430 2129 1613 2167 ἐπηγγείλατο
1625 2130 1731 2163 γένους,
1751 2128 1797 2155 καὶ

1011 2182 1135 2209 διάόασιν
1149 2181 1189 2212 εις
1205 2179 1303 2210 αὐτοὺς
1317 2178 1370 2205 τῶν
1387 2177 1518 2211 εὐλογιῶν
1531 2197 1538 2209 ,
1552 2176 1630 2210 δῆλον
1642 2175 1709 2201 ὡσεὶ
1725 2174 1733 2193 1
1748 2183 1796 2209 φυ-

1011 2228 1133 2255 λάττοιεν
1146 2226 1170 2253 οῑ
1190 2225 1221 2258 ἐξ
1236 2224 1319 2251 αὑτοῦ
1335 2223 1384 2255 τὰς
1406 2221 1542 2258 πατρικὰς
1559 2221 1680 2252 ἐντολὰς.
1699 2220 1737 2251 ὡς
1751 2220 1798 2246 καὶ

177 2273 228 2293 xns
243 2265 320 2294 est”.
334 2265 489 2293 Abraliamo
498 2265 597 2293 deinde
609 2267 717 2302 generis
727 2268 956 2304 propagationem,

1015 2273 1096 2304 αὐτὸς
1110 2271 1333 2308 φησιν’«Ἕγνων
1346 2269 1400 2304 γὰρ
1413 2268 1453 2295 ὅτι
1465 2267 1589 2299 συντάξει
1598 2266 1723 2301 Ἀϐραὰμ
1736 2266 1798 2297 τοὺς

175 2316 201 2339 et
217 2311 437 2340 benedictionum
454 2312 481 2339 in
495 2311 566 2340 idem
585 2314 729 2341 transitura
745 2315 883 2348 pollicitus
898 2319 958 2342 cst:

175 2365 207 2384 ea
223 2357 351 2384 nimirum
370 2357 428 2392 lego
450 2361 477 2385 et
500 2358 667 2392 conditione,
687 2363 716 2387 ut
736 2360 821 2395 patris
850 2361 887 2388 illi
908 2361 961 2389 viis

176 2404 347 2436 insisterent,
375 2404 491 2439 ejusque
519 2405 647 2432 mandata
665 2406 861 2440 fcustodirent:
887 2414 960 2438 cuin,

177 2457 206 2480 ut
220 2452 290 2479 idem
312 2452 364 2479 sibi
381 2452 459 2479 testis
484 2455 537 2483 est,
553 2451 738 2479 Abrahamum
767 2453 829 2480 [iliis
857 2453 915 2481 suis
928 2453 962 2480 de

1010 2319 1084 2350 υἱοὺς
1097 2317 1180 2345 αὑτοῦ
1196 2315 1338 2351 φοϐεῖσθαι
1350 2315 1395 2341 τὸν
1409 2313 1484 2340 Θεόν.
1493 2323 1501 2338 ι
1514 2311 1581 2339 Εἶτα
1594 2312 1743 2347 κατηγορεί
1751 2312 1799 2346 τῆς

1008 2365 1062 2391 τῶν
1074 2363 1214 2391 Χαλδαίων
1238 2361 1378 2396 ὠμότητος
1401 2359 1505 2393 λέγων·
1536 2359 1577 2384 οὺ
1596 2356 1798 2392 παρεκλήθης.

1010 2410 1063 2437 Τοῦ
1081 2409 1135 2444 γὰρ
1154 2407 1339 2443 πρεσϐυτέρου
1353 2406 1398 2432 τδν
1410 2405 1491 2438 ζυγὸν
1508 2403 1655 2439 ἐϐάρυναν,
1675 2402 1723 2429 καὶ
1739 2410 1801 2428 παι-

1009 2457 1054 2483 δῖα
1068 2456 1115 2482 οὐκ
1131 2454 1262 2489 ἠλέησαν.
1278 2462 1286 2478 ι
1304 2451 1375 2485 Ἐγὼ
1389 2451 1442 2486 γὰρ
1457 2449 1597 2485 ὠργίσθην
1615 2449 1703 2482 ὀλίγα,
1724 2447 1800 2474 αὐτοὶ

177 2497 299 2525 timendo
332 2497 387 2525 Deo
415 2501 550 2533 prmcepta
579 2498 706 2525 daturum
737 2506 791 2525 non
813 2499 956 2533 ignoraret.

1011 2502 1039 2528 δὲ
1052 2500 1229 2528 συνεπέθεντο
1239 2499 1278 2530 εἰς
1290 2497 1371 2525 κακά.
1384 2507 1392 2523 ι
1405 2497 1472 2524 Ἀλλ’
1482 2495 1537 2531 ἐγώ
1547 2504 1576 2521 σε
1587 2493 1799 2529 παρακαλέσει),

178 2543 285 2576 Postea,
299 2547 329 2569 ut
339 2542 527 2570 Chaldaeorum
545 2543 732 2570 crudi-litateui
747 2548 889 2571 accusaret
901 2552 956 2572 con-

1012 2546 1170 2581 ἀνοικισμόν
1187 2555 1228 2572 σοι
1242 2545 1412 2579 δωρούμενος
1435 2543 1586 2579 κρείττονα.
1605 2540 1732 2571 Θέλοντος
1746 2540 1800 2574 γὰρ

178 2587 307 2615 solutione
323 2588 439 2615 caruisse
459 2587 568 2622 adjecit.
587 2587 716 2615 Seniores
726 2588 797 2616 enim
814 2589 888 2623 gravi
899 2589 956 2624 jugt

1017 2594 1095 2629 μόνον
1112 2592 1163 2627 ὕλη
1178 2593 1253 2618 πᾶσα
1267 2591 1346 2626 τιμία
1364 2590 1542 2625 παρίσταται,
1568 2588 1649 2622 μόνον
1668 2587 1691 2613 εί
1718 2593 1801 2621 μετα-

178 2637 382 2667 oppresserant,
405 2640 494 2668 neque
521 2634 697 2668 parvulorum
716 2633 821 2661 tniserti
846 2634 951 2661 fuerant

1015 2639 1139 2669 νοοῦντες
1156 2637 1226 2670 ἄξιοι
1238 2635 1371 2671 γένοισθε.
1383 2634 1485 2661 Τούτου
1505 2634 1533 2660 δὲ
1548 2633 1585 2668 μὴ
1596 2631 1741 2681 γενομένου
1753 2630 1801 2681 καὶ

181 2687 193 2705 ι
213 2678 270 2713 Ego
282 2679 428 2714 siquidem,
447 2679 496 2710 ait,
521 2687 669 2714 parumper
695 2680 783 2708 iratus
800 2679 854 2712 fui;
868 2683 896 2707 at
926 2680 953 2707 ill

1015 2683 1051 2710 τὰ
1062 2684 1110 2718 τῆς
1124 2682 1290 2717 ἐπαγγελίας
1305 2682 1393 2717 ἀργεῖ.
1407 2681 1468 2712 Τοῖς
1482 2680 1534 2715 γὰρ
1548 2677 1619 2706 κατὰ
1630 2677 1713 2713 νόμον
1728 2677 1801 2712 βιοῦ-

181 2725 346 2753 addiderunt
375 2726 409 2753 ad
437 2725 548 2752 mala“.
566 2736 574 2752 ι
601 2726 653 2754 Sed
685 2729 722 2760 te,
752 2727 857 2754 meliori
889 2727 956 2763 longi

1018 2737 1060 2756 σιν
1074 2729 1101 2756 αι
1114 2729 1284 2764 ἐπαγγελίαι,
1302 2727 1350 2760 οὓς
1366 2726 1439 2754 Θεοῦ
1454 2725 1529 2753 καλεῖ
1544 2723 1714 2756 διδακτούς.
1734 2718 1802 2750 Εἶτα

217 2783 348 2816 "Jobix,
359 2784 444 2818 50,5i
483 2785 505 2800 ⁸⁵
516 2784 584 2811 ϐιτιι.
605 2791 660 2816 λιιι,
677 2791 753 2819 seqq.
769 2783 791 2800 ⁸⁸
805 2783 920 2811 Zacliar.
935 2793 954 2816 ι,
971 2785 1016 2812 Μ.

822 2832 940 2860 νΑιίΙίΕ
962 2829 1164 2862 LECTIUNES.

220 2868 231 2887 ¹¹
250 2868 293 2896 ϊσ.
314 2867 438 2903 ἧμελλες.
481 2867 542 2894 ὶῖσ.
560 2867 678 2904 δηλονότι
698 2869 732 2895 εἰ,
