1999 3076
153 169 223 203 2ἵι49
736 174 961 205 COMMENTAF

1017 174 1057 205 IN
1077 174 1222 203 ISAIAM.
1720 171 1791 204 2550

156 227 278 254 παιδεύει
296 227 333 264 μὴ
350 228 466 264 τείχεσιν
477 228 572 261 ἁπλῶς
589 230 635 256 καὶ
654 231 709 262 τοῖς
732 230 878 266 φυλάττειν
902 230 945 257 δο-

1015 237 1131 258 oucessa
1155 230 1366 263 instauratione,
1391 230 1561 258 consolabor.
1586 230 1627 258 Me
1654 230 1725 257 enim
1744 239 1791 257 vu-

155 274 234 301 κοῦσι
246 274 323 302 πόλιν
341 275 463 312 θαρρεῖν,
480 280 498 291 ιι*
511 275 682 313 δικαιοσύνῃ.

1015 279 1082 303 tente
1100 276 1201 309 solum,
1215 276 1319 311 qumvis
1333 276 1359 303 in
1372 282 1498 311 promptu
1512 280 1553 304 est
1569 276 1688 311 pretiosa
1707 281 1791 304 mate-

155 320 207 352 ria.
223 321 246 349 si
264 329 313 357 per
328 322 519 357 ptenitentiam
536 322 611 357 digni
632 322 712 350 ﬁalis.
728 323 804 357 Quod
818 323 841 351 si
858 322 930 351 istud
951 322 1034 355 desit,
1056 322 1174 350 otiosam
1189 327 1217 350 et
1229 330 1327 350 vanam
1352 330 1415 351 esse
1449 324 1662 359 promissionem
1683 327 1790 350 eertum

155 374 208 398 est.
229 369 271 397 Ad
291 377 339 398 eos
359 370 444 402 enim,
460 370 506 405 qui
526 370 630 406 degunt
646 379 679 398 ex
695 371 763 407 legis
779 371 950 408 praescripto,
971 374 1097 406 spectant
1112 370 1312 406 promissiones
1325 379 1397 406 ;quo
1410 371 1458 398 Dei
1476 371 1619 406 discipulos
1651 372 1703 399 hoc
1733 371 1794 399 loco

155 416 288 444 nominat.
309 414 393 444 Docet
406 420 552 452 praeterera
564 424 617 444 non
632 417 713 453 622
739 418 877 446 mtenibus
889 421 996 445 tantum
1017 421 1044 445 et
1074 418 1258 449 cuswdibus,
1289 417 1336 445 sed
1370 417 1477 452 iustitia
1503 418 1584 445 etiam
1618 423 1705 446 tutam
1733 426 1794 447 esse

155 463 306 491 civitatem.

191 510 277 538 Τοῦτο
306 511 361 548 γὰρ
388 511 429 544 τὸ,
458 512 494 539 ἐν
513 512 690 548 δικαιοσύνῃ
710 513 944 549 οίκοδομηθήσῃ.

1035 509 1094 537 Hoc
1113 509 1186 536 enim
1205 507 1306 539 innuit,
1328 514 1390 533 cuin
1411 507 1436 533 in
1462 506 1573 540 justilia
1601 505 1791 539 a’diﬁcaberts,

157 556 269 592 Ταύτην
280 556 335 592 γὰρ
350 557 508 586 ἀσκούντων
534 559 581 585 καὶ
592 558 627 585 τὰ
644 558 734 594 ὑψηλὰ
748 559 798 594 τῆς
819 558 947 594 Ἱεριχοῦς

1016 555 1109 590 djecit.
1131 554 1207 582 Hanc
1223 554 1295 581 enim
1310 553 1354 588 qui
1368 553 1477 584 colunt;
1493 551 1534 578 vel
1546 551 1602 578 alta
1623 550 1793 578 Jcrichuntis

157 603 263 630 ἀκονιτὶ¹
285 602 425 639 καθῄρητο
444 603 532 639 τείχη.
558 604 666 640 Ταύτην
682 602 730 631 οὖν
751 604 843 632 ἀσκῶν
862 604 892 630 οὺ
910 603 949 639 μὴ

1017 602 1102 630 taenia
1121 601 1197 628 nullo
1208 599 1317 635 negotio
1341 598 1490 634 dejecerint
1506 598 1540 624 ⁸⁸.
1555 597 1650 633 Itaque
1675 605 1729 625 non
1753 602 1795 626 est

157 648 316 683 φοϐηθήσῃ
329 656 335 664 ·
356 649 457 684 μᾶλλον
478 648 508 676 δὲ
530 649 754 684 ἀκαταγώνιστος
777 649 837 685 ἔσῃ,
850 649 888 681 ὡς
902 650 950 676 καὶ

158 693 193 721 τὰ
206 693 298 730 κύκλῳ
313 694 482 730 πολεμοῦν-τά
498 704 529 722 σε
543 695 610 731 γένη
626 695 806 731 παροικήσειν
819 695 895 731 ὑμῖν,
904 695 951 721 καὶ

159 739 206 773 ὑφ’
232 739 310 775 ὑμῶν
339 739 506 775 βοηθεῖσθαι,
535 740 584 775 τῆς
602 739 673 776 ἐμῆς
696 740 782 775 ῥοπῆς
811 738 952 774 παρούσης

124 786 131 792 '
159 785 234 821 ὑμῖν.
253 785 290 812 Τδ
308 786 451 822 ἀκάματον
467 786 495 813 δὲ
520 787 571 822 τῆς
590 787 689 814 ἑαυτοῦ
707 786 825 822 φύσεως,
849 786 897 813 καὶ
922 785 953 812 τὺ

159 831 207 859 ἀπ’
232 831 356 865 ἐξουσίας
386 831 459 866 ἅπερ
474 832 508 860 ἂν
524 833 611 860 ἐθέλοι
627 834 716 860 ποιεῖν
733 833 762 864 ἐξ
786 833 953 868 ἀναιρέσεως

159 877 220 904 τῶν
236 877 444 913 χαλκευτικῶν
457 879 606 914 παρίστησι
618 877 833 914 μόχθων.Κτίζω
846 878 886 911 δὲ,
900 887 951 913 φη-

160 923 214 956 σὶν,
229 924 260 950 οὑ
274 924 384 951 σκοπῶν
397 925 549 953 ἀπολέσαι
568 925 599 951 τὸ
620 924 770 960 παραχθὲν.
787 925 823 951 Οὐ
841 923 895 959 γὰρ
911 924 952 950 ἵνα

161 970 254 1006 σχοίην
278 969 325 1002 οὒς
349 971 553 1006 τιμωρήσομαι,
569 971 633 1002 τοὺς
649 970 811 1006 ἀνθρώπους
825 970 952 1004 ὲποίησα,

160 1013 191 1046 ἐξ
205 1013 373 1050 ἀγαθότητος
397 1014 425 1041 δὲ
455 1013 571 1047 κτίζων,
591 1015 649 1050 μετ’
675 1015 761 1049 αὐτῆς
785 1015 831 1042 καὶ
849 1015 951 1042 διοικῶ.

167 1058 288 1094 Ἐχορὦ
302 1058 330 1085 δέ
343 1067 395 1093 σοι,
411 1060 505 1095 φησιν,
518 1060 651 1086 ἐπιόντων
669 1059 730 1088 πᾶν
741 1060 853 1093 σκεῦος
868 1061 955 1096 ἀργή-

163 1112 204 1130 σει
217 1103 367 1140 πολεμικόν
377 1112 383 1120 ³
401 1105 438 1137 ὡς
451 1105 505 1141 γὰρ
527 1105 650 1133 Ἰουδαῖοι
665 1106 754 1133 πάντα
771 1106 876 1133 δίκαιον
893 1106 954 1141 ἐμί-

163 1159 237 1182 σουν,
250 1150 420 1187 δύσχρηστον
431 1151 578 1183 καλοῦντες
599 1151 680 1179 αὐτόν
694 1160 699 1166 ·
720 1151 806 1183 οὕτως
817 1152 841 1178 οἱ
865 1151 956 1186 κύκλῳ

162 1195 214 1229 τῆς
237 1195 365 1228 Ἰουδαίας
389 1195 569 1223 θεοσεὸοῢντα
587 1197 634 1223 τὸν
656 1197 720 1223 λαὸν
742 1197 955 1232 ἀπεστρέφοντο,

163 1241 387 1277 δυσχεραίνοντες
402 1242 445 1276 ἐφ’
460 1238 501 1272 οἷς
514 1241 582 1268 Θεοῦ
597 1242 683 1278 ῥοπὴν
703 1242 796 1277 ἐώρων
817 1243 956 1277 παροῦσαν

165 1287 269 1319 αὐτοῖς.
283 1288 383 1314 Λοιπὸν
398 1287 534 1315 δείκνυσιν
551 1289 566 1315 ὁ
581 1289 726 1324 προφήτης
737 1289 774 1320 ὡς
790 1289 840 1315 οὐκ
856 1288 957 1324 ἄψυχον

164 1332 277 1366 σκεῦος
290 1333 410 1361 διακονεῖ
431 1334 471 1370 τῷ
488 1333 558 1369 Θεῷ,
574 1333 633 1361 ἀλλ’
647 1334 685 1366 ὼς
702 1334 750 1361 καὶ
772 1334 853 1366 αὐτὸς
887 1343 957 1370 παρ-

167 1379 350 1414 ακολούθησιν
359 1380 429 1415 ἔχων
439 1380 493 1408 τῶν
504 1381 709 1416 πραττομένων,
719 1381 735 1416 ἢ
744 1381 859 1416 ἐπιτιμᾷ
870 1382 958 1417 ἀμαρ-

166 1425 276 1453 τάνουσι
287 1425 384 1460 λέγων·
392 1427 476 1454 «Οὐαὶ
484 1426 559 1459 ἔθνος
570 1427 741 1463 ἁμαρτωλόν·
749 1427 778 1462 »ἢ
790 1427 958 1462 ἀμελοῦντας

167 1472 371 1507 διανίστησιν,
384 1472 479 1508 ὥσπερ
489 1472 536 1500 καὶ
551 1472 608 1506 νῦν,
622 1473 679 1500 Οὐκ
697 1473 774 1499 ἔσται
793 1481 844 1506 σοι,
865 1474 958 1508 φησὶν⁷

168 1518 300 1554 ἀνόνητον
315 1518 346 1545 τδ
357 1518 497 1545 πιστεύειν
516 1518 586 1554 eaq»,
603 1518 661 1545 ἀλλ’
676 1518 749 1551 ἕξεις
762 1519 874 1551 ἐλπίδας
891 1521 962 1553 κλη-

999 648 1074 683 quod
1089 648 1193 680 timeat,
1225 646 1249 674 si
1277 653 1337 674 eam
1367 645 1553 680 amplecteris.
1586 644 1644 672 lmo
1665 652 1732 672 vero
1757 644 1794 671 ita

1001 694 1104 722 invicta
1118 693 1210 720 futura
1221 701 1251 720 es
1262 712 1269 724 ,
1286 697 1316 718 nt
1345 692 1391 727 qui
1408 697 1434 719 te
1449 691 1572 726 undique
1601 691 1796 722 adoriebantur

1001 740 1103 777 populi,
1119 745 1165 767 tua
1176 739 1232 774 jam
1254 738 1366 770 vicinia,
1383 742 1485 772 tuoque
1501 738 1616 768 auxilio.
1634 745 1696 764 cum
1718 745 1795 764 meus

1002 788 1051 815 tibi
1082 786 1162 814 favor
1191 785 1352 816 accesserit,
1372 785 1423 812 sibi
1453 784 1547 812 ίυιὶςυς
1575 784 1732 811 vidcantur.
1757 783 1796 810 Eo

1002 838 1093 861 autem
1108 832 1260 860 indefessas
1283 836 1388 858 natura:
1415 838 1471 857 sua:
1487 831 1560 857 vires
1589 834 1615 856 et
1633 833 1796 864 potestatem

1005 877 1154 913 signiﬁcat,
1170 876 1242 912 quod
1253 883 1282 903 se
1295 875 1371 902 nullo
1393 875 1496 906 labore,
1509 882 1681 909 quaecunque
1704 874 1798 901 volue-

1007 924 1053 957 rit,
1076 927 1172 950 contra
1203 922 1360 949 wrariorum
1390 928 1504 954 merent,
1530 919 1690 947 eﬂecturutn
1718 919 1795 947 dicit.

1007 969 1138 1004 Adiungit
1151 969 1233 997 etiam
1251 975 1306 995 non
1323 975 1356 995 eo
1373 975 1402 994 se
1417 967 1480 997 tine,
1497 971 1526 993 ut
1541 967 1631 1000 perdat
1648 967 1720 1001 quod
1740 965 1799 993 edi-

1006 1016 1056 1048 dit,
1073 1023 1173 1042 creare.
1190 1013 1284 1048 Neque
1299 1014 1372 1040 enim
1386 1021 1426 1045 se,
1440 1017 1468 1040 ut
1480 1013 1592 1040 haberet
1603 1020 1672 1047 quos
1684 1011 1799 1039 ulcisce-

1008 1066 1092 1094 retur,
1109 1060 1234 1088 bomines
1252 1060 1368 1091 fecisse;
1394 1060 1442 1087 sed
1465 1067 1518 1094 qna
1536 1059 1659 1086 bonitate
1687 1058 1797 1091 creavit,

1007 1106 1100 1135 eadem
1113 1109 1141 1134 et
1156 1105 1218 1133 illos
1239 1105 1404 1140 gubernare.
1420 1103 1552 1132 Hostibus
1569 1111 1652 1139 porro
1668 1104 1800 1138 ingruen-

1014 1153 1100 1185 tibus,
1124 1151 1172 1184 ait,
1186 1159 1263 1178 omne
1282 1159 1329 1178 vas
1344 1150 1444 1177 hostile
1460 1149 1590 1178 cessabit.
1612 1149 1646 1176 Ut
1664 1149 1737 1177 enim
1755 1149 1800 1183 ju-

1008 1202 1080 1227 stum
1091 1197 1242 1233 quemlibet
1262 1196 1376 1224 oderant
1392 1195 1488 1229 Judaei,
1503 1195 1682 1230 inutilemque
1696 1195 1800 1222 vocita-

1008 1245 1089 1277 bant,
1103 1243 1144 1271 sic
1160 1248 1187 1270 et
1201 1242 1284 1270 vicini
1299 1242 1420 1276 undique
1442 1241 1515 1276 pium
1538 1239 1695 1268 Judaeorum
1712 1247 1800 1275 popu-

1009 1291 1065 1318 lum
1085 1288 1146 1316 ideo
1169 1288 1376 1319 aversabantur,
1395 1286 1468 1321 quod
1484 1286 1571 1314 cidem
1594 1285 1678 1313 Deum
1704 1285 1801 1314 adesse

1010 1336 1149 1363 videbant.
1169 1334 1303 1369 Deinceps
1326 1342 1355 1361 se
1369 1334 1512 1369 propheta,
1530 1341 1586 1360 non
1604 1337 1735 1368 tanquam
1753 1341 1799 1360 vus

1010 1382 1121 1417 aliquod
1135 1382 1265 1414 inanitne,
1280 1380 1335 1407 Deo
1350 1380 1518 1412 subservire,
1533 1380 1581 1407 sed
1596 1387 1689 1407 eorum
1705 1380 1800 1409 etiam,

1010 1436 1070 1464 quae
1084 1432 1218 1464 geruntur
1242 1426 1366 1454 notitiam
1383 1426 1485 1454 habere
1513 1426 1616 1454 indicat
1630 1435 1638 1459 ;
1655 1426 1732 1459 dum,
1754 1430 1802 1453 ant

1011 1474 1204 1511 peccatoribus
1230 1479 1457 1502 succensetzcum
1485 1474 1560 1509 genti
1581 1473 1731 1508 peccatrici
1749 1473 1799 1500 im-

1014 1526 1160 1557 precatur:
1188 1525 1236 1548 aut
1260 1520 1375 1556 supinos
1406 1523 1433 1547 et
1455 1520 1622 1555 negligentes
1640 1520 1754 1552 euitat;
1774 1523 1804 1547 ut

168 1565 297 1599 ρονόμος
323 1565 450 1599 γενέσθαι
478 1564 563 1592 Θεοῦ.
583 1566 631 1596 Ὃς
652 1565 699 1591 καὶ
713 1564 889 1597 αὐτεξούσιον
907 1566 960 1593 δει-

1015 1567 1066 1594 hoc
1082 1566 1152 1598 loco,
1166 1573 1228 1593 eum
1246 1565 1283 1596 ei.
1294 1565 1316 1593 si
1333 1565 1388 1592 Deo
1403 1564 1509 1595 credat.
1523 1572 1577 1591 non
1603 1564 1727 1591 futurum
1761 1564 1804 1591 in-

170 1611 236 1643 κνῡς
251 1612 301 1646 τὴν
312 1610 422 1646 ἀρετὴν,
436 1610 518 1646 φησιν
530 1619 536 1626 ·
553 1611 684 1638 Ἕσεσθέ
697 1619 748 1645 μοι
763 1610 881 1638 δίκαιοι.

461 1744 588 1774 ,ΚΕΦΑΛ.
610 1744 672 1770 NE'.

208 1794 289 1826 ιιι-ιγ’.
313 1791 346 1818 οι
364 1788 522 1824 διψῶντες,
543 1790 708 1824 πορεύεσθε
733 1789 779 1824 ἐφ’
794 1789 883 1824 ὕδωρ,
915 1790 963 1817 καί

173 1838 240 1865 ὅσοι
259 1837 301 1872 μὴ
313 1838 399 1871 ἔχετε
414 1836 566 1870 ἀργύριον,
581 1835 768 1869 βαδίσαντες
785 1835 963 1870 ἀγοράσατε,

174 1883 224 1911 καὶ
241 1884 324 1910 nisu
346 1882 419 1910 ἄνευ
435 1881 578 1917 ἀργιῄίου
595 1882 646 1908 καὶ
674 1882 772 1917 τιμῆς,
803 1881 887 1910 οἶνον
915 1883 965 1910 καὶ

174 1930 276 1964 στέαρ.
299 1929 362 1956 Ἵνα
376 1929 404 1956 τι
416 1928 539 1964 τιμᾶσθε
551 1928 694 1963 ἀργυρίου
707 1928 755 1955 καὶ
774 1928 827 1955 τὸν
849 1929 965 1963 μόχθον

175 1975 261 2010 ὑμῶν
275 1974 330 2002 οὐκ
355 1974 399 2006 εἰς
424 1973 608 2008 πλησμονήν
624 1982 633 2005 ;
657 1973 814 2000 Ἀκούσατέ
830 1983 901 2009 μου,
916 1974 966 2001 καὶ

175 2022 307 2057 φάγεσθε
332 2019 438 2054 ἀγαθὰ,
463 2019 511 2046 καὶ
533 2017 715 2052 ἐντρυφήσει
742 2019 780 2045 ἐν’
798 2019 919 2054 ἀγαθοῖς
946 2020 964 2054 ἡ

175 2067 262 2104 ψυχὴ
279 2066 379 2102 ὑμῶν,
398 2075 424 2093 κ.
441 2075 466 2092 τ.
482 2065 507 2092 λ.

217 2114 248 2141 '0
262 2113 379 2149 Χριστος
394 2112 477 2138 πᾶσιν
503 2111 668 2147 ἐκήρυττεν·
688 2120 696 2136 t
714 2111 747 2137 Εί
760 2119 800 2143 τις
826 2112 901 2147 διψᾷ,
920 2114 966 2147 ἐρ-

178 2160 267 2196 χέσθω
281 2160 349 2195 πρός
363 2169 422 2195 ps,»
440 2158 580 2194 ποταμοὺς
592 2159 624 2184 ἐκ
634 2157 683 2192 τῆς
693 2158 796 2190 κοιλίας
804 2159 887 2186 αὑτοῦ
902 2160 966 2195 ῥεύ-

180 2215 237 2234 σειν
268 2206 364 2238 εἰπὼν,
394 2205 427 2232 δι’
454 2201 492 2231 ὧν
516 2204 613 2239 ἐδήλου
636 2204 666 2230 τὸ
691 2203 806 2240 Πνεῦμα
822 2207 852 2231 τὸ
878 2205 966 2240 ἅγιον.

1014 1613 1090 1643 utile.
1105 1613 1150 1639 sed
1170 1619 1246 1646 spem
1263 1611 1360 1638 divina:
1375 1610 1540 1637 Itteretlitatis
1553 1609 1803 1638 adeunda-habitu-

1013 1664 1073 1682 rum
1089 1655 1204 1682 asserit:
1227 1661 1289 1682 cum
1308 1653 1428 1687 denique
1449 1653 1540 1680 liberae
1567 1653 1713 1686 potestatis
1743 1662 1804 1681 esse

1013 1701 1141 1727 virtutem
1153 1700 1357 1729 demonstrans,
1374 1698 1461 1733 justas
1475 1698 1525 1724 sibi
1539 1698 1594 1731 fore
1607 1697 1731 1724 afﬁrmat.

1353 1745 1427 1771 (ΕΜ).
1446 1743 1500 1771 LV.

1048 1793 1130 1828 623
1148 1792 1228 1819 Vens.
1249 1791 1325 1818 1-13.
1341 1790 1391 1822 Qui
1413 1791 1504 1823 aititis,
1532 1791 1568 1818 ile
1595 1791 1628 1816 ad
1656 1797 1762 1824 aquam,
1780 1794 1805 1817 et

1015 1843 1141 1874 quotquot
1156 1846 1207 1865 non
1224 1837 1326 1864 habetis
1342 1841 1492 1872 argentum,
1510 1841 1600 1863 euntes
1619 1836 1707 1866 emite.
1728 1841 1753 1863 et
1765 1835 1805 1861 bi.

1016 1885 1067 1923 bite
1085 1886 1182 1920 absque
1194 1889 1303 1919 argento
1313 1888 1336 1910 et
1349 1883 1432 1918 pretio
1444 1883 1534 1910 vinum
1554 1888 1575 1909 et
1590 1882 1705 1917 adipem.
1718 1881 1806 1914 Quare

1015 1930 1163 1965 expenditis
1184 1936 1321 1966 argentum
1337 1937 1388 1956 non
1401 1930 1428 1956 ἰιι
1448 1929 1607 1962 panibtts,et
1628 1929 1744 1957 laborem
1765 1936 1807 1954 re-

1018 1983 1102 2005 strum
1117 1985 1167 2004 non
1180 1977 1206 2003 in
1217 1976 1380 2004 saturitate?
1396 1975 1493 2002 Audite
1505 1980 1576 2002 meet
1591 1975 1718 2002 eomedile
1728 1974 1806 2006 bona,

1018 2030 1040 2052 et
1054 2023 1256 2051 deiiciabituriu
1269 2022 1345 2049 battis
1358 2023 1448 2049 anima
1465 2027 1561 2053 vestra,
1577 2027 1629 2049 etc.

1055 2111 1137 2148 624
1151 2111 1254 2139 Omnes
1282 2111 1414 2138 invitabat
1430 2110 1568 2142 Christus,
1590 2118 1652 2137 cum
1676 2110 1784 2138 diceret
1802 2120 1808 2137 :

1024 2167 1032 2183 ι
1055 2157 1083 2184 Si
1103 2156 1165 2191 quis
1186 2156 1254 2188 sitit,
1275 2156 1366 2182 veniat
1392 2155 1426 2182 ad
1449 2163 1515 2188 me;
1533 2155 1644 2182 ilutnina
1658 2155 1691 2182 de
1713 2160 1812 2182 ventre

1021 2203 1081 2239 ejus
1096 2202 1182 2230 ﬂuent
1198 2202 1224 2218 ⁸⁷
1239 2211 1246 2235 ;
1270 2211 1279 2227 ι
1301 2201 1401 2236 quibus
1419 2201 1510 2228 verbis
1529 2200 1662 2235 Spiritum
1681 2205 1810 2228 sanctum

179 2254 236 2280 Kal.
251 2252 319 2288 πρὸς
340 2251 390 2288 τὴν
405 2251 571 2286 Σαμαρεῖτιν
585 2249 613 2276 δέ
621 2258 703 2285 φησιν
714 2258 721 2265 ·
740 2259 750 2276 ι
773 2251 821 2282 Ὃς
837 2251 858 2278 δ’
874 2252 907 2279 ἂν
919 2253 961 2289 πίτ

1022 2248 1196 2284 signiﬁcavit.
1221 2246 1270 2274 Est
1286 2245 1385 2274 deinde
1405 2250 1431 2274 et
1453 2245 1647 2273 Samaritidem
1673 2246 1812 2272 allocutus

179 2300 213 2327 ὲκ
228 2298 274 2326 τοῦ
289 2298 396 2331 ὓδατος,
415 2294 446 2324 οὗ
459 2297 514 2332 ἐγὼ
525 2296 603 2323 δώσω
632 2296 718 2332 αὐτῷ,
733 2297 852 2332 ποταμοὶ
873 2299 905 2325 ὲκ
921 2300 971 2335 τῆς

180 2345 284 2377 κοιλίας
299 2343 382 2372 αὑτοῦ
399 2343 542 2380 ῥεύσουσιν
564 2342 661 2374 ὕδατος
677 2341 789 2375 ζῶντος.
809 2353 818 2368 ι
841 2344 909 2380 Περὶ
919 2346 970 2373 αὺ-

180 2390 228 2418 τοῦ
238 2391 266 2418 δὲ
282 2390 329 2417 τοῦ
342 2389 460 2425 Χριστοῦ
483 2389 565 2416 Δαὸὶδ
582 2388 659 2423 ἔλεγε
672 2396 677 2403 ³
700 2399 709 2414 ι
729 2389 782 2415 Καὶ
797 2389 842 2416 τὸν
856 2392 972 2428 χειμάρα

182 2438 246 2473 ῥουν
259 2438 310 2473 τῆς
324 2437 430 2472 τρυφῆς
458 2443 505 2462 σου
522 2435 627 2466 ποτιεῖς
654 2434 764 2467 αὐτοὺς,
783 2435 823 2462 ὅτι
837 2437 913 2472 παρὰ
930 2437 971 2464 σοι

182 2482 258 2518 πηγὴ
269 2482 351 2515 ζωῆς.
370 2491 379 2507 ι
398 2481 452 2509 Καὶ
471 2480 568 2508 πάλιν·
585 2489 594 2506 ι
612 2479 665 2506 Τοῦ
688 2480 812 2516 ποταμοῦ
835 2482 870 2509 τὰ
884 2483 972 2518 ὁρμή-

185 2537 258 2564 ματα
275 2527 450 2562 εὐφραίνουσι
472 2526 522 2562 τὴν
547 2525 624 2552 πόλιν
647 2525 694 2552 τοῦ
717 2526 796 2554 Θεοῦ.
817 2537 826 2554 ›
841 2528 927 2560 Αὐτὸς
944 2529 972 2556 δὲ

183 2574 278 2609 ελεγεν
293 2575 321 2600 ὲν
335 2573 490 2608 προφήταις
504 2571 639 2608 Χριστός·
660 2581 670 2597 ι
694 2572 759 2600 Ἰδοὺ
778 2573 834 2607 ἐγὼ
855 2575 972 2602 ἐκκλίνω

184 2621 228 2648 ἐπ’
242 2620 341 2652 αὐτοὺς
355 2619 393 2651 ὡς
405 2618 526 2654 ποταμὸς
541 2618 652 2654 εἰρήνης
663 2627 669 2633 ·
690 2628 699 2644 ι
721 2620 788 2654 φησὶ
805 2620 833 2646 δὲ
849 2621 895 2647 καὶ
919 2623 974 2648 Ζα-

184 2665 282 2703 χαρίας
299 2671 324 2699 ι’,
340 2665 381 2692 ὅτι
399 2674 409 2691 t
428 2665 507 2701 Πηγὴ
523 2664 555 2692 ὲκ
581 2662 628 2690 τοῦ
649 2664 724 2691 οἴκου
750 2666 853 2702 Κυρίου
868 2667 974 2700 ἐξελεύ-

186 2714 335 2746 σεται,καὶ
351 2714 441 2741 ποτιεί
464 2712 509 2740 τὸν
527 2711 696 2748 χειμὰῥρουν
724 2711 776 2738 τῶν
803 2712 938 2746 σχοινίων.
962 2724 971 2739 ι

220 2772 243 2790 ⁸⁸
255 2771 339 2800 Josue
353 2779 390 2804 vr,
407 2771 418 2798 1
437 2778 515 2806 seqq.

185 2815 261 2839 1.1m,
276 2807 320 2834 ιο.
359 2808 382 2823 ⁹¹
397 2807 455 2835 Joel
473 2805 563 2839 in,l8.

562 2769 584 2785 ⁵⁷
607 2767 685 2795 Joan.
701 2776 748 2802 vn,
766 2770 808 2797 58.
848 2771 871 2787 ⁸³
886 2771 961 2799 .Io.ni.

1016 2792 1023 2804 ,
1044 2771 1083 2803 l5,
1102 2771 1142 2797 Μ.
1181 2771 1203 2786 ⁸9
1219 2770 1290 2798 Ρειιι.
1302 2776 1381 2801 xxxv,
1396 2769 1421 2795 9.
1461 2768 1483 2784 9°
1495 2767 1567 2795 Psal.
1579 2774 1647 2797 xu,‘

1023 2295 1067 2323 his
1080 2294 1170 2322 verbis
1187 2303 1194 2320 :
1215 2303 1222 2318 ι
1243 2292 1295 2326 Qui
1309 2292 1411 2320 biberit
1427 2299 1538 2326 aquam,
1555 2299 1636 2327 quam
1661 2299 1710 2326 ego
1728 2291 1812 2323 dabo,

1021 2339 1135 2368 ﬂumina
1157 2339 1191 2366 de
1213 2342 1308 2364 ventre
1322 2337 1382 2371 ejus
1399 2335 1483 2363 ﬂuent
1515 2344 1593 2371 aqua:
1608 2335 1726 2362 viventis
1743 2335 1777 2361 ³⁸.
1801 2344 1810 2360 ι

1023 2387 1060 2415 De
1077 2385 1190 2413 Christo
1206 2388 1297 2411 autem
1321 2384 1382 2418 ipso
1404 2383 1431 2409 in
1459 2382 1516 2410 haec
1539 2383 1621 2410 verba
1642 2381 1753 2408 loculus
1771 2385 1812 2409 est

1023 2431 1126 2460 David:
1147 2440 1156 2457 ι
1175 2430 1207 2457 Et
1236 2434 1357 2457 torrente
1381 2429 1542 2457 deliciarum
1573 2433 1682 2455 tuarum
1706 2427 1814 2462 potabis

1022 2488 1080 2513 eos,
1093 2479 1223 2515 quoniam
1240 2477 1312 2512 apud
1339 2481 1365 2504 te
1379 2475 1440 2503 fons
1453 2480 1495 2503 est
1510 2475 1614 2502 vitm”.
1634 2484 1642 2500 ι
1664 2475 1787 2509 itemque
1806 2483 1812 2501 :

1025 2537 1033 2553 ι
1047 2526 1180 2554 Fluminis
1201 2526 1321 2560 impetus
1343 2523 1485 2551 laetiticant
1510 2522 1650 2548 civitatem
1681 2520 1729 2548 Dei
1745 2521 1777 2547 °°.
1802 2529 1812 2546 ι

1024 2574 1056 2601 Ει
1070 2573 1103 2601 de
1116 2581 1146 2600 se
1160 2573 1186 2599 in
1200 2571 1344 2606 prophetis
1359 2570 1489 2597 Christus
1507 2578 1514 2595 :
1532 2578 1540 2593 c
1561 2567 1631 2595 Ecce
1645 2575 1695 2602 ego
1710 2567 1814 2594 inclino

1022 2620 1049 2646 in
1065 2626 1124 2651 eos,
1137 2623 1266 2652 tanquam
1281 2616 1380 2643 ﬂuvius
1392 2615 1469 2650 pacis
1491 2614 1525 2639 9'.
1554 2623 1562 2637 ι
1579 2612 1611 2638 Et
1628 2611 1687 2639 Jorl
1705 2612 1787 2640 etiam
1806 2620 1813 2638 :

1025 2665 1096 2693 Fons
1114 2665 1147 2692 de
1160 2664 1242 2691 domo
1261 2661 1370 2689 Domini
1396 2658 1564 2695 egredietur,
1577 2663 1604 2684 et
1630 2657 1734 2692 putabit
1759 2661 1816 2684 tor-

1025 2711 1285 2745 rcntnmjuncorurn
1307 2708 1340 2734 9'.
1359 2716 1368 2732 ι
1391 2705 1431 2733 Ad
1447 2705 1504 2732 hinc
1519 2704 1603 2740 igitur
1625 2707 1654 2730 et
1681 2704 1732 2730 hoc
1757 2703 1817 2731 loco

1724 2763 1745 2779 9‘
1763 2764 1815 2790 isa.

839 2855 954 2883 VARle
976 2852 1182 2882 LECTIONES.

223 2907 243 2922 π’
262 2903 306 2930 ἵσ.
324 2902 391 2930 ἀλλὰ
411 2903 457 2930 καὶ
471 2903 514 2937 τῇ.
560 2906 572 2919 η
593 2911 634 2935 rp.
658 2901 744 2937 -ιὼηλ.
