1999 3076
183 136 251 170 2551

832 139 1008 171 PROCOPII
1021 140 1142 170 GAZ/EI

1739 141 1815 173 2552

183 195 347 222 adhortatur
360 194 506 231 propheta.
522 195 625 223 donum
643 197 730 232 gratis
759 196 888 224 omnibus
911 202 970 230 pro-

1032 196 1097 231 “pb;
1107 195 1125 223 ἃ.
1140 195 1188 224 νῦν
1202 197 1249 223 καὶ
1264 197 1278 223 ό
1292 197 1434 232 προφήτης
1446 195 1612 232 παρακαλεῖ,
1632 197 1732 232 προῖκα
1747 198 1815 224 πᾶσι

183 242 248 276 poni
262 247 401 270 asserens.
418 241 519 269 Verum
537 243 593 269 sine
615 243 820 270 commutatione
843 243 932 270 vinum
947 248 973 270 el

185 287 227 314 lac
234 287 414 315 reddiderunt
426 287 540 323 Aquilas
551 293 579 315 et
587 288 782 324 Symmachus,
792 293 822 317 ut
830 289 863 316 ad
875 297 972 324 aquam

185 332 238 360 ista
256 333 464 368 responderent.
487 332 541 361 Pro
564 334 641 369 adipe
668 334 742 362 enim
766 334 809 362 Iac
834 334 972 363 dixerunt.

186 378 365 413 Signiﬁcalur
377 386 459 414 porro
471 388 546 415 aqua:
562 381 672 408 nomine
695 380 834 416 Evangelii
849 380 973 416 promul-

185 425 261 459 gatio
275 433 283 452 :
297 429 325 452 ut
357 425 410 452 vini
435 429 462 452 et
478 426 566 458 lactis,
593 426 708 461 mystica
729 425 972 461 regeneratio.Qui

185 470 259 497 etiim
279 478 349 505 aqua
377 475 403 498 et
422 471 527 506 Spiritu
546 477 642 500 sancto
668 477 877 507 regenerantur,
897 472 972 500 verbi

186 513 312 541 rationali
326 514 403 547 lacte,
425 520 555 550 tanquam
573 520 699 543 recentcr
711 516 767 543 nati
788 516 908 544 inl'antes
921 524 974 543 nu-

187 559 308 586 triuntur
323 560 356 593 ",
375 561 514 596 vimunque
535 561 601 588 illud
616 562 723 594 bibunt,
735 562 770 590 de
782 570 837 597 quo
851 562 953 590 dicitur
967 571 974 589 :

191 613 199 629 ι
214 603 261 631 llic
276 609 319 632 est
333 606 446 641 sanguis
461 614 538 634 incus
551 607 596 641 qui
610 607 745 642 provobis
753 607 905 635 ell'unditur
914 608 949 636 νδ.
962 617 972 633 ι

188 651 223 677 Et
238 658 303 678 vero
317 652 416 686 quibus
431 653 497 679 olim
511 653 629 680 dabatur
642 653 806 688 baptismus.
823 653 921 681 iisdem
933 654 976 681 lac

188 695 271 721 etiam
291 703 353 723 cum
371 703 487 731 corpore
502 702 529 724 et
546 697 679 732 sanguine
690 698 884 731 tribuebatur;
901 699 974 734 quod

189 741 223 768 de
235 749 309 769 more
321 742 349 769 in
365 742 497 771 Ecclesiis
507 743 674 778 quibusdam
689 745 779 772 adhuc
803 746 974 774 observatur.

189 787 311 823 ldipsum
332 794 359 816 et
374 789 464 818 Moses
480 790 665 823 adunihravit,
680 798 743 818 cum
763 791 899 826 gratiosos
916 791 976 826 ejus

190 840 204 858 ιι
216 833 279 860 vino
290 833 394 866 oculos,
404 842 465 861 cum
476 834 572 867 dentes
584 835 655 862 lacte
665 835 783 863 all-iores
796 843 858 863 esse
867 835 975 862 dixit".

189 878 270 913 625
282 878 422 914 Signiﬁcat
434 884 524 909 autem
539 888 586 916 per
599 881 711 916 adipem,
722 881 850 916 pinguem
865 881 938 908 illam
949 885 976 909 et
993 876 1014 903 Β

191 924 290 950 almam
324 924 352 951 in
372 924 482 952 Christo
499 925 553 953 cibi
573 925 753 959 facultatem;
773 926 799 953 id
818 930 860 954 est
876 925 977 953 Christi

190 976 302 1004 corpus,
317 971 389 1005 quod
404 971 430 1001 in
453 971 607 1007 Evangeliis
626 979 691 999 caro
708 981 716 1006 ;
731 972 775 1000 hic
793 977 883 1000 autent
898 973 977 1008 adeps

191 1021 377 1051 nuncupatur,
394 1022 423 1043 ut
448 1022 476 1044 et
498 1018 535 1044 ibi
550 1018 660 1053 quidem
677 1025 789 1053 corpus,
826 1018 870 1046 hic
887 1023 976 1046 autem

190 1063 290 1089 vinum.
315 1063 402 1097 Adeps
422 1063 495 1090 enim
520 1068 547 1091 et
564 1071 630 1091 caro
652 1064 850 1092 incarnationis
867 1071 978 1092 (θροηθ-

190 1107 273 1135 miam
285 1108 442 1144 signiﬁcant
455 1119 462 1136 :
482 1109 573 1137 vinum
587 1114 678 1137 autem
692 1113 719 1137 et
732 1109 856 1144 sanguis,
870 1110 978 1145 passio-

190 1153 234 1182 nis
250 1154 509 1190 mysterium;quae
519 1161 547 1181 se
560 1154 625 1186 illis,
650 1154 697 1189 qui
725 1154 842 1182 salutem
871 1154 978 1186 sitiunt,

191 1199 278 1234 gratis
294 1199 473 1235 praebiturum
489 1199 635 1235 pollicetur
649 1208 656 1226 :
673 1200 745 1228 sicut
767 1204 795 1227 et
820 1199 977 1235 discipulis.

191 1245 264 1280 quod
275 1246 361 1280 gratis
375 1245 546 1279 accepissent
556 1245 641 1280 gratis
654 1245 719 1273 dare
735 1245 879 1281 imperavit
890 1246 923 1273 ".

226 1290 278 1325 Qui
296 1295 386 1319 autem
402 1299 487 1319 emere
500 1299 563 1319 eum
578 1291 718 1327 jussisset,
731 1292 814 1320 etiam
827 1292 883 1320 sine
895 1292 979 1326 pretio

191 1345 253 1366 mox
282 1337 397 1372 adjicit?
419 1337 490 1371 Quia
519 1337 581 1368 ﬁde.
608 1345 663 1364 non
696 1341 812 1373 argento
838 1337 977 1369 venditur.

192 1381 309 1417 ideoque
324 1390 406 1418 quare
428 1382 539 1416 pecunia
557 1387 671 1410 emerent
687 1383 823 1417 quaesivit.
840 1383 978 1416 Quamob-

193 1436 251 1456 rem
268 1435 352 1462 vero,
373 1429 427 1461 ait,
445 1437 500 1456 non
521 1429 548 1456 in
569 1436 600 1455 ea
628 1428 721 1456 studia
743 1433 852 1464 tempus
873 1430 979 1464 impen-

192 1474 268 1507 ditis,
280 1474 381 1509 quibus
396 1480 438 1502 est
455 1474 594 1502 nutriendi
609 1475 738 1506 facultas,
754 1475 800 1502 sed
817 1475 844 1502 in
857 1476 980 1503 externis

193 1520 349 1555 disciplinis
375 1520 478 1548 frustra
501 1520 671 1554 laborantes,
701 1528 732 1548 ea
763 1521 841 1549 vobis
871 1527 980 1557 argento

193 1567 291 1601 amitis,
305 1575 366 1603 quas
377 1567 429 1596 sub
442 1567 500 1602 ipsa
513 1567 643 1596 dictionis
659 1572 803 1596 venustate
819 1568 887 1596 nihil
906 1568 979 1604 quod

193 1620 289 1640 verum
317 1613 364 1646 sit,
398 1616 426 1640 et
454 1617 574 1639 mentem
603 1612 716 1645 nutriat,
741 1612 982 1647 complectuntur?

195 1659 265 1687 llinc
276 1659 361 1695 igitur
371 1659 417 1687 illa
433 1659 601 1695 Symmachi,
614 1667 675 1695 qua:
691 1660 828 1694 sequitur,
845 1660 982 1696 interpre-

195 1706 264 1733 tatio
279 1716 287 1736 ;
304 1705 461 1741 Impenditis
476 1706 613 1740 pecuniam
628 1711 751 1739 vestram,
773 1714 824 1734 non
841 1706 870 1733 in
883 1714 982 1741 panes;

195 1760 220 1786 et
240 1755 342 1782 labores
365 1759 475 1786 vestros,
497 1763 549 1782 non
575 1755 602 1781 in
625 1754 806 1782 saturitatem.
832 1754 983 1782 Conveniet

196 1808 261 1828 vero
280 1801 357 1829 etiis
370 1801 465 1833 etiam,
486 1800 531 1834 qui
549 1800 725 1828 ludaicarum
745 1800 901 1828 scholarum
927 1805 983 1828 tra-

196 1848 318 1876 ditiones
334 1848 472 1876 eruebant.
491 1847 584 1875 Nudas
601 1848 673 1875 enim
692 1855 774 1875 voces
800 1851 909 1874 tantum
926 1847 983 1876 edi-

196 1895 320 1922 sccbant.
329 1893 407 1929 Apud
422 1898 543 1922 externae
555 1894 655 1922 deinde
666 1894 808 1929 sapientiae
824 1893 982 1930 magistros,

198 1940 372 1969 mendacium
395 1940 485 1977 ipsum
504 1941 556 1968 luti
579 1941 676 1974 instar,
701 1948 785 1968 aureo
809 1943 939 1975 tanquam
956 1941 983 1968 in

197 1994 259 2014 vase
276 1986 456 2020 reconditur;
479 1994 541 2014 cum
561 1994 612 2014 nos
641 1986 744 2014 Christi
768 1986 930 2013 thesaurum
956 1986 984 2013 in

197 2031 272 2059 vasis
283 2031 411 2059 ﬁctilibus
425 2031 576 2059 habeamus
586 2032 607 2052 υ
622 2041 629 2059 :
642 2030 757 2066 ideoque
770 2036 797 2059 et
810 2030 913 2058 Paulus
928 2031 983 2058 ait:

199 2087 208 2103 ι
228 2076 279 2104 Ubi
302 2077 493 2112 sapiens?ubi
517 2076 628 2104 scriba?
653 2077 698 2104 ubi
728 2076 878 2111 inquisitor
902 2076 985 2111 hujus

197 2123 309 2152 set-culi?
324 2118 420 2151 Nonne
432 2124 543 2151 stultam
558 2122 623 2150 fecit
637 2122 708 2150 Deus
728 2122 891 2158 sapientiam
903 2122 985 2157 hujus

198 2169 296 2197 umndi
314 2170 359 2197 ἐἳ
378 2179 387 2195 ›
406 2169 439 2196 Ει
462 2176 593 2196 rursum:
609 2177 618 2194 ‹
638 2168 774 2201 Quoniam
796 2168 824 2195 in
849 2168 986 2207 sapientia

1027 242 1115 276 λέγων
1129 243 1289 278 προκεῖσθαι
1305 243 1354 278 τὴν
1368 243 1482 279 δωρεάν.
1506 243 1623 275 Ἀκύλας
1640 243 1668 270 δὲ
1680 243 1728 270 uel
1741 243 1816 278 Σύμ-

1029 297 1124 324 μαχος,
1145 289 1236 316 Ἄνευ
1250 289 1442 324 ἀλλάγ-ματος
1453 287 1537 316 οἳ-νον
1548 289 1596 316 καί
1609 288 1698 324 τάλα,
1722 288 1816 323 φασὶν,

1027 333 1065 366 ὡς
1079 330 1149 360 εἶναι
1159 333 1245 360 ταῦτα
1258 334 1326 370 πρὸς
1334 334 1372 369 τῷ
1382 334 1480 361 ὕδατι.
1498 334 1572 361 'Av-tl
1582 334 1636 370 γὰρ
1651 333 1697 361 τοῦ
1712 334 1815 369 στέαρ,

1027 379 1106 414 τάλα
1123 380 1199 415 φασί.
1209 380 1289 416 Δηλοῖ
1297 380 1325 407 δὲ
1340 380 1370 407 τὺ
1385 380 1435 415 μὲν
1446 380 1535 414 ὕδωρ,
1543 380 1575 406 τὸ
1586 379 1762 414 εὐαγγελικδν
1768 381 1816 416 κή-

1030 433 1132 460 ρυγμα.
1149 423 1236 457 Dirae
1246 425 1274 452 δὲ
1294 425 1342 451 καὶ
1356 425 1434 460 γάλα
1448 425 1483 452 τὰ
1497 425 1617 459 μυστικὰ
1634 425 1684 460 τῆς
1700 425 1817 459 ἀναγεν-

1028 470 1134 505 νήσεως
1150 469 1283 506 σύμϐολα.
1315 470 1346 496 Οἱ
1372 469 1426 505 γὰρ
1441 469 1470 502 ἐξ
1486 469 1582 501 ὓδατος
1594 471 1641 496 καὶ
1661 469 1817 504 πνεύματος

1029 517 1256 553 ἀναγεννώμενοι,
1278 517 1316 549 ὡς
1341 517 1522 553 ἀρτιγέννητα
1543 516 1632 552 βρέφη
1650 516 1689 552 τῷ
1715 516 1817 551 λογικῷ

1029 563 1172 598 τρέφονται
1191 563 1329 598 γάλακτι,
1340 561 1425 590 οἷνόν
1438 571 1471 593 τε
1484 562 1601 596 πίνουσι,
1617 563 1680 598 περὶ
1692 559 1722 590 οὗ
1734 570 1816 597 φησιο

1032 619 1041 635 ε
1062 610 1147 637 Τοῦτό
1159 610 1210 645 μού
1225 611 1283 636 ἐστι
1298 610 1329 636 τὸ
1350 606 1420 644 αἷμα
1436 609 1467 636 τδ
1481 610 1551 646 ὑπὲρ
1567 609 1644 645 ὑμῶν
1666 609 1817 646 ἑκχυνόμε-

1029 665 1083 683 νον.
1105 666 1114 683 ι
1136 656 1191 683 Καὶ
1203 655 1287 683 πάλαι
1311 655 1340 682 δὲ
1364 657 1422 688 τοῖς
1444 656 1641 691 φωτιζομένοις
1657 656 1736 692 τάλα
1748 656 1818 691 μετὰ

1029 702 1075 729 τοῦ
1087 703 1212 737 σώματος
1229 702 1414 738 προσεφέρετο
1432 703 1479 729 καὶ
1501 702 1547 729 τοῦ
1568 702 1695 738 αἵματος.
1713 703 1768 729 Καὶ
1788 702 1818 730 ἔν

1029 757 1084 775 τισι
1098 748 1127 779 δέ
1141 756 1222 783 φασιν
1244 748 1421 784 Ἐκκλησίαις
1446 749 1476 775 τὸ
1492 747 1553 779 ἔθος
1565 747 1606 775 ἐτι
1622 747 1816 783 φυλάττεσθαι.

1029 794 1115 821 Τοῦτο
1128 795 1176 821 καὶ
1185 795 1288 830 Μωσῆς
1297 794 1420 830 ᾐνίττετο
1429 794 1526 829 λέγων·
1533 803 1542 820 ε
1554 794 1677 829 Χαροποὶ
1684 794 1708 820 οί
1718 793 1818 828 ὀφθαλ-

1032 841 1078 876 μοὶ
1096 840 1178 868 αὐτοῦ
1195 840 1249 868 ἀπὸ
1263 841 1346 867 οἴνου.
1368 840 1423 867 Kal
1451 840 1544 867 λευκοὶ
1562 841 1587 867 οἱ
1606 840 1713 872 ὀδόντες
1734 838 1817 866 αὑτοῦ

1029 887 1054 913 εί
1070 890 1082 904 ο
1097 887 1178 921 γάλα.
1198 895 1206 913 ι
1221 885 1258 912 Τδ
1283 885 1312 912 δὲ
1325 885 1427 920 στέαρ,
1442 886 1472 912 τὺ
1488 885 1604 921 λιπαρὸν
1618 885 1665 912 καὶ
1683 885 1819 921 τρόφιμον

1029 933 1078 968 τῆς
1093 934 1122 959 ὲν
1138 932 1247 968 Χριστῷ
1261 932 1366 968 τροφῆς
1385 932 1545 965 αἰνίττεται,
1562 932 1593 958 τὸ
1618 932 1699 968 σῶμα
1721 931 1819 967 δηλοῦν

1028 978 1075 1005 τοῦ
1087 977 1217 1013 Χριστοῦ,
1233 978 1324 1012 σάρκα
1339 977 1388 1013 μὲν
1404 977 1551 1012 λεγόμενον
1578 978 1607 1004 ὲν
1629 977 1817 1012 Εὐαγγελίοις,

1029 1024 1145 1051 ἐνταῦθα
1157 1024 1186 1050 δὲ
1200 1023 1292 1058 στέαρ
1304 1031 1311 1039 ’
1325 1023 1421 1059 ὥσπερ
1455 1024 1515 1050 ἐκεῖ
1542 1023 1592 1059 μὲν
1621 1020 1702 1059 αἷμα,
1728 1023 1775 1050 νῦν
1788 1023 1819 1050 δὲ

1029 1067 1121 1102 οἶνος.
1135 1069 1172 1096 Τὸ
1188 1069 1237 1104 μὲν
1254 1069 1308 1104 γὰρ
1323 1068 1415 1103 στέαρ
1434 1069 1482 1095 καὶ
1498 1069 1515 1105 ἡ
1531 1068 1601 1104 σὰρξ
1613 1068 1661 1104 τὴν
1684 1068 1820 1104 ένσαρκον

1030 1115 1186 1150 οἰκονομίαν
1198 1114 1282 1150 δηλοῖ.
1300 1112 1388 1148 Οἷνος
1403 1115 1434 1145 δὲ
1445 1115 1493 1142 καὶ
1507 1112 1589 1150 αἷμα,
1602 1115 1634 1141 τὸ
1647 1115 1694 1142 τοῦ
1715 1114 1820 1148 πάθους

1031 1160 1191 1195 μυστήριον,
1236 1160 1292 1191 τοῖς
1309 1159 1424 1193 διψῶσι
1443 1159 1582 1195 σωτηρίας
1606 1160 1704 1186 δώσειν
1723 1160 1820 1195 ἀμισθὶ

1029 1205 1228 1241 ἐπαγγέλλεται
1242 1206 1289 1233 καὶ
1301 1207 1357 1237 τοῖς
1364 1205 1499 1241 μαθηταῖς
1510 1205 1605 1233 ειπών·
1613 1215 1622 1232 ι
1631 1206 1741 1242 Δωρεὰν
1756 1206 1820 1234 ὲλά·

1031 1252 1105 1284 ὃετε,
1119 1252 1224 1287 δωρεὰν
1236 1252 1306 1279 δότε.

1065 1297 1128 1330 Πῶς
1137 1297 1166 1324 δὲ
1174 1298 1257 1332 λέγει,
1266 1297 1451 1333 Ἀτορὰσατε,
1458 1297 1506 1325 καὶ
1516 1297 1606 1331 πάλιν,
1620 1298 1707 1328 Ἄνευ
1715 1297 1821 1333 τιμῆςξ

1030 1342 1123 1378 ἐπειδὴ
1131 1343 1311 1376 πίστεως,οὺκ
1319 1343 1450 1379 ἀργυρίου
1457 1343 1737 1380 πιπράσκεται.”Οθεν
1744 1343 1820 1378 εῐρη-

1030 1397 1085 1415 ται·
1096 1389 1158 1416 Ἵνα
1165 1390 1193 1416 τί
1203 1389 1328 1424 τιμᾶσθε
1335 1389 1478 1425 ἀργυρίου
1486 1398 1496 1423 ;
1505 1389 1554 1416 Διὰ
1560 1389 1588 1416 τί
1601 1389 1630 1416 δὲ
1642 1389 1680 1425 μὴ
1687 1389 1750 1424 περὶ
1757 1397 1822 1424 ¹τρο-

1031 1436 1130 1470 φίμους
1147 1435 1241 1469 λόγους
1250 1436 1296 1463 τὸν
1311 1435 1406 1472 χρόνον
1419 1435 1642 1467 καταναλίσκετε,
1665 1435 1753 1471 μάτην
1767 1443 1822 1469 μο-

1031 1481 1174 1517 χθοῦντες
1179 1482 1242 1517 περὶ
1247 1481 1340 1515 τὰέξω
1345 1482 1503 1519 μαθήματα,
1510 1482 1578 1508 lto-5x
1584 1482 1726 1518 ἀργυρίου
1733 1481 1822 1513 ταῦτα

1032 1528 1206 1563 ὠνούμενοι,
1215 1529 1287 1564 ἅπερ
1297 1529 1325 1555 έν
1337 1528 1430 1556 κάλλει
1440 1529 1549 1562 λέξεως,
1557 1529 1686 1565 ἀληθείας
1694 1528 1761 1555 κενὰ
1774 1528 1823 1555 καὶ

1034 1576 1132 1610 νοητῆς
1144 1576 1202 1602 ὲστι
1218 1575 1321 1610 τροφῆς
1332 1583 1339 1608 ;
1351 1574 1397 1601 Διὸ
1408 1574 1555 1610 Σύμμαχος
1571 1573 1671 1610 ἔφησε·
1685 1574 1823 1602 dilatata

1032 1621 1184 1656 ἀργύριον,
1214 1622 1271 1655 οὐχ
1300 1620 1377 1655 ὑπὲρ
1392 1620 1492 1648 αὐτῶν
1507 1625 1533 1654 (ι,
1559 1620 1609 1648 καί
1624 1620 1697 1653 τοὺς
1708 1620 1823 1653 κόπους

1032 1665 1127 1701 ὑμῶν,
1145 1667 1202 1700 οὺχ
1215 1666 1293 1700 ὑπὲρ
1306 1664 1501 1700 πλησμονῆς.
1521 1664 1652 1701 ’Δρμόσει
1674 1664 1702 1692 δὲ
1715 1665 1762 1690 καὶ
1775 1665 1837 1691 ἐπὶ·

1033 1713 1088 1740 τῶν
1103 1712 1266 1748 ὠνουμένων
1280 1711 1330 1747 τὴν
1355 1711 1410 1738 τῶν
1432 1710 1586 1739 Ἰουδαϊκῶν
1598 1710 1823 1745 ἀναγνωσμάτων

1034 1758 1194 1794 παράδοσιν.
1210 1757 1299 1794 Ψιλὴν
1310 1757 1365 1792 γὰρ
1374 1756 1423 1792 τὴν
1434 1755 1508 1788 λέξιν
1522 1755 1687 1791 ἐμάνθανον.
1704 1755 1784 1791 Παρὰ
1793 1755 1823 1781 δὲ

1033 1805 1090 1836 τοῖς
1104 1803 1157 1836 ἔξω
1169 1804 1271 1838 σοφοῖς,
1287 1802 1413 1836 καθάπερ
1425 1803 1453 1829 ὲν
1477 1802 1571 1838 χρυσῷ
1593 1801 1695 1833 σκεύει,
1708 1801 1740 1828 τὺ
1754 1800 1822 1836 ψεῦ-

1034 1851 1090 1884 δος,
1104 1850 1234 1886 βορϐόρου
1243 1849 1331 1885 δίκην,
1346 1849 1507 1884 ἐκρύπτετο.
1517 1842 1612 1883 Ἡμεῖς
1620 1848 1673 1884 γὰρ
1684 1847 1713 1874 ὲν
1725 1847 1824 1883 ὀστρα-

1035 1897 1121 1929 κίνοις
1139 1896 1249 1923 σκεύεσι
1276 1896 1323 1923 τὸν
1341 1895 1461 1931 Χριστοῦ
1491 1894 1653 1930 κεκτήμεθα
1674 1893 1823 1930 θησαυρόν.

1036 1943 1081 1969 Διδ
1093 1942 1140 1972 καὶ
1154 1942 1261 1973 Παῦλός
1277 1949 1344 1977 φησι
1353 1949 1359 1955 ·
1371 1950 1380 1967 1
1393 1940 1448 1967 Ποῦ
1461 1940 1617 1974 σοφόςςποῦ
1625 1938 1823 1974 γραμματεύςς

1037 1988 1089 2015 ποῦ
1102 1987 1256 2024 συζητητὴς
1266 1986 1314 2013 τοῦ
1329 1985 1427 2017 αἰῶνος
1437 1985 1533 2012 τούτου
1548 1993 1556 2017 ;
1573 1985 1633 2020 οὐχὶ
1649 1983 1790 2020 ἐμώρανεν
1809 1983 1824 2009 ὁ

1036 2033 1100 2064 Θεὸς
1111 2033 1160 2068 τὴν
1178 2028 1272 2066 σοφίαν
1288 2030 1334 2068 τοῦ
1358 2031 1462 2065 κόσμου
1485 2029 1599 2061 τούτους
1618 2038 1627 2054 ι
1648 2029 1704 2055 Καὶ
1725 2027 1822 2055 πάλιν·

1040 2089 1050 2111 t
1076 2078 1185 2113 Ἐπειδὴ
1212 2077 1267 2113 γὰρ
1290 2077 1320 2104 ὲν
1335 2077 1368 2112 τῇ
1399 2075 1480 2111 σοφίᾳ
1496 2075 1543 2102 τοῦ
1564 2075 1632 2102 Θεοῦ
1652 2075 1702 2102 οὐκ
1722 2075 1793 2109 ἔγνω
1810 2074 1824 2100 ὁ

1037 2125 1139 2159 κόσμος
1150 2122 1195 2150 διὰ
1211 2123 1260 2158 τῆς
1272 2121 1368 2156 σοφίας
1392 2121 1438 2149 τὸν
1458 2120 1534 2157 Θεὸν,
1563 2119 1714 2155 ηὐδόκησεν
1730 2119 1744 2145 ό
1758 2118 1824 2150 Θεὸς

1037 2169 1081 2197 διὰ
1090 2170 1140 2205 τῆς
1154 2168 1259 2205 μωρίας
1267 2167 1314 2195 τοῦ
1323 2167 1501 2203 κηρύγματος
1511 2165 1597 2196 σῶσαι
1607 2165 1671 2196 τοὺς
1685 2163 1825 2191 πιστεύον-

199 2216 245 2243 Dei
261 2223 317 2244 non
337 2215 448 2252 agnovit
473 2215 593 2242 mundus
626 2222 674 2250 per
699 2214 863 2249 sapientiam
887 2213 980 2247 Deum,

1039 2225 1104 2249 τας·
1122 2226 1132 2243 ι
1152 2215 1257 2252 μωρίαν
1279 2213 1374 2247 εἰπὼν,
1402 2213 1433 2240 τὸ
1462 2213 1512 2247 τῆς
1527 2212 1625 2246 λέξεως
1648 2210 1757 2242 εὐτελὲς
1775 2209 1826 2245 τῆς

199 2262 301 2296 placuit
332 2261 387 2289 Deo
417 2269 464 2296 per
491 2261 634 2288 stultitiam
655 2259 861 2295 praedicationis
892 2260 985 2290 salvos

199 2307 291 2335 iacere
304 2307 449 2334 credentes
460 2307 501 2337 ὀς
522 2315 531 2332 ι
546 2306 592 2334 ubi
613 2306 738 2334 stultitiae
751 2306 873 2339 nomine,
889 2306 988 2334 dictio-

200 2353 243 2380 nis
266 2353 293 2380 in
312 2352 455 2387 Scriptura
489 2359 568 2380 sacra
596 2351 779 2379 humilitatem
806 2351 985 2386 signiﬁcavit.

199 2399 262 2428 lstis
288 2399 372 2434 igitur
397 2398 529 2431 omissis,
564 2397 729 2433 evangelica:
756 2397 985 2433 promulgationis

200 2444 268 2471 bona
281 2443 418 2477 comedite,
430 2448 458 2470 ut
475 2442 645 2476 deliciemini,
664 2442 764 2478 inquit,
786 2442 901 2470 veritate
917 2450 988 2470 enu-

199 2490 269 2524 triti,
283 2489 424 2525 Deumque
438 2494 630 2525 agnoscentes,
649 2492 676 2517 et
691 2487 845 2516 secundum
857 2488 988 2517 virtutem

199 2536 331 2572 degentes
341 2537 443 2564 talibus
455 2535 656 2564 incredulitatis
669 2535 867 2571 prudentisque
877 2535 989 2564 auscul-

202 2583 315 2614 tationis
334 2583 486 2611 mercedem
506 2582 641 2617 acceptis.
658 2581 719 2614 Quo
735 2581 763 2608 ﬁt
779 2585 809 2608 ut
823 2581 914 2609 audite
936 2590 989 2610 au-

1034 2264 1116 2298 ἁγίας
1130 2262 1252 2297 Γραφῆς.
1267 2259 1361 2288 Ταῦτα
1377 2259 1466 2287 τοίνυν
1478 2258 1593 2293 ἀφέντες
1607 2256 1716 2293 φάγετε
1729 2256 1764 2284 τὰ
1777 2254 1826 2282 τοῦ

1036 2308 1214 2345 εὐαγγελικοῦ
1234 2307 1411 2344 κηρύγματος
1437 2304 1543 2341 ἀγαθὰ,
1570 2304 1620 2332 καί
1643 2302 1824 2338 τρυφήσετε,

1037 2357 1128 2393 φησὶν,
1147 2354 1262 2390 ἀληθείᾳ
1273 2353 1446 2390 τρεφόμενοι,
1456 2350 1636 2386 γινώσκοντες
1644 2358 1675 2376 τε
1691 2348 1770 2381 Θεὸν,
1778 2348 1827 2374 καὶ

1038 2403 1158 2438 βιοῦντες
1169 2400 1230 2427 κατ’
1248 2398 1359 2436 ἀρετὴν,
1389 2397 1486 2433 μισθὸν
1502 2396 1655 2427 εὐπειθείας
1671 2394 1758 2422 ταῦτα
1776 2394 1826 2420 λα-

1038 2437 1130 2481 ϐόντες
1159 2447 1205 2474 καὶ
1227 2446 1341 2481 συνετῆς
1356 2444 1525 2480 ἀκροάσεως.
1549 2443 1630 2470 Ὅθεν
1651 2441 1787 2475 ἐξέδωκαν
1802 2437 1826 2465 οἱ

1037 2496 1137 2524 λοιποί’
1158 2496 1323 2524 Ἀκούσατε
1349 2493 1523 2524 ἀκούοντες,
1544 2490 1589 2521 Ὧς
1611 2489 1648 2525 μὴ
1665 2485 1828 2522 σωματικῶν

1036 2544 1066 2571 δὲ
1077 2544 1160 2571 ὄντων
1168 2542 1228 2569 τῶν
1238 2540 1367 2577 ἀγαθῶν,
1385 2539 1416 2566 τὸ
1435 2544 1444 2558 τ
1456 2539 1516 2569 ταῖς
1529 2537 1640 2573 ψυχαῖς,
1657 2533 1741 2570 ὑμῶν
1756 2532 1827 2559 εἰκό-

1039 2598 1092 2622 τως
1103 2589 1271 2626 προσέθηκε.

203 2631 313 2664 :tienles,
333 2634 448 2658 caeteros
479 2628 654 2664 interpretari
678 2628 830 2656 videamus.
847 2628 950 2658 Deinde
968 2639 1002 2661 ne
1020 2638 1145 2672 corporis
1168 2637 1237 2664 bona
1255 2642 1319 2664 esse
1335 2638 1513 2671 pularemus,
1532 2631 1624 2660 αηεηια
1659 2634 1745 2658 mura
1779 2628 1829 2656 ad-

204 2677 282 2707 didit.

237 2736 437 2770 “ll’etr.tt,2.
473 2737 498 2753 “
511 2735 688 2768 Matth.xxvr,
708 2735 753 2762 ‘28.
792 2735 814 2751 ⁸⁵
823 2735 891 2762 Gen.
910 2743 980 2770 xLIx,

1032 2746 1043 2768 ξ.
1081 2741 1104 2758 ’⁵
1119 2740 1214 2768 Matth.
1234 2749 1260 2772 κ,
1278 2740 1305 2768 8.
1343 2739 1366 2756 ⁸⁷
1386 2737 1409 2766 ll
1423 2737 1486 2767 Cor.
1498 2737 1569 2769 m7.
1609 2735 1632 2752 ’⁸
1651 2731 1830 2767 ltlor.r,20.

205 2772 226 2797 ιο
243 2772 309 2801 ibid.
325 2772 370 2799 21.

838 2818 955 2846 νΑΜΑΞ
975 2818 1177 2848 LECTIONES.

237 2869 252 2890 is
274 2872 317 2905 γρ.
336 2863 362 2897 ἡ.
403 2869 415 2888 Ρ
431 2871 472 2898 Π).
496 2863 563 2890 mf."
590 2869 658 2898 ειη).
679 2864 778 2899 ἄρτων.
818 2868 828 2883 π
846 2873 892 2898 περ.
910 2864 1018 2900 ἡψυχὴ.
