1999 3076
205 136 278 175 2553

773 138 1042 171 COMMENTARII
1059 138 1101 168 IN
1121 138 1265 170 ISAIAM.

1764 138 1834 175 2554

238 193 319 228 Λέγει
331 193 371 227 δὲ,
389 193 444 226 Καὶ
466 194 734 230 ἐπακολουθήσητε
751 196 815 229 ταῖς
826 195 906 229 ὁδοῖς
920 204 988 230 μου.

1073 197 1157 233 626
1169 198 1300 234 Sequitur
1321 197 1438 225 deinde:
1453 196 1488 224 Et
1509 196 1653 232 sequamini
1674 195 1731 224 vias
1749 203 1832 225 metu.

204 240 281 267 Κατὰ
292 241 334 273 τὸ,
348 249 357 266 1
378 240 412 267 Εἴ
431 249 474 272 τις
493 241 564 268 θέλει
582 241 670 269 ὀπίσω
688 251 739 277 μου
755 242 853 275 ὲλθεῖν,
867 243 992 278 ἀπαρνη-

204 287 296 315 σάσθω
325 287 432 320 ἑαυτὸν,
453 289 500 314 καὶ
527 289 621 323 ἀράτω
642 289 688 316 τὸν
703 289 820 324 σταυρὸν
837 289 931 321 αὑτοῦ,
944 289 992 316 καὶ

202 334 384 361 ἀκολουθείτω
406 343 461 370 μοι.
483 344 493 360 ι
512 334 653 368 Ψυχικὴν
679 335 708 361 δὲ
723 335 796 369 ζωὴν
811 335 860 369 τήν
878 335 992 361 ἀποκει-

204 381 289 417 μένην
298 382 355 413 τοῖς
364 381 453 417 ἁγίοις
465 381 549 416 δηλοῖ,
564 380 582 408 ἃ
596 381 734 416 ὀφθαλμὸς
750 382 800 408 οὐκ
817 379 882 414 εἶδε,
894 381 941 408 καὶ
958 380 993 408 τὰ

202 427 249 454 ἐπὶ
277 427 373 464 τούτῳ.
398 427 541 463 Διεγείρας
572 427 644 454 οὕτω
681 427 749 463 πρὸς
773 428 914 454 συντονίαν
942 427 992 462 τὴν

202 474 303 509 ἀκοὴν,
324 474 500 505 διδασκαλίας
516 474 629 509 ἄρχεται
651 473 780 507 φάσκωνο
808 473 992 507 Διαθὴσομιιι

201 520 274 555 ὑμῖν
288 521 436 555 διαθήκην
460 520 591 553 αἰώνιον,
606 519 643 546 τὰ
656 519 726 547 ὅσια
738 519 828 546 Δαΰὶδ
842 519 878 546 τὰ
886 519 990 546 πιστά.

207 567 240 593 Ἦ
247 566 301 602 γὰρ
314 567 418 594 παλαιὰ
426 566 566 601 διαθήκη,
577 566 644 601 πρὸς
652 565 872 601 καιρδνδοθεῖσα,
883 565 991 601 παρῆλ-

202 611 265 638 θεν·
289 613 323 648 ἢν
349 613 378 640 δὲ
403 612 557 648 πεποίημαι
586 612 655 648 πρὸς
673 612 772 644 Δαϐὶδ,
795 612 824 644 ἐξ
839 612 921 639 αὑτοῦ
946 613 992 639 τὸν

200 659 318 694 Χριστὸν
334 658 482 691 ἀναδείξειν
500 658 745 693 ἐπαγγειλάμενος,
768 658 869 694 πιστὴν
885 659 992 694 ποιήσω

200 705 270 739 πρὸς
290 705 370 740 ἔργον
390 704 524 739 ἐκφέρων.
553 705 593 731 Τὰ
607 704 635 731 δὲ
648 704 727 738 ὅσια,
751 704 900 740 Σύμμαχος
919 705 991 740 ἐλέη

200 751 277 786 φησὶ,
292 751 356 786 περὶ
371 747 543 785 ὤνὲλέγετο·
568 761 577 776 ι
593 750 634 778 Τὰ
658 750 722 785 ὲλέη
746 750 794 777 τοῦ
827 750 932 786 Κυρίου
951 752 992 783 είς

199 796 244 823 τὸν
255 796 340 824 αἰῶνα
354 796 466 832 ᾄσομαι.
488 806 496 822 1
512 796 567 823 Καὶ
580 796 640 831 μετ’
653 796 742 831 ὀλίγα⁸
761 805 770 822 ι
792 796 884 829 ’Ἀπαξ
894 790 991 832 ὤμοσα

199 843 228 875 ὲν
243 841 282 878 τῷ
295 842 367 877 ἁγίῳ
380 851 442 877 μου,
458 843 482 868 εἰ
492 841 530 877 τῷ
561 841 643 869 Δαὸὶδ
664 841 811 877 ψεύσομαι,
826 842 857 869 τὺ
880 843 990 878 σπέρμα.

198 888 281 916 αὐτοῦ
298 889 337 920 εἰς
353 888 398 915 τδν
408 888 495 915 αἰῶνα
512 889 597 924 μένει.
619 888 674 915 Καὶ
693 889 707 915 ὁ
720 889 815 923 Θρόνος
830 889 912 916 αὑτοῦ
924 890 962 922 ὡς
976 891 990 917 6

198 935 275 970 ἥλιος
286 935 409 961 ἐναντίον
425 943 486 970 μου.
506 944 515 960 1
534 934 626 961 Ταῦτα
651 935 740 962 τοίνυν
755 935 820 970 ὑμῖν
830 935 990 971 δωρήσομαι

198 981 254 1012 τοῖς
279 981 355 1015 ἐμοῖς
383 980 473 1015 λόγοις
505 981 681 1016 προσέχουσι.
712 981 806 1008 Ταῦτα
821 981 876 1017 γὰρ
897 981 990 1017 ἔλεγεν

197 1026 294 1062 ἀγαθὰ
304 1026 409 1061 ψυχῆς
422 1026 471 1053 καὶ
485 1026 614 1061 τρυφὴν,
627 1026 646 1054 ἃ
659 1026 706 1054 νῦν
716 1027 821 1054 αίώνιά
839 1037 929 1064 φησιν.
960 1028 990 1055 '0

197 1073 253 1107 γὰρ
266 1072 348 1107 νόμος
363 1072 452 1100 ἔκειτο
467 1072 539 1100 κατὰ
550 1073 596 1099 τὸν
610 1073 782 1107 Ἀπόστολον,
798 1074 879 1110 μέχρι
891 1075 989 1110 καιροῦ

197 1117 379 1153 διορθώσεως.
394 1117 495 1152 Διόπερ
512 1117 541 1144 ὲν
553 1118 708 1153 προφήταις
726 1119 809 1154 φησί·
825 1128 835 1145 ‹
854 1120 988 1156 Διαθήσο-

199 1172 249 1198 μαι
265 1163 398 1199 διαθήκην
412 1164 521 1200 καινὴν,
532 1164 563 1190 οὺ
576 1165 647 1192 κατὰ
655 1163 704 1198 τὴν
718 1165 851 1201 διαθήκην
866 1168 898 1202 ἣν
905 1167 990 1194 διεθέ-

199 1218 253 1244 μην
261 1209 316 1241 τοῖς
324 1209 463 1245 Πατράσιν
472 1209 560 1245 ὑμῶν,
573 1219 582 1235 ι
592 1210 640 1237 καὶ
651 1211 685 1237 τὰ
699 1211 820 1246 ἑπόμενα
830 1211 947 1244 τούτοις.
956 1213 989 1240 Ἦ

199 1254 312 1290 μὲνγὰρ
323 1252 357 1291 ἦν
367 1255 496 1290 σκιώδης.
505 1255 538 1282 Ἠ
555 1255 582 1282 δὲ
595 1255 709 1292 ἀληθής.
731 1257 777 1284 Διδ
797 1258 846 1285 καὶ
862 1258 989 1294 Ἰωάννης

197 1300 281 1336 φησίν
295 1301 373 1328 ι”Οτι
387 1302 401 1328 6
415 1301 497 1337 νόμος
505 1301 549 1328 διὰ
561 1303 683 1334 Μωσέως
697 1303 787 1339 ἐδόθη,
800 1305 816 1339 ἡ
829 1304 909 1340 χάρις
920 1306 988 1342 κιὶή

197 1345 310 1380 ἀλήθεια
318 1345 362 1372 διὰ
370 1346 457 1382 Ἰησοῦ
466 1347 611 1382 Χριστοῦ.»
623 1347 718 1380 Εἵποις
726 1348 748 1375 δ’
761 1348 794 1375 ἃν
807 1349 877 1377 ὅσια
894 1351 940 1377 καὶ
954 1351 989 1379 τὰ

198 1391 259 1426 ιερὰ
265 1391 440 1427 θεσπίσματα
447 1393 495 1420 τοῦ
502 1393 633 1429 Χριστοῦ,
642 1394 680 1426 ὡς
692 1394 782 1427 ὁσίους
792 1396 986 1430 ἀποτελοῦντα,

196 1438 235 1470 ὼς
252 1439 299 1465 καὶ
312 1439 358 1466 τδν
374 1439 456 1473 φόϐον
480 1439 584 1475 Κυρίου
601 1441 684 1475 ἁγνόν
697 1450 780 1476 φησιν
794 1442 809 1468 6
825 1442 918 1477 Aa6‘t6,
932 1442 988 1472 οἷον

196 1485 351 1519 ἁγνοποιόν.
367 1485 464 1519 Ἔλεγε
475 1485 503 1513 δὲ
513 1486 560 1512 καὶ
568 1487 582 1513 6
591 1487 686 1522 Σωτήρ
694 1487 763 1515 ·‹Τὰ
772 1489 884 1525 ῥήματα
898 1490 917 1517 ἃ.
931 1489 988 1525 ἐγὼ

1005 875 1027 903 Β

1043 244 1124 272 Juxta
1142 244 1208 272 illud
1220 244 1345 280 :tSiquis
1354 244 1512 273 vultveuire
1520 248 1582 280 post
1590 251 1644 278 me,
1660 244 1775 280 abneget
1789 252 1832 273 se-

1042 291 1187 325 metipsum
1197 294 1224 318 et
1233 291 1427 319 tollatcrucem
1439 297 1528 323 suam,
1551 293 1579 317 et
1590 294 1723 326 sequatur
1738 291 1829 318 mehr

1044 336 1147 364 Anima:
1154 344 1217 364 vero
1226 336 1384 371 vitam,qu:e
1394 336 1498 365 sanctis
1507 337 1677 370 reconditur,
1687 345 1719 365 ea
1729 337 1833 372 signiﬁ.

1043 386 1117 414 cant,
1125 389 1186 417 quae
1194 382 1290 410 oculus
1298 382 1422 410 nonvidit
1430 383 1451 416 ‘,
1457 386 1485 410 et
1492 390 1553 418 quae
1561 382 1701 418 deinceps.
1708 381 1760 410 Ubi
1768 390 1833 410 vero

1044 428 1150 455 animos
1157 428 1190 456 ad
1197 428 1363 456 audiendum
1375 429 1548 465 praeparavit,
1558 429 1594 457 ita
1603 428 1702 457 docere
1710 429 1834 464 aggredi-

1045 472 1279 500 tur:Comtituam
1298 473 1370 501 vobis
1387 478 1571 501 testamentum
1586 478 1726 506 teter-num;
1738 478 1833 501 sancta

1045 519 1129 546 David
1137 520 1238 554 ﬁdelia.
1249 519 1368 547 Transiit
1379 521 1460 552 enim,
1469 520 1541 556 quod
1549 520 1582 547 ad
1594 524 1702 555 tempus
1715 527 1832 549 conces-

1043 573 1104 593 sum
1114 565 1300 598 fuerat,vetus
1311 570 1494 593 testamentum
1511 574 1521 594 :
1539 566 1586 594 sed
1596 566 1669 601 quod
1681 573 1732 601 ego
1740 565 1830 594 foedus

1043 619 1105 639 cum
1125 612 1228 640 Davide
1244 613 1332 648 pepigi
1346 613 1368 645 ⁸,
1386 612 1499 648 quando
1518 612 1657 640 Christum
1673 612 1707 640 ab
1718 619 1750 639 eo
1769 619 1832 647 pro-

1043 659 1164 687 diturum
1180 666 1241 686 eSse
1256 658 1308 694 ipsi
1325 667 1387 686 sum
1413 658 1563 694 pollicitus,
1581 657 1672 692 reipsa
1685 658 1832 692 praestabo.

1042 704 1077 731 At
1092 712 1146 739 quo
1161 704 1222 731 loco
1233 709 1327 731 sancta
1340 704 1469 739 legimus,
1482 702 1679 730 misericordias
1695 702 1833 737 interpre-

1043 755 1115 778 tatus
1130 756 1171 778 est
1186 750 1369 786 Symmachus
1385 759 1392 776 :
1412 750 1445 777 de
1459 749 1560 785 quibus
1576 752 1603 777 et
1626 749 1679 776 ista
1697 752 1763 776 sunt
1780 747 1833 774 Da-

1042 797 1113 824 vidis
1131 805 1139 824 :
1159 806 1168 822 1
1189 795 1394 823 Misericordias
1415 799 1488 830 tuas,
1504 794 1630 827 Domine,
1646 794 1675 822 in
1698 798 1832 822 aeternum

1043 843 1161 871 cantabo
1176 842 1198 870 ‘.
1217 852 1226 869 )
1255 842 1287 869 Et
1317 842 1399 877 paulo
1422 847 1486 876 post.
1506 849 1513 867 :
1532 850 1542 868 ι
1561 840 1652 869 Semel
1679 841 1771 876 juravi
1805 841 1833 868 in

1042 894 1137 917 sancto
1155 896 1226 921 meo,
1241 889 1266 916 si
1284 888 1368 916 David
1384 889 1514 923 mentiar,
1528 894 1623 916 semen
1637 890 1716 914 tuum
1739 886 1766 914 in
1782 893 1834 914 sae-

1042 937 1134 965 culum
1161 941 1268 970 manet;
1286 939 1313 964 et
1331 936 1447 963 thronus
1470 935 1532 970 ejus
1551 934 1624 963 sicut
1649 934 1692 962 sol
1715 933 1743 961 in
1766 940 1834 961 eon-

1042 989 1136 1020 spectu
1152 991 1213 1011 meo
1228 983 1250 1010 '.
1271 992 1279 1008 1
1300 983 1364 1009 Haec
1380 981 1465 1017 igitur
1480 980 1568 1014 vobis,
1584 979 1632 1016 qui
1651 979 1745 1007 verbis
1763 979 1833 1007 meis

1042 1029 1197 1061 attenditis,
1215 1029 1273 1064 ipse
1288 1035 1349 1055 sum
1367 1026 1531 1062 largiturus.
1546 1026 1584 1053 Ea
1597 1025 1671 1053 enim
1687 1024 1746 1060 ipsa
1766 1024 1832 1052 deli-

1041 1077 1098 1104 cias
1110 1080 1135 1103 et
1149 1075 1245 1102 animo:
1258 1073 1326 1101 bona
1347 1073 1463 1101 vocabat
1475 1082 1483 1106 ;
1501 1079 1562 1108 quae
1574 1078 1649 1099 nunc
1672 1071 1832 1106 sempiterna

1042 1123 1172 1158 appellat.
1193 1122 1260 1149 Nam
1287 1125 1315 1149 et
1339 1121 1383 1149 lex
1408 1121 1479 1156 ipsa,
1493 1123 1607 1147 auctore
1627 1118 1770 1153 Apostolo,
1796 1117 1831 1145 ad

1042 1173 1149 1204 tempus
1169 1176 1256 1203 usque
1270 1166 1473 1195 emendationis
1488 1165 1553 1193 data
1568 1167 1626 1192 erat
1641 1164 1662 1191 ‘.
1682 1163 1778 1199 itaque
1791 1163 1832 1190 ait

1040 1214 1068 1242 in
1082 1214 1222 1250 prophetis
1240 1222 1246 1241 :
1264 1222 1273 1239 ι
1288 1211 1395 1240 Feriam
1411 1211 1501 1239 ftedus
1521 1217 1635 1242 novum,
1656 1217 1711 1236 non
1730 1216 1832 1237 secun-

1039 1260 1104 1288 dum
1119 1265 1241 1295 pactum,
1258 1258 1330 1294 quod
1350 1258 1440 1293 pepigi
1456 1264 1519 1285 cum
1532 1256 1658 1291 patribus
1671 1255 1774 1282 vestris
1786 1254 1827 1287 7;»

1039 1310 1066 1333 et
1081 1313 1143 1341 quae
1160 1305 1301 1340 deinceps.
1317 1302 1448 1331 Umbram
1466 1301 1541 1330 enim
1559 1301 1612 1328 hoc
1632 1300 1748 1333 habuit;
1765 1298 1832 1326 illud

1039 1357 1132 1380 autem
1155 1351 1311 1380 veritatem.
1348 1349 1417 1376 Hinc
1446 1352 1474 1376 et
1506 1347 1628 1376 Joannes
1662 1346 1750 1380 legem
1782 1351 1833 1380 per

1039 1397 1144 1431 Mosen,
1161 1397 1279 1432 gratiam
1301 1399 1392 1423 autem
1410 1400 1437 1423 et
1462 1393 1605 1422 veritatem
1625 1398 1675 1428 per
1689 1391 1831 1419 Christum

1039 1444 1128 1472 datam
1142 1451 1204 1472 esse
1216 1442 1360 1470 atlirmavit
1371 1441 1392 1469 ⁸.
1404 1440 1545 1476 lntelligas
1561 1445 1627 1467 vero
1639 1441 1666 1465 et
1678 1441 1831 1465 sanctorum

1039 1492 1159 1524 nomine,
1177 1497 1256 1518 sacra
1269 1488 1377 1517 Christi
1395 1487 1518 1520 oracula,
1532 1490 1663 1521 tanquam
1681 1490 1742 1519 qua:
1765 1489 1831 1510 san-

195 1530 315 1567 ὲλάλησα
322 1531 397 1566 ὑμῖν,
404 1531 514 1567 πνεῦμά
521 1532 578 1558 ἐστι
586 1532 634 1559 καὶ
641 1532 696 1569 ζωή
702 1542 707 1548 ·
714 1543 723 1559 ι
729 1534 789 1561 ἀντὶ
797 1534 856 1567 τοῦ,
865 1544 987 1571 πνευμα-

1040 1541 1099 1566 ctos
1111 1537 1249 1570 etliciant;
1275 1544 1330 1564 non
1355 1535 1436 1563 aliter
1468 1541 1552 1569 quam
1572 1532 1699 1560 timorem
1723 1528 1831 1557 Domini

195 1577 261 1605 τικὰ
269 1578 317 1604 καὶ
326 1577 447 1610 ζωοποιά
456 1585 463 1593 ⁸
478 1578 525 1605 καὶ
539 1578 623 1606 πιστὰ.
635 1579 716 1606 πάλιν
726 1580 760 1607 τὰ
770 1582 928 1609 πιστοποιά..
940 1583 989 1610 Δύ-

194 1630 280 1658 ναμις
290 1622 345 1659 γὰρ
356 1622 425 1658 αὕτη
435 1622 488 1650 τῶν
497 1623 540 1650 διὰ
553 1624 672 1660 Χριστοῦ
684 1624 891 1661 θεσπισμάτων.
900 1628 989 1655 Δαϐὶδ

195 1668 243 1695 οὖν
257 1669 376 1701 καλέσας
389 1669 435 1696 τδν
454 1670 486 1696 ἐκ
501 1669 658 1705 σπέρματος
683 1671 730 1698 τοῦ
752 1672 844 1705 Δαόὶδ,
862 1673 989 1710 ἐπιφέρει

195 1715 260 1751 περὶ
269 1715 369 1743 αὐτοῦ·
393 1715 466 1743 Ἰδοὺ
488 1717 653 1755 μαρτύριον
668 1717 771 1745 ἔθνεσι
790 1717 905 1746 δέδωκα
933 1722 987 1747 ηὑ-

195 1762 259 1788 τόν.
274 1761 320 1787 Διδ
336 1761 382 1788 καὶ
394 1761 496 1797 πρόσθε
511 1761 561 1796 τὴν
585 1762 695 1798 στείραν
713 1762 916 1798 εὐηγγελίζετο.
931 1765 988 1792 Καὶ

196 1806 284 1838 ἄλλως
297 1807 325 1833 δὲ
341 1806 474 1842 προειδὼς
495 1807 536 1834 ὅτι
567 1807 616 1839 τὰς
648 1807 741 1842 φωνὰς
772 1808 863 1842 ἕξουσι
886 1810 989 1843 ταύτας

201 1851 332 1883 Ἰουδαῖοι,
347 1852 429 1887 μηδὲν
454 1851 483 1885 ἐξ
508 1852 599 1880 αὐτῶν
625 1852 831 1889 ὠφελούμενοι,
859 1856 929 1890 πρὸς
953 1856 988 1883 τὰ

195 1896 259 1932 ἔθνη
283 1898 432 1933 μεταφέρει
461 1897 507 1924 τὸν
535 1898 625 1933 λόγον,
655 1898 791 1935 σύμφωνα
818 1901 905 1936 λέγων
932 1903 987 1935 τοῖς

194 1943 308 1979 πρόσθε,
325 1944 368 1971 ὅτι
383 1942 424 1976 οἷς
438 1945 488 1972 οὐκ
501 1946 651 1982 ἀνηγγέλη,
669 1948 733 1984 περὶ
755 1948 838 1976 αὑτοῦ
861 1949 984 1985 oti/avrat-

193 1989 241 2017 καὶ
253 1989 278 2017 οἳ
293 1989 342 2017 οὐκ
354 1990 501 2025 ἀκηκόασι,
513 1992 669 2025 συνήσουσι,
681 1994 849 2028 Μαρτύριον
856 1995 885 2021 δέ
895 1993 985 2031 φησιν,

192 2036 230 2068 ὡς
244 2037 437 2073 μαρτυροῦντα
451 2038 515 2073 περὶ
526 2037 666 2073 ἀληθείας,
683 2039 733 2066 καὶ
749 2041 807 2067 ὑπὸ
819 2040 880 2068 τῶν
891 2042 988 2069 ἐθνῶν

193 2083 360 2119 ἀκουόμενον
384 2084 573 2120 ἀπειθήσαντα
600 2090 611 2105 ⁸
640 2085 759 2121 Ἰσραήλ.
783 2087 986 2124 Διεμαρτύρετο

193 2129 222 2156 δὲ
237 2130 283 2157 καὶ
294 2129 331 2158 τὰ
343 2130 415 2165 ἔθνη
433 2130 471 2163 ὡς
481 2130 563 2158 δεκτὰ
582 2131 675 2159 λοιπόν
689 2133 742 2159 εἰσι
763 2132 801 2168 τῷ
823 2133 895 2170 Θεῷ,
911 2135 959 2162 καὶ
971 2135 985 2162 6

192 2177 243 2210 τῆς
257 2175 421 2211 θεογνωσίας
433 2177 574 2213 ἀπείργων
584 2178 684 2211 οὐδείς.

1040 1586 1184 1618 mundum.
1194 1585 1259 1621 quia
1268 1583 1430 1611 munditiem
1443 1584 1565 1617 praestet,
1578 1579 1666 1607 David
1680 1578 1799 1614 appellat
1806 1577 1828 1605 '.

1039 1634 1111 1667 Quin
1126 1637 1154 1661 et
1169 1631 1297 1660 Salvator
1311 1630 1382 1665 ipse.
1401 1635 1464 1656 cum
1482 1626 1576 1657 verba.
1590 1633 1652 1661 quae
1668 1624 1832 1659 loquebatur

1038 1680 1166 1716 spiritum
1179 1683 1206 1706 et
1221 1678 1304 1705 vitam
1321 1683 1393 1707 esse,
1415 1673 1525 1702 dicebat
1541 1672 1578 1705 ‘°.
1603 1679 1636 1700 ea
1650 1671 1710 1706 ipsa
1724 1669 1832 1698 elIicere

1039 1723 1222 1761 signiﬁcabat,
1238 1730 1300 1751 cum
1320 1721 1373 1749 ﬁda
1396 1719 1507 1752 deinde,
1523 1718 1586 1746 tidei
1604 1716 1738 1745 faciendae
1753 1720 1831 1751 pote-

1038 1775 1136 1800 statem
1153 1769 1264 1797 habere.
1281 1767 1344 1795 limo
1360 1765 1433 1794 enim
1455 1765 1545 1793 virtus
1568 1766 1613 1791 est
1639 1761 1829 1791 oraculorum.

1038 1825 1099 1853 quae
1114 1824 1161 1852 per
1171 1816 1311 1843 Christum
1329 1813 1459 1841 eduntur.
1476 1810 1627 1845 Postquam
1645 1807 1730 1843 igitur
1745 1805 1831 1853 Daui-

1038 1849 1096 1891 tlem
1114 1849 1176 1891 eum
1190 1859 1308 1892 vocavit,
1325 1858 1371 1893 qui
1393 1858 1428 1885 de
1446 1856 1553 1884 semine
1573 1853 1686 1881 Davidis
1699 1855 1784 1883 esset,
1796 1849 1831 1878 de

1038 1908 1133 1937 eodem
1152 1914 1211 1941 quae
1227 1909 1381 1940 sequuntur
1398 1912 1405 1931 :
1427 1902 1492 1930 Ecce
1504 1900 1684 1929 testimonium
1698 1899 1726 1926 in
1741 1897 1830 1933 genti-

1038 1955 1086 1981 bus
1097 1952 1157 1980 dedi
1172 1960 1249 1984 eum,
1266 1949 1381 1977 addidit.
1405 1948 1500 1983 Itaque
1525 1951 1554 1974 et
1571 1945 1699 1980 superius
1716 1943 1752 1976 ei,
1769 1950 1830 1978 qua:

1038 2000 1141 2028 sterilis
1157 2001 1227 2030 erat,
1244 1995 1423 2032 Evangelium
1439 1992 1633 2022 annuntiabat.
1657 1991 1733 2019 Alias
1747 1989 1830 2026 627

1037 2046 1119 2072 etiam
1133 2050 1195 2070 cum
1216 2041 1300 2069 verba
1320 2041 1372 2068 ista
1393 2046 1476 2075 penes
1494 2045 1524 2065 se
1540 2036 1686 2065 habituros
1701 2041 1764 2062 esse
1778 2032 1829 2060 Ju-

1038 2091 1111 2118 daaos
1127 2088 1301 2124 prtuvideret,
1316 2093 1406 2121 neque
1422 2093 1455 2113 ex
1469 2084 1510 2112 eis
1524 2087 1617 2111 tamen
1627 2088 1689 2110 esse
1700 2079 1830 2107 utilitatis

1037 2135 1141 2171 aliquid
1166 2138 1359 2170 percepturos,
1381 2131 1515 2159 translata
1537 2129 1570 2157 ad
1589 2132 1685 2164 gentes
1700 2127 1828 2155 oratione

1036 2181 1228 2219 superioribus
1245 2188 1300 2208 non
1313 2179 1463 2214 incongrua
1485 2176 1632 2212 adiungit;
1651 2181 1699 2202 e05
1720 2180 1828 2207 nempe,

192 2223 294 2258 quibus
307 2224 418 2251 minime
439 2225 620 2253 annuntiatus
639 2225 700 2259 fuit,
716 2226 793 2255 illum
809 2235 872 2256 esse
895 2216 1056 2266 intuituros,
1071 2216 1111 2260 ὀι
1146 2229 1290 2266 agnituros
1311 2226 1358 2263 qui
1400 2233 1454 2253 non
1496 2223 1671 2252 audiverunt.
1702 2219 1830 2247 Testimo-

194 2271 267 2297 nium
283 2270 382 2299 deinde
399 2271 478 2305 dixit,
494 2272 559 2308 quia
579 2273 612 2300 de
627 2274 755 2302 veritate
770 2281 886 2304 testatus
901 2282 953 2312 est,
969 2285 993 2306 et
1014 2289 1030 2307 a
1045 2279 1176 2316 gentibus,
1189 2278 1359 2312 repugnante
1372 2273 1485 2305 Israele,
1499 2270 1617 2298 auditus.
1633 2268 1681 2296 Est
1705 2273 1770 2294 vero
1802 2269 1828 2292 et

192 2321 285 2352 gentes
304 2321 475 2346 contestatus
490 2317 545 2347 Deo
559 2319 587 2345 in
610 2323 752 2353 posterum
767 2319 825 2349 fore
839 2328 980 2358 acceptas,
1001 2313 1091 2362 neque
1109 2332 1158 2353 eas
1177 2328 1347 2360 quemquam
1364 2327 1381 2347 a
1412 2318 1458 2347 Dei
1491 2317 1631 2353 agnitione
1649 2322 1713 2343 esse
1734 2313 1828 2350 prohi-

193 2365 327 2392 biturum.

225 2411 396 2445 Μαρτύριον
405 2408 452 2437 οὖν
468 2418 535 2445 φασι
551 2410 581 2437 τδ
606 2411 737 2447 κήρυγμα
752 2412 782 2439 τὸ
798 2413 863 2449 περὶ
886 2415 982 2449 αὐτοῦ,

1071 2412 1174 2441 Volunt
1197 2410 1283 2446 igitur
1307 2408 1454 2437 testimonii
1473 2407 1596 2440 nomine,
1613 2406 1713 2434 factam
1737 2405 1772 2434 de
1793 2413 1828 2434 eo

190 2457 228 2489 ὡς
241 2456 324 2489 αὐτὸς
342 2455 445 2488 ἐδίδαξε
461 2457 549 2491 λέγων
559 2465 565 2472 ·
577 2457 624 2484 Δεῖ
638 2459 809 2495 κηρυχθῆναι
822 2459 853 2486 τὸ
866 2461 986 2496 Εὐαγγέ-

191 2501 246 2529 λιον
257 2501 337 2529 τοῦτο
353 2503 383 2530 ἐν
403 2503 451 2539 ὅλῃ
465 2504 498 2539 τῇ
513 2503 660 2539 οἰκουμένῃ
675 2505 719 2538 είς
737 2506 904 2540 μαρτύριον
918 2509 985 2534 πᾶσι

190 2549 246 2580 τοῖς
265 2547 381 2576 ἔθνεσιν.
406 2549 461 2576 Καὶ
489 2550 565 2586 παρὰ
580 2549 619 2585 τῷ
633 2550 716 2578 Δαόὶδ
729 2551 758 2578 δὲ
769 2551 859 2579 πάντα
870 2552 905 2579 τὰ
917 2552 982 2588 ἔθνη

189 2594 308 2626 καλέσας
323 2594 427 2630 ἔλεγε-ι
442 2595 479 2621 Τὸ
494 2595 582 2630 στόμα
592 2605 643 2629 μου
658 2596 769 2633 λαλήσει
783 2598 891 2633 σοφίαν,
903 2600 951 2625 καὶ
966 2600 982 2635 ἡ

191 2638 289 2675 μελέτη
303 2639 354 2676 τῆς
369 2640 483 2676 καρδίας
495 2649 547 2676 μου
570 2641 687 2670 σύνεσιν.
703 2643 793 2670 »Ἔδει
804 2643 859 2679 γὰρ
874 2644 981 2679 σοφίας,

1035 2455 1261 2493 praedicationem
1276 2452 1486 2485 demonstrari,
1502 2455 1531 2478 ut
1547 2451 1618 2479 idem
1638 2450 1746 2482 docuit,
1761 2458 1824 2477 cum

1035 2503 1214 2539 Evangelium
1233 2508 1315 2529 suum
1333 2507 1382 2535 per
1408 2499 1504 2526 orbem
1521 2498 1681 2525 universum
1698 2496 1826 2532 gentibus

1035 2551 1062 2578 in
1079 2548 1259 2577 testimonium
1283 2546 1452 2582 promulgari
1468 2548 1597 2581 oportere
1611 2544 1690 2572 dixit.
1705 2543 1738 2571 Et
1754 2544 1826 2579 apud

1036 2597 1178 2627 Davidem,
1195 2601 1258 2621 cum
1275 2600 1308 2621 os
1328 2599 1409 2620 suum
1433 2590 1600 2625 sapientiam
1619 2593 1647 2618 et
1668 2590 1825 2618 meditatio-

1035 2651 1097 2671 nem
1126 2640 1220 2669 cordis
1255 2639 1298 2667 sui
1327 2638 1538 2674 intelligentiam
1572 2637 1729 2665 locuturum
1761 2644 1825 2664 esse

226 2731 309 2760 ‘Luc.
325 2739 364 2768 ut,
379 2731 425 2758 23.
463 2733 473 2748 ²
485 2732 538 2760 lsa.
556 2740 632 2765 thv.
643 2734 676 2766 4;
693 2733 778 2768 lCor,
792 2742 821 2766 11,
838 2735 866 2763 9.
904 2735 914 2751 ⁸
929 2735 1057 2767 Psal.cx.
1075 2735 1102 2762 5.
1140 2735 1152 2751 ⁸
1170 2735 1385 2764 Psal.t.xxxvnt,
1397 2731 1474 2768 2.]
1490 2729 1558 2758 ibid.
1574 2729 1671 2759 36-38.
1709 2729 1721 2746 '
1733 2727 1824 2759 Galat.

189 2775 232 2802 ttl,
248 2768 291 2795 19.
330 2768 339 2783 ⁷
352 2767 454 2795 Jerem.
468 2776 543 2800 xui,
562 2768 607 2801 51,
621 2769 664 2797 32.
703 2767 802 2798 'Joa'n.
821 2778 840 2800 l,
858 2770 901 2797 t7.
940 2772 950 2787 ’
971 2770 988 2797 P

1040 2790 1043 2798 ι
1058 2778 1134 2798 xvnt.
1153 2771 1197 2798 10.

1238 2770 1259 2786 ¹⁰
1274 2768 1354 2797 Joan.
1371 2776 1409 2800 v1,
1429 2766 1474 2799 64.

838 2830 953 2859 νΑιιιιΕ
975 2830 1178 2863 LECTIONI‘ZS.

225 2874 237 2890 ‘
262 2882 306 2909 γρ.
321 2874 529 2911 ἁπειθήσαντις.
