1999 3076
155 149 223 182 2557

696 155 963 189 COMMENTARII
977 155 1024 187 VIN
1043 156 1057 186 Ι
1061 156 1187 186 SAIAM.

1709 153 1779 187 2558

154 203 267 231 θάνατον
284 205 330 232 τοῦ
345 205 521 242 ἀμαρτωλοῦ,
535 207 573 240 ὡς
584 207 634 244 τὴν
650 209 805 244 μετάνοιαν,
821 209 939 244 Ἆφήσει

994 210 1129 245 (Estenim
1137 210 1352 245 appropinquans
1365 209 1447 245 Deus)
1461 207 1779 244 inveneritis.Tanquam

131 256 139 263 ·
152 249 207 286 γὰρ
221 250 269 277 ἐπὶ
281 251 360 278 πολὺ
374 252 426 285 τὰς
441 252 585 287 ἁμαρτίας
598 254 692 288 ἡμῶν,
705 255 765 281 ἀντὶ
772 256 830 288 τοῦ,
844 264 943 282 παντε-

152 292 216 326 λῶς,
229 295 325 327 xciet;
337 295 420 323 ἆπαν.
438 306 447 322 1
465 294 503 324 οὖ
528 298 582 334 γὰρ
603 299 765 326 ἐπλεόνασεν
787 301 803 335 ὴ
820 300 942 336 ἁμαρτία

153 338 423 376 ὑπερεπερίσσευσεν
445 341 462 376 ἡ
477 342 565 377 χάρις.
585 352 594 369 r
612 343 771 379 Γέγραπται
796 345 850 380 γὰρ
878 345 942 380 περὶ

152 383 282 419 Χριστοῦ,
301 395 310 411 ι
328 386 389 413 ’Ότι
417 387 471 414 ῑδοὺ
494 388 574 420 αὐτὸς
597 389 788 426 εἰσπορεύεται
813 391 851 422 ὡς
885 391 941 427 πῦρ

152 431 348 466 χωνευτηρίου.
362 433 410 459 καὶ
431 434 470 465 ὡς
488 434 541 461 πόα
558 435 722 468 πλυνόντων,
735 446 744 462 ι
763 437 808 464 καὶ
822 437 856 464 τὰ
865 437 940 472 ἑξῆς.

153 474 351 512 Βαπτίζει“γὰρ
364 479 437 514 ἡμᾶς
450 480 587 514 Πνεύματι
599 482 668 517 ἁγίῳ
693 483 741 509 καὶ
758 483 834 518 πυρί.

995 256 1078 291 igitur
1089 256 1115 283 in
1128 256 1188 291 ejus
1201 260 1351 292 conspectu
1368 257 1457 288 stetis,
1467 260 1588 284 veterem
1596 263 1717 282 errorem
1730 255 1779 283 de-

995 302 1097 336 ponite.
1120 302 1154 330 Ut
1172 303 1244 330 enim
1260 309 1293 330 eo
1310 310 1397 337 usque
1412 306 1477 330 sunt
1490 302 1621 333 tenebrae,
1634 301 1723 328 donec
1735 301 1779 328 sol

995 347 1143 374 accesserit
1158 367 1165 380 ,
1182 347 1224 374 sic
1237 351 1265 374 et
1283 347 1317 374 ad
1333 347 1438 379 Christi
1460 354 1548 381 usque
1568 346 1715 374 adventum
1738 345 1779 372 vi-

993 392 1052 427 guit
1069 392 1206 427 impietas.
1228 392 1287 420 Non
1300 393 1372 420 enim
1386 393 1423 419 ita
1438 397 1553 420 mortetn
1570 391 1737 427 peccatoris,
1749 394 1779 418 ut

994 438 1082 473 ipsius
1106 439 1324 474 resipiscentiam
1345 439 1481 474 exposcit,
1501 438 1546 474 qui
1559 443 1668 472 peccata
1684 441 1776 464 nostra

994 484 1121 516 multum,
1137 485 1163 511 id
1178 489 1221 512 est
1236 492 1360 520 prorsus,
1376 485 1544 518 omninoque
1554 483 1713 510 dimissurus
1727 487 1776 510 est.

157 529 166 546 I
190 519 241 548 Ubi
257 521 329 548 enim
342 522 489 550 abundavit
502 530 655 558 peccatum,
677 526 761 561 639
776 526 811 554 ibi
827 528 1062 562 superabundavit
1075 532 1103 556 ct
1118 529 1207 564 gratia
1218 519 1251 555 "t
1265 539 1273 555 ι
1295 529 1331 557 De
1346 529 1456 557 Christo
1488 529 1622 564 siquidem
1652 529 1679 555 in
1716 528 1773 554 haec

154 566 236 593 verba
255 567 392 602 legimus:
415 578 425 594 ι
443 568 512 597 Ecce
537 571 595 605 ipse
618 572 785 606 egredietur,
802 577 931 608 tanquam
951 573 1022 608 ignis
1035 574 1200 608 conﬂatorii,
1221 579 1248 603 et
1263 575 1431 603 sicutherba
1452 574 1586 602 fullonum
1606 574 1640 609 ¹⁵,
1657 583 1666 600 ι
1696 578 1776 602 caete-

154 618 240 646 raque
250 612 391 648 deinceps.
413 614 504 649 Tingit
519 616 592 642 enim
608 624 660 644 nos
676 617 779 652 Spiritu
799 623 897 646 sancto
909 622 936 646 et
957 619 1020 654 igne
1035 619 1069 646 “.

191 658 251 694 Πῦρ
263 659 291 686 δὲ
307 661 324 695 ἡ
337 662 476 697 σμηκτικὴ
491 661 535 689 τοῦ
546 663 704 697 Πνεὺματος
718 665 832 700 δύναμις
851 666 941 693 nivea.

156 704 241 739 ῥύπον
257 705 419 740 ἐκτήκουσα.
433 707 465 733 Εἰ
478 707 533 743 γὰρ
547 708 722 744 ἀθεράπευτα
752 710 877 745 νομίζετε
906 711 941 737 τὰ

155 749 216 776 καθ’
231 750 344 781 ἑαυτοὺς
354 750 391 781 ὡς
407 750 472 786 παρ’
482 751 636 788 ἀνθρώποις
656 753 870 788 ἀπεγνωσμένα,
883 752 933 780 ἀλλ

155 795 185 821 οὐ
200 795 264 831 παρ’
275 796 336 831 ἐμοὶ
345 795 443 830 ἀνίατα
465 796 644 825 ταῦτα.Πολὺ
654 798 682 825 δὲ
697 798 764 826 Θεοῦ
777 799 824 825 καὶ
840 799 943 835 ἀνθρώ-

155 850 214 867 πων
239 841 268 868 τὸ
280 842 372 877 μέσον.
382 843 424 873 Ὠς
434 840 480 869 οὖν
494 842 560 875 Θεὸς
571 843 729 877 ἀνεξίκακος
744 846 784 877 εἰς
798 846 942 880 μετάνοιαν

154 887 344 923 προκαλοῦμαι
357 888 493 924 σωτηρίαν
507 889 753 926 ἐπαγγελλόμενος,
767 892 791 917 εί
817 891 863 918 τὸν
879 892 937 918 Σω-

153 934 224 969 τῆρα
252 934 297 961 τὸν
324 935 389 970 παρ’
411 935 478 970 ἐμοῦ
507 937 666 972 πεμφθέντα
685 937 937 973 προσδέχοισοε.9ὺ

153 979 209 1015 γὰρ
223 980 292 1007 κατά
307 980 369 1012 τοὺς
389 981 549 1016 ἀνθρώπους
574 984 743 1018 μνησικακῶ,
757 985 802 1011 καὶ
818 985 940 1020 μετακλοῶ

154 1025 233 1052 πάλιν
255 1027 497 1062 ἐπαγγειλάμενος.
521 1029 559 1055 Οὐ
571 1029 612 1055 δεῖ
631 1029 721 1056 τοίνυν
738 1029 805 1057 Θεοῦ
830 1030 941 1057 καλοῦν-

156 1080 212 1103 τος,
229 1072 274 1098 διὰ
293 1071 394 1108 πλῆθος
413 1073 556 1108 ἁμαρτιῶν
571 1075 700 1102 ἀποκνεῖν
713 1075 762 1111 τὴν
785 1076 938 1111 μετάνοιαν,

152 1117 168 1144 ὃ
187 1117 352 1145 πεπόνθασιν
373 1119 496 1147 Ἰουδαῖοι
511 1120 635 1156 λέγοντες
651 1130 658 1136 ·
677 1130 686 1146 ι
702 1122 735 1148 At
751 1121 849 1149 πλάναι
861 1122 940 1156 ἡμῶν

155 1163 202 1190 καὶ
223 1164 249 1190 αἱ
269 1164 378 1200 ἀνομίαι
412 1165 492 1199 ἡμῶν
520 1166 548 1193 ὲν
578 1167 643 1201 ἡμῖν
670 1167 748 1198 εἰσιν,
769 1167 815 1194 καὶ
846 1168 874 1194 ὲν
891 1167 940 1194 αὺ-

152 1209 212 1240 ταῖς
244 1208 326 1243 ἡμεῖς
359 1209 519 1245 τηκόμεθα,
552 1211 598 1237 καὶ
639 1211 698 1243 πῶς
731 1211 887 1247 ζησόμεθας
927 1221 936 1238 ι

154 1252 226 1287 Πρὸς
240 1252 288 1285 οὒς
304 1254 318 1280 ό
332 1253 397 1285 Θεός
408 1262 491 1289 φησιν
504 1261 512 1269 ·
528 1263 538 1280 ί
563 1255 744 1291 Ἐπιστροφὴν
759 1255 939 1291 ἐπιστρέψατε

153 1298 208 1325 ἀπὸ
217 1299 266 1334 τῆς
280 1298 341 1326 ὀδοῦ
365 1299 453 1334 ὑμῶν,
471 1297 544 1332 οἶκος
565 1300 682 1336 Ἰσραὴλ,
703 1302 751 1327 καὶ
762 1302 812 1327 οὐκ
833 1301 939 1328 ἔσονται

155 1344 218 1379 ὑμῖν
231 1345 271 1376 είς
288 1345 399 1372 κόλασιν
414 1345 533 1377 ἀδικίας.
553 1355 563 1371 ι
580 1347 652 1381 Πρὸς
670 1347 699 1372 δὲ
729 1346 861 1374 πίστωσιν
891 1347 940 1382 τῆς

155 1389 321 1424 ἐπαγγελίας
333 1388 367 1426 ἦς
383 1391 397 1405 ¹¹
410 1391 557 1426 πεποίηται
583 1391 652 1427 πρὸς
674 1392 719 1418 τὸν
743 1392 829 1428 ἀσεϐῆ
842 1392 888 1419 τὸν
911 1393 941 1426 ἐξ

154 1434 240 1462 ὲθνῶν
253 1435 463 1470 ἐπιστρέφοντα,
480 1436 580 1471 χρῆται
595 1438 630 1472 τῇ
648 1437 701 1464 τοῦ
715 1437 804 1464 ὑετοῦ
824 1437 940 1472 καὶτῆς

155 1481 256 1515 χιόνος
270 1481 422 1517 παραϐολῇ,
443 1481 551 1514 δεικνὺς
560 1482 606 1509 τὸν
628 1483 656 1509 ὲν
669 1484 739 1519 ἀρχῇ
766 1484 832 1510 Θεὸν
854 1484 941 1519 Λόγον

155 1528 258 1556 ἄνωθεν
276 1529 308 1555 ἐκ
326 1528 372 1555 τοῦ
389 1529 510 1564 Πατέρος
525 1530 653 1557 κατιόντα
677 1531 755 1566 δίκην
772 1530 862 1558 ὑετοῦ
890 1531 940 1558 καὶ

1026 666 1204 702 Signiﬁcatur
1217 674 1283 695 vero
1300 666 1371 700 ignis
1389 667 1582 702 appellatione,
1597 666 1639 694 vis
1657 666 1701 693 illa
1716 666 1777 702 Spi-

990 712 1059 740 ritus
1085 713 1262 748 abslergendi
1287 720 1341 748 qua
1367 713 1464 740 sordes
1489 720 1586 740 omnes
1607 712 1775 739 adimuntur.

990 756 1047 784 Etsi
1064 758 1136 785 enim
1153 757 1246 786 sanari
1261 765 1313 784 non
1330 765 1409 792 posse
1426 757 1538 792 putatis,
1555 765 1616 792 quae
1631 759 1702 793 apud
1717 765 1776 791 vos,

991 808 1118 838 tanquam
1145 803 1284 836 mortales,
1308 803 1447 838 deplorata
1472 806 1556 835 sunt,
1581 807 1741 830 nontamen
1761 810 1776 830 a

993 856 1035 875 me
1057 849 1103 875 illa
1122 848 1264 882 persanari
1289 855 1342 875 nou
1367 847 1470 875 valent.
1489 846 1583 882 Neque
1598 855 1662 875 vero
1681 855 1776 882 parum

992 894 1063 920 inter
1077 886 1202 921 homines
1225 897 1252 921 et
1268 893 1352 921 Deum
1372 893 1497 921 interest.
1516 893 1633 928 Indeque
1649 900 1697 920 vos
1712 893 1774 927 ipsi,

992 938 1038 973 qui
1056 937 1127 966 Deus
1144 938 1298 966 sum-mitis
1315 941 1342 965 et
1357 938 1478 965 clemens
1503 938 1537 965 ad
1559 938 1775 973 resipiscentiam

992 992 1069 1016 voco.
1086 985 1256 1020 salutemque
1270 985 1412 1019 polliceor,
1425 985 1447 1011 si
1464 984 1576 1012 missum
1592 992 1606 1011 a
1621 992 1665 1012 me
1683 983 1776 1011 Salva-

992 1034 1078 1058 torem
1102 1030 1264 1059 admittatis.
1281 1030 1340 1058 Non
1356 1031 1428 1058 enim
1449 1039 1525 1059 more
1545 1031 1685 1058 hominum
1706 1031 1776 1065 inju-

992 1075 1095 1102 riarum
1121 1075 1261 1107 recordor,
1285 1083 1374 1110 neque
1394 1083 1438 1103 me
1462 1083 1583 1108 rursum,
1600 1079 1774 1110 posteaquam

991 1129 1051 1148 sum
1073 1121 1222 1155 pollicitus,
1239 1121 1364 1155 poenitet.
1386 1120 1445 1147 Non
1465 1121 1544 1148 decet
1567 1121 1648 1154 igitur
1662 1123 1776 1147 vocante

992 1166 1058 1197 Deo,
1078 1170 1190 1201 propter
1213 1166 1347 1194 Scelerum
1367 1166 1581 1198 multitudinem,
1606 1173 1621 1193 a
1642 1166 1777 1201 paeniten-

992 1212 1029 1239 tia
1042 1211 1179 1244 revocari;
1195 1211 1268 1246 quod
1282 1219 1363 1239 secus
1387 1218 1401 1238 a
1412 1211 1514 1238 Iudaeis
1531 1210 1630 1238 factum
1646 1214 1699 1243 est,
1713 1217 1774 1237 eum

992 1257 1035 1285 his
1054 1257 1145 1284 verbis
1170 1257 1211 1285 usi
1234 1261 1299 1284 sunt
1316 1266 1323 1284 :
1342 1267 1351 1283 ι
1371 1257 1484 1284 Errores
1504 1256 1602 1288 nostri,
1623 1259 1650 1283 et
1674 1255 1776 1290 iniqui-

993 1307 1061 1330 tates
1075 1307 1175 1330 nostrae
1192 1304 1219 1330 in
1238 1303 1317 1330 nobis
1340 1306 1416 1334 sunt,
1435 1303 1461 1329 in
1481 1302 1577 1336 eisque
1594 1301 1645 1336 ipsi
1661 1301 1777 1328 tabesci-

991 1356 1065 1382 mus,
1087 1353 1115 1376 et
1137 1349 1273 1382 quomodo
1298 1349 1420 1376 vivemus
1437 1348 1480 1374 πῖ
1501 1357 1510 1373 ι
1534 1347 1639 1380 Quibus
1661 1346 1720 1381 ipse
1738 1346 1777 1373 ait

993 1393 1065 1421 Deus
1084 1402 1090 1421 :
1112 1403 1121 1420 ε
1145 1393 1328 1422 Conversione
1355 1392 1545 1422 convertimini
1569 1399 1584 1421 a
1611 1391 1655 1418 via
1671 1394 1775 1423 vestra.

991 1442 1090 1470 domus
1107 1443 1200 1475 Israel,
1218 1446 1245 1470 et
1261 1450 1315 1470 non
1327 1447 1407 1470 erunt
1422 1443 1498 1470 vobis
1517 1443 1543 1469 in
1559 1442 1689 1469 ultionem
1707 1441 1777 1476 inju-

993 1488 1040 1516 τίω
1048 1489 1081 1515 ’⁸.
1093 1498 1102 1514 t
1113 1488 1153 1515 Ad
1164 1488 1223 1522 ejus
1232 1488 1330 1515 deinde
1339 1488 1586 1518 confirmationem,
1596 1486 1670 1521 quod
1681 1486 1717 1518 ei,
1729 1485 1776 1521 qui

992 1534 1026 1562 de
1037 1533 1164 1569 gentibus
1174 1533 1358 1567 resipisceret,
1372 1533 1509 1568 pollicitus
1519 1532 1688 1566 crnt,pluvia:
1695 1531 1777 1558 nivis-

156 1574 270 1609 χιόνος,
284 1575 328 1609 ἐφ’
344 1571 366 1608 ᾧ
380 1575 430 1607 τὰς
445 1576 534 1611 ψυχὰς
547 1576 636 1603 αὐτῶν
660 1577 799 1612 ἀρδεῦσαι,
813 1578 860 1603 καὶ
872 1586 939 1613 καρ-

994 1588 1041 1615 que
1055 1578 1236 1606 similitudine
1245 1572 1344 1611 utitur;
1361 1578 1433 1605 unde
1447 1578 1518 1612 quod
1530 1578 1627 1605 eratin
1642 1575 1777 1612 principio

156 1620 294 1656 ποφόρους
309 1621 490 1656 ἐργάσασθαι,
505 1621 552 1648 καὶ
589 1622 626 1657 μὴ
657 1622 789 1657 πρότερον
811 1622 940 1656 ἀναδρα-

154 1665 274 1700 μεῖσθαι
299 1667 374 1700 πρὸς
400 1667 454 1694 τὸν
477 1667 603 1701 Πατέρα,
629 1667 694 1702 πρὶν
721 1667 808 1694 ταῦτα
841 1669 938 1695 ποιεῖν.

155 1711 322 1746 Θεοπρεπῶς
332 1712 360 1739 δὲ
372 1712 481 1747 νοητῶν
491 1712 544 1740 τοῦ
563 1713 694 1747 Πατέρος
712 1713 761 1740 καὶ
782 1713 816 1740 τὸ
830 1714 939 1748 στόμα,

156 1755 205 1783 καὶ
216 1756 269 1783 τὸν
281 1757 383 1791 λόγον.
397 1756 466 1784 Οὔτε
475 1757 529 1792 γὰρ
542 1758 630 1784 ἐκεῖνο
646 1757 880 1793 σωματικόν.οῠτε
893 1755 940 1785 οὗ-

155 1811 202 1834 τος
218 1803 417 1835 ἀνυπόστατος.
442 1803 518 1830 Ἐπεὶ
549 1803 608 1835 πῶς
626 1803 658 1831 ἂν
688 1804 863 1839 κατορθώσας
885 1805 938 1831 ἑπ-

156 1849 338 1884 αναστρέφοι
349 1850 424 1884 πρὸς
439 1850 492 1878 τὸν
502 1851 618 1885 Πατέρα
635 1851 671 1887 μὴ
682 1851 827 1886 διαχυθεὶς,
840 1852 877 1883 ὡς
886 1851 940 1878 τῶν

156 1895 307 1931 ἀνθρώπων
321 1897 334 1922 ὁ
347 1895 424 1930 λόγος
438 1896 517 1932 μόνον
529 1896 658 1932 ὑπάρχων
674 1897 839 1932 σημαντικός
848 1906 854 1930 ;
863 1897 941 1929 Τινὲς

155 1941 185 1968 δὲ
200 1941 253 1968 τὸν
260 1941 350 1969 ὑετὸν
359 1942 437 1977 δῆλον
456 1946 469 1960 ν
482 1942 585 1977 ἔφασαν
605 1942 654 1979 τὴν
667 1942 721 1969 τῶν
752 1943 940 1977 εὑαγγελικῶν

156 1986 342 2022 κηρυγμάτων
354 1987 498 2023 χορηγίαν,
511 1987 545 2015 δι’
567 1986 601 2025 ἧς
613 1987 751 2024 εὔκαρπος
772 1989 789 2024 ἡ
803 1989 877 2015 πᾶσα
893 1989 941 2022 γέ-

156 2041 245 2068 γονεν,
257 2033 451 2068 ὲπιψάλλοντος
466 2033 514 2061 τοῦ
533 2034 613 2061 Δαϐίδ
625 2043 632 2049 ·
663 2043 673 2060 α
710 2035 869 2069 Ἐπεσκέψω
892 2035 941 2070 τὴν

156 2077 219 2114 γῆν,
237 2079 283 2105 καὶ
295 2079 430 2114 ὲμέθυσας
442 2079 536 2115 αὑτήν·
553 2080 706 2113 ἐπλήθυνας
720 2080 767 2107 τοῦ
799 2080 940 2107 πλουτίσαι

157 2125 250 2160 αὑτήν.
271 2125 340 2157 Τοὺς
355 2125 476 2157 αὔλακας
486 2125 571 2159 αὐτῆς
587 2126 717 2160 μέθυσον.
743 2126 884 2162 Πλήῦυνον
907 2128 941 2153 τὰ

157 2170 313 2206 γεννήματα
327 2171 423 2205 αὐτῆς.
442 2171 485 2197 Ἐν
497 2172 556 2202 ταῖς
571 2171 698 2205 σταγόσιν
723 2172 808 2206 αὐτῆς
821 2173 941 2207 εὐφραν-

158 2217 271 2251 θήσεται
296 2217 486 2243 ἀνατέλλουσα.
515 2226 524 2243 ι
553 2218 608 2244 Καὶ
633 2218 677 2244 διὰ
705 2218 825 2250 Μωσέως
848 2219 914 2254 φησί
932 2227 939 2235 ·

993 1624 1112 1651 Verbum
1121 1623 1198 1651 caelis
1207 1624 1229 1639 "
1235 1623 1330 1657 pluvia:
1336 1626 1360 1649 et
1371 1623 1438 1649 nivis
1449 1622 1536 1649 instar
1544 1630 1558 1648 a
1572 1621 1652 1648 Patre
1665 1621 1778 1648 descen-

993 1668 1068 1695 disse
1086 1667 1231 1704 signilicat,
1251 1671 1280 1694 ut
1297 1667 1424 1702 irrigatas
1439 1674 1532 1694 eorum
1550 1666 1655 1693 animas
1672 1666 1777 1692 fructus

993 1713 1074 1741 edere
1088 1716 1212 1747 cogeret;
1234 1719 1322 1747 neque
1338 1712 1413 1747 prius
1434 1711 1468 1738 ad
1487 1710 1606 1743 Patrem,
1625 1718 1706 1745 quam
1725 1710 1777 1737 ista

995 1758 1177 1794 praestitisset,
1189 1766 1245 1785 esse
1259 1764 1435 1784 reversurum.
1449 1756 1496 1784 Est
1512 1763 1577 1783 vero
1596 1756 1692 1783 idonea
1708 1755 1777 1782 Deo-

994 1811 1047 1839 que
1057 1803 1229 1835 convenient,
1241 1803 1345 1829 ratione
1354 1801 1519 1836 intelligendi
1533 1809 1557 1828 m
1569 1800 1639 1837 quod
1649 1809 1678 1828 οε
1689 1800 1776 1834 Patri,

994 1851 1147 1884 uerbumque
1170 1848 1303 1875 attribuit.
1326 1846 1419 1882 Neque
1441 1846 1514 1873 enim
1536 1853 1696 1880 corporeum
1712 1845 1776 1872 illud

994 1901 1044 1928 est,
1061 1903 1148 1930 neque
1169 1895 1220 1922 hoc
1243 1901 1297 1921 non
1323 1893 1489 1920 subsistens.
1508 1891 1559 1924 Qui
1581 1892 1679 1918 deinde
1696 1891 1777 1919 rebus

995 1941 1063 1968 bene
1085 1940 1167 1974 gestis
1188 1938 1222 1965 ad
1242 1938 1347 1965 Patrem
1371 1942 1528 1968 revertatur,
1547 1936 1570 1963 si
1592 1943 1644 1962 non
1661 1935 1776 1963 ellusum

993 1991 1045 2019 cst,
1062 1986 1094 2013 ad
1118 1985 1231 2012 humani
1252 1985 1326 2012 vcrhi
1348 1983 1569 2015 similitudinem,
1583 1982 1655 2017 qttod
1673 1985 1777 2008 tantum

995 2030 1165 2067 signiﬁcandi
1194 2030 1274 2057 habet
1303 2028 1483 2064 potestatem?
1509 2027 1562 2054 Sed
1585 2027 1657 2054 enim
1683 2030 1778 2061 putant

995 2077 1119 2105 nonnulli
1145 2076 1240 2111 pluviw
1262 2076 1381 2106 nomine,
1397 2073 1559 2108 evangelicae
1581 2073 1777 2108 promulgatio-

996 2125 1037 2152 nis
1054 2131 1163 2156 munus,
1176 2131 1223 2158 per
1236 2130 1316 2157 quam
1333 2121 1431 2149 fertilis
1447 2117 1534 2147 cvaslt
1550 2119 1677 2146 universa
1693 2123 1777 2151 terra,

996 2170 1161 2206 signiﬁcari,
1188 2169 1330 2196 accincnte
1359 2169 1384 2195 in
1416 2169 1487 2194 hunc
1514 2165 1624 2193 modum
1647 2165 1748 2192 Davide
1770 2174 1777 2192 ε

1000 2226 1009 2242 ‹
1033 2216 1151 2244 Visitasti
1176 2220 1275 2243 terram
1295 2219 1322 2242 ct
1341 2213 1481 2241 inebriusti
1503 2220 1574 2244 eam,
1591 2211 1778 2246 multiplicasti

161 2272 170 2287 ι
194 2262 386 2298 Καταϐήσεται
399 2263 436 2294 ὡς
457 2262 533 2294 ὑετὸς
549 2263 580 2289 τὸ
595 2263 762 2298 ἀπόφθεγμα
777 2271 837 2299 μου.
856 2273 864 2289 ι
887 2265 940 2290 Καὶ

998 2261 1165 2296 locupletare
1190 2267 1258 2286 eam.
1289 2258 1373 2286 Bivos
1399 2258 1458 2292 ejus
1482 2256 1603 2291 inehlria.
1629 2255 1780 2291 multiplica

159 2308 263 2340 Παῦλος
279 2308 307 2335 δέ
318 2316 401 2343 φησιν
413 2316 420 2323 ·
437 2317 446 2333 ι
468 2308 497 2334 '0
516 2308 544 2335 δὲ
560 2307 627 2340 Θεὸς
636 2308 686 2343 τῆς
712 2309 943 2344 εἰρήνηςαὺξήσει

157 2353 203 2380 τὸν
217 2353 317 2389 σπόρον
332 2353 408 2388 ὑμῶν
425 2353 472 2380 καὶ
487 2352 620 2388 πληθύναι
643 2353 677 2380 τὰ
707 2354 867 2389 γεννήματα
893 2354 943 2389 τῆς

158 2399 331 2435 δικαιοσύνης
344 2399 431 2434 ὑμῶν.
455 2409 464 2424 ι
482 2399 537 2425 Καὶ
549 2399 608 2431 πῶς
623 2399 678 2435 γὰρ
696 2400 727 2426 οὐ
755 2399 944 2435 δράτειταῦτα

158 2445 193 2471 τὰ
208 2445 267 2471 θεῖα
293 2444 394 2478 Λόγια;
424 2444 494 2471 κατά
508 2444 563 2479 γὰρ
586 2445 630 2471 τὸν
648 2445 767 2480 mme
781 2445 924 2480 προφήτην
935 2452 942 2459 “

161 2498 172 2515 α
191 2490 225 2516 'A
244 2491 259 2516 ὁ
283 2490 348 2521 Θεὸς
373 2490 387 2516 ὁ
408 2488 485 2524 ἅγιος
497 2490 681 2524 βεϐούλευται,
709 2491 749 2522 τίς
760 2490 942 2524 διασκεδάσεις

159 2535 206 2561 καὶ
219 2535 269 2570 τὴν
286 2536 364 2570 χεῖρα
378 2535 426 2570 τὴν
439 2534 544 2570 ὑψηλὴν
558 2534 600 2566 τίς
609 2534 793 2570 ἀποστρέψει;
807 2544 816 2560 ι

995 2306 1116 2342 germina
1133 2305 1203 2340 ejus,
1221 2305 1248 2332 in
1273 2303 1420 2332 stillicidiis
1442 2303 1501 2337 ejus
1525 2302 1661 2329 laztahitur
1680 2301 1780 2336 germi-

995 2359 1066 2380 nans
1078 2352 1111 2379 ¹⁸.
1127 2361 1136 2377 I
1156 2350 1189 2377 Et
1203 2350 1290 2383 Mose,
1305 2350 1347 2377 his
1362 2349 1452 2377 verbis
1465 2358 1472 2375 :
1487 2348 1570 2384 630
1588 2357 1598 2374 ι
1617 2347 1778 2380 Descendet,

996 2404 1025 2427 ut
1038 2397 1138 2434 pluvia,
1155 2397 1294 2432 eloquium
1317 2403 1407 2423 meum
1421 2396 1454 2422 ".
1473 2404 1483 2420 ι
1504 2394 1536 2421 Ει
1555 2394 1639 2421 Paulo
1659 2394 1718 2428 ipso
1733 2393 1779 2420 ubi

995 2445 1032 2472 ait
1050 2453 1057 2472 :
1074 2454 1083 2471 ι
1102 2443 1174 2472 Deus
1199 2447 1288 2470 autem
1310 2441 1386 2477 pacis
1407 2441 1517 2477 augebit
1534 2448 1627 2468 semen
1649 2444 1778 2472 vestrum,

995 2494 1023 2517 et
1043 2489 1235 2524 multiplicabit
1253 2487 1356 2515 semina
1372 2486 1489 2521 iustitiae
1508 2489 1605 2512 vestrae
1621 2485 1654 2511 ³ο.
1673 2493 1683 2509 ›
1708 2483 1781 2517 Quid

997 2542 1051 2562 non
1069 2539 1158 2561 autem
1180 2533 1273 2561 divina
1296 2531 1407 2559 oracula
1434 2531 1487 2558 ista
1509 2529 1641 2557 eﬂicianl?
1660 2528 1689 2556 Si
1707 2529 1780 2556 enim

160 2585 255 2609 nostro
267 2580 333 2608 huic
346 2579 484 2615 propheta:
503 2580 641 2608 credimus
660 2589 667 2608 :
686 2590 695 2606 ‹
709 2580 776 2613 Qua:
790 2579 861 2609 Deus
877 2583 991 2608 sanctus
1004 2580 1139 2613 consulat,
1158 2579 1220 2614 quis
1240 2577 1402 2614 dissipabit?
1438 2580 1466 2604 et
1499 2582 1610 2603 manum
1644 2575 1781 2602 excelsam

158 2628 221 2663 quis
237 2631 342 2654 avertet
354 2626 396 2653 "‘l
413 2636 423 2653 )

201 2673 245 2708 Ἐξ
262 2670 293 2701 οὗ
303 2673 351 2709 τὴν
365 2673 518 2709 εὐκαρπίαν
551 2672 708 2709 ἐσχήκαμεν
737 2673 787 2709 τὴν
812 2681 937 2708 πνευμα-

194 2732 217 2748 ¹¹
231 2731 309 2759 Rom.
332 2740 359 2763 v,
382 2731 428 2759 ΩΟ,
465 2732 488 2748 ’³
517 2731 633 2760 Malach.
656 2739 694 2763 tu,
716 2731 744 2759 2.

801 2732 824 2748 ’⁸
840 2732 934 2760 Matth.
953 2740 994 2764 ιιι,
1008 2732 1051 2759 ll.

162 2776 181 2800 ι,
204 2768 226 2795 l.
265 2767 288 2783 "
306 2766 379 2795 Psal.
392 2774 465 2800 utv,
483 2766 527 2799 10,
544 2767 587 2794 11.
620 2767 642 2784 ’³
662 2766 738 2796 Deut.
755 2775 842 2799 xxxii.
858 2767 886 2795 2.
924 2768 940 2784 ³⁸

999 2767 1062 2795 Cor.
1083 2774 1121 2798 Ix.
1140 2765 1184 2794 10.

1025 2671 1095 2699 Ilinc
1109 2671 1155 2699 illa
1189 2669 1268 2698 nobis
1292 2668 1430 2696 fructuum
1453 2664 1636 2701 spiritualium
1658 2663 1780 2691 ubertas-

1107 2731 1130 2746 "
1149 2729 1247 2758 Ezech.
1264 2726 1407 2759 νίκημα).
1454 2726 1477 2742 ²⁶
1495 2724 1561 2752 ibid.
1581 2724 1625 2753 ll.
1663 2723 1686 2740 ¹⁷
1699 2722 1779 2751 Joan.

1236 2764 1257 2780 ³¹
1272 2762 1373 2799 Jeretn.
1396 2768 1472 2796 mu,
1488 2761 1532 2789 15.

799 2812 914 2841 VARUE
937 2811 1135 2841 LECTIONES.

197 2862 207 2877 υ
223 2867 265 2894 γρ.
284 2857 328 2893 ἦν.
366 2863 380 2876 ν
401 2866 443 2893 γρ.
459 2857 565 2894 δηλοῦν.
