1999 3076
214 146 286 179 2559

880 148 1058 180 PROCOPII
1078 149 1200 180 GAZ/EI

1777 148 1850 181 2560

216 202 289 230 unde
301 209 355 230 non
369 201 458 230 solum
475 202 510 230 ad
525 209 632 230 sacram
659 201 839 231 nutritionem
866 203 1006 239 colligere,

1068 205 1149 241 πχὴν,
1160 204 1199 237 ὡς
1223 204 1261 240 μὴ
1282 204 1362 241 μόνον
1374 204 1422 241 τὴν
1440 204 1516 240 ἱερὰν
1532 204 1657 238 συλλέξαι
1674 204 1785 241 τροφὴν,
1800 206 1849 233 καὶ

213 256 359 284 panemque
371 248 508 276 viviﬁcum
521 248 622 277 habere
633 249 804 283 conceditur,
821 249 869 278 sed
877 254 904 277 et
918 258 1007 278 semen

215 296 297 323 etiam
313 295 466 322 seminanti.
483 295 534 328 Qui
548 295 622 323 enim
638 296 770 332 mysteria
782 296 897 332 populos
906 296 1007 324 docent

215 340 266 375 ipsi
281 340 307 366 in
319 340 449 367 cordibus
466 348 561 367 eorum
576 340 650 376 quod
665 341 717 368 sibi
742 349 828 369 semen
846 341 1007 370 recondide—

215 389 290 417 runt.
308 376 449 413 seminam.
471 385 525 413 Nos
554 382 638 418 enim,
659 392 771 414 auclore
789 387 931 422 Apostolo,
958 387 1007 415 Dei

215 430 375 466 agricolatio
387 438 483 458 sumus
499 431 532 463 ³¹,
542 436 569 459 et
581 431 753 467 cooperarit;
770 432 816 467 qui
831 433 864 460 de
881 440 912 460 se
927 432 1008 460 intel-

216 476 312 511 ligens,
340 477 431 504 exisse
462 476 507 512 qui
523 478 650 511 seminat,
680 481 709 504 ut
735 479 882 506 seminaret
915 486 1008 506 semen

216 529 297 549 suum
328 522 488 556 pronuntiat
502 522 536 549 ".
564 522 646 549 Addit
677 527 770 549 autem
803 530 872 554 eos,
900 523 946 557 qui
975 522 1009 550 de

217 568 344 603 gentibus
356 568 389 595 ad
410 568 532 595 salutare
550 567 664 595 verbum
689 568 834 600 accedunt,
861 568 888 594 in
916 568 1010 594 lwtitt’a

216 621 379 648 egressuros,
395 613 421 640 id
438 617 480 641 est
490 616 633 647 paternum
645 620 766 640 errorem
776 621 838 640 esse
854 613 1011 646 relicturos,

216 658 355 694 quomodo
371 658 557 686 Abrahamum
575 658 621 686 Dei
635 658 714 693 jussu
728 662 800 685 terra
819 658 906 692 patria
917 666 1010 693 egres-

217 711 277 731 sutn
291 711 350 730 esse
364 703 490 738 legimus.
501 703 584 730 Addit
598 707 728 738 praeterea
741 710 788 730 eos
807 703 836 729 in
850 703 947 738 gaudio
960 703 1010 729 do-

218 754 289 776 ctum
302 749 348 781 iri,
360 749 432 783 quod
446 753 487 776 est
502 748 535 775 ad
543 748 639 776 salutis
649 747 1010 783 Evangeliumﬁrcferendum

219 801 245 824 et
262 795 296 822 ad
309 795 382 823 istud
399 795 530 829 respexit,
545 794 616 830 quod
631 794 687 821 vias
698 794 755 826 eius
768 798 792 821 et
811 794 940 821 mandata
950 802 1011 828 pro-

219 849 388 878 speraturum
410 852 436 871 se
457 844 530 879 prius
560 843 714 871 allirmavit.
730 844 779 871 Est
801 844 873 870 enim
894 843 1012 878 perdifﬁ-

219 890 272 918 cile
287 897 301 917 a
319 889 443 924 corporis
458 889 657 924 voluptatibus,
669 888 798 923 abcoque
812 896 917 921 errore,
929 896 1010 923 quem
1028 886 1048 913 Β

220 936 322 963 dudutn
335 938 447 963 secutus
461 935 511 968 sis,
538 934 675 963 recedere.
692 935 748 962 Deo
774 935 866 970 itaque
886 936 1013 970 maxime,

220 982 266 1016 qui
286 981 329 1008 via
345 981 378 1009 ad
396 981 518 1009 coelestia
532 980 695 1016 priemunita
707 980 813 1008 alacres
831 985 857 1009 et
872 980 1014 1016 expeditos

220 1028 328 1060 clliciat,
347 1035 418 1063 opus
443 1032 497 1055 est.
515 1036 524 1053 ι
550 1026 655 1054 Montes
681 1027 770 1060 enim,
786 1027 887 1062 inquit,
913 1026 1014 1055 excelsi

221 1074 310 1100 cervis
324 1073 357 1101 ³⁸.
379 1083 388 1100 ι
405 1073 438 1100 Et
449 1073 514 1100 alibi
524 1073 627 1101 etiam:
649 1082 657 1098 t
674 1072 776 1101 Semita
788 1073 854 1107 justi
869 1076 944 1100 recta
960 1077 1014 1105 est,

221 1124 248 1146 et
278 1122 430 1154 prmparata
458 1118 500 1145 via
532 1118 638 1153 piorum
654 1118 688 1145 ³⁵.
707 1127 716 1143 ι
735 1118 767 1145 Ει
783 1119 853 1145 alius
878 1117 959 1146 etiam
987 1119 1014 1145 in

223 1165 296 1192 hunc
317 1164 429 1192 modum
449 1164 605 1199 propheta:
626 1173 636 1190 ι
658 1163 749 1191 Rectae
768 1164 819 1191 vite
845 1163 964 1196 Domini,
989 1167 1017 1191 et

219 1211 285 1245 justi
315 1210 457 1237 ambulant
481 1210 508 1237 iu
531 1210 571 1237 eis
582 1209 622 1244 '°;
642 1219 651 1236 ι
678 1209 752 1245 quod
775 1209 885 1244 quidem
910 1209 1016 1245 absque

222 1256 269 1285 Dei
292 1263 406 1284 munere
435 1256 492 1283 lleri
516 1263 569 1283 non
599 1259 712 1291 potest:
740 1255 821 1290 eique
844 1259 907 1283 sunt
936 1255 1016 1290 plane

221 1300 372 1335 contraria,
381 1307 441 1336 qua:
453 1300 487 1327 de
497 1299 654 1328 Iudaeorum
666 1299 810 1335 Synagoga
824 1300 850 1326 in
863 1300 920 1327 huic
935 1301 1016 1329 verba

224 1347 346 1382 loquitur
363 1355 370 1374 :
388 1356 398 1373 ι
411 1346 475 1374 Ideo
486 1354 551 1374 ecce
565 1347 702 1374 obturabo
718 1346 775 1374 vias
794 1346 864 1381 ejus,
877 1347 1018 1374 etnoniu-

223 1393 344 1421 venietis
358 1393 542 1428 Consequitur
556 1400 621 1420 vero
638 1401 685 1420 eos
695 1393 833 1429 gaudium,
845 1393 890 1428 qui
904 1400 1018 1428 prospe-

223 1446 285 1466 rum
301 1439 353 1466 iter
368 1439 396 1466 in
411 1438 561 1466 virtutibus
580 1438 681 1473 Deique
691 1438 847 1473 cognitione
860 1438 1017 1466 habuerint.

227 1493 236 1510 ι
251 1483 338 1517 Quam
353 1485 443 1512 dulcia
459 1486 546 1518 enim,
561 1485 662 1519 inquit,
678 1483 803 1512 faucibus
816 1484 885 1512 meis
907 1484 1018 1519 eloquia

225 1530 289 1557 tual
310 1538 392 1565 super
413 1531 467 1558 mel
484 1534 511 1558 et
534 1537 624 1558 ceram
649 1530 689 1557 ori
705 1537 765 1558 meo
782 1529 815 1556 ³⁷.
832 1539 841 1555 ›
867 1529 925 1557 lmo
952 1536 1018 1557 vero

1057 250 1111 277 τὸν
1124 251 1216 285 ἄρτον
1230 250 1303 286 ἔχειν
1318 250 1366 277 τὸν
1386 250 1516 283 ζωοποιδν
1530 270 1538 283 ,
1568 249 1638 278 ἀλλὰ
1651 251 1700 277 καὶ
1727 251 1849 286 σπέρμα

1056 297 1096 332 τῷ
1109 297 1275 332 σπείροντι.
1290 297 1322 324 Ol
1332 296 1387 333 γὰρ
1401 297 1647 332 μυσταγωγοῦντες
1660 297 1752 331 λαοὺς,
1762 298 1849 325 σπεί-

1053 351 1166 377 ρουσιν
1176 344 1204 369 ὲν
1219 344 1279 374 ταῖς
1292 342 1417 378 καρδίαις
1432 342 1532 374 αὐτῶν,
1559 342 1589 369 ὃν
1604 343 1710 374 ἑαυτοῖς
1730 341 1850 377 ἐθησαύ-

1060 397 1140 424 ρισαν
1157 389 1284 423 σπόρον.
1309 388 1388 415 Κατᾶ
1401 388 1454 423 γὰρ
1469 388 1514 414 τδν
1536 387 1653 420 Παῦλον,
1674 387 1742 414 Θεοῦ
1759 387 1848 423 γεώρ-

1059 435 1118 469 γιόν
1134 435 1229 470 ἐσμεν,
1240 433 1308 461 Θεοῦ
1322 434 1449 469 συνεργοὶ
1462 433 1508 460 τοῦ
1520 433 1645 466 λέγοντος
1657 433 1721 468 περὶ
1734 433 1830 460 ἑαυτοῦ
1840 439 1848 447 ·

1066 480 1194 516 Ἐξῆλθεν
1206 481 1220 507 ὁ
1255 480 1373 515 σπείρων
1387 479 1434 506 τοῦ
1458 481 1568 515 σπεῖραι
1583 480 1629 506 τὸν
1640 480 1739 515 σπόρον
1754 478 1850 508 αὑτοῦ.

1061 527 1134 562 Πρὸς
1163 527 1191 554 δὲ
1203 527 1266 559 τοὺς
1291 526 1320 559 ἐξ
1345 526 1431 553 ὲονῶν
1468 526 1508 561 τῷ
1536 526 1664 561 σωτηρίῳ
1689 526 1851 561 προσιόντας

1060 573 1132 609 λόγῳ
1158 572 1251 608 φησίν·
1277 573 1330 600 Ἐν
1353 573 1407 608 γὰρ
1435 572 1610 607 εὐφροσύνῃ
1639 571 1852 604 ὲξελεύσεσθε,

1060 618 1160 653 δηλαδὴ
1187 618 1236 653 τῆς
1268 617 1511 653 πατροπαραδότου
1539 616 1660 652 πλάνης,
1691 616 1764 642 κατὰ
1802 615 1852 648 τὺ,

1064 664 1176 698 Ἔξελθε
1187 664 1220 691 ἐκ
1240 663 1289 698 τῆς
1301 664 1353 698 γῆς
1369 672 1426 691 σου,
1444 663 1500 690 Καὶ
1513 663 1548 690 ἐν
1569 662 1647 697 χαρᾷ
1674 661 1853 697 διδαχθήσε-

1064 712 1120 737 σθε
1138 714 1152 728 ι
1164 710 1195 736 τὸ
1208 710 1341 745 σωτήριον
1355 709 1536 743 Εὑαγγέλιον.
1551 708 1597 735 Διὸ
1607 707 1726 744 προέφηυ
1740 707 1855 735 Εὐοδώ-

1063 765 1107 784 σω
1117 755 1171 788 τὰς
1187 755 1277 789 ὁδούς
1292 764 1361 787 σου,
1375 754 1425 782 καὶ
1441 754 1477 781 τὰ
1492 752 1663 789 ἐντάλματα
1685 762 1755 787 μου.
1782 753 1854 779 Δυσ-

1062 803 1142 839 χερὲς
1168 801 1223 837 γὰρ
1239 802 1389 836 ἁποφοιτᾷν
1412 800 1513 836 ἡδονῶν
1527 799 1681 835 σαρκικῶν.
1694 799 1741 825 καὶ
1750 798 1856 834 πλάνης

1063 848 1297 884 προειλημμένης.
1311 847 1365 874 Καὶ
1378 847 1419 874 δεῖ
1443 845 1510 873 Θεοῦ
1529 845 1598 880 πρὸς
1611 845 1661 880 τὴν
1676 844 1733 871 ἄνω
1742 843 1856 880 πορείαν

1063 893 1225 930 ὀδηγοῦντος
1235 893 1310 929 ἡμᾶς
1323 893 1370 920 καὶ
1381 892 1499 926 κούφους
1524 890 1723 926 ἐργαζομένου.
1745 899 1755 916 ι
1780 890 1855 923 ὀρη

1065 941 1130 976 γὰρ,
1144 940 1222 975 φησὶ,
1236 939 1271 966 τὰ
1281 938 1372 974 ὑψηλὰ
1384 939 1443 970 ταῖς
1453 937 1575 972 ἐλάφοις.
1590 946 1600 962 ι
1618 936 1672 963 Καὶ
1695 934 1814 971 ἀλλαχοῦ
1826 934 1856 961 δέ

1065 993 1147 1021 φησιν
1162 992 1169 999 ·
1186 992 1196 1010 ι
1224 983 1299 1014 Ὀδὸς
1319 982 1439 1009 εὐσεϐῶν
1458 982 1550 1009 εὐθεῖα
1577 981 1694 1016 ἐγένετο,
1722 980 1770 1007 καὶ
1784 988 1857 1016 παρ-

1066 1029 1257 1065 εσκευασμένη
1280 1029 1298 1064 ὴ
1330 1029 1390 1061 ὁδὸς
1399 1028 1454 1056 τῶν
1478 1027 1597 1055 εὐσεϐῶν
1619 1037 1629 1053 ι
1658 1027 1712 1054 Καὶ
1730 1026 1810 1058 ἄλλος
1828 1024 1857 1052 δὲ

1067 1077 1214 1112 προφήτης
1243 1075 1344 1112 φησιν·
1375 1085 1385 1102 ι
1414 1075 1524 1102 Εὐθεῖαι
1537 1074 1566 1101 αἱ
1590 1073 1646 1100 ὁδοὶ
1667 1073 1782 1109 Κυρίου,
1809 1071 1858 1099 καὶ

1069 1123 1168 1150 δίκαιοι
1183 1122 1363 1158 πορεύσονται
1378 1122 1407 1148 ὲν
1419 1121 1513 1152 αὑταῖς
1532 1129 1538 1134 '
1557 1129 1566 1147 ι
1602 1120 1670 1155 ὅπερ
1686 1119 1760 1145 ἐστὶν
1770 1118 1858 1145 05680-

1067 1177 1112 1196 τον
1125 1176 1133 1184 ·
1151 1168 1181 1195 οὐ
1197 1172 1211 1193 1
1230 1167 1361 1195 τάναντία
1392 1166 1459 1201 φησὶ
1489 1166 1554 1201 περὶ
1585 1165 1636 1199 τῆς
1651 1164 1704 1191 τῶν
1723 1163 1859 1191 Ἰουδαίων

1068 1213 1247 1248 Συναγωγῆς.
1262 1223 1272 1240 ι
1292 1212 1342 1239 Διὰ
1359 1211 1439 1238 τοῦτο
1457 1211 1512 1238 ἰδοὺ
1529 1210 1586 1244 ἐγὼ
1600 1210 1715 1245 φράσσω
1725 1209 1774 1241 τὰς
1782 1209 1860 1240 ὁδοὺς

1070 1261 1166 1295 αὐτῆς,
1183 1259 1230 1287 καὶ
1240 1259 1270 1286 οὐ
1283 1258 1321 1294 μὴ
1333 1258 1412 1294 εὕρῃ.
1437 1267 1446 1283 ι
1469 1256 1625 1283 Ἀκολουθεϊ
1638 1256 1666 1282 δὲ
1691 1255 1722 1282 τὸ
1743 1255 1861 1290 χαίρειν⁵

1067 1307 1125 1337 τοῖς
1140 1304 1329 1340 εὐοδουμένοις
1341 1305 1371 1331 ὲν
1385 1304 1497 1339 ἀρεταῖς
1514 1302 1561 1328 καὶ
1575 1300 1674 1336 γνώσει
1689 1300 1768 1327 Θεοῦ.
1787 1309 1797 1325 ‹
1816 1299 1861 1332 Ὧς

1069 1352 1173 1387 γλυκέα
1189 1351 1254 1387 γὰρ,
1270 1349 1348 1386 φησὶ,
1360 1349 1399 1385 τῷ
1411 1348 1529 1383 λάρυγγι
1554 1356 1605 1383 μου
1630 1346 1664 1373 τὰ
1692 1346 1772 1380 λόγια
1799 1353 1860 1377 σου,

1075 1398 1163 1433 ’Υπὲρ
1179 1397 1239 1433 μέλι
1254 1396 1303 1425 καὶ
1320 1396 1416 1432 κηρίον
1427 1395 1468 1430 τῷ
1484 1393 1598 1430 στόματί
1617 1401 1678 1428 μου.
1700 1401 1710 1418 ι
1735 1391 1793 1426 Ἐφ’
1819 1389 1861 1424 οἷς

1070 1443 1098 1470 αἱ
1112 1442 1184 1468 θεῖαι
1204 1441 1334 1476 δυνάμεις
1347 1439 1559 1475 εὐφραίνονται
1569 1433 1861 1472 δηλούμεναιδι’ὀρῶν

1069 1487 1266 1521 καὶβουνῶν.
1287 1487 1342 1514 Καὶ
1356 1487 1370 1513 ὁ
1387 1485 1483 1520 Σωτὴρ
1512 1484 1568 1519 γάρ
1598 1491 1677 1519 φησι,
1701 1482 1788 1518 χαρὰν
1801 1481 1862 1508 ἔσει

1071 1535 1132 1562 σθαι
1165 1536 1195 1562 ὲν
1224 1534 1351 1570 οὐρανοῖς
1377 1533 1424 1559 ἐπὶ
1445 1531 1486 1559 ἑνὶ
1506 1529 1660 1566 ἁμαρτωλῷ
1677 1527 1860 1564 μετανοοῦντι.

224 1581 252 1604 ct
266 1576 329 1604 inde
342 1562 457 1605 virtutes
472 1577 538 1611 ipsae
552 1576 662 1608 divinae,
679 1575 727 1612 qui
747 1575 875 1603 mentium
892 1575 1015 1602 collium-

1071 1579 1230 1614 Ηνεύματα
1243 1562 1298 1615 γαρ
1310 1562 1362 1605 εἰσι
1379 1562 1555 1613 λειτουργιιιὰ
1567 1562 1652 1611 ’πρὸς
1659 1562 1796 1601 διακονίαν
1808 1581 1863 1600 σω-

225 1629 274 1656 quc
292 1621 451 1649 nominibus
464 1621 633 1657 judicautur,
648 1621 786 1648 uelantur.
802 1620 870 1648 Nam
883 1625 909 1649 et
923 1620 1016 1649 Salva-

228 1673 271 1695 tor
300 1667 358 1701 ipse
377 1667 434 1696 fore
447 1668 473 1695 in
491 1667 570 1696 caelis
605 1667 736 1702 gaudium
753 1673 836 1702 super
868 1671 1013 1702 peccatore

1068 1626 1166 1661 τηρίας
1179 1625 1357 1660 πεμπόμενα.
1381 1624 1414 1650 Ἡ
1427 1623 1456 1650 δὲ
1471 1622 1575 1649 τούτων
1597 1620 1715 1656 διαφορὰ
1731 1619 1802 1647 κατὰ
1828 1619 1859 1646 τὸ

1067 1669 1232 1705 ὑψηλότερόν
1241 1677 1271 1695 τε
1282 1669 1328 1695 καὶ
1342 1668 1463 1695 ἔλαττον.

226 1714 305 1750 631
326 1721 382 1741 uno
409 1713 597 1749 pmnitentiam
627 1716 722 1748 agente
747 1715 865 1739 testatur
887 1712 922 1739 ".
948 1711 1019 1739 Sunt
1038 1714 1112 1741 enim
1130 1714 1249 1742 ministri
1281 1713 1406 1749 spiritus,
1426 1713 1473 1748 qui
1496 1712 1531 1739 ad
1552 1710 1735 1739 ministerium
1764 1709 1863 1738 salutis

227 1761 373 1788 mittuntur
387 1759 409 1776 "
422 1769 429 1787 :
447 1759 495 1787 sed
511 1764 554 1787 est
566 1766 661 1786 eorum
674 1765 724 1794 pro
739 1757 913 1785 celsitudinis
934 1757 1149 1795 humilitatisque
1163 1760 1269 1787 ratione
1287 1758 1435 1794 quaerenda
1446 1757 1610 1785 diﬂerentia.

262 1805 395 1832 Dicantur
410 1804 528 1831 fortasse
542 1808 566 1831 et
583 1803 641 1839 agri
668 1803 751 1838 ligna,
777 1810 835 1838 qua:
858 1803 941 1830 ramis
966 1810 1015 1837 ap-

227 1848 367 1885 plaudunt,
383 1848 450 1883 ipsae
467 1848 602 1875 fructibus
617 1852 724 1875 onusta:
739 1847 850 1879 ani-nte,
870 1847 918 1882 qui
932 1847 1017 1875 scele-

227 1899 351 1922 ratorum
378 1893 569 1928 resipiscentia
611 1892 796 1920 delectantur.
832 1891 903 1920 Sunt
933 1892 1016 1919 etiam

228 1941 274 1976 qui
297 1940 425 1967 montium
437 1939 621 1974 appellatione
635 1938 764 1965 doctores
781 1937 930 1969 Ecclesiae,
949 1938 1018 1965 nihil

229 1986 333 2014 humile
352 1986 495 2019 habentes,
512 1989 608 2020 putent
634 1983 771 2020 intelligi:
795 1992 842 2019 per
867 1984 947 2011 colles
967 1991 1018 2011 au-

229 2039 296 2067 tem,
313 2032 392 2067 alios,
406 2031 454 2067 qui
468 2039 516 2059 cos
546 2031 671 2066 proxime
695 2033 862 2065 sequuntur.
882 2030 930 2057 Est
945 2030 1019 2057 enim

230 2080 339 2108 illorum
354 2079 493 2114 gaudium,
512 2078 587 2106 salus
604 2076 806 2110 accedentium,
817 2076 840 2104 si
853 2075 938 2104 Paulo
956 2084 1018 2104 cre-

230 2127 330 2161 dimus,
342 2125 388 2161 qui
401 2125 469 2153 tales
486 2124 617 2160 gaudium
631 2128 658 2151 et
672 2130 808 2150 coronam
828 2130 907 2150 suam
926 2123 1021 2158 appel-

231 2171 270 2199 lat
287 2171 322 2200 ⁸⁸.
347 2171 432 2198 Aiunt
453 2170 552 2198 deinde
570 2169 627 2204 agri
643 2168 721 2203 lignis
748 2167 864 2203 populos
894 2175 954 2199 eos,
974 2167 1021 2202 qui

231 2218 349 2254 subjecti
367 2221 442 2250 sttnt,
466 2215 625 2252 significari.
662 2214 792 2242 Abundat
806 2214 879 2242 enim
907 2213 1021 2242 ﬂoribus

233 2264 292 2298 ipse
313 2262 462 2290 Salvatoris
481 2261 577 2288 hortus
595 2260 712 2295 indeque
745 2265 811 2287 sunt
832 2259 878 2286 illa
908 2258 1022 2295 Sponsa:

232 2309 333 2340 verba,
346 2307 448 2343 quibus
465 2311 590 2342 nepotem
616 2306 645 2333 iu
662 2305 772 2333 ltottum
797 2313 878 2333 sttutn
902 2304 1022 2333 descen-

233 2355 306 2386 dere.
320 2354 495 2388 fructumque
510 2360 653 2388 pomorntn
667 2359 780 2379 suorum
796 2350 942 2378 comedere
959 2358 1023 2386 pos-

234 2401 304 2428 tulat
318 2401 351 2429 ιι.
371 2400 511 2430 Lwtantur
524 2407 589 2427 vero
601 2403 628 2426 et
640 2398 698 2432 isti,
717 2402 821 2425 tantam
836 2398 863 2424 in
886 2406 915 2425 se
936 2402 1024 2425 muta-

1103 1805 1186 1832 Ξύλα
1197 1804 1225 1831 δὲ
1240 1803 1346 1839 ἀγροῦ,
1359 1802 1575 1838 ἐπικρατοῦντα
1593 1800 1728 1834 κλάδοις,
1744 1796 1799 1827 εἶεν
1829 1800 1865 1827 ἂν

1069 1851 1097 1878 αἱ
1112 1850 1282 1888 καρποφόροι
1295 1850 1380 1885 ψυχαὶ
1399 1850 1447 1876 ἐπὶ
1459 1850 1492 1885 τῇ
1509 1848 1662 1882 ἐπιστροφῇ
1678 1846 1733 1874 τῶν
1755 1846 1864 1881 ἀνόμων

1068 1894 1208 1930 ήδόμεναι.
1238 1894 1315 1925 Τινὲς
1333 1894 1362 1920 δὲ
1376 1893 1430 1927 ὄρη
1448 1893 1499 1928 μὲν
1526 1892 1589 1924 τοὺς
1612 1890 1787 1922 διδασκάλους
1815 1890 1865 1926 τῆς

1075 1939 1237 1976 Ἐκκλησίας
1247 1940 1310 1971 τοὺς
1325 1939 1401 1966 οὐδὲν
1412 1937 1581 1974 χαμαίζηλον
1596 1937 1718 1972 ἔχοντας·
1728 1935 1865 1972 ,βουνοὺς

1070 1986 1109 2019 δὲ.
1126 1987 1190 2018 τοὺς
1217 1985 1276 2021 μετ’
1289 1985 1397 2017 αὐτούς.
1414 1984 1495 2019 Χαρὰ
1519 1984 1574 2019 γὰρ
1592 1983 1695 2011 τούτων
1713 1983 1730 2018 ἡ
1744 1981 1866 2018 σωτηρία

1069 2033 1125 2060 τῶν
1139 2033 1316 2068 προσιόντων,
1334 2032 1373 2063 ὡς
1389 2031 1436 2058 καὶ
1452 2030 1557 2058 Παῦλον
1569 2030 1660 2065 λέγειν
1671 2038 1679 2046 ·
1698 2039 1708 2056 ‹
1727 2029 1807 2065 Χαρὰ
1819 2028 1866 2055 καὶ

1071 2079 1204 2115 στέφανός
1232 2087 1294 2114 μου.
1313 2090 1321 2104 ι
1338 2079 1422 2106 Ξύλα
1450 2078 1478 2105 δὲ
1495 2077 1587 2113 ἀγροῦ
1608 2077 1672 2108 τοὺς
1701 2076 1755 2103 ὑπὸ
1787 2076 1867 2111 χεῖρα

1070 2125 1161 2157 λαούς.
1197 2125 1320 2160 Εὐανοὴς
1360 2124 1418 2159 γὰρ
1462 2122 1509 2150 τοῦ
1556 2123 1683 2157 Σωτῆρος
1713 2121 1729 2148 ὁ
1767 2120 1865 2153 κῆπος.

1072 2172 1118 2199 Διὸ
1142 2171 1189 2199 καλ⁵
1217 2171 1233 2206 ἡ
1263 2170 1366 2206 Νύμφη
1383 2169 1448 2206 φησι
1461 2178 1468 2186 ·
1486 2178 1495 2194 ι
1514 2168 1669 2203 Καταϐἡτω
1689 2167 1704 2194 ὁ
1727 2164 1867 2200 ἀδελφιδός

1074 2226 1126 2254 μου
1141 2218 1181 2249 είς
1194 2216 1282 2251 κῆπον
1295 2215 1390 2248 αὑτοῦ,
1408 2215 1456 2242 καὶ
1468 2214 1579 2250 φαγὲτω
1592 2213 1697 2250 καρπὸν
1709 2210 1868 2247 ἀκροδρύων

1076 2263 1170 2291 αὑτοῦ.
1188 2273 1198 2290 ι
1211 2263 1357 2297 Χαίρουσι
1371 2261 1400 2289 δὲ
1412 2261 1460 2289 καὶ
1476 2257 1550 2288 οὗτοι
1580 2259 1715 2294 τοσαύτην
1725 2259 1754 2286 ὲν
1762 2259 1868 2289 ἑαυτοῖς

1075 2309 1194 2347 ὁρῶντες
1208 2308 1370 2344 μεταϐολήν.
1388 2307 1476 2335 Πάλαι
1495 2307 1546 2342 μὲν
1558 2306 1614 2341 γὰρ
1640 2305 1763 2341 γόνιμον,
1773 2303 1791 2339 ἢ
1805 2303 1869 2339 τρό-

1077 2365 1160 2392 φιμον
1191 2353 1264 2390 εἶχον
1289 2354 1365 2381 οὐδέν
1381 2362 1388 2370 ·
1412 2353 1450 2385 ὼς
1481 2354 1511 2379 ἐν
1536 2352 1636 2388 ἐρήμῳ
1650 2351 1678 2378 δὲ
1706 2350 1753 2377 καὶ
1777 2349 1868 2384 χέρσῳ

1076 2403 1201 2436 στοίϐην
1218 2401 1284 2435 ὕλης
1298 2400 1437 2435 ἀχρήστου
1452 2398 1500 2425 καὶ
1515 2397 1650 2429 κόνυζαν
1682 2395 1730 2430 τὴν
1751 2394 1869 2422 δυσωδε-

235 2449 338 2476 tionem
359 2448 417 2475 lieri
442 2447 553 2475 intuiti:
572 2447 618 2482 qui
647 2439 715 2473 nihil
742 2445 807 2472 olitn
825 2444 898 2480 quod
926 2445 959 2471 ad
985 2444 1015 2471 fe

1078 2447 1178 2482 σςάτην
1193 2446 1300 2481 ἐφερονι.
1317 2444 1374 2471 Νῦν
1388 2444 1416 2470 δὲ
1433 2443 1477 2470 ὅτε
1494 2443 1543 2478 τῆς
1558 2441 1634 2473 θείας
1647 2440 1778 2477 μετέσχον
1790 2439 1868 2475 χάρι-

236 2494 404 2522 cunditatem
422 2493 634 2521 nutritionctuve
650 2491 762 2524 faceret,
791 2491 944 2524 habentes;
975 2490 1022 2518 sed

237 2546 369 2577 tanquam
384 2541 413 2569 in
440 2541 599 2574 solitudine,
618 2545 747 2576 terraque
775 2539 894 2572 inculta,
913 2539 1025 2567 stwbam

237 2587 374 2621 inutilem,
388 2592 417 2616 et
433 2587 554 2616 conizam
566 2587 698 2615 telerrimi
709 2586 814 2620 odoris,
831 2585 1026 2622 producentcs,

237 2641 270 2660 ex
286 2640 340 2668 quo
357 2632 456 2661 divinae
473 2633 568 2668 gratiae
581 2632 730 2668 participes
749 2631 837 2658 ell‘ccti
859 2635 934 2664 sunt,
954 2638 1027 2664 myr-

1073 2500 1129 2523 τος,
1154 2491 1309 2526 μυρσίνην
1328 2487 1515 2523 εὐωδεστάτην
1535 2487 1583 2514 καὶ
1610 2486 1660 2522 τὴν
1688 2484 1870 2520 ὑψηλοτάτην,

1075 2538 1123 2566 καὶ
1133 2538 1214 2564 πάλιν
1232 2536 1321 2572 εὐώδη
1337 2534 1533 2569 κυπάρισσον
1551 2532 1770 2569 ὲκαρποφάρουν.
1788 2531 1818 2557 ὐ
1842 2529 1871 2557 δὲ

1077 2582 1224 2618 Σύμμαχός
1239 2590 1333 2618 φησιν,
1347 2580 1414 2608 ἀντὶ
1425 2579 1552 2613 στοίϐης
1563 2576 1868 2613 ἀναϐήσεταιβράθυ.

1084 2629 1165 2657 Ἀντί
1180 2629 1214 2656 δὲ
1233 2627 1336 2662 κνιδὸς
1347 2625 1531 2661 ἀναϐήσεται
1542 2625 1686 2660 μυρσίνη,
1710 2623 1748 2655 ὡς
1759 2624 1783 2650 εἰ
1809 2622 1868 2649 ελε-

276 2704 300 2720 ³⁹
318 2703 327 2731 |
346 2703 412 2731 Cor.
429 2711 472 2736 ut,
487 2703 514 2731 9.
552 2702 575 2719 ³³
591 2702 688 2730 Matth.
709 2710 768 2733 xut,
784 2701 811 2729 5.
851 2701 873 2722 ³⁸
890 2700 962 2729 Psal.
978 2709 1014 2729 cu

1070 2702 1097 2728 0.
1135 2701 1157 2717 ³⁵
1170 2699 1282 2731 lsa.‘26.
1295 2699 1323 2727 7.
1347 2697 1465 2736 7"0500
1493 2705 1548 2730 xiv,
1566 2697 1609 2726 lo.
1657 2694 1877 2729 ³⁷1³ιιιι1.ι.ιγιιιι

242 2739 304 2768 105.

360 2739 382 2755 ⁸⁸
398 2739 464 2766 Luc.
482 2747 528 2772 xv,
547 2737 573 2766 7.
611 2739 632 2755 "
649 2738 731 2766 Hebr.
748 2745 769 2769 ι,
785 2736 829 2764 14.
867 2737 891 2753 ⁴⁰
907 2737 1027 2772 Philipp.
1047 2745 1084 2770 tv,
1098 2737 1123 2764 l.
1162 2735 1183 2752 “
1202 2736 1320 2769 Caut.v,
1344 2735 1368 2763 l.

920 2807 1039 2836 YAlllJE
1059 2802 1262 2837 LECTIONES.

280 2871 293 2892 ι
312 2868 353 2895 ἴσ.
375 2867 580 2906 διαχυοήσεσθε.
617 2871 630 2892 ῐ
651 2863 746 2902 πραΰ.
