1999 3076
231 132 301 164 2563

888 131 1064 163 PROCOPU
1080 133 1200 164 GAZ/El

1788 137 1858 169 2564

268 189 314 216 Sic
327 188 411 224 igitur
428 192 454 216 et
467 194 514 215 vos
528 187 629 223 ubique
644 186 871 223 glori/icabimini,
885 192 915 215 ut
926 195 1016 216 omnes

1108 190 1201 222 Οὕτως
1217 191 1264 218 οῦν
1277 191 1323 218 καὶ
1338 191 1418 226 ὑμεῖς
1447 191 1584 226 πανταχοῦ
1616 191 1856 228 δοξασθιὶσεσυε,

230 235 352 270 undique
365 233 489 268 exemplo
522 237 623 266 vestro,
639 233 685 268 qui
704 232 848 260 illuminati
864 233 941 265 estis,
970 241 1018 260 co-

231 280 380 317 gnoscendi
398 280 446 307 Dei
471 279 563 307 studio
586 280 618 306 ad
633 287 682 306 vos
704 277 854 307 conﬂuant.
876 287 1019 314 meamque

232 326 444 353 familiaritatem
456 329 482 353 et
496 324 642 352 amicitiam
655 326 795 351 ambiant:
812 328 842 351 ιιι
853 324 916 351 olim
930 325 962 352 de
974 332 1018 351 re-

231 372 294 408 gina
309 372 389 403 Saba,
401 371 488 406 deque
504 370 633 405 {Ethiope
647 370 766 397 eunucho
780 370 804 386 δ’
816 370 940 404 audistis,
955 377 1016 397 cum

230 418 320 454 gentis
334 422 430 445 vestrae
444 417 530 452 pietas
544 416 577 443 ad
591 423 639 443 eos
654 415 735 443 etiam
750 415 820 442 fama
836 420 1015 451 penetrasset.

229 465 317 499 Atque
330 465 386 490 haec
403 463 510 498 quidem
527 462 582 489 illis
601 462 673 489 Deus
685 461 864 497 pollicebatur
881 471 888 489 :
909 461 942 488 ad
959 469 1018 496 qua:

230 517 292 537 cum
323 508 434 543 segnius
458 507 649 539 adverterent,
676 507 708 533 ad
737 506 860 534 homines
884 508 1017 534 accedens

230 554 392 588 Unigenitus
403 553 519 588 gentium
544 552 665 579 omnium
695 551 864 579 vocationem
885 557 1016 586 operatus

229 605 283 630 est.
301 601 394 636 Neque
411 609 475 628 vero
490 600 546 627 fieri
563 604 660 636 potest.
681 600 779 634 inquit,
800 604 829 627 ut
844 607 904 634 quae
918 599 1016 635 praedi-

229 652 273 673 cta
291 650 352 673 sunt
371 646 474 680 absque
498 644 553 672 Deo
586 644 731 679 quisquam
760 650 955 679 consequatur.
970 644 1017 671 Est

229 690 312 726 igitur
326 690 473 725 ipse,nulla
490 693 662 723 peccatorum
673 689 852 716 multitudinis
865 689 955 717 habita
971 696 1017 716 ra-

229 737 313 769 tione,
327 735 483 771 quwreudus
491 739 515 762 et
530 734 702 767 invocandus,
714 735 760 769 qui
774 743 807 762 eo
825 743 910 770 usque
934 735 1016 763 mise-

227 781 348 809 ricordia
363 780 492 812 abundat,
513 784 541 807 ut
558 780 632 806 nulla
646 787 739 806 eorum
759 780 943 808 immensitate
966 788 1016 808 su-

227 829 348 862 peretur.
365 825 419 853 lmo
432 833 505 857 vero,
524 833 585 852 cum
609 825 728 859 repellit,
751 825 860 852 nonnisi
876 828 948 853 bono
964 825 1017 853 [inc

228 861 312 898 iacit:
326 875 352 898 et
366 870 437 905 quod
460 870 539 904 plane
551 869 724 904 desperatum
743 875 802 896 erat
820 870 953 897 continuo
971 878 1016 898 re-
1032 861 1053 888 Β

228 916 327 944 stituit.
350 914 401 947 Qui
422 914 520 941 mullus
542 918 583 941 est
605 922 669 949 ergo
691 915 719 941 in
746 915 970 947 miserationibus,
988 915 1013 942 in

228 959 385 995 ignoscendo
400 959 476 987 vobis
497 967 596 994 parcus
606 967 667 987 esse
689 968 743 987 non
761 965 851 995 potest.
867 969 949 988 :cum
978 962 1015 989 sit

229 1006 356 1034 humanis
379 1005 631 1041 perturbationibus
664 1013 836 1041 nequaquam
867 1007 1014 1035 obnoxius.

229 1051 358 1079 Homines
377 1052 449 1079 enim
467 1052 642 1086 quantumvis
657 1051 785 1087 injuriam
805 1053 932 1081 studeant
947 1062 1015 1081 con-

228 1097 331 1125 donare
347 1105 354 1124 :
371 1096 412 1124 ira
427 1100 518 1124 tamen
537 1096 683 1132 aliquando
701 1097 892 1131 prohibentur,
907 1100 1016 1134 quoties

227 1143 331 1171 doloris
347 1142 421 1171 subit
440 1143 604 1171 rcrordatio.
622 1142 689 1176 lino,
705 1143 728 1172 si
757 1143 798 1171 vel
814 1143 878 1171 ﬁliis
914 1145 1016 1174 donare

228 1189 330 1223 aliquid
345 1193 475 1222 statuant,
495 1189 606 1216 eosdem
619 1197 738 1224 perszrpe
750 1189 842 1217 futura
860 1190 900 1219 rei
928 1191 1015 1227 ipsius

228 1235 354 1270 privatio,
370 1242 429 1270 qua:
443 1235 531 1262 danda
549 1235 647 1268 fuerat,
666 1242 740 1263 retro
759 1237 830 1264 solet
846 1245 937 1272 agere,
959 1243 985 1266 et
999 1246 1014 1266 a

227 1281 318 1308 dando
334 1288 470 1308 revocare.
490 1282 530 1311 At,
548 1281 625 1314 mihi,
641 1282 686 1317 qui
706 1282 845 1310 remittere
860 1288 887 1310 et
912 1284 1016 1311 condo-

227 1334 294 1354 nare
308 1327 427 1358 decrevi,
441 1326 515 1353 nulla
540 1331 714 1362 peccatorum
731 1332 854 1356 veterum
872 1330 1015 1363 memoria,

227 1373 358 1409 nullaque
368 1373 486 1408 privatio
498 1373 720 1408 impedimentum
731 1373 827 1402 ali'erre
844 1375 942 1403 valeat.
963 1375 1016 1404 Vos

227 1419 334 1453 deinde,
349 1419 372 1447 si
387 1419 456 1454 quod
465 1419 603 1446 consilium
616 1419 759 1453 iniveritis,
772 1427 866 1456 postea
882 1423 1014 1451 mutatis:

227 1474 287 1493 cum
307 1473 348 1493 me
362 1465 413 1493 mei
427 1473 567 1500 nunquam
588 1467 727 1501 poeniteat.
743 1467 819 1495 Disto
835 1468 907 1495 enim
923 1475 938 1496 a
969 1477 1016 1498 vo-

227 1511 269 1539 bis
285 1511 425 1540 immensis
445 1511 598 1539 rationibus
626 1517 653 1540 et
685 1513 848 1542 intervallis.
865 1515 949 1550 Cujus
975 1516 1015 1544 rei

227 1557 307 1585 ﬁdem
322 1557 380 1592 ipsa
396 1558 473 1585 vobis
485 1557 575 1592 pluvia
589 1558 692 1591 fecerit,
712 1567 793 1594 quam
816 1564 899 1588 terra
930 1563 1014 1590 semel

227 1603 261 1630 ad
277 1604 413 1630 fructuum
443 1603 594 1630 ubertatem
630 1603 760 1639 largiens,
787 1607 913 1633 revocavi
943 1615 1015 1634 nun-

227 1657 306 1684 quam
323 1658 330 1676 :
347 1648 420 1676 unde
433 1649 500 1676 satis
521 1653 633 1684 apparet
648 1650 752 1677 nullum
779 1658 794 1677 a
810 1659 853 1679 me
877 1653 1014 1687 prolatum

227 1695 332 1723 verbum
345 1702 446 1723 vanum
466 1703 528 1724 esse
541 1696 682 1729 futurum;
706 1703 820 1732 vosque,
836 1697 860 1725 si
887 1699 1014 1726 conversi

226 1746 391 1776 peccatorum
404 1743 506 1769 veniam
520 1742 735 1778 postnlaveritis,
751 1751 811 1771 eam
827 1751 888 1773 esse
916 1751 1015 1772 conse-

228 1792 351 1816 cuturos.
372 1788 413 1816 Ad
426 1789 491 1824 legis
505 1793 638 1823 prtecepta
651 1788 748 1818 deinde
765 1797 924 1822 conversus,
941 1790 1014 1818 vobis

196 1835 199 1839 ”
227 1834 326 1870 inquit,
343 1834 444 1861 ueniam
461 1834 566 1868 facilem
578 1835 705 1869 efﬁciam;
719 1835 824 1863 viribus
838 1836 968 1863 nimirum
981 1836 1015 1864 ad

228 1887 321 1908 eorum
337 1880 567 1912 observationem,
581 1879 692 1914 additis,
707 1885 886 1913 vestrumque
901 1889 916 1908 e
927 1881 1016 1917 capti-

227 1927 310 1953 vit‘ale
325 1925 407 1961 634
418 1926 545 1958 reditum,
563 1925 634 1961 Cyro
659 1926 728 1961 ipso,
747 1927 903 1962 vestrisque
930 1928 1016 1955 hosti-

228 1972 290 2004 bus,
304 1972 330 1999 in
346 1972 499 2007 praesidium
512 1977 631 2000 vestrum
641 1973 722 2005 datis,
734 1973 882 2008 gloriosum
890 1973 1014 2003 eﬂ‘ecero.

228 2015 263 2043 Ut
279 2016 350 2043 enim
365 2016 535 2045 solventibus
547 2017 664 2053 Algypto
681 2018 766 2047 cessit
783 2026 860 2047 mare
874 2019 907 2051 ",
932 2024 1017 2055 utque

229 2066 322 2095 postea
337 2062 372 2089 ab
390 2061 493 2089 eisdem
507 2062 638 2097 trajectus
661 2068 704 2091 est
729 2062 858 2091 Iordanis
870 2064 910 2091 “z
924 2065 964 2093 sic
989 2069 1016 2093 et

229 2107 329 2142 Tigrim
355 2107 409 2136 illis
430 2112 491 2142 post
514 2109 699 2144 captivitatem
720 2110 833 2145 pedibus
848 2119 909 2139 esse
924 2115 1013 2140 trans-

230 2154 342 2181 missum
370 2154 637 2189 narranthistoriaa;
653 2155 772 2191 indeque
797 2157 890 2184 (milia
917 2163 1016 2186 montes

1068 235 1107 267 ὼς
1119 237 1224 269 πάντας
1236 238 1404 273 πανταχόθεν
1419 238 1458 269 εἰς
1472 237 1636 271 θεογνωσίαν
1650 238 1680 270 ἐξ
1704 238 1781 274 ὑμῶν
1798 249 1856 275 φω-

1071 281 1228 318 τιζομένους
1242 284 1352 320 συρρεῖν
1369 283 1437 318 προς
1447 284 1530 318 ὑμᾶς,
1539 284 1693 320 οἰκειότητα
1707 285 1858 318 ποθοῦντας

1068 329 1118 364 τὴν
1147 329 1216 365 πρὸς
1230 330 1291 365 ἐμὲ,
1305 329 1343 361 ὡς
1355 329 1401 356 ἐπὶ
1412 330 1461 365 τῆς
1485 329 1621 364 βασιλίδος
1636 330 1721 362 Σάὸα,
1735 331 1786 357 καὶ
1807 331 1855 358 τοῦ

1068 375 1195 407 Αἰθίοπος
1209 376 1358 409 εὐνούχου
1367 375 1525 410 γεγένηται,
1536 376 1586 410 τῆς
1598 375 1645 401 τοῦ
1665 375 1759 408 ἔθνους
1778 377 1857 403 εὐσε-

1069 421 1143 452 ϐείας
1167 421 1214 448 καὶ
1228 420 1295 455 πρὸς
1311 421 1408 452 αὐτοὺς
1422 420 1581 456 δραμούσης
1602 422 1634 457 τῇ
1649 421 1738 458 φήμῃ.
1757 421 1853 449 Ταῦτα

1070 465 1120 500 μὲν
1134 466 1226 498 αὐτοῖς
1243 466 1310 498 Θεὸς
1325 466 1520 501 ἐπηγγέλλετο.
1533 465 1603 502 Πρὺς
1615 467 1644 493 δὲ
1661 467 1741 494 τοῦτο
1771 468 1856 504 ρᾳθυ-

1069 512 1191 546 μούντων
1210 512 1310 544 αὐτῶν,
1325 513 1339 538 ὁ
1352 512 1499 548 μονογενὴς
1525 512 1669 548 παρελθὼν
1684 514 1725 545 εἰς
1749 513 1855 550 ἀνθρώ-

1068 566 1135 589 πους
1154 558 1262 585 πάντων
1288 557 1385 585 ἐθνῶν
1413 558 1561 592 ἐποιήσατο
1586 558 1693 593 κλῆσιν,
1712 559 1856 587 Ἀδύνατον

1067 602 1095 628 δέ
1120 612 1187 638 φησι
1212 602 1266 629 τῶν
1299 603 1566 638 προεπηγγελμένων
1585 604 1675 638 τυχεῖν
1692 603 1756 631 ἄνευ
1775 604 1855 631 Θεοῦ.

1068 648 1149 675 Ὅθεν
1168 649 1248 675 αὑτὸν
1276 648 1426 682 ζητητέον,
1455 648 1505 675 καὶ
1526 649 1666 682 κλητέον,
1688 650 1724 684 μὴ
1750 649 1857 684 λογιζο-

1069 695 1167 730 μένους
1198 693 1300 729 πλῆθος
1334 694 1552 729 ἁμαρτημάτων,
1580 695 1628 721 καλ⁵
1646 695 1676 721 τὸ
1704 696 1745 727 εἱς
1774 696 1856 722 αὑτὸν

1066 739 1242 775 ὴσεὸηκέναι.
1263 739 1409 771 Πολυέλεος
1426 739 1482 774 γάρ
1494 741 1577 766 ὲστιν.
1606 741 1687 767 Ποῖον
1704 740 1758 776 γὰρ
1781 740 1853 776 πλῆ-

1068 786 1113 817 θος
1145 784 1287 821 ἁμαρτιῶν
1302 785 1352 820 τὴν
1366 784 1447 811 αὑτοῦ
1478 784 1682 820 φιλανθρωπίαν
1696 785 1774 820 muli;
1807 785 1856 812 καὶ

1067 831 1262 866 ἀπωθούμενος
1277 830 1306 856 δὲ
1323 830 1367 856 ἐπ’
1386 830 1480 865 ἁγαθῷ
1502 830 1574 857 τέλει
1589 830 1668 858 τοῦτο
1693 827 1772 862 ποιῶ,
1806 831 1856 858 καὶ.

1067 877 1256 911 ἀπεγνωκόσιν
1267 876 1317 912 ἤδη
1329 876 1408 903 τοῦτο
1423 876 1566 904 ἀποδώσω.
1593 876 1694 910 Πολὺς
1708 876 1736 903 δὲ
1765 876 1802 903 ὢν
1819 877 1855 903 ἐν

1066 922 1239 958 οὶκτιρμοῖς,
1271 922 1371 957 πολλὴν
1401 922 1466 957 ὑμῖν
1492 921 1572 948 δώσει
1595 921 1653 956 τὴν
1679 922 1799 956 ἄφεσιν.
1815 923 1854 950 Οὐ

1065 970 1120 1005 γὰρ
1142 968 1287 1004 ὑφίσταται
1313 977 1340 995 τι
1363 968 1449 999 πάθος
1478 967 1658 1003 ἀνθρώπινον.
1690 967 1851 1003 Ἀνθρωπος

1065 1015 1119 1050 γὰρ
1129 1014 1181 1041 κᾶν
1190 1008 1304 1049 ἀφιέναι
1312 1014 1386 1050 θέλῃ,
1403 1014 1446 1040 διὰ
1461 1013 1545 1048 θυμὸν
1571 1013 1627 1039 ἔσθ’
1647 1013 1692 1040 ὅτε
1720 1013 1854 1040 κωλύεται

1065 1061 1115 1095 τὴν
1133 1059 1183 1094 τῆς
1208 1059 1297 1094 λύπης
1321 1059 1466 1095 δεχόμενος
1496 1059 1615 1094 μνήμην.
1632 1058 1692 1085 Κᾶν
1719 1059 1806 1093 τέκνῳ
1827 1067 1853 1085 τι

1065 1106 1229 1142 χαρίσασθαι
1240 1106 1315 1142 θέλῃ,
1335 1105 1381 1132 τοῦ
1404 1105 1543 1140 διδομένου
1556 1104 1685 1137 πολλάκις
1698 1105 1715 1140 ἡ
1726 1105 1854 1140 στέρησις

1065 1151 1255 1187 ἀνακρούεται.
1273 1151 1350 1185 Ἐμοὶ
1363 1150 1392 1177 δὲ
1422 1149 1577 1186 βουλομένῳ
1607 1150 1716 1185 ἀφεῖναι
1729 1150 1776 1176 καὶ
1790 1148 1852 1176 δοῦ-

1066 1207 1109 1226 ναι
1122 1199 1151 1225 οὺ
1168 1198 1262 1234 μνήμη
1277 1198 1399 1226 παλαιῶν
1425 1198 1642 1234 ἁμαρτημάτων,
1671 1197 1701 1223 οὐ
1725 1197 1854 1232 στέρησις

1066 1244 1179 1280 ἐνοχλεῖ.
1194 1244 1247 1270 Καὶ
1264 1244 1343 1279 ὑμεῖς
1356 1245 1404 1278 μὲν
1427 1242 1648 1277 ,βουλευόμενοι
1662 1251 1700 1277 τι,
1720 1242 1851 1277 μἐταὸου-

1065 1288 1188 1316 λεύεσθε.
1213 1287 1285 1322 Ἐγὼ
1299 1288 1328 1315 δὲ
1343 1287 1558 1323 ἀμεταμέλητος.
1581 1286 1700 1322 Ἀπείρῳ
1714 1285 1769 1321 γὰρ
1777 1285 1854 1321 ὑμῶν

1065 1334 1183 1370 διαφορᾷ
1196 1334 1348 1369 διενήνοχα.
1363 1333 1443 1367 Δηλοῖ
1455 1332 1513 1359 δὲίἱ
1544 1331 1610 1367 παρ’
1625 1330 1693 1367 ἐμοῦ
1717 1329 1852 1366 χορηγού-

1067 1389 1147 1416 μενος
1162 1381 1226 1416 ὑμῖν
1251 1380 1350 1413 ὑετὸς,
1363 1380 1391 1406 ὃν
1404 1379 1491 1411 διδοὺς
1508 1379 1549 1410 εἰς
1573 1377 1731 1412 εὐκαρπίαν
1743 1378 1775 1413 τῇ
1804 1378 1853 1413 τῇ,

1065 1427 1116 1454 οὐκ
1148 1425 1355 1461 ἀνεκαίεσάμην
1384 1425 1461 1452 ποτέ.
1487 1424 1532 1457 Ἐξ
1552 1420 1583 1450 οῦ
1601 1423 1701 1459 μάθετε
1713 1423 1751 1455 ὡς
1766 1423 1854 1455 οὐδεὶς

1065 1473 1156 1507 λόγος
1182 1471 1247 1507 παρ’
1264 1470 1332 1506 ἐμοῦ
1352 1469 1444 1506 ῥηθεὶς
1457 1469 1533 1496 ἔσται
1552 1469 1640 1501 κενὸς,
1661 1468 1709 1495 ἐὰν
1724 1469 1855 1503 ἐπιστρα-

1029 1530 1051 1561 C
1067 1517 1163 1552 φέντες
1186 1516 1316 1552 αἰτήσητε
1338 1515 1392 1542 τῶν
1413 1513 1629 1561 ἡμαρτημένων
1652 1513 1710 1547 τὴν
1725 1512 1854 1561 ’ἄφεσιῖκ

1067 1564 1122 1590 Καὶ
1150 1563 1217 1599 πρὸς
1246 1562 1296 1594 τὰς
1315 1560 1425 1593 ἐντολὰς
1438 1560 1467 1587 δὲ
1485 1559 1532 1587 τοῦ
1562 1559 1654 1595 νόμου,
1670 1559 1761 1594 φησὶν,
1775 1559 1855 1594 ὑμᾶς

1064 1609 1215 1640 εὺοὸώσω,
1227 1607 1329 1639 διδοὺς
1340 1607 1416 1642 ἰσχὺν
1431 1605 1499 1642 πρὸς
1510 1605 1541 1632 τὸ
1556 1605 1700 1640 φυλάττειν
1708 1605 1798 1638 αὐτὸν,
1808 1606 1855 1632 καὶ

1064 1657 1114 1691 τὴν
1130 1656 1162 1682 ἐκ
1178 1655 1227 1690 τῆς
1242 1653 1432 1689 αἰχμαλωσίας
1448 1652 1577 1679 ἐπάνοδον
1607 1651 1724 1685 ἔνδοξον,
1735 1652 1786 1678 καὶ⁸
1803 1651 1857 1678 ὑπὸ

1071 1702 1165 1738 Κύρου
1197 1700 1311 1728 καὶτῶν
1340 1699 1446 1735 ἐχθρῶν
1475 1698 1714 1734 δορυφορουμένην
1739 1698 1853 1733 ποιήσω.

1071 1747 1115 1778 Ὠς
1143 1746 1196 1782 γὰρ
1212 1746 1243 1778 ἐξ
1258 1744 1407 1779 Αἰγύπτου,
1425 1744 1502 1778 φασὶ,
1530 1742 1691 1779 χωρούντων
1716 1741 1856 1778 ὑπεχώρει

1065 1791 1170 1822 τοῦτοις
1182 1792 1199 1826 ἡ
1213 1791 1343 1823 θάλαττα,
1363 1789 1489 1821 διαϐατὸς
1512 1788 1540 1815 δὲ
1556 1788 1603 1815 καὶ
1639 1788 1773 1823 Ἰορδάνης
1797 1787 1849 1822 ἐγέ-

1065 1845 1126 1863 νετο
1141 1844 1148 1852 ”
1170 1836 1257 1868 οὕτως
1288 1836 1434 1871 ἱστορεῖται
1461 1834 1530 1870 μετὰ
1554 1834 1604 1870 τὴν
1624 1833 1812 1870 αἰχμαλωσίαν
1839 1832 1854 1859 ὁ

1066 1882 1165 1918 Τίγρις
1180 1882 1242 1909 ποδὶ
1256 1881 1382 1916 γενέσθαι
1392 1881 1527 1912 διαϐατός.
1542 1881 1596 1907 Καὶ
1611 1880 1648 1912 ὡς
1664 1880 1693 1906 ὲν
1709 1879 1850 1914 ἀγαλλιὰ-

1066 1936 1112 1955 σει
1134 1927 1278 1963 κινηθῆναι
1301 1927 1338 1954 τὰ
1353 1927 1418 1961 ὅρη,
1432 1926 1480 1954 καὶ
1494 1925 1628 1961 τοσαύτην
1641 1926 1716 1961 σχεῖν
1736 1924 1852 1960 μεταϐο-

1065 1974 1114 2010 λὴν
1126 1973 1186 2001 ἀντὶ
1199 1974 1247 2008 τῆς
1261 1972 1467 2008 καταλαόούσης
1484 1973 1516 1999 ὲκ
1545 1972 1599 1998 τῶν
1624 1971 1762 2006 πολεμίων
1788 1971 1856 2006 ἐρη-

1068 2020 1143 2055 μίας,
1154 2019 1192 2051 ῶς
1205 2019 1253 2046 καὶ
1270 2018 1353 2050 ξένων
1366 2017 1572 2053 δένδρων,παρὰ
1586 2017 1621 2044 τὰ
1640 2017 1714 2048 ὅντα,
1733 2016 1854 2052 βλάστην

1066 2065 1200 2099 ἐκδοῦναι,
1220 2065 1271 2099 τῆς
1284 2064 1331 2091 τοῦ
1348 2064 1416 2091 Θεοῦ
1430 2064 1608 2099 δεικνυμένης
1635 2063 1664 2097 si
1694 2063 1786 2090 αὐτῶν
1808 2063 1855 2089 εὑ-

1069 2112 1188 2148 μενείας.
1214 2112 1263 2138 Ἐκ
1274 2111 1302 2138 δὲ
1312 2110 1366 2138 τῶν
1380 2111 1533 2146 εἰρημένων
1545 2109 1671 2146 ἐπίστηθι
1699 2109 1737 2141 ὡς
1749 2109 1854 2145 ἀμετά-

1067 2157 1144 2189 θετος
1157 2157 1176 2191 ἡ
1204 2156 1306 2191 ,βουλὴ
1329 2156 1382 2183 τοῦ
1397 2156 1471 2183 Θεοῦ
1483 2155 1520 2182 δι’
1535 2155 1652 2189 αἰῶνος,
1681 2155 1734 2182 κᾶν
1750 2154 1787 2190 μὴ
1809 2154 1856 2180 tri).

229 2199 360 2226 excitatos
375 2202 478 2226 tantam
490 2199 668 2227 mutationem
681 2207 730 2235 pro
749 2201 889 2235 superiore
908 2202 941 2229 ab
967 2203 1016 2230 ho-

1072 2204 1136 2239 μιᾶς
1147 2203 1164 2238 ἢ
1178 2202 1310 2229 πλειόνων
1321 2202 1422 2237 γενεῶν
1438 2201 1580 2238 πληρωθῇ.

227 2243 317 2271 stibus
332 2242 443 2270 inducta
453 2243 579 2272 vastitate
596 2244 727 2277 sensisse,
743 2249 772 2272 ut
787 2251 884 2280 prmter
897 2247 1015 2276 usitatas
1034 2249 1168 2281 arbores;
1185 2255 1317 2276 novarum
1327 2247 1409 2275 etiam
1425 2247 1541 2275 feturam
1565 2246 1614 2282 (ita
1647 2245 1703 2274 Deo
1737 2246 1856 2273 benevo-

230 2290 338 2317 lcntiam
355 2298 431 2317 suam
445 2291 575 2327 testante)
588 2291 732 2320 ediderint.
748 2292 841 2320 Discas
854 2302 919 2321 vero
933 2303 967 2322 ex
996 2296 1030 2324 iis
1050 2304 1110 2332 quae
1121 2296 1194 2323 dicta
1209 2299 1284 2329 sunt,
1321 2295 1370 2322 Dei
1395 2294 1538 2323 immotum
1571 2301 1633 2323 esse
1651 2297 1678 2322 cl.
1705 2298 1857 2329 perpetuum

229 2337 388 2368 consilium;
407 2338 583 2372 quantumvis
597 2345 662 2371 uno,
673 2339 830 2374 pluribusve
841 2341 949 2369 saeculis
965 2350 1018 2370 non
1038 2343 1193 2378 impleatur.

538 2392 615 2420 CAP.
636 2393 703 2421 LVI.

263 2437 441 2473 635-636
467 2436 549 2465 Vens.
567 2439 656 2466 1-H.
686 2439 748 2467 "(ec
781 2442 845 2468 dicit
869 2442 1018 2470 Dominus:

229 2483 366 2511 Custodile
384 2483 528 2518 judicium,
544 2488 569 2511 el
592 2484 672 2519 facile
684 2485 829 2519 justitiam.
849 2488 936 2515 Instat
949 2489 1019 2516 enim

228 2530 302 2557 salus
317 2538 385 2562 mea,
397 2534 426 2557 ut
440 2531 537 2564 veniat,
559 2536 583 2557 et
601 2531 782 2559 misericordia
798 2542 863 2566 mea,
878 2540 905 2560 ut
923 2535 1019 2562 revele-

231 2581 283 2603 tur.
303 2575 401 2603 Beatus
419 2576 468 2608 vir,
489 2577 534 2611 qui
556 2576 622 2611 facit
638 2577 703 2610 lucc,
723 2583 747 2605 et
766 2579 854 2611 homo,
870 2581 914 2615 qui
928 2582 1019 2609 retinet

228 2631 269 2655 ea,
286 2627 310 2649 et
325 2623 438 2650 custodit
450 2622 576 2656 Sabbatn,
594 2628 623 2650 ut
637 2632 688 2651 non
699 2625 820 2659 profanet
836 2634 876 2659 ea,
893 2632 916 2653 et
934 2633 1020 2655 servat

229 2677 324 2696 manus
338 2677 411 2702 suas,
433 2677 465 2696 ne
482 2669 566 2703 facint
584 2669 686 2705 iniqua,
703 2675 755 2698 etc.

264 2755 345 2790 637
366 2754 432 2784 Post
451 2756 614 2791 explicatam
631 2757 664 2784 de
681 2758 807 2793 gentibus
835 2761 1019 2795 prophetiam,

1340 2397 1464 2424 ΚΕΦΔΛ.
1485 2397 1555 2431 NCT.

1105 2443 1195 2472 σι’-ια’.
1212 2444 1284 2472 Τάδε
1299 2443 1381 2478 λέγει
1401 2444 1519 2478 Κύριος-ο
1538 2443 1738 2471 Φυλάσσεσθε
1745 2443 1859 2478 κρισιν,

1070 2489 1120 2516 καὶ
1133 2489 1280 2523 ποιήσατε
1300 2489 1508 2523 δικαιοσύνην.
1540 2489 1663 2524 Ἠττικε
1683 2491 1738 2523 γὰρ
1753 2489 1785 2515 τὸ
1800 2497 1860 2515 σω-

1071 2534 1175 2568 τήριόν
1189 2543 1248 2568 μου
1262 2533 1494 2568 παραγίνεσθαι,
1509 2533 1558 2560 καὶ
1571 2534 1603 2560 τὸ
1620 2533 1706 2566 ἔλεός
1715 2542 1776 2567 μου
1788 2533 1860 2560 ἀπο-

1071 2579 1273 2614 καλυφθῆναι.
1287 2578 1438 2614 Μακάριος
1451 2579 1528 2614 ἀνὴρ
1542 2581 1558 2606 d
1581 2578 1674 2606 ποιῶν
1689 2580 1793 2611 ταῦτα,
1811 2579 1860 2605 καὶ

1072 2625 1228 2659 ἅνθρωπος
1249 2627 1265 2653 ὁ
1278 2625 1479 2660 ἀντεχόμενος
1492 2624 1601 2655 αὐτῶν.
1628 2625 1678 2652 καὶ
1691 2624 1862 2660 φυλάσσων

1072 2670 1108 2698 τὰ
1134 2670 1269 2698 Σάϐϐατα
1281 2670 1322 2705 μὴ
1354 2670 1509 2704 βεϐηλοῦν
1525 2679 1531 2685 ·
1553 2669 1604 2697 καὶ
1635 2668 1782 2704 διατηρῶν
1808 2668 1862 2703 τὰς

1072 2716 1174 2751 χεῖρας
1188 2716 1292 2750 αὐτοῦ,
1316 2715 1359 2751 μὴ
1374 2716 1471 2743 ποιεῖν
1482 2716 1580 2749 ἄδικα,
1596 2725 1624 2744 κ.
1635 2724 1661 2744 τ.
1676 2715 1701 2744 λ.

1113 2762 1290 2798 Περιγράψας
1304 2764 1318 2789 ὁ
1328 2762 1408 2797 λόγος
1422 2762 1471 2798 τὴν
1488 2762 1552 2798 περὶ
1567 2762 1621 2789 τῶν
1644 2761 1730 2790 ἐθνῶν
1753 2769 1862 2798 προφη-

269 2832 291 2848 ⁵²
310 2831 343 2860 lll
359 2832 425 2870 Reg.
443 2842 471 2868 ι,
490 2835 501 2862 1
518 2843 614 2871 seqq.;
634 2835 692 2864 Act.
710 2837 737 2870 8,
751 2837 796 2865 ‘27.
836 2838 859 2854 ‘3
871 2838 957 2866 Exod.
973 2839 1016 2873 Η,

1067 2847 1142 2876 seqq.
1183 2838 1298 2868 “Iosue
1314 2847 1342 2873 ιι,
1361 2840 1372 2866 ι
1390 2847 1466 2875 seqq.
