1999 3076
153 133 225 166 2565

742 143 816 173 COM
823 141 1013 172 MENTARII
1029 142 1070 172 IN
1091 143 1234 175 ISAIAM.

1706 144 1777 177 2566

155 189 241 222 τείαν,
251 189 297 215 ἐπὶ
311 189 342 216 τὺ
357 190 412 218 τῶν
429 191 564 220 Ἰουδαίων
580 193 672 230 τάγμα
696 196 796 230 μετέϐη
811 195 866 221 τῶν
883 196 942 221 τότε

996 195 1029 223 ad
1044 194 1153 224 Judaans
1166 198 1221 231 jam
1246 197 1344 226 transit
1357 198 1462 231 oratio;
1490 200 1535 234 qui
1553 200 1690 235 propheta:
1706 205 1774 228 tem-

153 234 193 269 τῷ
217 235 344 271 προφήτῃ
371 238 515 272 συνόντων,
537 239 635 271 οἵτινες
657 240 786 275 ἐφρόνουν
798 240 841 267 ἐπ’
861 241 941 274 εὐγεσ

154 280 226 314 vela,
237 280 284 306 καὶ
294 280 333 313 τῷ
346 282 492 315 φυλάττειν
503 285 536 311 τὰ
549 284 687 317 Σάὸὃατα,
699 285 786 312 καὶτὸ
796 285 942 320 πολύγονον

152 325 296 357 εὐσεϐείας
318 327 443 362 ἐνόμιζον
462 330 556 365 γέρας,
574 330 611 362 ὠς
635 331 798 358 ἀναπίπτειν
819 331 942 358 ἐντεῦθεν

155 372 218 403 τοὺς
233 374 445 407 προσηλύτους
464 376 512 402 καὶ
526 375 597 409 τοὺς
614 377 782 412 εὐνούχους
793 385 800 392 ·
816 378 879 409 τοὺς
894 378 943 412 μὲν

152 415 192 447 ὡς
210 416 361 450 εὐγενείας,
376 419 440 450 τοὺς
455 419 482 445 δὲ
499 419 536 451 ὡς
550 419 652 447 παίδων
674 421 881 456 ἐστερημένους.
899 422 944 448 Διὸ

155 460 276 488 δείκνυσι
295 462 362 493 Θεὸς
384 463 413 488 ὲν
425 464 536 498 τρόποις
551 462 621 491 εῖναι
637 464 685 491 καὶ
706 467 767 496 ταῖς
785 465 897 502 ἀρετοῖς
913 465 943 491 τὸ

155 507 303 541 μακάριον,
331 507 361 533 ’0
387 508 442 543 γὰρ
468 508 650 544 ἐστερημένος
678 509 873 547 δικαιοσύνης
894 510 944 537 καὶ

155 552 294 585 κρίσεως,
309 553 359 579 κᾶν
374 561 400 579 τι
413 553 468 579 τῶν
483 554 636 590 εἰρημένων
647 555 707 590 ἔχῃ,
720 555 779 582 λίαν
794 556 867 582 ἐστὶν
880 556 943 582 ἀνό-

155 605 244 632 νητος.
266 597 348 624 Ὅθεν
364 599 431 633 φησί
443 607 450 614 ⁶
466 600 559 634 Πάσης
578 600 690 634 ἀκρίτου
706 601 847 627 παύσασθε
873 600 944 634 γνώ-

157 651 221 677 μης,
246 643 408 677 κεκριμένοι
434 644 557 680 λογισμῷ
589 645 727 679 μετιόντες
750 646 783 672 τὸ
807 646 942 673 δίκαιον·

156 688 250 722 ἤγουν,
268 689 308 715 Τὰ
320 689 388 724 ὀρθὰ
406 689 555 724 φυλάττετε
571 691 709 725 κρίματα,
725 691 741 727 ἢ
757 692 792 718 τὰ
811 691 870 718 Θεῖα
885 692 946 728 κρί-

158 742 240 767 ματα,
254 733 395 769 δηλονότι
411 736 461 767 τὰς
489 736 609 768 ἐντολάς.
627 738 674 763 Δεῖ
699 737 727 764 δὲ
749 738 796 764 καὶ
822 738 945 774 λογισμῷ

156 777 311 811 φυλάττειν,
327 778 373 804 καὶ
389 778 463 815 ἔργῳ
479 782 578 807 ποιεῖν.
591 781 636 807 Διό
663 790 730 816 φησι
741 789 749 797 ⁸
766 781 818 808 καὶ
835 782 945 809 ποιεῖτε

154 823 364 857 δικαιοσύνην,
389 825 485 860 μισθὸν
499 826 735 862 ἐπαγγειλάμενος
744 827 778 854 τὸ
797 827 946 862 σωτήριον

155 868 251 895 καὶτὸ
276 869 372 902 ἔλεος,
388 869 416 905 ἢ,
439 872 511 897 κατὰ
535 871 599 903 τοὺς
621 872 744 904 λοιποὺς,
759 873 809 908 τὴν
833 873 944 900 δικαιο-
959 862 982 891 Β

155 914 266 947 σύν-ην.
284 914 362 946 Τινὲς
377 915 404 942 δέ
428 925 522 950 φασιν
540 917 599 943 Ἵνα
617 917 654 953 μὴ
669 919 818 952 νομίσωσιν
831 920 876 945 ἐπὶ
894 919 944 956 τὴν

155 960 203 986 τοῦ
222 961 304 995 νόμου
319 962 434 996 τήρησιν
454 962 503 996 τὴν
522 963 550 988 ὲν
569 965 658 993 σκιαῖς
674 964 720 990 καὶ
736 964 832 996 τύποις
852 973 943 1000 παρα-

155 1006 308 1038 καλεῖσθαι,
327 1007 418 1042 ἐγγὺς
431 1005 518 1040 εἶναι,
535 1009 613 1043 φησι,
627 1009 661 1035 τὸ
672 1009 831 1044 σωτήριον,
845 1011 894 1037 καὶ
910 1010 944 1037 τὸ

155 1049 252 1083 ἕλεος,
267 1051 341 1078 τοῦτ’
357 1052 415 1079 ἐστι
435 1054 563 1089 Χριστόν,
587 1055 716 1090 Ἐλεήσας
731 1057 786 1091 γὰρ
797 1057 882 1092 ἡμᾶς,
899 1057 945 1083 διὰ

154 1095 204 1130 τῆς
227 1096 351 1130 ἀφέσεως
365 1098 476 1126 ἔσωσεν.
493 1099 572 1126 Οὕτω
589 1101 636 1126 καὶ
657 1101 818 1136 Ἀμΰακούμ
830 1109 838 1117 ·
856 1111 865 1127 ‹
881 1103 944 1129 Ἔτι.

156 1142 265 1177 μικρὸν,
275 1143 321 1169 καὶ
333 1144 348 1170 ὁ
360 1144 505 1180 ἐρχόμενος
519 1145 589 1180 ἣξει,
605 1147 652 1172 καὶ
663 1147 692 1173 οὺ
708 1148 819 1181 χρονιεῖ.
833 1157 842 1174 ι
864 1148 945 1175 Ἀπο-

155 1188 346 1223 κωῖυερθῆναι
375 1190 403 1216 δέ
423 1199 524 1225 φησιν,
542 1192 638 1226 ἐπειδὴ
663 1192 814 1228 πρμῠλεγον
840 1193 890 1228 μὲν
919 1195 943 1220 οἱ

155 1233 295 1267 προῳῆται
321 1234 384 1268 περὶ
408 1234 504 1267 αὑτοῦ,
522 1235 550 1261 ὲν
573 1236 648 1267 ἰδίοις
675 1236 704 1263 δὲ
720 1239 828 1272 καιροῖς
848 1238 945 1271 ἐφανε-

156 1276 241 1313 ρώθη.
258 1278 342 1305 Τοῦτο
357 1280 404 1306 καὶ
413 1280 495 1306 Δαόὶδ
516 1281 608 1315 ἔλεγεν
621 1289 629 1297 ο
648 1291 657 1307 ι
675 1281 822 1317 Ἐγνώρισε
841 1283 944 1319 Κύριος

155 1324 186 1349 τὸ
202 1324 335 1360 σωτήριον
350 1324 432 1351 αὐτοῦ
451 1326 573 1353 ἐναντίον
591 1328 646 1353 τῶν
661 1327 758 1355 ἐθνῶν,
772 1329 942 1364 ’Λπεκὰλυψε

156 1368 204 1404 τὴν
215 1369 386 1405 δικαιοσύνην
401 1370 494 1398 αὐτοῦ.
508 1381 517 1397 ι
539 1372 600 1399 Ἐπὶ
613 1373 753 1406 τοιαύταις
767 1372 813 1401 οὖν
833 1374 943 1402 ἐλπίσιν

155 1415 288 1449 ἐπιλέγει,
299 1417 450 1452 Μακάριος
461 1418 539 1452 ἀνὴρ
554 1420 570 1446 ό
584 1419 679 1446 ποιῶν
691 1414 795 1448 τάῦτα.
807 1420 867 1455 Τὴν
880 1422 942 1456 κρι-

155 1468 207 1487 σιν
219 1460 292 1494 λέγει
308 1462 357 1488 καὶ
373 1462 430 1496 τὴν
442 1463 651 1498 δικαιοσύνην,
674 1465 733 1492 ἀλλ’
747 1467 796 1501 οὐχ
811 1467 825 1493 ὁ
847 1475 944 1501 προτε-

157 1508 190 1542 pi}
196 1517 261 1542 μασι
273 1509 422 1543 κομπάζων
436 1513 588 1546 σωματικοῖ
596 1522 612 1545 ’,
624 1513 750 1549 εὐγενείᾳ.
761 1523 790 1540 τε
802 1514 849 1541 καὶ
859 1515 942 1541 πολυ-

156 1554 261 1590 παιδίᾳ.
276 1555 384 1590 Συνῳδὰ
407 1555 512 1590 τούτοις
535 1557 629 1593 ἔλεγεν
657 1559 783 1596 Ἰωάννης
807 1561 821 1588 ὁ
841 1562 943 1589 Βαπτι·

157 1601 239 1636 στής·
259 1609 270 1627 t'
287 1602 425 1638 Ποιήσατε
448 1603 496 1631 οὖν
522 1607 646 1641 καρποὺς
672 1607 763 1639 ἀξίους
786 1608 835 1643 τῆς
861 1617 944 1643 μετα-

156 1649 240 1680 νοίας,
258 1649 304 1675 καὶ
331 1649 369 1684 μὴ
391 1648 486 1685 δόξητε
512 1651 615 1685 λέγειν,
638 1652 748 1688 Πατέρα
774 1653 873 1688 ἔχομεν
899 1654 944 1681 τὸν

162 1693 298 1728 Ἀϐραάμ.
317 1703 328 1720 ι
358 1694 474 1729 Ὁμοίως
496 1697 542 1722 καὶ
560 1696 575 1722 ὁ
600 1697 705 1732 Σωτῆρι
726 1707 736 1723 ι
750 1699 781 1725 Εἰ
795 1699 878 1726 τέκνα
895 1699 943 1727 τοῦ

163 1739 287 1775 Ἀϐραὰμ
298 1737 359 1776 ἦτε,
370 1741 404 1767 τὰ
420 1741 487 1776 ἔργα
502 1742 549 1769 τοῦ
565 1742 691 1779 Ἀϐραὰμ
703 1745 819 1772 ὲποιείτε
832 1746 875 1773 ἄν.
891 1755 901 1772 ι

190 1827 236 1852 Δεῖ
249 1826 277 1852 δὲ
293 1827 361 1862 πρὸς
376 1826 416 1860 τῷ
435 1829 601 1862 φυλάττειν
616 1829 778 1868 [Σάϐϐα-τιή,
794 1833 843 1860 καὶ
874 1833 944 1861 ἀντ-

157 1870 279 1906 έχεσθαι
293 1872 346 1906 τῆς
368 1873 572 1908 δικαιοσύνης,
596 1877 644 1903 καὶ
670 1878 806 1912 κρίσεως,
832 1881 880 1907 καὶ
906 1881 943 1917 μὴ

158 1918 308 1954 παρέργως
324 1918 368 1945 ἐπ’
381 1920 451 1946 αὐτὰ
465 1922 573 1956 χωρεῖν.
590 1922 668 1950 Μετὰ
690 1923 791 1951 τούτων
815 1926 872 1962 γὰρ
896 1928 943 1954 καὶ

157 1964 177 1997 ἡ
189 1963 312 1998 φυλακὴ
328 1964 388 1991 τῶν
399 1965 557 1993 Σαϐϐάτων
572 1968 715 2002 ἐπαινετὴ,
730 1970 791 2004 ἥτις
806 1971 879 1999 ἐστὶν
894 1974 943 2009 οὐχ

157 2009 251 2040 ἁπλῶς
264 2010 293 2036 ἐν
308 2010 402 2046 ἀργίᾳ,
418 2011 476 2038 ἀλλ’
489 2013 518 2039 ὲν
535 2013 575 2047 τῷ
587 2014 642 2046 τὰς
659 2015 770 2050 χεῖρας,
791 2017 864 2044 τοῦτ’
885 2019 942 2046 ἐστι

154 2056 204 2086 τὰς
219 2055 333 2090 πράξεις
347 2057 469 2091 καθαρὰς
484 2058 591 2086 ἀτόπων
619 2059 709 2095 ἔργων
731 2064 838 2098 τηρεῖν.
863 2064 942 2092 Οὕτω

154 2101 209 2136 γὰρ
224 2102 264 2127 δεῖ
281 2102 513 2136 Σαϐϐατίζοντας
527 2104 623 2138 Θυσίας
646 2108 794 2142 προσάγειν
821 2118 942 2145 πνευμα-

154 2147 243 2178 τικάς.
261 2145 328 2173 Εἶτα
346 2149 551 2184 παραμυθεῖται
569 2151 640 2184 τοὺς
659 2155 874 2190 προσηλύτους
891 2157 941 2185 καὶ

993 239 1107 273 porihus
1123 241 1258 272 viventes,
1280 242 1388 277 generis
1419 243 1561 271 nobilitate
1588 244 1776 279 superbibzmt,

994 283 1133 319 prolisque
1147 284 1340 312 fecunditatem
1363 286 1472 320 pietatis
1487 294 1547 315 esse
1561 288 1702 322 prtemium
1718 289 1775 316 exi.

993 329 1161 356 stimabant:
1177 330 1249 358 unde
1264 331 1310 365 qui
1330 331 1482 367 alienigene
1504 333 1666 368 annuo/iique
1689 339 1776 367 erant,

993 373 1093 401 animis
1107 374 1289 402 concidebant
1306 383 1312 400 :
1330 374 1357 402 hi
1373 375 1501 410 quidem,
1520 381 1649 410 tanquam
1671 377 1778 412 ignobi-

993 418 1050 452 les;
1069 420 1107 446 illi
1126 424 1228 451 autem.
1248 425 1278 448 ut
1302 421 1451 452 infecundi.
1475 422 1624 458 liberisque
1639 429 1774 452 carentes.

993 463 1053 496 Quo
1068 463 1108 497 ﬁt,
1126 468 1156 491 ut
1182 465 1208 491 in
1234 465 1356 493 moribus
1382 466 1459 500 ipsis,
1483 470 1510 493 et
1527 467 1687 500 virtutibus,
1715 476 1777 496 esse

994 509 1153 537 beatitatem
1170 511 1337 538 demonstret
1347 511 1427 539 Deus.
1437 512 1529 547 Neque
1542 514 1613 540 enim
1627 514 1776 550 quidquam

994 556 1152 589 profecerit,
1173 557 1219 591 qui
1245 557 1374 591 prmdicta
1397 558 1505 592 habeat,
1529 559 1551 586 si
1570 559 1679 594 justitia
1694 564 1718 587 et
1730 561 1779 594 ju-

994 601 1065 628 dicio
1084 607 1188 631 careat.
1218 602 1320 631 Omnes
1345 612 1394 632 vos
1423 605 1516 640 igitur,
1546 606 1645 641 inquit,
1673 607 1778 642 abjecta

995 646 1095 673 mentis
1107 646 1304 679 inconstantia,
1320 647 1522 682 certojudicio,
1538 650 1721 684 quodjustunt
1735 655 1778 678 est

995 692 1117 726 quaerite.
1130 691 1278 724 Nimirum,
1292 698 1364 720 recta
1378 695 1503 729 judicia:
1518 700 1561 722 aut
1578 697 1659 723 etiam
1673 697 1777 730 divina;

995 737 1022 764 id
1043 742 1085 765 est
1109 738 1156 765 Dei
1181 743 1314 774 praecepta
1339 740 1476 767 custodite.
1502 740 1585 768 Decet
1603 749 1667 769 vero
1683 742 1728 769 illa
1751 746 1780 770 et

995 783 1086 810 animo
1100 783 1250 814 custodire.
1265 788 1291 810 et
1312 792 1406 820 reapse
1432 790 1562 820 praestare
1587 796 1594 814 :
1622 795 1676 821 quo
1692 787 1731 818 fit.
1749 792 1779 815 ut

993 828 1130 862 justitiam
1153 829 1238 863 facere
1257 829 1367 864 jubeus.
1386 830 1499 857 salutem
1513 835 1537 858 et
1553 832 1777 866 misericordiam,

997 879 1044 900 aut
1071 873 1220 900 secundum
1246 874 1378 909 reliquos,
1397 876 1554 910 justitiam,
1583 876 1610 903 in
1637 878 1776 912 prmmium

996 920 1167 954 polliceatur.
1189 919 1289 947 Putant
1307 922 1441 954 nonnulli,
1459 930 1492 949 ne
1516 922 1640 950 videatur
1654 923 1688 950 ad
1711 923 1778 959 legis

997 965 1143 998 umbram,
1174 970 1356 1002 typorumque
1384 967 1601 996 observationem
1627 969 1777 1003 adhortari,

997 1012 1109 1039 salutem
1133 1017 1158 1040 et
1175 1013 1395 1047 misericordiam,
1423 1014 1449 1041 id
1466 1019 1508 1042 est
1528 1014 1679 1048 Christum,
1700 1023 1779 1050 prope

996 1065 1052 1085 esse
1073 1058 1247 1093 signiﬁcare;
1266 1059 1346 1094 cujus
1368 1059 1544 1087 miseratione
1557 1067 1605 1095 per
1635 1062 1777 1089 remissio~

997 1110 1059 1130 nem
1081 1104 1182 1131 servati
1197 1111 1304 1132 sumus.
1319 1105 1396 1138 Quod
1420 1105 1564 1133 conﬁrmat
1584 1112 1610 1134 et
1638 1106 1778 1136 Habacum

997 1148 1040 1175 his
1059 1149 1149 1176 verbis
1166 1157 1173 1176 :
1192 1158 1202 1175 ι
1219 1150 1315 1177 Adhuc
1331 1151 1480 1184 modicum,
1498 1156 1526 1179 et
1546 1151 1592 1187 qui
1614 1153 1697 1186 venit,
1716 1153 1780 1181 ade-

997 1192 1046 1224 rit,
1061 1199 1149 1227 neque
1163 1193 1281 1220 tardabit
1299 1193 1331 1220 δπ.
1353 1203 1362 1220 ι
1381 1194 1444 1221 Ideo
1461 1199 1550 1223 autem
1572 1196 1712 1224 revelatum
1723 1205 1779 1225 esse

996 1237 1078 1271 dixit,
1096 1238 1169 1273 quod
1182 1247 1241 1274 quae
1255 1239 1288 1266 de
1305 1247 1338 1267 eo
1355 1240 1492 1275 prophetae
1508 1241 1700 1276 prmdixerant,
1720 1244 1779 1271 suis

997 1284 1167 1318 temporibus
1182 1284 1209 1312 in
1224 1284 1312 1312 lucem
1329 1285 1501 1320 prodierint,
1515 1287 1595 1322 juxta
1615 1288 1682 1316 illud
1699 1287 1780 1316 Davi-

997 1326 1062 1355 dis:
1085 1337 1094 1354 ι
1117 1327 1216 1355 Νοιιιιη
1245 1328 1309 1356 fecit
1335 1328 1468 1357 Dominus
1493 1331 1614 1358 salutare
1642 1340 1734 1360 suum.
1750 1331 1778 1359 In

997 1379 1145 1409 conspectu
1161 1375 1280 1410 gentium
1295 1375 1422 1403 revelavit
1435 1376 1568 1411 justitiam
1580 1377 1640 1412 ejus
1659 1377 1693 1405 “.
1712 1387 1722 1404 ι
1741 1377 1779 1406 Ea

997 1427 1044 1454 spe
1060 1420 1142 1454 igitur
1155 1420 1293 1448 concludit
1308 1421 1418 1448 Beatum
1433 1430 1490 1450 esse
1503 1423 1588 1450 virum
1609 1424 1654 1459 qui
1666 1424 1719 1451 ista
1736 1425 1779 1460 fa-

995 1465 1070 1497 ciat,
1082 1464 1216 1500 judicium
1231 1465 1361 1493 nimirum
1379 1471 1404 1493 et
1413 1466 1548 1499 iustitiam
1560 1475 1570 1495 :
1585 1476 1638 1496 non
1655 1469 1701 1504 qui
1717 1477 1780 1496 cor-

997 1510 1072 1545 poris
1087 1510 1287 1545 prazrogativis,
1305 1511 1448 1539 nobilitate
1461 1512 1577 1546 scilicet,
1592 1519 1618 1540 et
1639 1514 1714 1549 prole
1730 1523 1777 1542 su~

996 1556 1110 1593 perbiat.
1123 1556 1227 1591 Quibus
1246 1561 1273 1586 et
1294 1556 1338 1586 illa
1354 1559 1542 1592 consentiunt,
1562 1567 1623 1595 qua:
1645 1567 1659 1586 a
1674 1559 1779 1589 Joanne

995 1602 1078 1638 638
1095 1601 1218 1636 Baptista
1242 1602 1268 1629 in
1284 1603 1357 1630 hunc
1374 1604 1484 1630 modum
1501 1610 1630 1640 usurpata
1643 1606 1777 1641 legimus:

998 1659 1007 1674 ι
1026 1649 1119 1676 Facite
1143 1657 1209 1684 ergo
1234 1649 1340 1678 fructus
1357 1650 1455 1686 dignos
1480 1652 1665 1687 poenitentiae,
1690 1661 1779 1689 neque

994 1695 1141 1722 videamini
1157 1696 1249 1723 dicere
1264 1705 1270 1724 :
1289 1696 1397 1725 Patrem
1413 1698 1546 1726 habemus
1561 1699 1700 1727 Abraham
1712 1700 1745 1727 ".
1765 1710 1775 1727 ι

994 1740 1028 1766 Et
1044 1740 1090 1767 illa
1105 1740 1197 1773 etiam,
1213 1748 1273 1776 quae
1288 1749 1303 1768 a
1315 1741 1456 1771 Salvatore
1472 1753 1479 1771 :
1502 1753 1511 1769 I
1532 1743 1562 1771 Si
1575 1744 1624 1772 ﬁlii
1639 1744 1776 1774 Abraham

994 1786 1100 1818 essetis,
1118 1793 1201 1821 opera
1214 1787 1330 1815 Abraha:
1345 1787 1472 1816 faceretis
1485 1789 1519 1817 ⁸⁸.
1535 1799 1545 1816 ι

1029 1830 1104 1866 Opus
1124 1834 1167 1858 est
1195 1839 1258 1859 vero
1280 1832 1316 1859 'ad
1350 1831 1529 1861 Sabbatorum
1557 1835 1776 1870 observationem,

989 1875 1127 1910 justitiam
1140 1877 1208 1904 tueri
1227 1881 1252 1904 et
1267 1877 1421 1912 judicium;
1436 1887 1489 1906 non
1508 1879 1615 1915 frigide,
1636 1890 1688 1909 non
1706 1883 1778 1910 osci-

994 1925 1083 1948 tanter
1097 1922 1130 1949 ad
1144 1930 1238 1949 eorum
1250 1924 1468 1951 observationem
1486 1926 1625 1953 accedere.
1641 1926 1688 1954 Est
1702 1929 1775 1955 enim

993 1975 1055 1995 cum
1082 1968 1143 1995 istis
1169 1968 1305 1995 laudanda
1333 1968 1512 1997 Sabbatorum
1535 1971 1698 2005 observatio;
1721 1981 1775 2001 non

994 2014 1038 2042 illa
1054 2014 1128 2041 iners
1152 2014 1250 2049 plane;
1273 2015 1321 2043 scd
1338 2023 1398 2051 qua)
1413 2025 1519 2050 manus,
1542 2017 1567 2044 id
1582 2022 1624 2045 est
1641 2020 1776 2052 actiones,

993 2061 1028 2088 ab
1042 2061 1199 2096 impnritate
1218 2062 1321 2089 alienas
1336 2067 1489 2091 conservet.
1507 2063 1544 2090 lla
1560 2064 1633 2092 enim
1653 2073 1713 2097 cos,
1729 2067 1774 2102 qui

993 2106 1112 2134 Sabbata
1123 2106 1273 2141 observant,
1288 2108 1446 2143 spirituales
1460 2109 1564 2138 hostias
1575 2110 1652 2138 decet
1665 2112 1774 2140 oﬁ‘erre.

993 2152 1159 2188 Alienigenas
1175 2153 1274 2181 deinde
1283 2159 1307 2181 et
1316 2154 1445 2182 eunuchos
1460 2156 1629 2190 consolatur,
1645 2162 1774 2192 tanquam

154 2192 226 2224 τοὺς
236 2193 414 2228 εὐνούχους,
434 2194 472 2227 ὠς
487 2196 594 2229 οὐδενὸς
607 2198 662 2225 τῶν
684 2199 813 2234 μεγάλων
826 2203 940 2239 ἐστερη-

993 2199 1060 2227 levis
1074 2199 1182 2235 jactura
1201 2201 1247 2232 sit,
1268 2201 1291 2227 si
1301 2201 1442 2236 sanguinis
1461 2203 1621 2237 nobilitate,
1636 2204 1776 2240 prolisque

156 2238 254 2272 μένους
270 2241 430 2276 σωματικῆς
447 2241 588 2275 εὐγενείας
605 2244 652 2270 καὶ
672 2242 776 2273 παίδων
788 2247 880 2282 γονῆς.
891 2238 939 2275 7οὺ

153 2285 209 2319 γὰρ
225 2285 365 2319 ἐμποδίσει
388 2285 475 2313 ταῦτα
499 2288 554 2315 τῶν
578 2288 658 2316 θείων
672 2292 765 2326 τυχεῖν
780 2293 900 2326 ἀγαθῶν,
916 2295 940 2321 ει

154 2328 224 2363 ζῷεν
235 2328 379 2362 θεοσεϐῶς,
395 2330 433 2366 τῷ
447 2330 672 2368 δικαιοπραγεῖν
685 2335 723 2367 ὡς
741 2336 782 2362 δεῖ
798 2339 940 2365 Σαϐϐατι-

153 2374 263 2420 torreo.
277 2375 314 2402 Οὐ
326 2376 380 2411 γὰρ
392 2376 458 2411 ψιλὰ
473 2377 543 2405 θέλει
557 2380 592 2407 τὰ
604 2380 740 2408 Σάϐϐατα
755 2384 769 2409 ὁ
783 2384 843 2410 κατ’
854 2384 942 2420 ἀρχὰς

153 2418 238 2445 εἰπὼν
262 2420 309 2446 τοῦ
328 2420 446 2455 βιϐλίου·
465 2430 474 2447 ι
490 2423 545 2454 Τὰς
557 2425 705 2459 νουμηνίας
724 2426 811 2462 ὑμῶν,
835 2418 940 2457 και-τὰ

152 2464 291 2496 Σάϐϐατα,
307 2467 354 2492 καὶ
368 2466 476 2502 ἡμέραν
492 2469 613 2503 μεγάλην
625 2471 675 2497 οὐκ
688 2472 829 2507 ἀνέχομαι·
852 2483 862 2500 ι
880 2475 938 2502 ἀλλ’

151 2510 176 2536 ει
191 2510 238 2536 καὶ
253 2510 306 2537 ἔδει
318 2511 378 2538 τότε
398 2515 562 2547 σωματικῶς
577 2516 728 2551 τηρεῖσθαι,
743 2518 786 2545 διὰ
802 2519 851 2555 τὴν
865 2529 936 2557 παρ-

151 2555 281 2589 αγγελίαν
297 2556 344 2583 τοῦ
365 2557 448 2592 νόμου
474 2559 506 2586 τὸ
525 2560 695 2595 trifida-cor,
716 2564 792 2598 μετὰ
810 2555 937 2600 κρίσεώς

151 2601 200 2627 καὶ
212 2600 406 2636 δικαιοσύνης
416 2601 456 2638 ἦν
465 2606 619 2638 τηρητέον.
630 2608 687 2634 Οὐκ
699 2609 752 2644 ἄρα
763 2611 936 2647 παραὸλάψει

149 2647 204 2674 τὸν
219 2647 370 2682 ἀλλογενῆ
391 2649 422 2675 τὸ
443 2650 519 2678 νόθον
534 2653 580 2679 τοῦ
606 2654 710 2688 γένους.
733 2656 870 2692 Ἀρὲσκων
880 2659 935 2694 γὰρ

150 2693 244 2728 Κυρίῳ
258 2694 299 2725 εἰς
313 2693 388 2725 ἔθνος
413 2694 491 2729 ἅγιον
509 2697 556 2724 καὶ
578 2699 608 2725 ἐν
629 2701 736 2733 τέκνοις
760 2702 862 2730 τελέσει
886 2693 932 2732 rei“:

185 2793 208 2833 τυ
225 2793 326 2833 llabac.
339 2804 369 2830 ιι,
383 2797 415 2831 5;
433 2798 516 2827 Ilebr.
536 2809 562 2833 ιι,
577 2801 621 2828 57.

149 2828 170 2844 ’θ
186 2828 238 2856 lsa.
253 2838 273 2864 ι,
291 2831 334 2858 12.

677 2801 699 2818 “
715 2802 788 2830 Psal.
803 2811 884 2838 xcvu,
905 2806 932 2836 εὶ,
953 2808 980 2835 5.

992 2245 1160 2273 fecunditate
1175 2246 1360 2274 destituantur
1374 2255 1381 2273 :
1394 2255 1456 2274 cum
1471 2249 1625 2276 divinorum
1639 2251 1774 2278 honorum

992 2293 1192 2328 perceptionem
1207 2293 1272 2321 talia
1282 2301 1336 2321 non
1352 2294 1585 2331 impediant;qua
1604 2300 1709 2324 tantum
1727 2306 1775 2333 po-

992 2339 1300 2374 lientur,quijustitiam
1311 2339 1399 2367 colunt
1410 2341 1569 2375 etpictatem
1584 2350 1592 2375 ;
1603 2341 1630 2369 in
1644 2351 1698 2377 quo
1710 2351 1774 2371 vera

993 2383 1170 2412 Sabbatorum
1189 2387 1278 2421 posita
1299 2386 1336 2414 sit
1358 2387 1517 2415 observatio.
1533 2387 1591 2416 Non
1614 2390 1686 2417 enim
1701 2392 1774 2418 nuda

991 2431 1116 2466 exposcit
1139 2431 1269 2465 Sabbata,
1284 2433 1330 2468 qui
1348 2441 1377 2460 se
1402 2434 1463 2462 libri
1482 2434 1564 2469 hujus
1585 2435 1664 2463 initio
1675 2437 1708 2469 δ’,
1727 2445 1774 2465 eo-

990 2483 1050 2503 rum
1065 2477 1214 2510 Kalcndas,
1231 2483 1258 2505 et
1277 2478 1407 2512 Sabbata,
1419 2480 1545 2515 diemque
1562 2489 1688 2516 magnum
1703 2482 1774 2511 ferre

990 2530 1044 2550 non
1070 2530 1151 2557 posse
1176 2524 1317 2558 professus
1327 2528 1378 2552 est.
1404 2525 1460 2553 lmo
1476 2534 1550 2559 vero,
1569 2527 1652 2554 etiam
1669 2527 1697 2556 'si
1715 2532 1773 2556 tum

988 2569 1167 2602 corporaliter
1182 2570 1323 2597 observari
1338 2570 1484 2599 Sabbatum
1501 2579 1533 2599 ex
1554 2573 1622 2608 legis
1639 2579 1774 2609 praecepto

990 2618 1141 2649 oporteret,
1161 2623 1220 2642 cum
1244 2615 1348 2650 judicio
1378 2620 1469 2644 tamen
1500 2622 1526 2644 et
1551 2619 1661 2653 justitia
1689 2620 1772 2647 etiam

989 2659 1078 2694 fuerat
1100 2660 1313 2688 custodiendum.
1334 2661 1393 2689 Non
1418 2663 1501 2697 igitur
1517 2664 1693 2699 alienigenam
1713 2666 1771 2700 ipsa

988 2705 1095 2741 generis
1106 2705 1224 2734 oﬁ'endet
1238 2707 1366 2735 varietas.
1384 2708 1456 2741 Quin
1472 2708 1644 2743 potiusinter
1654 2710 1770 2738 Abralue

1029 2809 1050 2824 "
1071 2809 1165 2836 Matth.
1184 2817 1225 2843 ιιι,
1246 2809 1280 2842 8;
1298 2808 1366 2837 Luc.
1386 2817 1424 2842 ιιι,
1443 2810 1476 2843 8;
1513 2810 1536 2826 "’
1553 2810 1632 2839 Joan.
1647 2820 1704 2843 vui.
1723 2813 1766 2840 59.
