1999 3076
207 128 279 161 2567

866 126 1042 158 PROCOPII
1061 126 1083 155 G
1090 126 1183 156 ΛΖΕΙ

1783 120 1853 158 2568

209 185 282 212 tilios
305 184 379 212 etin
414 188 523 219 gentem
550 188 690 217 sanetam.
723 185 745 212 si
767 184 827 212 .Deo
857 184 1002 218 placuerit,

1067 182 1203 218 Ἁϐραάμ.
1235 191 1243 207 ι
1272 182 1309 208 Οὐ
1335 181 1390 218 γὰρ
1416 181 1515 213 πάντες
1538 182 1562 208 ul
1643 180 1853 218 Ἰσραὴλ,ο”ὗτοι

209 229 271 264 ipse
285 228 456 257 censebitur.
469 237 479 254 ι
498 227 592 264 Neque
605 229 678 255 enim
691 235 787 256 omnes
799 228 845 263 qui
857 227 891 255 de
902 228 1006 255 lsracle

209 275 288 306 sunt,
301 273 319 300 ii
332 277 396 301 sunt
409 272 554 306 lsraelitaa,
571 273 609 300 ait
625 272 748 306 Paulus;
761 280 850 307 neque
863 274 927 307 quia
941 275 1006 299 sunt

210 326 303 347 semen
317 318 445 352 Abrahze,
460 327 576 355 prorsus
591 323 618 347 et
640 318 688 346 lilii
705 327 712 346 :
728 318 774 345 sed
797 318 843 352 qui
871 322 937 344 sunt
958 316 1004 344 lilii

210 366 402 402 promissionis
414 386 422 399 ,
451 366 477 393 in
507 373 601 394 semen
626 369 791 401 reputantur
804 365 839 391 ⁸ο.
855 373 865 390 ι
886 363 945 392 Νοιι
964 368 1006 391 est

210 414 311 441 deinde
329 414 488 442 Abraliamo
512 413 584 442 facta
607 414 754 449 promissio
775 413 803 441 in
824 420 920 441 eorum
944 420 1006 448 gra-

210 461 276 488 tiam
294 465 413 494 tantum,
439 462 486 497 qui
514 469 595 489 suum
613 465 708 490 essent
727 462 760 489 ab
792 469 824 489 eo
846 468 933 496 genus
950 459 1005 487 ori-

209 506 355 541 ginemque
369 506 513 534 deducturi
527 515 535 541 ;
562 508 609 534 sed
623 513 718 534 eorum
731 513 815 545 causa
840 505 934 537 etiam,
956 504 1003 540 qui

210 549 291 578 ﬁdem
304 551 554 586 amplecterentur;
571 552 635 586 quia
645 555 686 578 est
702 556 729 579 et
748 552 808 586 ipse
830 550 938 578 ratione
957 550 1005 584 ju-

209 603 269 626 ειυς
285 598 412 626 etIectus.
438 598 496 625 lmo
519 605 553 625 ne
567 598 686 625 eunucho
707 598 827 632 quidem,
848 597 929 624 modo
943 597 1004 632 pius

208 643 334 678 exsistat,
353 644 414 679 ipsa
426 644 552 671 nocuerit
570 643 721 675 sterilitas.
746 641 934 678 quamtumvis
949 649 1004 669 nuo

208 697 315 717 merosa
341 690 433 725 proles
460 689 618 725 postulante
647 692 772 724 tempore
802 687 1004 716 benedictionis

208 736 270 763 loco
294 736 386 763 habita
408 737 455 764 sit.
478 736 627 764 Pollicetur
642 743 708 771 ergo
724 735 819 763 seillis
831 742 880 769 pro
902 734 1004 762 libero-

208 789 269 809 rum
282 781 466 812 multitudiue.
486 783 514 809 in
533 790 582 809 sua
601 781 680 809 domo
694 781 801 813 suisque
817 779 944 807 mwuibus
963 779 1002 806 lo-

208 836 267 857 cum
282 829 408 856 celebrem
426 828 510 864 639
536 836 593 856 esse
612 828 763 860 daturum;
788 830 836 853 aut
849 827 1001 854 secundum

1063 227 1200 264 Ἰσραὴλ,ι
1212 228 1250 260 ὡς
1263 229 1276 255 ὁ
1287 227 1393 260 Παῦλός
1406 236 1500 264 φησιν.
1513 229 1574 256 Οὐδ’
1585 230 1625 256 ὅτι
1640 230 1664 256 εί
1676 227 1702 256 εἴ
1712 229 1726 249 ³³
1743 230 1854 265 σπέρμα

1063 273 1202 310 Ἀϐραὰμ,
1216 274 1326 304 ’πάιντωε⁴
1344 275 1392 301 καὶ
1415 275 1510 303 τέκνα.
1527 285 1537 301 ›
1556 275 1638 302 Ἀλλὰ
1653 276 1686 302 τὰ
1706 275 1789 302 τέκνα
1803 275 1853 309 τῆς

1056 321 1226 356 ἐπαγγελίας
1239 321 1377 355 λογίζεται
1405 321 1446 354 είς
1462 321 1584 356 σπέρμα,
1599 321 1646 347 καὶ
1665 322 1681 357 ή
1702 320 1854 354 ἐπαγγελία

1055 368 1084 395 δὲ
1097 368 1137 404 τῷ
1151 367 1279 403 Ἀϐραὰμ
1293 368 1344 394 οὐκ
1361 368 1407 394 ἐπὶ
1422 368 1513 403 μόνοις
1526 367 1630 394 δέδοται
1644 368 1701 398 τοῖς
1715 367 1744 399 ἐξ
1757 366 1851 398 αὑτοῦ,

1056 415 1124 442 ἀλλὰ
1145 416 1192 441 καὶ
1215 415 1284 441 πᾶσι
1307 415 1363 446 τοῖς
1377 414 1423 441 διὰ
1435 414 1564 446 πίστεως.
1579 424 1588 440 ι
1609 413 1772 448 Ἐδικαιώθη
1797 412 1852 448 γὰρ

1055 461 1143 493 οὕτως
1172 461 1309 495 Ἀϐραάμ.
1336 460 1408 486 Ἀλλ’
1424 460 1485 487 οὐδὲ
1511 460 1558 486 τὸν
1583 459 1733 494 εὐνοῦχον
1760 459 1852 486 θεοσε-

1057 506 1155 534 ϐοὖντα
1172 506 1349 542 παραόλὰψει
1362 506 1392 533 τὸ
1408 505 1516 541 ἄγονον,
1533 506 1557 532 εί
1583 506 1630 534 καὶ
1649 506 1665 542 ἡ
1685 505 1852 532 πολυπαιδία

1056 552 1156 588 καιροῦ
1182 551 1330 584 καλοῦντος
1343 552 1372 578 ἐν
1395 552 1523 585 εὐλογίας
1548 552 1653 579 δέδοται
1675 552 1762 584 τάξει.
1778 551 1853 578 ’Δντὶ

1055 599 1105 634 τῆς
1121 596 1168 625 οὖν
1182 597 1362 629 πολυτεκνίας
1376 597 1487 624 δώσειν
1503 598 1596 629 αὐτοῖς
1608 597 1804 631 ἐπαγγέλλεται
1817 596 1852 624 ἐν

1056 645 1095 678 τῷ
1109 645 1190 678 οίιιῳ,
1209 644 1259 671 καί
1277 644 1312 671 ὲν
1330 643 1371 677 τῷ
1387 645 1479 679 τειχει
1498 644 1610 677 αὑτοῦ,
1626 644 1720 670 τόπον
1742 643 1852 678 ὀνομα-

1055 691 1146 719 στόν-
1163 691 1179 725 ῆ
1198 690 1270 717 κατὰ
1286 691 1349 722 τοὺς
1363 690 1475 723 λοιποὺς
1491 690 1679 726 ἑρμηνευτάς·
1696 689 1784 723 Χεῖρα
1800 689 1851 716 καί

1055 736 1280 772 ὄνομαβὰἰτιον
1291 736 1366 764 υἱῶν
1377 736 1427 763 καὶ
1442 736 1622 771 θυγατέρων.
1635 735 1688 763 Kal
1703 735 1798 770 ὄνομα
1810 735 1849 768 δὲ,

1061 785 1157 820 φησὶν,
1174 784 1297 811 αίώνιον
1310 783 1396 810 δώσω
1407 782 1509 816 αὐτοῖς
1527 782 1543 809 ὃ
1558 783 1614 810 οὐκ
1628 781 1827 817 ἐξαρθήσεται
1838 801 1845 814 ,

1055 831 1146 858 ὁποῖον
1175 829 1210 866 ἦν
1239 831 1271 857 τὸ
1298 830 1375 857 δοθὲν
1398 829 1509 861 Ἰακὼϐ,
1539 830 1588 856 καὶ
1616 829 1733 864 ποιῆσαν
1763 828 1846 855 αὐτὸν

207 875 278 902 alios
299 875 474 910 interpretes,
492 882 602 902 manum
618 879 642 901 et
659 882 753 901 nomen
776 873 841 907 ﬁliis
856 877 880 900 et
892 872 1000 907 ﬁliabus

1061 864 1338 911 Ἱσραὴλίᾶνθρωπον
1358 875 1460 910 θεωρὸν
1477 875 1556 903 Θεοῦ.
1575 875 1662 902 Τοῦτο
1676 875 1731 910 γὰρ
1746 874 1850 910 σημαὶ-

206 922 392 956 ριπδιαηιίιιι.
411 921 486 948 Dabo
498 928 562 948 vero
572 921 654 948 etiam
669 928 763 948 nomen
777 913 855 953 ipsis,
869 919 917 951 ait,
939 927 1000 954 per-

1054 930 1095 948 νει
1107 921 1136 947 τὸ
1151 921 1246 957 δνομα,
1262 921 1276 947 ὃ
1295 921 1341 947 καὶ
1352 921 1466 956 γέγονεν
1479 920 1573 957 ἔργον.

206 971 315 1000 petitum
337 968 407 1003 quod
427 975 479 994 non
501 967 651 1001 eripietur:
669 966 828 1002 cujusmodi
853 965 920 992 illud
934 964 997 998 fuit,
1017 967 1091 1001 quod
1105 966 1212 994 Jacobo
1235 967 1354 995 inditum
1369 967 1404 1000 “,
1426 967 1553 996 eumdem
1569 966 1709 999 lsraeiem,
1743 965 1770 993 id
1805 969 1849 994 est

208 1013 362 1042 divinitatis
378 1014 622 1049 contemplatorem
640 1021 738 1041 revera
756 1012 892 1049 praestitit.

243 1058 322 1092 Quod
338 1058 362 1086 si
377 1060 460 1086 etiam
486 1062 552 1086 sunt
572 1058 669 1094 aliqui,
684 1059 730 1094 qui
754 1066 795 1090 se,
821 1062 851 1086 ut
872 1057 1006 1086 Salvator

208 1105 332 1142 loquitur
344 1106 378 1138 δ’,
394 1110 507 1142 propter
518 1113 635 1141 regnum
648 1106 783 1133 coelorum
794 1106 979 1133 castraverint
994 1113 1002 1138 ;

208 1152 274 1187 quia
289 1151 382 1179 multae
413 1155 477 1179 sunt
492 1151 563 1187 apud
590 1151 699 1180 Patrem
716 1151 877 1179 mansiones
897 1151 931 1185 ⁵³,
946 1155 1001 1179 cst-

207 1206 262 1234 que
278 1198 346 1227 urbs
365 1198 412 1226 Dei
432 1198 553 1226 caelestis
581 1198 629 1226 illa
657 1197 810 1225 Jerusalem
828 1206 838 1231 ;
862 1202 890 1226 et
916 1198 1003 1225 locum

207 1244 291 1271 etiam
318 1243 358 1271 eis
388 1243 469 1277 inibi,
484 1243 557 1271 intra
575 1243 648 1271 urbis
668 1244 751 1278 hujus
773 1251 865 1271 muros
886 1244 1001 1271 concedi

207 1293 425 1318 consentaneum
445 1295 489 1318 est
507 1300 515 1318 :
532 1290 575 1318 vel
593 1291 622 1318 in
640 1291 698 1326 ipsa
716 1290 812 1323 etiam,
828 1298 889 1326 quae.
904 1291 931 1318 in
944 1295 1002 1318 ter-

206 1335 247 1364 ris
261 1341 314 1369 est,
331 1336 456 1364 Ecclesia
469 1345 478 1369 ;
503 1336 531 1363 in
550 1343 603 1372 qua
615 1336 755 1364 excellunt
768 1337 891 1372 puritate
907 1341 935 1364 et
950 1337 1002 1364 IIO-

209 1386 317 1410 nestate
331 1381 382 1410 viri
398 1381 438 1409 illi
461 1377 707 1417 percelebres,‘qui
737 1382 852 1418 gloriam
881 1383 961 1411 istam
978 1383 1005 1410 in

207 1427 326 1455 Domino
342 1435 487 1454 numerosa
504 1427 581 1462 prole
596 1427 736 1455 meliorem
757 1428 1005 1463 putant;ejusque.

208 1474 235 1500 id
247 1476 288 1500 est
303 1472 418 1505 Christi.
434 1472 554 1500 Sabbata
567 1480 644 1506 vera,
661 1480 716 1500 non
729 1474 860 1501 umbrosa
881 1473 927 1500 illa
954 1481 1001 1500 cu-

208 1518 338 1545 stodiunt.
356 1518 446 1553 Atque
466 1518 523 1545 haec
536 1518 647 1554 quidem
669 1518 716 1553 qui
735 1518 916 1551 fecerint,vel
935 1518 1001 1545 alie-

1091 1057 1122 1084 Εἰ
1134 1057 1162 1084 δὲ
1175 1058 1234 1091 καὶ,
1248 1057 1319 1084 κατὰ
1333 1057 1379 1084 τὸν
1391 1057 1471 1092 λόγον
1483 1056 1531 1084 τοῦ
1540 1056 1679 1092 Σωτῆρος,
1689 1057 1850 1093 εὐνούχισαν

1053 1105 1167 1136 ἑαυτοὺς
1182 1105 1226 1131 διὰ
1236 1104 1285 1140 τὴν
1303 1103 1446 1139 βασιλείαν
1459 1102 1514 1130 τῶν
1526 1102 1661 1138 οὐρανῶν,
1674 1103 1770 1139 ἐπειδὴ
1785 1104 1850 1131 πολ-

1052 1149 1097 1175 λαὶ
1115 1149 1195 1185 μοναὶ
1223 1149 1299 1185 παρὰ
1320 1148 1360 1183 τῷ
1378 1148 1499 1184 Πατέρι,
1521 1148 1570 1175 καὶ
1596 1147 1653 1174 ἔστι
1682 1148 1760 1180 πόλις
1779 1149 1848 1176 Θεοῦ

1058 1194 1261 1230 Ἰερουσαλὴμ
1284 1196 1446 1230 ἐπουράνιος
1460 1203 1468 1211 ·
1483 1193 1631 1221 ἀκόλουθον
1654 1194 1713 1221 ἐκεῖ
1728 1195 1848 1222 δίδοσθαι

1051 1242 1146 1269 τόπον
1162 1242 1255 1274 αὐτοῖς
1277 1241 1312 1269 ἐν
1331 1240 1372 1274 τῷ
1399 1242 1490 1276 τείχει
1514 1242 1617 1276 ταύτης
1633 1240 1687 1276 τῆς
1714 1242 1846 1274 πόλεως·

1051 1287 1136 1322 ἠγουν
1151 1287 1198 1313 καὶ
1216 1287 1266 1320 τῆς
1287 1286 1336 1313 ἐπὶ
1356 1286 1410 1320 γῆς
1443 1285 1621 1322 Ἐκκλησίας,
1647 1287 1675 1312 ὲν
1699 1284 1716 1324 ᾖ
1733 1286 1846 1321 διαπρέ-

1053 1341 1150 1360 πουσιν
1167 1332 1264 1367 ἄνδρες
1279 1332 1378 1367 ἁγνείᾳ
1396 1332 1442 1359 καὶ
1458 1331 1603 1367 σεμνότητι
1626 1331 1782 1368 σύντροφοι,
1799 1332 1847 1359 καὶ

1054 1378 1236 1410 πολυπαιδίας
1249 1378 1368 1414 κρείττω
1380 1378 1429 1414 τὴν
1441 1379 1489 1405 ἐπὶ
1501 1377 1608 1410 τούτοις
1619 1378 1647 1404 ὲν
1660 1378 1756 1413 Κυρίῳ
1768 1376 1847 1410 δόξαν

1055 1423 1204 1460 ἡγούμενοι
1213 1424 1258 1450 καὶ
1274 1423 1478 1458 φυλάττοντες
1491 1423 1529 1451 τὰ
1545 1424 1681 1452 Σάϐϐατα
1691 1423 1784 1457 αὐτοῦ,
1801 1423 1849 1459 δη-

1054 1470 1142 1497 λονότι
1160 1470 1290 1505 Χριστοῦ,
1314 1469 1400 1506 ωηῦῆ
1418 1470 1465 1497 καὶ
1487 1470 1518 1496 οὐ
1547 1469 1649 1505 σκιώδη
1665 1470 1844 1505 τυγγάνοπα.

1056 1516 1097 1543 Τὰ
1117 1516 1187 1543 αὐτὰ
1200 1516 1230 1543 δὲ
1253 1516 1424 1552 πράττοντας
1441 1516 1489 1543 καὶ
1514 1515 1587 1549 τοὺς
1598 1515 1774 1551 (11.10791874-
1782 1517 1846 1543 εἰσ-

207 1564 315 1599 nigenas
329 1563 495 1592 exsistentes
514 1564 541 1591 in
556 1568 670 1591 montem
685 1569 807 1592 sanctum
830 1572 908 1592 suum
922 1565 1001 1592 indu.

1056 1563 1139 1595 ἀξειν
1164 1563 1209 1596 εὶς
1239 1561 1308 1596 ὄρος
1330 1561 1418 1596 ἅγιον
1440 1561 1534 1589 αὐτοῦ
1558 1561 1770 1596 ἐπαγγέλλεται,
1797 1562 1847 1589 δέ-

209 1614 313 1636 cturum
331 1617 360 1637 se
388 1609 543 1637 denuntiat.
562 1609 742 1645 Victimasque
759 1610 793 1638 ab
821 1610 872 1643 eis,
889 1618 1001 1646 precum

207 1654 335 1682 videlicet
347 1659 375 1681 et
387 1654 477 1682 laudis
494 1663 501 1688 ;
523 1658 570 1682 aut
591 1655 674 1682 etiam
690 1662 850 1691 corporeas,
866 1655 888 1683 si
905 1655 940 1683 de
959 1656 1002 1684 liis

210 1708 302 1728 sermo
319 1701 365 1733 sit,
380 1708 441 1736 quae
461 1705 526 1729 ante
543 1701 692 1728 adventum
709 1701 906 1735 oderebantur,
926 1709 1002 1729 arce-

208 1750 328 1780 pturum.
348 1745 446 1773 Patere
459 1746 532 1774 enim
547 1746 655 1774 domum
682 1755 760 1774 suam
777 1747 897 1783 gentibus
915 1748 1002 1775 omni-

210 1793 257 1818 bus
271 1799 281 1819 :
292 1797 320 1819 ut
335 1792 523 1821 lsraelitarum
537 1793 639 1821 fastum
651 1794 795 1829 reprimat,
809 1794 856 1830 qui
874 1794 1003 1830 gentibus

209 1837 387 1870 insultantes,
403 1842 508 1872 portent
528 1846 558 1867 se
572 1843 600 1867 et
616 1844 715 1867 sortem
733 1839 791 1873 Dei,
814 1840 1003 1875 populumque

209 1887 336 1911 sanctum
349 1883 489 1919 appellare
511 1891 565 1912 non
582 1884 751 1912 verebantur
771 1893 779 1918 ;
796 1885 852 1912 imo
864 1889 891 1912 et
907 1885 1002 1913 beatos

210 1928 273 1956 ideo
295 1929 458 1964 praedicare,
474 1931 547 1965 quod
563 1930 615 1957 sibi
631 1938 691 1966 quae
716 1930 771 1958 Deo
789 1930 939 1966 placerent,
956 1938 1004 1959 co-

208 1974 284 2010 gnita
296 1978 400 2002 essent.
413 1974 466 2002 Sed
479 1975 539 2003 vide
550 1975 672 2011 jam;qui
685 1976 827 2011 prioribus
837 1977 1002 2012 antiquatis,

209 2022 330 2048 recentia
346 2021 437 2048 omnia
462 2021 611 2048 evaserint.
626 2021 709 2049 Cavet
725 2022 799 2049 enim
824 2023 867 2050 lex
892 2023 1004 2050 Ammo-

210 2067 284 2093 nitas
299 2071 326 2093 et
343 2066 478 2094 llioabitas
495 2066 647 2094 Ecclesium
666 2067 776 2095 Domini
795 2068 901 2103 ingredi
916 2076 924 2101 ;
938 2076 1001 2096 cum

210 2110 339 2139 Christus
355 2119 445 2139 omnes
461 2112 488 2139 in
504 2117 628 2139 sanctam
644 2111 798 2140 Ecclesiam
816 2113 921 2149 “,quas
939 2122 1003 2141 san-

211 2157 246 2183 cti
262 2157 361 2183 montis
372 2158 482 2184 nomine
497 2157 681 2193 signiﬁcatur,
692 2157 863 2185 inducturum
881 2166 910 2187 se
924 2159 1002 2194 polli-

211 2197 307 2230 cEatur
324 2211 331 2229 :
348 2203 376 2230 in
405 2210 486 2238 quam
507 2204 554 2238 qui
577 2203 767 2237 admittentur,
782 2205 906 2240 ejusdem
922 2206 1003 2234 (Ionis

1055 1608 1161 1641 ξεσθαί
1172 1616 1202 1634 τε
1221 1608 1287 1644 παρ’
1304 1607 1395 1635 αὐτῶν
1408 1607 1528 1640 θυσίας.
1537 1607 1637 1643 δηλαδὴ
1650 1607 1700 1640 τὰς
1710 1607 1744 1634 δι’
1760 1608 1848 1643 εὺχῶν

1054 1655 1102 1682 καὶ
1116 1654 1258 1687 αἰνέσεως,
1271 1654 1288 1689 ἢ
1302 1654 1349 1681 καὶ
1364 1654 1413 1685 τὰς
1427 1653 1597 1689 σωματικὰς,
1611 1654 1635 1680 εί
1651 1653 1781 1689 περὶτῶν
1795 1654 1849 1689 πρὸ

1053 1702 1104 1738 τῆς
1119 1701 1273 1738 παρουσίας
1291 1701 1306 1727 ὁ
1320 1700 1409 1735 λόγος.
1432 1700 1487 1727 Τὸν
1501 1700 1555 1736 γὰρ
1576 1698 1661 1727 οἷκον
1677 1699 1771 1727 αὑτοῦ
1792 1699 1849 1728 πᾶά

1054 1756 1107 1775 σιν
1112 1747 1259 1782 ἀνεῷχθαι
1270 1747 1333 1780 τοῖς
1343 1747 1475 1780 ἔθνεσιν,
1484 1747 1538 1774 τῶν
1549 1746 1578 1779 ἐξ
1586 1746 1694 1782 Ἰσραὴλ
1702 1746 1849 1781 διελέγχων

1054 1794 1101 1821 τὸν
1115 1794 1211 1829 τύφον,
1229 1793 1254 1820 οἳ
1283 1792 1451 1828 κατεφύοντο
1478 1793 1533 1820 τῶν
1548 1792 1717 1827 ἀλλογενῶν,
1741 1793 1849 1827 μερίδα

1054 1842 1102 1868 καὶ
1117 1841 1236 1876 κλῆρον
1249 1840 1330 1874 Θεοῦ,
1347 1840 1396 1868 καὶ
1410 1840 1474 1868 λαδν
1505 1841 1583 1875 ἅγιον
1607 1840 1723 1872 ἑαυτοὺς
1745 1840 1848 1875 ὀνομά-

1054 1887 1159 1919 ζοντες,
1174 1887 1222 1914 καὶ
1236 1887 1377 1921 λέγοντες·
1394 1896 1404 1912 ι
1416 1887 1554 1923 Μακάριοι
1570 1887 1654 1922 ἐσμὲν
1673 1887 1792 1922 Ἰσραὴλ,
1807 1888 1849 1915 ὅτι

1053 1935 1088 1961 τὰ
1096 1934 1199 1970 ἀρεστὰ
1211 1934 1306 1970 Κυρίῳ
1321 1933 1430 1968 γνωστὰ
1452 1934 1518 1969 ἡμῖν
1530 1934 1632 1961 ἐστιν.»
1651 1934 1705 1960 Καὶ
1719 1934 1771 1970 ὅρα
1789 1934 1849 1966 πῶς

1054 1979 1178 2015 παρῆλθε
1194 1980 1228 2006 τὰ
1245 1981 1356 2015 ἀρχαῖα,
1369 1980 1416 2007 καὶ
1432 1980 1528 2014 γέγονε
1543 1979 1632 2006 πάντα
1644 1980 1736 2006 καινά.
1754 1980 1783 2006 Ὁ
1799 1981 1849 2016 μὲν

1053 2027 1108 2063 γὰρ
1129 2026 1212 2062 νόμος
1227 2027 1310 2062 φησίν
1321 2035 1327 2042 ·
1345 2026 1402 2054 Οὐκ
1420 2026 1604 2054 είσελεύσεται
1618 2026 1787 2062 ’Λμμανίτης
1800 2028 1850 2053 καὶ

1053 2074 1204 2109 Μωαϐιτης
1230 2074 1272 2105 εἰς
1295 2073 1460 2107 Ἐκκλησίαν
1491 2073 1605 2108 Κυρίου.
1624 2073 1654 2099 ’0
1682 2073 1711 2100 δὲ
1731 2073 1849 2108 Χριστὸς

1054 2119 1171 2153 ,πάντας
1184 2119 1323 2152 εἰσάξειν
1339 2121 1380 2151 είς
1396 2119 1447 2155 τὴν
1472 2119 1552 2154 ἁγίαν
1567 2118 1733 2154 Ἐκκλησίαν
1759 2120 1849 2153 ἐπαγ-

1054 2166 1191 2201 γέλλεται.
1211 2165 1285 2202 Αὐτὴ
1303 2165 1358 2202 γὰρ
1372 2166 1441 2200 ὅρος
1454 2167 1488 2192 τὸ
1513 2165 1609 2200 ἅγιον.
1627 2165 1674 2196 Εἰς
1697 2165 1731 2200 ἣν
1757 2165 1849 2191 εἰσελ-

1055 2213 1149 2245 θόντες
1163 2213 1220 2244 τοῖς
1233 2212 1263 2246 ἐξ
1276 2212 1360 2239 αὐτοῦ
1373 2212 1542 2248 χαρίσμασιν
1556 2211 1787 2246 ἐνευφραίνονται.
1805 2211 1850 2242 Ὧς

210 2249 434 2276 oblectabuntur.
452 2249 564 2283 Deinde,
581 2255 714 2287 tanquam
728 2260 743 2278 ιι
758 2253 825 2288 legis
840 2253 915 2280 cultu
930 2253 1000 2281 facta

1056 2259 1083 2285 δὲ
1111 2260 1144 2286 ἐκ
1174 2258 1398 2295 παραδείγματος
1429 2258 1478 2294 τῆς
1504 2257 1573 2285 κατὰ
1599 2257 1682 2292 νόμον
1707 2256 1848 2292 λατρείας,

210 2295 459 2332 demonstratione,
474 2301 595 2332 acceptas
606 2306 699 2326 eorum
716 2298 773 2334 fore
785 2300 907 2326 victimas
921 2299 1001 2328 dicit.

210 2341 407 2370 Percommode
431 2343 457 2371 id
474 2344 597 2379 quidem,
613 2353 675 2373 cum
700 2346 755 2373 sint
777 2347 858 2374 veluti
879 2347 1002 2382 quasdam

210 2388 377 2421 holocausta,
392 2393 528 2424 quotquot
554 2397 584 2418 se
611 2395 684 2419 totos
705 2391 759 2419 Deo
786 2397 1003 2421 consecrarunt:

211 2435 303 2462 caeteri
322 2440 413 2463 autem
429 2435 568 2471 quaedam,
581 2444 642 2472 quae
659 2445 692 2465 ex
710 2441 786 2472 parte
812 2442 918 2465 tantum
941 2446 1005 2466 cre-

211 2486 334 2514 mantur,
346 2482 484 2516 victimm;
499 2483 595 2518 quales
611 2483 628 2510 ii
643 2488 718 2516 sunt,
730 2480 812 2520 640
836 2485 884 2520 qui
905 2485 999 2512 matri-

211 2527 334 2555 monium
355 2527 485 2563 amplexi,
501 2529 586 2556 vitam
610 2528 666 2557 Deo
682 2530 765 2557 simul
788 2535 815 2558 et
833 2530 935 2558 mundo
950 2530 1000 2567 tri-

211 2572 310 2600 buunt.

247 2618 282 2646 At
303 2626 369 2646 vero
384 2627 439 2646 non
457 2618 578 2654 gentibus
593 2619 681 2648 solum
697 2626 858 2650 mansuetus
892 2621 1003 2649 futurus

211 2667 253 2692 est
266 2663 405 2692 Salvator.
418 2664 593 2702 Congregabit
604 2667 688 2700 enim,
698 2667 797 2703 inquit,
811 2669 893 2696 etiam
903 2669 1002 2703 disper-

1052 2305 1158 2338 δεκτὰς
1169 2304 1270 2332 αὐτῶν
1280 2305 1338 2339 ἔφη
1351 2304 1489 2339 γίνεσθαι
1501 2303 1555 2337 τὰς
1565 2303 1684 2336 θυσίας.
1696 2302 1851 2337 ’Λναλόγως

1052 2352 1117 2388 γὰρ,
1134 2351 1188 2378 τῶν
1204 2351 1255 2387 μὲν
1275 2349 1558 2385 ὁλοκαυτουμένων,
1570 2350 1628 2377 ὅσοι
1644 2349 1678 2376 δι’
1698 2349 1768 2376 ὅλων
1783 2349 1850 2375 ἑαυι

1052 2398 1107 2424 τῶν
1121 2397 1306 2434 καθιέρωνται
1316 2397 1355 2432 τῷ
1373 2396 1448 2432 Θεῷ·
1466 2396 1520 2423 τῶν
1535 2395 1564 2423 δὲ
1583 2397 1614 2423 ὲκ
1633 2396 1744 2432 μέρους,
1770 2395 1851 2422 ὁποία

1053 2444 1108 2472 τῶν
1128 2445 1158 2471 ἐν
1184 2443 1282 2480 Κυρίῳ
1298 2443 1503 2479 γεγαμηκότων
1523 2443 1541 2479 ἡ
1568 2442 1637 2478 ζωὴ,
1657 2442 1850 2479 μεμερισμένη

1053 2492 1113 2528 Θεῷ
1121 2501 1150 2519 τε
1159 2492 1207 2519 καὶ
1222 2492 1329 2528 κόσμῳ.

1092 2622 1166 2657 Πλὴν
1190 2622 1221 2649 οὺ
1241 2619 1334 2658 μόνοις
1347 2620 1454 2659 ἥμερος
1470 2624 1528 2656 τοῖς
1546 2619 1576 2657 ἐξ
1589 2623 1684 2651 ἐθνῶν
1703 2623 1717 2651 ὀ
1741 2622 1849 2659 Σωτήρ.

1055 2668 1184 2703 Συνάξει
1193 2669 1340 2706 Tamque-1,
1349 2669 1466 2702 καὶτοὺς
1472 2669 1849 2705 διεσπαρμένους-Ἰσραήλ.

247 2743 271 2759 ⁸⁰
289 2741 369 2771 Rom.
389 2752 427 2776 Ix,
443 2744 470 2778 6,
486 2745 511 2773 7.
549 2747 571 2763 ⁸¹
588 2746 655 2776 Gen.
673 2755 754 2781 xxxv,
772 2748 815 2775 10.
854 2749 877 2764 "
891 2748 1002 2777 Mattlm

1066 2749 1110 2777 12.
1149 2749 1329 2784 “Joan.xtv,
1345 2749 1370 2776 2.
1413 2750 1524 2778 “Deut.
1537 2758 1616 2783 χχιιι,
1637 2749 1664 2778 ὅ.

841 2804 958 2832 VARl/E
976 2805 1179 2836 LECTIUNES.

248 2847 262 2868 δ
277 2856 322 2883 7p.
342 2848 407 2876 είσί.
